4116 6216
358 255 467 319 603

1325 259 1898 323 THEOPHYLACTI
1941 255 2345 319 BULGARl-E
2383 257 2733 318 ARCHIEP.

3524 253 3633 317 604

363 370 627 426 nefariam
652 371 875 435 czedcm,
897 386 1001 439 qua
1020 385 1080 426 se
1100 373 1484 439 cruentabant,
1508 390 1617 429 non
1647 374 1935 440 timebant,

2047 372 2221 441 μένων
2262 369 2563 440 βλάψωσιν.
2604 371 2719 422 Οὐκ
2749 364 2905 422 εἷπον
2938 366 3019 433 δὲ,
3059 362 3143 420 ὅτι
3184 364 3359 428 λαλεῖ,
3399 366 3542 430 ἀλλ’,
3567 367 3629 420 οὐ

362 462 458 519 sed
492 463 949 517 existimationem
987 456 1272 518 hominum
1303 466 1696 536 respiciebant.
1729 467 1805 521 Ac
1835 466 1938 520 fal-

371 567 466 609 sos
503 563 666 609 teates
697 551 806 622 59
833 551 1227 622 perduxerunt,
1277 556 1372 624 qui
1411 557 1676 613 dicereut.
1725 556 1940 627 Ubique

367 644 561 701 falsum
613 643 990 697 testimonium
1031 645 1356 702 intentatur.
1390 642 1509 704 Non
1540 651 1686 704 enim
1731 650 1942 716 simpli-

365 739 508 791 citer
551 735 806 790 volebant
854 735 1163 793 interficere
1188 781 1204 804 ,
1267 741 1363 795 sed
1402 741 1508 795 lata
1542 743 1846 797 sententia:
1882 749 1941 796 ut

363 828 530 883 etiam
553 826 1033 894 existimationem,
1062 837 1121 882 ut
1152 831 1433 897 rebantur,
1455 833 1942 898 lmdcrcnteornm,

364 914 457 986 qui
483 914 947 970 interficerentur.
982 917 1100 972 Non
1132 920 1388 974 dicebant
1428 929 1610 976 autem
1645 940 1659 975 :
1694 921 1942 991 profert:

366 1006 487 1067 sed,
539 1020 651 1060 non
686 1006 893 1061 desinit
944 1008 1203 1077 perferre.
1257 1012 1581 1066 Audivimus
1620 1013 1765 1065 enim
1823 1027 1945 1067 eum

366 1095 673 1150 dicentem:
704 1093 865 1152 Jesus
913 1097 1250 1156 Nazarenus.
1304 1102 1737 1166 Coutumeliose,
1774 1101 1947 1156 Naza-

365 1201 555 1251 rcnus,
586 1185 1134 1256 inquit,demolietnr
1167 1191 1314 1245 hunc
1342 1192 1547 1245 locum.
1581 1190 1693 1245 lloc
1723 1193 1848 1245 item
1875 1192 1945 1248 de

364 1275 590 1331 Christo
623 1277 913 1334 dicebant:
940 1282 1030 1351 qui
1053 1283 1291 1337 destruis
1316 1282 1572 1352 templum
1608 1282 1732 1336 hor.
1768 1281 1941 1336 Maxi-

368 1372 454 1422 me
484 1366 626 1423 enim
650 1370 853 1440 templo
885 1372 1226 1427 metuebant.
1266 1372 1359 1426 Est
1405 1382 1589 1428 autem
1636 1374 1843 1429 crimen
1877 1390 1941 1429 ac

367 1458 693 1529 disceptatio
718 1460 914 1531 duplex
942 1479 959 1517 :
990 1478 1059 1517 an
1095 1473 1408 1519 mutaturus
1430 1464 1503 1518 sit
1532 1466 1671 1518 ritus
1701 1478 1754 1519 et
1784 1467 1943 1521 insli-

370 1559 482 1605 tuta
504 1591 520 1615 ,
553 1560 607 1607 et
633 1543 737 1606 alia
767 1569 865 1623 pro
895 1554 962 1610 iis
989 1555 1343 1610 iasﬁtuturus
1388 1565 1442 1610 et
1474 1557 1917 1613 introducturus.

2040 462 2269 516 παύεται
2296 462 2492 515 λαλῶν.
2530 461 2877 532 Ἀκηκόαμεν
2903 457 3013 531 γὰρ
3043 457 3210 512 αὐτοῦ
3240 456 3513 525 λέγοντος,
3542 459 3625 510 ὅτι

2048 552 2256 618 Ἰησοῦς
2297 554 2325 605 ὁ
2367 551 2707 623 Ναζωραῖος.
2745 548 3225 613 Ὀνειδιστικῶ;,ὀ
3265 547 3628 618 Ναζωραῖος.

2040 644 2210 714 φησὶ,
2246 643 2536 698 καταλύσει
2574 643 2665 697 τὸν
2697 644 2863 697 τόπον
2901 640 3113 696 τοῦτον.
3151 638 3323 694 Τοῦτο
3363 642 3459 693 καὶ
3502 640 3633 708 περὶ

2040 738 2136 791 τοῦ
2178 738 2418 803 Χριστοῦ
2458 738 2681 805 ἔλεγον·
2723 739 2751 790 ὁ
2790 734 3076 791 καταλύων
3113 733 3207 787 τδν
3247 733 3375 786 ναὸν
3415 731 3629 785 τοῦτον.

2045 829 2218 900 Πολλὴ
2247 832 2355 900 γὰρ
2382 825 2448 900 ἦν
2481 830 2664 892 αὐτοῖς
2694 829 2951 883 εὐλάϐεια
2980 827 3111 894 περὶ
3140 825 3236 878 τοῦ
3267 823 3422 877 ναοῦ.
3456 824 3630 894 Διπλῆ

2041 916 2097 970 δὲ
2138 920 2170 988 ἡ
2215 917 2553 989 κατηγορία·
2590 920 2638 971 el
2660 918 2878 984 ἀλλάξει
2908 916 2979 969 τὰ
3016 916 3135 985 ἔθη,
3170 916 3263 967 καὶ
3301 913 3469 984 ἔτερα
3506 912 3636 965 ἀντ·

2043 1010 2266 1074 εισάξει.
2302 1010 2675 1074 ’Δτενίσαντες
2705 1010 2761 1063 δὲ
2825 1010 2905 1072 εἰς
2938 1007 3101 1063 αὐτὸν
3157 1007 3355 1070 πάντες
3389 1007 3436 1058 ol
3471 1006 3530 1056 ὲν
3556 1003 3635 1074 τῷ

2047 1101 2310 1172 συνεδρίῳ
2329 1140 2343 1164 ,
2379 1097 2518 1154 εἶδον
2550 1102 2611 1154 τὸ
2644 1100 2939 1171 πρόσωπον
2972 1096 3140 1153 αὐτοῦ
3171 1097 3307 1150 ὡσεὶ
3340 1096 3635 1168 πρόσωπον

2049 1192 2302 1260 ἀγγέλου.
2347 1193 2636 1263 Ἐπίχαριν
2670 1192 2927 1262 ἐποίησεν
2959 1190 3124 1244 αὐτὸν
3157 1191 3183 1243 ὁ
3218 1188 3373 1251 Θεός.
3416 1187 3633 1256 Ἐπειδὴ

2043 1287 2151 1354 γὰρ
2186 1285 2379 1354 ἐμελλέ
2408 1302 2529 1338 τινα
2563 1288 2730 1355 ἐρεῖν,
2764 1286 2853 1338 ἴνα
2867 1285 3071 1347 εὐθέως
3090 1286 3156 1354 τῇ
3179 1280 3443 1353 προσόψει
3464 1297 3635 1334 κατα-

2045 1376 2222 1448 πλήξῃ
2280 1378 2499 1443 αὐτοὺς,
2526 1378 2774 1445 ἐδόξασεν
2826 1376 2993 1431 αὑτοῦ
3033 1376 3094 1429 τδ
3136 1375 3450 1446 πρόσωπον.
3476 1372 3634 1425 Ἐστι

2043 1468 2154 1538 γὰρ
2198 1470 2295 1523 καὶ
2345 1470 2614 1539 πρόσωπα
2660 1470 2881 1541 χάριτος
2927 1469 3168 1539 γέμοντα
3217 1466 3632 1537 πνευματικῆς,

2034 1562 2313 1633 ἑπέραστα
2337 1566 2449 1626 τοῖς
2478 1562 2737 1617 ποθοῦσιν
2760 1605 2778 1629 ,
2812 1563 3070 1632 αιδὲσιμα
3099 1561 3158 1615 δὲ
3182 1563 3296 1621 τοῖς
3324 1559 3565 1631 ἐχθροῖς.

367 1637 648 1698 lntuentes
695 1654 875 1698 autem
901 1659 1026 1700 eum
1059 1659 1274 1708 omnes,
1348 1646 1440 1714 qui
1514 1647 1781 1710 sedebant
1857 1649 1912 1702 in
1956 1652 2211 1719 concilio,
2244 1654 2500 1708 viderunt
2525 1654 2717 1709 faciem
2746 1655 2864 1724 ejus
2892 1662 3151 1723 tanquam
3205 1652 3400 1706 faciem
3430 1651 3632 1720 angeli-

367 1728 667 1789 Venustum
693 1744 748 1790 et
776 1736 1061 1790 amabilem
1095 1736 1245 1790 illum
1301 1737 1444 1794 Deus
1476 1737 1753 1793 effecerat.
1789 1738 2059 1805 Quoniam
2087 1743 2234 1796 enim
2268 1746 2534 1799 nonnulla
2602 1744 2857 1800 dicturus
2902 1755 3044 1806 erat,
3093 1754 3153 1798 ut
3228 1744 3416 1798 statim
3512 1744 3633 1811 ipso

367 1836 589 1897 aspectu
621 1827 1073 1896 perterrefaceret
1101 1830 1221 1895 eos,
1248 1831 1545 1886 illustravit
1606 1832 1728 1900 ejus
1790 1832 2010 1890 faciem.
2050 1833 2189 1890 Sunt
2232 1837 2376 1891 enim
2423 1840 2588 1893 etiam
2633 1839 2818 1892 vultus
2884 1838 3191 1909 spiritualis
3225 1837 3414 1907 gratia:
3465 1836 3626 1907 pleni,

368 1918 629 1972 amabiles
659 1918 1015 1989 ddigentibus
1038 1929 1093 1975 et
1124 1923 1408 1978 reverendi
1440 1922 1703 1979 inimicis.

962 2015 1192 2073 CAPUT
1223 2016 1334 2073 VII.

439 2102 606 2164 Vens.
641 2108 693 2162 1.
729 2104 984 2179 Pontifex
1008 2118 1181 2165 autem
1214 2110 1353 2165 dixit
1373 2125 1394 2166 .°
1424 2110 1505 2167 An
1533 2112 1712 2184 utique
1742 2111 1852 2169 luet:
1867 2113 1945 2167 ita

364 2202 487 2248 sunt
510 2195 537 2249 ξ’

440 2282 607 2342 Vens.
635 2285 693 2339 2.
720 2285 790 2339 At
816 2285 905 2341 ille
938 2286 1075 2343 dixit
1096 2304 1115 2343 :
1145 2288 1256 2344 Viri
1301 2288 1500 2359 fratres
1529 2298 1580 2346 et
1606 2298 1808 2359 patres,
1853 2307 1950 2344 au-

366 2373 508 2431 dite:
535 2375 672 2432 Deus
695 2378 959 2449 gloriosus
981 2382 1232 2449 apparuit
1252 2383 1396 2451 patri
1448 2392 1628 2438 nostro
1647 2383 1949 2437 Abrahamo

368 2484 487 2524 cum
511 2479 647 2525 esset
693 2472 750 2525 in
800 2470 1213 2542 Mesopotamia,
1246 2483 1534 2545 antequam
1580 2474 1850 2530 habitaret
1893 2475 1948 2528 in

368 2560 637 2616 Charrau.

440 2650 600 2707 Vsus.
626 2654 678 2709 3.
697 2654 768 2709 Ac
795 2656 933 2710 dixit
961 2657 1031 2710 ad
1055 2674 1174 2712 eum
1197 2671 1216 2712 :
1243 2655 1496 2730 Relinque
1523 2659 1755 2727 patriam
1779 2670 1947 2724 tuam,

366 2751 419 2799 et
466 2755 721 2815 cognatos
764 2756 909 2811 tuos,
957 2765 1022 2803 ac
1065 2754 1181 2803 veni
1224 2750 1280 2804 in
1316 2751 1602 2822 regionem,
1649 2768 1808 2822 quam
1855 2751 1950 2805 tibi

368 2835 664 2890 ostendam.

444 2924 607 2982 Vens.
639 2927 692 2982 4.
741 2927 889 3003 Tunc
931 2947 1170 2999 egressus
1204 2931 1270 2985 de
1306 2933 1513 3003 regione
1555 2932 1948 3000 Chaldaeorum,

368 3017 629 3073 habitavit
653 3020 707 3073 in
736 2997 1003 3076 Charran.
1045 3024 1213 3091 Atque
1244 2997 1416 3085 illine,
1445 3022 1537 3075 ubi
1575 3033 1816 3078 mortuus
1833 2997 1951 3078 erat

367 3110 483 3179 ejus
509 3120 682 3178 pater,
703 3111 944 3166 traduxit
971 3128 1092 3167 eum
1122 3114 1176 3167 in
1203 3114 1340 3167 hanc
1373 3114 1656 3183 regionem,
1677 3132 1839 3186 quam
1861 3132 1949 3171 uos

369 3216 511 3255 nunc
546 3201 806 3257 incolitis.

443 3289 613 3347 Vens.
646 3291 700 3348 5.
749 3292 817 3346 Et
846 3310 950 3347 non
983 3293 1130 3348 dedit
1172 3297 1219 3349 ei
1248 3296 1301 3349 in
1336 3295 1434 3349 illa
1460 3258 1584 3366 jure
1606 3297 1949 3353 hareditario

2669 2018 2920 2075 KEPAA.
2963 2019 3040 2072 Z'.

2114 2108 2261 2168 Εἶπε
2287 2112 2357 2167 δὲ
2382 2115 2415 2167 ὁ
2439 2112 2781 2181 ἀρχιερεύς·
2812 2114 2881 2165 El
2909 2111 3023 2179 ἄρα
3049 2109 3236 2164 ταῦτα
3260 2109 3448 2175 οὕτως
3476 2110 3635 2179 ἔχεις

2130 2287 2194 2341 '0
2222 2287 2289 2341 δὲ
2316 2287 2430 2357 ἔφη
2449 2285 2729 2355 ’Ἄνδρες
2757 2285 3007 2354 ἀδελφοὶ
3035 2284 3132 2338 καὶ
3164 2282 3437 2352 πατέρες,
3455 2282 3637 2336 ἀκού-

2052 2395 2222 2433 σατε·
2260 2383 2292 2434 ό
2333 2372 2479 2445 Θεὸς
2514 2377 2624 2445 τῆς
2666 2376 2854 2444 δόξης
2894 2376 3062 2445 ὤφθη
3127 2374 3207 2441 τῷ
3244 2375 3427 2442 Πατρὶ
3473 2372 3641 2441 ἡμῶν

2064 2472 2309 2540 Ἀϐραὰμ
2343 2471 2473 2525 ὄντι
2504 2469 2577 2525 ἐν
2602 2468 2677 2537 τῇ
2706 2471 3157 2538 Μεσοποταμίᾳ,
3191 2470 3337 2536 πρὶν
3364 2468 3401 2535 ἦ
3433 2483 3635 2519 κατοι-

2050 2563 2235 2633 κῆσαι
2261 2562 2447 2618 αὐτὸν
2474 2562 2544 2616 ἐν
2574 2560 2834 2629 Χαρράν.

2121 2655 2237 2710 Kal.
2260 2651 2392 2708 εἷπε
2422 2652 2569 2721 πρὸς
2598 2652 2787 2706 αὐτόν
2804 2668 2817 2681 ·
2840 2650 3090 2716 Ἔξελθε
3121 2651 3188 2704 ἐκ
3214 2649 3325 2718 τῆς
3353 2650 3464 2720 γῆς
3495 2667 3635 2717 σου,

2051 2747 2152 2800 καὶ
2185 2745 2295 2814 τῆς
2330 2743 2688 2815 συγγενείας
2727 2759 2872 2809 σου,
2910 2743 3009 2797 καὶ
3046 2742 3224 2811 δεῦρο
3255 2745 3343 2809 εὶς
3375 2741 3494 2812 γῆν
3558 2743 3638 2811 ἢν

2050 2837 2127 2893 ἄν
2154 2853 2255 2892 σοι
2284 2836 2486 2901 δείξω.

2128 2929 2265 2984 Τότε
2313 2929 2579 2995 ἐξελθὼν
2622 2931 2693 2985 ἐκ
2736 2928 2844 3000 γῆς
2871 2929 3213 2995 Χαλδαίων,
3264 2926 3506 2993 ᾤκησεν
3548 2928 3636 2991 εις

2050 3021 2370 3091 Χαρῤάν⁷⁶.
2412 3020 2727 3087 Κάκεῖθεν,
2737 3022 2888 3089 μετὰ
2923 3019 2988 3074 τὸ
3025 3017 3356 3074 ἀποθανεῖν
3386 3018 3493 3070 τὸν
3525 3034 3634 3069 nu-

2049 3111 2191 3179 τέρα
2231 3112 2442 3176 αὐτοῦ,
2485 3110 2842 3181 μετῴκησεν
2883 3113 2969 3177 είς
3013 3110 3127 3179 τὴν
3163 3108 3283 3180 γῆν
3321 3110 3548 3177 ταύτην
3571 3109 3634 3172 ⁷⁷,

2048 3205 2137 3270 εἰς
2170 3202 2250 3270 ῆν
2277 3203 2448 3273 ὑμεῖς
2479 3203 2599 3257 νῦν
2621 3202 2966 3257 κατοικεῖτε.

2124 3296 2231 3349 Kal
2275 3298 2387 3349 οὐκ
2432 3293 2659 3347 ἔδωκεν
2700 3292 2860 3358 αὐτῷ
2903 3293 3313 3362 κληρονομίαν
3348 3291 3418 3345 ἐν
3457 3289 3631 3357 αὐτῇ,

369 3382 773 3450 possessionem,
803 3400 898 3439 nec
937 3384 1025 3439 ubi
1046 3384 1192 3453 pedis
1227 3385 1255 3427 ἀ
1287 3386 1497 3455 quidem
1548 3388 1820 3458 vestigium
1847 3405 1944 3456 po-

2047 3384 2188 3439 οὑδὲ
2209 3385 2385 3455 ,ϐῆμα
2429 3384 2616 3451 ποδός
2640 3402 2654 3417 ο
2686 3384 2782 3439 καὶ
2812 3384 3208 3454 ἐπηγγείλατο
3233 3383 3444 3438 δοῦναι
3474 3381 3638 3445 αὐτῷ

372 3481 537 3538 neret,
570 3490 633 3528 ac
673 3476 945 3544 pollicitus
976 3488 1056 3533 est
1097 3496 1151 3534 se
1169 3480 1324 3535 illam
1368 3483 1415 3536 ei
1460 3485 1788 3553 posterisque
1830 3483 1946 3553 ejus

372 3563 714 3619 obtinendum
744 3577 865 3637 post
887 3568 1040 3624 illum
1075 3587 1188 3626 esse
1218 3571 1498 3652 daturum,
1526 3591 1645 3628 cum
1670 3576 1900 3630 sobolem
1921 3587 1963 3615 ον

373 3671 477 3709 non
501 3655 736 3714 haberet.

450 3744 611 3802 Vens.
638 3746 692 3802 ϐ.
724 3746 955 3805 Locutus
976 3758 1054 3806 est
1086 3761 1261 3806 autem
1287 3754 1365 3807 ita
1401 3752 1563 3819 Deus,
1602 3754 1739 3822 fore.
1774 3767 1828 3808 ut
1851 3771 1947 3825 po-

371 3836 635 3906 steriejns
670 3838 917 3905 inquilini
948 3848 1120 3893 essent
1171 3840 1227 3893 in
1277 3842 1484 3910 regione
1530 3842 1743 3901 aliena.
1794 3840 1944 3894 etab

372 3926 680 4000 alienigenis
712 3931 769 3984 in
813 3935 1117 3985 servitutem
1168 3929 1527 4002 redigerentur
1595 3948 1659 3985 ac
1703 3931 1947 3985 tradendi

372 4027 565 4087 essent,
621 4020 1074 4091 incommodisque
1120 4031 1169 4076 et
1216 4022 1431 4092 injuriis
1469 4021 1725 4091 afﬁciendi
1777 4037 1945 4076 annos

370 4111 808 4179 quadringentos.

450 4199 612 4256 Vsus.
650 4203 703 4257 7.
727 4204 804 4257 Ac
838 4205 892 4257 in
928 4205 1194 4259 nationem
1219 4203 1324 4277 :cui
1348 4205 1643 4268 servierint,
1686 4221 1779 4276 ego
1816 4204 1947 4258 ani-

373 4291 700 4347 madcertam
737 4293 781 4358 ί,
805 4294 941 4348 dixit
967 4291 1130 4349 Deus.

443 4379 520 4435 Ilii
556 4381 824 4448 facinora,
859 4385 1057 4457 quibus
1099 4384 1283 4441 divina
1319 4385 1575 4455 majestas
1631 4383 1947 4447 lzedebatur,

371 4475 659 4530 admittere
700 4491 813 4531 non
866 4479 1136 4534 curabant
1194 4495 1209 4532 :
1264 4487 1321 4534 et.
1377 4479 1508 4534 huic
1543 4478 1709 4534 verba
1750 4485 1951 4546 protu-

373 4566 503 4620 lisse
566 4580 690 4620 eum
760 4567 960 4636 quibus
1043 4568 1229 4623 divina
1300 4571 1558 4640 maiestas
1614 4569 1946 4630 laederetur,

2049 3480 2136 3544 εις
2166 3476 2540 3546 κατάσχεσιν
2563 3476 2781 3545 αὐτὴν,
2813 3476 2912 3530 καὶ
2938 3474 3017 3541 τῷ
3046 3477 3345 3544 σπέρματι
3375 3474 3562 3528 αὐτοῦ
3584 3474 3633 3503 ⁷³

2041 3572 2170 3640 μετ’
2193 3571 2402 3633 αὐτὸν,
2438 3570 2549 3623 οὐκ
2579 3568 2751 3636 ὄντος
2782 3567 2945 3635 αὐτῷ
2976 3567 3213 3622 τέκνου.

2118 3745 2424 3814 Ἐ.1ιίλησε
2446 3745 2513 3799 δὲ
2538 3744 2726 3810 οὕτως
2750 3747 2782 3798 ό
2813 3744 2978 3808 Θεθς,
3002 3745 3087 3796 ὅτι
3116 3745 3285 3797 ἔσται
3310 3744 3373 3797 τὸ
3396 3742 3639 3811 σπέρμα

2048 3838 2236 3894 αὑτοῦ
2269 3839 2562 3908 πάροικον
2590 3837 2662 3892 ἐν
2694 3834 2771 3906 τῇ
2804 3837 3117 3906 ἀλλοτρίᾳ,
3154 3837 3251 3890 καὶ
3287 3836 3633 3890 δουλώσου-

2049 3946 2155 3984 σιν
2189 3934 2356 3991 αὐτὸ,
2396 3931 2493 3984 καὶ
2537 3929 3007 3999 παραδώσουσιν
3036 3927 3184 3983 αὐτὸ
3201 3929 3246 3962 ⁷⁸
3312 3929 3409 3982 καὶ
3448 3925 3637 3981 κακὼ·

2046 4039 2274 4079 σουσιν
2300 4023 2403 4091 ἔτη
2435 4026 2809 4092 τετρακόσια.

2121 4200 2231 4255 Kal
2264 4201 2329 4254 τὸ
2367 4202 2547 4266 ἔθνος
2582 4192 2632 4268 ᾧ
2671 4199 2781 4253 ἐὰν
2814 4198 3193 4255 δουλεύσωσι
3214 4240 3230 4264 ,
3267 4198 3448 4268 κρινῶ
3484 4197 3633 4268 ἐγὼ,

2048 4290 2219 4348 εἶπεν
2248 4296 2281 4345 ὁ
2316 4295 2484 4358 Θεός.

2133 4386 2360 4438 Ἐκεῖνοι
2413 4384 2715 4454 πράγματα
2767 4382 3064 4456 βλάσφημα
3115 4384 3399 4449 ποιοῦντες
3435 4381 3537 4439 οὐκ
3571 4382 3634 4435 ὲ-

2050 4474 2464 4546 φρόντιζον,καὶ
2490 4475 2666 4546 τούτῳ
2699 4477 2922 4547 ῥήματα
2951 4476 3296 4548 βλασφημίας
3317 4475 3601 4529 ἐνεκάλουν
3619 4489 3634 4503 ⁶

2051 4567 2146 4620 καὶ
2183 4567 2509 4636 προσέκειτο
2538 4565 2721 4627 αὐτοῖς
2755 4568 3035 4638 πανταχοῦ
3065 4568 3270 4637 Μωσῆς
3292 4584 3309 4600 ·
3345 4566 3534 4636 ἐπειδὴ
3565 4567 3634 4619 τὰ

371 4654 590 4708 crimini
620 4654 842 4710 dabant.
896 4656 975 4710 Ac
1006 4654 1183 4711 Moses
1238 4659 1438 4726 ubique
1468 4662 1494 4702 Β
1523 4661 1719 4714 insidet
1750 4656 1944 4712 animis

2052 4658 2146 4712 τοῦ
2178 4657 2335 4724 Θεοῦ,
2363 4657 2437 4721 ὡς
2468 4658 2673 4730 σφόδρα
2703 4660 2909 4725 αὐτοῖς,
2934 4660 3008 4724 ὡς
3032 4660 3101 4713 τὰ
3129 4661 3375 4723 Μωσέως
3405 4658 3599 4729 ἔμελεν
3617 4675 3631 4689 ο

371 4761 561 4799 eorum
595 4761 612 4810 ;
646 4761 770 4801 nam
818 4745 913 4802 Dei
962 4748 1181 4818 negotia
1221 4766 1329 4806 non
1370 4754 1452 4807 eis
1485 4753 1558 4807 ita
1597 4767 1742 4807 cura:
1772 4756 1944 4813 erant.

2056 4750 2170 4806 ἀλλ’
2193 4745 2347 4813 οὗτος
2364 4751 2411 4783 ⁸ο
2439 4753 2503 4804 ἐκ
2532 4750 2831 4821 προοιμίων
2853 4752 2952 4822 τὴν
2973 4752 3128 4819 δόξαν
3151 4751 3329 4804 αὐτῶν
3351 4751 3639 4822 διαιρεῖ-⁸η

373 4847 434 4892 ιιι
456 4838 705 4894 instituta
734 4838 923 4896 Mosis.
957 4838 1065 4898 Sed
1096 4843 1182 4899 hic
1214 4845 1267 4899 in
1303 4846 1576 4916 principio
1608 4846 1784 4900 elevat
1819 4842 1942 4897 illo-

2056 4842 2153 4897 καὶ
2189 4843 2594 4907 κατασκευάζει
2623 4844 2705 4897 ὅτι
2734 4842 2856 4896 οὕτε
2886 4844 2914 4895 ὁ
2942 4844 3102 4907 ναδς,
3133 4841 3258 4895 οὔτε
3286 4843 3355 4895 τὰ
3389 4843 3486 4912 ἔθη
3520 4843 3637 4896 ἐστι

373 4945 493 4984 rum
515 4930 854 5001 opinionem,
885 4944 942 4989 et
964 4935 1163 5006 probat
1218 4952 1320 4992 nec
1347 4937 1633 5007 templum.
1662 4951 1762 4991 nec
1785 4935 1944 4991 insti-

2051 4951 2134 4998 τι,
2165 4933 2261 4987 καὶ
2289 4935 2373 4987 ὃτι
2401 4935 2459 4987 οὺ
2495 4934 2844 5006 περιέσονται
2872 4933 2968 4993 τοῦ
3005 4934 3392 5005 κηρύγματος,
3428 4934 3524 4987 κα)⁵
3551 4934 3635 4986 ὅτι

374 5033 487 5075 tuta
519 5022 772 5095 essem
801 5023 1035 5096 alicujus
1067 5028 1250 5097 pretii,
1286 5043 1386 5083 nec
1428 5028 1565 5092 fore,
1605 5034 1663 5080 ut
1691 5031 1944 5094 superent

2055 5026 2113 5093 ἐξ
2146 5027 2444 5097 ἀμηχάνων
2476 5028 2504 5080 ὁ
2543 5027 2676 5090 Θεὸς
2712 5028 3003 5099 εὐμήχανα
3039 5027 3465 5091 κατασκευάζει.
3492 5028 3634 5097 Ὅρα

374 5115 817 5186 praedicationem
858 5116 1157 5191 Evangelii,
1190 5134 1254 5175 ac
1290 5120 1456 5174 Deum
1487 5135 1552 5173 ex
1615 5117 1944 5189 perdilIicili-

2055 5117 2188 5189 γοῦν
2216 5118 2303 5173 διὰ
2326 5118 2531 5173 τούτων
2556 5119 2924 5190 ὑφαινομένην
2948 5119 3296 5191 δημηγορίαν
3321 5118 3526 5185 αὐτῶν,
3549 5118 3632 5171 ὅτι

1563 5261 1766 5324 Var-ite
1811 5262 2122 5325 lectiones
2165 5266 2227 5324 et
2263 5267 2462 5323 notae.

452 5381 498 5414 ⁷⁸
520 5381 835 5461 κατῴκησιν
880 5384 946 5461 ὲν.
973 5382 1224 5461 Χαρρᾷν,
1259 5392 1332 5437 est
1360 5383 1413 5461 in
1442 5382 1676 5461 uulgato.
1751 5385 1794 5417 ⁷⁷
1829 5382 1895 5461 In

2047 5393 2184 5461 gata,
2227 5381 2759 5461 ’μετῴκισεν-αὐτον.
2799 5382 2879 5444 εἰς
2900 5381 3000 5452 τὴν
3030 5380 3137 5461 χῆο
3174 5379 3400 5446 ταύτην,
3481 5379 3535 5461 ιιιΔ
3567 5378 3628 5457 η

382 5449 701 5524 οιιοῃναρίὶοί
732 5449 838 5524 est,
870 5455 961 5507 καὶ
987 5455 1046 5508 τὸ
1065 5449 1295 5523 ’σπέρμα
1322 5452 1509 5524 αὐτου,
1532 5449 1590 5506 et
1616 5456 1692 5506 ita
1727 5456 1944 5521 repetita

2047 5449 2070 5508 Fr
2094 5449 2294 5509 scholia
2321 5449 2582 5524 sequenti.
2659 5454 2704 5483 ⁷⁸
2730 5449 2857 5505 Ista:
2881 5449 2985 5505 tres
3008 5451 3264 5504 dictiones
3296 5465 3399 5502 non
3416 5458 3536 5502 sunt
3570 5451 3629 5503 in

381 5520 597 5590 vulgato
686 5523 733 5556 ⁸⁸
765 5522 1008 5595 ιμελλεν,
1031 5520 1246 5583 εναιίει
1281 5522 1606 5586 ἀλλὀΰτως.
1682 5524 1724 5556 ⁸¹
1756 5520 1844 5579 ῖσ.
1876 5524 2099 5596 διαίρει.

448 5611 473 5647 δ
505 5612 543 5661 V
593 5613 659 5668 Et
687 5633 788 5672 non
805 5617 947 5687 dedit
980 5619 1060 5671 61ίὶ
1091 5618 1449 5672 Ιιαινειίὶιιιιεηι
1486 5618 1537 5670 in
1571 5636 1654 5680 ea,
1697 5636 1787 5673 nec
1813 5633 2028 5687 passum
2068 5618 2233 5687 pedis.

2334 5627 2356 5656 ο
2387 5615 2449 5670 γ.
2485 5615 2679 5684 lilium.
2764 5612 2781 5653 ί
2810 5630 2873 5667 ac
2905 5612 2968 5668 de
3013 5620 3186 5684 gente,
3211 5609 3299 5666 cui
3326 5615 3635 5677 servierint,

381 5698 475 5752 ego
509 5693 761 5739 statuam.
833 5688 857 5727 ⁸
889 5685 1058 5741 Locus
1090 5699 1366 5757 corruptus
1395 5700 1441 5742 et
1473 5691 1710 5744 nmtilus.
