4116 6216
379 332 485 393 ('05

998 359 1004 365 ·
1075 325 1479 394 EXPOSI'I'IO
1519 332 1598 393 ΙΝ
1638 332 1827 392 ACTA
1859 328 2437 393 APOSTOLORUM.
2465 354 2534 364 ·-·
2560 321 2721 390 CAP.
2757 328 2893 391 VII.

3535 329 3639 394 €06

376 443 578 511 πολλῆς
614 441 1021 509 ἀπολαύσαντες
1058 446 1147 499 ἀεὶ
1183 444 1625 515 φιλανθρωπίας,
1657 444 1769 506 τοῖς
1806 443 1957 495 ὲνανο

2069 438 2177 494 bus
2198 450 2251 494 et
2279 438 2470 493 arduis
2499 438 2790 491 admodum
2828 435 3007 490 facilia
3050 445 3212 505 atque
3252 435 3497 503 erg'edita
3528 437 3642 490 ιιΠί-

373 536 512 598 τίοις
532 534 625 587 τὸν
647 534 945 606 εὐεργέτην
965 537 1287 608 ἠμείψαντο,
1311 540 1406 591 καὶ
1430 538 1513 591 ὅτι
1535 536 1816 598 ἀδυνάτοις
1841 537 1958 587 ἑπι-

375 625 641 699 χειροῦσι.
681 627 933 682 Δείκνυσι
971 630 1028 684 δὲ
1068 631 1163 685 καὶ
1203 632 1304 701 τὴν
1345 630 1680 699 ἐπαγγελίαν
1717 629 1822 699 πρὸ
1857 627 1954 680 τοῦ

373 718 541 771 τόπου
570 720 968 791 γεγενημένην,
998 722 1105 791 πρὸ
1129 722 1230 792 τῆς
1256 722 1582 793 περιτομῆς.
1610 721 1717 791 πρὸ
1739 720 1840 790 τῆς
1869 719 1959 772 θυ-

379 810 522 872 σίας.
562 810 669 882 πρὸ
701 810 797 864 τοῦ
833 813 963 866 ναοῦ
994 830 1008 844 ο
1048 814 1144 867 καὶ
1178 816 1260 867 ὅτι
1295 816 1357 867 οὐ
1396 815 1516 867 κατ’
1541 814 1701 880 ἀξίαν
1725 813 1771 844 ⁸²
1810 804 1956 864 οὗτοι

379 896 601 966 ελαδον,
631 902 754 956 οὐδὲ
779 906 1116 977 περιτομὴν,
1147 907 1267 961 οὐδὲ
1296 908 1457 976 νόμον
1478 921 1491 934 ·
1522 906 1659 959 ἀλλὰ
1706 906 1807 976 τῆς
1855 906 1958 959 ῦπ-

378 994 551 1064 ,ηοῆς
593 995 754 1066 μόνον
790 997 820 1050 ὁ
846 998 1035 1067 μισθὸς
1055 994 1123 1068 ἧν
1156 1000 1189 1069 ἡ
1229 998 1321 1067 γῆ,
1361 1000 1453 1051 καὶ
1490 997 1612 1051 οὐδὲ
1654 994 1958 1067 περιτομῆς

377 1083 649 1155 δοθείσης,
698 1089 733 1158 ἡ
784 1087 1090 1156 ἐπαγγελία
1137 1087 1475 1159 πληροῦται’
1524 1089 1620 1142 καὶ
1666 1087 1747 1140 ὃτι
1797 1086 1958 1140 τύποι

376 1171 541 1245 ἦσαν.
574 1177 773 1241 Καλῶς
809 1179 866 1233 δὲ
901 1179 1239 1251 ἀρχόμενος,
1270 1180 1406 1234 Θεὸν
1433 1180 1533 1250 τῆς
1569 1174 1726 1250 δόξης
1763 1180 1918 1232 καλεῖ
1940 1195 1955 1209 ο

391 1265 609 1336 Ἐπειδὴ
644 1268 771 1331 τοὺς
806 1268 1033 1340 ἀτίμους
1081 1268 1328 1335 ἐνδόξους
1367 1268 1660 1337 πεποίηκε.
1702 1268 1867 1336 Λέγει
1901 1262 1960 1321 δὲ

378 1354 461 1406 ὅτι
509 1355 607 1409 καὶ
654 1358 781 1421 ναὸς
827 1358 928 1412 οὐκ
969 1354 1070 1429 ἦν,
1120 1361 1215 1413 καὶ
1263 1360 1410 1424 θείας
1460 1360 1638 1429 ὅψεως
1687 1360 1885 1429 ἠξίωτο
1931 1360 1960 1411 ὁ

394 1446 664 1521 Ἀβραὰμ,
691 1450 785 1502 καὶ
814 1451 1174 1521 τιρογόνους⁸³
1202 1453 1415 1522 Πέρσας
1444 1448 1579 1522 εἶχε.
1607 1453 1701 1505 καὶ
1728 1455 1786 1505 ὲν
1810 1451 1961 1505 ἀλλο-

376 1537 503 1608 τρίᾳ
533 1540 604 1609 γῇ
639 1535 724 1627 ἦν.
755 1541 896 1612 Ὀρα
926 1542 981 1594 δὲ
1013 1543 1131 1606 πῶς
1166 1543 1369 1611 ἀπάγει
1404 1543 1601 1604 αὐτοὺς
1630 1541 1739 1595 τῶν
1771 1560 1959 1613 σωμα-

377 1629 567 1692 τικῶν,
595 1631 689 1682 καὶ
711 1631 849 1695 τέως
878 1632 986 1686 ἀπὸ
1011 1637 1105 1686 τοῦ
1132 1633 1297 1687 τόπου
1322 1649 1336 1662 ⁸
1364 1633 1554 1704 ἐπειδὴ
1584 1634 1679 1687 καὶ
1711 1634 1838 1704 περὶ
1863 1632 1958 1686 τοῦ

377 1719 541 1774 τόπου
577 1723 606 1774 δ
639 1721 798 1791 λόγος
832 1719 922 1794 ἦν.
959 1724 1019 1777 El
1056 1725 1111 1778 δὲ
1150 1725 1310 1794 δόξης
1344 1727 1462 1779 ἐστὶ
1491 1724 1625 1789 Θεὸς
1650 1728 1682 1778 ό
1711 1726 1865 1791 Θεὸς,
1894 1725 1958 1778 οὐ

376 1810 546 1865 δεῖται
575 1812 677 1883 τῆς
708 1815 842 1884 παρ’
866 1816 1018 1885 ὑμῶν
1041 1816 1198 1888 δόξης
1223 1818 1321 1887 τῆς
1348 1817 1437 1870 διὰ
1461 1810 1556 1870 τοῦ
1586 1817 1735 1872 ναοῦ.
1786 1817 1956 1879 Αὐτὸς

376 1902 487 1972 γάρ
510 1906 658 1957 ἐστιν
680 1904 713 1973 ἡ
736 1906 834 1977 τῆς
859 1905 1021 1977 δόξης
1044 1908 1140 1959 καὶ
1165 1908 1382 1960 πάντων
1403 1907 1512 1961 τῶν
1536 1906 1757 1974 ἀγαθῶν
1782 1909 1954 1977 πηγή.

380 1994 604 2060 Ἔξελθε
636 1997 702 2050 ὲκ
728 1998 826 2068 τῆς
859 2002 962 2069 γῆς
996 2016 1090 2052 σου
1124 2001 1219 2055 καὶ
1256 2001 1321 2053 ἐκ
1349 2000 1448 2070 τῆς
1483 2000 1804 2068 συγγενείας
1838 2017 1952 2055 σου.

379 2087 506 2151 Πῶς
535 2089 570 2158 ἡ
602 2089 792 2159 Γραφή
818 2108 996 2161 φησιν
1023 2093 1105 2147 ὅτι
1138 2095 1167 2145 ό
1199 2093 1383 2163 πατὴρ
1413 2093 1507 2146 τοῦ
1537 2092 1789 2162 Ἀϐραὰμ
1822 2092 1956 2162 ἠθέ-

378 2178 541 2248 λησεν
573 2180 848 2248 ὲξελθεῖν;
882 2183 1145 2238 Ἐνταῦθα
1176 2183 1231 2237 δὲ
1263 2169 1450 2252 λέγεις
1481 2185 1561 2238 ὅτι
1592 2183 1671 2255 τῷ
1703 2183 1956 2253 Ἀϐραὰμ

378 2269 601 2341 ἐρρέθη,
626 2271 850 2339 Ἔξελθε
883 2274 947 2326 ἐκ
976 2275 1073 2346 τῆς
1103 2278 1205 2345 γῆς
1237 2293 1331 2329 σου
1358 2294 1371 2308 ·
1405 2275 1655 2330 ἐντεῦθεν
1688 2277 1955 2347 μανθάνοι

380 2372 503 2430 μεν,
534 2361 619 2414 ὅτι
644 2363 750 2416 ἀπὸ
775 2364 870 2435 τῆς
900 2363 1077 2435 ὅψεως
1100 2365 1196 2419 τοῦ
1214 2367 1263 2399 ⁸⁸
1291 2368 1391 2436 τῆς
1417 2369 1792 2437 γεγενημένης
1820 2367 1955 2435 πρὸς

389 2451 663 2524 Ἀϐραὰμ,
689 2455 784 2509 ἀπ’
806 2456 1019 2529 ἐκείνης
1050 2458 1274 2530 ἐκινήθη
1304 2461 1399 2512 καὶ⁸
1427 2458 1691 2528 ἠθέλησεν
1718 2456 1957 2522 ἐξελθεῖν

375 2546 406 2600 ό
431 2546 621 2617 Πατὴρ
643 2548 829 2604 αὑτοῦ.
853 2549 1100 2604 Δείκνυσι
1126 2551 1182 2604 δὲ
1203 2552 1292 2604 διὰ
1312 2550 1515 2604 τούτων
1535 2588 1551 2616 ,
1577 2551 1659 2609 ὅτι
1685 2545 1830 2604 οὗτοι
1857 2551 1956 2604 οὐκ

378 2640 487 2692 εδσὶ
519 2640 687 2694 τέκνα
717 2641 811 2694 τοῦ
866 2642 1116 2713 Ἀϐραάμ
1160 2661 1169 2671 ·
1214 2643 1419 2705 ἐκεῖνος
1455 2644 1562 2713 γὰρ
1597 2642 1853 2715 εὐπειθὴς
1888 2638 1957 2716 ἦν

378 2730 697 2786 καταλιπὼν
720 2734 815 2787 καὶ
840 2734 1073 2805 πατρίδα
1097 2735 1192 2788 καὶ
1219 2739 1521 2803 συγγενεῖς,
1545 2729 1690 2789 οὗτοι
1715 2736 1772 2790 δὲ
1799 2738 1956 2789 ἀπει-

380 2823 515 2886 θεῖς.
549 2825 663 2879 Καὶ
693 2826 794 2879 οὐκ
832 2826 1035 2880 ἔδωκεν
1064 2826 1212 2897 αὐτῷ
1247 2828 1620 2897 κληρονομίαν
1648 2828 1768 2883 οὐδὲ
1805 2829 1958 2899 βῆμα

382 2915 563 2978 ποῖός.
587 2916 729 2987 Ὀρα
759 2916 874 2980 πῶς
904 2918 1101 2980 αὐτοὺς
1130 2918 1323 2985 ἀνάγει
1352 2919 1461 2971 ἀπδ
1487 2920 1587 2989 τῆς
1615 2919 1740 2988 γῆς.
1775 2920 1875 2973 Διὰ
1904 2919 1957 2971 τί

381 3008 485 3061 οὐκ
510 3007 883 3075 ἔδωκενςὊτι
904 3008 1074 3074 τόπος
1105 3007 1171 3081 ἦν
1195 3011 1282 3062 ἑτέ
1294 3026 1392 3080 ρας
1417 3010 1543 3081 γῆς,
1570 3012 1665 3064 καὶ
1691 3012 1958 3081 ἐπηγγεί-

380 3100 510 3155 λατο
544 3101 726 3157 δοῦναι
760 3101 929 3173 αὐτῷ.
962 3104 1126 3174 Ὁρᾷς
1159 3104 1241 3157 ὅτι
1271 3104 1371 3173 οὐχ
1405 3103 1590 3167 ἁπλῶς
1626 3102 1786 3159 πάλιν
1819 3107 1954 3160 ἀνα·
1984 3128 2028 3187 c

382 3191 1052 3263 lapﬁdvet;00x,£6¢oxs,
1090 3194 1287 3264 qrqaiv'
1310 3193 1449 3258 ἀλλ’,
1474 3194 1863 3263 ἐπηγγείλατο.
1896 3195 1960 3249 Εἰ

386 3283 445 3338 δὲ
484 3285 749 3354 πάροικος
790 3285 889 3339 καὶ
923 3287 1308 3357 παρεπίδημος
1349 3287 1443 3340 καὶ
1483 3279 1603 3355 μετ’
1623 3286 1804 3354 ὀλίγον
1837 3288 1967 3340 ἀνα-

385 3377 535 3433 λύειν
567 3378 799 3449 μέλλων,
834 3379 954 3441 πῶς
995 3381 1246 3450 κατέχειν
1281 3380 1543 3451 ήδύνατο;
1578 3378 1817 3444 Σώζεται
1859 3381 1969 3452 ἄρα

387 3470 483 3523 καὶ
514 3468 853 3540 κληρονομία
878 3468 958 3539 τῷ
992 3468 1246 3540 Ἀϐραὰμ
1274 3466 1363 3522 διὰ
1391 3461 1486 3522 τοῦ
1518 3469 1836 3541 σπέρματος
1863 3468 1966 3521 αὐ-

386 3557 503 3625 τοῦ,
528 3559 558 3613 ὃ
586 3560 703 3614 ἐστι
732 3560 987 3632 Χριστὸς,
1021 3561 1112 3614 ὅτε
1144 3562 1239 3614 καὶ
1271 3559 1795 3632 συμϐασιλεύσουσιν
1820 3560 1968 3629 αὑτῷ

388 3652 438 3704 οἱ
460 3650 608 3720 ἅγιοι
638 3651 783 3706 κατὰ
805 3652 866 3706 τὸ
889 3652 1276 3724 γεγραμμένον
1291 3666 1305 3680 ⁶
1324 3651 1497 3706 Ὅταν
1520 3651 1649 3723 ἔλθῃ
1674 3653 1732 3705 ὲν
1750 3654 1817 3723 τῇ
1843 3650 1969 3721 δόξῃ

386 3744 483 3797 τοῦ
510 3745 724 3816 Πατρδς
750 3744 914 3799 αὐτοῦ
943 3745 1163 3799 πάντων
1184 3734 1294 3797 τῶν
1317 3744 1490 3797 ἐθνῶν
1514 3741 1835 3813 βασιλεύων.
1862 3744 1971 3796 Καὶ

388 3836 449 3889 τ’)
477 3836 698 3908 σπέρμα
723 3836 886 3890 αὑτοῦ
916 3837 1034 3907 μετ’
1057 3836 1241 3900 αὐτὸν,
1268 3836 1368 3888 οὒκ
1396 3834 1549 3900 ὄντος
1579 3835 1728 3905 αὐτῷ
1753 3834 1967 3889 τέκνου.

393 3927 559 3981 Πάλιν
586 3929 649 3981 τὸ
676 3927 901 3981 δυνατὸν
926 3927 1224 3982 αἰνίττεται
1251 3927 1347 3980 τοῦ
1373 3925 1509 3978 Θεοῦ
1531 3942 1544 3956 ο
1575 3926 1637 3979 τὸ
1667 3925 1728 4002 ἐξ
1756 3926 1974 3995 ἁμηχά-

388 4037 495 4072 νων
534 4022 730 4076 ποιεῖν.
769 4021 875 4074 Τὸν
914 4020 1026 4091 γὰρ
1073 4022 1132 4073 ὲν
1177 4018 1396 4089 Περσίδι
1442 4019 1537 4071 καὶ
1572 4017 1828 4072 τοσοῦτον
1868 4020 1971 4072 ἀπ-

390 4110 582 4179 έχοντα
631 4110 837 4180 Κύριον
891 4110 988 4178 τῆς
1047 4109 1413 4179 Παλαιστίνης
1469 4107 1639 4177 ἔφησε
1698 4111 1970 4179 ποιήσειν.

391 4200 568 4271 Πολλὴ
594 4200 651 4254 δὲ
680 4200 916 4254 ἐνταῦθα
939 4201 1234 4263 δείκνυται,
1261 4202 1356 4254 καὶ
1378 4199 1474 4253 τοῦ
1501 4199 1637 4253 Θεοῦ
1669 4200 1976 4272 φιλανθρω-

391 4291 521 4359 πίας,
554 4291 650 4343 καὶ
680 4291 714 4362 ή
743 4289 836 4344 τοῦ
868 4290 1120 4361 Ἀϐραὰμ
1154 4291 1356 4355 πίστις.
1390 4291 1462 4343 Τὸ
1493 4289 1630 4361 γὰρ,
1663 4291 1779 4344 Οὐκ
1813 4291 1973 4355 ὄντος

389 4382 541 4452 αὐτῷ
568 4382 785 4447 τέκνου,
816 4382 1057 4436 δείκνυσι
1085 4383 1183 4454 τὴν
1212 4382 1463 4454 ὑπακοὴν
1494 4384 1586 4436 καὶ
1613 4385 1715 4454 τὴν
1746 4383 1931 4436 πίστιν
1957 4398 1972 4415 ο

390 4474 571 4527 καίτοι
612 4473 683 4527 τὰ
728 4474 993 4544 γινόμενα
1034 4474 1347 4527 τούναντίον
1391 4474 1608 4529 ἔπειθεν
1655 4474 1975 4545 ὑπολαμϐά-

391 4584 505 4620 νειν
522 4581 538 4597 ο
568 4564 709 4636 μετὰ
733 4566 841 4635 γὰρ
863 4565 925 4619 τὸ
952 4565 1126 4619 ἐλθεῖν
1181 4567 1282 4619 οὐκ
1309 4562 1422 4637 εἶχε
1454 4566 1605 4637 βῆμα
1634 4567 1794 4631 ποδός
1815 4584 1829 4598 ·
1861 4565 1976 4620 ἀλλ’

391 4660 512 4713 οὐδὲ
545 4659 710 4713 πάλιν
738 4654 903 4730 εἶχεν.
940 4656 1201 4727 Ἐλάλησε
1232 4659 1289 4712 δὲ
1320 4657 1491 4728 αὐτῷ.
1525 4658 1680 4722 Θεὸς,
1711 4659 1796 4711 ὅτι
1826 4657 1977 4711 ἔσται

391 4751 455 4803 τό
480 4751 705 4822 σπέρμα
735 4750 899 4805 αὑτοῦ
928 4750 1192 4821 πάροικον
1217 4753 1273 4802 ὲν
1295 4753 1366 4821 γῇ
1399 4750 1678 4820 ἀλλοτρία.
1699 4752 1842 4820 Ὅρα
1870 4752 1978 4818 πρὸ

392 4845 577 4896 πόσων
602 4843 740 4897 ἐτῶν
767 4842 801 4914 ἡ
830 4840 1131 4910 ἐπαγγελία
1185 4841 1278 4894 καὶ
1306 4842 1334 4893 ὁ
1363 4839 1463 4910 τῆς
1495 4841 1827 4910 ἐπαγγελίας
1854 4844 1977 4914 τρό-

394 4946 517 4998 πος,
541 4934 638 4988 καὶ
664 4932 905 5004 οὐδαμοῦ
937 4932 1119 4998 θυσία,
1146 4936 1240 4984 καὶ
1269 4932 1506 5001 οὐδαμοῦ
1539 4935 1833 5004 περιτομή.
1858 4935 1976 4987 Δεί-

396 5043 554 5081 κνυαι
581 5026 640 5080 δὲ
667 5026 758 5080 διὰ
787 5024 1024 5092 τούτων,
1057 5026 1175 5087 πῶς
1203 5028 1230 5080 ὁ
1262 5025 1393 5088 Θεὸς
1423 5027 1570 5095 ὑφίει
1598 5026 1724 5089 τοὺς
1757 5028 1975 5097 Ἰσραη-

396 5118 549 5182 λίτας
582 5117 814 5188 πάσχειν
844 5117 1031 5180 κακῶς
1055 5132 1070 5147 ·
1103 5116 1280 5171 καίτοι
1313 5118 1466 5170 οὐδὲν
1497 5115 1636 5187 ἔχων
1665 5118 1849 5181 αὐτοῖς
1884 5120 1977 5186 ἐγ·-

398 5207 605 5262 καλεῐν.
655 5208 767 5263 Καὶ
815 5206 1174 5262 δουλώσουσιν
1222 5208 1354 5261 αὐτὸ
1407 5208 1500 5262 καὶ
1558 5206 1975 5277 παραδώσουσιν

397 5300 563 5365 αὐτὸ,
592 5299 687 5353 καὶ
720 5301 1065 5355 κακώσουσιν
1093 5299 1226 5352 αὐτὸ
1261 5298 1353 5368 ἔτη
1384 5298 1731 5369 τετρακόσια.
1762 5301 1837 5353 οὐ
1873 5300 1975 5369 μά-

398 5407 554 5460 χεται
595 5392 709 5455 τοῖς
755 5391 990 5445 ἐνταῦθα
1030 5390 1099 5445 τὰ
1141 5390 1199 5443 ἐν
1244 5392 1306 5460 τῇ
1346 5389 1539 5457 Ἐξόδῳ
1587 5390 1972 5461 γεγραμμένα.

412 5484 558 5536 Ἐκεῖ
590 5483 697 5557 γὰρ
728 5485 973 5555 εἴρηται,
1004 5483 1143 5555 μετὰ
1175 5479 1261 5535 υλ¹
1283 5481 1376 5552 ἔτη
1433 5481 1656 5552 ἐξῆλθεν
1685 5482 1717 5551 ἡ
1748 5481 1975 5551 δύναμις

1989 1791 2035 1849 Β
2065 1812 2244 1856 autem
2292 1820 2305 1853 :

2058 546 2205 586 cere.
2237 529 2373 585 Nota
2409 530 2554 584 enim
2596 544 2693 598 per
2727 529 2841 597 haec
2870 529 2987 597 ipsa
3027 531 3348 582 concionem
3391 530 3635 596 pet-texi:

2061 636 2274 690 nempe,
2325 619 2472 690 quod
2514 633 2708 689 magna
2758 632 2976 687 semper
3013 618 3353 672 humanitate
3381 617 3465 672 usi
3502 632 3638 671 con-

2060 712 2245 766 trariis
2300 710 2702 765 hencfactorem
2751 709 3164 778 compensarint
3206 715 3308 762 :et
3366 709 3511 776 quod
3554 723 3641 773 ea,

2059 819 2177 875 qua:
2209 803 2321 857 fieri
2348 818 2453 857 non
2488 801 2723 872 possint,
2751 800 3154 870 aggrediantur.
3184 797 3434 853 Ostendit
3458 806 3641 852 autem

2059 895 2483 968 promissionem
2517 906 2738 963 quoque
2779 890 2978 945 factam
3007 905 3130 946 esse
3167 899 3458 958 antequam
3491 889 3643 944 locus

2060 990 2170 1055 ille,
2196 997 2488 1058 antequam
2537 984 2911 1050 circumcisio,
2939 990 3233 1054 antequam
3282 982 3641 1047 sacriﬁcium,

2060 1092 2356 1149 antequam
2397 1077 2665 1147 templum
2717 1083 2907 1131 esset:
2949 1074 3136 1129 ethos
3187 1088 3295 1127 non
3337 1072 3483 1142 quod
3526 1088 3641 1127 me-

2062 1172 2326 1231 ruissent,
2362 1168 2643 1237 accepisse
2693 1179 2871 1235 neque
2923 1162 3426 1222 circumcisionem,
3464 1174 3643 1229 neque

2062 1264 2271 1332 legem:
2306 1260 2399 1315 sed
2428 1258 2758 1313 obcdientire
2787 1256 3074 1311 dumtaxat
3122 1254 3426 1308 mercedem
3472 1251 3645 1305 fuisse

2064 1364 2299 1409 terram:
2340 1366 2403 1405 ac
2442 1365 2511 1404 ne
2538 1348 2968 1405 circumcisione
3002 1346 3225 1416 quidam
3260 1347 3381 1398 data
3406 1342 3642 1413 promis-

2063 1446 2271 1500 sionem
2306 1443 2583 1513 impletam
2607 1455 2669 1495 ac
2697 1439 2995 1510 praestitum
3030 1438 3222 1501 fuisse,
3250 1435 3345 1490 sed
3379 1434 3503 1488 illas
3554 1448 3645 1487 res

2064 1536 2370 1589 futurorum
2416 1544 2471 1589 et
2502 1547 2692 1587 comm
2730 1545 2851 1601 qua:
2892 1541 3076 1599 postea
3108 1528 3430 1583 acciderunt
3473 1523 3646 1578 fuisse

2064 1623 2286 1694 ﬁguras.
2318 1620 2555 1675 Pulchre
2599 1629 2781 1674 autem
2817 1618 2872 1671 in
2924 1615 3199 1686 principio
3233 1614 3401 1667 Deum
3457 1612 3646 1681 gloria:

2063 1719 2245 1774 νοοειι,
2279 1711 2538 1781 quoniam
2595 1709 2996 1777 ignominiosos
3050 1706 3232 1759 claros
3287 1703 3437 1757 fecit.
3503 1701 3647 1755 Dicit

2359 1812 2410 1855 et
2454 1801 2715 1867 templum
2766 1811 2876 1850 non
2926 1795 3120 1857 fuisse,
3166 1803 3220 1848 et
3269 1791 3642 1846 Abrahamum

2060 1895 2286 1964 dignum
2314 1892 2622 1962 judicatum
2652 1904 2798 1954 esse,
2835 1888 2928 1958 qui
2963 1887 3129 1942 Deum
3157 1886 3371 1940 videret
3396 1903 3408 1938 :
3443 1893 3497 1940 et
3527 1898 3646 1937 ma-

2055 1987 2204 2057 jores
2234 1984 2355 2054 ejus
2392 1983 2564 2038 fuisse
2610 1980 2833 2044 Persas,
2875 1988 2931 2034 et
2968 1979 3145 2048 ipsum
3188 1977 3241 2031 in
3282 1984 3425 2031 terra
3469 1975 3646 2028 aliena

2057 2078 2229 2134 fuisse
2261 2086 2560 2132 versatum.
2599 2075 2677 2128 Ac
2705 2072 2847 2138 vide,
2872 2080 2931 2125 ut
2952 2087 3046 2127 eos
3083 2086 3114 2126 a
3163 2068 3445 2139 corporeis
3476 2066 3650 2121 abdu-

2057 2180 2165 2234 cat,
2201 2176 2253 2223 et
2282 2166 2555 2237 inprimis
2612 2179 2641 2217 a
2691 2165 2833 2225 loco,
2873 2161 3316 2233 quandoquidem
3364 2159 3533 2213 etiam
3577 2156 3648 2212 de

2056 2262 2177 2316 loco
2228 2273 2409 2314 sermo
2471 2265 2611 2312 erat.
2659 2254 2816 2321 Quod
2849 2255 2896 2308 si
2938 2253 3125 2322 gloriae
3161 2252 3303 2305 Deus
3361 2260 3445 2304 est
3479 2248 3644 2312 Deus,

2057 2368 2167 2407 non
2205 2365 2343 2420 opus
2361 2348 2546 2411 habet,
2576 2356 2681 2402 uta
2702 2346 2855 2400 vobis
2875 2345 3101 2414 gloriam
3124 2358 3219 2413 per
3241 2342 3502 2411 templum
3522 2357 3652 2394 con-

2056 2450 2341 2514 sequatur.
2377 2439 2498 2511 Ipse
2528 2450 2613 2496 est
2639 2439 2783 2494 enim
2817 2436 3003 2509 gloria:
3026 2444 3079 2491 et
3099 2435 3342 2491 omnium
3377 2435 3642 2489 bonorum

2058 2535 2478 2605 ions.Relinque
2497 2533 2729 2603 patriam
2748 2539 2897 2585 tuam
2916 2538 2970 2584 et
2989 2536 3252 2599 cognatos
3278 2536 3421 2582 tuos.
3447 2525 3548 2592 Qui
3567 2527 3646 2590 tit,

2061 2641 2118 2687 ut
2145 2629 2426 2699 Scriptura
2442 2625 2612 2686 dicat,
2634 2632 2840 2697 patrem
2862 2623 3155 2677 Abrahami
3183 2621 3424 2675 voluisse
3456 2618 3643 2688 egredi

2057 2729 2210 2778 extra
2243 2719 2474 2788 patriam
2495 2715 2693 2770 suam?
2719 2713 2820 2769 llic
2848 2729 2979 2768 vero
3005 2712 3159 2774 dicit,
3185 2710 3253 2764 ad
3279 2709 3647 2762 Abrahamum

2059 2811 2266 2866 dictum
2289 2824 2431 2873 esse,
2451 2806 2723 2876 Egredere
2743 2813 2893 2861 extra
2923 2803 3158 2874 patriam
3187 2813 3333 2855 tuam
3353 2799 3377 2852 ?
3398 2799 3533 2853 Hinc
3553 2798 3651 2852 do-

2059 2918 2268 2973 cemur,
2289 2917 2317 2954 a
2342 2900 2554 2953 visione
2571 2897 2661 2953 illa
2683 2895 2772 2951 Del
2789 2911 2911 2966 qua:
2932 2891 3506 2964 contigitAbrahamu,
3530 2903 3649 2942 mo-

2060 2997 2176 3044 tum
2203 2989 2371 3042 fuisse
2408 2994 2618 3057 patrem
2645 2983 2789 3054 ejus.
2821 2997 2885 3037 ac
2929 2980 3166 3034 voluisse
3193 2980 3365 3035 exire.
3402 2976 3504 3031 Per
3536 2977 3653 3030 lucc

2065 3088 2243 3135 autem
2263 3076 2507 3132 ostendit
2526 3075 2628 3130 hos
2645 3089 2753 3128 non
2777 3088 2902 3128 esse
2919 3071 3161 3127 sobolem
3182 3067 3501 3122 Abrahami.
3515 3066 3649 3120 Nam

2070 3174 2162 3228 ille
2190 3172 2337 3226 dicto
2368 3167 2600 3222 audiens
2635 3172 2777 3229 erat,
2809 3180 2930 3220 cum
2984 3172 3039 3217 et
3091 3161 3323 3232 patriam
3354 3169 3408 3212 et
3440 3173 3652 3227 cogna-

2070 3273 2155 3316 tos
2184 3260 2555 3329 relinqueret:
2582 3255 2637 3310 hi
2664 3270 2794 3310 vero
2816 3252 3220 3309 inobedientes.
3252 3248 3330 3303 Ac
3360 3263 3469 3302 non
3494 3247 3646 3301 dedit

2069 3355 2118 3410 ei
2151 3355 2205 3408 in
2227 3369 2290 3408 ea
2323 3352 2448 3422 jure
2481 3348 2833 3405 haereditario
2866 3347 2951 3401 vel
2979 3344 3269 3416 vestigium
3297 3340 3650 3413 pedis.Vide,

2073 3455 2130 3500 ut
2160 3444 2429 3501 subducat
2454 3457 2551 3497 eos
2587 3456 2617 3495 a
2653 3450 2820 3495 terra.
2856 3438 3039 3505 Quare
3079 3452 3188 3492 non
3218 3435 3405 3489 dedit?
3431 3434 3556 3504 quia
3590 3434 3655 3487 ti-

2070 3552 2206 3610 gnra
2249 3543 2367 3590 erat
2418 3535 2511 3589 illa
2555 3533 2787 3588 alterius
2819 3539 3000 3586 terraa.
3037 3529 3115 3583 Ac
3148 3527 3429 3598 pollicitus
3457 3534 3560 3590 est,
3595 3541 3654 3579 se

2057 3631 2119 3685 .ci
2154 3628 2407 3683 daturum
2442 3639 2587 3681 esse.
2626 3624 2866 3679 Videsne
2919 3636 3042 3675 eum
3079 3636 3188 3675 non
3235 3617 3560 3688 simpliciter
3589 3629 3654 3668 ac

2072 3720 2191 3778 sine
2218 3734 2384 3774 causa
2421 3731 2619 3772 rursus
2648 3712 2933 3784 repetere?
2964 3709 3082 3765 Non
3108 3709 3280 3774 dedit,
3318 3709 3518 3778 inquit,
3557 3704 3652 3760 sed

2073 3811 2355 3883 pollicitus
2380 3815 2509 3863 .cst.
2570 3806 2777 3861 Idcirco
2806 3819 2918 3859 non
2962 3801 3109 3858 dedit
3149 3819 3163 3855 :
3197 3800 3457 3873 quoniam
3500 3813 3559 3851 se
3586 3797 3655 3849 il-

2074 3905 2180 3958 lam
2237 3903 2288 3957 ei
2330 3897 2720 3971 possidendam
2751 3896 3009 3950 daturum
3050 3908 3177 3948 esse
3231 3892 3509 3963 pollicitus
3546 3893 3653 3941 est.

2074 3996 2231 4062 Quod
2282 3996 2328 4049 si
2363 3990 2667 4061 inquilinus
2698 3997 2755 4044 et
2789 3986 2999 4041 advena
3031 3992 3084 4039 et
3116 3983 3281 4054 paulo
3311 3988 3435 4050 post
3492 3978 3658 4033 remi-

2076 4096 2335 4158 graturus
2370 4093 2508 4147 erat,
2554 4079 2831 4153 quomodo
2859 4080 3106 4134 obtinere
3138 4090 3203 4131 ac
3237 4072 3523 4144 possidere
3554 4086 3655 4140 ρος

2075 4176 2254 4235 terat?
2288 4176 2552 4231 Servatur
2598 4172 2764 4244 igitur
2797 4171 2967 4225 etiam
3004 4164 3297 4223 hmreditas
3341 4164 3657 4218 Abrahamo

2078 4285 2175 4343 per
2216 4268 2459 4324 sobolem
2505 4265 2647 4336 ejus,
2680 4263 2772 4334 qui
2833 4271 2917 4317 est
2964 4259 3267 4316 Christus:
3311 4257 3443 4328 quin
3489 4254 3655 4309 etiam

2079 4379 2187 4418 una
2215 4377 2338 4414 cum
2371 4359 2464 4413 illo
2498 4356 2778 4427 regnaturi
2805 4363 2933 4410 sunt
2962 4351 3163 4416 sancti,
3191 4358 3353 4420 prout
3388 4346 3655 4416 scriptum

2007 4461 2050 4517 ι)
2079 4464 2193 4517 est,
2227 4468 2353 4507 cum
2384 4450 2593 4506 venerit
2627 4449 2680 4502 in
2714 4449 2885 4519 gloria
2921 4445 3096 4499 Patris
3130 4443 3214 4500 sui
3249 4440 3493 4498 omnium
3524 4454 3659 4510 gen-

2077 4548 2212 4600 tium
2240 4544 2375 4600 Rex.
2400 4541 2753 4613 Posterisque
2782 4540 2906 4610 ejus
2927 4546 3046 4608 post
3075 4537 3247 4601 illum,
3265 4549 3390 4590 cum
3419 4532 3660 4587 sobolem

2077 4652 2187 4692 non
2242 4636 2488 4690 haberet.
2550 4631 2768 4687 Rursus
2823 4630 3063 4685 divinam
3095 4628 3279 4683 innuit
3318 4625 3658 4696 potentiam:

2081 4744 2278 4797 nempe
2325 4726 2478 4780 illum
2514 4739 2581 4779 ex
2623 4722 2941 4777 difﬁcilibus
2992 4719 3176 4775 facilia
3224 4718 3440 4773 edicere
3474 4730 3658 4786 posse.

2079 4817 2210 4871 Nam
2251 4832 2375 4871 eum
2418 4814 2661 4883 quierat
2715 4812 2770 4865 in
2827 4810 3069 4874 Perside,
3101 4824 3167 4864 ac
3208 4815 3363 4863 tanto
3417 4807 3661 4863 locorum

2077 4910 2367 4965 intervallo
2417 4907 2678 4969 distabat,
2714 4904 2996 4959 dominum
3049 4901 3358 4958 Palaestinae
3386 4917 3447 4957 se
3486 4898 3665 4954 [actu-

2074 5018 2196 5058 rum
2229 5016 2353 5056 esse
2390 5000 2552 5054 dixit.
2589 4998 2694 5069 61
2748 4995 2942 5066 Magna
2987 5005 3171 5049 autem
3206 4994 3295 5050 hic
3321 4994 3665 5048 demonstra-

2078 5104 2167 5149 tur
2212 5102 2266 5149 et
2317 5094 2627 5148 humanitas
2665 5091 2778 5157 Dei,
2811 5100 2865 5146 et
2899 5089 3032 5145 tides
3062 5087 3401 5144 Abrahami:
3436 5100 3563 5140 nam
3593 5084 3663 5139 il-

2078 5189 2167 5241 lud
2195 5204 2208 5241 :
2236 5186 2372 5240 Cum
2407 5184 2651 5239 sobolem
2681 5199 2788 5238 non
2811 5182 3055 5245 haberet,
3083 5180 3448 5237 obedientiam
3479 5185 3665 5230 osten-

2080 5277 2154 5331 dit
2223 5291 2288 5329 ac
2325 5275 2506 5337 tidem,
2545 5289 2860 5346 quanquam
2899 5289 2983 5338 ea,
3026 5288 3147 5342 quas
3177 5271 3399 5331 ﬁebant,
3451 5273 3511 5320 ut
3532 5279 3665 5319 con-

2086 5369 2314 5424 trarium
2346 5368 2848 5431 existimaret,eum
2878 5365 3243 5420 adducebant.
3272 5359 3410 5414 Nam
3442 5364 3661 5427 postea-

2083 5475 2244 5531 quam
2274 5462 2442 5521 venit,
2473 5475 2581 5513 non
2612 5459 2802 5514 habuit
2824 5472 3041 5529 passum
3070 5454 3248 5526 pedis.
3273 5453 3350 5508 Ac
3376 5466 3444 5506 ne
3466 5462 3662 5506 rursus

1565 5641 1762 5702 Varia:
1787 5638 2102 5700 lcetioes
2132 5646 2190 5699 ct
2222 5645 2410 5697 nota‘.

443 5779 639 5829 ἀτοὺκ
669 5777 884 5845 ἀταξία,
932 5784 1067 5830 erat.
1143 5776 1187 5807 ⁸³
1233 5775 1336 5845 πρὸ
1395 5776 1582 5843 γένους
1637 5781 1768 5826 erat.
1845 5768 1891 5801 ⁵³
1926 5775 1965 5822 Α

2065 5785 2122 5821 ἐι
2173 5768 2256 5822 ἴσ.
2294 5765 2448 5817 (θεοῦ.
