4116 6216
383 288 491 351 615
1050 284 1061 317 ’

1331 274 1913 338 THEOPHYLACTI
1945 275 2359 337 BUL-GARl/E
2396 262 2751 340 ARCHIEP.

3536 276 3642 342 616

368 416 552 455 eorum
594 397 801 454 audivi.
870 395 1058 464 Itaque
1107 391 1176 444 ad
1235 388 1561 458 eripiendum
1600 400 1657 443 et
1715 391 1944 444 liberan-

2055 390 2162 444 Καὶ
2208 393 2465 457 κατέϐην
2500 392 2817 455 ἐξελέσθαι
2864 390 3108 458 αὐτοὺς,
3161 389 3256 445 καὶ
3291 389 3407 444 νῦν
3439 388 3640 458 δεῦρο.

371 498 499 546 dum
526 508 613 547 eos
656 488 922 553 descendi,
952 492 1003 540 et
1033 498 1170 537 nunc
1209 482 1344 548 veni,
1374 482 1586 537 mittant
1614 489 1661 536 te
1699 484 1751 536 in
1782 478 1948 553 Αἰθυ-

371 596 544 655 ptum.
683 574 697 584 ’
724 630 739 645 .

446 676 605 747 Fugit
632 684 805 729 autem
842 672 1070 742 Moyses.
1116 672 1193 724 Ac
1235 684 1302 724 nc
1338 667 1507 736 huius
1546 664 1769 737 quidem
1825 663 1950 735 iuga

374 768 760 830 mcouomiam,
805 765 854 818 id
892 772 998 829 est,
1039 762 1440 831 providentiam
1498 767 1667 829 atque
1714 757 1951 827 disposi-

375 859 580 913 tionem
616 854 710 909 Dei
748 854 1035 908 exstinxit.
1069 852 1315 923 Expletis
1345 850 1515 914 enim,
1553 848 1755 919 inquit,
1788 846 1950 901 annis

371 949 755 1019 quadraginta,
818 948 972 1003 visus
1026 958 1111 1003 est
1169 949 1239 1001 ab
1297 961 1363 1001 eo
1415 942 1642 1014 angelus
1710 939 1947 994 Domini.

370 1040 603 1105 Quando
640 1038 795 1090 exsul
828 1045 944 1090 erat
977 1054 991 1090 :
1025 1036 1241 1107 quando
1270 1050 1376 1089 non
1412 1033 1647 1103 amplius
1670 1028 1947 1099 sperabat,

370 1133 509 1185 adeo
550 1130 796 1185 utetiam
827 1128 967 1183 ﬁlios
1000 1128 1139 1183 duos
1183 1133 1516 1197 procrearet.
1578 1122 1719 1176 Nota
1766 1128 1947 1175 autem

376 1237 500 1276 eum
540 1236 684 1275 nunc
715 1218 907 1272 Filium
947 1218 1061 1285 Dei,
1103 1220 1356 1288 angelum
1416 1228 1634 1277 vocare,
1685 1211 1949 1284 quemad-

380 1313 600 1367 modum
632 1311 796 1365 etiam
844 1310 1146 1365 hominem.
1188 1311 1426 1379 Apparet
1451 1315 1628 1361 autem
1670 1305 1718 1360 ei
1756 1320 1863 1359 non
1893 1303 1947 1356 in

374 1404 599 1473 templo,
637 1404 731 1457 sed
769 1402 820 1456 in
853 1401 1150 1455 solitudine
1184 1417 1245 1453 ac,
1275 1401 1392 1454 loco
1420 1400 1657 1452 deserto.
1690 1395 1768 1450 At:
1802 1411 1869 1450 ne
1893 1396 1948 1450 in

368 1497 487 1566 ipsa
525 1494 738 1565 quidem
773 1493 1090 1560 solitudine,
1151 1494 1245 1548 scd
1289 1494 1340 1547 in
1382 1491 1539 1546 rubo.
1602 1489 1744 1544 Ecce
1784 1488 1946 1543 etiam

368 1594 568 1662 dignus
591 1591 872 1660 judicatus
898 1601 1005 1655 est,
1033 1589 1126 1659 qui
1157 1589 1298 1643 hanc
1321 1588 1509 1642 vocent
1533 1586 1747 1640 audiret
1771 1604 1785 1640 :
1814 1583 1946 1653 Ego,

366 1682 565 1751 inquit,
601 1698 720 1736 sum
752 1682 894 1737 Deus
926 1692 1141 1752 patrum
1180 1691 1399 1735 tuorum
1429 1699 1441 1735 :
1480 1680 1569 1732 ille
1600 1677 1780 1746 magni
1812 1691 1946 1731 con-

2049 481 2370 537 ἀποστελῶ
2406 498 2481 537 σε
2509 485 2597 550 εις
2625 483 2958 552 Αἴγυπτον.

2136 660 2279 713 Ἀλλ’
2310 660 2431 715 οὐδὲ
2458 663 2488 730 ἡ
2520 661 2713 714 τούτου
2771 662 2919 733 φυγὴ
2974 662 3073 732 τὴν
3105 663 3417 732 οἰκονομίαν
3448 664 3639 719 ἔσϐεσε

2050 754 2147 807 τοῦ
2171 755 2330 808 Θεοῦ.
2384 757 2787 828 Ηληρωθέντων
2820 757 2949 827 γὰρ,
2981 758 3175 829 φησὶν,
3213 758 3352 810 ἑτῶν
3396 765 3449 829 μ’
3480 759 3635 831 ὤφθη

2050 845 2201 915 αὐτῷ
2234 846 2470 913 ἄγγελος
2508 850 2748 919 Κυρῖου·
2780 849 2867 901 ὅτε
2922 849 3104 917 φυγὰς
3154 845 3257 919 ἦν·
3295 851 3385 903 ὅτε
3449 851 3635 905 οὐκέτι

2050 937 2480 1006 προσεδόκησεν,
2518 939 2591 1001 ὡς
2616 940 2709 991 καὶ
2734 940 2925 1001 παῖδας
2960 941 3184 1010 ποιῆσαι
3231 941 3343 996 δύο.
3390 942 3638 1012 Σημείω-

2051 1047 2142 1082 σαι
2171 1027 2249 1093 δὲ,
2282 1030 2367 1081 ὅτι
2405 1030 2502 1082 νῦν
2562 1031 2795 1098 ἄγγελον
2841 1032 2935 1085 τὸν
2983 1032 3111 1086 Υῐὸν
3140 1033 3238 1086 τοῦ
3271 1032 3410 1086 Θεοῦ
3458 1035 3634 1099 καλεῖ,

2051 1121 2307 1193 καθάπερ
2341 1123 2435 1174 καὶ
2466 1122 2781 1194 ἄνθρωπον.
2822 1123 3205 1194 Ἐπιφαενεται
3246 1125 3302 1179 δὲ
3346 1126 3496 1197 αὐτῷ
3539 1129 3638 1180 οὐκ

2050 1213 2111 1265 ὲν
2137 1213 2248 1285 ναῷ
2272 1252 2288 1278 ,
2346 1214 2461 1266 ἀλλ’
2519 1216 2575 1267 ὲν
2622 1218 2687 1285 τῇ
2750 1216 2980 1286 ἐρήμῳ·
3042 1216 3139 1270 καὶ
3165 1218 3277 1271 οὐδ’
3313 1221 3370 1271 ἐν
3408 1220 3546 1290 αὐτῇ
3569 1222 3634 1290 τῇ

2050 1301 2405 1371 ἐρήμῳ,άλλ’
2451 1304 2510 1356 ἐν
2567 1305 2633 1372 τῇ
2674 1303 2843 1375 βάτῳ.
2894 1304 3024 1361 Ἰδοὺ
3068 1308 3159 1360 καὶ
3189 1307 3375 1378 φωνῆς
3402 1308 3630 1380 ἠξιώθη.

2024 1466 2027 1467 ν
2064 1393 2228 1460 Ἐγὼ,
2251 1395 2444 1465 φησὶν,
2480 1396 2508 1449 ὁ
2559 1394 2691 1458 Θεὸς
2736 1397 2847 1449 τῶν
2894 1398 3150 1465 πατέρων
3176 1416 3293 1466 σου,
3328 1401 3357 1452 ὁ
3391 1399 3632 1471 μεγάλης

2053 1481 2251 1552 βουλῆς
2279 1484 2564 1552 Ἄγγελος.
2591 1486 2775 1539 Λῦσον
2799 1486 2861 1541 τὸ
2889 1488 3144 1558 ὑπόδημα
3160 1490 3266 1542 τῶν
3297 1489 3475 1542 ποδῶν
3502 1508 3594 1544 σου
3615 1506 3631 1523 ⁸

2051 1580 2079 1632 ὁ
2109 1580 2216 1649 γὰρ
2236 1581 2399 1642 τόπος
2426 1581 2483 1634 ἐν
2512 1576 2556 1651 ᾦ
2582 1579 2842 1650 ἕστηκας,
2864 1582 2934 1651 γῆ
2960 1581 3093 1651 ἁγία
3122 1582 3290 1637 ἐστιν.
3332 1580 3390 1636 '0
3413 1582 3578 1644 τόπος
3605 1582 3634 1634 ὁ

2054 1672 2209 1741 ἅγιος
2243 1674 2309 1743 τῇ
2340 1673 2633 1745 ἐπιφανείᾳ
2680 1674 2774 1727 τοῦ
2835 1672 3100 1745 Χριστοῦ,
3160 1674 3253 1727 καὶ
3290 1673 3471 1746 πολλῷ
3501 1674 3629 1728 Gau-

367 1774 476 1829 silii
528 1773 791 1844 Angelus,
840 1773 892 1828 id
926 1780 1008 1827 est
1049 1771 1293 1827 nuntius.
1321 1769 1482 1825 Solve
1512 1769 1728 1823 calceos
1749 1767 1944 1838 pedum

2059 1763 2295 1836 μασιώτε
2303 1782 2395 1835 ρος
2417 1764 2512 1818 τοῦ
2542 1766 2734 1830 τόπου,
2756 1765 2852 1820 τοῦ
2881 1767 2940 1819 ἑν
2960 1768 3068 1830 τοῖς
3094 1765 3296 1831 Ἀγίοις
3315 1768 3421 1820 τῶν
3439 1766 3628 1836 ἁγίων.

368 1875 612 1921 tuormn.
641 1867 820 1921 Locus
851 1868 1018 1931 enim,
1049 1866 1103 1920 in
1133 1879 1243 1935 quo
1277 1863 1555 1928 cousisﬁs,
1586 1870 1731 1915 terra
1754 1870 1944 1915 sancta

364 1967 471 2012 est.
534 1957 715 2013 Locus
782 1969 1011 2013 sanctus
1083 1964 1203 2011 erat
1265 1965 1485 2025 propter
1546 1953 1941 2023 apparitionem

364 2052 593 2117 Christi,
628 2066 691 2105 ac
735 2052 911 2123 multo
965 2050 1263 2105 mirabilior
1317 2065 1384 2103 eo
1430 2049 1571 2112 luco,
1604 2047 1696 2116 qui
1732 2055 1851 2101 erat
1884 2048 1937 2100 in

2066 1860 2215 1913 Ἐκεῖ
2240 1859 2348 1930 γὰρ
2381 1858 2618 1928 οὐδαμοῦ
2652 1857 2826 1924 οὕτως
2864 1860 3059 1929 ἐφάνη.
3094 1854 3227 1912 Εἶτα
3270 1859 3365 1911 κιιλ⁸
3397 1860 3429 1929 ἡ
3463 1858 3623 1929 κηδε-

2055 1954 2215 2025 μονία
2251 1953 2440 2023 πολλή.
2476 1951 2624 2006 Ἰδὼν
2648 1953 2756 2023 γὰρ
2812 1948 2953 2007 εἶδον
2984 1954 3083 2023 τὴν
3115 1952 3357 2007 κάκωσιν
3385 1952 3475 2005 τοῦ
3493 1951 3623 2006 λαοῦ

2054 2064 2180 2117 μου.

364 2143 581 2199 Sanctis
611 2152 951 2198 sanctorum.
1002 2142 1117 2197 Illic
1169 2143 1313 2197 enim
1384 2154 1655 2209 nusquam
1723 2142 1803 2192 sic
1865 2143 2137 2210 apparuit.
2182 2137 2385 2192 Deinde
2451 2138 2620 2192 inulta
2687 2152 2905 2210 quoque
2935 2153 3068 2194 cura
3115 2146 3281 2210 atque
3321 2136 3631 2195 sollicitudo

363 2238 674 2293 adhibetur.
730 2236 847 2291 Vidi
882 2239 1051 2301 enim,
1104 2236 1209 2290 vidi
1282 2235 1529 2303 inquam,
1587 2234 1930 2290 vexationem
1971 2237 2153 2308 populi
2189 2235 2319 2289 mei.

441 2329 601 2384 Vens.
630 2328 719 2383 55.
742 2331 896 2383 Hunc
920 2327 1161 2397 Moysen,
1191 2344 1341 2398 quem
1362 2327 1788 2396 repudiaverunt,
1825 2342 1944 2380 cum

364 2421 596 2476 dicerent
627 2438 646 2476 :
679 2420 809 2487 Quis
861 2433 909 2477 te
959 2431 1235 2489 praetorem
1291 2431 1339 2474 et
1388 2420 1630 2488 judicent
1670 2420 1946 2475 constituit

365 2530 522 2584 super
560 2531 654 2569 nos
681 2516 708 2568 .9

436 2691 601 2748 Vens.
626 2693 716 2749 56.
736 2697 909 2759 Hunc,
927 2693 1160 2764 inquam,
1190 2692 1324 2747 Deus
1351 2694 1640 2762 principem
1664 2709 1724 2747 ac
1744 2694 1945 2748 redem-

366 2794 565 2853 ptorem
607 2783 750 2837 misit
782 2798 873 2851 per
903 2799 1119 2835 manum
1168 2783 1362 2852 angeli,
1422 2782 1515 2851 qui
1549 2783 1598 2837 ei
1628 2791 1948 2851 apparuerat

364 2877 418 2929 in
442 2875 596 2929 rubo.
625 2877 726 2931 llic
753 2874 936 2929 eduxit
958 2886 1053 2929 eos
1090 2875 1247 2943 factis
1291 2873 1550 2942 prodigiis
1579 2889 1640 2926 ac
1673 2873 1841 2942 signis
1892 2872 1948 2924 iu

364 2978 507 3021 terra
542 2967 796 3038 IEggpto,
833 2977 880 3022 et
904 2968 958 3020 in
990 2968 1126 3021 mari
1155 2966 1353 3031 Rubro,
1385 2975 1434 3019 et
1461 2966 1515 3019 in
1539 2964 1824 3018 solitudine
1853 2979 1924 3017 an

367 3074 461 3111 nos
494 3058 870 3126 quadraginta.
1534 3066 1563 3078 ‘

2132 2327 2353 2382 Τοῦτον
2380 2328 2487 2381 τὸν
2521 2326 2805 2396 Μωυσῆν,
2835 2327 2908 2382 ὃν
2932 2327 3277 2396 ἠρνήσαντο
3314 2329 3584 2394 εἰπόντες
3609 2343 3624 2360 ·

2058 2422 2154 2486 Ti;-
2176 2437 2249 2474 σε
2282 2419 2661 2489 κατέστησεν
2689 2419 2950 2488 devorto
2976 2420 3070 2475 κα)
3089 2420 3386 2487 δικαστήν
3409 2439 3428 2488 ;

2128 2688 2353 2743 Τοῦτον
2375 2691 2407 2742 ό
2428 2687 2571 2754 Θεὸς
2592 2688 2853 2757 ἄρχοντα
2885 2687 2980 2742 καὶ
3009 2686 3323 2755 λυτρωτὴν
3349 2687 3625 2742 ἀπέστει-

2052 2785 2163 2837 λεν
2223 2782 2292 2835 ἐν
2327 2780 2474 2849 χειρὶ
2529 2780 2830 2847 ἀγγέλου,
2869 2778 2977 2833 τοῦ
3025 2779 3311 2847 ὀφθέντος
3351 2779 3511 2843 αὐτῷ
3560 2779 3631 2833 ἐν

2054 2872 2129 2940 τῇ
2146 2872 2333 2938 βάτῳ.
2373 2867 2560 2934 Οὗτος
2606 2867 2905 2939 ἐξήγαγεν
2936 2870 3191 2937 αὐτοὺς.
3233 2870 3494 2936 ποιήσας
3530 2869 3620 2924 τέο

2040 2980 2193 3033 ρατα
2225 2962 2320 3016 καὶ
2341 2960 2557 3031 σημεῖα
2583 2961 2654 3015 ἐν
2684 2960 2761 3029 γῆ
2781 2961 3053 3031 Διγύπτφ
3071 2961 3113 3025 ⁸,
3149 2962 3247 3014 καὶ
3274 2962 3346 3015 ἐν
3379 2959 3627 3031 Ἐρυθρᾷ

2050 3053 2361 3122 θαλάσσῃ,
2385 3053 2482 3107 καὶ
2524 3054 2594 3106 ἐν
2629 3051 2704 3121 τῇ
2736 3053 2958 3123 ἐρήμῳ,
2989 3054 3092 3121 ἐτη
3150 3043 3622 3124 τεσσαράκοντα.

434 3147 549 3215 66
576 3145 737 3199 Vens.
780 3145 869 3198 57.
912 3143 1010 3196 llic
1042 3153 1120 3197 est
1149 3144 1239 3196 ille
1278 3142 1512 3211 Moyses,
1541 3143 1631 3211 qui
1653 3142 1789 3194 dixit
1816 3141 1944 3209 ﬁliis

2121 3142 2312 3213 Οὗτός
2357 3147 2530 3201 ἐστιν
2573 3148 2606 3200 ό
2652 3145 2933 3214 Μωῦσῆς,
2972 3149 3004 3200 d
3051 3146 3239 3200 εἰπὼν
3285 3147 3407 3212 τοῖς
3472 3145 3624 3213 υἱοῖς

366 3235 591 3291 lsraelis
660 3250 678 3288 :
745 3234 1065 3302 Prophetam
1145 3234 1406 3288 excitabit
1465 3234 1610 3287 vobis
1684 3232 1945 3286 Dominus

372 3329 508 3381 Deus
534 3338 697 3382 vester
725 3341 791 3380 ca:
829 3326 1091 3394 fratribus
1132 3326 1316 3379 vestris
1347 3324 1504 3377 sicuti
1535 3339 1613 3377 me
1642 3338 1660 3376 :
1698 3339 1819 3379 eum
1849 3339 1945 3376 au-

364 3419 525 3473 dietis
557 3430 617 3471 ιιι.

438 3511 603 3566 Vens.
646 3509 733 3564 58.
775 3508 874 3562 llic
895 3517 995 3572 est,
1053 3507 1143 3577 qui
1174 3506 1275 3573 fuit
1321 3508 1378 3559 in
1434 3507 1835 3576 congregatione
1889 3507 1945 3560 in

365 3600 651 3655 solitudine
681 3614 797 3652 cum
846 3597 1056 3667 angelo,
1109 3598 1201 3666 qui
1256 3596 1569 3665 loquebatur
1602 3598 1648 3649 ei
1689 3596 1741 3650 in
1774 3607 1945 3650 incute

365 3691 521 3754 Sina,
557 3701 606 3745 et
646 3706 764 3743 cum
799 3688 1089 3757 majoribus
1119 3687 1356 3741 nostris:
1388 3687 1479 3757 qui
1504 3686 1699 3753 accepit
1721 3686 1940 3740 oracula

369 3784 481 3839 λίνα
517 3792 568 3845 ιι,
598 3797 713 3851 qua:
737 3781 887 3833 daret
918 3778 1091 3833 nobis.

438 3874 606 3931 Vens.
642 3875 729 3929 39.
771 3864 885 3929 Cui
913 3873 1141 3941 majores
1168 3871 1340 3925 nostri
1374 3870 1585 3924 obedire
1613 3869 1892 3924 noluerunt
1925 3886 1939 3921 :

370 3969 459 4021 sed
486 3983 605 4021 eum
652 3967 977 4037 repulerunt,
1008 3973 1056 4019 et
1084 3964 1263 4018 animo
1314 3978 1410 4018 suo
1444 3969 1469 3997 °
1498 3964 1633 4016 versi
1694 3945 1816 4016 sunt
1888 3963 1942 4015 in

370 4056 679 4128 .Egyptum.

436 4147 607 4205 Vens.
629 4148 719 4204 ιο.
749 4147 882 4204 Cum
916 4147 1149 4203 dicerent
1185 4147 1252 4201 ad
1290 4147 1559 4201 Aaronem
1600 4161 1617 4198 :
1648 4144 1756 4199 Fac
1787 4143 1941 4198 nobis

364 4240 488 4296 deos
546 4241 636 4310 qui
701 4239 1003 4308 pra'cedant
1050 4255 1164 4294 nos.
1219 4236 1366 4293 Nam
1421 4236 1599 4308 Moysi
1663 4236 1804 4300 huic,
1851 4236 1942 4305 qui

366 4349 462 4386 nos
491 4330 675 4385 eduxit
706 4331 771 4386 de
812 4340 959 4386 terra
1015 4329 1267 4401 Egypti,
1318 4330 1580 4385 nescimus
1626 4327 1752 4398 quid
1807 4328 1945 4380 acci-

364 4422 527 4478 derit.

2060 3237 2340 3305 Ἰσραήλο
2394 3237 2717 3306 Προφήτην
2775 3237 3111 3304 ἀναστήσει
3154 3238 3298 3307 ὑμῖν
3348 3238 3562 3307 Κύριος
3590 3241 3625 3292 ό

2049 3330 2194 3394 Θεὸς
2218 3328 2388 3398 ἡμῶν
2414 3330 2434 3361 ⁹
2472 3328 2540 3381 ἐκ
2569 3329 2689 3381 τῶν
2711 3328 2990 3399 ἀδελφῶν
3024 3328 3191 3399 ὑμῶν
3212 3330 3291 3395 ὡς
3319 3329 3425 3400 ἐμέ
3451 3330 3516 3384 ¹⁰.

2120 3502 2309 3573 Οὗτός
2330 3507 2501 3568 ἐστιν
2556 3510 2587 3559 c‘
2623 3509 2948 3576 γενόμενος
2993 3508 3062 3560 ἐν
3095 3507 3168 3575 τῇ
3207 3508 3625 3576 Ἐκκλησιᾳέν

2044 3598 2117 3667 τῇ
2140 3598 2337 3667 ἐρήμῳ
2361 3598 2510 3665 μετὰ
2528 3597 2631 3650 τοῦ
2653 3598 2935 3666 ἀγγέλου,
2965 3596 3071 3650 τοῦ
3095 3597 3434 3662 λαλοῦντος
3462 3597 3623 3664 σὺτῷ

2043 3689 2114 3741 ἐν
2164 3688 2245 3752 τῷ
2299 3686 2421 3753 ὄρει
2465 3678 2634 3750 Σινᾶ,
2691 3687 2788 3740 καὶ
2844 3687 2965 3740 τῶν
2998 3688 3269 3758 πατέρων
3553 3691 3621 3755 ὃς

2043 3777 2289 3840 ἐδέξατο
2324 3777 2496 3846 λόγια
2527 3779 2567 3809 ¹¹
2599 3777 2783 3838 ζῶντα
2803 3778 3013 3832 δοῦναι
3043 3780 3204 3849 ἡμῖν.

2117 3862 2191 3938 Ὦ
2214 3871 2324 3923 οὐκ
2354 3868 2672 3938 ἠθέλησαν
2699 3868 2952 3937 ὑπήκοοι
2973 3871 3253 3938 γενέσθαι
3289 3874 3343 3925 οι
3370 3871 3622 3940 πατέρες

2045 3958 2215 4027 ἡμῶν
2235 3976 2247 3988 ·
2277 3960 2415 4013 ἀλλ’
2446 3960 2790 4026 ἀπώσαντο,
2825 3962 2922 4013 καὶ
2954 3960 3351 4031 ἐστράφησαν
3371 3961 3448 4031 τῇ
3483 3981 3622 4031 καρα-

2044 4047 2143 4115 δίᾳ
2174 4047 2373 4104 αὐτῶν
2402 4051 2489 4115 εἰς
2514 4049 2833 4118 Αιγυπτον.

2084 4142 2405 4208 Ἐἰπόντες
2441 4141 2522 4207 τῷ
2556 4142 2768 4211 Ἀαρὼν
2793 4182 2808 4208 ,
2837 4144 3093 4212 ΠοΙησαι
3132 4144 3274 4213 ἡμῖν
3322 4145 3524 4210 Θεοὺς.
3564 4145 3621 4197 οἳ

2044 4234 2553 4302 προπορεύσονται
2578 4232 2775 4303 ήμῶν·
2809 4238 2841 4288 ό
2869 4236 2978 4305 γὰρ
3008 4233 3269 4306 Μωῦσῆς
3316 4232 3513 4302 οὗτος,
3551 4238 3618 4304 ὃς

2042 4326 2339 4396 ἐξήγαγεν
2357 4323 2517 4393 ἡμᾶς
2545 4326 2613 4380 ἐκ
2637 4326 2749 4397 γῆς
2779 4328 3105 4396 Αἰγύπτου,
3130 4332 3242 4384 οὐκ
3281 4330 3529 4400 οἴδαμεν
3561 4330 3621 4385 τι

2046 4417 2292 4488 γέγονεν
2321 4417 2502 4480 αὐτῷ.

433 4509 602 4567 Vens.
631 4510 720 4565 41.
754 4509 823 4564 Et
856 4509 1077 4564 vitulum
1111 4512 1348 4577 [ecerunt
1401 4509 1454 4562 in
1499 4508 1682 4563 diebus
1729 4508 1860 4573 illis,
1891 4517 1940 4563 et

2054 4478 2067 4488 I
2115 4478 2225 4559 ix'ai
2262 4478 2758 4572 ἐμοσχοποίησαν
2785 4504 2855 4558 ἐν
2888 4506 3018 4574 ταῖς
3062 4508 3306 4580 ἡμέραις
3337 4511 3616 4581 ἐκείναις,

365 4600 666 4655 obtulerunt
695 4600 927 4653 hostiam
956 4599 1247 4654 simulacro
1266 4639 1282 4663 ,
1316 4614 1379 4653 ac
1417 4615 1639 4655 suarum
1690 4615 1943 4653 manuum

369 4690 613 4763 operibus
642 4689 1064 4744 delectabantur.

437 4772 619 4859 Hunc,
644 4779 848 4851 inquit,
871 4779 1117 4851 Moysen,
1149 4778 1242 4850 qui
1298 4782 1422 4837 vita:
1452 4782 1751 4853 periculum
1793 4781 1949 4848 adiit,

365 4874 459 4946 qui
494 4873 565 4929 ab
590 4874 698 4929 illis
728 4872 903 4926 fuerat
923 4879 1289 4942 contemptus,
1314 4889 1477 4945 quem
1506 4875 1743 4930 aversati
1769 4881 1946 4937 erant,

366 4981 531 5036 quem
588 4962 1029 5033 repudiaverant,
1085 4978 1211 5019 cum
1251 4964 1551 5021 excitasset
1608 4962 1751 5021 Deus
1797 4964 1946 5019 misit

366 5073 465 5130 per
503 5071 725 5111 manum
758 5056 960 5126 angeli,
1012 5057 1107 5125 qui
1158 5065 1491 5126 apparuerat
1549 5056 1599 5111 ei
1661 5056 1718 5110 in
1782 5055 1942 5109 rubo.

367 5151 542 5216 Quem
592 5148 847 5219 angelum
892 5147 1049 5213 dicit,
1092 5148 1268 5217 palam
1312 5161 1375 5200 ac
1423 5144 1718 5200 manifesto
1772 5143 1944 5199 Deum

367 5244 577 5297 viderat
611 5257 676 5298 ac
705 5239 976 5296 nominat.
1007 5237 1106 5293 Hic
1139 5247 1224 5294 est
1251 5239 1343 5293 ille
1368 5236 1605 5309 Moyses,
1664 5238 1757 5308 qui
1805 5235 1947 5291 dixit

369 5338 713 5406 ﬁliislsrael,
782 5338 1113 5411 Prophetam
1171 5336 1433 5392 excitabit
1486 5334 1753 5391 Dominus
1801 5334 1944 5389 Deus

2041 4595 2140 4649 καὶ
2163 4595 2470 4666 ἀνήγαγον
2486 4598 2708 4652 θυσίαν
2732 4596 2811 4664 τῷ
2832 4598 3076 4667 nemo,
3108 4603 3207 4658 καὶ
3227 4606 3621 4675 εὐφραίνοντο

2043 4688 2112 4741 ἐν
2142 4685 2269 4753 τοῖς
2302 4688 2501 4757 ἔργοις
2523 4687 2641 4741 τῶν
2673 4689 2888 4758 χειρῶν
2913 4692 3133 4748 αὐτῶν.

2115 4779 2343 4842 Τοῦτον,
2368 4780 2527 4849 φησὶ,
2554 4779 2645 4832 τὸν
2674 4782 2899 4847 Minoia,
2923 4784 3014 4840 τὸν
3032 4785 3451 4841 κινδυνεύσαντα
3483 4788 3617 4842 ἀπο-

2047 4870 2254 4934 λέσθαι,
2282 4870 2371 4923 τὸν
2403 4871 2496 4924 ὑπ’
2541 4870 2725 4925 αὐτῶν
2773 4873 3212 4959 ἐξουθενηθέντα,
3269 4877 3330 4931 ὃν
3368 4881 3621 4954 παρῃτή-

2051 4979 2234 5025 σαντο,
2266 4964 2295 5015 ὁ
2317 4961 2449 5026 Θεὸς
2472 4962 2691 5033 ἐγείρας
2744 4964 3062 5038 ἀπέστειλεν
3107 4968 3166 5021 ἐν
3209 4972 3353 5042 χειρὶ
3382 4972 3617 5040 ἀγγέλου

2048 5054 2143 5108 τοῦ
2170 5053 2429 5122 ὀφθέντος
2458 5051 2608 5125 αύτῷ
2649 5055 2707 5109 ὲν
2734 5057 2801 5126 τῇ
2850 5054 3018 5126 βάτῳ.
3059 5058 3156 5112 Ὃν
3187 5060 3423 5127 ἄγγελον
3444 5062 3616 5130 λέγει,

2046 5144 2308 5215 ἐμφανῶς
2339 5142 2473 5196 Θεὸν
2531 5138 2637 5197 εἶδε
2695 5146 2792 5200 καὶ
2844 5145 3124 5217 ὀνομάζει.
3188 5144 3357 5213 Οὗτός
3402 5153 3551 5205 ἐστιν
3588 5153 3620 5205 ὁ

2047 5239 2310 5309 Μωῦσῆς,
2358 5239 2388 5291 ὁ
2443 5236 2616 5291 εἰπὼν
2636 5241 2748 5302 τοῖς
2780 5239 2926 5303 Υῑοῐς
2998 5242 3254 5314 Ἰσραήλ·
3324 5245 3620 5315 Προφήτην

2044 5333 2339 5402 ἀναστήσει
2366 5331 2614 5403 Κύριοςό
2645 5329 2775 5395 Θεὸς
2803 5327 3022 5403 ὑμῖν¹⁹ὲκ
3052 5334 3160 5389 τῶν
3189 5335 3432 5406 ἀδελφῶν
3463 5335 3619 5408 ὑμῶν

1521 5448 1724 5510 Variae
1753 5448 2064 5510 lectiones
2107 5450 2169 5506 et
2203 5448 2393 5517 note,

437 5558 459 5590 ⁸
493 5558 553 5611 In
579 5559 793 5626 vulgato
831 5567 926 5618 est,
988 5557 1045 5610 ὲν
1068 5558 1136 5626 τῇ
1182 5553 1466 5625 Αἰγύπτῳ.
1491 5623 1514 5626 _
1542 5555 1563 5587 '
1599 5556 1677 5626 In
1722 5553 1933 5622 vulgato

2048 5594 2061 5626 _,
2109 5550 2398 5626 προφήτην
2443 5547 2575 5626 ὑμῖν
2610 5549 2908 5620 ἀναστήσει
2939 5552 3143 5618 Κύριος
3187 5556 3217 5608 ὁ
3266 5552 3399 5617 Θεὸς
3438 5552 3611 5625 ὑμῶν.

370 5625 414 5657 ¹⁰
443 5626 505 5680 In
531 5623 739 5697 uulgato
782 5629 877 5680 hoc
918 5628 1029 5680 loco
1081 5623 1316 5691 additur,
1348 5623 1517 5678 αὑτοῦ
1547 5623 1867 5677 ἀκούσεσθε.

1946 5623 1986 5653 ¹¹
2027 5618 2093 5675 1η
2136 5617 2348 5688 uulgato
2384 5626 2482 5682 est,
2516 5617 2690 5685 λόγον.

440 5719 621 5775 Itch
644 5720 750 5775 duo
782 5721 937 5776 verba
957 5722 1334 5776 desileruntur
1373 5722 1426 5776 in
1485 5719 1781 5790 exemplari
1840 5726 2044 5782 vetusto
2096 5712 2481 5780 manuscripto.
2560 5709 2675 5785 ιν.
2720 5714 2857 5769 vitta.
2936 5732 2957 5755 ο
2990 5719 3144 5774 corde
3173 5736 3287 5773 suo.
