4116 6216
459 274 565 339 ϐῑθ

1203 271 1608 334 EXPOS‘ITIO
1647 272 1730 334 IN
1773 272 1955 332 ACTA
1999 271 2580 339 APOSTOLORUM.
2621 303 2688 312 -
2720 279 2880 342 CAP.
2923 281 3034 344 IX.

3607 290 3716 354 650

531 378 844 448 Βαρνάϐας
906 379 976 431 δὲ
1041 379 1477 450 ἐπιλαϐόμενος
1555 379 1744 435 αὐτὸν
1773 421 1787 444 ,
1851 378 2039 448 ἤγαγε

2224 380 2383 438 Vens.
2415 383 2505 439 27.
2533 382 2640 439 Sed
2676 385 2958 444 Barnabas
2990 391 3299 460 pre/tensum
3333 409 3454 450 eum
3482 398 3632 453 duxit
3651 403 3721 456 ad

459 470 608 538 πρὸς
655 471 796 536 τοὺς
833 469 1253 536 ἀποστόλουςο
1311 471 1409 524 καὶ
1460 470 1794 540 διηγήσατο
1827 469 2034 536 αὐτοῖς

457 560 585 627 πῶς
622 561 692 615 ἐν
717 559 790 628 τῇ
831 559 948 625 ὀδῷ
993 561 1115 615 cide
1138 563 1244 616 τὸν
1275 563 1512 631 Κύριον
1567 562 1666 615 καὶ
1699 561 1789 616 ὅτι
1815 559 2036 628 ἐλάλη-

454 669 570 708 σεν
616 652 778 718 αὐτῷ
797 670 812 686 ο
843 652 942 706 καὶ
971 651 1096 720 πῶς
1126 652 1197 707 ἐν
1219 652 1513 723 Δαμασκῷ
1544 650 2036 721 ἐπαρρησιάσατο

454 745 526 799 ἐν
551 745 634 810 τῷ
665 745 912 816 ὀνόματι
965 745 1070 800 τοῦ
1131 745 1349 814 Ἰησοῦ.

525 838 635 892 Kal
669 833 750 907 ἦν
792 836 919 906 μετ’
949 836 1151 892 αὐτῶν
1198 838 1764 906 είσπορευόμενόςτΙ
1821 840 1907 903 εὶς
1945 837 2038 890 Ἰε-

448 928 776 999 ρουσαλὴμ
799 966 814 990 ,
871 927 969 981 καὶ
1015 927 1569 997 παρρησιαζόμενος
1596 928 1665 981 ἐν
1685 926 1766 991 τῷ
1793 929 2036 998 ὀνόματι

455 1019 562 1074 τοῦ
588 1023 810 1087 Κυρίου
848 1019 1051 1086 Ἰησοῦ
1072 1020 1138 1074 τ’.

539 1111 778 1165 Ἐλάλει
805 1128 869 1164 τε
889 1111 988 1166 καὶ
1003 1111 1189 1188 ἐζήτει
1210 1113 1257 1144 ⁷³
1275 1113 1424 1182 πρὸς
1441 1113 1582 1178 τοὺς
1612 1111 2034 1180 Ἑλληνιστάς.

460 1206 525 1258 0i
561 1203 630 1256 δὲ
652 1203 1006 1273 ἐπεχείρουν
1031 1205 1220 1258 αὐτὸν
1253 1205 1517 1260 ἀνελεῖν.

539 1295 919 1363 Ἑπιγνόντες
942 1292 1010 1346 δὲ
1043 1296 1095 1347 οί
1126 1293 1400 1364 ἀδελφοὶ,
1470 1297 1817 1365 κατήγαγον
1849 1295 2038 1349 αὐτὸν

458 1387 544 1450 εις
599 1383 999 1451 Καισάρειαν,
1057 1383 1154 1437 καὶ
1215 1384 1662 1448 ἐξαπέστειλαν
1711 1387 1897 1440 αὐτὸν
1951 1386 2038 1450 είς

462 1476 716 1543 Ταρσόν.

526 1568 596 1619 Al
611 1565 730 1634 μὲν
749 1560 864 1620 οὖν
892 1565 1240 1635 Ἐκκλησίαι
1265 1567 1393 1622 καθ’
1437 1567 1586 1635 ὅλης
1609 1565 1715 1635 τῆς
1756 1566 2038 1631 ἰουδαίας

457 1657 555 1710 καὶ
602 1657 937 1723 Γαλιλαίας
1001 1657 1101 1712 καὶ
1167 1659 1500 1727 Σαμαρείας
1573 1653 1744 1725 εἶχον
1787 1655 2038 1724 εζρήνην

457 1748 948 1819 οἱκοδομούμεναι
997 1749 1098 1804 καὶ
1150 1753 1548 1819 πορευόμεναι
1589 1749 1668 1814 τῷ
1709 1750 1878 1818 φόϐῳ
1928 1746 2034 1800 τοῦ

457 1841 698 1908 Κυρίου,
731 1839 829 1894 καὶ
856 1838 926 1910 τῇ
948 1839 1327 1910 παρακλήσει
1353 1839 1459 1894 τοῦ
1484 1839 1658 1910 ἁγίου
1691 1840 2034 1908 Πνεύματος

456 1933 900 1998 ἐπληθύνοντο.

539 2027 596 2078 '0
617 2024 974 2096 “Bapvéﬁzg
1025 2024 1314 2094 ἄνθρωπος
1367 2023 1617 2094 ἐπιεικὴς
1675 2023 1770 2076 καὶ
1802 2022 2032 2092 ἥμερος,

458 2117 552 2170 καὶ
589 2116 652 2169 ἐκ
677 2113 866 2168 τούτου
922 2114 1218 2178 δείκνυται,
1263 2112 1360 2166 καὶ
1407 2113 1470 2166 ὲκ
1497 2112 1606 2166 τῶν
1663 2112 1800 2181 μετὰ
1860 2109 2034 2163 ταῦτα

402 2224 407 2234 ⁸
459 2208 818 2279 πραχθέντων
861 2206 1032 2276 αὐτῷ.
1067 2207 1228 2268 Ἴσως
1247 2203 1306 2258 δὲ
1343 2204 1439 2258 καὶ
1479 2203 1855 2274 προεγίνωσκε
1885 2201 2034 2256 Παῦε

457 2302 568 2367 λον,
601 2301 752 2370 φίλος
785 2298 880 2352 ὢν.
919 2298 1063 2370 Πρὸς
1093 2298 1276 2360 ποίους
1302 2297 1358 2350 δὲ
1396 2296 1728 2357 ἀποστόλους
1779 2293 1986 2364 ἢγαγεν
2018 2309 2033 2358 ;

461 2393 623 2455 Ἴσως
650 2393 786 2462 πρδς
824 2392 1029 2460 Πέτρον
1095 2391 1190 2444 καὶ
1226 2387 1510 2453 Ἰάκωϐον,
1535 2385 1626 2448 οὓς
1659 2385 1755 2438 καὶ
1776 2384 1939 2447 αὐτὸς
1975 2385 2033 2437 ὲν

457 2485 524 2554 τῇ
556 2483 692 2554 πρὸς
717 2482 962 2544 Γαλάτας
992 2481 1141 2550 λέγει
1171 2481 1250 2535 ὅτι
1276 2475 1440 2533 εἶδεν.
1471 2478 1616 2548 ’Ὀρα
1631 2476 1687 2529 δὲ
1718 2475 1808 2529 τὸν
1825 2474 2038 2528 Παῦλον

459 2577 542 2630 ὃτι
580 2576 641 2628 οὐ
673 2575 812 2646 πρὸς
845 2576 974 2639 τοὺς
1032 2573 1369 2637 ἀποστόλους
1423 2570 1668 2633 ἄπεισιν,
1701 2569 1776 2630 ὡς
1809 2567 2036 2637 μετριά-

462 2667 572 2732 ζων
595 2683 608 2700 ·
637 2667 752 2720 ἀλλ’
792 2668 954 2730 αὐτὸς
986 2666 1084 2737 μὲν
1105 2665 1242 2736 πρὸς
1265 2665 1393 2728 τοὺς
1422 2661 1695 2733 μαθητὰς,
1731 2659 1827 2713 ἆτε
1862 2657 2040 2730 μαθη-

459 2759 555 2828 τὴς
585 2757 678 2810 ὢν·
708 2757 992 2828 Βαρνάϐας
1012 2755 1069 2810 δὲ
1086 2755 1249 2811 αὑτὸν
1277 2753 1530 2823 καὶπρὸς
1557 2752 1681 2814 τοὺς
1711 2749 2041 2812 ἀποστόλους

465 2849 607 2916 ἄγει,
633 2848 732 2902 καὶ
767 2849 1041 2919 διηγεῖται
1082 2846 1180 2901 iit:
1215 2843 1689 2917 ἐπαρρησιάσατο.
1742 2840 1952 2894 Ἑλάλει
1980 2857 2040 2892 τε

465 2937 560 2990 καὶ
586 2937 866 3007 συνεζήτει
897 2936 1034 3005 πρὸς
1059 2934 1183 2998 τοὺς
1213 2934 1580 3004 Ἐλληνιστὰς,
1603 2933 1722 3002 ἦτοι
1755 2931 1891 3001 πρὸς
1915 2930 2043 2994 τοὺς

479 3031 783 3100 Ἑλληνιστὶ
821 3027 1229 3099 φθεγγομένους
1262 3025 1564 3088 Ἰουδαίους.
1599 3025 1828 3077 Ἐκεῖνοι
1854 3023 1962 3092 γὰρ
1988 3023 2039 3075 οἱ
2065 3059 2112 3121 c

464 3123 612 3177 ἄλλοι
641 3123 690 3175 οἱ
718 3121 904 3192 βαθεῖς
952 3120 1216 3191 Ἑϐραῖοι,
1238 3119 1358 3173 οὐδὲ
1386 3118 1515 3171 ἰδεῖν
1545 3115 1708 3170 αὐτὸν
1733 3116 2032 3186 ἠνείχοντοο

465 3215 665 3285 μᾶλλον
701 3214 759 3268 δὲ
788 3214 882 3267 καὶ
910 3213 1232 3284 ἐπεχείρουν
1272 3211 1481 3266 ἀνελεῖν
1523 3208 1707 3263 αὐτόν.
1749 3209 2035 3276 Ἐπιγνόν-

461 3325 554 3370 τες
581 3307 639 3360 δὲ
663 3307 712 3359 oi
743 3304 984 3374 ἀδελφοὶ,
1019 3305 1333 3375 κατήγαγον
1362 3301 1524 3357 αὐτὸν
1550 3303 1629 3366 εἰς
1657 3301 1996 3372 Καισάρειαν
2017 3316 2030 3332 ’

464 3398 792 3468 φοϐηθέντες
823 3396 884 3452 τὸ
927 3396 1021 3451 ἐπὶ
1073 3395 1369 3465 Στεφάνου,
1418 3391 1814 3465 περισὼζουσιν
1874 3392 2036 3446 αὐτὸν

464 3492 542 3553 είς
575 3490 946 3560 Καισάρειανο
1011 3484 1113 3542 εἷθ’
1168 3485 1343 3550 οὕτως
1370 3486 1450 3549 εἰς
1504 3485 1742 3556 Ταρσὸν,
1786 3485 1902 3554 ἅμα
1940 3481 2036 3537 καὶ

462 3582 670 3648 διδάξαι
697 3581 791 3633 καὶ
819 3582 876 3633 ὲν
899 3579 1166 3649 ἀσφαλείᾳ
1221 3572 1381 3644 εἶναι,
1418 3577 1494 3640 ὠς
1527 3577 1585 3628 ὲν
1631 3574 1738 3645 ἰδίᾳ
1792 3573 2035 3644 πατρίδι.

465 3674 538 3726 Οὐ
561 3673 669 3743 γὰρ
697 3671 840 3724 οὕτω
873 3671 1005 3742 προς
1032 3671 1157 3732 τοὺς
1183 3669 1377 3731 ἄλλους
1411 3665 1695 3737 ἐμαίνοντο
1712 3666 1760 3718 oi.
1792 3665 2038 3718 Ἰουδαῖοι

465 3762 538 3824 ὡς
566 3762 696 3832 περὶ
764 3760 979 3814 τούτου.
1011 3758 1149 3820 Τοὺς
1191 3757 1302 3828 γὰρ
1343 3756 1535 3818 ἄλλους
1562 3755 1670 3808 τῶν
1724 3753 2038 3808 ἀποστόλων

466 3851 560 3904 καὶ
604 3849 826 3922 ᾐδοῦντο
869 3848 966 3904 an
995 3850 1089 3901 καὶ
1117 3847 1194 3917 τῷ
1223 3847 1402 3916 χρόνῳ
1441 3843 1914 3914 ὑποθραυσθέντες
1943 3840 2040 3912 τὴν

467 3943 586 3996 κατ’
632 3941 812 3996 αὐτῶν
847 3940 1066 4010 μανίαν,
1096 3939 1190 3992 καὶ
1240 3937 1335 3991 ἆτε
1363 3935 1622 3998 πολλάκις
1651 3934 2041 4004 παραστάντας

467 4037 558 4087 καὶ
610 4033 714 4086 ὑπὸ
755 4032 850 4085 τοῦ
921 4031 1160 4102 πλήθους
1213 4026 1647 4098 θαυμασθέντας.
1699 4026 1763 4078 Αἱ
1795 4025 1891 4094 μὲν
1946 4019 2040 4076 οὖν

480 4125 798 4195 Ἐκκλησίαι
831 4123 954 4176 καθ’
989 4124 1118 4193 ὅλης
1155 4123 1253 4192 τῆς
1302 4120 1564 4182 Ἰουδαίας
1605 4118 1700 4172 καὶ
1745 4115 2037 4179 Γαλιλαίας

468 4224 561 4276 καὶ
613 4220 948 4292 Σαμαρείας,
1002 4215 1148 4287 εἶχον
1201 4216 1448 4286 εἰρήνην.
1507 4212 1710 4266 Μέλλει
1736 4210 1918 4278 λέγειν
1960 4209 2041 4262 ὅτι

2139 474 2430 541 apostolos,
2461 485 2511 530 et
2559 481 2800 533 narravit
2833 483 2905 534 eis
2939 485 3386 552 quemadmodum
3425 488 3482 541 in
3530 491 3720 546 itinere

2137 564 2423 622 Dominum
2473 571 2703 637 vidisset,
2749 583 2797 626 et
2829 583 2886 627 ut
2937 575 2984 627 ei
3027 573 3284 630 Dominns
3319 578 3520 633 loculus
3565 593 3717 646 esset,

2140 664 2188 709 et
2209 659 2651 726 quemadmodum
2685 660 2933 718 Damasci
2963 664 3124 719 libere
3148 683 3335 721 nomen
3367 669 3492 724 Jesu
3523 676 3721 742 μναιαί-

2137 758 2304 802 οαεεει
2313 789 2328 803 .

2207 836 2369 895 Vens.
2415 839 2504 896 28.
2540 841 2606 896 Et
2623 853 2736 898 erat
2762 845 2816 899 in
2844 845 3136 903 Jerusalem
3172 866 3288 904 cum
3321 854 3404 916 iis,
3428 855 3721 927 ingrediens

2135 936 2184 983 et
2213 931 2498 999 egrediens,
2527 940 2576 988 et
2609 932 2768 989 libere
2787 937 3078 1004 pradicans
3107 956 3293 995 nomen
3324 942 3539 1000 Domini
3575 946 3718 1004 Jesu.

2208 1109 2370 1164 Vsus.
2398 1108 2488 1164 29.
2523 1108 2959 1182 Loquebaturque
2981 1129 3045 1167 ac
3083 1115 3390 1184 disputabat
3421 1135 3540 1174 cum
3570 1121 3720 1177 Cra:-

2138 1199 2355 1252 canicis.
2381 1199 2449 1252 At
2487 1199 2569 1253 illi
2601 1200 2934 1255 conabantur
2964 1219 3083 1257 eum
3113 1207 3366 1264 occidere.
3405 1251 3415 1257 .

2209 1289 2371 1346 Vens.
2395 1292 2484 1346 50.
2513 1291 2661 1356 Quod
2685 1293 2772 1347 ubi
2800 1299 2992 1364 fratres
3021 1297 3358 1366 resciverunt,
3389 1302 3716 1358 deduxerunt

2139 1401 2260 1438 eum
2298 1383 2625 1452 Ctesaream,
2653 1395 2702 1439 et
2737 1387 3051 1443 dimiserunt
3087 1389 3335 1448 Tarsum.

2208 1564 2373 1621 Vens.
2410 1567 2496 1621 51.
2522 1567 2590 1621 Ει
2621 1565 2871 1623 Ecclesia:
2905 1572 3110 1640 quidem
3129 1589 3223 1638 per
3251 1583 3415 1628 totam
3446 1577 3715 1642 Judazam,

2137 1661 2418 1716 Galilwam
2463 1677 2511 1716 et
2551 1661 2858 1716 Samariam
2900 1679 3028 1730 pace
3058 1665 3389 1732 fruebantur,
3418 1670 3720 1741 εάωάεβ-

2069 1735 2499 1822 Bcabanturque
2539 1762 2590 1805 et
2635 1751 2986 1804 versabantur
3040 1753 3097 1805 in
3149 1753 3334 1809 timore
3388 1735 3620 1827 Dim—nni,
3652 1735 3719 1818 ἐι

2139 1841 2538 1908 conﬁrmatione
2580 1849 2738 1910 atque
2771 1841 3132 1897 consolatione
3176 1847 3346 1899 sancti
3378 1846 3605 1916 Spiritus
3627 1869 3718 1906 re-

2136 1930 2414 1997 plebantur
2440 1938 2488 1984 et
2529 1931 2882 2002 augebantur.

2208 2023 2508 2080 Barnabam
2541 2025 2816 2080 hominem
2845 2026 3014 2083 fuisse
3049 2029 3373 2098 humanum,
3398 2033 3720 2105 benignum,

2138 2124 2486 2170 mansuetum
2508 2124 2562 2170 et
2591 2116 2804 2179 mitem,
2839 2133 2964 2173 cum
2999 2135 3065 2174 ex
3096 2120 3199 2176 lioc
3241 2123 3360 2178 loCo
3391 2127 3718 2193 ostenditur,

2139 2215 2254 2260 tum
2304 2221 2372 2260 ex
2422 2206 2508 2270 iis,
2539 2207 2630 2276 qui
2681 2215 2865 2276 postea
2894 2210 2962 2264 ab
3003 2208 3092 2264 illo
3119 2221 3250 2266 sunt
3290 2222 3432 2271 acta.
3472 2216 3720 2272 Forsitan

2139 2302 2322 2348 autem
2353 2295 2517 2349 etiam
2547 2305 2672 2350 ante
2703 2295 3224 2366 Paulumnoverat,
3259 2303 3402 2371 quod
3431 2316 3576 2360 esset
3601 2307 3722 2376 ejus

2139 2385 2367 2439 amicus.
2392 2384 2505 2440 Sed
2531 2387 2599 2440 ad
2629 2402 2767 2455 quos
2787 2403 2911 2441 eum
2929 2388 3084 2443 duxit
3111 2393 3384 2460 apostolos
3415 2395 3437 2448 ?
3467 2396 3719 2454 Forsitan

2141 2476 2206 2532 ad
2231 2477 2448 2532 Petrum
2489 2486 2546 2532 et
2573 2476 2857 2545 Jacobum,
2878 2495 3014 2549 quos
3045 2482 3209 2537 etiam
3246 2483 3361 2554 ipse
3391 2486 3444 2541 in
3479 2489 3722 2559 Epistola

2141 2569 2208 2623 ad
2236 2568 2453 2623 Galatas
2482 2584 2540 2624 se
2559 2569 2760 2625 vidisse
2789 2571 2940 2627 dicit.
2973 2570 3108 2627 Vide
3145 2583 3325 2629 autem
3356 2578 3584 2633 Paulum
3611 2597 3722 2636 non

2143 2661 2208 2714 ad
2236 2660 2512 2731 apostolos
2536 2662 2818 2728 accedere,
2841 2671 2900 2717 ut
2919 2665 3013 2733 qui
3036 2665 3298 2722 modestia
3322 2678 3486 2739 atque
3517 2675 3722 2739 pudore

2146 2765 2249 2805 suo
2292 2751 2722 2820 prohiberetur:
2767 2754 2862 2808 sed
2905 2753 3020 2824 ipse
3058 2756 3279 2825 quidem
3318 2760 3385 2813 ad
3426 2761 3722 2831 discipulos

2143 2840 2297 2907 abiit,
2337 2851 2396 2895 ut
2423 2841 2516 2912 qui
2552 2841 2853 2913 discipulus
2889 2855 3032 2900 esset
3068 2863 3081 2898 :
3131 2847 3224 2902 sed
3269 2847 3547 2904 Barnabas
3595 2867 3720 2906 eum

2144 2931 2306 2985 etiam
2346 2931 2416 2986 ad
2452 2935 2729 3003 apostolos
2773 2935 2942 3000 ducit,
2992 2947 3048 2991 et
3092 2947 3276 2992 narrat
3317 2955 3437 3009 quae
3492 2941 3723 2998 vidisset

2145 3039 2377 3095 quaeque
2418 3025 2590 3081 libere
2621 3027 2837 3082 locutus
2867 3025 3046 3082 esset.
3078 3029 3608 3101 Colloquebalm'que
3659 3049 3725 3088 ac

2140 3115 2454 3186 disputabat
2501 3131 2626 3172 cum
2697 3117 3030 3174 Graecanicis
3062 3161 3077 3185 ,
3136 3121 3252 3176 sive
3316 3138 3439 3177 cum
3493 3124 3578 3178 his
3630 3127 3724 3196 qui

2141 3207 2328 3264 Graece
2371 3210 2735 3280 loquebantur
2778 3211 2999 3268 Judmis.
3033 3213 3167 3268 Nam
3215 3214 3292 3268 illi
3323 3216 3434 3280 alii,
3468 3217 3560 3285 qui
3598 3233 3726 3286 pro-

2139 3298 2292 3355 fundi
2323 3311 2480 3356 erant
2506 3301 2740 3369 Hebraei,
2774 3318 2842 3358 ne
2866 3303 3046 3359 videre
3079 3305 3298 3375 quidem
3331 3322 3453 3361 eum
3487 3308 3724 3364 sustine-

2139 3392 2318 3459 bant;
2349 3392 2458 3448 imo
2530 3408 2660 3448 vero
2709 3394 2872 3448 etiam
2906 3395 3216 3452 interficere
3269 3413 3394 3452 eum
3446 3399 3728 3454 conaban~

2141 3491 2248 3537 tur.
2268 3482 2423 3548 Quod
2447 3485 2537 3539 ubi
2564 3485 2812 3556 discipuli
2839 3487 3202 3553 resciverunt,
3232 3489 3575 3546 deduxerunt
3599 3507 3724 3546 eum

2139 3571 2458 3629 Caesaream.
2525 3573 2679 3639 Quod
2737 3586 3044 3631 metuerent
3102 3593 3169 3632 ne
3207 3579 3529 3646 accideret,
3579 3583 3726 3652 quod

2141 3672 2386 3732 tempore
2417 3664 2678 3733 Stephani
2705 3676 2981 3731 evenerat,
3018 3669 3225 3722 salvum
3259 3669 3560 3727 Czesaream
3602 3688 3724 3743 pcr-

2142 3753 2352 3808 ducunt
2403 3772 2416 3808 :
2462 3754 2587 3807 inde
2634 3754 2863 3808 Tarsum
2914 3758 3320 3827 profecturum,
3375 3763 3614 3816 utsimul
3673 3774 3727 3818 et

2143 3843 2386 3906 doceret,
2411 3852 2466 3897 et
2505 3853 2562 3896 ut
2589 3844 2642 3897 in
2674 3859 2770 3898 sua
2799 3846 2995 3915 patria,
3030 3847 3085 3901 in
3112 3857 3227 3902 tuto
3249 3859 3411 3904 esset.
3431 3850 3549 3906 Non
3579 3853 3725 3907 enim

2144 3941 2296 3986 tanto
2318 3933 2582 3987 adversus
2606 3933 2742 3988 alios
2793 3933 2998 4000 furore,
3041 3946 3244 4004 quanto
3270 3938 3538 3992 adversus
3580 3940 3728 3996 hunc

2144 4025 2363 4080 accensi
2392 4033 2547 4079 erant
2578 4024 2772 4081 Judtei.
2814 4024 2949 4080 Nam
2979 4037 3205 4083 caeteros
3247 4030 3550 4098 apostolos,
3580 4033 3728 4101 quod

2146 4127 2200 4172 et
2257 4133 2416 4172 suum
2463 4115 2724 4172 adversus
2778 4117 2900 4172 illos
2945 4119 3181 4173 furorem
3233 4119 3406 4189 spatio
3468 4122 3730 4192 temporis

2148 4209 2517 4279 infregissent,
2566 4217 2620 4264 et
2659 4209 2733 4262 illi
2779 4224 2838 4264 se
2871 4210 3072 4280 sapius
3115 4211 3322 4280 judicio
3365 4211 3634 4268 stitissent
3673 4222 3730 4268 et

469 4316 712 4368 κάτεισιν
770 4313 980 4365 ἐκεῖθεν
1024 4310 1228 4379 Πέτρος
1260 4322 1274 4336 ⁸
1313 4306 1399 4360 ἵνα
1444 4300 1537 4358 οὖν
1569 4303 1644 4373 μὴ
1690 4301 1857 4370 φόϐου
1885 4299 2039 4354 τοῦτο

2151 4300 2550 4365 exhibuisscnt,
2606 4312 2771 4371 atque
2806 4301 2950 4371 apud
2997 4303 3398 4358 multitudinem
3450 4314 3637 4359 essent
3671 4306 3726 4360 in

469 4407 717 4476 νομίσῃς,
757 4405 1040 4474 προεῖπεν,
1065 4402 1146 4454 ὅτι
1187 4400 1410 4469 εἰρήνην
1433 4393 1579 4466 εἶχον
1601 4395 1658 4448 αἱ
1698 4392 2038 4462 Ἑκκλησίαι·

2148 4394 2528 4457 admiratione,
2556 4394 2720 4449 etiam
2751 4396 3145 4450 reverebantur
3181 4406 3238 4451 et
3263 4398 3632 4454 honorabant.
3664 4400 3728 4454 Et

468 4498 556 4550 ὅτε
587 4498 684 4567 μὲν
707 4495 815 4566 γὰρ
843 4494 996 4564 ἀκμὴ
1025 4487 1092 4563 ἦν
1120 4489 1212 4545 τοῦ
1254 4491 1511 4559 πολέμου,
1552 4487 1608 4540 ἐν
1651 4482 2039 4556 Ἰεροσολύμοις

2149 4486 2408 4542 Ecclesiae
2435 4486 2654 4556 quidem
2687 4502 2784 4556 per
2809 4496 2974 4542 totam
3004 4487 3246 4543 Judaeum
3293 4500 3352 4544 et
3373 4488 3647 4545 Galilazam
3673 4504 3729 4547 et

428 4631 433 4636 ι
467 4589 736 4661 διέτριϐον
758 4589 808 4642 οἱ
829 4584 1138 4641 ἀπόστολοι·
1202 4582 1429 4652 εἰρήνης
1467 4575 1912 4648 πρυτανευούσης
1946 4575 2039 4627 καὶ

2152 4576 2449 4631 Samariam
2502 4592 2632 4646 pace
2687 4577 3026 4632 fruebantur.
3089 4579 3339 4634 Dicturus
3383 4589 3467 4635 est
3505 4579 3726 4637 Petrum

468 4683 592 4746 τοὺς
620 4681 812 4743 ἄλλους
833 4679 1033 4738 τόπους
1067 4670 1432 4742 κηρύττοντες
1465 4667 1726 4737 ἐπῄεσαν.

2149 4666 2298 4722 illinc
2331 4668 2682 4722 descendere.
2722 4667 2801 4723 Ne
2835 4669 2994 4741 igitur
3021 4671 3078 4725 id
3097 4682 3272 4727 metus
3298 4690 3458 4730 causa
3486 4675 3598 4730 ﬁeri
3629 4692 3726 4730 su-

472 4773 712 4842 spiteris,
755 4770 1010 4841 praefatur
1041 4761 1310 4819 Ecclesias
1341 4775 1471 4830 pace
1500 4774 1620 4814 esse
1648 4772 1792 4812 usas.
1823 4756 1954 4812 Nam
1989 4759 2044 4813 in
2085 4760 2264 4814 medio
2311 4759 2530 4830 quidem
2579 4761 2772 4815 ardore
2835 4763 2961 4816 belli
3040 4764 3424 4837 Hierosolymis
3503 4767 3732 4838 apostoli

474 4862 947 4919 commorabanlur
979 4873 994 4911 ι
1022 4871 1150 4924 pace
1190 4851 1482 4909 constituta
1505 4847 1665 4902 etiam
1695 4847 1902 4916 reliqua
1929 4849 2044 4904 loca
2078 4851 2434 4920 praedicantes
2457 4852 2818 4920 peragrabant
2837 4863 2892 4908 et
2919 4854 3164 4911 obibant.

553 4955 822 5025 Ἐγένετο
843 4952 910 5005 δὲ
943 4951 1168 5020 Πέτρον
1219 4945 1608 5013 διερχόμενον
1642 4942 1740 4996 διὰ
1777 4943 2046 5013 πάντων,

474 5047 783 5101 κατελθεῖν
805 5045 902 5100 καὶ
929 5044 1077 5113 πρὸς
1101 5040 1242 5105 τοὺς
1268 5039 1477 5108 ἁγίους
1517 5036 1660 5103 τοὺς
1707 5037 2053 5092 κατοικοῦν-

476 5155 580 5204 τας
608 5138 870 5191 Λύδδαν.

539 5224 697 5294 Εὗρε
729 5228 796 5280 6ὲ
824 5226 953 5280 ἐκεῖ
1001 5224 1316 5292 ἄνθρωπόν
1372 5237 1505 5274 τινα
1558 5218 1776 5272 Αἰνέαν
1808 5219 2054 5287 ὀνόματι

478 5317 627 5372 ἐτῶν
671 5317 822 5371 ὀκτὼ
874 5316 1304 5384 κατακείμενον
1350 5309 1814 5377 ἑπὶκραϐΰάτῳ·
1869 5308 1938 5374 ὃς
1969 5306 2048 5379 ἦν

483 5405 992 5473 παραλελυμένος.

2231 4948 2390 5003 Vens.
2438 4948 2527 5001 32.
2577 4948 2782 5001 Accidit
2830 4957 3032 5014 autem,
3067 4961 3124 5004 ut
3160 4952 3347 5006 Petrus
3379 4955 3556 5007 omnia
3611 4970 3732 5024 per-

2153 5049 2372 5103 agrans,
2395 5037 2720 5090 descenderet
2766 5037 2926 5090 etiam
2971 5039 3042 5092 ad
3093 5050 3319 5107 sanctos,
3364 5043 3454 5112 qui
3495 5041 3730 5112 Lyddam

2154 5125 2470 5180 incolebant.

2228 5215 2388 5271 Vens.
2413 5217 2502 5271 55.
2543 5216 2757 5287 Reperit
2787 5228 2964 5273 autem
3005 5221 3118 5274 illic
3148 5221 3407 5276 hominem
3449 5219 3728 5288 quemdam

2155 5309 2361 5362 nomine
2385 5307 2639 5372 zEneam,
2670 5311 2760 5381 qui
2801 5327 2966 5365 annos
3005 5313 3126 5381 jam
3157 5322 3272 5365 octo
3303 5309 3640 5364 duumbebat
3675 5311 3731 5365 in

2155 5397 2396 5467 grabato,
2429 5399 2567 5468 quod
2593 5401 2916 5471 paralyticus
2945 5413 3096 5456 esset.

1665 5511 1865 5575 Variae
1893 5511 2202 5575 lectiones
2247 5517 2308 5572 et
2340 5519 2526 5574 “olm.

552 5625 594 5656 ⁷¹
635 5621 700 5677 In
739 5619 1088 5691 vulgatoJaoc
1135 5618 1244 5693 loco
1295 5615 1531 5693 additur,
1559 5613 1653 5668 καὶ
1703 5613 2039 5693 ἐκπορευόμε

2234 5612 2386 5693 "fit
2413 5615 2747 5693 hic_additur
2778 5615 2831 5668 in
2859 5613 3087 5682 vulgato,
3121 5613 3381 5686 Χριστοῦ.
3454 5615 3501 5648 ’³
3525 5614 3590 5672 In
3616 5617 3732 5673 vul-

486 5707 606 5766 gato
639 5702 732 5758 est,
763 5682 1064 5759 συνεζήτει.
1097 5696 1143 5740 et
1199 5687 1273 5738 ita
1327 5684 1484 5752 paulo
1511 5695 1624 5754 post
1648 5684 1894 5754 repetitur
1925 5683 1978 5734 in
2003 5699 2039 5737 84

2139 5683 2215 5736 'io.
2293 5682 2336 5714 ’⁷⁸
2360 5683 2446 5737 Ia.
2493 5685 2595 5738 ὅτι.

824 5787 1093 5847 ΡΑτιιοι.
1121 5786 1236 5844 Gn.
1270 5777 1522 5844 CXXV.

3276 5775 3350 5840 21
