4116 6216
356 343 465 407 €55

1283 324 1858 391 THEOPHYLACTI
1898 320 2313 382 Blll.GARI.E
2356 318 2716 381 ARCHIEP.

3527 317 3631 381 656

361 458 638 526 Cornelio,
666 472 783 510 rum
826 458 1060 508 vocasset
1095 448 1225 500 duos
1265 462 1437 501 servos
1488 460 1638 507 suos,
1674 452 1722 496 et
1758 456 1823 495 ex
1852 441 1940 503 iis,

2074 438 2255 506 ἠλίῳ,
2311 435 2606 506 φωνήσας
2661 434 2772 489 δύο
2833 433 2949 488 τῶν
2995 433 3243 488 οἰκετῶν
3295 434 3481 486 αὐτοῦ
3535 434 3632 486 καί

361 554 452 626 qui
483 552 585 608 sibi
616 548 870 619 parebant
920 559 982 596 ac
1010 549 1203 610 prwsto
1237 539 1566 592 continenter
1604 542 1778 598 erant,
1806 532 1951 587 mili-

364 664 465 702 tem
497 643 828 714 religiosum,
1928 690 1935 697 I

443 736 610 791 Vens.
638 732 689 787 8.
725 727 789 783 Et
826 726 1002 781 omnia
1029 724 1104 779 eis
1134 722 1485 794 exposuisset,
1520 719 1666 775 misit
1691 734 1779 774 eos
1814 716 1949 787 lop-

385 847 487 883 ›(η.

385 848 487 883 ιτα.

366 848 383 900 ⁷
438 919 537 973 llic
562 931 673 971 non
706 922 793 969 est
827 910 1071 975 Judteus,
1103 922 1285 978 neque
1317 922 1383 962 ex
1414 906 1501 972 iis,
1531 904 1623 976 qui
1653 903 1763 975 87
1795 910 1951 957 erant

364 1014 467 1068 sub
491 1012 605 1079 lege
631 1026 644 1062 :
665 1006 758 1060 sed
781 1003 892 1075 jam
916 1008 1075 1055 antea
1098 1005 1817 1070 prmoccupaveratnostrum
1835 994 1959 1047 vita:

368 1101 683 1155 institutum
712 1113 728 1151 :
759 1108 823 1149 ac
851 1092 960 1147 duo
994 1090 1215 1145 interim
1255 1089 1486 1144 credunt
1518 1102 1585 1142 ex
1617 1086 1706 1140 iis.
1741 1084 1834 1154 qui
1867 1083 1953 1138 di-

370 1195 576 1264 gnitate
598 1185 811 1260 praediti
840 1188 1018 1247 erant,
1043 1187 1282 1251 qumstor
1303 1178 1556 1236 videlicet
1581 1174 1955 1244 Ethiopissze,

369 1291 425 1339 et
455 1282 564 1337 hic.
609 1278 738 1332 Pius
770 1291 835 1328 ac
878 1273 1068 1326 timens
1109 1270 1280 1324 Deum
1309 1284 1427 1321 cum
1459 1275 1570 1320 tota
1601 1264 1807 1336 familia
1838 1280 1957 1317 sua.

371 1371 675 1429 Audiamus
702 1364 796 1435 qui
828 1360 1127 1417 familiares
1155 1373 1221 1412 ac
1249 1355 1581 1411 domesticos
1609 1362 1826 1409 nostros
1864 1366 1962 1406 ne-

372 1463 624 1536 gligimus
663 1476 679 1512 :
719 1464 774 1511 at
808 1452 895 1508 bic
924 1452 1088 1507 etiam
1121 1449 1189 1505 de
1225 1447 1489 1503 militibus
1525 1445 1786 1500 sollicitus
1823 1449 1960 1498 erat.

373 1532 627 1606 Centurio
684 1547 749 1602 de
793 1546 1002 1600 cohorte
1037 1556 1155 1612 qua:
1185 1538 1474 1594 uocabatur
1502 1535 1717 1590 Italica.
1751 1532 1824 1587 De
1847 1548 1963 1586 ma-

376 1660 479 1716 gna
539 1643 685 1698 enim
737 1637 966 1694 cohorte
1017 1640 1172 1700 erat,
1226 1629 1441 1700 inquit,
1493 1642 1614 1699 quae
1667 1624 1965 1681 vocabatur

388 1735 592 1791 Italica.
624 1730 781 1802 Spira
806 1735 989 1782 autem
1011 1765 1025 1790 ,
1062 1724 1115 1777 id
1151 1729 1235 1777 est
1262 1719 1459 1775 cohors
1484 1725 1571 1772 est
1588 1759 1603 1782 ,
1633 1729 1796 1786 quem
1818 1727 1965 1767 nunc

379 1795 1016 1880 vocamus-Numerum.
1046 1811 1180 1865 Nam
1215 1810 1418 1865 idcirco
1457 1806 1635 1861 virum
1666 1813 1854 1858 notum
1900 1816 1963 1857 ac
1993 1795 2036 1851 Β

382 1913 729 1971 manifestum
752 1907 905 1973 facit,
936 1920 1008 1960 ne
1030 1903 1154 1973 quis
1177 1901 1322 1956 dicat
1343 1898 1475 1953 falsa
1505 1895 1783 1951 memoriae
1807 1894 1960 1964 prodi

386 2008 444 2062 in
499 2001 727 2059 historia
795 1997 1224 2066 Scripturarum.
1290 1989 1584 2044 Sciendum
1652 1996 1737 2041 est
1780 1994 1963 2040 autem

388 2097 595 2169 spiram
645 2092 761 2146 sive
801 2086 1085 2143 cohortem
1130 2083 1488 2138 ducentorum
1529 2077 1764 2133 militum
1808 2090 1962 2140 esse;

389 2167 693 2243 custodiam
740 2195 906 2245 vero,
948 2175 1246 2246 sexaginta.
1288 2171 1431 2225 Vidit
1460 2187 1552 2225 uer
1584 2170 1754 2223 visum
1792 2167 1969 2220 mani-

388 2286 536 2355 feste,
573 2282 740 2351 ferme
774 2275 844 2329 ad
880 2274 1067 2327 horam
1102 2270 1207 2324 diei
1236 2276 1461 2332 sextam,
1497 2264 1737 2336 angelum
1755 2262 1852 2317 Dei
1884 2262 1968 2315 in-

389 2353 533 2446 gredi
580 2372 649 2423 ad
685 2383 760 2421 se.
809 2362 967 2419 Videt
1011 2361 1287 2433 angelum,
1331 2366 1393 2412 ut
1431 2357 1595 2412 Petro
1639 2355 1799 2426 plena
1833 2353 1969 2408 ﬁdes

392 2444 584 2525 ticeret;
629 2459 739 2513 imo
779 2471 910 2512 vero
948 2467 1061 2507 non
1106 2452 1203 2516 illi,
1251 2449 1350 2505 sed
1393 2447 1515 2502 aliis
1556 2444 1966 2500 inﬁrmioribus.

390 2556 544 2609 Nona
581 2559 764 2606 autem
800 2548 931 2604 liora
958 2584 975 2610 ,
1015 2544 1233 2615 quando
1260 2541 1406 2596 curis
1436 2539 1670 2603 solutus,
1697 2548 1751 2593 et
1775 2538 1827 2591 iu
1857 2537 1970 2592 otio

330 2689 334 2692 .
393 2654 509 2701 erat
537 2654 698 2713 atque
716 2635 1295 2710 quiete.Posteaquam
1322 2640 1507 2686 autem
1530 2630 1736 2685 viderat
1766 2628 1970 2684 Oculus

394 2736 666 2802 veritatis,
700 2744 755 2790 et
786 2746 1016 2803 magnus
1046 2729 1134 2784 ille
1160 2726 1362 2793 Judex,
1394 2740 1590 2797 magna
1628 2739 1752 2780 esse
1781 2739 1968 2794 opera,

395 2831 493 2887 sed
518 2839 752 2894 mortua,
783 2828 826 2881 si
857 2825 989 2880 ﬁdes
1021 2822 1184 2885 desit,
1215 2820 1383 2876 mittit
1411 2819 1683 2891 angelum,
1708 2816 1801 2888 qui
1833 2830 1975 2886 pra:-

398 2924 524 2978 miis
560 2936 725 2992 opera
762 2923 1101 2987 compenset,
1144 2923 1205 2967 ut
1233 2927 1329 2968 eos
1370 2914 1465 2982 qui
1495 2917 1644 2965 recte
1680 2913 1972 2970 certarent,

392 3015 508 3071 ,ﬁde
536 3020 840 3069 coronaret.
871 3009 954 3064 Ab
983 3008 1172 3063 obtutu
1203 3013 1384 3059 autem
1416 3013 1590 3058 terror
1615 3002 1847 3072 injectus
1869 3007 1974 3064 est;

401 3107 496 3161 sed
529 3104 793 3165 modicus,
822 3107 883 3153 ut
916 3114 1039 3153 cum
1069 3098 1331 3151 duntaxat
1368 3094 1421 3147 in
1453 3106 1512 3147 se
1541 3098 1885 3146 converteret
1910 3101 1975 3142 ac

402 3202 648 3249 moveret
674 3212 687 3245 :
716 3187 914 3244 deinde
936 3187 1097 3240 verba
1130 3192 1331 3237 metum
1365 3182 1668 3237 solverunt.
1698 3177 1972 3234 Orationes

404 3296 507 3338 tua:
549 3290 596 3334 et
646 3279 983 3346 eleemosyna:
1024 3282 1127 3326 tute
1171 3272 1519 3325 ascenderunt
1563 3270 1618 3323 in
1664 3269 1975 3322 memoriam

403 3387 584 3428 coram
612 3369 746 3423 ‘Deo.
778 3364 916 3419 Vide
948 3378 1056 3433 quo
1084 3361 1462 3432 progrediatur
1493 3359 1837 3429 eleemosyna
1862 3377 1876 3413 :
1909 3359 1976 3413 ad

404 3470 569 3526 crelii
625 3480 794 3536 usque
840 3472 1005 3532 atque
1053 3458 1156 3531 ipsi
1198 3456 1334 3512 solio
1383 3453 1529 3524 regio
1569 3451 1794 3506 assistit.
1846 3449 1977 3505 Vide

405 3564 533 3616 item
575 3558 824 3629 angelum
855 3553 1006 3624 prius
1037 3558 1277 3605 mentem
1301 3542 1684 3616 ejuserigere,
1712 3549 1768 3597 et
1792 3539 1859 3595 ad
1887 3555 1979 3595 su-

406 3653 591 3709 blimia
639 3649 924 3704 traducere
943 3685 957 3710 ,
993 3659 1056 3699 ac
1085 3651 1197 3697 tum
1226 3637 1425 3695 deinde
1467 3635 1648 3690 dicere
1674 3648 1795 3703 quae
1823 3632 1975 3687 dicit.

407 3747 474 3803 Et
509 3759 645 3799 nunc
688 3740 835 3795 mitte
873 3738 1008 3792 uiros
1038 3735 1095 3788 in
1124 3732 1346 3801 Joppen,
1377 3737 1425 3781 et
1467 3739 1675 3779 accerse
1711 3722 1979 3778 Simonem

404 3841 745 3909 ccgnomento
764 3829 1006 3885 Petrum.
1033 3825 1131 3880 Hic
1152 3823 1305 3876 habet
1332 3819 1613 3890 hospitium
1642 3817 1781 3886 apud
1802 3830 1980 3887 quem-

405 3907 533 3986 dam
554 3926 815 3982 Simonem
840 3918 1148 3976 coriarium.
1173 3914 1252 3969 Ne
1284 3912 1352 3968 ad
1378 3911 1546 3967 alium
1569 3907 1841 3973 venirent,
1864 3919 1979 3960 non

407 4022 581 4077 solum
610 4034 644 4075 a
675 4014 1018 4089 cognomine,
1050 4023 1241 4066 verum
1272 4005 1433 4060 etiam
1464 4019 1494 4058 a
1524 4003 1645 4058 loco
1674 4001 1850 4055 virum
1882 3999 1979 4053 de-

406 4112 597 4169 clarat.
627 4109 726 4166 Cui
746 4116 829 4162 est
860 4101 1186 4158 domicilium
1212 4098 1373 4169 juxta
1404 4111 1571 4151 mare.
1605 4093 1831 4146 Remota
1861 4090 1979 4143 loca

405 4206 624 4262 urbium
648 4201 998 4258 sectabantur
1022 4191 1278 4262 apostoli,
1302 4189 1446 4260 quod
1469 4183 1777 4242 solitudinis
1797 4189 1981 4237 essent

408 4307 573 4369 atque
613 4294 709 4350 otii
755 4291 936 4346 amici.
988 4286 1126 4354 Quid
1168 4283 1313 4339 enim
1358 4280 1404 4336 si
1457 4277 1772 4349 contigisset
1816 4277 1981 4330 etiam

408 4365 574 4445 alium
608 4384 773 4440 esse?
815 4382 955 4436 Ecce
996 4379 1212 4450 signum
1259 4381 1602 4439 est,,ncmpe
1646 4366 1791 4438 quod
1826 4365 1982 4436 juxta

2054 528 2431 599 στρατιώτην
2508 525 2734 595 εὐσεϐῆ
2815 525 2934 580 τῶν⁸
3021 524 3636 594 προσκαρτερούντων

2054 621 2215 684 αὐτῷ
2255 635 2270 651 ο
3478 676 3483 679 _

2139 712 2634 783 Ἐξηγησάμενος
2667 710 2715 743 ⁸⁸
2743 708 2946 776 αὐτοῖς
2985 708 3242 774 ἅπαντα,
3274 705 3634 762 ἀπέστειλεν

2054 806 2279 870 αὐτοὺς
2307 806 2395 870 είς
2434 803 2549 872 τὴν
2600 803 2867 870 Ἰόππην.

2128 888 2296 956 Οὗτος
2324 894 2425 946 οὐκ
2466 893 2617 946 ἔστιν
2654 891 2927 955 Ἰουδαῖος,
2962 890 3083 945 οὐδὲ
3115 888 3224 942 τῶν
3268 889 3371 942 ὑπὸ
3407 888 3500 941 τὸν
3542 888 3631 941 νό-

2061 1004 2179 1058 μον·
2215 986 2328 1040 ἀλλ’
2360 986 2465 1057 ήδη
2497 983 2818 1057 προειλήφει
2858 985 2956 1055 τὴν
3002 982 3278 1054 ἡμετέραν
3321 980 3620 1034 πολιτείαν·

2057 1079 2152 1133 δύο
2189 1080 2246 1134 δὲ
2286 1077 2606 1132 πιστεύουσι
2661 1077 2797 1140 τέως
2834 1077 2891 1130 ἐν
2940 1074 3251 1145 ἀξιώματι,
3282 1075 3310 1127 ὃ
3339 1091 3398 1126 τε
3428 1075 3632 1143 ταμίας

2059 1172 2156 1243 τῆς
2193 1170 2547 1240 Αίθιοπίσσης
2574 1172 2669 1223 καὶ
2699 1163 2873 1231 οὗτος.
2910 1166 3184 1234 Εὐσεϐὴς
3216 1165 3313 1218 καί
3343 1165 3634 1234 φοϐούμε-

2059 1280 2167 1330 νος
2200 1263 2310 1316 τὸν
2361 1261 2512 1316 Θεὸν
2539 1262 2662 1316 σὺν
2689 1261 2867 1315 παντί
2902 1260 2985 1326 τῷ
3011 1259 3156 1325 οἴκῳ
3192 1259 3404 1313 αὐτοῦ.
3454 1258 3639 1312 Ἀκού-

2064 1373 2246 1426 σωμεν
2300 1356 2418 1409 ὅσοι
2473 1355 2583 1409 τῶν
2642 1352 2859 1407 οἰκείων
2885 1351 3218 1423 ἁμελοῦμεν·
3246 1346 3402 1413 οὗτος
3435 1349 3492 1402 δὲ
3538 1350 3636 1403 καὶ
3720 1386 3730 1398 .

2065 1447 2414 1516 στρατιωτῶν
2431 1448 2529 1499 ἐπε
2537 1443 2786 1516 μελεῖτο.ι
2799 1441 3277 1510 Ἐκατοντάρχης
3292 1441 3360 1495 ἐκ
3377 1444 3637 1510 σπείρης

2062 1537 2171 1606 τῆς
2239 1536 2622 1607 καλουμένης
2692 1534 3014 1603 Ἰταλικῆς.
3073 1533 3331 1604 Μεγάλης
3406 1534 3639 1607 σπείρης

2054 1632 2174 1702 γὰρ
2229 1628 2298 1702 ἦν
2324 1672 2338 1696 ,
2398 1630 2556 1700 φησι,
2596 1626 2941 1697 καλουμένης
3003 1626 3296 1696 Ἰταλικῆς.
3328 1627 3535 1696 Σπετρα
3578 1625 3635 1678 δέ

2067 1724 2238 1797 ἐστιν,
2275 1722 2303 1776 ὃ
2339 1721 2616 1791 καλοῦμεν
2654 1721 2750 1775 νῦν
2775 1719 3079 1789 Νούμερον.
3103 1716 3202 1771 Διὰ
3232 1718 3390 1770 τοῦτο
3417 1717 3475 1770 δὲ
3509 1716 3640 1785 γοῦν

2065 1816 2208 1867 ποιεῖ
2259 1813 2351 1867 τὸν
2390 1813 2558 1882 ἄνδρα
2612 1809 2890 1882 γνώριμον
2946 1811 3042 1863 καὶ
3094 1808 3287 1879 δῆλον,
3328 1809 3416 1862 ἵνα
3443 1811 3515 1880 μή
3550 1826 3633 1872 τις

2066 1906 2200 1977 εἴπῃ
2256 1906 2338 1959 ὅτι
2381 1905 2639 1976 ψεύδεται
2700 1902 2807 1956 τῶν
2864 1900 3097 1972 Γραφῶν
3147 1902 3180 1971 ή
3238 1900 3464 1971 ἱστορία.
3533 1899 3638 1952 Ἰσ-

2065 1999 2188 2053 τέον
2230 1998 2287 2051 δὲ
2338 1997 2420 2051 ὅτι
2466 1998 2499 2068 ή
2549 1997 2648 2066 μὲν
2698 1996 2918 2064 σπεῖρα,
2972 1993 3263 2047 διακοσίων
3307 1993 3423 2045 ἐστὶ
3478 2009 3636 2062 στρα-

2066 2091 2297 2145 τιωτῶν·
2327 2093 2360 2160 ή
2414 2090 2470 2143 δὲ
2498 2087 2824 2150 κουστωδία,
2870 2084 3153 2155 ἑξήκοντα.
3180 2079 3357 2138 Εἷδεν
3401 2083 3471 2137 ἐν
3506 2081 3644 2152 ὁρά-

2063 2196 2205 2249 ματι
2236 2176 2509 2248 φανερῶς
2542 2177 2622 2241 ὡς
2646 2178 2733 2241 εἰς
2766 2173 2927 2241 ὤραν
2965 2171 3228 2239 ἐννάτην
3260 2169 3372 2237 τῆς
3396 2169 3640 2238 ἡμέρας,

2068 2267 2326 2338 ἄγγελον
2350 2267 2456 2322 τοῦ
2487 2266 2639 2320 Θεοῦ
2668 2261 3020 2318 εὶσελθόντα
3044 2263 3194 2329 πρὸς
3219 2261 3426 2315 αὐτόν.
3449 2260 3644 2313 Βλέπει

2068 2358 2160 2416 τὸν
2202 2357 2439 2426 ἄγγελον
2483 2357 2561 2420 είς
2611 2350 2988 2424 πληροφορίαν
3028 2350 3234 2420 Πέτρου
3264 2366 3278 2381 ·
3335 2348 3535 2418 μᾶλλον
3565 2348 3643 2413 δὲ,

2071 2451 2175 2504 οὐκ
2233 2449 2481 2515 ἐκείνου,
2528 2447 2663 2501 ἀλλὰ
2717 2446 2825 2501 τῶν
2873 2443 3048 2498 ἄλλων
3078 2441 3186 2495 τῶν
3217 2439 3645 2510 ἀσθενεστέρων.

2086 2545 2316 2616 Ἐννάτῃ
2341 2543 2400 2597 δὲ
2422 2541 2564 2614 ὥρᾳ,
2607 2542 2696 2595 ὅτε
2722 2540 3018 2612 φροντίδων
3066 2537 3255 2606 ἠφίετο
3294 2535 3388 2588 καὶ
3419 2535 3479 2586 ἐν
3512 2535 3647 2603 ήσυ-

2070 2637 2168 2708 χίᾳ
2195 2631 2262 2707 ἦν
2289 2635 2381 2689 καὶ
2406 2632 2718 2698 κατανύξει.
2762 2630 2982 2701 Ἐπειδὴ
3025 2629 3082 2682 δὲ
3112 2623 3250 2681 εἶδεν
3310 2627 3338 2678 ὁ
3370 2624 3468 2693 τῆς
3515 2623 3648 2694 ἁλη-

2075 2727 2226 2790 θείας
2271 2723 2582 2795 Ὀφθαλμδς
2621 2722 2717 2777 καὶ
2758 2722 2933 2792 μέγας
2959 2717 3168 2790 Κριτής
3201 2716 3281 2770 ὅτι
3318 2714 3527 2786 μεγάλα
3579 2713 3648 2767 τὰ

2074 2818 2241 2891 ἔργα,
2278 2818 2449 2888 νεκρὰ
2481 2816 2539 2871 δέ
2570 2817 2691 2869 ἐστι
2722 2814 2905 2868 πίστιν
2947 2813 3049 2866 οὐκ
3074 2811 3287 2883 ἔχοντα,
3328 2806 3647 2863 ἀποστέλλει

2077 2910 2414 2982 βραϐεύοντα
2455 2910 2568 2973 τοῖς
2614 2907 2798 2981 ἔργοις
2836 2906 3067 2977 ἄγγελον
3098 2942 3113 2969 ,
3149 2902 3290 2957 ὥστε
3318 2901 3444 2964 τοὺς
3471 2898 3650 2961 καλῶς

2078 3001 2377 3066 ἀθλοῦντας
2406 3043 2423 3071 ,
2465 3000 2811 3071 στεφανῶσαι
2855 3001 2921 3070 τῇ
2978 2996 3188 3050 πίστει.
3254 2994 3386 3047 Ἀπὸ
3450 2992 3506 3045 δὲ
3547 2993 3647 3062 τῆς

2079 3096 2256 3167 ὅψεως
2309 3095 2475 3166 φόϐος
2504 3096 2742 3163 ἐγένετο,
2779 3091 3089 3162 σύμμετρος
3121 3088 3215 3159 δὲλλ
3238 3087 3361 3140 ὅσον
3391 3084 3645 3155 ἐπιστρέ-

2075 3188 2172 3258 ψαι
2212 3188 2372 3258 μόνον
2398 3203 2413 3219 ο
2448 3181 2566 3240 εἶτα
2602 3184 2673 3237 τὰ
2707 3184 2927 3254 ῥήματα
2989 3180 3081 3234 τὸν
3119 3178 3283 3249 φόὸον
3340 3176 3550 3230 ἔλυσεν.
3582 3176 3650 3228 Al

2076 3279 2411 3349 προσευχαί
2439 3292 2556 3331 σου
2593 3275 2690 3328 καί
2733 3276 2792 3329 αἱ
2823 3271 3229 3341 ἐλεημοσύναι
3261 3286 3379 3324 σου
3439 3264 3649 3333 dratia-

2077 3388 2199 3426 σαν
2222 3374 2309 3438 είς
2324 3371 2721 3441 μνημόσυνον
2737 3366 2993 3420 ἐνώπιον
3020 3364 3127 3420 τοῦ
3165 3362 3333 3419 Θεοῦ.
3370 3362 3511 3433 Ὅρα
3546 3359 3648 3414 ποῦ

2080 3462 2365 3534 προϐαίνει
2411 3462 2444 3531 ή
2499 3458 2859 3529 ἐλεημοσύνη,
2883 3457 2974 3510 τὸν
3022 3455 3249 3527 οὐρανὸν
3277 3451 3372 3507 τοῦ
3394 3449 3648 3524 οὐρανοῦ,

2079 3556 2174 3609 καὶ
2205 3551 2356 3624 αὑτῷ
2399 3550 2733 3621 παρίσταται
2759 3549 2838 3620 τῷ
2871 3547 3045 3620 θρόνῳ
3075 3547 3153 3617 τῷ
3188 3544 3475 3617 βασιλικῷ.
3508 3545 3650 3614 Ὅρα

2079 3647 2137 3699 δὲ
2159 3645 2251 3698 τὸν
2285 3641 2514 3712 ἄγγελον
2544 3641 2810 3711 πρότερον
2830 3642 3054 3710 αἴροντα
3089 3637 3253 3692 αὐτοῦ
3281 3636 3382 3709 τήν
3412 3634 3650 3689 διάνοιαν

2080 3736 2175 3791 uol.
2217 3733 2640 3807 μετεωρίζοντα,
2688 3732 2785 3786 καὶ
2813 3732 2933 3785 τότε
2999 3730 3226 3799 λέγοντα
3272 3727 3308 3782 ἃ
3342 3727 3508 3797 λέγει.
3541 3724 3655 3779 Καὶ

2078 3828 2197 3883 νῦν
2227 3825 2469 3896 πέμψον
2487 3825 2574 3890 εὶς
2602 3823 2848 3891 Ἰόππην
2878 3821 3122 3892 ἄνδρας,
3156 3819 3252 3875 καί
3270 3818 3651 3891 μετάπεμψαι

2082 3919 2319 3989 Σίμωνα
2346 3918 2453 3970 τὸν
2480 3916 2958 3985 ἐπικαλούμενον
2995 3914 3241 3982 Πέτρονο
3279 3907 3456 3979 οὗτος
3491 3911 3650 3976 ξενί-

2082 4008 2234 4072 ζεται
2253 4007 2412 4078 παρά
2439 4025 2554 4062 τινι
2578 4008 2788 4077 Σίμωνι
2810 4004 3049 4075 βυρσεῖ.
3075 4007 3195 4059 ’Ὶνα
3224 4003 3298 4074 μὴ
3322 4003 3408 4055 ἐπ’
3424 4003 3579 4056 ἄλλον
3603 4000 3647 4033 ⁸⁷

2082 4102 2334 4166 ἔλθωσιν,
2363 4099 2596 4167 oux-ano
2616 4097 2709 4151 τοῦ
2740 4099 3030 4166 ἐπωνύμου
3053 4095 3234 4166 μόνον,
3261 4094 3397 4149 ἀλλὰ
3427 4093 3521 4148 καὶ
3546 4092 3653 4146 ἁπδ

2080 4192 2176 4247 τοῦ
2210 4192 2376 4245 τόπου
2426 4189 2578 4255 δηλοῖ
2618 4186 2712 4240 τὸν
2755 4188 2945 4258 ἄνδρα.
2972 4179 3039 4257 ᾭ
3089 4185 3259 4238 ἐστιν
3292 4184 3448 4237 οἰκία
3495 4184 3653 4250 παρὰ

2080 4284 2427 4338 θάλασσαν.
2456 4279 2538 4332 Τὰ
2565 4277 3030 4348 ἀνακεχωρημένα
3061 4275 3172 4329 τῶν
3198 4276 3413 4328 πόλεων
3431 4273 3653 4327 ἐδίωκον

2081 4376 2131 4428 οἱ
2169 4371 2480 4434 ἀπόστολοι,
2528 4368 2767 4438 ἐρημίας
2815 4367 2967 4430 ὄντες
3003 4365 3147 4436 φίλοι
3174 4367 3268 4420 καὶ
3308 4365 3556 4438 ἡσυχίας.
3586 4364 3652 4417 Τί

409 4494 560 4535 mare
591 4474 884 4531 habitaret.
916 4469 1034 4524 Non
1062 4476 1243 4522 autem
1289 4462 1422 4518 dicit
1447 4473 1616 4530 quare
1637 4497 1653 4520 .
1692 4471 1762 4512 ne
1787 4456 1971 4529 gaudio

2084 4465 2195 4534 γὰρ
2235 4463 2282 4515 εί
2311 4458 2515 4529 oux/£61]
2546 4459 2640 4511 καὶ
2672 4458 2830 4512 ἄλλον
2858 4452 3034 4526 cluat;
3082 4456 3213 4512 Ἰδού
3251 4460 3368 4511 ἐστι
3402 4459 3651 4528 σημεῖον,

409 4583 536 4622 cum
560 4564 931 4638 perfunderet.
959 4560 1093 4614 Cum
1130 4561 1361 4610 vocasset
1389 4552 1520 4605 duos
1549 4565 1721 4604 servos
1755 4564 1896 4611 suos,
1932 4555 1982 4601 et

410 4657 630 4712 militem
679 4653 1003 4721 religiosum.
1040 4645 1223 4710 Vides,
1267 4656 1379 4696 non
1420 4641 1624 4695 frustra
1664 4639 1782 4694 haec
1824 4637 1980 4702 dicit,

409 4763 523 4809 eos,
554 4743 645 4815 qui
676 4742 749 4796 illi
794 4748 991 4812 praesto
1032 4743 1190 4792 erant
1231 4733 1481 4801 assidue,
1518 4731 1653 4787 tales
1684 4728 1874 4785 fuisse.
1914 4727 1982 4781 Et

412 4837 728 4909 exposuisset
759 4834 830 4888 eis
852 4830 1051 4894 omnia,
1076 4827 1213 4881 misit
1229 4842 1313 4881 eos
1333 4826 1551 4896 Joppen.
1575 4823 1710 4879 Vide
1739 4822 1983 4876 animum

411 4929 744 4993 demissum,
783 4940 847 4978 ac
891 4922 1061 4976 fastus
1102 4925 1407 4989 expertem.
1453 4916 1574 4971 Non
1613 4914 1760 4968 enim
1800 4913 1976 4979 dixit;

415 5022 615 5076 Vocate
661 5015 798 5073 mihi
836 5014 1057 5069 Petrum
1098 5028 1113 5065 :
1163 5008 1260 5065 sed
1299 5018 1361 5063 ut
1405 5004 1828 5078 persuaderetur
1872 5002 1974 5067 illi,

410 5114 592 5169 onluia
633 5106 925 5165 enarravit.
953 5103 1072 5160 Non
1105 5102 1250 5155 enim
1277 5098 1493 5155 volebat
1522 5109 1622 5166 pro
1655 5095 1981 5148 auctoritate

416 5208 699 5280 dignitatis
728 5217 842 5258 suae
880 5200 1030 5255 illum
1072 5171 1378 5251 a'ccersere.
1424 5187 1631 5244 Idcirco
1657 5194 1844 5240 narrat
1870 5198 1987 5240 rem

412 5313 648 5355 onmem.

486 5390 645 5446 Vens.
694 5389 748 5442 9.
800 5383 1014 5440 Postero
1050 5386 1225 5433 autem
1252 5374 1338 5429 die
1366 5371 1473 5426 illis
1502 5372 1604 5425 iter
1640 5367 1976 5442 facientibus,

2085 4554 2146 4608 τὸ
2172 4552 2325 4620 παρὰ
2358 4547 2637 4604 θάλασσαν
2685 4548 2879 4601 οἰκεῖν.
2918 4547 3033 4601 Οὐκ
3068 4543 3190 4601 εἷπε
3220 4547 3277 4600 δὲ
3310 4547 3400 4601 διὰ
3437 4546 3490 4600 τί
3514 4585 3530 4612 ,
3566 4546 3652 4597 ἵνα

2088 4644 2164 4715 μὴ
2188 4640 2395 4712 ἐκχὺσῃ
2415 4638 2577 4713 eam
2599 4638 2666 4693 ⁸⁸.
2699 4637 2991 4707 Φωνήσας
3011 4639 3120 4694 δύο
3140 4637 3258 4693 τῶν
3277 4638 3524 4693 οίκετῶν
3548 4639 3653 4691 αὺ-

2084 4733 2211 4800 τοῦ,
2256 4732 2357 4787 καί
2384 4730 2759 4801 στρατιώτην
2801 4730 3043 4800 εὐσεϐῆ.
3092 4730 3279 4801 Ὁρᾷς,
3314 4731 3412 4800 οὐχ
3468 4729 3654 4792 ἁπλῶς

2082 4823 2259 4879 ταῦτά
2282 4840 2469 4894 φησιν,
2499 4823 2582 4876 ὅτι
2603 4824 2654 4876 οἱ
2683 4821 3218 4894 προσκαρτεροῦντες
3247 4821 3398 4891 αὐτῷ
3420 4818 3654 4873 τοιοῦτοι

2083 4913 2242 4989 ἦσαν.
2260 4917 2366 4970 Καὶ
2380 4913 2842 4984 ἐξηγησάμενος
2853 4914 3053 4980 αὐτοῖς
3064 4911 3656 4982 πάντα,ζὰπέστειλεν

2090 5006 2312 5074 αὐτοὺς
2359 5007 2448 5072 είς
2482 5006 2875 5078 τὴνίόππην.
2913 5006 3056 5078 Ὅρα
3085 5005 3147 5058 τδ
3178 4996 3512 5072 ἄτυφονζού
3545 5002 3654 5074 γὰρ

2094 5094 2236 5153 εἶς-ιε’
2267 5096 2549 5151 Καλέσατέ
2592 5113 2681 5167 μοι
2732 5094 2971 5167 Πέτρον·
3012 5095 3127 5150 ἀλλ’
3151 5095 3295 5149 ὥστε
3331 5097 3426 5151 καὶ
3470 5098 3653 5149 πεῖσαι

2095 5187 2403 5258 ἐξηγήσατο
2434 5187 2674 5240 ᾶπαντα.
2712 5186 2789 5239 Οὐ
2828 5187 2936 5256 γὰρ
2977 5184 3132 5255 ἠξίου
3163 5186 3271 5239 ἀπὸ
3290 5184 3385 5239 τοῦ
3412 5183 3655 5253 ἀξιώμαο

2072 5272 2184 5341 ¹τος
2207 5274 2881 5345 αὐτὸνζμεταπέμψασθαι.
2914 5273 3014 5326 Διὰ
3038 5272 3218 5339 τοῦτο,
3254 5270 3581 5342 ἐξηγήσατο.

2165 5367 2243 5436 Τῇ
2270 5366 2338 5419 δὲ
2366 5366 2650 5432 ἐπαύριον
2696 5363 3197 5433 ὀδοιποιρούντων
3249 5362 3516 5427 ἐκείνων,
3553 5357 3651 5414 καὶ

1601 5506 1800 5570 Variae
1829 5504 2143 5567 lectiones
2185 5509 2429 5566 etnotae

480 5649 524 5679 “
558 5646 622 5700 In
653 5645 865 5715 uulgato
921 5650 1019 5708 est,
1080 5639 1172 5693 καὶ
1213 5637 1639 5708 ὲξηγησᾶμενος.
1717 5635 1761 5667 ⁸⁷
1796 5633 1892 5689 ἀπ’
1943 5632 1971 5687 ἂ

2074 5650 2107 5687 ν
2133 5631 2324 5686 eratin
2363 5630 2697 5701 apogragho.’
2757 5628 2802 5660 ⁸⁸
2838 5626 3006 5696 αὐτὴν
3055 5633 3192 5680 erat.

489 5760 505 5799 ί
566 5758 784 5813 Videtur
827 5756 975 5810 locus
1027 5753 1267 5808 mutilus.
