4116 6216
493 336 603 401 (ἓΞῙῘ

1266 334 1672 414 ΕΧΡΟΞΙΤΙΟ
1696 336 1779 396 ΙΝ
1817 336 2005 397 ACTA
2039 334 2603 397 APOSTOLORUM.
2635 359 2705 369 -
2735 335 2897 397 CAP.
2938 338 3011 396 X.

3631 336 3745 400 653

495 451 575 518 τῇ
601 452 774 505 πόλει
802 450 1169 519 ἐγγιζόντων,
1205 450 1388 519 ἀνέϐη
1420 444 1639 521 Πέτρος
1668 448 1766 504 ἐπὶ
1798 449 1866 503 τὺ
1903 448 2069 520 δῶμα

2178 460 2225 503 et
2258 451 2800 520 apprOpinquantibus
2834 451 2969 513 urbi,
2999 450 3233 503 ascendit
3267 449 3452 504 Petrus
3494 453 3546 505 in
3580 470 3740 521 supe-

496 543 946 612 προσεύξασθαι
986 542 1118 612 περὶ
1169 542 1330 611 ὥραν
1356 543 1540 611 ἕκτην

580 635 850 702 Ἐγένετο
879 635 947 686 δέ
972 637 1359 703 πρόσπεινος.
1384 637 1481 691 καί
1508 635 1687 706 ἤθελε
1714 640 2062 708 γεύσασθαι·

498 724 1079 793 παρασκευαζόντων
1108 726 1175 780 δὲ
1210 728 1479 791 ἐκείνων,
1509 728 1810 784 ἐπέπεσεν
1837 731 1929 785 ἐπ’
1957 733 2066 787 αὺ-

496 818 603 870 τὸν
627 816 942 884 ἔκστασις,

567 908 673 963 Καὶ
699 910 907 977 θεωρεῖ
946 909 1053 964 τὸν
1085 912 1346 979 οὐρανὸν
1377 913 1775 982 ἀνεῳγμένον,
1826 915 1924 970 καί
1964 933 2068 970 κα-

498 998 781 1053 ταϐαῖνον
829 999 924 1052 ἐπ’
973 999 1159 1053 αὑτὸν
1191 1001 1413 1065 σκεῦός
1441 1020 1515 1064 τι,
1542 1004 1620 1069 ὡς
1648 1005 1869 1071 ὀθόνην
1890 1004 2069 1074 μεγώ-

497 1095 638 1155 λην,
674 1090 1010 1158 τέσσαρσιν
1053 1092 1267 1160 ἀρχαῖς
1297 1092 1641 1164 δεδεμένον,
1678 1095 1778 1149 καὶ
1810 1095 2072 1167 καθιέμε-

438 1234 455 1249 ,
497 1199 608 1235 νον
648 1182 745 1235 ἐπὶ
791 1181 903 1250 τῆς
948 1181 1083 1251 γῆς.

582 1271 679 1323 Ἐν
725 1265 774 1336 ὦ
806 1270 1041 1341 ὑπῆρχε
1095 1271 1294 1328 πάντα
1336 1276 1407 1329 τὰ
1442 1276 1773 1346 τετράποδα
1804 1277 1914 1347 τῆς
1934 1277 2070 1347 γῆς.

500 1363 597 1416 καὶ
644 1362 716 1417 τὰ
766 1364 959 1432 θηρία,
1010 1365 1110 1419 καὶ
1176 1365 1413 1435 ἑρπετὰ,
1458 1367 1558 1423 καὶ
1600 1369 1671 1423 τὰ
1697 1370 1937 1424 πετεινὰ
1965 1369 2073 1424 τοῦ

498 1455 780 1523 οὐρανοῦ.

569 1549 676 1602 Kal
712 1547 947 1619 ἐγένετο
971 1550 1140 1619 φωνὴ
1169 1554 1320 1620 πρὸς
1354 1554 1558 1609 αὐτόν·
1612 1554 1924 1621 Ἀναστὰς,
1962 1552 2073 1607 Πέ-

500 1658 618 1709 τρε,
653 1640 876 1703 θῦσον,
912 1640 1011 1695 καὶ
1040 1640 1216 1710 φάγε.

586 1731 647 1784 ’0
693 1730 761 1785 δὲ
801 1733 1023 1802 Πέτρος
1056 1734 1205 1788 εἷπε·
1224 1733 1542 1804 Μηδαμῶς,
1576 1736 1772 1805 Κύριε*
1794 1734 1884 1791 ὅτι
1908 1733 2074 1791 οὐδέ-

501 1840 644 1878 ποτε
672 1824 899 1894 ἔφαγον
929 1822 1055 1881 πᾶν
1084 1825 1292 1880 κοινὸν
1321 1826 1360 1895 ἣ
1392 1825 1752 1896 ἀκάθαρτον.

569 2003 672 2055 Kal
706 2002 877 2071 φωνὴ
899 2004 1088 2058 πάλιν
1110 2005 1181 2059 ἐκ
1204 2004 1487 2075 δευτέρου
1520 2008 1670 2075 πρὸς
1698 2009 1884 2063 αὐτόν
1901 2025 1916 2041 ο
1951 2012 2007 2063 Ἀ
2037 2012 2073 2063 ὀ

506 2094 645 2159 Θεὸς
668 2093 986 2162 ἐκαθάρισε
1010 2096 1078 2160 θ’,
1112 2100 1193 2151 σὺ
1216 2097 1298 2165 μὴ
1328 2099 1557 2153 κοίνου.

577 2184 757 2239 Τοῦτο
777 2184 845 2238 δὲ
871 2185 1108 2255 ἐγένετο
1129 2188 1226 2241 ἐπὶ
1257 2187 1403 2256 τρὶς,
1426 2189 1523 2243 καὶ
1546 2189 1734 2245 πάλιν
1756 2191 2072 2262 ἀνελήφθη

502 2274 566 2328 τὸ
618 2277 841 2343 σκεῦος
889 2280 977 2345 εὶς
1004 2277 1109 2332 τὸν
1155 2280 1436 2348 οὐραγόν.
2052 2320 2057 2325 η

573 2365 715 2436 Ὅρα
746 2370 862 2432 πῶς
895 2371 1020 2433 τοὺς
1054 2371 1289 2441 καιροὺς
1321 2372 1550 2441 συνάγει
1599 2373 1662 2427 τὸ
1695 2374 1944 2444 Πνεῦμα,
1977 2375 2073 2430 καὶ

498 2457 621 2511 οὔτε
657 2459 878 2527 θᾶττον,
914 2460 1038 2515 οὔτε
1058 2462 1395 2534 βραδύτερον
1434 2468 1581 2519 ποιεῖ
1602 2465 1764 2519 τοῦτο
1790 2468 2068 2534 γενέσθαι.

470 2550 702 2619 ⁸Ἀνέϐη
747 2553 971 2621 Πέτρος
1029 2555 1126 2609 ἐπὶ
1159 2557 1225 2609 τὸ
1258 2555 1423 2625 δῶμα
1448 2557 1918 2625 προσεύξασθαι,
1940 2558 2074 2626 περὶ

500 2640 659 2710 ὥραν
695 2643 899 2713 ἕκτην·
936 2647 1185 2701 τουτέστι
1211 2647 1331 2701 κατ’
1367 2648 1503 2702 ἰδίαν
1530 2650 1626 2705 καὶ
1652 2652 1710 2704 ὲν
1736 2651 1956 2722 ἡσυχίᾳ,
1997 2650 2073 2714 ὡς

501 2735 560 2788 ἔν
598 2736 853 2809 ὑπερῴῳ.
885 2740 1223 2795 Ἔπέπεσεν
1270 2741 1365 2795 ἐπ’
1390 2742 1579 2797 αὑτὸν
1622 2743 1931 2809 ἔκστασις,
1974 2744 2075 2797 καί

500 2826 699 2894 θεωρεῖ
726 2828 833 2881 τὸν
864 2831 1128 2898 οἰφανὸν
1159 2831 1559 2900 ἀνεῳγμένον.
1604 2830 1667 2885 ἸΙ
1705 2832 1960 2896 ἔκστασις
1983 2833 2076 2903 δη-

500 2916 584 2971 λοῖ
604 2919 695 2971 καὶ
721 2919 822 2990 τὴν
848 2920 942 2973 ἐπὶ
969 2920 1278 2991 θαυμασμῷ
1306 2921 1589 2993 ἔκπληξιν,
1617 2923 1714 2977 καὶ
1741 2923 1802 2976 τὸ
1833 2923 1937 2990 ἔξω
1964 2925 2073 2979 τῶν

505 3010 777 3079 αίσθητῶν
810 3011 1067 3078 γενέσθαι
1102 3013 1196 3066 ἐπὶ
1237 3013 1306 3064 τὰ
1338 3012 1685 3082 πνευματικὰ
1731 3012 2074 3084 ποδηγούμε-

503 3119 612 3157 νον.
648 3103 1001 3175 Πνευματικὴ
1054 3104 1185 3174 γοῦν
1221 3122 1304 3168 τις
1335 3105 1536 3159 ὡσανεὶ
1591 3105 1793 3176 θεωρία
1851 3106 2073 3175 γέγονεν

2172 540 2314 595 riora
2358 542 2571 605 mdium,
2605 550 2661 594 ut
2696 551 3003 609 precaretur
3055 542 3264 595 circiter
3304 542 3487 596 horam
3514 554 3739 601 sextam.

2240 632 2402 687 Vens.
2451 632 2533 687 ιο.
2559 634 2673 704 88
2693 635 2763 686 Ac
2797 635 2949 701 carpit
2972 635 3193 699 esurire,
3230 645 3278 689 et
3309 635 3510 689 volebat
3539 652 3744 691 sumere

2171 724 2610 795 cibum,'quicum
2638 726 2940 794 parareturi
2958 730 2971 747 ‘
2994 727 3059 780 ab
3091 726 3217 793 illis,
3248 728 3406 780 irruit
3435 743 3593 797 super
3621 745 3739 782 eum

2173 815 2409 880 eestasis,

2250 902 2412 959 Vens.
2450 904 2539 959 Η.
2574 903 2641 957 Et
2665 905 2798 959 videt
2831 905 3016 959 corium
3040 914 3302 974 apertum,
3343 924 3409 961 ac
3440 909 3746 963 descendere

2172 992 2242 1045 ad
2257 1008 2311 1046 se
2326 994 2587 1063 quoddam
2608 1010 2719 1060 vas,
2738 1003 2988 1065 tanquam
3004 996 3222 1051 linteum
3243 1000 3589 1067 magnumi”,
3609 1016 3742 1069 qua-

2174 1092 2293 1137 tuor
2325 1084 2489 1138 initiis
2517 1084 2821 1155 alligatum,
2849 1097 2895 1140 et
2920 1086 3126 1140 demitti
3165 1088 3220 1141 in
3247 1098 3464 1152 terram,

2244 1266 2408 1322 Vens.
2448 1266 2532 1321 12.
2568 1266 2629 1320 In
2669 1283 2770 1338 quo
2796 1267 3000 1321 inerant
3041 1284 3218 1322 omnes
3251 1269 3613 1338 quadrnredes
3641 1282 3743 1324 ter—

2175 1376 2273 1428 ra’,
2297 1368 2346 1414 et
2385 1359 2532 1429 ferte,
2562 1369 2610 1414 et
2642 1370 2923 1429 serpentes,
2959 1373 3008 1415 et
3034 1360 3265 1415 volucres
3290 1360 3421 1417 caeli.

2246 1540 2408 1597 Vens.
2454 1544 2538 1598 15.
2580 1543 2650 1597 Et
2686 1545 2880 1599 accidit
2916 1560 3017 1598 vom
3040 1545 3108 1598 ad
3140 1561 3257 1601 eum
3289 1559 3310 1600 :
3340 1543 3527 1615 Surge,
3567 1546 3741 1611 Petro,

2176 1644 2371 1700 macta,
2403 1644 2451 1689 et
2474 1638 2701 1691 comede.

2244 1725 2408 1782 Vens.
2450 1728 2536 1782 M.
2584 1726 2774 1782 Petrus
2811 1738 2990 1781 autem
3028 1729 3164 1782 dixit
3196 1744 3214 1782 :
3261 1730 3606 1799 Nequaquam
3640 1730 3749 1783 Do-

2097 1817 2146 1877 B
2176 1824 2333 1886 mine,
2369 1824 2493 1893 quia
2529 1839 2797 1892 nunquam
2824 1823 3023 1877 comedi
3046 1823 3334 1893 quidquam
3364 1840 3633 1877 commune
3655 1833 3746 1876 aut

2177 1930 2471 1984 impurum.

2244 2001 2412 2057 Vens.
2447 2002 2535 2056 15.
2579 2002 2646 2057 Et
2679 2019 2779 2057 eoa:
2818 2018 3001 2056 rursus
3028 2002 3220 2055 accidit
3259 2003 3331 2055 ad
3359 2019 3475 2056 eum
3504 2002 3749 2058 secnndo':

2174 2092 2306 2160 Qua:
2328 2094 2468 2148 Deus
2492 2096 2755 2165 purgavit,
2790 2104 2847 2147 tu
2875 2094 3170 2148 communia
3207 2110 3270 2147 ne
3308 2104 3478 2163 putes.

2242 2184 2406 2239 Vens.
2437 2185 2523 2239 16.
2554 2185 2665 2239 [Ioc
2682 2194 2857 2239 autem
2888 2186 3085 2249 factum
3111 2193 3184 2239 est
3228 2194 3326 2250 ter,
3376 2195 3425 2239 et
3460 2203 3638 2240 rursus
3660 2203 3752 2240 vas

2172 2275 2483 2330 subductum
2510 2289 2583 2331 est
2610 2278 2666 2331 in
2697 2277 2908 2331 caelum.

2243 2365 2400 2431 Vide,
2433 2377 2493 2421 ut
2536 2366 2775 2437 Spiritus
2819 2376 3065 2437 tempora
3103 2367 3374 2423 conducat
3418 2376 3583 2439 atque
3619 2385 3754 2425 con-

2171 2458 2383 2529 iungat,
2415 2467 2472 2514 et
2498 2458 2717 2523 efﬁciat,
2752 2469 2813 2514 ut
2849 2474 3031 2528 neque
3064 2458 3297 2515 celerius
3327 2476 3505 2530 neque
3545 2462 3753 2517 tardius

2175 2548 2279 2604 hoc
2323 2547 2434 2603 ﬁat.
2469 2548 2710 2605 Ascendit
2752 2551 2943 2606 Petrus
3002 2551 3057 2604 in
3096 2552 3364 2619 superiora
3403 2552 3595 2607 mdium
3636 2571 3761 2623 prc-

2176 2650 2353 2695 catum
2393 2642 2603 2697 circiter
2641 2644 2827 2698 horam
2862 2653 3086 2698 sextam.
3128 2642 3242 2699 Hoc
3274 2652 3387 2710 est,
3435 2646 3661 2701 seorsim
3698 2653 3754 2699 et

2177 2731 2231 2786 in
2264 2734 2375 2788 otio
2401 2743 2556 2789 extra
2585 2738 2820 2803 turbam,
2849 2746 3037 2806 utpote
3069 2736 3123 2791 in
3160 2737 3424 2807 superiori
3456 2738 3748 2808 contigna-

2178 2823 2347 2880 tione.
2386 2824 2456 2880 Et
2484 2826 2641 2880 irruit
2675 2842 2832 2895 super
2861 2844 2980 2881 eum
3016 2828 3268 2891 ecstasis,
3309 2836 3357 2880 et
3398 2829 3531 2881 videt
3568 2828 3753 2882 caelum

2177 2906 2440 2983 apertum,
2481 2916 2979 2987 Ἐκστασιςζηυοεὶ
3010 2918 3159 2972 dicas
3180 2957 3196 2982 ,
3225 2933 3477 2973 excessus
3498 2920 3753 2986 ,emotio,

2177 3004 2449 3076 signiﬁcat
2472 3017 2528 3063 et
2548 3009 3047 3063 consternationem
3070 3017 3293 3079 propter
3312 3010 3751 3075 admirationem,

2179 3104 2235 3150 et
2265 3096 2536 3164 hominis,
2566 3098 2659 3168 qui
2687 3099 2752 3152 ad
2786 3098 3085 3168 spiritualia
3125 3099 3445 3164 deducitur,
3483 3109 3636 3155 extra
3667 3116 3756 3167 ea,
3846 3146 3852 3151 .

502 3193 670 3264 αὐτῷ.
704 3194 813 3248 Kal
862 3195 1226 3252 καταϐαῖνον
1281 3197 1373 3250 ἐπ’
1418 3197 1608 3251 αὑτὸν
1642 3198 1866 3266 σκεῦός
1903 3218 1957 3254 τι
1992 3202 2074 3268 ὡς

2177 3202 2297 3258 quae
2325 3202 2491 3243 sensu
2520 3189 2901 3259 percipiuntur
2929 3189 3264 3244 cvasionem.
3290 3188 3425 3244 Nam
3452 3191 3755 3261 spiritualis

504 3284 747 3352 ὀθόνην.
790 3283 993 3337 Ἐδεῖτο
1024 3285 1124 3353 τῆς
1151 3284 1262 3337 τῶν
1290 3284 1463 3338 ἐθνῶν
1497 3286 1648 3351 θείας
1677 3289 2075 3361 ἀποκαλύψεως

504 3377 533 3428 ὁ
556 3374 665 3428 τῶν
691 3374 1005 3428 ἀποστόλων
1027 3374 1253 3445 ἔξαρχος
1288 3376 1513 3447 Πέτρος.
1541 3378 1617 3432 Οὐ
1644 3378 1752 3448 γὰρ
1777 3379 2077 3447 ἐγίνωσκεν

506 3463 589 3517 ὅτι
632 3463 930 3534 περιτομῆς
988 3462 1084 3516 καὶ
1129 3463 1495 3532 ἀκροϐυστίας
1535 3463 1637 3516 οὐκ
1676 3462 1793 3517 ἔστι
1822 3464 2078 3536 διαστολὴ

510 3555 652 3610 κατὰ
683 3556 784 3628 τὴν
810 3555 1013 3609 πίστιν
1050 3554 1174 3609 οὔτε
1211 3555 1320 3625 μὴν
1352 3554 1469 3626 ᾔδει
1498 3555 1711 3626 σαφῶς,
1743 3557 1826 3610 ὅτι
1857 3556 1948 3610 διὰ
1976 3557 2079 3627 τῆς

507 3643 649 3699 κατὰ
696 3645 880 3698 πίστιν
928 3643 1267 3712 φαινομένης
1315 3642 1608 3714 λατρείας,
1665 3644 2078 3716 μαθητευθῆναι

505 3736 574 3790 τὰ
612 3736 740 3807 ιθνη
769 3738 798 3789 ὁ
825 3736 1026 3807 Κύριος
1054 3732 1229 3803 εἶπεν,
1259 3737 1363 3802 ἕως
1391 3730 1453 3792 οὗ
1477 3738 1580 3808 τῆς
1605 3736 1920 3811 ἀπορρήτου
1952 3739 2079 3809 βου-

506 3830 603 3901 λῆς
626 3831 788 3885 αὐτοῦ
815 3831 882 3885 δι’
906 3830 1301 3910 ἀποκαλύψεως
1331 3831 1642 3902 ἐφανέρωσε
1671 3832 1731 3886 τὸ
1754 3832 2081 3902 μυστήριον,

442 3901 458 3988 ’ξ
506 3921 595 3976 διὰ
618 3939 678 3975 τε
707 3922 802 3977 τοῦ
847 3922 987 3978 κατὰ
1011 3904 1109 3995 τὴν
1142 3923 1354 3976 σινδόνα
1387 3901 1830 3994 παραδείγματος
1865 3923 2079 3991 πείσας,

507 4013 595 4067 διά
618 4031 677 4067 τε
709 4015 808 4084 τῆς
838 4013 978 4070 κατὰ
1007 4013 1107 4086 τὴν
1148 4013 1330 4067 πίστιν
1353 4012 1602 4085 δοθείσης
1634 4014 1730 4067 καὶ
1754 4017 1869 4078 τοῖς
1889 4014 2071 4069 ἔθνεσι

507 4106 723 4178 χάριτος
779 4108 873 4160 τοῦ
923 4108 1080 4176 ἁγίου
1140 4105 1494 4175 Πνεύματος,
1547 4107 1624 4170 ὡς
1658 4106 1761 4160 οὐκ
1827 4106 1974 4161 ἐστιν
2018 4108 2079 4162 ἐν

506 4198 722 4269 Χριστῷ
756 4198 1009 4269 διαστολὴ
1065 4196 1319 4252 Ἰουδαίου
1363 4215 1420 4251 τε
1456 4197 1552 4253 καὶ
1597 4198 1877 4269 Ἕλληνος.
1934 4198 2082 4253 Τέσ-

505 4301 728 4356 σαρσιν
751 4289 963 4357 ἀρχαῖς
982 4288 1325 4360 δεδεμένον,
1347 4288 1446 4343 καὶ
1477 4289 1830 4359 καθιέμενον
1849 4290 1944 4344 ἐπὶ
1968 4289 2076 4358 τῆς

510 4377 641 4447 γῆς.
683 4381 750 4455 A_i
778 4380 1045 4452 τέσσαρες
1072 4381 1260 4453 ἀρχαὶ,
1283 4381 1533 4452 τέσσαρα
1567 4384 1806 4452 στοιχεῖα
1833 4381 2078 4452 δηλοῦσυ

507 4471 600 4524 καὶ
627 4471 687 4524 τὸ
711 4473 877 4539 φανὲν
899 4472 1092 4536 σκεῦος
1112 4474 1204 4527 τὸν
1236 4475 1543 4545 παχύτερον
1561 4474 1765 4545 κόσμον
1792 4473 2075 4543 σημαίνει,

2176 3279 2423 3349 quaedam
2467 3279 2623 3349 quasi
2674 3280 2975 3351 speculatio
3018 3282 3510 3353 contemplatioque
3558 3284 3757 3338 accidit

2177 3370 2277 3425 illi.
2306 3370 2381 3425 Ac
2403 3372 2709 3426 descendere
2737 3373 2807 3426 ad
2838 3388 2893 3426 se
2918 3389 3013 3427 vas
3050 3375 3335 3445 quoddam,
3368 3385 3622 3445 tanquam
3653 3377 3758 3431 lin-

2179 3469 2340 3517 teum.
2401 3460 2552 3531 Opus
2618 3463 2850 3519 habebat
2897 3464 3081 3520 divina
3127 3466 3370 3538 gentium
3428 3467 3759 3523 revelatione

2179 3554 2433 3623 princeps
2470 3554 2840 3622 apostolorum
2881 3555 3097 3613 Petrus.
3140 3555 3422 3613 Nesciebat
3456 3557 3603 3613 enim
3647 3558 3757 3612 cir-

2180 3645 2534 3703 cumcisionis
2567 3661 2631 3700 ac
2654 3648 2907 3716 praeputii
2939 3648 3140 3701 nullam
3179 3663 3300 3703 esse
3329 3649 3755 3715 distinctionem,

2180 3735 2326 3803 quod
2354 3734 2552 3789 attinet
2580 3735 2646 3789 ad
2677 3737 2838 3791 ﬁdem
2864 3753 2878 3790 :
2927 3752 3105 3807 neque
3141 3753 3269 3794 vero
3302 3739 3521 3808 penitus
3551 3741 3761 3796 sciebat

2182 3825 2470 3880 Dominum
2507 3826 2709 3882 dixisse
2739 3843 2837 3897 per
2862 3843 2986 3884 eum
3013 3868 3029 3895 ,
3060 3828 3152 3899 qui
3183 3845 3282 3900 per
3311 3829 3473 3886 ﬁdem
3513 3840 3756 3902 apparet,

2181 3918 2387 3972 cultum
2438 3927 2629 3988 gentes
2677 3918 2863 3974 doceri
2911 3930 3075 3989 atque
3132 3920 3456 3989 evangelica:
3501 3921 3760 3977 doctrina:

2182 4009 2480 4078 discipulos
2512 4009 2653 4077 ﬁeri,
2684 4011 2863 4081 quoad
2890 4010 3074 4065 arcani
3102 4011 3316 4067 consilii
3342 4026 3439 4081 per
3471 4013 3758 4067 revelatio-

2180 4118 2308 4157 nem
2333 4102 2383 4157 ei
2414 4101 2677 4158 Dominus
2699 4102 3015 4174 mysterium
3042 4103 3320 4173 patefecit,
3346 4112 3460 4158 tum
3489 4119 3584 4174 per
3609 4104 3759 4159 simi-

2180 4193 2469 4250 litudinem
2517 4204 2572 4249 et
2618 4196 2831 4267 signum
2875 4196 3029 4250 lintei
3068 4196 3203 4261 veli,
3240 4205 3353 4251 tum
3400 4211 3498 4267 per
3530 4196 3757 4267 gratiam

2182 4285 2353 4340 sancti
2388 4283 2646 4354 Spiritus,
2684 4300 2807 4357 quae
2835 4287 2998 4342 etiam
3030 4288 3281 4358 gentibus
3310 4302 3407 4358 per
3445 4287 3603 4343 ﬁdem
3633 4288 3759 4343 data

2179 4384 2283 4442 est,
2324 4379 2373 4432 ei
2421 4379 2785 4448 persuadens,
2818 4378 2946 4433 'non
2990 4394 3148 4445 esse,
3191 4379 3337 4449 quod
3378 4380 3445 4435 ad
3479 4378 3754 4435 Christum

2179 4470 2411 4536 attinet,
2455 4469 2752 4525 discrimen
2804 4478 2968 4539 atque
3022 4470 3429 4525 distinctionem
3473 4469 3643 4525 Judmi
3700 4478 3759 4525 et

507 4563 602 4617 καὶ
632 4562 701 4616 τὰ
738 4554 972 4633 διάφορα
1008 4563 1141 4628 ζῶα,
1166 4565 1266 4634 τῆς
1294 4566 1403 4619 τῶν
1438 4566 1743 4637 ἀνθρώπων
1769 4566 1876 4618 sic!
1902 4581 2075 4620 κατα-

2183 4558 2378 4614 Grzeci.
2417 4559 2658 4624 Quatuor
2698 4559 2865 4614 initiis
2901 4559 3206 4630 religatum,
3245 4575 3311 4612 ac
3339 4558 3544 4613 demitti
3568 4560 3622 4612 in
3649 4570 3755 4612 ter-

508 4652 748 4717 στάσεως
776 4652 1046 4723 σύμϐολα.
1070 4653 1347 4723 Σύμῦο).ον
1376 4656 1474 4725 τῆς
1510 4656 1837 4725 οἰκουμένης
1855 4656 2077 4725 ἀπάσης

507 4742 537 4793 ό
558 4742 654 4796 ἄνθ
668 4759 850 4813 ρωπος
882 4742 1188 4814 ἀκρότατον
1224 4744 1271 4775 ’θ
1306 4739 1392 4813 ἦν·
1423 4743 1575 4796 οὐδὲν
1602 4744 1711 4814 γὰρ
1751 4743 1930 4796 κοινὸν
1963 4739 2078 4814 εἷχε

509 4832 645 4903 πρὸς
677 4834 957 4898 Ἰουδαίους
979 4852 992 4865 ’
1020 4834 1249 4904 ἔμελλον
1270 4833 1437 4887 αὐτοῦ
1492 4835 1815 4904 κατηγορεῖν
1837 4834 2077 4899 ἅπαντες

507 4921 584 4986 ὡς
629 4926 970 4995 παραϐάτου.
1003 4926 1387 4996 Οἰκονομεῖται
1437 4919 1532 4978 οὖν
1570 4925 1675 4977 ὑπὸ
1704 4924 1799 4978 τοῦ
1833 4925 2081 4996 Πνεῦμα-

508 5026 619 5078 τος,
641 5014 711 5066 ἵν’
734 5014 835 5087 ἔχῃ
851 5015 1147 5083 ἀπολογίαν
1177 5013 1315 5083 πρὸς
1336 5012 1463 5076 τοὺς
1486 5012 1858 5081 ἐγκαλοῦντας
1883 5015 1969 5068 ὅτι
1984 5016 2080 5069 καὶ

510 5104 752 5157 ἀντεῖπεο
782 5106 924 5160 πάνυ
959 5107 1069 5176 γὰρ
1097 5105 1295 5168 αὐτοὺς
1316 5102 1422 5157 ἔδει
1446 5103 1537 5157 τδν
1566 5104 1730 5175 νόμον
1755 5106 2075 5174 φυλάττειν.

512 5192 632 5246 Ἵνα
662 5190 757 5247 οὗν
790 5194 866 5265 μὴ
904 5193 1068 5248 αὑτοῦ
1110 5196 1552 5264 κατηγορήσωσι,
1591 5194 1751 5248 τοῦτο
1778 5197 2083 5268 οἰκονομεῖ-

508 5303 625 5342 ται.
662 5289 823 5353 Ἴσως
859 5288 916 5341 δὲ
985 5289 1079 5342 ἐπὶ
1112 5289 1315 5355 γόνατα
1361 5288 1612 5360 κείμενος
1641 5285 1749 5344 εἶδε
1780 5290 1881 5362 τὴν
1910 5293 2084 5348 ὀπτα-

2184 4670 2320 4708 ram.
2358 4652 2604 4720 Quatuor
2641 4653 2793 4709 initia
2834 4662 3065 4724 quatuor
3107 4653 3375 4709 elementa
3404 4650 3753 4723 signiﬁcant:

2185 4752 2243 4799 et
2296 4760 2392 4799 vas
2432 4745 2578 4814 quod
2609 4744 2862 4815 apparuit
2926 4743 3249 4799 crassiorem
3309 4744 3570 4799 mundum
3607 4743 3756 4797 desi«

2187 4845 2353 4908 gnat:
2387 4844 2442 4890 et
2477 4836 2688 4891 diversa
2722 4836 2997 4901 animalia,
3033 4836 3313 4891 hominum
3349 4834 3673 4915 conditionis
3703 4841 3758 4886 et

2189 4928 2597 4983 constitutionis
2629 4935 2759 4983 sunt
2790 4921 2962 4998 signa.
3000 4927 3249 4984 Universi
3286 4927 3435 4981 orbis
3467 4934 3627 4980 terra:
3658 4924 3758 4976 ba-

2190 5022 2372 5077 bitatze
2413 5022 2624 5092 signum
2667 5027 2787 5075 erat
2827 5020 2989 5075 homo
3020 5020 3290 5090 praeputio
3328 5016 3539 5084 obsitus
3572 5031 3586 5068 :
3622 5013 3758 5067 nihil

2189 5112 2336 5168 enim
2375 5125 2665 5166 commune
2710 5110 2944 5166 habebat
2988 5124 3112 5165 cum
3153 5108 3356 5165 ludatis
3389 5125 3402 5161 :
3450 5103 3757 5160 accusaturi

2188 5213 2347 5259 erant
2374 5218 2499 5258 eum
2530 5217 2720 5259 omnes
2746 5211 3001 5272 tanquam
3026 5211 3477 5273 transgressorem
3504 5205 3556 5249 et
3585 5193 3755 5248 viola-

2193 5305 2364 5350 torem
2393 5295 2546 5365 legis.
2580 5292 2689 5350 Res
2722 5292 2885 5365 igitur
2908 5293 2986 5349 ita
3016 5308 3047 5347 a
3088 5289 3294 5361 Spiritu
3324 5283 3754 5352 administratur,

1697 5402 1902 5464 Varios
1945 5402 2251 5469 lectiones
2295 5412 2358 5467 et
2402 5413 2591 5469 notas.

580 5526 627 5597 ξ’
654 5525 961 5597 ικαθάρησε
991 5535 1124 5580 erat.

1235 5527 1282 5559 ’θ
1311 5527 1632 5596 ἀκρότατον,
1655 5528 1922 5595 scriptura
1976 5541 2131 5597 erat;
2160 5530 2346 5586 deinde
2387 5547 2487 5583 non
2548 5531 2761 5583 inducta
2788 5528 2887 5581 hac
2910 5525 3153 5597 dictione,
3184 5533 3347 5587 supra
3365 5516 3607 5597 ult-imam
3636 5516 3748 5584 syl-
3792 5499 3806 5512 ι

510 5593 713 5670 (ubam,
738 5585 936 5670 nerj'tp'e,
961 5612 1145 5670 τατον,
1169 5595 1356 5670 litteris
1386 5585 1641 5670 minimis,
1656 5585 1896 5670 positum
1960 5609 2056 5662 est,
2087 5585 2302 5668 βυστδς,
2343 5609 2502 5669 atque
2542 5600 2640 5664 ita,
2672 5608 2728 5651 ut
2757 5594 3016 5650 sententia
3044 5585 3259 5661 qucque
3276 5585 3531 5657 postulat,
3579 5585 3756 5657 legen-
3793 5663 3801 5670 .

509 5663 650 5717 dum
679 5665 941 5729 existimo,
965 5663 1245 5732 ἄνθρωπος
1270 5664 1627 5734 ἀκρόσυστος,
1650 5666 1915 5735 δηλονότι.
1943 5670 1972 5720 ὁ
1999 5670 2075 5721 Κο

2177 5670 2296 5738 ὲλιος
2335 5663 2565 5731 ἐκεῖνος.

602 5754 651 5796 δ’
678 5755 895 5821 accidit,
929 5765 983 5808 ut
1011 5765 1159 5812 extra
1186 5772 1241 5813 se
1269 5764 1558 5824 raperetur.
1643 5758 1708 5794 λ’·
1771 5756 1963 5810 velum.
