4116 6216
321 286 433 353 659
1279 286 1870 350 THEOPHYLACTI
1904 255 2316 351 BULGA-RI/E
2358 291 2708 352 ARCHIEP.
3461 294 3572 357 660

326 410 386 454 ut
411 401 604 457 habeat
625 399 995 457 defensionem
1024 410 1266 470 paratam
1296 401 1555 458 adversus
1579 414 1708 461 suos
1733 419 1900 461 accu-

2014 407 2145 464 τίαν.
2180 408 2284 463 Καὶ
2305 400 2446 461 θεῖον
2487 404 2555 479 ἦν
2578 410 2639 462 τὸ
2672 407 2975 477 γινόμενον,
3014 407 3076 461 τό
3099 425 3158 462 τε
3191 408 3401 462 ἄνωθεν
3430 410 3581 469 ἰδεῖν,

325 505 536 552 satores
559 512 572 549 :
593 507 822 562 nempe,
853 492 967 563 89
991 493 1327 562 quodetiam
1358 495 1780 566 centradixerit;
1817 498 1911 555 ad-

2015 501 2109 554 καὶ
2137 503 2194 553 ὲν
2225 502 2480 555 ἐκστάσει
2515 500 2790 570 γενέσθαι,
2821 501 2913 552 καὶ
2949 499 3009 552 τὸ
3047 499 3232 568 φωνὴν
3261 496 3471 551 ἐκεῖθεν
3505 501 3586 552 ἐν-

331 589 555 642 modum
576 584 718 639 enim
757 584 1042 654 oportebat
1066 598 1158 638 eos
1186 585 1356 657 legem
1384 601 1622 644 servare.
1647 587 1726 644 Ne
1751 590 1910 659 igitur

2014 593 2302 662 ηχηθῆναι,
2345 594 2437 646 καὶ
2472 592 2530 647 τὸ
2568 591 2688 662 τρὶς
2720 590 3047 660 ὁμολογῆσαι
3087 591 3168 642 ὅτι
3202 589 3488 660 ἀκάθαρτα
3516 585 3585 658 ἦν

329 676 476 730 illum
512 672 947 739 criminarentur,
1002 674 1102 729 hoc
1148 675 1267 746 (ita)
1308 678 1742 736 administratur.
1780 680 1909 736 For-

329 769 468 821 sitan
491 773 670 818 autem
691 764 920 834 genibus
940 765 1156 820 innixus
1175 768 1438 824 visionem
1456 771 1606 825 vidit.
1631 777 1707 826 Ac
1727 772 1907 826 divina

331 873 417 914 res
435 867 572 922 erat,
591 873 710 927 quae
725 857 1010 928 agebatur:
1031 859 1172 929 quod
1192 869 1248 916 et
1265 863 1498 932 desuper
1517 863 1668 928 vidit,
1689 873 1741 918 et
1758 872 1906 918 extra

330 965 389 1004 se
409 958 594 1019 raptus
610 957 712 1014 est,
729 957 783 1003 et
803 965 988 1005 vocem
1010 952 1155 1007 illinc
1178 955 1386 1024 accepit
1409 973 1424 1009 :
1450 963 1505 1010 et
1525 964 1604 1010 ter
1632 954 1908 1024 professus

330 1052 432 1107 est,
454 1042 564 1098 illic
592 1056 712 1096 esse
734 1041 986 1096 animalia
1012 1044 1219 1112 impura
1245 1058 1259 1097 :
1289 1047 1431 1115 quod
1453 1045 1624 1115 (item)
1651 1045 1796 1100 illinc
1818 1061 1908 1100 ve-

331 1135 608 1198 niebat,.et
631 1133 756 1187 illuc
789 1135 1166 1189 retrahebatur
1197 1135 1314 1206 [vas
1341 1136 1522 1208 illud],
1545 1151 1799 1207 magnum
1829 1138 1904 1192 si-

331 1222 759 1294 gnum-puritatis
775 1230 910 1276 erat.
929 1222 1192 1287 Quocirca
1211 1233 1433 1294 preptcr
1449 1241 1564 1290 eos,
1578 1226 1774 1294 quibus
1790 1241 1909 1296 pos-

334 1315 458 1369 thac
479 1313 740 1369 visionem
762 1313 1107 1382 expositurus
1127 1323 1231 1379 est,
1252 1316 1351 1368 hoc
1368 1314 1444 1381 iit,
1464 1317 1905 1387 quandoquidem

333 1407 448 1475 ipse
473 1404 756 1459 audiverat
778 1404 906 1458 illud
928 1403 1130 1457 dictum
1159 1403 1402 1460 Domini:
1429 1405 1493 1460 In
1514 1408 1653 1461 viam
1676 1410 1906 1478 gentium

333 1514 396 1550 ne
429 1496 668 1550 abieritis
699 1495 766 1550 ³⁸.
799 1494 931 1548 Nam
965 1496 1008 1549 si
1046 1493 1242 1549 Paulus
1277 1497 1698 1554 circumcisione
1729 1508 1783 1555 et
1816 1516 1907 1555 sa-

332 1586 537 1641 criﬁcio
560 1601 696 1656 opus
727 1585 940 1648 habuit,
975 1587 1144 1641 multo
1182 1590 1349 1659 magis
1382 1598 1512 1644 tunc
1553 1590 1604 1643 in
1637 1591 1905 1662 principio

333 1675 756 1745 praadicationis,
792 1691 914 1730 cum
944 1675 1043 1745 ipsi
1085 1677 1336 1733 homines
1365 1689 1548 1734 essent
1579 1681 1904 1736 imbecillio-

2011 686 2146 748 ἐκεῖ,
2177 684 2271 737 καὶ
2298 683 2358 736 τδ
2391 682 2599 736 ἐκεῖθεν
2630 683 2808 749 ἥκειν,
2841 681 2935 732 καὶ
2979 678 3040 732 τὸ
3085 679 3202 731 ἐκεῖ
3231 677 3582 746 ἀνασπασθῆ-

2010 792 2118 838 ναι,
2151 776 2293 844 μέγα
2315 774 2511 844 δεῖγμα
2546 771 2936 840 καθαρότητος.
2965 769 3064 823 Διὰ
3086 769 3211 833 τοὺς
3247 769 3383 840 μετὰ
3409 767 3580 821 ταῦτα

2008 862 2100 918 οὖν
2135 865 2293 917 τοῦτο
2313 864 2518 932 γίνεται
2552 858 2634 926 οἷς
2669 862 2850 931 μέλλει
2877 859 3222 929 ἐξηγεῖσθαι·
3264 861 3386 911 ἐπεὶ
3421 859 3582 921 αὐτος

2012 957 2243 1028 ἤκουσεν
2273 958 2352 1010 ὅτι
2385 958 2489 1019 Εἰς
2519 953 2666 1008 ὁδὸν
2695 953 2886 1008 ἐθνῶν
2911 951 2997 1022 μὴ
3034 953 3350 1020 ἀπέλθητε.
3388 952 3447 1003 Et
3474 950 3585 1018 γὰρ

2009 1052 2102 1103 καὶ
2143 1049 2448 1120 περιτομῆς
2495 1045 2687 1118 ἐδεήθη
2740 1047 2832 1099 καὶ
2881 1044 3067 1109 θυσίας
3114 1034 3346 1106 Παῦλος,
3397 1042 3582 1110 πολλῴ

2012 1141 2211 1212 μᾶλλον
2237 1141 2358 1194 τότε
2395 1142 2452 1193 ὲν
2483 1141 2624 1210 ἀρχῇ
2659 1139 2754 1192 τοῦ
2784 1137 3138 1208 κηρύγματος
3176 1134 3585 1204 ἀσθενεστέρων
3612 1151 3627 1164 ο

2007 1234 2250 1289 αὐτῶν⁶¹
2289 1232 2477 1288 ὄντων.
2513 1233 2588 1287 Οὐ
2629 1231 2770 1286 κατὰ
2815 1230 3034 1284 πάντων
3063 1227 3119 1281 δὲ
3167 1227 3483 1296 ἀπεφήνατο
3522 1226 3588 1278 τὸ

2008 1325 2184 1378 κοινὸν
2215 1325 2308 1378 καὶ
2342 1324 2652 1396 ἀκάθαρτον
2670 1339 2685 1357 ’
2713 1323 2847 1376 ἀλλὰ
2876 1321 3007 1392 περὶ
3035 1317 3110 1373 ὧν
3147 1318 3341 1386 ἔλεγεν
3363 1319 3390 1370 ὁ
3419 1319 3582 1386 νόμος

2006 1417 2200 1470 κοινῶν
2235 1416 2327 1470 καὶ
2359 1416 2705 1488 ἀκαθάρτων.
2749 1415 2807 1468 '0
2836 1414 2892 1467 δὲ
2931 1413 3066 1476 Θεὸς
3109 1411 3208 1480 τῆς
3255 1409 3416 1477 ἁγίας
3457 1410 3582 1462 Ἐν.-

2009 1506 2238 1576 κλησίας
2282 1507 2375 1560 τὸν
2428 1507 2750 1577 χαρακτῆρα
2799 1501 3148 1573 παραδιδοὺς,
3199 1499 3386 1567 ἔλεγεν
3433 1500 3585 1568 αὐτῷ

2011 1598 2176 1668 μηδὲν
2226 1597 2403 1651 κοινὸν
2460 1597 2731 1668 ἡγεῖσθαι.
2789 1595 2974 1648 Πάντα
3030 1591 3140 1663 γὰρ
3191 1591 3406 1660 aurci)"
3464 1593 3582 1643 ἐστι

2014 1687 2252 1757 καθαρὰ,
2311 1687 2426 1758 μετ’
2462 1684 2814 1756 εὐχαριστίας
2858 1684 2950 1738 καὶ
2996 1681 3246 1749 εὐλογίας
3277 1680 3413 1733 Θεοῦ
3444 1681 3584 1748 λαμ·-

335 1781 441 1821 rcs.
474 1766 642 1821 Porro
675 1781 782 1820 non
813 1768 881 1822 de
912 1768 1162 1823 omnibus
1193 1771 1596 1838 pronuntiavit,
1637 1774 1782 1827 illam
1818 1775 1904 1829 di-

2014 1755 2322 1847 6ανόμεναξ
2351 1777 2488 1831 ’ἁλλ’
2600 1755 2696 1829 καὶ
2724 1774 2856 1844 περὶ
2888 1777 2990 1846 τῆς
3014 1773 3260 1844 κλήσεως
3282 1772 3390 1825 τῶν
3414 1771 3583 1824 ἐθνῶν

335 1858 588 1920 etionem,
617 1873 904 1914 commune
930 1870 985 1914 et
1007 1860 1280 1930 impurum
1306 1879 1319 1915 :
1349 1863 1445 1918 sed
1469 1864 1535 1918 de
1563 1865 1649 1930 iis,
1678 1873 1797 1934 quae
1821 1866 1906 1920 lex

335 1950 568 2016 dicebat,
598 1949 847 2004 animalia
888 1960 1007 2006 esse
1034 1952 1343 2007 communia
1371 1962 1533 2024 atque
1564 1954 1795 2025 impura.
1827 1958 1900 2012 At

338 2045 481 2100 Deus
503 2060 624 2098 cum
649 2053 848 2100 sancte
872 2046 1124 2101 Ecclesiae
1148 2048 1460 2102 charactera
1489 2049 1725 2104 traderet
1746 2057 1908 2119 atque

337 2135 582 2206 figuram,
611 2136 825 2192 dicebat
858 2136 930 2202 ei,
960 2145 1022 2192 ut
1048 2137 1182 2192 nihil
1209 2151 1330 2194 esse
1351 2153 1641 2195 commune
1670 2149 1908 2210 putaret.

337 2229 470 2283 Nam
512 2230 697 2284 omnia
723 2246 844 2300 quae
873 2245 995 2284 cum
1028 2231 1321 2301 gratiarum
1353 2233 1566 2287 actione
1598 2243 1910 2299 sumuntur,

337 2332 403 2372 ac
433 2318 810 2374 benedictione
849 2317 976 2383 Dei,
1015 2319 1219 2374 homini
1255 2336 1389 2389 pura
1419 2336 1483 2375 ac
1514 2321 1716 2376 munda
1759 2331 1910 2376 sunt.

339 2407 627 2474 Caiterum,
667 2408 767 2463 etsi
791 2409 1019 2480 anigma
1043 2409 1176 2464 illud
1207 2419 1262 2464 et
1297 2411 1635 2466 involucrum
1671 2412 1914 2479 pertine-

340 2497 431 2550 bat
471 2498 536 2551 ad
577 2499 914 2553 vocationem
969 2501 1246 2570 gentium,
1301 2515 1370 2556 ne
1418 2511 1635 2572 putaret
1667 2511 1783 2567 eos,
1820 2503 1916 2572 qui

339 2597 524 2642 essent
552 2588 606 2642 in
639 2589 903 2658 praeputio
927 2590 1039 2644 nati
1065 2606 1383 2646 communes
1410 2596 1533 2650 esse
1559 2602 1613 2648 et
1640 2591 1913 2663 impuros:

341 2688 578 2735 attamen
612 2679 784 2735 oratio
818 2679 962 2735 Petri
994 2696 1103 2736 non
1141 2682 1207 2736 de
1252 2683 1562 2738 hominibus
1603 2684 1917 2738 continebat

341 2769 813 2842 signiﬁcationem,
849 2774 944 2829 sed
981 2773 1048 2829 de
1081 2774 1206 2836 illis,
1243 2789 1362 2844 quae
1394 2775 1511 2846 lege
1543 2775 1710 2831 vetita
1738 2783 1913 2831 erant.

345 2861 565 2920 Formas
596 2866 908 2920 animalium
957 2867 1023 2922 ad
1065 2867 1346 2922 hominum
1391 2884 1571 2922 mores
1614 2870 1917 2934 transferri,

341 2953 627 3010 didicimus
674 2971 740 3010 ex
783 2957 991 3012 visione
1025 2956 1188 3021 Petri,
1236 2960 1362 3027 quia
1409 2958 1463 3012 in
1496 2973 1642 3022 vase,
1675 2959 1820 3027 quod
1850 2960 1917 3035 de

2009 1869 2071 1922 τὸ
2121 1868 2369 1938 αἴνιγμα,
2409 1869 2496 1922 ἵνα
2539 1868 2613 1938 μὴ
2653 1868 2928 1938 ἡγήσηται
2973 1865 3100 1927 τοὺς
3151 1864 3207 1916 ὲν
3243 1863 3580 1933 ἀκροϐυστία⁵
3629 1939 3632 1943 Ι

2011 1960 2226 2024 κοινοὺς
2266 1960 2299 2030 ἢ
2353 1959 2715 2030 ἀκαθάρτους,
2752 1957 2901 2027 ὅμως
2941 1956 2969 2008 ὁ
3017 1956 3174 2023 λόγος
3217 1953 3310 2007 τοῦ
3349 1953 3578 2023 Πέτρου,

2011 2053 2070 2106 οὐ
2104 2053 2231 2123 περὶ
2258 2050 2557 2121 ἀνθρώπων
2578 2046 2689 2120 εἶχε
2717 2049 2816 2119 τὴν
2847 2047 3083 2116 ἔμφασιν
3108 2086 3121 2110 ,
3154 2046 3290 2098 ἀλλὰ
3322 2046 3448 2115 περὶ
3475 2046 3583 2097 τῶν

2011 2145 2069 2198 ὲν
2111 2143 2262 2214 νόμῳ
2309 2142 2794 2214 ἀπηγορευμένων.
2826 2140 2948 2192 Ὅτι
2988 2137 3056 2192 τὰ
3107 2137 3222 2206 εἴδη
3267 2138 3375 2191 τῶν
3428 2137 3584 2201 ζώων

2015 2232 2149 2303 πρὸς
2181 2233 2250 2286 τὰ
2278 2231 2386 2285 τῶν
2435 2231 2742 2301 ἀνθρώπων
2778 2228 2882 2300 ἢθη
2939 2227 3438 2298 μεταλαμϐάνεται,
3474 2227 3584 2279 ἐδι-

2011 2317 2184 2394 δάχθή
2236 2324 2336 2393 μὲν
2385 2323 2493 2376 ἀπὸ
2545 2321 2648 2390 τῆς
2704 2319 2968 2381 ὀπτασίας
3005 2318 3236 2388 Πέτρου,
3267 2320 3348 2372 ὅτι
3403 2321 3460 2372 ὲν
3509 2316 3585 2384 τῷ

2016 2412 2203 2466 σκεύει
2249 2412 2328 2483 τῷ
2383 2411 2695 2481 καθιεμένῳ
2735 2413 2798 2464 ἐκ
2833 2409 2942 2462 τῶν
2989 2407 3254 2478 οὐρανῶν,
3291 2408 3400 2458 πᾶν
3447 2400 3588 2466 εἶδος

2016 2504 2170 2571 ζώων
2193 2505 2240 2537 ⁸⁸
2269 2500 2360 2576 ἦν,
2387 2503 2630 2576 ἑρπετῶν
2657 2503 2752 2557 καὶ
2777 2501 3042 2556 πετεινῶν
3080 2499 3176 2553 καὶ
3216 2490 3584 2568 τετραπόδων.

2029 2596 2307 2666 ᾘνίσσετο
2350 2593 2458 2664 γὰρ
2487 2594 2514 2646 ὃ
2546 2593 2700 2661 λόγος
2731 2593 2858 2655 τοὺς
2897 2591 3002 2645 ἀπὸ
3048 2587 3306 2642 ποικίλων
3334 2588 3592 2657 ἁμαρτη-

2020 2687 2205 2757 μάτων
2232 2688 2299 2758 τῇ
2349 2685 2532 2737 πίστει
2565 2681 2938 2755 προσάγεσθαι
2991 2679 3304 2751 μέλλοντας,
3362 2677 3588 2738 τούτους

2017 2772 2156 2831 εἶναι
2184 2777 2310 2839 τοὺς
2336 2772 2723 2845 ὡμοιωμένους
2746 2774 2779 2842 ἢ
2808 2771 3156 2844 τετραπόδοις
3176 2769 3264 2822 διὰ
3291 2769 3352 2822 τὸ
3375 2767 3585 2838 κτηνῶ-

2016 2850 2125 2933 δες,
2162 2868 2196 2937 ἦ
2239 2866 2488 2937 ἑρπετοϊς
2523 2864 2612 2918 διὰ
2645 2865 2706 2918 rb
2741 2864 2962 2926 ἰοϐόλον,
3006 2862 3039 2931 ἢ
3078 2861 3340 2940 πετεινοῖς
3390 2857 3476 2912 διὰ
3526 2860 3592 2910 τὸ

2019 2958 2222 3026 κοῦφον
2249 2958 2343 3010 καὶ
2369 2957 2622 3011 ἄστατον.
2660 2955 2771 3007 Καὶ
2805 2956 2853 3006 οἱ
2882 2952 3034 3022 ὄφεις
3057 2951 3149 3004 οὖν
3183 2951 3273 3002 ἐπὶ
3302 2949 3427 3012 τοὺς
3453 2947 3586 3001 Σαδ-

341 3045 492 3099 εαιίἰε
519 3046 923 3110 demittebatur,
953 3048 1133 3102 omnis
1165 3047 1357 3102 formae
1393 3049 1647 3103 animalia
1680 3051 1912 3115 inerant,

2020 3048 2302 3110 δουκαίους
2330 3048 2424 3101 καὶ
2453 3037 2779 3118 Φαρισαίου-ς
2818 3043 3293 3116 τροπολογοῦνται,
3331 3040 3424 3094 καὶ
3449 3039 3588 3093 ἀλῶν

341 3137 676 3204 serpentium
697 3143 754 3190 et
777 3137 1076 3191 volucrium
1118 3147 1172 3192 et
1209 3140 1642 3208 quadrupedum.
1674 3141 1775 3195 Per
1800 3156 1915 3195 am-

342 3225 505 3294 bages
538 3225 682 3278 enim
717 3234 773 3280 et
798 3225 1074 3280 involucra
1120 3229 1294 3282 oratio
1357 3229 1636 3295 innuebat,
1669 3245 1782 3296 eos,
1820 3233 1910 3302 qui

341 3332 369 3366 ει
401 3315 564 3370 variis
585 3317 822 3385 peccatis
842 3317 909 3371 ad
932 3317 1092 3372 ﬁdem
1117 3319 1420 3376 adducendi
1443 3331 1620 3389 erant,
1649 3324 1746 3380 bos
1767 3339 1908 3390 esse,

341 3409 432 3477 qui
495 3409 775 3464 assimilati
821 3421 1005 3467 essent
1057 3420 1150 3467 aut
1193 3412 1636 3483 quadrupedibus
1691 3415 1912 3486 propter

343 3498 636 3552 bellninam
688 3509 961 3565 naturam,
1013 3509 1107 3556 aut
1135 3503 1481 3572 serpentibus
1509 3515 1733 3574 propter
1762 3505 1913 3577 inge—

344 3589 490 3643 nium
527 3589 847 3657 veneficum,
893 3598 986 3647 aut
1013 3593 1352 3660 volucribus,
1385 3604 1610 3664 propter
1641 3596 1912 3652 levitatem

343 3689 397 3735 et
426 3681 806 3738 mobilitatem.
838 3685 913 3738 Ac
935 3693 1217 3755 serpentes
1241 3686 1458 3755 quidem
1487 3687 1550 3742 ad
1587 3687 1914 3745 Sadduczeos

342 3787 407 3826 ac
436 3772 738 3829 Pharisaaos
781 3775 988 3844 trepice
1037 3785 1092 3830 et
1134 3776 1421 3847 allegorice
1468 3776 1800 3843 referuntur,
1859 3788 1915 3833 et

343 3863 532 3932 vulpes
561 3863 626 3918 ad
657 3863 906 3920 Heroden
933 3905 946 3925 .
990 3875 1046 3921 et
1079 3867 1202 3937 equi
1235 3867 1426 3922 insano
1453 3881 1712 3938 equarum
1745 3884 1912 3939 appe-

345 3956 447 4010 titu
499 3956 706 4012 incensi
769 3957 836 4013 ad
886 3957 1202 4018 libidinosas
1253 3975 1317 4015 ac
1363 3959 1578 4015 deditos
1626 3960 1910 4030 voluptati,

343 4062 472 4103 oves
501 4048 568 4102 ad
597 4063 692 4104 eos
720 4048 968 4105 homines
1005 4051 1097 4115 qui
1143 4052 1354 4106 caneris
1377 4051 1734 4121 simpliciores
1757 4062 1912 4118 sunt,

2019 3139 2149 3208 πηξ,
2201 3140 2292 3191 ἐπὶ
2339 3137 2430 3192 τὸν
2470 3136 2740 3208 Ἡρώδην,
2774 3137 2869 3188 καὶ
2914 3136 3070 3189 ἵπποι
3102 3133 3448 3203 θηλυμανεῖς,
3494 3130 3587 3182 ἐπὶ

2018 3229 2142 3292 τοὺς
2184 3229 2529 3300 φιληδόνουςυ
2559 3229 2628 3281 τὰ
2675 3227 2948 3298 πρόϐατα,
2999 3227 3090 3279 εει
3141 3225 3269 3286 τοὺς
3304 3219 3587 3276 ἀκακωτὲο

2021 3337 2146 3391 ρους
2179 3321 2289 3375 τῶν
2321 3319 2655 3390 ἀνθρώπων
2691 3317 2759 3371 τὰ
2811 3318 3016 3387 ἐρίφια,
3071 3317 3162 3369 ἐπὶ
3194 3316 3318 3378 τοὺς
3346 3315 3590 3368 ἀκοινω‹

2016 3414 2211 3481 νήτους
2251 3413 2342 3464 καὶ
2373 3409 2738 3480 ἀμεταδότως
2763 3425 2776 3439 ·
2810 3410 2859 3461 οἱ
2905 3411 3090 3479 ἐχῖνοι,
3139 3408 3231 3460 ἐπὶ
3267 3406 3394 3468 τοὺς
3425 3403 3590 3457 πλου-

2017 3502 2187 3569 σίους,
2218 3502 2311 3564 οὓς
2340 3500 2448 3555 ἀπὸ
2483 3501 2592 3554 τῶν
2638 3499 2786 3554 ἰδίων
2829 3499 3103 3564 ἀκανθῶν,
3149 3497 3472 3568 συμπνίγειν
3496 3494 3590 3548 τδν

2019 3593 2174 3662 λόγον
2225 3592 2321 3646 καὶ
2358 3592 2606 3663 ἄκαρπον
2638 3593 2830 3659 ποιεῖν,
2882 3591 2910 3643 ό
2954 3589 3158 3662 Κύριος
3212 3589 3423 3660 εἴρηκε.
3477 3587 3590 3639 Καὶ

2021 3685 2172 3755 φωνὴ
2207 3683 2369 3738 πάλιν
2424 3685 2491 3737 ὲκ
2539 3683 2793 3754 δευτέρου
2841 3683 2978 3754 πρὸς
3024 3683 3218 3736 αὐτόν’
3265 3683 3334 3735 Ἀ
3376 3683 3410 3735 ὁ
3446 3680 3590 3744 Θεὸς

2017 3775 2340 3845 ὲκαθάρισε
2357 3771 2424 3842 ’⁸,
2463 3775 2546 3831 σὺ
2571 3775 2658 3845 μὴ
2694 3776 2923 3830 κοίνου.
2960 3776 3116 3828 Δοκεῖ
3141 3774 3239 3842 μὲν
3267 3773 3400 3844 πρὸς
3429 3770 3589 3824 αὐτὸν

2019 3867 2270 3936 λέγεσθαι
2301 3869 2334 3938 ἠ
2373 3869 2524 3938 φωνή
2551 3883 2565 3898 ·
2601 3867 2662 3920 τὸ
2699 3867 2757 3920 δὲ
2797 3854 2905 3920 πᾶν
2949 3865 3084 3936 πρὸς
3120 3863 3407 3926 Ἰουδαίους
3432 3861 3586 3928 λέγε·

2019 3977 2132 4015 ται.
2165 3957 2227 4013 El
2276 3961 2382 4032 γὰρ
2420 3962 2446 4013 ὁ
2489 3953 2803 4022 διδάσκαλος
2849 3956 3192 4026 ἐπιτιμᾶται,
3242 3953 3420 4023 πολλῷ
3457 3951 3590 4022 μᾶλ-

2024 4053 2116 4106 λον
2145 4048 2312 4108 οὗτοι.

343 4140 482 4196 haedi
533 4140 601 4196 ad
649 4157 744 4198 eos
776 4143 870 4213 qui
907 4156 1019 4197 non
1059 4143 1459 4225 communicare
1507 4159 1608 4198 nec
1664 4141 1927 4214 impertiri
2001 4146 2217 4207 solent,
2263 4144 2536 4201 lierinacei
2595 4144 2660 4199 ad
2730 4143 2967 4205 divites,
3033 4154 3168 4210 quos
3204 4139 3317 4193 suis
3351 4138 3589 4208 ipsorum

344 4233 518 4305 spinis
563 4220 870 4292 sermonem
912 4220 1201 4306 praefocare
1261 4246 1317 4293 et
1346 4238 1721 4310 infrugiferum
1766 4239 1998 4308 efﬁcere,
2047 4243 2323 4313 Dominus!
2343 4243 2498 4297 dixit.
2544 4241 2610 4296 Et
2655 4255 2753 4295 vox
2797 4239 2986 4293 rursus
3014 4232 3257 4290 secundo
3285 4234 3352 4288 ad
3395 4231 3585 4286 illum:

344 4324 473 4391 Qua:
513 4325 657 4381 Deus
713 4331 986 4400 purgavit,
1018 4339 1075 4382 tu
1109 4332 1408 4384 communia
1462 4347 1525 4385 ne
1568 4341 1737 4400 putes.
1783 4332 2009 4388 Videtur
2076 4333 2295 4403 quidem
2357 4334 2425 4388 ad
2465 4333 2616 4388 illum
2661 4345 2764 4386 vox
2805 4327 2913 4384 dici
2961 4345 2974 4382 :
3021 4324 3118 4382 sed
3173 4339 3360 4381 revera
3416 4333 3588 4380 totum

345 4418 546 4473 dicitur
574 4421 645 4475 ad
673 4419 909 4478 Iudaeos.
940 4421 1075 4477 Nam
1100 4424 1146 4476 si
1177 4425 1366 4479 doctor
1397 4425 1734 4495 increpatur,
1767 4426 1940 4481 multo
1968 4426 2138 4496 magis
2161 4426 2259 4480 illi.

421 4509 584 4566 Vens.
613 4513 698 4566 l7.
724 4511 894 4566 Porro
916 4513 1040 4567 dum
1065 4514 1410 4568 Petrusintra
1432 4533 1486 4570 se
1507 4518 1738 4581 Itt'esitat,
1764 4518 1915 4589 quid-
1949 4525 1993 4579 D

349 4617 474 4653 nam
519 4602 913 4670 portenderetur
953 4619 1046 4671 per
1079 4604 1328 4658 visionem
1362 4621 1518 4673 quam
1543 4609 1772 4674 vidisset,
1803 4617 1917 4662 ecce

349 4692 446 4746 viri
467 4730 482 4752 ,
512 4692 602 4760 qui
639 4692 785 4746 missi
814 4701 965 4747 erant
992 4711 1025 4746 a
1058 4693 1300 4749 Cornelio
1330 4697 1616 4770 perquisita
1650 4703 1802 4754 domo
1830 4699 1917 4754 Si-

351 4784 539 4848 monis,
564 4784 779 4838 stabant
807 4786 878 4839 ad
905 4785 1232 4842 vestibulum.

421 4873 588 4928 Vens.
631 4873 717 4930 18.
750 4873 818 4929 Et
839 4873 950 4946 ω
975 4885 1184 4931 evocato
1209 4879 1458 4948 quodam,
1488 4879 1915 4942 sciscitabantur,

351 4981 425 5019 an
465 4963 672 5033 Simon,
700 4966 786 5021 cui
814 4965 1002 5023 Petrus
1031 4984 1315 5041 cognomen
1350 4981 1514 5038 esset,
1556 4971 1665 5025 illi:
1705 4970 1916 5024 haberet

353 5055 656 5126 hospitium.

422 5145 586 5204 Vatis.
624 5147 710 5204 19.
757 5147 917 5204 Petro
953 5157 1130 5205 autem
1171 5151 1404 5222 cogitare
1445 5158 1804 5220 perseverante
1853 5155 1916 5202 de

353 5239 570 5306 visione,
599 5238 830 5310 Spiritus
857 5241 906 5296 ei
933 5241 1066 5296 dixit
1093 5258 1112 5296 :
1143 5239 1278 5296 Ecce
1303 5240 1403 5295 viri
1431 5249 1673 5311 quarunt
1701 5249 1771 5294 te.

463 5464 509 5496 ³⁸
540 5463 734 5520 Matth.
761 5482 817 5530 Χ,
858 5468 914 5522 5.

2103 4518 2199 4582 Ὠς
2237 4515 2306 4569 δέ
2346 4515 2416 4568 ἐν
2441 4511 2632 4578 ἐαυτῷ
2667 4511 2934 4579 διηπόρει
2968 4513 3000 4564 ό
3033 4509 3272 4577 Πέτρος,
3303 4507 3359 4561 τί
3394 4507 3472 4561 ἂν
3495 4509 3590 4573 εἴη

2017 4608 2085 4662 τὸ
2118 4608 2331 4676 ὅραμα,
2364 4603 2396 4658 ὃ
2424 4600 2546 4659 εἶδε
2569 4619 2584 4634 ο
2614 4602 2712 4656 καὶ
2743 4601 2872 4656 ἰδοὺ
2899 4601 2954 4654 oi
2971 4599 3186 4667 ἄνδρες
3205 4599 3258 4651 οἱ
3285 4597 3589 4651 ἀπεσταλ-

2012 4697 2182 4767 μένοι
2231 4695 2350 4776 dno
2403 4695 2509 4750 τοῦ
2556 4694 2913 4762 Κορνηλίου,
2964 4689 3432 4758 διερωτήσαντες
3476 4688 3590 4757 τὴν

2017 4787 2212 4840 οὶκίαν
2247 4787 2531 4854 Σίμωνος,
2563 4782 2916 4850 ἐπέστησαν
2945 4781 3042 4834 ἐπὶ
3070 4780 3179 4833 τὸν
3208 4779 3486 4833 πυλῶνα.

2091 4877 2198 4931 Καὶ
2247 4877 2657 4946 φωνήσαντες,
2710 4873 3142 4935 ἐπυνθάνοντο,
3201 4873 3253 4924 εὶ
3308 4871 3506 4940 Σίμων
3556 4873 3588 4922 ό

2019 4969 2492 5036 ἐπικαλούμενος
2523 4964 2742 5034 Πέτρος
2773 4961 2988 5018 ἐνθάδε
3019 4960 3328 5026 ξενίζεται.

2096 5143 2206 5198 Τοῦ
2251 5141 2321 5196 δὲ
2352 5143 2577 5210 Πέτρου
2618 5139 3123 5210 διενθυμουμένου
3153 5138 3285 5208 περὶ
3316 5139 3423 5193 τοῦ
3455 5137 3590 5206 ὁρά-

2016 5252 2223 5305 ματος,
2263 5229 2430 5289 εΤπεν
2455 5233 2616 5298 αὐτῷ
2655 5233 2722 5288 τὸ
2751 5232 3021 5302 Πνεῦμω
3067 5230 3223 5287 ἰδοὺ
3250 5229 3464 5300 ἄνδρες
3497 5225 3588 5296 Gr

2020 5327 2197 5382 τοῦσί
2223 5341 2316 5380 σε.

1549 5559 1754 5622 Variae
1797 5560 2104 5622 lectiones
2131 5563 2191 5618 et
2236 5564 2426 5618 notae.

425 5679 580 5736 υτον.
607 5679 930 5751 ἀνθρώπων.
1005 5685 1050 5716 ⁸³
1143 5684 1230 5738 ισ.
1251 5682 1522 5754 ἀνθρώπῳ
1563 5683 1608 5717 ”
1648 5684 1782 5749 ζῶον
1816 5695 1948 5738 erat.

2025 5683 2068 5714 ³³
2095 5681 2399 5752 ὲκαοάρησε
2426 5688 2556 5734 erat.
