4116 6216
389 277 495 343 663

1326 271 1896 331 TIIEOPHYLACTI
1930 271 2333 332 BULGARI/E
2372 273 2722 334 ARCHIEP.

3503 270 3620 336 ('65

386 390 431 443 si
466 395 524 442 et
551 386 657 441 hoc
687 385 889 440 factum
919 391 1022 446 est,
1054 389 1108 435 et
1131 379 1486 434 nihilominus
1518 379 1943 435 scandalizantur

2049 375 2136 451 ἦν,
2161 381 2216 433 τί
2239 381 2336 434 ούκ
2356 381 2421 435 ἂν
2451 382 2694 449 ἐγένετο;
2731 381 2802 436 Τδ
2820 381 2895 448 δὲ,
2913 382 3424 451 Μεταπέμψασθαί
3439 400 3510 436 σε
3534 388 3621 448 είς

385 488 439 533 et
482 477 871 533 offenduntur:
925 473 968 528 si
1013 473 1115 526 hoc
1163 486 1272 524 non
1320 471 1390 523 ita
1436 479 1614 533 esset,
1659 471 1790 540 quid
1837 486 1945 526 non

384 569 628 622 futurum
660 563 896 618 fuisset?
937 563 1203 617 Caeterum
1229 562 1370 631 quod
1403 561 1553 626 dicit,
1576 563 1638 617 Ut
1669 572 1950 616 arcesseret

384 673 432 713 te
462 661 669 711 domum
705 671 858 709 suam
884 669 903 707 :
943 669 1053 708 non
1091 663 1344 724 tanquam
1374 654 1709 724 despiciens,
1755 654 1948 724 inquit,

383 749 558 809 misit,
604 747 696 800 sed
731 745 1009 813 itajussus
1047 752 1168 798 est:
1207 759 1275 798 ne
1315 745 1476 814 igitur
1512 745 1747 816 negligas
1789 754 1950 814 atque

381 847 719 892 contemnas.
759 835 942 889 Recte-
963 834 1125 905 igitur
1148 836 1299 905 prius
1326 835 1608 901 homines,
1644 845 1706 890 ut:
1739 836 1829 905 qui
1861 835 1950 889 iti-

381 930 530 984 neris
560 929 746 982 labore
767 926 895 981 fessi
921 936 1125 990 essent,
1157 927 1392 998 benigne
1417 927 1615 982 invitat
1637 934 1692 982 et
1711 925 1948 995 hOSpitio

380 1019 599 1088 accipit,
624 1027 784 1087 atque
809 1017 880 1070 ita
919 1017 1020 1072 sibi
1045 1019 1296 1073 conciliat
1325 1034 1388 1073 ac
1414 1020 1746 1073 demeretur.
1774 1017 1945 1072 Porro

2051 473 2158 526 τίὲν
2170 467 2337 526 οἷκον
2347 473 2552 537 αὑτοῦ,
2565 473 2661 542 οὐχ
2675 473 2748 536 ὡς
2762 473 3138 543 καταφρονῶν,
3155 474 3340 542 φησὶν,
3355 473 3451 525 ἕπε
3459 472 3615 541 μψεν,

2051 563 2165 617 ἀλλ’
2200 563 2496 634 ἐκελεύσθη
2525 563 2667 618 οὕτω
2689 580 2704 594 ·
2731 563 2805 635 μὴ
2833 563 2924 617 οὖν
2953 565 3392 636 καταφρονήσῃς.
3425 563 3620 626 Καλῶς

2051 653 2142 708 οὖν
2191 656 2454 729 πρότερον
2497 656 2810 726 φιλοφρονεί
2877 656 3003 718 τοὺς
3060 655 3292 724 ἄνδρας,
3351 654 3444 708 ἅτε
3508 655 3616 708 ἀπὸ

2053 746 2301 816 καμάτου
2329 747 2508 813 ὄντας,
2547 748 2643 801 καὶ
2669 747 2884 801 οἰκειῶν
2919 748 3114 817 ἑαυτῷ.
3146 748 3224 801 Τὸ
3253 749 3310 801 δὲ
3341 743 3614 800 συνελθεῖν

2053 836 2203 906 αὐτῷ
2231 854 2386 900 τινας
2419 838 2477 904 ἐξ
2512 837 2758 909 Ἰόππης,
2786 838 3142 909 οἰκονομικῶς
3183 834 3272 909 ἦν,
3300 838 3438 891 ὥστε
3476 832 3622 890 εἶναι·

2053 929 2333 1000 μάρτυρας
2367 929 2506 1000 μετὰ
2533 929 2724 997 ταῦτα,
2754 929 2881 983 ὅταν
2908 928 3349 1000 ἀπολογήσασθαι
3377 929 3472 999 δὲῃ
3511 929 3616 980 Πέ-

2053 1035 2201 1089 τρον.

381 1120 440 1165 ut
469 1124 532 1163 ex
557 1108 728 1179 Joppe
769 1108 982 1177 quidam
1018 1125 1123 1163 una
1162 1110 1662 1178 proﬁciscerentur,
1701 1109 1804 1163 hoe
1845 1107 2040 1162 accidit
2081 1110 2260 1165 divina
2295 1111 2653 1182 providentia,
2687 1119 2745 1166 ut
2813 1121 2977 1168 testes
3044 1112 3302 1167 nimirum
3368 1109 3610 1182 posthac-

380 1211 592 1266 essent,
626 1215 751 1254 cum
777 1200 970 1254 Petrus
997 1216 1135 1270 opus
1173 1201 1396 1256 haberet
1433 1201 1754 1272 purgatione
1786 1208 1949 1270 atque
1985 1201 2323 1258 defensione.

448 1298 516 1350 At
546 1297 843 1359 Cornelius,
889 1300 1180 1351 convocatis
1212 1302 1318 1353 suis
1347 1300 1582 1369 cognatis
1618 1316 1680 1353 ac
1710 1313 1948 1354 necessa-

380 1391 474 1444 riis
501 1390 710 1454 amicis,
737 1389 1044 1457 expectabat
1077 1389 1214 1442 illos.

449 1563 612 1616 Vsus.
645 1562 736 1616 25.
761 1562 821 1618 Ut
840 1571 1014 1616 autem
1032 1560 1218 1616 Petrus
1236 1564 1561 1634 ingressurus
1578 1573 1709 1629 erat,
1731 1565 1956 1617 occurrit

378 1657 425 1709 ei
442 1654 800 1719 Cornelius,ac
818 1655 1155 1724 procumbens
1179 1655 1249 1708 ad
1269 1656 1418 1723 pedes
1434 1672 1551 1709 eum
1571 1665 1841 1710 veneratus
1859 1663 1955 1710 est.

448 1831 611 1886 Vens.
647 1831 739 1885 26.
785 1830 887 1884 Sed
916 1830 1106 1885 Petrus
1147 1849 1263 1886 eum
1306 1833 1468 1886 erexit
1525 1851 1587 1886 ac
1629 1833 1912 1886 sublevavit
1932 1859 1951 1896 ,-

378 1919 570 1991 Surge,
598 1923 834 1988 inquiens
862 1963 876 1986 ,
915 1939 1039 1976 nam
1062 1932 1109 1976 et
1139 1926 1446 1994 egometipse
1474 1927 1624 1979 homo
1651 1941 1789 1979 sum.

446 2013 605 2068 Vnus.
647 2013 736 2067 27.
771 2014 840 2068 Et
869 2014 1166 2084 colloquens
1215 2032 1332 2069 cum
1366 2034 1424 2070 eo
1469 2019 1728 2088 ingressus
1758 2025 1854 2083 est,
1887 2031 1951 2070 ac

375 2104 566 2170 reperit
599 2103 787 2158 multos
819 2115 1174 2175 congregatos.

445 2192 638 2248 Clarus
688 2210 750 2249 ac
791 2196 1110 2265 splendidus
1158 2207 1275 2253 erat
1321 2199 1402 2254 vir
1437 2199 1757 2264 Cornelius,
1799 2210 1854 2256 et
1895 2202 1947 2254 in

377 2281 579 2338 celebri
620 2299 685 2338 ac
717 2285 888 2340 nobili
927 2287 1057 2341 urbe
1086 2288 1420 2344 domicilium
1447 2291 1700 2346 habebat.
1741 2290 1944 2346 Convo-

375 2373 506 2426 catis
528 2376 758 2444 cognatis
776 2388 820 2429 ει
847 2379 1150 2432 necessariis
1171 2381 1379 2434 amicis.
1407 2379 1615 2436 Revera
1640 2389 1819 2436 autem
1844 2381 1948 2436 hoc

373 2475 493 2519 erat
519 2466 678 2521 amici
703 2467 874 2522 Deum
902 2469 1152 2535 colentis,
1182 2471 1378 2526 talibus
1408 2471 1564 2526 bonis
1583 2471 1796 2535 oblatis,
1824 2486 1944 2526 om-

374 2557 525 2611 nium
572 2559 782 2624 socios,
834 2569 996 2628 atque
1048 2561 1341 2632 participes
1389 2561 1569 2617 facere
1612 2563 1945 2617 necessarios

374 2649 597 2703 atuieos.
639 2648 990 2707 Necessarios
1020 2661 1201 2707 autem
1227 2653 1447 2720 amicos,
1484 2665 1542 2709 ut
1569 2653 1768 2720 quibus
1796 2669 1942 2708 scm-

373 2754 470 2807 per
498 2739 816 2804 conﬁderet,
845 2751 992 2797 recte
1009 2755 1422 2810 convocaverat,
1467 2761 1591 2802 cum
1634 2747 1702 2801 de
1745 2746 1941 2801 talibus

373 2829 536 2883 rebus
565 2830 614 2886 ei
644 2841 917 2889 certamen
942 2844 1084 2892 esset
1236 2839 1410 2908 Atque
1441 2839 1598 2894 amici
1642 2849 1698 2894 et
1731 2839 1940 2910 cognati

372 2918 502 2974 mihi
537 2921 699 2977 etiam
723 2925 869 2994 apud
893 2941 1016 2982 eum
1044 2929 1247 2998 epulati
1274 2937 1435 3000 atque
1457 2930 1708 2986 convivio
1729 2929 1938 2998 accepti

371 3023 492 3063 esse
525 3011 800 3069 videntur.
836 3016 913 3070 Ac
943 3019 1066 3073 vide
1101 3028 1162 3073 ut
1188 3021 1412 3075 omnino
1440 3023 1688 3077 crederet
1718 3021 1935 3075 Petrum
1965 3059 2008 3117 ο

369 3109 658 3155 venturum
687 3142 702 3169 ,
726 3107 852 3172 quia
881 3122 988 3160 non
1018 3108 1071 3161 in
1097 3124 1291 3165 somno
1317 3111 1526 3165 viderat
1544 3109 1816 3181 angelum,
1843 3113 1938 3167 sed

369 3189 598 3260 vigilans
615 3202 668 3248 et
684 3193 938 3250 interdiu.
963 3197 1070 3252 Sed
1084 3197 1271 3254 Petrus
1288 3217 1406 3254 eum
1424 3203 1727 3267 sublevavit,
1749 3203 1936 3275 Surge,

369 3285 630 3354 inquiens,
661 3303 782 3340 nam
820 3301 870 3343 et
900 3292 1210 3361 egometipse
1238 3293 1392 3347 homo
1417 3311 1556 3350 sum.
1590 3297 1699 3354 Hac
1722 3316 1856 3357 voce
1885 3313 1940 3357 et

367 3376 504 3432 alios
546 3379 808 3446 docebat,
837 3391 892 3436 et
925 3381 1036 3438 Deo
1073 3385 1273 3455 gratias
1311 3387 1531 3455 agebat,
1567 3392 1820 3456 etanimi
1854 3396 1936 3450 sui

368 3467 734 3525 humilitatem
771 3473 1111 3531 ostendebat.
1149 3477 1537 3536 Animadverte
1568 3491 1773 3550 autem,
1809 3495 1936 3540 ante

368 3561 553 3617 omnia
591 3561 696 3618 hoc
724 3580 818 3622 eos
857 3566 1043 3632 docet,
1083 3584 1154 3625 ne
1188 3571 1316 3640 quid
1361 3574 1601 3645 amplum
1639 3576 1705 3631 de
1743 3578 1936 3648 seipsis

369 3657 550 3708 animo
580 3657 930 3726 conciperent
957 3669 1120 3730 atque
1150 3664 1472 3734 cogitarent.

434 3742 602 3832 Vsus.
622 3744 711 3799 28.
729 3745 804 3801 Ac
822 3750 954 3802 uixit
969 3753 1038 3805 ad
1062 3770 1146 3808 eos
1167 3772 1186 3808 :
1215 3753 1317 3810 Vos
1330 3758 1472 3812 scitis
1494 3776 1652 3830 quam
1671 3762 1934 3832 nefarium

367 3837 415 3881 et
438 3845 539 3882 non
556 3830 758 3886 licitum
785 3835 855 3888 sit
870 3836 1068 3893 homini
1106 3840 1290 3897 Iudaeo
1316 3845 1680 3919 seladjungere
1714 3830 1932 3914 etacce-

367 3921 489 3974 dere
515 3922 586 3976 ad
623 3923 1019 3995 alienigenam:
1058 3933 1150 3986 sed
1177 3933 1307 3987 milii
1336 3935 1476 3990 Deus
1511 3942 1736 3995 ostendit
1760 3944 1930 3997 nemi-

437 4190 598 4249 νεεδ.
613 4195 1056 4262 29.0uamoorem
1074 4205 1232 4260 etiam
1243 4208 1354 4263 sine
1369 4213 1696 4266 recusatione
1705 4215 1819 4268 veni
1842 4233 1931 4270 ac-

2132 1299 2197 1353 'O
2226 1300 2295 1353 δὲ
2324 1301 2662 1369 Κορνήλιος
2688 1297 2766 1372 ἦν
2797 1299 3155 1369 προσδοκῶν
3184 1296 3426 1362 αὐτοὺς.
3471 1311 3617 1363 συγσ

2052 1392 2469 1463 καλεσάμενος
2520 1393 2661 1459 τοὺς
2722 1391 3034 1463 συγγενεῖς
3090 1388 3278 1444 αὑτοῦ
3331 1387 3428 1441 καὶ
3479 1385 3620 1451 τοὺς

2055 1484 2419 1552 ἀναγκαίους
2458 1487 2692 1553 φίλους.

2137 1573 2236 1638 Ὧς
2279 1572 2347 1626 δὲ
2391 1573 2629 1643 ἐγένετο
2680 1572 2784 1626 τοῦ
2810 1573 2827 1604 ⁸
2881 1570 3177 1626 είσελθεῖν
3224 1570 3330 1622 τὸν
3376 1567 3622 1634 Πέτρον,

2059 1664 2458 1732 συναντήσας
2487 1662 2645 1728 αὐτῷ
2678 1665 2710 1716 ό
2739 1663 3088 1730 Κορνήλιος.
3122 1660 3328 1714 πεσὼν
3354 1657 3452 1712 ἐπὶ
3484 1657 3627 1721 τοὺς

1990 1737 2031 1793 Β
2059 1754 2269 1821 πόδας,
2301 1756 2777 1823 προσεκύνησεν.

2138 1846 2193 1898 Ὀ
2228 1845 2296 1898 δὲ
2321 1844 2542 1914 Πέτρος
2567 1845 2754 1900 αὑτὸν
2783 1844 2980 1913 ἤγειρε
3007 1843 3204 1912 λέγων
3223 1857 3238 1872 ⁸
3291 1838 3618 1907 Ἀνάστηθι,

2056 1937 2216 2007 κάγὼ
2246 1938 2427 2003 αὐτὸς
2457 1936 2764 2004 ἄνθρωπός
2788 1937 2925 2005 ειμι.

2126 2027 2236 2081 Kal
2263 2025 2608 2096 συνομιλῶν
2654 2024 2833 2090 αὐτῷ,
2871 2022 3138 2094 εἰσῆλθε,
3206 2021 3300 2075 καί
3357 2021 3620 2090 εὑρίσκει

2053 2119 2464 2183 συνελθόντας
2490 2119 2510 2148 ⁸
2539 2117 2828 2182 πολλούς.

2134 2207 2430 2278 Ἐπίσημος
2463 2204 2531 2279 ἦν
2559 2211 2587 2260 ὁ
2621 2207 2780 2276 ἀνὴρ,
2811 2206 2909 2260 καὶ
2934 2208 2990 2259 ἐν
3019 2205 3278 2274 ἐπισήμῳ
3309 2201 3461 2255 πόλει
3488 2217 3620 2267 τυγ-

2050 2301 2248 2370 χάνων.
2281 2299 2818 2369 Συγκαλεσάμενος
2846 2297 2987 2364 τοὺς
3017 2295 3352 2365 συγγενεῖς.
3380 2291 3470 2362 Τῷ
3501 2291 3616 2344 ὄντι

2049 2391 2104 2444 δὲ
2127 2391 2308 2453 τοῦτο,
2336 2391 2490 2458 φίλου
2530 2387 2835 2454 θεοσεϐοῦς,
2877 2390 2936 2442 ὲν
2964 2390 3076 2450 τοῖς
3103 2387 3365 2448 τοιούτοις
3389 2382 3612 2450 ἀγαθοῖς

2047 2483 2265 2535 πάντων
2302 2480 2573 2534 ποιεῖσθαι
2619 2478 2910 2542 κοινωνοὺς
2962 2479 3090 2540 τοὺς
3139 2475 3468 2543 ἀναγκαίους
3521 2471 3610 2541 cpi-

2047 2571 2192 2634 λους.
2239 2571 2591 2639 Ἀναγκαίους
2619 2570 2676 2623 δὲ
2699 2570 2883 2638 φίλους
2906 2569 3126 2630 εξκότως
3150 2561 3227 2630 οἷς
3249 2565 3469 2636 ἐθάρρει
3497 2562 3606 2625 ἀεὶ,

2046 2662 2175 2733 περὶ
2202 2663 2310 2716 τῶν
2336 2661 2590 2717 τοιούτων
2621 2662 2774 2724 ὄντος
2793 2659 2940 2726 αὺτῷ
2960 2659 3053 2712 τοῦ
3081 2658 3309 2727 ἀγῶνος.
3334 2656 3442 2710 Καὶ
3464 2655 3608 2722 φίλοι

2043 2754 2098 2807 δὲ
2132 2753 2228 2806 καὶ
2283 2755 2560 2822 συγγενεῖς
2611 2752 2731 2822 ἐμοὶ
2758 2749 2971 2804 δοκοῦσι
3026 2750 3160 2819 παρ’
3191 2748 3340 2818 αύτῷ
3383 2748 3610 2816 εὐωχεῖ-

2044 2845 2188 2901 σθαι.
2233 2846 2377 2916 Ὅρα
2422 2845 2480 2898 δὲ
2511 2844 2628 2908 πῶς
2674 2845 2998 2897 ἐπίστευσεν
3051 2842 3132 2894 ὅτι
3175 2840 3390 2902 πάντως
3427 2837 3541 2907 ἥξει
3583 2837 3611 2888 ὁ

2042 2937 2285 3006 Πέτροςο
2342 2937 2424 2989 ὅτι
2476 2935 2576 2988 οὐκ
2619 2935 2678 2988 ὲν
2734 2932 2885 3002 ὕπνῳ
2918 2931 3075 3000 ὤφθη
3125 2930 3272 3000 αύτῷ
3302 2931 3332 2982 ὁ
3358 2926 3604 2997 ἄγγελος,

2041 3027 2157 3083 ἀλλ’
2189 3029 2511 3099 ἐγρηγορότι
2541 3026 2633 3081 καὶ
2667 3027 2725 3080 ἐν
2753 3023 2960 3096 ἡμέρᾳ.
3005 3023 3066 3075 '0
3088 3021 3156 3074 δὲ
3179 3021 3398 3088 Πέτρος
3419 3017 3605 3072 αὐτὸν

2040 3119 2238 3188 ἤγειρε
2286 3119 2508 3187 λέγων·
2569 3116 2905 3183 Ἀνάστηθι,
2955 3111 3116 3182 κάγὼ
3164 3111 3345 3174 αὐτὸς
3381 3108 3600 3176 ἅνθρω·

2037 3213 2151 3278 πός
2195 3213 2341 3281 εἰμι·
2374 3210 2546 3280 τούτῳ
2581 3209 2826 3273 καὶτοὺς
2861 3208 3050 3270 ἄλλους
3079 3203 3366 3266 παιδεύων,
3403 3199 3500 3255 καὶ
3525 3197 3603 3268 τῷ

2037 3303 2155 3374 Θεῷ
2185 3301 2522 3373 εὐχαριστῶν
2546 3301 2587 3366 ³,
2628 3301 2688 3354 τὸ
2729 3301 2983 3354 ταπεινὸν
3015 3297 3180 3353 αὐτοῦ
3225 3292 3602 3362 ἐπιδεικνύμε-

2037 3410 2146 3456 νος.
2189 3392 2332 3463 Ὅρα
2357 3390 2435 3455 δὲ,
2463 3390 2569 3462 πρὸ
2601 3390 2708 3444 τῶν
2731 3389 2904 3446 ἄλλων
2924 3389 3082 3442 τοῦτο
3108 3387 3305 3449 αὐτοὺς
3335 3382 3599 3448 παιδεύει,

2038 3482 2205 3554 μηδὲν
2235 3482 2380 3554 μέγα
2415 3482 2542 3554 περὶ
2577 3481 2786 3539 ἑαυτῶν
2819 3480 3205 3552 φαντάζεσθαι.

2108 3752 2256 3819 Ἔφη
2292 3765 2355 3803 τε
2404 3749 2553 3817 πρὸς
2585 3749 2840 3813 αὐτούς’
2888 3743 3083 3815 Ὑμεῖς
3130 3740 3478 3803 ἐπίστασθε,
3517 3735 3598 3800 ὡς

2031 3840 2310 3910 ἀθέμιτόν
2367 3839 2538 3892 ἐστιν
2611 3837 2783 3906 ἀνδρὶ
2843 3835 3108 3898 Ἰουδαίῳ
3166 3827 3500 3886 κολλᾶσθαι
3556 3825 3595 3892 ἢ

2033 3931 2476 4002 προσέρχεσθαι
2505 3930 2862 3998 ἀλλοφύλῳ·
2894 3927 2992 3981 καί
3015 3924 3143 3995 ἐμοὶ
3175 3925 3208 3977 ὁ
3237 3921 3381 3986 Θεὸς
3409 3915 3600 3982 ἔδειξε

1891 4036 1930 4087 i-
2027 4025 2262 4095 μηδένα
2294 4023 2498 4079 κοινὸν
2525 4021 2564 4091 ἣ
2597 4020 2931 4089 ἀκάθαρτον
2955 4017 3159 4087 λέγειν
3195 4014 3527 4082 ἄνθρωπον.

2101 4207 2200 4260 Διὸ
2245 4203 2344 4258 καὶ
2398 4199 2842 4268 ἁναντιρῤήτως
2891 4191 3084 4265 ἦλθον
3133 4186 3590 4262 μεταπεμφθείς.

357 4283 595 4338 cersitus.
620 4282 808 4348 Qutero
845 4291 1026 4359 igitur,
1044 4308 1148 4361 qua
1166 4295 1230 4348 de
1241 4312 1401 4352 causa
1418 4302 1792 4358 accersiveritis
1816 4306 1931 4358 me?

2037 4297 2413 4365 Πυνθάνομαι
2447 4288 2584 4356 οὖν,
2613 4291 2730 4345 τινι
2764 4291 2926 4357 λόγῳ
2946 4279 3408 4355 μετεπέμψασθέ
3431 4295 3508 4348 με
3523 4293 3543 4341 ;

430 4372 591 4430 Vens.
613 4377 701 4433 30.
728 4378 798 4433 Et
823 4379 1347 4441 Carnelius:Nudius
1368 4399 1608 4456 quartus,
1634 4392 1821 4462 inquit,
1847 4410 1930 4449 us-

2105 4389 2214 4443 Kai
2251 4390 2284 4440 ό
2313 4383 2642 4453 Κορνήλιος
2682 4382 2835 4450 ἔφη’
2885 4378 3024 4433 Ἀπὸ
3061 4375 3349 4444 τετάρτης
3374 4371 3597 4442 ἡμέρας

359 4479 464 4532 αυε-
479 4466 548 4520 ad
568 4467 701 4523 hanc
732 4469 915 4525 horam
951 4489 1096 4528 eram
1132 4475 1370 4544 jejunus,
1396 4479 1504 4550 92
1535 4491 1584 4536 et
1630 4485 1759 4538 hora
1790 4501 1929 4540 nona

2037 4479 2199 4549 μέχρι
2246 4477 2468 4541 ταύτης
2506 4472 2618 4542 τῆς
2659 4472 2813 4540 ὥρας
2886 4470 3050 4540 ἤμην
3118 4464 3448 4533 νηστεύων,
3496 4462 3596 4514 καί

357 4554 612 4617 precabar
657 4558 799 4613 domi
828 4576 956 4620 mea
975 4576 996 4616 :
1029 4573 1079 4617 et
1107 4579 1221 4619 ecce
1252 4566 1335 4619 vir
1354 4571 1493 4622 stetit
1529 4586 1708 4625 coram
1746 4589 1828 4628 me
1873 4574 1929 4627 in

2037 4572 2144 4638 τὴν
2186 4567 2447 4633 ἐννάτην
2495 4563 2657 4632 ὥραν
2691 4565 3179 4632 προσευχόμενος
3213 4558 3282 4612 ἐν
3331 4554 3412 4620 τῷ
3449 4554 3597 4618 οἴκῳ

359 4647 492 4692 veste
520 4641 811 4710 splendida.

426 4815 588 4874 Vens.
617 4818 704 4874 51.
736 4819 806 4875 Et
839 4822 919 4877 ait
951 4840 969 4880 :
1000 4824 1241 4897 Corneli,
1270 4836 1536 4890 exaudita:
1596 4846 1719 4890 sunt
1747 4852 1922 4906 preces

2025 4667 2178 4728 uovf
2216 4656 2314 4712 καὶ
2346 4655 2476 4710 ἰδοὺ
2503 4654 2660 4723 ἀνὴρ
2693 4655 2840 4724 ἔστη
2869 4654 3127 4708 ἐνώπιόν
3140 4668 3259 4721 μου
3286 4652 3358 4704 ἐν
3385 4645 3597 4714 ἐσθῆτι

2028 4748 2292 4820 λαμπρᾷ,

2099 4841 2211 4896 Καί
2236 4852 2420 4910 φησι·
2452 4840 2761 4912 Κορνήλιε,
2784 4837 3152 4906 εἰσηκούσθη
3182 4847 3300 4888 σου
3329 4834 3368 4900 ’ἡ
3399 4843 3591 4899 προσ-

358 4916 463 4962 ιιιιε
504 4917 552 4964 et
575 4907 940 5002 _eteemosynte
985 4927 1090 4976 tua:
1136 4921 1191 4975 in
1229 4927 1485 4980 memoria
1551 4928 1744 4983 Imb-ita:
1800 4939 1921 4983 sunt

2037 4933 2202 5002 ευχὴ,
2228 4907 2328 4989 atat
2365 4939 2424 4988 at
2467 4907 2874 5002 ἐλεημοσύναι
2904 4945 3020 4984 σου
3058 4925 3456 4997 ἐμνήσθησαν
3494 4920 3591 4975 ἐν·

355 5014 532 5053 coram
563 4999 694 5059 Deo.

424 5088 586 5146 Vsus.
619 5095 706 5150 52.
735 5094 881 5153 Mitte
911 5098 1077 5171 igitur
1109 5101 1312 5171 Joppen
1351 5107 1559 5160 nuntios
1579 5147 1595 5172 ,
1635 5117 1684 5160 et
1714 5124 1917 5164 accerse

354 5178 637 5256 Simonem,
673 5189 764 5254 qui
798 5194 1196 5262 cognominatur
1222 5193 1458 5250 Petrus:
1492 5197 1576 5250 hic
1603 5197 1758 5251 habet
1798 5199 1916 5254 hos-

2026 5021 2214 5078 ώπιον
2243 5024 2350 5077 τοῦ
2381 5023 2550 5077 Θεοῦ.

2095 5111 2342 5179 Πέμψον
2370 5105 2484 5165 οὖν
2507 5112 2595 5177 είς
2635 5107 2909 5175 Ἰόππην,
2946 5105 3040 5159 καί
3063 5101 3466 5174 μετακάλεσαι
3487 5101 3586 5153 Σί-

2021 5218 2211 5270 μωνα,
2257 5201 2325 5267 ὃς
2372 5200 2739 5256 ἐπικαλεῖται
2771 5197 3021 5266 Πέτρος·
3071 5190 3248 5263 οὗτος
3301 5190 3585 5261 ξενίζεται

1533 5378 1736 5441 Varius
1781 5382 2086 5448 lectiones
2106 5393 2167 5449 et
2210 5395 2398 5450 uotae.

427 5528 446 5562 ⁶
473 5531 592 5599 τοῦ,
623 5550 725 5589 non
758 5547 833 5592 est
874 5540 931 5593 in
976 5543 1211 5614 vulgato.
1297 5545 1402 5601 'In
1454 5550 1663 5619 vulgato
1698 5561 1794 5620 est,
1828 5571 1943 5611 συνε

2037 5558 2300 5623 ίουθότας.
2379 5560 2398 5591 ³
2429 5558 2597 5615 Locus
2646 5557 2866 5614 mutilus
2891 5558 3119 5613 videtur.

431 5669 806 5728 i“‘laboraret.
