  <div class='ocr_page' id='page_1' title='image "/cluster/home/n/w/nwhite01/storage/ocr_20150623/125/hvd.32044073502429/356.png"; bbox 0 0 4116 6216; ppageno 0'>
   <div class='ocr_carea' id='block_1_1' title="bbox 473 332 579 400">
    <p class='ocr_par' dir='ltr' id='par_1_1' title="bbox 473 332 579 400">
     <span class='ocr_line' id='line_1_1' title="bbox 473 332 579 400; baseline -0.038 0"><span class='ocrx_word' id='word_1_1' title='bbox 473 332 579 400; x_wconf 79' lang='lat'><em>665</em></span> 
     </span>
    </p>
   </div>
   <div class='ocr_carea' id='block_1_2' title="bbox 1196 288 2927 396">
    <p class='ocr_par' dir='ltr' id='par_1_2' title="bbox 1196 288 2927 396">
     <span class='ocr_line' id='line_1_2' title="bbox 1196 288 2927 396; baseline 0.003 -7"><span class='ocrx_word' id='word_1_2' title='bbox 1196 288 1597 391; x_wconf 73' lang='lat' dir='ltr'><strong><em>EXPdSITto</em></strong></span> <span class='ocrx_word' id='word_1_3' title='bbox 1635 328 1717 389; x_wconf 88' lang='lat' dir='ltr'><strong><em>IN</em></strong></span> <span class='ocrx_word' id='word_1_4' title='bbox 1739 329 1925 388; x_wconf 78' lang='lat' dir='ltr'><strong><em>ACTA</em></strong></span> <span class='ocrx_word' id='word_1_5' title='bbox 1955 328 2522 391; x_wconf 79' lang='lat' dir='ltr'><strong><em>APOSTOLORUM.</em></strong></span> <span class='ocrx_word' id='word_1_6' title='bbox 2562 356 2628 367; x_wconf 93' lang='lat'><strong><em>—-</em></strong></span> <span class='ocrx_word' id='word_1_7' title='bbox 2668 324 2823 396; x_wconf 63' lang='lat' dir='ltr'><strong><em>cap.</em></strong></span> <span class='ocrx_word' id='word_1_8' title='bbox 2855 336 2927 395; x_wconf 75' lang='grc' dir='ltr'><strong>Χ.</strong></span> 
     </span>
    </p>
   </div>
   <div class='ocr_carea' id='block_1_3' title="bbox 3565 338 3673 405">
    <p class='ocr_par' dir='ltr' id='par_1_3' title="bbox 3565 338 3673 405">
     <span class='ocr_line' id='line_1_3' title="bbox 3565 338 3673 405; baseline 0 0"><span class='ocrx_word' id='word_1_9' title='bbox 3565 338 3673 405; x_wconf 74' lang='lat'><em>€66</em></span> 
     </span>
    </p>
   </div>
   <div class='ocr_carea' id='block_1_4' title="bbox 474 436 2014 519">
    <p class='ocr_par' dir='ltr' id='par_1_4' title="bbox 474 436 2014 511">
     <span class='ocr_line' id='line_1_4' title="bbox 474 436 2014 511; baseline -0.005 -13"><span class='ocrx_word' id='word_1_10' title='bbox 474 447 542 499; x_wconf 69' lang='grc' dir='ltr'>ἐν</span> <span class='ocrx_word' id='word_1_11' title='bbox 566 443 723 511; x_wconf 73' lang='lat' dir='ltr'><strong><em>aluta</em></strong></span> <span class='ocrx_word' id='word_1_12' title='bbox 762 442 1019 510; x_wconf 77' lang='grc' dir='ltr'>Σίμωνος</span> <span class='ocrx_word' id='word_1_13' title='bbox 1045 439 1323 508; x_wconf 78' lang='grc' dir='ltr'><strong><em>βυρσέως</em></strong></span> <span class='ocrx_word' id='word_1_14' title='bbox 1370 438 1527 507; x_wconf 79' lang='grc' dir='ltr'>παρὰ</span> <span class='ocrx_word' id='word_1_15' title='bbox 1570 439 1910 502; x_wconf 81' lang='grc' dir='ltr'>θάλασσαν,</span> <span class='ocrx_word' id='word_1_16' title='bbox 1958 436 2014 502; x_wconf 78' lang='grc' dir='ltr'>ὃς</span> 
     </span>
    </p>
   </div>
   <div class='ocr_carea' id='block_1_5' title="bbox 2115 436 3670 519">
    <p class='ocr_par' dir='ltr' id='par_1_5' title="bbox 2127 438 3670 519">
     <span class='ocr_line' id='line_1_5' title="bbox 2127 438 3670 519; baseline 0.011 -32"><span class='ocrx_word' id='word_1_17' title='bbox 2127 438 2375 504; x_wconf 87' lang='lat' dir='ltr'><strong><em>pitiumin</em></strong></span> <span class='ocrx_word' id='word_1_18' title='bbox 2405 440 2557 492; x_wconf 84' lang='lat' dir='ltr'><strong><em>domo</em></strong></span> <span class='ocrx_word' id='word_1_19' title='bbox 2584 438 2807 495; x_wconf 86' lang='lat' dir='ltr'><strong><em>Simonis</em></strong></span> <span class='ocrx_word' id='word_1_20' title='bbox 2838 444 3056 497; x_wconf 87' lang='lat' dir='ltr'><strong><em>coriarii</em></strong></span> <span class='ocrx_word' id='word_1_21' title='bbox 3072 443 3230 513; x_wconf 73' lang='lat' dir='ltr'><strong><em>juxta</em></strong></span> <span class='ocrx_word' id='word_1_22' title='bbox 3257 463 3402 501; x_wconf 88' lang='lat' dir='ltr'><strong><em>mare</em></strong></span> <span class='ocrx_word' id='word_1_23' title='bbox 3426 452 3551 519; x_wconf 85' lang='lat' dir='ltr'><strong><em>:qui</em></strong></span> <span class='ocrx_word' id='word_1_24' title='bbox 3586 452 3670 504; x_wconf 86' lang='lat' dir='ltr'><strong><em>ubi</em></strong></span> 
     </span>
    </p>
   </div>
   <div class='ocr_carea' id='block_1_6' title="bbox 472 530 1373 601">
    <p class='ocr_par' dir='ltr' id='par_1_6' title="bbox 472 530 1373 601">
     <span class='ocr_line' id='line_1_6' title="bbox 472 530 1373 601; baseline -0.007 -12"><span class='ocrx_word' id='word_1_25' title='bbox 472 535 943 601; x_wconf 70' lang='grc' dir='ltr'>παραγενόμενος</span> <span class='ocrx_word' id='word_1_26' title='bbox 971 530 1227 596; x_wconf 80' lang='grc' dir='ltr'>λαλήσει</span> <span class='ocrx_word' id='word_1_27' title='bbox 1256 544 1373 583; x_wconf 91' lang='grc' dir='ltr'>σοι.</span> 
     </span>
    </p>
   </div>
   <div class='ocr_carea' id='block_1_7' title="bbox 554 615 2018 689">
    <p class='ocr_par' dir='ltr' id='par_1_7' title="bbox 554 615 2018 689">
     <span class='ocr_line' id='line_1_7' title="bbox 554 615 2018 689; baseline -0.005 -13"><span class='ocrx_word' id='word_1_28' title='bbox 554 623 649 688; x_wconf 79' lang='grc' dir='ltr'><strong><em>ἐξ</em></strong></span> <span class='ocrx_word' id='word_1_29' title='bbox 669 620 855 689; x_wconf 78' lang='grc' dir='ltr'>αὐτῆς</span> <span class='ocrx_word' id='word_1_30' title='bbox 875 618 988 675; x_wconf 87' lang='grc' dir='ltr'>οὖν</span> <span class='ocrx_word' id='word_1_31' title='bbox 1007 620 1241 689; x_wconf 72' lang='grc' dir='ltr'>ἔπεμψα</span> <span class='ocrx_word' id='word_1_32' title='bbox 1255 620 1400 687; x_wconf 80' lang='grc' dir='ltr'>πρὸς</span> <span class='ocrx_word' id='word_1_33' title='bbox 1415 619 1488 672; x_wconf 83' lang='grc' dir='ltr'><strong><em>σέ</em></strong></span> <span class='ocrx_word' id='word_1_34' title='bbox 1508 620 1550 650; x_wconf 75' lang='grc'><strong><em>⁸·</em></strong></span> <span class='ocrx_word' id='word_1_35' title='bbox 1573 620 1594 651; x_wconf 86' lang='grc'>⁸</span> <span class='ocrx_word' id='word_1_36' title='bbox 1609 636 1621 649; x_wconf 87' lang='grc'><strong>·</strong></span> <span class='ocrx_word' id='word_1_37' title='bbox 1646 621 1725 673; x_wconf 88' lang='grc' dir='ltr'><strong><em>σύ</em></strong></span> <span class='ocrx_word' id='word_1_38' title='bbox 1739 634 1801 671; x_wconf 89' lang='grc' dir='ltr'><strong><em>τε</em></strong></span> <span class='ocrx_word' id='word_1_39' title='bbox 1821 615 2018 682; x_wconf 80' lang='grc' dir='ltr'>καλῶς</span> 
     </span>
    </p>
   </div>
   <div class='ocr_carea' id='block_1_8' title="bbox 471 702 2019 780">
    <p class='ocr_par' dir='ltr' id='par_1_8' title="bbox 471 702 2019 780">
     <span class='ocr_line' id='line_1_8' title="bbox 471 702 2019 780; baseline -0.005 -17"><span class='ocrx_word' id='word_1_40' title='bbox 471 708 765 776; x_wconf 77' lang='grc' dir='ltr'>ἐποίησας</span> <span class='ocrx_word' id='word_1_41' title='bbox 789 707 1283 780; x_wconf 72' lang='grc' dir='ltr'>παραγενόμενος.</span> <span class='ocrx_word' id='word_1_42' title='bbox 1314 706 1444 760; x_wconf 84' lang='grc' dir='ltr'>Νῦν</span> <span class='ocrx_word' id='word_1_43' title='bbox 1472 702 1583 761; x_wconf 87' lang='grc' dir='ltr'>οὖν</span> <span class='ocrx_word' id='word_1_44' title='bbox 1603 706 1819 771; x_wconf 79' lang='grc' dir='ltr'>πάντες</span> <span class='ocrx_word' id='word_1_45' title='bbox 1850 703 2019 772; x_wconf 78' lang='grc' dir='ltr'>ἡμεῖς</span> 
     </span>
    </p>
   </div>
   <div class='ocr_carea' id='block_1_9' title="bbox 470 796 2019 865">
    <p class='ocr_par' dir='ltr' id='par_1_9' title="bbox 470 796 2019 865">
     <span class='ocr_line' id='line_1_9' title="bbox 470 796 2019 865; baseline -0.002 -13"><span class='ocrx_word' id='word_1_46' title='bbox 470 800 734 853; x_wconf 78' lang='grc' dir='ltr'>ἐνώπιον</span> <span class='ocrx_word' id='word_1_47' title='bbox 793 796 897 850; x_wconf 87' lang='grc' dir='ltr'><strong><em>τοῦ</em></strong></span> <span class='ocrx_word' id='word_1_48' title='bbox 966 796 1112 850; x_wconf 83' lang='grc' dir='ltr'><strong><em>Θεοῦ</em></strong></span> <span class='ocrx_word' id='word_1_49' title='bbox 1185 797 1642 865; x_wconf 77' lang='grc' dir='ltr'>παρεστήκαμεν</span> <span class='ocrx_word' id='word_1_50' title='bbox 1664 799 1685 829; x_wconf 78' lang='grc'>⁸</span> <span class='ocrx_word' id='word_1_51' title='bbox 1766 797 2019 851; x_wconf 85' lang='grc' dir='ltr'>ἀκοῦσαι</span> 
     </span>
    </p>
   </div>
   <div class='ocr_carea' id='block_1_10' title="bbox 479 883 1911 952">
    <p class='ocr_par' dir='ltr' id='par_1_10' title="bbox 479 883 1911 952">
     <span class='ocr_line' id='line_1_10' title="bbox 479 883 1911 952; baseline -0.001 -12"><span class='ocrx_word' id='word_1_52' title='bbox 479 884 667 940; x_wconf 62' lang='grc' dir='ltr'>πάντα</span> <span class='ocrx_word' id='word_1_53' title='bbox 703 887 774 938; x_wconf 82' lang='grc' dir='ltr'><strong><em>τὰ</em></strong></span> <span class='ocrx_word' id='word_1_54' title='bbox 812 885 1295 952; x_wconf 72' lang='grc' dir='ltr'><strong><em>προστεταγμένα</em></strong></span> <span class='ocrx_word' id='word_1_55' title='bbox 1324 899 1421 937; x_wconf 92' lang='grc' dir='ltr'><strong><em>σοι</em></strong></span> <span class='ocrx_word' id='word_1_56' title='bbox 1452 883 1569 936; x_wconf 75' lang='grc' dir='ltr'><strong><em>ὑπὸ</em></strong></span> <span class='ocrx_word' id='word_1_57' title='bbox 1609 885 1712 937; x_wconf 87' lang='grc' dir='ltr'><strong><em>τοῦ</em></strong></span> <span class='ocrx_word' id='word_1_58' title='bbox 1745 886 1911 938; x_wconf 80' lang='grc' dir='ltr'>Θεοῦ.</span> 
     </span>
    </p>
   </div>
   <div class='ocr_carea' id='block_1_11' title="bbox 550 973 2019 1045">
    <p class='ocr_par' dir='ltr' id='par_1_11' title="bbox 550 973 2019 1045">
     <span class='ocr_line' id='line_1_11' title="bbox 550 973 2019 1045; baseline -0.002 -16"><span class='ocrx_word' id='word_1_59' title='bbox 550 977 747 1045; x_wconf 80' lang='grc' dir='ltr'>’Υμεῖς</span> <span class='ocrx_word' id='word_1_60' title='bbox 778 974 1124 1040; x_wconf 79' lang='grc' dir='ltr'>ἐπίστασθε,</span> <span class='ocrx_word' id='word_1_61' title='bbox 1167 974 1245 1039; x_wconf 84' lang='grc' dir='ltr'>ὡς</span> <span class='ocrx_word' id='word_1_62' title='bbox 1272 973 1544 1041; x_wconf 78' lang='grc' dir='ltr'>ἀθέμιτόν</span> <span class='ocrx_word' id='word_1_63' title='bbox 1576 975 1763 1029; x_wconf 83' lang='grc' dir='ltr'>ἐστιν.</span> <span class='ocrx_word' id='word_1_64' title='bbox 1803 974 2019 1037; x_wconf 80' lang='grc' dir='ltr'><strong><em>Εὐθέως</em></strong></span> 
     </span>
    </p>
   </div>
   <div class='ocr_carea' id='block_1_12' title="bbox 475 1063 2019 1136">
    <p class='ocr_par' dir='ltr' id='par_1_12' title="bbox 475 1063 2019 1136">
     <span class='ocr_line' id='line_1_12' title="bbox 475 1063 2019 1136; baseline -0.002 -18"><span class='ocrx_word' id='word_1_65' title='bbox 475 1067 599 1136; x_wconf 70' lang='grc' dir='ltr'>περὶ</span> <span class='ocrx_word' id='word_1_66' title='bbox 640 1068 738 1133; x_wconf 84' lang='grc' dir='ltr'><strong><em>τῆς</em></strong></span> <span class='ocrx_word' id='word_1_67' title='bbox 790 1064 883 1117; x_wconf 73' lang='grc' dir='ltr'>τοῦ</span> <span class='ocrx_word' id='word_1_68' title='bbox 921 1063 1055 1117; x_wconf 77' lang='grc' dir='ltr'>Θεοῦ</span> <span class='ocrx_word' id='word_1_69' title='bbox 1103 1063 1504 1133; x_wconf 73' lang='grc' dir='ltr'><strong><em>φιλανθρωπίας</em></strong></span> <span class='ocrx_word' id='word_1_70' title='bbox 1545 1064 1882 1131; x_wconf 74' lang='grc' dir='ltr'>διαλέγεται,</span> <span class='ocrx_word' id='word_1_71' title='bbox 1924 1063 2019 1115; x_wconf 76' lang='grc' dir='ltr'>καὶ</span> 
     </span>
    </p>
   </div>
   <div class='ocr_carea' id='block_1_13' title="bbox 473 1152 2016 1223">
    <p class='ocr_par' dir='ltr' id='par_1_13' title="bbox 473 1152 2016 1223">
     <span class='ocr_line' id='line_1_13' title="bbox 473 1152 2016 1223; baseline -0.002 -16"><span class='ocrx_word' id='word_1_72' title='bbox 473 1155 741 1207; x_wconf 83' lang='grc' dir='ltr'>δείκνυσιν</span> <span class='ocrx_word' id='word_1_73' title='bbox 764 1153 844 1205; x_wconf 80' lang='grc' dir='ltr'><strong><em>ὅτι</em></strong></span> <span class='ocrx_word' id='word_1_74' title='bbox 877 1152 1086 1223; x_wconf 82' lang='grc' dir='ltr'>μεγάλα</span> <span class='ocrx_word' id='word_1_75' title='bbox 1106 1152 1289 1214; x_wconf 81' lang='grc' dir='ltr'>αὐτοῖς</span> <span class='ocrx_word' id='word_1_76' title='bbox 1322 1152 1606 1222; x_wconf 74' lang='grc' dir='ltr'>ἐχαρίσατο</span> <span class='ocrx_word' id='word_1_77' title='bbox 1627 1157 1655 1207; x_wconf 97' lang='lat'><strong><em>6</em></strong></span> <span class='ocrx_word' id='word_1_78' title='bbox 1688 1154 1817 1217; x_wconf 82' lang='grc' dir='ltr'>Θεός</span> <span class='ocrx_word' id='word_1_79' title='bbox 1838 1171 1853 1185; x_wconf 89' lang='grc'><strong>·</strong></span> <span class='ocrx_word' id='word_1_80' title='bbox 1881 1152 2016 1223; x_wconf 80' lang='grc' dir='ltr'>ὁμοῦ</span> 
     </span>
    </p>
   </div>
   <div class='ocr_carea' id='block_1_14' title="bbox 473 1238 2020 1314">
    <p class='ocr_par' dir='ltr' id='par_1_14' title="bbox 473 1238 2020 1314">
     <span class='ocr_line' id='line_1_14' title="bbox 473 1238 2020 1314; baseline -0.001 -17"><span class='ocrx_word' id='word_1_81' title='bbox 473 1244 529 1297; x_wconf 80' lang='grc' dir='ltr'>δὲ</span> <span class='ocrx_word' id='word_1_82' title='bbox 554 1245 647 1297; x_wconf 79' lang='grc' dir='ltr'><strong><em>καὶ</em></strong></span> <span class='ocrx_word' id='word_1_83' title='bbox 678 1243 892 1313; x_wconf 81' lang='grc' dir='ltr'>μεγάλα</span> <span class='ocrx_word' id='word_1_84' title='bbox 923 1243 1215 1311; x_wconf 79' lang='grc' dir='ltr'><strong><em>φθέγγεται</em></strong></span> <span class='ocrx_word' id='word_1_85' title='bbox 1239 1243 1333 1296; x_wconf 78' lang='grc' dir='ltr'><strong><em>καὶ</em></strong></span> <span class='ocrx_word' id='word_1_86' title='bbox 1362 1244 1657 1314; x_wconf 80' lang='grc' dir='ltr'>μετριάζει.</span> <span class='ocrx_word' id='word_1_87' title='bbox 1693 1244 1765 1298; x_wconf 76' lang='grc' dir='ltr'><strong><em>Οὐ</em></strong></span> <span class='ocrx_word' id='word_1_88' title='bbox 1792 1244 1897 1312; x_wconf 81' lang='grc' dir='ltr'><strong>γὰρ</strong></span> <span class='ocrx_word' id='word_1_89' title='bbox 1930 1238 2020 1295; x_wconf 82' lang='grc' dir='ltr'><strong><em>εἷ-</em></strong></span> 
     </span>
    </p>
   </div>
   <div class='ocr_carea' id='block_1_15' title="bbox 474 1332 2016 1402">
    <p class='ocr_par' dir='ltr' id='par_1_15' title="bbox 474 1332 2016 1402">
     <span class='ocr_line' id='line_1_15' title="bbox 474 1332 2016 1402; baseline 0.001 -18"><span class='ocrx_word' id='word_1_90' title='bbox 474 1349 592 1396; x_wconf 87' lang='grc' dir='ltr'>πεν,</span> <span class='ocrx_word' id='word_1_91' title='bbox 637 1332 980 1402; x_wconf 72' lang='grc' dir='ltr'><strong><em>1Ἄνθρωποι,</em></strong></span> <span class='ocrx_word' id='word_1_92' title='bbox 1034 1332 1221 1401; x_wconf 78' lang='grc' dir='ltr'>μηδενὶ</span> <span class='ocrx_word' id='word_1_93' title='bbox 1278 1332 1656 1397; x_wconf 78' lang='grc' dir='ltr'>καταξιοῦντες</span> <span class='ocrx_word' id='word_1_94' title='bbox 1706 1332 2016 1395; x_wconf 81' lang='grc' dir='ltr'>κολλᾶσθαι,</span> 
     </span>
    </p>
   </div>
   <div class='ocr_carea' id='block_1_16' title="bbox 472 1420 2020 1493">
    <p class='ocr_par' dir='ltr' id='par_1_16' title="bbox 472 1420 2020 1493">
     <span class='ocr_line' id='line_1_16' title="bbox 472 1420 2020 1493; baseline 0 -19"><span class='ocrx_word' id='word_1_95' title='bbox 472 1420 705 1492; x_wconf 69' lang='grc' dir='ltr'>ἤλθομεν</span> <span class='ocrx_word' id='word_1_96' title='bbox 737 1421 872 1491; x_wconf 75' lang='grc' dir='ltr'>πρὸς</span> <span class='ocrx_word' id='word_1_97' title='bbox 902 1423 1044 1491; x_wconf 76' lang='grc' dir='ltr'>ὑμᾶς</span> <span class='ocrx_word' id='word_1_98' title='bbox 1067 1438 1079 1451; x_wconf 91' lang='grc'><strong>·</strong></span> <span class='ocrx_word' id='word_1_99' title='bbox 1118 1422 1252 1475; x_wconf 73' lang='grc' dir='ltr'>ἀλλὰ</span> <span class='ocrx_word' id='word_1_100' title='bbox 1282 1423 1369 1488; x_wconf 89' lang='grc' dir='ltr'><strong><em>τί;</em></strong></span> <span class='ocrx_word' id='word_1_101' title='bbox 1406 1424 1590 1493; x_wconf 83' lang='grc' dir='ltr'><strong><em>Ὑμεῖς</em></strong></span> <span class='ocrx_word' id='word_1_102' title='bbox 1618 1422 1906 1475; x_wconf 71' lang='grc' dir='ltr'>ἐπίστασθε</span> <span class='ocrx_word' id='word_1_103' title='bbox 1944 1422 2020 1485; x_wconf 85' lang='grc' dir='ltr'><strong><em>ὡς</em></strong></span> 
     </span>
    </p>
   </div>
   <div class='ocr_carea' id='block_1_17' title="bbox 470 1508 2019 1583">
    <p class='ocr_par' dir='ltr' id='par_1_17' title="bbox 470 1508 2019 1583">
     <span class='ocr_line' id='line_1_17' title="bbox 470 1508 2019 1583; baseline 0 -20"><span class='ocrx_word' id='word_1_104' title='bbox 470 1514 498 1563; x_wconf 89' lang='lat'><strong><em>6</em></strong></span> <span class='ocrx_word' id='word_1_105' title='bbox 535 1512 663 1574; x_wconf 81' lang='grc' dir='ltr'>Θεὸς</span> <span class='ocrx_word' id='word_1_106' title='bbox 690 1511 846 1564; x_wconf 84' lang='grc' dir='ltr'>τοῦτο</span> <span class='ocrx_word' id='word_1_107' title='bbox 882 1512 1165 1574; x_wconf 77' lang='grc' dir='ltr'>ἐκέλευσε,</span> <span class='ocrx_word' id='word_1_108' title='bbox 1214 1513 1527 1583; x_wconf 80' lang='grc' dir='ltr'>παράνομον</span> <span class='ocrx_word' id='word_1_109' title='bbox 1556 1508 1693 1565; x_wconf 76' lang='grc' dir='ltr'>εἶναι</span> <span class='ocrx_word' id='word_1_110' title='bbox 1727 1511 2019 1565; x_wconf 76' lang='grc' dir='ltr'><strong><em>κολλᾶσθαι</em></strong></span> 
     </span>
    </p>
   </div>
   <div class='ocr_carea' id='block_1_18' title="bbox 467 1602 2017 1674">
    <p class='ocr_par' dir='ltr' id='par_1_18' title="bbox 467 1602 2017 1674">
     <span class='ocr_line' id='line_1_18' title="bbox 467 1602 2017 1674; baseline -0.001 -20"><span class='ocrx_word' id='word_1_111' title='bbox 467 1603 501 1672; x_wconf 80' lang='grc' dir='ltr'>ἢ</span> <span class='ocrx_word' id='word_1_112' title='bbox 535 1602 929 1673; x_wconf 79' lang='grc' dir='ltr'><strong><em>προσέρχεσθαι</em></strong></span> <span class='ocrx_word' id='word_1_113' title='bbox 969 1602 1279 1674; x_wconf 73' lang='grc' dir='ltr'><strong><em>ἀλλοφύλῳ*</em></strong></span> <span class='ocrx_word' id='word_1_114' title='bbox 1322 1604 1416 1657; x_wconf 79' lang='grc' dir='ltr'><strong><em>καὶ</em></strong></span> <span class='ocrx_word' id='word_1_115' title='bbox 1457 1603 1579 1673; x_wconf 68' lang='grc' dir='ltr'>ἐμοὶ</span> <span class='ocrx_word' id='word_1_116' title='bbox 1612 1604 1641 1656; x_wconf 91' lang='lat'><strong><em>6</em></strong></span> <span class='ocrx_word' id='word_1_117' title='bbox 1686 1603 1816 1666; x_wconf 78' lang='grc' dir='ltr'>Θεὸς</span> <span class='ocrx_word' id='word_1_118' title='bbox 1853 1602 2017 1666; x_wconf 77' lang='grc' dir='ltr'>ἔδειξε</span> 
     </span>
    </p>
   </div>
   <div class='ocr_carea' id='block_1_19' title="bbox 421 1692 2014 1765">
    <p class='ocr_par' dir='ltr' id='par_1_19' title="bbox 421 1692 2014 1765">
     <span class='ocr_line' id='line_1_19' title="bbox 421 1692 2014 1765; baseline 0 -18"><span class='ocrx_word' id='word_1_119' title='bbox 421 1711 427 1717; x_wconf 87' lang='lat'>&#39;</span> <span class='ocrx_word' id='word_1_120' title='bbox 472 1694 671 1764; x_wconf 70' lang='grc' dir='ltr'>μηδένα</span> <span class='ocrx_word' id='word_1_121' title='bbox 726 1692 925 1759; x_wconf 79' lang='grc' dir='ltr'>κοινὸν,</span> <span class='ocrx_word' id='word_1_122' title='bbox 988 1694 1022 1764; x_wconf 74' lang='grc' dir='ltr'>ἦ</span> <span class='ocrx_word' id='word_1_123' title='bbox 1080 1694 1387 1765; x_wconf 79' lang='grc' dir='ltr'><strong><em>ἀκάθαρτον</em></strong></span> <span class='ocrx_word' id='word_1_124' title='bbox 1459 1693 1640 1760; x_wconf 78' lang='grc' dir='ltr'>λέγειν</span> <span class='ocrx_word' id='word_1_125' title='bbox 1711 1693 2014 1763; x_wconf 79' lang='grc' dir='ltr'>ἄνθρωπον.</span> 
     </span>
    </p>
   </div>
   <div class='ocr_carea' id='block_1_20' title="bbox 468 1782 2010 1855">
    <p class='ocr_par' dir='ltr' id='par_1_20' title="bbox 468 1782 2010 1855">
     <span class='ocr_line' id='line_1_20' title="bbox 468 1782 2010 1855; baseline -0.001 -20"><span class='ocrx_word' id='word_1_126' title='bbox 468 1784 803 1853; x_wconf 81' lang='grc' dir='ltr'>Σημειωτέον</span> <span class='ocrx_word' id='word_1_127' title='bbox 828 1784 911 1836; x_wconf 80' lang='grc' dir='ltr'><strong><em>δτι</em></strong></span> <span class='ocrx_word' id='word_1_128' title='bbox 932 1784 959 1835; x_wconf 88' lang='lat'><strong><em>6</em></strong></span> <span class='ocrx_word' id='word_1_129' title='bbox 984 1782 1144 1846; x_wconf 73' lang='grc' dir='ltr'>αὐτὸς</span> <span class='ocrx_word' id='word_1_130' title='bbox 1171 1783 1300 1846; x_wconf 82' lang='grc' dir='ltr'><strong><em>Θεὸς</em></strong></span> <span class='ocrx_word' id='word_1_131' title='bbox 1327 1782 1584 1852; x_wconf 69' lang='grc' dir='ltr'>ἐπέτρεψε</span> <span class='ocrx_word' id='word_1_132' title='bbox 1610 1782 1686 1852; x_wconf 84' lang='grc' dir='ltr'><strong><em>τῷ</em></strong></span> <span class='ocrx_word' id='word_1_133' title='bbox 1708 1782 2010 1855; x_wconf 79' lang='grc' dir='ltr'>Χριστιανῷ</span> 
     </span>
    </p>
   </div>
   <div class='ocr_carea' id='block_1_21' title="bbox 424 1872 2003 1944">
    <p class='ocr_par' dir='ltr' id='par_1_21' title="bbox 424 1872 2003 1944">
     <span class='ocr_line' id='line_1_21' title="bbox 424 1872 2003 1944; baseline -0.002 -17"><span class='ocrx_word' id='word_1_134' title='bbox 424 1900 429 1909; x_wconf 87' lang='grc'><strong><em>-</em></strong></span> <span class='ocrx_word' id='word_1_135' title='bbox 466 1874 577 1944; x_wconf 83' lang='grc' dir='ltr'>λαῷ</span> <span class='ocrx_word' id='word_1_136' title='bbox 603 1873 805 1943; x_wconf 78' lang='grc' dir='ltr'><strong><em>μηδένα</em></strong></span> <span class='ocrx_word' id='word_1_137' title='bbox 842 1873 1124 1943; x_wconf 77' lang='grc' dir='ltr'>ἄνθρωπον</span> <span class='ocrx_word' id='word_1_138' title='bbox 1152 1873 1328 1926; x_wconf 82' lang='grc' dir='ltr'>κοινὸν</span> <span class='ocrx_word' id='word_1_139' title='bbox 1370 1872 1404 1943; x_wconf 75' lang='grc' dir='ltr'><strong>ἢ</strong></span> <span class='ocrx_word' id='word_1_140' title='bbox 1451 1872 1753 1943; x_wconf 78' lang='grc' dir='ltr'>ἀκάθαρτον</span> <span class='ocrx_word' id='word_1_141' title='bbox 1792 1873 2003 1940; x_wconf 77' lang='grc' dir='ltr'>λέγειν,</span> 
     </span>
    </p>
   </div>
   <div class='ocr_carea' id='block_1_22' title="bbox 465 1963 2000 2034">
    <p class='ocr_par' dir='ltr' id='par_1_22' title="bbox 465 1963 2000 2034">
     <span class='ocr_line' id='line_1_22' title="bbox 465 1963 2000 2034; baseline -0.002 -16"><span class='ocrx_word' id='word_1_142' title='bbox 465 1965 598 2018; x_wconf 77' lang='grc' dir='ltr'>ἀλλὰ</span> <span class='ocrx_word' id='word_1_143' title='bbox 637 1966 873 2019; x_wconf 80' lang='grc' dir='ltr'>συνεῖναι</span> <span class='ocrx_word' id='word_1_144' title='bbox 900 1965 1107 2029; x_wconf 78' lang='grc' dir='ltr'>αὐτοῖς,</span> <span class='ocrx_word' id='word_1_145' title='bbox 1141 1964 1235 2017; x_wconf 74' lang='grc' dir='ltr'>ἅτε</span> <span class='ocrx_word' id='word_1_146' title='bbox 1278 1964 1500 2027; x_wconf 75' lang='grc' dir='ltr'>ἐλπίδας</span> <span class='ocrx_word' id='word_1_147' title='bbox 1544 1964 1725 2034; x_wconf 75' lang='grc' dir='ltr'>ἔχουσι</span> <span class='ocrx_word' id='word_1_148' title='bbox 1774 1963 1867 2016; x_wconf 81' lang='grc' dir='ltr'>τοῦ</span> <span class='ocrx_word' id='word_1_149' title='bbox 1913 1980 2000 2016; x_wconf 86' lang='grc' dir='ltr'>πι-</span> 
     </span>
    </p>
   </div>
   <div class='ocr_carea' id='block_1_23' title="bbox 466 2048 2007 2123">
    <p class='ocr_par' dir='ltr' id='par_1_23' title="bbox 466 2048 2007 2123">
     <span class='ocr_line' id='line_1_23' title="bbox 466 2048 2007 2123; baseline -0.004 -14"><span class='ocrx_word' id='word_1_150' title='bbox 466 2057 673 2111; x_wconf 75' lang='grc' dir='ltr'><strong><em>στεύειν</em></strong></span> <span class='ocrx_word' id='word_1_151' title='bbox 694 2053 923 2123; x_wconf 81' lang='grc' dir='ltr'>μὰλιστα</span> <span class='ocrx_word' id='word_1_152' title='bbox 945 2056 1024 2117; x_wconf 72' lang='grc' dir='ltr'>εἰς</span> <span class='ocrx_word' id='word_1_153' title='bbox 1051 2056 1301 2123; x_wconf 79' lang='grc' dir='ltr'>Χριστόν.</span> <span class='ocrx_word' id='word_1_154' title='bbox 1332 2054 1706 2122; x_wconf 83' lang='grc' dir='ltr'>Πυνθάνομαι</span> <span class='ocrx_word' id='word_1_155' title='bbox 1733 2048 1863 2116; x_wconf 85' lang='grc' dir='ltr'>οὖν,</span> <span class='ocrx_word' id='word_1_156' title='bbox 1888 2054 2007 2104; x_wconf 82' lang='grc' dir='ltr'>τίνι</span> 
     </span>
    </p>
   </div>
   <div class='ocr_carea' id='block_1_24' title="bbox 462 2141 2008 2216">
    <p class='ocr_par' dir='ltr' id='par_1_24' title="bbox 462 2141 2008 2216">
     <span class='ocr_line' id='line_1_24' title="bbox 462 2141 2008 2216; baseline -0.005 -15"><span class='ocrx_word' id='word_1_157' title='bbox 462 2147 617 2216; x_wconf 79' lang='grc' dir='ltr'>λόγῳ</span> <span class='ocrx_word' id='word_1_158' title='bbox 642 2143 1101 2215; x_wconf 70' lang='grc' dir='ltr'>μετεπέμψασθέ</span> <span class='ocrx_word' id='word_1_159' title='bbox 1137 2158 1249 2212; x_wconf 85' lang='grc' dir='ltr'>με;</span> <span class='ocrx_word' id='word_1_160' title='bbox 1303 2144 1441 2213; x_wconf 81' lang='grc' dir='ltr'>Ἤδη</span> <span class='ocrx_word' id='word_1_161' title='bbox 1483 2144 1544 2196; x_wconf 81' lang='grc' dir='ltr'><strong><em>τὸ</em></strong></span> <span class='ocrx_word' id='word_1_162' title='bbox 1598 2145 1704 2196; x_wconf 80' lang='grc' dir='ltr'><strong><em>πᾶν</em></strong></span> <span class='ocrx_word' id='word_1_163' title='bbox 1743 2144 1771 2195; x_wconf 90' lang='lat'><strong><em>6</em></strong></span> <span class='ocrx_word' id='word_1_164' title='bbox 1806 2141 2008 2211; x_wconf 76' lang='grc' dir='ltr'>Πέτρος</span> 
     </span>
    </p>
   </div>
   <div class='ocr_carea' id='block_1_25' title="bbox 465 2232 2005 2305">
    <p class='ocr_par' dir='ltr' id='par_1_25' title="bbox 465 2232 2005 2305">
     <span class='ocr_line' id='line_1_25' title="bbox 465 2232 2005 2305; baseline -0.001 -18"><span class='ocrx_word' id='word_1_165' title='bbox 465 2237 660 2305; x_wconf 69' lang='grc' dir='ltr'>ἤκουσε</span> <span class='ocrx_word' id='word_1_166' title='bbox 698 2236 793 2289; x_wconf 76' lang='grc' dir='ltr'><strong><em>καὶ</em></strong></span> <span class='ocrx_word' id='word_1_167' title='bbox 818 2234 975 2303; x_wconf 57' lang='lat' dir='ltr'><strong><em>napi</em></strong></span> <span class='ocrx_word' id='word_1_168' title='bbox 1006 2234 1111 2287; x_wconf 84' lang='grc' dir='ltr'><strong><em>τῶν</em></strong></span> <span class='ocrx_word' id='word_1_169' title='bbox 1142 2233 1514 2305; x_wconf 82' lang='grc' dir='ltr'><strong><em>στρατιωτῶν·</em></strong></span> <span class='ocrx_word' id='word_1_170' title='bbox 1549 2232 1685 2286; x_wconf 79' lang='grc' dir='ltr'>ἀλλὰ</span> <span class='ocrx_word' id='word_1_171' title='bbox 1717 2233 1960 2303; x_wconf 78' lang='grc' dir='ltr'>βούλεται</span> <span class='ocrx_word' id='word_1_172' title='bbox 1983 2239 2005 2272; x_wconf 73' lang='grc' dir='ltr'><strong><em>τ</em></strong></span> 
     </span>
    </p>
   </div>
   <div class='ocr_carea' id='block_1_26' title="bbox 465 2322 2007 2395">
    <p class='ocr_par' dir='ltr' id='par_1_26' title="bbox 465 2322 2007 2395">
     <span class='ocr_line' id='line_1_26' title="bbox 465 2322 2007 2395; baseline 0 -18"><span class='ocrx_word' id='word_1_173' title='bbox 465 2325 676 2395; x_wconf 73' lang='grc' dir='ltr'>πρῶτον</span> <span class='ocrx_word' id='word_1_174' title='bbox 704 2325 900 2387; x_wconf 78' lang='grc' dir='ltr'>αὐτοὺς</span> <span class='ocrx_word' id='word_1_175' title='bbox 925 2323 1253 2393; x_wconf 80' lang='grc' dir='ltr'>ὁμολογῆσαι</span> <span class='ocrx_word' id='word_1_176' title='bbox 1287 2323 1381 2377; x_wconf 75' lang='grc' dir='ltr'><strong><em>καὶ</em></strong></span> <span class='ocrx_word' id='word_1_177' title='bbox 1414 2322 1740 2385; x_wconf 80' lang='grc' dir='ltr'><strong><em>ὑπευθύνους</em></strong></span> <span class='ocrx_word' id='word_1_178' title='bbox 1781 2323 2007 2393; x_wconf 85' lang='grc' dir='ltr'>ποιῆσαι</span> 
     </span>
    </p>
   </div>
   <div class='ocr_carea' id='block_1_27' title="bbox 460 2414 2011 2486">
    <p class='ocr_par' dir='ltr' id='par_1_27' title="bbox 460 2414 2011 2486">
     <span class='ocr_line' id='line_1_27' title="bbox 460 2414 2011 2486; baseline -0.001 -19"><span class='ocrx_word' id='word_1_179' title='bbox 460 2419 528 2486; x_wconf 74' lang='grc' dir='ltr'><strong><em>τῇ</em></strong></span> <span class='ocrx_word' id='word_1_180' title='bbox 557 2416 757 2468; x_wconf 84' lang='grc' dir='ltr'>πίστει.</span> <span class='ocrx_word' id='word_1_181' title='bbox 805 2414 923 2482; x_wconf 75' lang='grc' dir='ltr'><strong><em>Τὴν</em></strong></span> <span class='ocrx_word' id='word_1_182' title='bbox 949 2414 1207 2483; x_wconf 77' lang='grc' dir='ltr'>ἐννὰτην</span> <span class='ocrx_word' id='word_1_183' title='bbox 1227 2415 1404 2482; x_wconf 72' lang='grc' dir='ltr'>ὥραν,</span> <span class='ocrx_word' id='word_1_184' title='bbox 1439 2418 1589 2484; x_wconf 76' lang='grc' dir='ltr'>φησὶ,</span> <span class='ocrx_word' id='word_1_185' title='bbox 1617 2416 2011 2481; x_wconf 79' lang='grc' dir='ltr'>προσευχόμε-</span> 
     </span>
    </p>
   </div>
   <div class='ocr_carea' id='block_1_28' title="bbox 464 2500 2007 2573">
    <p class='ocr_par' dir='ltr' id='par_1_28' title="bbox 464 2500 2007 2573">
     <span class='ocr_line' id='line_1_28' title="bbox 464 2500 2007 2573; baseline -0.004 -13"><span class='ocrx_word' id='word_1_186' title='bbox 464 2523 592 2572; x_wconf 87' lang='grc' dir='ltr'>νος.</span> <span class='ocrx_word' id='word_1_187' title='bbox 613 2505 677 2558; x_wconf 86' lang='grc' dir='ltr'>Τί</span> <span class='ocrx_word' id='word_1_188' title='bbox 700 2505 815 2557; x_wconf 63' lang='grc' dir='ltr'>ἐστι</span> <span class='ocrx_word' id='word_1_189' title='bbox 844 2504 1034 2569; x_wconf 74' lang='grc' dir='ltr'>τοῦτος</span> <span class='ocrx_word' id='word_1_190' title='bbox 1088 2506 1240 2573; x_wconf 75' lang='grc' dir='ltr'>Ἐμοὶ</span> <span class='ocrx_word' id='word_1_191' title='bbox 1271 2505 1417 2557; x_wconf 85' lang='grc' dir='ltr'>δοκεῖ</span> <span class='ocrx_word' id='word_1_192' title='bbox 1445 2505 1666 2572; x_wconf 78' lang='grc' dir='ltr'>καιροὺς</span> <span class='ocrx_word' id='word_1_193' title='bbox 1700 2500 1849 2564; x_wconf 75' lang='grc' dir='ltr'>οὗτος</span> <span class='ocrx_word' id='word_1_194' title='bbox 1875 2502 2007 2572; x_wconf 82' lang='grc' dir='ltr'><strong><em>ὠρι-</em></strong></span> 
     </span>
    </p>
   </div>
   <div class='ocr_carea' id='block_1_29' title="bbox 459 2591 2011 2665">
    <p class='ocr_par' dir='ltr' id='par_1_29' title="bbox 459 2591 2011 2665">
     <span class='ocr_line' id='line_1_29' title="bbox 459 2591 2011 2665; baseline -0.006 -14"><span class='ocrx_word' id='word_1_195' title='bbox 459 2595 615 2653; x_wconf 64' lang='lat' dir='ltr'><strong><em>ulva:</em></strong></span> <span class='ocrx_word' id='word_1_196' title='bbox 648 2593 823 2665; x_wconf 77' lang='grc' dir='ltr'>ἑαυτῷ</span> <span class='ocrx_word' id='word_1_197' title='bbox 850 2593 966 2665; x_wconf 84' lang='grc' dir='ltr'>βίου</span> <span class='ocrx_word' id='word_1_198' title='bbox 996 2592 1408 2663; x_wconf 83' lang='grc' dir='ltr'>ἀκριϐεστάτου,</span> <span class='ocrx_word' id='word_1_199' title='bbox 1458 2593 1552 2646; x_wconf 78' lang='grc' dir='ltr'><strong><em>καὶ</em></strong></span> <span class='ocrx_word' id='word_1_200' title='bbox 1594 2592 1652 2644; x_wconf 76' lang='grc' dir='ltr'>ἐν</span> <span class='ocrx_word' id='word_1_201' title='bbox 1691 2608 1830 2644; x_wconf 84' lang='grc' dir='ltr'>τισιν</span> <span class='ocrx_word' id='word_1_202' title='bbox 1872 2591 2011 2659; x_wconf 79' lang='grc' dir='ltr'><strong><em>ὴμέ-</em></strong></span> 
     </span>
    </p>
   </div>
   <div class='ocr_carea' id='block_1_30' title="bbox 463 2677 2007 2755">
    <p class='ocr_par' dir='ltr' id='par_1_30' title="bbox 463 2677 2007 2755">
     <span class='ocr_line' id='line_1_30' title="bbox 463 2677 2007 2755; baseline -0.003 -18"><span class='ocrx_word' id='word_1_203' title='bbox 463 2695 604 2755; x_wconf 74' lang='grc' dir='ltr'>ραις.</span> <span class='ocrx_word' id='word_1_204' title='bbox 632 2684 728 2736; x_wconf 78' lang='grc' dir='ltr'><strong><em>Διὰ</em></strong></span> <span class='ocrx_word' id='word_1_205' title='bbox 758 2684 866 2752; x_wconf 78' lang='grc' dir='ltr'><strong><em>γὰρ</em></strong></span> <span class='ocrx_word' id='word_1_206' title='bbox 888 2680 1044 2737; x_wconf 77' lang='grc' dir='ltr'>τοῦτο</span> <span class='ocrx_word' id='word_1_207' title='bbox 1074 2677 1259 2734; x_wconf 79' lang='grc' dir='ltr'>εἶπεν·</span> <span class='ocrx_word' id='word_1_208' title='bbox 1298 2680 1435 2732; x_wconf 82' lang='grc' dir='ltr'><strong><em>Ἀπὸ</em></strong></span> <span class='ocrx_word' id='word_1_209' title='bbox 1458 2680 1737 2749; x_wconf 78' lang='grc' dir='ltr'><strong>τετάρτης</strong></span> <span class='ocrx_word' id='word_1_210' title='bbox 1767 2678 2007 2747; x_wconf 79' lang='grc' dir='ltr'>ἡμέρας.</span> 
     </span>
    </p>
   </div>
   <div class='ocr_carea' id='block_1_31' title="bbox 463 2769 2007 2844">
    <p class='ocr_par' dir='ltr' id='par_1_31' title="bbox 463 2769 2007 2844">
     <span class='ocr_line' id='line_1_31' title="bbox 463 2769 2007 2844; baseline -0.005 -17"><span class='ocrx_word' id='word_1_211' title='bbox 463 2773 605 2842; x_wconf 84' lang='grc' dir='ltr'><strong><em>Ὅρα</em></strong></span> <span class='ocrx_word' id='word_1_212' title='bbox 629 2774 795 2826; x_wconf 83' lang='grc' dir='ltr'>πόσον</span> <span class='ocrx_word' id='word_1_213' title='bbox 816 2773 961 2827; x_wconf 74' lang='grc' dir='ltr'>ἐστίν</span> <span class='ocrx_word' id='word_1_214' title='bbox 981 2773 1142 2844; x_wconf 81' lang='grc' dir='ltr'><strong><em>εὐχήι</em></strong></span> <span class='ocrx_word' id='word_1_215' title='bbox 1165 2770 1294 2825; x_wconf 83' lang='grc' dir='ltr'>Ὅτε</span> <span class='ocrx_word' id='word_1_216' title='bbox 1316 2770 1585 2824; x_wconf 68' lang='grc' dir='ltr'>ἐπέδωκεν</span> <span class='ocrx_word' id='word_1_217' title='bbox 1606 2771 1683 2831; x_wconf 79' lang='grc' dir='ltr'><strong><em>είς</em></strong></span> <span class='ocrx_word' id='word_1_218' title='bbox 1705 2769 2007 2833; x_wconf 79' lang='grc' dir='ltr'>εὐλάϐειαν,</span> 
     </span>
    </p>
   </div>
   <div class='ocr_carea' id='block_1_32' title="bbox 462 2858 2005 2932">
    <p class='ocr_par' dir='ltr' id='par_1_32' title="bbox 462 2858 2005 2932">
     <span class='ocr_line' id='line_1_32' title="bbox 462 2858 2005 2932; baseline -0.01 -16"><span class='ocrx_word' id='word_1_219' title='bbox 462 2863 581 2916; x_wconf 79' lang='grc' dir='ltr'>τότε</span> <span class='ocrx_word' id='word_1_220' title='bbox 627 2863 870 2932; x_wconf 82' lang='grc' dir='ltr'>φαίνεται</span> <span class='ocrx_word' id='word_1_221' title='bbox 903 2863 1052 2932; x_wconf 84' lang='grc' dir='ltr'><strong><em>αὑτῷ</em></strong></span> <span class='ocrx_word' id='word_1_222' title='bbox 1095 2864 1126 2915; x_wconf 89' lang='lat'><strong><em>6</em></strong></span> <span class='ocrx_word' id='word_1_223' title='bbox 1159 2862 1406 2929; x_wconf 78' lang='grc' dir='ltr'>ἄγγελος.</span> <span class='ocrx_word' id='word_1_224' title='bbox 1451 2858 1596 2930; x_wconf 77' lang='grc' dir='ltr'>Αὕτη</span> <span class='ocrx_word' id='word_1_225' title='bbox 1648 2858 1745 2929; x_wconf 73' lang='grc' dir='ltr'><strong><em>μία</em></strong></span> <span class='ocrx_word' id='word_1_226' title='bbox 1784 2858 2005 2929; x_wconf 72' lang='grc' dir='ltr'><strong><em>ἡμέραι·</em></strong></span> 
     </span>
    </p>
   </div>
   <div class='ocr_carea' id='block_1_33' title="bbox 463 2947 2006 3023">
    <p class='ocr_par' dir='ltr' id='par_1_33' title="bbox 463 2947 2006 3023">
     <span class='ocr_line' id='line_1_33' title="bbox 463 2947 2006 3023; baseline -0.003 -16"><span class='ocrx_word' id='word_1_227' title='bbox 463 2954 559 3007; x_wconf 75' lang='grc' dir='ltr'><strong><em>καὶ</em></strong></span> <span class='ocrx_word' id='word_1_228' title='bbox 603 2954 670 3023; x_wconf 70' lang='grc' dir='ltr'>ἦν</span> <span class='ocrx_word' id='word_1_229' title='bbox 724 2952 962 3023; x_wconf 75' lang='grc' dir='ltr'>ἀπῆλθον</span> <span class='ocrx_word' id='word_1_230' title='bbox 1013 2955 1061 3007; x_wconf 76' lang='grc' dir='ltr'><strong><em>οι</em></strong></span> <span class='ocrx_word' id='word_1_231' title='bbox 1098 2951 1439 3022; x_wconf 77' lang='grc' dir='ltr'>πεμφθέντες</span> <span class='ocrx_word' id='word_1_232' title='bbox 1494 2951 1645 3020; x_wconf 79' lang='grc' dir='ltr'>παρὰ</span> <span class='ocrx_word' id='word_1_233' title='bbox 1688 2947 2006 3020; x_wconf 78' lang='grc' dir='ltr'><strong><em>Κορνηλίου,</em></strong></span> 
     </span>
    </p>
   </div>
   <div class='ocr_carea' id='block_1_34' title="bbox 468 3040 2010 3115">
    <p class='ocr_par' dir='ltr' id='par_1_34' title="bbox 468 3040 2010 3115">
     <span class='ocr_line' id='line_1_34' title="bbox 468 3040 2010 3115; baseline -0.001 -18"><span class='ocrx_word' id='word_1_234' title='bbox 468 3044 720 3115; x_wconf 57' lang='grc' dir='ltr'>μὲαικαὶ</span> <span class='ocrx_word' id='word_1_235' title='bbox 741 3045 809 3115; x_wconf 73' lang='grc' dir='ltr'>ἢν</span> <span class='ocrx_word' id='word_1_236' title='bbox 839 3041 1021 3115; x_wconf 78' lang='grc' dir='ltr'>ἦλθον,</span> <span class='ocrx_word' id='word_1_237' title='bbox 1072 3043 1192 3113; x_wconf 85' lang='grc' dir='ltr'>μία,</span> <span class='ocrx_word' id='word_1_238' title='bbox 1233 3044 1323 3096; x_wconf 70' lang='grc' dir='ltr'><strong><em>καὶ</em></strong></span> <span class='ocrx_word' id='word_1_239' title='bbox 1354 3043 1607 3113; x_wconf 77' lang='grc' dir='ltr'>τέταρτον</span> <span class='ocrx_word' id='word_1_240' title='bbox 1652 3042 1847 3111; x_wconf 68' lang='grc' dir='ltr'>ἑφάνη,</span> <span class='ocrx_word' id='word_1_241' title='bbox 1877 3040 2010 3095; x_wconf 74' lang='grc' dir='ltr'><strong><em>ὡσεὶ</em></strong></span> 
     </span>
    </p>
   </div>
   <div class='ocr_carea' id='block_1_35' title="bbox 462 3130 2087 3230">
    <p class='ocr_par' dir='ltr' id='par_1_35' title="bbox 462 3130 2087 3230">
     <span class='ocr_line' id='line_1_35' title="bbox 462 3130 2087 3230; baseline 0.002 -48"><span class='ocrx_word' id='word_1_242' title='bbox 462 3133 653 3204; x_wconf 75' lang='grc' dir='ltr'>τρίτην</span> <span class='ocrx_word' id='word_1_243' title='bbox 694 3133 841 3203; x_wconf 81' lang='grc' dir='ltr'>ὥραν</span> <span class='ocrx_word' id='word_1_244' title='bbox 891 3133 1007 3203; x_wconf 78' lang='grc' dir='ltr'>μεθ’</span> <span class='ocrx_word' id='word_1_245' title='bbox 1034 3134 1102 3204; x_wconf 70' lang='grc' dir='ltr'>ἢν</span> <span class='ocrx_word' id='word_1_246' title='bbox 1142 3131 1501 3203; x_wconf 83' lang='grc' dir='ltr'>προσηύξατο.</span> <span class='ocrx_word' id='word_1_247' title='bbox 1541 3130 1650 3185; x_wconf 70' lang='grc' dir='ltr'><strong><em>Καὶ</em></strong></span> <span class='ocrx_word' id='word_1_248' title='bbox 1698 3131 1829 3185; x_wconf 80' lang='grc' dir='ltr'>ιδοὺ</span> <span class='ocrx_word' id='word_1_249' title='bbox 1856 3131 2011 3199; x_wconf 81' lang='grc' dir='ltr'>ἀνὴρ</span> <span class='ocrx_word' id='word_1_250' title='bbox 2037 3166 2087 3230; x_wconf 77' lang='lat' dir='ltr'>C</span> 
     </span>
    </p>
   </div>
   <div class='ocr_carea' id='block_1_36' title="bbox 463 3222 2011 3293">
    <p class='ocr_par' dir='ltr' id='par_1_36' title="bbox 463 3222 2011 3293">
     <span class='ocr_line' id='line_1_36' title="bbox 463 3222 2011 3293; baseline 0 -16"><span class='ocrx_word' id='word_1_251' title='bbox 463 3225 611 3292; x_wconf 78' lang='grc' dir='ltr'>ἔστη</span> <span class='ocrx_word' id='word_1_252' title='bbox 632 3224 887 3278; x_wconf 77' lang='grc' dir='ltr'>ἐνώπιόν</span> <span class='ocrx_word' id='word_1_253' title='bbox 899 3240 1039 3293; x_wconf 88' lang='grc' dir='ltr'>μου.</span> <span class='ocrx_word' id='word_1_254' title='bbox 1061 3224 1136 3277; x_wconf 81' lang='grc' dir='ltr'><strong><em>Οὐ</em></strong></span> <span class='ocrx_word' id='word_1_255' title='bbox 1152 3224 1317 3293; x_wconf 66' lang='grc' dir='ltr'>λέγει,</span> <span class='ocrx_word' id='word_1_256' title='bbox 1349 3222 1633 3292; x_wconf 71' lang='grc' dir='ltr'>Ἄγγελος,</span> <span class='ocrx_word' id='word_1_257' title='bbox 1659 3223 1794 3288; x_wconf 75' lang='grc' dir='ltr'>ἀλλ’,</span> <span class='ocrx_word' id='word_1_258' title='bbox 1823 3223 2011 3291; x_wconf 75' lang='grc' dir='ltr'>Ἀνήρο</span> 
     </span>
    </p>
   </div>
   <div class='ocr_carea' id='block_1_37' title="bbox 464 3313 2015 3384">
    <p class='ocr_par' dir='ltr' id='par_1_37' title="bbox 464 3313 2015 3384">
     <span class='ocr_line' id='line_1_37' title="bbox 464 3313 2015 3384; baseline -0.002 -16"><span class='ocrx_word' id='word_1_259' title='bbox 464 3314 634 3377; x_wconf 74' lang='grc' dir='ltr'>οὕτως</span> <span class='ocrx_word' id='word_1_260' title='bbox 659 3314 806 3367; x_wconf 67' lang='grc' dir='ltr'>ἐστὶν</span> <span class='ocrx_word' id='word_1_261' title='bbox 837 3314 1060 3383; x_wconf 78' lang='grc' dir='ltr'><strong><em>ἄτυφος.</em></strong></span> <span class='ocrx_word' id='word_1_262' title='bbox 1100 3315 1271 3368; x_wconf 80' lang='grc' dir='ltr'>Ἴδετε</span> <span class='ocrx_word' id='word_1_263' title='bbox 1304 3314 1360 3367; x_wconf 81' lang='grc' dir='ltr'>δὲ</span> <span class='ocrx_word' id='word_1_264' title='bbox 1397 3315 1632 3367; x_wconf 85' lang='grc' dir='ltr'>διάνοιαν</span> <span class='ocrx_word' id='word_1_265' title='bbox 1659 3313 2015 3384; x_wconf 83' lang='grc' dir='ltr'>διεγηγερμέ-</span> 
     </span>
    </p>
   </div>
   <div class='ocr_carea' id='block_1_38' title="bbox 464 3398 2015 3474">
    <p class='ocr_par' dir='ltr' id='par_1_38' title="bbox 464 3398 2015 3474">
     <span class='ocr_line' id='line_1_38' title="bbox 464 3398 2015 3474; baseline 0 -17"><span class='ocrx_word' id='word_1_266' title='bbox 464 3422 558 3474; x_wconf 86' lang='grc' dir='ltr'><strong><em>νην</em></strong></span> <span class='ocrx_word' id='word_1_267' title='bbox 576 3420 593 3435; x_wconf 88' lang='grc'><strong>·</strong></span> <span class='ocrx_word' id='word_1_268' title='bbox 623 3405 764 3459; x_wconf 75' lang='grc' dir='ltr'>[δετε</span> <span class='ocrx_word' id='word_1_269' title='bbox 794 3405 910 3468; x_wconf 82' lang='grc' dir='ltr'><strong><em>πῶς</em></strong></span> <span class='ocrx_word' id='word_1_270' title='bbox 935 3405 1080 3469; x_wconf 79' lang='grc' dir='ltr'>ἄξιος</span> <span class='ocrx_word' id='word_1_271' title='bbox 1109 3400 1178 3474; x_wconf 74' lang='grc' dir='ltr'>ἦν</span> <span class='ocrx_word' id='word_1_272' title='bbox 1220 3404 1425 3458; x_wconf 84' lang='grc' dir='ltr'>τούτων</span> <span class='ocrx_word' id='word_1_273' title='bbox 1463 3405 1699 3458; x_wconf 82' lang='grc' dir='ltr'>πάντων.</span> <span class='ocrx_word' id='word_1_274' title='bbox 1740 3404 1871 3458; x_wconf 87' lang='grc' dir='ltr'>Νῦν</span> <span class='ocrx_word' id='word_1_275' title='bbox 1900 3398 2015 3458; x_wconf 85' lang='grc' dir='ltr'>οὖν</span> 
     </span>
    </p>
   </div>
   <div class='ocr_carea' id='block_1_39' title="bbox 465 3494 2010 3565">
    <p class='ocr_par' dir='ltr' id='par_1_39' title="bbox 465 3494 2010 3565">
     <span class='ocr_line' id='line_1_39' title="bbox 465 3494 2010 3565; baseline 0.001 -18"><span class='ocrx_word' id='word_1_276' title='bbox 465 3495 685 3561; x_wconf 79' lang='grc' dir='ltr'>πάντες</span> <span class='ocrx_word' id='word_1_277' title='bbox 725 3495 895 3565; x_wconf 76' lang='grc' dir='ltr'>ἡμεῖς</span> <span class='ocrx_word' id='word_1_278' title='bbox 937 3495 1191 3548; x_wconf 71' lang='grc' dir='ltr'>ἐνώπιον</span> <span class='ocrx_word' id='word_1_279' title='bbox 1221 3495 1324 3549; x_wconf 86' lang='grc' dir='ltr'><strong><em>τοῦ</em></strong></span> <span class='ocrx_word' id='word_1_280' title='bbox 1358 3494 1504 3549; x_wconf 84' lang='grc' dir='ltr'><strong><em>Θεοῦ</em></strong></span> <span class='ocrx_word' id='word_1_281' title='bbox 1534 3495 2010 3563; x_wconf 80' lang='grc' dir='ltr'>παρεστήκαιιεν.</span> 
     </span>
    </p>
   </div>
   <div class='ocr_carea' id='block_1_40' title="bbox 464 3583 2008 3657">
    <p class='ocr_par' dir='ltr' id='par_1_40' title="bbox 464 3583 2008 3657">
     <span class='ocr_line' id='line_1_40' title="bbox 464 3583 2008 3657; baseline -0.001 -17"><span class='ocrx_word' id='word_1_282' title='bbox 464 3588 577 3641; x_wconf 77' lang='grc' dir='ltr'><strong>Οὐκ</strong></span> <span class='ocrx_word' id='word_1_283' title='bbox 620 3583 792 3654; x_wconf 74' lang='grc' dir='ltr'>εἶπεν,</span> <span class='ocrx_word' id='word_1_284' title='bbox 849 3584 1105 3639; x_wconf 82' lang='grc' dir='ltr'>Ἐνώπιον</span> <span class='ocrx_word' id='word_1_285' title='bbox 1148 3585 1433 3657; x_wconf 82' lang='grc' dir='ltr'>ἀνθρώπου</span> <span class='ocrx_word' id='word_1_286' title='bbox 1458 3626 1473 3650; x_wconf 93' lang='grc'><strong><em>,</em></strong></span> <span class='ocrx_word' id='word_1_287' title='bbox 1518 3586 1654 3639; x_wconf 80' lang='grc' dir='ltr'>ἀλλὰ</span> <span class='ocrx_word' id='word_1_288' title='bbox 1695 3585 1802 3639; x_wconf 86' lang='grc' dir='ltr'><strong><em>τοῦ</em></strong></span> <span class='ocrx_word' id='word_1_289' title='bbox 1841 3585 2008 3639; x_wconf 83' lang='grc' dir='ltr'><strong><em>Θεοῦ.</em></strong></span> 
     </span>
    </p>
   </div>
   <div class='ocr_carea' id='block_1_41' title="bbox 465 3675 1730 3748">
    <p class='ocr_par' dir='ltr' id='par_1_41' title="bbox 465 3675 1730 3748">
     <span class='ocr_line' id='line_1_41' title="bbox 465 3675 1730 3748; baseline -0.002 -16"><span class='ocrx_word' id='word_1_290' title='bbox 465 3676 617 3732; x_wconf 77' lang='grc' dir='ltr'><strong><em>οὕτω</em></strong></span> <span class='ocrx_word' id='word_1_291' title='bbox 641 3677 721 3731; x_wconf 76' lang='grc' dir='ltr'><strong><em>δεῖ</em></strong></span> <span class='ocrx_word' id='word_1_292' title='bbox 747 3676 1034 3748; x_wconf 75' lang='grc' dir='ltr'>προσέχειν</span> <span class='ocrx_word' id='word_1_293' title='bbox 1059 3678 1172 3741; x_wconf 81' lang='grc' dir='ltr'>τοῖς</span> <span class='ocrx_word' id='word_1_294' title='bbox 1208 3676 1302 3730; x_wconf 81' lang='grc' dir='ltr'><strong><em>τοῦ</em></strong></span> <span class='ocrx_word' id='word_1_295' title='bbox 1329 3676 1465 3729; x_wconf 81' lang='grc' dir='ltr'>Θεοῦ</span> <span class='ocrx_word' id='word_1_296' title='bbox 1501 3675 1730 3739; x_wconf 82' lang='grc' dir='ltr'>δούλοις.</span> 
     </span>
    </p>
   </div>
   <div class='ocr_carea' id='block_1_42' title="bbox 543 3921 2008 3992">
    <p class='ocr_par' dir='ltr' id='par_1_42' title="bbox 543 3921 2008 3992">
     <span class='ocr_line' id='line_1_42' title="bbox 543 3921 2008 3992; baseline -0.002 -14"><span class='ocrx_word' id='word_1_297' title='bbox 543 3922 814 3991; x_wconf 77' lang='grc' dir='ltr'>Ἀνοίξας</span> <span class='ocrx_word' id='word_1_298' title='bbox 859 3922 928 3977; x_wconf 76' lang='grc' dir='ltr'>δὲ</span> <span class='ocrx_word' id='word_1_299' title='bbox 958 3924 1175 3992; x_wconf 77' lang='grc' dir='ltr'>Πέτρος</span> <span class='ocrx_word' id='word_1_300' title='bbox 1205 3922 1269 3976; x_wconf 84' lang='grc' dir='ltr'><strong><em>τὸ</em></strong></span> <span class='ocrx_word' id='word_1_301' title='bbox 1315 3922 1509 3990; x_wconf 80' lang='grc' dir='ltr'>στόμα</span> <span class='ocrx_word' id='word_1_302' title='bbox 1536 3921 1721 3976; x_wconf 84' lang='grc' dir='ltr'>αὑτοῦ</span> <span class='ocrx_word' id='word_1_303' title='bbox 1744 3922 1765 3954; x_wconf 86' lang='grc'>⁸</span> <span class='ocrx_word' id='word_1_304' title='bbox 1808 3922 2008 3976; x_wconf 73' lang='grc' dir='ltr'>εἶπεν*</span> 
     </span>
    </p>
   </div>
   <div class='ocr_carea' id='block_1_43' title="bbox 416 4011 2012 4091">
    <p class='ocr_par' dir='ltr' id='par_1_43' title="bbox 416 4011 2012 4091">
     <span class='ocr_line' id='line_1_43' title="bbox 416 4011 2012 4091; baseline 0.001 -24"><span class='ocrx_word' id='word_1_305' title='bbox 416 4020 425 4091; x_wconf 60' lang='grc' dir='ltr'><strong><em>ξ</em></strong></span> <span class='ocrx_word' id='word_1_306' title='bbox 474 4012 599 4068; x_wconf 78' lang='grc' dir='ltr'><strong><em>Ἐπ’</em></strong></span> <span class='ocrx_word' id='word_1_307' title='bbox 646 4015 927 4082; x_wconf 73' lang='grc' dir='ltr'>ἀληθείας</span> <span class='ocrx_word' id='word_1_308' title='bbox 973 4011 1491 4082; x_wconf 78' lang='grc' dir='ltr'>καταλαμϐάνομαι</span> <span class='ocrx_word' id='word_1_309' title='bbox 1513 4051 1529 4078; x_wconf 91' lang='grc'><strong><em>,</em></strong></span> <span class='ocrx_word' id='word_1_310' title='bbox 1578 4013 1668 4066; x_wconf 88' lang='grc' dir='ltr'>ὅτι</span> <span class='ocrx_word' id='word_1_311' title='bbox 1717 4014 1828 4068; x_wconf 82' lang='grc' dir='ltr'><strong><em>οὐκ</em></strong></span> <span class='ocrx_word' id='word_1_312' title='bbox 1881 4014 2012 4068; x_wconf 74' lang='grc' dir='ltr'>ἐστι</span> 
     </span>
    </p>
   </div>
   <div class='ocr_carea' id='block_1_44' title="bbox 415 4104 1247 4175">
    <p class='ocr_par' dir='ltr' id='par_1_44' title="bbox 415 4104 1247 4175">
     <span class='ocr_line' id='line_1_44' title="bbox 415 4104 1247 4175; baseline -0.001 -17"><span class='ocrx_word' id='word_1_313' title='bbox 415 4158 422 4165; x_wconf 81' lang='grc'><strong><em>,</em></strong></span> <span class='ocrx_word' id='word_1_314' title='bbox 462 4105 979 4175; x_wconf 72' lang='grc' dir='ltr'>προσωπολήπτης</span> <span class='ocrx_word' id='word_1_315' title='bbox 1008 4107 1041 4159; x_wconf 89' lang='grc' dir='ltr'><strong><em>ό</em></strong></span> <span class='ocrx_word' id='word_1_316' title='bbox 1071 4104 1247 4169; x_wconf 73' lang='grc' dir='ltr'><strong><em>Θεός⁹</em></strong></span> 
     </span>
    </p>
   </div>
   <div class='ocr_carea' id='block_1_45' title="bbox 546 4193 2009 4263">
    <p class='ocr_par' dir='ltr' id='par_1_45' title="bbox 546 4193 2009 4263">
     <span class='ocr_line' id='line_1_45' title="bbox 546 4193 2009 4263; baseline 0.002 -16"><span class='ocrx_word' id='word_1_317' title='bbox 546 4193 703 4247; x_wconf 82' lang='grc' dir='ltr'>Ἀλλ’</span> <span class='ocrx_word' id='word_1_318' title='bbox 734 4195 801 4246; x_wconf 84' lang='grc' dir='ltr'>ἐν</span> <span class='ocrx_word' id='word_1_319' title='bbox 833 4194 1010 4247; x_wconf 77' lang='grc' dir='ltr'>παντὶ</span> <span class='ocrx_word' id='word_1_320' title='bbox 1039 4194 1193 4247; x_wconf 72' lang='grc' dir='ltr'>ἔθνει</span> <span class='ocrx_word' id='word_1_321' title='bbox 1219 4196 1252 4247; x_wconf 87' lang='grc' dir='ltr'><strong><em>ό</em></strong></span> <span class='ocrx_word' id='word_1_322' title='bbox 1277 4193 1643 4263; x_wconf 77' lang='grc' dir='ltr'>φοϐούμενος</span> <span class='ocrx_word' id='word_1_323' title='bbox 1677 4195 1881 4261; x_wconf 85' lang='grc' dir='ltr'>αὑτὸν,</span> <span class='ocrx_word' id='word_1_324' title='bbox 1910 4196 2009 4252; x_wconf 81' lang='grc' dir='ltr'>και</span> 
     </span>
    </p>
   </div>
   <div class='ocr_carea' id='block_1_46' title="bbox 462 4280 1905 4356">
    <p class='ocr_par' dir='ltr' id='par_1_46' title="bbox 462 4280 1905 4356">
     <span class='ocr_line' id='line_1_46' title="bbox 462 4280 1905 4356; baseline 0.003 -21"><span class='ocrx_word' id='word_1_325' title='bbox 462 4280 841 4353; x_wconf 73' lang='grc' dir='ltr'>ἐργαζόμενος</span> <span class='ocrx_word' id='word_1_326' title='bbox 870 4282 1283 4356; x_wconf 81' lang='grc' dir='ltr'>δικαιοσύνην,</span> <span class='ocrx_word' id='word_1_327' title='bbox 1323 4282 1530 4347; x_wconf 79' lang='grc' dir='ltr'>δεκτὸς</span> <span class='ocrx_word' id='word_1_328' title='bbox 1559 4283 1718 4349; x_wconf 86' lang='grc' dir='ltr'><strong><em>αὐτῷ</em></strong></span> <span class='ocrx_word' id='word_1_329' title='bbox 1753 4286 1905 4341; x_wconf 81' lang='grc' dir='ltr'>ἐστι.</span> 
     </span>
    </p>
   </div>
   <div class='ocr_carea' id='block_1_47' title="bbox 539 4364 2010 4444">
    <p class='ocr_par' dir='ltr' id='par_1_47' title="bbox 539 4364 2010 4444">
     <span class='ocr_line' id='line_1_47' title="bbox 539 4364 2010 4444; baseline 0.003 -17"><span class='ocrx_word' id='word_1_330' title='bbox 539 4375 649 4428; x_wconf 86' lang='grc' dir='ltr'><strong><em>Τὸν</em></strong></span> <span class='ocrx_word' id='word_1_331' title='bbox 688 4376 891 4441; x_wconf 80' lang='grc' dir='ltr'>λόγον,</span> <span class='ocrx_word' id='word_1_332' title='bbox 944 4373 1015 4427; x_wconf 80' lang='grc' dir='ltr'>ὃν</span> <span class='ocrx_word' id='word_1_333' title='bbox 1060 4373 1378 4428; x_wconf 79' lang='grc' dir='ltr'>ἀπέστειλε</span> <span class='ocrx_word' id='word_1_334' title='bbox 1414 4373 1535 4440; x_wconf 84' lang='grc' dir='ltr'>τοῖς</span> <span class='ocrx_word' id='word_1_335' title='bbox 1581 4364 1729 4441; x_wconf 71' lang='grc' dir='ltr'>υἱοῖς</span> <span class='ocrx_word' id='word_1_336' title='bbox 1765 4374 2010 4444; x_wconf 78' lang='grc' dir='ltr'>Ἰσραὴλ</span> 
     </span>
    </p>
   </div>
   <div class='ocr_carea' id='block_1_48' title="bbox 2124 529 2741 597">
    <p class='ocr_par' dir='ltr' id='par_1_48' title="bbox 2124 529 2741 597">
     <span class='ocr_line' id='line_1_48' title="bbox 2124 529 2741 597; baseline 0.013 -18"><span class='ocrx_word' id='word_1_337' title='bbox 2124 538 2340 593; x_wconf 69' lang='lat' dir='ltr'><strong><em>venerit,</em></strong></span> <span class='ocrx_word' id='word_1_338' title='bbox 2373 529 2607 597; x_wconf 75' lang='lat' dir='ltr'><strong><em>loquetur</em></strong></span> <span class='ocrx_word' id='word_1_339' title='bbox 2630 531 2741 587; x_wconf 89' lang='lat' dir='ltr'><strong><em>tibi.</em></strong></span> 
     </span>
    </p>
   </div>
   <div class='ocr_carea' id='block_1_49' title="bbox 2186 613 3665 689">
    <p class='ocr_par' dir='ltr' id='par_1_49' title="bbox 2186 613 3665 689">
     <span class='ocr_line' id='line_1_49' title="bbox 2186 613 3665 689; baseline 0.011 -21"><span class='ocrx_word' id='word_1_340' title='bbox 2186 613 2348 670; x_wconf 69' lang='lat' dir='ltr'><strong><em>Vens.</em></strong></span> <span class='ocrx_word' id='word_1_341' title='bbox 2371 619 2459 670; x_wconf 82' lang='lat'><strong><em>5‘5.</em></strong></span> <span class='ocrx_word' id='word_1_342' title='bbox 2481 618 2664 687; x_wconf 87' lang='lat' dir='ltr'><strong><em>Itaque</em></strong></span> <span class='ocrx_word' id='word_1_343' title='bbox 2692 622 2946 689; x_wconf 71' lang='lat' dir='ltr'><strong><em>extemplo</em></strong></span> <span class='ocrx_word' id='word_1_344' title='bbox 2968 622 3083 676; x_wconf 88' lang='lat' dir='ltr'><strong><em>misi</em></strong></span> <span class='ocrx_word' id='word_1_345' title='bbox 3110 624 3179 676; x_wconf 88' lang='lat' dir='ltr'><strong><em>ad</em></strong></span> <span class='ocrx_word' id='word_1_346' title='bbox 3210 624 3285 678; x_wconf 81' lang='lat' dir='ltr'><strong><em>tei</em></strong></span> <span class='ocrx_word' id='word_1_347' title='bbox 3320 642 3335 679; x_wconf 90' lang='lat'><strong>:</strong></span> <span class='ocrx_word' id='word_1_348' title='bbox 3367 643 3430 679; x_wconf 87' lang='lat' dir='ltr'><strong><em>ac</em></strong></span> <span class='ocrx_word' id='word_1_349' title='bbox 3456 636 3513 681; x_wconf 90' lang='lat' dir='ltr'><strong><em>tu</em></strong></span> <span class='ocrx_word' id='word_1_350' title='bbox 3539 629 3665 684; x_wconf 87' lang='lat' dir='ltr'><strong><em>bene</em></strong></span> 
     </span>
    </p>
   </div>
   <div class='ocr_carea' id='block_1_50' title="bbox 2120 703 3669 782">
    <p class='ocr_par' dir='ltr' id='par_1_50' title="bbox 2120 703 3669 782">
     <span class='ocr_line' id='line_1_50' title="bbox 2120 703 3669 782; baseline 0.011 -26"><span class='ocrx_word' id='word_1_351' title='bbox 2120 703 2307 772; x_wconf 75' lang='lat' dir='ltr'><strong><em>fecisti,</em></strong></span> <span class='ocrx_word' id='word_1_352' title='bbox 2331 708 2418 775; x_wconf 89' lang='lat' dir='ltr'><strong><em>qui</em></strong></span> <span class='ocrx_word' id='word_1_353' title='bbox 2447 710 2734 762; x_wconf 76' lang='lat' dir='ltr'><strong><em>adveneris.</em></strong></span> <span class='ocrx_word' id='word_1_354' title='bbox 2760 708 2915 763; x_wconf 89' lang='lat' dir='ltr'><strong><em>Nunc</em></strong></span> <span class='ocrx_word' id='word_1_355' title='bbox 2944 713 3106 782; x_wconf 87' lang='lat' dir='ltr'><strong><em>igitur</em></strong></span> <span class='ocrx_word' id='word_1_356' title='bbox 3128 730 3218 766; x_wconf 86' lang='lat' dir='ltr'><strong><em>nos</em></strong></span> <span class='ocrx_word' id='word_1_357' title='bbox 3236 731 3410 770; x_wconf 84' lang='lat' dir='ltr'><strong><em>omnes</em></strong></span> <span class='ocrx_word' id='word_1_358' title='bbox 3435 728 3669 773; x_wconf 87' lang='lat' dir='ltr'><strong><em>astanms</em></strong></span> 
     </span>
    </p>
   </div>
   <div class='ocr_carea' id='block_1_51' title="bbox 2120 795 3669 874">
    <p class='ocr_par' dir='ltr' id='par_1_51' title="bbox 2120 795 3669 874">
     <span class='ocr_line' id='line_1_51' title="bbox 2120 795 3669 874; baseline 0.01 -28"><span class='ocrx_word' id='word_1_359' title='bbox 2120 795 2175 847; x_wconf 88' lang='lat' dir='ltr'><strong><em>in</em></strong></span> <span class='ocrx_word' id='word_1_360' title='bbox 2204 807 2474 865; x_wconf 87' lang='lat' dir='ltr'><strong><em>conspectu</em></strong></span> <span class='ocrx_word' id='word_1_361' title='bbox 2495 797 2609 862; x_wconf 87' lang='lat' dir='ltr'><strong><em>Dei,</em></strong></span> <span class='ocrx_word' id='word_1_362' title='bbox 2632 801 2807 867; x_wconf 90' lang='lat' dir='ltr'><strong><em>parati</em></strong></span> <span class='ocrx_word' id='word_1_363' title='bbox 2828 803 3009 857; x_wconf 80' lang='lat' dir='ltr'><strong><em>audire</em></strong></span> <span class='ocrx_word' id='word_1_364' title='bbox 3037 806 3228 868; x_wconf 84' lang='lat' dir='ltr'><strong><em>omnia,</em></strong></span> <span class='ocrx_word' id='word_1_365' title='bbox 3264 822 3379 874; x_wconf 69' lang='lat' dir='ltr'><strong><em>qua</em></strong></span> <span class='ocrx_word' id='word_1_366' title='bbox 3404 806 3494 860; x_wconf 85' lang='lat' dir='ltr'><strong><em>tibi</em></strong></span> <span class='ocrx_word' id='word_1_367' title='bbox 3517 825 3669 863; x_wconf 70' lang='lat' dir='ltr'><strong><em>man~</em></strong></span> 
     </span>
    </p>
   </div>
   <div class='ocr_carea' id='block_1_52' title="bbox 2119 885 2630 943">
    <p class='ocr_par' dir='ltr' id='par_1_52' title="bbox 2119 885 2630 943">
     <span class='ocr_line' id='line_1_52' title="bbox 2119 885 2630 943; baseline 0.01 -5"><span class='ocrx_word' id='word_1_368' title='bbox 2119 885 2248 939; x_wconf 84' lang='lat' dir='ltr'><strong><em>data</em></strong></span> <span class='ocrx_word' id='word_1_369' title='bbox 2278 896 2399 939; x_wconf 88' lang='lat' dir='ltr'><strong><em>sunt</em></strong></span> <span class='ocrx_word' id='word_1_370' title='bbox 2431 906 2463 941; x_wconf 93' lang='lat' dir='ltr'><strong><em>a</em></strong></span> <span class='ocrx_word' id='word_1_371' title='bbox 2505 889 2630 943; x_wconf 88' lang='lat' dir='ltr'><strong><em>Deo.</em></strong></span> 
     </span>
    </p>
   </div>
   <div class='ocr_carea' id='block_1_53' title="bbox 2198 971 3669 1047">
    <p class='ocr_par' dir='ltr' id='par_1_53' title="bbox 2198 971 3669 1047">
     <span class='ocr_line' id='line_1_53' title="bbox 2198 971 3669 1047; baseline 0.01 -21"><span class='ocrx_word' id='word_1_372' title='bbox 2198 971 2299 1028; x_wconf 79' lang='lat' dir='ltr'><strong><em>Vos</em></strong></span> <span class='ocrx_word' id='word_1_373' title='bbox 2321 978 2468 1031; x_wconf 87' lang='lat' dir='ltr'><strong><em>scitis</em></strong></span> <span class='ocrx_word' id='word_1_374' title='bbox 2490 994 2649 1045; x_wconf 88' lang='lat' dir='ltr'><strong><em>quam</em></strong></span> <span class='ocrx_word' id='word_1_375' title='bbox 2668 995 2769 1032; x_wconf 87' lang='lat' dir='ltr'><strong><em>non</em></strong></span> <span class='ocrx_word' id='word_1_376' title='bbox 2795 982 2995 1035; x_wconf 88' lang='lat' dir='ltr'><strong><em>licitum</em></strong></span> <span class='ocrx_word' id='word_1_377' title='bbox 3017 982 3104 1047; x_wconf 90' lang='lat' dir='ltr'><strong><em>sit,</em></strong></span> <span class='ocrx_word' id='word_1_378' title='bbox 3133 993 3239 1037; x_wconf 92' lang='lat' dir='ltr'><strong><em>etc.</em></strong></span> <span class='ocrx_word' id='word_1_379' title='bbox 3270 984 3461 1039; x_wconf 88' lang='lat' dir='ltr'><strong><em>Statim</em></strong></span> <span class='ocrx_word' id='word_1_380' title='bbox 3484 986 3550 1040; x_wconf 90' lang='lat' dir='ltr'><strong><em>de</em></strong></span> <span class='ocrx_word' id='word_1_381' title='bbox 3577 987 3669 1041; x_wconf 86' lang='lat' dir='ltr'><strong><em>Dei</em></strong></span> 
     </span>
    </p>
   </div>
   <div class='ocr_carea' id='block_1_54' title="bbox 2120 1063 3668 1141">
    <p class='ocr_par' dir='ltr' id='par_1_54' title="bbox 2120 1063 3668 1141">
     <span class='ocr_line' id='line_1_54' title="bbox 2120 1063 3668 1141; baseline 0.005 -24"><span class='ocrx_word' id='word_1_382' title='bbox 2120 1063 2376 1118; x_wconf 84' lang='lat' dir='ltr'><strong><em>adversus</em></strong></span> <span class='ocrx_word' id='word_1_383' title='bbox 2400 1066 2649 1121; x_wconf 84' lang='lat' dir='ltr'><strong><em>homines</em></strong></span> <span class='ocrx_word' id='word_1_384' title='bbox 2666 1068 2845 1123; x_wconf 87' lang='lat' dir='ltr'><strong><em>studio</em></strong></span> <span class='ocrx_word' id='word_1_385' title='bbox 2866 1077 3026 1138; x_wconf 89' lang='lat' dir='ltr'><strong><em>atque</em></strong></span> <span class='ocrx_word' id='word_1_386' title='bbox 3052 1070 3385 1126; x_wconf 79' lang='lat' dir='ltr'><strong><em>humanitate</em></strong></span> <span class='ocrx_word' id='word_1_387' title='bbox 3412 1073 3668 1141; x_wconf 87' lang='lat' dir='ltr'><strong><em>loquitur,</em></strong></span> 
     </span>
    </p>
   </div>
   <div class='ocr_carea' id='block_1_55' title="bbox 2120 1151 3671 1223">
    <p class='ocr_par' dir='ltr' id='par_1_55' title="bbox 2120 1151 3671 1223">
     <span class='ocr_line' id='line_1_55' title="bbox 2120 1151 3671 1223; baseline 0.004 -19"><span class='ocrx_word' id='word_1_388' title='bbox 2120 1158 2175 1204; x_wconf 90' lang='lat' dir='ltr'><strong><em>et</em></strong></span> <span class='ocrx_word' id='word_1_389' title='bbox 2216 1151 2453 1206; x_wconf 77' lang='lat' dir='ltr'><strong><em>ostendit</em></strong></span> <span class='ocrx_word' id='word_1_390' title='bbox 2483 1151 2653 1206; x_wconf 88' lang='lat' dir='ltr'><strong><em>Deum</em></strong></span> <span class='ocrx_word' id='word_1_391' title='bbox 2696 1169 2885 1223; x_wconf 88' lang='lat' dir='ltr'><strong><em>magna</em></strong></span> <span class='ocrx_word' id='word_1_392' title='bbox 2916 1155 2996 1209; x_wconf 88' lang='lat' dir='ltr'><strong><em>eis</em></strong></span> <span class='ocrx_word' id='word_1_393' title='bbox 3036 1155 3284 1223; x_wconf 87' lang='lat' dir='ltr'><strong><em>largitum</em></strong></span> <span class='ocrx_word' id='word_1_394' title='bbox 3316 1172 3456 1212; x_wconf 89' lang='lat' dir='ltr'><strong><em>esse.</em></strong></span> <span class='ocrx_word' id='word_1_395' title='bbox 3501 1158 3671 1210; x_wconf 85' lang='lat' dir='ltr'><strong><em>Simul</em></strong></span> 
     </span>
    </p>
   </div>
   <div class='ocr_carea' id='block_1_56' title="bbox 2119 1244 3667 1312">
    <p class='ocr_par' dir='ltr' id='par_1_56' title="bbox 2119 1244 3667 1312">
     <span class='ocr_line' id='line_1_56' title="bbox 2119 1244 3667 1312; baseline 0.005 -19"><span class='ocrx_word' id='word_1_396' title='bbox 2119 1249 2295 1294; x_wconf 88' lang='lat' dir='ltr'><strong><em>autem</em></strong></span> <span class='ocrx_word' id='word_1_397' title='bbox 2316 1249 2370 1295; x_wconf 88' lang='lat' dir='ltr'><strong><em>et</em></strong></span> <span class='ocrx_word' id='word_1_398' title='bbox 2395 1257 2583 1312; x_wconf 78' lang='lat' dir='ltr'><strong><em>magna</em></strong></span> <span class='ocrx_word' id='word_1_399' title='bbox 2605 1244 2862 1312; x_wconf 85' lang='lat' dir='ltr'><strong><em>loquitur,</em></strong></span> <span class='ocrx_word' id='word_1_400' title='bbox 2886 1254 2941 1298; x_wconf 83' lang='lat' dir='ltr'><strong><em>et</em></strong></span> <span class='ocrx_word' id='word_1_401' title='bbox 2965 1247 3286 1301; x_wconf 83' lang='lat' dir='ltr'><strong><em>modestiam</em></strong></span> <span class='ocrx_word' id='word_1_402' title='bbox 3310 1247 3527 1302; x_wconf 88' lang='lat' dir='ltr'><strong><em>adhibet</em></strong></span> <span class='ocrx_word' id='word_1_403' title='bbox 3551 1264 3667 1301; x_wconf 88' lang='lat' dir='ltr'><strong><em>ser-</em></strong></span> 
     </span>
    </p>
   </div>
   <div class='ocr_carea' id='block_1_57' title="bbox 2120 1329 3670 1405">
    <p class='ocr_par' dir='ltr' id='par_1_57' title="bbox 2120 1329 3670 1405">
     <span class='ocr_line' id='line_1_57' title="bbox 2120 1329 3670 1405; baseline 0.005 -22"><span class='ocrx_word' id='word_1_404' title='bbox 2120 1330 2315 1384; x_wconf 88' lang='lat' dir='ltr'><strong><em>monis.</em></strong></span> <span class='ocrx_word' id='word_1_405' title='bbox 2349 1329 2466 1385; x_wconf 86' lang='lat' dir='ltr'><strong><em>Non</em></strong></span> <span class='ocrx_word' id='word_1_406' title='bbox 2498 1332 2639 1385; x_wconf 86' lang='lat' dir='ltr'><strong><em>enim</em></strong></span> <span class='ocrx_word' id='word_1_407' title='bbox 2674 1333 2840 1398; x_wconf 82' lang='lat' dir='ltr'><strong><em>dixit,</em></strong></span> <span class='ocrx_word' id='word_1_408' title='bbox 2883 1334 3168 1399; x_wconf 87' lang='lat' dir='ltr'><strong><em>llomines,</em></strong></span> <span class='ocrx_word' id='word_1_409' title='bbox 3202 1337 3291 1405; x_wconf 87' lang='lat' dir='ltr'><strong><em>qui</em></strong></span> <span class='ocrx_word' id='word_1_410' title='bbox 3332 1338 3531 1390; x_wconf 89' lang='lat' dir='ltr'><strong><em>nemini</em></strong></span> <span class='ocrx_word' id='word_1_411' title='bbox 3571 1351 3670 1390; x_wconf 86' lang='lat' dir='ltr'><strong><em>nos</em></strong></span> 
     </span>
    </p>
   </div>
   <div class='ocr_carea' id='block_1_58' title="bbox 2118 1422 3670 1496">
    <p class='ocr_par' dir='ltr' id='par_1_58' title="bbox 2118 1422 3670 1496">
     <span class='ocr_line' id='line_1_58' title="bbox 2118 1422 3670 1496; baseline 0.005 -21"><span class='ocrx_word' id='word_1_412' title='bbox 2118 1422 2411 1492; x_wconf 75' lang='lat' dir='ltr'><strong><em>adiungere</em></strong></span> <span class='ocrx_word' id='word_1_413' title='bbox 2447 1432 2606 1490; x_wconf 86' lang='lat' dir='ltr'><strong><em>atque</em></strong></span> <span class='ocrx_word' id='word_1_414' title='bbox 2646 1440 2930 1495; x_wconf 80' lang='lat' dir='ltr'><strong><em>aggregare</em></strong></span> <span class='ocrx_word' id='word_1_415' title='bbox 2971 1429 3286 1496; x_wconf 73' lang='lat' dir='ltr'><strong><em>dignamur,</em></strong></span> <span class='ocrx_word' id='word_1_416' title='bbox 3326 1430 3571 1481; x_wconf 75' lang='lat' dir='ltr'><strong><em>venimus</em></strong></span> <span class='ocrx_word' id='word_1_417' title='bbox 3604 1429 3670 1482; x_wconf 84' lang='lat' dir='ltr'><strong><em>ad</em></strong></span> 
     </span>
    </p>
   </div>
   <div class='ocr_carea' id='block_1_59' title="bbox 2119 1511 3671 1584">
    <p class='ocr_par' dir='ltr' id='par_1_59' title="bbox 2119 1511 3671 1584">
     <span class='ocr_line' id='line_1_59' title="bbox 2119 1511 3671 1584; baseline 0.003 -21"><span class='ocrx_word' id='word_1_418' title='bbox 2119 1527 2212 1564; x_wconf 88' lang='lat' dir='ltr'><strong><em>vos</em></strong></span> <span class='ocrx_word' id='word_1_419' title='bbox 2239 1552 2253 1577; x_wconf 97' lang='lat'><strong><em>,</em></strong></span> <span class='ocrx_word' id='word_1_420' title='bbox 2289 1511 2380 1565; x_wconf 88' lang='lat' dir='ltr'><strong><em>sed</em></strong></span> <span class='ocrx_word' id='word_1_421' title='bbox 2426 1512 2597 1581; x_wconf 89' lang='lat' dir='ltr'><strong><em>quid?</em></strong></span> <span class='ocrx_word' id='word_1_422' title='bbox 2627 1512 2735 1567; x_wconf 83' lang='lat' dir='ltr'><strong><em>Vos</em></strong></span> <span class='ocrx_word' id='word_1_423' title='bbox 2768 1516 2921 1569; x_wconf 91' lang='lat' dir='ltr'><strong><em>scitis</em></strong></span> <span class='ocrx_word' id='word_1_424' title='bbox 2959 1516 3123 1569; x_wconf 85' lang='lat' dir='ltr'><strong><em>Deum</em></strong></span> <span class='ocrx_word' id='word_1_425' title='bbox 3164 1517 3215 1570; x_wconf 93' lang='lat' dir='ltr'><strong><em>id</em></strong></span> <span class='ocrx_word' id='word_1_426' title='bbox 3254 1517 3479 1584; x_wconf 82' lang='lat' dir='ltr'><strong><em>jussisse</em></strong></span> <span class='ocrx_word' id='word_1_427' title='bbox 3507 1532 3523 1568; x_wconf 88' lang='lat'><strong>:</strong></span> <span class='ocrx_word' id='word_1_428' title='bbox 3552 1515 3671 1583; x_wconf 82' lang='lat' dir='ltr'><strong><em>lege</em></strong></span> 
     </span>
    </p>
   </div>
   <div class='ocr_carea' id='block_1_60' title="bbox 2120 1601 3672 1674">
    <p class='ocr_par' dir='ltr' id='par_1_60' title="bbox 2120 1601 3672 1674">
     <span class='ocr_line' id='line_1_60' title="bbox 2120 1601 3672 1674; baseline 0.001 -19"><span class='ocrx_word' id='word_1_429' title='bbox 2120 1601 2346 1656; x_wconf 86' lang='lat' dir='ltr'><strong><em>vetitum</em></strong></span> <span class='ocrx_word' id='word_1_430' title='bbox 2379 1617 2499 1657; x_wconf 89' lang='lat' dir='ltr'><strong><em>esse</em></strong></span> <span class='ocrx_word' id='word_1_431' title='bbox 2529 1603 2778 1674; x_wconf 78' lang='lat' dir='ltr'><strong><em>conjungi</em></strong></span> <span class='ocrx_word' id='word_1_432' title='bbox 2815 1614 2865 1659; x_wconf 90' lang='lat' dir='ltr'><strong><em>et</em></strong></span> <span class='ocrx_word' id='word_1_433' title='bbox 2909 1605 3182 1674; x_wconf 81' lang='lat' dir='ltr'><strong><em>aggregari</em></strong></span> <span class='ocrx_word' id='word_1_434' title='bbox 3221 1621 3354 1668; x_wconf 90' lang='lat' dir='ltr'><strong><em>nos,</em></strong></span> <span class='ocrx_word' id='word_1_435' title='bbox 3385 1613 3477 1659; x_wconf 91' lang='lat' dir='ltr'><strong><em>aut</em></strong></span> <span class='ocrx_word' id='word_1_436' title='bbox 3516 1620 3672 1658; x_wconf 85' lang='lat' dir='ltr'><strong><em>acce-</em></strong></span> 
     </span>
    </p>
   </div>
   <div class='ocr_carea' id='block_1_61' title="bbox 2118 1692 3673 1763">
    <p class='ocr_par' dir='ltr' id='par_1_61' title="bbox 2118 1692 3673 1763">
     <span class='ocr_line' id='line_1_61' title="bbox 2118 1692 3673 1763; baseline 0 -16"><span class='ocrx_word' id='word_1_437' title='bbox 2118 1693 2245 1747; x_wconf 83' lang='lat' dir='ltr'><strong><em>dere</em></strong></span> <span class='ocrx_word' id='word_1_438' title='bbox 2277 1692 2343 1746; x_wconf 88' lang='lat' dir='ltr'><strong><em>ad</em></strong></span> <span class='ocrx_word' id='word_1_439' title='bbox 2374 1692 2753 1763; x_wconf 82' lang='lat' dir='ltr'><strong><em>alienigenam.</em></strong></span> <span class='ocrx_word' id='word_1_440' title='bbox 2789 1693 2893 1747; x_wconf 90' lang='lat' dir='ltr'><strong><em>Sed</em></strong></span> <span class='ocrx_word' id='word_1_441' title='bbox 2930 1695 3059 1746; x_wconf 85' lang='lat' dir='ltr'><strong><em>mihi</em></strong></span> <span class='ocrx_word' id='word_1_442' title='bbox 3096 1695 3239 1746; x_wconf 89' lang='lat' dir='ltr'><strong><em>Deus</em></strong></span> <span class='ocrx_word' id='word_1_443' title='bbox 3277 1695 3537 1756; x_wconf 86' lang='lat' dir='ltr'><strong><em>ostendit,</em></strong></span> <span class='ocrx_word' id='word_1_444' title='bbox 3576 1709 3673 1747; x_wconf 72' lang='lat' dir='ltr'><strong><em>ne~</em></strong></span> 
     </span>
    </p>
   </div>
   <div class='ocr_carea' id='block_1_62' title="bbox 2119 1781 3675 1852">
    <p class='ocr_par' dir='ltr' id='par_1_62' title="bbox 2119 1781 3675 1852">
     <span class='ocr_line' id='line_1_62' title="bbox 2119 1781 3675 1852; baseline -0.001 -17"><span class='ocrx_word' id='word_1_445' title='bbox 2119 1782 2320 1836; x_wconf 85' lang='lat' dir='ltr'><strong><em>minem</em></strong></span> <span class='ocrx_word' id='word_1_446' title='bbox 2365 1781 2649 1852; x_wconf 79' lang='lat' dir='ltr'><strong><em>profanum</em></strong></span> <span class='ocrx_word' id='word_1_447' title='bbox 2681 1792 2774 1835; x_wconf 89' lang='lat' dir='ltr'><strong><em>aut</em></strong></span> <span class='ocrx_word' id='word_1_448' title='bbox 2816 1784 3088 1851; x_wconf 87' lang='lat' dir='ltr'><strong><em>impurum</em></strong></span> <span class='ocrx_word' id='word_1_449' title='bbox 3127 1782 3398 1836; x_wconf 88' lang='lat' dir='ltr'><strong><em>hominem</em></strong></span> <span class='ocrx_word' id='word_1_450' title='bbox 3440 1797 3558 1835; x_wconf 88' lang='lat' dir='ltr'><strong><em>esse</em></strong></span> <span class='ocrx_word' id='word_1_451' title='bbox 3590 1783 3675 1836; x_wconf 81' lang='lat' dir='ltr'><strong><em>di-</em></strong></span> 
     </span>
    </p>
   </div>
   <div class='ocr_carea' id='block_1_63' title="bbox 2118 1871 3674 1940">
    <p class='ocr_par' dir='ltr' id='par_1_63' title="bbox 2118 1871 3674 1940">
     <span class='ocr_line' id='line_1_63' title="bbox 2118 1871 3674 1940; baseline -0.001 -14"><span class='ocrx_word' id='word_1_452' title='bbox 2118 1873 2370 1927; x_wconf 85' lang='lat' dir='ltr'><strong><em>cendum.</em></strong></span> <span class='ocrx_word' id='word_1_453' title='bbox 2429 1872 2733 1926; x_wconf 86' lang='lat' dir='ltr'><strong><em>Notandum</em></strong></span> <span class='ocrx_word' id='word_1_454' title='bbox 2798 1873 3049 1925; x_wconf 89' lang='lat' dir='ltr'><strong><em>eumdem</em></strong></span> <span class='ocrx_word' id='word_1_455' title='bbox 3108 1871 3273 1925; x_wconf 89' lang='lat' dir='ltr'><strong><em>Deum</em></strong></span> <span class='ocrx_word' id='word_1_456' title='bbox 3335 1872 3674 1940; x_wconf 85' lang='lat' dir='ltr'><strong><em>permississe</em></strong></span> 
     </span>
    </p>
   </div>
   <div class='ocr_carea' id='block_1_64' title="bbox 2114 1961 3672 2032">
    <p class='ocr_par' dir='ltr' id='par_1_64' title="bbox 2114 1961 3672 2032">
     <span class='ocr_line' id='line_1_64' title="bbox 2114 1961 3672 2032; baseline -0.001 -17"><span class='ocrx_word' id='word_1_457' title='bbox 2114 1963 2312 2032; x_wconf 90' lang='lat' dir='ltr'><strong><em>populo</em></strong></span> <span class='ocrx_word' id='word_1_458' title='bbox 2360 1961 2705 2027; x_wconf 89' lang='lat' dir='ltr'><strong><em>Christiano,</em></strong></span> <span class='ocrx_word' id='word_1_459' title='bbox 2747 1961 3021 2016; x_wconf 79' lang='lat' dir='ltr'><strong><em>neminem</em></strong></span> <span class='ocrx_word' id='word_1_460' title='bbox 3062 1962 3340 2016; x_wconf 83' lang='lat' dir='ltr'><strong><em>hominem</em></strong></span> <span class='ocrx_word' id='word_1_461' title='bbox 3386 1962 3672 2030; x_wconf 81' lang='lat' dir='ltr'><strong><em>profanum</em></strong></span> 
     </span>
    </p>
   </div>
   <div class='ocr_carea' id='block_1_65' title="bbox 2112 2039 3675 2123">
    <p class='ocr_par' dir='ltr' id='par_1_65' title="bbox 2112 2039 3675 2123">
     <span class='ocr_line' id='line_1_65' title="bbox 2112 2039 3675 2123; baseline 0.001 -18"><span class='ocrx_word' id='word_1_462' title='bbox 2112 2062 2207 2106; x_wconf 89' lang='lat' dir='ltr'><strong><em>aut</em></strong></span> <span class='ocrx_word' id='word_1_463' title='bbox 2248 2053 2518 2123; x_wconf 88' lang='lat' dir='ltr'><strong><em>impurum</em></strong></span> <span class='ocrx_word' id='word_1_464' title='bbox 2559 2053 2759 2120; x_wconf 86' lang='lat' dir='ltr'><strong><em>dicere,</em></strong></span> <span class='ocrx_word' id='word_1_465' title='bbox 2810 2053 2902 2107; x_wconf 89' lang='lat' dir='ltr'><strong><em>sed</em></strong></span> <span class='ocrx_word' id='word_1_466' title='bbox 2936 2069 3039 2107; x_wconf 89' lang='lat' dir='ltr'><strong><em>una</em></strong></span> <span class='ocrx_word' id='word_1_467' title='bbox 3075 2053 3256 2107; x_wconf 83' lang='lat' dir='ltr'><strong><em>vivere</em></strong></span> <span class='ocrx_word' id='word_1_468' title='bbox 3298 2069 3419 2108; x_wconf 90' lang='lat' dir='ltr'><strong><em>cum</em></strong></span> <span class='ocrx_word' id='word_1_469' title='bbox 3464 2054 3574 2116; x_wconf 89' lang='lat' dir='ltr'><strong><em>eis,</em></strong></span> <span class='ocrx_word' id='word_1_470' title='bbox 3614 2039 3675 2106; x_wconf 67' lang='grc' dir='ltr'>οι</span> 
     </span>
    </p>
   </div>
   <div class='ocr_carea' id='block_1_66' title="bbox 2118 2141 3779 2213">
    <p class='ocr_par' dir='ltr' id='par_1_66' title="bbox 2118 2141 3779 2213">
     <span class='ocr_line' id='line_1_66' title="bbox 2118 2141 3779 2213; baseline 0.001 -18"><span class='ocrx_word' id='word_1_471' title='bbox 2118 2144 2205 2211; x_wconf 86' lang='lat' dir='ltr'><strong><em>qui</em></strong></span> <span class='ocrx_word' id='word_1_472' title='bbox 2234 2158 2384 2213; x_wconf 88' lang='lat' dir='ltr'><strong><em>spem</em></strong></span> <span class='ocrx_word' id='word_1_473' title='bbox 2415 2144 2650 2199; x_wconf 85' lang='lat' dir='ltr'><strong><em>habeant</em></strong></span> <span class='ocrx_word' id='word_1_474' title='bbox 2677 2145 2813 2205; x_wconf 77' lang='lat' dir='ltr'><strong><em>fore,</em></strong></span> <span class='ocrx_word' id='word_1_475' title='bbox 2848 2152 2906 2197; x_wconf 91' lang='lat' dir='ltr'><strong><em>ut</em></strong></span> <span class='ocrx_word' id='word_1_476' title='bbox 2927 2145 3156 2198; x_wconf 83' lang='lat' dir='ltr'><strong><em>maxime</em></strong></span> <span class='ocrx_word' id='word_1_477' title='bbox 3181 2143 3401 2197; x_wconf 90' lang='lat' dir='ltr'><strong><em>credant</em></strong></span> <span class='ocrx_word' id='word_1_478' title='bbox 3430 2142 3483 2196; x_wconf 90' lang='lat' dir='ltr'><strong><em>in</em></strong></span> <span class='ocrx_word' id='word_1_479' title='bbox 3512 2142 3672 2197; x_wconf 80' lang='lat' dir='ltr'><strong><em>Chri-</em></strong></span> <span class='ocrx_word' id='word_1_480' title='bbox 3770 2141 3779 2149; x_wconf 88' lang='grc'><em>’</em></span> 
     </span>
    </p>
   </div>
   <div class='ocr_carea' id='block_1_67' title="bbox 2113 2233 3676 2304">
    <p class='ocr_par' dir='ltr' id='par_1_67' title="bbox 2113 2233 3676 2304">
     <span class='ocr_line' id='line_1_67' title="bbox 2113 2233 3676 2304; baseline -0.001 -17"><span class='ocrx_word' id='word_1_481' title='bbox 2113 2242 2275 2288; x_wconf 88' lang='lat' dir='ltr'><strong><em>stum.</em></strong></span> <span class='ocrx_word' id='word_1_482' title='bbox 2309 2233 2496 2298; x_wconf 62' lang='lat' dir='ltr'><strong><em>Quaero</em></strong></span> <span class='ocrx_word' id='word_1_483' title='bbox 2530 2235 2693 2304; x_wconf 79' lang='lat' dir='ltr'><strong><em>igitur</em></strong></span> <span class='ocrx_word' id='word_1_484' title='bbox 2722 2250 2823 2302; x_wconf 84' lang='lat' dir='ltr'><strong><em>qua</em></strong></span> <span class='ocrx_word' id='word_1_485' title='bbox 2858 2236 2921 2287; x_wconf 91' lang='lat' dir='ltr'><strong><em>de</em></strong></span> <span class='ocrx_word' id='word_1_486' title='bbox 2960 2250 3122 2288; x_wconf 88' lang='lat' dir='ltr'><strong><em>causa</em></strong></span> <span class='ocrx_word' id='word_1_487' title='bbox 3164 2234 3507 2286; x_wconf 82' lang='lat' dir='ltr'><strong><em>accersivistis</em></strong></span> <span class='ocrx_word' id='word_1_488' title='bbox 3551 2249 3628 2285; x_wconf 90' lang='lat' dir='ltr'><strong><em>me</em></strong></span> <span class='ocrx_word' id='word_1_489' title='bbox 3649 2234 3676 2286; x_wconf 78' lang='lat'><em>7</em></span> 
     </span>
    </p>
   </div>
   <div class='ocr_carea' id='block_1_68' title="bbox 2112 2321 3670 2377">
    <p class='ocr_par' dir='ltr' id='par_1_68' title="bbox 2112 2321 3670 2377">
     <span class='ocr_line' id='line_1_68' title="bbox 2112 2321 3670 2377; baseline -0.001 -1"><span class='ocrx_word' id='word_1_490' title='bbox 2112 2322 2228 2377; x_wconf 84' lang='lat' dir='ltr'><strong><em>Jam</em></strong></span> <span class='ocrx_word' id='word_1_491' title='bbox 2252 2336 2467 2376; x_wconf 92' lang='lat' dir='ltr'><strong><em>omnem</em></strong></span> <span class='ocrx_word' id='word_1_492' title='bbox 2494 2337 2606 2376; x_wconf 90' lang='lat' dir='ltr'><strong><em>rem</em></strong></span> <span class='ocrx_word' id='word_1_493' title='bbox 2629 2321 2821 2376; x_wconf 67' lang='lat' dir='ltr'><strong><em>Petrus</em></strong></span> <span class='ocrx_word' id='word_1_494' title='bbox 2841 2323 3117 2375; x_wconf 89' lang='lat' dir='ltr'><strong><em>audiverat</em></strong></span> <span class='ocrx_word' id='word_1_495' title='bbox 3141 2324 3300 2375; x_wconf 83' lang='lat' dir='ltr'><strong><em>etiam</em></strong></span> <span class='ocrx_word' id='word_1_496' title='bbox 3322 2337 3349 2374; x_wconf 90' lang='lat' dir='ltr'><strong><em>a</em></strong></span> <span class='ocrx_word' id='word_1_497' title='bbox 3372 2321 3629 2375; x_wconf 84' lang='lat' dir='ltr'><strong><em>militibus</em></strong></span> <span class='ocrx_word' id='word_1_498' title='bbox 3655 2338 3670 2374; x_wconf 91' lang='lat'><strong>:</strong></span> 
     </span>
    </p>
   </div>
   <div class='ocr_carea' id='block_1_69' title="bbox 2113 2416 3672 2486">
    <p class='ocr_par' dir='ltr' id='par_1_69' title="bbox 2113 2416 3672 2486">
     <span class='ocr_line' id='line_1_69' title="bbox 2113 2416 3672 2486; baseline -0.001 -15"><span class='ocrx_word' id='word_1_499' title='bbox 2113 2417 2206 2472; x_wconf 90' lang='lat' dir='ltr'><strong><em>sed</em></strong></span> <span class='ocrx_word' id='word_1_500' title='bbox 2240 2416 2355 2470; x_wconf 87' lang='lat' dir='ltr'><strong><em>vult</em></strong></span> <span class='ocrx_word' id='word_1_501' title='bbox 2385 2432 2479 2471; x_wconf 81' lang='lat' dir='ltr'><strong><em>eos</em></strong></span> <span class='ocrx_word' id='word_1_502' title='bbox 2506 2417 2740 2486; x_wconf 88' lang='lat' dir='ltr'><strong><em>primum</em></strong></span> <span class='ocrx_word' id='word_1_503' title='bbox 2776 2418 3040 2476; x_wconf 80' lang='lat' dir='ltr'><strong><em>conﬁteri.</em></strong></span> <span class='ocrx_word' id='word_1_504' title='bbox 3076 2426 3131 2470; x_wconf 89' lang='lat' dir='ltr'><strong><em>et</em></strong></span> <span class='ocrx_word' id='word_1_505' title='bbox 3166 2416 3287 2470; x_wconf 81' lang='lat' dir='ltr'><strong><em>ﬁdei</em></strong></span> <span class='ocrx_word' id='word_1_506' title='bbox 3316 2416 3541 2484; x_wconf 85' lang='lat' dir='ltr'><strong><em>reddere</em></strong></span> <span class='ocrx_word' id='word_1_507' title='bbox 3571 2417 3672 2470; x_wconf 88' lang='lat' dir='ltr'><strong><em>ob-</em></strong></span> 
     </span>
    </p>
   </div>
   <div class='ocr_carea' id='block_1_70' title="bbox 2114 2506 3676 2576">
    <p class='ocr_par' dir='ltr' id='par_1_70' title="bbox 2114 2506 3676 2576">
     <span class='ocr_line' id='line_1_70' title="bbox 2114 2506 3676 2576; baseline -0.001 -16"><span class='ocrx_word' id='word_1_508' title='bbox 2114 2508 2323 2561; x_wconf 75' lang='lat' dir='ltr'><strong><em>noxios.</em></strong></span> <span class='ocrx_word' id='word_1_509' title='bbox 2351 2507 2526 2568; x_wconf 88' lang='lat' dir='ltr'><strong><em>Nona,</em></strong></span> <span class='ocrx_word' id='word_1_510' title='bbox 2559 2507 2753 2576; x_wconf 87' lang='lat' dir='ltr'><strong><em>inquit,</em></strong></span> <span class='ocrx_word' id='word_1_511' title='bbox 2785 2509 2913 2560; x_wconf 87' lang='lat' dir='ltr'><strong><em>hora</em></strong></span> <span class='ocrx_word' id='word_1_512' title='bbox 2944 2507 3215 2575; x_wconf 84' lang='lat' dir='ltr'><strong><em>precabar.</em></strong></span> <span class='ocrx_word' id='word_1_513' title='bbox 3253 2506 3391 2571; x_wconf 84' lang='lat' dir='ltr'><strong><em>Quid</em></strong></span> <span class='ocrx_word' id='word_1_514' title='bbox 3423 2506 3525 2561; x_wconf 89' lang='lat' dir='ltr'><strong><em>hoc</em></strong></span> <span class='ocrx_word' id='word_1_515' title='bbox 3552 2508 3676 2560; x_wconf 82' lang='lat' dir='ltr'><strong><em>est?</em></strong></span> 
     </span>
    </p>
   </div>
   <div class='ocr_carea' id='block_1_71' title="bbox 2115 2596 3673 2666">
    <p class='ocr_par' dir='ltr' id='par_1_71' title="bbox 2115 2596 3673 2666">
     <span class='ocr_line' id='line_1_71' title="bbox 2115 2596 3673 2666; baseline 0 -15"><span class='ocrx_word' id='word_1_516' title='bbox 2115 2596 2243 2652; x_wconf 78' lang='lat' dir='ltr'><strong><em>Mihi</em></strong></span> <span class='ocrx_word' id='word_1_517' title='bbox 2284 2598 2496 2653; x_wconf 86' lang='lat' dir='ltr'><strong><em>videtur</em></strong></span> <span class='ocrx_word' id='word_1_518' title='bbox 2538 2598 2626 2652; x_wconf 89' lang='lat' dir='ltr'><strong><em>hic</em></strong></span> <span class='ocrx_word' id='word_1_519' title='bbox 2671 2597 2773 2652; x_wconf 90' lang='lat' dir='ltr'><strong><em>sibi</em></strong></span> <span class='ocrx_word' id='word_1_520' title='bbox 2823 2598 3079 2666; x_wconf 84' lang='lat' dir='ltr'><strong><em>temporis</em></strong></span> <span class='ocrx_word' id='word_1_521' title='bbox 3125 2597 3379 2653; x_wconf 89' lang='lat' dir='ltr'><strong><em>articulos</em></strong></span> <span class='ocrx_word' id='word_1_522' title='bbox 3423 2597 3673 2651; x_wconf 84' lang='lat' dir='ltr'><strong><em>statuisse</em></strong></span> 
     </span>
    </p>
   </div>
   <div class='ocr_carea' id='block_1_72' title="bbox 2114 2684 3675 2755">
    <p class='ocr_par' dir='ltr' id='par_1_72' title="bbox 2114 2684 3675 2755">
     <span class='ocr_line' id='line_1_72' title="bbox 2114 2684 3675 2755; baseline -0.001 -15"><span class='ocrx_word' id='word_1_523' title='bbox 2114 2686 2468 2741; x_wconf 69' lang='lat' dir='ltr'><strong><em>exactissima:</em></strong></span> <span class='ocrx_word' id='word_1_524' title='bbox 2504 2699 2664 2755; x_wconf 88' lang='lat' dir='ltr'><strong><em>atque</em></strong></span> <span class='ocrx_word' id='word_1_525' title='bbox 2704 2686 3078 2740; x_wconf 79' lang='lat' dir='ltr'><strong><em>attentissime</em></strong></span> <span class='ocrx_word' id='word_1_526' title='bbox 3106 2686 3262 2749; x_wconf 73' lang='lat' dir='ltr'><strong><em>vitta,</em></strong></span> <span class='ocrx_word' id='word_1_527' title='bbox 3306 2686 3468 2755; x_wconf 84' lang='lat' dir='ltr'><strong><em>idque</em></strong></span> <span class='ocrx_word' id='word_1_528' title='bbox 3511 2684 3675 2739; x_wconf 80' lang='lat' dir='ltr'><strong><em>certis</em></strong></span> 
     </span>
    </p>
   </div>
   <div class='ocr_carea' id='block_1_73' title="bbox 2115 2772 3672 2843">
    <p class='ocr_par' dir='ltr' id='par_1_73' title="bbox 2115 2772 3672 2843">
     <span class='ocr_line' id='line_1_73' title="bbox 2115 2772 3672 2843; baseline 0.001 -17"><span class='ocrx_word' id='word_1_529' title='bbox 2115 2772 2345 2837; x_wconf 85' lang='lat' dir='ltr'><strong><em>diebus;</em></strong></span> <span class='ocrx_word' id='word_1_530' title='bbox 2393 2788 2517 2827; x_wconf 87' lang='lat' dir='ltr'><strong><em>nam</em></strong></span> <span class='ocrx_word' id='word_1_531' title='bbox 2563 2773 2759 2827; x_wconf 87' lang='lat' dir='ltr'><strong><em>idcirco</em></strong></span> <span class='ocrx_word' id='word_1_532' title='bbox 2804 2773 2980 2831; x_wconf 80' lang='lat' dir='ltr'><strong><em>dixit:</em></strong></span> <span class='ocrx_word' id='word_1_533' title='bbox 3054 2772 3500 2843; x_wconf 84' lang='lat' dir='ltr'><strong><em>Nudiusquartus.</em></strong></span> <span class='ocrx_word' id='word_1_534' title='bbox 3542 2772 3672 2827; x_wconf 83' lang='lat' dir='ltr'><strong><em>Vide</em></strong></span> 
     </span>
    </p>
   </div>
   <div class='ocr_carea' id='block_1_74' title="bbox 2114 2863 3671 2932">
    <p class='ocr_par' dir='ltr' id='par_1_74' title="bbox 2114 2863 3671 2932">
     <span class='ocr_line' id='line_1_74' title="bbox 2114 2863 3671 2932; baseline 0.001 -17"><span class='ocrx_word' id='word_1_535' title='bbox 2114 2871 2311 2930; x_wconf 90' lang='lat' dir='ltr'><strong><em>quanta</em></strong></span> <span class='ocrx_word' id='word_1_536' title='bbox 2343 2878 2429 2916; x_wconf 88' lang='lat' dir='ltr'><strong><em>res</em></strong></span> <span class='ocrx_word' id='word_1_537' title='bbox 2473 2863 2544 2916; x_wconf 84' lang='lat' dir='ltr'><strong><em>sit</em></strong></span> <span class='ocrx_word' id='word_1_538' title='bbox 2583 2863 2819 2931; x_wconf 87' lang='lat' dir='ltr'><strong><em>precatio</em></strong></span> <span class='ocrx_word' id='word_1_539' title='bbox 2867 2880 2880 2915; x_wconf 90' lang='lat'><strong>:</strong></span> <span class='ocrx_word' id='word_1_540' title='bbox 2916 2863 3130 2929; x_wconf 87' lang='lat' dir='ltr'><strong><em>quando</em></strong></span> <span class='ocrx_word' id='word_1_541' title='bbox 3176 2863 3432 2932; x_wconf 85' lang='lat' dir='ltr'><strong><em>religione</em></strong></span> <span class='ocrx_word' id='word_1_542' title='bbox 3491 2863 3671 2931; x_wconf 85' lang='lat' dir='ltr'><strong><em>profe-</em></strong></span> 
     </span>
    </p>
   </div>
   <div class='ocr_carea' id='block_1_75' title="bbox 2116 2952 3672 3023">
    <p class='ocr_par' dir='ltr' id='par_1_75' title="bbox 2116 2952 3672 3023">
     <span class='ocr_line' id='line_1_75' title="bbox 2116 2952 3672 3023; baseline 0 -16"><span class='ocrx_word' id='word_1_543' title='bbox 2116 2961 2280 3017; x_wconf 90' lang='lat' dir='ltr'><strong><em>cerat,</em></strong></span> <span class='ocrx_word' id='word_1_544' title='bbox 2301 2962 2429 3007; x_wconf 86' lang='lat' dir='ltr'><strong><em>tunc</em></strong></span> <span class='ocrx_word' id='word_1_545' title='bbox 2449 2952 2668 3023; x_wconf 87' lang='lat' dir='ltr'><strong><em>angelus</em></strong></span> <span class='ocrx_word' id='word_1_546' title='bbox 2693 2953 2743 3007; x_wconf 91' lang='lat' dir='ltr'><strong><em>ei</em></strong></span> <span class='ocrx_word' id='word_1_547' title='bbox 2767 2962 3009 3021; x_wconf 86' lang='lat' dir='ltr'><strong><em>apparet.</em></strong></span> <span class='ocrx_word' id='word_1_548' title='bbox 3052 2953 3147 3007; x_wconf 84' lang='lat' dir='ltr'><strong><em>Hic</em></strong></span> <span class='ocrx_word' id='word_1_549' title='bbox 3171 2969 3310 3008; x_wconf 89' lang='lat' dir='ltr'><strong><em>unus</em></strong></span> <span class='ocrx_word' id='word_1_550' title='bbox 3334 2962 3417 3008; x_wconf 87' lang='lat' dir='ltr'><strong><em>est</em></strong></span> <span class='ocrx_word' id='word_1_551' title='bbox 3440 2953 3553 3007; x_wconf 90' lang='lat' dir='ltr'><strong><em>dies</em></strong></span> <span class='ocrx_word' id='word_1_552' title='bbox 3576 2970 3589 3008; x_wconf 89' lang='lat'><strong>:</strong></span> <span class='ocrx_word' id='word_1_553' title='bbox 3617 2962 3672 3007; x_wconf 87' lang='lat' dir='ltr'><strong><em>et</em></strong></span> 
     </span>
    </p>
   </div>
   <div class='ocr_carea' id='block_1_76' title="bbox 2115 3041 3671 3115">
    <p class='ocr_par' dir='ltr' id='par_1_76' title="bbox 2115 3041 3671 3115">
     <span class='ocr_line' id='line_1_76' title="bbox 2115 3041 3671 3115; baseline 0.002 -17"><span class='ocrx_word' id='word_1_554' title='bbox 2115 3059 2222 3114; x_wconf 88' lang='lat' dir='ltr'><strong><em>quo</em></strong></span> <span class='ocrx_word' id='word_1_555' title='bbox 2246 3042 2499 3100; x_wconf 83' lang='lat' dir='ltr'><strong><em>abierunt</em></strong></span> <span class='ocrx_word' id='word_1_556' title='bbox 2527 3043 2616 3115; x_wconf 87' lang='lat' dir='ltr'><strong><em>qui</em></strong></span> <span class='ocrx_word' id='word_1_557' title='bbox 2648 3042 2797 3101; x_wconf 80' lang='lat' dir='ltr'><strong><em>missi</em></strong></span> <span class='ocrx_word' id='word_1_558' title='bbox 2829 3050 2979 3100; x_wconf 84' lang='lat' dir='ltr'><strong><em>erant</em></strong></span> <span class='ocrx_word' id='word_1_559' title='bbox 3018 3058 3046 3095; x_wconf 88' lang='lat' dir='ltr'><strong><em>a</em></strong></span> <span class='ocrx_word' id='word_1_560' title='bbox 3075 3041 3356 3107; x_wconf 87' lang='lat' dir='ltr'><strong><em>Cornelio,</em></strong></span> <span class='ocrx_word' id='word_1_561' title='bbox 3391 3057 3531 3101; x_wconf 77' lang='lat' dir='ltr'><strong><em>unus</em></strong></span> <span class='ocrx_word' id='word_1_562' title='bbox 3564 3059 3577 3101; x_wconf 89' lang='lat'><strong>:</strong></span> <span class='ocrx_word' id='word_1_563' title='bbox 3615 3051 3671 3101; x_wconf 76' lang='lat' dir='ltr'><strong><em>et</em></strong></span> 
     </span>
    </p>
   </div>
   <div class='ocr_carea' id='block_1_77' title="bbox 2114 3134 3668 3203">
    <p class='ocr_par' dir='ltr' id='par_1_77' title="bbox 2114 3134 3668 3203">
     <span class='ocr_line' id='line_1_77' title="bbox 2114 3134 3668 3203; baseline 0.002 -18"><span class='ocrx_word' id='word_1_564' title='bbox 2114 3147 2222 3200; x_wconf 90' lang='lat' dir='ltr'><strong><em>quo</em></strong></span> <span class='ocrx_word' id='word_1_565' title='bbox 2251 3143 2537 3196; x_wconf 82' lang='lat' dir='ltr'><strong><em>venerunt,</em></strong></span> <span class='ocrx_word' id='word_1_566' title='bbox 2571 3147 2731 3193; x_wconf 84' lang='lat' dir='ltr'><strong><em>unus,</em></strong></span> <span class='ocrx_word' id='word_1_567' title='bbox 2759 3140 2813 3186; x_wconf 90' lang='lat' dir='ltr'><strong><em>et</em></strong></span> <span class='ocrx_word' id='word_1_568' title='bbox 2838 3141 3028 3202; x_wconf 88' lang='lat' dir='ltr'><strong><em>quarto</em></strong></span> <span class='ocrx_word' id='word_1_569' title='bbox 3055 3143 3298 3203; x_wconf 85' lang='lat' dir='ltr'><strong><em>apparet,</em></strong></span> <span class='ocrx_word' id='word_1_570' title='bbox 3332 3134 3545 3190; x_wconf 85' lang='lat' dir='ltr'><strong><em>circiter</em></strong></span> <span class='ocrx_word' id='word_1_571' title='bbox 3568 3135 3668 3188; x_wconf 88' lang='lat' dir='ltr'><strong><em>ho-</em></strong></span> 
     </span>
    </p>
   </div>
   <div class='ocr_carea' id='block_1_78' title="bbox 2116 3224 3671 3295">
    <p class='ocr_par' dir='ltr' id='par_1_78' title="bbox 2116 3224 3671 3295">
     <span class='ocr_line' id='line_1_78' title="bbox 2116 3224 3671 3295; baseline 0.003 -19"><span class='ocrx_word' id='word_1_572' title='bbox 2116 3238 2230 3277; x_wconf 88' lang='lat' dir='ltr'><strong><em>ram</em></strong></span> <span class='ocrx_word' id='word_1_573' title='bbox 2275 3224 2483 3277; x_wconf 87' lang='lat' dir='ltr'><strong><em>tertiam</em></strong></span> <span class='ocrx_word' id='word_1_574' title='bbox 2519 3240 2535 3279; x_wconf 88' lang='lat'><strong>:</strong></span> <span class='ocrx_word' id='word_1_575' title='bbox 2582 3236 2865 3295; x_wconf 84' lang='lat' dir='ltr'><strong><em>postquam</em></strong></span> <span class='ocrx_word' id='word_1_576' title='bbox 2911 3227 3098 3280; x_wconf 87' lang='lat' dir='ltr'><strong><em>horam</em></strong></span> <span class='ocrx_word' id='word_1_577' title='bbox 3140 3234 3387 3293; x_wconf 88' lang='lat' dir='ltr'><strong><em>precatus</em></strong></span> <span class='ocrx_word' id='word_1_578' title='bbox 3426 3234 3558 3280; x_wconf 88' lang='lat' dir='ltr'><strong><em>erat.</em></strong></span> <span class='ocrx_word' id='word_1_579' title='bbox 3602 3226 3671 3280; x_wconf 81' lang='lat' dir='ltr'><strong><em>Et</em></strong></span> 
     </span>
    </p>
   </div>
   <div class='ocr_carea' id='block_1_79' title="bbox 2113 3314 3671 3387">
    <p class='ocr_par' dir='ltr' id='par_1_79' title="bbox 2113 3314 3671 3387">
     <span class='ocr_line' id='line_1_79' title="bbox 2113 3314 3671 3387; baseline 0.002 -20"><span class='ocrx_word' id='word_1_580' title='bbox 2113 3329 2226 3368; x_wconf 78' lang='lat' dir='ltr'><strong><em>ecce</em></strong></span> <span class='ocrx_word' id='word_1_581' title='bbox 2255 3316 2337 3368; x_wconf 89' lang='lat' dir='ltr'><strong><em>vir</em></strong></span> <span class='ocrx_word' id='word_1_582' title='bbox 2367 3316 2508 3368; x_wconf 88' lang='lat' dir='ltr'><strong><em>stetit</em></strong></span> <span class='ocrx_word' id='word_1_583' title='bbox 2553 3331 2730 3369; x_wconf 86' lang='lat' dir='ltr'><strong><em>coram</em></strong></span> <span class='ocrx_word' id='word_1_584' title='bbox 2770 3333 2870 3369; x_wconf 91' lang='lat' dir='ltr'><strong><em>me.</em></strong></span> <span class='ocrx_word' id='word_1_585' title='bbox 2916 3315 3034 3370; x_wconf 81' lang='lat' dir='ltr'><strong><em>Non</em></strong></span> <span class='ocrx_word' id='word_1_586' title='bbox 3079 3314 3228 3381; x_wconf 87' lang='lat' dir='ltr'><strong><em>dicit,</em></strong></span> <span class='ocrx_word' id='word_1_587' title='bbox 3269 3315 3489 3387; x_wconf 86' lang='lat' dir='ltr'><strong><em>angelus</em></strong></span> <span class='ocrx_word' id='word_1_588' title='bbox 3523 3334 3535 3370; x_wconf 90' lang='lat'><strong>:</strong></span> <span class='ocrx_word' id='word_1_589' title='bbox 3576 3316 3671 3370; x_wconf 86' lang='lat' dir='ltr'><strong><em>sed</em></strong></span> 
     </span>
    </p>
   </div>
   <div class='ocr_carea' id='block_1_80' title="bbox 2112 3405 3671 3477">
    <p class='ocr_par' dir='ltr' id='par_1_80' title="bbox 2112 3405 3671 3477">
     <span class='ocr_line' id='line_1_80' title="bbox 2112 3405 3671 3477; baseline 0 -18"><span class='ocrx_word' id='word_1_590' title='bbox 2112 3407 2211 3459; x_wconf 87' lang='lat' dir='ltr'><strong><em>vir.</em></strong></span> <span class='ocrx_word' id='word_1_591' title='bbox 2257 3406 2403 3461; x_wconf 88' lang='lat' dir='ltr'><strong><em>Adeo</em></strong></span> <span class='ocrx_word' id='word_1_592' title='bbox 2434 3421 2542 3459; x_wconf 89' lang='lat' dir='ltr'><strong><em>non</em></strong></span> <span class='ocrx_word' id='word_1_593' title='bbox 2582 3413 2667 3460; x_wconf 87' lang='lat' dir='ltr'><strong><em>est</em></strong></span> <span class='ocrx_word' id='word_1_594' title='bbox 2705 3407 2996 3477; x_wconf 87' lang='lat' dir='ltr'><strong><em>gloriosus.</em></strong></span> <span class='ocrx_word' id='word_1_595' title='bbox 3036 3420 3139 3460; x_wconf 91' lang='lat' dir='ltr'><strong><em>nec</em></strong></span> <span class='ocrx_word' id='word_1_596' title='bbox 3173 3406 3422 3475; x_wconf 82' lang='lat' dir='ltr'><strong><em>iactator.</em></strong></span> <span class='ocrx_word' id='word_1_597' title='bbox 3480 3405 3671 3459; x_wconf 75' lang='lat' dir='ltr'><strong><em>Videte</em></strong></span> 
     </span>
    </p>
   </div>
   <div class='ocr_carea' id='block_1_81' title="bbox 2112 3495 3671 3565">
    <p class='ocr_par' dir='ltr' id='par_1_81' title="bbox 2112 3495 3671 3565">
     <span class='ocr_line' id='line_1_81' title="bbox 2112 3495 3671 3565; baseline 0 -16"><span class='ocrx_word' id='word_1_598' title='bbox 2112 3505 2292 3549; x_wconf 90' lang='lat' dir='ltr'><strong><em>autem</em></strong></span> <span class='ocrx_word' id='word_1_599' title='bbox 2314 3504 2549 3550; x_wconf 88' lang='lat' dir='ltr'><strong><em>mentem</em></strong></span> <span class='ocrx_word' id='word_1_600' title='bbox 2573 3496 2942 3550; x_wconf 76' lang='lat' dir='ltr'><strong><em>excitatam&quot;et</em></strong></span> <span class='ocrx_word' id='word_1_601' title='bbox 2972 3505 3203 3550; x_wconf 90' lang='lat' dir='ltr'><strong><em>erectam</em></strong></span> <span class='ocrx_word' id='word_1_602' title='bbox 3227 3510 3243 3549; x_wconf 92' lang='lat'><strong>:</strong></span> <span class='ocrx_word' id='word_1_603' title='bbox 3275 3495 3449 3550; x_wconf 82' lang='lat' dir='ltr'><strong><em>videte</em></strong></span> <span class='ocrx_word' id='word_1_604' title='bbox 3478 3510 3671 3565; x_wconf 89' lang='lat' dir='ltr'><strong><em>quem-</em></strong></span> 
     </span>
    </p>
   </div>
   <div class='ocr_carea' id='block_1_82' title="bbox 2112 3582 3672 3652">
    <p class='ocr_par' dir='ltr' id='par_1_82' title="bbox 2112 3582 3672 3652">
     <span class='ocr_line' id='line_1_82' title="bbox 2112 3582 3672 3652; baseline -0.001 -15"><span class='ocrx_word' id='word_1_605' title='bbox 2112 3584 2400 3638; x_wconf 86' lang='lat' dir='ltr'><strong><em>admodum</em></strong></span> <span class='ocrx_word' id='word_1_606' title='bbox 2460 3583 2545 3636; x_wconf 89' lang='lat' dir='ltr'><strong><em>his</em></strong></span> <span class='ocrx_word' id='word_1_607' title='bbox 2598 3583 2850 3637; x_wconf 90' lang='lat' dir='ltr'><strong><em>omnibus</em></strong></span> <span class='ocrx_word' id='word_1_608' title='bbox 2892 3582 3084 3652; x_wconf 81' lang='lat' dir='ltr'><strong><em>dignus</em></strong></span> <span class='ocrx_word' id='word_1_609' title='bbox 3138 3590 3270 3637; x_wconf 90' lang='lat' dir='ltr'><strong><em>erat.</em></strong></span> <span class='ocrx_word' id='word_1_610' title='bbox 3309 3582 3462 3636; x_wconf 81' lang='lat' dir='ltr'><strong><em>Nunc</em></strong></span> <span class='ocrx_word' id='word_1_611' title='bbox 3511 3584 3672 3651; x_wconf 81' lang='lat' dir='ltr'><strong><em>igitur</em></strong></span> 
     </span>
    </p>
   </div>
   <div class='ocr_carea' id='block_1_83' title="bbox 2114 3670 3669 3739">
    <p class='ocr_par' dir='ltr' id='par_1_83' title="bbox 2114 3670 3669 3739">
     <span class='ocr_line' id='line_1_83' title="bbox 2114 3670 3669 3739; baseline -0.001 -13"><span class='ocrx_word' id='word_1_612' title='bbox 2114 3688 2205 3726; x_wconf 91' lang='lat' dir='ltr'><strong><em>nos</em></strong></span> <span class='ocrx_word' id='word_1_613' title='bbox 2233 3689 2406 3726; x_wconf 83' lang='lat' dir='ltr'><strong><em>omnes</em></strong></span> <span class='ocrx_word' id='word_1_614' title='bbox 2439 3674 2490 3726; x_wconf 87' lang='lat' dir='ltr'><strong><em>in</em></strong></span> <span class='ocrx_word' id='word_1_615' title='bbox 2522 3680 2792 3739; x_wconf 86' lang='lat' dir='ltr'><strong><em>conspectu</em></strong></span> <span class='ocrx_word' id='word_1_616' title='bbox 2835 3670 2928 3724; x_wconf 87' lang='lat' dir='ltr'><strong><em>Dei</em></strong></span> <span class='ocrx_word' id='word_1_617' title='bbox 2969 3681 3225 3725; x_wconf 88' lang='lat' dir='ltr'><strong><em>astamus.</em></strong></span> <span class='ocrx_word' id='word_1_618' title='bbox 3267 3672 3387 3726; x_wconf 86' lang='lat' dir='ltr'><strong><em>Non</em></strong></span> <span class='ocrx_word' id='word_1_619' title='bbox 3407 3673 3561 3734; x_wconf 74' lang='lat' dir='ltr'><strong><em>dixit,</em></strong></span> <span class='ocrx_word' id='word_1_620' title='bbox 3610 3676 3669 3727; x_wconf 87' lang='lat' dir='ltr'><strong><em>In</em></strong></span> 
     </span>
    </p>
   </div>
   <div class='ocr_carea' id='block_1_84' title="bbox 2112 3759 3672 3830">
    <p class='ocr_par' dir='ltr' id='par_1_84' title="bbox 2112 3759 3672 3830">
     <span class='ocr_line' id='line_1_84' title="bbox 2112 3759 3672 3830; baseline 0.002 -14"><span class='ocrx_word' id='word_1_621' title='bbox 2112 3769 2406 3829; x_wconf 88' lang='lat' dir='ltr'><strong><em>conspectu</em></strong></span> <span class='ocrx_word' id='word_1_622' title='bbox 2447 3760 2724 3815; x_wconf 84' lang='lat' dir='ltr'><strong><em>hominis:</em></strong></span> <span class='ocrx_word' id='word_1_623' title='bbox 2764 3760 2858 3815; x_wconf 88' lang='lat' dir='ltr'><strong><em>sed</em></strong></span> <span class='ocrx_word' id='word_1_624' title='bbox 2887 3759 3005 3813; x_wconf 89' lang='lat' dir='ltr'><strong><em>Dei.</em></strong></span> <span class='ocrx_word' id='word_1_625' title='bbox 3048 3761 3123 3813; x_wconf 91' lang='lat' dir='ltr'><strong><em>Ita</em></strong></span> <span class='ocrx_word' id='word_1_626' title='bbox 3152 3771 3363 3830; x_wconf 88' lang='lat' dir='ltr'><strong><em>oportet</em></strong></span> <span class='ocrx_word' id='word_1_627' title='bbox 3390 3763 3672 3819; x_wconf 87' lang='lat' dir='ltr'><strong><em>attendere</em></strong></span> 
     </span>
    </p>
   </div>
   <div class='ocr_carea' id='block_1_85' title="bbox 2111 3849 2851 3907">
    <p class='ocr_par' dir='ltr' id='par_1_85' title="bbox 2111 3849 2851 3907">
     <span class='ocr_line' id='line_1_85' title="bbox 2111 3849 2851 3907; baseline -0.007 -1"><span class='ocrx_word' id='word_1_628' title='bbox 2111 3860 2169 3906; x_wconf 88' lang='lat' dir='ltr'><strong><em>et</em></strong></span> <span class='ocrx_word' id='word_1_629' title='bbox 2192 3850 2501 3907; x_wconf 88' lang='lat' dir='ltr'><strong><em>auscultare</em></strong></span> <span class='ocrx_word' id='word_1_630' title='bbox 2530 3850 2707 3905; x_wconf 80' lang='lat' dir='ltr'><strong><em>servis</em></strong></span> <span class='ocrx_word' id='word_1_631' title='bbox 2734 3849 2851 3903; x_wconf 86' lang='lat' dir='ltr'><strong><em>Dei.</em></strong></span> 
     </span>
    </p>
   </div>
   <div class='ocr_carea' id='block_1_86' title="bbox 2094 3937 3675 4009">
    <p class='ocr_par' dir='ltr' id='par_1_86' title="bbox 2094 3937 3675 4009">
     <span class='ocr_line' id='line_1_86' title="bbox 2094 3937 3675 4009; baseline -0.001 -16"><span class='ocrx_word' id='word_1_632' title='bbox 2094 4004 2099 4009; x_wconf 6' lang='grc' dir='ltr'><strong><em>ς</em></strong></span> <span class='ocrx_word' id='word_1_633' title='bbox 2182 3937 2346 3993; x_wconf 68' lang='grc' dir='ltr'>Ὑειςε.</span> <span class='ocrx_word' id='word_1_634' title='bbox 2365 3937 2717 4006; x_wconf 67' lang='lat' dir='ltr'><strong><em>56.Aperiens</em></strong></span> <span class='ocrx_word' id='word_1_635' title='bbox 2743 3945 2917 3991; x_wconf 90' lang='lat' dir='ltr'><strong><em>autem</em></strong></span> <span class='ocrx_word' id='word_1_636' title='bbox 2947 3937 3132 3993; x_wconf 86' lang='lat' dir='ltr'><strong><em>Petrus</em></strong></span> <span class='ocrx_word' id='word_1_637' title='bbox 3163 3953 3217 3990; x_wconf 88' lang='lat' dir='ltr'><strong><em>os</em></strong></span> <span class='ocrx_word' id='word_1_638' title='bbox 3242 3952 3392 3989; x_wconf 89' lang='lat' dir='ltr'><strong><em>suum</em></strong></span> <span class='ocrx_word' id='word_1_639' title='bbox 3417 3938 3565 3991; x_wconf 68' lang='lat' dir='ltr'><strong><em>diuit.</em></strong></span> <span class='ocrx_word' id='word_1_640' title='bbox 3602 3938 3675 3991; x_wconf 80' lang='lat' dir='ltr'><strong><em>lle</em></strong></span> 
     </span>
    </p>
   </div>
   <div class='ocr_carea' id='block_1_87' title="bbox 2111 4011 3632 4098">
    <p class='ocr_par' dir='ltr' id='par_1_87' title="bbox 2111 4011 3632 4098">
     <span class='ocr_line' id='line_1_87' title="bbox 2111 4011 3632 4098; baseline -0.001 -15"><span class='ocrx_word' id='word_1_641' title='bbox 2111 4011 2224 4098; x_wconf 54' lang='lat' dir='ltr'><strong><em>ipsa</em></strong></span> <span class='ocrx_word' id='word_1_642' title='bbox 2255 4028 2535 4096; x_wconf 85' lang='lat' dir='ltr'><strong><em>comperio,</em></strong></span> <span class='ocrx_word' id='word_1_643' title='bbox 2562 4026 2726 4081; x_wconf 90' lang='lat' dir='ltr'><strong><em>Deum</em></strong></span> <span class='ocrx_word' id='word_1_644' title='bbox 2757 4043 2859 4082; x_wconf 85' lang='lat' dir='ltr'><strong><em>non</em></strong></span> <span class='ocrx_word' id='word_1_645' title='bbox 2888 4029 3138 4098; x_wconf 75' lang='lat' dir='ltr'><strong><em>respicere</em></strong></span> <span class='ocrx_word' id='word_1_646' title='bbox 3168 4027 3330 4081; x_wconf 90' lang='lat' dir='ltr'><strong><em>solere</em></strong></span> <span class='ocrx_word' id='word_1_647' title='bbox 3352 4042 3632 4095; x_wconf 82' lang='lat' dir='ltr'><strong><em>personas:</em></strong></span> 
     </span>
    </p>
   </div>
   <div class='ocr_carea' id='block_1_88' title="bbox 2180 4206 3668 4279">
    <p class='ocr_par' dir='ltr' id='par_1_88' title="bbox 2180 4206 3668 4279">
     <span class='ocr_line' id='line_1_88' title="bbox 2180 4206 3668 4279; baseline -0.001 -14"><span class='ocrx_word' id='word_1_648' title='bbox 2180 4209 2344 4265; x_wconf 72' lang='lat' dir='ltr'><strong><em>Vens.</em></strong></span> <span class='ocrx_word' id='word_1_649' title='bbox 2377 4208 2469 4263; x_wconf 77' lang='lat'><strong><em>35.</em></strong></span> <span class='ocrx_word' id='word_1_650' title='bbox 2510 4206 2612 4263; x_wconf 87' lang='lat' dir='ltr'><strong><em>Sed</em></strong></span> <span class='ocrx_word' id='word_1_651' title='bbox 2648 4209 2704 4261; x_wconf 90' lang='lat' dir='ltr'><strong><em>in</em></strong></span> <span class='ocrx_word' id='word_1_652' title='bbox 2730 4207 2961 4278; x_wconf 82' lang='lat' dir='ltr'><strong><em>qualibet</em></strong></span> <span class='ocrx_word' id='word_1_653' title='bbox 2990 4209 3205 4263; x_wconf 87' lang='lat' dir='ltr'><strong><em>natione</em></strong></span> <span class='ocrx_word' id='word_1_654' title='bbox 3228 4210 3317 4279; x_wconf 87' lang='lat' dir='ltr'><strong><em>qui</em></strong></span> <span class='ocrx_word' id='word_1_655' title='bbox 3340 4209 3483 4263; x_wconf 89' lang='lat' dir='ltr'><strong><em>timet</em></strong></span> <span class='ocrx_word' id='word_1_656' title='bbox 3520 4225 3668 4274; x_wconf 88' lang='lat' dir='ltr'><strong><em>eum,</em></strong></span> 
     </span>
    </p>
   </div>
   <div class='ocr_carea' id='block_1_89' title="bbox 2108 4295 3246 4365">
    <p class='ocr_par' dir='ltr' id='par_1_89' title="bbox 2108 4295 3246 4365">
     <span class='ocr_line' id='line_1_89' title="bbox 2108 4295 3246 4365; baseline -0.001 -14"><span class='ocrx_word' id='word_1_657' title='bbox 2108 4305 2159 4351; x_wconf 87' lang='lat' dir='ltr'><strong><em>et</em></strong></span> <span class='ocrx_word' id='word_1_658' title='bbox 2176 4296 2442 4365; x_wconf 84' lang='lat' dir='ltr'><strong><em>justitiam</em></strong></span> <span class='ocrx_word' id='word_1_659' title='bbox 2462 4304 2682 4360; x_wconf 74' lang='lat' dir='ltr'><strong><em>exercet,</em></strong></span> <span class='ocrx_word' id='word_1_660' title='bbox 2708 4297 2753 4350; x_wconf 89' lang='lat' dir='ltr'><strong><em>is</em></strong></span> <span class='ocrx_word' id='word_1_661' title='bbox 2779 4295 2858 4349; x_wconf 83' lang='lat' dir='ltr'><strong><em>illi</em></strong></span> <span class='ocrx_word' id='word_1_662' title='bbox 2881 4306 3120 4363; x_wconf 87' lang='lat' dir='ltr'><strong><em>acceptus</em></strong></span> <span class='ocrx_word' id='word_1_663' title='bbox 3149 4305 3246 4350; x_wconf 87' lang='lat' dir='ltr'><strong><em>est.</em></strong></span> 
     </span>
    </p>
   </div>
   <div class='ocr_carea' id='block_1_90' title="bbox 2179 4382 3768 4454">
    <p class='ocr_par' dir='ltr' id='par_1_90' title="bbox 2179 4382 3768 4454">
     <span class='ocr_line' id='line_1_90' title="bbox 2179 4382 3768 4454; baseline 0.001 -14"><span class='ocrx_word' id='word_1_664' title='bbox 2179 4385 2342 4441; x_wconf 71' lang='lat' dir='ltr'><strong><em>Vens.</em></strong></span> <span class='ocrx_word' id='word_1_665' title='bbox 2384 4384 2475 4440; x_wconf 75' lang='lat'><strong><em>36.</em></strong></span> <span class='ocrx_word' id='word_1_666' title='bbox 2510 4382 2673 4448; x_wconf 80' lang='lat' dir='ltr'><strong><em>Quem</em></strong></span> <span class='ocrx_word' id='word_1_667' title='bbox 2703 4384 2810 4454; x_wconf 80' lang='lat'><strong><em>93</em></strong></span> <span class='ocrx_word' id='word_1_668' title='bbox 2843 4400 3129 4439; x_wconf 81' lang='lat' dir='ltr'><strong><em>sermonem</em></strong></span> <span class='ocrx_word' id='word_1_669' title='bbox 3158 4387 3297 4439; x_wconf 86' lang='lat' dir='ltr'><strong><em>misit</em></strong></span> <span class='ocrx_word' id='word_1_670' title='bbox 3329 4386 3451 4453; x_wconf 80' lang='lat' dir='ltr'><strong><em>ﬁliis</em></strong></span> <span class='ocrx_word' id='word_1_671' title='bbox 3493 4390 3673 4442; x_wconf 80' lang='lat' dir='ltr'><strong><em>lsrae-</em></strong></span> <span class='ocrx_word' id='word_1_672' title='bbox 3764 4424 3768 4428; x_wconf 88' lang='lat'><strong><em>-</em></strong></span> 
     </span>
    </p>
   </div>
   <div class='ocr_carea' id='block_1_91' title="bbox 464 4465 2014 4545">
    <p class='ocr_par' dir='ltr' id='par_1_91' title="bbox 464 4465 2002 4537">
     <span class='ocr_line' id='line_1_91' title="bbox 464 4465 2002 4537; baseline 0.004 -18"><span class='ocrx_word' id='word_1_673' title='bbox 464 4466 975 4537; x_wconf 74' lang='grc' dir='ltr'>εὐαγγελιζόμενος</span> <span class='ocrx_word' id='word_1_674' title='bbox 1035 4467 1279 4535; x_wconf 71' lang='grc' dir='ltr'>εἰρήνην</span> <span class='ocrx_word' id='word_1_675' title='bbox 1326 4465 1424 4521; x_wconf 80' lang='grc' dir='ltr'>διὰ</span> <span class='ocrx_word' id='word_1_676' title='bbox 1478 4468 1670 4535; x_wconf 82' lang='grc' dir='ltr'>Ἰησοῦ</span> <span class='ocrx_word' id='word_1_677' title='bbox 1718 4470 2002 4537; x_wconf 80' lang='grc' dir='ltr'>Χριστοῦ,</span> 
     </span>
    </p>
   </div>
   <div class='ocr_carea' id='block_1_92' title="bbox 2115 4465 3672 4545">
    <p class='ocr_par' dir='ltr' id='par_1_92' title="bbox 2115 4474 3672 4544">
     <span class='ocr_line' id='line_1_92' title="bbox 2115 4474 3672 4544; baseline 0.001 -14"><span class='ocrx_word' id='word_1_678' title='bbox 2115 4475 2194 4543; x_wconf 77' lang='lat' dir='ltr'><strong><em>iis,</em></strong></span> <span class='ocrx_word' id='word_1_679' title='bbox 2239 4475 2562 4529; x_wconf 84' lang='lat' dir='ltr'><strong><em>annuntians</em></strong></span> <span class='ocrx_word' id='word_1_680' title='bbox 2602 4490 2781 4544; x_wconf 87' lang='lat' dir='ltr'><strong><em>pacem</em></strong></span> <span class='ocrx_word' id='word_1_681' title='bbox 2812 4488 2902 4542; x_wconf 87' lang='lat' dir='ltr'><strong><em>per</em></strong></span> <span class='ocrx_word' id='word_1_682' title='bbox 2947 4474 3126 4529; x_wconf 79' lang='lat' dir='ltr'><strong><em>Jesum</em></strong></span> <span class='ocrx_word' id='word_1_683' title='bbox 3152 4474 3433 4539; x_wconf 70' lang='lat' dir='ltr'><strong><em>Christum,</em></strong></span> <span class='ocrx_word' id='word_1_684' title='bbox 3476 4477 3558 4530; x_wconf 85' lang='lat' dir='ltr'><strong><em>hic</em></strong></span> <span class='ocrx_word' id='word_1_685' title='bbox 3595 4486 3672 4531; x_wconf 80' lang='lat' dir='ltr'><strong><em>est</em></strong></span> 
     </span>
    </p>
   </div>
   <div class='ocr_carea' id='block_1_93' title="bbox 460 4556 1328 4626">
    <p class='ocr_par' dir='ltr' id='par_1_93' title="bbox 460 4556 1328 4626">
     <span class='ocr_line' id='line_1_93' title="bbox 460 4556 1328 4626; baseline 0.003 -17"><span class='ocrx_word' id='word_1_686' title='bbox 460 4559 638 4620; x_wconf 83' lang='grc' dir='ltr'>αὑτός</span> <span class='ocrx_word' id='word_1_687' title='bbox 663 4557 795 4611; x_wconf 80' lang='grc' dir='ltr'>ἐστι</span> <span class='ocrx_word' id='word_1_688' title='bbox 821 4556 1058 4611; x_wconf 82' lang='grc' dir='ltr'>πάντων</span> <span class='ocrx_word' id='word_1_689' title='bbox 1090 4557 1328 4626; x_wconf 79' lang='grc' dir='ltr'>Κύριος.</span> 
     </span>
    </p>
   </div>
   <div class='ocr_carea' id='block_1_94' title="bbox 542 4646 2011 4716">
    <p class='ocr_par' dir='ltr' id='par_1_94' title="bbox 542 4646 2011 4716">
     <span class='ocr_line' id='line_1_94' title="bbox 542 4646 2011 4716; baseline 0.004 -18"><span class='ocrx_word' id='word_1_690' title='bbox 542 4646 738 4714; x_wconf 82' lang='grc' dir='ltr'>’Υμεῖς</span> <span class='ocrx_word' id='word_1_691' title='bbox 781 4646 974 4700; x_wconf 77' lang='grc' dir='ltr'>οἴδατε</span> <span class='ocrx_word' id='word_1_692' title='bbox 1017 4647 1085 4698; x_wconf 85' lang='grc' dir='ltr'><strong><em>τὸ</em></strong></span> <span class='ocrx_word' id='word_1_693' title='bbox 1135 4647 1456 4715; x_wconf 79' lang='grc' dir='ltr'>γενόμενον</span> <span class='ocrx_word' id='word_1_694' title='bbox 1492 4648 1659 4716; x_wconf 79' lang='grc' dir='ltr'>ρῆμα</span> <span class='ocrx_word' id='word_1_695' title='bbox 1707 4650 1836 4705; x_wconf 82' lang='grc' dir='ltr'>καθ’</span> <span class='ocrx_word' id='word_1_696' title='bbox 1864 4650 2011 4715; x_wconf 83' lang='grc' dir='ltr'>ὅλης</span> 
     </span>
    </p>
   </div>
   <div class='ocr_carea' id='block_1_95' title="bbox 465 4732 2011 4805">
    <p class='ocr_par' dir='ltr' id='par_1_95' title="bbox 465 4732 2011 4805">
     <span class='ocr_line' id='line_1_95' title="bbox 465 4732 2011 4805; baseline 0.003 -19"><span class='ocrx_word' id='word_1_697' title='bbox 465 4732 573 4800; x_wconf 81' lang='grc' dir='ltr'><strong><em>τῆς</em></strong></span> <span class='ocrx_word' id='word_1_698' title='bbox 631 4735 957 4800; x_wconf 77' lang='grc' dir='ltr'>Ἰουδαίας,</span> <span class='ocrx_word' id='word_1_699' title='bbox 1002 4733 1337 4802; x_wconf 76' lang='grc' dir='ltr'>ἀρξάμενον</span> <span class='ocrx_word' id='word_1_700' title='bbox 1366 4734 1483 4789; x_wconf 78' lang='grc' dir='ltr'><strong><em>ἀπὸ</em></strong></span> <span class='ocrx_word' id='word_1_701' title='bbox 1527 4735 1637 4804; x_wconf 84' lang='grc' dir='ltr'><strong><em>τῆς</em></strong></span> <span class='ocrx_word' id='word_1_702' title='bbox 1686 4738 2011 4805; x_wconf 76' lang='grc' dir='ltr'>Γαλιλαίας</span> 
     </span>
    </p>
   </div>
   <div class='ocr_carea' id='block_1_96' title="bbox 461 4822 1801 4893">
    <p class='ocr_par' dir='ltr' id='par_1_96' title="bbox 461 4822 1801 4893">
     <span class='ocr_line' id='line_1_96' title="bbox 461 4822 1801 4893; baseline 0.004 -19"><span class='ocrx_word' id='word_1_703' title='bbox 461 4822 605 4889; x_wconf 85' lang='grc' dir='ltr'>μετὰ</span> <span class='ocrx_word' id='word_1_704' title='bbox 639 4825 705 4877; x_wconf 87' lang='grc' dir='ltr'><strong><em>τὸ</em></strong></span> <span class='ocrx_word' id='word_1_705' title='bbox 735 4823 1069 4891; x_wconf 79' lang='grc' dir='ltr'>βάπτισμα,</span> <span class='ocrx_word' id='word_1_706' title='bbox 1109 4822 1140 4877; x_wconf 87' lang='grc' dir='ltr'><strong><em>δ</em></strong></span> <span class='ocrx_word' id='word_1_707' title='bbox 1172 4822 1465 4891; x_wconf 78' lang='grc' dir='ltr'><strong><em>ἐκήρυξεν</em></strong></span> <span class='ocrx_word' id='word_1_708' title='bbox 1510 4825 1801 4893; x_wconf 82' lang='grc' dir='ltr'><strong><em>Ἰωάννης,</em></strong></span> 
     </span>
    </p>
   </div>
   <div class='ocr_carea' id='block_1_97' title="bbox 543 4912 2012 4990">
    <p class='ocr_par' dir='ltr' id='par_1_97' title="bbox 543 4912 2012 4990">
     <span class='ocr_line' id='line_1_97' title="bbox 543 4912 2012 4990; baseline 0.005 -20"><span class='ocrx_word' id='word_1_709' title='bbox 543 4914 777 4986; x_wconf 82' lang='grc' dir='ltr'>ἰησοῦν</span> <span class='ocrx_word' id='word_1_710' title='bbox 805 4918 910 4972; x_wconf 80' lang='grc' dir='ltr'><strong><em>τὸν</em></strong></span> <span class='ocrx_word' id='word_1_711' title='bbox 951 4919 1068 4974; x_wconf 79' lang='grc' dir='ltr'><strong><em>ἀπὸ</em></strong></span> <span class='ocrx_word' id='word_1_712' title='bbox 1113 4918 1365 4986; x_wconf 80' lang='grc' dir='ltr'>Ναζαρὲτ</span> <span class='ocrx_word' id='word_1_713' title='bbox 1389 4921 1432 4983; x_wconf 73' lang='grc'>⁸,</span> <span class='ocrx_word' id='word_1_714' title='bbox 1462 4920 1541 4985; x_wconf 86' lang='grc' dir='ltr'>ὡς</span> <span class='ocrx_word' id='word_1_715' title='bbox 1567 4912 1809 4990; x_wconf 74' lang='grc' dir='ltr'>ἔχρισεν</span> <span class='ocrx_word' id='word_1_716' title='bbox 1826 4922 2012 4977; x_wconf 82' lang='grc' dir='ltr'>αὑτὸν</span> 
     </span>
    </p>
   </div>
   <div class='ocr_carea' id='block_1_98' title="bbox 466 5007 2010 5079">
    <p class='ocr_par' dir='ltr' id='par_1_98' title="bbox 466 5007 2010 5079">
     <span class='ocr_line' id='line_1_98' title="bbox 466 5007 2010 5079; baseline 0.005 -20"><span class='ocrx_word' id='word_1_717' title='bbox 466 5007 498 5058; x_wconf 89' lang='grc' dir='ltr'><strong><em>ό</em></strong></span> <span class='ocrx_word' id='word_1_718' title='bbox 533 5007 678 5071; x_wconf 77' lang='grc' dir='ltr'>Θεὸς</span> <span class='ocrx_word' id='word_1_719' title='bbox 719 5009 1017 5077; x_wconf 78' lang='grc' dir='ltr'>ιινεύματι</span> <span class='ocrx_word' id='word_1_720' title='bbox 1046 5010 1210 5076; x_wconf 76' lang='grc' dir='ltr'>ἁγίῳ,</span> <span class='ocrx_word' id='word_1_721' title='bbox 1244 5007 1344 5062; x_wconf 70' lang='grc' dir='ltr'><strong><em>καὶ</em></strong></span> <span class='ocrx_word' id='word_1_722' title='bbox 1381 5008 1645 5077; x_wconf 80' lang='grc' dir='ltr'>δυνάμει,</span> <span class='ocrx_word' id='word_1_723' title='bbox 1672 5010 1740 5076; x_wconf 82' lang='grc' dir='ltr'>ὃς</span> <span class='ocrx_word' id='word_1_724' title='bbox 1765 5010 2010 5079; x_wconf 80' lang='grc' dir='ltr'>διῆλθεν</span> 
     </span>
    </p>
   </div>
   <div class='ocr_carea' id='block_1_99' title="bbox 464 5093 2009 5163">
    <p class='ocr_par' dir='ltr' id='par_1_99' title="bbox 464 5093 2009 5163">
     <span class='ocr_line' id='line_1_99' title="bbox 464 5093 2009 5163; baseline 0.006 -20"><span class='ocrx_word' id='word_1_725' title='bbox 464 5093 785 5161; x_wconf 77' lang='grc' dir='ltr'>εὐεργετῶν</span> <span class='ocrx_word' id='word_1_726' title='bbox 812 5094 908 5149; x_wconf 79' lang='grc' dir='ltr'><strong><em>καὶ</em></strong></span> <span class='ocrx_word' id='word_1_727' title='bbox 940 5094 1181 5163; x_wconf 77' lang='grc' dir='ltr'>ἰώμενος</span> <span class='ocrx_word' id='word_1_728' title='bbox 1219 5094 1450 5162; x_wconf 80' lang='grc' dir='ltr'>πάντας</span> <span class='ocrx_word' id='word_1_729' title='bbox 1490 5095 1631 5163; x_wconf 84' lang='grc' dir='ltr'>τοὺς</span> <span class='ocrx_word' id='word_1_730' title='bbox 1681 5098 2009 5153; x_wconf 84' lang='grc' dir='ltr'>καταδυνα-</span> 
     </span>
    </p>
   </div>
   <div class='ocr_carea' id='block_1_100' title="bbox 466 5180 2010 5257">
    <p class='ocr_par' dir='ltr' id='par_1_100' title="bbox 466 5180 2010 5257">
     <span class='ocr_line' id='line_1_100' title="bbox 466 5180 2010 5257; baseline 0.006 -24"><span class='ocrx_word' id='word_1_731' title='bbox 466 5180 867 5250; x_wconf 79' lang='grc' dir='ltr'>στευομένους</span> <span class='ocrx_word' id='word_1_732' title='bbox 893 5182 1006 5236; x_wconf 75' lang='grc' dir='ltr'><strong><em>ὑπὸ</em></strong></span> <span class='ocrx_word' id='word_1_733' title='bbox 1052 5182 1159 5237; x_wconf 86' lang='grc' dir='ltr'><strong><em>τοῦ</em></strong></span> <span class='ocrx_word' id='word_1_734' title='bbox 1212 5183 1512 5250; x_wconf 88' lang='grc' dir='ltr'>διαϐόλου,</span> <span class='ocrx_word' id='word_1_735' title='bbox 1553 5184 1642 5239; x_wconf 86' lang='grc' dir='ltr'>ὅτι</span> <span class='ocrx_word' id='word_1_736' title='bbox 1686 5189 1719 5239; x_wconf 87' lang='grc' dir='ltr'><strong><em>ό</em></strong></span> <span class='ocrx_word' id='word_1_737' title='bbox 1758 5187 1905 5254; x_wconf 84' lang='grc' dir='ltr'>Θεὸς</span> <span class='ocrx_word' id='word_1_738' title='bbox 1931 5184 2010 5257; x_wconf 83' lang='grc' dir='ltr'>ἦν</span> 
     </span>
    </p>
   </div>
   <div class='ocr_carea' id='block_1_101' title="bbox 454 5268 817 5337">
    <p class='ocr_par' dir='ltr' id='par_1_101' title="bbox 454 5268 817 5337">
     <span class='ocr_line' id='line_1_101' title="bbox 454 5268 817 5337; baseline 0.006 -14"><span class='ocrx_word' id='word_1_739' title='bbox 454 5270 584 5337; x_wconf 85' lang='grc' dir='ltr'>μετ’</span> <span class='ocrx_word' id='word_1_740' title='bbox 611 5268 817 5327; x_wconf 86' lang='grc' dir='ltr'>αὐτοῦ.</span> 
     </span>
    </p>
   </div>
   <div class='ocr_carea' id='block_1_102' title="bbox 2114 4567 2648 4623">
    <p class='ocr_par' dir='ltr' id='par_1_102' title="bbox 2114 4567 2648 4623">
     <span class='ocr_line' id='line_1_102' title="bbox 2114 4567 2648 4623; baseline -0.004 0"><span class='ocrx_word' id='word_1_741' title='bbox 2114 4569 2345 4623; x_wconf 88' lang='lat' dir='ltr'><strong><em>omnium</em></strong></span> <span class='ocrx_word' id='word_1_742' title='bbox 2372 4567 2648 4621; x_wconf 85' lang='lat' dir='ltr'><strong><em>Dominus.</em></strong></span> 
     </span>
    </p>
   </div>
   <div class='ocr_carea' id='block_1_103' title="bbox 2178 4655 3671 4728">
    <p class='ocr_par' dir='ltr' id='par_1_103' title="bbox 2178 4655 3671 4728">
     <span class='ocr_line' id='line_1_103' title="bbox 2178 4655 3671 4728; baseline 0.001 -16"><span class='ocrx_word' id='word_1_743' title='bbox 2178 4658 2343 4713; x_wconf 75' lang='lat' dir='ltr'><strong><em>Vens.</em></strong></span> <span class='ocrx_word' id='word_1_744' title='bbox 2382 4657 2472 4711; x_wconf 75' lang='grc'><strong><em>57.</em></strong></span> <span class='ocrx_word' id='word_1_745' title='bbox 2522 4655 2625 4711; x_wconf 86' lang='lat' dir='ltr'><strong><em>Vos</em></strong></span> <span class='ocrx_word' id='word_1_746' title='bbox 2656 4658 2804 4712; x_wconf 85' lang='lat' dir='ltr'><strong><em>scitis</em></strong></span> <span class='ocrx_word' id='word_1_747' title='bbox 2825 4658 3054 4721; x_wconf 85' lang='lat' dir='ltr'><strong><em>verbum,</em></strong></span> <span class='ocrx_word' id='word_1_748' title='bbox 3082 4663 3218 4727; x_wconf 85' lang='lat' dir='ltr'><strong><em>quod</em></strong></span> <span class='ocrx_word' id='word_1_749' title='bbox 3252 4658 3574 4728; x_wconf 85' lang='lat' dir='ltr'><strong><em>divulgatum</em></strong></span> <span class='ocrx_word' id='word_1_750' title='bbox 3596 4669 3671 4714; x_wconf 87' lang='lat' dir='ltr'><strong><em>est</em></strong></span> 
     </span>
    </p>
   </div>
   <div class='ocr_carea' id='block_1_104' title="bbox 2110 4746 3667 4815">
    <p class='ocr_par' dir='ltr' id='par_1_104' title="bbox 2110 4746 3667 4815">
     <span class='ocr_line' id='line_1_104' title="bbox 2110 4746 3667 4815; baseline 0.002 -15"><span class='ocrx_word' id='word_1_751' title='bbox 2110 4747 2167 4801; x_wconf 89' lang='lat' dir='ltr'><strong><em>in</em></strong></span> <span class='ocrx_word' id='word_1_752' title='bbox 2201 4756 2309 4801; x_wconf 91' lang='lat' dir='ltr'><strong><em>tota</em></strong></span> <span class='ocrx_word' id='word_1_753' title='bbox 2357 4746 2576 4811; x_wconf 69' lang='lat' dir='ltr'><strong><em>Judaa,</em></strong></span> <span class='ocrx_word' id='word_1_754' title='bbox 2614 4763 2731 4800; x_wconf 87' lang='lat' dir='ltr'><strong><em>cum</em></strong></span> <span class='ocrx_word' id='word_1_755' title='bbox 2780 4748 2992 4800; x_wconf 86' lang='lat' dir='ltr'><strong><em>initium</em></strong></span> <span class='ocrx_word' id='word_1_756' title='bbox 3037 4749 3332 4815; x_wconf 70' lang='lat' dir='ltr'><strong><em>sumpsisset</em></strong></span> <span class='ocrx_word' id='word_1_757' title='bbox 3373 4765 3407 4803; x_wconf 90' lang='lat' dir='ltr'><strong><em>a</em></strong></span> <span class='ocrx_word' id='word_1_758' title='bbox 3446 4748 3667 4805; x_wconf 68' lang='lat' dir='ltr'><strong><em>Galila&#39;a</em></strong></span> 
     </span>
    </p>
   </div>
   <div class='ocr_carea' id='block_1_105' title="bbox 2111 4836 3285 4909">
    <p class='ocr_par' dir='ltr' id='par_1_105' title="bbox 2111 4836 3285 4909">
     <span class='ocr_line' id='line_1_105' title="bbox 2111 4836 3285 4909; baseline 0.001 -17"><span class='ocrx_word' id='word_1_759' title='bbox 2111 4847 2223 4909; x_wconf 89' lang='lat' dir='ltr'><strong><em>post</em></strong></span> <span class='ocrx_word' id='word_1_760' title='bbox 2254 4837 2510 4907; x_wconf 89' lang='lat' dir='ltr'><strong><em>baptisma</em></strong></span> <span class='ocrx_word' id='word_1_761' title='bbox 2537 4837 2674 4907; x_wconf 87' lang='lat' dir='ltr'><strong><em>quod</em></strong></span> <span class='ocrx_word' id='word_1_762' title='bbox 2701 4838 3007 4906; x_wconf 67' lang='lat' dir='ltr'><strong><em>praedicavit</em></strong></span> <span class='ocrx_word' id='word_1_763' title='bbox 3035 4836 3285 4905; x_wconf 81' lang='lat' dir='ltr'><strong><em>Joannes,</em></strong></span> 
     </span>
    </p>
   </div>
   <div class='ocr_carea' id='block_1_106' title="bbox 2090 4923 3670 4994">
    <p class='ocr_par' dir='ltr' id='par_1_106' title="bbox 2090 4923 3670 4994">
     <span class='ocr_line' id='line_1_106' title="bbox 2090 4923 3670 4994; baseline 0 -15"><span class='ocrx_word' id='word_1_764' title='bbox 2090 4970 2097 4979; x_wconf 91' lang='lat'><strong><em>.</em></strong></span> <span class='ocrx_word' id='word_1_765' title='bbox 2182 4928 2350 4983; x_wconf 77' lang='lat' dir='ltr'><strong><em>Vsus.</em></strong></span> <span class='ocrx_word' id='word_1_766' title='bbox 2401 4926 2491 4981; x_wconf 78' lang='lat'><strong>&#39;58.</strong></span> <span class='ocrx_word' id='word_1_767' title='bbox 2523 4925 2701 4980; x_wconf 82' lang='lat' dir='ltr'><strong><em>Jesum</em></strong></span> <span class='ocrx_word' id='word_1_768' title='bbox 2746 4941 2780 4979; x_wconf 83' lang='grc' dir='ltr'><strong><em>α</em></strong></span> <span class='ocrx_word' id='word_1_769' title='bbox 2823 4923 3113 4991; x_wconf 81' lang='lat' dir='ltr'><strong><em>Nasaretlt,</em></strong></span> <span class='ocrx_word' id='word_1_770' title='bbox 3149 4935 3206 4980; x_wconf 87' lang='lat' dir='ltr'><strong><em>ut</em></strong></span> <span class='ocrx_word' id='word_1_771' title='bbox 3233 4943 3351 4981; x_wconf 90' lang='lat' dir='ltr'><strong><em>eum</em></strong></span> <span class='ocrx_word' id='word_1_772' title='bbox 3385 4927 3522 4981; x_wconf 85' lang='lat' dir='ltr'><strong><em>Deus</em></strong></span> <span class='ocrx_word' id='word_1_773' title='bbox 3551 4925 3670 4994; x_wconf 87' lang='lat' dir='ltr'><strong><em>Spi-</em></strong></span> 
     </span>
    </p>
   </div>
   <div class='ocr_carea' id='block_1_107' title="bbox 2112 5010 3672 5091">
    <p class='ocr_par' dir='ltr' id='par_1_107' title="bbox 2112 5010 3672 5091">
     <span class='ocr_line' id='line_1_107' title="bbox 2112 5010 3672 5091; baseline -0.003 -23"><span class='ocrx_word' id='word_1_774' title='bbox 2112 5017 2217 5091; x_wconf 81' lang='lat' dir='ltr'><strong><em>ritu</em></strong></span> <span class='ocrx_word' id='word_1_775' title='bbox 2249 5023 2451 5078; x_wconf 88' lang='lat' dir='ltr'><strong><em>sancto,</em></strong></span> <span class='ocrx_word' id='word_1_776' title='bbox 2478 5021 2528 5068; x_wconf 88' lang='lat' dir='ltr'><strong><em>et</em></strong></span> <span class='ocrx_word' id='word_1_777' title='bbox 2557 5020 2806 5082; x_wconf 86' lang='lat' dir='ltr'><strong><em>potestate</em></strong></span> <span class='ocrx_word' id='word_1_778' title='bbox 2833 5012 3039 5067; x_wconf 68' lang='lat' dir='ltr'><strong><em>uinxerit</em></strong></span> <span class='ocrx_word' id='word_1_779' title='bbox 3060 5027 3079 5065; x_wconf 83' lang='lat'><strong><em>.&#39;</em></strong></span> <span class='ocrx_word' id='word_1_780' title='bbox 3108 5013 3196 5082; x_wconf 77' lang='lat' dir='ltr'><strong><em>qui</em></strong></span> <span class='ocrx_word' id='word_1_781' title='bbox 3228 5012 3522 5082; x_wconf 78' lang='lat' dir='ltr'><strong><em>peragravit</em></strong></span> <span class='ocrx_word' id='word_1_782' title='bbox 3548 5010 3672 5063; x_wconf 83' lang='lat' dir='ltr'><strong><em>illas</em></strong></span> 
     </span>
    </p>
   </div>
   <div class='ocr_carea' id='block_1_108' title="bbox 2111 5098 3672 5181">
    <p class='ocr_par' dir='ltr' id='par_1_108' title="bbox 2111 5098 3672 5181">
     <span class='ocr_line' id='line_1_108' title="bbox 2111 5098 3672 5181; baseline -0.003 -24"><span class='ocrx_word' id='word_1_783' title='bbox 2111 5114 2286 5181; x_wconf 82' lang='lat' dir='ltr'><strong><em>partes</em></strong></span> <span class='ocrx_word' id='word_1_784' title='bbox 2317 5104 2640 5175; x_wconf 78' lang='lat' dir='ltr'><strong><em>benefaciens</em></strong></span> <span class='ocrx_word' id='word_1_785' title='bbox 2657 5110 2708 5156; x_wconf 90' lang='lat' dir='ltr'><strong><em>et</em></strong></span> <span class='ocrx_word' id='word_1_786' title='bbox 2731 5117 2928 5156; x_wconf 87' lang='lat' dir='ltr'><strong><em>sanans</em></strong></span> <span class='ocrx_word' id='word_1_787' title='bbox 2947 5118 3122 5156; x_wconf 85' lang='lat' dir='ltr'><strong><em>omnes</em></strong></span> <span class='ocrx_word' id='word_1_788' title='bbox 3142 5103 3231 5174; x_wconf 89' lang='lat' dir='ltr'><strong><em>qui</em></strong></span> <span class='ocrx_word' id='word_1_789' title='bbox 3252 5098 3672 5173; x_wconf 78' lang='lat' dir='ltr'><strong><em>opprimebantur</em></strong></span> 
     </span>
    </p>
   </div>
   <div class='ocr_carea' id='block_1_109' title="bbox 2090 5191 3130 5265">
    <p class='ocr_par' dir='ltr' id='par_1_109' title="bbox 2090 5191 3130 5265">
     <span class='ocr_line' id='line_1_109' title="bbox 2090 5191 3130 5265; baseline -0.001 -16"><span class='ocrx_word' id='word_1_790' title='bbox 2090 5211 2148 5251; x_wconf 89' lang='lat' dir='ltr'><strong><em>.a</em></strong></span> <span class='ocrx_word' id='word_1_791' title='bbox 2172 5194 2396 5263; x_wconf 85' lang='lat' dir='ltr'><strong><em>diabolo,</em></strong></span> <span class='ocrx_word' id='word_1_792' title='bbox 2427 5195 2553 5265; x_wconf 87' lang='lat' dir='ltr'><strong><em>quia</em></strong></span> <span class='ocrx_word' id='word_1_793' title='bbox 2579 5191 2716 5247; x_wconf 86' lang='lat' dir='ltr'><strong><em>Deus</em></strong></span> <span class='ocrx_word' id='word_1_794' title='bbox 2738 5202 2850 5247; x_wconf 82' lang='lat' dir='ltr'><strong><em>erat</em></strong></span> <span class='ocrx_word' id='word_1_795' title='bbox 2877 5208 2989 5247; x_wconf 84' lang='lat' dir='ltr'><strong><em>cum</em></strong></span> <span class='ocrx_word' id='word_1_796' title='bbox 3019 5193 3130 5248; x_wconf 87' lang='lat' dir='ltr'><strong><em>illo.</em></strong></span> 
     </span>
    </p>
   </div>
   <div class='ocr_carea' id='block_1_110' title="bbox 1610 5392 2488 5458">
    <p class='ocr_par' dir='ltr' id='par_1_110' title="bbox 1610 5392 2488 5458">
     <span class='ocr_line' id='line_1_110' title="bbox 1610 5392 2488 5458; baseline 0.006 -5"><span class='ocrx_word' id='word_1_797' title='bbox 1610 5392 1806 5454; x_wconf 63' lang='lat' dir='ltr'><strong><em>Variae</em></strong></span> <span class='ocrx_word' id='word_1_798' title='bbox 1848 5393 2155 5457; x_wconf 90' lang='lat' dir='ltr'><strong><em>lectiones</em></strong></span> <span class='ocrx_word' id='word_1_799' title='bbox 2196 5402 2255 5457; x_wconf 93' lang='lat' dir='ltr'><strong><em>et</em></strong></span> <span class='ocrx_word' id='word_1_800' title='bbox 2297 5400 2488 5458; x_wconf 72' lang='lat' dir='ltr'><strong><em>notua.</em></strong></span> 
     </span>
    </p>
   </div>
   <div class='ocr_carea' id='block_1_111' title="bbox 533 5479 2014 5570">
    <p class='ocr_par' dir='ltr' id='par_1_111' title="bbox 533 5490 2014 5570">
     <span class='ocr_line' id='line_1_111' title="bbox 533 5490 2014 5570; baseline 0.006 -29"><span class='ocrx_word' id='word_1_801' title='bbox 533 5490 577 5570; x_wconf 62' lang='grc' dir='ltr'><strong><em>ξ·</em></strong></span> <span class='ocrx_word' id='word_1_802' title='bbox 606 5492 629 5523; x_wconf 84' lang='grc'>⁸</span> <span class='ocrx_word' id='word_1_803' title='bbox 664 5490 729 5570; x_wconf 69' lang='lat' dir='ltr'><strong><em>In</em></strong></span> <span class='ocrx_word' id='word_1_804' title='bbox 772 5490 1115 5570; x_wconf 75' lang='lat' dir='ltr'><strong><em>vulgato_est_,</em></strong></span> <span class='ocrx_word' id='word_1_805' title='bbox 1154 5490 1291 5570; x_wconf 63' lang='grc' dir='ltr'>πρός</span> <span class='ocrx_word' id='word_1_806' title='bbox 1317 5508 1396 5545; x_wconf 86' lang='grc' dir='ltr'><strong><em>σε.</em></strong></span> <span class='ocrx_word' id='word_1_807' title='bbox 1471 5495 1492 5525; x_wconf 79' lang='grc'><strong><em>⁵</em></strong></span> <span class='ocrx_word' id='word_1_808' title='bbox 1524 5492 1589 5547; x_wconf 84' lang='grc' dir='ltr'>1η</span> <span class='ocrx_word' id='word_1_809' title='bbox 1612 5496 1817 5568; x_wconf 85' lang='lat' dir='ltr'><strong><em>vulgato</em></strong></span> <span class='ocrx_word' id='word_1_810' title='bbox 1837 5506 1931 5564; x_wconf 87' lang='lat' dir='ltr'><strong><em>est,</em></strong></span> <span class='ocrx_word' id='word_1_811' title='bbox 1961 5516 2014 5552; x_wconf 70' lang='grc' dir='ltr'>πε</span> 
     </span>
    </p>
   </div>
   <div class='ocr_carea' id='block_1_112' title="bbox 2115 5479 3673 5570">
    <p class='ocr_par' dir='ltr' id='par_1_112' title="bbox 2115 5479 3673 5569">
     <span class='ocr_line' id='line_1_112' title="bbox 2115 5479 3673 5569; baseline -0.005 -19"><span class='ocrx_word' id='word_1_812' title='bbox 2115 5513 2262 5569; x_wconf 78' lang='grc' dir='ltr'>σμεν.</span> <span class='ocrx_word' id='word_1_813' title='bbox 2334 5499 2357 5532; x_wconf 82' lang='lat'><strong>&#39;</strong></span> <span class='ocrx_word' id='word_1_814' title='bbox 2391 5497 2609 5568; x_wconf 83' lang='grc' dir='ltr'>βούλετε</span> <span class='ocrx_word' id='word_1_815' title='bbox 2640 5504 2781 5553; x_wconf 82' lang='lat' dir='ltr'><strong><em>erat.</em></strong></span> <span class='ocrx_word' id='word_1_816' title='bbox 2852 5495 2873 5527; x_wconf 82' lang='grc'><strong>⁸</strong></span> <span class='ocrx_word' id='word_1_817' title='bbox 2916 5490 3076 5546; x_wconf 83' lang='grc' dir='ltr'><strong><em>αὐτοῦ</em></strong></span> <span class='ocrx_word' id='word_1_818' title='bbox 3108 5505 3206 5544; x_wconf 87' lang='lat' dir='ltr'><strong><em>non</em></strong></span> <span class='ocrx_word' id='word_1_819' title='bbox 3235 5495 3311 5542; x_wconf 86' lang='lat' dir='ltr'><strong><em>est</em></strong></span> <span class='ocrx_word' id='word_1_820' title='bbox 3356 5486 3410 5541; x_wconf 81' lang='lat' dir='ltr'><strong><em>iu</em></strong></span> <span class='ocrx_word' id='word_1_821' title='bbox 3434 5479 3673 5557; x_wconf 73' lang='lat' dir='ltr'><strong><em>vulgato.</em></strong></span> 
     </span>
    </p>
   </div>
   <div class='ocr_carea' id='block_1_113' title="bbox 460 5556 1262 5628">
    <p class='ocr_par' dir='ltr' id='par_1_113' title="bbox 460 5556 1262 5628">
     <span class='ocr_line' id='line_1_113' title="bbox 460 5556 1262 5628; baseline 0.005 -21"><span class='ocrx_word' id='word_1_822' title='bbox 460 5574 483 5607; x_wconf 84' lang='lat' dir='ltr'><strong><em>s</em></strong></span> <span class='ocrx_word' id='word_1_823' title='bbox 517 5556 586 5612; x_wconf 80' lang='lat' dir='ltr'><strong><em>In</em></strong></span> <span class='ocrx_word' id='word_1_824' title='bbox 612 5559 818 5628; x_wconf 85' lang='lat' dir='ltr'><strong><em>vulgato</em></strong></span> <span class='ocrx_word' id='word_1_825' title='bbox 845 5556 941 5622; x_wconf 71' lang='lat' dir='ltr'><strong><em>est,</em></strong></span> <span class='ocrx_word' id='word_1_826' title='bbox 990 5556 1262 5628; x_wconf 68' lang='grc' dir='ltr'><strong><em>Ναζαρέθ.</em></strong></span> 
     </span>
    </p>
   </div>
   <div class='ocr_carea' id='block_1_114' title="bbox 542 5647 1674 5719">
    <p class='ocr_par' dir='ltr' id='par_1_114' title="bbox 542 5647 1674 5719">
     <span class='ocr_line' id='line_1_114' title="bbox 542 5647 1674 5719; baseline 0 -18"><span class='ocrx_word' id='word_1_827' title='bbox 542 5658 562 5700; x_wconf 79' lang='lat' dir='ltr'><strong><em>t</em></strong></span> <span class='ocrx_word' id='word_1_828' title='bbox 592 5663 656 5703; x_wconf 85' lang='lat' dir='ltr'><strong><em>ae</em></strong></span> <span class='ocrx_word' id='word_1_829' title='bbox 681 5650 909 5719; x_wconf 81' lang='lat' dir='ltr'><strong><em>gratiam</em></strong></span> <span class='ocrx_word' id='word_1_830' title='bbox 939 5647 1100 5703; x_wconf 85' lang='lat' dir='ltr'><strong><em>habeo</em></strong></span> <span class='ocrx_word' id='word_1_831' title='bbox 1136 5647 1245 5716; x_wconf 87' lang='lat' dir='ltr'><strong><em>tibi,</em></strong></span> <span class='ocrx_word' id='word_1_832' title='bbox 1270 5647 1357 5718; x_wconf 83' lang='lat' dir='ltr'><strong><em>qui</em></strong></span> <span class='ocrx_word' id='word_1_833' title='bbox 1388 5648 1674 5703; x_wconf 81' lang='lat' dir='ltr'><strong><em>adveneris.</em></strong></span> 
     </span>
    </p>
   </div>
   <div class='ocr_carea' id='block_1_115' title="bbox 2560 5734 2719 5765">
    <p class='ocr_par' dir='ltr' id='par_1_115' title="bbox 2560 5734 2719 5765">
     <span class='ocr_line' id='line_1_115' title="bbox 2560 5734 2719 5765; baseline -0.013 -1"><span class='ocrx_word' id='word_1_834' title='bbox 2560 5734 2662 5765; x_wconf 60' lang='lat'><strong><em>1&quot;).~</em></strong></span> <span class='ocrx_word' id='word_1_835' title='bbox 2680 5758 2686 5763; x_wconf 86' lang='lat'><strong><em>.</em></strong></span> <span class='ocrx_word' id='word_1_836' title='bbox 2712 5753 2719 5759; x_wconf 65' lang='grc' dir='ltr'><em>ρ</em></span> 
     </span>
    </p>
   </div>
  </div>
