4116 6216
409 332 521 398 €69
1105 333 1511 396 EXPOSlTIO
1545 335 1627 395 IN
1664 335 1854 396 ACTA
1892 336 2467 402 APOSTOLORUM.
2518 362 2573 377 -⁴
2613 343 2772 404 CAP.
2806 345 2915 404 XI.
3585 347 3693 413 670

413 446 687 518 φανερῶς,
732 444 819 498 ἴνα
871 444 947 515 μὴ
985 445 1183 514 ἔχωσιν
1239 448 1320 512 εἰς
1371 450 1597 519 ἄγνοιαν
1637 451 1971 503 καταπεσεῖν

2100 450 2224 521 quia
2268 455 2598 511 resurrectio
2650 473 2906 527 magnum
2953 463 3070 513 erat
3116 455 3231 528 sign
3256 466 3374 510 tm:
3421 466 3477 513 at
3518 458 3689 529 hujus

418 540 613 601 Τούτῳ
658 536 883 602 πάντες
932 540 986 591 ol
1042 532 1343 607 προφῆται
1370 541 1803 609 μαρτυροῦσιν.
1838 541 1973 594 Ὄσο

2104 541 2315 597 nullum
2342 545 2538 615 majus,
2572 563 2730 616 quam
2770 548 2913 618 quod
2949 547 3187 602 comedit
3227 562 3290 601 ac
3327 547 3482 602 bibit.
3520 549 3586 602 Et
3612 563 3689 605 te-

410 632 713 701 προφῆται,
743 629 932 700 φησὶν.
957 630 1229 701 ἐλάλησαν
1257 634 1384 704 περὶ
1410 634 1697 704 ἁμαρτιῶν
1722 633 1971 703 ἀφέσεως

2103 633 2341 702 stiﬁcari.
2374 634 2672 694 Testificari
2696 681 2711 705 ,
2744 638 2952 710 inquit,
2990 640 3189 710 palam,
3223 652 3290 694 ne
3332 653 3558 710 possent
3584 643 3686 696 de-

411 726 467 776 ὲν
503 721 679 791 τούτῳ
706 720 786 791 τῷ
822 719 999 790 Ἰησοῦ
1025 717 1181 776 εἶπον
1209 723 1379 787 αὐτὰς
1406 723 1682 792 ἀφεῖσθαι.
1715 723 1873 779 Οὕτω
1902 726 1977 777 κει

2104 738 2330 779 currere
2366 726 2431 779 ad
2480 726 2864 798 ignorantiam.
2915 729 3051 783 Huic
3084 747 3260 784 omnes
3293 733 3557 799 propheta:
3595 742 3685 786 te-

419 810 651 874 Ἣσαῖας
676 806 740 863 τδ
781 808 947 863 αὐτοῦ
988 810 1260 884 εἰσφέρων
1289 812 1599 883 πρόσωπον,
1631 814 1809 883 λέγει’
1848 814 1977 883 Ἐγά

2102 815 2406 870 stimonium
2449 818 2738 885 per/libent.
2782 819 3105 890 Quicunque
3145 822 3446 890 propheta',
3484 823 3679 891 inquit,

409 906 523 972 ειμι
547 905 582 957 ὁ
618 902 959 971 ἐξαλείφων
983 902 1093 970 τὰς
1120 905 1410 975 ἁμαρτίας
1432 914 1549 962 σου
1580 906 1678 961 καὶ
1718 907 1827 971 τὰς
1854 908 1977 962 dro-

2096 904 2263 963 locuti
2314 917 2441 964 sunt
2475 909 2542 965 de
2587 920 2933 980 peccatorum
2988 913 3335 976 remissione,
3380 929 3481 983 per
3532 916 3681 969 hunc

372 1018 384 1029 -
406 996 547 1064 μίας
581 1009 720 1050 σου.
749 995 868 1048 Οὐκ
913 992 1036 1048 εἷπε
1082 997 1138 1050 δὲ
1166 998 1248 1051 ὅτι
1299 999 1462 1062 αὑτός
1492 1000 1638 1053 ἐστιν
1671 1001 1699 1052 ὁ
1741 998 1867 1063 Υἱὸς
1892 998 1977 1052 τοῦ

2092 999 2278 1055 Jesum
2320 1000 2579 1056 dixerunt
2627 1018 2690 1057 ea
2737 1003 2959 1057 remitti.
3006 1005 3096 1059 Sic
3144 1004 3308 1059 etiam
3351 1004 3519 1059 Isaias
3562 1006 3680 1075 ejus

409 1084 576 1139 Θεοῦο
604 1084 722 1139 ἀλλ’
754 1084 783 1138 δ
824 1084 1024 1156 μᾶλλον
1055 1080 1255 1151 αὐτοὺς
1284 1089 1490 1157 ἐφόϐει,
1521 1091 1554 1159 ἢ
1587 1089 1776 1159 καιρία
1817 1104 1977 1144 κατα-

2095 1106 2388 1161 personam
2421 1092 2797 1157 introducens,
2841 1094 2917 1147 ait
2942 1113 2953 1147 :
2990 1095 3097 1164 ligo
3125 1111 3242 1147 sunt
3272 1095 3362 1165 qui
3387 1094 3537 1149 deleo
3561 1113 3680 1165 pec-

411 1175 580 1246 σκευή
607 1174 715 1228 ἀπὸ
738 1175 849 1231 τῶν
879 1177 1178 1247 προφητῶν
1196 1194 1211 1208 ·
1244 1178 1490 1249 μεγάλην
1515 1181 1623 1253 γὰρ
1645 1179 1805 1244 δόξαν
1837 1175 1977 1249 εἶχον

2088 1191 2213 1236 cata
2251 1192 2340 1236 tua
2386 1200 2450 1236 ac
2478 1184 2675 1238 scelera
2707 1194 2797 1240 tua
2817 1186 2880 1239 ³⁷.
2912 1185 3028 1240 Νοη
3063 1186 3193 1241 dixit
3217 1197 3420 1251 autem,
3451 1185 3565 1257 Ipse
3595 1196 3679 1242 est

409 1269 630 1320 ἐκεῖνοι.
667 1267 798 1320 Ὅτε
830 1266 895 1322 ’δὲ
947 1259 1026 1339 τῷ
1079 1266 1230 1340 φόϐῳ
1261 1272 1568 1336 κατέσεισε,
1621 1272 1742 1324 τότε
1789 1271 1977 1338 ἐπάγει

2086 1272 2255 1328 Filius
2290 1274 2403 1338 Dei,
2432 1277 2547 1341 sed,
2573 1277 2717 1346 quod
2755 1279 2925 1347 magis
2953 1295 3047 1333 eos
3079 1279 3337 1340 terrebat,
3372 1288 3676 1349 opportuna

408 1356 505 1427 τὴν
551 1357 926 1429 συγχώρησιν,
954 1360 1015 1412 οὐ
1077 1361 1209 1431 παρ’
1256 1361 1426 1414 αὐτοῦ
1481 1352 1805 1432 λεγομένην,
1854 1360 1977 1415 ἀλλὲ

2090 1366 2434 1421 confirmatio
2482 1371 2718 1422 sumitur
2761 1384 2791 1420 a
2832 1368 3135 1438 pr0pltctis.
3180 1369 3240 1423 In
3290 1385 3482 1440 magna
3528 1368 3672 1422 enim

411 1445 562 1516 παρὰ
589 1445 699 1499 τῶν
732 1444 1031 1518 προφητῶν
1054 1464 1070 1480 ’
1100 1452 1195 1504 καὶ
1221 1452 1281 1504 τὸ
1314 1451 1415 1521 μὲν
1454 1452 1705 1522 φοϐερὸν,
1736 1453 1870 1523 παρ’
1896 1454 1977 1508 αὖ·

2093 1454 2170 1509 illi
2226 1456 2429 1526 gloria.
2482 1465 2646 1525 atque
2699 1457 3100 1512 existimatione
3147 1468 3325 1513 erant.
3380 1458 3674 1528 Postquam

407 1536 501 1591 τοῦ
522 1578 538 1602 ,
577 1538 640 1591 τὸ
677 1532 735 1593 δὲ
764 1538 998 1611 ἥμερον,
1031 1542 1183 1613 παρὰ
1216 1537 1327 1598 τῶν
1354 1544 1669 1616 προφητῶν.

2099 1554 2279 1600 autem
2310 1554 2514 1600 metum
2546 1546 2612 1600 iis
2648 1545 2896 1609 incussit.
2926 1559 3055 1602 tunc
3082 1549 3361 1619 subiungit
3392 1548 3671 1603 condona-

411 1630 648 1697 tionem,
690 1640 815 1701 quite
849 1640 959 1688 non
987 1628 1056 1690 ab
1090 1634 1209 1705 ipso
1243 1636 1643 1705 proferebatur,
1680 1632 1774 1693 sed
1809 1651 1840 1691 a
1867 1636 2187 1709 prophetis:
2232 1652 2296 1692 ac
2326 1647 2502 1692 terror
2569 1639 2787 1709 quidem
2867 1640 2933 1694 ab
2970 1640 3089 1709 ipso
3167 1639 3615 1709 proficiscebatur
3653 1658 3668 1693 :

406 1720 549 1791 quod
582 1727 764 1776 autem
796 1729 1056 1778 terrorem
1089 1724 1389 1796 mitigabat,
1420 1743 1449 1780 a
1480 1726 1784 1796 prophetis.

478 1814 609 1868 Ἔτι
627 1816 965 1881 λαλοῦντος
993 1819 1099 1872 τοῦ
1146 1820 1371 1887 Πέτρου
1415 1819 1486 1873 τὰ
1506 1819 1743 1889 ῥήματα
1769 1818 1976 1884 ταῦτα,

2154 1822 2318 1878 Vens.
2350 1823 2438 1878 44.
2456 1823 2643 1877 Adhuc
2666 1824 2963 1892 proferente
2991 1821 3148 1875 Petro
3168 1822 3321 1876 verba
3357 1823 3487 1885 hinc,
3516 1818 3675 1878 irrui‘

404 1909 665 1966 ἐπέπεσε
712 1912 779 1966 τὸ
833 1914 1077 1983 Πνεῦμα
1106 1913 1169 1969 τὸ
1223 1914 1394 1985 ἅγιον
1421 1914 1521 1969 ἐπὶ
1565 1914 1798 1982 πάντας
1845 1915 1977 1981 τοὺς

2095 1913 2331 1977 Spiritus
2367 1923 2581 1968 sanctus
2613 1914 2667 1967 in
2700 1929 2897 1977 omnes,
2928 1914 3018 1984 qui
3038 1914 3323 1968 audiebant
3354 1913 3668 1980 orationem,

404 1999 739 2067 ἀκούοντας
770 1998 878 2055 τὸν
913 2002 1124 2072 λόγον.

474 2092 584 2146 Kal
628 2093 977 2162 ἐξέστησαν
1021 2096 1078 2150 οἱ
1115 2096 1185 2150 ἐκ
1225 2095 1544 2167 περιτομῆς
1587 2096 1810 2162 πιστοὶ,
1852 2095 1985 2151 ὅσοι

405 2181 721 2250 συνῆλθον
749 2184 828 2250 τῷ
856 2185 1075 2255 Πέτρῳ,
1095 2186 1185 2241 ὅτι
1213 2189 1309 2241 καὶ
1331 2187 1427 2242 ἐπὶ
1454 2189 1525 2243 τὰ
1554 2186 1697 2256 ἔθνη
1723 2187 1761 2257 ἠ
1792 2187 1979 2258 δωρεὰ

406 2273 511 2330 τοῦ
544 2276 716 2348 ἁγίου
743 2279 1090 2349 Πνεύιιατος
1112 2280 1458 2351 ἐκκέχυται.

479 2456 744 2514 Ἤκουον
770 2460 880 2530 γὰρ
909 2459 1110 2517 αὐτῶν
1140 2460 1494 2518 λαλούντων
1524 2466 1848 2535 γλώσσαις,
1881 2467 1982 2520 καὶ

400 2551 867 2618 μεγαλυνόντων
886 2550 993 2606 τὸν
1012 2553 1181 2608 Θεόν.
1206 2555 1344 2608 Τότε
1366 2555 1655 2623 ἀπεκρίθη
1676 2558 1708 2610 ό
1724 2555 1945 2624 Πέτρος
1964 2574 1976 2588 ·

472 2638 626 2707 Μήτι
667 2642 734 2695 τὸ
767 2638 924 2712 ὕδωρ
951 2644 1224 2699 κωλῦσαι
1266 2644 1520 2700 δύναταί
1562 2664 1653 2713 τις
1690 2646 1797 2701 τοῦ
1821 2648 1907 2717 μὴ
1936 2649 1980 2679 ³⁸

404 2731 813 2802 βαπτισθῆναι
833 2735 1107 2802 τούτους.
1127 2737 1345 2804 οἵτινες
1371 2736 1436 2793 τὸ
1454 2726 1695 2808 Πνεῦμα
1715 2738 1783 2793 τὸ
1809 2738 1981 2809 ἅγιον

404 2823 647 2890 ἔλαϐον,
677 2825 873 2893 καθὼς
903 2827 1002 2882 καὶ
1029 2827 1237 2896 ήμεῖς;

475 2915 819 2985 Προσέταξέ
850 2934 914 2971 τε
937 2914 1161 2984 αὐτοὺς
1196 2914 1613 2989 ,βαπτισθῆναι
1641 2914 1710 2973 ἐν
1735 2918 1813 2986 τῷ
1843 2921 1975 2975 ὀνο-

398 3023 540 3075 ματι
566 3007 675 3062 τοῦ
699 3009 919 3077 Κυρίου
957 3008 1163 3079 Ἰησοῦ
1182 3011 1247 3066 ⁸³.
1278 3012 1414 3066 Τότε
1449 3011 1769 3081 ἠρώτησαν
1793 3012 1979 3067 αὐτὸν

403 3098 695 3169 ἐπιμεῖναι
726 3097 949 3169 ἡμέρας
979 3098 1164 3167 τινάς.

996 3195 1245 3248 ΚΕΦΛΛ.
1286 3195 1390 3250 lA'.

479 3284 785 3340 Ἤκουσαν
812 3282 880 3338 δὲ
908 3286 963 3339 ol
1009 3284 1340 3340 ἀπόστολοι
1379 3285 1476 3340 καὶ
1505 3287 1560 3340 οἱ
1605 3284 1861 3355 ἀδελφοὶ
1922 3287 1977 3340 οἱ

405 3374 575 3441 ὄντες
600 3375 751 3430 κατὰ
776 3374 891 3444 τὴν
928 3375 1250 3440 Ἰουδαίαν,
1287 3370 1378 3431 ὅτι
1413 3377 1513 3431 καὶ
1549 3376 1624 3431 τὰ
1669 3377 1815 3445 ἔθνη
1853 3370 1980 3431 ἐδέ-

403 3456 588 3532 ξαντο
614 3467 723 3521 τόν
744 3466 933 3536 λόγον
959 3464 1067 3522 τοῦ
1092 3467 1262 3523 Θεοῦ.

473 3554 584 3611 Bia.
615 3556 711 3610 τοῦ
748 3548 887 3611 Θεοῦ
930 3558 1030 3628 τὴν
1053 3558 1385 3629 οἰκονομίαν.
1419 3560 1533 3613 Οὐκ
1565 3560 1776 3631 ἀφῆκεν
1797 3559 1979 3629 ἀπαρ-

404 3647 650 3719 τισθῆναι
675 3649 768 3703 τὸν
782 3648 960 3719 λόγον,
982 3649 1102 3703 οὐδὲ
1127 3651 1190 3704 ὲκ
1212 3651 1632 3721 προστάγματος
1660 3650 1754 3706 τοῦ
1771 3652 1976 3722 Πέτρου

404 3739 658 3807 γενέσθαι
703 3739 767 3794 τὸ
820 3740 1141 3812 βάπτισμαο
1190 3741 1307 3796 ἀλλ’
1357 3743 1542 3812 ἐπειδὴ
1592 3742 1691 3812 τὴν
1741 3742 1979 3797 διάνοιαν

406 3828 583 3885 αὐτῶν
628 3820 735 3884 εἶδε
784 3832 1107 3903 θαυμαστὴν
1153 3827 1339 3896 οὖσαν,
1368 3831 1596 3901 καὶτῆς
1632 3831 1979 3895 διδασκαλίας

405 3922 546 3993 ἁρχὴ
567 3921 780 3991 γέγονε,
800 3922 895 3977 καὶ
915 3922 1243 3976 ἐπίστευσαν
1267 3922 1348 3974 ὅτι
1375 3920 1590 3985 πάντως
1611 3921 1671 3975 τὸ
1694 3921 1979 3992 βάπτισμα

405 4011 606 4081 ἄφεσίς.
649 4015 798 4067 ἐστιν
847 4012 1154 4085 ἁμαρτιῶν,
1187 4013 1310 4066 τότε
1365 4012 1568 4083 ὲπῆλθε
1617 4013 1680 4066 τὸ
1732 4013 1977 4083 Πνεῦμα.

418 4100 577 4154 Ἀλλὰ
603 4100 699 4157 καὶ
730 4100 1005 4171 γλώσσαις
1058 4100 1301 4166 ἐλάλουν,
1330 4102 1468 4173 ὅπερ
1521 4101 1818 4173 ἐξέπληττε
1854 4104 1981 4167 τοὺς

406 4182 759 4257 συνελθὸντας
779 4209 794 4225 ο
823 4182 1341 4263 προοικονομοῦντος
1370 4194 1435 4245 ὲκ
1462 4188 1654 4247 τούτου
1683 4184 1980 4262 ἀπολογίαν

403 4285 655 4356 μεγάλην
679 4285 758 4356 τῷ
782 4276 974 4355 Πέτρῳ
1000 4284 1093 4338 τοῦ
1143 4282 1299 4339 Θεοῦ.
1327 4285 1481 4353 Μήτι
1511 4285 1577 4338 τὸ
1608 4284 1768 4355 ὕδωρ
1793 4285 1982 4341 κωλῦ-

403 4389 509 4428 σαι
536 4368 783 4428 δύναται
815 4371 922 4427 τοῦ
961 4368 1048 4441 μὴ
1082 4371 1499 4439 βαπτισθῆναι
1540 4371 1836 4437 τούτους;
1870 4368 1981 4425 Καὶ

369 4462 489 4527 ,τίς
541 4452 612 4533 ἦν
652 4464 686 4534 ἡ
727 4460 821 4516 τοῦ
878 4460 1071 4526 ὓδατος
1097 4461 1278 4533 χρεία,
1316 4460 1412 4516 τοῦ
1461 4462 1616 4531 ἁγίου
1661 4460 1980 4532 Πνεύματος

407 4645 626 4715 στήριον
664 4642 1023 4699 ὲκκαλύπτων
1051 4645 1184 4714 ἡμῖν
1215 4644 1276 4698 τὸ
1305 4644 1817 4716 ἀποκεκρυμμένον.
1844 4643 1978 4699 Gela

402 4735 637 4788 τελεῖται
660 4736 719 4788 ἐν
753 4734 906 4805 αὑτῷ
938 4734 1204 4806 σύμϐολα,
1223 4737 1409 4804 ,τάφος
1437 4735 1533 4789 καὶ
1562 4734 1851 4804 νέκρωσις,
1882 4737 1977 4789 καὶ

402 4810 699 4891 ἀνάστασις
721 4822 815 4880 καὶ
846 4820 983 4899 ζωή.
1028 4826 1240 4897 Ὠσπερ
1289 4824 1513 4880 εὔκολον
1545 4827 1675 4896 ἡμῖν
1705 4827 1977 4895 βαπτίσα-

404 4916 528 4971 σθαι
560 4920 655 4972 καὶ
693 4918 1008 4984 ἀνανεῦσαι,
1043 4916 1219 4981 οὕτως
1268 4916 1489 4971 εῦκολον
1524 4908 1602 4988 τῷ
1623 4915 1765 4988 Θεῷ,
1808 4908 1977 4987 θάψαι

402 5007 495 5061 τὸν
528 5008 761 5064 παλαιὸν
783 5006 1094 5081 ἄνθρωπον,
1131 5010 1227 5063 καὶ
1253 5000 1531 5074 ἀναδεῖξαι
1564 5008 1653 5063 τὸν
1680 5009 1819 5064 νέον.
1849 5006 1979 5082 Τρί-

402 5118 494 5155 τον
512 5102 571 5156 δὲ
597 5103 759 5156 τοῦτο
784 5096 1018 5172 γίνεται,
1046 5102 1134 5157 ἵνα
1174 5101 1353 5174 μάθῃς
1378 5102 1460 5156 ὅτι
1492 5100 1722 5172 δυνάμει
1762 5102 1976 5173 Πατρὸς

403 5194 497 5249 καὶ
520 5194 652 5250 Υῐοῦ
688 5195 785 5249 καὶ
827 5194 985 5263 ἁγίου
1028 5193 1345 5264 Πνεῦματος
1377 5193 1446 5247 τὰ
1474 5191 1653 5249 πάντα
1682 5194 1800 5248 ἐκεῖ
1835 5194 1974 5265 πλη-

404 5285 623 5355 ροῦνται
644 5302 658 5318 ·
685 5286 781 5341 καὶ
807 5287 904 5340 ὅτι
924 5284 985 5339 οὐ
1018 5283 1327 5356 στοχασμὸς
1356 5283 1416 5338 τὸ
1463 5284 1772 5356 λεγόμενον,
1809 5285 1976 5339 ἄκου-

404 5391 496 5427 σον
518 5375 614 5428 τοῦ
650 5376 865 5430 Παύλου
904 5375 1181 5443 λέγοντος
1215 5376 1641 5446 Συνετὰφημεν
1685 5376 1844 5441 αὐτῷ
1872 5370 1972 5430 διὰ

402 5465 509 5520 τοῦ
531 5464 955 5536 ,βαπτίσματος
993 5467 1078 5531 εις
1111 5464 1217 5519 τὸν
1246 5465 1534 5520 θάνατον’
1572 5466 1662 5520 καὶ
1692 5467 1872 5533 πάλιν,
1914 5467 1967 5520 Ὀ

474 5589 519 5621 ⁸⁷
551 5586 653 5645 lsa.
686 5603 834 5653 sun,
856 5586 946 5642 25.

2167 2095 2329 2152 Vens.
2365 2093 2456 2149 45.
2499 2093 2568 2147 Et
2603 2109 2714 2163 pra:
2745 2094 3100 2147 admiratione
3142 2094 3323 2147 animo
3353 2092 3672 2148 consternati

2088 2196 2231 2246 sunt,
2267 2186 2559 2255 quicunque
2595 2199 2658 2237 ea:
2694 2200 2878 2252 genere
2910 2184 3333 2237 circumeisorum
3371 2183 3549 2251 ﬁdeles
3582 2200 3673 2238 ve-

2090 2284 2276 2329 nerant
2318 2290 2424 2327 una
2470 2290 2590 2326 cum
2618 2272 2795 2337 Petro,
2820 2266 2957 2343 quod
2983 2282 3031 2326 et
3058 2273 3110 2326 in
3141 2282 3386 2326 externas
3431 2273 3670 2326 nationes

2089 2368 2303 2437 effusum
2334 2374 2464 2420 esset
2491 2370 2684 2419 donum
2717 2364 2946 2433 Spiritus
2968 2364 3162 2418 sancti.

2161 2460 2320 2515 Vens.
2358 2458 2445 2514 46.
2490 2457 2781 2512 Audiebant
2813 2456 2951 2510 enim
2985 2472 3070 2510 eos
3103 2454 3292 2524 linguis
3318 2455 3598 2525 loquentes,
3617 2462 3670 2509 et

2090 2553 2253 2607 Deum
2283 2551 2696 2622 magniﬁcantes.
2735 2549 2878 2602 Tunc
2910 2548 3171 2618 respondit
3215 2547 3438 2602 Petrus:

2161 2646 2315 2700 Vens.
2364 2644 2455 2699 47.
2496 2643 2750 2714 Nunquid
2788 2657 2927 2712 aqua
2968 2641 3084 2711 quis
3123 2640 3394 2712 prohibere
3444 2656 3535 2693 nos
3570 2656 3666 2709 po-

2088 2743 2207 2799 test,
2241 2752 2302 2788 ne
2329 2736 2659 2805 baptizentur
2686 2735 2773 2801 lii,
2814 2735 2903 2805 qui
2928 2732 3189 2804 Spiritum
3232 2740 3476 2787 sanctum
3518 2746 3668 2784 acce-

2082 2837 2290 2894 pcrunt,
2313 2827 2446 2881 sicut
2477 2835 2525 2880 et
2556 2843 2647 2880 nos
2667 2829 2693 2882 .7

2158 2920 2318 2974 Vens.
2350 2920 2438 2975 48.
2481 2918 2549 2972 Et
2567 2919 2727 2989 jussit
2750 2935 2835 2975 eos
2857 2918 3119 2990 baptizari
3143 2917 3198 2971 in
3222 2916 3426 2970 nomine
3454 2913 3666 2968 Domini

2084 3011 2230 3067 Jesu.
2289 3012 2429 3067 Tunc
2487 2998 2800 3084 rogaverunt
2830 3028 2981 3078 eum,
3038 3020 3094 3066 ut
3131 3019 3363 3065 maneret
3396 3008 3537 3078 apud
3578 3021 3664 3061 eos

2085 3104 2283 3174 aliquot
2321 3105 2458 3158 dies.

2686 3190 2917 3250 CAPUT
2957 3193 3055 3248 XI.

2154 3285 2312 3341 Vsus.
2350 3286 2402 3340 i.
2431 3285 2755 3340 Audiverunt
2791 3292 2968 3339 autem
2995 3282 3226 3354 apostoli
3248 3290 3297 3336 et
3325 3279 3541 3351 fratres,
3572 3278 3664 3347 qui

2079 3382 2229 3426 erant
2273 3374 2327 3426 in
2382 3372 2606 3441 Juda'a,
2651 3375 2812 3428 etiam
2871 3375 3108 3428 nationes
3165 3381 3369 3426 exteras
3415 3369 3664 3437 recepisse

2079 3462 2291 3518 verbum
2330 3464 2447 3519 Dei.
2611 3472 2617 3477 ’

2149 3554 2258 3625 95
2291 3554 2423 3610 Vide
2446 3555 2642 3610 divinae
2681 3554 2989 3626 prudentia).
3027 3552 3513 3624 dispensationem.
3538 3548 3659 3604 Non

2083 3646 2336 3716 permisit
2359 3646 2567 3701 absolvi
2593 3647 2923 3709 orationem,
2958 3660 3135 3715 neque
3156 3644 3311 3714 jussu
3350 3641 3493 3698 Petri
3518 3643 3652 3712 bap-

2087 3738 2246 3792 tisma
2274 3736 2683 3792 administrari:
2716 3736 2810 3792 sed
2848 3745 3208 3806 posteaquam
3258 3732 3660 3788 animadvertc~

2083 3836 2207 3882 rent
2239 3839 2477 3883 mentem
2512 3842 2701 3883 eorum
2734 3824 3104 3881 admirandam
3138 3840 3279 3890 esse,
3307 3840 3371 3880 ac
3391 3823 3659 3879 doctrinm

2082 3918 2305 3974 initium
2354 3917 2561 3973 factum
2613 3926 2752 3978 erat,
2814 3924 2978 3986 atque
3023 3914 3370 3971 crediderant
3429 3911 3656 3967 omnino

2081 4008 2351 4079 baptisma
2422 4022 2545 4063 esse
2609 4005 2994 4065 remissionem
3064 4013 3462 4075 peccatorum,
3526 4010 3656 4054 tunc

2081 4101 2317 4174 Spiritus
2368 4099 2702 4170 supervenit.
2751 4096 3065 4165 Quinetiam
3117 4094 3315 4165 linguis
3361 4090 3660 4161 loqueban-

2084 4203 2206 4251 tur:
2260 4208 2384 4263 qua:
2422 4207 2511 4247 res
2570 4190 2756 4246 animo
2806 4198 3185 4246 consternatos
3237 4185 3494 4241 reddebat
3539 4196 3657 4245 eos,

2083 4286 2175 4356 qni
2208 4300 2318 4339 una
2371 4299 2495 4340 cum
2548 4282 2711 4339 Petro
2772 4289 3059 4338 venerant.
3115 4280 3293 4348 Atque
3345 4278 3448 4331 hoc
3495 4273 3659 4330 modo

2082 4376 2451 4433 defensionem
2486 4375 2647 4430 Petro
2678 4388 2926 4445 magnam
2977 4371 3119 4425 Deus
3174 4368 3436 4439 parabat:
3502 4366 3658 4422 Nun-

2083 4467 2210 4539 quid
2238 4482 2379 4537 aqua
2406 4466 2523 4537 quis
2554 4464 2827 4535 prohibere
2855 4478 2947 4516 nos
2990 4468 3180 4532 potest,
3224 4475 3287 4512 ne
3323 4458 3660 4526 baptizentur

283 4567 295 4579 '
403 4554 758 4616 ἐπιπεσόντος
790 4553 1006 4621 αὐτοῖς;
1037 4550 1180 4624 Ἑρῶ
1232 4552 1326 4609 οὖν
1354 4553 1560 4626 ταύτην
1604 4553 1737 4623 ἐγὼ,
1780 4553 1841 4607 τὸ
1872 4570 1977 4624 μυ-

2083 4538 2178 4615 lli?
2230 4560 2297 4615 Et
2351 4559 2601 4629 quisnam
2655 4563 2774 4612 erat
2823 4569 2978 4624 aquae
3026 4566 3363 4619 usus,'cum
3417 4548 3656 4620 Spiritus

2085 4658 2309 4708 sanctus
2366 4648 2622 4718 delapsus
2669 4654 2816 4702 esset
2863 4659 3028 4715 super
3073 4641 3236 4698 illos?
3284 4639 3440 4695 Hunc
3494 4638 3657 4712 igitur

2087 4756 2244 4797 usum
2273 4754 2374 4811 ego
2425 4738 2622 4804 dicam,
2673 4751 2739 4791 ac
2795 4733 3112 4807 mysterium
3171 4746 3433 4787 arcanum
3498 4730 3657 4785 vobis

2086 4831 2357 4887 revelabo.
2415 4829 2607 4885 Divina
2677 4841 2774 4898 per
2835 4841 2958 4882 eam
3029 4824 3391 4897 perﬁciuntur
3446 4822 3652 4894 signa:

2088 4922 2368 4992 sepultura
2406 4928 2460 4975 et
2518 4915 2886 4983 mortificatio,
2938 4916 3179 4986 itemque
3232 4914 3562 4971 resurrectio
3599 4922 3657 4967 et

2082 5014 2213 5070 vita.
2248 5013 2401 5069 Sicut
2432 5011 2590 5068 nobis
2619 5010 2777 5067 facile
2808 5016 2892 5066 est
2938 5007 3202 5080 baptizari
3252 5018 3309 5065 et
3336 5020 3649 5078 emergere:

2081 5107 2154 5161 ita
2194 5106 2304 5161 Deo
2357 5103 2514 5160 facile
2555 5112 2640 5159 est
2673 5112 2913 5159 veterem
2966 5101 3244 5157 hominem
3301 5100 3550 5172 sepelire,
3596 5102 3652 5150 et

2082 5212 2283 5250 novum
2312 5195 2621 5266 designare.
2655 5188 2769 5251 Hoc
2792 5202 2977 5250 autem
3012 5193 3073 5249 ﬁt
3104 5191 3346 5258 tertium,
3394 5198 3452 5244 ut
3485 5183 3647 5242 intel-

2080 5283 2215 5357 ligas
2245 5287 2486 5355 poteutia
2514 5275 2695 5340 Patris
2720 5294 2775 5340 et
2802 5280 2925 5340 Filii
2971 5293 3026 5339 et
3052 5280 3291 5353 Spiritus
3330 5277 3504 5335 sancti
3538 5275 3649 5329 illic

2078 5378 2261 5432 omnia
2313 5375 2519 5446 perlici.
2576 5372 2654 5433 Ac
2721 5392 2830 5432 non
2888 5390 3009 5431 esse
3060 5370 3429 5442 conjecturam
3498 5363 3647 5435 quod

2077 5470 2221 5533 dico,
2248 5467 2373 5522 audi
2403 5466 2632 5524 Paulum
2676 5468 2992 5524 dicentem:
3037 5461 3152 5517 Una
3184 5472 3302 5515 cum
3355 5471 3417 5515 eo
3454 5454 3646 5527 sepulti

1597 5654 1798 5718 Variae
1844 5655 2152 5719 lectiones
2202 5666 2259 5719 et
2308 5673 2495 5718 norm.

478 5756 525 5791 ⁵⁸
557 5755 655 5828 Μὴ
685 5772 786 5812 non
822 5766 894 5812 est
923 5757 977 5811 in
1009 5757 1308 5829 apographo
1341 5758 1577 5827 antiquo.
1658 5758 1698 5789 ”
1729 5756 1793 5812 In
1828 5758 2038 5830 vulgato
2071 5777 2169 5833 non
2225 5759 2482 5827 adjectum
2524 5766 2597 5812 est
2620 5753 2814 5827 Ἰησοῦ.
