4116 6216
480 313 582 377 671
1375 310 1958 372 THEOPHYLACTI
1999 312 2413 375 BULGARI/E
2443 316 2801 377 ARCHIEP.

3613 320 3725 383 672

477 436 660 474 sumus
704 435 796 490 per
842 418 1164 485 baptismum
1216 415 1272 468 in
1332 426 1551 469 mortem
1583 415 1650 469 ⁸⁸.
1698 416 1765 470 Ει
1809 432 2039 473 rursus:

2162 420 2402 487 ταλαιὸς
2431 420 2601 489 ἡμῶν
2627 421 2936 489 ἄνθρωπος
2959 424 3425 493 συνεσταυρώθη
3449 442 3461 455 ·
3494 426 3587 480 καὶ
3618 431 3722 480 πά.

492 511 646 566 Vetus
672 512 823 564 homo
858 518 1035 561 noster
1059 524 1164 561 una
1188 506 1466 575 cruci/imus
1488 516 1563 560 est
1597 505 1662 560 ".
1718 507 1784 561 Et
1813 523 2038 571 rursus:

477 602 701 659 lusftitii
744 600 1006 653 evasimus
1054 606 1102 653 et
1128 597 1420 652 coaluimus
1469 597 1814 653 similitudine
1860 603 2044 656 mortis

429 678 436 692 δ
478 694 591 763 ejus
611 692 679 746 ⁸⁸.

551 780 711 836 Vens.
746 780 799 836 2.
832 779 894 833 Et
948 780 1036 834 ubi
1078 779 1265 834 Petrus
1320 782 1553 836 ascendit
1600 778 2041 852 Hierosolymam,

482 870 846 940 disceptabant
875 872 1125 925 adversus
1174 871 1348 935 illum,
1399 873 1488 942 qui
1521 882 1672 925 erant
1724 889 1788 927 ea:
1816 874 2044 926 cireum-

478 962 618 1026 cisis,

548 1051 712 1106 Vens.
741 1051 795 1105 5.
828 1050 1108 1106 Dieentes:
1166 1052 1248 1107 Ad
1276 1052 1508 1107 homines
1556 1055 1814 1123 prwputio
1857 1052 2045 1109 obsitos

480 1147 738 1215 ingressus
767 1160 841 1205 es,
875 1152 924 1197 et
948 1161 1054 1197 una
1085 1162 1203 1199 cum
1224 1146 1329 1199 illis
1351 1146 1636 1200 comedisti.

552 1233 716 1287 Vens.
741 1234 792 1286 4.
834 1231 1020 1287 Petrus
1052 1245 1228 1287 autem
1273 1236 1443 1288 dicere
1480 1251 1717 1304 exorsus,
1762 1236 2044 1305 exponebat

479 1326 552 1378 eis
583 1325 764 1378 ordine
786 1325 961 1377 omnia
991 1326 1298 1394 singulatim
1321 1324 1400 1378 Itis
1426 1326 1591 1380 verbis
1608 1344 1627 1380 :

553 1413 711 1469 Vens.
744 1416 796 1469 5.
834 1414 945 1485 Ego
999 1431 1144 1467 eram
1184 1416 1239 1467 in
1295 1417 1483 1485 oppido
1533 1410 1702 1485 Joppe
1750 1434 1928 1485 orans,
1981 1434 2046 1473 ac

477 1506 585 1559 vidi
614 1506 666 1558 in
707 1506 903 1558 exstasi
943 1506 969 1544 ιι
996 1506 1264 1572 visionem,
1304 1523 1485 1573 nempe
1522 1524 1615 1561 vas
1643 1509 1903 1577 quoddam
1929 1509 2046 1562 des-

479 1597 713 1658 cendere,
772 1605 1025 1665 tanquam
1070 1596 1241 1649 velum
1305 1614 1577 1668 magnum,
1630 1598 1769 1666 quod
1820 1606 2049 1668 quatuor

2152 512 2253 576 λιν,
2285 516 2586 583 Σύμφυτοι
2612 516 2939 585 γεγόναμεν
2967 517 3046 582 τῷ
3072 516 3386 586 ὁμοιώματι
3418 516 3523 571 τοῦ
3545 519 3723 573 θανά-υ

2151 622 2257 661 του
2280 607 2483 662 αὐτοῦ.

2221 792 2327 845 Kal
2351 792 2448 846 ὅτε
2476 792 2658 861 ἀνέϐη
2695 792 2915 864 Πέτρος
2938 798 3023 863 είς
3062 796 3470 869 Ἰεροσόλυμα,
3499 799 3718 870 διεκρί-

2152 897 2333 937 νοντο
2358 885 2508 953 πρὸς
2530 885 2717 940 αὐτὸν
2749 889 2803 941 oi
2823 887 2890 943 ἐκ
2918 889 3263 960 περιτομῆς,

2224 1062 2534 1132 Λέγοντες,
2560 1066 2647 1118 ὅτι
2680 1066 2833 1133 Πρὸς
2865 1067 3086 1136 ἄνδρας
3113 1069 3520 1139 ἀκροϐυστίαν
3547 1073 3721 1144 ἕχον-

2156 1169 2262 1218 τας
2297 1154 2601 1220 είσῆλθες.
2634 1158 2731 1210 καὶ
2771 1157 3109 1229 συνέφαγες
3142 1163 3365 1230 αὐτοῖς.

2229 1243 2579 1314 Ἀρξὰμενος
2602 1247 2671 1301 δὲ
2694 1251 2727 1303 ό
2760 1250 3000 1319 Πέτρος,
3027 1251 3322 1317 ἐξετίθετο
3358 1256 3561 1322 αὐτοῖς
3583 1261 3720 1313 καθ·

2154 1330 2302 1397 εξῆς
2326 1333 2520 1403 λέγων
2539 1352 2552 1367 '

2224 1421 2375 1491 Ἐγὼ
2436 1423 2600 1495 ἤμην
2638 1427 2707 1482 ἐν
2751 1430 2924 1484 πόλει
2964 1429 3177 1499 Ἰόππῃ
3215 1436 3725 1505 προσευχόμενος,

2154 1512 2255 1567 καὶ
2282 1511 2525 1575 εἷδονὲν
2545 1518 2829 1574 ἐκστάσει
2861 1521 3071 1592 ὅραμα,
3105 1526 3466 1580 καταϐαῖνον
3501 1528 3725 1593 σκεῦός

2156 1619 2230 1668 τι,
2260 1604 2342 1670 ὡς
2374 1606 2595 1675 ὀθόνην
2614 1610 2888 1680 μεγάλην
2932 1612 3264 1683 τέσσαρσιν
3293 1616 3505 1684 ἀρχαῖς
3531 1621 3725 1673 καθιε-

479 1683 645 1737 initiis
695 1685 759 1739 de
831 1685 954 1739 cwlo
1011 1684 1416 1752 demittebatur,
1470 1702 1531 1739 ac
1583 1686 1817 1756 pervenit
1887 1703 2048 1758 usque

2162 1692 2347 1761 μένην
2371 1694 2439 1750 ὲκ
2471 1699 2579 1754 τοῦ
2608 1702 2888 1770 οὐρανοῦ,
2920 1706 3017 1759 καί
3048 1704 3237 1776 ἦλθεν
3268 1683 3439 1777 ἄχρις
3471 1708 3617 1778 ἐμοῦ
3636 1727 3651 1743 ·

479 1775 552 1826 ad
578 1790 704 1828 me:

555 1861 718 1917 Vens.
737 1862 790 1918 6.
810 1863 875 1916 In
906 1866 1043 1933 quod
1063 1865 1289 1929 intuens,
1321 1865 1802 1920 animadvertebam
1826 1882 1889 1919 ac
1912 1866 2053 1921 vide-
2098 1886 2101 1887 '

2223 1875 2331 1939 Είς
2360 1873 2442 1943 ἢν
2483 1876 2786 1948 ἀτενίσας,
2825 1884 3150 1940 κατενόουν
3187 1886 3284 1941 καὶ
3333 1882 3496 1943 εἶδον
3527 1888 3598 1943 τὰ
3632 1908 3725 1945 τε-

484 1952 602 2005 bam
643 1953 1007 2023 quadrupedes
1045 1961 1220 2018 terrm,
1253 1970 1317 2007 ac
1374 1956 1536 2024 feras,
1588 1966 1637 2007 et
1688 1963 1973 2023 serpentes,
2006 1962 2054 2008 et

2162 1961 2420 2029 τράποδα
2451 1966 2562 2036 τῆς
2589 1968 2723 2038 γῆς,
2766 1972 2863 2025 καὶ
2897 1974 2972 2029 τὰ
3011 1975 3205 2043 θηρία,
3235 1977 3335 2032 καί
3379 1977 3451 2033 τὰ
3487 1979 3722 2048 ἑρπετὰ,

397 2096 400 2098 ν
483 2043 719 2097 volucres
748 2044 882 2098 caeli.

555 2131 717 2189 Vsus.
747 2135 799 2188 7.
825 2134 1016 2188 Audivi
1040 2135 1164 2188 item
1194 2149 1367 2187 vocem
1390 2135 1644 2189 dicentem
1670 2135 1835 2191 mihi:
1864 2133 2050 2206 Surge,

483 2223 658 2288 Petre,
693 2233 866 2278 macta
904 2235 953 2279 et
981 2226 1208 2279 comede.

555 2314 715 2371 Vens.
749 2316 803 2372 8.
835 2317 912 2371 Ac
939 2318 1086 2373 dixi:
1138 2318 1372 2379 Minime,
1424 2317 1685 2378 Domine:
1740 2320 1865 2390 quia
1925 2322 2057 2375 nihil

2155 2052 2254 2107 καί
2290 2055 2362 2110 τὰ
2393 2059 2635 2113 πετεινὰ
2662 2061 2768 2116 τοῦ
2797 2065 3078 2130 οὐρανοῦ.

2233 2146 2505 2204 Ἤκουσα
2537 2150 2607 2203 δὲ
2653 2153 2859 2222 φωνῆς
2895 2158 3195 2227 λεγούσης
3214 2176 3318 2229 μοι
3338 2176 3354 2193 ο
3410 2159 3725 2231 Ἀναστὰς,

2152 2239 2357 2306 Πέτρε,
2382 2242 2578 2297 θῦσον
2614 2244 2709 2297 καὶ
2744 2245 2920 2315 φάγε.

2218 2326 2410 2385 Εἶπον
2452 2331 2554 2386 δέ·
2612 2334 2929 2404 Μηδαμῶς,
2972 2339 3189 2407 Κύριεο
3222 2341 3309 2395 ὅτι
3348 2343 3473 2399 πᾶν
3521 2344 3729 2399 κοινὸν

485 2407 756 2463 commune
818 2418 869 2463 et
926 2410 1254 2464 immundum
1319 2426 1551 2480 unquam
1607 2410 1826 2466 intravit
1883 2413 1938 2467 in
1997 2430 2054 2469 as

2162 2421 2256 2476 καὶ
2282 2422 2620 2494 ἀκάθαρτον
2645 2427 2689 2459 ¹⁶
2716 2426 3003 2484 οὐδέποτε
3026 2431 3315 2502 είσῆλθεν
3341 2435 3428 2501 είς
3448 2434 3514 2489 τὸ
3534 2437 3730 2503 στόμα

485 2513 679 2553 nteurn.

561 2586 723 2643 Vens.
774 2590 828 2646 9.
862 2590 1143 2661 Respondit
1191 2602 1371 2646 autem
1431 2594 1559 2648 milii
1611 2610 1709 2649 vox
1750 2595 1942 2650 iterum
1991 2598 2054 2651 de

488 2676 650 2731 caelo:
709 2678 837 2743 Qua’
878 2678 1023 2735 Deus
1090 2684 1362 2754 purgavit,
1396 2694 1451 2738 tu
1499 2686 1794 2740 communia
1848 2704 1912 2742 ne
1955 2705 2051 2758 pu-

492 2773 585 2820 ((8.

2148 2528 2271 2581 μου
2287 2526 2303 2542 ·

2242 2600 2555 2672 Ἀπεκρίθη
2592 2603 2660 2658 δέ
2698 2622 2801 2674 μοι
2853 2606 3021 2677 φωνὴ
3058 2607 3126 2663 ἐκ
3184 2609 3466 2680 δευτέρου
3517 2613 3584 2668 ἐκ
3618 2612 3731 2667 τοῦ

2160 2693 2452 2760 οὐρανοῦ·
2494 2696 2562 2750 Ἀ
2595 2698 2629 2751 ό
2663 2697 2806 2765 Θεὸς
2828 2698 3080 2769 ἐκάθαρε
3104 2702 3171 2769 ’⁷,
3205 2701 3287 2757 σὺ
3306 2703 3392 2773 μὴ
3425 2705 3652 2762 κοίνου.

562 2855 724 2912 Vsus.
757 2858 840 2913 10.
875 2860 1046 2931 Atque
1097 2862 1192 2916 hoc
1224 2865 1425 2935 factum
1474 2876 1549 2921 est
1594 2878 1711 2923 ter:
1763 2884 1830 2923 ac
1872 2884 2055 2924 rursus

486 2950 664 3002 omnia
695 2949 953 3005 subducta
983 2961 1106 3007 sunt
1128 2955 1183 3007 in
1202 2955 1407 3011 caelum.
1479 2988 1482 2992 ι

2162 2969 2273 3033 σθη
2305 2967 2542 3022 ἅπαντα
2576 2971 2665 3036 εὶς
2697 2970 2805 3024 τὸν
2834 2949 3115 3039 οὐρανόν.

555 3037 744 3095 Vidisti
780 3040 954 3096 zelum
988 3043 1339 3116 studiumque
1371 3047 1692 3110 vehemens,
1726 3062 1836 3117 quo
1877 3046 2049 3118 legem

2226 3055 2383 3122 Εἶδες
2408 3059 2499 3113 τὸν
2532 3058 2713 3130 ζῆλον,
2753 3061 2811 3115 ὃν
2843 3037 2989 3134 εἷγον
3018 3063 3157 3136 ὑπὲρ
3200 3066 3296 3120 τοῦ
3331 3068 3516 3139 νόμον.
3557 3072 3632 3126 Οὒ
3665 3073 3726 3126 τδ

488 3130 800 3186 tuebantur.
831 3132 949 3188 Non
974 3134 1290 3205 dignitatem
1320 3136 1431 3206 96
1457 3136 1600 3190 Petri
1631 3136 1848 3190 reveriti
1883 3117 2049 3190 sunt:

2162 3117 2377 3217 ἀξίωμα
2400 3117 2608 3220 Πέτροῦ
2642 3117 2968 3221 ᾐδέσθησαν,
2997 3153 3058 3207 οὐ
3088 3117 3156 3209 1:;
3188 3117 3728 3232 {eisuézavenp'ezg

485 3236 594 3276 non
624 3223 799 3293 signa,
825 3239 945 3293 quae
984 3223 1127 3278 facta
1158 3232 1346 3279 erant:
1403 3241 1511 3279 non
1545 3236 1937 3295 reputaret-unt
1965 3241 2051 3281 res

2162 3239 2217 3292 οὐ
2248 3240 2309 3293 τδ
2338 3240 2669 3312 κατόρθωμα
2716 3243 2839 3297 ὅσον
2884 3242 2951 3317 ἦν
3000 3247 3060 3300 to
3093 3223 3350 3316 δέξασθαι
3394 3254 3486 3308 τὸν
3533 3223 3725 3325 λόγονί

485 3321 708 3380 quanta,
757 3328 919 3383 quam
971 3313 1113 3368 bene
1174 3322 1327 3384 gesta
1381 3325 1547 3379 esset,
1596 3330 1825 3387 nempe,
1872 3324 1934 3370 ut
1983 3318 2053 3372 ab

2162 3331 2271 3385 ἀλλ’
2306 3331 2444 3403 ὑπὲρ
2475 3331 2585 3387 τῶν
2634 3335 2847 3404 μικρῶν
2899 3313 3123 3394 ἐκείνων
3165 3313 3518 3411 διεκρίνοντο.
3565 3313 3627 3399 0i
3664 3349 3729 3400 ἐκ

483 3403 690 3458 exteris
744 3405 973 3459 verbum
1026 3404 1122 3459 Dei
1182 3406 1553 3475 reciperetur:
1607 3407 1703 3462 sed
1755 3407 1822 3462 de
1871 3407 2055 3476 parvis

2162 3424 2457 3494 περιτομῆς
2503 3403 2857 3496 διεκρίνοντο,
2911 3429 3008 3501 οὐχ
3062 3432 3112 3485 o!

2232 2876 2410 2932 Τοῦτο
2433 2877 2502 2931 δὲ
2538 2878 2774 2948 ἐγένετο
2801 2880 2900 2935 ἐπὶ
2936 2883 3087 2950 τρίς*
3115 2884 3215 2939 καί
3242 2885 3432 2941 πάλιν
3463 2887 3728 2944 ἀνεσπά-

486 3432 690 3458 ωιιῦηθ
749 3432 973 3459 ντιυυιιι
1031 3432 1122 3459 UCI
1184 3432 1553 3475 I‘UUIPCI‘UIUI‘;
1607 3432 1703 3462 διειι
1755 3432 1822 3462 UC
1871 3432 2055 3476 parvus

486 3498 593 3554 illis
631 3498 1034 3569 disceptabant.
1067 3500 1170 3566 Qui
1201 3509 1361 3556 erant
1381 3501 1449 3556 de
1478 3517 1675 3572 genere
1702 3503 2056 3558 circumciso-

2162 3432 2457 3494 περιτομῆς
2503 3432 2857 3496 διεκρίνοντο,
2911 3432 3008 3501 οὐχ
3062 3432 3112 3485 οε
3152 3432 3470 3508 ἀπόστολοι·
3525 3438 3599 3507 μὴ
3632 3438 3728 3507 γέ-

2162 3523 2316 3562 νοιτο.
2339 3509 2413 3561 Οὐ
2447 3508 2663 3578 λέγουσι
2688 3510 2764 3578 δὲ,
2795 3513 2896 3567 Διὰ
2925 3515 2977 3567 τί
3006 3516 3401 3587 κατήγγειλαςς
3448 3521 3605 3586 ἀλλὰ,
3632 3525 3730 3578 Διὰ

482 3604 603 3644 rum
634 3589 1030 3659 disceptabant,
1061 3608 1172 3648 non
1223 3593 1479 3663 apostoli.
1518 3594 1695 3651 Absit.
1718 3594 1839 3650 Non
1864 3595 2054 3650 dicunt

2162 3597 2209 3650 τί
2250 3599 2586 3669 συνέφαγες;
2623 3600 2681 3654 Ὃ
2706 3601 2763 3655 δὲ
2822 3603 3030 3674 Πέτρος
3061 3605 3123 3659 οὐ
3153 3607 3292 3679 πρὸς
3334 3608 3491 3662 τοῦτο
3542 3610 3731 3664 ἵστατο

481 3691 699 3737 autem:
748 3680 860 3739 Cur
910 3684 1279 3740 annuntiasti?
1338 3686 1453 3751 sed,
1500 3685 1627 3742 'Cur
1706 3702 1813 3742 una
1874 3686 2052 3742 cibum

2162 3687 2216 3740 τδ
2243 3686 2471 3759 ψυχρὸν,
2506 3691 2641 3744 ἀλλὰ
2670 3693 2808 3761 πρὸς
2850 3696 3026 3749 ἐκεῖνο
3053 3697 3111 3750 τὸ
3142 3698 3308 3768 μέγα,
3339 3700 3420 3754 δτι
3462 3701 3522 3754 El
3555 3701 3732 3755 Πνεῦ-

483 3775 802 3843 sumpsisti?
824 3774 894 3831 At
943 3775 1140 3833 Petrus
1169 3777 1224 3832 in
1256 3777 1382 3842 hoc,
1415 3779 1560 3848 quod
1598 3778 1854 3850 frigidum
1904 3788 2042 3842 erat,

2163 3794 2333 3847 ματος
2369 3779 2689 3849 μετέλαϐον,
2725 3783 2880 3853 φησὶ,
2913 3784 3031 3849 πῶς
3059 3785 3249 3841 τούτου
3281 3789 3599 3859 μεταδοῦναι
3629 3793 3732 3848 οὐκ

484 3878 594 3918 non
624 3862 976 3933 consistebél,
1004 3882 1104 3923 nec
1128 3869 1541 3935 immorabatur,
1576 3870 1672 3925 sed
1699 3871 1753 3925 in
1777 3871 1888 3935 illo,
1912 3870 2056 3941 quod

2162 3865 2261 3941 ἧνς
2291 3871 2542 3926 Δείκνυσι
2571 3874 2628 3928 δὲ
2666 3874 2755 3927 διὰ
2783 3876 2883 3945 τῆς
2912 3875 3234 3947 ἀπολογίας,
3281 3880 3471 3935 ἑαυτὸν
3500 3883 3598 3954 μὲν
3634 3885 3730 3937 οὐ·

488 3968 741 4026 magnum
784 3966 903 4014 erat
933 3973 950 4012 τ
981 3973 1200 4028 nempe,
1228 3957 1285 4013 Si
1315 3958 1601 4030 Spiritum,
1625 3961 1821 4031 inquit,
1844 3963 1986 4018 sicut
2005 3969 2056 4018 et

2162 3960 2331 4032 δαμοῦ
2361 3965 2535 4020 αἴτιον
2556 3982 2571 3997 ·
2597 3968 2875 4036 πανταχοῦ
2903 3969 2961 4022 δὲ
2990 3969 3082 4024 τὸν
3117 3971 3275 4037 Θεὸν,
3300 3973 3386 4042 ἐφ’
3417 3973 3477 4028 ὃν
3509 3976 3663 4047 ἒριψε
3686 3977 3732 4010 ⁸⁸

485 4060 607 4113 nos,
641 4058 991 4118 acceperunt,
1023 4052 1118 4120 qui
1166 4052 1271 4106 hoc
1305 4052 1410 4107 illis
1462 4053 1730 4122 impartiri
1764 4068 1870 4107 non
1924 4053 2056 4109 lice-

2162 4055 2220 4109 τὸ
2256 4059 2384 4111 πᾶν.
2419 4059 2493 4112 Τὸ
2521 4059 2714 4124 σκεῦος
2749 4062 2877 4132 γὰρ,
2917 4062 3102 4133 φησὶν,
3141 4064 3306 4130 αὐτὸς
3357 4066 3583 4132 ἔδειξενο
3621 4068 3733 4138 ἐγὼ

487 4138 618 4194 bat?
647 4139 895 4196 Ostendit
919 4150 1101 4197 autem
1134 4159 1226 4213 per
1258 4159 1409 4199 suam
1433 4145 1808 4200 defensionem
1842 4160 1901 4199 se
1934 4147 2056 4216 qui-

2162 4147 2438 4203 ἀντείπον.
2486 4151 2595 4203 Καὶ
2637 4152 2801 4206 πάλιν
2843 4153 3006 4216 αὐτὸς
3047 4150 3207 4207 εἷπε·
3257 4156 3351 4209 καὶ
3392 4157 3513 4212 οὐδὲ
3562 4159 3735 4223 οὕτως

486 4231 611 4285 dem
641 4248 905 4303 nusquam
939 4275 955 4301 ,
1014 4236 1216 4306 ubique
1246 4251 1375 4292 vero
1421 4254 1637 4293 causam
1665 4248 1721 4293 et
1779 4248 2056 4295 auctorem

2162 4239 2392 4309 ἥκουσα.
2421 4239 2498 4295 Τὸ
2538 4240 2763 4310 Πνεῦμα
2807 4242 3094 4317 ἐκέλευσεν
3141 4244 3429 4298 ἀπελθεῖνο
3459 4246 3734 4309 ἀπελθὼν.

488 4321 567 4376 rei
599 4333 765 4394 gesta:
793 4339 915 4381 esse
965 4325 1158 4392 Deum,
1216 4327 1270 4381 in
1330 4343 1490 4397 quem
1549 4328 1726 4398 reiicit
1777 4331 2056 4401 negotium

2163 4332 2263 4385 οὐκ
2288 4332 2616 4403 ἐπέδραμον,
2645 4332 2755 4385 οὐδ’
2776 4332 2980 4398 εὐθέως
3012 4334 3283 4390 ἐϐάπτισα
3302 4351 3317 4366 ’
3346 4335 3483 4389 ἀλλὰ
3514 4336 3676 4390 πάλιν
3704 4339 3736 4391 ὁ

489 4424 683 4471 totum.
714 4415 821 4472 Vas
864 4419 1032 4485 enim,
1073 4420 1268 4489 inquit,
1304 4419 1421 4490 ipse
1470 4421 1735 4480 ostendit:
1787 4438 1886 4493 ego
1921 4438 2048 4478 eon-

2162 4423 2293 4487 Θεδς
2313 4425 2373 4476 τὸ
2396 4426 2506 4478 πᾶν
2533 4424 2847 4495 εἰργάσατο.
2880 4428 3159 4483 ’Ἤκουσα
3185 4430 3254 4484 δὲ
3281 4431 3381 4485 καί
3411 4429 3614 4501 φωνῆς
3635 4435 3737 4486 λε-

489 4505 721 4573 tradixi;
762 4522 828 4561 ac
876 4525 1065 4566 rursus
1116 4510 1230 4578 ipse
1276 4510 1448 4575 dixit,
1494 4526 1559 4567 ac
1611 4528 1681 4567 ne
1711 4513 1791 4570 sic
1837 4514 2056 4585 quidem

2162 4515 2388 4583 νούσης
2408 4533 2530 4584 μοι.
2571 4516 2774 4571 Ἱκανὸν
2806 4517 2905 4588 μὲν
2949 4515 3019 4590 ἦν
3074 4523 3170 4575 καὶ
3219 4520 3376 4575 τοῦτο
3424 4525 3629 4586 πείσαι,
3673 4522 3736 4576 τδ

492 4594 733 4653 obedivi.
769 4596 1006 4667 Spiritus
1025 4599 1192 4668 jussit
1223 4600 1412 4653 abire:
1455 4602 1646 4657 abiens
1679 4620 1785 4659 non
1819 4603 2056 4668 accurri,

489 4696 666 4750 neque
719 4685 899 4738 statim
956 4684 1224 4754 baptizavi
1268 4701 1284 4739 :

491 4780 607 4824 tum
639 4773 913 4844 negotium
981 4775 1208 4847 peregit.
1269 4778 1461 4834 Audivi
1510 4792 1681 4836 autent
1705 4785 1865 4836 etiam
1890 4798 2061 4837 vocem

491 4862 745 4917 dicentem
798 4864 944 4921 mihi.
999 4865 1143 4922 Satis
1189 4869 1409 4939 quidam
1478 4880 1595 4927 erat
1650 4873 1813 4926 etiam
1865 4873 1966 4927 hoc
1992 4873 2058 4928 ad

492 4955 954 5025 persuadendum,
1019 4973 1250 5028 nempe,
1303 4961 1447 5030 quod
1506 4962 1747 5017 videram
1795 4963 2059 5022 linteum:

494 5065 685 5105 verum
722 5058 904 5106 tamen
933 5051 1097 5109 etiam
1126 5071 1229 5110 vox
1259 5056 1469 5126 adjecta
1510 5067 1596 5111 est
1625 5075 1638 5109 :
1671 5055 1857 5126 Surge,
1883 5057 2059 5125 Petre,

498 5150 671 5194 macta
712 5151 762 5199 et
790 5146 1018 5199 comede.
1050 5145 1125 5199 Ae
1148 5147 1280 5213 dixi,
1315 5145 1557 5211 Minime,
1589 5145 1841 5201 Domine.
1876 5147 2061 5216 Vides,

497 5230 699 5303 inquit,
723 5248 811 5290 me
836 5250 1017 5292 meum
1064 5236 1256 5295 iecisse
1280 5236 1538 5292 cilicium.
1594 5237 1765 5294 Porro
1808 5238 2059 5296 defensio

2163 4605 2463 4658 Θεάσασθαι
2497 4607 2596 4677 τὴν
2644 4608 2874 4675 σινδόνα,
2912 4610 3051 4681 πλὴν
3080 4612 3215 4666 ἀλλὰ
3258 4613 3352 4668 καὶ
3383 4613 3535 4684 φωνὴ
3560 4630 3733 4684 προσ-

1340 4688 1435 4741 εειι
1508 4689 1650 4744 Deus
1723 4706 1912 4746 rursus
1977 4701 2056 4746 ιο-

2164 4692 2355 4764 ετέθη’
2386 4695 2703 4761 Ἀναστὰς,
2741 4695 2942 4765 Πέτρε,
2980 4698 3174 4753 θῦσον
3214 4700 3312 4753 καὶ
3346 4700 3517 4769 φάγε.
3545 4697 3734 4756 Εἶπον

2166 4783 2233 4838 δέ
2256 4801 2268 4815 ·
2301 4784 2618 4855 Μηδαμῶς,
2650 4789 2848 4856 Κύριε.
2888 4789 3052 4861 Ὁρᾷς
3096 4789 3176 4844 ὅτι
3214 4790 3275 4843 τὸ
3319 4791 3451 4859 ἐμὸν
3481 4790 3733 4861 ἐποίησα,

2169 4875 2323 4945 φησι.
2366 4876 2509 4945 Πρὸς
2536 4876 2696 4930 τοῦτο
2734 4877 2791 4930 δὲ
2820 4880 2853 4947 ἡ
2897 4879 3183 4946 ἀπολογία,
3214 4879 3243 4932 δ
3290 4879 3477 4947 ἔλεγον
3514 4880 3733 4943 ἐκεῖνοι,

2165 4967 2246 5021 ὅτι
2271 4966 2572 5035 Εἰσῆλθες
2597 4968 2695 5021 καί
2719 4967 3058 5037 συνέφαγες
3094 4967 3319 5035 αὐτοῖς.
3361 4968 3736 5037 Ἀπολογεῖται

2170 5058 2250 5120 δὲ,
2283 5058 2379 5110 καὶ
2403 5057 2502 5110 οὐκ
2524 5056 2668 5120 ἀξιοῖ
2687 5058 2764 5128 τῷ
2782 5056 2876 5112 τοῦ
2901 5056 3221 5112 διδασκάλου
3240 5056 3512 5129 ἀξιώματι
3538 5059 3738 5128 κεχρῆο

2169 5146 2315 5201 σθαι.
2352 5147 2504 5218 Ὀσῳ
2556 5146 2663 5220 γὰρ
2698 5148 3100 5220 ἐπιεικέστερον
3144 5148 3463 5218 φθέγγεται,
3498 5146 3739 5216 τοσούτῳ

2170 5240 2369 5311 μᾶλλον
2394 5238 2592 5303 αὐτοὺς
2622 5239 2922 5308 χειροῦται.

497 5335 708 5394 spectat
729 5327 797 5383 ad
829 5327 904 5394 id,
928 5330 1070 5399 quod
1098 5328 1174 5383 illi
1212 5330 1486 5394 dicebant,
1526 5345 1757 5399 nempe:
1792 5330 2060 5403 Ingressus
2094 5350 2169 5401 es,
2192 5340 2242 5388 et
2282 5348 2390 5387 una
2415 5332 2685 5387 eomedisti
2722 5348 2840 5386 eum
2865 5332 2989 5387 illis.
3026 5331 3257 5389 Causam
3333 5339 3513 5387 autem
3582 5340 3736 5385 suam

569 5441 613 5474 ⁸⁸
654 5444 812 5499 Rom.
864 5460 940 5510 vr,
991 5444 1048 5498 4.
1126 5445 1171 5478 ³⁸
1223 5444 1380 5512 ibid.,
1438 5445 1493 5501 6.
1568 5446 1803 5514 “ibid.,
1844 5449 1899 5504 5.

1711 5540 1908 5602 νει-ἰῶ
1955 5540 2260 5604 lectiones
2302 5548 2363 5602 et
2408 5547 2573 5601 noue

575 5630 617 5661 “
652 5629 715 5683 In
746 5632 958 5702 vulgato
996 5645 1091 5699 est,
1123 5635 1156 5706 ἢ
1198 5637 1292 5691 καὶ
1312 5636 1639 5710 ἀκάθαρτον.
1720 5640 1761 5673 ¹⁷
1788 5637 1855 5696 In
1899 5642 2051 5713 vulga

2162 5650 2237 5709 ἐι,
2264 5638 2577 5711 ἐκιθάρισε.
2656 5635 2699 5671 ’⁸
2727 5636 2939 5711 ἔρριψε,
2972 5636 3058 5692 τσ.

564 5722 603 5761 -Ιι
650 5722 708 5776 ν.
738 5723 798 5778 In
821 5732 1035 5782 excessu
1064 5732 1247 5786 mentis
1282 5748 1427 5789 mea.
