4116 6216
354 325 466 387 673

1045 319 1447 381 EXPOSITIO
1480 320 1560 379 ΙΝ
1592 319 1779 379 ACTA
1810 317 2382 379 APOSTOLOBUM.
2419 343 2484 352 -
2524 316 2679 377 CAP.
2709 316 2815 377 XI.

3503 308 3608 378 674

361 435 513 500 dicit,
552 444 608 489 et
650 446 761 488 non
812 430 924 486 vult
965 428 1042 483 uti
1092 430 1354 501 dignitate
1398 428 1664 500 magistri.
1717 429 1932 493 Quanto
1969 426 2116 481 enim
2144 426 2335 480 mitius
2394 439 2460 479 ac
2530 423 2818 494 benignius
2871 399 3173 490 loquitur,
3222 424 3376 475 tanto
3431 435 3610 495 magis

363 543 460 583 eos
497 526 553 579 in
604 539 763 579 suam
814 531 1141 592 potestatem
1187 529 1350 589 atque
1394 518 1722 574 sententiam
1758 515 1997 572 adducit.

438 621 547 676 Kal
601 619 734 676 ῑὸοὺ
772 619 840 684 ἐξ
880 617 1071 687 αὐτῆς
1130 617 1281 685 τρεῖς
1331 614 1547 684 ἄνδρες
1591 612 1942 679 ἐπέστησαν

2115 614 2276 668 Vens.
2304 613 2390 666 Η.
2426 610 2492 664 Et
2544 626 2656 665 ecce
2686 606 2944 678 extemplo
2990 606 3090 660 viri
3125 614 3228 659 tres
3262 613 3451 674 prwsto
3494 604 3612 673 fut--

366 708 461 763 ἑπί
498 708 612 776 τὴν
645 707 863 771 οὶκίαν,
901 705 970 759 ἐν
1010 701 1051 777 ᾗ
1084 704 1267 775 ἤμην,
1316 702 1761 772 ἀπεσταλμένοι
1820 702 1939 757 ἀπὸ

368 800 726 866 Καισαρείας
750 798 900 864 πρός
932 813 1029 865 με.

443 889 593 943 Eine
641 886 711 941 δέ
761 903 864 955 μοι
906 886 974 939 τὸ
1029 884 1296 953 Πνεῦμα,
1345 881 1670 938 συνελθεῖν
1714 881 1938 947 αὐτοῖς,

363 981 558 1052 μηδὲν
589 979 1045 1046 διακρινόμενον
1064 992 1077 1007 ·
1107 972 1300 1047 ἦλθον
1330 974 1401 1028 δὲ
1441 974 1564 1028 σὺν
1597 974 1726 1043 ἐμοὶ
1753 972 1854 1026 καὶ
1887 974 1942 1026 ol

367 1074 437 1135 ἐξ
462 1069 717 1139 ἀδελφοί
744 1064 933 1133 οὗτοι,
969 1066 1069 1123 καί
1097 1067 1463 1137 εἰσήλθομεν
1507 1067 1596 1133 είς
1628 1066 1739 1121 τὸν
1773 1060 1945 1120 οἷκον

371 1163 479 1219 τοῦ
508 1162 733 1227 ἀνδρός
752 1176 769 1192 ⁸

454 1250 809 1323 Ἀπήγγειλέ
834 1267 903 1305 τε
939 1250 1084 1320 ἡμῖν
1128 1248 1255 1317 πῶς
1281 1245 1402 1305 εἶδε
1440 1249 1549 1304 τὸν
1575 1248 1835 1318 ἄγγελον
1877 1247 1945 1301 ἐν

373 1347 454 1413 τῷ
496 1348 641 1414 οἴκῳ
697 1345 885 1399 αὐτοῦ
931 1342 1228 1399 σταθέντα
1282 1342 1381 1396 καί
1435 1343 1681 1396 είπόντα
1741 1339 1901 1405 αὐτῷ
1926 1357 1940 1371 ο

385 1437 780 1493 Ἀπόστειλον
802 1438 889 1500 είς
914 1435 1167 1502 Ἰόππην
1185 1433 1428 1502 ἄνδρας,
1441 1431 1539 1486 καί
1561 1430 1943 1501 μετάπεμψαι

374 1531 608 1601 Σίμωνα
634 1529 741 1584 τὸν
764 1528 1245 1598 ἐπικαλούμενον
1272 1524 1522 1592 Πέτρον,

449 1625 555 1690 ’ος
585 1620 849 1688 λαλήσει
888 1617 1127 1688 ῥήματα
1158 1617 1306 1686 πρὸς
1342 1618 1439 1684 σὲ,
1461 1616 1532 1670 ἐν
1574 1610 1666 1684 οἷς
1689 1616 1944 1684 σωθήσῃ

375 1714 457 1768 σὺ
490 1712 588 1768 καὶ
616 1710 736 1778 πᾶς
761 1712 795 1766 ὁ
817 1706 982 1776 οῖκός
1008 1725 1147 1764 σου.

459 1805 555 1858 Ἐν
586 1802 655 1857 δὲ
683 1802 763 1867 τῷ
788 1802 831 1835 ¹⁹
874 1800 1171 1870 ἄρξασθαι
1197 1816 1275 1869 με
1316 1798 1550 1863 λαλεῖν,
1584 1797 1847 1853 ἐπέπεσε
1877 1797 1947 1852 τὸ

2041 715 2166 761 runt
2197 708 2253 759 in
2283 704 2505 770 sedibus,
2552 704 2607 757 in
2657 701 2842 772 quibus
2864 716 3034 763 eram,
3082 714 3115 753 a
3166 696 3410 753 Ctesareu
3462 698 3609 751 missi

2040 797 2112 850 ad
2137 812 2238 850 me.

2112 885 2274 942 Vens.
2303 886 2389 941 12.
2440 886 2518 939 Ac
2546 884 2679 939 dixit
2708 883 2834 937 mihi
2876 880 3145 950 Spiritus,
3203 887 3261 934 ut
3312 879 3446 934 irem
3474 895 3611 933 eum

2041 976 2149 1031 illis
2183 976 2316 1030 nihil
2350 975 2620 1029 lawsitans.
2654 972 2909 1027 Venerunt
2958 983 3136 1025 autem
3193 985 3395 1023 mecum
3441 969 3606 1023 etiam

2041 1067 2131 1122 isti
2159 1069 2352 1139 fratres
2383 1081 2497 1131 sex,
2526 1073 2576 1118 et
2602 1061 2821 1133 ingressi
2842 1076 3025 1114 sumus
3042 1059 3254 1112 domum
3280 1056 3405 1121 viri,

2115 1245 2280 1301 Vens.
2305 1244 2393 1298 i3.
2420 1242 2521 1309 Qui
2542 1244 2781 1306 exposuit
2808 1239 2972 1301 nobis,
3005 1235 3444 1308 quemadmodum
3468 1234 3611 1287 domi

2043 1354 2155 1394 sua:
2207 1338 2416 1391 vidisset
2470 1334 2716 1403 angelum
2778 1339 3002 1385 stantem
3058 1344 3122 1382 ac
3180 1327 3436 1381 dicentem
3464 1326 3609 1379 sibi:

2046 1429 2200 1485 Mitte
2230 1430 2367 1482 viros
2388 1428 2444 1481 in
2469 1426 2692 1496 Joppen,
2727 1433 2775 1479 et
2833 1437 3041 1478 accerse
3088 1420 3375 1484 Simonem,
3424 1433 3614 1488 cogno-

2045 1529 2218 1576 mento
2249 1518 2487 1581 Petrum,

2118 1608 2284 1664 Vens.
2319 1607 2408 1661 14.
2434 1604 2536 1670 Qui
2563 1604 2804 1675 loquetur
2821 1602 2975 1656 verba
3005 1600 3076 1654 ad
3100 1608 3169 1665 te,
3218 1599 3405 1668 quibus
3435 1611 3617 1651 serva-

2045 1698 2182 1753 beris
2214 1706 2271 1750 tu
2308 1705 2356 1750 et
2390 1702 2500 1748 tota
2521 1694 2708 1746 domus
2741 1700 2855 1744 tua.

2115 1786 2277 1842 Vens.
2311 1785 2398 1840 15.
2428 1784 2560 1840 Cum
2588 1790 2763 1835 autem
2795 1779 3060 1850 coepissem
3086 1777 3249 1847 loqui,
3294 1776 3452 1829 irruit
3492 1773 3617 1842 Spi.

378 1896 620 1965 Πνεῦμα
646 1897 710 1950 τὸ
732 1864 1026 1965 ἅγιον-ἐπ’
1053 1864 1297 1958 αὐτούς,
1320 1889 1523 1960 ὥσπερ
1554 1889 1656 1944 καὶ
1674 1889 1767 1958 ἐφ’
1789 1887 1946 1958 ἡμᾶς

2063 1878 2179 1931 ritus
2209 1883 2425 1930 sanctus
2452 1871 2472 1911 ι
2498 1873 2554 1925 in
2575 1870 2712 1932 illos,
2750 1867 3193 1940 quemadmodum
3220 1866 3375 1920 etiam
3396 1866 3450 1917 in
3469 1864 3620 1918 initio

378 1989 447 2042 ἐν
479 1986 659 2056 ἀρχῇ.

461 2078 810 2147 Ἑμνήσθην
834 2075 902 2129 δὲ
923 2076 1033 2131 τοῦ
1063 2074 1334 2145 ῥήματος
1370 2073 1416 2106 ’⁸
1445 2071 1553 2128 τοῦ
1588 2072 1831 2140 Κυρίου,
1866 2070 1948 2136 ὡς

378 2170 592 2238 ἔλεγεν
624 2168 713 2223 ὅτι
746 2167 1024 2236 Ἰωάννης
1043 2167 1159 2236 μὲν
1185 2164 1512 2221 ἐϐάπτισεν
1533 2162 1704 2219 ὕδατι
1727 2203 1743 2231 ,
1778 2161 1949 2233 ὑμεῖς

378 2263 447 2316 δὲ
468 2261 966 2328 βαπτισθήσεσθε
998 2260 1068 2314 ἐν
1099 2259 1397 2328 Πνεύματι
1426 2257 1592 2327 ἁγίῳ.

448 2359 517 2411 Εί
545 2351 658 2410 οὖν
687 2353 804 2422 τὴν
829 2353 975 2420 ἴσην
996 2351 1222 2420 δωρεὰν
1245 2350 1469 2405 ἔδωκεν
1489 2350 1695 2415 αὐτοῖς
1725 2351 1759 2403 ό
1780 2347 1946 2414 Θεὸς,

380 2447 460 2511 ὡς
480 2445 586 2499 ⁴καί
606 2445 753 2515 ἡμῖν
774 2444 1179 2498 πιστεύσασιν
1204 2441 1303 2497 ἐπὶ
1332 2443 1441 2495 τὸν
1465 2442 1685 2510 Κύριον
1705 2438 1951 2507 Ἰησοῦν

381 2540 639 2605 Χριστόν
658 2553 671 2566 ·
700 2534 815 2605 ἐγὼ
841 2534 911 2588 δὲ
941 2534 1033 2598 τίς
1056 2532 1220 2601 ήμην
1243 2530 1504 2598 δυνατὸς
1538 2530 1812 2585 κωλῦσαι
1841 2530 1951 2583 τὸν

386 2630 856 2762 Θῆίῖκρύσαντες
873 2695 942 2749 δὲ
968 2694 1172 2761 ταῦτα,
1190 2694 1520 2763 ἡσύχασαν
1547 2692 1647 2747 καί
1671 2688 1954 2756 ἐδόξαζον

384 2786 493 2839 τὸν
527 2786 697 2851 Θεὸν,
735 2782 1015 2852 λέγοντες
1035 2798 1050 2814 ’
1081 2777 1224 2851 Ἀρά
1251 2798 1317 2851 γε
1338 2781 1383 2812 ¹¹
1420 2780 1519 2835 καί
1551 2780 1677 2847 τοῖς
1708 2779 1953 2834 ἔθνεσιν

387 2877 421 2928 ὁ
456 2872 598 2940 Θεὸς
623 2873 739 2940 τὴν
760 2870 1088 2942 μετάνοιαν
1106 2870 1328 2925 ἔδωκεν
1346 2872 1433 2936 είς
1458 2868 1630 2938 ζωήν.

459 3055 680 3112 Ἦλθον
722 3055 791 3109 δὲ
835 3054 959 3110 σὺν
990 3053 1120 3125 ἐμοί
1157 3054 1254 3107 καί
1287 3056 1340 3108 οι
1384 3053 1454 3119 ἐξ
1489 3053 1737 3123 ἀδελφοί
1766 3048 1953 3111 οὗτοι.

392 3149 556 3203 Οὐδὲν
586 3150 986 3218 ταπεινότερον,
1036 3148 1164 3200 ὅταν
1194 3146 1302 3199 τῶν
1334 3146 1577 3214 ἀδελφῶν
1608 3147 1707 3218 τὴν
1738 3163 1947 3219 μαρτυο

1973 1941 2021 2003 Β
2048 1969 2104 2021 in
2133 1983 2246 2020 nos.

2122 2056 2280 2109 Vens.
2311 2053 2399 2107 16.
2435 2050 2562 2105 Tum
2594 2048 2901 2104 recordatus
2930 2061 3047 2099 sum
3075 2042 3213 2098 verbi
3240 2040 3476 2103 Domini,
3503 2056 3623 2095 cum

2049 2148 2241 2202 diceret
2266 2162 2285 2200 :
2306 2144 2543 2198 Joannes
2567 2141 2775 2211 quidem
2805 2154 2947 2208 aqua
2974 2135 3268 2206 baptizavit
3292 2150 3311 2188 :
3342 2149 3426 2188 ros
3446 2142 3623 2187 autent

2048 2234 2443 2306 baptizabimini
2472 2234 2528 2287 in
2554 2230 2760 2300 Spiritu
2788 2236 2991 2282 sancto.

2121 2327 2286 2383 Vens.
2312 2326 2400 2381 i7.
2447 2324 2508 2379 Si
2542 2324 2707 2395 igitur
2736 2322 2873 2374 idem
2903 2320 3097 2372 donum
3142 2316 3285 2370 dedit
3327 2315 3401 2369 eis
3453 2313 3617 2380 Deus,

2049 2422 2188 2491 quod
2240 2428 2290 2474 et
2353 2418 2538 2482 nobis,
2604 2413 2696 2484 qui
2757 2409 3152 2466 credideramus
3216 2407 3273 2460 in
3335 2406 3619 2460 Dominum

2048 2511 2227 2566 Iesum
2249 2508 2550 2563 Christum:
2608 2520 2702 2576 ego
2730 2518 2852 2557 vero
2902 2500 2999 2572 qui
3033 2499 3315 2570 potuissem
3358 2497 3627 2567 prohibere

2051 2601 2219 2656 Deum
2241 2600 2267 2653 ?
3043 2663 3051 2671 ι

2127 2693 2288 2747 Vens.
2326 2691 2411 2747 i8.
2465 2689 2663 2755 Quibus
2701 2685 2810 2740 illis
2857 2683 3080 2747 auditis,
3144 2681 3527 2744 conticuerunt,
3578 2690 3627 2734 et

2052 2784 2476 2857 gloriﬁcaverunt
2510 2780 2674 2833 Deum
2698 2778 2960 2830 dicentes:
2980 2773 3116 2844 Ergo
3140 2773 3329 2827 exteris
3351 2772 3460 2842 97
3494 2787 3628 2842 quo.

2054 2892 2155 2944 que
2217 2872 2522 2929 nationibus
2595 2869 2736 2924 Deus
2806 2865 3168 2937 paenitentiam
3225 2863 3368 2916 dedit
3426 2862 3497 2914 ad
3547 2860 3627 2914 ei-

2056 2976 2190 3020 tam.

2131 3056 2387 3112 Venerunt
2435 3061 2615 3106 autem
2664 3062 2872 3102 meeum
2926 3046 3087 3099 etiam
3132 3043 3220 3097 isti
3265 3042 3456 3113 fratres
3514 3053 3625 3092 seat.

2058 3147 2204 3203 Nihil
2252 3145 2431 3217 potuit
2483 3143 2597 3198 ﬁeri
2646 3138 2945 3200 humilius,
3006 3150 3168 3205 quam
3222 3148 3345 3197 cum
3401 3131 3628 3186 irati-um

396 3240 515 3330 ρίαν
556 3240 826 3307 ὲπάγηται
847 3252 862 3267 ’
890 3236 1013 3289 οὔτε
1041 3236 1109 3290 τὰ
1130 3236 1279 3305 παρὰ
1310 3236 1401 3290 τοῦ
1438 3236 1666 3305 ἀγγέλου
1702 3237 1955 3307 ρηθέντα,

2063 3237 2432 3314 testimonium
2486 3231 2759 3304 producit.
2827 3229 3016 3297 Neque
3085 3223 3311 3295 exponit
3368 3237 3452 3286 ea,
3512 3236 3635 3291 quae

392 3330 430 3385 ἃ.
467 3326 582 3383 εἷπε
614 3329 691 3401 τῷ
727 3327 1012 3399 Κορνηλίῳ
1035 3342 1049 3357 ·
1080 3328 1147 3381 Al
1178 3327 1355 3395 εὐχαί
1382 3340 1497 3380 σου
1546 3327 1645 3380 καί
1685 3329 1745 3379 al
1770 3327 1958 3394 ἐλεη-

2063 3312 2277 3388 diserat
2303 3326 2529 3398 angelus
2553 3323 2622 3378 ad
2658 3319 2995 3383 Cornelium,
3038 3329 3239 3385 nempe
3290 3312 3482 3367 Preces
3528 3322 3634 3365 tute

389 3423 652 3490 μοσύναι
680 3436 796 3474 σου
830 3435 845 3450 ·
877 3416 1002 3471 οὔτε
1056 3416 1185 3487 περὶ
1238 3420 1338 3488 τῆς
1389 3417 1692 3481 ἐπιεικείας
1738 3416 1958 3483 διέξεισι

395 3514 488 3567 τοῦ
513 3512 701 3580 ἀνδρὸς
725 3526 740 3542 ·
772 3509 893 3563 οὐδὲ
926 3508 1096 3576 λέγει,
1132 3508 1213 3562 ὅτι
1241 3506 1335 3561 τοῦ
1365 3507 1678 3579 Πνεὺματος
1715 3508 1963 3578 πέμψαν-

395 3620 508 3669 τος,
541 3601 634 3655 τοῦ
665 3598 802 3654 Θεοῦ
844 3596 1200 3660 κελεύσαντος
1246 3597 1334 3651 διὰ
1365 3595 1459 3649 τοῦ
1491 3596 1725 3664 ἀγγέλου
1751 3595 1962 3648 ἐκεῖθεν

397 3692 727 3747 καλέσαντος
757 3704 774 3720 ·
826 3686 941 3739 ἀλλ’
988 3686 1097 3740 ἀπ’)
1148 3683 1241 3737 τοῦ
1300 3684 1529 3753 ὑστέρου
1581 3681 1913 3756 ἰσχυρίζεται
1945 3698 1962 3714 ο

397 3778 428 3831 ὃ
457 3778 549 3831 καὶ
570 3775 691 3830 καθ’
731 3772 863 3828 αὐτὸ
895 3772 1375 3842 ἀναμφισϐήτητον
1406 3765 1474 3840 ἦν
1500 3770 1818 3839 τεκμήριον.
1853 3767 1968 3821 Οὐκ

401 3870 651 3939 ἀρκεῖται
697 3865 755 3918 δὲ
808 3864 921 3926 τοῖς
979 3861 1295 3935 εἰρημένοις
1319 3897 1335 3924 ,
1392 3857 1529 3911 ἀλλὰ
1576 3858 1670 3910 καὶ
1722 3858 1967 3928 ῥήματος

400 3961 802 4032 ἀναμιμνήσκει
831 3954 925 4009 τοῦ
960 3955 1191 4023 Κυρίου,
1225 3951 1286 4004 τὸ
1306 3951 1373 4016 ⁸⁸,
1425 3948 1611 4016 Ὑμεῖς
1644 3947 1711 4001 δὲ
1744 3949 1967 4013 ,βαπτι-

399 4048 706 4122 σθήσεσθε
737 4049 808 4103 ἐν
836 4046 1132 4116 Πνεύματι
1157 4042 1325 4112 ἁγίῳ.
1363 4039 1553 4103 Οὐδὲν,
1584 4040 1739 4109 φησὶ,
1779 4039 1967 4091 καινά-

399 4164 556 4219 τερον
581 4148 805 4215 γέγονεν
827 4159 841 4173 ·
886 4140 1003 4194 ἀλλ’
1033 4140 1171 4210 ὅπερ
1208 4137 1492 4206 προεῖπεν.
1549 4133 1694 4186 Ἀλλ’
1723 4133 1823 4186 οὐκ
1860 4133 1970 4187 ἔδει

405 4238 703 4311 βαπτίσαιο
753 4232 869 4287 ἀλλ’
914 4230 1221 4300 ἀπήρτιστο
1267 4225 1329 4279 τὸ
1389 4224 1693 4296 βάπτισμα.
1763 4224 1873 4278 Καὶ
1910 4223 1970 4276 οὐ

402 4331 573 4398 λέγει,
615 4324 909 4379 Ἐκέλευσα
940 4321 1135 4382 αὐτοὺς
1170 4315 1556 4389 βαπτισθῆναι,
1589 4314 1726 4369 ἀλλὰ
1756 4316 1961 4369 δείκνυο

405 4438 489 4474 σιν
542 4417 708 4473 αὑτὸν
775 4413 929 4467 οὐδὲν
978 4412 1312 4481 ποιήσαντα.
1371 4408 1552 4475 Ὅπερ
1617 4407 1970 4478 ἐσχήκαμεν,

405 4512 587 4580 φησὶν,
629 4509 809 4578 ἡμεῖς,
839 4501 1030 4556 ἔλαϐον
1075 4502 1291 4554 ἐκεῖνοι.
1314 4500 1380 4553 El
1402 4494 1517 4553 οὖν
1545 4497 1660 4565 τὴν
1693 4498 1839 4567 Υσην
1865 4498 1971 4553 δωο

2059 3432 2109 3478 et
2147 3421 2484 3487 elemosyna:
2532 3423 2672 3469 tute:
2706 3425 2881 3481 neque
2908 3408 3075 3465 verba
3102 3405 3230 3460 facit
3272 3404 3339 3459 de
3366 3403 3636 3474 probitate

2059 3528 2124 3568 ac
2152 3509 2485 3581 benignitate
2514 3504 2637 3569 viri,
2666 3517 2845 3573 neque
2870 3500 3021 3563 dicit,
3047 3511 3108 3553 se
3151 3495 3323 3551 missu
3378 3494 3635 3565 Spiritus,

2060 3607 2216 3674 jussu
2242 3600 2337 3656 Dei
2388 3613 2489 3669 per
2517 3596 2773 3666 angelum
2828 3592 2980 3647 illinc
3007 3588 3288 3645 evocantis
3330 3585 3635 3656 profectum

2067 3701 2224 3743 esse:
2281 3684 2377 3741 sed
2422 3699 2452 3737 a
2485 3683 2790 3751 posteriore
2842 3680 3045 3734 factum
3102 3694 3262 3735 suum
3321 3681 3644 3750 comprobat

2066 3785 2232 3846 atque
2285 3774 2593 3830 continuat.
2647 3769 2803 3837 Quod
2830 3778 2887 3823 et
2914 3784 3013 3840 per
3056 3783 3116 3824 se
3161 3778 3370 3824 certum
3421 3777 3539 3823 crat
3587 3777 3645 3823 et

2068 3865 2298 3922 minime
2321 3862 2635 3933 ambiguum
2668 3869 3075 3931 argumentum.
3100 3858 3208 3912 Sed
3231 3856 3318 3911 his
3343 3856 3505 3912 dictis
3530 3872 3642 3912 non

2068 3964 2154 4015 est
2175 3963 2487 4011 contentus.
2516 3952 2822 4018 Quinetiam
2843 3950 2992 4004 verbi
3016 3945 3280 4002 Dominici
3309 3946 3640 4000 mentionem

2071 4048 2236 4104 facit:
2286 4058 2505 4115 nempe,
2542 4043 2637 4099 Vos
2694 4040 3092 4112 baptizabimini
3114 4041 3168 4091 in
3198 4035 3400 4104 Spiritu
3437 4043 3638 4088 sancto.

2070 4139 2216 4196 Nihil
2242 4152 2467 4197 novum.
2499 4134 2701 4206 inquit,
2744 4131 2978 4187 accidit:
3010 4129 3129 4191 sed,
3169 4125 3317 4196 quod
3364 4124 3639 4195 praedixit.

2071 4232 2143 4286 At
2168 4243 2279 4284 non
2309 4226 2595 4299 oportebat
2618 4224 2893 4293 baptizare
2928 4237 2942 4274 :
2977 4228 3034 4276 at
3053 4218 3315 4289 baptisma
3344 4224 3462 4271 erat
3480 4215 3644 4269 abso-

2072 4321 2270 4376 lutum.
2328 4318 2407 4373 Ac
2458 4331 2571 4371 non
2629 4314 2783 4380 dicit,
2836 4311 2980 4369 Jussi
3029 4324 3126 4366 eos
3185 4307 3494 4378 baptizari:
3547 4305 3642 4361 sed

2072 4409 2313 4468 ostendit
2340 4424 2401 4464 se
2441 4406 2578 4462 nihil
2611 4404 2825 4461 fecisse.
2850 4401 3006 4469 Quod
3052 4415 3176 4465 nos,
3228 4398 3427 4468 inquit,
3451 4411 3645 4452 conse-

2073 4501 2187 4558 cuti
2234 4514 2460 4563 sumus,
2494 4498 2571 4552 illi
2622 4501 2968 4566 acceperunt.
3034 4490 3095 4548 Si
3144 4492 3307 4562 igitur
3354 4489 3494 4543 idem
3537 4487 3646 4542 illis

397 4579 546 4672 ,οεὰν
598 4600 823 4654 ἔδωκεν
875 4595 1079 4661 αὐτοῖς
1128 4597 1161 4649 ό
1200 4593 1366 4659 Θεὸς,
1397 4591 1478 4657 ὡς
1504 4591 1598 4644 καί
1625 4590 1803 4660 ἡμῖν,
1851 4591 1962 4644 Ἵνα

2072 4594 2265 4649 donum
2317 4588 2641 4672 Deusdedit
2694 4588 2833 4659 quod
2890 4585 3051 4639 etiam
3090 4584 3263 4637 nobis.
3318 4579 3389 4634 Ut
3433 4580 3514 4633 eis
3552 4592 3646 4632 ora

403 4690 664 4764 ἐμφράξῃ
687 4686 866 4744 αὐτῶν
896 4688 967 4741 τὰ
1011 4686 1280 4757 στόματα,
1312 4684 1640 4754 προσέθηκε
1679 4682 1797 4751 Τὴν
1828 4684 1973 4753 ἴσην

407 4786 656 4857 δωρεάν.
691 4786 806 4839 Οὐκ
827 4783 1038 4853 ἀφίησι,
1066 4779 1250 4849 φησὶν,
1277 4776 1460 4838 αὐτοῖς
1484 4775 1529 4806 ’³
1553 4772 1772 4826 ἔλαττον
1803 4777 1971 4843 σχεῖν,

407 4882 455 4931 si
485 4878 807 4932 πιστεύσασι
840 4874 936 4945 τὴν
970 4874 1092 4943 ἴσην
1129 4867 1336 4940 δωρεὰν
1366 4867 1555 4921 ἔδωκε.
1581 4866 1688 4918 Καὶ
1718 4864 1778 4917 οὗ
1803 4865 1971 4934 λέγει,

417 4971 502 5033 Ὠς
535 4970 631 5022 καὶ
660 4969 809 5038 ὑμῖν,
840 4965 979 5031 ἀλλ’,
1016 4963 1097 5027 ὡς
1124 4960 1222 5013 καί
1250 4957 1413 5027 ἡμῖν.
1451 4957 1517 5011 Τί
1540 4954 1974 5022 ἁναξιοπαθεῖτε,

405 5061 533 5115 ὅταν
560 5064 721 5133 ἡμεῖς
759 5058 1049 5119 κοινωνοὺς
1094 5053 1287 5115 αὐτοὺς
1317 5051 1592 5118 λέγωμεν;
1623 5046 1774 5118 Ἐγὼ
1799 5048 1866 5102 δὲ
1889 5050 1980 5116 τίς

410 5152 577 5222 ἤμην
602 5152 940 5221 δυνάμενος
962 5146 1233 5202 κωλῦσαι
1258 5144 1366 5199 τὸν
1397 5144 1546 5197 Θεόν
1569 5158 1590 5207 ;
1625 5140 1977 5210 Ἐγκαλοῦσιν

409 5248 753 5317 ἀπολογεῖται
802 5245 1006 5315 σφόδρα
1035 5238 1404 5313 ἐντρεπτικῶς
1452 5238 1545 5292 καὶ
1588 5236 1801 5307 βαρέως
1824 5253 1839 5268 ·
1875 5236 1978 5290 οὐκ

2074 4686 2376 4749 obturaret,
2404 4668 2636 4752 adjecit,
2664 4679 2800 4735 idem
2842 4679 3060 4732 donum.
3095 4675 3212 4730 Non
3257 4671 3412 4738 sinit,
3450 4669 3647 4741 inquit,

2078 4776 2199 4831 illos
2230 4773 2414 4829 minus
2461 4771 2684 4835 habere,
2722 4784 2883 4838 quam
2916 4782 3037 4831 nos,
3077 4765 3121 4819 si
3156 4771 3446 4834 postquam
3468 4760 3649 4817 credi-

2077 4867 2291 4929 derant,
2322 4864 2469 4919 idem
2518 4862 2722 4917 donum
2778 4859 2949 4921 dedit,
2996 4856 3143 4928 quod
3170 4856 3347 4910 nobis.
3397 4852 3475 4908 Ac
3536 4867 3648 4907 nou

2078 4959 2234 5023 dicit,
2281 4955 2427 5027 quod
2489 4954 2655 5009 etiam
2699 4951 2886 5008 vobis:
2926 4950 3042 5015 sed,
3106 4950 3243 5020 quod
3269 4949 3425 5003 etiam
3483 4945 3645 4999 nobis.

2077 5050 2221 5118 Quid
2274 5043 2655 5119 indignamini,
2719 5058 2845 5098 cum
2900 5057 3002 5098 nos
3060 5040 3183 5095 illos
3230 5038 3524 5110 participes
3584 5050 3649 5090 ac

2075 5141 2252 5197 socios
2279 5139 2510 5195 dicimus
2545 5135 2568 5190 ?
2601 5134 2713 5206 Ego
2754 5149 2871 5189 vero
2924 5132 3014 5203 qui
3042 5131 3329 5201 potuissem
3378 5128 3648 5200 prohibere
3730 5176 3747 5188 ί

2074 5232 2244 5288 Deum
2268 5233 2294 5286 ?
2323 5226 2802 5300 Expostulantibus
2822 5239 3006 5281 secum
3040 5222 3277 5296 graviter
3334 5218 3644 5289 respondet,

1608 5390 1809 5455 Variae
1854 5388 2161 5452 lectiones
2199 5394 2262 5449 et
2303 5391 2493 5448 noue.

485 5530 529 5562 "
547 5527 607 5581 τὺ
636 5537 775 5581 erat.

409 5607 507 5657 est,
555 5599 751 5669 ἄραγε.

494 5712 511 5753 ¹
548 5710 612 5770 ν.
655 5712 845 5767 cedidit
879 5719 1035 5777 super
1068 5723 1173 5761 eos.

823 5594 869 5626 ¹¹
894 5593 979 5647 ῖσ.
1006 5588 1141 5645 τοῦξ
1195 5590 1241 5622 ’³
1276 5589 1502 5651 αὐτοὺς,
1544 5588 1630 5643 τσ.

872 5522 917 5554 ὀ
944 5519 1010 5575 In
1034 5519 1267 5591 vulgato,
1302 5527 1425 5591 ante
1476 5517 1687 5591 κυρίου
1734 5532 1838 5573 non
1872 5524 1946 5573 est

2071 5512 2240 5567 iculus
2287 5509 2401 5577 τοῦ,
2434 5526 2525 5565 nec
2556 5507 2639 5563 ὅτι
2685 5519 2807 5565 ante
2847 5507 3124 5575 Ἰωάννης.

3230 5504 3274 5537 ¹¹
3303 5501 3371 5557 1η
3434 5499 3644 5572 vulgato
