4116 6216
470 282 593 351 δἹ9

1072 390 1299 448 CAPUT
1335 391 1447 445 XII.

552 488 723 542 Vens.
758 487 808 540 1.
851 482 1111 539 Cteterum
1139 482 1235 536 illa
1266 490 1573 551 tempestate
1605 479 1784 549 injecit
1818 478 2051 534 Herodes

488 596 584 636 rea:
624 592 832 641 manus,
867 582 922 628 ut
951 574 1194 645 afﬂigeret
1224 573 1476 645 quosdam
1512 574 1575 627 de
1618 571 1872 625 Ecclesia.

554 760 719 816 Vsus.
745 760 799 813 Ξ.
832 760 998 828 Atque
1044 759 1299 830 interfecit
1332 758 1494 813 etiam
1543 756 1801 812 Jacobum
1835 757 2055 826 fratrem

482 852 709 906 Joannis
741 850 938 920 gladio.

556 943 718 997 Vens.
746 944 800 997 3.
838 940 1051 995 Etcum
1093 941 1546 995 animadvertisset
1594 939 1647 993 id
1692 947 1903 1008 gratum
1948 953 2057 990 esse

482 1036 704 1097 Iudaeis,
733 1032 930 1101 adjecit
967 1032 1203 1085 animum
1239 1033 1310 1084 ad
1335 1028 1872 1100 comprehendendum
1899 1027 2058 1080 etiam

482 1126 704 1200 Petrum
741 1125 911 1194 (erant
937 1134 1112 1177 autem
1143 1124 1251 1176 dies
1277 1120 1642 1193 Azymorum).

558 1216 722 1270 Vens.
759 1216 812 1269 4.
847 1214 1016 1278 Quem
1043 1230 1160 1267 cum
1188 1213 1349 1266 etiam
1398 1211 1889 1279 comprehendisset,
1917 1228 2052 1267 con-

481 1307 610 1377 jecit
647 1304 719 1359 in’
741 1322 1029 1371 carcerem,
1064 1320 1126 1357 ac
1152 1304 1376 1357 tradidit
1431 1320 1551 1357 eum
1582 1313 1811 1373 quatuor
1841 1316 2057 1374 quater-

486 1394 733 1449 nionibus
784 1394 1016 1449 militum
1079 1394 1502 1460 custodiendum,
1549 1392 1725 1447 volens
1774 1410 1893 1448 eum
1946 1404 2057 1465 post

485 1483 691 1538 Pascha
729 1484 1010 1552 producere
1032 1484 1248 1552 populo.

556 1574 719 1629 Vens.
755 1575 808 1629 5.
838 1572 903 1627 Et
938 1573 1132 1628 Petrus
1160 1573 1366 1644 quidem
1398 1572 1711 1628 servabatur
1740 1575 1794 1628 in
1818 1590 2057 1629 carcere:

486 1666 804 1737 supplicatio
838 1676 1014 1719 autem
1039 1664 1257 1718 assidua
1288 1681 1353 1718 ac
1383 1664 1568 1718 sedula
1617 1664 1682 1718 ab
1725 1663 1962 1720 Ecclesia
1988 1666 2059 1719 ad
2087 1706 2137 1765 Β

488 1759 655 1814 Deum
690 1774 784 1827 pro
808 1757 898 1810 illo
915 1756 1096 1825 ﬁebat.

557 1850 660 1905 Illa
700 1859 1026 1918 tempestate.
1067 1846 1181 1914 Qua
1228 1851 1598 1919 tempestate?
1655 1866 1874 1923 nempe,
1921 1860 2058 1908 tem-

488 1956 620 2011 pore
653 1941 864 1995 Claudii
896 1938 1150 1995 Caesaris.
1183 1940 1351 1995 Caius
1386 1942 1545 2012 100
1573 1943 1720 1998 enim
1765 1944 2060 2014 imperator

485 2030 859 2087 Romanorum
922 2032 1216 2103 Agrippam
1279 2033 1562 2088 constituit
1610 2049 1788 2107 regem
1833 2035 2057 2101 Judaeaa,

488 2137 616 2176 cum
667 2122 936 2177 Herodem
988 2133 1152 2191 atque
1199 2122 1361 2177 etiam
1418 2122 1717 2181 llerodiada
1776 2127 1828 2179 in
1874 2127 2059 2183 Gallia:

492 2212 682 2265 urbem
711 2212 1033 2280 Lugdunum
1061 2214 1373 2284 relegasset.
1427 2213 1526 2270 Hic
1552 2224 1635 2270 est
1680 2216 1768 2270 ille
1798 2215 2058 2284 Herodes,

487 2302 581 2372 qui
635 2301 736 2357 fuit
765 2318 829 2358 eo
864 2314 1127 2372 tempore,
1171 2320 1282 2374 quo
1307 2304 1549 2361 Joannes
1603 2316 1780 2363 morte
1827 2308 2059 2365 allectus

484 2400 594 2455 est,
621 2402 681 2447 ut
740 2395 1018 2449 memoriae
1067 2395 1311 2465 prodidit
1355 2396 1629 2467 Josephus
1665 2408 1721 2454 et
1768 2399 2054 2458 Eusebius.

489 2483 865 2554 Discrepantia
907 2487 1069 2557 igitur
1094 2487 1358 2552 nominis,
1381 2489 1523 2559 quod
1554 2506 1652 2561 pro
1671 2492 1907 2564 Agrippa
1929 2493 2060 2551 dicit

489 2574 783 2640 Herodem,
820 2586 913 2630 aut
942 2593 1127 2634 errore
1161 2580 1359 2635 accidit
1384 2583 1683 2653 scriptoris,
1714 2595 1809 2640 aut
1836 2594 2060 2656 propte-

491 2681 584 2720 rea
614 2666 689 2720 ita
720 2667 897 2722 dictus
923 2679 1028 2735 est,
1055 2672 1199 2740 quod
1228 2672 1526 2729 binominis
1557 2686 1720 2732 esset.
1750 2676 2059 2735 Notandum

489 2765 575 2811 est
603 2766 787 2812 autem
820 2774 884 2812 ex
918 2759 1206 2816 duodecim
1245 2762 1350 2819 illis
1377 2763 1660 2836 discipulis
1698 2766 1914 2825 Domini
1945 2771 2059 2840 pri-

491 2865 639 2903 mum
671 2849 937 2906 Jacobum
976 2851 1048 2907 ob
1090 2855 1463 2910 testimonium
1498 2858 1717 2915 Christo
1773 2862 2059 2931 praebitum

491 2939 760 3008 supplicio
779 2938 957 2996 fuisse
982 2940 1260 2999 aﬂectum.
1328 2945 1391 3001 Ut
1431 2946 1677 3016 afﬂigeret
1718 2952 1970 3018 quosdam
1997 2954 2061 3007 de

1377 274 1956 339 THEOPIIYLACTI
1992 273 2399 336 BULGABLE
2425 274 2780 337 ARCHIEP.

2074 394 2129 450 Δ

3615 279 3728 342 630

2745 388 2999 444 ΚΕΦΑΛ.
3029 388 3130 445 ΙΒ’.

2229 484 2368 539 Κατ’
2397 481 2635 537 ἐκεῖνον
2662 481 2731 535 δὲ
2776 481 2884 535 τόν
2904 482 3115 551 καιρὸν
3139 479 3437 537 ἐπέϐαλεν
3469 481 3730 552 Ἡρώδης

2159 578 2192 630 ὁ
2217 574 2514 640 βασιλεὺς
2563 573 2670 640 τὰς
2716 571 2936 642 χεῖρας,
2979 571 3251 627 κακῶσαί
3272 589 3441 639 τινας
3463 573 3583 628 τῶν
3611 576 3732 631 ἀπὸ

2158 665 2269 731 τῆς
2289 665 2669 731 Ἐκκλησίας.

2231 753 2452 808 Ἀνείλε
2489 752 2558 806 δὲ
2595 752 2693 807 καὶ
2713 754 2758 786 ³ο
2799 753 3078 809 Ἰάκωϐον
3112 755 3221 809 τὸν
3243 755 3512 826 ἀδελφὸν
3533 757 3733 813 Ἰωάν-

2160 861 2271 899 νου
2289 845 2577 914 μαχαίρᾳ.

2233 938 2341 992 Καὶ
2400 938 2541 993 ἰδὼν
2588 940 2681 994 ὅτι
2736 940 2997 1009 ἀρεστόν
3042 939 3176 994 ἐστι
3223 939 3346 1008 τοῖς
3405 941 3731 1009 Ἰουδαίοις,

2160 1029 2487 1099 προσέθετο
2541 1031 2876 1087 συλλαϐεῖν
2921 1031 3022 1088 καὶ
3071 1030 3301 1100 Πέτρον
3341 1028 3526 1103 (ἦσαν
3549 1032 3620 1087 δὲ
3672 1035 3733 1088 al

2159 1120 2372 1190 ἡμέραι
2404 1120 2524 1176 τῶν
2550 1120 2845 1193 Ἀζύμων).

2238 1214 2340 1267 Ὃν
2367 1213 2466 1267 καὶ
2495 1213 2725 1279 πιάσας
2759 1215 2926 1269 ἔθετο
2961 1216 3049 1280 είς
3074 1214 3382 1284 φυλακήν,
3426 1216 3734 1284 παραδοὺς

2161 1304 2460 1373 τέσσαρσι
2483 1307 2810 1374 τετραδίοις
2844 1306 3223 1375 στρατιωτῶν
3246 1308 3594 1377 φυλάσσειν
3620 1309 3733 1363 αὑ-

2161 1397 2293 1461 τὸν,
2317 1398 2699 1467 ,βουλόμενος
2736 1397 2881 1464 μετὰ
2907 1398 2992 1452 ’τὸ
3032 1399 3251 1468 Πάσχα
3284 1398 3608 1469 ἀναγαγεῖν
3629 1400 3737 1455 αὺ-

2162 1488 2271 1543 τὸν
2292 1487 2372 1553 τῷ
2400 1487 2547 1553 λαῷ.

2245 1579 2308 1633 '0
2344 1578 2463 1648 μὲν
2506 1575 2631 1635 οὖν
2684 1580 2908 1650 Πέτρος
2936 1579 3199 1649 ἐτηρεῖτο
3225 1579 3294 1633 ἐν
3339 1579 3415 1649 τῇ
3445 1580 3694 1649 φυλακῇ
3718 1594 3734 1608 ³

2163 1669 2475 1740 προσευχὴ
2508 1670 2577 1724 δὲ
2603 1668 2684 1742 ἦν
2704 1670 2959 1744 εκτενὴς
2989 1671 3273 1740 γινομένη
3304 1673 3423 1726 ὑπὸ
3460 1669 3572 1739 τῆς
3608 1673 3736 1726 Ἑκ-

2170 1762 2436 1829 κλησίας
2469 1763 2623 1833 πρὸς
2649 1764 2758 1818 τὸν
2779 1762 2930 1818 Geor
2954 1762 3109 1832 ὑπὲρ
3132 1764 3343 1818 αὐτοῦ.

2236 1855 2374 1910 Κατ’
2410 1854 2647 1909 ἐκεῖνον
2666 1855 2736 1909 δὲ
2766 1855 2876 1910 τὸν
2896 1858 3128 1924 καιρόν.
3163 1858 3322 1911 Ποῖον
3356 1857 3586 1929 καιρόν;
3630 1858 3736 1913 Τὸν

2168 1946 2263 1998 ἐπὶ
2307 1945 2582 2000 Κλαυδίου
2639 1947 2939 2017 Καίσαρος.
3001 1948 3159 2011 Γάϊος
3216 1950 3328 2020 γὰρ
3377 1948 3737 2020 αὐτοκράτωρ

2181 2037 2474 2108 Ῥωμαίων
2520 2038 2832 2110 Ἀγρίππαν
2864 2038 3153 2110 καθίστησι
3185 2040 3410 2110 βασιλέα
3463 2042 3562 2113 τῆς
3600 2042 3736 2097 ’1ου-

2165 2128 2343 2194 δαίας,
2375 2129 2467 2185 τὸν
2507 2129 2755 2201 Ἡρώδην
2781 2129 3034 2201 ὲξορίσας
3062 2131 3121 2185 ὲν
3166 2131 3455 2203 Λουγδόνῳ
3484 2132 3583 2198 τῆς
3622 2132 3734 2186 Γα-

2167 2218 2377 2284 λιλαίας
2407 2220 2450 2253 ³³
2503 2220 2600 2276 σὺν
2658 2222 2753 2277 καὶ
2807 2224 2874 2293 τῇ
2934 2222 3247 2294 Ἡρωδιάδι.
3304 2217 3473 2287 Οὗτός
3509 2226 3738 2288 ὲστιν,ὀ

2167 2311 2309 2366 κατὰ
2333 2312 2394 2365 τὸ
2423 2312 2594 2377 πάθος
2618 2312 2714 2367 τοῦ
2760 2314 3030 2380 Ἰωάννου,
3062 2316 3137 2378 ὼς
3181 2315 3386 2387 ίστορεί
3427 2314 3736 2386 Ἰώσηππος

2167 2406 2264 2460 καὶ
2316 2407 2595 2470 Εὐσέϐιος.
2665 2409 2729 2461 Ἠ
2777 2403 2870 2462 οὖν
2924 2408 3191 2478 διαφωνία
3233 2409 3329 2463 τοῦ
3358 2409 3620 2479 ὀνόματος
3649 2410 3739 2462 ἐν·

2167 2500 2345 2554 ταῦθα
2375 2502 2435 2553 τὸ
2462 2498 2646 2568 λέγειν
2673 2498 2794 2552 ἀντὶ
2856 2499 3137 2571 ’Δγρίππα
3189 2498 3470 2570 Ἡρώδην,
3510 2501 3544 2571 ἢ
3592 2500 3735 2554 κατὰ

2168 2591 2391 2664 σφάλμα
2423 2591 2613 2660 γέγονε
2653 2590 2944 2660 γραφικδν,
2979 2591 3012 2661 ἢ
3066 2591 3207 2645 κατὰ
3235 2591 3531 2662 διωνυμίαν
3580 2591 3737 2664 εἴρη-

2167 2659 2280 2736 ται.
2315 2659 2741 2752 Σημειωτέονδὲ
2778 2680 2860 2734 ὅτι
2891 2659 3105 2754 πρῶτος
3148 2659 3739 2755 Ἰάκωῖος-ἐμοιρτιῦρη⁴

2168 2789 2261 2826 σεν
2297 2771 2405 2826 ἀπὸ
2454 2770 2565 2825 τῶν
2616 2769 2684 2843 ιβ’
2745 2771 3020 2843 μαθητῶν.
3072 2768 3351 2828 Κακῶσαι
3401 2790 3570 2840 τινας
3616 2776 3739 2830 άπὸ

2168 2864 2278 2934 τῆς
2305 2864 2694 2935 Ἐκκλῃσίας.
2746 2863 2857 2918 Θὲα
2886 2865 2969 2918 ὅτι
3000 2865 3181 2919 πιστοὶ
3223 2866 3434 2935 ἄνδρες,
3469 2866 3567 2920 καὶ
3586 2867 3646 2921 τὸ
3674 2864 3737 2930 ἐξ

2169 2956 2347 3011 αὐτῶν
2377 2956 2653 3028 σύστημα,
2680 2956 2981 3027 Ἐκκλησία
3009 2958 3277 3027 καλεῖται.
3327 2959 3437 3012 Kal
3479 2958 3622 3013 ἰδὼν
3645 2959 3738 3013 ὅτι

490 3029 749 3085 Ecclesia.
803 3033 1212 3103 Animadverte,
1271 3037 1458 3093 ﬁdeles
1517 3040 1702 3105 viros,
1757 3049 1813 3095 et
1875 3057 1941 3097 ex
1997 3042 2063 3099 iis

2165 3047 2425 3116 ἀρεστόν
2446 3047 2577 3101 ἐστι
2602 3047 2726 3114 τοῖς
2758 3046 3092 3114 Ἰουδαίοις,
3132 3047 3464 3116 προσέθετο
3503 3054 3737 3105 συλλα·

490 3134 691 3190 corpus
743 3125 1130 3192 constitutum,
1190 3126 1490 3183 Eeclesiam
1556 3130 1762 3185 vocari.
1823 3131 1894 3186 Et
1946 3150 2065 3191 cum

491 3213 951 3269 animadvertisset
991 3216 1046 3269 id
1081 3227 1294 3289 gratum
1335 3235 1447 3274 esse
1472 3220 1694 3291 Juda'is,
1727 3224 1922 3295 adjecit
1943 3228 2063 3283 ani-

493 3318 635 3356 mum
656 3305 726 3357 ad
750 3305 1292 3373 comprehendendum
1347 3311 1510 3365 etiam
1561 3312 1799 3371 Petrum.
1838 3317 1919 3374 Ne
1945 3319 2067 3389 quis

493 3394 662 3457 dicat,
690 3394 894 3451 idcirco
921 3396 1042 3452 illos
1071 3398 1275 3469 absque
1303 3401 1552 3471 periculo
1595 3403 1867 3477 intrepide
1905 3417 2066 3480 atque

494 3486 757 3542 audacter
790 3502 911 3543 sese
943 3490 1104 3545 morti
1134 3491 1354 3557 otl‘erre,
1389 3496 1534 3575 quod
1575 3496 1715 3553 Deus
1764 3515 1858 3555 eos
1885 3502 2066 3572 eripe-

493 3588 615 3636 ret:
649 3590 941 3652 propterea
982 3585 1247 3654 permittit
1279 3585 1513 3643 interﬁci
1559 3591 1719 3645 etiam
1770 3593 2063 3664 principes,

491 3671 831 3740 Stephanum
868 3675 1123 3730 videlicet
1172 3684 1229 3731 et
1268 3675 1553 3745 Jacobum,
1599 3690 1658 3736 ut
1715 3686 2067 3751 persuaderet

492 3763 629 3832 ipsis
663 3764 1130 3835 interfectoribus,
1162 3783 1232 3823 ne
1274 3769 1359 3825 his
1388 3772 1609 3841 quidem
1635 3773 1755 3830 illos
1786 3777 2065 3847 suppliciis

492 3857 562 3911 ad
592 3856 956 3913 defectionem
996 3861 1248 3931 compelli
1311 3874 1368 3918 et
1423 3865 1690 3936 impediri.
1732 3869 1841 3926 Res
1882 3880 2064 3927 autem

490 3955 640 4015 grata
672 3955 791 4003 erat
823 3949 1022 4016 etedes,
1057 3958 1114 4005 et
1162 3951 1342 4007 caedes
1398 3953 1595 4024 injuste
1654 3959 1902 4015 absurdis
1945 3961 2063 4017 illo-

488 4054 611 4093 rum
646 4047 703 4094 et
728 4039 1054 4110 importunis
1109 4043 1495 4112 cupiditatibus
1519 4047 1849 4106 inserviebat
1885 4069 1899 4106 :
1933 4067 2055 4107 eum

489 4139 771 4198 oporteret
802 4132 1149 4197 exscindere,
1187 4150 1253 4189 ac
1286 4136 1588 4195 ‘rcfrcnare
1641 4140 1856 4199 illorum
1893 4144 2064 4215 impe-

488 4231 683 4279 tumet
732 4226 1054 4295 appetitum,
1118 4226 1226 4293 ille,
1254 4237 1311 4282 ut
1346 4231 1437 4300 qui
1488 4232 1752 4300 carnifex,
1800 4251 1906 4292 non
1945 4252 2062 4293 me-

2167 3139 2292 3193 δεῖν
2319 3138 2418 3193 καὶ
2448 3139 2696 3208 Πέτρον.
2749 3139 2867 3195 Ἵνα
2892 3139 3080 3210 μηδεὶς
3108 3141 3246 3212 λέγῃ
3270 3141 3315 3174 ³⁸
3350 3144 3432 3197 ὅτι
3461 3143 3552 3196 διὰ
3580 3143 3738 3196 τοῦτο

2165 3230 2466 3294 ἀκινδύνως
2508 3230 2604 3284 καὶ
2659 3229 2832 3294 ἀδεῶς
2888 3231 3271 3302 κατατολμῶσι
3324 3233 3419 3286 τοῦ
3479 3234 3734 3300 Θανάτου,

2170 3323 2270 3379 ἅτε
2304 3321 2703 3394 ἑξαρπάζοντος
2736 3321 2936 3386 αὐτοὺς
2966 3322 3060 3377 τοῦ
3095 3323 3253 3393 Θεοῦ,
3288 3325 3377 3381 διὰ
3411 3326 3575 3380 τοῦτο
3605 3345 3741 3396 συγ-

2165 3418 2337 3487 χωρεῖ
2384 3413 2739 3486 ἀναιρεθῆναι
2774 3415 2870 3468 καὶ
2911 3414 3040 3477 τοὺς
3076 3416 3427 3487 κορυφαίους,
3461 3418 3739 3486 Στέφανον

2167 3510 2263 3563 καὶ
2321 3507 2618 3563 Ἰάκωϐον·
2671 3505 2878 3560 πείθων
2922 3507 3122 3573 αὐτοὺς
3172 3510 3298 3573 τοὺς
3354 3510 3735 3581 ἀναιροῦντας,

2162 3601 2246 3654 ὅτι
2278 3597 2399 3651 οὐδὲ
2433 3596 2607 3651 ταῦτα
2631 3596 2922 3668 ἀφίστησιν
2956 3597 3151 3663 αὐτοὺς
3182 3600 3278 3653 καὶ
3317 3600 3537 3655 κωλύει.
3583 3603 3738 3673 ’Δρε-
3788 3620 3794 3625 ·

2167 3691 2291 3744 στὸν
2318 3689 2375 3742 δὲ
2398 3688 2578 3757 φόνος,
2618 3692 2713 3743 καὶ
2742 3688 2904 3758 φόνος
2931 3689 3116 3755 ἄδικος
3144 3694 3265 3756 ταῖς
3290 3692 3611 3765 ἐπιθυμίαις
3636 3697 3738 3749 αὑ-

2162 3782 2271 3836 τῶν
2301 3783 2421 3844 ταῖς
2452 3780 2677 3844 ἀτόποις
2704 3781 3031 3852 ὑπηρετεῖτο
3059 3800 3073 3813 ·
3101 3783 3217 3838 δέον
3239 3786 3526 3840 ἐκκόπτειν
3555 3787 3739 3841 αὐτῶν

2162 3873 2260 3944 τὴν
2292 3872 2491 3945 ὁρμὴν,
2524 3874 2552 3926 ὁ
2579 3871 2634 3925 δὲ
2665 3873 2910 3926 ἐπέτεινε
2971 3873 3223 3947 καθάπερ
3268 3894 3351 3941 τις
3412 3878 3605 3949 δήμιος
3655 3878 3738 3933 ὢν

2162 3966 2270 4021 τῶν
2296 3966 2615 4034 νοσούντων,
2646 3966 2762 4019 ἀλλ’
2793 3966 2894 4019 οὐκ
2924 3967 3127 4037 ίατρὸς,
3151 3967 3329 4023 καίτοι
3355 3970 3525 4042 μυρία
3553 3988 3735 4041 παρα-

2162 4057 2436 4128 δείγματα
2494 4055 2634 4125 ἔχων
2678 4055 2772 4109 καὶ
2821 4053 2916 4109 τοῦ
2975 4055 3201 4111 πάππου
3240 4057 3338 4111 καὶ
3384 4055 3480 4111 τοῦ
3528 4062 3739 4130 πατρὸς

2174 4150 2436 4221 Ἡρώδου.
2472 4144 2675 4202 Ἦσαν
2721 4145 2870 4202 δὲοὶ
2898 4145 3110 4215 ἡμέραι
3149 4146 3267 4200 τῶν
3313 4147 3579 4218 Ἆζύμων.
3623 4151 3742 4206 Ὀν

2162 4241 2261 4298 καί
2311 4240 2557 4306 πιάσας,
2591 4240 2759 4293 ἔθετο
2786 4239 2874 4302 εἰς
2902 4237 3213 4305 φυλακήν.
3244 4240 3415 4294 Πάλιν
3441 4242 3474 4311 ἡ
3503 4242 3736 4313 περιττὴ

487 4315 643 4371 dieus
678 4324 825 4372 esset
882 4320 1277 4391 aagrotantium,
1322 4323 1469 4377 auxit
1538 4324 1751 4380 illorum
1799 4328 2058 4398 impetum

487 4411 538 4439 nl
574 4402 854 4439 innitauh.
890 4408 1103 4439 summa:
1156 4419 1412 4439 annnnln
1450 4412 1679 4439 I...|...|..-.
1732 4419 1968 4439 ...μω-ι-
2013 4429 2053 4439 _.

2165 4335 2272 4389 τῶν
2314 4329 2580 4386 Ἰουδαίων
2610 4329 2988 4400 ἀκριϐολογία.
3041 4329 3310 4402 Ἀναιρεῖν
3336 4331 3436 4403 μὲν
3462 4333 3562 4386 οὐκ
3591 4334 3734 4387 ἐκώ-

487 4411 545 4455 et
574 4402 854 4460 incitavit:
890 4408 1105 4461 tametsi
1156 4419 1416 4464 sexcenta
1448 4412 1684 4469 habebat
1729 4419 1975 4489 exempla
2004 4429 2060 4476 et

2165 4433 2312 4490 λύον,
2353 4425 2411 4476 ὲν
2433 4422 2491 4475 δὲ
2513 4419 2690 4491 καιρῷ
2721 4419 2972 4491 τοιούτῳ,
3012 4421 3081 4475 τὰ
3109 4423 3334 4477 τοιαῦτα
3362 4424 3405 4455 ³³
3436 4423 3728 4495 ἔπραττον.

488 4494 571 4545 avi
612 4504 667 4549 et
696 4497 865 4565 patris
895 4496 1144 4551 Herodis.
1167 4498 1336 4573 Erant
1364 4511 1541 4556 autem
1587 4509 1697 4561 dies
1720 4507 2063 4580 Azymorum:

2165 4512 2473 4584 Παραδοὺς
2512 4510 2809 4579 τέσσαρσι
2847 4511 3175 4580 τετραδίοις
3198 4494 3577 4583 στρατιωτῶν
3616 4533 3734 4584 φυ-

489 4600 641 4651 quem
676 4601 792 4638 cum
830 4587 994 4639 etiam
1025 4592 1525 4661 comprehendisset,
1557 4598 1778 4667 conjecit
1809 4602 1863 4654 in
1888 4619 2063 4656 carce-

2165 4610 2424 4667 λάσσειν
2455 4605 2664 4660 αὐτόν.
2698 4603 2868 4658 Τοῦτο
2893 4604 3097 4658 καὶτοῦ
3131 4604 3306 4672 θυμοῦ
3334 4608 3428 4660 καὶ
3459 4608 3554 4661 τοῦ
3580 4608 3733 4673 δέους

489 4692 620 4729 rem.
671 4678 884 4732 Rursus
943 4679 1219 4747 superﬂua
1258 4696 1321 4737 ac
1368 4699 1703 4756 supervacua
1752 4692 2061 4749 Iudaeorum

2165 4698 2248 4774 ἦν.
2287 4700 2436 4768 Ὂσῳ
2482 4696 2539 4749 δὲ
2571 4694 2944 4765 ἁκριὸεστέρα
2989 4697 3022 4765 ἠ
3063 4696 3298 4768 φρουρὰ,
3335 4698 3572 4770 τοσούτῳ
3604 4699 3737 4754 θαυ-

489 4778 738 4822 accurata
771 4770 911 4822 ratio
941 4772 1223 4825 servanda:
1255 4773 1388 4845 legis
1448 4783 1789 4850 preponitur.
1844 4785 2057 4841 [nterii-

2167 4770 2482 4864 ιιασιωτέρα
2513 4789 2548 4858 ἡ
2581 4784 2858 4851 ἐπίδειξις.
2910 4786 3080 4840 Τοῦτο
3125 4787 3182 4840 δὲ
3228 4784 3296 4858 ἧν
3331 4788 3471 4860 ὑπὲρ
3521 4790 3732 4862 Πέτρου

489 4873 614 4914 cere
645 4859 863 4928 quidem
906 4874 1017 4915 non
1074 4864 1352 4933 vetabant,
1389 4870 1483 4923 sed
1517 4871 1570 4925 in
1611 4873 1879 4942 ejusmodi
1919 4886 2057 4931 tem-

2165 4859 2517 4952 δοκιμοτέρου
2552 4878 2857 4946 γινομένου.
2910 4878 3228 4945 Προσευκὴ
3256 4878 3325 4931 δὲ
3480 4859 3737 4949 ἐκτενὴς

489 4950 639 5022 poris
669 4958 809 5005 statu
856 4950 910 5005 id
950 4966 1110 5021 agere
1161 4956 1542 5023 prohibebant.
1588 4962 1661 5014 Ac
1691 4965 1906 5019 tradidit
1935 4983 2055 5021 eum

2165 4950 2443 5044 γινομένη
2484 4968 2601 5023 ὑπὸ
2642 4965 2751 5034 τῆς
2806 4968 3170 5036 Ἐκκλησίας
3219 4968 3372 5037 πρὸς
3432 4972 3541 5027 τὸν
3584 4972 3737 5028 Θεὸν

486 5054 717 5116 quatuor
749 5046 1174 5114 quaterniouibus
1224 5051 1448 5104 militum
1485 5053 1902 5114 custodiendum.
1943 5058 2056 5116 lloc

2165 5063 2316 5131 ὑπὲρ
2340 5060 2549 5116 αὑτοῦ.
2626 5057 2921 5111 Ἀκούσατε
2980 5058 3097 5121 πῶς
3128 5059 3393 5114 διέκειντο
3432 5064 3568 5134 πρὸς
3600 5066 3733 5131 τοὺς

488 5147 544 5192 et
572 5137 867 5194 iracundiae
898 5147 953 5193 et
1013 5141 1221 5198 timoris
1257 5152 1391 5199 erat.
1422 5145 1645 5210 Quanto
1675 5157 1858 5204 autem
1887 5167 2051 5209 accu-

2165 5154 2512 5215 διδασκάλους
2543 5167 2558 5183 ⁸
2607 5151 2707 5203 οὐκ
2748 5148 3101 5219 ἐστασίασαν,
3128 5151 3229 5203 οὐκ
3269 5152 3682 5225 ἒθορυόήθησαν
3712 5173 3729 5188 ο

490 5228 789 5285 ration-rat
812 5230 1081 5297 custodia,
1105 5241 1255 5288 tanto
1276 5233 1574 5290 mirabilius
1589 5246 1705 5291 erat
1720 5238 1922 5298 divina:
1951 5260 2053 5315 po—

2165 5248 2278 5302 ὰλλ⁹
2318 5245 2413 5298 ἐπὶ
2453 5244 2585 5313 εὐχῇ
2613 5242 2658 5274 ⁸⁸
2686 5226 3024 5309 ἐτράπησαν,
3063 5242 3162 5311 τὴν
3185 5241 3350 5308 ὅντως
3386 5247 3730 5317 συμμαχίαν.

492 5320 672 5375 tentia:
700 5320 1107 5379 documentum.
1128 5322 1246 5380 Hoc
1273 5332 1456 5383 autem
1499 5328 1661 5413 ﬁebat
1679 5347 1779 5402 pro
1803 5332 1983 5403 Petro,
2014 5337 2108 5406 qui
2140 5339 2334 5395 melior
2353 5351 2417 5392 ac
2437 5333 2715 5405 probatior
2732 5334 3015 5388 evadebat.
3042 5333 3285 5391 Precatio
3319 5350 3495 5394 autem
3519 5342 3727 5409 sedula,
3838 5350 3845 5358 '

1687 5442 1892 5504 Varim
1939 5445 2243 5512 lectiones
2286 5455 2347 5512 et
2390 5454 2574 5511 notae.

562 5551 999 5640 tirenum!
1059 5555 1113 5608 ίη
1171 5555 1404 5640 vitam
1541 5558 1702 5640 "te
1749 5560 1847 5631 τῆς
1904 5563 2063 5620 Γαλλε

2197 5567 2258 5638 ἢ,
2293 5568 2393 5640 τῆς
2421 5568 2714 5640 Γαλατίας.

489 5630 677 5696 ruptus
721 5637 828 5696 esse
863 5623 1089 5696 videtur,
1144 5636 1236 5680 aut
1261 5623 1423 5681 'certe
1480 5629 1733 5696 mutilus;
1763 5623 1883 5686 nam

492 5688 773 5758 πράττειν,
792 5691 1066 5761 legendum
1091 5704 1185 5751 est.
1263 5696 1307 5729 "
1329 5698 1415 5753 ῖσ.
1445 5701 1631 5772 εὐχήν.

2846 5567 2890 5599 ³⁸
2914 5566 3063 5636 λέγει
3103 5584 3237 5629 erat.
3344 5578 3389 5609 ³³
3425 5577 3592 5635 Locus
3610 5596 3730 5635 cor-

1937 5652 2030 5691 aut
2059 5650 2180 5693 ante
2218 5639 2504 5711 ἔπραττον,
2549 5639 2647 5692 οὐκ
2674 5641 3103 5711 pra’ponendum,
3143 5653 3236 5698 aut
3296 5663 3392 5716 pro
3434 5650 3726 5721 ἔπραττον,
