  <div class='ocr_page' id='page_1' title='image "/cluster/home/n/w/nwhite01/storage/ocr_20150623/125/hvd.32044073502429/364.png"; bbox 0 0 4116 6216; ppageno 0'>
   <div class='ocr_carea' id='block_1_1' title="bbox 449 269 554 337">
    <p class='ocr_par' dir='ltr' id='par_1_1' title="bbox 449 269 554 337">
     <span class='ocr_line' id='line_1_1' title="bbox 449 269 554 337; baseline 0 -1"><span class='ocrx_word' id='word_1_1' title='bbox 449 269 554 337; x_wconf 81' lang='grc'><strong><em>681</em></strong></span> 
     </span>
    </p>
   </div>
   <div class='ocr_carea' id='block_1_2' title="bbox 1159 251 2992 344">
    <p class='ocr_par' dir='ltr' id='par_1_2' title="bbox 1159 251 2992 344">
     <span class='ocr_line' id='line_1_2' title="bbox 1159 251 2992 344; baseline -0.007 -19"><span class='ocrx_word' id='word_1_2' title='bbox 1159 260 1570 344; x_wconf 70' lang='grc' dir='ltr'><strong><em>ΕΧΡΟΞΙᾘΟ</em></strong></span> <span class='ocrx_word' id='word_1_3' title='bbox 1611 256 1694 319; x_wconf 88' lang='grc' dir='ltr'><strong>ΙΝ</strong></span> <span class='ocrx_word' id='word_1_4' title='bbox 1727 255 1913 315; x_wconf 80' lang='lat' dir='ltr'><strong><em>ACTA</em></strong></span> <span class='ocrx_word' id='word_1_5' title='bbox 1945 251 2522 314; x_wconf 80' lang='lat' dir='ltr'><strong><em>APOSTOLORUM.</em></strong></span> <span class='ocrx_word' id='word_1_6' title='bbox 2561 279 2629 288; x_wconf 86' lang='lat'><em>-</em></span> <span class='ocrx_word' id='word_1_7' title='bbox 2661 252 2817 311; x_wconf 64' lang='lat' dir='ltr'><strong><em>CAP.</em></strong></span> <span class='ocrx_word' id='word_1_8' title='bbox 2854 251 2992 312; x_wconf 80' lang='grc' dir='ltr'><em>ΧΠ.</em></span> 
     </span>
    </p>
   </div>
   <div class='ocr_carea' id='block_1_3' title="bbox 3584 250 3688 312">
    <p class='ocr_par' dir='ltr' id='par_1_3' title="bbox 3584 250 3688 312">
     <span class='ocr_line' id='line_1_3' title="bbox 3584 250 3688 312; baseline -0.019 -1"><span class='ocrx_word' id='word_1_9' title='bbox 3584 250 3688 312; x_wconf 59' lang='lat'><strong><em>692</em></strong></span> 
     </span>
    </p>
   </div>
   <div class='ocr_carea' id='block_1_4' title="bbox 431 367 3680 456">
    <p class='ocr_par' dir='ltr' id='par_1_4' title="bbox 431 367 3680 456">
     <span class='ocr_line' id='line_1_4' title="bbox 431 367 3680 456; baseline -0.008 -9"><span class='ocrx_word' id='word_1_10' title='bbox 431 402 478 448; x_wconf 85' lang='lat' dir='ltr'><strong><em>et</em></strong></span> <span class='ocrx_word' id='word_1_11' title='bbox 511 390 727 445; x_wconf 84' lang='lat' dir='ltr'><strong><em>assidua</em></strong></span> <span class='ocrx_word' id='word_1_12' title='bbox 775 386 932 456; x_wconf 78' lang='lat' dir='ltr'><strong><em>ﬁebat</em></strong></span> <span class='ocrx_word' id='word_1_13' title='bbox 990 385 1056 440; x_wconf 91' lang='lat' dir='ltr'><strong><em>ab</em></strong></span> <span class='ocrx_word' id='word_1_14' title='bbox 1111 383 1348 448; x_wconf 76' lang='lat' dir='ltr'><strong><em>Ecclesia</em></strong></span> <span class='ocrx_word' id='word_1_15' title='bbox 1399 383 1470 435; x_wconf 84' lang='lat' dir='ltr'><strong><em>ad</em></strong></span> <span class='ocrx_word' id='word_1_16' title='bbox 1527 379 1696 434; x_wconf 87' lang='lat' dir='ltr'><strong><em>Deum</em></strong></span> <span class='ocrx_word' id='word_1_17' title='bbox 1740 391 1836 445; x_wconf 88' lang='lat' dir='ltr'><strong><em>pro</em></strong></span> <span class='ocrx_word' id='word_1_18' title='bbox 1891 373 2008 428; x_wconf 89' lang='lat' dir='ltr'><strong><em>illo.</em></strong></span> <span class='ocrx_word' id='word_1_19' title='bbox 2052 371 2252 428; x_wconf 86' lang='lat' dir='ltr'><strong><em>Audite</em></strong></span> <span class='ocrx_word' id='word_1_20' title='bbox 2278 371 2554 443; x_wconf 85' lang='lat' dir='ltr'><strong><em>quomodo</em></strong></span> <span class='ocrx_word' id='word_1_21' title='bbox 2596 370 2776 426; x_wconf 75' lang='lat' dir='ltr'><strong><em>allecti</em></strong></span> <span class='ocrx_word' id='word_1_22' title='bbox 2807 378 2964 424; x_wconf 76' lang='lat' dir='ltr'><strong><em>erant</em></strong></span> <span class='ocrx_word' id='word_1_23' title='bbox 3035 368 3296 424; x_wconf 87' lang='lat' dir='ltr'><strong><em>adversus</em></strong></span> <span class='ocrx_word' id='word_1_24' title='bbox 3367 367 3680 437; x_wconf 58' lang='lat' dir='ltr'><strong><em>magistro“;</em></strong></span> 
     </span>
    </p>
   </div>
   <div class='ocr_carea' id='block_1_5' title="bbox 431 458 3683 544">
    <p class='ocr_par' dir='ltr' id='par_1_5' title="bbox 431 458 3683 544">
     <span class='ocr_line' id='line_1_5' title="bbox 431 458 3683 544; baseline -0.008 -6"><span class='ocrx_word' id='word_1_25' title='bbox 431 497 543 538; x_wconf 87' lang='lat' dir='ltr'><strong><em>non</em></strong></span> <span class='ocrx_word' id='word_1_26' title='bbox 574 481 902 537; x_wconf 85' lang='lat' dir='ltr'><strong><em>seditionem</em></strong></span> <span class='ocrx_word' id='word_1_27' title='bbox 961 478 1257 534; x_wconf 82' lang='lat' dir='ltr'><strong><em>movebant</em></strong></span> <span class='ocrx_word' id='word_1_28' title='bbox 1303 489 1458 544; x_wconf 89' lang='lat' dir='ltr'><strong><em>;non</em></strong></span> <span class='ocrx_word' id='word_1_29' title='bbox 1517 469 2010 532; x_wconf 82' lang='lat' dir='ltr'><strong><em>tumultuabantur,</em></strong></span> <span class='ocrx_word' id='word_1_30' title='bbox 2085 465 2179 522; x_wconf 91' lang='lat' dir='ltr'><strong><em>sed</em></strong></span> <span class='ocrx_word' id='word_1_31' title='bbox 2249 464 2317 520; x_wconf 90' lang='lat' dir='ltr'><strong><em>ad</em></strong></span> <span class='ocrx_word' id='word_1_32' title='bbox 2345 465 2682 532; x_wconf 84' lang='lat' dir='ltr'><strong><em>orationem,</em></strong></span> <span class='ocrx_word' id='word_1_33' title='bbox 2734 462 2878 532; x_wconf 86' lang='lat' dir='ltr'><strong><em>quod</em></strong></span> <span class='ocrx_word' id='word_1_34' title='bbox 2906 476 3092 517; x_wconf 77' lang='lat' dir='ltr'><strong><em>venum</em></strong></span> <span class='ocrx_word' id='word_1_35' title='bbox 3123 471 3207 516; x_wconf 85' lang='lat' dir='ltr'><strong><em>est</em></strong></span> <span class='ocrx_word' id='word_1_36' title='bbox 3233 458 3516 526; x_wconf 78' lang='lat' dir='ltr'><strong><em>auxilium,</em></strong></span> <span class='ocrx_word' id='word_1_37' title='bbox 3567 475 3683 513; x_wconf 80' lang='lat' dir='ltr'><strong><em>cun-</em></strong></span> 
     </span>
    </p>
   </div>
   <div class='ocr_carea' id='block_1_6' title="bbox 435 577 766 634">
    <p class='ocr_par' dir='ltr' id='par_1_6' title="bbox 435 577 766 634">
     <span class='ocr_line' id='line_1_6' title="bbox 435 577 766 634; baseline -0.012 -3"><span class='ocrx_word' id='word_1_38' title='bbox 435 577 577 634; x_wconf 70' lang='grc' dir='ltr'><em>νει-ςὶ</em></span> <span class='ocrx_word' id='word_1_39' title='bbox 610 581 766 629; x_wconf 87' lang='lat' dir='ltr'><strong><em>sunt.</em></strong></span> 
     </span>
    </p>
   </div>
   <div class='ocr_carea' id='block_1_7' title="bbox 506 644 2037 734">
    <p class='ocr_par' dir='ltr' id='par_1_7' title="bbox 506 654 2018 734">
     <span class='ocr_line' id='line_1_7' title="bbox 506 654 2018 734; baseline -0.01 -13"><span class='ocrx_word' id='word_1_40' title='bbox 506 671 638 720; x_wconf 77' lang='lat' dir='ltr'><strong><em>&quot;Ore</em></strong></span> <span class='ocrx_word' id='word_1_41' title='bbox 685 665 757 719; x_wconf 80' lang='grc' dir='ltr'><em>δὲ</em></span> <span class='ocrx_word' id='word_1_42' title='bbox 807 664 1067 734; x_wconf 74' lang='grc' dir='ltr'><em>ἔμελλεν</em></span> <span class='ocrx_word' id='word_1_43' title='bbox 1108 661 1297 716; x_wconf 85' lang='grc' dir='ltr'><em>αὐτὸν</em></span> <span class='ocrx_word' id='word_1_44' title='bbox 1335 659 1622 729; x_wconf 65' lang='grc' dir='ltr'><em>προάγειν</em></span> <span class='ocrx_word' id='word_1_45' title='bbox 1654 660 1686 710; x_wconf 84' lang='grc' dir='ltr'><em>ὀ</em></span> <span class='ocrx_word' id='word_1_46' title='bbox 1730 654 2018 724; x_wconf 82' lang='grc' dir='ltr'><em>Ἡρώδης,</em></span> 
     </span>
    </p>
   </div>
   <div class='ocr_carea' id='block_1_8' title="bbox 2143 644 3694 734">
    <p class='ocr_par' dir='ltr' id='par_1_8' title="bbox 2197 644 3694 718">
     <span class='ocr_line' id='line_1_8' title="bbox 2197 644 3694 718; baseline -0.005 -14"><span class='ocrx_word' id='word_1_47' title='bbox 2197 649 2361 705; x_wconf 72' lang='lat' dir='ltr'><strong><em>Vsus.</em></strong></span> <span class='ocrx_word' id='word_1_48' title='bbox 2387 649 2440 702; x_wconf 85' lang='grc'><em>6.</em></span> <span class='ocrx_word' id='word_1_49' title='bbox 2474 647 2610 704; x_wconf 84' lang='lat' dir='ltr'><strong><em>Cum</em></strong></span> <span class='ocrx_word' id='word_1_50' title='bbox 2634 657 2813 702; x_wconf 88' lang='lat' dir='ltr'><strong><em>autem</em></strong></span> <span class='ocrx_word' id='word_1_51' title='bbox 2850 648 3206 718; x_wconf 75' lang='lat' dir='ltr'><strong><em>producturus</em></strong></span> <span class='ocrx_word' id='word_1_52' title='bbox 3233 655 3364 700; x_wconf 80' lang='lat' dir='ltr'><strong><em>esset</em></strong></span> <span class='ocrx_word' id='word_1_53' title='bbox 3387 661 3503 700; x_wconf 88' lang='lat' dir='ltr'><strong><em>cum</em></strong></span> <span class='ocrx_word' id='word_1_54' title='bbox 3528 644 3694 698; x_wconf 80' lang='lat' dir='ltr'><strong><em>Hero-</em></strong></span> 
     </span>
    </p>
   </div>
   <div class='ocr_carea' id='block_1_9' title="bbox 434 747 2016 832">
    <p class='ocr_par' dir='ltr' id='par_1_9' title="bbox 434 747 2016 832">
     <span class='ocr_line' id='line_1_9' title="bbox 434 747 2016 832; baseline -0.011 -16"><span class='ocrx_word' id='word_1_55' title='bbox 434 762 506 832; x_wconf 75' lang='grc' dir='ltr'><em>τῇ</em></span> <span class='ocrx_word' id='word_1_56' title='bbox 529 760 702 816; x_wconf 80' lang='grc' dir='ltr'><em>νυκτὶ</em></span> <span class='ocrx_word' id='word_1_57' title='bbox 722 759 932 824; x_wconf 70' lang='grc' dir='ltr'><em>ἐκείνῃ</em></span> <span class='ocrx_word' id='word_1_58' title='bbox 960 753 1038 827; x_wconf 82' lang='grc' dir='ltr'><em>ἦν</em></span> <span class='ocrx_word' id='word_1_59' title='bbox 1082 758 1114 809; x_wconf 87' lang='grc' dir='ltr'><em>ὀ</em></span> <span class='ocrx_word' id='word_1_60' title='bbox 1150 754 1374 822; x_wconf 79' lang='grc' dir='ltr'><strong><em>Πέτρος</em></strong></span> <span class='ocrx_word' id='word_1_61' title='bbox 1406 749 1768 820; x_wconf 81' lang='grc' dir='ltr'><strong><em>κοιμώμενος</em></strong></span> <span class='ocrx_word' id='word_1_62' title='bbox 1787 747 2016 818; x_wconf 80' lang='grc' dir='ltr'><em>μεταξὺ</em></span> 
     </span>
    </p>
   </div>
   <div class='ocr_carea' id='block_1_10' title="bbox 435 837 2016 918">
    <p class='ocr_par' dir='ltr' id='par_1_10' title="bbox 435 837 2016 918">
     <span class='ocr_line' id='line_1_10' title="bbox 435 837 2016 918; baseline -0.012 -10"><span class='ocrx_word' id='word_1_63' title='bbox 435 854 543 908; x_wconf 87' lang='grc' dir='ltr'><em>δύο</em></span> <span class='ocrx_word' id='word_1_64' title='bbox 570 845 968 918; x_wconf 81' lang='grc' dir='ltr'><strong><em>στρατιωτῶν,</em></strong></span> <span class='ocrx_word' id='word_1_65' title='bbox 996 841 1314 912; x_wconf 82' lang='grc' dir='ltr'><strong><em>δεδεμένος</em></strong></span> <span class='ocrx_word' id='word_1_66' title='bbox 1340 842 1602 898; x_wconf 83' lang='grc' dir='ltr'><em>ἁλύσεσι</em></span> <span class='ocrx_word' id='word_1_67' title='bbox 1626 837 1793 902; x_wconf 76' lang='grc' dir='ltr'><em>δυσί,</em></span> <span class='ocrx_word' id='word_1_68' title='bbox 1823 837 2016 907; x_wconf 71' lang='grc' dir='ltr'><em>φύλα-</em></span> 
     </span>
    </p>
   </div>
   <div class='ocr_carea' id='block_1_11' title="bbox 435 928 1945 1008">
    <p class='ocr_par' dir='ltr' id='par_1_11' title="bbox 435 928 1945 1008">
     <span class='ocr_line' id='line_1_11' title="bbox 435 928 1945 1008; baseline -0.009 -11"><span class='ocrx_word' id='word_1_69' title='bbox 435 943 537 1008; x_wconf 82' lang='grc' dir='ltr'><em>κές</em></span> <span class='ocrx_word' id='word_1_70' title='bbox 563 958 626 995; x_wconf 85' lang='grc' dir='ltr'><strong><em>τε</em></strong></span> <span class='ocrx_word' id='word_1_71' title='bbox 665 937 816 1006; x_wconf 85' lang='grc' dir='ltr'><em>πρὸς</em></span> <span class='ocrx_word' id='word_1_72' title='bbox 839 935 954 1004; x_wconf 82' lang='grc' dir='ltr'><em>τῆς</em></span> <span class='ocrx_word' id='word_1_73' title='bbox 988 935 1174 1002; x_wconf 84' lang='grc' dir='ltr'><strong><em>θύρας</em></strong></span> <span class='ocrx_word' id='word_1_74' title='bbox 1207 933 1470 1002; x_wconf 78' lang='grc' dir='ltr'><strong><em>ἐτήρουν</em></strong></span> <span class='ocrx_word' id='word_1_75' title='bbox 1497 933 1615 999; x_wconf 77' lang='grc' dir='ltr'><em>τὴν</em></span> <span class='ocrx_word' id='word_1_76' title='bbox 1637 928 1945 1000; x_wconf 69' lang='grc' dir='ltr'><em>φυλακήν.</em></span> 
     </span>
    </p>
   </div>
   <div class='ocr_carea' id='block_1_12' title="bbox 504 1019 2019 1098">
    <p class='ocr_par' dir='ltr' id='par_1_12' title="bbox 504 1019 2019 1098">
     <span class='ocr_line' id='line_1_12' title="bbox 504 1019 2019 1098; baseline -0.01 -10"><span class='ocrx_word' id='word_1_77' title='bbox 504 1033 613 1088; x_wconf 80' lang='lat' dir='ltr'><strong><em>Kal</em></strong></span> <span class='ocrx_word' id='word_1_78' title='bbox 673 1028 803 1085; x_wconf 78' lang='grc' dir='ltr'><em>ιδοὺ</em></span> <span class='ocrx_word' id='word_1_79' title='bbox 863 1027 1120 1098; x_wconf 78' lang='grc' dir='ltr'><em>ἄγγελος</em></span> <span class='ocrx_word' id='word_1_80' title='bbox 1173 1025 1399 1094; x_wconf 80' lang='grc' dir='ltr'><strong><em>Κυρίου</em></strong></span> <span class='ocrx_word' id='word_1_81' title='bbox 1440 1023 1707 1090; x_wconf 63' lang='grc' dir='ltr'><em>ἐπέστη,</em></span> <span class='ocrx_word' id='word_1_82' title='bbox 1750 1021 1848 1076; x_wconf 78' lang='grc' dir='ltr'><strong><em>καὶ</em></strong></span> <span class='ocrx_word' id='word_1_83' title='bbox 1893 1019 2019 1089; x_wconf 69' lang='grc' dir='ltr'><strong><em>φῶς</em></strong></span> 
     </span>
    </p>
   </div>
   <div class='ocr_carea' id='block_1_13' title="bbox 434 1114 2020 1193">
    <p class='ocr_par' dir='ltr' id='par_1_13' title="bbox 434 1114 2020 1193">
     <span class='ocr_line' id='line_1_13' title="bbox 434 1114 2020 1193; baseline -0.009 -13"><span class='ocrx_word' id='word_1_84' title='bbox 434 1126 709 1193; x_wconf 64' lang='lat' dir='ltr'><strong><em>sla;th</em></strong></span> <span class='ocrx_word' id='word_1_85' title='bbox 738 1123 808 1176; x_wconf 84' lang='grc' dir='ltr'><em>ἐν</em></span> <span class='ocrx_word' id='word_1_86' title='bbox 838 1119 920 1186; x_wconf 86' lang='grc' dir='ltr'><em>τῷ</em></span> <span class='ocrx_word' id='word_1_87' title='bbox 941 1118 1220 1188; x_wconf 76' lang='grc' dir='ltr'><em>οἰκήματι</em></span> <span class='ocrx_word' id='word_1_88' title='bbox 1250 1131 1266 1148; x_wconf 75' lang='grc' dir='ltr'><strong>ο</strong></span> <span class='ocrx_word' id='word_1_89' title='bbox 1293 1115 1564 1182; x_wconf 76' lang='grc' dir='ltr'><em>πατάξας</em></span> <span class='ocrx_word' id='word_1_90' title='bbox 1595 1114 1662 1168; x_wconf 82' lang='grc' dir='ltr'><em>δὲ</em></span> <span class='ocrx_word' id='word_1_91' title='bbox 1689 1114 1804 1182; x_wconf 82' lang='grc' dir='ltr'><em>τὴν</em></span> <span class='ocrx_word' id='word_1_92' title='bbox 1830 1115 2020 1166; x_wconf 84' lang='grc' dir='ltr'><em>πλευ-</em></span> 
     </span>
    </p>
   </div>
   <div class='ocr_carea' id='block_1_14' title="bbox 432 1203 2023 1285">
    <p class='ocr_par' dir='ltr' id='par_1_14' title="bbox 432 1203 2023 1285">
     <span class='ocr_line' id='line_1_14' title="bbox 432 1203 2023 1285; baseline -0.008 -14"><span class='ocrx_word' id='word_1_93' title='bbox 432 1219 549 1285; x_wconf 85' lang='grc' dir='ltr'><strong><em>ρὰν</em></strong></span> <span class='ocrx_word' id='word_1_94' title='bbox 582 1215 690 1269; x_wconf 88' lang='grc' dir='ltr'><em>τοῦ</em></span> <span class='ocrx_word' id='word_1_95' title='bbox 731 1213 982 1282; x_wconf 79' lang='grc' dir='ltr'><em>Πέτρου,</em></span> <span class='ocrx_word' id='word_1_96' title='bbox 1021 1209 1265 1280; x_wconf 77' lang='grc' dir='ltr'><strong><em>ἤγειρεν</em></strong></span> <span class='ocrx_word' id='word_1_97' title='bbox 1310 1209 1521 1272; x_wconf 82' lang='grc' dir='ltr'><em>αὑτὸν,</em></span> <span class='ocrx_word' id='word_1_98' title='bbox 1563 1205 1759 1276; x_wconf 86' lang='grc' dir='ltr'><em>λέγων</em></span> <span class='ocrx_word' id='word_1_99' title='bbox 1781 1219 1795 1235; x_wconf 80' lang='grc'><em>’</em></span> <span class='ocrx_word' id='word_1_100' title='bbox 1851 1203 2023 1259; x_wconf 82' lang='grc' dir='ltr'><strong><em>Ἀνά-</em></strong></span> 
     </span>
    </p>
   </div>
   <div class='ocr_carea' id='block_1_15' title="bbox 435 1294 2022 1371">
    <p class='ocr_par' dir='ltr' id='par_1_15' title="bbox 435 1294 2022 1371">
     <span class='ocr_line' id='line_1_15' title="bbox 435 1294 2022 1371; baseline -0.009 -12"><span class='ocrx_word' id='word_1_101' title='bbox 435 1322 555 1359; x_wconf 85' lang='grc' dir='ltr'><strong><em>στα</em></strong></span> <span class='ocrx_word' id='word_1_102' title='bbox 605 1306 676 1358; x_wconf 79' lang='grc' dir='ltr'><em>ἐν</em></span> <span class='ocrx_word' id='word_1_103' title='bbox 727 1302 915 1371; x_wconf 78' lang='grc' dir='ltr'><em>τάχει.</em></span> <span class='ocrx_word' id='word_1_104' title='bbox 959 1300 1070 1356; x_wconf 80' lang='lat' dir='ltr'><strong><em>Kal</em></strong></span> <span class='ocrx_word' id='word_1_105' title='bbox 1113 1297 1415 1364; x_wconf 77' lang='grc' dir='ltr'><strong><em>ἐξέπεσον</em></strong></span> <span class='ocrx_word' id='word_1_106' title='bbox 1445 1295 1633 1352; x_wconf 85' lang='grc' dir='ltr'><em>αὑτοῦ</em></span> <span class='ocrx_word' id='word_1_107' title='bbox 1663 1295 1723 1348; x_wconf 86' lang='lat' dir='ltr'><strong><em>al</em></strong></span> <span class='ocrx_word' id='word_1_108' title='bbox 1769 1294 2022 1359; x_wconf 77' lang='grc' dir='ltr'><strong><em>ἁλύσεις</em></strong></span> 
     </span>
    </p>
   </div>
   <div class='ocr_carea' id='block_1_16' title="bbox 437 1395 932 1467">
    <p class='ocr_par' dir='ltr' id='par_1_16' title="bbox 437 1395 932 1467">
     <span class='ocr_line' id='line_1_16' title="bbox 437 1395 932 1467; baseline -0.01 -14"><span class='ocrx_word' id='word_1_109' title='bbox 437 1399 505 1453; x_wconf 74' lang='grc' dir='ltr'><strong><em>ἐκ</em></strong></span> <span class='ocrx_word' id='word_1_110' title='bbox 541 1397 659 1450; x_wconf 86' lang='grc' dir='ltr'><em>τῶν</em></span> <span class='ocrx_word' id='word_1_111' title='bbox 693 1395 932 1467; x_wconf 85' lang='grc' dir='ltr'><em>χειρῶν.</em></span> 
     </span>
    </p>
   </div>
   <div class='ocr_carea' id='block_1_17' title="bbox 512 1476 2020 1557">
    <p class='ocr_par' dir='ltr' id='par_1_17' title="bbox 512 1476 2020 1557">
     <span class='ocr_line' id='line_1_17' title="bbox 512 1476 2020 1557; baseline -0.008 -15"><span class='ocrx_word' id='word_1_112' title='bbox 512 1485 659 1542; x_wconf 67' lang='lat' dir='ltr'><strong><em>Eius</em></strong></span> <span class='ocrx_word' id='word_1_113' title='bbox 698 1485 766 1540; x_wconf 82' lang='grc' dir='ltr'><em>δὲ</em></span> <span class='ocrx_word' id='word_1_114' title='bbox 800 1486 1056 1557; x_wconf 83' lang='grc' dir='ltr'><em>ἄγγελος</em></span> <span class='ocrx_word' id='word_1_115' title='bbox 1100 1484 1148 1518; x_wconf 82' lang='grc'><strong><em>³⁸</em></strong></span> <span class='ocrx_word' id='word_1_116' title='bbox 1211 1483 1362 1553; x_wconf 83' lang='grc' dir='ltr'><em>πρὸς</em></span> <span class='ocrx_word' id='word_1_117' title='bbox 1413 1480 1633 1535; x_wconf 83' lang='grc' dir='ltr'><em>αὐτόν·</em></span> <span class='ocrx_word' id='word_1_118' title='bbox 1678 1476 2020 1548; x_wconf 78' lang='grc' dir='ltr'><em>Περίζωσαι,</em></span> 
     </span>
    </p>
   </div>
   <div class='ocr_carea' id='block_1_18' title="bbox 438 1567 2025 1644">
    <p class='ocr_par' dir='ltr' id='par_1_18' title="bbox 438 1567 2025 1644">
     <span class='ocr_line' id='line_1_18' title="bbox 438 1567 2025 1644; baseline -0.004 -16"><span class='ocrx_word' id='word_1_119' title='bbox 438 1576 539 1629; x_wconf 70' lang='grc' dir='ltr'><em>καί</em></span> <span class='ocrx_word' id='word_1_120' title='bbox 589 1576 897 1644; x_wconf 79' lang='grc' dir='ltr'><strong><em>ὑπόδησαι</em></strong></span> <span class='ocrx_word' id='word_1_121' title='bbox 941 1575 1015 1630; x_wconf 82' lang='grc' dir='ltr'><strong><em>τὰ</em></strong></span> <span class='ocrx_word' id='word_1_122' title='bbox 1061 1571 1368 1629; x_wconf 83' lang='grc' dir='ltr'><em>σανδάλιὰ</em></span> <span class='ocrx_word' id='word_1_123' title='bbox 1415 1587 1556 1626; x_wconf 90' lang='grc' dir='ltr'><em>σου.</em></span> <span class='ocrx_word' id='word_1_124' title='bbox 1622 1570 1908 1638; x_wconf 81' lang='grc' dir='ltr'><strong><em>Ἐποίησε</em></strong></span> <span class='ocrx_word' id='word_1_125' title='bbox 1956 1567 2025 1622; x_wconf 81' lang='grc' dir='ltr'><em>δὲ</em></span> 
     </span>
    </p>
   </div>
   <div class='ocr_carea' id='block_1_19' title="bbox 440 1659 2026 1748">
    <p class='ocr_par' dir='ltr' id='par_1_19' title="bbox 440 1659 2026 1748">
     <span class='ocr_line' id='line_1_19' title="bbox 440 1659 2026 1748; baseline -0.005 -27"><span class='ocrx_word' id='word_1_126' title='bbox 440 1669 614 1721; x_wconf 84' lang='grc' dir='ltr'><em>οὕτω.</em></span> <span class='ocrx_word' id='word_1_127' title='bbox 665 1667 775 1722; x_wconf 80' lang='grc' dir='ltr'><strong><em>Καὶ</em></strong></span> <span class='ocrx_word' id='word_1_128' title='bbox 815 1667 981 1737; x_wconf 82' lang='grc' dir='ltr'><em>λέγει</em></span> <span class='ocrx_word' id='word_1_129' title='bbox 1032 1665 1193 1732; x_wconf 86' lang='grc' dir='ltr'><em>αὐτῷ</em></span> <span class='ocrx_word' id='word_1_130' title='bbox 1226 1683 1242 1698; x_wconf 89' lang='grc'><strong>·</strong></span> <span class='ocrx_word' id='word_1_131' title='bbox 1291 1662 1625 1748; x_wconf 67' lang='grc' dir='ltr'><em>Περιϐαλοῦ</em></span> <span class='ocrx_word' id='word_1_132' title='bbox 1675 1662 1744 1716; x_wconf 86' lang='grc' dir='ltr'><em>τὸ</em></span> <span class='ocrx_word' id='word_1_133' title='bbox 1791 1659 2026 1731; x_wconf 74' lang='grc' dir='ltr'><em>ἱμάτιόν</em></span> 
     </span>
    </p>
   </div>
   <div class='ocr_carea' id='block_1_20' title="bbox 441 1759 1244 1829">
    <p class='ocr_par' dir='ltr' id='par_1_20' title="bbox 441 1759 1244 1829">
     <span class='ocr_line' id='line_1_20' title="bbox 441 1759 1244 1829; baseline -0.004 -15"><span class='ocrx_word' id='word_1_134' title='bbox 441 1777 578 1821; x_wconf 86' lang='grc' dir='ltr'><em>σου.</em></span> <span class='ocrx_word' id='word_1_135' title='bbox 612 1759 711 1813; x_wconf 79' lang='grc' dir='ltr'><em>καί</em></span> <span class='ocrx_word' id='word_1_136' title='bbox 735 1759 1060 1815; x_wconf 83' lang='grc' dir='ltr'><em>ἀκολούθει</em></span> <span class='ocrx_word' id='word_1_137' title='bbox 1092 1770 1244 1829; x_wconf 80' lang='grc' dir='ltr'><em>μοι.·</em></span> 
     </span>
    </p>
   </div>
   <div class='ocr_carea' id='block_1_21' title="bbox 513 1843 2026 1917">
    <p class='ocr_par' dir='ltr' id='par_1_21' title="bbox 513 1843 2026 1917">
     <span class='ocr_line' id='line_1_21' title="bbox 513 1843 2026 1917; baseline -0.006 -11"><span class='ocrx_word' id='word_1_138' title='bbox 513 1851 620 1906; x_wconf 81' lang='grc' dir='ltr'><em>Καὶ</em></span> <span class='ocrx_word' id='word_1_139' title='bbox 665 1850 934 1916; x_wconf 80' lang='grc' dir='ltr'><em>ἐξελθὼν</em></span> <span class='ocrx_word' id='word_1_140' title='bbox 955 1850 1283 1917; x_wconf 75' lang='grc' dir='ltr'><strong><em>ἠκολούθει</em></strong></span> <span class='ocrx_word' id='word_1_141' title='bbox 1336 1847 1519 1914; x_wconf 75' lang='grc' dir='ltr'><em>αὐτῷ,</em></span> <span class='ocrx_word' id='word_1_142' title='bbox 1564 1847 1665 1901; x_wconf 74' lang='grc' dir='ltr'><strong><em>καὶ</em></strong></span> <span class='ocrx_word' id='word_1_143' title='bbox 1726 1847 1840 1900; x_wconf 87' lang='grc' dir='ltr'><strong><em>οὐκ</em></strong></span> <span class='ocrx_word' id='word_1_144' title='bbox 1893 1843 2026 1914; x_wconf 69' lang='grc' dir='ltr'><em>ᾔδει</em></span> 
     </span>
    </p>
   </div>
   <div class='ocr_carea' id='block_1_22' title="bbox 445 1935 2023 2014">
    <p class='ocr_par' dir='ltr' id='par_1_22' title="bbox 445 1935 2023 2014">
     <span class='ocr_line' id='line_1_22' title="bbox 445 1935 2023 2014; baseline -0.004 -17"><span class='ocrx_word' id='word_1_145' title='bbox 445 1943 534 1997; x_wconf 82' lang='grc' dir='ltr'><em>ὅτι</em></span> <span class='ocrx_word' id='word_1_146' title='bbox 563 1943 785 2010; x_wconf 81' lang='grc' dir='ltr'><em>ἀληθές</em></span> <span class='ocrx_word' id='word_1_147' title='bbox 811 1944 943 1998; x_wconf 75' lang='grc' dir='ltr'><em>ἐστι</em></span> <span class='ocrx_word' id='word_1_148' title='bbox 978 1943 1041 1998; x_wconf 83' lang='grc' dir='ltr'><em>τὸ</em></span> <span class='ocrx_word' id='word_1_149' title='bbox 1068 1944 1394 2014; x_wconf 80' lang='grc' dir='ltr'><em>γενόμενον</em></span> <span class='ocrx_word' id='word_1_150' title='bbox 1409 1943 1453 1975; x_wconf 78' lang='grc'><strong><em>³⁸</em></strong></span> <span class='ocrx_word' id='word_1_151' title='bbox 1479 1939 1704 1996; x_wconf 64' lang='grc' dir='ltr'><em>διὰητοῦ</em></span> <span class='ocrx_word' id='word_1_152' title='bbox 1733 1935 2023 2008; x_wconf 80' lang='grc' dir='ltr'><em>ἀγγέλου·</em></span> 
     </span>
    </p>
   </div>
   <div class='ocr_carea' id='block_1_23' title="bbox 444 2034 1384 2104">
    <p class='ocr_par' dir='ltr' id='par_1_23' title="bbox 444 2034 1384 2104">
     <span class='ocr_line' id='line_1_23' title="bbox 444 2034 1384 2104; baseline -0.002 -14"><span class='ocrx_word' id='word_1_153' title='bbox 444 2037 582 2090; x_wconf 69' lang='grc' dir='ltr'><em>ἀλλ’</em></span> <span class='ocrx_word' id='word_1_154' title='bbox 611 2035 803 2090; x_wconf 80' lang='grc' dir='ltr'><em>ἐδόκει</em></span> <span class='ocrx_word' id='word_1_155' title='bbox 831 2035 1022 2104; x_wconf 79' lang='grc' dir='ltr'><em>ὅραμα</em></span> <span class='ocrx_word' id='word_1_156' title='bbox 1038 2037 1081 2067; x_wconf 84' lang='grc'><strong>³⁷</strong></span> <span class='ocrx_word' id='word_1_157' title='bbox 1103 2034 1384 2100; x_wconf 78' lang='grc' dir='ltr'><em>βλέπειν.</em></span> 
     </span>
    </p>
   </div>
   <div class='ocr_carea' id='block_1_24' title="bbox 2125 741 3699 812">
    <p class='ocr_par' dir='ltr' id='par_1_24' title="bbox 2125 741 3699 812">
     <span class='ocr_line' id='line_1_24' title="bbox 2125 741 3699 812; baseline -0.004 -14"><span class='ocrx_word' id='word_1_158' title='bbox 2125 750 2234 812; x_wconf 87' lang='lat' dir='ltr'><strong><em>des,</em></strong></span> <span class='ocrx_word' id='word_1_159' title='bbox 2292 745 2348 798; x_wconf 86' lang='lat' dir='ltr'><strong><em>in</em></strong></span> <span class='ocrx_word' id='word_1_160' title='bbox 2409 743 2504 796; x_wconf 87' lang='lat' dir='ltr'><strong><em>illa</em></strong></span> <span class='ocrx_word' id='word_1_161' title='bbox 2565 753 2712 796; x_wconf 90' lang='lat' dir='ltr'><strong><em>nocte</em></strong></span> <span class='ocrx_word' id='word_1_162' title='bbox 2773 742 2966 797; x_wconf 85' lang='lat' dir='ltr'><strong><em>Petrus</em></strong></span> <span class='ocrx_word' id='word_1_163' title='bbox 3021 741 3313 796; x_wconf 74' lang='lat' dir='ltr'><strong><em>dormiebat</em></strong></span> <span class='ocrx_word' id='word_1_164' title='bbox 3381 742 3520 794; x_wconf 87' lang='lat' dir='ltr'><strong><em>inter</em></strong></span> <span class='ocrx_word' id='word_1_165' title='bbox 3575 743 3699 794; x_wconf 72' lang='lat' dir='ltr'><strong><em>duos</em></strong></span> 
     </span>
    </p>
   </div>
   <div class='ocr_carea' id='block_1_25' title="bbox 2123 834 3698 901">
    <p class='ocr_par' dir='ltr' id='par_1_25' title="bbox 2123 834 3698 901">
     <span class='ocr_line' id='line_1_25' title="bbox 2123 834 3698 901; baseline -0.003 -10"><span class='ocrx_word' id='word_1_166' title='bbox 2123 837 2340 901; x_wconf 85' lang='lat' dir='ltr'><strong><em>milites,</em></strong></span> <span class='ocrx_word' id='word_1_167' title='bbox 2395 837 2603 890; x_wconf 77' lang='lat' dir='ltr'><strong><em>uinctus</em></strong></span> <span class='ocrx_word' id='word_1_168' title='bbox 2665 835 2872 889; x_wconf 88' lang='lat' dir='ltr'><strong><em>catenis</em></strong></span> <span class='ocrx_word' id='word_1_169' title='bbox 2920 834 3150 896; x_wconf 86' lang='lat' dir='ltr'><strong><em>duabus,</em></strong></span> <span class='ocrx_word' id='word_1_170' title='bbox 3206 843 3256 888; x_wconf 91' lang='lat' dir='ltr'><strong><em>et</em></strong></span> <span class='ocrx_word' id='word_1_171' title='bbox 3297 835 3536 888; x_wconf 76' lang='lat' dir='ltr'><strong><em>custodes</em></strong></span> <span class='ocrx_word' id='word_1_172' title='bbox 3581 846 3698 887; x_wconf 76' lang='lat' dir='ltr'><strong><em>anu</em></strong></span> 
     </span>
    </p>
   </div>
   <div class='ocr_carea' id='block_1_26' title="bbox 2123 924 2952 982">
    <p class='ocr_par' dir='ltr' id='par_1_26' title="bbox 2123 924 2952 982">
     <span class='ocr_line' id='line_1_26' title="bbox 2123 924 2952 982; baseline -0.007 0"><span class='ocrx_word' id='word_1_173' title='bbox 2123 927 2316 982; x_wconf 81' lang='lat' dir='ltr'><strong><em>ostium</em></strong></span> <span class='ocrx_word' id='word_1_174' title='bbox 2350 941 2613 980; x_wconf 79' lang='lat' dir='ltr'><strong><em>carcerem</em></strong></span> <span class='ocrx_word' id='word_1_175' title='bbox 2644 924 2952 978; x_wconf 73' lang='lat' dir='ltr'><strong><em>servabant.</em></strong></span> 
     </span>
    </p>
   </div>
   <div class='ocr_carea' id='block_1_27' title="bbox 2201 1013 3702 1086">
    <p class='ocr_par' dir='ltr' id='par_1_27' title="bbox 2201 1013 3702 1086">
     <span class='ocr_line' id='line_1_27' title="bbox 2201 1013 3702 1086; baseline -0.006 -14"><span class='ocrx_word' id='word_1_176' title='bbox 2201 1017 2367 1074; x_wconf 71' lang='lat' dir='ltr'><strong><em>Vsus.</em></strong></span> <span class='ocrx_word' id='word_1_177' title='bbox 2402 1020 2454 1072; x_wconf 89' lang='lat'><strong><em>7.</em></strong></span> <span class='ocrx_word' id='word_1_178' title='bbox 2501 1017 2566 1070; x_wconf 86' lang='lat' dir='ltr'><strong><em>Et</em></strong></span> <span class='ocrx_word' id='word_1_179' title='bbox 2598 1033 2714 1071; x_wconf 89' lang='lat' dir='ltr'><strong><em>ecce</em></strong></span> <span class='ocrx_word' id='word_1_180' title='bbox 2735 1015 2954 1086; x_wconf 80' lang='lat' dir='ltr'><strong><em>angelus</em></strong></span> <span class='ocrx_word' id='word_1_181' title='bbox 2984 1013 3200 1069; x_wconf 86' lang='lat' dir='ltr'><strong><em>Domini</em></strong></span> <span class='ocrx_word' id='word_1_182' title='bbox 3231 1013 3423 1078; x_wconf 89' lang='lat' dir='ltr'><strong><em>astitit,</em></strong></span> <span class='ocrx_word' id='word_1_183' title='bbox 3455 1022 3503 1067; x_wconf 91' lang='lat' dir='ltr'><strong><em>et</em></strong></span> <span class='ocrx_word' id='word_1_184' title='bbox 3527 1013 3702 1066; x_wconf 83' lang='lat' dir='ltr'><strong><em>lumen</em></strong></span> 
     </span>
    </p>
   </div>
   <div class='ocr_carea' id='block_1_28' title="bbox 2126 1103 3704 1181">
    <p class='ocr_par' dir='ltr' id='par_1_28' title="bbox 2126 1103 3704 1181">
     <span class='ocr_line' id='line_1_28' title="bbox 2126 1103 3704 1181; baseline -0.006 -15"><span class='ocrx_word' id='word_1_185' title='bbox 2126 1110 2448 1181; x_wconf 88' lang='lat' dir='ltr'><strong><em>resplenduit</em></strong></span> <span class='ocrx_word' id='word_1_186' title='bbox 2480 1110 2534 1162; x_wconf 91' lang='lat' dir='ltr'><strong><em>in</em></strong></span> <span class='ocrx_word' id='word_1_187' title='bbox 2567 1107 2823 1162; x_wconf 81' lang='lat' dir='ltr'><strong><em>conclavi.</em></strong></span> <span class='ocrx_word' id='word_1_188' title='bbox 2869 1105 3000 1162; x_wconf 88' lang='lat' dir='ltr'><strong><em>Cum</em></strong></span> <span class='ocrx_word' id='word_1_189' title='bbox 3040 1105 3300 1175; x_wconf 86' lang='lat' dir='ltr'><strong><em>pulsasset</em></strong></span> <span class='ocrx_word' id='word_1_190' title='bbox 3352 1115 3532 1158; x_wconf 89' lang='lat' dir='ltr'><strong><em>autem</em></strong></span> <span class='ocrx_word' id='word_1_191' title='bbox 3566 1103 3704 1157; x_wconf 88' lang='lat' dir='ltr'><strong><em>latus</em></strong></span> 
     </span>
    </p>
   </div>
   <div class='ocr_carea' id='block_1_29' title="bbox 2127 1194 3703 1267">
    <p class='ocr_par' dir='ltr' id='par_1_29' title="bbox 2127 1194 3703 1267">
     <span class='ocr_line' id='line_1_29' title="bbox 2127 1194 3703 1267; baseline -0.006 -9"><span class='ocrx_word' id='word_1_192' title='bbox 2127 1202 2299 1267; x_wconf 88' lang='lat' dir='ltr'><strong><em>Petri,</em></strong></span> <span class='ocrx_word' id='word_1_193' title='bbox 2351 1201 2602 1256; x_wconf 71' lang='lat' dir='ltr'><strong><em>excitavit</em></strong></span> <span class='ocrx_word' id='word_1_194' title='bbox 2656 1215 2796 1263; x_wconf 88' lang='lat' dir='ltr'><strong><em>eum,</em></strong></span> <span class='ocrx_word' id='word_1_195' title='bbox 2845 1199 3066 1252; x_wconf 86' lang='lat' dir='ltr'><strong><em>dicens:</em></strong></span> <span class='ocrx_word' id='word_1_196' title='bbox 3117 1194 3284 1267; x_wconf 87' lang='lat' dir='ltr'><strong><em>Surge</em></strong></span> <span class='ocrx_word' id='word_1_197' title='bbox 3340 1196 3614 1262; x_wconf 78' lang='lat' dir='ltr'><strong><em>celeriter,</em></strong></span> <span class='ocrx_word' id='word_1_198' title='bbox 3655 1207 3703 1250; x_wconf 88' lang='lat' dir='ltr'><strong><em>et</em></strong></span> 
     </span>
    </p>
   </div>
   <div class='ocr_carea' id='block_1_30' title="bbox 2129 1289 3203 1359">
    <p class='ocr_par' dir='ltr' id='par_1_30' title="bbox 2129 1289 3203 1359">
     <span class='ocr_line' id='line_1_30' title="bbox 2129 1289 3203 1359; baseline -0.007 -8"><span class='ocrx_word' id='word_1_199' title='bbox 2129 1295 2436 1351; x_wconf 72' lang='lat' dir='ltr'><strong><em>exciderunt</em></strong></span> <span class='ocrx_word' id='word_1_200' title='bbox 2465 1301 2668 1346; x_wconf 79' lang='lat' dir='ltr'><strong><em>catena:</em></strong></span> <span class='ocrx_word' id='word_1_201' title='bbox 2691 1292 2754 1345; x_wconf 88' lang='lat' dir='ltr'><strong><em>de</em></strong></span> <span class='ocrx_word' id='word_1_202' title='bbox 2789 1291 3036 1345; x_wconf 88' lang='lat' dir='ltr'><strong><em>manibus</em></strong></span> <span class='ocrx_word' id='word_1_203' title='bbox 3068 1289 3203 1359; x_wconf 85' lang='lat' dir='ltr'><strong><em>ejus.</em></strong></span> 
     </span>
    </p>
   </div>
   <div class='ocr_carea' id='block_1_31' title="bbox 2198 1469 3709 1544">
    <p class='ocr_par' dir='ltr' id='par_1_31' title="bbox 2198 1469 3709 1544">
     <span class='ocr_line' id='line_1_31' title="bbox 2198 1469 3709 1544; baseline -0.004 -14"><span class='ocrx_word' id='word_1_204' title='bbox 2198 1475 2362 1530; x_wconf 75' lang='lat' dir='ltr'><strong><em>Vsus.</em></strong></span> <span class='ocrx_word' id='word_1_205' title='bbox 2393 1474 2448 1529; x_wconf 91' lang='lat'><strong><em>8.</em></strong></span> <span class='ocrx_word' id='word_1_206' title='bbox 2479 1473 2626 1529; x_wconf 75' lang='lat' dir='ltr'><strong><em>Dixit</em></strong></span> <span class='ocrx_word' id='word_1_207' title='bbox 2659 1475 2783 1528; x_wconf 87' lang='lat' dir='ltr'><strong><em>item</em></strong></span> <span class='ocrx_word' id='word_1_208' title='bbox 2837 1472 3058 1544; x_wconf 84' lang='lat' dir='ltr'><strong><em>angelus</em></strong></span> <span class='ocrx_word' id='word_1_209' title='bbox 3118 1473 3190 1526; x_wconf 89' lang='lat' dir='ltr'><strong><em>ad</em></strong></span> <span class='ocrx_word' id='word_1_210' title='bbox 3225 1487 3380 1526; x_wconf 90' lang='lat' dir='ltr'><strong><em>eum:</em></strong></span> <span class='ocrx_word' id='word_1_211' title='bbox 3433 1469 3709 1540; x_wconf 78' lang='lat' dir='ltr'><strong><em>Prtrcingc</em></strong></span> 
     </span>
    </p>
   </div>
   <div class='ocr_carea' id='block_1_32' title="bbox 2131 1562 3708 1640">
    <p class='ocr_par' dir='ltr' id='par_1_32' title="bbox 2131 1562 3708 1640">
     <span class='ocr_line' id='line_1_32' title="bbox 2131 1562 3708 1640; baseline -0.007 -14"><span class='ocrx_word' id='word_1_212' title='bbox 2131 1570 2284 1640; x_wconf 76' lang='grc' dir='ltr'><strong><em>ιο]</em></strong></span> <span class='ocrx_word' id='word_1_213' title='bbox 2330 1577 2400 1634; x_wconf 90' lang='lat' dir='ltr'><strong><em>te,</em></strong></span> <span class='ocrx_word' id='word_1_214' title='bbox 2434 1577 2486 1622; x_wconf 89' lang='lat' dir='ltr'><strong><em>et</em></strong></span> <span class='ocrx_word' id='word_1_215' title='bbox 2518 1568 2723 1636; x_wconf 85' lang='lat' dir='ltr'><strong><em>subliga</em></strong></span> <span class='ocrx_word' id='word_1_216' title='bbox 2753 1566 2999 1620; x_wconf 85' lang='lat' dir='ltr'><strong><em>sandalia</em></strong></span> <span class='ocrx_word' id='word_1_217' title='bbox 3052 1574 3143 1618; x_wconf 90' lang='lat' dir='ltr'><strong><em>tua</em></strong></span> <span class='ocrx_word' id='word_1_218' title='bbox 3175 1581 3194 1618; x_wconf 90' lang='lat'><strong><em>:</em></strong></span> <span class='ocrx_word' id='word_1_219' title='bbox 3225 1581 3290 1618; x_wconf 88' lang='lat' dir='ltr'><strong><em>ac</em></strong></span> <span class='ocrx_word' id='word_1_220' title='bbox 3346 1566 3466 1635; x_wconf 76' lang='lat' dir='ltr'><strong><em>fecit</em></strong></span> <span class='ocrx_word' id='word_1_221' title='bbox 3497 1565 3592 1616; x_wconf 88' lang='lat' dir='ltr'><strong><em>sic.</em></strong></span> <span class='ocrx_word' id='word_1_222' title='bbox 3641 1562 3708 1616; x_wconf 87' lang='lat' dir='ltr'><strong><em>Et</em></strong></span> 
     </span>
    </p>
   </div>
   <div class='ocr_carea' id='block_1_33' title="bbox 2131 1657 3708 1728">
    <p class='ocr_par' dir='ltr' id='par_1_33' title="bbox 2131 1657 3708 1728">
     <span class='ocr_line' id='line_1_33' title="bbox 2131 1657 3708 1728; baseline -0.004 -13"><span class='ocrx_word' id='word_1_223' title='bbox 2131 1663 2261 1717; x_wconf 75' lang='lat' dir='ltr'><strong><em>dicit</em></strong></span> <span class='ocrx_word' id='word_1_224' title='bbox 2285 1663 2372 1716; x_wconf 88' lang='lat' dir='ltr'><strong><em>ei:</em></strong></span> <span class='ocrx_word' id='word_1_225' title='bbox 2402 1661 2684 1718; x_wconf 84' lang='lat' dir='ltr'><strong><em>Circumda</em></strong></span> <span class='ocrx_word' id='word_1_226' title='bbox 2715 1660 2810 1713; x_wconf 82' lang='lat' dir='ltr'><strong><em>tibi</em></strong></span> <span class='ocrx_word' id='word_1_227' title='bbox 2832 1657 3060 1728; x_wconf 83' lang='lat' dir='ltr'><strong><em>pallium</em></strong></span> <span class='ocrx_word' id='word_1_228' title='bbox 3083 1665 3255 1723; x_wconf 88' lang='lat' dir='ltr'><strong><em>tuum,</em></strong></span> <span class='ocrx_word' id='word_1_229' title='bbox 3286 1665 3334 1711; x_wconf 88' lang='lat' dir='ltr'><strong><em>et</em></strong></span> <span class='ocrx_word' id='word_1_230' title='bbox 3365 1672 3577 1725; x_wconf 83' lang='lat' dir='ltr'><strong><em>sequere</em></strong></span> <span class='ocrx_word' id='word_1_231' title='bbox 3605 1671 3708 1709; x_wconf 89' lang='lat' dir='ltr'><strong><em>me.</em></strong></span> 
     </span>
    </p>
   </div>
   <div class='ocr_carea' id='block_1_34' title="bbox 2200 1841 3713 1915">
    <p class='ocr_par' dir='ltr' id='par_1_34' title="bbox 2200 1841 3713 1915">
     <span class='ocr_line' id='line_1_34' title="bbox 2200 1841 3713 1915; baseline -0.001 -17"><span class='ocrx_word' id='word_1_232' title='bbox 2200 1842 2365 1900; x_wconf 76' lang='lat' dir='ltr'><strong><em>Vsus.</em></strong></span> <span class='ocrx_word' id='word_1_233' title='bbox 2403 1845 2455 1901; x_wconf 87' lang='lat'><strong><em>9.</em></strong></span> <span class='ocrx_word' id='word_1_234' title='bbox 2489 1843 2557 1898; x_wconf 81' lang='lat' dir='ltr'><strong><em>Et</em></strong></span> <span class='ocrx_word' id='word_1_235' title='bbox 2582 1859 2838 1915; x_wconf 80' lang='lat' dir='ltr'><strong><em>egressus,</em></strong></span> <span class='ocrx_word' id='word_1_236' title='bbox 2877 1841 3191 1913; x_wconf 81' lang='lat' dir='ltr'><strong><em>sequebatur</em></strong></span> <span class='ocrx_word' id='word_1_237' title='bbox 3211 1857 3348 1908; x_wconf 85' lang='lat' dir='ltr'><strong><em>eum,</em></strong></span> <span class='ocrx_word' id='word_1_238' title='bbox 3382 1851 3432 1896; x_wconf 84' lang='lat' dir='ltr'><strong><em>et</em></strong></span> <span class='ocrx_word' id='word_1_239' title='bbox 3460 1844 3713 1897; x_wconf 81' lang='lat' dir='ltr'><strong><em>nesciebat</em></strong></span> 
     </span>
    </p>
   </div>
   <div class='ocr_carea' id='block_1_35' title="bbox 2130 1935 3710 2006">
    <p class='ocr_par' dir='ltr' id='par_1_35' title="bbox 2130 1935 3710 2006">
     <span class='ocr_line' id='line_1_35' title="bbox 2130 1935 3710 2006; baseline 0 -16"><span class='ocrx_word' id='word_1_240' title='bbox 2130 1952 2240 1990; x_wconf 80' lang='lat' dir='ltr'><strong><em>rem</em></strong></span> <span class='ocrx_word' id='word_1_241' title='bbox 2285 1952 2463 1989; x_wconf 77' lang='lat' dir='ltr'><strong><em>veram</em></strong></span> <span class='ocrx_word' id='word_1_242' title='bbox 2503 1951 2630 2000; x_wconf 89' lang='lat' dir='ltr'><strong><em>esse,</em></strong></span> <span class='ocrx_word' id='word_1_243' title='bbox 2673 1949 2790 2006; x_wconf 77' lang='lat' dir='ltr'><strong><em>qua:</em></strong></span> <span class='ocrx_word' id='word_1_244' title='bbox 2833 1936 2978 2005; x_wconf 77' lang='lat' dir='ltr'><strong><em>facta</em></strong></span> <span class='ocrx_word' id='word_1_245' title='bbox 3004 1943 3120 1989; x_wconf 86' lang='lat' dir='ltr'><strong><em>erat</em></strong></span> <span class='ocrx_word' id='word_1_246' title='bbox 3156 1951 3258 2004; x_wconf 83' lang='lat' dir='ltr'><strong><em>per</em></strong></span> <span class='ocrx_word' id='word_1_247' title='bbox 3298 1935 3543 2006; x_wconf 83' lang='lat' dir='ltr'><strong><em>angelum</em></strong></span> <span class='ocrx_word' id='word_1_248' title='bbox 3572 1950 3590 1988; x_wconf 89' lang='lat'><em>:</em></span> <span class='ocrx_word' id='word_1_249' title='bbox 3619 1937 3710 1990; x_wconf 87' lang='lat' dir='ltr'><strong><em>sed</em></strong></span> 
     </span>
    </p>
   </div>
   <div class='ocr_carea' id='block_1_36' title="bbox 2129 2027 2926 2099">
    <p class='ocr_par' dir='ltr' id='par_1_36' title="bbox 2129 2027 2926 2099">
     <span class='ocr_line' id='line_1_36' title="bbox 2129 2027 2926 2099; baseline -0.003 -17"><span class='ocrx_word' id='word_1_250' title='bbox 2129 2027 2350 2099; x_wconf 83' lang='lat' dir='ltr'><strong><em>putabat</em></strong></span> <span class='ocrx_word' id='word_1_251' title='bbox 2373 2043 2428 2082; x_wconf 83' lang='lat' dir='ltr'><strong><em>se</em></strong></span> <span class='ocrx_word' id='word_1_252' title='bbox 2453 2037 2712 2095; x_wconf 85' lang='lat' dir='ltr'><strong><em>spectrum</em></strong></span> <span class='ocrx_word' id='word_1_253' title='bbox 2735 2027 2926 2082; x_wconf 78' lang='lat' dir='ltr'><strong><em>videre.</em></strong></span> 
     </span>
    </p>
   </div>
   <div class='ocr_carea' id='block_1_37' title="bbox 519 2095 2037 2196">
    <p class='ocr_par' dir='ltr' id='par_1_37' title="bbox 519 2095 2029 2196">
     <span class='ocr_line' id='line_1_37' title="bbox 519 2095 2029 2196; baseline -0.003 -18"><span class='ocrx_word' id='word_1_254' title='bbox 519 2095 876 2193; x_wconf 73' lang='grc' dir='ltr'><strong><em>Διελθόντες</em></strong></span> <span class='ocrx_word' id='word_1_255' title='bbox 899 2095 968 2180; x_wconf 63' lang='grc' dir='ltr'><strong><em>δέ</em></strong></span> <span class='ocrx_word' id='word_1_256' title='bbox 997 2095 1238 2194; x_wconf 83' lang='grc' dir='ltr'><em>πρώτην</em></span> <span class='ocrx_word' id='word_1_257' title='bbox 1269 2124 1560 2196; x_wconf 72' lang='grc' dir='ltr'><em>φυλακὴν</em></span> <span class='ocrx_word' id='word_1_258' title='bbox 1588 2122 1689 2178; x_wconf 81' lang='grc' dir='ltr'><strong><em>καὶ</em></strong></span> <span class='ocrx_word' id='word_1_259' title='bbox 1717 2119 2029 2188; x_wconf 78' lang='grc' dir='ltr'><em>δευτέραν,</em></span> 
     </span>
    </p>
   </div>
   <div class='ocr_carea' id='block_1_38' title="bbox 2143 2095 3715 2196">
    <p class='ocr_par' dir='ltr' id='par_1_38' title="bbox 2211 2118 3715 2189">
     <span class='ocr_line' id='line_1_38' title="bbox 2211 2118 3715 2189; baseline -0.003 -13"><span class='ocrx_word' id='word_1_260' title='bbox 2211 2121 2370 2176; x_wconf 73' lang='lat' dir='ltr'><strong><em>Vsus.</em></strong></span> <span class='ocrx_word' id='word_1_261' title='bbox 2393 2121 2480 2175; x_wconf 78' lang='lat'><strong><em>‘10.</em></strong></span> <span class='ocrx_word' id='word_1_262' title='bbox 2505 2119 2878 2189; x_wconf 75' lang='lat' dir='ltr'><strong><em>Prazlergressi</em></strong></span> <span class='ocrx_word' id='word_1_263' title='bbox 2922 2127 3103 2173; x_wconf 84' lang='lat' dir='ltr'><strong><em>autem</em></strong></span> <span class='ocrx_word' id='word_1_264' title='bbox 3160 2118 3387 2187; x_wconf 81' lang='lat' dir='ltr'><strong><em>primunt</em></strong></span> <span class='ocrx_word' id='word_1_265' title='bbox 3423 2121 3715 2174; x_wconf 89' lang='lat' dir='ltr'><strong><em>custodiam</em></strong></span> 
     </span>
    </p>
   </div>
   <div class='ocr_carea' id='block_1_39' title="bbox 446 2211 2032 2286">
    <p class='ocr_par' dir='ltr' id='par_1_39' title="bbox 446 2211 2032 2286">
     <span class='ocr_line' id='line_1_39' title="bbox 446 2211 2032 2286; baseline -0.003 -16"><span class='ocrx_word' id='word_1_266' title='bbox 446 2211 637 2284; x_wconf 78' lang='grc' dir='ltr'><em>ἦλθον</em></span> <span class='ocrx_word' id='word_1_267' title='bbox 673 2215 772 2269; x_wconf 73' lang='grc' dir='ltr'><strong><em>ἐπὶ</em></strong></span> <span class='ocrx_word' id='word_1_268' title='bbox 801 2215 917 2286; x_wconf 83' lang='grc' dir='ltr'><em>τὴν</em></span> <span class='ocrx_word' id='word_1_269' title='bbox 943 2218 1149 2284; x_wconf 84' lang='grc' dir='ltr'><em>πύλην</em></span> <span class='ocrx_word' id='word_1_270' title='bbox 1181 2217 1293 2285; x_wconf 80' lang='grc' dir='ltr'><em>τὴν</em></span> <span class='ocrx_word' id='word_1_271' title='bbox 1326 2215 1609 2284; x_wconf 84' lang='grc' dir='ltr'><em>Σιδηρᾶν,</em></span> <span class='ocrx_word' id='word_1_272' title='bbox 1641 2214 1758 2282; x_wconf 79' lang='grc' dir='ltr'><em>τὴν</em></span> <span class='ocrx_word' id='word_1_273' title='bbox 1814 2211 2032 2282; x_wconf 74' lang='grc' dir='ltr'><em>φέρου-</em></span> 
     </span>
    </p>
   </div>
   <div class='ocr_carea' id='block_1_40' title="bbox 447 2304 2034 2376">
    <p class='ocr_par' dir='ltr' id='par_1_40' title="bbox 447 2304 2034 2376">
     <span class='ocr_line' id='line_1_40' title="bbox 447 2304 2034 2376; baseline -0.001 -16"><span class='ocrx_word' id='word_1_274' title='bbox 447 2323 569 2360; x_wconf 82' lang='grc' dir='ltr'><strong><em>σαν</em></strong></span> <span class='ocrx_word' id='word_1_275' title='bbox 597 2309 685 2371; x_wconf 82' lang='grc' dir='ltr'><strong><em>είς</em></strong></span> <span class='ocrx_word' id='word_1_276' title='bbox 713 2307 828 2375; x_wconf 78' lang='grc' dir='ltr'><em>τὴν</em></span> <span class='ocrx_word' id='word_1_277' title='bbox 877 2308 1060 2368; x_wconf 85' lang='grc' dir='ltr'><em>πόλιν</em></span> <span class='ocrx_word' id='word_1_278' title='bbox 1081 2346 1096 2372; x_wconf 93' lang='grc'><strong><em>,</em></strong></span> <span class='ocrx_word' id='word_1_279' title='bbox 1132 2307 1264 2374; x_wconf 84' lang='grc' dir='ltr'><em>ἥτις</em></span> <span class='ocrx_word' id='word_1_280' title='bbox 1294 2304 1596 2376; x_wconf 78' lang='grc' dir='ltr'><em>αὐτομάτη</em></span> <span class='ocrx_word' id='word_1_281' title='bbox 1645 2304 1898 2372; x_wconf 79' lang='grc' dir='ltr'><em>ἠνοίχθη</em></span> <span class='ocrx_word' id='word_1_282' title='bbox 1925 2305 2034 2358; x_wconf 83' lang='grc' dir='ltr'><strong><em>αὺ-</em></strong></span> 
     </span>
    </p>
   </div>
   <div class='ocr_carea' id='block_1_41' title="bbox 450 2393 2028 2466">
    <p class='ocr_par' dir='ltr' id='par_1_41' title="bbox 450 2393 2028 2466">
     <span class='ocr_line' id='line_1_41' title="bbox 450 2393 2028 2466; baseline 0 -17"><span class='ocrx_word' id='word_1_283' title='bbox 450 2397 594 2462; x_wconf 79' lang='grc' dir='ltr'><em>τοῖς.</em></span> <span class='ocrx_word' id='word_1_284' title='bbox 634 2396 745 2452; x_wconf 79' lang='grc' dir='ltr'><strong><em>Καὶ</em></strong></span> <span class='ocrx_word' id='word_1_285' title='bbox 774 2396 1128 2463; x_wconf 82' lang='grc' dir='ltr'><em>ἐξελθόντες</em></span> <span class='ocrx_word' id='word_1_286' title='bbox 1145 2395 1212 2462; x_wconf 84' lang='grc'><strong><em>³⁸,</em></strong></span> <span class='ocrx_word' id='word_1_287' title='bbox 1244 2394 1553 2465; x_wconf 75' lang='grc' dir='ltr'><em>προῆλθον</em></span> <span class='ocrx_word' id='word_1_288' title='bbox 1578 2395 1726 2466; x_wconf 80' lang='grc' dir='ltr'><em>μίαν</em></span> <span class='ocrx_word' id='word_1_289' title='bbox 1747 2393 2028 2464; x_wconf 60' lang='lat' dir='ltr'><strong><em>popae”,</em></strong></span> 
     </span>
    </p>
   </div>
   <div class='ocr_carea' id='block_1_42' title="bbox 450 2484 1768 2556">
    <p class='ocr_par' dir='ltr' id='par_1_42' title="bbox 450 2484 1768 2556">
     <span class='ocr_line' id='line_1_42' title="bbox 450 2484 1768 2556; baseline 0 -16"><span class='ocrx_word' id='word_1_290' title='bbox 450 2488 548 2541; x_wconf 79' lang='grc' dir='ltr'><strong><em>καὶ</em></strong></span> <span class='ocrx_word' id='word_1_291' title='bbox 577 2489 796 2555; x_wconf 83' lang='grc' dir='ltr'><em>εὐθέως</em></span> <span class='ocrx_word' id='word_1_292' title='bbox 819 2487 1054 2556; x_wconf 81' lang='grc' dir='ltr'><em>ἀπέστη</em></span> <span class='ocrx_word' id='word_1_293' title='bbox 1084 2491 1117 2542; x_wconf 86' lang='grc' dir='ltr'><em>ὀ</em></span> <span class='ocrx_word' id='word_1_294' title='bbox 1144 2487 1398 2556; x_wconf 76' lang='grc' dir='ltr'><em>ἄγγελος</em></span> <span class='ocrx_word' id='word_1_295' title='bbox 1429 2486 1528 2541; x_wconf 81' lang='grc' dir='ltr'><strong><em>ἀπ’</em></strong></span> <span class='ocrx_word' id='word_1_296' title='bbox 1559 2484 1768 2540; x_wconf 82' lang='grc' dir='ltr'><em>αὑτοῦ.</em></span> 
     </span>
    </p>
   </div>
   <div class='ocr_carea' id='block_1_43' title="bbox 532 2573 2037 2649">
    <p class='ocr_par' dir='ltr' id='par_1_43' title="bbox 532 2573 2037 2649">
     <span class='ocr_line' id='line_1_43' title="bbox 532 2573 2037 2649; baseline -0.003 -16"><span class='ocrx_word' id='word_1_297' title='bbox 532 2575 652 2633; x_wconf 85' lang='grc' dir='ltr'><em>Ἦν</em></span> <span class='ocrx_word' id='word_1_298' title='bbox 691 2582 725 2633; x_wconf 84' lang='grc' dir='ltr'><em>ὀ</em></span> <span class='ocrx_word' id='word_1_299' title='bbox 757 2579 980 2649; x_wconf 86' lang='grc' dir='ltr'><em>Πέτρος</em></span> <span class='ocrx_word' id='word_1_300' title='bbox 1011 2579 1397 2649; x_wconf 75' lang='grc' dir='ltr'><em>κοιμώμενος.</em></span> <span class='ocrx_word' id='word_1_301' title='bbox 1429 2579 1545 2632; x_wconf 80' lang='grc' dir='ltr'><strong><em>Οὐκ</em></strong></span> <span class='ocrx_word' id='word_1_302' title='bbox 1597 2573 1666 2648; x_wconf 79' lang='grc' dir='ltr'><em>ἦν</em></span> <span class='ocrx_word' id='word_1_303' title='bbox 1720 2578 1779 2629; x_wconf 80' lang='grc' dir='ltr'><em>ὲν</em></span> <span class='ocrx_word' id='word_1_304' title='bbox 1826 2575 2037 2646; x_wconf 78' lang='grc' dir='ltr'><em>ἀγωνίᾳ</em></span> 
     </span>
    </p>
   </div>
   <div class='ocr_carea' id='block_1_44' title="bbox 452 2660 2032 2743">
    <p class='ocr_par' dir='ltr' id='par_1_44' title="bbox 452 2660 2032 2743">
     <span class='ocr_line' id='line_1_44' title="bbox 452 2660 2032 2743; baseline -0.003 -19"><span class='ocrx_word' id='word_1_305' title='bbox 452 2672 572 2726; x_wconf 71' lang='grc' dir='ltr'><em>οὐδὲ</em></span> <span class='ocrx_word' id='word_1_306' title='bbox 604 2674 661 2726; x_wconf 71' lang='grc' dir='ltr'><em>ὲν</em></span> <span class='ocrx_word' id='word_1_307' title='bbox 689 2672 839 2742; x_wconf 80' lang='grc' dir='ltr'><strong><em>φόϐῳ</em></strong></span> <span class='ocrx_word' id='word_1_308' title='bbox 860 2675 889 2726; x_wconf 85' lang='grc' dir='ltr'>ὁ</span> <span class='ocrx_word' id='word_1_309' title='bbox 921 2673 1131 2741; x_wconf 82' lang='grc' dir='ltr'><em>Πέτρος</em></span> <span class='ocrx_word' id='word_1_310' title='bbox 1150 2687 1166 2704; x_wconf 78' lang='grc' dir='ltr'><strong>ο</strong></span> <span class='ocrx_word' id='word_1_311' title='bbox 1198 2671 1314 2725; x_wconf 80' lang='grc' dir='ltr'><em>ἀλλ’</em></span> <span class='ocrx_word' id='word_1_312' title='bbox 1336 2671 1476 2743; x_wconf 77' lang='grc' dir='ltr'><em>αὐτῇ</em></span> <span class='ocrx_word' id='word_1_313' title='bbox 1529 2671 1596 2742; x_wconf 83' lang='grc' dir='ltr'><em>τῇ</em></span> <span class='ocrx_word' id='word_1_314' title='bbox 1625 2669 1801 2735; x_wconf 76' lang='grc' dir='ltr'><em>νυκτὶ,</em></span> <span class='ocrx_word' id='word_1_315' title='bbox 1831 2660 2032 2742; x_wconf 75' lang='grc' dir='ltr'><em>ᾖπροο</em></span> 
     </span>
    </p>
   </div>
   <div class='ocr_carea' id='block_1_45' title="bbox 455 2759 2036 2836">
    <p class='ocr_par' dir='ltr' id='par_1_45' title="bbox 455 2759 2036 2836">
     <span class='ocr_line' id='line_1_45' title="bbox 455 2759 2036 2836; baseline -0.002 -18"><span class='ocrx_word' id='word_1_316' title='bbox 455 2764 685 2834; x_wconf 75' lang='grc' dir='ltr'><em>ἄγεσθαι</em></span> <span class='ocrx_word' id='word_1_317' title='bbox 729 2765 976 2836; x_wconf 76' lang='grc' dir='ltr'><em>ἔμελλεν,</em></span> <span class='ocrx_word' id='word_1_318' title='bbox 1030 2762 1314 2830; x_wconf 79' lang='grc' dir='ltr'><em>ἐκάθευδε,</em></span> <span class='ocrx_word' id='word_1_319' title='bbox 1342 2764 1405 2817; x_wconf 80' lang='grc' dir='ltr'><em>τὸ</em></span> <span class='ocrx_word' id='word_1_320' title='bbox 1456 2764 1565 2817; x_wconf 78' lang='grc' dir='ltr'><em>πᾶν</em></span> <span class='ocrx_word' id='word_1_321' title='bbox 1602 2761 1766 2833; x_wconf 80' lang='grc' dir='ltr'><em>ῥίψας</em></span> <span class='ocrx_word' id='word_1_322' title='bbox 1803 2761 1898 2814; x_wconf 72' lang='grc' dir='ltr'><strong><em>ἐπὶ</em></strong></span> <span class='ocrx_word' id='word_1_323' title='bbox 1943 2759 2036 2815; x_wconf 75' lang='grc' dir='ltr'><em>τὸν</em></span> 
     </span>
    </p>
   </div>
   <div class='ocr_carea' id='block_1_46' title="bbox 463 2853 2036 2929">
    <p class='ocr_par' dir='ltr' id='par_1_46' title="bbox 463 2853 2036 2929">
     <span class='ocr_line' id='line_1_46' title="bbox 463 2853 2036 2929; baseline -0.004 -18"><span class='ocrx_word' id='word_1_324' title='bbox 463 2856 690 2929; x_wconf 79' lang='grc' dir='ltr'><em>Κύριον.</em></span> <span class='ocrx_word' id='word_1_325' title='bbox 721 2857 868 2928; x_wconf 84' lang='grc' dir='ltr'><em>Ὅρα</em></span> <span class='ocrx_word' id='word_1_326' title='bbox 909 2857 967 2910; x_wconf 73' lang='grc' dir='ltr'><em>δὲ</em></span> <span class='ocrx_word' id='word_1_327' title='bbox 998 2857 1094 2910; x_wconf 70' lang='grc' dir='ltr'><strong><em>καὶ</em></strong></span> <span class='ocrx_word' id='word_1_328' title='bbox 1121 2855 1240 2918; x_wconf 87' lang='grc' dir='ltr'><em>πῶς</em></span> <span class='ocrx_word' id='word_1_329' title='bbox 1267 2855 1502 2927; x_wconf 77' lang='grc' dir='ltr'><em>ἀκριϐὴς</em></span> <span class='ocrx_word' id='word_1_330' title='bbox 1533 2857 1568 2926; x_wconf 74' lang='grc' dir='ltr'>ἡ</span> <span class='ocrx_word' id='word_1_331' title='bbox 1608 2853 1825 2926; x_wconf 76' lang='grc' dir='ltr'><strong><em>φυλακή</em></strong></span> <span class='ocrx_word' id='word_1_332' title='bbox 1847 2868 1862 2883; x_wconf 83' lang='lat'><strong><em>°</em></strong></span> <span class='ocrx_word' id='word_1_333' title='bbox 1905 2868 2036 2920; x_wconf 79' lang='grc' dir='ltr'><em>συγο</em></span> 
     </span>
    </p>
   </div>
   <div class='ocr_carea' id='block_1_47' title="bbox 459 2942 2037 3019">
    <p class='ocr_par' dir='ltr' id='par_1_47' title="bbox 459 2942 2037 3019">
     <span class='ocr_line' id='line_1_47' title="bbox 459 2942 2037 3019; baseline -0.004 -18"><span class='ocrx_word' id='word_1_334' title='bbox 459 2946 807 3011; x_wconf 74' lang='grc' dir='ltr'><em>καθεύδοντες</em></span> <span class='ocrx_word' id='word_1_335' title='bbox 828 2942 970 3019; x_wconf 81' lang='grc' dir='ltr'><em>ἦσαν</em></span> <span class='ocrx_word' id='word_1_336' title='bbox 1003 2947 1055 3000; x_wconf 78' lang='grc' dir='ltr'><em>οἱ</em></span> <span class='ocrx_word' id='word_1_337' title='bbox 1098 2946 1362 3018; x_wconf 78' lang='grc' dir='ltr'><em>φύλακες.</em></span> <span class='ocrx_word' id='word_1_338' title='bbox 1393 2945 1495 3000; x_wconf 80' lang='grc' dir='ltr'><strong><em>Διὰ</em></strong></span> <span class='ocrx_word' id='word_1_339' title='bbox 1521 2945 1575 2998; x_wconf 84' lang='grc' dir='ltr'><strong><em>τί</em></strong></span> <span class='ocrx_word' id='word_1_340' title='bbox 1610 2944 1666 2998; x_wconf 78' lang='grc' dir='ltr'><em>δὲ</em></span> <span class='ocrx_word' id='word_1_341' title='bbox 1709 2943 1826 3013; x_wconf 77' lang='grc' dir='ltr'><strong><em>φῶς</em></strong></span> <span class='ocrx_word' id='word_1_342' title='bbox 1863 2942 2037 3010; x_wconf 75' lang='grc' dir='ltr'><em>ἐλαμ-</em></span> 
     </span>
    </p>
   </div>
   <div class='ocr_carea' id='block_1_48' title="bbox 459 3031 2040 3107">
    <p class='ocr_par' dir='ltr' id='par_1_48' title="bbox 459 3031 2040 3107">
     <span class='ocr_line' id='line_1_48' title="bbox 459 3031 2040 3107; baseline -0.003 -18"><span class='ocrx_word' id='word_1_343' title='bbox 459 3039 585 3107; x_wconf 74' lang='grc' dir='ltr'><em>ψενς</em></span> <span class='ocrx_word' id='word_1_344' title='bbox 622 3037 785 3092; x_wconf 82' lang='grc' dir='ltr'><em>’Ὥστε</em></span> <span class='ocrx_word' id='word_1_345' title='bbox 821 3039 918 3093; x_wconf 72' lang='grc' dir='ltr'><strong><em>καὶ</em></strong></span> <span class='ocrx_word' id='word_1_346' title='bbox 951 3038 1084 3092; x_wconf 76' lang='grc' dir='ltr'><em>ἰδεῖν</em></span> <span class='ocrx_word' id='word_1_347' title='bbox 1111 3037 1206 3091; x_wconf 76' lang='grc' dir='ltr'><strong><em>καὶ</em></strong></span> <span class='ocrx_word' id='word_1_348' title='bbox 1238 3035 1472 3090; x_wconf 78' lang='grc' dir='ltr'><em>ἀκοῦσαι</em></span> <span class='ocrx_word' id='word_1_349' title='bbox 1527 3033 1620 3088; x_wconf 75' lang='grc' dir='ltr'><em>τὸν</em></span> <span class='ocrx_word' id='word_1_350' title='bbox 1673 3033 1901 3103; x_wconf 81' lang='grc' dir='ltr'><em>Πέτρον,</em></span> <span class='ocrx_word' id='word_1_351' title='bbox 1942 3031 2040 3086; x_wconf 76' lang='grc' dir='ltr'><strong><em>καὶ</em></strong></span> 
     </span>
    </p>
   </div>
   <div class='ocr_carea' id='block_1_49' title="bbox 464 3120 2036 3198">
    <p class='ocr_par' dir='ltr' id='par_1_49' title="bbox 464 3120 2036 3198">
     <span class='ocr_line' id='line_1_49' title="bbox 464 3120 2036 3198; baseline -0.004 -18"><span class='ocrx_word' id='word_1_352' title='bbox 464 3128 538 3197; x_wconf 75' lang='grc' dir='ltr'><strong><em>μὴ</em></strong></span> <span class='ocrx_word' id='word_1_353' title='bbox 569 3127 790 3198; x_wconf 77' lang='grc' dir='ltr'><em>νομίσαι</em></span> <span class='ocrx_word' id='word_1_354' title='bbox 825 3127 1128 3197; x_wconf 76' lang='grc' dir='ltr'><em>φαντασίαν</em></span> <span class='ocrx_word' id='word_1_355' title='bbox 1187 3121 1368 3181; x_wconf 56' lang='grc' dir='ltr'><em>τίναιν</em></span> <span class='ocrx_word' id='word_1_356' title='bbox 1400 3123 1517 3179; x_wconf 71' lang='grc' dir='ltr'><strong><em>Καὶ</em></strong></span> <span class='ocrx_word' id='word_1_357' title='bbox 1543 3122 1626 3189; x_wconf 82' lang='grc' dir='ltr'><em>τὸ,</em></span> <span class='ocrx_word' id='word_1_358' title='bbox 1689 3122 1793 3178; x_wconf 83' lang='grc' dir='ltr'><em>Ἔν</em></span> <span class='ocrx_word' id='word_1_359' title='bbox 1851 3120 2036 3192; x_wconf 84' lang='grc' dir='ltr'><em>τάχει,</em></span> 
     </span>
    </p>
   </div>
   <div class='ocr_carea' id='block_1_50' title="bbox 460 3214 2038 3292">
    <p class='ocr_par' dir='ltr' id='par_1_50' title="bbox 460 3214 2038 3292">
     <span class='ocr_line' id='line_1_50' title="bbox 460 3214 2038 3292; baseline -0.004 -19"><span class='ocrx_word' id='word_1_360' title='bbox 460 3219 598 3274; x_wconf 73' lang='grc' dir='ltr'><em>ὥστε</em></span> <span class='ocrx_word' id='word_1_361' title='bbox 629 3219 702 3290; x_wconf 80' lang='grc' dir='ltr'><strong><em>μὴ</em></strong></span> <span class='ocrx_word' id='word_1_362' title='bbox 734 3219 1070 3292; x_wconf 63' lang='grc' dir='ltr'><em>ρᾳθυμῆσαι.</em></span> <span class='ocrx_word' id='word_1_363' title='bbox 1112 3218 1274 3272; x_wconf 75' lang='grc' dir='ltr'><em>Ἀλλὰ</em></span> <span class='ocrx_word' id='word_1_364' title='bbox 1293 3219 1389 3271; x_wconf 81' lang='grc' dir='ltr'><strong><em>καὶ</em></strong></span> <span class='ocrx_word' id='word_1_365' title='bbox 1419 3216 1652 3288; x_wconf 78' lang='grc' dir='ltr'><em>ἐπληξεν</em></span> <span class='ocrx_word' id='word_1_366' title='bbox 1682 3215 1866 3282; x_wconf 66' lang='grc' dir='ltr'><em>αὑτὸν,</em></span> <span class='ocrx_word' id='word_1_367' title='bbox 1893 3214 2038 3268; x_wconf 80' lang='grc' dir='ltr'><em>οὕτω</em></span> 
     </span>
    </p>
   </div>
   <div class='ocr_carea' id='block_1_51' title="bbox 464 3306 2041 3379">
    <p class='ocr_par' dir='ltr' id='par_1_51' title="bbox 464 3306 2041 3379">
     <span class='ocr_line' id='line_1_51' title="bbox 464 3306 2041 3379; baseline 0 -17"><span class='ocrx_word' id='word_1_368' title='bbox 464 3307 673 3379; x_wconf 76' lang='grc' dir='ltr'><em>βαθέως</em></span> <span class='ocrx_word' id='word_1_369' title='bbox 725 3310 1003 3364; x_wconf 74' lang='grc' dir='ltr'><em>ἐκάθευδε.</em></span> <span class='ocrx_word' id='word_1_370' title='bbox 1055 3310 1128 3362; x_wconf 78' lang='grc' dir='ltr'><strong>Τὸ</strong></span> <span class='ocrx_word' id='word_1_371' title='bbox 1174 3310 1252 3375; x_wconf 79' lang='grc' dir='ltr'><em>δὲ,</em></span> <span class='ocrx_word' id='word_1_372' title='bbox 1317 3307 1595 3374; x_wconf 58' lang='grc' dir='ltr'><em>Παετάξας</em></span> <span class='ocrx_word' id='word_1_373' title='bbox 1621 3306 1736 3376; x_wconf 79' lang='grc' dir='ltr'><em>τὴν</em></span> <span class='ocrx_word' id='word_1_374' title='bbox 1767 3308 2041 3375; x_wconf 77' lang='grc' dir='ltr'><em>πλευρὰν</em></span> 
     </span>
    </p>
   </div>
   <div class='ocr_carea' id='block_1_52' title="bbox 463 3392 2037 3466">
    <p class='ocr_par' dir='ltr' id='par_1_52' title="bbox 463 3392 2037 3466">
     <span class='ocr_line' id='line_1_52' title="bbox 463 3392 2037 3466; baseline -0.001 -19"><span class='ocrx_word' id='word_1_375' title='bbox 463 3395 667 3459; x_wconf 80' lang='grc' dir='ltr'><em>αὐτοῦ,</em></span> <span class='ocrx_word' id='word_1_376' title='bbox 699 3395 822 3465; x_wconf 78' lang='grc' dir='ltr'><em>οὐχὶ</em></span> <span class='ocrx_word' id='word_1_377' title='bbox 861 3393 1216 3466; x_wconf 78' lang='grc' dir='ltr'><em>θορυόοῦντὸς</em></span> <span class='ocrx_word' id='word_1_378' title='bbox 1251 3397 1424 3457; x_wconf 80' lang='grc' dir='ltr'><em>ἐστιν,</em></span> <span class='ocrx_word' id='word_1_379' title='bbox 1458 3393 1596 3448; x_wconf 75' lang='grc' dir='ltr'><em>ἀλλὰ</em></span> <span class='ocrx_word' id='word_1_380' title='bbox 1628 3393 1910 3457; x_wconf 86' lang='grc' dir='ltr'><em>πείθοντος</em></span> <span class='ocrx_word' id='word_1_381' title='bbox 1941 3392 2037 3446; x_wconf 75' lang='grc' dir='ltr'><em>τοῦ</em></span> 
     </span>
    </p>
   </div>
   <div class='ocr_carea' id='block_1_53' title="bbox 468 3484 2040 3556">
    <p class='ocr_par' dir='ltr' id='par_1_53' title="bbox 468 3484 2040 3556">
     <span class='ocr_line' id='line_1_53' title="bbox 468 3484 2040 3556; baseline -0.001 -16"><span class='ocrx_word' id='word_1_382' title='bbox 468 3485 543 3556; x_wconf 77' lang='grc' dir='ltr'><strong><em>μὴ</em></strong></span> <span class='ocrx_word' id='word_1_383' title='bbox 593 3487 1015 3540; x_wconf 73' lang='grc' dir='ltr'><em>ἀναϐάλλεσθαι.</em></span> <span class='ocrx_word' id='word_1_384' title='bbox 1084 3484 1403 3555; x_wconf 78' lang='grc' dir='ltr'><em>Περίζωσαι</em></span> <span class='ocrx_word' id='word_1_385' title='bbox 1445 3485 1545 3541; x_wconf 77' lang='grc' dir='ltr'><strong><em>καὶ</em></strong></span> <span class='ocrx_word' id='word_1_386' title='bbox 1598 3484 1903 3552; x_wconf 78' lang='grc' dir='ltr'><em>ὑπόδησαι</em></span> <span class='ocrx_word' id='word_1_387' title='bbox 1961 3484 2040 3538; x_wconf 84' lang='grc' dir='ltr'><em>τὰ</em></span> 
     </span>
    </p>
   </div>
   <div class='ocr_carea' id='block_1_54' title="bbox 465 3574 2039 3646">
    <p class='ocr_par' dir='ltr' id='par_1_54' title="bbox 465 3574 2039 3646">
     <span class='ocr_line' id='line_1_54' title="bbox 465 3574 2039 3646; baseline -0.002 -16"><span class='ocrx_word' id='word_1_388' title='bbox 465 3575 767 3631; x_wconf 81' lang='grc' dir='ltr'><em>σανδάλιὰ</em></span> <span class='ocrx_word' id='word_1_389' title='bbox 798 3591 938 3632; x_wconf 91' lang='grc' dir='ltr'><em>σου.</em></span> <span class='ocrx_word' id='word_1_390' title='bbox 980 3577 1100 3640; x_wconf 79' lang='grc' dir='ltr'><strong><em>[ιὼς</em></strong></span> <span class='ocrx_word' id='word_1_391' title='bbox 1159 3576 1330 3630; x_wconf 76' lang='grc' dir='ltr'><em>ἐποίει</em></span> <span class='ocrx_word' id='word_1_392' title='bbox 1359 3577 1566 3646; x_wconf 78' lang='grc' dir='ltr'><em>Πέτρος</em></span> <span class='ocrx_word' id='word_1_393' title='bbox 1597 3575 1748 3645; x_wconf 81' lang='grc' dir='ltr'><em>παρᾶ</em></span> <span class='ocrx_word' id='word_1_394' title='bbox 1776 3576 1838 3628; x_wconf 74' lang='grc' dir='ltr'><em>τὸ</em></span> <span class='ocrx_word' id='word_1_395' title='bbox 1868 3574 2039 3646; x_wconf 82' lang='grc' dir='ltr'><em>πρόσ-</em></span> 
     </span>
    </p>
   </div>
   <div class='ocr_carea' id='block_1_55' title="bbox 466 3666 2042 3740">
    <p class='ocr_par' dir='ltr' id='par_1_55' title="bbox 466 3666 2042 3740">
     <span class='ocr_line' id='line_1_55' title="bbox 466 3666 2042 3740; baseline -0.001 -19"><span class='ocrx_word' id='word_1_396' title='bbox 466 3685 652 3740; x_wconf 83' lang='grc' dir='ltr'><em>ταγμα</em></span> <span class='ocrx_word' id='word_1_397' title='bbox 681 3668 743 3723; x_wconf 81' lang='grc' dir='ltr'><em>τὸ</em></span> <span class='ocrx_word' id='word_1_398' title='bbox 787 3669 986 3739; x_wconf 73' lang='grc' dir='ltr'><strong><em>λέγον⁹</em></strong></span> <span class='ocrx_word' id='word_1_399' title='bbox 1033 3669 1129 3738; x_wconf 80' lang='grc' dir='ltr'><strong><em>Μὴ</em></strong></span> <span class='ocrx_word' id='word_1_400' title='bbox 1177 3667 1549 3736; x_wconf 71' lang='grc' dir='ltr'><em>κτήσασθεδο</em></span> <span class='ocrx_word' id='word_1_401' title='bbox 1597 3668 1836 3738; x_wconf 85' lang='grc' dir='ltr'><em>χρυσὸν</em></span> <span class='ocrx_word' id='word_1_402' title='bbox 1879 3666 2042 3737; x_wconf 78' lang='grc' dir='ltr'><em>μηδὲ</em></span> 
     </span>
    </p>
   </div>
   <div class='ocr_carea' id='block_1_56' title="bbox 399 3757 2038 3833">
    <p class='ocr_par' dir='ltr' id='par_1_56' title="bbox 399 3757 2038 3833">
     <span class='ocr_line' id='line_1_56' title="bbox 399 3757 2038 3833; baseline -0.001 -18"><span class='ocrx_word' id='word_1_403' title='bbox 399 3757 414 3816; x_wconf 69' lang='grc' dir='ltr'>ἶ</span> <span class='ocrx_word' id='word_1_404' title='bbox 466 3762 746 3833; x_wconf 77' lang='grc' dir='ltr'><em>ἄργυρον,</em></span> <span class='ocrx_word' id='word_1_405' title='bbox 773 3763 930 3833; x_wconf 79' lang='grc' dir='ltr'><em>μηδὲ</em></span> <span class='ocrx_word' id='word_1_406' title='bbox 981 3761 1094 3816; x_wconf 87' lang='grc' dir='ltr'><em>δύο</em></span> <span class='ocrx_word' id='word_1_407' title='bbox 1133 3760 1410 3832; x_wconf 83' lang='grc' dir='ltr'><em>χιτῶνας,</em></span> <span class='ocrx_word' id='word_1_408' title='bbox 1455 3760 1612 3832; x_wconf 82' lang='grc' dir='ltr'><strong><em>μηδέ</em></strong></span> <span class='ocrx_word' id='word_1_409' title='bbox 1664 3759 2038 3830; x_wconf 79' lang='grc' dir='ltr'><em>ὑποδήματα,</em></span> 
     </span>
    </p>
   </div>
   <div class='ocr_carea' id='block_1_57' title="bbox 468 3849 2043 3924">
    <p class='ocr_par' dir='ltr' id='par_1_57' title="bbox 468 3849 2043 3924">
     <span class='ocr_line' id='line_1_57' title="bbox 468 3849 2043 3924; baseline 0 -18"><span class='ocrx_word' id='word_1_410' title='bbox 468 3853 619 3922; x_wconf 84' lang='grc' dir='ltr'><em>μηδὲ</em></span> <span class='ocrx_word' id='word_1_411' title='bbox 667 3854 879 3923; x_wconf 79' lang='grc' dir='ltr'><em>ζώνην,</em></span> <span class='ocrx_word' id='word_1_412' title='bbox 925 3853 1084 3924; x_wconf 76' lang='grc' dir='ltr'><em>μηδὲ</em></span> <span class='ocrx_word' id='word_1_413' title='bbox 1119 3853 1371 3923; x_wconf 72' lang='grc' dir='ltr'><em>ῥάϐδον,</em></span> <span class='ocrx_word' id='word_1_414' title='bbox 1436 3853 1599 3916; x_wconf 81' lang='grc' dir='ltr'><em>αὐτὸς</em></span> <span class='ocrx_word' id='word_1_415' title='bbox 1631 3849 1835 3924; x_wconf 79' lang='grc' dir='ltr'><em>’ζώνην</em></span> <span class='ocrx_word' id='word_1_416' title='bbox 1903 3853 2043 3924; x_wconf 70' lang='grc' dir='ltr'><em>ἔχων</em></span> 
     </span>
    </p>
   </div>
   <div class='ocr_carea' id='block_1_58' title="bbox 473 3945 2043 4018">
    <p class='ocr_par' dir='ltr' id='par_1_58' title="bbox 473 3945 2043 4018">
     <span class='ocr_line' id='line_1_58' title="bbox 473 3945 2043 4018; baseline -0.001 -20"><span class='ocrx_word' id='word_1_417' title='bbox 473 3947 566 3998; x_wconf 81' lang='grc' dir='ltr'><strong><em>καὶ</em></strong></span> <span class='ocrx_word' id='word_1_418' title='bbox 622 3947 814 4017; x_wconf 74' lang='grc' dir='ltr'><em>ἱμάτια</em></span> <span class='ocrx_word' id='word_1_419' title='bbox 886 3949 982 4002; x_wconf 82' lang='grc' dir='ltr'><strong><em>καὶ</em></strong></span> <span class='ocrx_word' id='word_1_420' title='bbox 1031 3946 1390 4018; x_wconf 70' lang='grc' dir='ltr'><em>ὑποδήματας</em></span> <span class='ocrx_word' id='word_1_421' title='bbox 1441 3945 1634 3999; x_wconf 81' lang='grc' dir='ltr'><em>Καίτοι</em></span> <span class='ocrx_word' id='word_1_422' title='bbox 1677 3945 1798 3999; x_wconf 82' lang='grc' dir='ltr'><em>κατ’</em></span> <span class='ocrx_word' id='word_1_423' title='bbox 1835 3947 2043 3998; x_wconf 73' lang='grc' dir='ltr'><em>ἐκεῖνον</em></span> 
     </span>
    </p>
   </div>
   <div class='ocr_carea' id='block_1_59' title="bbox 470 4035 2044 4111">
    <p class='ocr_par' dir='ltr' id='par_1_59' title="bbox 470 4035 2044 4111">
     <span class='ocr_line' id='line_1_59' title="bbox 470 4035 2044 4111; baseline -0.001 -20"><span class='ocrx_word' id='word_1_424' title='bbox 470 4039 558 4091; x_wconf 80' lang='grc' dir='ltr'><em>τὸν</em></span> <span class='ocrx_word' id='word_1_425' title='bbox 599 4038 789 4110; x_wconf 83' lang='grc' dir='ltr'><em>καιρὸν</em></span> <span class='ocrx_word' id='word_1_426' title='bbox 841 4040 1012 4110; x_wconf 80' lang='grc' dir='ltr'><em>ἐχρῆν</em></span> <span class='ocrx_word' id='word_1_427' title='bbox 1045 4039 1383 4111; x_wconf 85' lang='grc' dir='ltr'><em>ἀνυπόδητον</em></span> <span class='ocrx_word' id='word_1_428' title='bbox 1436 4035 1578 4092; x_wconf 79' lang='grc' dir='ltr'><em>εἶναι</em></span> <span class='ocrx_word' id='word_1_429' title='bbox 1602 4055 1616 4071; x_wconf 77' lang='grc' dir='ltr'><strong>ο</strong></span> <span class='ocrx_word' id='word_1_430' title='bbox 1650 4038 1825 4109; x_wconf 78' lang='grc' dir='ltr'><em>ἡγὰρ</em></span> <span class='ocrx_word' id='word_1_431' title='bbox 1873 4037 2044 4109; x_wconf 79' lang='grc' dir='ltr'><em>πολλὴ</em></span> 
     </span>
    </p>
   </div>
   <div class='ocr_carea' id='block_1_60' title="bbox 470 4130 2047 4202">
    <p class='ocr_par' dir='ltr' id='par_1_60' title="bbox 470 4130 2047 4202">
     <span class='ocr_line' id='line_1_60' title="bbox 470 4130 2047 4202; baseline 0.001 -20"><span class='ocrx_word' id='word_1_432' title='bbox 470 4130 673 4184; x_wconf 85' lang='grc' dir='ltr'><em>τούτων</em></span> <span class='ocrx_word' id='word_1_433' title='bbox 699 4130 856 4201; x_wconf 80' lang='grc' dir='ltr'><em>χρεία</em></span> <span class='ocrx_word' id='word_1_434' title='bbox 889 4133 946 4184; x_wconf 80' lang='grc' dir='ltr'><em>ὲν</em></span> <span class='ocrx_word' id='word_1_435' title='bbox 983 4131 1062 4202; x_wconf 82' lang='grc' dir='ltr'><em>τῷ</em></span> <span class='ocrx_word' id='word_1_436' title='bbox 1110 4130 1341 4202; x_wconf 83' lang='grc' dir='ltr'><em>χειμῶνί</em></span> <span class='ocrx_word' id='word_1_437' title='bbox 1372 4133 1542 4186; x_wconf 73' lang='grc' dir='ltr'><em>ἐστιν.</em></span> <span class='ocrx_word' id='word_1_438' title='bbox 1587 4131 1748 4185; x_wconf 83' lang='grc' dir='ltr'><em>Ἀλλὰ</em></span> <span class='ocrx_word' id='word_1_439' title='bbox 1770 4133 1866 4186; x_wconf 74' lang='grc' dir='ltr'><strong><em>καὶ</em></strong></span> <span class='ocrx_word' id='word_1_440' title='bbox 1898 4130 2047 4186; x_wconf 74' lang='grc' dir='ltr'><strong><em>Παῦ-</em></strong></span> 
     </span>
    </p>
   </div>
   <div class='ocr_carea' id='block_1_61' title="bbox 470 4222 2045 4296">
    <p class='ocr_par' dir='ltr' id='par_1_61' title="bbox 470 4222 2045 4296">
     <span class='ocr_line' id='line_1_61' title="bbox 470 4222 2045 4296; baseline 0.003 -22"><span class='ocrx_word' id='word_1_441' title='bbox 470 4222 558 4286; x_wconf 89' lang='grc' dir='ltr'><em>λος</em></span> <span class='ocrx_word' id='word_1_442' title='bbox 598 4223 847 4296; x_wconf 83' lang='grc' dir='ltr'><em>Τιμοθέῳ</em></span> <span class='ocrx_word' id='word_1_443' title='bbox 886 4223 1116 4296; x_wconf 77' lang='grc' dir='ltr'><em>γράφων</em></span> <span class='ocrx_word' id='word_1_444' title='bbox 1154 4224 1258 4294; x_wconf 82' lang='grc' dir='ltr'><em>πρὸ</em></span> <span class='ocrx_word' id='word_1_445' title='bbox 1296 4224 1566 4295; x_wconf 81' lang='grc' dir='ltr'><em>χειμῶνος</em></span> <span class='ocrx_word' id='word_1_446' title='bbox 1595 4223 1794 4290; x_wconf 73' lang='grc' dir='ltr'><em>ἐλθεῖν,</em></span> <span class='ocrx_word' id='word_1_447' title='bbox 1827 4239 2045 4295; x_wconf 85' lang='grc' dir='ltr'><em>παραγ-</em></span> 
     </span>
    </p>
   </div>
   <div class='ocr_carea' id='block_1_62' title="bbox 471 4315 2046 4386">
    <p class='ocr_par' dir='ltr' id='par_1_62' title="bbox 471 4315 2046 4386">
     <span class='ocr_line' id='line_1_62' title="bbox 471 4315 2046 4386; baseline 0.002 -18"><span class='ocrx_word' id='word_1_448' title='bbox 471 4317 684 4385; x_wconf 68' lang='grc' dir='ltr'><strong><em>γέλλει⁹</em></strong></span> <span class='ocrx_word' id='word_1_449' title='bbox 721 4315 838 4372; x_wconf 84' lang='grc' dir='ltr'><strong><em>Τὸν</em></strong></span> <span class='ocrx_word' id='word_1_450' title='bbox 879 4318 1190 4386; x_wconf 75' lang='grc' dir='ltr'><em>φελόνιον,</em></span> <span class='ocrx_word' id='word_1_451' title='bbox 1239 4317 1313 4371; x_wconf 81' lang='grc' dir='ltr'><em>ὃν</em></span> <span class='ocrx_word' id='word_1_452' title='bbox 1357 4317 1662 4373; x_wconf 79' lang='grc' dir='ltr'><em>ἀπέλιπον</em></span> <span class='ocrx_word' id='word_1_453' title='bbox 1701 4318 1772 4372; x_wconf 79' lang='grc' dir='ltr'><em>ἐν</em></span> <span class='ocrx_word' id='word_1_454' title='bbox 1825 4316 2046 4384; x_wconf 86' lang='grc' dir='ltr'><em>Τρωάδι</em></span> 
     </span>
    </p>
   </div>
   <div class='ocr_carea' id='block_1_63' title="bbox 473 4408 2048 4482">
    <p class='ocr_par' dir='ltr' id='par_1_63' title="bbox 473 4408 2048 4482">
     <span class='ocr_line' id='line_1_63' title="bbox 473 4408 2048 4482; baseline 0 -19"><span class='ocrx_word' id='word_1_455' title='bbox 473 4411 633 4477; x_wconf 81' lang='grc' dir='ltr'><em>παρὰ</em></span> <span class='ocrx_word' id='word_1_456' title='bbox 676 4408 912 4479; x_wconf 82' lang='grc' dir='ltr'><em>Κάρπῳ,</em></span> <span class='ocrx_word' id='word_1_457' title='bbox 944 4411 1267 4481; x_wconf 83' lang='grc' dir='ltr'><em>ἐρχόμενος</em></span> <span class='ocrx_word' id='word_1_458' title='bbox 1295 4411 1436 4482; x_wconf 71' lang='grc' dir='ltr'><em>φέρε</em></span> <span class='ocrx_word' id='word_1_459' title='bbox 1463 4428 1479 4441; x_wconf 78' lang='grc' dir='ltr'><strong><em>ο</em></strong></span> <span class='ocrx_word' id='word_1_460' title='bbox 1507 4413 1570 4466; x_wconf 86' lang='grc' dir='ltr'><em>οὐ</em></span> <span class='ocrx_word' id='word_1_461' title='bbox 1597 4413 1707 4482; x_wconf 83' lang='grc' dir='ltr'><em>γὰρ</em></span> <span class='ocrx_word' id='word_1_462' title='bbox 1731 4410 1797 4465; x_wconf 83' lang='grc' dir='ltr'><em>ἂν</em></span> <span class='ocrx_word' id='word_1_463' title='bbox 1826 4411 1926 4482; x_wconf 79' lang='grc' dir='ltr'><strong><em>ἔχῃ</em></strong></span> <span class='ocrx_word' id='word_1_464' title='bbox 1963 4428 2048 4474; x_wconf 83' lang='grc' dir='ltr'><strong><em>τις</em></strong></span> 
     </span>
    </p>
   </div>
   <div class='ocr_carea' id='block_1_64' title="bbox 473 4499 2048 4576">
    <p class='ocr_par' dir='ltr' id='par_1_64' title="bbox 473 4499 2048 4576">
     <span class='ocr_line' id='line_1_64' title="bbox 473 4499 2048 4576; baseline 0.001 -20"><span class='ocrx_word' id='word_1_465' title='bbox 473 4506 668 4564; x_wconf 76' lang='grc' dir='ltr'><em>εἰπεῖν,</em></span> <span class='ocrx_word' id='word_1_466' title='bbox 719 4503 802 4556; x_wconf 83' lang='grc' dir='ltr'><em>ὅτι</em></span> <span class='ocrx_word' id='word_1_467' title='bbox 853 4505 950 4557; x_wconf 73' lang='grc' dir='ltr'><strong><em>καὶ</em></strong></span> <span class='ocrx_word' id='word_1_468' title='bbox 999 4504 1188 4574; x_wconf 71' lang='grc' dir='ltr'><em>ἕτερον</em></span> <span class='ocrx_word' id='word_1_469' title='bbox 1227 4503 1328 4558; x_wconf 84' lang='grc' dir='ltr'><strong><em>οὐκ</em></strong></span> <span class='ocrx_word' id='word_1_470' title='bbox 1373 4499 1518 4576; x_wconf 79' lang='grc' dir='ltr'><em>εἶχεν</em></span> <span class='ocrx_word' id='word_1_471' title='bbox 1566 4503 1626 4559; x_wconf 87' lang='grc' dir='ltr'><em>ὃν</em></span> <span class='ocrx_word' id='word_1_472' title='bbox 1679 4503 1888 4574; x_wconf 81' lang='grc' dir='ltr'><em>ἐφόρει.</em></span> <span class='ocrx_word' id='word_1_473' title='bbox 1933 4504 2048 4558; x_wconf 83' lang='grc' dir='ltr'><strong><em>Οὐκ</em></strong></span> 
     </span>
    </p>
   </div>
   <div class='ocr_carea' id='block_1_65' title="bbox 474 4596 2048 4669">
    <p class='ocr_par' dir='ltr' id='par_1_65' title="bbox 474 4596 2048 4669">
     <span class='ocr_line' id='line_1_65' title="bbox 474 4596 2048 4669; baseline -0.008 -19"><span class='ocrx_word' id='word_1_474' title='bbox 474 4597 884 4667; x_wconf 68' lang='grc' dir='ltr'><em>ἠναντιώθησαν</em></span> <span class='ocrx_word' id='word_1_475' title='bbox 927 4597 1005 4668; x_wconf 82' lang='grc' dir='ltr'><em>τῷ</em></span> <span class='ocrx_word' id='word_1_476' title='bbox 1041 4598 1380 4668; x_wconf 73' lang='grc' dir='ltr'><em>ἐπιτάγματι</em></span> <span class='ocrx_word' id='word_1_477' title='bbox 1418 4597 1514 4651; x_wconf 82' lang='grc' dir='ltr'><em>τοῦ</em></span> <span class='ocrx_word' id='word_1_478' title='bbox 1542 4598 1804 4669; x_wconf 75' lang='grc' dir='ltr'><em>Χριστοῦ.</em></span> <span class='ocrx_word' id='word_1_479' title='bbox 1831 4597 1924 4668; x_wconf 73' lang='grc' dir='ltr'><strong><em>Μὴ</em></strong></span> <span class='ocrx_word' id='word_1_480' title='bbox 1952 4596 2048 4666; x_wconf 77' lang='grc' dir='ltr'><strong><em>γέ-</em></strong></span> 
     </span>
    </p>
   </div>
   <div class='ocr_carea' id='block_1_66' title="bbox 475 4688 2049 4762">
    <p class='ocr_par' dir='ltr' id='par_1_66' title="bbox 475 4688 2049 4762">
     <span class='ocr_line' id='line_1_66' title="bbox 475 4688 2049 4762; baseline 0.002 -19"><span class='ocrx_word' id='word_1_481' title='bbox 475 4706 648 4744; x_wconf 74' lang='grc' dir='ltr'><em>νοιτοο</em></span> <span class='ocrx_word' id='word_1_482' title='bbox 683 4689 824 4744; x_wconf 84' lang='grc' dir='ltr'><em>ἀλλὰ</em></span> <span class='ocrx_word' id='word_1_483' title='bbox 854 4691 949 4743; x_wconf 73' lang='grc' dir='ltr'><strong><em>καὶ</em></strong></span> <span class='ocrx_word' id='word_1_484' title='bbox 981 4688 1187 4760; x_wconf 82' lang='grc' dir='ltr'><em>σφόδρα</em></span> <span class='ocrx_word' id='word_1_485' title='bbox 1225 4689 1624 4762; x_wconf 71' lang='grc' dir='ltr'><em>ἠκολούθησαν.</em></span> <span class='ocrx_word' id='word_1_486' title='bbox 1659 4691 1740 4746; x_wconf 82' lang='grc' dir='ltr'><strong>Τὰ</strong></span> <span class='ocrx_word' id='word_1_487' title='bbox 1775 4691 1885 4761; x_wconf 82' lang='grc' dir='ltr'><em>γὰρ</em></span> <span class='ocrx_word' id='word_1_488' title='bbox 1923 4694 2049 4746; x_wconf 72' lang='lat' dir='ltr'><strong><em>tm-</em></strong></span> 
     </span>
    </p>
   </div>
   <div class='ocr_carea' id='block_1_67' title="bbox 2135 2209 3714 2281">
    <p class='ocr_par' dir='ltr' id='par_1_67' title="bbox 2135 2209 3714 2281">
     <span class='ocr_line' id='line_1_67' title="bbox 2135 2209 3714 2281; baseline -0.002 -13"><span class='ocrx_word' id='word_1_489' title='bbox 2135 2223 2182 2268; x_wconf 89' lang='lat' dir='ltr'><strong><em>el</em></strong></span> <span class='ocrx_word' id='word_1_490' title='bbox 2213 2212 2518 2276; x_wconf 83' lang='lat' dir='ltr'><strong><em>secundum,</em></strong></span> <span class='ocrx_word' id='word_1_491' title='bbox 2542 2219 2790 2266; x_wconf 82' lang='lat' dir='ltr'><strong><em>venerunt</em></strong></span> <span class='ocrx_word' id='word_1_492' title='bbox 2812 2211 2883 2264; x_wconf 88' lang='lat' dir='ltr'><strong><em>ad</em></strong></span> <span class='ocrx_word' id='word_1_493' title='bbox 2900 2219 3108 2280; x_wconf 90' lang='lat' dir='ltr'><strong><em>portam</em></strong></span> <span class='ocrx_word' id='word_1_494' title='bbox 3142 2209 3421 2274; x_wconf 78' lang='lat' dir='ltr'><strong><em>Ferreum,</em></strong></span> <span class='ocrx_word' id='word_1_495' title='bbox 3446 2227 3570 2281; x_wconf 78' lang='lat' dir='ltr'><strong><em>qua:</em></strong></span> <span class='ocrx_word' id='word_1_496' title='bbox 3593 2228 3714 2280; x_wconf 84' lang='lat' dir='ltr'><strong><em>per-</em></strong></span> 
     </span>
    </p>
   </div>
   <div class='ocr_carea' id='block_1_68' title="bbox 2137 2303 3717 2374">
    <p class='ocr_par' dir='ltr' id='par_1_68' title="bbox 2137 2303 3717 2374">
     <span class='ocr_line' id='line_1_68' title="bbox 2137 2303 3717 2374; baseline 0.002 -16"><span class='ocrx_word' id='word_1_497' title='bbox 2137 2305 2331 2358; x_wconf 89' lang='lat' dir='ltr'><strong><em>tinebat</em></strong></span> <span class='ocrx_word' id='word_1_498' title='bbox 2359 2304 2427 2357; x_wconf 89' lang='lat' dir='ltr'><strong><em>ad</em></strong></span> <span class='ocrx_word' id='word_1_499' title='bbox 2456 2304 2658 2366; x_wconf 88' lang='lat' dir='ltr'><strong><em>urbem,</em></strong></span> <span class='ocrx_word' id='word_1_500' title='bbox 2687 2317 2803 2374; x_wconf 71' lang='lat' dir='ltr'><strong><em>qua:</em></strong></span> <span class='ocrx_word' id='word_1_501' title='bbox 2839 2319 2939 2358; x_wconf 88' lang='lat' dir='ltr'><strong><em>sua</em></strong></span> <span class='ocrx_word' id='word_1_502' title='bbox 2997 2310 3180 2372; x_wconf 84' lang='lat' dir='ltr'><strong><em>sponte</em></strong></span> <span class='ocrx_word' id='word_1_503' title='bbox 3205 2303 3279 2358; x_wconf 81' lang='lat' dir='ltr'><strong><em>eis</em></strong></span> <span class='ocrx_word' id='word_1_504' title='bbox 3314 2311 3497 2373; x_wconf 88' lang='lat' dir='ltr'><strong><em>aperta</em></strong></span> <span class='ocrx_word' id='word_1_505' title='bbox 3523 2314 3616 2358; x_wconf 86' lang='lat' dir='ltr'><strong><em>est.</em></strong></span> <span class='ocrx_word' id='word_1_506' title='bbox 3649 2309 3717 2360; x_wconf 83' lang='lat' dir='ltr'><strong><em>Et</em></strong></span> 
     </span>
    </p>
   </div>
   <div class='ocr_carea' id='block_1_69' title="bbox 2136 2395 3716 2467">
    <p class='ocr_par' dir='ltr' id='par_1_69' title="bbox 2136 2395 3716 2467">
     <span class='ocr_line' id='line_1_69' title="bbox 2136 2395 3716 2467; baseline 0 -16"><span class='ocrx_word' id='word_1_507' title='bbox 2136 2397 2326 2467; x_wconf 78' lang='lat' dir='ltr'><strong><em>egressi</em></strong></span> <span class='ocrx_word' id='word_1_508' title='bbox 2366 2405 2730 2464; x_wconf 85' lang='lat' dir='ltr'><strong><em>processerunt</em></strong></span> <span class='ocrx_word' id='word_1_509' title='bbox 2759 2396 2927 2450; x_wconf 81' lang='lat' dir='ltr'><strong><em>vicum</em></strong></span> <span class='ocrx_word' id='word_1_510' title='bbox 2971 2410 3153 2462; x_wconf 81' lang='lat' dir='ltr'><strong><em>unum,</em></strong></span> <span class='ocrx_word' id='word_1_511' title='bbox 3188 2403 3236 2447; x_wconf 87' lang='lat' dir='ltr'><strong><em>et</em></strong></span> <span class='ocrx_word' id='word_1_512' title='bbox 3276 2395 3459 2449; x_wconf 79' lang='lat' dir='ltr'><strong><em>statim</em></strong></span> <span class='ocrx_word' id='word_1_513' title='bbox 3483 2396 3716 2452; x_wconf 84' lang='lat' dir='ltr'><strong><em>discessit</em></strong></span> 
     </span>
    </p>
   </div>
   <div class='ocr_carea' id='block_1_70' title="bbox 2137 2488 2551 2560">
    <p class='ocr_par' dir='ltr' id='par_1_70' title="bbox 2137 2488 2551 2560">
     <span class='ocr_line' id='line_1_70' title="bbox 2137 2488 2551 2560; baseline 0.005 -18"><span class='ocrx_word' id='word_1_514' title='bbox 2137 2489 2353 2560; x_wconf 85' lang='lat' dir='ltr'><strong><em>angelus</em></strong></span> <span class='ocrx_word' id='word_1_515' title='bbox 2376 2488 2442 2544; x_wconf 88' lang='lat' dir='ltr'><strong><em>ab</em></strong></span> <span class='ocrx_word' id='word_1_516' title='bbox 2471 2505 2551 2544; x_wconf 90' lang='lat' dir='ltr'><strong><em>eo.</em></strong></span> 
     </span>
    </p>
   </div>
   <div class='ocr_carea' id='block_1_71' title="bbox 2207 2578 3721 2653">
    <p class='ocr_par' dir='ltr' id='par_1_71' title="bbox 2207 2578 3721 2653">
     <span class='ocr_line' id='line_1_71' title="bbox 2207 2578 3721 2653; baseline 0.001 -17"><span class='ocrx_word' id='word_1_517' title='bbox 2207 2581 2399 2637; x_wconf 80' lang='lat' dir='ltr'><strong><em>Petrus</em></strong></span> <span class='ocrx_word' id='word_1_518' title='bbox 2432 2581 2751 2637; x_wconf 84' lang='lat' dir='ltr'><strong><em>dormiebat.</em></strong></span> <span class='ocrx_word' id='word_1_519' title='bbox 2775 2578 2897 2636; x_wconf 85' lang='lat' dir='ltr'><strong><em>Non</em></strong></span> <span class='ocrx_word' id='word_1_520' title='bbox 2932 2579 3254 2635; x_wconf 81' lang='lat' dir='ltr'><strong><em>versabatur</em></strong></span> <span class='ocrx_word' id='word_1_521' title='bbox 3325 2581 3383 2635; x_wconf 83' lang='lat' dir='ltr'><strong><em>in</em></strong></span> <span class='ocrx_word' id='word_1_522' title='bbox 3434 2596 3633 2653; x_wconf 81' lang='lat' dir='ltr'><strong><em>angore</em></strong></span> <span class='ocrx_word' id='word_1_523' title='bbox 3655 2597 3721 2638; x_wconf 91' lang='lat' dir='ltr'><strong><em>ac</em></strong></span> 
     </span>
    </p>
   </div>
   <div class='ocr_carea' id='block_1_72' title="bbox 2139 2671 3722 2744">
    <p class='ocr_par' dir='ltr' id='par_1_72' title="bbox 2139 2671 3722 2744">
     <span class='ocr_line' id='line_1_72' title="bbox 2139 2671 3722 2744; baseline 0 -14"><span class='ocrx_word' id='word_1_524' title='bbox 2139 2682 2290 2730; x_wconf 87' lang='lat' dir='ltr'><strong><em>metu</em></strong></span> <span class='ocrx_word' id='word_1_525' title='bbox 2337 2671 2530 2729; x_wconf 83' lang='lat' dir='ltr'><strong><em>Petrus</em></strong></span> <span class='ocrx_word' id='word_1_526' title='bbox 2579 2689 2593 2726; x_wconf 92' lang='lat'><strong>:</strong></span> <span class='ocrx_word' id='word_1_527' title='bbox 2647 2671 2745 2728; x_wconf 85' lang='lat' dir='ltr'><strong><em>sed</em></strong></span> <span class='ocrx_word' id='word_1_528' title='bbox 2793 2671 2850 2726; x_wconf 89' lang='lat' dir='ltr'><strong><em>in</em></strong></span> <span class='ocrx_word' id='word_1_529' title='bbox 2885 2671 2998 2742; x_wconf 83' lang='lat' dir='ltr'><strong><em>ipsa</em></strong></span> <span class='ocrx_word' id='word_1_530' title='bbox 3034 2681 3222 2737; x_wconf 87' lang='lat' dir='ltr'><strong><em>nocte,</em></strong></span> <span class='ocrx_word' id='word_1_531' title='bbox 3279 2687 3406 2728; x_wconf 90' lang='lat' dir='ltr'><strong><em>cum</em></strong></span> <span class='ocrx_word' id='word_1_532' title='bbox 3458 2673 3722 2744; x_wconf 87' lang='lat' dir='ltr'><strong><em>postridie</em></strong></span> 
     </span>
    </p>
   </div>
   <div class='ocr_carea' id='block_1_73' title="bbox 2139 2764 3721 2838">
    <p class='ocr_par' dir='ltr' id='par_1_73' title="bbox 2139 2764 3721 2838">
     <span class='ocr_line' id='line_1_73' title="bbox 2139 2764 3721 2838; baseline 0 -17"><span class='ocrx_word' id='word_1_533' title='bbox 2139 2766 2520 2836; x_wconf 83' lang='lat' dir='ltr'><strong><em>producendus</em></strong></span> <span class='ocrx_word' id='word_1_534' title='bbox 2543 2774 2705 2830; x_wconf 80' lang='lat' dir='ltr'><strong><em>esset,</em></strong></span> <span class='ocrx_word' id='word_1_535' title='bbox 2726 2764 3046 2831; x_wconf 85' lang='lat' dir='ltr'><strong><em>dormiebat,</em></strong></span> <span class='ocrx_word' id='word_1_536' title='bbox 3081 2773 3192 2820; x_wconf 89' lang='lat' dir='ltr'><strong><em>toto</em></strong></span> <span class='ocrx_word' id='word_1_537' title='bbox 3211 2765 3428 2838; x_wconf 84' lang='lat' dir='ltr'><strong><em>negotio</em></strong></span> <span class='ocrx_word' id='word_1_538' title='bbox 3447 2767 3515 2821; x_wconf 88' lang='lat' dir='ltr'><strong><em>ad</em></strong></span> <span class='ocrx_word' id='word_1_539' title='bbox 3536 2765 3721 2821; x_wconf 86' lang='lat' dir='ltr'><strong><em>Domi-</em></strong></span> 
     </span>
    </p>
   </div>
   <div class='ocr_carea' id='block_1_74' title="bbox 2141 2855 3722 2927">
    <p class='ocr_par' dir='ltr' id='par_1_74' title="bbox 2141 2855 3722 2927">
     <span class='ocr_line' id='line_1_74' title="bbox 2141 2855 3722 2927; baseline 0 -16"><span class='ocrx_word' id='word_1_540' title='bbox 2141 2871 2272 2911; x_wconf 88' lang='lat' dir='ltr'><strong><em>num</em></strong></span> <span class='ocrx_word' id='word_1_541' title='bbox 2304 2856 2528 2927; x_wconf 88' lang='lat' dir='ltr'><strong><em>rejecto.</em></strong></span> <span class='ocrx_word' id='word_1_542' title='bbox 2559 2855 2695 2911; x_wconf 63' lang='lat' dir='ltr'><strong><em>Vide</em></strong></span> <span class='ocrx_word' id='word_1_543' title='bbox 2715 2864 2898 2912; x_wconf 87' lang='lat' dir='ltr'><strong><em>autem</em></strong></span> <span class='ocrx_word' id='word_1_544' title='bbox 2945 2871 3108 2926; x_wconf 89' lang='lat' dir='ltr'><strong><em>quam</em></strong></span> <span class='ocrx_word' id='word_1_545' title='bbox 3158 2867 3432 2924; x_wconf 85' lang='lat' dir='ltr'><strong><em>accurata,</em></strong></span> <span class='ocrx_word' id='word_1_546' title='bbox 3453 2872 3612 2927; x_wconf 88' lang='lat' dir='ltr'><strong><em>quam</em></strong></span> <span class='ocrx_word' id='word_1_547' title='bbox 3639 2857 3722 2913; x_wconf 85' lang='lat' dir='ltr'><strong><em>di-</em></strong></span> 
     </span>
    </p>
   </div>
   <div class='ocr_carea' id='block_1_75' title="bbox 2140 2949 3723 3022">
    <p class='ocr_par' dir='ltr' id='par_1_75' title="bbox 2140 2949 3723 3022">
     <span class='ocr_line' id='line_1_75' title="bbox 2140 2949 3723 3022; baseline 0.001 -17"><span class='ocrx_word' id='word_1_548' title='bbox 2140 2949 2315 3022; x_wconf 66' lang='lat' dir='ltr'><strong><em>ligens</em></strong></span> <span class='ocrx_word' id='word_1_549' title='bbox 2360 2967 2425 3007; x_wconf 88' lang='lat' dir='ltr'><strong><em>ac</em></strong></span> <span class='ocrx_word' id='word_1_550' title='bbox 2471 2950 2660 3006; x_wconf 82' lang='lat' dir='ltr'><strong><em>sedula</em></strong></span> <span class='ocrx_word' id='word_1_551' title='bbox 2684 2950 2850 3006; x_wconf 77' lang='lat' dir='ltr'><strong><em>fuerit</em></strong></span> <span class='ocrx_word' id='word_1_552' title='bbox 2867 2950 3116 3006; x_wconf 84' lang='lat' dir='ltr'><strong><em>custodia</em></strong></span> <span class='ocrx_word' id='word_1_553' title='bbox 3144 2968 3159 3005; x_wconf 87' lang='lat'><strong>:</strong></span> <span class='ocrx_word' id='word_1_554' title='bbox 3190 2967 3297 3006; x_wconf 87' lang='lat' dir='ltr'><strong><em>una</em></strong></span> <span class='ocrx_word' id='word_1_555' title='bbox 3327 2967 3452 3006; x_wconf 87' lang='lat' dir='ltr'><strong><em>cum</em></strong></span> <span class='ocrx_word' id='word_1_556' title='bbox 3478 2952 3568 3007; x_wconf 90' lang='lat' dir='ltr'><strong><em>illo</em></strong></span> <span class='ocrx_word' id='word_1_557' title='bbox 3593 2953 3723 3007; x_wconf 82' lang='lat' dir='ltr'><strong><em>dor-</em></strong></span> 
     </span>
    </p>
   </div>
   <div class='ocr_carea' id='block_1_76' title="bbox 2141 3043 3728 3115">
    <p class='ocr_par' dir='ltr' id='par_1_76' title="bbox 2141 3043 3728 3115">
     <span class='ocr_line' id='line_1_76' title="bbox 2141 3043 3728 3115; baseline 0.001 -15"><span class='ocrx_word' id='word_1_558' title='bbox 2141 3044 2385 3101; x_wconf 87' lang='lat' dir='ltr'><strong><em>miebant</em></strong></span> <span class='ocrx_word' id='word_1_559' title='bbox 2421 3043 2698 3100; x_wconf 84' lang='lat' dir='ltr'><strong><em>custodes.</em></strong></span> <span class='ocrx_word' id='word_1_560' title='bbox 2734 3043 2840 3100; x_wconf 85' lang='lat' dir='ltr'><strong><em>Sed</em></strong></span> <span class='ocrx_word' id='word_1_561' title='bbox 2873 3059 2972 3099; x_wconf 83' lang='lat' dir='ltr'><strong><em>cur</em></strong></span> <span class='ocrx_word' id='word_1_562' title='bbox 3026 3044 3215 3101; x_wconf 86' lang='lat' dir='ltr'><strong><em>lumen</em></strong></span> <span class='ocrx_word' id='word_1_563' title='bbox 3251 3045 3637 3115; x_wconf 85' lang='lat' dir='ltr'><strong><em>resplenduit?</em></strong></span> <span class='ocrx_word' id='word_1_564' title='bbox 3665 3056 3728 3101; x_wconf 88' lang='lat' dir='ltr'><strong><em>ut</em></strong></span> 
     </span>
    </p>
   </div>
   <div class='ocr_carea' id='block_1_77' title="bbox 2141 3135 3725 3209">
    <p class='ocr_par' dir='ltr' id='par_1_77' title="bbox 2141 3135 3725 3209">
     <span class='ocr_line' id='line_1_77' title="bbox 2141 3135 3725 3209; baseline -0.001 -13"><span class='ocrx_word' id='word_1_565' title='bbox 2141 3148 2199 3196; x_wconf 83' lang='lat' dir='ltr'><strong><em>et</em></strong></span> <span class='ocrx_word' id='word_1_566' title='bbox 2223 3139 2452 3206; x_wconf 82' lang='lat' dir='ltr'><strong><em>videret,</em></strong></span> <span class='ocrx_word' id='word_1_567' title='bbox 2486 3148 2543 3195; x_wconf 86' lang='lat' dir='ltr'><strong><em>et</em></strong></span> <span class='ocrx_word' id='word_1_568' title='bbox 2584 3139 2796 3194; x_wconf 87' lang='lat' dir='ltr'><strong><em>audiret</em></strong></span> <span class='ocrx_word' id='word_1_569' title='bbox 2839 3135 3054 3205; x_wconf 87' lang='lat' dir='ltr'><strong><em>Petrus,</em></strong></span> <span class='ocrx_word' id='word_1_570' title='bbox 3084 3147 3138 3193; x_wconf 90' lang='lat' dir='ltr'><strong><em>et</em></strong></span> <span class='ocrx_word' id='word_1_571' title='bbox 3189 3153 3301 3192; x_wconf 89' lang='lat' dir='ltr'><strong><em>non</em></strong></span> <span class='ocrx_word' id='word_1_572' title='bbox 3341 3147 3562 3209; x_wconf 76' lang='lat' dir='ltr'><strong><em>putaret</em></strong></span> <span class='ocrx_word' id='word_1_573' title='bbox 3603 3154 3725 3194; x_wconf 87' lang='lat' dir='ltr'><strong><em>esse</em></strong></span> 
     </span>
    </p>
   </div>
   <div class='ocr_carea' id='block_1_78' title="bbox 2144 3229 3728 3302">
    <p class='ocr_par' dir='ltr' id='par_1_78' title="bbox 2144 3229 3728 3302">
     <span class='ocr_line' id='line_1_78' title="bbox 2144 3229 3728 3302; baseline -0.001 -15"><span class='ocrx_word' id='word_1_574' title='bbox 2144 3240 2422 3302; x_wconf 85' lang='lat' dir='ltr'><strong><em>spectrum</em></strong></span> <span class='ocrx_word' id='word_1_575' title='bbox 2475 3246 2540 3287; x_wconf 84' lang='lat' dir='ltr'><strong><em>ac</em></strong></span> <span class='ocrx_word' id='word_1_576' title='bbox 2609 3231 2810 3287; x_wconf 88' lang='lat' dir='ltr'><strong><em>visum.</em></strong></span> <span class='ocrx_word' id='word_1_577' title='bbox 2869 3230 2948 3286; x_wconf 86' lang='lat' dir='ltr'><strong><em>Ac</em></strong></span> <span class='ocrx_word' id='word_1_578' title='bbox 2978 3231 3123 3302; x_wconf 87' lang='lat' dir='ltr'><strong><em>quod</em></strong></span> <span class='ocrx_word' id='word_1_579' title='bbox 3179 3230 3332 3294; x_wconf 82' lang='lat' dir='ltr'><strong><em>dicit,</em></strong></span> <span class='ocrx_word' id='word_1_580' title='bbox 3369 3229 3638 3292; x_wconf 81' lang='lat' dir='ltr'><strong><em>Celeriter,</em></strong></span> <span class='ocrx_word' id='word_1_581' title='bbox 3671 3231 3728 3286; x_wconf 90' lang='lat' dir='ltr'><strong><em>id</em></strong></span> 
     </span>
    </p>
   </div>
   <div class='ocr_carea' id='block_1_79' title="bbox 2144 3321 3726 3393">
    <p class='ocr_par' dir='ltr' id='par_1_79' title="bbox 2144 3321 3726 3393">
     <span class='ocr_line' id='line_1_79' title="bbox 2144 3321 3726 3393; baseline -0.003 -13"><span class='ocrx_word' id='word_1_582' title='bbox 2144 3325 2326 3389; x_wconf 84' lang='lat' dir='ltr'><strong><em>ﬁebat.</em></strong></span> <span class='ocrx_word' id='word_1_583' title='bbox 2367 3340 2436 3380; x_wconf 90' lang='lat' dir='ltr'><strong><em>ne</em></strong></span> <span class='ocrx_word' id='word_1_584' title='bbox 2457 3323 2730 3380; x_wconf 80' lang='lat' dir='ltr'><strong><em>desideret</em></strong></span> <span class='ocrx_word' id='word_1_585' title='bbox 2760 3332 2922 3393; x_wconf 84' lang='lat' dir='ltr'><strong><em>atque</em></strong></span> <span class='ocrx_word' id='word_1_586' title='bbox 2950 3332 3211 3378; x_wconf 86' lang='lat' dir='ltr'><strong><em>cessaret.</em></strong></span> <span class='ocrx_word' id='word_1_587' title='bbox 3234 3321 3373 3389; x_wconf 87' lang='lat' dir='ltr'><strong><em>Quin</em></strong></span> <span class='ocrx_word' id='word_1_588' title='bbox 3397 3324 3561 3377; x_wconf 87' lang='lat' dir='ltr'><strong><em>etiam</em></strong></span> <span class='ocrx_word' id='word_1_589' title='bbox 3603 3325 3726 3393; x_wconf 80' lang='lat' dir='ltr'><strong><em>pul—</em></strong></span> 
     </span>
    </p>
   </div>
   <div class='ocr_carea' id='block_1_80' title="bbox 2143 3414 3728 3487">
    <p class='ocr_par' dir='ltr' id='par_1_80' title="bbox 2143 3414 3728 3487">
     <span class='ocr_line' id='line_1_80' title="bbox 2143 3414 3728 3487; baseline -0.003 -13"><span class='ocrx_word' id='word_1_590' title='bbox 2143 3419 2284 3474; x_wconf 87' lang='lat' dir='ltr'><strong><em>savit</em></strong></span> <span class='ocrx_word' id='word_1_591' title='bbox 2311 3434 2458 3483; x_wconf 89' lang='lat' dir='ltr'><strong><em>eum,</em></strong></span> <span class='ocrx_word' id='word_1_592' title='bbox 2491 3417 2626 3472; x_wconf 87' lang='lat' dir='ltr'><strong><em>adeo</em></strong></span> <span class='ocrx_word' id='word_1_593' title='bbox 2673 3417 2782 3472; x_wconf 82' lang='lat' dir='ltr'><strong><em>alto</em></strong></span> <span class='ocrx_word' id='word_1_594' title='bbox 2809 3431 3006 3470; x_wconf 89' lang='lat' dir='ltr'><strong><em>somno</em></strong></span> <span class='ocrx_word' id='word_1_595' title='bbox 3039 3417 3409 3487; x_wconf 77' lang='lat' dir='ltr'><strong><em>premebat-ur.</em></strong></span> <span class='ocrx_word' id='word_1_596' title='bbox 3439 3414 3596 3482; x_wconf 80' lang='lat' dir='ltr'><strong><em>Quod</em></strong></span> <span class='ocrx_word' id='word_1_597' title='bbox 3629 3432 3728 3469; x_wconf 85' lang='lat' dir='ltr'><strong><em>au-</em></strong></span> 
     </span>
    </p>
   </div>
   <div class='ocr_carea' id='block_1_81' title="bbox 2145 3508 3728 3578">
    <p class='ocr_par' dir='ltr' id='par_1_81' title="bbox 2145 3508 3728 3578">
     <span class='ocr_line' id='line_1_81' title="bbox 2145 3508 3728 3578; baseline -0.003 -12"><span class='ocrx_word' id='word_1_598' title='bbox 2145 3518 2254 3566; x_wconf 81' lang='lat' dir='ltr'><strong><em>tem</em></strong></span> <span class='ocrx_word' id='word_1_599' title='bbox 2313 3510 2479 3576; x_wconf 82' lang='lat' dir='ltr'><strong><em>dicit,</em></strong></span> <span class='ocrx_word' id='word_1_600' title='bbox 2537 3509 2671 3565; x_wconf 90' lang='lat' dir='ltr'><strong><em>Cum</em></strong></span> <span class='ocrx_word' id='word_1_601' title='bbox 2707 3509 2969 3578; x_wconf 87' lang='lat' dir='ltr'><strong><em>pulsasset</em></strong></span> <span class='ocrx_word' id='word_1_602' title='bbox 3021 3508 3165 3562; x_wconf 87' lang='lat' dir='ltr'><strong><em>latus</em></strong></span> <span class='ocrx_word' id='word_1_603' title='bbox 3196 3509 3329 3578; x_wconf 81' lang='lat' dir='ltr'><strong><em>ejus,</em></strong></span> <span class='ocrx_word' id='word_1_604' title='bbox 3377 3525 3486 3563; x_wconf 89' lang='lat' dir='ltr'><strong><em>non</em></strong></span> <span class='ocrx_word' id='word_1_605' title='bbox 3524 3511 3728 3563; x_wconf 78' lang='lat' dir='ltr'><strong><em>tumul-</em></strong></span> 
     </span>
    </p>
   </div>
   <div class='ocr_carea' id='block_1_82' title="bbox 2144 3598 3728 3669">
    <p class='ocr_par' dir='ltr' id='par_1_82' title="bbox 2144 3598 3728 3669">
     <span class='ocr_line' id='line_1_82' title="bbox 2144 3598 3728 3669; baseline -0.002 -12"><span class='ocrx_word' id='word_1_606' title='bbox 2144 3601 2353 3658; x_wconf 88' lang='lat' dir='ltr'><strong><em>tuantis</em></strong></span> <span class='ocrx_word' id='word_1_607' title='bbox 2413 3610 2515 3664; x_wconf 77' lang='lat' dir='ltr'><strong><em>est,</em></strong></span> <span class='ocrx_word' id='word_1_608' title='bbox 2569 3601 2666 3656; x_wconf 87' lang='lat' dir='ltr'><strong><em>sed</em></strong></span> <span class='ocrx_word' id='word_1_609' title='bbox 2743 3598 3154 3669; x_wconf 86' lang='lat' dir='ltr'><strong><em>persuadentis,</em></strong></span> <span class='ocrx_word' id='word_1_610' title='bbox 3224 3615 3295 3655; x_wconf 90' lang='lat' dir='ltr'><strong><em>ne</em></strong></span> <span class='ocrx_word' id='word_1_611' title='bbox 3351 3607 3728 3656; x_wconf 80' lang='lat' dir='ltr'><strong><em>cunctaretur.</em></strong></span> 
     </span>
    </p>
   </div>
   <div class='ocr_carea' id='block_1_83' title="bbox 2145 3690 3732 3762">
    <p class='ocr_par' dir='ltr' id='par_1_83' title="bbox 2145 3690 3732 3762">
     <span class='ocr_line' id='line_1_83' title="bbox 2145 3690 3732 3762; baseline -0.001 -16"><span class='ocrx_word' id='word_1_612' title='bbox 2145 3691 2417 3762; x_wconf 72' lang='lat' dir='ltr'><strong><em>Pra&#39;cinge</em></strong></span> <span class='ocrx_word' id='word_1_613' title='bbox 2453 3700 2519 3755; x_wconf 87' lang='lat' dir='ltr'><strong><em>te,</em></strong></span> <span class='ocrx_word' id='word_1_614' title='bbox 2544 3701 2599 3745; x_wconf 81' lang='lat' dir='ltr'><strong><em>et</em></strong></span> <span class='ocrx_word' id='word_1_615' title='bbox 2636 3690 3122 3762; x_wconf 78' lang='lat' dir='ltr'><strong><em>subiigasandalia</em></strong></span> <span class='ocrx_word' id='word_1_616' title='bbox 3149 3699 3263 3745; x_wconf 91' lang='lat' dir='ltr'><strong><em>tua.</em></strong></span> <span class='ocrx_word' id='word_1_617' title='bbox 3310 3690 3604 3756; x_wconf 78' lang='lat' dir='ltr'><strong><em>Quomodo</em></strong></span> <span class='ocrx_word' id='word_1_618' title='bbox 3629 3691 3732 3746; x_wconf 83' lang='lat' dir='ltr'><strong><em>Pc—</em></strong></span> 
     </span>
    </p>
   </div>
   <div class='ocr_carea' id='block_1_84' title="bbox 2149 3783 3727 3855">
    <p class='ocr_par' dir='ltr' id='par_1_84' title="bbox 2149 3783 3727 3855">
     <span class='ocr_line' id='line_1_84' title="bbox 2149 3783 3727 3855; baseline -0.001 -17"><span class='ocrx_word' id='word_1_619' title='bbox 2149 3793 2261 3838; x_wconf 90' lang='lat' dir='ltr'><strong><em>trus</em></strong></span> <span class='ocrx_word' id='word_1_620' title='bbox 2307 3783 2540 3839; x_wconf 82' lang='lat' dir='ltr'><strong><em>faciebat</em></strong></span> <span class='ocrx_word' id='word_1_621' title='bbox 2599 3784 2862 3840; x_wconf 89' lang='lat' dir='ltr'><strong><em>adversus</em></strong></span> <span class='ocrx_word' id='word_1_622' title='bbox 2928 3793 3283 3855; x_wconf 73' lang='lat' dir='ltr'><strong><em>praeceptum,</em></strong></span> <span class='ocrx_word' id='word_1_623' title='bbox 3313 3799 3423 3853; x_wconf 85' lang='lat' dir='ltr'><strong><em>quo</em></strong></span> <span class='ocrx_word' id='word_1_624' title='bbox 3482 3787 3727 3840; x_wconf 87' lang='lat' dir='ltr'><strong><em>dicitur:</em></strong></span> 
     </span>
    </p>
   </div>
   <div class='ocr_carea' id='block_1_85' title="bbox 2145 3875 3731 3947">
    <p class='ocr_par' dir='ltr' id='par_1_85' title="bbox 2145 3875 3731 3947">
     <span class='ocr_line' id='line_1_85' title="bbox 2145 3875 3731 3947; baseline -0.001 -17"><span class='ocrx_word' id='word_1_625' title='bbox 2145 3875 2224 3931; x_wconf 90' lang='lat' dir='ltr'><strong><em>Ne</em></strong></span> <span class='ocrx_word' id='word_1_626' title='bbox 2256 3876 2496 3930; x_wconf 73' lang='lat' dir='ltr'><strong><em>habeatis</em></strong></span> <span class='ocrx_word' id='word_1_627' title='bbox 2533 3893 2748 3940; x_wconf 83' lang='lat' dir='ltr'><strong><em>aurum,</em></strong></span> <span class='ocrx_word' id='word_1_628' title='bbox 2778 3892 2947 3947; x_wconf 86' lang='lat' dir='ltr'><strong><em>neque</em></strong></span> <span class='ocrx_word' id='word_1_629' title='bbox 2990 3883 3292 3947; x_wconf 83' lang='lat' dir='ltr'><strong><em>argentum,</em></strong></span> <span class='ocrx_word' id='word_1_630' title='bbox 3329 3892 3494 3945; x_wconf 85' lang='lat' dir='ltr'><strong><em>neque</em></strong></span> <span class='ocrx_word' id='word_1_631' title='bbox 3521 3878 3731 3928; x_wconf 78' lang='lat' dir='ltr'><strong><em>tunicas</em></strong></span> 
     </span>
    </p>
   </div>
   <div class='ocr_carea' id='block_1_86' title="bbox 2148 3969 3734 4042">
    <p class='ocr_par' dir='ltr' id='par_1_86' title="bbox 2148 3969 3734 4042">
     <span class='ocr_line' id='line_1_86' title="bbox 2148 3969 3734 4042; baseline -0.003 -18"><span class='ocrx_word' id='word_1_632' title='bbox 2148 3971 2318 4035; x_wconf 88' lang='lat' dir='ltr'><strong><em>binas,</em></strong></span> <span class='ocrx_word' id='word_1_633' title='bbox 2407 3987 2570 4042; x_wconf 89' lang='lat' dir='ltr'><strong><em>neque</em></strong></span> <span class='ocrx_word' id='word_1_634' title='bbox 2623 3969 3006 4036; x_wconf 83' lang='lat' dir='ltr'><strong><em>coleeamenta,</em></strong></span> <span class='ocrx_word' id='word_1_635' title='bbox 3071 3983 3234 4038; x_wconf 82' lang='lat' dir='ltr'><strong><em>neque</em></strong></span> <span class='ocrx_word' id='word_1_636' title='bbox 3288 3983 3498 4028; x_wconf 77' lang='lat' dir='ltr'><strong><em>zonam.</em></strong></span> <span class='ocrx_word' id='word_1_637' title='bbox 3569 3983 3734 4034; x_wconf 86' lang='lat' dir='ltr'><strong><em>neque</em></strong></span> 
     </span>
    </p>
   </div>
   <div class='ocr_carea' id='block_1_87' title="bbox 2148 4057 3733 4133">
    <p class='ocr_par' dir='ltr' id='par_1_87' title="bbox 2148 4057 3733 4133">
     <span class='ocr_line' id='line_1_87' title="bbox 2148 4057 3733 4133; baseline -0.003 -18"><span class='ocrx_word' id='word_1_638' title='bbox 2148 4061 2350 4133; x_wconf 70' lang='lat' dir='ltr'><strong><em>uirgam</em></strong></span> <span class='ocrx_word' id='word_1_639' title='bbox 2403 4061 2469 4124; x_wconf 65' lang='grc' dir='ltr'><em>δ’,</em></span> <span class='ocrx_word' id='word_1_640' title='bbox 2502 4076 2621 4115; x_wconf 90' lang='lat' dir='ltr'><strong><em>cum</em></strong></span> <span class='ocrx_word' id='word_1_641' title='bbox 2693 4061 2808 4130; x_wconf 89' lang='lat' dir='ltr'><strong><em>ipse</em></strong></span> <span class='ocrx_word' id='word_1_642' title='bbox 2862 4075 3052 4115; x_wconf 84' lang='lat' dir='ltr'><strong><em>zonam</em></strong></span> <span class='ocrx_word' id='word_1_643' title='bbox 3086 4059 3332 4123; x_wconf 83' lang='lat' dir='ltr'><strong><em>haberet,</em></strong></span> <span class='ocrx_word' id='word_1_644' title='bbox 3365 4067 3418 4113; x_wconf 88' lang='lat' dir='ltr'><strong><em>et</em></strong></span> <span class='ocrx_word' id='word_1_645' title='bbox 3445 4057 3628 4128; x_wconf 85' lang='lat' dir='ltr'><strong><em>pallia,</em></strong></span> <span class='ocrx_word' id='word_1_646' title='bbox 3677 4068 3733 4111; x_wconf 86' lang='lat' dir='ltr'><strong><em>et</em></strong></span> 
     </span>
    </p>
   </div>
   <div class='ocr_carea' id='block_1_88' title="bbox 2149 4149 3734 4221">
    <p class='ocr_par' dir='ltr' id='par_1_88' title="bbox 2149 4149 3734 4221">
     <span class='ocr_line' id='line_1_88' title="bbox 2149 4149 3734 4221; baseline -0.001 -15"><span class='ocrx_word' id='word_1_647' title='bbox 2149 4152 2367 4206; x_wconf 84' lang='lat' dir='ltr'><strong><em>soleas?</em></strong></span> <span class='ocrx_word' id='word_1_648' title='bbox 2406 4166 2715 4220; x_wconf 75' lang='lat' dir='ltr'><strong><em>quanquam</em></strong></span> <span class='ocrx_word' id='word_1_649' title='bbox 2748 4150 2839 4205; x_wconf 85' lang='lat' dir='ltr'><strong><em>illo</em></strong></span> <span class='ocrx_word' id='word_1_650' title='bbox 2873 4159 3119 4221; x_wconf 83' lang='lat' dir='ltr'><strong><em>tempore</em></strong></span> <span class='ocrx_word' id='word_1_651' title='bbox 3191 4149 3319 4204; x_wconf 89' lang='lat' dir='ltr'><strong><em>anni</em></strong></span> <span class='ocrx_word' id='word_1_652' title='bbox 3347 4149 3510 4206; x_wconf 62' lang='lat' dir='ltr'><strong><em>soleis</em></strong></span> <span class='ocrx_word' id='word_1_653' title='bbox 3545 4164 3734 4204; x_wconf 78' lang='lat' dir='ltr'><strong><em>carere</em></strong></span> 
     </span>
    </p>
   </div>
   <div class='ocr_carea' id='block_1_89' title="bbox 2149 4241 3733 4312">
    <p class='ocr_par' dir='ltr' id='par_1_89' title="bbox 2149 4241 3733 4312">
     <span class='ocr_line' id='line_1_89' title="bbox 2149 4241 3733 4312; baseline -0.002 -15"><span class='ocrx_word' id='word_1_654' title='bbox 2149 4241 2470 4312; x_wconf 74' lang='lat' dir='ltr'><strong><em>oportebat:</em></strong></span> <span class='ocrx_word' id='word_1_655' title='bbox 2518 4257 2640 4297; x_wconf 84' lang='lat' dir='ltr'><strong><em>nam</em></strong></span> <span class='ocrx_word' id='word_1_656' title='bbox 2659 4241 2871 4297; x_wconf 84' lang='lat' dir='ltr'><strong><em>multus</em></strong></span> <span class='ocrx_word' id='word_1_657' title='bbox 2893 4255 3080 4297; x_wconf 80' lang='lat' dir='ltr'><strong><em>earum</em></strong></span> <span class='ocrx_word' id='word_1_658' title='bbox 3104 4256 3236 4296; x_wconf 85' lang='lat' dir='ltr'><strong><em>usus</em></strong></span> <span class='ocrx_word' id='word_1_659' title='bbox 3256 4249 3350 4298; x_wconf 84' lang='lat' dir='ltr'><strong><em>est</em></strong></span> <span class='ocrx_word' id='word_1_660' title='bbox 3379 4249 3620 4312; x_wconf 85' lang='lat' dir='ltr'><strong><em>tempore</em></strong></span> <span class='ocrx_word' id='word_1_661' title='bbox 3647 4241 3733 4295; x_wconf 86' lang='lat' dir='ltr'><strong><em>hi-</em></strong></span> 
     </span>
    </p>
   </div>
   <div class='ocr_carea' id='block_1_90' title="bbox 2149 4331 3734 4400">
    <p class='ocr_par' dir='ltr' id='par_1_90' title="bbox 2149 4331 3734 4400">
     <span class='ocr_line' id='line_1_90' title="bbox 2149 4331 3734 4400; baseline -0.001 -12"><span class='ocrx_word' id='word_1_662' title='bbox 2149 4333 2342 4388; x_wconf 86' lang='lat' dir='ltr'><strong><em>berno.</em></strong></span> <span class='ocrx_word' id='word_1_663' title='bbox 2407 4331 2550 4400; x_wconf 85' lang='lat' dir='ltr'><strong><em>Quin</em></strong></span> <span class='ocrx_word' id='word_1_664' title='bbox 2581 4334 2744 4388; x_wconf 86' lang='lat' dir='ltr'><strong><em>etiam</em></strong></span> <span class='ocrx_word' id='word_1_665' title='bbox 2775 4332 2975 4388; x_wconf 86' lang='lat' dir='ltr'><strong><em>Paulus</em></strong></span> <span class='ocrx_word' id='word_1_666' title='bbox 3023 4332 3314 4388; x_wconf 84' lang='lat' dir='ltr'><strong><em>Timotheo</em></strong></span> <span class='ocrx_word' id='word_1_667' title='bbox 3370 4333 3636 4398; x_wconf 86' lang='lat' dir='ltr'><strong><em>scribens,</em></strong></span> <span class='ocrx_word' id='word_1_668' title='bbox 3675 4343 3734 4387; x_wconf 89' lang='lat' dir='ltr'><strong><em>ut</em></strong></span> 
     </span>
    </p>
   </div>
   <div class='ocr_carea' id='block_1_91' title="bbox 2152 4423 3733 4488">
    <p class='ocr_par' dir='ltr' id='par_1_91' title="bbox 2152 4423 3733 4488">
     <span class='ocr_line' id='line_1_91' title="bbox 2152 4423 3733 4488; baseline -0.002 -10"><span class='ocrx_word' id='word_1_669' title='bbox 2152 4431 2279 4479; x_wconf 87' lang='lat' dir='ltr'><strong><em>ante</em></strong></span> <span class='ocrx_word' id='word_1_670' title='bbox 2309 4423 2548 4479; x_wconf 87' lang='lat' dir='ltr'><strong><em>hiemem</em></strong></span> <span class='ocrx_word' id='word_1_671' title='bbox 2577 4423 2811 4488; x_wconf 88' lang='lat' dir='ltr'><strong><em>veniret,</em></strong></span> <span class='ocrx_word' id='word_1_672' title='bbox 2841 4424 3064 4480; x_wconf 85' lang='lat' dir='ltr'><strong><em>mandat</em></strong></span> <span class='ocrx_word' id='word_1_673' title='bbox 3085 4423 3178 4478; x_wconf 82' lang='lat' dir='ltr'><strong><em>his</em></strong></span> <span class='ocrx_word' id='word_1_674' title='bbox 3198 4423 3380 4480; x_wconf 81' lang='lat' dir='ltr'><strong><em>verbis</em></strong></span> <span class='ocrx_word' id='word_1_675' title='bbox 3412 4441 3425 4477; x_wconf 88' lang='lat'><strong>:</strong></span> <span class='ocrx_word' id='word_1_676' title='bbox 3449 4423 3733 4488; x_wconf 79' lang='lat' dir='ltr'><strong><em>Penulam,</em></strong></span> 
     </span>
    </p>
   </div>
   <div class='ocr_carea' id='block_1_92' title="bbox 2152 4515 3732 4602">
    <p class='ocr_par' dir='ltr' id='par_1_92' title="bbox 2152 4515 3732 4602">
     <span class='ocr_line' id='line_1_92' title="bbox 2152 4515 3732 4602; baseline 0.001 -31"><span class='ocrx_word' id='word_1_677' title='bbox 2152 4533 2312 4587; x_wconf 87' lang='lat' dir='ltr'><strong><em>quam</em></strong></span> <span class='ocrx_word' id='word_1_678' title='bbox 2349 4517 2538 4602; x_wconf 69' lang='lat' dir='ltr'><strong><em>reliqui</em></strong></span> <span class='ocrx_word' id='word_1_679' title='bbox 2561 4517 2617 4572; x_wconf 83' lang='lat' dir='ltr'><strong><em>in</em></strong></span> <span class='ocrx_word' id='word_1_680' title='bbox 2669 4516 2872 4571; x_wconf 85' lang='lat' dir='ltr'><strong><em>Troade</em></strong></span> <span class='ocrx_word' id='word_1_681' title='bbox 2901 4519 3046 4587; x_wconf 89' lang='lat' dir='ltr'><strong><em>apud</em></strong></span> <span class='ocrx_word' id='word_1_682' title='bbox 3087 4515 3342 4588; x_wconf 79' lang='lat' dir='ltr'><strong><em>Carpam,</em></strong></span> <span class='ocrx_word' id='word_1_683' title='bbox 3370 4534 3487 4572; x_wconf 89' lang='lat' dir='ltr'><strong><em>cum</em></strong></span> <span class='ocrx_word' id='word_1_684' title='bbox 3511 4519 3732 4582; x_wconf 82' lang='lat' dir='ltr'><strong><em>veneris,</em></strong></span> 
     </span>
    </p>
   </div>
   <div class='ocr_carea' id='block_1_93' title="bbox 2153 4608 3736 4681">
    <p class='ocr_par' dir='ltr' id='par_1_93' title="bbox 2153 4608 3736 4681">
     <span class='ocr_line' id='line_1_93' title="bbox 2153 4608 3736 4681; baseline 0.001 -19"><span class='ocrx_word' id='word_1_685' title='bbox 2153 4618 2308 4676; x_wconf 89' lang='lat' dir='ltr'><strong><em>porta</em></strong></span> <span class='ocrx_word' id='word_1_686' title='bbox 2367 4608 2438 4664; x_wconf 75' lang='lat'><strong><em>”.</em></strong></span> <span class='ocrx_word' id='word_1_687' title='bbox 2479 4609 2599 4665; x_wconf 82' lang='lat' dir='ltr'><strong><em>Non</em></strong></span> <span class='ocrx_word' id='word_1_688' title='bbox 2652 4609 2796 4665; x_wconf 83' lang='lat' dir='ltr'><strong><em>enim</em></strong></span> <span class='ocrx_word' id='word_1_689' title='bbox 2837 4609 2961 4680; x_wconf 85' lang='lat' dir='ltr'><strong><em>quis</em></strong></span> <span class='ocrx_word' id='word_1_690' title='bbox 2991 4608 3174 4666; x_wconf 82' lang='lat' dir='ltr'><strong><em>dicere</em></strong></span> <span class='ocrx_word' id='word_1_691' title='bbox 3201 4610 3392 4681; x_wconf 86' lang='lat' dir='ltr'><strong><em>possit,</em></strong></span> <span class='ocrx_word' id='word_1_692' title='bbox 3429 4609 3579 4664; x_wconf 86' lang='lat' dir='ltr'><strong><em>illum</em></strong></span> <span class='ocrx_word' id='word_1_693' title='bbox 3625 4626 3736 4664; x_wconf 85' lang='lat' dir='ltr'><strong><em>non</em></strong></span> 
     </span>
    </p>
   </div>
   <div class='ocr_carea' id='block_1_94' title="bbox 2152 4699 3735 4773">
    <p class='ocr_par' dir='ltr' id='par_1_94' title="bbox 2152 4699 3735 4773">
     <span class='ocr_line' id='line_1_94' title="bbox 2152 4699 3735 4773; baseline -0.001 -17"><span class='ocrx_word' id='word_1_694' title='bbox 2152 4699 2417 4756; x_wconf 85' lang='lat' dir='ltr'><strong><em>habuisse</em></strong></span> <span class='ocrx_word' id='word_1_695' title='bbox 2464 4701 2652 4766; x_wconf 85' lang='lat' dir='ltr'><strong><em>aliam,</em></strong></span> <span class='ocrx_word' id='word_1_696' title='bbox 2693 4717 2857 4772; x_wconf 87' lang='lat' dir='ltr'><strong><em>quam</em></strong></span> <span class='ocrx_word' id='word_1_697' title='bbox 2903 4709 3160 4773; x_wconf 74' lang='lat' dir='ltr'><strong><em>gestaret.</em></strong></span> <span class='ocrx_word' id='word_1_698' title='bbox 3210 4699 3328 4757; x_wconf 79' lang='lat' dir='ltr'><strong><em>Non</em></strong></span> <span class='ocrx_word' id='word_1_699' title='bbox 3358 4701 3608 4757; x_wconf 80' lang='lat' dir='ltr'><strong><em>fecerunt</em></strong></span> <span class='ocrx_word' id='word_1_700' title='bbox 3639 4702 3735 4755; x_wconf 83' lang='lat' dir='ltr'><strong><em>ad-</em></strong></span> 
     </span>
    </p>
   </div>
   <div class='ocr_carea' id='block_1_95' title="bbox 477 4780 2037 4862">
    <p class='ocr_par' dir='ltr' id='par_1_95' title="bbox 477 4780 2037 4856">
     <span class='ocr_line' id='line_1_95' title="bbox 477 4780 2037 4856; baseline 0.003 -20"><span class='ocrx_word' id='word_1_701' title='bbox 477 4785 728 4854; x_wconf 78' lang='grc' dir='ltr'><em>τάγματα</em></span> <span class='ocrx_word' id='word_1_702' title='bbox 771 4785 957 4838; x_wconf 69' lang='grc' dir='ltr'><em>ἑκείνα</em></span> <span class='ocrx_word' id='word_1_703' title='bbox 1015 4784 1330 4855; x_wconf 83' lang='grc' dir='ltr'><em>πρόσκαιρα</em></span> <span class='ocrx_word' id='word_1_704' title='bbox 1375 4780 1467 4856; x_wconf 78' lang='grc' dir='ltr'><em>ἦν,</em></span> <span class='ocrx_word' id='word_1_705' title='bbox 1492 4785 1589 4838; x_wconf 76' lang='grc' dir='ltr'><strong><em>καὶ</em></strong></span> <span class='ocrx_word' id='word_1_706' title='bbox 1628 4785 1688 4837; x_wconf 85' lang='grc' dir='ltr'><strong><em>οὐ</em></strong></span> <span class='ocrx_word' id='word_1_707' title='bbox 1722 4785 2037 4849; x_wconf 75' lang='grc' dir='ltr'><strong><em>διοιτιιςιντός⁴</em></strong></span> 
     </span>
    </p>
   </div>
   <div class='ocr_carea' id='block_1_96' title="bbox 2143 4780 3738 4862">
    <p class='ocr_par' dir='ltr' id='par_1_96' title="bbox 2154 4791 3738 4862">
     <span class='ocr_line' id='line_1_96' title="bbox 2154 4791 3738 4862; baseline -0.001 -15"><span class='ocrx_word' id='word_1_708' title='bbox 2154 4807 2344 4847; x_wconf 85' lang='lat' dir='ltr'><strong><em>versus</em></strong></span> <span class='ocrx_word' id='word_1_709' title='bbox 2367 4799 2700 4862; x_wconf 75' lang='lat' dir='ltr'><strong><em>pra-ceptum</em></strong></span> <span class='ocrx_word' id='word_1_710' title='bbox 2727 4791 2933 4847; x_wconf 85' lang='lat' dir='ltr'><strong><em>Christi</em></strong></span> <span class='ocrx_word' id='word_1_711' title='bbox 2959 4807 2974 4846; x_wconf 89' lang='lat'><strong>:</strong></span> <span class='ocrx_word' id='word_1_712' title='bbox 2997 4792 3140 4847; x_wconf 87' lang='lat' dir='ltr'><strong><em>absit</em></strong></span> <span class='ocrx_word' id='word_1_713' title='bbox 3166 4794 3179 4847; x_wconf 87' lang='lat' dir='ltr'><strong><em>l</em></strong></span> <span class='ocrx_word' id='word_1_714' title='bbox 3212 4791 3352 4859; x_wconf 81' lang='lat' dir='ltr'><strong><em>Quin</em></strong></span> <span class='ocrx_word' id='word_1_715' title='bbox 3380 4793 3545 4847; x_wconf 88' lang='lat' dir='ltr'><strong><em>etiam</em></strong></span> <span class='ocrx_word' id='word_1_716' title='bbox 3573 4793 3738 4847; x_wconf 87' lang='lat' dir='ltr'><strong><em>vehe-</em></strong></span> 
     </span>
    </p>
   </div>
   <div class='ocr_carea' id='block_1_97' title="bbox 477 4877 2050 4948">
    <p class='ocr_par' dir='ltr' id='par_1_97' title="bbox 477 4877 2050 4948">
     <span class='ocr_line' id='line_1_97' title="bbox 477 4877 2050 4948; baseline 0.003 -20"><span class='ocrx_word' id='word_1_717' title='bbox 477 4878 571 4929; x_wconf 74' lang='grc' dir='ltr'><strong><em>καὶ</em></strong></span> <span class='ocrx_word' id='word_1_718' title='bbox 617 4877 776 4932; x_wconf 82' lang='grc' dir='ltr'><em>τοῦτο</em></span> <span class='ocrx_word' id='word_1_719' title='bbox 838 4877 1055 4940; x_wconf 78' lang='grc' dir='ltr'><em>Λουκᾶς</em></span> <span class='ocrx_word' id='word_1_720' title='bbox 1106 4893 1269 4946; x_wconf 80' lang='grc' dir='ltr'><em>φησιν</em></span> <span class='ocrx_word' id='word_1_721' title='bbox 1331 4877 1612 4947; x_wconf 80' lang='grc' dir='ltr'><em>είρηκέναι</em></span> <span class='ocrx_word' id='word_1_722' title='bbox 1664 4877 1902 4948; x_wconf 77' lang='grc' dir='ltr'><em>Χριστὸν</em></span> <span class='ocrx_word' id='word_1_723' title='bbox 1935 4881 2050 4943; x_wconf 86' lang='grc' dir='ltr'><em>τοῖς</em></span> 
     </span>
    </p>
   </div>
   <div class='ocr_carea' id='block_1_98' title="bbox 482 4967 2052 5042">
    <p class='ocr_par' dir='ltr' id='par_1_98' title="bbox 482 4967 2052 5042">
     <span class='ocr_line' id='line_1_98' title="bbox 482 4967 2052 5042; baseline 0.004 -22"><span class='ocrx_word' id='word_1_724' title='bbox 482 4971 746 5042; x_wconf 79' lang='grc' dir='ltr'><em>μαθηταῖς</em></span> <span class='ocrx_word' id='word_1_725' title='bbox 772 4985 787 5000; x_wconf 92' lang='grc'><strong>·</strong></span> <span class='ocrx_word' id='word_1_726' title='bbox 819 4969 950 5022; x_wconf 86' lang='grc' dir='ltr'><em>Ὅτε</em></span> <span class='ocrx_word' id='word_1_727' title='bbox 996 4969 1327 5022; x_wconf 81' lang='grc' dir='ltr'><em>ἀπέστειλα</em></span> <span class='ocrx_word' id='word_1_728' title='bbox 1354 4967 1510 5039; x_wconf 82' lang='grc' dir='ltr'><strong><em>ὑμᾶς</em></strong></span> <span class='ocrx_word' id='word_1_729' title='bbox 1538 4968 1687 5039; x_wconf 76' lang='grc' dir='ltr'><em>ιᾶτερ</em></span> <span class='ocrx_word' id='word_1_730' title='bbox 1712 4971 2052 5034; x_wconf 75' lang='grc' dir='ltr'><em>βαλαντίου</em></span> 
     </span>
    </p>
   </div>
   <div class='ocr_carea' id='block_1_99' title="bbox 479 5058 2054 5132">
    <p class='ocr_par' dir='ltr' id='par_1_99' title="bbox 479 5058 2054 5132">
     <span class='ocr_line' id='line_1_99' title="bbox 479 5058 2054 5132; baseline 0.003 -20"><span class='ocrx_word' id='word_1_731' title='bbox 479 5060 574 5112; x_wconf 78' lang='grc' dir='ltr'><em>καί</em></span> <span class='ocrx_word' id='word_1_732' title='bbox 627 5059 844 5128; x_wconf 78' lang='grc' dir='ltr'><em>πήρας,</em></span> <span class='ocrx_word' id='word_1_733' title='bbox 873 5058 972 5113; x_wconf 80' lang='grc' dir='ltr'><strong><em>καὶ</em></strong></span> <span class='ocrx_word' id='word_1_734' title='bbox 1027 5058 1450 5128; x_wconf 76' lang='grc' dir='ltr'><em>ὑποδημάτων,</em></span> <span class='ocrx_word' id='word_1_735' title='bbox 1496 5060 1596 5114; x_wconf 78' lang='grc' dir='ltr'><em>καί</em></span> <span class='ocrx_word' id='word_1_736' title='bbox 1638 5059 1848 5131; x_wconf 79' lang='grc' dir='ltr'><em>ζώνης,</em></span> <span class='ocrx_word' id='word_1_737' title='bbox 1880 5061 1966 5132; x_wconf 78' lang='grc' dir='ltr'><strong><em>μή</em></strong></span> <span class='ocrx_word' id='word_1_738' title='bbox 1999 5081 2054 5118; x_wconf 88' lang='grc' dir='ltr'><strong><em>τι</em></strong></span> 
     </span>
    </p>
   </div>
   <div class='ocr_carea' id='block_1_100' title="bbox 483 5151 2051 5224">
    <p class='ocr_par' dir='ltr' id='par_1_100' title="bbox 483 5151 2051 5224">
     <span class='ocr_line' id='line_1_100' title="bbox 483 5151 2051 5224; baseline 0.003 -20"><span class='ocrx_word' id='word_1_739' title='bbox 483 5153 816 5221; x_wconf 77' lang='grc' dir='ltr'><em>ὑστέρησεν</em></span> <span class='ocrx_word' id='word_1_740' title='bbox 851 5151 1032 5222; x_wconf 84' lang='grc' dir='ltr'><strong><em>ὐμῖν;</em></strong></span> <span class='ocrx_word' id='word_1_741' title='bbox 1070 5151 1398 5221; x_wconf 78' lang='grc' dir='ltr'><em>Λέγουσιν·</em></span> <span class='ocrx_word' id='word_1_742' title='bbox 1448 5151 1551 5208; x_wconf 84' lang='grc' dir='ltr'><strong><em>Οῠ.</em></strong></span> <span class='ocrx_word' id='word_1_743' title='bbox 1590 5153 1762 5224; x_wconf 85' lang='grc' dir='ltr'><em>Λέγει</em></span> <span class='ocrx_word' id='word_1_744' title='bbox 1811 5155 2051 5222; x_wconf 78' lang='grc' dir='ltr'><em>αὐτοῖς’</em></span> 
     </span>
    </p>
   </div>
   <div class='ocr_carea' id='block_1_101' title="bbox 482 5245 2054 5314">
    <p class='ocr_par' dir='ltr' id='par_1_101' title="bbox 482 5245 2054 5314">
     <span class='ocr_line' id='line_1_101' title="bbox 482 5245 2054 5314; baseline 0.002 -14"><span class='ocrx_word' id='word_1_745' title='bbox 482 5247 716 5302; x_wconf 75' lang='grc' dir='ltr'><strong><em>οὐκοῦν</em></strong></span> <span class='ocrx_word' id='word_1_746' title='bbox 739 5247 956 5302; x_wconf 83' lang='grc' dir='ltr'><em>λοιπὸν</em></span> <span class='ocrx_word' id='word_1_747' title='bbox 979 5245 1309 5314; x_wconf 75' lang='grc' dir='ltr'><em>κτήσασθε.</em></span> <span class='ocrx_word' id='word_1_748' title='bbox 1346 5247 1512 5302; x_wconf 79' lang='grc' dir='ltr'><em>Ὥστε</em></span> <span class='ocrx_word' id='word_1_749' title='bbox 1553 5249 1676 5302; x_wconf 85' lang='grc' dir='ltr'><em>τότε</em></span> <span class='ocrx_word' id='word_1_750' title='bbox 1709 5251 1886 5304; x_wconf 71' lang='grc' dir='ltr'><em>ὲκεζνο</em></span> <span class='ocrx_word' id='word_1_751' title='bbox 1925 5251 2054 5304; x_wconf 80' lang='grc' dir='ltr'><em>ἐπέ-</em></span> 
     </span>
    </p>
   </div>
   <div class='ocr_carea' id='block_1_102' title="bbox 2153 4883 3736 4956">
    <p class='ocr_par' dir='ltr' id='par_1_102' title="bbox 2153 4883 3736 4956">
     <span class='ocr_line' id='line_1_102' title="bbox 2153 4883 3736 4956; baseline -0.002 -15"><span class='ocrx_word' id='word_1_752' title='bbox 2153 4894 2366 4941; x_wconf 90' lang='lat' dir='ltr'><strong><em>menter</em></strong></span> <span class='ocrx_word' id='word_1_753' title='bbox 2391 4884 2632 4940; x_wconf 74' lang='lat' dir='ltr'><strong><em>exsecuti</em></strong></span> <span class='ocrx_word' id='word_1_754' title='bbox 2661 4892 2788 4939; x_wconf 85' lang='lat' dir='ltr'><strong><em>sunt</em></strong></span> <span class='ocrx_word' id='word_1_755' title='bbox 2824 4883 2976 4940; x_wconf 90' lang='lat' dir='ltr'><strong><em>illud.</em></strong></span> <span class='ocrx_word' id='word_1_756' title='bbox 2999 4884 3133 4940; x_wconf 86' lang='lat' dir='ltr'><strong><em>Nam</em></strong></span> <span class='ocrx_word' id='word_1_757' title='bbox 3165 4885 3255 4940; x_wconf 89' lang='lat' dir='ltr'><strong><em>illa</em></strong></span> <span class='ocrx_word' id='word_1_758' title='bbox 3303 4896 3573 4956; x_wconf 69' lang='lat' dir='ltr'><strong><em>praecepta</em></strong></span> <span class='ocrx_word' id='word_1_759' title='bbox 3598 4894 3736 4939; x_wconf 86' lang='lat' dir='ltr'><strong><em>tem-</em></strong></span> 
     </span>
    </p>
   </div>
   <div class='ocr_carea' id='block_1_103' title="bbox 2153 4977 3738 5048">
    <p class='ocr_par' dir='ltr' id='par_1_103' title="bbox 2153 4977 3738 5048">
     <span class='ocr_line' id='line_1_103' title="bbox 2153 4977 3738 5048; baseline -0.004 -16"><span class='ocrx_word' id='word_1_760' title='bbox 2153 4977 2367 5048; x_wconf 86' lang='lat' dir='ltr'><strong><em>poraria</em></strong></span> <span class='ocrx_word' id='word_1_761' title='bbox 2421 4985 2597 5042; x_wconf 86' lang='lat' dir='ltr'><strong><em>erant,</em></strong></span> <span class='ocrx_word' id='word_1_762' title='bbox 2628 4992 2738 5031; x_wconf 92' lang='lat' dir='ltr'><strong><em>non</em></strong></span> <span class='ocrx_word' id='word_1_763' title='bbox 2795 4985 3081 5046; x_wconf 86' lang='lat' dir='ltr'><strong><em>perpetua,</em></strong></span> <span class='ocrx_word' id='word_1_764' title='bbox 3111 4985 3273 5047; x_wconf 88' lang='lat' dir='ltr'><strong><em>atque</em></strong></span> <span class='ocrx_word' id='word_1_765' title='bbox 3322 4979 3429 5034; x_wconf 86' lang='lat' dir='ltr'><strong><em>hoc</em></strong></span> <span class='ocrx_word' id='word_1_766' title='bbox 3463 4979 3636 5031; x_wconf 87' lang='lat' dir='ltr'><strong><em>Lucas</em></strong></span> <span class='ocrx_word' id='word_1_767' title='bbox 3659 4977 3738 5028; x_wconf 87' lang='lat' dir='ltr'><strong><em>ait</em></strong></span> 
     </span>
    </p>
   </div>
   <div class='ocr_carea' id='block_1_104' title="bbox 2155 5066 3735 5140">
    <p class='ocr_par' dir='ltr' id='par_1_104' title="bbox 2155 5066 3735 5140">
     <span class='ocr_line' id='line_1_104' title="bbox 2155 5066 3735 5140; baseline -0.005 -14"><span class='ocrx_word' id='word_1_768' title='bbox 2155 5070 2437 5126; x_wconf 86' lang='lat' dir='ltr'><strong><em>Christum</em></strong></span> <span class='ocrx_word' id='word_1_769' title='bbox 2465 5069 2672 5125; x_wconf 84' lang='lat' dir='ltr'><strong><em>dixisse</em></strong></span> <span class='ocrx_word' id='word_1_770' title='bbox 2702 5068 2987 5140; x_wconf 88' lang='lat' dir='ltr'><strong><em>discipulis</em></strong></span> <span class='ocrx_word' id='word_1_771' title='bbox 3021 5090 3034 5124; x_wconf 93' lang='lat'><strong>:</strong></span> <span class='ocrx_word' id='word_1_772' title='bbox 3066 5067 3291 5134; x_wconf 81' lang='lat' dir='ltr'><strong><em>Quando</em></strong></span> <span class='ocrx_word' id='word_1_773' title='bbox 3321 5070 3470 5124; x_wconf 85' lang='lat' dir='ltr'><strong><em>emisi</em></strong></span> <span class='ocrx_word' id='word_1_774' title='bbox 3495 5084 3581 5122; x_wconf 85' lang='lat' dir='ltr'><strong><em>vos</em></strong></span> <span class='ocrx_word' id='word_1_775' title='bbox 3610 5066 3735 5119; x_wconf 87' lang='lat' dir='ltr'><strong><em>abs-</em></strong></span> 
     </span>
    </p>
   </div>
   <div class='ocr_carea' id='block_1_105' title="bbox 2157 5159 3740 5232">
    <p class='ocr_par' dir='ltr' id='par_1_105' title="bbox 2157 5159 3740 5232">
     <span class='ocr_line' id='line_1_105' title="bbox 2157 5159 3740 5232; baseline -0.003 -16"><span class='ocrx_word' id='word_1_776' title='bbox 2157 5179 2256 5232; x_wconf 86' lang='lat' dir='ltr'><strong><em>que</em></strong></span> <span class='ocrx_word' id='word_1_777' title='bbox 2285 5179 2534 5218; x_wconf 84' lang='lat' dir='ltr'><strong><em>crumena</em></strong></span> <span class='ocrx_word' id='word_1_778' title='bbox 2570 5178 2634 5216; x_wconf 86' lang='lat' dir='ltr'><strong><em>ac</em></strong></span> <span class='ocrx_word' id='word_1_779' title='bbox 2651 5178 2803 5230; x_wconf 90' lang='lat' dir='ltr'><strong><em>pera,</em></strong></span> <span class='ocrx_word' id='word_1_780' title='bbox 2837 5172 2886 5217; x_wconf 87' lang='lat' dir='ltr'><strong><em>et</em></strong></span> <span class='ocrx_word' id='word_1_781' title='bbox 2945 5162 3152 5226; x_wconf 87' lang='lat' dir='ltr'><strong><em>calceis,</em></strong></span> <span class='ocrx_word' id='word_1_782' title='bbox 3184 5172 3232 5216; x_wconf 90' lang='lat' dir='ltr'><strong><em>et</em></strong></span> <span class='ocrx_word' id='word_1_783' title='bbox 3270 5179 3402 5216; x_wconf 79' lang='lat' dir='ltr'><strong><em>zona</em></strong></span> <span class='ocrx_word' id='word_1_784' title='bbox 3429 5204 3442 5224; x_wconf 84' lang='grc'><strong><em>,</em></strong></span> <span class='ocrx_word' id='word_1_785' title='bbox 3485 5159 3740 5228; x_wconf 86' lang='lat' dir='ltr'><strong><em>numquid</em></strong></span> 
     </span>
    </p>
   </div>
   <div class='ocr_carea' id='block_1_106' title="bbox 2163 5253 3734 5326">
    <p class='ocr_par' dir='ltr' id='par_1_106' title="bbox 2163 5253 3734 5326">
     <span class='ocr_line' id='line_1_106' title="bbox 2163 5253 3734 5326; baseline -0.003 -17"><span class='ocrx_word' id='word_1_786' title='bbox 2163 5256 2328 5326; x_wconf 74' lang='lat' dir='ltr'><strong><em>defuit</em></strong></span> <span class='ocrx_word' id='word_1_787' title='bbox 2361 5255 2543 5310; x_wconf 77' lang='lat' dir='ltr'><strong><em>vobis?</em></strong></span> <span class='ocrx_word' id='word_1_788' title='bbox 2575 5254 2810 5310; x_wconf 85' lang='lat' dir='ltr'><strong><em>Dicunt:</em></strong></span> <span class='ocrx_word' id='word_1_789' title='bbox 2835 5254 2956 5311; x_wconf 86' lang='lat' dir='ltr'><strong><em>Non</em></strong></span> <span class='ocrx_word' id='word_1_790' title='bbox 2987 5256 3052 5310; x_wconf 74' lang='lat'><strong><em>“.</em></strong></span> <span class='ocrx_word' id='word_1_791' title='bbox 3078 5255 3220 5310; x_wconf 83' lang='lat' dir='ltr'><strong><em>Dicit</em></strong></span> <span class='ocrx_word' id='word_1_792' title='bbox 3245 5255 3318 5309; x_wconf 84' lang='lat' dir='ltr'><strong><em>eis</em></strong></span> <span class='ocrx_word' id='word_1_793' title='bbox 3349 5269 3368 5308; x_wconf 91' lang='lat'><strong><em>:</em></strong></span> <span class='ocrx_word' id='word_1_794' title='bbox 3394 5253 3566 5323; x_wconf 83' lang='lat' dir='ltr'><strong><em>Igitur</em></strong></span> <span class='ocrx_word' id='word_1_795' title='bbox 3589 5264 3734 5320; x_wconf 81' lang='lat' dir='ltr'><strong><em>post-</em></strong></span> 
     </span>
    </p>
   </div>
   <div class='ocr_carea' id='block_1_107' title="bbox 550 5383 2262 5458">
    <p class='ocr_par' dir='ltr' id='par_1_107' title="bbox 550 5383 2262 5458">
     <span class='ocr_line' id='line_1_107' title="bbox 550 5383 2262 5458; baseline 0.006 -19"><span class='ocrx_word' id='word_1_796' title='bbox 550 5388 595 5418; x_wconf 76' lang='lat'><strong>&quot;</strong></span> <span class='ocrx_word' id='word_1_797' title='bbox 622 5385 816 5440; x_wconf 76' lang='lat' dir='ltr'><strong><em>Matth.</em></strong></span> <span class='ocrx_word' id='word_1_798' title='bbox 850 5402 906 5450; x_wconf 82' lang='lat' dir='ltr'><strong><em>x,</em></strong></span> <span class='ocrx_word' id='word_1_799' title='bbox 947 5383 1036 5440; x_wconf 80' lang='grc'><strong><em>10.</em></strong></span> <span class='ocrx_word' id='word_1_800' title='bbox 1115 5383 1162 5418; x_wconf 75' lang='grc'>⁸³</span> <span class='ocrx_word' id='word_1_801' title='bbox 1190 5383 1232 5439; x_wconf 81' lang='grc' dir='ltr'><strong><em>ιι</em></strong></span> <span class='ocrx_word' id='word_1_802' title='bbox 1269 5385 1396 5442; x_wconf 78' lang='lat' dir='ltr'><strong><em>Cor.</em></strong></span> <span class='ocrx_word' id='word_1_803' title='bbox 1450 5404 1526 5452; x_wconf 84' lang='lat' dir='ltr'><strong><em>tv,</em></strong></span> <span class='ocrx_word' id='word_1_804' title='bbox 1572 5389 1658 5445; x_wconf 75' lang='grc'><strong><em>15.</em></strong></span> <span class='ocrx_word' id='word_1_805' title='bbox 1737 5393 1782 5422; x_wconf 62' lang='grc' dir='ltr'><em>δ’</em></span> <span class='ocrx_word' id='word_1_806' title='bbox 1831 5389 1968 5446; x_wconf 91' lang='lat' dir='ltr'><strong><em>Luc.</em></strong></span> <span class='ocrx_word' id='word_1_807' title='bbox 2008 5408 2145 5458; x_wconf 80' lang='lat' dir='ltr'><strong><em>xxtt,</em></strong></span> <span class='ocrx_word' id='word_1_808' title='bbox 2170 5394 2262 5449; x_wconf 77' lang='lat'><strong><em>35.</em></strong></span> 
     </span>
    </p>
   </div>
   <div class='ocr_carea' id='block_1_108' title="bbox 1649 5483 2548 5549">
    <p class='ocr_par' dir='ltr' id='par_1_108' title="bbox 1649 5483 2548 5549">
     <span class='ocr_line' id='line_1_108' title="bbox 1649 5483 2548 5549; baseline 0.006 -5"><span class='ocrx_word' id='word_1_809' title='bbox 1649 5483 1852 5545; x_wconf 71' lang='lat' dir='ltr'><strong><em>Varia:</em></strong></span> <span class='ocrx_word' id='word_1_810' title='bbox 1902 5484 2206 5547; x_wconf 89' lang='lat' dir='ltr'><strong><em>lectiones</em></strong></span> <span class='ocrx_word' id='word_1_811' title='bbox 2251 5493 2312 5548; x_wconf 82' lang='lat' dir='ltr'><strong><em>et</em></strong></span> <span class='ocrx_word' id='word_1_812' title='bbox 2357 5493 2548 5549; x_wconf 63' lang='lat' dir='ltr'><strong><em>notae.</em></strong></span> 
     </span>
    </p>
   </div>
   <div class='ocr_carea' id='block_1_109' title="bbox 550 5581 2037 5661">
    <p class='ocr_par' dir='ltr' id='par_1_109' title="bbox 550 5581 2037 5661">
     <span class='ocr_line' id='line_1_109' title="bbox 550 5581 2037 5661; baseline 0 -21"><span class='ocrx_word' id='word_1_813' title='bbox 550 5587 594 5661; x_wconf 45' lang='grc' dir='ltr'><em>θ’</em></span> <span class='ocrx_word' id='word_1_814' title='bbox 628 5587 703 5661; x_wconf 75' lang='grc' dir='ltr'><strong><em>ΙηΔ</em></strong></span> <span class='ocrx_word' id='word_1_815' title='bbox 729 5585 944 5656; x_wconf 74' lang='lat' dir='ltr'><strong><em>vulgato</em></strong></span> <span class='ocrx_word' id='word_1_816' title='bbox 971 5596 1066 5661; x_wconf 70' lang='lat' dir='ltr'><strong><em>est,</em></strong></span> <span class='ocrx_word' id='word_1_817' title='bbox 1090 5581 1246 5661; x_wconf 63' lang='lat' dir='ltr'><strong><em>sinév</em></strong></span> <span class='ocrx_word' id='word_1_818' title='bbox 1282 5591 1387 5661; x_wconf 77' lang='lat' dir='ltr'><strong><em>ts_b</em></strong></span> <span class='ocrx_word' id='word_1_819' title='bbox 1413 5587 1663 5656; x_wconf 77' lang='grc' dir='ltr'><em>ἄγγελος.</em></span> <span class='ocrx_word' id='word_1_820' title='bbox 1741 5591 1784 5621; x_wconf 71' lang='grc'><strong><em>³⁸</em></strong></span> <span class='ocrx_word' id='word_1_821' title='bbox 1809 5588 1873 5642; x_wconf 81' lang='lat' dir='ltr'><strong><em>In</em></strong></span> <span class='ocrx_word' id='word_1_822' title='bbox 1908 5589 2037 5661; x_wconf 76' lang='lat' dir='ltr'><strong><em>rulg</em></strong></span> 
     </span>
    </p>
   </div>
   <div class='ocr_carea' id='block_1_110' title="bbox 2143 5581 3740 5661">
    <p class='ocr_par' dir='ltr' id='par_1_110' title="bbox 2176 5582 3740 5661">
     <span class='ocr_line' id='line_1_110' title="bbox 2176 5582 3740 5661; baseline -0.005 -17"><span class='ocrx_word' id='word_1_823' title='bbox 2176 5601 2272 5653; x_wconf 85' lang='lat' dir='ltr'><strong><em>est,</em></strong></span> <span class='ocrx_word' id='word_1_824' title='bbox 2304 5592 2610 5661; x_wconf 81' lang='grc' dir='ltr'><em>γινόμενον.</em></span> <span class='ocrx_word' id='word_1_825' title='bbox 2649 5659 2659 5661; x_wconf 86' lang='lat'>_</span> <span class='ocrx_word' id='word_1_826' title='bbox 2691 5591 2733 5622; x_wconf 84' lang='lat'><strong><em>&quot;’</em></strong></span> <span class='ocrx_word' id='word_1_827' title='bbox 2765 5588 2838 5661; x_wconf 80' lang='lat' dir='ltr'><strong><em>In</em></strong></span> <span class='ocrx_word' id='word_1_828' title='bbox 2860 5587 3071 5661; x_wconf 82' lang='lat' dir='ltr'><strong><em>vulgato</em></strong></span> <span class='ocrx_word' id='word_1_829' title='bbox 3102 5592 3198 5649; x_wconf 89' lang='lat' dir='ltr'><strong><em>est,</em></strong></span> <span class='ocrx_word' id='word_1_830' title='bbox 3243 5582 3417 5661; x_wconf 75' lang='grc' dir='ltr'><em>ἐδόκει</em></span> <span class='ocrx_word' id='word_1_831' title='bbox 3438 5583 3495 5639; x_wconf 76' lang='grc' dir='ltr'><em>δὲ</em></span> <span class='ocrx_word' id='word_1_832' title='bbox 3527 5583 3740 5661; x_wconf 29' lang='grc' dir='ltr'><em>ὅρα-μα.</em></span> 
     </span>
    </p>
   </div>
   <div class='ocr_carea' id='block_1_111' title="bbox 481 5656 2037 5732">
    <p class='ocr_par' dir='ltr' id='par_1_111' title="bbox 481 5656 2037 5732">
     <span class='ocr_line' id='line_1_111' title="bbox 481 5656 2037 5732; baseline 0 -20"><span class='ocrx_word' id='word_1_833' title='bbox 481 5659 520 5692; x_wconf 81' lang='grc'><strong><em>⁸⁸</em></strong></span> <span class='ocrx_word' id='word_1_834' title='bbox 533 5659 595 5732; x_wconf 75' lang='lat' dir='ltr'><strong><em>In</em></strong></span> <span class='ocrx_word' id='word_1_835' title='bbox 621 5657 828 5732; x_wconf 65' lang='lat' dir='ltr'><strong><em>vulgato</em></strong></span> <span class='ocrx_word' id='word_1_836' title='bbox 846 5665 941 5718; x_wconf 80' lang='lat' dir='ltr'><strong><em>est,</em></strong></span> <span class='ocrx_word' id='word_1_837' title='bbox 966 5656 1293 5732; x_wconf 77' lang='grc' dir='ltr'><em>ἐξελθόντες..</em></span> <span class='ocrx_word' id='word_1_838' title='bbox 1318 5657 1382 5732; x_wconf 79' lang='lat' dir='ltr'><strong><em>In</em></strong></span> <span class='ocrx_word' id='word_1_839' title='bbox 1405 5663 1776 5728; x_wconf 80' lang='lat' dir='ltr'><strong><em>manuscriplo.</em></strong></span> <span class='ocrx_word' id='word_1_840' title='bbox 1796 5656 2037 5722; x_wconf 69' lang='grc' dir='ltr'><em>ἐλθόντες</em></span> 
     </span>
    </p>
   </div>
   <div class='ocr_carea' id='block_1_112' title="bbox 2143 5656 3738 5732">
    <p class='ocr_par' dir='ltr' id='par_1_112' title="bbox 2161 5656 3738 5732">
     <span class='ocr_line' id='line_1_112' title="bbox 2161 5656 3738 5732; baseline -0.004 -20"><span class='ocrx_word' id='word_1_841' title='bbox 2161 5656 2400 5731; x_wconf 81' lang='lat' dir='ltr'><strong><em>utroque,</em></strong></span> <span class='ocrx_word' id='word_1_842' title='bbox 2427 5656 2754 5732; x_wconf 59' lang='grc' dir='ltr'><em>προσῆλθον.</em></span> <span class='ocrx_word' id='word_1_843' title='bbox 2787 5656 3061 5716; x_wconf 81' lang='lat' dir='ltr'><strong><em>Nonnulla</em></strong></span> <span class='ocrx_word' id='word_1_844' title='bbox 3081 5657 3418 5720; x_wconf 72' lang='lat' dir='ltr'><strong><em>(arrectiora,</em></strong></span> <span class='ocrx_word' id='word_1_845' title='bbox 3445 5657 3738 5728; x_wconf 71' lang='grc' dir='ltr'><em>πρτιῆνθον,</em></span> 
     </span>
    </p>
   </div>
   <div class='ocr_carea' id='block_1_113' title="bbox 482 5729 1660 5801">
    <p class='ocr_par' dir='ltr' id='par_1_113' title="bbox 482 5729 1660 5801">
     <span class='ocr_line' id='line_1_113' title="bbox 482 5729 1660 5801; baseline 0.003 -19"><span class='ocrx_word' id='word_1_846' title='bbox 482 5731 685 5782; x_wconf 66' lang='lat' dir='ltr'><strong><em>habent.</em></strong></span> <span class='ocrx_word' id='word_1_847' title='bbox 764 5729 807 5759; x_wconf 82' lang='lat'><strong><em>&quot;’</em></strong></span> <span class='ocrx_word' id='word_1_848' title='bbox 830 5731 894 5781; x_wconf 85' lang='lat' dir='ltr'><strong><em>ln</em></strong></span> <span class='ocrx_word' id='word_1_849' title='bbox 929 5729 1137 5798; x_wconf 74' lang='lat' dir='ltr'><strong><em>vulgato</em></strong></span> <span class='ocrx_word' id='word_1_850' title='bbox 1169 5739 1263 5788; x_wconf 85' lang='lat' dir='ltr'><strong><em>est,</em></strong></span> <span class='ocrx_word' id='word_1_851' title='bbox 1299 5730 1479 5798; x_wconf 77' lang='grc' dir='ltr'><em>ῥύμην</em></span> <span class='ocrx_word' id='word_1_852' title='bbox 1511 5732 1660 5801; x_wconf 73' lang='grc' dir='ltr'><em>μίαν.</em></span> 
     </span>
    </p>
   </div>
   <div class='ocr_carea' id='block_1_114' title="bbox 726 5824 1422 5886">
    <p class='ocr_par' dir='ltr' id='par_1_114' title="bbox 726 5824 1422 5886">
     <span class='ocr_line' id='line_1_114' title="bbox 726 5824 1422 5886; baseline 0.001 -2"><span class='ocrx_word' id='word_1_853' title='bbox 726 5825 997 5884; x_wconf 56' lang='lat' dir='ltr'><strong><em>Pauor.</em></strong></span> <span class='ocrx_word' id='word_1_854' title='bbox 1034 5825 1147 5883; x_wconf 75' lang='lat' dir='ltr'><strong><em>Gn.</em></strong></span> <span class='ocrx_word' id='word_1_855' title='bbox 1184 5824 1422 5886; x_wconf 76' lang='lat' dir='ltr'><strong><em>CXXV.</em></strong></span> 
     </span>
    </p>
   </div>
   <div class='ocr_carea' id='block_1_115' title="bbox 1738 5732 2273 5802">
    <p class='ocr_par' dir='ltr' id='par_1_115' title="bbox 1738 5732 2273 5802">
     <span class='ocr_line' id='line_1_115' title="bbox 1738 5732 2273 5802; baseline 0.006 -18"><span class='ocrx_word' id='word_1_856' title='bbox 1738 5733 1784 5762; x_wconf 67' lang='grc' dir='ltr'><strong><em>⁸ο</em></strong></span> <span class='ocrx_word' id='word_1_857' title='bbox 1818 5732 1934 5784; x_wconf 66' lang='lat' dir='ltr'><strong><em>&quot;Ia.</em></strong></span> <span class='ocrx_word' id='word_1_858' title='bbox 1979 5732 2273 5802; x_wconf 70' lang='grc' dir='ltr'><em>κτήσησθε.</em></span> 
     </span>
    </p>
   </div>
   <div class='ocr_carea' id='block_1_116' title="bbox 3381 5820 3461 5882">
    <p class='ocr_par' dir='ltr' id='par_1_116' title="bbox 3381 5820 3461 5882">
     <span class='ocr_line' id='line_1_116' title="bbox 3381 5820 3461 5882; baseline 0.013 -1"><span class='ocrx_word' id='word_1_859' title='bbox 3381 5820 3461 5882; x_wconf 74' lang='grc'><strong><em>22</em></strong></span> 
     </span>
    </p>
   </div>
  </div>
