  <div class='ocr_page' id='page_1' title='image "/cluster/home/n/w/nwhite01/storage/ocr_20150623/125/hvd.32044073502429/366.png"; bbox 0 0 4116 6216; ppageno 0'>
   <div class='ocr_carea' id='block_1_1' title="bbox 460 320 566 382">
    <p class='ocr_par' dir='ltr' id='par_1_1' title="bbox 460 320 566 382">
     <span class='ocr_line' id='line_1_1' title="bbox 460 320 566 382; baseline 0 0"><span class='ocrx_word' id='word_1_1' title='bbox 460 320 566 382; x_wconf 81' lang='lat'><strong>685</strong></span> 
     </span>
    </p>
   </div>
   <div class='ocr_carea' id='block_1_2' title="bbox 1189 295 3027 372">
    <p class='ocr_par' dir='ltr' id='par_1_2' title="bbox 1189 295 3027 372">
     <span class='ocr_line' id='line_1_2' title="bbox 1189 295 3027 372; baseline -0.006 0"><span class='ocrx_word' id='word_1_2' title='bbox 1189 305 1596 372; x_wconf 87' lang='lat' dir='ltr'><strong>EXPOSITIO</strong></span> <span class='ocrx_word' id='word_1_3' title='bbox 1635 303 1718 366; x_wconf 89' lang='lat' dir='ltr'><strong>IN</strong></span> <span class='ocrx_word' id='word_1_4' title='bbox 1753 304 1940 364; x_wconf 88' lang='lat' dir='ltr'><strong>ACTA</strong></span> <span class='ocrx_word' id='word_1_5' title='bbox 1981 295 2552 362; x_wconf 81' lang='lat' dir='ltr'><strong>APOSTOLORUM.</strong></span> <span class='ocrx_word' id='word_1_6' title='bbox 2591 327 2668 348; x_wconf 87' lang='lat'><strong>--</strong></span> <span class='ocrx_word' id='word_1_7' title='bbox 2688 301 2847 363; x_wconf 83' lang='lat' dir='ltr'><strong>CAP.</strong></span> <span class='ocrx_word' id='word_1_8' title='bbox 2887 302 3027 364; x_wconf 81' lang='grc' dir='ltr'>ΧΠ.</span> 
     </span>
    </p>
   </div>
   <div class='ocr_carea' id='block_1_3' title="bbox 3613 305 3719 368">
    <p class='ocr_par' dir='ltr' id='par_1_3' title="bbox 3613 305 3719 368">
     <span class='ocr_line' id='line_1_3' title="bbox 3613 305 3719 368; baseline 0.019 -2"><span class='ocrx_word' id='word_1_9' title='bbox 3613 305 3719 368; x_wconf 84' lang='grc'><strong>686</strong></span> 
     </span>
    </p>
   </div>
   <div class='ocr_carea' id='block_1_4' title="bbox 460 423 2052 500">
    <p class='ocr_par' dir='ltr' id='par_1_4' title="bbox 460 425 2039 500">
     <span class='ocr_line' id='line_1_4' title="bbox 460 425 2039 500; baseline -0.006 -13"><span class='ocrx_word' id='word_1_10' title='bbox 460 433 572 500; x_wconf 81' lang='grc' dir='ltr'>τῆς</span> <span class='ocrx_word' id='word_1_11' title='bbox 602 426 793 500; x_wconf 81' lang='grc' dir='ltr'>χαρᾶς</span> <span class='ocrx_word' id='word_1_12' title='bbox 824 430 934 481; x_wconf 65' lang='grc' dir='ltr'>οὐκ</span> <span class='ocrx_word' id='word_1_13' title='bbox 973 426 1202 496; x_wconf 73' lang='grc' dir='ltr'>ἤνοιξε.</span> <span class='ocrx_word' id='word_1_14' title='bbox 1233 427 1380 498; x_wconf 84' lang='grc' dir='ltr'><strong>Ὅρα</strong></span> <span class='ocrx_word' id='word_1_15' title='bbox 1426 427 1483 481; x_wconf 81' lang='grc' dir='ltr'>δὲ</span> <span class='ocrx_word' id='word_1_16' title='bbox 1537 427 1831 497; x_wconf 81' lang='grc' dir='ltr'>παιδίσκης</span> <span class='ocrx_word' id='word_1_17' title='bbox 1881 425 2039 479; x_wconf 75' lang='grc' dir='ltr'>εὐλά-</span> 
     </span>
    </p>
   </div>
   <div class='ocr_carea' id='block_1_5' title="bbox 2158 423 3720 500">
    <p class='ocr_par' dir='ltr' id='par_1_5' title="bbox 2158 423 3720 496">
     <span class='ocr_line' id='line_1_5' title="bbox 2158 423 3720 496; baseline 0.004 -18"><span class='ocrx_word' id='word_1_18' title='bbox 2158 425 2267 480; x_wconf 38' lang='grc' dir='ltr'>ιίειιι</span> <span class='ocrx_word' id='word_1_19' title='bbox 2302 441 2432 496; x_wconf 88' lang='lat' dir='ltr'><strong>:per</strong></span> <span class='ocrx_word' id='word_1_20' title='bbox 2459 440 2621 496; x_wconf 85' lang='lat' dir='ltr'><strong>quem</strong></span> <span class='ocrx_word' id='word_1_21' title='bbox 2647 426 2799 479; x_wconf 87' lang='lat' dir='ltr'><strong>aiunt</strong></span> <span class='ocrx_word' id='word_1_22' title='bbox 2817 424 3038 480; x_wconf 85' lang='lat' dir='ltr'><strong>Petrum</strong></span> <span class='ocrx_word' id='word_1_23' title='bbox 3088 423 3435 495; x_wconf 81' lang='lat' dir='ltr'><strong>Evangelium</strong></span> <span class='ocrx_word' id='word_1_24' title='bbox 3463 425 3720 486; x_wconf 93' lang='lat' dir='ltr'><strong>edidisse.</strong></span> 
     </span>
    </p>
   </div>
   <div class='ocr_carea' id='block_1_6' title="bbox 461 519 2038 592">
    <p class='ocr_par' dir='ltr' id='par_1_6' title="bbox 461 519 2038 592">
     <span class='ocr_line' id='line_1_6' title="bbox 461 519 2038 592; baseline -0.004 -15"><span class='ocrx_word' id='word_1_25' title='bbox 461 527 634 578; x_wconf 74' lang='grc' dir='ltr'>ϐειαν.</span> <span class='ocrx_word' id='word_1_26' title='bbox 668 521 815 577; x_wconf 82' lang='grc' dir='ltr'><strong>’Ἀπὸ</strong></span> <span class='ocrx_word' id='word_1_27' title='bbox 857 520 969 590; x_wconf 85' lang='grc' dir='ltr'>τῆς</span> <span class='ocrx_word' id='word_1_28' title='bbox 994 519 1202 590; x_wconf 83' lang='grc' dir='ltr'>χαρᾶς,</span> <span class='ocrx_word' id='word_1_29' title='bbox 1231 523 1412 592; x_wconf 74' lang='grc' dir='ltr'>φησὶν,</span> <span class='ocrx_word' id='word_1_30' title='bbox 1443 522 1554 574; x_wconf 81' lang='grc' dir='ltr'>οὐκ</span> <span class='ocrx_word' id='word_1_31' title='bbox 1584 519 1810 588; x_wconf 75' lang='grc' dir='ltr'>ἤνοιξε.</span> <span class='ocrx_word' id='word_1_32' title='bbox 1840 519 2038 582; x_wconf 83' lang='grc' dir='ltr'>Καλῶς</span> 
     </span>
    </p>
   </div>
   <div class='ocr_carea' id='block_1_7' title="bbox 458 613 2040 685">
    <p class='ocr_par' dir='ltr' id='par_1_7' title="bbox 458 613 2040 685">
     <span class='ocr_line' id='line_1_7' title="bbox 458 613 2040 685; baseline -0.003 -15"><span class='ocrx_word' id='word_1_33' title='bbox 458 617 518 671; x_wconf 83' lang='grc' dir='ltr'><strong>δέ</strong></span> <span class='ocrx_word' id='word_1_34' title='bbox 544 614 704 669; x_wconf 79' lang='grc' dir='ltr'>τοῦτο</span> <span class='ocrx_word' id='word_1_35' title='bbox 753 613 998 684; x_wconf 83' lang='grc' dir='ltr'>γέγονεν,</span> <span class='ocrx_word' id='word_1_36' title='bbox 1034 613 1122 667; x_wconf 72' lang='grc' dir='ltr'><strong>ἵνα</strong></span> <span class='ocrx_word' id='word_1_37' title='bbox 1171 616 1246 685; x_wconf 84' lang='grc' dir='ltr'>μὴ</span> <span class='ocrx_word' id='word_1_38' title='bbox 1294 613 1491 666; x_wconf 83' lang='grc' dir='ltr'>ἐκεῖνοι</span> <span class='ocrx_word' id='word_1_39' title='bbox 1531 613 1897 681; x_wconf 80' lang='grc' dir='ltr'><strong>ἐκπλαγέντες</strong></span> <span class='ocrx_word' id='word_1_40' title='bbox 1948 613 2040 665; x_wconf 84' lang='grc' dir='ltr'>εύ-</span> 
     </span>
    </p>
   </div>
   <div class='ocr_carea' id='block_1_8' title="bbox 462 704 2039 773">
    <p class='ocr_par' dir='ltr' id='par_1_8' title="bbox 462 704 2039 773">
     <span class='ocr_line' id='line_1_8' title="bbox 462 704 2039 773; baseline -0.001 -14"><span class='ocrx_word' id='word_1_41' title='bbox 462 706 600 769; x_wconf 81' lang='grc' dir='ltr'>οέως</span> <span class='ocrx_word' id='word_1_42' title='bbox 642 705 866 772; x_wconf 76' lang='grc' dir='ltr'>ἰδόντες,</span> <span class='ocrx_word' id='word_1_43' title='bbox 907 705 1282 772; x_wconf 79' lang='grc' dir='ltr'>ἁπιστὴσωσιν</span> <span class='ocrx_word' id='word_1_44' title='bbox 1306 720 1318 734; x_wconf 73' lang='grc' dir='ltr'><strong><em>ο</em></strong></span> <span class='ocrx_word' id='word_1_45' title='bbox 1347 705 1482 758; x_wconf 82' lang='grc' dir='ltr'>ὅπου</span> <span class='ocrx_word' id='word_1_46' title='bbox 1539 705 1631 758; x_wconf 68' lang='grc' dir='ltr'><strong>κα)⁵</strong></span> <span class='ocrx_word' id='word_1_47' title='bbox 1661 704 1853 758; x_wconf 86' lang='grc' dir='ltr'>τούτου</span> <span class='ocrx_word' id='word_1_48' title='bbox 1885 720 2039 773; x_wconf 86' lang='grc' dir='ltr'>γενο-</span> 
     </span>
    </p>
   </div>
   <div class='ocr_carea' id='block_1_9' title="bbox 467 795 2043 869">
    <p class='ocr_par' dir='ltr' id='par_1_9' title="bbox 467 795 2043 869">
     <span class='ocr_line' id='line_1_9' title="bbox 467 795 2043 869; baseline -0.003 -18"><span class='ocrx_word' id='word_1_49' title='bbox 467 797 1024 869; x_wconf 80' lang='grc' dir='ltr'>μένου,’ἀνὲνευσαν·</span> <span class='ocrx_word' id='word_1_50' title='bbox 1067 797 1155 851; x_wconf 84' lang='grc' dir='ltr'>ἵνα</span> <span class='ocrx_word' id='word_1_51' title='bbox 1188 796 1244 850; x_wconf 87' lang='grc' dir='ltr'>δὲ</span> <span class='ocrx_word' id='word_1_52' title='bbox 1277 795 1416 868; x_wconf 80' lang='grc' dir='ltr'>αὕτη</span> <span class='ocrx_word' id='word_1_53' title='bbox 1457 795 1525 850; x_wconf 80' lang='grc' dir='ltr'><strong>τὰ</strong></span> <span class='ocrx_word' id='word_1_54' title='bbox 1555 797 1850 865; x_wconf 81' lang='grc' dir='ltr'>εὐαγγέλια</span> <span class='ocrx_word' id='word_1_55' title='bbox 1885 795 2043 866; x_wconf 78' lang='grc' dir='ltr'>κομε-</span> 
     </span>
    </p>
   </div>
   <div class='ocr_carea' id='block_1_10' title="bbox 467 887 2042 960">
    <p class='ocr_par' dir='ltr' id='par_1_10' title="bbox 467 887 2042 960">
     <span class='ocr_line' id='line_1_10' title="bbox 467 887 2042 960; baseline -0.001 -16"><span class='ocrx_word' id='word_1_56' title='bbox 467 907 649 960; x_wconf 83' lang='grc' dir='ltr'>σηται,</span> <span class='ocrx_word' id='word_1_57' title='bbox 680 889 964 943; x_wconf 70' lang='grc' dir='ltr'>ἔσπευσεν.</span> <span class='ocrx_word' id='word_1_58' title='bbox 997 891 1064 942; x_wconf 90' lang='lat' dir='ltr'><strong>Ol</strong></span> <span class='ocrx_word' id='word_1_59' title='bbox 1093 887 1161 941; x_wconf 85' lang='grc' dir='ltr'>δὲ</span> <span class='ocrx_word' id='word_1_60' title='bbox 1189 889 1403 959; x_wconf 76' lang='grc' dir='ltr'>ἔλεγον</span> <span class='ocrx_word' id='word_1_61' title='bbox 1419 889 1464 921; x_wconf 78' lang='grc'><strong>’⁸⁸</strong></span> <span class='ocrx_word' id='word_1_62' title='bbox 1488 904 1502 920; x_wconf 70' lang='grc' dir='ltr'><strong>ο</strong></span> <span class='ocrx_word' id='word_1_63' title='bbox 1540 890 1826 959; x_wconf 66' lang='grc' dir='ltr'>Ἀγγελος</span> <span class='ocrx_word' id='word_1_64' title='bbox 1853 888 2042 954; x_wconf 85' lang='grc' dir='ltr'>αὑτοῦ</span> 
     </span>
    </p>
   </div>
   <div class='ocr_carea' id='block_1_11' title="bbox 464 981 2046 1054">
    <p class='ocr_par' dir='ltr' id='par_1_11' title="bbox 464 981 2046 1054">
     <span class='ocr_line' id='line_1_11' title="bbox 464 981 2046 1054; baseline -0.002 -14"><span class='ocrx_word' id='word_1_65' title='bbox 464 987 616 1040; x_wconf 76' lang='grc' dir='ltr'>ἐστι.</span> <span class='ocrx_word' id='word_1_66' title='bbox 653 981 823 1036; x_wconf 80' lang='grc' dir='ltr'>Τοῦτο</span> <span class='ocrx_word' id='word_1_67' title='bbox 849 982 1048 1054; x_wconf 78' lang='grc' dir='ltr'>ἀληθὲς</span> <span class='ocrx_word' id='word_1_68' title='bbox 1081 983 1163 1036; x_wconf 85' lang='grc' dir='ltr'>ὅτι</span> <span class='ocrx_word' id='word_1_69' title='bbox 1198 983 1427 1046; x_wconf 77' lang='grc' dir='ltr'>ἕκαστος</span> <span class='ocrx_word' id='word_1_70' title='bbox 1453 983 1686 1052; x_wconf 78' lang='grc' dir='ltr'>ἄγγελον</span> <span class='ocrx_word' id='word_1_71' title='bbox 1711 983 1844 1054; x_wconf 74' lang='grc' dir='ltr'>ἔχει.</span> <span class='ocrx_word' id='word_1_72' title='bbox 1872 983 2046 1038; x_wconf 70' lang='grc' dir='ltr'>Παντὶ</span> 
     </span>
    </p>
   </div>
   <div class='ocr_carea' id='block_1_12' title="bbox 465 1071 2043 1145">
    <p class='ocr_par' dir='ltr' id='par_1_12' title="bbox 465 1071 2043 1145">
     <span class='ocr_line' id='line_1_12' title="bbox 465 1071 2043 1145; baseline 0.001 -19"><span class='ocrx_word' id='word_1_73' title='bbox 465 1072 573 1144; x_wconf 83' lang='grc' dir='ltr'><strong>γὰρ</strong></span> <span class='ocrx_word' id='word_1_74' title='bbox 621 1071 1009 1124; x_wconf 82' lang='grc' dir='ltr'>πεπιστευκότι</span> <span class='ocrx_word' id='word_1_75' title='bbox 1058 1072 1142 1135; x_wconf 79' lang='grc' dir='ltr'><strong>εἰς</strong></span> <span class='ocrx_word' id='word_1_76' title='bbox 1190 1071 1282 1125; x_wconf 77' lang='grc' dir='ltr'>τὸν</span> <span class='ocrx_word' id='word_1_77' title='bbox 1332 1071 1558 1144; x_wconf 81' lang='grc' dir='ltr'><strong>Κύριον,</strong></span> <span class='ocrx_word' id='word_1_78' title='bbox 1591 1074 1822 1142; x_wconf 78' lang='grc' dir='ltr'>ἄγγελος</span> <span class='ocrx_word' id='word_1_79' title='bbox 1871 1089 2043 1145; x_wconf 86' lang='grc' dir='ltr'>παρε-</span> 
     </span>
    </p>
   </div>
   <div class='ocr_carea' id='block_1_13' title="bbox 465 1165 2044 1238">
    <p class='ocr_par' dir='ltr' id='par_1_13' title="bbox 465 1165 2044 1238">
     <span class='ocr_line' id='line_1_13' title="bbox 465 1165 2044 1238; baseline 0.002 -20"><span class='ocrx_word' id='word_1_80' title='bbox 465 1165 668 1235; x_wconf 85' lang='grc' dir='ltr'>δρεύει,</span> <span class='ocrx_word' id='word_1_81' title='bbox 716 1165 811 1219; x_wconf 80' lang='grc' dir='ltr'><strong>ἐὰν</strong></span> <span class='ocrx_word' id='word_1_82' title='bbox 874 1165 1085 1235; x_wconf 84' lang='grc' dir='ltr'>μήποτε</span> <span class='ocrx_word' id='word_1_83' title='bbox 1128 1165 1292 1236; x_wconf 79' lang='grc' dir='ltr'>ἡμεῖς</span> <span class='ocrx_word' id='word_1_84' title='bbox 1341 1166 1502 1220; x_wconf 80' lang='grc' dir='ltr'>αὑτὸν</span> <span class='ocrx_word' id='word_1_85' title='bbox 1543 1167 1607 1220; x_wconf 82' lang='grc' dir='ltr'><strong>ἐκ</strong></span> <span class='ocrx_word' id='word_1_86' title='bbox 1647 1167 1757 1224; x_wconf 84' lang='grc' dir='ltr'><strong>τῶν</strong></span> <span class='ocrx_word' id='word_1_87' title='bbox 1787 1167 2044 1238; x_wconf 83' lang='grc' dir='ltr'>πονηρῶν</span> 
     </span>
    </p>
   </div>
   <div class='ocr_carea' id='block_1_14' title="bbox 468 1254 2045 1328">
    <p class='ocr_par' dir='ltr' id='par_1_14' title="bbox 468 1254 2045 1328">
     <span class='ocr_line' id='line_1_14' title="bbox 468 1254 2045 1328; baseline 0.002 -20"><span class='ocrx_word' id='word_1_88' title='bbox 468 1257 647 1326; x_wconf 72' lang='grc' dir='ltr'>ἔργων</span> <span class='ocrx_word' id='word_1_89' title='bbox 681 1254 1093 1326; x_wconf 79' lang='grc' dir='ltr'>ἀποδιώξωμεν.</span> <span class='ocrx_word' id='word_1_90' title='bbox 1145 1256 1234 1319; x_wconf 82' lang='grc' dir='ltr'><strong>Ὠς</strong></span> <span class='ocrx_word' id='word_1_91' title='bbox 1272 1255 1380 1328; x_wconf 82' lang='grc' dir='ltr'><strong>γὰρ</strong></span> <span class='ocrx_word' id='word_1_92' title='bbox 1419 1256 1519 1321; x_wconf 78' lang='grc' dir='ltr'><strong>τὰς</strong></span> <span class='ocrx_word' id='word_1_93' title='bbox 1557 1257 1819 1327; x_wconf 77' lang='grc' dir='ltr'><strong>μελίσσας</strong></span> <span class='ocrx_word' id='word_1_94' title='bbox 1868 1275 2045 1327; x_wconf 81' lang='grc' dir='ltr'>φυγα-</span> 
     </span>
    </p>
   </div>
   <div class='ocr_carea' id='block_1_15' title="bbox 467 1346 2045 1420">
    <p class='ocr_par' dir='ltr' id='par_1_15' title="bbox 467 1346 2045 1420">
     <span class='ocr_line' id='line_1_15' title="bbox 467 1346 2045 1420; baseline 0.002 -21"><span class='ocrx_word' id='word_1_95' title='bbox 467 1347 612 1400; x_wconf 83' lang='grc' dir='ltr'>δεύει</span> <span class='ocrx_word' id='word_1_96' title='bbox 659 1348 886 1413; x_wconf 85' lang='grc' dir='ltr'>καπνὸς,</span> <span class='ocrx_word' id='word_1_97' title='bbox 915 1349 1009 1402; x_wconf 79' lang='grc' dir='ltr'><strong>καὶ</strong></span> <span class='ocrx_word' id='word_1_98' title='bbox 1039 1346 1142 1412; x_wconf 79' lang='grc' dir='ltr'><strong>τὰς</strong></span> <span class='ocrx_word' id='word_1_99' title='bbox 1186 1349 1518 1420; x_wconf 78' lang='grc' dir='ltr'>περιστερὰς</span> <span class='ocrx_word' id='word_1_100' title='bbox 1563 1347 1838 1414; x_wconf 76' lang='grc' dir='ltr'><strong>ἐξελαύνει</strong></span> <span class='ocrx_word' id='word_1_101' title='bbox 1870 1349 2045 1402; x_wconf 87' lang='grc' dir='ltr'>δυσω-</span> 
     </span>
    </p>
   </div>
   <div class='ocr_carea' id='block_1_16' title="bbox 469 1439 2048 1512">
    <p class='ocr_par' dir='ltr' id='par_1_16' title="bbox 469 1439 2048 1512">
     <span class='ocr_line' id='line_1_16' title="bbox 469 1439 2048 1512; baseline 0.001 -19"><span class='ocrx_word' id='word_1_102' title='bbox 469 1439 555 1493; x_wconf 83' lang='grc' dir='ltr'><strong>δία</strong></span> <span class='ocrx_word' id='word_1_103' title='bbox 578 1479 594 1505; x_wconf 84' lang='grc'><strong>,</strong></span> <span class='ocrx_word' id='word_1_104' title='bbox 624 1439 765 1494; x_wconf 76' lang='grc' dir='ltr'>οὕτω</span> <span class='ocrx_word' id='word_1_105' title='bbox 821 1442 918 1494; x_wconf 72' lang='grc' dir='ltr'><strong>καὶ</strong></span> <span class='ocrx_word' id='word_1_106' title='bbox 942 1441 1036 1496; x_wconf 82' lang='grc' dir='ltr'>τὸν</span> <span class='ocrx_word' id='word_1_107' title='bbox 1059 1441 1161 1512; x_wconf 77' lang='grc' dir='ltr'>τῆς</span> <span class='ocrx_word' id='word_1_108' title='bbox 1200 1439 1349 1510; x_wconf 73' lang='grc' dir='ltr'><strong>ζωῆς</strong></span> <span class='ocrx_word' id='word_1_109' title='bbox 1377 1443 1410 1511; x_wconf 83' lang='grc' dir='ltr'>ἡ</span> <span class='ocrx_word' id='word_1_110' title='bbox 1421 1441 1536 1511; x_wconf 84' lang='grc' dir='ltr'>μῶν</span> <span class='ocrx_word' id='word_1_111' title='bbox 1566 1441 1798 1508; x_wconf 84' lang='grc' dir='ltr'>ἄγγελον</span> <span class='ocrx_word' id='word_1_112' title='bbox 1827 1442 1860 1512; x_wconf 85' lang='grc' dir='ltr'><strong>ή</strong></span> <span class='ocrx_word' id='word_1_113' title='bbox 1885 1439 2048 1494; x_wconf 87' lang='grc' dir='ltr'>πολύ-</span> 
     </span>
    </p>
   </div>
   <div class='ocr_carea' id='block_1_17' title="bbox 467 1530 2045 1604">
    <p class='ocr_par' dir='ltr' id='par_1_17' title="bbox 467 1530 2045 1604">
     <span class='ocr_line' id='line_1_17' title="bbox 467 1530 2045 1604; baseline 0.001 -21"><span class='ocrx_word' id='word_1_114' title='bbox 467 1530 674 1602; x_wconf 86' lang='grc' dir='ltr'>δακρυς</span> <span class='ocrx_word' id='word_1_115' title='bbox 721 1533 816 1586; x_wconf 72' lang='grc' dir='ltr'>καὶ</span> <span class='ocrx_word' id='word_1_116' title='bbox 874 1531 1118 1602; x_wconf 80' lang='grc' dir='ltr'><strong>δυσώδης</strong></span> <span class='ocrx_word' id='word_1_117' title='bbox 1162 1532 1457 1603; x_wconf 80' lang='grc' dir='ltr'>ἀφίστησιν</span> <span class='ocrx_word' id='word_1_118' title='bbox 1501 1533 1767 1604; x_wconf 77' lang='grc' dir='ltr'>ἁμαρτία.</span> <span class='ocrx_word' id='word_1_119' title='bbox 1813 1533 2045 1586; x_wconf 78' lang='grc' dir='ltr'>Ἐκεῖνοι</span> 
     </span>
    </p>
   </div>
   <div class='ocr_carea' id='block_1_18' title="bbox 469 1620 2043 1694">
    <p class='ocr_par' dir='ltr' id='par_1_18' title="bbox 469 1620 2043 1694">
     <span class='ocr_line' id='line_1_18' title="bbox 469 1620 2043 1694; baseline 0.001 -20"><span class='ocrx_word' id='word_1_120' title='bbox 469 1621 526 1674; x_wconf 80' lang='grc' dir='ltr'>δὲ</span> <span class='ocrx_word' id='word_1_121' title='bbox 551 1620 708 1674; x_wconf 85' lang='grc' dir='ltr'>τοῦτο</span> <span class='ocrx_word' id='word_1_122' title='bbox 739 1621 848 1675; x_wconf 84' lang='grc' dir='ltr'><strong>ἀπὸ</strong></span> <span class='ocrx_word' id='word_1_123' title='bbox 892 1622 987 1676; x_wconf 82' lang='grc' dir='ltr'><strong>τοῦ</strong></span> <span class='ocrx_word' id='word_1_124' title='bbox 1040 1622 1237 1693; x_wconf 80' lang='grc' dir='ltr'>καιροῦ</span> <span class='ocrx_word' id='word_1_125' title='bbox 1276 1623 1710 1693; x_wconf 81' lang='grc' dir='ltr'><strong>προσεδόκησαν.</strong></span> <span class='ocrx_word' id='word_1_126' title='bbox 1745 1625 1884 1693; x_wconf 78' lang='grc' dir='ltr'>Φησὶ</span> <span class='ocrx_word' id='word_1_127' title='bbox 1914 1623 2043 1694; x_wconf 84' lang='grc' dir='ltr'>γὰρ,</span> 
     </span>
    </p>
   </div>
   <div class='ocr_carea' id='block_1_19' title="bbox 2140 514 3724 588">
    <p class='ocr_par' dir='ltr' id='par_1_19' title="bbox 2140 514 3724 588">
     <span class='ocr_line' id='line_1_19' title="bbox 2140 514 3724 588; baseline 0.003 -20"><span class='ocrx_word' id='word_1_128' title='bbox 2140 514 2275 569; x_wconf 87' lang='lat' dir='ltr'><strong>Nam</strong></span> <span class='ocrx_word' id='word_1_129' title='bbox 2306 515 2469 570; x_wconf 83' lang='lat' dir='ltr'><strong>Marci</strong></span> <span class='ocrx_word' id='word_1_130' title='bbox 2525 515 2872 585; x_wconf 83' lang='lat' dir='ltr'><strong>Evangelium</strong></span> <span class='ocrx_word' id='word_1_131' title='bbox 2927 515 3125 570; x_wconf 86' lang='lat' dir='ltr'><strong>dicitur</strong></span> <span class='ocrx_word' id='word_1_132' title='bbox 3174 529 3296 570; x_wconf 87' lang='lat' dir='ltr'><strong>esse</strong></span> <span class='ocrx_word' id='word_1_133' title='bbox 3344 514 3515 571; x_wconf 87' lang='lat' dir='ltr'><strong>Petri.</strong></span> <span class='ocrx_word' id='word_1_134' title='bbox 3547 520 3724 588; x_wconf 81' lang='lat' dir='ltr'><strong>Atque</strong></span> 
     </span>
    </p>
   </div>
   <div class='ocr_carea' id='block_1_20' title="bbox 2143 608 3723 680">
    <p class='ocr_par' dir='ltr' id='par_1_20' title="bbox 2143 608 3723 680">
     <span class='ocr_line' id='line_1_20' title="bbox 2143 608 3723 680; baseline 0.003 -18"><span class='ocrx_word' id='word_1_135' title='bbox 2143 609 2260 663; x_wconf 74' lang='lat' dir='ltr'><strong>ltzec</strong></span> <span class='ocrx_word' id='word_1_136' title='bbox 2285 609 2471 678; x_wconf 87' lang='lat' dir='ltr'><strong>opinio</strong></span> <span class='ocrx_word' id='word_1_137' title='bbox 2499 608 2780 677; x_wconf 78' lang='lat' dir='ltr'><strong>probatur,</strong></span> <span class='ocrx_word' id='word_1_138' title='bbox 2812 624 2876 664; x_wconf 89' lang='lat' dir='ltr'><strong>ac</strong></span> <span class='ocrx_word' id='word_1_139' title='bbox 2908 608 3218 664; x_wconf 79' lang='lat' dir='ltr'><strong>verisimilis</strong></span> <span class='ocrx_word' id='word_1_140' title='bbox 3246 610 3304 663; x_wconf 89' lang='lat' dir='ltr'><strong>tit</strong></span> <span class='ocrx_word' id='word_1_141' title='bbox 3337 609 3502 666; x_wconf 89' lang='lat' dir='ltr'><strong>etiam</strong></span> <span class='ocrx_word' id='word_1_142' title='bbox 3533 625 3602 666; x_wconf 86' lang='lat' dir='ltr'><strong>ex</strong></span> <span class='ocrx_word' id='word_1_143' title='bbox 3635 628 3723 680; x_wconf 94' lang='lat' dir='ltr'><strong>eo,</strong></span> 
     </span>
    </p>
   </div>
   <div class='ocr_carea' id='block_1_21' title="bbox 2143 700 3724 772">
    <p class='ocr_par' dir='ltr' id='par_1_21' title="bbox 2143 700 3724 772">
     <span class='ocr_line' id='line_1_21' title="bbox 2143 700 3724 772; baseline 0.004 -18"><span class='ocrx_word' id='word_1_144' title='bbox 2143 700 2288 770; x_wconf 91' lang='lat' dir='ltr'><strong>quod</strong></span> <span class='ocrx_word' id='word_1_145' title='bbox 2317 709 2372 754; x_wconf 93' lang='lat' dir='ltr'><strong>et</strong></span> <span class='ocrx_word' id='word_1_146' title='bbox 2400 700 2614 763; x_wconf 87' lang='lat' dir='ltr'><strong>Petrus,</strong></span> <span class='ocrx_word' id='word_1_147' title='bbox 2655 710 2711 755; x_wconf 92' lang='lat' dir='ltr'><strong>et</strong></span> <span class='ocrx_word' id='word_1_148' title='bbox 2741 701 2936 771; x_wconf 83' lang='lat' dir='ltr'><strong>reliqui</strong></span> <span class='ocrx_word' id='word_1_149' title='bbox 2970 701 3219 772; x_wconf 90' lang='lat' dir='ltr'><strong>discipuli</strong></span> <span class='ocrx_word' id='word_1_150' title='bbox 3266 702 3410 772; x_wconf 88' lang='lat' dir='ltr'><strong>apud</strong></span> <span class='ocrx_word' id='word_1_151' title='bbox 3431 717 3558 758; x_wconf 88' lang='lat' dir='ltr'><strong>eum</strong></span> <span class='ocrx_word' id='word_1_152' title='bbox 3602 719 3724 760; x_wconf 88' lang='lat' dir='ltr'><strong>mo-</strong></span> 
     </span>
    </p>
   </div>
   <div class='ocr_carea' id='block_1_22' title="bbox 2145 788 3725 864">
    <p class='ocr_par' dir='ltr' id='par_1_22' title="bbox 2145 788 3725 864">
     <span class='ocr_line' id='line_1_22' title="bbox 2145 788 3725 864; baseline 0.004 -19"><span class='ocrx_word' id='word_1_153' title='bbox 2145 788 2425 846; x_wconf 79' lang='lat' dir='ltr'><strong>rabantur.</strong></span> <span class='ocrx_word' id='word_1_154' title='bbox 2458 790 2582 845; x_wconf 69' lang='lat' dir='ltr'><strong>Prae</strong></span> <span class='ocrx_word' id='word_1_155' title='bbox 2631 793 2824 863; x_wconf 84' lang='lat' dir='ltr'><strong>gaudio</strong></span> <span class='ocrx_word' id='word_1_156' title='bbox 2921 809 3025 847; x_wconf 87' lang='lat' dir='ltr'><strong>non</strong></span> <span class='ocrx_word' id='word_1_157' title='bbox 3075 795 3306 864; x_wconf 89' lang='lat' dir='ltr'><strong>aperuit.</strong></span> <span class='ocrx_word' id='word_1_158' title='bbox 3349 794 3487 849; x_wconf 81' lang='lat' dir='ltr'><strong>Vide</strong></span> <span class='ocrx_word' id='word_1_159' title='bbox 3543 804 3725 851; x_wconf 88' lang='lat' dir='ltr'><strong>autem</strong></span> 
     </span>
    </p>
   </div>
   <div class='ocr_carea' id='block_1_23' title="bbox 2145 883 3729 958">
    <p class='ocr_par' dir='ltr' id='par_1_23' title="bbox 2145 883 3729 958">
     <span class='ocr_line' id='line_1_23' title="bbox 2145 883 3729 958; baseline 0.003 -20"><span class='ocrx_word' id='word_1_160' title='bbox 2145 883 2343 954; x_wconf 66' lang='lat' dir='ltr'><strong>puella:</strong></span> <span class='ocrx_word' id='word_1_161' title='bbox 2398 884 2760 940; x_wconf 77' lang='lat' dir='ltr'><strong>reverentiam</strong></span> <span class='ocrx_word' id='word_1_162' title='bbox 2817 901 2882 941; x_wconf 92' lang='lat' dir='ltr'><strong>ac</strong></span> <span class='ocrx_word' id='word_1_163' title='bbox 2916 886 3199 956; x_wconf 80' lang='lat' dir='ltr'><strong>pietatem.</strong></span> <span class='ocrx_word' id='word_1_164' title='bbox 3251 886 3374 941; x_wconf 75' lang='lat' dir='ltr'><strong>Prw</strong></span> <span class='ocrx_word' id='word_1_165' title='bbox 3396 888 3613 958; x_wconf 85' lang='lat' dir='ltr'><strong>gaudio,</strong></span> <span class='ocrx_word' id='word_1_166' title='bbox 3643 889 3729 942; x_wconf 80' lang='lat' dir='ltr'><strong>in-</strong></span> 
     </span>
    </p>
   </div>
   <div class='ocr_carea' id='block_1_24' title="bbox 2146 974 3726 1047">
    <p class='ocr_par' dir='ltr' id='par_1_24' title="bbox 2146 974 3726 1047">
     <span class='ocr_line' id='line_1_24' title="bbox 2146 974 3726 1047; baseline 0.003 -17"><span class='ocrx_word' id='word_1_167' title='bbox 2146 974 2285 1047; x_wconf 87' lang='lat' dir='ltr'><strong>quit,</strong></span> <span class='ocrx_word' id='word_1_168' title='bbox 2314 991 2418 1029; x_wconf 90' lang='lat' dir='ltr'><strong>non</strong></span> <span class='ocrx_word' id='word_1_169' title='bbox 2450 977 2678 1043; x_wconf 86' lang='lat' dir='ltr'><strong>aperuit.</strong></span> <span class='ocrx_word' id='word_1_170' title='bbox 2706 977 2784 1031; x_wconf 83' lang='lat' dir='ltr'><strong>Ac</strong></span> <span class='ocrx_word' id='word_1_171' title='bbox 2811 987 2958 1032; x_wconf 86' lang='lat' dir='ltr'><strong>recte</strong></span> <span class='ocrx_word' id='word_1_172' title='bbox 2988 978 3040 1032; x_wconf 91' lang='lat' dir='ltr'><strong>id</strong></span> <span class='ocrx_word' id='word_1_173' title='bbox 3067 979 3133 1034; x_wconf 91' lang='lat' dir='ltr'><strong>ab</strong></span> <span class='ocrx_word' id='word_1_174' title='bbox 3168 979 3256 1034; x_wconf 88' lang='lat' dir='ltr'><strong>illa</strong></span> <span class='ocrx_word' id='word_1_175' title='bbox 3280 978 3485 1034; x_wconf 90' lang='lat' dir='ltr'><strong>factum</strong></span> <span class='ocrx_word' id='word_1_176' title='bbox 3519 989 3624 1045; x_wconf 89' lang='lat' dir='ltr'><strong>est,</strong></span> <span class='ocrx_word' id='word_1_177' title='bbox 3655 996 3726 1035; x_wconf 90' lang='lat' dir='ltr'><strong>ne</strong></span> 
     </span>
    </p>
   </div>
   <div class='ocr_carea' id='block_1_25' title="bbox 2151 1067 3728 1140">
    <p class='ocr_par' dir='ltr' id='par_1_25' title="bbox 2151 1067 3728 1140">
     <span class='ocr_line' id='line_1_25' title="bbox 2151 1067 3728 1140; baseline 0.001 -15"><span class='ocrx_word' id='word_1_178' title='bbox 2151 1069 2308 1140; x_wconf 80' lang='lat'><strong>103</strong></span> <span class='ocrx_word' id='word_1_179' title='bbox 2333 1067 2406 1124; x_wconf 88' lang='lat' dir='ltr'><strong>illi</strong></span> <span class='ocrx_word' id='word_1_180' title='bbox 2445 1070 2628 1124; x_wconf 81' lang='lat' dir='ltr'><strong>statim</strong></span> <span class='ocrx_word' id='word_1_181' title='bbox 2670 1069 2762 1124; x_wconf 90' lang='lat' dir='ltr'><strong>illo</strong></span> <span class='ocrx_word' id='word_1_182' title='bbox 2789 1071 2905 1126; x_wconf 88' lang='lat' dir='ltr'><strong>viso</strong></span> <span class='ocrx_word' id='word_1_183' title='bbox 2931 1071 3169 1135; x_wconf 86' lang='lat' dir='ltr'><strong>attoniti,</strong></span> <span class='ocrx_word' id='word_1_184' title='bbox 3204 1072 3369 1128; x_wconf 85' lang='lat' dir='ltr'><strong>fidem</strong></span> <span class='ocrx_word' id='word_1_185' title='bbox 3415 1088 3524 1128; x_wconf 88' lang='lat' dir='ltr'><strong>non</strong></span> <span class='ocrx_word' id='word_1_186' title='bbox 3561 1073 3728 1129; x_wconf 85' lang='lat' dir='ltr'><strong>habe-</strong></span> 
     </span>
    </p>
   </div>
   <div class='ocr_carea' id='block_1_26' title="bbox 2147 1162 3729 1233">
    <p class='ocr_par' dir='ltr' id='par_1_26' title="bbox 2147 1162 3729 1233">
     <span class='ocr_line' id='line_1_26' title="bbox 2147 1162 3729 1233; baseline 0.005 -19"><span class='ocrx_word' id='word_1_187' title='bbox 2147 1170 2269 1216; x_wconf 91' lang='lat' dir='ltr'><strong>rent</strong></span> <span class='ocrx_word' id='word_1_188' title='bbox 2302 1179 2316 1215; x_wconf 89' lang='lat'><strong>:</strong></span> <span class='ocrx_word' id='word_1_189' title='bbox 2342 1162 2783 1233; x_wconf 87' lang='lat' dir='ltr'><strong>quandoquidem</strong></span> <span class='ocrx_word' id='word_1_190' title='bbox 2809 1164 2974 1218; x_wconf 89' lang='lat' dir='ltr'><strong>etiam</strong></span> <span class='ocrx_word' id='word_1_191' title='bbox 3005 1165 3107 1220; x_wconf 90' lang='lat' dir='ltr'><strong>hoc</strong></span> <span class='ocrx_word' id='word_1_192' title='bbox 3128 1165 3270 1222; x_wconf 83' lang='lat' dir='ltr'><strong>facto</strong></span> <span class='ocrx_word' id='word_1_193' title='bbox 3296 1181 3356 1222; x_wconf 91' lang='lat' dir='ltr'><strong>se</strong></span> <span class='ocrx_word' id='word_1_194' title='bbox 3378 1167 3603 1222; x_wconf 89' lang='lat' dir='ltr'><strong>credere</strong></span> <span class='ocrx_word' id='word_1_195' title='bbox 3630 1183 3729 1222; x_wconf 88' lang='lat' dir='ltr'><strong>ne-</strong></span> 
     </span>
    </p>
   </div>
   <div class='ocr_carea' id='block_1_27' title="bbox 2147 1252 3730 1324">
    <p class='ocr_par' dir='ltr' id='par_1_27' title="bbox 2147 1252 3730 1324">
     <span class='ocr_line' id='line_1_27' title="bbox 2147 1252 3730 1324; baseline 0.004 -18"><span class='ocrx_word' id='word_1_196' title='bbox 2147 1252 2363 1324; x_wconf 76' lang='lat' dir='ltr'><strong>gabant.</strong></span> <span class='ocrx_word' id='word_1_197' title='bbox 2393 1254 2519 1309; x_wconf 68' lang='lat' dir='ltr'><strong>HIIIC</strong></span> <span class='ocrx_word' id='word_1_198' title='bbox 2541 1265 2721 1310; x_wconf 89' lang='lat' dir='ltr'><strong>autem</strong></span> <span class='ocrx_word' id='word_1_199' title='bbox 2748 1254 3056 1324; x_wconf 84' lang='lat' dir='ltr'><strong>festinabat,</strong></span> <span class='ocrx_word' id='word_1_200' title='bbox 3079 1267 3138 1312; x_wconf 91' lang='lat' dir='ltr'><strong>ut</strong></span> <span class='ocrx_word' id='word_1_201' title='bbox 3170 1259 3239 1313; x_wconf 88' lang='lat' dir='ltr'><strong>ob</strong></span> <span class='ocrx_word' id='word_1_202' title='bbox 3261 1258 3444 1312; x_wconf 82' lang='lat' dir='ltr'><strong>laetum</strong></span> <span class='ocrx_word' id='word_1_203' title='bbox 3475 1261 3730 1313; x_wconf 90' lang='lat' dir='ltr'><strong>nuntium</strong></span> 
     </span>
    </p>
   </div>
   <div class='ocr_carea' id='block_1_28' title="bbox 2149 1344 3726 1422">
    <p class='ocr_par' dir='ltr' id='par_1_28' title="bbox 2149 1344 3726 1422">
     <span class='ocr_line' id='line_1_28' title="bbox 2149 1344 3726 1422; baseline 0.004 -25"><span class='ocrx_word' id='word_1_204' title='bbox 2149 1344 2432 1413; x_wconf 66' lang='lat' dir='ltr'><strong>prtemium</strong></span> <span class='ocrx_word' id='word_1_205' title='bbox 2467 1345 2652 1402; x_wconf 89' lang='lat' dir='ltr'><strong>ferret.</strong></span> <span class='ocrx_word' id='word_1_206' title='bbox 2687 1350 2754 1402; x_wconf 85' lang='lat' dir='ltr'><strong>At</strong></span> <span class='ocrx_word' id='word_1_207' title='bbox 2784 1350 2864 1404; x_wconf 90' lang='lat' dir='ltr'><strong>illi</strong></span> <span class='ocrx_word' id='word_1_208' title='bbox 2894 1350 3135 1405; x_wconf 78' lang='lat' dir='ltr'><strong>dicebant</strong></span> <span class='ocrx_word' id='word_1_209' title='bbox 3179 1367 3196 1404; x_wconf 92' lang='lat'><strong><em>:</em></strong></span> <span class='ocrx_word' id='word_1_210' title='bbox 3223 1350 3452 1422; x_wconf 77' lang='lat' dir='ltr'><strong>Angelus</strong></span> <span class='ocrx_word' id='word_1_211' title='bbox 3483 1351 3601 1420; x_wconf 79' lang='lat' dir='ltr'><strong>eius</strong></span> <span class='ocrx_word' id='word_1_212' title='bbox 3631 1361 3726 1406; x_wconf 85' lang='lat' dir='ltr'><strong>est.</strong></span> 
     </span>
    </p>
   </div>
   <div class='ocr_carea' id='block_1_29' title="bbox 2151 1435 3730 1516">
    <p class='ocr_par' dir='ltr' id='par_1_29' title="bbox 2151 1435 3730 1516">
     <span class='ocr_line' id='line_1_29' title="bbox 2151 1435 3730 1516; baseline 0.006 -27"><span class='ocrx_word' id='word_1_213' title='bbox 2151 1435 2266 1492; x_wconf 85' lang='lat' dir='ltr'><strong>Hoc</strong></span> <span class='ocrx_word' id='word_1_214' title='bbox 2293 1453 2484 1494; x_wconf 86' lang='lat' dir='ltr'><strong>verum</strong></span> <span class='ocrx_word' id='word_1_215' title='bbox 2515 1449 2617 1496; x_wconf 89' lang='lat' dir='ltr'><strong>est.</strong></span> <span class='ocrx_word' id='word_1_216' title='bbox 2649 1440 2783 1498; x_wconf 84' lang='lat' dir='ltr'><strong>Nam</strong></span> <span class='ocrx_word' id='word_1_217' title='bbox 2819 1445 3070 1516; x_wconf 79' lang='lat' dir='ltr'><strong>angelum</strong></span> <span class='ocrx_word' id='word_1_218' title='bbox 3110 1445 3276 1500; x_wconf 83' lang='lat' dir='ltr'><strong>habet</strong></span> <span class='ocrx_word' id='word_1_219' title='bbox 3309 1446 3684 1515; x_wconf 89' lang='lat' dir='ltr'><strong>unusquisque</strong></span> <span class='ocrx_word' id='word_1_220' title='bbox 3714 1461 3730 1498; x_wconf 92' lang='lat'><strong>:</strong></span> 
     </span>
    </p>
   </div>
   <div class='ocr_carea' id='block_1_30' title="bbox 2151 1531 3732 1606">
    <p class='ocr_par' dir='ltr' id='par_1_30' title="bbox 2151 1531 3732 1606">
     <span class='ocr_line' id='line_1_30' title="bbox 2151 1531 3732 1606; baseline 0.003 -21"><span class='ocrx_word' id='word_1_221' title='bbox 2151 1531 2464 1603; x_wconf 90' lang='lat' dir='ltr'><strong>quicunque</strong></span> <span class='ocrx_word' id='word_1_222' title='bbox 2513 1535 2658 1589; x_wconf 90' lang='lat' dir='ltr'><strong>enim</strong></span> <span class='ocrx_word' id='word_1_223' title='bbox 2696 1536 2750 1590; x_wconf 92' lang='lat' dir='ltr'><strong>in</strong></span> <span class='ocrx_word' id='word_1_224' title='bbox 2775 1536 3067 1591; x_wconf 90' lang='lat' dir='ltr'><strong>Dominum</strong></span> <span class='ocrx_word' id='word_1_225' title='bbox 3123 1536 3432 1603; x_wconf 78' lang='lat' dir='ltr'><strong>crediderit,</strong></span> <span class='ocrx_word' id='word_1_226' title='bbox 3464 1535 3515 1592; x_wconf 87' lang='lat' dir='ltr'><strong>ei</strong></span> <span class='ocrx_word' id='word_1_227' title='bbox 3561 1550 3732 1606; x_wconf 83' lang='lat' dir='ltr'><strong>ange-</strong></span> 
     </span>
    </p>
   </div>
   <div class='ocr_carea' id='block_1_31' title="bbox 2152 1621 3732 1696">
    <p class='ocr_par' dir='ltr' id='par_1_31' title="bbox 2152 1621 3732 1696">
     <span class='ocr_line' id='line_1_31' title="bbox 2152 1621 3732 1696; baseline 0.001 -22"><span class='ocrx_word' id='word_1_228' title='bbox 2152 1621 2236 1676; x_wconf 92' lang='lat' dir='ltr'><strong>lus</strong></span> <span class='ocrx_word' id='word_1_229' title='bbox 2271 1622 2486 1679; x_wconf 85' lang='lat' dir='ltr'><strong>assidue</strong></span> <span class='ocrx_word' id='word_1_230' title='bbox 2539 1636 2737 1695; x_wconf 85' lang='lat' dir='ltr'><strong>praesto</strong></span> <span class='ocrx_word' id='word_1_231' title='bbox 2779 1635 2883 1691; x_wconf 90' lang='lat' dir='ltr'><strong>est,</strong></span> <span class='ocrx_word' id='word_1_232' title='bbox 2938 1627 3042 1681; x_wconf 85' lang='lat' dir='ltr'><strong>nisi</strong></span> <span class='ocrx_word' id='word_1_233' title='bbox 3077 1641 3178 1681; x_wconf 90' lang='lat' dir='ltr'><strong>nos</strong></span> <span class='ocrx_word' id='word_1_234' title='bbox 3213 1627 3477 1696; x_wconf 88' lang='lat' dir='ltr'><strong>improbis</strong></span> <span class='ocrx_word' id='word_1_235' title='bbox 3525 1625 3732 1680; x_wconf 83' lang='lat' dir='ltr'><strong>facino-</strong></span> 
     </span>
    </p>
   </div>
   <div class='ocr_carea' id='block_1_32' title="bbox 470 1713 2052 1788">
    <p class='ocr_par' dir='ltr' id='par_1_32' title="bbox 470 1714 2047 1786">
     <span class='ocr_line' id='line_1_32' title="bbox 470 1714 2047 1786; baseline 0.002 -19"><span class='ocrx_word' id='word_1_236' title='bbox 470 1715 573 1781; x_wconf 80' lang='grc' dir='ltr'>ὅτι,</span> <span class='ocrx_word' id='word_1_237' title='bbox 611 1715 798 1769; x_wconf 83' lang='grc' dir='ltr'>Ὅπου</span> <span class='ocrx_word' id='word_1_238' title='bbox 847 1715 963 1769; x_wconf 75' lang='grc' dir='ltr'><strong>εἰσὶ</strong></span> <span class='ocrx_word' id='word_1_239' title='bbox 1014 1715 1124 1770; x_wconf 85' lang='grc' dir='ltr'><strong>δύο</strong></span> <span class='ocrx_word' id='word_1_240' title='bbox 1179 1714 1218 1784; x_wconf 79' lang='grc' dir='ltr'><em>ἢ</em></span> <span class='ocrx_word' id='word_1_241' title='bbox 1250 1715 1406 1784; x_wconf 80' lang='grc' dir='ltr'>τρεῖς</span> <span class='ocrx_word' id='word_1_242' title='bbox 1442 1717 1811 1786; x_wconf 78' lang='grc' dir='ltr'><strong>συνηγμένοι</strong></span> <span class='ocrx_word' id='word_1_243' title='bbox 1857 1720 1944 1781; x_wconf 81' lang='grc' dir='ltr'><strong>εις</strong></span> <span class='ocrx_word' id='word_1_244' title='bbox 1979 1717 2047 1770; x_wconf 88' lang='grc' dir='ltr'>τὸ</span> 
     </span>
    </p>
   </div>
   <div class='ocr_carea' id='block_1_33' title="bbox 2158 1713 3732 1788">
    <p class='ocr_par' dir='ltr' id='par_1_33' title="bbox 2158 1713 3732 1788">
     <span class='ocr_line' id='line_1_33' title="bbox 2158 1713 3732 1788; baseline 0.003 -22"><span class='ocrx_word' id='word_1_245' title='bbox 2158 1713 2303 1770; x_wconf 90' lang='lat' dir='ltr'><strong>ribus</strong></span> <span class='ocrx_word' id='word_1_246' title='bbox 2338 1717 2538 1771; x_wconf 89' lang='lat' dir='ltr'><strong>nostris</strong></span> <span class='ocrx_word' id='word_1_247' title='bbox 2571 1732 2696 1772; x_wconf 92' lang='lat' dir='ltr'><strong>eum</strong></span> <span class='ocrx_word' id='word_1_248' title='bbox 2753 1733 2782 1772; x_wconf 91' lang='lat' dir='ltr'><strong>a</strong></span> <span class='ocrx_word' id='word_1_249' title='bbox 2835 1717 2992 1774; x_wconf 85' lang='lat' dir='ltr'><strong>nobis</strong></span> <span class='ocrx_word' id='word_1_250' title='bbox 3023 1717 3303 1788; x_wconf 78' lang='lat' dir='ltr'><strong>abigamus</strong></span> <span class='ocrx_word' id='word_1_251' title='bbox 3349 1733 3413 1772; x_wconf 90' lang='lat' dir='ltr'><strong>ac</strong></span> <span class='ocrx_word' id='word_1_252' title='bbox 3458 1717 3732 1787; x_wconf 81' lang='lat' dir='ltr'><strong>fugemus.</strong></span> 
     </span>
    </p>
   </div>
   <div class='ocr_carea' id='block_1_34' title="bbox 469 1806 2052 1882">
    <p class='ocr_par' dir='ltr' id='par_1_34' title="bbox 469 1808 2049 1880">
     <span class='ocr_line' id='line_1_34' title="bbox 469 1808 2049 1880; baseline 0.001 -17"><span class='ocrx_word' id='word_1_253' title='bbox 469 1809 616 1879; x_wconf 77' lang='grc' dir='ltr'><strong>ἐμὸν</strong></span> <span class='ocrx_word' id='word_1_254' title='bbox 642 1809 850 1879; x_wconf 78' lang='grc' dir='ltr'>ὄνομα,</span> <span class='ocrx_word' id='word_1_255' title='bbox 883 1808 1012 1863; x_wconf 80' lang='grc' dir='ltr'>ἐκεῖ</span> <span class='ocrx_word' id='word_1_256' title='bbox 1037 1811 1154 1877; x_wconf 77' lang='grc' dir='ltr'>ειμι</span> <span class='ocrx_word' id='word_1_257' title='bbox 1177 1809 1248 1863; x_wconf 85' lang='grc' dir='ltr'><strong>ἐν</strong></span> <span class='ocrx_word' id='word_1_258' title='bbox 1268 1809 1439 1880; x_wconf 79' lang='grc' dir='ltr'><strong>μέσῳ</strong></span> <span class='ocrx_word' id='word_1_259' title='bbox 1481 1809 1700 1865; x_wconf 83' lang='grc' dir='ltr'>αὐτῶν.</span> <span class='ocrx_word' id='word_1_260' title='bbox 1735 1812 1909 1864; x_wconf 86' lang='grc' dir='ltr'>Ὅπου</span> <span class='ocrx_word' id='word_1_261' title='bbox 1940 1810 1996 1864; x_wconf 85' lang='grc' dir='ltr'><strong>δέ</strong></span> <span class='ocrx_word' id='word_1_262' title='bbox 2021 1812 2049 1864; x_wconf 86' lang='grc' dir='ltr'>ό</span> 
     </span>
    </p>
   </div>
   <div class='ocr_carea' id='block_1_35' title="bbox 2158 1806 3733 1882">
    <p class='ocr_par' dir='ltr' id='par_1_35' title="bbox 2158 1806 3733 1882">
     <span class='ocr_line' id='line_1_35' title="bbox 2158 1806 3733 1882; baseline -0.001 -20"><span class='ocrx_word' id='word_1_263' title='bbox 2158 1806 2226 1862; x_wconf 88' lang='lat' dir='ltr'><strong>Ut</strong></span> <span class='ocrx_word' id='word_1_264' title='bbox 2251 1808 2396 1863; x_wconf 91' lang='lat' dir='ltr'><strong>enim</strong></span> <span class='ocrx_word' id='word_1_265' title='bbox 2429 1809 2612 1864; x_wconf 86' lang='lat' dir='ltr'><strong>fumus</strong></span> <span class='ocrx_word' id='word_1_266' title='bbox 2644 1824 2774 1880; x_wconf 90' lang='lat' dir='ltr'><strong>apes</strong></span> <span class='ocrx_word' id='word_1_267' title='bbox 2812 1809 2981 1882; x_wconf 78' lang='lat' dir='ltr'><strong>fugat,</strong></span> <span class='ocrx_word' id='word_1_268' title='bbox 3008 1819 3060 1864; x_wconf 88' lang='lat' dir='ltr'><strong>et</strong></span> <span class='ocrx_word' id='word_1_269' title='bbox 3100 1810 3379 1866; x_wconf 86' lang='lat' dir='ltr'><strong>columbas</strong></span> <span class='ocrx_word' id='word_1_270' title='bbox 3407 1810 3581 1863; x_wconf 89' lang='lat' dir='ltr'><strong>malus</strong></span> <span class='ocrx_word' id='word_1_271' title='bbox 3598 1807 3733 1862; x_wconf 90' lang='lat' dir='ltr'><strong>odor</strong></span> 
     </span>
    </p>
   </div>
   <div class='ocr_carea' id='block_1_36' title="bbox 471 1896 2045 1975">
    <p class='ocr_par' dir='ltr' id='par_1_36' title="bbox 471 1896 2045 1975">
     <span class='ocr_line' id='line_1_36' title="bbox 471 1896 2045 1975; baseline -0.001 -21"><span class='ocrx_word' id='word_1_272' title='bbox 471 1901 726 1972; x_wconf 75' lang='grc' dir='ltr'>Χριστὸς,</span> <span class='ocrx_word' id='word_1_273' title='bbox 770 1903 986 1973; x_wconf 84' lang='grc' dir='ltr'><strong>ἀνάγκη</strong></span> <span class='ocrx_word' id='word_1_274' title='bbox 1033 1896 1174 1958; x_wconf 80' lang='grc' dir='ltr'>εἶναι</span> <span class='ocrx_word' id='word_1_275' title='bbox 1225 1902 1319 1955; x_wconf 74' lang='grc' dir='ltr'>καὶ</span> <span class='ocrx_word' id='word_1_276' title='bbox 1371 1901 1747 1975; x_wconf 80' lang='grc' dir='ltr'>ἀρχαγγέλους</span> <span class='ocrx_word' id='word_1_277' title='bbox 1795 1901 1891 1955; x_wconf 78' lang='grc' dir='ltr'><strong>καὶ</strong></span> <span class='ocrx_word' id='word_1_278' title='bbox 1946 1899 2045 1964; x_wconf 82' lang='grc' dir='ltr'>τὰς</span> 
     </span>
    </p>
   </div>
   <div class='ocr_carea' id='block_1_37' title="bbox 472 1991 2048 2065">
    <p class='ocr_par' dir='ltr' id='par_1_37' title="bbox 472 1991 2048 2065">
     <span class='ocr_line' id='line_1_37' title="bbox 472 1991 2048 2065; baseline 0.001 -19"><span class='ocrx_word' id='word_1_279' title='bbox 472 1994 635 2059; x_wconf 80' lang='grc' dir='ltr'>ἄλλας</span> <span class='ocrx_word' id='word_1_280' title='bbox 671 1994 954 2064; x_wconf 84' lang='grc' dir='ltr'>δυνάμεις.</span> <span class='ocrx_word' id='word_1_281' title='bbox 981 1991 1128 2049; x_wconf 60' lang='lat' dir='ltr'><strong>Elite</strong></span> <span class='ocrx_word' id='word_1_282' title='bbox 1173 1994 1273 2050; x_wconf 78' lang='grc' dir='ltr'><strong>δέ’</strong></span> <span class='ocrx_word' id='word_1_283' title='bbox 1317 1995 1749 2065; x_wconf 71' lang='grc' dir='ltr'><strong>Ἀπαγγείλατε</strong></span> <span class='ocrx_word' id='word_1_284' title='bbox 1794 1992 2048 2057; x_wconf 76' lang='grc' dir='ltr'>Ἰακώϐῳ</span> 
     </span>
    </p>
   </div>
   <div class='ocr_carea' id='block_1_38' title="bbox 472 2086 2045 2158">
    <p class='ocr_par' dir='ltr' id='par_1_38' title="bbox 472 2086 2045 2158">
     <span class='ocr_line' id='line_1_38' title="bbox 472 2086 2045 2158; baseline -0.001 -17"><span class='ocrx_word' id='word_1_285' title='bbox 472 2089 570 2142; x_wconf 74' lang='grc' dir='ltr'>καὶ</span> <span class='ocrx_word' id='word_1_286' title='bbox 603 2087 728 2154; x_wconf 86' lang='grc' dir='ltr'>τοῖς</span> <span class='ocrx_word' id='word_1_287' title='bbox 761 2087 1050 2158; x_wconf 67' lang='grc' dir='ltr'>ἀδελφοῖς</span> <span class='ocrx_word' id='word_1_288' title='bbox 1075 2087 1285 2144; x_wconf 88' lang='grc' dir='ltr'>ταῦτα.</span> <span class='ocrx_word' id='word_1_289' title='bbox 1320 2088 1445 2151; x_wconf 87' lang='grc' dir='ltr'>Πῶς</span> <span class='ocrx_word' id='word_1_290' title='bbox 1466 2088 1569 2142; x_wconf 74' lang='grc' dir='ltr'>οὐκ</span> <span class='ocrx_word' id='word_1_291' title='bbox 1595 2086 1714 2140; x_wconf 82' lang='grc' dir='ltr'>ἐστι</span> <span class='ocrx_word' id='word_1_292' title='bbox 1744 2086 2045 2154; x_wconf 83' lang='grc' dir='ltr'>κενόδοξος’</span> 
     </span>
    </p>
   </div>
   <div class='ocr_carea' id='block_1_39' title="bbox 409 2177 2043 2252">
    <p class='ocr_par' dir='ltr' id='par_1_39' title="bbox 409 2177 2043 2252">
     <span class='ocr_line' id='line_1_39' title="bbox 409 2177 2043 2252; baseline -0.003 -15"><span class='ocrx_word' id='word_1_293' title='bbox 409 2184 424 2237; x_wconf 60' lang='grc' dir='ltr'><em>ἐ</em></span> <span class='ocrx_word' id='word_1_294' title='bbox 474 2182 547 2235; x_wconf 80' lang='grc' dir='ltr'><strong>Οὐ</strong></span> <span class='ocrx_word' id='word_1_295' title='bbox 581 2181 690 2252; x_wconf 80' lang='grc' dir='ltr'>γὰρ</span> <span class='ocrx_word' id='word_1_296' title='bbox 721 2177 864 2247; x_wconf 77' lang='grc' dir='ltr'>εἷπε,</span> <span class='ocrx_word' id='word_1_297' title='bbox 890 2181 1016 2245; x_wconf 87' lang='grc' dir='ltr'>Τοῖς</span> <span class='ocrx_word' id='word_1_298' title='bbox 1040 2180 1360 2252; x_wconf 83' lang='grc' dir='ltr'>ἁπανταχοῦ</span> <span class='ocrx_word' id='word_1_299' title='bbox 1392 2181 1528 2248; x_wconf 82' lang='grc' dir='ltr'>δῆλα</span> <span class='ocrx_word' id='word_1_300' title='bbox 1553 2179 1727 2234; x_wconf 72' lang='grc' dir='ltr'>ταῦτα</span> <span class='ocrx_word' id='word_1_301' title='bbox 1756 2180 2043 2250; x_wconf 87' lang='grc' dir='ltr'>ποιήσατε,</span> 
     </span>
    </p>
   </div>
   <div class='ocr_carea' id='block_1_40' title="bbox 471 2273 2055 2345">
    <p class='ocr_par' dir='ltr' id='par_1_40' title="bbox 471 2273 2055 2345">
     <span class='ocr_line' id='line_1_40' title="bbox 471 2273 2055 2345; baseline -0.002 -16"><span class='ocrx_word' id='word_1_302' title='bbox 471 2275 626 2335; x_wconf 79' lang='grc' dir='ltr'>ἀλλὰ.</span> <span class='ocrx_word' id='word_1_303' title='bbox 663 2274 794 2341; x_wconf 84' lang='grc' dir='ltr'>Τοῖς</span> <span class='ocrx_word' id='word_1_304' title='bbox 821 2273 1126 2345; x_wconf 68' lang='grc' dir='ltr'>ἀδελφοῖς.</span> <span class='ocrx_word' id='word_1_305' title='bbox 1165 2274 1273 2330; x_wconf 85' lang='lat' dir='ltr'><strong>Kal</strong></span> <span class='ocrx_word' id='word_1_306' title='bbox 1326 2273 1594 2340; x_wconf 76' lang='grc' dir='ltr'>ἐξελθὼν</span> <span class='ocrx_word' id='word_1_307' title='bbox 1623 2274 1916 2343; x_wconf 80' lang='grc' dir='ltr'>ἐπορεύθη</span> <span class='ocrx_word' id='word_1_308' title='bbox 1968 2273 2055 2338; x_wconf 75' lang='grc' dir='ltr'>εις</span> 
     </span>
    </p>
   </div>
   <div class='ocr_carea' id='block_1_41' title="bbox 469 2363 2056 2438">
    <p class='ocr_par' dir='ltr' id='par_1_41' title="bbox 469 2363 2056 2438">
     <span class='ocr_line' id='line_1_41' title="bbox 469 2363 2056 2438; baseline -0.004 -17"><span class='ocrx_word' id='word_1_309' title='bbox 469 2369 677 2437; x_wconf 76' lang='grc' dir='ltr'>ἕτερον</span> <span class='ocrx_word' id='word_1_310' title='bbox 708 2369 918 2422; x_wconf 85' lang='grc' dir='ltr'><strong>τόπον.</strong></span> <span class='ocrx_word' id='word_1_311' title='bbox 952 2368 1028 2421; x_wconf 77' lang='grc' dir='ltr'><strong>Οὐ</strong></span> <span class='ocrx_word' id='word_1_312' title='bbox 1073 2366 1183 2438; x_wconf 84' lang='grc' dir='ltr'><strong>γὰρ</strong></span> <span class='ocrx_word' id='word_1_313' title='bbox 1231 2366 1491 2436; x_wconf 79' lang='grc' dir='ltr'>ἐπείραζε</span> <span class='ocrx_word' id='word_1_314' title='bbox 1521 2367 1611 2419; x_wconf 76' lang='grc' dir='ltr'>τὸν</span> <span class='ocrx_word' id='word_1_315' title='bbox 1648 2365 1802 2430; x_wconf 77' lang='grc' dir='ltr'>Θεὸν,</span> <span class='ocrx_word' id='word_1_316' title='bbox 1835 2363 1954 2420; x_wconf 70' lang='grc' dir='ltr'>οιὶδέ</span> <span class='ocrx_word' id='word_1_317' title='bbox 1975 2363 2056 2426; x_wconf 78' lang='grc' dir='ltr'><strong>εἰς</strong></span> 
     </span>
    </p>
   </div>
   <div class='ocr_carea' id='block_1_42' title="bbox 473 2449 2049 2531">
    <p class='ocr_par' dir='ltr' id='par_1_42' title="bbox 473 2449 2049 2531">
     <span class='ocr_line' id='line_1_42' title="bbox 473 2449 2049 2531; baseline -0.003 -19"><span class='ocrx_word' id='word_1_318' title='bbox 473 2461 815 2531; x_wconf 79' lang='grc' dir='ltr'>πειρασμοὺς</span> <span class='ocrx_word' id='word_1_319' title='bbox 866 2459 1134 2514; x_wconf 77' lang='grc' dir='ltr'>ἁνέόαλεν</span> <span class='ocrx_word' id='word_1_320' title='bbox 1151 2459 1198 2492; x_wconf 71' lang='grc'>⁸⁷</span> <span class='ocrx_word' id='word_1_321' title='bbox 1236 2459 1449 2513; x_wconf 74' lang='grc' dir='ltr'>ἑαυτόν.</span> <span class='ocrx_word' id='word_1_322' title='bbox 1482 2459 1525 2510; x_wconf 89' lang='grc' dir='ltr'>Τ</span> <span class='ocrx_word' id='word_1_323' title='bbox 1528 2457 1652 2511; x_wconf 81' lang='grc' dir='ltr'>οῢτο</span> <span class='ocrx_word' id='word_1_324' title='bbox 1677 2457 1732 2510; x_wconf 79' lang='grc' dir='ltr'><strong>δέ</strong></span> <span class='ocrx_word' id='word_1_325' title='bbox 1765 2456 1864 2510; x_wconf 71' lang='grc' dir='ltr'>οὐκ</span> <span class='ocrx_word' id='word_1_326' title='bbox 1893 2449 2049 2508; x_wconf 72' lang='grc' dir='ltr'>εἶπεν</span> 
     </span>
    </p>
   </div>
   <div class='ocr_carea' id='block_1_43' title="bbox 470 2549 2056 2624">
    <p class='ocr_par' dir='ltr' id='par_1_43' title="bbox 470 2549 2056 2624">
     <span class='ocr_line' id='line_1_43' title="bbox 470 2549 2056 2624; baseline -0.004 -16"><span class='ocrx_word' id='word_1_327' title='bbox 470 2557 498 2607; x_wconf 91' lang='grc' dir='ltr'>ὁ</span> <span class='ocrx_word' id='word_1_328' title='bbox 556 2553 826 2621; x_wconf 79' lang='grc' dir='ltr'>ἄγγελος·</span> <span class='ocrx_word' id='word_1_329' title='bbox 868 2552 1005 2607; x_wconf 80' lang='grc' dir='ltr'>ἀλλὰ</span> <span class='ocrx_word' id='word_1_330' title='bbox 1045 2552 1104 2606; x_wconf 85' lang='grc' dir='ltr'>τὸ</span> <span class='ocrx_word' id='word_1_331' title='bbox 1146 2555 1272 2624; x_wconf 81' lang='grc' dir='ltr'>σιγῇ</span> <span class='ocrx_word' id='word_1_332' title='bbox 1331 2550 1663 2620; x_wconf 79' lang='grc' dir='ltr'>ἀποστῆσαι,</span> <span class='ocrx_word' id='word_1_333' title='bbox 1721 2549 1814 2602; x_wconf 73' lang='grc' dir='ltr'>καὶ</span> <span class='ocrx_word' id='word_1_334' title='bbox 1861 2549 2056 2612; x_wconf 83' lang='grc' dir='ltr'>νυκτὸς</span> 
     </span>
    </p>
   </div>
   <div class='ocr_carea' id='block_1_44' title="bbox 474 2639 2060 2714">
    <p class='ocr_par' dir='ltr' id='par_1_44' title="bbox 474 2639 2060 2714">
     <span class='ocr_line' id='line_1_44' title="bbox 474 2639 2060 2714; baseline -0.003 -18"><span class='ocrx_word' id='word_1_335' title='bbox 474 2644 787 2712; x_wconf 74' lang='grc' dir='ltr'><strong>ἐξαγαγεῖν,</strong></span> <span class='ocrx_word' id='word_1_336' title='bbox 810 2643 1010 2696; x_wconf 75' lang='grc' dir='ltr'>ἔδωκεν</span> <span class='ocrx_word' id='word_1_337' title='bbox 1028 2641 1281 2710; x_wconf 78' lang='grc' dir='ltr'>ἐξουσίαν</span> <span class='ocrx_word' id='word_1_338' title='bbox 1306 2642 1662 2714; x_wconf 79' lang='grc' dir='ltr'>ἀναχωρῆσαι</span> <span class='ocrx_word' id='word_1_339' title='bbox 1684 2656 1700 2672; x_wconf 78' lang='grc' dir='ltr'><strong>ο</strong></span> <span class='ocrx_word' id='word_1_340' title='bbox 1723 2639 1846 2692; x_wconf 73' lang='grc' dir='ltr'>ἐπεὶ</span> <span class='ocrx_word' id='word_1_341' title='bbox 1871 2640 2060 2692; x_wconf 81' lang='grc' dir='ltr'>κάκεῖ-</span> 
     </span>
    </p>
   </div>
   <div class='ocr_carea' id='block_1_45' title="bbox 471 2729 2056 2803">
    <p class='ocr_par' dir='ltr' id='par_1_45' title="bbox 471 2729 2056 2803">
     <span class='ocr_line' id='line_1_45' title="bbox 471 2729 2056 2803; baseline -0.003 -15"><span class='ocrx_word' id='word_1_342' title='bbox 471 2751 553 2788; x_wconf 89' lang='grc' dir='ltr'><strong>νοι</strong></span> <span class='ocrx_word' id='word_1_343' title='bbox 604 2734 760 2788; x_wconf 71' lang='lat' dir='ltr'><strong>i’rre“</strong></span> <span class='ocrx_word' id='word_1_344' title='bbox 803 2733 1209 2802; x_wconf 77' lang='grc' dir='ltr'>ἐκελεύσθησαν</span> <span class='ocrx_word' id='word_1_345' title='bbox 1290 2731 1576 2803; x_wconf 78' lang='grc' dir='ltr'>ἐποίησαν.</span> <span class='ocrx_word' id='word_1_346' title='bbox 1638 2729 2056 2796; x_wconf 73' lang='grc' dir='ltr'>Εἰσελθόντες,</span> 
     </span>
    </p>
   </div>
   <div class='ocr_carea' id='block_1_46' title="bbox 473 2821 1555 2898">
    <p class='ocr_par' dir='ltr' id='par_1_46' title="bbox 473 2821 1555 2898">
     <span class='ocr_line' id='line_1_46' title="bbox 473 2821 1555 2898; baseline -0.003 -19"><span class='ocrx_word' id='word_1_347' title='bbox 473 2827 628 2898; x_wconf 74' lang='grc' dir='ltr'>φησὶ,</span> <span class='ocrx_word' id='word_1_348' title='bbox 651 2824 894 2879; x_wconf 79' lang='grc' dir='ltr'>λαλεῖτε</span> <span class='ocrx_word' id='word_1_349' title='bbox 921 2824 990 2878; x_wconf 81' lang='grc' dir='ltr'><strong>ἐν</strong></span> <span class='ocrx_word' id='word_1_350' title='bbox 1018 2824 1098 2889; x_wconf 87' lang='grc' dir='ltr'>τῷ</span> <span class='ocrx_word' id='word_1_351' title='bbox 1128 2823 1262 2892; x_wconf 76' lang='grc' dir='ltr'><strong>[ερῷ</strong></span> <span class='ocrx_word' id='word_1_352' title='bbox 1294 2823 1376 2890; x_wconf 87' lang='grc' dir='ltr'>τῷ</span> <span class='ocrx_word' id='word_1_353' title='bbox 1407 2821 1555 2888; x_wconf 83' lang='grc' dir='ltr'>λαῷ.</span> 
     </span>
    </p>
   </div>
   <div class='ocr_carea' id='block_1_47' title="bbox 2159 1898 3737 1974">
    <p class='ocr_par' dir='ltr' id='par_1_47' title="bbox 2159 1898 3737 1974">
     <span class='ocr_line' id='line_1_47' title="bbox 2159 1898 3737 1974; baseline 0.001 -21"><span class='ocrx_word' id='word_1_354' title='bbox 2159 1898 2403 1967; x_wconf 81' lang='lat' dir='ltr'><strong>expellit,</strong></span> <span class='ocrx_word' id='word_1_355' title='bbox 2437 1900 2509 1954; x_wconf 84' lang='lat' dir='ltr'><strong>ita</strong></span> <span class='ocrx_word' id='word_1_356' title='bbox 2548 1902 2711 1956; x_wconf 89' lang='lat' dir='ltr'><strong>etiam</strong></span> <span class='ocrx_word' id='word_1_357' title='bbox 2742 1901 3089 1974; x_wconf 83' lang='lat' dir='ltr'><strong>lacrytnabile</strong></span> <span class='ocrx_word' id='word_1_358' title='bbox 3153 1917 3216 1958; x_wconf 89' lang='lat' dir='ltr'><strong>ac</strong></span> <span class='ocrx_word' id='word_1_359' title='bbox 3240 1901 3491 1957; x_wconf 84' lang='lat' dir='ltr'><strong>foetidum</strong></span> <span class='ocrx_word' id='word_1_360' title='bbox 3537 1913 3737 1971; x_wconf 84' lang='lat' dir='ltr'><strong>pecca-</strong></span> 
     </span>
    </p>
   </div>
   <div class='ocr_carea' id='block_1_48' title="bbox 2158 1992 3740 2063">
    <p class='ocr_par' dir='ltr' id='par_1_48' title="bbox 2158 1992 3740 2063">
     <span class='ocr_line' id='line_1_48' title="bbox 2158 1992 3740 2063; baseline 0.001 -19"><span class='ocrx_word' id='word_1_361' title='bbox 2158 1999 2272 2044; x_wconf 87' lang='lat' dir='ltr'><strong>tum</strong></span> <span class='ocrx_word' id='word_1_362' title='bbox 2297 1993 2546 2062; x_wconf 86' lang='lat' dir='ltr'><strong>angelum</strong></span> <span class='ocrx_word' id='word_1_363' title='bbox 2574 1995 2698 2050; x_wconf 67' lang='lat' dir='ltr'><strong>vitae</strong></span> <span class='ocrx_word' id='word_1_364' title='bbox 2727 2003 2925 2051; x_wconf 73' lang='lat' dir='ltr'><strong>nostra:</strong></span> <span class='ocrx_word' id='word_1_365' title='bbox 2955 1995 3229 2051; x_wconf 89' lang='lat' dir='ltr'><strong>abalienat</strong></span> <span class='ocrx_word' id='word_1_366' title='bbox 3253 2009 3283 2049; x_wconf 88' lang='lat' dir='ltr'><strong>a</strong></span> <span class='ocrx_word' id='word_1_367' title='bbox 3316 1993 3503 2059; x_wconf 87' lang='lat' dir='ltr'><strong>nobis,</strong></span> <span class='ocrx_word' id='word_1_368' title='bbox 3526 2008 3591 2048; x_wconf 89' lang='lat' dir='ltr'><strong>ac</strong></span> <span class='ocrx_word' id='word_1_369' title='bbox 3620 1992 3740 2063; x_wconf 88' lang='lat' dir='ltr'><strong>pel-</strong></span> 
     </span>
    </p>
   </div>
   <div class='ocr_carea' id='block_1_49' title="bbox 2157 2081 3736 2158">
    <p class='ocr_par' dir='ltr' id='par_1_49' title="bbox 2157 2081 3736 2158">
     <span class='ocr_line' id='line_1_49' title="bbox 2157 2081 3736 2158; baseline 0.003 -24"><span class='ocrx_word' id='word_1_370' title='bbox 2157 2081 2241 2136; x_wconf 90' lang='lat' dir='ltr'><strong>lit.</strong></span> <span class='ocrx_word' id='word_1_371' title='bbox 2266 2082 2344 2137; x_wconf 89' lang='lat' dir='ltr'><strong>llli</strong></span> <span class='ocrx_word' id='word_1_372' title='bbox 2392 2100 2522 2140; x_wconf 88' lang='lat' dir='ltr'><strong>vero</strong></span> <span class='ocrx_word' id='word_1_373' title='bbox 2554 2087 2656 2142; x_wconf 91' lang='lat' dir='ltr'><strong>hoc</strong></span> <span class='ocrx_word' id='word_1_374' title='bbox 2700 2087 2774 2141; x_wconf 88' lang='lat' dir='ltr'><strong>ita</strong></span> <span class='ocrx_word' id='word_1_375' title='bbox 2798 2102 2920 2143; x_wconf 90' lang='lat' dir='ltr'><strong>esse</strong></span> <span class='ocrx_word' id='word_1_376' title='bbox 2947 2088 3240 2158; x_wconf 85' lang='lat' dir='ltr'><strong>sperabant</strong></span> <span class='ocrx_word' id='word_1_377' title='bbox 3263 2087 3332 2141; x_wconf 88' lang='lat' dir='ltr'><strong>ab</strong></span> <span class='ocrx_word' id='word_1_378' title='bbox 3355 2087 3448 2141; x_wconf 90' lang='lat' dir='ltr'><strong>illo</strong></span> <span class='ocrx_word' id='word_1_379' title='bbox 3475 2085 3736 2154; x_wconf 86' lang='lat' dir='ltr'><strong>temporis</strong></span> 
     </span>
    </p>
   </div>
   <div class='ocr_carea' id='block_1_50' title="bbox 2155 2173 3737 2250">
    <p class='ocr_par' dir='ltr' id='par_1_50' title="bbox 2155 2173 3737 2250">
     <span class='ocr_line' id='line_1_50' title="bbox 2155 2173 3737 2250; baseline 0.001 -22"><span class='ocrx_word' id='word_1_380' title='bbox 2155 2173 2385 2230; x_wconf 88' lang='lat' dir='ltr'><strong>articulo</strong></span> <span class='ocrx_word' id='word_1_381' title='bbox 2424 2188 2478 2232; x_wconf 87' lang='lat' dir='ltr'><strong>et</strong></span> <span class='ocrx_word' id='word_1_382' title='bbox 2508 2188 2653 2234; x_wconf 89' lang='lat' dir='ltr'><strong>statu</strong></span> <span class='ocrx_word' id='word_1_383' title='bbox 2706 2181 3076 2250; x_wconf 83' lang='lat' dir='ltr'><strong>conjecturam</strong></span> <span class='ocrx_word' id='word_1_384' title='bbox 3136 2178 3418 2235; x_wconf 75' lang='lat' dir='ltr'><strong>iacientes.</strong></span> <span class='ocrx_word' id='word_1_385' title='bbox 3444 2181 3535 2233; x_wconf 81' lang='lat' dir='ltr'><strong>Ait</strong></span> <span class='ocrx_word' id='word_1_386' title='bbox 3586 2177 3737 2233; x_wconf 90' lang='lat' dir='ltr'><strong>enim</strong></span> 
     </span>
    </p>
   </div>
   <div class='ocr_carea' id='block_1_51' title="bbox 2158 2269 3739 2343">
    <p class='ocr_par' dir='ltr' id='par_1_51' title="bbox 2158 2269 3739 2343">
     <span class='ocr_line' id='line_1_51' title="bbox 2158 2269 3739 2343; baseline -0.001 -20"><span class='ocrx_word' id='word_1_387' title='bbox 2158 2269 2409 2324; x_wconf 89' lang='lat' dir='ltr'><strong>Christus</strong></span> <span class='ocrx_word' id='word_1_388' title='bbox 2442 2287 2456 2322; x_wconf 87' lang='lat'><strong>:</strong></span> <span class='ocrx_word' id='word_1_389' title='bbox 2481 2270 2575 2325; x_wconf 89' lang='lat' dir='ltr'><strong>Ubi</strong></span> <span class='ocrx_word' id='word_1_390' title='bbox 2604 2271 2709 2324; x_wconf 87' lang='lat' dir='ltr'><strong>duo</strong></span> <span class='ocrx_word' id='word_1_391' title='bbox 2739 2272 2816 2326; x_wconf 87' lang='lat' dir='ltr'><strong>vel</strong></span> <span class='ocrx_word' id='word_1_392' title='bbox 2845 2281 2947 2326; x_wconf 87' lang='lat' dir='ltr'><strong>tres</strong></span> <span class='ocrx_word' id='word_1_393' title='bbox 2970 2273 3270 2343; x_wconf 80' lang='lat' dir='ltr'><strong>congregati</strong></span> <span class='ocrx_word' id='word_1_394' title='bbox 3299 2272 3497 2327; x_wconf 80' lang='lat' dir='ltr'><strong>suntin</strong></span> <span class='ocrx_word' id='word_1_395' title='bbox 3526 2269 3739 2325; x_wconf 77' lang='lat' dir='ltr'><strong>nomine</strong></span> 
     </span>
    </p>
   </div>
   <div class='ocr_carea' id='block_1_52' title="bbox 2161 2361 3740 2426">
    <p class='ocr_par' dir='ltr' id='par_1_52' title="bbox 2161 2361 3740 2426">
     <span class='ocr_line' id='line_1_52' title="bbox 2161 2361 3740 2426; baseline 0.003 -12"><span class='ocrx_word' id='word_1_396' title='bbox 2161 2361 2425 2426; x_wconf 90' lang='lat' dir='ltr'><strong>meo,illic</strong></span> <span class='ocrx_word' id='word_1_397' title='bbox 2453 2379 2568 2416; x_wconf 83' lang='lat' dir='ltr'><strong>sum</strong></span> <span class='ocrx_word' id='word_1_398' title='bbox 2620 2365 2675 2417; x_wconf 89' lang='lat' dir='ltr'><strong>in</strong></span> <span class='ocrx_word' id='word_1_399' title='bbox 2727 2365 3123 2425; x_wconf 73' lang='lat' dir='ltr'><strong>medioeorum</strong></span> <span class='ocrx_word' id='word_1_400' title='bbox 3149 2365 3218 2419; x_wconf 77' lang='lat'><strong>“.</strong></span> <span class='ocrx_word' id='word_1_401' title='bbox 3274 2363 3377 2420; x_wconf 89' lang='lat' dir='ltr'><strong>Ubi</strong></span> <span class='ocrx_word' id='word_1_402' title='bbox 3443 2371 3626 2418; x_wconf 89' lang='lat' dir='ltr'><strong>autem</strong></span> <span class='ocrx_word' id='word_1_403' title='bbox 3651 2371 3740 2418; x_wconf 88' lang='lat' dir='ltr'><strong>est</strong></span> 
     </span>
    </p>
   </div>
   <div class='ocr_carea' id='block_1_53' title="bbox 2160 2451 3741 2527">
    <p class='ocr_par' dir='ltr' id='par_1_53' title="bbox 2160 2451 3741 2527">
     <span class='ocr_line' id='line_1_53' title="bbox 2160 2451 3741 2527; baseline -0.001 -18"><span class='ocrx_word' id='word_1_404' title='bbox 2160 2451 2432 2516; x_wconf 87' lang='lat' dir='ltr'><strong>Christus,</strong></span> <span class='ocrx_word' id='word_1_405' title='bbox 2480 2469 2708 2510; x_wconf 85' lang='lat' dir='ltr'><strong>necesse</strong></span> <span class='ocrx_word' id='word_1_406' title='bbox 2758 2465 2840 2512; x_wconf 90' lang='lat' dir='ltr'><strong>est</strong></span> <span class='ocrx_word' id='word_1_407' title='bbox 2867 2456 3031 2510; x_wconf 88' lang='lat' dir='ltr'><strong>etiam</strong></span> <span class='ocrx_word' id='word_1_408' title='bbox 3092 2470 3215 2512; x_wconf 90' lang='lat' dir='ltr'><strong>esse</strong></span> <span class='ocrx_word' id='word_1_409' title='bbox 3277 2456 3654 2527; x_wconf 80' lang='lat' dir='ltr'><strong>archangelos,</strong></span> <span class='ocrx_word' id='word_1_410' title='bbox 3683 2461 3741 2509; x_wconf 90' lang='lat' dir='ltr'><strong>et</strong></span> 
     </span>
    </p>
   </div>
   <div class='ocr_carea' id='block_1_54' title="bbox 2163 2548 3740 2616">
    <p class='ocr_par' dir='ltr' id='par_1_54' title="bbox 2163 2548 3740 2616">
     <span class='ocr_line' id='line_1_54' title="bbox 2163 2548 3740 2616; baseline 0 -16"><span class='ocrx_word' id='word_1_411' title='bbox 2163 2553 2388 2600; x_wconf 60' lang='lat' dir='ltr'><strong>casteras</strong></span> <span class='ocrx_word' id='word_1_412' title='bbox 2412 2556 2730 2616; x_wconf 85' lang='lat' dir='ltr'><strong>potestates.</strong></span> <span class='ocrx_word' id='word_1_413' title='bbox 2780 2548 2932 2603; x_wconf 76' lang='lat' dir='ltr'><strong>Dixit</strong></span> <span class='ocrx_word' id='word_1_414' title='bbox 2970 2558 3145 2604; x_wconf 87' lang='lat' dir='ltr'><strong>autem</strong></span> <span class='ocrx_word' id='word_1_415' title='bbox 3178 2567 3196 2604; x_wconf 89' lang='lat'><em>:</em></span> <span class='ocrx_word' id='word_1_416' title='bbox 3243 2551 3500 2605; x_wconf 81' lang='lat' dir='ltr'><strong>Nuntiate</strong></span> <span class='ocrx_word' id='word_1_417' title='bbox 3545 2549 3740 2604; x_wconf 77' lang='lat' dir='ltr'><strong>Iacobo</strong></span> 
     </span>
    </p>
   </div>
   <div class='ocr_carea' id='block_1_55' title="bbox 2163 2639 3740 2715">
    <p class='ocr_par' dir='ltr' id='par_1_55' title="bbox 2163 2639 3740 2715">
     <span class='ocr_line' id='line_1_55' title="bbox 2163 2639 3740 2715; baseline 0.004 -24"><span class='ocrx_word' id='word_1_418' title='bbox 2163 2647 2213 2691; x_wconf 88' lang='lat' dir='ltr'><strong>et</strong></span> <span class='ocrx_word' id='word_1_419' title='bbox 2277 2639 2532 2709; x_wconf 78' lang='lat' dir='ltr'><strong>fratribus</strong></span> <span class='ocrx_word' id='word_1_420' title='bbox 2569 2646 2701 2694; x_wconf 71' lang='lat' dir='ltr'><strong>liter.</strong></span> <span class='ocrx_word' id='word_1_421' title='bbox 2729 2641 2901 2708; x_wconf 86' lang='lat' dir='ltr'><strong>Quam</strong></span> <span class='ocrx_word' id='word_1_422' title='bbox 2950 2657 3061 2697; x_wconf 91' lang='lat' dir='ltr'><strong>non</strong></span> <span class='ocrx_word' id='word_1_423' title='bbox 3088 2651 3171 2700; x_wconf 88' lang='lat' dir='ltr'><strong>est</strong></span> <span class='ocrx_word' id='word_1_424' title='bbox 3194 2659 3347 2700; x_wconf 70' lang='lat' dir='ltr'><strong>vanae</strong></span> <span class='ocrx_word' id='word_1_425' title='bbox 3377 2643 3561 2715; x_wconf 81' lang='lat' dir='ltr'><strong>gloriae</strong></span> <span class='ocrx_word' id='word_1_426' title='bbox 3608 2642 3740 2697; x_wconf 84' lang='lat' dir='ltr'><strong>aD‘e-</strong></span> 
     </span>
    </p>
   </div>
   <div class='ocr_carea' id='block_1_56' title="bbox 2165 2729 3741 2794">
    <p class='ocr_par' dir='ltr' id='par_1_56' title="bbox 2165 2729 3741 2794">
     <span class='ocr_line' id='line_1_56' title="bbox 2165 2729 3741 2794; baseline 0.006 -10"><span class='ocrx_word' id='word_1_427' title='bbox 2165 2729 2370 2784; x_wconf 89' lang='lat' dir='ltr'><strong>ctator!</strong></span> <span class='ocrx_word' id='word_1_428' title='bbox 2401 2729 2519 2784; x_wconf 82' lang='lat' dir='ltr'><strong>Non</strong></span> <span class='ocrx_word' id='word_1_429' title='bbox 2542 2732 2686 2786; x_wconf 90' lang='lat' dir='ltr'><strong>enim</strong></span> <span class='ocrx_word' id='word_1_430' title='bbox 2723 2733 2860 2788; x_wconf 82' lang='lat' dir='ltr'><strong>dixit</strong></span> <span class='ocrx_word' id='word_1_431' title='bbox 2904 2751 2918 2788; x_wconf 89' lang='lat'>:</span> <span class='ocrx_word' id='word_1_432' title='bbox 2960 2732 3098 2794; x_wconf 84' lang='lat' dir='ltr'><strong>Nota</strong></span> <span class='ocrx_word' id='word_1_433' title='bbox 3127 2736 3241 2791; x_wconf 62' lang='lat' dir='ltr'><strong>haec</strong></span> <span class='ocrx_word' id='word_1_434' title='bbox 3273 2735 3434 2791; x_wconf 89' lang='lat' dir='ltr'><strong>facite</strong></span> <span class='ocrx_word' id='word_1_435' title='bbox 3464 2735 3741 2793; x_wconf 85' lang='lat' dir='ltr'><strong>omnibus.</strong></span> 
     </span>
    </p>
   </div>
   <div class='ocr_carea' id='block_1_57' title="bbox 2163 2820 3744 2900">
    <p class='ocr_par' dir='ltr' id='par_1_57' title="bbox 2163 2820 3744 2900">
     <span class='ocr_line' id='line_1_57' title="bbox 2163 2820 3744 2900; baseline 0.003 -26"><span class='ocrx_word' id='word_1_436' title='bbox 2163 2820 2258 2890; x_wconf 90' lang='lat' dir='ltr'><strong>qui</strong></span> <span class='ocrx_word' id='word_1_437' title='bbox 2299 2820 2499 2892; x_wconf 87' lang='lat' dir='ltr'><strong>ubique</strong></span> <span class='ocrx_word' id='word_1_438' title='bbox 2547 2834 2694 2888; x_wconf 89' lang='lat' dir='ltr'><strong>sunt,</strong></span> <span class='ocrx_word' id='word_1_439' title='bbox 2719 2825 2812 2880; x_wconf 90' lang='lat' dir='ltr'><strong>sed</strong></span> <span class='ocrx_word' id='word_1_440' title='bbox 2841 2825 3114 2896; x_wconf 74' lang='lat' dir='ltr'><strong>fratribus.</strong></span> <span class='ocrx_word' id='word_1_441' title='bbox 3134 2828 3204 2882; x_wconf 89' lang='lat' dir='ltr'><strong>Et</strong></span> <span class='ocrx_word' id='word_1_442' title='bbox 3233 2844 3465 2900; x_wconf 86' lang='lat' dir='ltr'><strong>egressus</strong></span> <span class='ocrx_word' id='word_1_443' title='bbox 3513 2826 3744 2898; x_wconf 71' lang='lat' dir='ltr'><strong>perrexit</strong></span> 
     </span>
    </p>
   </div>
   <div class='ocr_carea' id='block_1_58' title="bbox 475 2914 3744 2992">
    <p class='ocr_par' dir='ltr' id='par_1_58' title="bbox 475 2914 3744 2992">
     <span class='ocr_line' id='line_1_58' title="bbox 475 2914 3744 2992; baseline 0.002 -21"><span class='ocrx_word' id='word_1_444' title='bbox 475 2917 530 2971; x_wconf 85' lang='lat' dir='ltr'><strong>in</strong></span> <span class='ocrx_word' id='word_1_445' title='bbox 559 2921 728 2974; x_wconf 87' lang='lat' dir='ltr'><strong>alium</strong></span> <span class='ocrx_word' id='word_1_446' title='bbox 754 2922 945 2975; x_wconf 84' lang='lat' dir='ltr'><strong>locum.</strong></span> <span class='ocrx_word' id='word_1_447' title='bbox 977 2921 1097 2975; x_wconf 87' lang='lat' dir='ltr'><strong>Non</strong></span> <span class='ocrx_word' id='word_1_448' title='bbox 1126 2921 1272 2975; x_wconf 90' lang='lat' dir='ltr'><strong>enim</strong></span> <span class='ocrx_word' id='word_1_449' title='bbox 1304 2918 1476 2975; x_wconf 90' lang='lat' dir='ltr'><strong>Deum</strong></span> <span class='ocrx_word' id='word_1_450' title='bbox 1501 2919 1765 2983; x_wconf 90' lang='lat' dir='ltr'><strong>tentabat,</strong></span> <span class='ocrx_word' id='word_1_451' title='bbox 1795 2931 1975 2986; x_wconf 90' lang='lat' dir='ltr'><strong>neque</strong></span> <span class='ocrx_word' id='word_1_452' title='bbox 1998 2915 2055 2970; x_wconf 91' lang='lat' dir='ltr'><strong>in</strong></span> <span class='ocrx_word' id='word_1_453' title='bbox 2095 2914 2425 2989; x_wconf 78' lang='lat' dir='ltr'><strong>tentationes</strong></span> <span class='ocrx_word' id='word_1_454' title='bbox 2494 2919 2849 2990; x_wconf 86' lang='lat' dir='ltr'><strong>semetipsum</strong></span> <span class='ocrx_word' id='word_1_455' title='bbox 2894 2922 3193 2992; x_wconf 87' lang='lat' dir='ltr'><strong>injiciebat.</strong></span> <span class='ocrx_word' id='word_1_456' title='bbox 3251 2925 3365 2980; x_wconf 85' lang='lat' dir='ltr'><strong>Hoc</strong></span> <span class='ocrx_word' id='word_1_457' title='bbox 3388 2936 3570 2980; x_wconf 89' lang='lat' dir='ltr'><strong>autem</strong></span> <span class='ocrx_word' id='word_1_458' title='bbox 3631 2939 3744 2978; x_wconf 89' lang='lat' dir='ltr'><strong>non</strong></span> 
     </span>
    </p>
   </div>
   <div class='ocr_carea' id='block_1_59' title="bbox 475 3006 3744 3088">
    <p class='ocr_par' dir='ltr' id='par_1_59' title="bbox 475 3006 3744 3088">
     <span class='ocr_line' id='line_1_59' title="bbox 475 3006 3744 3088; baseline 0.001 -23"><span class='ocrx_word' id='word_1_459' title='bbox 475 3013 688 3068; x_wconf 79' lang='lat' dir='ltr'><strong>dixerat</strong></span> <span class='ocrx_word' id='word_1_460' title='bbox 718 3014 967 3084; x_wconf 78' lang='lat' dir='ltr'><strong>angelus,</strong></span> <span class='ocrx_word' id='word_1_461' title='bbox 999 3013 1096 3068; x_wconf 91' lang='lat' dir='ltr'><strong>sed</strong></span> <span class='ocrx_word' id='word_1_462' title='bbox 1121 3014 1264 3083; x_wconf 92' lang='lat' dir='ltr'><strong>quod</strong></span> <span class='ocrx_word' id='word_1_463' title='bbox 1289 3013 1508 3068; x_wconf 87' lang='lat' dir='ltr'><strong>silentio</strong></span> <span class='ocrx_word' id='word_1_464' title='bbox 1576 3009 1928 3067; x_wconf 89' lang='lat' dir='ltr'><strong>discedebat:</strong></span> <span class='ocrx_word' id='word_1_465' title='bbox 1987 3006 2134 3077; x_wconf 89' lang='lat' dir='ltr'><strong>quod</strong></span> <span class='ocrx_word' id='word_1_466' title='bbox 2173 3015 2338 3062; x_wconf 90' lang='lat' dir='ltr'><strong>noctu</strong></span> <span class='ocrx_word' id='word_1_467' title='bbox 2392 3009 2655 3065; x_wconf 83' lang='lat' dir='ltr'><strong>eduxerat</strong></span> <span class='ocrx_word' id='word_1_468' title='bbox 2692 3029 2706 3066; x_wconf 89' lang='lat'><strong>:</strong></span> <span class='ocrx_word' id='word_1_469' title='bbox 2737 3011 2822 3067; x_wconf 86' lang='lat' dir='ltr'><strong>his</strong></span> <span class='ocrx_word' id='word_1_470' title='bbox 2869 3014 3032 3068; x_wconf 90' lang='lat' dir='ltr'><strong>rebus</strong></span> <span class='ocrx_word' id='word_1_471' title='bbox 3065 3014 3214 3071; x_wconf 85' lang='lat' dir='ltr'><strong>dedit</strong></span> <span class='ocrx_word' id='word_1_472' title='bbox 3242 3016 3291 3071; x_wconf 92' lang='lat' dir='ltr'><strong>ei</strong></span> <span class='ocrx_word' id='word_1_473' title='bbox 3332 3025 3654 3088; x_wconf 90' lang='lat' dir='ltr'><strong>potestatem</strong></span> <span class='ocrx_word' id='word_1_474' title='bbox 3680 3032 3744 3070; x_wconf 87' lang='lat' dir='ltr'><strong>ac</strong></span> 
     </span>
    </p>
   </div>
   <div class='ocr_carea' id='block_1_60' title="bbox 478 3095 3716 3180">
    <p class='ocr_par' dir='ltr' id='par_1_60' title="bbox 478 3095 3716 3180">
     <span class='ocr_line' id='line_1_60' title="bbox 478 3095 3716 3180; baseline -0 -18"><span class='ocrx_word' id='word_1_475' title='bbox 478 3106 788 3162; x_wconf 81' lang='lat' dir='ltr'><strong>facultatem</strong></span> <span class='ocrx_word' id='word_1_476' title='bbox 818 3107 1116 3162; x_wconf 84' lang='lat' dir='ltr'><strong>recedenti.</strong></span> <span class='ocrx_word' id='word_1_477' title='bbox 1144 3104 1278 3160; x_wconf 85' lang='lat' dir='ltr'><strong>Nam</strong></span> <span class='ocrx_word' id='word_1_478' title='bbox 1310 3112 1363 3158; x_wconf 92' lang='lat' dir='ltr'><strong>et</strong></span> <span class='ocrx_word' id='word_1_479' title='bbox 1390 3103 1465 3157; x_wconf 88' lang='lat' dir='ltr'><strong>illi</strong></span> <span class='ocrx_word' id='word_1_480' title='bbox 1533 3103 1677 3172; x_wconf 89' lang='lat' dir='ltr'><strong>quod</strong></span> <span class='ocrx_word' id='word_1_481' title='bbox 1707 3100 1845 3173; x_wconf 88' lang='lat' dir='ltr'><strong>jussi</strong></span> <span class='ocrx_word' id='word_1_482' title='bbox 1879 3105 2056 3162; x_wconf 87' lang='lat' dir='ltr'><strong>erant,</strong></span> <span class='ocrx_word' id='word_1_483' title='bbox 2097 3095 2367 3153; x_wconf 88' lang='lat' dir='ltr'><strong>fecerunt.</strong></span> <span class='ocrx_word' id='word_1_484' title='bbox 2401 3097 2659 3170; x_wconf 82' lang='lat' dir='ltr'><strong>lngressi,</strong></span> <span class='ocrx_word' id='word_1_485' title='bbox 2683 3100 2876 3172; x_wconf 90' lang='lat' dir='ltr'><strong>inquit,</strong></span> <span class='ocrx_word' id='word_1_486' title='bbox 2911 3105 2965 3156; x_wconf 88' lang='lat' dir='ltr'><strong>in</strong></span> <span class='ocrx_word' id='word_1_487' title='bbox 2987 3105 3259 3175; x_wconf 83' lang='lat' dir='ltr'><strong>templum,</strong></span> <span class='ocrx_word' id='word_1_488' title='bbox 3320 3108 3597 3180; x_wconf 77' lang='lat' dir='ltr'><strong>loquimini</strong></span> <span class='ocrx_word' id='word_1_489' title='bbox 3650 3126 3716 3179; x_wconf 90' lang='lat' dir='ltr'><strong>po</strong></span> 
     </span>
    </p>
   </div>
   <div class='ocr_carea' id='block_1_61' title="bbox 479 3198 622 3268">
    <p class='ocr_par' dir='ltr' id='par_1_61' title="bbox 479 3198 622 3268">
     <span class='ocr_line' id='line_1_61' title="bbox 479 3198 622 3268; baseline -0.007 -16"><span class='ocrx_word' id='word_1_490' title='bbox 479 3198 622 3268; x_wconf 81' lang='lat' dir='ltr'><strong>pulo.</strong></span> 
     </span>
    </p>
   </div>
   <div class='ocr_carea' id='block_1_62' title="bbox 565 3282 2052 3361">
    <p class='ocr_par' dir='ltr' id='par_1_62' title="bbox 565 3282 2052 3360">
     <span class='ocr_line' id='line_1_62' title="bbox 565 3282 2052 3360; baseline 0.022 -20"><span class='ocrx_word' id='word_1_491' title='bbox 565 3289 834 3360; x_wconf 79' lang='grc' dir='ltr'>ἸΙρώδης</span> <span class='ocrx_word' id='word_1_492' title='bbox 869 3289 939 3344; x_wconf 86' lang='grc' dir='ltr'>δὲ</span> <span class='ocrx_word' id='word_1_493' title='bbox 970 3287 1334 3358; x_wconf 67' lang='grc' dir='ltr'><strong>ἐπιζητήσας</strong></span> <span class='ocrx_word' id='word_1_494' title='bbox 1363 3286 1573 3352; x_wconf 58' lang='grc' dir='ltr'>αὑτὸν,</span> <span class='ocrx_word' id='word_1_495' title='bbox 1603 3285 1701 3340; x_wconf 68' lang='grc' dir='ltr'><strong>καὶ</strong></span> <span class='ocrx_word' id='word_1_496' title='bbox 1724 3285 1811 3354; x_wconf 66' lang='grc' dir='ltr'><strong>μὴ</strong></span> <span class='ocrx_word' id='word_1_497' title='bbox 1843 3282 2052 3352; x_wconf 70' lang='grc' dir='ltr'><strong>εὑρὼν¹</strong></span> 
     </span>
    </p>
   </div>
   <div class='ocr_carea' id='block_1_63' title="bbox 2158 3282 3743 3361">
    <p class='ocr_par' dir='ltr' id='par_1_63' title="bbox 2236 3283 3743 3361">
     <span class='ocr_line' id='line_1_63' title="bbox 2236 3283 3743 3361; baseline 0.008 -23"><span class='ocrx_word' id='word_1_498' title='bbox 2236 3283 2400 3341; x_wconf 73' lang='lat' dir='ltr'><strong>Vens.</strong></span> <span class='ocrx_word' id='word_1_499' title='bbox 2428 3285 2516 3347; x_wconf 75' lang='lat'><strong>19.</strong></span> <span class='ocrx_word' id='word_1_500' title='bbox 2553 3287 2622 3341; x_wconf 84' lang='lat' dir='ltr'><strong>At</strong></span> <span class='ocrx_word' id='word_1_501' title='bbox 2661 3290 2898 3344; x_wconf 85' lang='lat' dir='ltr'><strong>Herodes</strong></span> <span class='ocrx_word' id='word_1_502' title='bbox 2926 3305 3044 3343; x_wconf 88' lang='lat' dir='ltr'><strong>cum</strong></span> <span class='ocrx_word' id='word_1_503' title='bbox 3073 3292 3369 3361; x_wconf 72' lang='lat' dir='ltr'><strong>requisisset</strong></span> <span class='ocrx_word' id='word_1_504' title='bbox 3399 3311 3537 3361; x_wconf 90' lang='lat' dir='ltr'><strong>eum,</strong></span> <span class='ocrx_word' id='word_1_505' title='bbox 3564 3306 3613 3350; x_wconf 90' lang='lat' dir='ltr'><strong>et</strong></span> <span class='ocrx_word' id='word_1_506' title='bbox 3643 3313 3743 3350; x_wconf 90' lang='lat' dir='ltr'><strong>non</strong></span> 
     </span>
    </p>
   </div>
   <div class='ocr_carea' id='block_1_64' title="bbox 480 3377 2056 3454">
    <p class='ocr_par' dir='ltr' id='par_1_64' title="bbox 480 3377 2056 3454">
     <span class='ocr_line' id='line_1_64' title="bbox 480 3377 2056 3454; baseline -0.007 -14"><span class='ocrx_word' id='word_1_507' title='bbox 480 3387 811 3454; x_wconf 78' lang='grc' dir='ltr'>ἀνακρίνας</span> <span class='ocrx_word' id='word_1_508' title='bbox 839 3383 983 3450; x_wconf 85' lang='grc' dir='ltr'>τοὺς</span> <span class='ocrx_word' id='word_1_509' title='bbox 1010 3383 1311 3452; x_wconf 75' lang='grc' dir='ltr'>φύλακας,</span> <span class='ocrx_word' id='word_1_510' title='bbox 1335 3380 1664 3434; x_wconf 81' lang='grc' dir='ltr'>ἐκέλευσεν</span> <span class='ocrx_word' id='word_1_511' title='bbox 1679 3377 2023 3447; x_wconf 78' lang='grc' dir='ltr'>ἀπαχθῆναι</span> <span class='ocrx_word' id='word_1_512' title='bbox 2039 3391 2056 3407; x_wconf 78' lang='grc' dir='ltr'><strong><em>ο</em></strong></span> 
     </span>
    </p>
   </div>
   <div class='ocr_carea' id='block_1_65' title="bbox 401 3465 2061 3543">
    <p class='ocr_par' dir='ltr' id='par_1_65' title="bbox 401 3465 2061 3543">
     <span class='ocr_line' id='line_1_65' title="bbox 401 3465 2061 3543; baseline -0.009 -8"><span class='ocrx_word' id='word_1_513' title='bbox 401 3500 404 3504; x_wconf 55' lang='grc' dir='ltr'>ί</span> <span class='ocrx_word' id='word_1_514' title='bbox 485 3479 583 3534; x_wconf 78' lang='grc' dir='ltr'>καὶ</span> <span class='ocrx_word' id='word_1_515' title='bbox 612 3477 920 3533; x_wconf 78' lang='grc' dir='ltr'>κατελθὼν</span> <span class='ocrx_word' id='word_1_516' title='bbox 944 3475 1063 3530; x_wconf 78' lang='grc' dir='ltr'><strong>ἀπὸ</strong></span> <span class='ocrx_word' id='word_1_517' title='bbox 1092 3473 1204 3543; x_wconf 84' lang='grc' dir='ltr'>τῆς</span> <span class='ocrx_word' id='word_1_518' title='bbox 1245 3471 1530 3538; x_wconf 83' lang='grc' dir='ltr'>Ἰουδαίας</span> <span class='ocrx_word' id='word_1_519' title='bbox 1559 3474 1648 3536; x_wconf 85' lang='grc' dir='ltr'>εὶς</span> <span class='ocrx_word' id='word_1_520' title='bbox 1684 3469 1800 3538; x_wconf 83' lang='grc' dir='ltr'>τὴν</span> <span class='ocrx_word' id='word_1_521' title='bbox 1834 3465 2061 3522; x_wconf 84' lang='grc' dir='ltr'>Καισά-</span> 
     </span>
    </p>
   </div>
   <div class='ocr_carea' id='block_1_66' title="bbox 478 3571 983 3641">
    <p class='ocr_par' dir='ltr' id='par_1_66' title="bbox 478 3571 983 3641">
     <span class='ocr_line' id='line_1_66' title="bbox 478 3571 983 3641; baseline -0.008 -15"><span class='ocrx_word' id='word_1_522' title='bbox 478 3578 651 3641; x_wconf 82' lang='grc' dir='ltr'>ρειαν</span> <span class='ocrx_word' id='word_1_523' title='bbox 675 3571 983 3638; x_wconf 78' lang='grc' dir='ltr'>διέτριϐεν.</span> 
     </span>
    </p>
   </div>
   <div class='ocr_carea' id='block_1_67' title="bbox 556 3649 2068 3732">
    <p class='ocr_par' dir='ltr' id='par_1_67' title="bbox 556 3649 2068 3732">
     <span class='ocr_line' id='line_1_67' title="bbox 556 3649 2068 3732; baseline -0.012 -12"><span class='ocrx_word' id='word_1_524' title='bbox 556 3661 678 3720; x_wconf 84' lang='grc' dir='ltr'>Ἦν</span> <span class='ocrx_word' id='word_1_525' title='bbox 704 3664 772 3718; x_wconf 82' lang='grc' dir='ltr'>δὲ</span> <span class='ocrx_word' id='word_1_526' title='bbox 811 3661 1073 3732; x_wconf 83' lang='grc' dir='ltr'>Ἡρώδης</span> <span class='ocrx_word' id='word_1_527' title='bbox 1089 3660 1136 3693; x_wconf 72' lang='grc'><strong>⁸³</strong></span> <span class='ocrx_word' id='word_1_528' title='bbox 1167 3657 1528 3729; x_wconf 82' lang='grc' dir='ltr'>θυμομαχῶν</span> <span class='ocrx_word' id='word_1_529' title='bbox 1557 3654 1785 3726; x_wconf 81' lang='grc' dir='ltr'>Τυρίοις</span> <span class='ocrx_word' id='word_1_530' title='bbox 1826 3649 1924 3706; x_wconf 79' lang='grc' dir='ltr'>καὶ</span> <span class='ocrx_word' id='word_1_531' title='bbox 1974 3651 2068 3703; x_wconf 81' lang='grc' dir='ltr'><strong>Σι-</strong></span> 
     </span>
    </p>
   </div>
   <div class='ocr_carea' id='block_1_68' title="bbox 487 3738 2068 3825">
    <p class='ocr_par' dir='ltr' id='par_1_68' title="bbox 487 3738 2068 3825">
     <span class='ocr_line' id='line_1_68' title="bbox 487 3738 2068 3825; baseline -0.013 -13"><span class='ocrx_word' id='word_1_532' title='bbox 487 3758 743 3823; x_wconf 84' lang='grc' dir='ltr'>δωνίοις.</span> <span class='ocrx_word' id='word_1_533' title='bbox 778 3751 1190 3825; x_wconf 75' lang='grc' dir='ltr'>Ὀμοθυμαδὸν</span> <span class='ocrx_word' id='word_1_534' title='bbox 1221 3750 1288 3804; x_wconf 81' lang='grc' dir='ltr'>δὲ</span> <span class='ocrx_word' id='word_1_535' title='bbox 1348 3747 1634 3818; x_wconf 77' lang='grc' dir='ltr'>παρῆσαν</span> <span class='ocrx_word' id='word_1_536' title='bbox 1681 3744 1830 3814; x_wconf 79' lang='grc' dir='ltr'>πρὸς</span> <span class='ocrx_word' id='word_1_537' title='bbox 1858 3738 2068 3806; x_wconf 81' lang='grc' dir='ltr'>αὑτὸν,</span> 
     </span>
    </p>
   </div>
   <div class='ocr_carea' id='block_1_69' title="bbox 488 3831 2072 3914">
    <p class='ocr_par' dir='ltr' id='par_1_69' title="bbox 488 3831 2072 3914">
     <span class='ocr_line' id='line_1_69' title="bbox 488 3831 2072 3914; baseline -0.013 -10"><span class='ocrx_word' id='word_1_538' title='bbox 488 3849 585 3904; x_wconf 79' lang='grc' dir='ltr'><strong>καὶ</strong></span> <span class='ocrx_word' id='word_1_539' title='bbox 618 3850 940 3914; x_wconf 80' lang='grc' dir='ltr'>πείσαντες</span> <span class='ocrx_word' id='word_1_540' title='bbox 985 3844 1266 3899; x_wconf 84' lang='grc' dir='ltr'>Βλάστον</span> <span class='ocrx_word' id='word_1_541' title='bbox 1281 3842 1346 3874; x_wconf 67' lang='grc'><strong>⁸⁸⁵</strong></span> <span class='ocrx_word' id='word_1_542' title='bbox 1371 3842 1480 3894; x_wconf 83' lang='grc' dir='ltr'>τὸν</span> <span class='ocrx_word' id='word_1_543' title='bbox 1509 3839 1607 3892; x_wconf 76' lang='grc' dir='ltr'>ἐπὶ</span> <span class='ocrx_word' id='word_1_544' title='bbox 1646 3835 1756 3890; x_wconf 88' lang='grc' dir='ltr'>τοῦ</span> <span class='ocrx_word' id='word_1_545' title='bbox 1785 3831 2072 3896; x_wconf 78' lang='grc' dir='ltr'>κοιτῶνος</span> 
     </span>
    </p>
   </div>
   <div class='ocr_carea' id='block_1_70' title="bbox 489 3923 2070 4005">
    <p class='ocr_par' dir='ltr' id='par_1_70' title="bbox 489 3923 2070 4005">
     <span class='ocr_line' id='line_1_70' title="bbox 489 3923 2070 4005; baseline -0.012 -10"><span class='ocrx_word' id='word_1_546' title='bbox 489 3939 595 3995; x_wconf 86' lang='grc' dir='ltr'>τοῦ</span> <span class='ocrx_word' id='word_1_547' title='bbox 635 3938 966 4005; x_wconf 80' lang='grc' dir='ltr'>βασιλέως,</span> <span class='ocrx_word' id='word_1_548' title='bbox 1021 3935 1282 4004; x_wconf 80' lang='grc' dir='ltr'>ᾐτοῦντο</span> <span class='ocrx_word' id='word_1_549' title='bbox 1332 3930 1601 4000; x_wconf 72' lang='grc' dir='ltr'>εἰρήνην,</span> <span class='ocrx_word' id='word_1_550' title='bbox 1630 3927 1728 3982; x_wconf 81' lang='grc' dir='ltr'>διὰ</span> <span class='ocrx_word' id='word_1_551' title='bbox 1773 3925 1838 3980; x_wconf 88' lang='grc' dir='ltr'>τὸ</span> <span class='ocrx_word' id='word_1_552' title='bbox 1872 3923 2070 3994; x_wconf 68' lang='grc' dir='ltr'>τρέφε-</span> 
     </span>
    </p>
   </div>
   <div class='ocr_carea' id='block_1_71' title="bbox 491 4015 1892 4099">
    <p class='ocr_par' dir='ltr' id='par_1_71' title="bbox 491 4015 1892 4099">
     <span class='ocr_line' id='line_1_71' title="bbox 491 4015 1892 4099; baseline -0.013 -10"><span class='ocrx_word' id='word_1_553' title='bbox 491 4038 629 4089; x_wconf 86' lang='grc' dir='ltr'>σθαι</span> <span class='ocrx_word' id='word_1_554' title='bbox 651 4030 855 4086; x_wconf 80' lang='grc' dir='ltr'>αὐτῶν</span> <span class='ocrx_word' id='word_1_555' title='bbox 885 4028 1001 4099; x_wconf 83' lang='grc' dir='ltr'>τὴν</span> <span class='ocrx_word' id='word_1_556' title='bbox 1026 4027 1226 4099; x_wconf 86' lang='grc' dir='ltr'>χώραν</span> <span class='ocrx_word' id='word_1_557' title='bbox 1249 4022 1369 4080; x_wconf 78' lang='grc' dir='ltr'><strong>ἀπὸ</strong></span> <span class='ocrx_word' id='word_1_558' title='bbox 1395 4021 1506 4091; x_wconf 83' lang='grc' dir='ltr'>τῆς</span> <span class='ocrx_word' id='word_1_559' title='bbox 1531 4015 1892 4086; x_wconf 78' lang='grc' dir='ltr'>βασιλικῆς.</span> 
     </span>
    </p>
   </div>
   <div class='ocr_carea' id='block_1_72' title="bbox 575 4175 2072 4296">
    <p class='ocr_par' dir='ltr' id='par_1_72' title="bbox 575 4175 2072 4296">
     <span class='ocr_line' id='line_1_72' title="bbox 575 4175 2072 4296; baseline -0.018 -16"><span class='ocrx_word' id='word_1_560' title='bbox 575 4223 938 4296; x_wconf 81' lang='grc' dir='ltr'>Ἐκέλευσεν</span> <span class='ocrx_word' id='word_1_561' title='bbox 995 4216 1359 4287; x_wconf 75' lang='grc' dir='ltr'>ἀπαχθῆναι.</span> <span class='ocrx_word' id='word_1_562' title='bbox 1412 4175 1650 4264; x_wconf 75' lang='grc' dir='ltr'>Δυνατδν</span> <span class='ocrx_word' id='word_1_563' title='bbox 1699 4201 1768 4278; x_wconf 73' lang='grc' dir='ltr'>ἦν</span> <span class='ocrx_word' id='word_1_564' title='bbox 1817 4204 1897 4274; x_wconf 80' lang='grc' dir='ltr'>τῷ</span> <span class='ocrx_word' id='word_1_565' title='bbox 1951 4199 2072 4272; x_wconf 86' lang='grc' dir='ltr'><strong>Θεῷ</strong></span> 
     </span>
    </p>
   </div>
   <div class='ocr_carea' id='block_1_73' title="bbox 501 4298 2072 4389">
    <p class='ocr_par' dir='ltr' id='par_1_73' title="bbox 501 4298 2072 4389">
     <span class='ocr_line' id='line_1_73' title="bbox 501 4298 2072 4389; baseline -0.013 -19"><span class='ocrx_word' id='word_1_566' title='bbox 501 4317 640 4389; x_wconf 80' lang='grc' dir='ltr'><strong>μετὰ</strong></span> <span class='ocrx_word' id='word_1_567' title='bbox 669 4316 760 4369; x_wconf 79' lang='grc' dir='ltr'>τὸν</span> <span class='ocrx_word' id='word_1_568' title='bbox 786 4314 995 4384; x_wconf 75' lang='grc' dir='ltr'>Πέτρον</span> <span class='ocrx_word' id='word_1_569' title='bbox 1017 4309 1304 4372; x_wconf 78' lang='grc' dir='ltr'>κάκείνους</span> <span class='ocrx_word' id='word_1_570' title='bbox 1335 4303 1668 4370; x_wconf 80' lang='grc' dir='ltr'>διεξελέσϐαι</span> <span class='ocrx_word' id='word_1_571' title='bbox 1689 4317 1703 4332; x_wconf 77' lang='grc' dir='ltr'><strong><em>ο</em></strong></span> <span class='ocrx_word' id='word_1_572' title='bbox 1741 4300 1856 4355; x_wconf 78' lang='grc' dir='ltr'>ἀλλ’</span> <span class='ocrx_word' id='word_1_573' title='bbox 1887 4299 1937 4352; x_wconf 89' lang='grc' dir='ltr'>εἰ</span> <span class='ocrx_word' id='word_1_574' title='bbox 1975 4298 2072 4351; x_wconf 77' lang='grc' dir='ltr'>καὶ</span> 
     </span>
    </p>
   </div>
   <div class='ocr_carea' id='block_1_74' title="bbox 496 4390 2112 4480">
    <p class='ocr_par' dir='ltr' id='par_1_74' title="bbox 496 4390 2112 4480">
     <span class='ocr_line' id='line_1_74' title="bbox 496 4390 2112 4480; baseline -0.004 -18"><span class='ocrx_word' id='word_1_575' title='bbox 496 4410 623 4473; x_wconf 79' lang='grc' dir='ltr'>τοὺς</span> <span class='ocrx_word' id='word_1_576' title='bbox 668 4405 1011 4480; x_wconf 84' lang='grc' dir='ltr'>στρατιώτας</span> <span class='ocrx_word' id='word_1_577' title='bbox 1047 4404 1316 4474; x_wconf 74' lang='grc' dir='ltr'>ἐξήγαγεν</span> <span class='ocrx_word' id='word_1_578' title='bbox 1343 4401 1369 4454; x_wconf 86' lang='grc' dir='ltr'>ὁ</span> <span class='ocrx_word' id='word_1_579' title='bbox 1395 4397 1627 4467; x_wconf 77' lang='grc' dir='ltr'>ἄγγελος</span> <span class='ocrx_word' id='word_1_580' title='bbox 1673 4391 1813 4465; x_wconf 80' lang='grc' dir='ltr'>μετὰ</span> <span class='ocrx_word' id='word_1_581' title='bbox 1842 4390 1937 4445; x_wconf 65' lang='grc' dir='ltr'><strong>τοῦ</strong></span> <span class='ocrx_word' id='word_1_582' title='bbox 1964 4390 2072 4443; x_wconf 82' lang='grc' dir='ltr'><strong>Πέ-</strong></span> <span class='ocrx_word' id='word_1_583' title='bbox 2108 4454 2112 4474; x_wconf 26' lang='grc' dir='ltr'>ξ</span> 
     </span>
    </p>
   </div>
   <div class='ocr_carea' id='block_1_75' title="bbox 2167 3372 3738 3458">
    <p class='ocr_par' dir='ltr' id='par_1_75' title="bbox 2167 3372 3738 3458">
     <span class='ocr_line' id='line_1_75' title="bbox 2167 3372 3738 3458; baseline 0.006 -27"><span class='ocrx_word' id='word_1_584' title='bbox 2167 3379 2469 3442; x_wconf 82' lang='lat' dir='ltr'><strong>invenisset,</strong></span> <span class='ocrx_word' id='word_1_585' title='bbox 2520 3383 2808 3450; x_wconf 62' lang='lat' dir='ltr'><strong>quastione</strong></span> <span class='ocrx_word' id='word_1_586' title='bbox 2857 3372 3038 3438; x_wconf 83' lang='lat' dir='ltr'><strong>habita</strong></span> <span class='ocrx_word' id='word_1_587' title='bbox 3093 3385 3158 3439; x_wconf 88' lang='lat' dir='ltr'><strong>de</strong></span> <span class='ocrx_word' id='word_1_588' title='bbox 3214 3388 3530 3454; x_wconf 76' lang='lat' dir='ltr'><strong>custodibus,</strong></span> <span class='ocrx_word' id='word_1_589' title='bbox 3573 3389 3738 3458; x_wconf 81' lang='lat' dir='ltr'><strong>jussit</strong></span> 
     </span>
    </p>
   </div>
   <div class='ocr_carea' id='block_1_76' title="bbox 2166 3469 3748 3544">
    <p class='ocr_par' dir='ltr' id='par_1_76' title="bbox 2166 3469 3748 3544">
     <span class='ocr_line' id='line_1_76' title="bbox 2166 3469 3748 3544; baseline 0.006 -22"><span class='ocrx_word' id='word_1_590' title='bbox 2166 3485 2252 3522; x_wconf 86' lang='lat' dir='ltr'><strong>eos</strong></span> <span class='ocrx_word' id='word_1_591' title='bbox 2273 3469 2461 3524; x_wconf 87' lang='lat' dir='ltr'><strong>abduci</strong></span> <span class='ocrx_word' id='word_1_592' title='bbox 2489 3474 2560 3526; x_wconf 87' lang='lat' dir='ltr'><strong>ad</strong></span> <span class='ocrx_word' id='word_1_593' title='bbox 2581 3475 2896 3544; x_wconf 79' lang='lat' dir='ltr'><strong>supplicium</strong></span> <span class='ocrx_word' id='word_1_594' title='bbox 2913 3493 2932 3531; x_wconf 90' lang='lat'><strong><em>:</em></strong></span> <span class='ocrx_word' id='word_1_595' title='bbox 2957 3487 3001 3529; x_wconf 91' lang='lat' dir='ltr'><strong>et</strong></span> <span class='ocrx_word' id='word_1_596' title='bbox 3026 3493 3142 3530; x_wconf 89' lang='lat' dir='ltr'><strong>cum</strong></span> <span class='ocrx_word' id='word_1_597' title='bbox 3169 3478 3514 3532; x_wconf 78' lang='lat' dir='ltr'><strong>descendisset</strong></span> <span class='ocrx_word' id='word_1_598' title='bbox 3545 3480 3609 3534; x_wconf 88' lang='lat' dir='ltr'><strong>de</strong></span> <span class='ocrx_word' id='word_1_599' title='bbox 3645 3479 3718 3534; x_wconf 84' lang='lat' dir='ltr'><strong>Ju</strong></span> <span class='ocrx_word' id='word_1_600' title='bbox 3736 3510 3748 3520; x_wconf 93' lang='lat'><strong>-</strong></span> 
     </span>
    </p>
   </div>
   <div class='ocr_carea' id='block_1_77' title="bbox 2169 3563 3737 3631">
    <p class='ocr_par' dir='ltr' id='par_1_77' title="bbox 2169 3563 3737 3631">
     <span class='ocr_line' id='line_1_77' title="bbox 2169 3563 3737 3631; baseline 0.009 -17"><span class='ocrx_word' id='word_1_601' title='bbox 2169 3564 2284 3618; x_wconf 61' lang='lat' dir='ltr'><strong>data</strong></span> <span class='ocrx_word' id='word_1_602' title='bbox 2303 3563 2618 3631; x_wconf 76' lang='lat' dir='ltr'><strong>Caesaream,</strong></span> <span class='ocrx_word' id='word_1_603' title='bbox 2641 3567 2751 3620; x_wconf 89' lang='lat' dir='ltr'><strong>illic</strong></span> <span class='ocrx_word' id='word_1_604' title='bbox 2779 3581 3128 3623; x_wconf 85' lang='lat' dir='ltr'><strong>commoratus</strong></span> <span class='ocrx_word' id='word_1_605' title='bbox 3151 3581 3245 3624; x_wconf 90' lang='lat' dir='ltr'><strong>est.</strong></span> <span class='ocrx_word' id='word_1_606' title='bbox 3735 3581 3737 3583; x_wconf 78' lang='grc'><strong>’</strong></span> 
     </span>
    </p>
   </div>
   <div class='ocr_carea' id='block_1_78' title="bbox 2243 3653 3746 3734">
    <p class='ocr_par' dir='ltr' id='par_1_78' title="bbox 2243 3653 3746 3734">
     <span class='ocr_line' id='line_1_78' title="bbox 2243 3653 3746 3734; baseline 0.005 -26"><span class='ocrx_word' id='word_1_607' title='bbox 2243 3653 2410 3710; x_wconf 75' lang='lat' dir='ltr'><strong>Vens.</strong></span> <span class='ocrx_word' id='word_1_608' title='bbox 2443 3655 2533 3709; x_wconf 78' lang='grc'><strong>20.</strong></span> <span class='ocrx_word' id='word_1_609' title='bbox 2562 3657 2693 3710; x_wconf 87' lang='lat' dir='ltr'><strong>Erat</strong></span> <span class='ocrx_word' id='word_1_610' title='bbox 2757 3669 2929 3712; x_wconf 86' lang='lat' dir='ltr'><strong>autem</strong></span> <span class='ocrx_word' id='word_1_611' title='bbox 2988 3661 3220 3715; x_wconf 79' lang='lat' dir='ltr'><strong>Herodes</strong></span> <span class='ocrx_word' id='word_1_612' title='bbox 3286 3661 3517 3732; x_wconf 80' lang='lat' dir='ltr'><strong>infensus</strong></span> <span class='ocrx_word' id='word_1_613' title='bbox 3556 3663 3746 3734; x_wconf 75' lang='lat' dir='ltr'><strong>Tyriis,</strong></span> 
     </span>
    </p>
   </div>
   <div class='ocr_carea' id='block_1_79' title="bbox 2173 3742 3751 3821">
    <p class='ocr_par' dir='ltr' id='par_1_79' title="bbox 2173 3742 3751 3821">
     <span class='ocr_line' id='line_1_79' title="bbox 2173 3742 3751 3821; baseline 0.005 -22"><span class='ocrx_word' id='word_1_614' title='bbox 2173 3751 2220 3799; x_wconf 87' lang='lat' dir='ltr'><strong>et</strong></span> <span class='ocrx_word' id='word_1_615' title='bbox 2263 3742 2519 3800; x_wconf 86' lang='lat' dir='ltr'><strong>Sidoniis.</strong></span> <span class='ocrx_word' id='word_1_616' title='bbox 2562 3746 2628 3799; x_wconf 82' lang='lat' dir='ltr'><strong>At</strong></span> <span class='ocrx_word' id='word_1_617' title='bbox 2648 3747 2729 3800; x_wconf 86' lang='lat' dir='ltr'><strong>illi</strong></span> <span class='ocrx_word' id='word_1_618' title='bbox 2753 3765 2856 3802; x_wconf 86' lang='lat' dir='ltr'><strong>uno</strong></span> <span class='ocrx_word' id='word_1_619' title='bbox 2905 3747 3081 3802; x_wconf 87' lang='lat' dir='ltr'><strong>animo</strong></span> <span class='ocrx_word' id='word_1_620' title='bbox 3129 3760 3286 3821; x_wconf 84' lang='lat' dir='ltr'><strong>atque</strong></span> <span class='ocrx_word' id='word_1_621' title='bbox 3323 3769 3575 3807; x_wconf 85' lang='lat' dir='ltr'><strong>consensu</strong></span> <span class='ocrx_word' id='word_1_622' title='bbox 3601 3770 3751 3808; x_wconf 81' lang='lat' dir='ltr'><strong>vene-</strong></span> 
     </span>
    </p>
   </div>
   <div class='ocr_carea' id='block_1_80' title="bbox 2173 3839 3754 3915">
    <p class='ocr_par' dir='ltr' id='par_1_80' title="bbox 2173 3839 3754 3915">
     <span class='ocr_line' id='line_1_80' title="bbox 2173 3839 3754 3915; baseline 0.003 -23"><span class='ocrx_word' id='word_1_623' title='bbox 2173 3846 2296 3893; x_wconf 88' lang='lat' dir='ltr'><strong>runt</strong></span> <span class='ocrx_word' id='word_1_624' title='bbox 2314 3839 2385 3892; x_wconf 90' lang='lat' dir='ltr'><strong>ad</strong></span> <span class='ocrx_word' id='word_1_625' title='bbox 2413 3855 2552 3903; x_wconf 88' lang='lat' dir='ltr'><strong>eum,</strong></span> <span class='ocrx_word' id='word_1_626' title='bbox 2591 3847 2638 3893; x_wconf 83' lang='lat' dir='ltr'><strong>et</strong></span> <span class='ocrx_word' id='word_1_627' title='bbox 2665 3855 2757 3909; x_wconf 83' lang='lat' dir='ltr'><strong>per</strong></span> <span class='ocrx_word' id='word_1_628' title='bbox 2806 3839 3049 3894; x_wconf 86' lang='lat' dir='ltr'><strong>Blastum</strong></span> <span class='ocrx_word' id='word_1_629' title='bbox 3087 3841 3322 3896; x_wconf 85' lang='lat' dir='ltr'><strong>cubiculo</strong></span> <span class='ocrx_word' id='word_1_630' title='bbox 3347 3845 3480 3914; x_wconf 86' lang='lat' dir='ltr'><strong>regis</strong></span> <span class='ocrx_word' id='word_1_631' title='bbox 3500 3845 3754 3915; x_wconf 72' lang='grc' dir='ltr'><strong>μητροδί-</strong></span> 
     </span>
    </p>
   </div>
   <div class='ocr_carea' id='block_1_81' title="bbox 2176 3930 3751 4004">
    <p class='ocr_par' dir='ltr' id='par_1_81' title="bbox 2176 3930 3751 4004">
     <span class='ocr_line' id='line_1_81' title="bbox 2176 3930 3751 4004; baseline 0.003 -20"><span class='ocrx_word' id='word_1_632' title='bbox 2176 3939 2478 4001; x_wconf 85' lang='lat' dir='ltr'><strong>tum,quem</strong></span> <span class='ocrx_word' id='word_1_633' title='bbox 2511 3931 2612 3984; x_wconf 88' lang='lat' dir='ltr'><strong>sibi</strong></span> <span class='ocrx_word' id='word_1_634' title='bbox 2645 3930 3074 3994; x_wconf 78' lang='lat' dir='ltr'><strong>conciliaverunt,</strong></span> <span class='ocrx_word' id='word_1_635' title='bbox 3112 3932 3354 4002; x_wconf 79' lang='lat' dir='ltr'><strong>petebant</strong></span> <span class='ocrx_word' id='word_1_636' title='bbox 3376 3951 3578 4002; x_wconf 76' lang='lat' dir='ltr'><strong>pacem,</strong></span> <span class='ocrx_word' id='word_1_637' title='bbox 3625 3953 3751 4004; x_wconf 84' lang='lat' dir='ltr'><strong>pro-</strong></span> 
     </span>
    </p>
   </div>
   <div class='ocr_carea' id='block_1_82' title="bbox 2177 4022 3750 4095">
    <p class='ocr_par' dir='ltr' id='par_1_82' title="bbox 2177 4022 3750 4095">
     <span class='ocr_line' id='line_1_82' title="bbox 2177 4022 3750 4095; baseline 0.003 -19"><span class='ocrx_word' id='word_1_638' title='bbox 2177 4031 2354 4092; x_wconf 85' lang='lat' dir='ltr'><strong>pterea</strong></span> <span class='ocrx_word' id='word_1_639' title='bbox 2381 4025 2521 4094; x_wconf 82' lang='lat' dir='ltr'><strong>quod</strong></span> <span class='ocrx_word' id='word_1_640' title='bbox 2543 4024 2684 4094; x_wconf 85' lang='lat' dir='ltr'><strong>regio</strong></span> <span class='ocrx_word' id='word_1_641' title='bbox 2713 4023 2926 4078; x_wconf 86' lang='lat' dir='ltr'><strong>illorum</strong></span> <span class='ocrx_word' id='word_1_642' title='bbox 2957 4022 3189 4078; x_wconf 85' lang='lat' dir='ltr'><strong>aleretur</strong></span> <span class='ocrx_word' id='word_1_643' title='bbox 3225 4025 3478 4094; x_wconf 78' lang='lat' dir='ltr'><strong>fructibus</strong></span> <span class='ocrx_word' id='word_1_644' title='bbox 3502 4042 3750 4095; x_wconf 84' lang='lat' dir='ltr'><strong>agrorum</strong></span> 
     </span>
    </p>
   </div>
   <div class='ocr_carea' id='block_1_83' title="bbox 2177 4116 3362 4187">
    <p class='ocr_par' dir='ltr' id='par_1_83' title="bbox 2177 4116 3362 4187">
     <span class='ocr_line' id='line_1_83' title="bbox 2177 4116 3362 4187; baseline 0.002 -19"><span class='ocrx_word' id='word_1_645' title='bbox 2177 4116 2336 4187; x_wconf 79' lang='lat' dir='ltr'><strong>regite</strong></span> <span class='ocrx_word' id='word_1_646' title='bbox 2368 4117 2580 4171; x_wconf 84' lang='lat' dir='ltr'><strong>ditionis</strong></span> <span class='ocrx_word' id='word_1_647' title='bbox 2608 4119 2678 4170; x_wconf 91' lang='lat' dir='ltr'><strong>ad</strong></span> <span class='ocrx_word' id='word_1_648' title='bbox 2705 4133 2759 4170; x_wconf 87' lang='lat' dir='ltr'><strong>se</strong></span> <span class='ocrx_word' id='word_1_649' title='bbox 2786 4117 3063 4184; x_wconf 84' lang='lat' dir='ltr'><strong>importari</strong></span> <span class='ocrx_word' id='word_1_650' title='bbox 3085 4117 3362 4170; x_wconf 83' lang='lat' dir='ltr'><strong>consuetis.</strong></span> 
     </span>
    </p>
   </div>
   <div class='ocr_carea' id='block_1_84' title="bbox 2243 4205 3747 4280">
    <p class='ocr_par' dir='ltr' id='par_1_84' title="bbox 2243 4205 3747 4280">
     <span class='ocr_line' id='line_1_84' title="bbox 2243 4205 3747 4280; baseline 0.001 -18"><span class='ocrx_word' id='word_1_651' title='bbox 2243 4208 2409 4264; x_wconf 76' lang='lat' dir='ltr'><strong>Iussit</strong></span> <span class='ocrx_word' id='word_1_652' title='bbox 2439 4225 2524 4263; x_wconf 88' lang='lat' dir='ltr'><strong>eos</strong></span> <span class='ocrx_word' id='word_1_653' title='bbox 2550 4205 2738 4263; x_wconf 83' lang='lat' dir='ltr'><strong>abduci</strong></span> <span class='ocrx_word' id='word_1_654' title='bbox 2761 4209 2831 4262; x_wconf 89' lang='lat' dir='ltr'><strong>ad</strong></span> <span class='ocrx_word' id='word_1_655' title='bbox 2851 4209 3188 4280; x_wconf 79' lang='lat' dir='ltr'><strong>supplicium.</strong></span> <span class='ocrx_word' id='word_1_656' title='bbox 3219 4209 3437 4265; x_wconf 88' lang='lat' dir='ltr'><strong>Poterat</strong></span> <span class='ocrx_word' id='word_1_657' title='bbox 3462 4209 3605 4264; x_wconf 89' lang='lat' dir='ltr'><strong>Deus</strong></span> <span class='ocrx_word' id='word_1_658' title='bbox 3643 4226 3747 4264; x_wconf 82' lang='lat' dir='ltr'><strong>una</strong></span> 
     </span>
    </p>
   </div>
   <div class='ocr_carea' id='block_1_85' title="bbox 2176 4301 3752 4358">
    <p class='ocr_par' dir='ltr' id='par_1_85' title="bbox 2176 4301 3752 4358">
     <span class='ocr_line' id='line_1_85' title="bbox 2176 4301 3752 4358; baseline -0.001 0"><span class='ocrx_word' id='word_1_659' title='bbox 2176 4318 2300 4358; x_wconf 90' lang='lat' dir='ltr'><strong>cum</strong></span> <span class='ocrx_word' id='word_1_660' title='bbox 2333 4303 2495 4358; x_wconf 85' lang='lat' dir='ltr'><strong>Petro</strong></span> <span class='ocrx_word' id='word_1_661' title='bbox 2516 4305 2677 4358; x_wconf 88' lang='lat' dir='ltr'><strong>etiam</strong></span> <span class='ocrx_word' id='word_1_662' title='bbox 2710 4302 2830 4358; x_wconf 89' lang='lat' dir='ltr'><strong>illos</strong></span> <span class='ocrx_word' id='word_1_663' title='bbox 2852 4303 3088 4357; x_wconf 81' lang='lat' dir='ltr'><strong>eximere</strong></span> <span class='ocrx_word' id='word_1_664' title='bbox 3115 4319 3128 4356; x_wconf 92' lang='lat'><strong>:</strong></span> <span class='ocrx_word' id='word_1_665' title='bbox 3162 4318 3348 4357; x_wconf 66' lang='lat' dir='ltr'><strong>verum</strong></span> <span class='ocrx_word' id='word_1_666' title='bbox 3382 4304 3426 4358; x_wconf 91' lang='lat' dir='ltr'><strong>si</strong></span> <span class='ocrx_word' id='word_1_667' title='bbox 3458 4301 3619 4358; x_wconf 79' lang='lat' dir='ltr'><strong>etiam</strong></span> <span class='ocrx_word' id='word_1_668' title='bbox 3647 4304 3752 4357; x_wconf 84' lang='lat' dir='ltr'><strong>mi-</strong></span> 
     </span>
    </p>
   </div>
   <div class='ocr_carea' id='block_1_86' title="bbox 2177 4391 3752 4466">
    <p class='ocr_par' dir='ltr' id='par_1_86' title="bbox 2177 4391 3752 4466">
     <span class='ocr_line' id='line_1_86' title="bbox 2177 4391 3752 4466; baseline -0.001 -16"><span class='ocrx_word' id='word_1_669' title='bbox 2177 4395 2301 4451; x_wconf 87' lang='lat' dir='ltr'><strong>lites</strong></span> <span class='ocrx_word' id='word_1_670' title='bbox 2359 4397 2583 4466; x_wconf 83' lang='lat' dir='ltr'><strong>angelus</strong></span> <span class='ocrx_word' id='word_1_671' title='bbox 2672 4409 2778 4449; x_wconf 89' lang='lat' dir='ltr'><strong>una</strong></span> <span class='ocrx_word' id='word_1_672' title='bbox 2838 4409 2962 4449; x_wconf 90' lang='lat' dir='ltr'><strong>cum</strong></span> <span class='ocrx_word' id='word_1_673' title='bbox 3047 4391 3210 4448; x_wconf 86' lang='lat' dir='ltr'><strong>Petro</strong></span> <span class='ocrx_word' id='word_1_674' title='bbox 3274 4394 3572 4459; x_wconf 78' lang='lat' dir='ltr'><strong>eduxisset,</strong></span> <span class='ocrx_word' id='word_1_675' title='bbox 3629 4394 3752 4466; x_wconf 78' lang='lat' dir='ltr'><strong>fuga</strong></span> 
     </span>
    </p>
   </div>
   <div class='ocr_carea' id='block_1_87' title="bbox 498 4477 2052 4572">
    <p class='ocr_par' dir='ltr' id='par_1_87' title="bbox 498 4477 2052 4571">
     <span class='ocr_line' id='line_1_87' title="bbox 498 4477 2052 4571; baseline -0.012 -17"><span class='ocrx_word' id='word_1_676' title='bbox 498 4516 657 4571; x_wconf 89' lang='grc' dir='ltr'>τρου,</span> <span class='ocrx_word' id='word_1_677' title='bbox 686 4477 948 4570; x_wconf 77' lang='grc' dir='ltr'>ἐνομίσθη</span> <span class='ocrx_word' id='word_1_678' title='bbox 999 4495 1072 4550; x_wconf 81' lang='grc' dir='ltr'>ἂν</span> <span class='ocrx_word' id='word_1_679' title='bbox 1120 4493 1269 4565; x_wconf 82' lang='grc' dir='ltr'>φυγὴ</span> <span class='ocrx_word' id='word_1_680' title='bbox 1298 4487 1441 4546; x_wconf 74' lang='grc' dir='ltr'>εἷναι</span> <span class='ocrx_word' id='word_1_681' title='bbox 1479 4489 1542 4543; x_wconf 82' lang='grc' dir='ltr'>τὸ</span> <span class='ocrx_word' id='word_1_682' title='bbox 1573 4488 1828 4560; x_wconf 83' lang='grc' dir='ltr'>πρᾶγμα.</span> <span class='ocrx_word' id='word_1_683' title='bbox 1857 4482 2052 4539; x_wconf 62' lang='lat' dir='ltr'><strong>manu</strong></span> 
     </span>
    </p>
   </div>
   <div class='ocr_carea' id='block_1_88' title="bbox 2158 4477 3753 4572">
    <p class='ocr_par' dir='ltr' id='par_1_88' title="bbox 2179 4482 3753 4556">
     <span class='ocr_line' id='line_1_88' title="bbox 2179 4482 3753 4556; baseline -0.001 -18"><span class='ocrx_word' id='word_1_684' title='bbox 2179 4484 2374 4539; x_wconf 84' lang='lat' dir='ltr'><strong>fuisset</strong></span> <span class='ocrx_word' id='word_1_685' title='bbox 2417 4485 2506 4539; x_wconf 92' lang='lat' dir='ltr'><strong>illa</strong></span> <span class='ocrx_word' id='word_1_686' title='bbox 2547 4499 2635 4539; x_wconf 87' lang='lat' dir='ltr'><strong>res</strong></span> <span class='ocrx_word' id='word_1_687' title='bbox 2697 4493 2847 4556; x_wconf 83' lang='lat' dir='ltr'><strong>gesta</strong></span> <span class='ocrx_word' id='word_1_688' title='bbox 2904 4482 3228 4539; x_wconf 86' lang='lat' dir='ltr'><strong>existimata.</strong></span> <span class='ocrx_word' id='word_1_689' title='bbox 3267 4483 3375 4539; x_wconf 89' lang='lat' dir='ltr'><strong>Sed</strong></span> <span class='ocrx_word' id='word_1_690' title='bbox 3430 4485 3602 4555; x_wconf 82' lang='lat' dir='ltr'><strong>magis</strong></span> <span class='ocrx_word' id='word_1_691' title='bbox 3662 4485 3753 4538; x_wconf 90' lang='lat' dir='ltr'><strong>ille</strong></span> 
     </span>
    </p>
   </div>
   <div class='ocr_carea' id='block_1_89' title="bbox 498 4575 2052 4656">
    <p class='ocr_par' dir='ltr' id='par_1_89' title="bbox 498 4575 2052 4656">
     <span class='ocr_line' id='line_1_89' title="bbox 498 4575 2052 4656; baseline -0.012 -9"><span class='ocrx_word' id='word_1_692' title='bbox 498 4594 554 4648; x_wconf 82' lang='grc' dir='ltr'>δὲ</span> <span class='ocrx_word' id='word_1_693' title='bbox 615 4592 778 4646; x_wconf 73' lang='grc' dir='ltr'>αὐτὸν</span> <span class='ocrx_word' id='word_1_694' title='bbox 826 4590 1016 4646; x_wconf 87' lang='grc' dir='ltr'>ἐλύπει</span> <span class='ocrx_word' id='word_1_695' title='bbox 1059 4589 1120 4640; x_wconf 81' lang='grc' dir='ltr'>τὸ</span> <span class='ocrx_word' id='word_1_696' title='bbox 1168 4583 1564 4656; x_wconf 84' lang='grc' dir='ltr'>ἐμπαιχθῆναι,</span> <span class='ocrx_word' id='word_1_697' title='bbox 1597 4581 1788 4651; x_wconf 81' lang='grc' dir='ltr'>ὥσπερ</span> <span class='ocrx_word' id='word_1_698' title='bbox 1818 4576 1924 4632; x_wconf 81' lang='grc' dir='ltr'><strong>ὑπὸ</strong></span> <span class='ocrx_word' id='word_1_699' title='bbox 1968 4575 2052 4630; x_wconf 88' lang='grc' dir='ltr'>τῶ·</span> 
     </span>
    </p>
   </div>
   <div class='ocr_carea' id='block_1_90' title="bbox 2158 4575 3756 4656">
    <p class='ocr_par' dir='ltr' id='par_1_90' title="bbox 2183 4577 3756 4648">
     <span class='ocr_line' id='line_1_90' title="bbox 2183 4577 3756 4648; baseline 0 -16"><span class='ocrx_word' id='word_1_700' title='bbox 2183 4577 2421 4641; x_wconf 89' lang='lat' dir='ltr'><strong>dolebat,</strong></span> <span class='ocrx_word' id='word_1_701' title='bbox 2482 4577 2628 4647; x_wconf 91' lang='lat' dir='ltr'><strong>quod</strong></span> <span class='ocrx_word' id='word_1_702' title='bbox 2663 4577 2767 4633; x_wconf 88' lang='lat' dir='ltr'><strong>sibi</strong></span> <span class='ocrx_word' id='word_1_703' title='bbox 2817 4577 3032 4632; x_wconf 88' lang='lat' dir='ltr'><strong>illusum</strong></span> <span class='ocrx_word' id='word_1_704' title='bbox 3079 4585 3248 4643; x_wconf 88' lang='lat' dir='ltr'><strong>esset,</strong></span> <span class='ocrx_word' id='word_1_705' title='bbox 3299 4577 3756 4648; x_wconf 89' lang='lat' dir='ltr'><strong>quemadmodum</strong></span> 
     </span>
    </p>
   </div>
   <div class='ocr_carea' id='block_1_91' title="bbox 499 4667 2052 4756">
    <p class='ocr_par' dir='ltr' id='par_1_91' title="bbox 499 4669 2052 4756">
     <span class='ocr_line' id='line_1_91' title="bbox 499 4669 2052 4756; baseline -0.012 -14"><span class='ocrx_word' id='word_1_706' title='bbox 499 4688 708 4756; x_wconf 78' lang='grc' dir='ltr'>Μάγων</span> <span class='ocrx_word' id='word_1_707' title='bbox 759 4685 851 4738; x_wconf 77' lang='grc' dir='ltr'>τὸν</span> <span class='ocrx_word' id='word_1_708' title='bbox 915 4682 1141 4736; x_wconf 79' lang='grc' dir='ltr'>πάππον</span> <span class='ocrx_word' id='word_1_709' title='bbox 1216 4677 1380 4732; x_wconf 76' lang='grc' dir='ltr'>αὐτοῦ</span> <span class='ocrx_word' id='word_1_710' title='bbox 1444 4675 1816 4746; x_wconf 81' lang='grc' dir='ltr'>ἀπατηθέντα,</span> <span class='ocrx_word' id='word_1_711' title='bbox 1877 4669 2052 4741; x_wconf 85' lang='grc' dir='ltr'>μᾶλλο</span> 
     </span>
    </p>
   </div>
   <div class='ocr_carea' id='block_1_92' title="bbox 2158 4667 3756 4756">
    <p class='ocr_par' dir='ltr' id='par_1_92' title="bbox 2185 4667 3756 4741">
     <span class='ocr_line' id='line_1_92' title="bbox 2185 4667 3756 4741; baseline -0.001 -17"><span class='ocrx_word' id='word_1_712' title='bbox 2185 4685 2349 4724; x_wconf 79' lang='lat' dir='ltr'><strong>avum</strong></span> <span class='ocrx_word' id='word_1_713' title='bbox 2377 4667 2497 4738; x_wconf 87' lang='lat' dir='ltr'><strong>ejus</strong></span> <span class='ocrx_word' id='word_1_714' title='bbox 2526 4669 2698 4741; x_wconf 79' lang='lat' dir='ltr'><strong>magis</strong></span> <span class='ocrx_word' id='word_1_715' title='bbox 2724 4669 2878 4739; x_wconf 91' lang='lat' dir='ltr'><strong>quasi</strong></span> <span class='ocrx_word' id='word_1_716' title='bbox 2916 4668 3221 4725; x_wconf 87' lang='lat' dir='ltr'><strong>dissecabat</strong></span> <span class='ocrx_word' id='word_1_717' title='bbox 3253 4676 3414 4739; x_wconf 87' lang='lat' dir='ltr'><strong>atque</strong></span> <span class='ocrx_word' id='word_1_718' title='bbox 3445 4669 3756 4738; x_wconf 87' lang='lat' dir='ltr'><strong>torquebat,</strong></span> 
     </span>
    </p>
   </div>
   <div class='ocr_carea' id='block_1_93' title="bbox 505 4759 2052 4850">
    <p class='ocr_par' dir='ltr' id='par_1_93' title="bbox 505 4759 2052 4850">
     <span class='ocr_line' id='line_1_93' title="bbox 505 4759 2052 4850; baseline -0.013 -14"><span class='ocrx_word' id='word_1_719' title='bbox 505 4783 680 4836; x_wconf 84' lang='grc' dir='ltr'>ἐποίει</span> <span class='ocrx_word' id='word_1_720' title='bbox 712 4777 1088 4850; x_wconf 74' lang='grc' dir='ltr'>διαπριεσοαι,</span> <span class='ocrx_word' id='word_1_721' title='bbox 1113 4774 1209 4828; x_wconf 70' lang='grc' dir='ltr'><strong>καὶ</strong></span> <span class='ocrx_word' id='word_1_722' title='bbox 1238 4771 1647 4840; x_wconf 79' lang='grc' dir='ltr'>καταγέλαστον</span> <span class='ocrx_word' id='word_1_723' title='bbox 1669 4765 1829 4820; x_wconf 73' lang='grc' dir='ltr'>εἶναι.</span> <span class='ocrx_word' id='word_1_724' title='bbox 1865 4759 1987 4819; x_wconf 83' lang='grc' dir='ltr'>Ἦν</span> <span class='ocrx_word' id='word_1_725' title='bbox 2013 4763 2052 4816; x_wconf 59' lang='grc' dir='ltr'>δη</span> 
     </span>
    </p>
   </div>
   <div class='ocr_carea' id='block_1_94' title="bbox 2158 4759 3761 4850">
    <p class='ocr_par' dir='ltr' id='par_1_94' title="bbox 2186 4760 3761 4832">
     <span class='ocr_line' id='line_1_94' title="bbox 2186 4760 3761 4832; baseline -0.001 -14"><span class='ocrx_word' id='word_1_726' title='bbox 2186 4772 2240 4818; x_wconf 90' lang='lat' dir='ltr'><strong>et</strong></span> <span class='ocrx_word' id='word_1_727' title='bbox 2270 4761 2560 4817; x_wconf 86' lang='lat' dir='ltr'><strong>ridiculum</strong></span> <span class='ocrx_word' id='word_1_728' title='bbox 2617 4761 2904 4828; x_wconf 84' lang='lat' dir='ltr'><strong>efficiebat,</strong></span> <span class='ocrx_word' id='word_1_729' title='bbox 2949 4761 3092 4832; x_wconf 92' lang='lat' dir='ltr'><strong>quod</strong></span> <span class='ocrx_word' id='word_1_730' title='bbox 3122 4777 3152 4816; x_wconf 88' lang='lat' dir='ltr'><strong>a</strong></span> <span class='ocrx_word' id='word_1_731' title='bbox 3189 4760 3352 4832; x_wconf 78' lang='lat' dir='ltr'><strong>Magis</strong></span> <span class='ocrx_word' id='word_1_732' title='bbox 3394 4769 3540 4816; x_wconf 87' lang='lat' dir='ltr'><strong>esset</strong></span> <span class='ocrx_word' id='word_1_733' title='bbox 3599 4761 3761 4816; x_wconf 86' lang='lat' dir='ltr'><strong>dece-</strong></span> 
     </span>
    </p>
   </div>
   <div class='ocr_carea' id='block_1_95' title="bbox 501 4853 2052 4946">
    <p class='ocr_par' dir='ltr' id='par_1_95' title="bbox 501 4861 2052 4946">
     <span class='ocr_line' id='line_1_95' title="bbox 501 4861 2052 4946; baseline -0.015 -12"><span class='ocrx_word' id='word_1_734' title='bbox 501 4877 775 4946; x_wconf 86' lang='grc' dir='ltr'>,Ἡρώδης</span> <span class='ocrx_word' id='word_1_735' title='bbox 834 4869 1191 4944; x_wconf 80' lang='grc' dir='ltr'>θυμομαχῶν</span> <span class='ocrx_word' id='word_1_736' title='bbox 1249 4867 1476 4935; x_wconf 78' lang='grc' dir='ltr'>Τυρίοις</span> <span class='ocrx_word' id='word_1_737' title='bbox 1515 4861 1616 4919; x_wconf 79' lang='grc' dir='ltr'>καὶ</span> <span class='ocrx_word' id='word_1_738' title='bbox 1653 4861 1979 4945; x_wconf 75' lang='grc' dir='ltr'>Σιδωνίοις.</span> <span class='ocrx_word' id='word_1_739' title='bbox 2005 4861 2052 4913; x_wconf 91' lang='lat'><strong>0</strong></span> 
     </span>
    </p>
   </div>
   <div class='ocr_carea' id='block_1_96' title="bbox 2158 4853 3756 4946">
    <p class='ocr_par' dir='ltr' id='par_1_96' title="bbox 2187 4853 3756 4927">
     <span class='ocr_line' id='line_1_96' title="bbox 2187 4853 3756 4927; baseline -0.004 -16"><span class='ocrx_word' id='word_1_740' title='bbox 2187 4866 2334 4927; x_wconf 83' lang='lat' dir='ltr'><strong>plus.</strong></span> <span class='ocrx_word' id='word_1_741' title='bbox 2362 4853 2497 4908; x_wconf 85' lang='lat' dir='ltr'><strong>Erat</strong></span> <span class='ocrx_word' id='word_1_742' title='bbox 2529 4863 2708 4909; x_wconf 86' lang='lat' dir='ltr'><strong>autem</strong></span> <span class='ocrx_word' id='word_1_743' title='bbox 2740 4854 2969 4908; x_wconf 82' lang='lat' dir='ltr'><strong>Herodes</strong></span> <span class='ocrx_word' id='word_1_744' title='bbox 2993 4855 3223 4926; x_wconf 79' lang='lat' dir='ltr'><strong>infensus</strong></span> <span class='ocrx_word' id='word_1_745' title='bbox 3248 4854 3414 4924; x_wconf 85' lang='lat' dir='ltr'><strong>Tyriis</strong></span> <span class='ocrx_word' id='word_1_746' title='bbox 3433 4865 3478 4908; x_wconf 87' lang='lat' dir='ltr'><strong>et</strong></span> <span class='ocrx_word' id='word_1_747' title='bbox 3506 4853 3756 4908; x_wconf 86' lang='lat' dir='ltr'><strong>Sidoniis.</strong></span> 
     </span>
    </p>
   </div>
   <div class='ocr_carea' id='block_1_97' title="bbox 507 4945 2052 5039">
    <p class='ocr_par' dir='ltr' id='par_1_97' title="bbox 507 4945 2052 5039">
     <span class='ocr_line' id='line_1_97' title="bbox 507 4945 2052 5039; baseline -0.013 -17"><span class='ocrx_word' id='word_1_748' title='bbox 507 4945 704 5039; x_wconf 81' lang='grc' dir='ltr'>μικρὸν</span> <span class='ocrx_word' id='word_1_749' title='bbox 733 4965 891 5020; x_wconf 82' lang='grc' dir='ltr'>τοῦτό</span> <span class='ocrx_word' id='word_1_750' title='bbox 926 4966 1042 5017; x_wconf 87' lang='grc' dir='ltr'>ἐστι</span> <span class='ocrx_word' id='word_1_751' title='bbox 1069 4962 1131 5015; x_wconf 82' lang='grc' dir='ltr'>τὸ</span> <span class='ocrx_word' id='word_1_752' title='bbox 1161 4957 1475 5032; x_wconf 77' lang='grc' dir='ltr'>μνησθῆναι</span> <span class='ocrx_word' id='word_1_753' title='bbox 1530 4953 1695 5008; x_wconf 78' lang='grc' dir='ltr'>αὑτὸν</span> <span class='ocrx_word' id='word_1_754' title='bbox 1731 4951 1936 5021; x_wconf 83' lang='grc' dir='ltr'>ταύτης</span> <span class='ocrx_word' id='word_1_755' title='bbox 1982 4949 2052 5020; x_wconf 81' lang='grc' dir='ltr'>τῆ</span> 
     </span>
    </p>
   </div>
   <div class='ocr_carea' id='block_1_98' title="bbox 2158 4945 3763 5039">
    <p class='ocr_par' dir='ltr' id='par_1_98' title="bbox 2189 4945 3763 5018">
     <span class='ocr_line' id='line_1_98' title="bbox 2189 4945 3763 5018; baseline -0.003 -15"><span class='ocrx_word' id='word_1_756' title='bbox 2189 4949 2308 5003; x_wconf 83' lang='lat' dir='ltr'><strong>Non</strong></span> <span class='ocrx_word' id='word_1_757' title='bbox 2342 4963 2507 5018; x_wconf 85' lang='lat' dir='ltr'><strong>parva</strong></span> <span class='ocrx_word' id='word_1_758' title='bbox 2558 4961 2646 5002; x_wconf 90' lang='lat' dir='ltr'><strong>res</strong></span> <span class='ocrx_word' id='word_1_759' title='bbox 2671 4947 2788 5002; x_wconf 57' lang='lat' dir='ltr'><strong>haec</strong></span> <span class='ocrx_word' id='word_1_760' title='bbox 2814 4955 2918 5013; x_wconf 89' lang='lat' dir='ltr'><strong>est,</strong></span> <span class='ocrx_word' id='word_1_761' title='bbox 2942 4947 3086 5017; x_wconf 92' lang='lat' dir='ltr'><strong>quod</strong></span> <span class='ocrx_word' id='word_1_762' title='bbox 3119 4946 3366 5001; x_wconf 87' lang='lat' dir='ltr'><strong>memin&#39;t</strong></span> <span class='ocrx_word' id='word_1_763' title='bbox 3399 4946 3565 5016; x_wconf 85' lang='lat' dir='ltr'><strong>hujus</strong></span> <span class='ocrx_word' id='word_1_764' title='bbox 3588 4945 3763 5001; x_wconf 87' lang='lat' dir='ltr'><strong>histo-</strong></span> 
     </span>
    </p>
   </div>
   <div class='ocr_carea' id='block_1_99' title="bbox 504 5037 2052 5133">
    <p class='ocr_par' dir='ltr' id='par_1_99' title="bbox 504 5037 2050 5133">
     <span class='ocr_line' id='line_1_99' title="bbox 504 5037 2050 5133; baseline -0.014 -18"><span class='ocrx_word' id='word_1_765' title='bbox 504 5037 768 5133; x_wconf 76' lang='grc' dir='ltr'>ἱστορίας,</span> <span class='ocrx_word' id='word_1_766' title='bbox 798 5059 917 5123; x_wconf 85' lang='grc' dir='ltr'><strong>πῶς</strong></span> <span class='ocrx_word' id='word_1_767' title='bbox 947 5055 1148 5120; x_wconf 81' lang='grc' dir='ltr'>εὐθέως</span> <span class='ocrx_word' id='word_1_768' title='bbox 1179 5051 1414 5124; x_wconf 78' lang='grc' dir='ltr'>ἐπῆλθεν</span> <span class='ocrx_word' id='word_1_769' title='bbox 1447 5052 1481 5122; x_wconf 79' lang='grc' dir='ltr'>ἡ</span> <span class='ocrx_word' id='word_1_770' title='bbox 1514 5049 1638 5120; x_wconf 80' lang='grc' dir='ltr'>δίκη</span> <span class='ocrx_word' id='word_1_771' title='bbox 1659 5047 1754 5101; x_wconf 76' lang='grc' dir='ltr'><strong>καὶ</strong></span> <span class='ocrx_word' id='word_1_772' title='bbox 1780 5042 2050 5099; x_wconf 80' lang='grc' dir='ltr'>κατέλαϐε</span> 
     </span>
    </p>
   </div>
   <div class='ocr_carea' id='block_1_100' title="bbox 2158 5037 3756 5133">
    <p class='ocr_par' dir='ltr' id='par_1_100' title="bbox 2191 5037 3756 5110">
     <span class='ocr_line' id='line_1_100' title="bbox 2191 5037 3756 5110; baseline -0.004 -14"><span class='ocrx_word' id='word_1_773' title='bbox 2191 5043 2307 5107; x_wconf 67' lang='lat' dir='ltr'><strong>rite,</strong></span> <span class='ocrx_word' id='word_1_774' title='bbox 2341 5051 2402 5096; x_wconf 89' lang='lat' dir='ltr'><strong>ut</strong></span> <span class='ocrx_word' id='word_1_775' title='bbox 2433 5039 2613 5096; x_wconf 88' lang='lat' dir='ltr'><strong>statim</strong></span> <span class='ocrx_word' id='word_1_776' title='bbox 2635 5053 2797 5110; x_wconf 69' lang='lat' dir='ltr'><strong>paena</strong></span> <span class='ocrx_word' id='word_1_777' title='bbox 2810 5038 3208 5110; x_wconf 81' lang='lat' dir='ltr'><strong>supervenerit,</strong></span> <span class='ocrx_word' id='word_1_778' title='bbox 3231 5038 3452 5094; x_wconf 91' lang='lat' dir='ltr'><strong>etillum</strong></span> <span class='ocrx_word' id='word_1_779' title='bbox 3472 5037 3756 5093; x_wconf 78' lang='lat' dir='ltr'><strong>invaserit.</strong></span> 
     </span>
    </p>
   </div>
   <div class='ocr_carea' id='block_1_101' title="bbox 502 5153 689 5206">
    <p class='ocr_par' dir='ltr' id='par_1_101' title="bbox 502 5153 689 5206">
     <span class='ocr_line' id='line_1_101' title="bbox 502 5153 689 5206; baseline 0.005 -2"><span class='ocrx_word' id='word_1_780' title='bbox 502 5153 689 5206; x_wconf 75' lang='grc' dir='ltr'>αὐτόν.</span> 
     </span>
    </p>
   </div>
   <div class='ocr_carea' id='block_1_102' title="bbox 580 5221 2052 5312">
    <p class='ocr_par' dir='ltr' id='par_1_102' title="bbox 580 5226 2052 5312">
     <span class='ocr_line' id='line_1_102' title="bbox 580 5226 2052 5312; baseline -0.014 -14"><span class='ocrx_word' id='word_1_781' title='bbox 580 5243 775 5312; x_wconf 78' lang='grc' dir='ltr'>Τακτῇ</span> <span class='ocrx_word' id='word_1_782' title='bbox 844 5240 913 5295; x_wconf 80' lang='grc' dir='ltr'>δὲ</span> <span class='ocrx_word' id='word_1_783' title='bbox 961 5239 1151 5310; x_wconf 73' lang='grc' dir='ltr'><strong>ἡμέρᾳ</strong></span> <span class='ocrx_word' id='word_1_784' title='bbox 1199 5239 1234 5292; x_wconf 86' lang='grc' dir='ltr'><em>ό</em></span> <span class='ocrx_word' id='word_1_785' title='bbox 1289 5233 1552 5304; x_wconf 80' lang='grc' dir='ltr'>Ἡρώδης</span> <span class='ocrx_word' id='word_1_786' title='bbox 1605 5226 2052 5297; x_wconf 81' lang='grc' dir='ltr'>ἐνδυσάμενος⁸</span> 
     </span>
    </p>
   </div>
   <div class='ocr_carea' id='block_1_103' title="bbox 2158 5221 3762 5312">
    <p class='ocr_par' dir='ltr' id='par_1_103' title="bbox 2265 5221 3762 5291">
     <span class='ocr_line' id='line_1_103' title="bbox 2265 5221 3762 5291; baseline -0.001 -16"><span class='ocrx_word' id='word_1_787' title='bbox 2265 5221 2428 5277; x_wconf 71' lang='lat' dir='ltr'><strong>Vens.</strong></span> <span class='ocrx_word' id='word_1_788' title='bbox 2458 5221 2549 5278; x_wconf 72' lang='grc'>21.</span> <span class='ocrx_word' id='word_1_789' title='bbox 2581 5223 2883 5281; x_wconf 87' lang='lat' dir='ltr'><strong>Constituta</strong></span> <span class='ocrx_word' id='word_1_790' title='bbox 2911 5232 3091 5280; x_wconf 87' lang='lat' dir='ltr'><strong>autem</strong></span> <span class='ocrx_word' id='word_1_791' title='bbox 3121 5223 3226 5291; x_wconf 88' lang='lat' dir='ltr'><strong>die,</strong></span> <span class='ocrx_word' id='word_1_792' title='bbox 3259 5223 3490 5278; x_wconf 87' lang='lat' dir='ltr'><strong>Herodes</strong></span> <span class='ocrx_word' id='word_1_793' title='bbox 3512 5228 3650 5276; x_wconf 82' lang='lat' dir='ltr'><strong>veste</strong></span> <span class='ocrx_word' id='word_1_794' title='bbox 3674 5235 3762 5274; x_wconf 87' lang='lat' dir='ltr'><strong>re-</strong></span> 
     </span>
    </p>
   </div>
   <div class='ocr_carea' id='block_1_104' title="bbox 579 5420 1169 5488">
    <p class='ocr_par' dir='ltr' id='par_1_104' title="bbox 579 5420 1169 5488">
     <span class='ocr_line' id='line_1_104' title="bbox 579 5420 1169 5488; baseline -0.008 -7"><span class='ocrx_word' id='word_1_795' title='bbox 579 5425 626 5461; x_wconf 74' lang='lat'>”</span> <span class='ocrx_word' id='word_1_796' title='bbox 661 5425 856 5482; x_wconf 80' lang='lat' dir='ltr'><strong>Matth.</strong></span> <span class='ocrx_word' id='word_1_797' title='bbox 889 5438 1045 5488; x_wconf 83' lang='lat' dir='ltr'><strong>xvm,</strong></span> <span class='ocrx_word' id='word_1_798' title='bbox 1077 5420 1169 5477; x_wconf 76' lang='lat'><strong>20.</strong></span> 
     </span>
    </p>
   </div>
   <div class='ocr_carea' id='block_1_105' title="bbox 1685 5531 2572 5597">
    <p class='ocr_par' dir='ltr' id='par_1_105' title="bbox 1685 5531 2572 5597">
     <span class='ocr_line' id='line_1_105' title="bbox 1685 5531 2572 5597; baseline -0.003 -2"><span class='ocrx_word' id='word_1_799' title='bbox 1685 5533 1885 5597; x_wconf 65' lang='lat' dir='ltr'><strong>Varia:</strong></span> <span class='ocrx_word' id='word_1_800' title='bbox 1929 5531 2236 5594; x_wconf 88' lang='lat' dir='ltr'><strong>lectiones</strong></span> <span class='ocrx_word' id='word_1_801' title='bbox 2277 5534 2340 5590; x_wconf 89' lang='lat' dir='ltr'><strong>et</strong></span> <span class='ocrx_word' id='word_1_802' title='bbox 2379 5533 2572 5595; x_wconf 72' lang='lat' dir='ltr'><strong>notua.</strong></span> 
     </span>
    </p>
   </div>
   <div class='ocr_carea' id='block_1_106' title="bbox 582 5646 2052 5741">
    <p class='ocr_par' dir='ltr' id='par_1_106' title="bbox 582 5657 2033 5741">
     <span class='ocr_line' id='line_1_106' title="bbox 582 5657 2033 5741; baseline -0.014 -14"><span class='ocrx_word' id='word_1_803' title='bbox 582 5674 628 5704; x_wconf 74' lang='grc'><strong>’⁵⁸</strong></span> <span class='ocrx_word' id='word_1_804' title='bbox 662 5671 833 5741; x_wconf 82' lang='lat' dir='ltr'><strong>Marg.</strong></span> <span class='ocrx_word' id='word_1_805' title='bbox 867 5669 1011 5734; x_wconf 88' lang='grc' dir='ltr'><strong>Ὅρα</strong></span> <span class='ocrx_word' id='word_1_806' title='bbox 1032 5665 1335 5741; x_wconf 71' lang='grc' dir='ltr'>Βασιλεέου.</span> <span class='ocrx_word' id='word_1_807' title='bbox 1402 5661 1606 5741; x_wconf 45' lang='grc' dir='ltr'><strong>ηδ’-τον.</strong></span> <span class='ocrx_word' id='word_1_808' title='bbox 1645 5657 1960 5741; x_wconf 39' lang='grc' dir='ltr'>ἐνέβαλλεν..</span> <span class='ocrx_word' id='word_1_809' title='bbox 2010 5726 2033 5741; x_wconf 39' lang='grc' dir='ltr'>θ</span> 
     </span>
    </p>
   </div>
   <div class='ocr_carea' id='block_1_107' title="bbox 2158 5646 3761 5741">
    <p class='ocr_par' dir='ltr' id='par_1_107' title="bbox 2158 5646 3761 5741">
     <span class='ocr_line' id='line_1_107' title="bbox 2158 5646 3761 5741; baseline -0.004 -33"><span class='ocrx_word' id='word_1_810' title='bbox 2158 5669 2212 5741; x_wconf 51' lang='lat'><strong>0&quot;.</strong></span> <span class='ocrx_word' id='word_1_811' title='bbox 2258 5654 2286 5706; x_wconf 80' lang='grc' dir='ltr'><strong>δ</strong></span> <span class='ocrx_word' id='word_1_812' title='bbox 2318 5671 2388 5708; x_wconf 86' lang='grc' dir='ltr'><strong>τι.</strong></span> <span class='ocrx_word' id='word_1_813' title='bbox 2465 5655 2508 5687; x_wconf 69' lang='grc'><strong>³⁹</strong></span> <span class='ocrx_word' id='word_1_814' title='bbox 2542 5651 2606 5707; x_wconf 88' lang='lat' dir='ltr'><strong>In</strong></span> <span class='ocrx_word' id='word_1_815' title='bbox 2641 5650 2848 5720; x_wconf 79' lang='lat' dir='ltr'><strong>vulgato</strong></span> <span class='ocrx_word' id='word_1_816' title='bbox 2885 5658 2982 5718; x_wconf 85' lang='lat' dir='ltr'><strong>est,</strong></span> <span class='ocrx_word' id='word_1_817' title='bbox 3007 5648 3036 5702; x_wconf 93' lang='grc' dir='ltr'><strong>δ</strong></span> <span class='ocrx_word' id='word_1_818' title='bbox 3074 5646 3342 5723; x_wconf 83' lang='grc' dir='ltr'>Ἦρὼδης,</span> <span class='ocrx_word' id='word_1_819' title='bbox 3389 5662 3437 5708; x_wconf 86' lang='lat' dir='ltr'><strong>et</strong></span> <span class='ocrx_word' id='word_1_820' title='bbox 3486 5653 3761 5736; x_wconf 69' lang='grc' dir='ltr'>Σιὲθνίοις.</span> 
     </span>
    </p>
   </div>
   <div class='ocr_carea' id='block_1_108' title="bbox 509 5724 2315 5812">
    <p class='ocr_par' dir='ltr' id='par_1_108' title="bbox 509 5724 2315 5812">
     <span class='ocr_line' id='line_1_108' title="bbox 509 5724 2315 5812; baseline -0.014 -12"><span class='ocrx_word' id='word_1_821' title='bbox 509 5745 579 5780; x_wconf 67' lang='grc' dir='ltr'><strong>δ’·</strong></span> <span class='ocrx_word' id='word_1_822' title='bbox 607 5724 908 5812; x_wconf 11' lang='grc' dir='ltr'>Ιιιίυννίᾷαιυ</span> <span class='ocrx_word' id='word_1_823' title='bbox 935 5724 1030 5805; x_wconf 72' lang='lat' dir='ltr'><strong>est,</strong></span> <span class='ocrx_word' id='word_1_824' title='bbox 1067 5735 1323 5790; x_wconf 78' lang='grc' dir='ltr'>Βλαστόν.</span> <span class='ocrx_word' id='word_1_825' title='bbox 1400 5733 1445 5764; x_wconf 77' lang='grc'><strong>⁸⁸</strong></span> <span class='ocrx_word' id='word_1_826' title='bbox 1479 5732 1539 5785; x_wconf 84' lang='grc' dir='ltr'>1η</span> <span class='ocrx_word' id='word_1_827' title='bbox 1570 5729 1780 5799; x_wconf 85' lang='lat' dir='ltr'><strong>vulgato</strong></span> <span class='ocrx_word' id='word_1_828' title='bbox 1813 5741 1908 5790; x_wconf 77' lang='lat' dir='ltr'><strong>ets‘,</strong></span> <span class='ocrx_word' id='word_1_829' title='bbox 1946 5724 2315 5794; x_wconf 73' lang='grc' dir='ltr'>ἐνδεδυμένος.</span> 
     </span>
    </p>
   </div>
  </div>
