4116 6216
353 292 458 354 (.87

1305 287 1856 348 H‘HEOPI‘IYLACT
1866 288 1888 347 Ι
1933 289 2340 351 BULGARL’E
2379 295 2734 356 ARCIIIEP.

3512 301 3614 362 683

353 405 462 475 gali
492 402 727 463 indutus,
761 419 820 454 ac
847 400 1027 453 sedens
1063 413 1157 468 pro
1189 399 1466 466 tribunali,
1502 399 1800 453 concionem
1825 399 1925 451 Ira-

2041 398 2259 469 ἐσθῆτα
2282 402 2640 471 βασιλικὴν,
2669 403 2766 458 καὶ
2789 403 3044 470 καθίσας
3068 405 3163 458 ἐπὶ
3194 405 3297 459 τοῦ
3341 408 3616 477 βήμιιῖις

351 500 499 552 ὺιὺαι
535 499 603 549 ad
659 494 800 547 illos.

429 586 590 640 Vens.
633 584 722 637 22.
757 581 819 635 Αι
848 579 1070 650 populus
1104 580 1460 646 acclamabat,
1497 580 1608 636 νοτ
1643 581 1729 636 dei
1751 592 1797 636 et
1835 598 1936 637 non

353 678 598 732 hominis.

425 768 582 840 105.
610 765 766 820 Vens.
799 764 890 818 25.
927 762 1203 834 Extemplo
1227 775 1403 822 autem
1425 769 1672 836 percussit
1697 784 1814 821 eum
1837 784 1932 820 an-

2042 489 2393 561 ἐδημηγόρει
2427 495 2577 562 πρὸς
2603 498 2846 562 αὐτούς.

2060 623 2062 625 -
2122 585 2187 638 '0
2223 585 2292 640 δὲ
2347 587 2538 658 δῆμος
2575 589 2893 659 ἐπεφώνει·
2935 590 3107 660 Φωνὴ
3156 592 3316 656 θεοῦ,
3364 592 3462 647 καὶ
3507 597 3616 649 οὐκ

2039 676 2375 746 ἀνθρώπου.

2114 767 2485 839 Παραχρῆμα
2524 769 2593 824 δὲ
2619 770 2925 836 ἐπάταξεν
2960 772 3149 826 αὐτὸν
3208 773 3463 844 ἄγγελος
3500 779 3615 829 Κυ-

349 863 494 932 gelns
528 858 755 922 Domini,
785 868 1058 928 propterea
1085 858 1224 929 quod
1255 876 1360 912 non
1391 861 1650 914 tribuisset
1688 861 1932 918 honorem

2041 860 2192 927 plov,
2226 861 2357 914 ἀνθ’
2381 856 2468 916 ὧν
2501 866 2613 918 οὐκ
2663 865 2850 919 ἔδωκε
2897 865 3090 931 δόξαν
3119 866 3198 932 τῷ
3226 866 3368 934 Θεῷ,
3405 869 3505 924 καὶ
3533 887 3619 940 γε·

349 965 396 1006 ct
433 951 642 1004 laudem
684 948 816 1016 Deo,
842 959 889 1001 et
949 965 1125 1002 erasus
1151 967 1181 1001 a
1209 949 1468 1004 vermibus
1503 950 1807 1017 exspiravit.

421 1049 583 1102 Vens.
610 1044 700 1098 Ἡ.
737 1044 904 1098 Porro
934 1046 1142 1100 verbum
1172 1045 1267 1101 Dei
1315 1047 1572 1101 crescebat
1597 1055 1644 1099 et
1683 1041 1938 1111 multipli-

350 1142 594 1195 cabatur.

433 1232 583 1286 Veste
611 1231 778 1302 regali
816 1230 1054 1285 indutus.
1083 1229 1356 1300 Josephus
1383 1229 1518 1284 dicit
1570 1227 1820 1284 Heroden
1850 1227 1937 1282 in-

351 1325 542 1378 dutum
574 1332 748 1386 veste,
799 1338 918 1391 quze
948 1330 1058 1376 tota
1087 1337 1154 1376 ex
1203 1331 1430 1393 argento
1484 1321 1788 1375 admirabili
1819 1330 1937 1375 tex-

350 1427 470 1471 tura
502 1413 748 1470 confecta
796 1413 1010 1479 fuisset,
1054 1414 1110 1467 in
1163 1414 1436 1468 theatrum
1491 1412 1778 1483 prodiisse,
1811 1412 1939 1466 inci-

350 1510 534 1578 piente
565 1516 620 1562 et
683 1507 1035 1561 illucescente
1090 1505 1230 1563 die:
1287 1504 1376 1559 ubi
1439 1503 1630 1574 primis
1680 1504 1936 1558 solarium

352 1602 628 1656 radiorum
662 1599 1098 1655 immissionibus
1128 1605 1416 1670 argentum
1450 1598 1778 1651 illustratum
1828 1597 1935 1651 mi-

2039 951 2293 1020 νόμενος
2322 955 2836 1022 σκωληκόϐροτος,
2874 956 3195 1025 ἐξέψυξεν.

2122 1043 2185 1097 '0
2220 1043 2288 1096 δὲ
2319 1047 2502 1115 λόγος
2529 1047 2635 1102 τοῦ
2663 1047 2811 1103 Θεοῦ
2832 1051 3058 1117 ηὔξανε
3090 1050 3188 1104 καί
3219 1053 3616 1121 ἐπληθύνετο.

2135 1233 2577 1306 Ἐνδυσάμενος
2632 1236 2863 1307 ἐσθῆτα
2922 1238 3282 1309 βασιλικήν.
3356 1241 3619 1314 Ἰώσηπος

2038 1332 2210 1401 λέγει,
2239 1331 2315 1395 ῶς
2348 1333 2376 1384 ὁ
2427 1329 2672 1402 Ἡρώδης
2724 1330 2918 1401 στολὴν
2960 1331 3323 1400 ἐνδυσάμενος
3349 1334 3409 1398 ἐξ
3434 1338 3615 1406 ἀργυ-

2044 1423 2158 1495 ρίου
2183 1423 2564 1493 πεποιημένην
2600 1424 2801 1488 πᾶσαν,
2827 1421 2903 1485 ώς
2935 1421 3240 1494 Θαυμάσιον
3273 1426 3415 1498 ὑφὴν
3439 1424 3605 1493 εἶναι,

2046 1515 2324 1586 παρῆλθεν
2364 1516 2443 1580 εἰς
2484 1516 2546 1567 τὸ
2593 1514 2824 1586 θέατρον
2872 1516 3184 1588 ἀρχομένης
3211 1518 3460 1588 ἡμέρας*
3487 1521 3620 1575 ἔνθα

2040 1611 2159 1672 ταῖς
2188 1609 2435 1680 πρώταις
2463 1609 2571 1663 τῶν
2601 1609 2840 1680 ἡλιακῶν
2869 1611 3106 1664 ἀκτίνων
3153 1612 3435 1677 ἐπιϐολαῖς
3455 1616 3482 1667 ὁ
3512 1615 3616 1684 ἄρα

353 1695 585 1750 randum
619 1695 671 1747 in
703 1693 924 1748 modum
955 1691 1278 1762 refulgebat,
1312 1689 1614 1746 terribilem
1650 1688 1932 1758 quemdam

360 1796 399 1804 ,.
434 1785 768 1804 9ρ..ρ--κ-.ει,>--
817 1783 1140 1804 l,-_____cl-----
1191 1782 1442 1804 -.__:an......
1472 1781 1811 1804 Α-1Α.ιμ1η..ι....
1873 1795 1932 1804 ..Α

2041 1717 2206 1770 γυρος
2236 1700 2661 1769 καταυγασθεὶς,
2702 1700 3022 1772 θαυμασίως
3069 1703 3356 1758 ἐπέστιλὸε
3392 1723 3618 1776 μαρμα-

351 1796 406 1841 et
433 1785 772 1840 intuentibus
816 1783 1144 1838 horrendum
1185 1782 1444 1837 emittens
1470 1781 1836 1852 Splendorem,
1871 1795 1934 1834 ac

353 1876 536 1931 statim
583 1875 893 1930 adulatores
947 1874 1097 1928 illum
1137 1873 1299 1928 deum
1363 1871 1728 1942 appellabant,
1755 1869 1931 1925 actia-

357 1979 569 2024 manlcs
603 1986 616 2022 :
666 1967 956 2038 Propitius,
979 1967 1053 2022 sis
1083 1983 1095 2020 :
1129 1965 1232 2020 etsi
1265 1974 1316 2020 te
1347 1965 1612 2019 hactenus
1643 1971 1700 2016 ut
1757 1961 1934 2016 homi—

355 2078 481 2116 nem
515 2060 732 2116 reveriti
791 2076 1000 2126 sumus,
1055 2066 1295 2127 attamen
1340 2056 1596 2126 deinceps
1655 2067 1707 2110 te
1738 2063 1932 2109 natura

361 2156 596 2207 humana
628 2151 890 2220 majorem
922 2165 1045 2205 esse
1093 2147 1440 2204 conﬁtemur.
1471 2146 1606 2201 Vide
1635 2147 1824 2217 quales
1855 2145 1930 2199 illi

355 2253 511 2298 erant
562 2244 891 2306 adulatores,
946 2252 1110 2312 atque
1171 2240 1334 2296 etiam
1386 2237 1510 2295 vide
1558 2239 1928 2310 apostolorum

357 2337 521 2390 animi
581 2335 1030 2407 magnitudinem.
1063 2333 1233 2399 Quem
1269 2332 1412 2388 enim
1444 2331 1650 2403 integra
1676 2331 1825 2386 natio
1855 2331 1929 2386 ita

355 2429 584 2493 colebat,
644 2429 788 2484 hunc
821 2427 895 2481 illi
921 2426 1368 2490 contemnebant,
1397 2433 1452 2480 et
1479 2423 1633 2495 quasi
1663 2438 1932 2492 conspue-

353 2523 506 2580 bant.
537 2522 697 2592 Atqui
724 2521 769 2576 si
804 2520 900 2588 illi,
937 2521 1083 2576 dicat
1111 2519 1324 2589 aliquis,
1352 2518 1679 2583 clamabant,
1712 2517 1838 2587 quid
1863 2516 1931 2570 ad

359 2614 543 2668 hunc?
571 2612 706 2679 Quia
743 2611 1007 2682 probabat
1055 2627 1266 2678 vocem,
1301 2610 1424 2681 quia
1465 2625 1523 2665 se
1575 2609 1801 2680 dignum
1837 2608 1926 2662 illa

361 2702 674 2758 adulatione
706 2703 952 2773 putabat.
985 2703 1091 2756 Per
1122 2703 1270 2756 hunc
1325 2711 1509 2756 autem
1541 2701 1776 2756 maxime
1830 2697 1930 2764 illi,

358 2797 452 2866 qui
505 2796 578 2851 ita
611 2805 817 2851 temere
843 2794 1222 2860 adulabautur,
1255 2794 1521 2849 docentur
1543 2802 1598 2849 e‘t
1629 2791 1932 2849 emendan-

360 2899 448 2945 tur
480 2907 492 2946 :
527 2906 590 2945 ac
615 2891 829 2960 utrique
861 2874 1077 2959 quidem
1112 2885 1377 2958 supplicio
1429 2884 1575 2956 digni
1627 2891 1802 2950 erant,
1835 2881 1932 2937 sed

357 2982 824 3052 quoniam°judicii
854 2991 1067 3050 tempus
1091 2995 1202 3033 non
1227 2986 1361 3041 erat,
1392 2976 1479 3031 ille
1509 2975 1598 3045 qui
1621 2975 1792 3044 culpa:
1815 2989 1928 3028 ma-

2044 1792 2229 1866 ρυγῶν
2281 1810 2334 1846 τι
2380 1791 2631 1864 φοϐερὸν,
2666 1794 2909 1857 καὶτοῖς
2966 1795 3048 1858 είς
3092 1795 3258 1848 αὑτὸν
3307 1795 3616 1860 ἀτενίζουσι

2045 1887 2315 1957 φρικῶδες
2335 1904 2349 1920 ³
2383 1888 2545 1952 εὐθύς
2572 1906 2632 1942 τε
2662 1889 2713 1942 οί
2740 1889 2993 1953 κόλακες,
3029 1889 3150 1944 θεὸν
3172 1891 3580 1962 προσηγόρευον
3599 1910 3614 1923 ο

2043 1977 2295 2050 Εὐμενής
2317 1996 2374 2032 τε
2403 1981 2540 2049 εἴης,
2582 1979 2926 2048 ἐπιλέγοντες
2946 1996 2960 2010 °
2990 1981 3038 2034 εί
3069 1981 3163 2034 καὶ
3209 1983 3374 2053 μέχρι
3413 1983 3509 2036 νῦν
3539 1983 3618 2047 ὡς

2042 2071 2330 2142 ἄνθρωπον
2359 2070 2737 2142 ἐφοϐήθημεν·
2773 2071 2908 2125 ἀλλά
2940 2071 3284 2139 τούντεῦθεν,
3333 2074 3618 2144 κρείττονά

2043 2178 2102 2214 σε
2137 2160 2238 2229 τῆς
2257 2161 2301 2192 ⁸³
2351 2161 2566 2230 φύσεως
2608 2160 3003 2231 ὁμολογοῦμεν.
3032 2161 3175 2232 Ὅρα
3216 2162 3334 2225 πῶς
3383 2164 3616 2227 κόλακες

2041 2249 2182 2324 ἦσαν
2205 2254 2402 2307 ἐκεῖνοι
2419 2269 2433 2284 ο
2455 2254 2556 2324 ὅρα
2583 2252 2639 2306 δὲ
2691 2253 2786 2306 καὶ
2844 2251 2951 2304 τῶν
2981 2252 3295 2305 ἀποστόλων
3323 2252 3384 2306 τὸ
3415 2253 3618 2324 φρόνη·

2045 2362 2144 2416 μα.
2186 2347 2282 2400 Ὃν
2336 2344 2446 2416 γὰρ
2497 2343 2651 2407 ἔθνος
2697 2342 2991 2413 ὀλόκληρον
3040 2341 3218 2406 οὕτως
3254 2343 3613 2414 ἐθεράπευσε,

2040 2437 2228 2492 τοῦτον
2279 2429 2427 2490 οὗτοι
2481 2435 2754 2490 διέπτυον.
2791 2436 2898 2488 Καὶ
2941 2435 3068 2506 μὴν,
3099 2438 3146 2488 εί
3181 2437 3397 2502 ἐκεῖνοι,
3428 2437 3614 2506 φησὶν,

2041 2528 2292 2600 ἐϐόησαν,
2323 2528 2378 2580 τί
2421 2527 2556 2598 πρὸς
2589 2526 2813 2594 τοῦτον;
2848 2527 2967 2582 ’Ότι
2997 2525 3324 2591 κατεδέξατο
3368 2527 3466 2597 τὴν
3500 2546 3616 2598 φωο

2041 2622 2160 2694 νὴν,
2188 2623 2270 2675 ὅτι
2298 2619 2449 2685 ἀξιον
2481 2621 2671 2674 ἑαυτὸν
2702 2619 2956 2690 ἐνόμισεν
2984 2614 3125 2672 εἶναι
3156 2619 3257 2688 τῆς
3299 2619 3610 2683 κολακείας.

2041 2715 2144 2768 Διά
2185 2712 2375 2768 τούτου
2400 2712 2457 2766 δὲ
2491 2711 2725 2783 μάλιστα
2747 2712 2946 2765 ἐκεῖνοι
2970 2711 3320 2766 παιδεύονται
3358 2713 3410 2764 οί
3447 2712 3614 2765 κολα-

2041 2800 2294 2865 κεύοντες
2325 2801 2473 2871 εἰκῆ.
2523 2800 2848 2872 Ἀμφότεροι
2876 2800 2975 2872 μὲν
3005 2797 3096 2855 οὖν
3117 2797 3258 2874 ἦσαν
3279 2801 3418 2870 ἄξιοι
3442 2819 3616 2872 τιμω-

2041 2894 2193 2964 ρίας*
2222 2893 2338 2948 ἀλλ’
2365 2894 2488 2947 ἐπεὶ
2516 2893 2753 2965 κρίσεως
2791 2893 2891 2946 οὑκ
2924 2894 3042 2947 ἐστι
3069 2893 3280 2962 καιρὸς,
3313 2896 3342 2948 ό
3383 2893 3614 2965 μάλιστα

2043 2984 2340 3051 ὑπεύθυνος
2371 2985 2678 3051 κολάζεται.
2710 2986 2773 3038 El
2801 2985 2857 3039 δὲ
2885 2979 3039 3049 οὗτος
3063 2985 3298 3047 ἀκούσας
3330 2987 3413 3040 ὅτι
3440 2987 3613 3054 Φωνὴ

360 3071 504 3125 xime
543 3079 659 3125 erat
692 3071 885 3134 allinis,
922 3073 1167 3138 punitur.
1203 3065 1360 3131 Quod
1431 3065 1476 3118 si
1509 3063 1617 3128 ille,
1647 3061 1793 3132 quod
1828 3075 1928 3114 au-

2041 3077 2193 3144 οεοῦ,
2243 3079 2343 3132 καί
2417 3080 2529 3132 οὐκ
2584 3076 2924 3145 ἀνθρώπου,
2966 3078 3143 3131 καίτοι
3200 3079 3364 3148 μηδὲν
3417 3079 3610 3145 εἰπὼν,

363 3165 480 3219 dire
529 3162 896 3224 sustinuisset,
945 3160 1055 3212 Vox
1093 3157 1189 3211 Dei
1221 3167 1270 3209 et
1307 3171 1411 3208 non
1444 3153 1688 3216 hominis,
1716 3153 1930 3207 tametsi

362 3253 497 3309 nihil
520 3251 753 3315 dixerat,
794 3264 887 3303 eus
937 3263 1126 3318 poenas
1159 3246 1305 3300 dedit
1335 3263 1347 3298 :
1401 3245 1572 3298 multo
1593 3245 1785 3313 majori
1813 3259 1931 3299 me-

362 3347 466 3400 rito
489 3342 760 3404 Christus,
790 3339 895 3394 nisi
942 3340 1058 3409 ipse
1095 3345 1240 3392 esset
1288 3335 1452 3402 Deus,
1477 3350 1664 3406 poenas
1695 3335 1934 3391 dedisset

362 3437 456 3510 qui
484 3450 699 3506 semper
722 3432 936 3490 dicebat
996 3451 1012 3488 :
1065 3429 1227 3484 Verba
1258 3430 1366 3484 [nec
1392 3445 1495 3482 non
1523 3436 1645 3482 sunt
1685 3444 1821 3494 mea,
1853 3436 1930 3494 et,

362 3527 552 3598 Angeli
583 3527 710 3580 mihi
743 3525 1069 3578 ministrant.

423 3621 585 3680 Vens.
607 3618 696 3673 25.
718 3615 990 3672 Barnabas
1003 3622 1177 3670 autem
1196 3621 1244 3668 et
1262 3611 1459 3669 Saulus
1474 3612 1731 3682 perfuncti
1777 3612 1934 3666 mini-

360 3715 539 3776 sterio,
578 3709 640 3764 ab
675 3707 1047 3779 Hierosolymis
1078 3689 1400 3760 Antiochiam
1451 3706 1642 3758 reversi
1664 3713 1782 3758 sunt
1803 3743 1822 3767 ,
1850 3719 1935 3757 as-

361 3814 570 3876 sumpto
580 3819 751 3858 secum
767 3803 924 3856 etiam
937 3799 1160 3867 Joanne,
1183 3798 1266 3852 cui
1274 3813 1557 3869 cognomen
1583 3796 1677 3867 (uit
1697 3796 1928 3852 Marcus.

948 3980 1173 4038 CAPUT
1225 3979 1366 4036 XIII.

436 4101 598 4155 Vens.
626 4097 678 4154 1.
707 4096 1074 4152 Erantautem
1090 4095 1375 4166 quidamin
1399 4090 1648 4154 Ecclesia.
1678 4109 1796 4164 qua:
1821 4102 1938 4147 erat

361 4193 671 4255 Antiocltite,
727 4191 992 4259 prapheta:
1040 4197 1087 4241 et
1128 4189 1382 4251 doctores,
1439 4185 1715 4240 Barnabas
1752 4183 1935 4240 videli-

365 4299 465 4350 cet,
497 4296 545 4339 et
572 4281 804 4347 Simeon,
835 4281 924 4352 qui
954 4279 1240 4334 uocabatur
1272 4277 1459 4349 Niger,
1481 4287 1530 4332 et
1562 4277 1754 4331 Lucius
1777 4277 1938 4346 Cyre-

364 4377 557 4441 uensis,
587 4382 777 4447 prwter
824 4376 914 4427 tios
946 4369 1230 4434 Manalien,
1259 4370 1346 4439 qui
1396 4377 1510 4423 erat
1528 4384 1636 4422 una
1670 4384 1787 4422 cum
1828 4366 1937 4420 Hec

368 4468 492 4522 rode
516 4467 784 4522 tetrarclta
815 4466 1088 4540 educatus,
1130 4471 1177 4516 et
1209 4459 1424 4516 Saulus.

437 4559 628 4615 Adhuc
659 4558 917 4612 Barnabzze
943 4556 1184 4626 primum
1241 4551 1574 4607 mentionem
1604 4552 1763 4621 facit.
1797 4553 1937 4608 Pau-

367 4653 452 4707 lus
475 4651 620 4705 enim
651 4649 894 4704 nondum
928 4656 1048 4702 erat
1088 4645 1266 4699 clarus
1305 4658 1318 4696 :
1356 4643 1597 4699 nondum
1656 4645 1822 4699 ullum
1853 4645 1933 4701 fe-

367 4749 516 4797 cerat
549 4738 783 4810 signum.
827 4735 1135 4792 Notandum
1169 4741 1253 4789 est
1272 4743 1459 4788 autem
1517 4745 1574 4790 et
1620 4734 1842 4790 Paulum
1874 4746 1934 4791 et

367 4832 821 4907 Barnabamcum
851 4828 1130 4898 prophetis
1163 4827 1475 4891 collocatos,
1500 4837 1556 4883 et
1595 4837 1933 4898 comparatos

365 4941 510 4982 esse.
563 4923 764 4983 Pratter
815 4922 907 4976 bos
933 4919 1221 4987 .Manalzen,
1256 4919 1345 4991 qui
1403 4927 1516 4973 erat
1571 4936 1688 4974 cum
1731 4920 1936 4974 Herode

369 5017 635 5074 tetrarcha
659 5013 930 5068 educatus.
963 5012 1103 5067 Ecce
1132 5027 1312 5066 mores
1351 5011 1812 5080 uniuscujusque;
1842 5027 1938 5066 ve-

370 5127 491 5182 rum
513 5123 674 5180 quam
711 5121 742 5160 a
775 5103 1005 5174 pueritia
1031 5111 1354 5174 acceperant
1388 5104 1787 5168 educationem,
1824 5120 1935 5159 non

372 5210 604 5270 uterque
651 5192 896 5252 retinuit.
931 5190 1063 5247 Vide
1091 5193 1296 5256 ‘enim,
1349 5201 1408 5246 ut
1434 5191 1672 5247 Herodes
1715 5193 1934 5262 quidem

368 5293 640 5364 pessimus
701 5287 866 5344 fuerit
904 5303 919 5340 :
963 5285 1227 5339 Manahen
1279 5295 1483 5348 autem,
1527 5284 1618 5353 qui
1665 5299 1771 5338 una
1811 5299 1934 5338 cum

373 5383 474 5436 hoc
503 5382 765 5437 educatus
795 5378 992 5441 fuerat,
1025 5382 1232 5429 tantum
1262 5374 1330 5428 ab
1363 5374 1453 5428 illo
1481 5381 1720 5428 mutatus
1743 5383 1845 5439 est,
1876 5382 1936 5428 ut

373 5473 537 5528 etiam
569 5487 770 5528 munus
796 5470 1094 5542 prophetiae
1131 5477 1462 5523 consecutus
1489 5468 1576 5521 sit.

2035 3168 2260 3222 τοιαῦτα
2291 3169 2459 3222 ἔπαθε
2482 3184 2496 3197 ·
2524 3168 2705 3238 πολλῴ
2735 3169 2932 3239 μᾶλλον
2962 3171 2990 3222 ὁ
3017 3169 3269 3241 Χριστὸς,
3292 3173 3340 3223 εἰ
3377 3171 3452 3243 μὴ
3480 3172 3612 3235 Θεὸς

2036 3255 2106 3332 ἦν
2153 3259 2333 3324 αὐτὸς,
2367 3260 2454 3313 ἀεὶ
2481 3260 2677 3328 λέγων,
2709 3260 2815 3324 ὅτι,
2854 3262 2928 3316 Τὰ
2973 3259 3214 3330 ῥήματα
3263 3262 3450 3340 ταῦτα
3500 3264 3611 3316 οὐκ

2037 3352 2207 3405 ἐστιν
2229 3349 2341 3422 ἐμά
2363 3367 2378 3382 ο
2413 3350 2528 3414 καὶ.
2567 3349 2833 3422 Ἄγγελοι
2849 3368 2951 3421 μοι
2978 3351 3399 3422 ὑπηρετοῦσιν.

2111 3623 2424 3695 Βαρνάϐας
2459 3623 2528 3678 δὲ
2561 3623 2660 3678 καί
2689 3625 2926 3694 Σαῦλος
2972 3627 3368 3697 ὑπέστρεψαν
3388 3631 3475 3695 εις
3498 3631 3611 3684 ,Ἰε-

2033 3717 2362 3788 ρουσαλὴμ
2383 3720 2454 3783 ⁸⁸,
2495 3717 2924 3786 πληρώσαντες
2949 3719 3066 3788 τὴν
3093 3720 3423 3787 διακονίαν,
3457 3736 3613 3792 συμ-

2041 3811 2492 3880 παραλαϐόντες
2515 3809 2615 3864 καί
2641 3810 2748 3866 τὸν
2783 3809 3072 3882 Ἰωάννην
3091 3813 3198 3866 τὸν
3216 3812 3613 3883 ἐπικληθέντα

2043 3901 2306 3972 Μάρκον.

2633 3995 2888 4054 ΚΕΦΑΛ.
2923 3996 3024 4050 1Γ¹.

2115 4105 2311 4164 Ἦσαν
2335 4109 2404 4163 δέ
2443 4127 2602 4182 τινες
2638 4110 2708 4163 ἐν
2752 4110 3072 4179 Ἀντιοχείᾳ
3095 4110 3246 4165 κατὰ
3274 4111 3388 4178 τὴν
3415 4106 3613 4166 οὖσαν

2058 4200 2447 4268 Ἐκκλησίαν,
2470 4200 2768 4270 προφῆται
2791 4200 2889 4255 καὶ
2918 4199 3294 4266 διδάσκαλοι,
3317 4200 3350 4254 ὅ
3373 4217 3437 4254 τε
3461 4203 3613 4269 Βαρ-

2043 4289 2232 4358 νάϐας
2278 4291 2379 4346 καὶ
2421 4294 2664 4362 Συμεὼν
2699 4295 2734 4346 ό
2781 4293 3221 4363 καλούμενος⁸³
3262 4295 3458 4362 Νίγερ,
3511 4293 3611 4348 καί

2046 4385 2301 4450 Λούκιος
2322 4387 2356 4438 ὁ
2386 4383 2717 4452 Κυρηναῖος
2739 4383 2806 4452 ⁵⁸,
2838 4385 3095 4453 Μαναήν
3114 4401 3179 4439 τε
3218 4383 3476 4453 Ἡρώδου
3504 4383 3612 4438 τοῦ

2042 4476 2368 4546 τετράρχου
2401 4477 2764 4545 σύντροφος,
2796 4475 2894 4530 καὶ
2927 4475 3182 4543 Σαῦλος.

2116 4568 2238 4620 Ἔτι
2293 4566 2578 4637 Βαρνάϐαν
2613 4566 2829 4637 πρῶτον
2866 4567 3238 4638 μνημονεύει·
3295 4566 3449 4620 οὔπω
3501 4567 3610 4636 γάρ

2041 4657 2253 4721 Παῦλος
2280 4653 2348 4728 ἦν
2375 4657 2628 4728 λαμπρός
2650 4673 2664 4686 °
2694 4655 2846 4710 οὔπω
2869 4659 3093 4727 σημεῖον
3120 4657 3269 4710 οὐδὲν
3295 4656 3609 4725 εἰργάσατο.

2039 4750 2384 4822 Σημειωτὲον
2417 4749 2474 4801 δὲ
2516 4749 2598 4802 ὅτι
2629 4747 2723 4801 καὶ
2765 4747 2979 4812 Παῦλος
3015 4748 3113 4801 καὶ
3146 4745 3434 4815 Βιρνάσις
3464 4744 3612 4813 μετὰ

2033 4843 2142 4894 τῶν
2183 4837 2482 4912 προφητῶν
2508 4837 2917 4907 κατετάγησαν.
2961 4834 3217 4901 Μαναήν
3257 4850 3320 4887 τε
3359 4831 3609 4900 Ἡρώδου

2031 4929 2141 4985 τοῦ
2165 4929 2492 4998 τετράρχου
2519 4928 2881 4996 σύντροφος.
2913 4925 3086 4978 Ἰδοὺὸ
3115 4924 3313 4994 τρόπος
3355 4923 3621 4992 ἑκάστου,’

2031 5017 2154 5088 οὐχὶ
2183 5020 2217 5088 ἡ
2248 5020 2311 5071 ὲκ
2348 5017 2534 5080 παιδὸς
2564 5018 2845 5087 ἀνατροφή
2871 5015 3055 5080 σώζει.
3098 5014 3272 5068 Βλέπε
3305 5013 3414 5084 γὰρ
3440 5011 3556 5074 πῶς
3583 5011 3611 5062 ὁ

2038 5111 2138 5180 μὲν
2183 5108 2430 5177 Ἡρώδης
2462 5109 2722 5171 κάκιστος
2761 5103 2864 5176 ἦν·
2899 5107 2926 5158 ὁ
2951 5105 3052 5178 [δὲ]
3089 5104 3276 5158 τούτου
3305 5104 3606 5173 σύντροφος

2039 5199 2268 5268 Μαναὴν
2323 5198 2576 5252 τοσοῦτον
2637 5196 2967 5269 μετεϐλήθη,
3007 5196 3089 5250 ὅτι
3138 5195 3235 5249 καὶ
3275 5190 3610 5266 προφητείας

2039 5291 2267 5364 ἠξιώθη.

1577 5557 1776 5618 Varia-3
1823 5556 2128 5620 lectiones
2173 5561 2228 5614 et
2274 5558 2462 5615 noue.

447 5670 488 5698 “
537 5668 751 5722 Virletur
765 5666 1070 5727 desiderari,
1107 5666 1474 5735 ἀνθρωπίνης·

1576 5661 1620 5692 δ’
1658 5660 1719 5714 In
1739 5669 1932 5727 exempt

2074 5658 2294 5712 Lutetia:
2338 5657 2476 5709 edito
2505 5665 2603 5727 est,
2658 5653 2715 5727 εξ
2747 5650 3102 5727 ’ίερουσαλῂμ
3140 5648 3607 5727 εἰςςΛντιόχειαν,

408 5756 563 5794 annm
614 5721 882 5790 lectionem
912 5721 1098 5804 sequor
1121 5751 1184 5788 ac
1213 5721 1536 5789 'reram'csse
1568 5740 1712 5801 puto.
1789 5732 1833 5762 ⁸³
1861 5721 1924 5784 In

2041 5741 2151 5802 7an
2180 5737 2276 5794 est,
2303 5727 2483 5798 Σίμων
2519 5721 2870 5796 καλούμενος.
2948 5723 2994 5756 ⁸⁵
3019 5721 3331 5791 κυριναῖος,
3377 5730 3508 5772 erat.
