  <div class='ocr_page' id='page_1' title='image "/cluster/home/n/w/nwhite01/storage/ocr_20150623/125/hvd.32044073502429/369.png"; bbox 0 0 4116 6216; ppageno 0'>
   <div class='ocr_carea' id='block_1_1' title="bbox 396 379 498 444">
    <p class='ocr_par' dir='ltr' id='par_1_1' title="bbox 396 379 498 444">
     <span class='ocr_line' id='line_1_1' title="bbox 396 379 498 444; baseline 0 0"><span class='ocrx_word' id='word_1_1' title='bbox 396 379 498 444; x_wconf 71' lang='lat'><strong>£91</strong></span> 
     </span>
    </p>
   </div>
   <div class='ocr_carea' id='block_1_2' title="bbox 1324 372 2749 441">
    <p class='ocr_par' dir='ltr' id='par_1_2' title="bbox 1324 372 2749 441">
     <span class='ocr_line' id='line_1_2' title="bbox 1324 372 2749 441; baseline 0.002 -5"><span class='ocrx_word' id='word_1_2' title='bbox 1324 373 1866 436; x_wconf 77' lang='lat' dir='ltr'><strong>THEOPHYLAC’I‘</strong></span> <span class='ocrx_word' id='word_1_3' title='bbox 1874 377 1901 430; x_wconf 87' lang='lat'><strong>1</strong></span> <span class='ocrx_word' id='word_1_4' title='bbox 1941 372 2350 441; x_wconf 69' lang='grc' dir='ltr'><strong>ΒυιῦΑῆίῶ</strong></span> <span class='ocrx_word' id='word_1_5' title='bbox 2389 377 2749 439; x_wconf 78' lang='lat' dir='ltr'><strong>ARCHIEP.</strong></span> 
     </span>
    </p>
   </div>
   <div class='ocr_carea' id='block_1_3' title="bbox 3529 364 3637 426">
    <p class='ocr_par' dir='ltr' id='par_1_3' title="bbox 3529 364 3637 426">
     <span class='ocr_line' id='line_1_3' title="bbox 3529 364 3637 426; baseline 0 0"><span class='ocrx_word' id='word_1_6' title='bbox 3529 364 3637 426; x_wconf 77' lang='lat'><strong>692</strong></span> 
     </span>
    </p>
   </div>
   <div class='ocr_carea' id='block_1_4' title="bbox 399 486 1972 570">
    <p class='ocr_par' dir='ltr' id='par_1_4' title="bbox 399 494 1957 570">
     <span class='ocr_line' id='line_1_4' title="bbox 399 494 1957 570; baseline -0.004 -17"><span class='ocrx_word' id='word_1_7' title='bbox 399 512 620 570; x_wconf 83' lang='lat' dir='ltr'><strong>tempus.</strong></span> <span class='ocrx_word' id='word_1_8' title='bbox 645 499 812 568; x_wconf 82' lang='lat' dir='ltr'><strong>Atque</strong></span> <span class='ocrx_word' id='word_1_9' title='bbox 837 511 863 551; x_wconf 87' lang='lat' dir='ltr'><strong>c</strong></span> <span class='ocrx_word' id='word_1_10' title='bbox 881 497 1092 566; x_wconf 88' lang='lat' dir='ltr'><strong>vestigio</strong></span> <span class='ocrx_word' id='word_1_11' title='bbox 1123 495 1294 566; x_wconf 89' lang='lat' dir='ltr'><strong>caligo</strong></span> <span class='ocrx_word' id='word_1_12' title='bbox 1327 505 1375 550; x_wconf 89' lang='lat' dir='ltr'><strong>et</strong></span> <span class='ocrx_word' id='word_1_13' title='bbox 1414 499 1638 550; x_wconf 68' lang='lat' dir='ltr'><strong>tenebris</strong></span> <span class='ocrx_word' id='word_1_14' title='bbox 1660 494 1957 550; x_wconf 86' lang='lat' dir='ltr'><strong>ceciderunt</strong></span> 
     </span>
    </p>
   </div>
   <div class='ocr_carea' id='block_1_5' title="bbox 2076 486 3632 570">
    <p class='ocr_par' dir='ltr' id='par_1_5' title="bbox 2076 486 3632 566">
     <span class='ocr_line' id='line_1_5' title="bbox 2076 486 3632 566; baseline -0.008 -13"><span class='ocrx_word' id='word_1_15' title='bbox 2076 495 2261 566; x_wconf 68' lang='grc' dir='ltr'><strong>ιρῆμα</strong></span> <span class='ocrx_word' id='word_1_16' title='bbox 2293 496 2362 551; x_wconf 76' lang='grc' dir='ltr'>δὲ</span> <span class='ocrx_word' id='word_1_17' title='bbox 2383 497 2605 553; x_wconf 72' lang='grc' dir='ltr'>ἔπεσεν</span> <span class='ocrx_word' id='word_1_18' title='bbox 2635 497 2681 530; x_wconf 82' lang='grc'>⁸³</span> <span class='ocrx_word' id='word_1_19' title='bbox 2707 494 2800 550; x_wconf 79' lang='grc' dir='ltr'><strong>ἐπ’</strong></span> <span class='ocrx_word' id='word_1_20' title='bbox 2837 492 3025 550; x_wconf 82' lang='grc' dir='ltr'>αὐτὸν</span> <span class='ocrx_word' id='word_1_21' title='bbox 3054 488 3248 561; x_wconf 77' lang='grc' dir='ltr'><strong>ἀχλὺς</strong></span> <span class='ocrx_word' id='word_1_22' title='bbox 3271 486 3370 542; x_wconf 80' lang='grc' dir='ltr'><strong>και</strong></span> <span class='ocrx_word' id='word_1_23' title='bbox 3389 486 3632 554; x_wconf 84' lang='grc' dir='ltr'>σκότος.</span> 
     </span>
    </p>
   </div>
   <div class='ocr_carea' id='block_1_6' title="bbox 397 587 1964 665">
    <p class='ocr_par' dir='ltr' id='par_1_6' title="bbox 397 587 1964 665">
     <span class='ocr_line' id='line_1_6' title="bbox 397 587 1964 665; baseline -0.007 -15"><span class='ocrx_word' id='word_1_24' title='bbox 397 612 554 665; x_wconf 80' lang='lat' dir='ltr'><strong>super</strong></span> <span class='ocrx_word' id='word_1_25' title='bbox 577 610 715 658; x_wconf 87' lang='lat' dir='ltr'><strong>eum,</strong></span> <span class='ocrx_word' id='word_1_26' title='bbox 741 603 790 646; x_wconf 84' lang='lat' dir='ltr'><strong>et</strong></span> <span class='ocrx_word' id='word_1_27' title='bbox 828 589 1138 645; x_wconf 73' lang='lat' dir='ltr'><strong>circumiens</strong></span> <span class='ocrx_word' id='word_1_28' title='bbox 1169 587 1434 660; x_wconf 72' lang='lat' dir='ltr'><strong>quaerebat</strong></span> <span class='ocrx_word' id='word_1_29' title='bbox 1462 588 1552 658; x_wconf 84' lang='lat' dir='ltr'><strong>qui</strong></span> <span class='ocrx_word' id='word_1_30' title='bbox 1583 605 1638 642; x_wconf 84' lang='lat' dir='ltr'><strong>se</strong></span> <span class='ocrx_word' id='word_1_31' title='bbox 1671 604 1832 641; x_wconf 88' lang='lat' dir='ltr'><strong>manu</strong></span> <span class='ocrx_word' id='word_1_32' title='bbox 1861 587 1964 640; x_wconf 81' lang='lat' dir='ltr'><strong>du-</strong></span> 
     </span>
    </p>
   </div>
   <div class='ocr_carea' id='block_1_7' title="bbox 400 694 594 748">
    <p class='ocr_par' dir='ltr' id='par_1_7' title="bbox 400 694 594 748">
     <span class='ocr_line' id='line_1_7' title="bbox 400 694 594 748; baseline -0.021 -9"><span class='ocrx_word' id='word_1_33' title='bbox 400 694 594 748; x_wconf 62' lang='lat' dir='ltr'><strong>cerent,</strong></span> 
     </span>
    </p>
   </div>
   <div class='ocr_carea' id='block_1_8' title="bbox 470 768 1962 840">
    <p class='ocr_par' dir='ltr' id='par_1_8' title="bbox 470 768 1962 840">
     <span class='ocr_line' id='line_1_8' title="bbox 470 768 1962 840; baseline -0.001 -16"><span class='ocrx_word' id='word_1_34' title='bbox 470 772 634 826; x_wconf 69' lang='lat' dir='ltr'><strong>Vens.</strong></span> <span class='ocrx_word' id='word_1_35' title='bbox 657 770 742 824; x_wconf 73' lang='grc'><strong>12.</strong></span> <span class='ocrx_word' id='word_1_36' title='bbox 764 768 907 824; x_wconf 86' lang='lat' dir='ltr'><strong>Tunc</strong></span> <span class='ocrx_word' id='word_1_37' title='bbox 937 770 1215 839; x_wconf 80' lang='lat' dir='ltr'><strong>proconsul</strong></span> <span class='ocrx_word' id='word_1_38' title='bbox 1239 772 1438 840; x_wconf 83' lang='lat' dir='ltr'><strong>factum</strong></span> <span class='ocrx_word' id='word_1_39' title='bbox 1469 770 1604 824; x_wconf 90' lang='lat' dir='ltr'><strong>illud</strong></span> <span class='ocrx_word' id='word_1_40' title='bbox 1633 770 1962 837; x_wconf 73' lang='lat' dir='ltr'><strong>conspicatus</strong></span> 
     </span>
    </p>
   </div>
   <div class='ocr_carea' id='block_1_9' title="bbox 398 860 1964 923">
    <p class='ocr_par' dir='ltr' id='par_1_9' title="bbox 398 860 1964 923">
     <span class='ocr_line' id='line_1_9' title="bbox 398 860 1964 923; baseline -0.004 -6"><span class='ocrx_word' id='word_1_41' title='bbox 398 863 705 923; x_wconf 86' lang='lat' dir='ltr'><strong>credidit,ct</strong></span> <span class='ocrx_word' id='word_1_42' title='bbox 734 862 987 914; x_wconf 90' lang='lat' dir='ltr'><strong>attonitus</strong></span> <span class='ocrx_word' id='word_1_43' title='bbox 1010 862 1306 914; x_wconf 78' lang='lat' dir='ltr'><strong>doctrinam</strong></span> <span class='ocrx_word' id='word_1_44' title='bbox 1341 860 1549 914; x_wconf 82' lang='lat' dir='ltr'><strong>Domini</strong></span> <span class='ocrx_word' id='word_1_45' title='bbox 1573 861 1964 914; x_wconf 78' lang='lat' dir='ltr'><strong>admirabatur.</strong></span> 
     </span>
    </p>
   </div>
   <div class='ocr_carea' id='block_1_10' title="bbox 469 953 1968 1024">
    <p class='ocr_par' dir='ltr' id='par_1_10' title="bbox 469 953 1968 1024">
     <span class='ocr_line' id='line_1_10' title="bbox 469 953 1968 1024; baseline -0.002 -15"><span class='ocrx_word' id='word_1_46' title='bbox 469 955 664 1009; x_wconf 82' lang='lat' dir='ltr'><strong><em>Saulus</em></strong></span> <span class='ocrx_word' id='word_1_47' title='bbox 709 963 907 1016; x_wconf 87' lang='lat' dir='ltr'><strong>autem,</strong></span> <span class='ocrx_word' id='word_1_48' title='bbox 953 956 1041 1024; x_wconf 87' lang='lat' dir='ltr'><strong>qui</strong></span> <span class='ocrx_word' id='word_1_49' title='bbox 1089 955 1272 1021; x_wconf 86' lang='lat' dir='ltr'><strong>etiam,</strong></span> <span class='ocrx_word' id='word_1_50' title='bbox 1318 965 1424 1010; x_wconf 89' lang='lat' dir='ltr'><strong>etc.</strong></span> <span class='ocrx_word' id='word_1_51' title='bbox 1479 954 1579 1009; x_wconf 86' lang='lat' dir='ltr'><strong>Hic</strong></span> <span class='ocrx_word' id='word_1_52' title='bbox 1617 969 1816 1008; x_wconf 85' lang='lat' dir='ltr'><strong>nomen</strong></span> <span class='ocrx_word' id='word_1_53' title='bbox 1848 953 1968 1020; x_wconf 84' lang='lat' dir='ltr'><strong>ejus</strong></span> 
     </span>
    </p>
   </div>
   <div class='ocr_carea' id='block_1_11' title="bbox 401 1046 1968 1104">
    <p class='ocr_par' dir='ltr' id='par_1_11' title="bbox 401 1046 1968 1104">
     <span class='ocr_line' id='line_1_11' title="bbox 401 1046 1968 1104; baseline -0.003 -1"><span class='ocrx_word' id='word_1_54' title='bbox 401 1064 505 1104; x_wconf 87' lang='lat' dir='ltr'><strong>una</strong></span> <span class='ocrx_word' id='word_1_55' title='bbox 537 1063 660 1102; x_wconf 90' lang='lat' dir='ltr'><strong>cum</strong></span> <span class='ocrx_word' id='word_1_56' title='bbox 683 1046 1028 1102; x_wconf 91' lang='lat' dir='ltr'><strong>ordinatione</strong></span> <span class='ocrx_word' id='word_1_57' title='bbox 1070 1055 1330 1102; x_wconf 87' lang='lat' dir='ltr'><strong>mutatur.</strong></span> <span class='ocrx_word' id='word_1_58' title='bbox 1383 1046 1608 1102; x_wconf 80' lang='lat' dir='ltr'><strong>Mutavit</strong></span> <span class='ocrx_word' id='word_1_59' title='bbox 1647 1055 1830 1100; x_wconf 90' lang='lat' dir='ltr'><strong>autem</strong></span> <span class='ocrx_word' id='word_1_60' title='bbox 1871 1059 1968 1098; x_wconf 86' lang='lat' dir='ltr'><strong>no-</strong></span> 
     </span>
    </p>
   </div>
   <div class='ocr_carea' id='block_1_12' title="bbox 399 1136 1967 1212">
    <p class='ocr_par' dir='ltr' id='par_1_12' title="bbox 399 1136 1967 1212">
     <span class='ocr_line' id='line_1_12' title="bbox 399 1136 1967 1212; baseline -0.001 -22"><span class='ocrx_word' id='word_1_61' title='bbox 399 1153 546 1201; x_wconf 86' lang='lat' dir='ltr'><strong>men,</strong></span> <span class='ocrx_word' id='word_1_62' title='bbox 579 1147 637 1191; x_wconf 92' lang='lat' dir='ltr'><strong>ut</strong></span> <span class='ocrx_word' id='word_1_63' title='bbox 671 1151 740 1190; x_wconf 88' lang='lat' dir='ltr'><strong>ne</strong></span> <span class='ocrx_word' id='word_1_64' title='bbox 773 1136 872 1190; x_wconf 87' lang='lat' dir='ltr'><strong>bac</strong></span> <span class='ocrx_word' id='word_1_65' title='bbox 897 1136 1116 1212; x_wconf 78' lang='lat' dir='ltr'><strong>quidem</strong></span> <span class='ocrx_word' id='word_1_66' title='bbox 1155 1146 1306 1206; x_wconf 86' lang='lat' dir='ltr'><strong>parte</strong></span> <span class='ocrx_word' id='word_1_67' title='bbox 1335 1138 1595 1206; x_wconf 79' lang='lat' dir='ltr'><strong>apostolis</strong></span> <span class='ocrx_word' id='word_1_68' title='bbox 1627 1136 1855 1190; x_wconf 75' lang='lat' dir='ltr'><strong>inferior</strong></span> <span class='ocrx_word' id='word_1_69' title='bbox 1876 1150 1967 1190; x_wconf 85' lang='lat' dir='ltr'><strong>es-</strong></span> 
     </span>
    </p>
   </div>
   <div class='ocr_carea' id='block_1_13' title="bbox 400 1227 1971 1298">
    <p class='ocr_par' dir='ltr' id='par_1_13' title="bbox 400 1227 1971 1298">
     <span class='ocr_line' id='line_1_13' title="bbox 400 1227 1971 1298; baseline 0.001 -16"><span class='ocrx_word' id='word_1_70' title='bbox 400 1237 506 1291; x_wconf 84' lang='lat' dir='ltr'><strong>set,</strong></span> <span class='ocrx_word' id='word_1_71' title='bbox 560 1227 654 1282; x_wconf 80' lang='lat' dir='ltr'><strong>sed</strong></span> <span class='ocrx_word' id='word_1_72' title='bbox 678 1227 818 1296; x_wconf 92' lang='lat' dir='ltr'><strong>quod</strong></span> <span class='ocrx_word' id='word_1_73' title='bbox 851 1227 1104 1296; x_wconf 88' lang='lat' dir='ltr'><strong>princeps</strong></span> <span class='ocrx_word' id='word_1_74' title='bbox 1135 1228 1526 1297; x_wconf 89' lang='lat' dir='ltr'><strong>discipulorum</strong></span> <span class='ocrx_word' id='word_1_75' title='bbox 1555 1229 1891 1298; x_wconf 69' lang='lat' dir='ltr'><strong>praecipuum</strong></span> <span class='ocrx_word' id='word_1_76' title='bbox 1913 1237 1971 1284; x_wconf 86' lang='lat' dir='ltr'><strong>et</strong></span> 
     </span>
    </p>
   </div>
   <div class='ocr_carea' id='block_1_14' title="bbox 399 1317 1972 1387">
    <p class='ocr_par' dir='ltr' id='par_1_14' title="bbox 399 1317 1972 1387">
     <span class='ocr_line' id='line_1_14' title="bbox 399 1317 1972 1387; baseline 0.001 -14"><span class='ocrx_word' id='word_1_77' title='bbox 399 1318 658 1373; x_wconf 87' lang='lat' dir='ltr'><strong>eximium</strong></span> <span class='ocrx_word' id='word_1_78' title='bbox 712 1317 922 1381; x_wconf 85' lang='lat' dir='ltr'><strong>habuit,</strong></span> <span class='ocrx_word' id='word_1_79' title='bbox 974 1317 1079 1371; x_wconf 89' lang='lat' dir='ltr'><strong>hoc</strong></span> <span class='ocrx_word' id='word_1_80' title='bbox 1109 1318 1273 1372; x_wconf 87' lang='lat' dir='ltr'><strong>etiam</strong></span> <span class='ocrx_word' id='word_1_81' title='bbox 1324 1317 1438 1387; x_wconf 88' lang='lat' dir='ltr'><strong>ipse</strong></span> <span class='ocrx_word' id='word_1_82' title='bbox 1469 1318 1885 1386; x_wconf 86' lang='lat' dir='ltr'><strong>adipisceretur,</strong></span> <span class='ocrx_word' id='word_1_83' title='bbox 1915 1329 1972 1375; x_wconf 90' lang='lat' dir='ltr'><strong>et</strong></span> 
     </span>
    </p>
   </div>
   <div class='ocr_carea' id='block_1_15' title="bbox 399 1406 1970 1478">
    <p class='ocr_par' dir='ltr' id='par_1_15' title="bbox 399 1406 1970 1478">
     <span class='ocr_line' id='line_1_15' title="bbox 399 1406 1970 1478; baseline 0 -15"><span class='ocrx_word' id='word_1_84' title='bbox 399 1408 624 1478; x_wconf 82' lang='lat' dir='ltr'><strong>majoris</strong></span> <span class='ocrx_word' id='word_1_85' title='bbox 693 1406 1078 1462; x_wconf 77' lang='lat' dir='ltr'><strong>familiaritatis</strong></span> <span class='ocrx_word' id='word_1_86' title='bbox 1149 1407 1503 1464; x_wconf 67' lang='lat' dir='ltr'><strong>concilianda:</strong></span> <span class='ocrx_word' id='word_1_87' title='bbox 1561 1409 1970 1465; x_wconf 83' lang='lat' dir='ltr'><strong>nancisceretur</strong></span> 
     </span>
    </p>
   </div>
   <div class='ocr_carea' id='block_1_16' title="bbox 400 1501 1971 1572">
    <p class='ocr_par' dir='ltr' id='par_1_16' title="bbox 400 1501 1971 1572">
     <span class='ocr_line' id='line_1_16' title="bbox 400 1501 1971 1572; baseline 0.001 -16"><span class='ocrx_word' id='word_1_88' title='bbox 400 1503 681 1556; x_wconf 86' lang='lat' dir='ltr'><strong>materiam</strong></span> <span class='ocrx_word' id='word_1_89' title='bbox 709 1511 766 1556; x_wconf 86' lang='lat' dir='ltr'><strong>et</strong></span> <span class='ocrx_word' id='word_1_90' title='bbox 789 1502 1157 1556; x_wconf 81' lang='lat' dir='ltr'><strong>occasionem.</strong></span> <span class='ocrx_word' id='word_1_91' title='bbox 1187 1501 1230 1557; x_wconf 91' lang='lat'><em>0</em></span> <span class='ocrx_word' id='word_1_92' title='bbox 1248 1502 1398 1571; x_wconf 85' lang='lat' dir='ltr'><strong>plene</strong></span> <span class='ocrx_word' id='word_1_93' title='bbox 1420 1503 1587 1557; x_wconf 87' lang='lat' dir='ltr'><strong>omnis</strong></span> <span class='ocrx_word' id='word_1_94' title='bbox 1611 1504 1837 1572; x_wconf 83' lang='lat' dir='ltr'><strong>fraudis.</strong></span> <span class='ocrx_word' id='word_1_95' title='bbox 1869 1503 1971 1558; x_wconf 86' lang='lat' dir='ltr'><strong>Cui</strong></span> 
     </span>
    </p>
   </div>
   <div class='ocr_carea' id='block_1_17' title="bbox 399 1591 1970 1664">
    <p class='ocr_par' dir='ltr' id='par_1_17' title="bbox 399 1591 1970 1664">
     <span class='ocr_line' id='line_1_17' title="bbox 399 1591 1970 1664; baseline 0.001 -18"><span class='ocrx_word' id='word_1_96' title='bbox 399 1593 539 1647; x_wconf 87' lang='lat' dir='ltr'><strong>nihil</strong></span> <span class='ocrx_word' id='word_1_97' title='bbox 592 1591 800 1647; x_wconf 81' lang='lat' dir='ltr'><strong>fraudis</strong></span> <span class='ocrx_word' id='word_1_98' title='bbox 847 1593 1036 1658; x_wconf 88' lang='lat' dir='ltr'><strong>deest,</strong></span> <span class='ocrx_word' id='word_1_99' title='bbox 1089 1594 1285 1664; x_wconf 85' lang='lat' dir='ltr'><strong>inquit.</strong></span> <span class='ocrx_word' id='word_1_100' title='bbox 1337 1593 1507 1650; x_wconf 83' lang='lat' dir='ltr'><strong>Recte</strong></span> <span class='ocrx_word' id='word_1_101' title='bbox 1565 1601 1746 1648; x_wconf 88' lang='lat' dir='ltr'><strong>autem</strong></span> <span class='ocrx_word' id='word_1_102' title='bbox 1814 1594 1970 1657; x_wconf 89' lang='lat' dir='ltr'><strong>dicit,</strong></span> 
     </span>
    </p>
   </div>
   <div class='ocr_carea' id='block_1_18' title="bbox 402 1683 1969 1757">
    <p class='ocr_par' dir='ltr' id='par_1_18' title="bbox 402 1683 1969 1757">
     <span class='ocr_line' id='line_1_18' title="bbox 402 1683 1969 1757; baseline -0.001 -15"><span class='ocrx_word' id='word_1_103' title='bbox 402 1683 567 1742; x_wconf 86' lang='lat' dir='ltr'><strong>omnis</strong></span> <span class='ocrx_word' id='word_1_104' title='bbox 593 1686 700 1739; x_wconf 88' lang='lat' dir='ltr'><strong>doli</strong></span> <span class='ocrx_word' id='word_1_105' title='bbox 727 1695 775 1740; x_wconf 91' lang='lat' dir='ltr'><strong>et</strong></span> <span class='ocrx_word' id='word_1_106' title='bbox 811 1687 1017 1757; x_wconf 77' lang='lat' dir='ltr'><strong>fraudis</strong></span> <span class='ocrx_word' id='word_1_107' title='bbox 1045 1703 1062 1741; x_wconf 88' lang='lat'><strong><em>:</em></strong></span> <span class='ocrx_word' id='word_1_108' title='bbox 1097 1687 1386 1744; x_wconf 85' lang='lat' dir='ltr'><strong>simulator</strong></span> <span class='ocrx_word' id='word_1_109' title='bbox 1419 1687 1566 1743; x_wconf 90' lang='lat' dir='ltr'><strong>enim</strong></span> <span class='ocrx_word' id='word_1_110' title='bbox 1591 1698 1708 1744; x_wconf 88' lang='lat' dir='ltr'><strong>erat</strong></span> <span class='ocrx_word' id='word_1_111' title='bbox 1733 1695 1789 1741; x_wconf 89' lang='lat' dir='ltr'><strong>et</strong></span> <span class='ocrx_word' id='word_1_112' title='bbox 1817 1702 1969 1741; x_wconf 90' lang='lat' dir='ltr'><strong>men-</strong></span> 
     </span>
    </p>
   </div>
   <div class='ocr_carea' id='block_1_19' title="bbox 2065 585 3132 661">
    <p class='ocr_par' dir='ltr' id='par_1_19' title="bbox 2065 585 3132 661">
     <span class='ocr_line' id='line_1_19' title="bbox 2065 585 3132 661; baseline -0.005 -18"><span class='ocrx_word' id='word_1_113' title='bbox 2065 589 2166 643; x_wconf 78' lang='grc' dir='ltr'><strong>καὶ</strong></span> <span class='ocrx_word' id='word_1_114' title='bbox 2191 588 2483 661; x_wconf 58' lang='grc' dir='ltr'>περιάγων</span> <span class='ocrx_word' id='word_1_115' title='bbox 2497 589 2691 658; x_wconf 77' lang='grc' dir='ltr'><strong>ἐζήτει</strong></span> <span class='ocrx_word' id='word_1_116' title='bbox 2714 585 3132 659; x_wconf 69' lang='grc' dir='ltr'><strong>χειραγωγούς.</strong></span> 
     </span>
    </p>
   </div>
   <div class='ocr_carea' id='block_1_20' title="bbox 2142 758 3639 836">
    <p class='ocr_par' dir='ltr' id='par_1_20' title="bbox 2142 758 3639 836">
     <span class='ocr_line' id='line_1_20' title="bbox 2142 758 3639 836; baseline -0.004 -12"><span class='ocrx_word' id='word_1_117' title='bbox 2142 758 2278 824; x_wconf 81' lang='grc' dir='ltr'>Τότε</span> <span class='ocrx_word' id='word_1_118' title='bbox 2305 771 2448 826; x_wconf 83' lang='grc' dir='ltr'>ιδὼν</span> <span class='ocrx_word' id='word_1_119' title='bbox 2491 773 2525 826; x_wconf 85' lang='grc' dir='ltr'><strong>ό</strong></span> <span class='ocrx_word' id='word_1_120' title='bbox 2554 771 2895 830; x_wconf 77' lang='grc' dir='ltr'><strong>ἀνθύπατος</strong></span> <span class='ocrx_word' id='word_1_121' title='bbox 2935 767 3002 820; x_wconf 86' lang='grc' dir='ltr'>τὸ</span> <span class='ocrx_word' id='word_1_122' title='bbox 3059 763 3325 836; x_wconf 74' lang='grc' dir='ltr'>γεγονὸς,</span> <span class='ocrx_word' id='word_1_123' title='bbox 3361 762 3639 818; x_wconf 72' lang='grc' dir='ltr'>ἐπίστευ-</span> 
     </span>
    </p>
   </div>
   <div class='ocr_carea' id='block_1_21' title="bbox 2067 855 3532 932">
    <p class='ocr_par' dir='ltr' id='par_1_21' title="bbox 2067 855 3532 932">
     <span class='ocr_line' id='line_1_21' title="bbox 2067 855 3532 932; baseline -0.004 -18"><span class='ocrx_word' id='word_1_124' title='bbox 2067 876 2199 926; x_wconf 85' lang='grc' dir='ltr'>σεν,</span> <span class='ocrx_word' id='word_1_125' title='bbox 2227 863 2706 932; x_wconf 81' lang='grc' dir='ltr'>ἐκπληττόμενος</span> <span class='ocrx_word' id='word_1_126' title='bbox 2727 860 2802 928; x_wconf 80' lang='grc' dir='ltr'>τῇ</span> <span class='ocrx_word' id='word_1_127' title='bbox 2835 857 3051 928; x_wconf 80' lang='grc' dir='ltr'><strong>διδαχῇ</strong></span> <span class='ocrx_word' id='word_1_128' title='bbox 3078 856 3182 911; x_wconf 82' lang='grc' dir='ltr'><strong>τοῦ</strong></span> <span class='ocrx_word' id='word_1_129' title='bbox 3211 855 3433 923; x_wconf 81' lang='grc' dir='ltr'><strong>Κυρίου</strong></span> <span class='ocrx_word' id='word_1_130' title='bbox 3463 855 3532 908; x_wconf 66' lang='grc'><strong>⁸⁸.</strong></span> 
     </span>
    </p>
   </div>
   <div class='ocr_carea' id='block_1_22' title="bbox 2141 945 3640 1028">
    <p class='ocr_par' dir='ltr' id='par_1_22' title="bbox 2141 945 3640 1028">
     <span class='ocr_line' id='line_1_22' title="bbox 2141 945 3640 1028; baseline -0.007 -20"><span class='ocrx_word' id='word_1_131' title='bbox 2141 953 2375 1028; x_wconf 82' lang='grc' dir='ltr'><strong>Σαῦλος</strong></span> <span class='ocrx_word' id='word_1_132' title='bbox 2436 953 2524 1020; x_wconf 82' lang='grc' dir='ltr'>δὲ,</span> <span class='ocrx_word' id='word_1_133' title='bbox 2561 955 2594 1008; x_wconf 89' lang='grc' dir='ltr'><strong>ό</strong></span> <span class='ocrx_word' id='word_1_134' title='bbox 2626 952 2721 1006; x_wconf 74' lang='grc' dir='ltr'><strong>καί</strong></span> <span class='ocrx_word' id='word_1_135' title='bbox 2758 951 3018 1015; x_wconf 86' lang='grc' dir='ltr'><em>Παῦλος.</em></span> <span class='ocrx_word' id='word_1_136' title='bbox 3065 945 3332 1001; x_wconf 79' lang='grc' dir='ltr'><strong>Ἐνταῦθα</strong></span> <span class='ocrx_word' id='word_1_137' title='bbox 3378 946 3439 998; x_wconf 79' lang='grc' dir='ltr'>τὸ</span> <span class='ocrx_word' id='word_1_138' title='bbox 3467 945 3640 1014; x_wconf 75' lang='grc' dir='ltr'>ὄνομα</span> 
     </span>
    </p>
   </div>
   <div class='ocr_carea' id='block_1_23' title="bbox 2070 1037 3639 1116">
    <p class='ocr_par' dir='ltr' id='par_1_23' title="bbox 2070 1037 3639 1116">
     <span class='ocr_line' id='line_1_23' title="bbox 2070 1037 3639 1116; baseline -0.008 -16"><span class='ocrx_word' id='word_1_139' title='bbox 2070 1047 2235 1101; x_wconf 80' lang='grc' dir='ltr'>αὐτοῦ</span> <span class='ocrx_word' id='word_1_140' title='bbox 2261 1045 2547 1116; x_wconf 78' lang='grc' dir='ltr'>ἀμείϐεται</span> <span class='ocrx_word' id='word_1_141' title='bbox 2581 1043 2720 1114; x_wconf 78' lang='grc' dir='ltr'>μετὰ</span> <span class='ocrx_word' id='word_1_142' title='bbox 2761 1043 2860 1113; x_wconf 83' lang='grc' dir='ltr'><strong>τῆς</strong></span> <span class='ocrx_word' id='word_1_143' title='bbox 2885 1038 3240 1112; x_wconf 75' lang='grc' dir='ltr'><strong>χειροτονίας.</strong></span> <span class='ocrx_word' id='word_1_144' title='bbox 3269 1037 3639 1106; x_wconf 85' lang='grc' dir='ltr'>Μετωνόμασε</span> 
     </span>
    </p>
   </div>
   <div class='ocr_carea' id='block_1_24' title="bbox 2069 1127 3641 1206">
    <p class='ocr_par' dir='ltr' id='par_1_24' title="bbox 2069 1127 3641 1206">
     <span class='ocr_line' id='line_1_24' title="bbox 2069 1127 3641 1206; baseline -0.008 -15"><span class='ocrx_word' id='word_1_145' title='bbox 2069 1137 2126 1191; x_wconf 80' lang='grc' dir='ltr'>δὲ</span> <span class='ocrx_word' id='word_1_146' title='bbox 2157 1137 2339 1203; x_wconf 81' lang='grc' dir='ltr'>αὑτὸν,</span> <span class='ocrx_word' id='word_1_147' title='bbox 2391 1135 2478 1189; x_wconf 80' lang='grc' dir='ltr'>ἵνα</span> <span class='ocrx_word' id='word_1_148' title='bbox 2509 1135 2645 1206; x_wconf 77' lang='grc' dir='ltr'>μηδὲ</span> <span class='ocrx_word' id='word_1_149' title='bbox 2698 1133 2871 1205; x_wconf 81' lang='grc' dir='ltr'>ταύτῃ</span> <span class='ocrx_word' id='word_1_150' title='bbox 2900 1132 3010 1184; x_wconf 84' lang='grc' dir='ltr'>τῶν</span> <span class='ocrx_word' id='word_1_151' title='bbox 3049 1129 3368 1184; x_wconf 79' lang='grc' dir='ltr'><strong>ἀποστόλων</strong></span> <span class='ocrx_word' id='word_1_152' title='bbox 3417 1127 3641 1180; x_wconf 76' lang='grc' dir='ltr'>ἔλαττον</span> 
     </span>
    </p>
   </div>
   <div class='ocr_carea' id='block_1_25' title="bbox 2070 1221 3642 1302">
    <p class='ocr_par' dir='ltr' id='par_1_25' title="bbox 2070 1221 3642 1302">
     <span class='ocr_line' id='line_1_25' title="bbox 2070 1221 3642 1302; baseline -0.006 -20"><span class='ocrx_word' id='word_1_153' title='bbox 2070 1230 2209 1302; x_wconf 74' lang='grc' dir='ltr'><strong>ἔχῃο</strong></span> <span class='ocrx_word' id='word_1_154' title='bbox 2245 1229 2359 1282; x_wconf 81' lang='grc' dir='ltr'>ἀλλ’</span> <span class='ocrx_word' id='word_1_155' title='bbox 2392 1229 2531 1299; x_wconf 83' lang='grc' dir='ltr'>ὅπερ</span> <span class='ocrx_word' id='word_1_156' title='bbox 2579 1225 2735 1298; x_wconf 75' lang='grc' dir='ltr'>ἔσχεν</span> <span class='ocrx_word' id='word_1_157' title='bbox 2782 1227 2810 1279; x_wconf 83' lang='grc' dir='ltr'><strong>ὁ</strong></span> <span class='ocrx_word' id='word_1_158' title='bbox 2857 1225 3153 1295; x_wconf 77' lang='grc' dir='ltr'><strong>κορυφαῖος</strong></span> <span class='ocrx_word' id='word_1_159' title='bbox 3202 1221 3482 1292; x_wconf 78' lang='grc' dir='ltr'>ἐξαίρετον</span> <span class='ocrx_word' id='word_1_160' title='bbox 3532 1221 3642 1273; x_wconf 75' lang='grc' dir='ltr'><strong>τῶν</strong></span> 
     </span>
    </p>
   </div>
   <div class='ocr_carea' id='block_1_26' title="bbox 2075 1309 3639 1393">
    <p class='ocr_par' dir='ltr' id='par_1_26' title="bbox 2075 1309 3639 1393">
     <span class='ocr_line' id='line_1_26' title="bbox 2075 1309 3639 1393; baseline -0.01 -17"><span class='ocrx_word' id='word_1_161' title='bbox 2075 1319 2354 1393; x_wconf 83' lang='grc' dir='ltr'><strong>μαθητῶν,</strong></span> <span class='ocrx_word' id='word_1_162' title='bbox 2388 1319 2548 1374; x_wconf 83' lang='grc' dir='ltr'>τοῦτο</span> <span class='ocrx_word' id='word_1_163' title='bbox 2577 1321 2672 1373; x_wconf 71' lang='grc' dir='ltr'>καὶ</span> <span class='ocrx_word' id='word_1_164' title='bbox 2700 1317 2864 1381; x_wconf 79' lang='grc' dir='ltr'>αὐτὸς</span> <span class='ocrx_word' id='word_1_165' title='bbox 2898 1319 3160 1386; x_wconf 79' lang='grc' dir='ltr'><strong>κτήσεται</strong></span> <span class='ocrx_word' id='word_1_166' title='bbox 3195 1314 3239 1346; x_wconf 83' lang='grc'><strong>⁸⁸</strong></span> <span class='ocrx_word' id='word_1_167' title='bbox 3277 1312 3373 1364; x_wconf 77' lang='grc' dir='ltr'>καὶ</span> <span class='ocrx_word' id='word_1_168' title='bbox 3398 1309 3639 1372; x_wconf 81' lang='grc' dir='ltr'>πλείονος</span> 
     </span>
    </p>
   </div>
   <div class='ocr_carea' id='block_1_27' title="bbox 2070 1403 3644 1482">
    <p class='ocr_par' dir='ltr' id='par_1_27' title="bbox 2070 1403 3644 1482">
     <span class='ocr_line' id='line_1_27' title="bbox 2070 1403 3644 1482; baseline -0.009 -12"><span class='ocrx_word' id='word_1_169' title='bbox 2070 1415 2394 1479; x_wconf 83' lang='grc' dir='ltr'>οίκειὼσεως</span> <span class='ocrx_word' id='word_1_170' title='bbox 2425 1413 2681 1468; x_wconf 85' lang='grc' dir='ltr'>ὑπόθεσιν</span> <span class='ocrx_word' id='word_1_171' title='bbox 2717 1411 2878 1482; x_wconf 78' lang='grc' dir='ltr'>λάϐῃ.</span> <span class='ocrx_word' id='word_1_172' title='bbox 2905 1405 2982 1464; x_wconf 70' lang='grc' dir='ltr'><strong><em>Ὠ</em></strong></span> <span class='ocrx_word' id='word_1_173' title='bbox 3011 1409 3252 1477; x_wconf 82' lang='grc' dir='ltr'>πλήρης</span> <span class='ocrx_word' id='word_1_174' title='bbox 3289 1404 3516 1470; x_wconf 83' lang='grc' dir='ltr'>παντὸς</span> <span class='ocrx_word' id='word_1_175' title='bbox 3545 1403 3644 1456; x_wconf 70' lang='grc' dir='ltr'><strong>δό⁸</strong></span> 
     </span>
    </p>
   </div>
   <div class='ocr_carea' id='block_1_28' title="bbox 2071 1495 3646 1574">
    <p class='ocr_par' dir='ltr' id='par_1_28' title="bbox 2071 1495 3646 1574">
     <span class='ocr_line' id='line_1_28' title="bbox 2071 1495 3646 1574; baseline -0.008 -12"><span class='ocrx_word' id='word_1_176' title='bbox 2071 1511 2206 1562; x_wconf 87' lang='grc' dir='ltr'>λου.</span> <span class='ocrx_word' id='word_1_177' title='bbox 2238 1507 2432 1562; x_wconf 69' lang='grc' dir='ltr'>Οὖδενὶ</span> <span class='ocrx_word' id='word_1_178' title='bbox 2462 1505 2752 1568; x_wconf 71' lang='grc' dir='ltr'>ἐλλείπων,</span> <span class='ocrx_word' id='word_1_179' title='bbox 2787 1503 2940 1574; x_wconf 83' lang='grc' dir='ltr'>φησί.</span> <span class='ocrx_word' id='word_1_180' title='bbox 2976 1501 3174 1564; x_wconf 84' lang='grc' dir='ltr'>Καλῶς</span> <span class='ocrx_word' id='word_1_181' title='bbox 3211 1500 3268 1554; x_wconf 83' lang='grc' dir='ltr'>δὲ</span> <span class='ocrx_word' id='word_1_182' title='bbox 3299 1495 3421 1552; x_wconf 73' lang='grc' dir='ltr'>εἷπε</span> <span class='ocrx_word' id='word_1_183' title='bbox 3443 1515 3457 1530; x_wconf 92' lang='grc'><strong>·</strong></span> <span class='ocrx_word' id='word_1_184' title='bbox 3485 1499 3646 1550; x_wconf 86' lang='grc' dir='ltr'><em>Παν-</em></span> 
     </span>
    </p>
   </div>
   <div class='ocr_carea' id='block_1_29' title="bbox 2073 1586 3643 1669">
    <p class='ocr_par' dir='ltr' id='par_1_29' title="bbox 2073 1586 3643 1669">
     <span class='ocr_line' id='line_1_29' title="bbox 2073 1586 3643 1669; baseline -0.01 -16"><span class='ocrx_word' id='word_1_185' title='bbox 2073 1599 2177 1663; x_wconf 86' lang='grc' dir='ltr'><strong>τὸς</strong></span> <span class='ocrx_word' id='word_1_186' title='bbox 2229 1598 2450 1653; x_wconf 85' lang='grc' dir='ltr'>δόλου·</span> <span class='ocrx_word' id='word_1_187' title='bbox 2499 1596 2824 1669; x_wconf 74' lang='grc' dir='ltr'><strong>ὑπεκρίνετο</strong></span> <span class='ocrx_word' id='word_1_188' title='bbox 2874 1594 3003 1665; x_wconf 84' lang='grc' dir='ltr'>γάρ.</span> <span class='ocrx_word' id='word_1_189' title='bbox 3036 1593 3164 1645; x_wconf 77' lang='grc' dir='ltr'>Υίδν</span> <span class='ocrx_word' id='word_1_190' title='bbox 3201 1590 3257 1644; x_wconf 82' lang='grc' dir='ltr'>δέ</span> <span class='ocrx_word' id='word_1_191' title='bbox 3291 1605 3457 1659; x_wconf 81' lang='grc' dir='ltr'>φησιν</span> <span class='ocrx_word' id='word_1_192' title='bbox 3481 1586 3643 1640; x_wconf 74' lang='grc' dir='ltr'>αὑτὸν</span> 
     </span>
    </p>
   </div>
   <div class='ocr_carea' id='block_1_30' title="bbox 2074 1680 3645 1761">
    <p class='ocr_par' dir='ltr' id='par_1_30' title="bbox 2074 1680 3645 1761">
     <span class='ocr_line' id='line_1_30' title="bbox 2074 1680 3645 1761; baseline -0.009 -17"><span class='ocrx_word' id='word_1_193' title='bbox 2074 1690 2320 1745; x_wconf 81' lang='grc' dir='ltr'>διαϐόλου</span> <span class='ocrx_word' id='word_1_194' title='bbox 2345 1704 2362 1720; x_wconf 83' lang='grc'><strong><em>⁸</em></strong></span> <span class='ocrx_word' id='word_1_195' title='bbox 2395 1689 2454 1744; x_wconf 79' lang='grc' dir='ltr'>τὸ</span> <span class='ocrx_word' id='word_1_196' title='bbox 2481 1692 2589 1761; x_wconf 83' lang='grc' dir='ltr'>γὰρ</span> <span class='ocrx_word' id='word_1_197' title='bbox 2619 1689 2777 1760; x_wconf 78' lang='grc' dir='ltr'>ἔργον</span> <span class='ocrx_word' id='word_1_198' title='bbox 2802 1687 3011 1740; x_wconf 79' lang='grc' dir='ltr'>ἐκείνου</span> <span class='ocrx_word' id='word_1_199' title='bbox 3046 1685 3335 1754; x_wconf 74' lang='grc' dir='ltr'>ἔπραττεν.</span> <span class='ocrx_word' id='word_1_200' title='bbox 3370 1680 3481 1750; x_wconf 76' lang='grc' dir='ltr'><strong>Οὐχ</strong></span> <span class='ocrx_word' id='word_1_201' title='bbox 3510 1681 3645 1748; x_wconf 79' lang='grc' dir='ltr'>ἡμῖν</span> 
     </span>
    </p>
   </div>
   <div class='ocr_carea' id='block_1_31' title="bbox 401 1749 1972 1853">
    <p class='ocr_par' dir='ltr' id='par_1_31' title="bbox 401 1749 1967 1849">
     <span class='ocr_line' id='line_1_31' title="bbox 401 1749 1967 1849; baseline -0.001 -15"><span class='ocrx_word' id='word_1_202' title='bbox 401 1780 526 1834; x_wconf 77' lang='lat' dir='ltr'><strong>dax.</strong></span> <span class='ocrx_word' id='word_1_203' title='bbox 557 1778 750 1833; x_wconf 87' lang='lat' dir='ltr'><strong>Filium</strong></span> <span class='ocrx_word' id='word_1_204' title='bbox 783 1749 965 1834; x_wconf 75' lang='lat' dir='ltr'><strong>autem</strong></span> <span class='ocrx_word' id='word_1_205' title='bbox 1012 1793 1135 1834; x_wconf 86' lang='lat' dir='ltr'><strong>eum</strong></span> <span class='ocrx_word' id='word_1_206' title='bbox 1181 1779 1312 1834; x_wconf 91' lang='lat' dir='ltr'><strong>dicit</strong></span> <span class='ocrx_word' id='word_1_207' title='bbox 1341 1779 1537 1835; x_wconf 88' lang='lat' dir='ltr'><strong>diaboli</strong></span> <span class='ocrx_word' id='word_1_208' title='bbox 1573 1795 1585 1830; x_wconf 93' lang='lat'><strong>:</strong></span> <span class='ocrx_word' id='word_1_209' title='bbox 1636 1795 1775 1849; x_wconf 89' lang='lat' dir='ltr'><strong>opus</strong></span> <span class='ocrx_word' id='word_1_210' title='bbox 1824 1780 1967 1834; x_wconf 90' lang='lat' dir='ltr'><strong>enim</strong></span> 
     </span>
    </p>
   </div>
   <div class='ocr_carea' id='block_1_32' title="bbox 2076 1749 3643 1853">
    <p class='ocr_par' dir='ltr' id='par_1_32' title="bbox 2076 1749 3643 1853">
     <span class='ocr_line' id='line_1_32' title="bbox 2076 1749 3643 1853; baseline -0.008 -17"><span class='ocrx_word' id='word_1_211' title='bbox 2076 1783 2350 1853; x_wconf 77' lang='grc' dir='ltr'><strong>πολεμεῖς,</strong></span> <span class='ocrx_word' id='word_1_212' title='bbox 2383 1749 2572 1851; x_wconf 45' lang='grc' dir='ltr'>φησὶν,</span> <span class='ocrx_word' id='word_1_213' title='bbox 2605 1749 2727 1834; x_wconf 55' lang='lat' dir='ltr'><strong>obde</strong></span> <span class='ocrx_word' id='word_1_214' title='bbox 2763 1780 2934 1850; x_wconf 83' lang='grc' dir='ltr'>μάχῃ,</span> <span class='ocrx_word' id='word_1_215' title='bbox 2961 1777 3100 1831; x_wconf 82' lang='grc' dir='ltr'><strong>ἀλλὰ</strong></span> <span class='ocrx_word' id='word_1_216' title='bbox 3121 1749 3221 1837; x_wconf 76' lang='grc' dir='ltr'><strong>τὰς</strong></span> <span class='ocrx_word' id='word_1_217' title='bbox 3249 1772 3401 1835; x_wconf 79' lang='grc' dir='ltr'>ὁδοὺς</span> <span class='ocrx_word' id='word_1_218' title='bbox 3437 1769 3643 1840; x_wconf 77' lang='grc' dir='ltr'><strong>Κυρίου</strong></span> 
     </span>
    </p>
   </div>
   <div class='ocr_carea' id='block_1_33' title="bbox 403 1868 1968 1942">
    <p class='ocr_par' dir='ltr' id='par_1_33' title="bbox 403 1868 1968 1942">
     <span class='ocr_line' id='line_1_33' title="bbox 403 1868 1968 1942; baseline 0.003 -19"><span class='ocrx_word' id='word_1_219' title='bbox 403 1868 554 1924; x_wconf 88' lang='lat' dir='ltr'><strong>illius</strong></span> <span class='ocrx_word' id='word_1_220' title='bbox 580 1868 836 1924; x_wconf 87' lang='lat' dir='ltr'><strong>faciebat.</strong></span> <span class='ocrx_word' id='word_1_221' title='bbox 869 1868 984 1924; x_wconf 84' lang='lat' dir='ltr'><strong>Non</strong></span> <span class='ocrx_word' id='word_1_222' title='bbox 1010 1869 1314 1934; x_wconf 89' lang='lat' dir='ltr'><strong>nobiscum,</strong></span> <span class='ocrx_word' id='word_1_223' title='bbox 1343 1870 1538 1940; x_wconf 89' lang='lat' dir='ltr'><strong>inquit,</strong></span> <span class='ocrx_word' id='word_1_224' title='bbox 1571 1872 1770 1926; x_wconf 87' lang='lat' dir='ltr'><strong>bellum</strong></span> <span class='ocrx_word' id='word_1_225' title='bbox 1803 1873 1968 1942; x_wconf 87' lang='lat' dir='ltr'><strong>geris,</strong></span> 
     </span>
    </p>
   </div>
   <div class='ocr_carea' id='block_1_34' title="bbox 403 1961 1971 2032">
    <p class='ocr_par' dir='ltr' id='par_1_34' title="bbox 403 1961 1971 2032">
     <span class='ocr_line' id='line_1_34' title="bbox 403 1961 1971 2032; baseline 0 -16"><span class='ocrx_word' id='word_1_226' title='bbox 403 1975 582 2030; x_wconf 84' lang='lat' dir='ltr'><strong>neque</strong></span> <span class='ocrx_word' id='word_1_227' title='bbox 627 1975 727 2016; x_wconf 91' lang='lat' dir='ltr'><strong>nos</strong></span> <span class='ocrx_word' id='word_1_228' title='bbox 753 1976 1035 2032; x_wconf 78' lang='lat' dir='ltr'><strong>oppugnas</strong></span> <span class='ocrx_word' id='word_1_229' title='bbox 1061 1977 1074 2012; x_wconf 89' lang='lat'><strong>:</strong></span> <span class='ocrx_word' id='word_1_230' title='bbox 1100 1961 1194 2016; x_wconf 92' lang='lat' dir='ltr'><strong>sed</strong></span> <span class='ocrx_word' id='word_1_231' title='bbox 1222 1961 1335 2016; x_wconf 77' lang='lat' dir='ltr'><strong>vias</strong></span> <span class='ocrx_word' id='word_1_232' title='bbox 1374 1961 1587 2016; x_wconf 90' lang='lat' dir='ltr'><strong>Domini</strong></span> <span class='ocrx_word' id='word_1_233' title='bbox 1631 1971 1806 2016; x_wconf 83' lang='lat' dir='ltr'><strong>rectas</strong></span> <span class='ocrx_word' id='word_1_234' title='bbox 1841 1978 1971 2032; x_wconf 88' lang='lat' dir='ltr'><strong>per-</strong></span> 
     </span>
    </p>
   </div>
   <div class='ocr_carea' id='block_1_35' title="bbox 399 2051 1974 2123">
    <p class='ocr_par' dir='ltr' id='par_1_35' title="bbox 399 2051 1974 2123">
     <span class='ocr_line' id='line_1_35' title="bbox 399 2051 1974 2123; baseline 0 -16"><span class='ocrx_word' id='word_1_235' title='bbox 399 2051 590 2107; x_wconf 77' lang='lat' dir='ltr'><strong>vertis.</strong></span> <span class='ocrx_word' id='word_1_236' title='bbox 623 2051 690 2106; x_wconf 86' lang='lat' dir='ltr'><strong>Et</strong></span> <span class='ocrx_word' id='word_1_237' title='bbox 725 2053 828 2106; x_wconf 87' lang='lat' dir='ltr'><strong>eris</strong></span> <span class='ocrx_word' id='word_1_238' title='bbox 855 2068 1022 2106; x_wconf 71' lang='lat' dir='ltr'><strong>ca&#39;cus</strong></span> <span class='ocrx_word' id='word_1_239' title='bbox 1052 2069 1154 2106; x_wconf 87' lang='lat' dir='ltr'><strong>non</strong></span> <span class='ocrx_word' id='word_1_240' title='bbox 1179 2054 1356 2107; x_wconf 85' lang='lat' dir='ltr'><strong>videns</strong></span> <span class='ocrx_word' id='word_1_241' title='bbox 1375 2053 1536 2108; x_wconf 88' lang='lat' dir='ltr'><strong>solem</strong></span> <span class='ocrx_word' id='word_1_242' title='bbox 1567 2069 1725 2123; x_wconf 88' lang='lat' dir='ltr'><strong>usque</strong></span> <span class='ocrx_word' id='word_1_243' title='bbox 1757 2055 1828 2107; x_wconf 93' lang='lat' dir='ltr'><strong>ad</strong></span> <span class='ocrx_word' id='word_1_244' title='bbox 1862 2070 1974 2107; x_wconf 89' lang='lat' dir='ltr'><strong>cer-</strong></span> 
     </span>
    </p>
   </div>
   <div class='ocr_carea' id='block_1_36' title="bbox 404 2142 1968 2214">
    <p class='ocr_par' dir='ltr' id='par_1_36' title="bbox 404 2142 1968 2214">
     <span class='ocr_line' id='line_1_36' title="bbox 404 2142 1968 2214; baseline 0 -16"><span class='ocrx_word' id='word_1_245' title='bbox 404 2152 516 2198; x_wconf 86' lang='lat' dir='ltr'><strong>tum</strong></span> <span class='ocrx_word' id='word_1_246' title='bbox 547 2151 765 2213; x_wconf 82' lang='lat' dir='ltr'><strong>tempus.</strong></span> <span class='ocrx_word' id='word_1_247' title='bbox 797 2142 916 2210; x_wconf 86' lang='lat' dir='ltr'><strong>Quo</strong></span> <span class='ocrx_word' id='word_1_248' title='bbox 951 2144 1068 2214; x_wconf 90' lang='lat' dir='ltr'><strong>ipse</strong></span> <span class='ocrx_word' id='word_1_249' title='bbox 1090 2145 1244 2214; x_wconf 81' lang='lat' dir='ltr'><strong>signo</strong></span> <span class='ocrx_word' id='word_1_250' title='bbox 1269 2143 1536 2200; x_wconf 88' lang='lat' dir='ltr'><strong>adductus</strong></span> <span class='ocrx_word' id='word_1_251' title='bbox 1582 2153 1664 2199; x_wconf 89' lang='lat' dir='ltr'><strong>est</strong></span> <span class='ocrx_word' id='word_1_252' title='bbox 1687 2146 1752 2200; x_wconf 90' lang='lat' dir='ltr'><strong>ad</strong></span> <span class='ocrx_word' id='word_1_253' title='bbox 1786 2145 1968 2210; x_wconf 82' lang='lat' dir='ltr'><strong>ﬁdem,</strong></span> 
     </span>
    </p>
   </div>
   <div class='ocr_carea' id='block_1_37' title="bbox 405 2233 1970 2306">
    <p class='ocr_par' dir='ltr' id='par_1_37' title="bbox 405 2233 1970 2306">
     <span class='ocr_line' id='line_1_37' title="bbox 405 2233 1970 2306; baseline 0.002 -18"><span class='ocrx_word' id='word_1_254' title='bbox 405 2233 513 2288; x_wconf 89' lang='lat' dir='ltr'><strong>hoc</strong></span> <span class='ocrx_word' id='word_1_255' title='bbox 547 2235 709 2288; x_wconf 91' lang='lat' dir='ltr'><strong>etiam</strong></span> <span class='ocrx_word' id='word_1_256' title='bbox 755 2234 905 2289; x_wconf 89' lang='lat' dir='ltr'><strong>illum</strong></span> <span class='ocrx_word' id='word_1_257' title='bbox 940 2235 1109 2290; x_wconf 75' lang='lat' dir='ltr'><strong>voluit</strong></span> <span class='ocrx_word' id='word_1_258' title='bbox 1137 2236 1426 2291; x_wconf 85' lang='lat' dir='ltr'><strong>adducere.</strong></span> <span class='ocrx_word' id='word_1_259' title='bbox 1464 2235 1587 2292; x_wconf 81' lang='lat' dir='ltr'><strong>Non.</strong></span> <span class='ocrx_word' id='word_1_260' title='bbox 1613 2235 1776 2306; x_wconf 83' lang='lat' dir='ltr'><strong>igitur</strong></span> <span class='ocrx_word' id='word_1_261' title='bbox 1810 2251 1970 2306; x_wconf 86' lang='lat' dir='ltr'><strong>poena</strong></span> 
     </span>
    </p>
   </div>
   <div class='ocr_carea' id='block_1_38' title="bbox 401 2325 1972 2399">
    <p class='ocr_par' dir='ltr' id='par_1_38' title="bbox 401 2325 1972 2399">
     <span class='ocr_line' id='line_1_38' title="bbox 401 2325 1972 2399; baseline 0.003 -21"><span class='ocrx_word' id='word_1_262' title='bbox 401 2333 540 2388; x_wconf 87' lang='lat' dir='ltr'><strong>erat,</strong></span> <span class='ocrx_word' id='word_1_263' title='bbox 565 2325 658 2379; x_wconf 89' lang='lat' dir='ltr'><strong>sed</strong></span> <span class='ocrx_word' id='word_1_264' title='bbox 694 2327 925 2380; x_wconf 87' lang='lat' dir='ltr'><strong>sanatio.</strong></span> <span class='ocrx_word' id='word_1_265' title='bbox 957 2326 1116 2382; x_wconf 82' lang='lat' dir='ltr'><strong>Modo</strong></span> <span class='ocrx_word' id='word_1_266' title='bbox 1145 2343 1252 2381; x_wconf 90' lang='lat' dir='ltr'><strong>non</strong></span> <span class='ocrx_word' id='word_1_267' title='bbox 1276 2326 1422 2382; x_wconf 86' lang='lat' dir='ltr'><strong>enim</strong></span> <span class='ocrx_word' id='word_1_268' title='bbox 1453 2327 1664 2381; x_wconf 89' lang='lat' dir='ltr'><strong>diccbat</strong></span> <span class='ocrx_word' id='word_1_269' title='bbox 1690 2343 1703 2382; x_wconf 91' lang='lat'><strong>:</strong></span> <span class='ocrx_word' id='word_1_270' title='bbox 1731 2326 1850 2382; x_wconf 87' lang='lat' dir='ltr'><strong>Non</strong></span> <span class='ocrx_word' id='word_1_271' title='bbox 1872 2343 1972 2399; x_wconf 87' lang='lat' dir='ltr'><strong>ego</strong></span> 
     </span>
    </p>
   </div>
   <div class='ocr_carea' id='block_1_39' title="bbox 402 2415 1972 2484">
    <p class='ocr_par' dir='ltr' id='par_1_39' title="bbox 402 2415 1972 2484">
     <span class='ocr_line' id='line_1_39' title="bbox 402 2415 1972 2484; baseline 0.001 -14"><span class='ocrx_word' id='word_1_272' title='bbox 402 2415 565 2482; x_wconf 77' lang='lat' dir='ltr'><strong>facio,</strong></span> <span class='ocrx_word' id='word_1_273' title='bbox 613 2418 706 2472; x_wconf 87' lang='lat' dir='ltr'><strong>sed</strong></span> <span class='ocrx_word' id='word_1_274' title='bbox 745 2417 838 2472; x_wconf 86' lang='lat' dir='ltr'><strong>Dei</strong></span> <span class='ocrx_word' id='word_1_275' title='bbox 865 2434 1079 2473; x_wconf 90' lang='lat' dir='ltr'><strong>manus.</strong></span> <span class='ocrx_word' id='word_1_276' title='bbox 1115 2418 1271 2484; x_wconf 87' lang='lat' dir='ltr'><strong>Quod</strong></span> <span class='ocrx_word' id='word_1_277' title='bbox 1303 2429 1484 2473; x_wconf 89' lang='lat' dir='ltr'><strong>autem</strong></span> <span class='ocrx_word' id='word_1_278' title='bbox 1523 2419 1700 2473; x_wconf 91' lang='lat' dir='ltr'><strong>dicit:</strong></span> <span class='ocrx_word' id='word_1_279' title='bbox 1737 2418 1818 2472; x_wconf 81' lang='lat' dir='ltr'><strong>Ad</strong></span> <span class='ocrx_word' id='word_1_280' title='bbox 1857 2435 1972 2474; x_wconf 87' lang='lat' dir='ltr'><strong>cer-</strong></span> 
     </span>
    </p>
   </div>
   <div class='ocr_carea' id='block_1_40' title="bbox 403 2511 1973 2580">
    <p class='ocr_par' dir='ltr' id='par_1_40' title="bbox 403 2511 1973 2580">
     <span class='ocr_line' id='line_1_40' title="bbox 403 2511 1973 2580; baseline 0.003 -19"><span class='ocrx_word' id='word_1_281' title='bbox 403 2519 513 2562; x_wconf 87' lang='lat' dir='ltr'><strong>tum</strong></span> <span class='ocrx_word' id='word_1_282' title='bbox 545 2517 770 2579; x_wconf 86' lang='lat' dir='ltr'><strong>tempus,</strong></span> <span class='ocrx_word' id='word_1_283' title='bbox 810 2525 920 2564; x_wconf 90' lang='lat' dir='ltr'><strong>non</strong></span> <span class='ocrx_word' id='word_1_284' title='bbox 962 2511 1240 2580; x_wconf 87' lang='lat' dir='ltr'><strong>punientis</strong></span> <span class='ocrx_word' id='word_1_285' title='bbox 1270 2520 1386 2566; x_wconf 89' lang='lat' dir='ltr'><strong>erat</strong></span> <span class='ocrx_word' id='word_1_286' title='bbox 1417 2511 1666 2576; x_wconf 87' lang='lat' dir='ltr'><strong>verbum,</strong></span> <span class='ocrx_word' id='word_1_287' title='bbox 1717 2511 1811 2567; x_wconf 91' lang='lat' dir='ltr'><strong>sed</strong></span> <span class='ocrx_word' id='word_1_288' title='bbox 1837 2526 1973 2568; x_wconf 86' lang='lat' dir='ltr'><strong>con-</strong></span> 
     </span>
    </p>
   </div>
   <div class='ocr_carea' id='block_1_41' title="bbox 400 2598 1973 2674">
    <p class='ocr_par' dir='ltr' id='par_1_41' title="bbox 400 2598 1973 2674">
     <span class='ocr_line' id='line_1_41' title="bbox 400 2598 1973 2674; baseline 0.006 -24"><span class='ocrx_word' id='word_1_289' title='bbox 400 2601 688 2654; x_wconf 79' lang='lat' dir='ltr'><strong>vertentis.</strong></span> <span class='ocrx_word' id='word_1_290' title='bbox 718 2598 851 2653; x_wconf 81' lang='lat' dir='ltr'><strong>Nam</strong></span> <span class='ocrx_word' id='word_1_291' title='bbox 884 2602 928 2655; x_wconf 88' lang='lat' dir='ltr'><strong>si</strong></span> <span class='ocrx_word' id='word_1_292' title='bbox 963 2603 1241 2670; x_wconf 88' lang='lat' dir='ltr'><strong>punientis</strong></span> <span class='ocrx_word' id='word_1_293' title='bbox 1296 2602 1508 2667; x_wconf 82' lang='lat' dir='ltr'><strong>luisset,</strong></span> <span class='ocrx_word' id='word_1_294' title='bbox 1572 2613 1837 2674; x_wconf 87' lang='lat' dir='ltr'><strong>perpetuo</strong></span> <span class='ocrx_word' id='word_1_295' title='bbox 1868 2618 1973 2659; x_wconf 72' lang='lat' dir='ltr'><strong>ea:-</strong></span> 
     </span>
    </p>
   </div>
   <div class='ocr_carea' id='block_1_42' title="bbox 401 2691 1972 2763">
    <p class='ocr_par' dir='ltr' id='par_1_42' title="bbox 401 2691 1972 2763">
     <span class='ocr_line' id='line_1_42' title="bbox 401 2691 1972 2763; baseline 0.004 -18"><span class='ocrx_word' id='word_1_296' title='bbox 401 2706 526 2745; x_wconf 91' lang='lat' dir='ltr'><strong>cum</strong></span> <span class='ocrx_word' id='word_1_297' title='bbox 576 2691 725 2744; x_wconf 91' lang='lat' dir='ltr'><strong>illum</strong></span> <span class='ocrx_word' id='word_1_298' title='bbox 779 2691 1000 2747; x_wconf 83' lang='lat' dir='ltr'><strong>fecisset</strong></span> <span class='ocrx_word' id='word_1_299' title='bbox 1040 2710 1054 2746; x_wconf 90' lang='lat'><strong>:</strong></span> <span class='ocrx_word' id='word_1_300' title='bbox 1108 2709 1256 2748; x_wconf 88' lang='lat' dir='ltr'><strong>nunc</strong></span> <span class='ocrx_word' id='word_1_301' title='bbox 1285 2710 1414 2750; x_wconf 74' lang='lat' dir='ltr'><strong>vero</strong></span> <span class='ocrx_word' id='word_1_302' title='bbox 1445 2710 1554 2749; x_wconf 88' lang='lat' dir='ltr'><strong>non</strong></span> <span class='ocrx_word' id='word_1_303' title='bbox 1592 2696 1715 2763; x_wconf 85' lang='lat' dir='ltr'><strong>hoc,</strong></span> <span class='ocrx_word' id='word_1_304' title='bbox 1761 2697 1857 2753; x_wconf 88' lang='lat' dir='ltr'><strong>sed</strong></span> <span class='ocrx_word' id='word_1_305' title='bbox 1900 2698 1972 2752; x_wconf 87' lang='lat' dir='ltr'><strong>ad</strong></span> 
     </span>
    </p>
   </div>
   <div class='ocr_carea' id='block_1_43' title="bbox 404 2784 1972 2860">
    <p class='ocr_par' dir='ltr' id='par_1_43' title="bbox 404 2784 1972 2860">
     <span class='ocr_line' id='line_1_43' title="bbox 404 2784 1972 2860; baseline 0.004 -24"><span class='ocrx_word' id='word_1_306' title='bbox 404 2791 602 2836; x_wconf 81' lang='lat' dir='ltr'><strong>certum</strong></span> <span class='ocrx_word' id='word_1_307' title='bbox 633 2793 856 2853; x_wconf 82' lang='lat' dir='ltr'><strong>tempus.</strong></span> <span class='ocrx_word' id='word_1_308' title='bbox 897 2784 963 2840; x_wconf 91' lang='lat' dir='ltr'><strong>Ut</strong></span> <span class='ocrx_word' id='word_1_309' title='bbox 992 2786 1374 2855; x_wconf 88' lang='lat' dir='ltr'><strong>proconsulem</strong></span> <span class='ocrx_word' id='word_1_310' title='bbox 1403 2786 1778 2850; x_wconf 84' lang='lat' dir='ltr'><strong>lucrifaceret.</strong></span> <span class='ocrx_word' id='word_1_311' title='bbox 1807 2805 1972 2860; x_wconf 84' lang='lat' dir='ltr'><strong>usque</strong></span> 
     </span>
    </p>
   </div>
   <div class='ocr_carea' id='block_1_44' title="bbox 401 2876 1968 2947">
    <p class='ocr_par' dir='ltr' id='par_1_44' title="bbox 401 2876 1968 2947">
     <span class='ocr_line' id='line_1_44' title="bbox 401 2876 1968 2947; baseline 0.006 -20"><span class='ocrx_word' id='word_1_312' title='bbox 401 2876 472 2928; x_wconf 91' lang='lat' dir='ltr'><strong>ad</strong></span> <span class='ocrx_word' id='word_1_313' title='bbox 503 2885 700 2932; x_wconf 88' lang='lat' dir='ltr'><strong>certum</strong></span> <span class='ocrx_word' id='word_1_314' title='bbox 731 2886 933 2947; x_wconf 85' lang='lat' dir='ltr'><strong>tempus</strong></span> <span class='ocrx_word' id='word_1_315' title='bbox 965 2878 1059 2938; x_wconf 89' lang='lat' dir='ltr'><strong>ait.</strong></span> <span class='ocrx_word' id='word_1_316' title='bbox 1087 2877 1224 2934; x_wconf 91' lang='lat' dir='ltr'><strong>dans</strong></span> <span class='ocrx_word' id='word_1_317' title='bbox 1245 2880 1549 2944; x_wconf 66' lang='lat' dir='ltr'><strong>sententiae,</strong></span> <span class='ocrx_word' id='word_1_318' title='bbox 1585 2889 1645 2936; x_wconf 91' lang='lat' dir='ltr'><strong>ut</strong></span> <span class='ocrx_word' id='word_1_319' title='bbox 1678 2880 1968 2936; x_wconf 90' lang='lat' dir='ltr'><strong>terminum</strong></span> 
     </span>
    </p>
   </div>
   <div class='ocr_carea' id='block_1_45' title="bbox 401 2966 1966 3040">
    <p class='ocr_par' dir='ltr' id='par_1_45' title="bbox 401 2966 1966 3040">
     <span class='ocr_line' id='line_1_45' title="bbox 401 2966 1966 3040; baseline 0.003 -20"><span class='ocrx_word' id='word_1_320' title='bbox 401 2966 673 3036; x_wconf 81' lang='lat' dir='ltr'><strong>ﬁnemque</strong></span> <span class='ocrx_word' id='word_1_321' title='bbox 706 2968 763 3024; x_wconf 90' lang='lat' dir='ltr'><strong>in</strong></span> <span class='ocrx_word' id='word_1_322' title='bbox 790 2983 911 3024; x_wconf 90' lang='lat' dir='ltr'><strong>sese</strong></span> <span class='ocrx_word' id='word_1_323' title='bbox 949 2969 1194 3034; x_wconf 86' lang='lat' dir='ltr'><strong>haberet,</strong></span> <span class='ocrx_word' id='word_1_324' title='bbox 1225 2970 1445 3025; x_wconf 90' lang='lat' dir='ltr'><strong>luminis</strong></span> <span class='ocrx_word' id='word_1_325' title='bbox 1473 2975 1966 3040; x_wconf 85' lang='lat' dir='ltr'><strong>recuperationem,</strong></span> 
     </span>
    </p>
   </div>
   <div class='ocr_carea' id='block_1_46' title="bbox 2071 1859 3642 1946">
    <p class='ocr_par' dir='ltr' id='par_1_46' title="bbox 2071 1859 3642 1946">
     <span class='ocr_line' id='line_1_46' title="bbox 2071 1859 3642 1946; baseline -0.011 -16"><span class='ocrx_word' id='word_1_326' title='bbox 2071 1875 2418 1946; x_wconf 82' lang='grc' dir='ltr'>διαστρέφεις</span> <span class='ocrx_word' id='word_1_327' title='bbox 2443 1873 2543 1937; x_wconf 82' lang='grc' dir='ltr'>τὰς</span> <span class='ocrx_word' id='word_1_328' title='bbox 2571 1871 2806 1936; x_wconf 83' lang='grc' dir='ltr'>εὐθείας.</span> <span class='ocrx_word' id='word_1_329' title='bbox 2839 1871 2948 1926; x_wconf 74' lang='grc' dir='ltr'><strong>Καὶ</strong></span> <span class='ocrx_word' id='word_1_330' title='bbox 2971 1870 3086 1937; x_wconf 77' lang='grc' dir='ltr'><strong>ἐσῃ</strong></span> <span class='ocrx_word' id='word_1_331' title='bbox 3115 1867 3363 1936; x_wconf 71' lang='grc' dir='ltr'>τυφλὸς,</span> <span class='ocrx_word' id='word_1_332' title='bbox 3380 1863 3464 1932; x_wconf 74' lang='grc' dir='ltr'><strong>μὴ</strong></span> <span class='ocrx_word' id='word_1_333' title='bbox 3492 1859 3642 1927; x_wconf 81' lang='grc' dir='ltr'><strong>β.ιέ-</strong></span> 
     </span>
    </p>
   </div>
   <div class='ocr_carea' id='block_1_47' title="bbox 2072 1951 3642 2034">
    <p class='ocr_par' dir='ltr' id='par_1_47' title="bbox 2072 1951 3642 2034">
     <span class='ocr_line' id='line_1_47' title="bbox 2072 1951 3642 2034; baseline -0.011 -12"><span class='ocrx_word' id='word_1_334' title='bbox 2072 1982 2202 2022; x_wconf 80' lang='grc' dir='ltr'><strong>πων</strong></span> <span class='ocrx_word' id='word_1_335' title='bbox 2228 1967 2336 2022; x_wconf 89' lang='grc' dir='ltr'>τὸν</span> <span class='ocrx_word' id='word_1_336' title='bbox 2366 1966 2546 2034; x_wconf 82' lang='grc' dir='ltr'>ἣλιον</span> <span class='ocrx_word' id='word_1_337' title='bbox 2569 1965 2708 2034; x_wconf 80' lang='grc' dir='ltr'>ἄχρι</span> <span class='ocrx_word' id='word_1_338' title='bbox 2751 1962 2986 2032; x_wconf 75' lang='grc' dir='ltr'>καιροῦ.</span> <span class='ocrx_word' id='word_1_339' title='bbox 3017 1955 3088 2031; x_wconf 79' lang='grc' dir='ltr'>ᾯ</span> <span class='ocrx_word' id='word_1_340' title='bbox 3145 1959 3307 2020; x_wconf 79' lang='grc' dir='ltr'>αὐτὸς</span> <span class='ocrx_word' id='word_1_341' title='bbox 3357 1951 3642 2026; x_wconf 79' lang='grc' dir='ltr'><strong>προσήχθη</strong></span> 
     </span>
    </p>
   </div>
   <div class='ocr_carea' id='block_1_48' title="bbox 2075 2046 3638 2127">
    <p class='ocr_par' dir='ltr' id='par_1_48' title="bbox 2075 2046 3638 2127">
     <span class='ocr_line' id='line_1_48' title="bbox 2075 2046 3638 2127; baseline -0.01 -16"><span class='ocrx_word' id='word_1_342' title='bbox 2075 2058 2308 2127; x_wconf 85' lang='grc' dir='ltr'>σημείῳ,</span> <span class='ocrx_word' id='word_1_343' title='bbox 2371 2054 2546 2124; x_wconf 76' lang='grc' dir='ltr'>τούτῳ</span> <span class='ocrx_word' id='word_1_344' title='bbox 2592 2055 2685 2108; x_wconf 71' lang='grc' dir='ltr'>καὶ</span> <span class='ocrx_word' id='word_1_345' title='bbox 2731 2053 2892 2107; x_wconf 76' lang='grc' dir='ltr'>αὐτὸν</span> <span class='ocrx_word' id='word_1_346' title='bbox 2925 2051 3204 2123; x_wconf 74' lang='grc' dir='ltr'>ἠϐουλήθη</span> <span class='ocrx_word' id='word_1_347' title='bbox 3244 2046 3638 2117; x_wconf 82' lang='grc' dir='ltr'><strong>προσαγαγεῖν.</strong></span> 
     </span>
    </p>
   </div>
   <div class='ocr_carea' id='block_1_49' title="bbox 2072 2135 3642 2219">
    <p class='ocr_par' dir='ltr' id='par_1_49' title="bbox 2072 2135 3642 2219">
     <span class='ocr_line' id='line_1_49' title="bbox 2072 2135 3642 2219; baseline -0.011 -16"><span class='ocrx_word' id='word_1_348' title='bbox 2072 2147 2186 2203; x_wconf 83' lang='grc' dir='ltr'>Οὐκ</span> <span class='ocrx_word' id='word_1_349' title='bbox 2214 2148 2322 2217; x_wconf 81' lang='grc' dir='ltr'><strong>ἄρα</strong></span> <span class='ocrx_word' id='word_1_350' title='bbox 2343 2147 2581 2219; x_wconf 82' lang='grc' dir='ltr'><strong>τιμωρία</strong></span> <span class='ocrx_word' id='word_1_351' title='bbox 2615 2141 2705 2216; x_wconf 82' lang='grc' dir='ltr'><strong>ἦν,</strong></span> <span class='ocrx_word' id='word_1_352' title='bbox 2733 2144 2847 2198; x_wconf 86' lang='grc' dir='ltr'><strong>ἀλλ’</strong></span> <span class='ocrx_word' id='word_1_353' title='bbox 2878 2143 3041 2206; x_wconf 77' lang='grc' dir='ltr'>ἴασις.</span> <span class='ocrx_word' id='word_1_354' title='bbox 3077 2140 3375 2210; x_wconf 73' lang='grc' dir='ltr'>Μονονουχὶ</span> <span class='ocrx_word' id='word_1_355' title='bbox 3395 2137 3504 2205; x_wconf 80' lang='grc' dir='ltr'>γὰρ</span> <span class='ocrx_word' id='word_1_356' title='bbox 3526 2135 3642 2188; x_wconf 72' lang='grc' dir='ltr'>ἐλε-</span> 
     </span>
    </p>
   </div>
   <div class='ocr_carea' id='block_1_50' title="bbox 2073 2222 3642 2307">
    <p class='ocr_par' dir='ltr' id='par_1_50' title="bbox 2073 2222 3642 2307">
     <span class='ocr_line' id='line_1_50' title="bbox 2073 2222 3642 2307; baseline -0.01 -16"><span class='ocrx_word' id='word_1_357' title='bbox 2073 2254 2203 2307; x_wconf 85' lang='grc' dir='ltr'>γεν·</span> <span class='ocrx_word' id='word_1_358' title='bbox 2235 2237 2349 2290; x_wconf 80' lang='grc' dir='ltr'><strong>Οὐκ</strong></span> <span class='ocrx_word' id='word_1_359' title='bbox 2381 2235 2491 2300; x_wconf 76' lang='grc' dir='ltr'><strong>ἐγὼ</strong></span> <span class='ocrx_word' id='word_1_360' title='bbox 2525 2235 2684 2299; x_wconf 82' lang='grc' dir='ltr'>ποιῶ,</span> <span class='ocrx_word' id='word_1_361' title='bbox 2728 2233 2842 2288; x_wconf 75' lang='grc' dir='ltr'><strong>ἀλλ’</strong></span> <span class='ocrx_word' id='word_1_362' title='bbox 2873 2233 2906 2302; x_wconf 77' lang='grc' dir='ltr'>ὴ</span> <span class='ocrx_word' id='word_1_363' title='bbox 2959 2230 3056 2286; x_wconf 83' lang='grc' dir='ltr'>τοῦ</span> <span class='ocrx_word' id='word_1_364' title='bbox 3094 2227 3231 2283; x_wconf 80' lang='grc' dir='ltr'>Θεοῦ</span> <span class='ocrx_word' id='word_1_365' title='bbox 3283 2227 3424 2298; x_wconf 87' lang='grc' dir='ltr'>χείρ.</span> <span class='ocrx_word' id='word_1_366' title='bbox 3461 2225 3533 2277; x_wconf 82' lang='grc' dir='ltr'><strong>Τὸ</strong></span> <span class='ocrx_word' id='word_1_367' title='bbox 3563 2222 3642 2288; x_wconf 83' lang='grc' dir='ltr'>δὲ,</span> 
     </span>
    </p>
   </div>
   <div class='ocr_carea' id='block_1_51' title="bbox 2077 2317 3644 2399">
    <p class='ocr_par' dir='ltr' id='par_1_51' title="bbox 2077 2317 3644 2399">
     <span class='ocr_line' id='line_1_51' title="bbox 2077 2317 3644 2399; baseline -0.011 -14"><span class='ocrx_word' id='word_1_368' title='bbox 2077 2334 2241 2399; x_wconf 72' lang='grc' dir='ltr'>’Ἄχρι</span> <span class='ocrx_word' id='word_1_369' title='bbox 2290 2328 2521 2396; x_wconf 83' lang='grc' dir='ltr'><em>καιροῦ,</em></span> <span class='ocrx_word' id='word_1_370' title='bbox 2551 2327 2612 2379; x_wconf 80' lang='grc' dir='ltr'>οὐ</span> <span class='ocrx_word' id='word_1_371' title='bbox 2643 2323 2962 2390; x_wconf 80' lang='grc' dir='ltr'>κολάζοντος</span> <span class='ocrx_word' id='word_1_372' title='bbox 2983 2319 3052 2392; x_wconf 80' lang='grc' dir='ltr'><strong>ἦν</strong></span> <span class='ocrx_word' id='word_1_373' title='bbox 3077 2322 3138 2375; x_wconf 80' lang='grc' dir='ltr'>τὸ</span> <span class='ocrx_word' id='word_1_374' title='bbox 3168 2321 3343 2392; x_wconf 79' lang='grc' dir='ltr'>ῥῆμα,</span> <span class='ocrx_word' id='word_1_375' title='bbox 3385 2317 3498 2372; x_wconf 83' lang='grc' dir='ltr'>ἀλλ’</span> <span class='ocrx_word' id='word_1_376' title='bbox 3521 2318 3644 2369; x_wconf 82' lang='grc' dir='ltr'>ὲπιο</span> 
     </span>
    </p>
   </div>
   <div class='ocr_carea' id='block_1_52' title="bbox 2077 2412 3645 2495">
    <p class='ocr_par' dir='ltr' id='par_1_52' title="bbox 2077 2412 3645 2495">
     <span class='ocr_line' id='line_1_52' title="bbox 2077 2412 3645 2495; baseline -0.008 -18"><span class='ocrx_word' id='word_1_377' title='bbox 2077 2424 2424 2495; x_wconf 82' lang='grc' dir='ltr'><strong>στρέφοντος.</strong></span> <span class='ocrx_word' id='word_1_378' title='bbox 2451 2423 2515 2476; x_wconf 82' lang='grc' dir='ltr'>Εί</span> <span class='ocrx_word' id='word_1_379' title='bbox 2536 2423 2644 2493; x_wconf 83' lang='grc' dir='ltr'>γὰρ</span> <span class='ocrx_word' id='word_1_380' title='bbox 2674 2419 2995 2484; x_wconf 79' lang='grc' dir='ltr'><strong>κολάζοντος</strong></span> <span class='ocrx_word' id='word_1_381' title='bbox 3013 2413 3104 2488; x_wconf 76' lang='grc' dir='ltr'>ἦν,</span> <span class='ocrx_word' id='word_1_382' title='bbox 3128 2414 3422 2478; x_wconf 75' lang='grc' dir='ltr'>διαπαντὸς</span> <span class='ocrx_word' id='word_1_383' title='bbox 3450 2412 3517 2466; x_wconf 82' lang='grc' dir='ltr'>ἂν</span> <span class='ocrx_word' id='word_1_384' title='bbox 3544 2412 3645 2465; x_wconf 81' lang='grc' dir='ltr'><strong>αὐ-</strong></span> 
     </span>
    </p>
   </div>
   <div class='ocr_carea' id='block_1_53' title="bbox 2072 2504 3649 2585">
    <p class='ocr_par' dir='ltr' id='par_1_53' title="bbox 2072 2504 3649 2585">
     <span class='ocr_line' id='line_1_53' title="bbox 2072 2504 3649 2585; baseline -0.01 -15"><span class='ocrx_word' id='word_1_385' title='bbox 2072 2517 2165 2570; x_wconf 68' lang='grc' dir='ltr'><strong>τὸν</strong></span> <span class='ocrx_word' id='word_1_386' title='bbox 2196 2515 2419 2585; x_wconf 73' lang='grc' dir='ltr'>ἐποίησε</span> <span class='ocrx_word' id='word_1_387' title='bbox 2438 2513 2638 2581; x_wconf 84' lang='grc' dir='ltr'>τυφλόν</span> <span class='ocrx_word' id='word_1_388' title='bbox 2661 2530 2675 2546; x_wconf 78' lang='grc' dir='ltr'><strong>ο</strong></span> <span class='ocrx_word' id='word_1_389' title='bbox 2707 2512 2802 2566; x_wconf 80' lang='grc' dir='ltr'>νῦν</span> <span class='ocrx_word' id='word_1_390' title='bbox 2831 2511 2888 2564; x_wconf 77' lang='grc' dir='ltr'>δὲ</span> <span class='ocrx_word' id='word_1_391' title='bbox 2921 2510 2984 2563; x_wconf 85' lang='grc' dir='ltr'>οὑ</span> <span class='ocrx_word' id='word_1_392' title='bbox 3010 2507 3188 2572; x_wconf 83' lang='grc' dir='ltr'>τοῦτο,</span> <span class='ocrx_word' id='word_1_393' title='bbox 3208 2506 3342 2560; x_wconf 80' lang='grc' dir='ltr'><strong>ἀλλὰ</strong></span> <span class='ocrx_word' id='word_1_394' title='bbox 3359 2504 3494 2574; x_wconf 73' lang='grc' dir='ltr'>πρὸς</span> <span class='ocrx_word' id='word_1_395' title='bbox 3525 2519 3649 2555; x_wconf 87' lang='grc' dir='ltr'>και-</span> 
     </span>
    </p>
   </div>
   <div class='ocr_carea' id='block_1_54' title="bbox 2075 2593 3648 2678">
    <p class='ocr_par' dir='ltr' id='par_1_54' title="bbox 2075 2593 3648 2678">
     <span class='ocr_line' id='line_1_54' title="bbox 2075 2593 3648 2678; baseline -0.009 -20"><span class='ocrx_word' id='word_1_396' title='bbox 2075 2607 2188 2678; x_wconf 89' lang='grc' dir='ltr'>ρόν.</span> <span class='ocrx_word' id='word_1_397' title='bbox 2225 2607 2340 2658; x_wconf 85' lang='grc' dir='ltr'><strong>Ἵνα</strong></span> <span class='ocrx_word' id='word_1_398' title='bbox 2361 2605 2452 2658; x_wconf 82' lang='grc' dir='ltr'>τὸν</span> <span class='ocrx_word' id='word_1_399' title='bbox 2477 2603 2787 2658; x_wconf 79' lang='grc' dir='ltr'>ἀνθύπατον</span> <span class='ocrx_word' id='word_1_400' title='bbox 2822 2600 3081 2672; x_wconf 81' lang='grc' dir='ltr'>κερδάνῃ.</span> <span class='ocrx_word' id='word_1_401' title='bbox 3116 2599 3312 2666; x_wconf 78' lang='grc' dir='ltr'>Ἀχρι,</span> <span class='ocrx_word' id='word_1_402' title='bbox 3342 2593 3492 2663; x_wconf 62' lang='grc' dir='ltr'>φησι,</span> <span class='ocrx_word' id='word_1_403' title='bbox 3521 2608 3648 2646; x_wconf 72' lang='grc' dir='ltr'><strong>και⁹</strong></span> 
     </span>
    </p>
   </div>
   <div class='ocr_carea' id='block_1_55' title="bbox 2067 2681 3650 2766">
    <p class='ocr_par' dir='ltr' id='par_1_55' title="bbox 2067 2681 3650 2766">
     <span class='ocr_line' id='line_1_55' title="bbox 2067 2681 3650 2766; baseline -0.012 -15"><span class='ocrx_word' id='word_1_404' title='bbox 2067 2695 2181 2766; x_wconf 87' lang='grc' dir='ltr'><strong>ροῦ</strong></span> <span class='ocrx_word' id='word_1_405' title='bbox 2207 2712 2221 2726; x_wconf 76' lang='grc' dir='ltr'><strong>ο</strong></span> <span class='ocrx_word' id='word_1_406' title='bbox 2249 2696 2398 2765; x_wconf 86' lang='grc' dir='ltr'>ὂριον</span> <span class='ocrx_word' id='word_1_407' title='bbox 2422 2696 2490 2765; x_wconf 77' lang='grc' dir='ltr'><strong>τῇ</strong></span> <span class='ocrx_word' id='word_1_408' title='bbox 2521 2691 2716 2763; x_wconf 82' lang='grc' dir='ltr'>γνώμῃ</span> <span class='ocrx_word' id='word_1_409' title='bbox 2758 2690 2936 2752; x_wconf 76' lang='grc' dir='ltr'>διδοὺς</span> <span class='ocrx_word' id='word_1_410' title='bbox 2962 2689 3019 2742; x_wconf 73' lang='grc' dir='ltr'><strong>ὲν</strong></span> <span class='ocrx_word' id='word_1_411' title='bbox 3049 2688 3214 2756; x_wconf 80' lang='grc' dir='ltr'>ἑαυτῇ</span> <span class='ocrx_word' id='word_1_412' title='bbox 3245 2683 3390 2755; x_wconf 75' lang='grc' dir='ltr'>ἔχειν</span> <span class='ocrx_word' id='word_1_413' title='bbox 3419 2681 3512 2735; x_wconf 83' lang='grc' dir='ltr'><strong>τοῦ</strong></span> <span class='ocrx_word' id='word_1_414' title='bbox 3542 2697 3650 2749; x_wconf 69' lang='lat' dir='ltr'><strong>cpta-</strong></span> 
     </span>
    </p>
   </div>
   <div class='ocr_carea' id='block_1_56' title="bbox 2073 2772 3647 2857">
    <p class='ocr_par' dir='ltr' id='par_1_56' title="bbox 2073 2772 3647 2857">
     <span class='ocr_line' id='line_1_56' title="bbox 2073 2772 3647 2857; baseline -0.013 -14"><span class='ocrx_word' id='word_1_415' title='bbox 2073 2790 2163 2854; x_wconf 80' lang='grc' dir='ltr'><strong>τδς</strong></span> <span class='ocrx_word' id='word_1_416' title='bbox 2194 2788 2291 2857; x_wconf 86' lang='grc' dir='ltr'><strong>τὴν</strong></span> <span class='ocrx_word' id='word_1_417' title='bbox 2323 2786 2619 2856; x_wconf 77' lang='grc' dir='ltr'><strong>ἀπόληψιν,</strong></span> <span class='ocrx_word' id='word_1_418' title='bbox 2665 2784 2754 2838; x_wconf 81' lang='grc' dir='ltr'>τὸν</span> <span class='ocrx_word' id='word_1_419' title='bbox 2798 2781 3000 2853; x_wconf 84' lang='grc' dir='ltr'>τρόπον</span> <span class='ocrx_word' id='word_1_420' title='bbox 3040 2776 3481 2851; x_wconf 76' lang='grc' dir='ltr'>μεταϐάλλουσαν</span> <span class='ocrx_word' id='word_1_421' title='bbox 3509 2772 3647 2843; x_wconf 78' lang='grc' dir='ltr'>πρὸς</span> 
     </span>
    </p>
   </div>
   <div class='ocr_carea' id='block_1_57' title="bbox 2075 2861 3644 2949">
    <p class='ocr_par' dir='ltr' id='par_1_57' title="bbox 2075 2861 3644 2949">
     <span class='ocr_line' id='line_1_57' title="bbox 2075 2861 3644 2949; baseline -0.012 -17"><span class='ocrx_word' id='word_1_422' title='bbox 2075 2879 2136 2932; x_wconf 77' lang='grc' dir='ltr'>τὸ</span> <span class='ocrx_word' id='word_1_423' title='bbox 2202 2877 2426 2949; x_wconf 78' lang='grc' dir='ltr'>βέλτιον.</span> <span class='ocrx_word' id='word_1_424' title='bbox 2475 2875 2582 2929; x_wconf 75' lang='grc' dir='ltr'><strong>Καὶ</strong></span> <span class='ocrx_word' id='word_1_425' title='bbox 2642 2871 2936 2942; x_wconf 72' lang='grc' dir='ltr'>περιάγων</span> <span class='ocrx_word' id='word_1_426' title='bbox 2989 2868 3180 2936; x_wconf 77' lang='grc' dir='ltr'>ἐζήτει</span> <span class='ocrx_word' id='word_1_427' title='bbox 3225 2861 3644 2936; x_wconf 72' lang='grc' dir='ltr'><strong>χειραγωγούς.</strong></span> 
     </span>
    </p>
   </div>
   <div class='ocr_carea' id='block_1_58' title="bbox 2076 2953 3644 3041">
    <p class='ocr_par' dir='ltr' id='par_1_58' title="bbox 2076 2953 3644 3041">
     <span class='ocr_line' id='line_1_58' title="bbox 2076 2953 3644 3041; baseline -0.013 -15"><span class='ocrx_word' id='word_1_428' title='bbox 2076 2972 2390 3041; x_wconf 84' lang='grc' dir='ltr'>Τεκμήριον</span> <span class='ocrx_word' id='word_1_429' title='bbox 2424 2968 2521 3039; x_wconf 80' lang='grc' dir='ltr'><strong>τῆς</strong></span> <span class='ocrx_word' id='word_1_430' title='bbox 2553 2967 2906 3038; x_wconf 80' lang='grc' dir='ltr'>τυφλότητος,</span> <span class='ocrx_word' id='word_1_431' title='bbox 2935 2964 2996 3018; x_wconf 79' lang='lat' dir='ltr'><strong>rb</strong></span> <span class='ocrx_word' id='word_1_432' title='bbox 3023 2959 3398 3035; x_wconf 79' lang='grc' dir='ltr'>χειραγωγοίις</span> <span class='ocrx_word' id='word_1_433' title='bbox 3443 2953 3644 3024; x_wconf 79' lang='grc' dir='ltr'><strong>ζητεῖν.</strong></span> 
     </span>
    </p>
   </div>
   <div class='ocr_carea' id='block_1_59' title="bbox 401 3044 1972 3142">
    <p class='ocr_par' dir='ltr' id='par_1_59' title="bbox 401 3056 1962 3116">
     <span class='ocr_line' id='line_1_59' title="bbox 401 3056 1962 3116; baseline 0.003 -5"><span class='ocrx_word' id='word_1_434' title='bbox 401 3056 447 3112; x_wconf 88' lang='lat' dir='ltr'><strong>si</strong></span> <span class='ocrx_word' id='word_1_435' title='bbox 485 3071 665 3112; x_wconf 89' lang='lat' dir='ltr'><strong>mores</strong></span> <span class='ocrx_word' id='word_1_436' title='bbox 718 3057 772 3112; x_wconf 92' lang='lat' dir='ltr'><strong>in</strong></span> <span class='ocrx_word' id='word_1_437' title='bbox 826 3059 1020 3114; x_wconf 88' lang='lat' dir='ltr'><strong>melius</strong></span> <span class='ocrx_word' id='word_1_438' title='bbox 1070 3069 1339 3116; x_wconf 75' lang='lat' dir='ltr'><strong>mutasset.</strong></span> <span class='ocrx_word' id='word_1_439' title='bbox 1369 3070 1424 3115; x_wconf 91' lang='lat' dir='ltr'><strong>et</strong></span> <span class='ocrx_word' id='word_1_440' title='bbox 1469 3061 1835 3116; x_wconf 84' lang='lat' dir='ltr'><strong>emendasset.</strong></span> <span class='ocrx_word' id='word_1_441' title='bbox 1893 3066 1962 3116; x_wconf 83' lang='lat' dir='ltr'><strong>Et</strong></span> 
     </span>
    </p>
   </div>
   <div class='ocr_carea' id='block_1_60' title="bbox 2076 3044 3646 3142">
    <p class='ocr_par' dir='ltr' id='par_1_60' title="bbox 2089 3044 3646 3142">
     <span class='ocr_line' id='line_1_60' title="bbox 2089 3044 3646 3142; baseline -0.008 -26"><span class='ocrx_word' id='word_1_442' title='bbox 2089 3063 2284 3133; x_wconf 83' lang='grc' dir='ltr'><strong>Ἐχρῆν</strong></span> <span class='ocrx_word' id='word_1_443' title='bbox 2305 3061 2360 3115; x_wconf 84' lang='grc' dir='ltr'>δὲ</span> <span class='ocrx_word' id='word_1_444' title='bbox 2406 3061 2496 3116; x_wconf 83' lang='grc' dir='ltr'><strong>τὸν</strong></span> <span class='ocrx_word' id='word_1_445' title='bbox 2545 3058 3094 3132; x_wconf 84' lang='grc' dir='ltr'>προκατηγγελμένον</span> <span class='ocrx_word' id='word_1_446' title='bbox 3127 3057 3192 3124; x_wconf 77' lang='grc' dir='ltr'>τῇ</span> <span class='ocrx_word' id='word_1_447' title='bbox 3229 3049 3432 3123; x_wconf 75' lang='grc' dir='ltr'>μαγείᾳ</span> <span class='ocrx_word' id='word_1_448' title='bbox 3459 3044 3646 3142; x_wconf 49' lang='grc' dir='ltr'><strong>αὐτοῦ.</strong></span> 
     </span>
    </p>
   </div>
   <div class='ocr_carea' id='block_1_61' title="bbox 400 3137 1972 3226">
    <p class='ocr_par' dir='ltr' id='par_1_61' title="bbox 400 3147 1970 3220">
     <span class='ocr_line' id='line_1_61' title="bbox 400 3147 1970 3220; baseline 0.006 -21"><span class='ocrx_word' id='word_1_449' title='bbox 400 3147 708 3202; x_wconf 87' lang='lat' dir='ltr'><strong>circumiens</strong></span> <span class='ocrx_word' id='word_1_450' title='bbox 734 3151 1001 3220; x_wconf 76' lang='lat' dir='ltr'><strong>quwrcbat</strong></span> <span class='ocrx_word' id='word_1_451' title='bbox 1039 3153 1128 3220; x_wconf 88' lang='lat' dir='ltr'><strong>qui</strong></span> <span class='ocrx_word' id='word_1_452' title='bbox 1167 3167 1221 3204; x_wconf 86' lang='lat' dir='ltr'><strong>se</strong></span> <span class='ocrx_word' id='word_1_453' title='bbox 1256 3167 1416 3204; x_wconf 90' lang='lat' dir='ltr'><strong>mauu</strong></span> <span class='ocrx_word' id='word_1_454' title='bbox 1449 3152 1715 3205; x_wconf 84' lang='lat' dir='ltr'><strong>ducerent.</strong></span> <span class='ocrx_word' id='word_1_455' title='bbox 1746 3151 1970 3208; x_wconf 75' lang='lat' dir='ltr'><strong>Certent</strong></span> 
     </span>
    </p>
   </div>
   <div class='ocr_carea' id='block_1_62' title="bbox 2076 3137 3647 3226">
    <p class='ocr_par' dir='ltr' id='par_1_62' title="bbox 2077 3137 3647 3226">
     <span class='ocr_line' id='line_1_62' title="bbox 2077 3137 3647 3226; baseline -0.012 -17"><span class='ocrx_word' id='word_1_456' title='bbox 2077 3155 2250 3226; x_wconf 82' lang='grc' dir='ltr'>ταύτῃ</span> <span class='ocrx_word' id='word_1_457' title='bbox 2282 3157 2348 3222; x_wconf 81' lang='grc' dir='ltr'>τῇ</span> <span class='ocrx_word' id='word_1_458' title='bbox 2409 3154 2650 3223; x_wconf 75' lang='grc' dir='ltr'><strong>τιμωρίᾳ</strong></span> <span class='ocrx_word' id='word_1_459' title='bbox 2702 3152 3093 3220; x_wconf 76' lang='grc' dir='ltr'>παιδευθῆναι·</span> <span class='ocrx_word' id='word_1_460' title='bbox 3129 3147 3316 3216; x_wconf 80' lang='grc' dir='ltr'>ὥσπερ</span> <span class='ocrx_word' id='word_1_461' title='bbox 3349 3141 3444 3198; x_wconf 77' lang='grc' dir='ltr'><strong>οὖν</strong></span> <span class='ocrx_word' id='word_1_462' title='bbox 3472 3140 3564 3196; x_wconf 75' lang='grc' dir='ltr'>καὶ</span> <span class='ocrx_word' id='word_1_463' title='bbox 3596 3137 3647 3191; x_wconf 79' lang='lat' dir='ltr'><strong>oi</strong></span> 
     </span>
    </p>
   </div>
   <div class='ocr_carea' id='block_1_63' title="bbox 400 3239 1969 3312">
    <p class='ocr_par' dir='ltr' id='par_1_63' title="bbox 400 3239 1969 3312">
     <span class='ocr_line' id='line_1_63' title="bbox 400 3239 1969 3312; baseline 0.004 -19"><span class='ocrx_word' id='word_1_464' title='bbox 400 3239 613 3310; x_wconf 86' lang='lat' dir='ltr'><strong>signum</strong></span> <span class='ocrx_word' id='word_1_465' title='bbox 640 3243 902 3297; x_wconf 59' lang='lat' dir='ltr'><strong>excitatis</strong></span> <span class='ocrx_word' id='word_1_466' title='bbox 933 3251 1080 3307; x_wconf 86' lang='lat' dir='ltr'><strong>erat,</strong></span> <span class='ocrx_word' id='word_1_467' title='bbox 1109 3243 1252 3310; x_wconf 89' lang='lat' dir='ltr'><strong>quod</strong></span> <span class='ocrx_word' id='word_1_468' title='bbox 1283 3242 1560 3312; x_wconf 62' lang='lat' dir='ltr'><strong>quaerebat</strong></span> <span class='ocrx_word' id='word_1_469' title='bbox 1589 3242 1682 3312; x_wconf 88' lang='lat' dir='ltr'><strong>qui</strong></span> <span class='ocrx_word' id='word_1_470' title='bbox 1717 3258 1775 3298; x_wconf 90' lang='lat' dir='ltr'><strong>se</strong></span> <span class='ocrx_word' id='word_1_471' title='bbox 1804 3260 1969 3300; x_wconf 88' lang='lat' dir='ltr'><strong>manu</strong></span> 
     </span>
    </p>
   </div>
   <div class='ocr_carea' id='block_1_64' title="bbox 2083 3238 3254 3316">
    <p class='ocr_par' dir='ltr' id='par_1_64' title="bbox 2083 3238 3254 3316">
     <span class='ocr_line' id='line_1_64' title="bbox 2083 3238 3254 3316; baseline -0.008 -16"><span class='ocrx_word' id='word_1_472' title='bbox 2083 3247 2246 3316; x_wconf 81' lang='grc' dir='ltr'>μάγοι</span> <span class='ocrx_word' id='word_1_473' title='bbox 2277 3244 2382 3296; x_wconf 76' lang='grc' dir='ltr'><strong>ὑπὸ</strong></span> <span class='ocrx_word' id='word_1_474' title='bbox 2407 3244 2516 3298; x_wconf 86' lang='grc' dir='ltr'>τῶν</span> <span class='ocrx_word' id='word_1_475' title='bbox 2554 3242 2854 3312; x_wconf 81' lang='grc' dir='ltr'>φλυκτίδων</span> <span class='ocrx_word' id='word_1_476' title='bbox 2886 3238 3254 3294; x_wconf 79' lang='grc' dir='ltr'>ἐπαιδεύοντο.</span> 
     </span>
    </p>
   </div>
   <div class='ocr_carea' id='block_1_65' title="bbox 399 3325 3649 3411">
    <p class='ocr_par' dir='ltr' id='par_1_65' title="bbox 399 3325 3649 3411">
     <span class='ocr_line' id='line_1_65' title="bbox 399 3325 3649 3411; baseline -0.003 -24"><span class='ocrx_word' id='word_1_477' title='bbox 399 3336 684 3392; x_wconf 86' lang='lat' dir='ltr'><strong>ducerent.</strong></span> <span class='ocrx_word' id='word_1_478' title='bbox 726 3337 1023 3408; x_wconf 88' lang='lat' dir='ltr'><strong>Oportebat</strong></span> <span class='ocrx_word' id='word_1_479' title='bbox 1058 3345 1239 3392; x_wconf 87' lang='lat' dir='ltr'><strong>autem</strong></span> <span class='ocrx_word' id='word_1_480' title='bbox 1270 3353 1416 3403; x_wconf 89' lang='lat' dir='ltr'><strong>eum,</strong></span> <span class='ocrx_word' id='word_1_481' title='bbox 1465 3353 1627 3407; x_wconf 88' lang='lat' dir='ltr'><strong>quem</strong></span> <span class='ocrx_word' id='word_1_482' title='bbox 1653 3347 1811 3393; x_wconf 82' lang='lat' dir='ltr'><strong>antea</strong></span> <span class='ocrx_word' id='word_1_483' title='bbox 1852 3339 2077 3411; x_wconf 61' lang='lat' dir='ltr'><strong>magicae</strong></span> <span class='ocrx_word' id='word_1_484' title='bbox 2104 3355 2216 3395; x_wconf 69' lang='lat' dir='ltr'><strong>sua:</strong></span> <span class='ocrx_word' id='word_1_485' title='bbox 2281 3337 2552 3410; x_wconf 66' lang='lat' dir='ltr'><strong>prestigiaa</strong></span> <span class='ocrx_word' id='word_1_486' title='bbox 2616 3338 2926 3393; x_wconf 87' lang='lat' dir='ltr'><strong>detulerant</strong></span> <span class='ocrx_word' id='word_1_487' title='bbox 2975 3345 3028 3391; x_wconf 88' lang='lat' dir='ltr'><strong>et</strong></span> <span class='ocrx_word' id='word_1_488' title='bbox 3081 3337 3486 3391; x_wconf 81' lang='lat' dir='ltr'><strong>accusaveraut,</strong></span> <span class='ocrx_word' id='word_1_489' title='bbox 3545 3325 3649 3378; x_wconf 89' lang='lat' dir='ltr'><strong>hac</strong></span> 
     </span>
    </p>
   </div>
   <div class='ocr_carea' id='block_1_66' title="bbox 399 3415 3648 3502">
    <p class='ocr_par' dir='ltr' id='par_1_66' title="bbox 399 3415 3648 3502">
     <span class='ocr_line' id='line_1_66' title="bbox 399 3415 3648 3502; baseline -0.005 -15"><span class='ocrx_word' id='word_1_490' title='bbox 399 3446 558 3500; x_wconf 86' lang='lat' dir='ltr'><strong>poena</strong></span> <span class='ocrx_word' id='word_1_491' title='bbox 608 3431 860 3501; x_wconf 82' lang='lat' dir='ltr'><strong>castigari</strong></span> <span class='ocrx_word' id='word_1_492' title='bbox 911 3441 966 3486; x_wconf 89' lang='lat' dir='ltr'><strong>et</strong></span> <span class='ocrx_word' id='word_1_493' title='bbox 1004 3429 1811 3500; x_wconf 78' lang='lat' dir='ltr'><strong>emendarizquemadmodum</strong></span> <span class='ocrx_word' id='word_1_494' title='bbox 1871 3432 2132 3487; x_wconf 90' lang='lat' dir='ltr'><strong>nimirum</strong></span> <span class='ocrx_word' id='word_1_495' title='bbox 2187 3431 2350 3485; x_wconf 82' lang='lat' dir='ltr'><strong>etiam</strong></span> <span class='ocrx_word' id='word_1_496' title='bbox 2374 3429 2514 3502; x_wconf 86' lang='lat' dir='ltr'><strong>magi</strong></span> <span class='ocrx_word' id='word_1_497' title='bbox 2575 3443 2606 3484; x_wconf 90' lang='lat' dir='ltr'><strong>a</strong></span> <span class='ocrx_word' id='word_1_498' title='bbox 2670 3427 2902 3499; x_wconf 87' lang='lat' dir='ltr'><strong>pustulis</strong></span> <span class='ocrx_word' id='word_1_499' title='bbox 2949 3423 3198 3497; x_wconf 79' lang='lat' dir='ltr'><strong>castigati</strong></span> <span class='ocrx_word' id='word_1_500' title='bbox 3244 3430 3300 3478; x_wconf 87' lang='lat' dir='ltr'><strong>et</strong></span> <span class='ocrx_word' id='word_1_501' title='bbox 3371 3415 3648 3476; x_wconf 78' lang='lat' dir='ltr'><strong>emendati</strong></span> 
     </span>
    </p>
   </div>
   <div class='ocr_carea' id='block_1_67' title="bbox 400 3536 548 3581">
    <p class='ocr_par' dir='ltr' id='par_1_67' title="bbox 400 3536 548 3581">
     <span class='ocr_line' id='line_1_67' title="bbox 400 3536 548 3581; baseline 0.007 -1"><span class='ocrx_word' id='word_1_502' title='bbox 400 3536 548 3581; x_wconf 81' lang='lat' dir='ltr'><strong>sunt.</strong></span> 
     </span>
    </p>
   </div>
   <div class='ocr_carea' id='block_1_68' title="bbox 469 3617 1973 3688">
    <p class='ocr_par' dir='ltr' id='par_1_68' title="bbox 469 3617 1973 3688">
     <span class='ocr_line' id='line_1_68' title="bbox 469 3617 1973 3688; baseline 0 -15"><span class='ocrx_word' id='word_1_503' title='bbox 469 3619 633 3675; x_wconf 79' lang='lat' dir='ltr'><strong>V&#39;sns.</strong></span> <span class='ocrx_word' id='word_1_504' title='bbox 690 3619 774 3674; x_wconf 77' lang='lat' dir='ltr'><strong>l3.</strong></span> <span class='ocrx_word' id='word_1_505' title='bbox 831 3617 999 3674; x_wconf 88' lang='lat' dir='ltr'><strong>Porro</strong></span> <span class='ocrx_word' id='word_1_506' title='bbox 1049 3636 1166 3675; x_wconf 89' lang='lat' dir='ltr'><strong>cum</strong></span> <span class='ocrx_word' id='word_1_507' title='bbox 1217 3619 1415 3675; x_wconf 83' lang='lat' dir='ltr'><strong>Paulus</strong></span> <span class='ocrx_word' id='word_1_508' title='bbox 1469 3635 1587 3674; x_wconf 90' lang='lat' dir='ltr'><strong>cum</strong></span> <span class='ocrx_word' id='word_1_509' title='bbox 1639 3619 1749 3674; x_wconf 86' lang='lat' dir='ltr'><strong>suis</strong></span> <span class='ocrx_word' id='word_1_510' title='bbox 1788 3619 1973 3688; x_wconf 81' lang='lat' dir='ltr'><strong>Papho</strong></span> 
     </span>
    </p>
   </div>
   <div class='ocr_carea' id='block_1_69' title="bbox 398 3711 1975 3783">
    <p class='ocr_par' dir='ltr' id='par_1_69' title="bbox 398 3711 1975 3783">
     <span class='ocr_line' id='line_1_69' title="bbox 398 3711 1975 3783; baseline -0.001 -17"><span class='ocrx_word' id='word_1_511' title='bbox 398 3712 652 3778; x_wconf 76' lang='lat' dir='ltr'><strong>solvisset,</strong></span> <span class='ocrx_word' id='word_1_512' title='bbox 696 3713 834 3767; x_wconf 83' lang='lat' dir='ltr'><strong>venit</strong></span> <span class='ocrx_word' id='word_1_513' title='bbox 880 3711 1108 3783; x_wconf 85' lang='lat' dir='ltr'><strong>Pergam</strong></span> <span class='ocrx_word' id='word_1_514' title='bbox 1149 3711 1512 3783; x_wconf 71' lang='lat' dir='ltr'><strong>Pamphyliae:</strong></span> <span class='ocrx_word' id='word_1_515' title='bbox 1535 3712 1766 3767; x_wconf 83' lang='lat' dir='ltr'><strong>Joannes</strong></span> <span class='ocrx_word' id='word_1_516' title='bbox 1797 3719 1975 3766; x_wconf 86' lang='lat' dir='ltr'><strong>autem</strong></span> 
     </span>
    </p>
   </div>
   <div class='ocr_carea' id='block_1_70' title="bbox 403 3803 1970 3874">
    <p class='ocr_par' dir='ltr' id='par_1_70' title="bbox 403 3803 1970 3874">
     <span class='ocr_line' id='line_1_70' title="bbox 403 3803 1970 3874; baseline 0 -18"><span class='ocrx_word' id='word_1_517' title='bbox 403 3820 521 3857; x_wconf 90' lang='lat' dir='ltr'><strong>cum</strong></span> <span class='ocrx_word' id='word_1_518' title='bbox 551 3804 865 3859; x_wconf 88' lang='lat' dir='ltr'><strong>discessisset</strong></span> <span class='ocrx_word' id='word_1_519' title='bbox 893 3805 958 3859; x_wconf 91' lang='lat' dir='ltr'><strong>ab</strong></span> <span class='ocrx_word' id='word_1_520' title='bbox 985 3805 1092 3860; x_wconf 87' lang='lat' dir='ltr'><strong>illis</strong></span> <span class='ocrx_word' id='word_1_521' title='bbox 1113 3849 1125 3872; x_wconf 91' lang='lat'><strong>,</strong></span> <span class='ocrx_word' id='word_1_522' title='bbox 1152 3822 1384 3860; x_wconf 83' lang='lat' dir='ltr'><strong>reversus</strong></span> <span class='ocrx_word' id='word_1_523' title='bbox 1424 3813 1497 3858; x_wconf 87' lang='lat' dir='ltr'><strong>est</strong></span> <span class='ocrx_word' id='word_1_524' title='bbox 1533 3803 1970 3874; x_wconf 82' lang='lat' dir='ltr'><strong>Hierosolymam.</strong></span> 
     </span>
    </p>
   </div>
   <div class='ocr_carea' id='block_1_71' title="bbox 476 3988 1973 4062">
    <p class='ocr_par' dir='ltr' id='par_1_71' title="bbox 476 3988 1973 4062">
     <span class='ocr_line' id='line_1_71' title="bbox 476 3988 1973 4062; baseline 0 -18"><span class='ocrx_word' id='word_1_525' title='bbox 476 3988 638 4045; x_wconf 71' lang='lat' dir='ltr'><strong>Vens.</strong></span> <span class='ocrx_word' id='word_1_526' title='bbox 675 3990 760 4044; x_wconf 73' lang='grc' dir='ltr'><strong>Η.</strong></span> <span class='ocrx_word' id='word_1_527' title='bbox 791 3990 900 4060; x_wconf 87' lang='lat' dir='ltr'><strong>Ipsi</strong></span> <span class='ocrx_word' id='word_1_528' title='bbox 927 4007 1046 4046; x_wconf 90' lang='lat' dir='ltr'><strong>vero</strong></span> <span class='ocrx_word' id='word_1_529' title='bbox 1073 3991 1386 4060; x_wconf 84' lang='lat' dir='ltr'><strong>transgressi</strong></span> <span class='ocrx_word' id='word_1_530' title='bbox 1428 4007 1459 4044; x_wconf 92' lang='lat' dir='ltr'><strong>a</strong></span> <span class='ocrx_word' id='word_1_531' title='bbox 1501 3988 1692 4062; x_wconf 76' lang='lat' dir='ltr'><strong>Perge,</strong></span> <span class='ocrx_word' id='word_1_532' title='bbox 1724 4006 1973 4059; x_wconf 86' lang='lat' dir='ltr'><strong>pervene-</strong></span> 
     </span>
    </p>
   </div>
   <div class='ocr_carea' id='block_1_72' title="bbox 405 4081 1973 4154">
    <p class='ocr_par' dir='ltr' id='par_1_72' title="bbox 405 4081 1973 4154">
     <span class='ocr_line' id='line_1_72' title="bbox 405 4081 1973 4154; baseline -0.003 -15"><span class='ocrx_word' id='word_1_533' title='bbox 405 4094 525 4139; x_wconf 86' lang='lat' dir='ltr'><strong>runt</strong></span> <span class='ocrx_word' id='word_1_534' title='bbox 562 4085 895 4138; x_wconf 79' lang='lat' dir='ltr'><strong>Antiochiam</strong></span> <span class='ocrx_word' id='word_1_535' title='bbox 920 4085 1154 4148; x_wconf 75' lang='lat' dir='ltr'><strong>Pisidiaz,</strong></span> <span class='ocrx_word' id='word_1_536' title='bbox 1195 4092 1242 4138; x_wconf 91' lang='lat' dir='ltr'><strong>et</strong></span> <span class='ocrx_word' id='word_1_537' title='bbox 1266 4083 1486 4154; x_wconf 86' lang='lat' dir='ltr'><strong>ingrcssi</strong></span> <span class='ocrx_word' id='word_1_538' title='bbox 1527 4098 1850 4154; x_wconf 85' lang='lat' dir='ltr'><strong>synagogam</strong></span> <span class='ocrx_word' id='word_1_539' title='bbox 1887 4081 1973 4135; x_wconf 89' lang='lat' dir='ltr'><strong>die</strong></span> 
     </span>
    </p>
   </div>
   <div class='ocr_carea' id='block_1_73' title="bbox 405 4177 1182 4245">
    <p class='ocr_par' dir='ltr' id='par_1_73' title="bbox 405 4177 1182 4245">
     <span class='ocr_line' id='line_1_73' title="bbox 405 4177 1182 4245; baseline -0.004 -14"><span class='ocrx_word' id='word_1_540' title='bbox 405 4177 776 4243; x_wconf 81' lang='lat' dir='ltr'><strong>Sabbatorum,</strong></span> <span class='ocrx_word' id='word_1_541' title='bbox 818 4178 1182 4245; x_wconf 66' lang='lat' dir='ltr'><strong>consederunt,</strong></span> 
     </span>
    </p>
   </div>
   <div class='ocr_carea' id='block_1_74' title="bbox 477 4357 1982 4430">
    <p class='ocr_par' dir='ltr' id='par_1_74' title="bbox 477 4357 1982 4430">
     <span class='ocr_line' id='line_1_74' title="bbox 477 4357 1982 4430; baseline -0.002 -15"><span class='ocrx_word' id='word_1_542' title='bbox 477 4361 638 4418; x_wconf 74' lang='lat' dir='ltr'><strong>Vens.</strong></span> <span class='ocrx_word' id='word_1_543' title='bbox 680 4360 765 4416; x_wconf 79' lang='grc'><strong>15.</strong></span> <span class='ocrx_word' id='word_1_544' title='bbox 823 4357 946 4415; x_wconf 88' lang='lat' dir='ltr'><strong>Post</strong></span> <span class='ocrx_word' id='word_1_545' title='bbox 989 4361 1350 4414; x_wconf 86' lang='lat' dir='ltr'><strong>recitationem</strong></span> <span class='ocrx_word' id='word_1_546' title='bbox 1378 4367 1555 4414; x_wconf 90' lang='lat' dir='ltr'><strong>autem</strong></span> <span class='ocrx_word' id='word_1_547' title='bbox 1595 4359 1724 4430; x_wconf 88' lang='lat' dir='ltr'><strong>legis</strong></span> <span class='ocrx_word' id='word_1_548' title='bbox 1775 4367 1824 4413; x_wconf 83' lang='lat' dir='ltr'><strong>et</strong></span> <span class='ocrx_word' id='word_1_549' title='bbox 1855 4375 1982 4430; x_wconf 83' lang='lat' dir='ltr'><strong>pro-</strong></span> 
     </span>
    </p>
   </div>
   <div class='ocr_carea' id='block_1_75' title="bbox 405 4451 1982 4523">
    <p class='ocr_par' dir='ltr' id='par_1_75' title="bbox 405 4451 1982 4523">
     <span class='ocr_line' id='line_1_75' title="bbox 405 4451 1982 4523; baseline -0.003 -15"><span class='ocrx_word' id='word_1_550' title='bbox 405 4455 702 4522; x_wconf 87' lang='lat' dir='ltr'><strong>phetarum,</strong></span> <span class='ocrx_word' id='word_1_551' title='bbox 726 4453 986 4523; x_wconf 85' lang='lat' dir='ltr'><strong>principes</strong></span> <span class='ocrx_word' id='word_1_552' title='bbox 1020 4451 1314 4523; x_wconf 76' lang='lat' dir='ltr'><strong>Synagoga:</strong></span> <span class='ocrx_word' id='word_1_553' title='bbox 1353 4451 1608 4505; x_wconf 85' lang='lat' dir='ltr'><strong>miserunt</strong></span> <span class='ocrx_word' id='word_1_554' title='bbox 1651 4453 1720 4505; x_wconf 91' lang='lat' dir='ltr'><strong>ad</strong></span> <span class='ocrx_word' id='word_1_555' title='bbox 1757 4467 1862 4513; x_wconf 87' lang='lat' dir='ltr'><strong>eos,</strong></span> <span class='ocrx_word' id='word_1_556' title='bbox 1891 4451 1982 4522; x_wconf 89' lang='lat' dir='ltr'><strong>qui</strong></span> 
     </span>
    </p>
   </div>
   <div class='ocr_carea' id='block_1_76' title="bbox 2154 3611 3648 3692">
    <p class='ocr_par' dir='ltr' id='par_1_76' title="bbox 2154 3611 3648 3692">
     <span class='ocr_line' id='line_1_76' title="bbox 2154 3611 3648 3692; baseline -0.009 -16"><span class='ocrx_word' id='word_1_557' title='bbox 2154 3619 2534 3692; x_wconf 81' lang='grc' dir='ltr'>Ἀναχθέντες</span> <span class='ocrx_word' id='word_1_558' title='bbox 2572 3622 2642 3674; x_wconf 81' lang='grc' dir='ltr'>δὲ</span> <span class='ocrx_word' id='word_1_559' title='bbox 2687 3620 2804 3675; x_wconf 79' lang='grc' dir='ltr'><strong>ἀπὸ</strong></span> <span class='ocrx_word' id='word_1_560' title='bbox 2837 3617 2949 3687; x_wconf 85' lang='grc' dir='ltr'>τῆς</span> <span class='ocrx_word' id='word_1_561' title='bbox 2983 3617 3192 3686; x_wconf 68' lang='grc' dir='ltr'><em>Πάφου</em></span> <span class='ocrx_word' id='word_1_562' title='bbox 3247 3617 3303 3670; x_wconf 88' lang='grc' dir='ltr'><strong>οί</strong></span> <span class='ocrx_word' id='word_1_563' title='bbox 3356 3612 3486 3680; x_wconf 72' lang='grc' dir='ltr'>περὶ</span> <span class='ocrx_word' id='word_1_564' title='bbox 3539 3611 3648 3663; x_wconf 87' lang='grc' dir='ltr'>τὸν</span> 
     </span>
    </p>
   </div>
   <div class='ocr_carea' id='block_1_77' title="bbox 2079 3702 3646 3785">
    <p class='ocr_par' dir='ltr' id='par_1_77' title="bbox 2079 3702 3646 3785">
     <span class='ocr_line' id='line_1_77' title="bbox 2079 3702 3646 3785; baseline -0.008 -16"><span class='ocrx_word' id='word_1_565' title='bbox 2079 3713 2345 3780; x_wconf 79' lang='grc' dir='ltr'>Παῦλον,</span> <span class='ocrx_word' id='word_1_566' title='bbox 2371 3708 2564 3785; x_wconf 82' lang='grc' dir='ltr'>ἦλθον</span> <span class='ocrx_word' id='word_1_567' title='bbox 2578 3713 2665 3778; x_wconf 83' lang='grc' dir='ltr'><strong>είς</strong></span> <span class='ocrx_word' id='word_1_568' title='bbox 2683 3711 2918 3781; x_wconf 79' lang='grc' dir='ltr'>Πέργην</span> <span class='ocrx_word' id='word_1_569' title='bbox 2932 3709 3044 3777; x_wconf 80' lang='grc' dir='ltr'><strong>τῆς</strong></span> <span class='ocrx_word' id='word_1_570' title='bbox 3058 3707 3435 3778; x_wconf 74' lang='grc' dir='ltr'><strong>Παμφυλίας.</strong></span> <span class='ocrx_word' id='word_1_571' title='bbox 3458 3702 3646 3758; x_wconf 82' lang='grc' dir='ltr'>Ἰωάν-</span> 
     </span>
    </p>
   </div>
   <div class='ocr_carea' id='block_1_78' title="bbox 2078 3794 3648 3875">
    <p class='ocr_par' dir='ltr' id='par_1_78' title="bbox 2078 3794 3648 3875">
     <span class='ocr_line' id='line_1_78' title="bbox 2078 3794 3648 3875; baseline -0.027 14"><span class='ocrx_word' id='word_1_572' title='bbox 2078 3825 2192 3874; x_wconf 74' lang='grc' dir='ltr'><strong>νης</strong></span> <span class='ocrx_word' id='word_1_573' title='bbox 2237 3805 2324 3873; x_wconf 68' lang='grc' dir='ltr'><strong>δέν</strong></span> <span class='ocrx_word' id='word_1_574' title='bbox 2353 3805 2753 3875; x_wconf 71' lang='grc' dir='ltr'><strong>ἀποχωρήσας</strong></span> <span class='ocrx_word' id='word_1_575' title='bbox 2795 3804 2897 3860; x_wconf 80' lang='grc' dir='ltr'><strong>ἀπ’</strong></span> <span class='ocrx_word' id='word_1_576' title='bbox 2923 3801 3142 3868; x_wconf 79' lang='grc' dir='ltr'>αὐτῶν,</span> <span class='ocrx_word' id='word_1_577' title='bbox 3177 3800 3555 3868; x_wconf 60' lang='grc' dir='ltr'>ὑπέστρεψεν</span> <span class='ocrx_word' id='word_1_578' title='bbox 3603 3794 3648 3826; x_wconf 81' lang='grc'><strong>⁸⁸</strong></span> 
     </span>
    </p>
   </div>
   <div class='ocr_carea' id='block_1_79' title="bbox 2081 3897 2998 3968">
    <p class='ocr_par' dir='ltr' id='par_1_79' title="bbox 2081 3897 2998 3968">
     <span class='ocr_line' id='line_1_79' title="bbox 2081 3897 2998 3968; baseline -0.004 -16"><span class='ocrx_word' id='word_1_579' title='bbox 2081 3901 2168 3965; x_wconf 78' lang='grc' dir='ltr'><strong>εις</strong></span> <span class='ocrx_word' id='word_1_580' title='bbox 2209 3897 2618 3968; x_wconf 84' lang='grc' dir='ltr'>Ἱεροσόλυμα.</span> <span class='ocrx_word' id='word_1_581' title='bbox 2995 3961 2998 3964; x_wconf 17' lang='grc' dir='ltr'><strong>Α</strong></span> 
     </span>
    </p>
   </div>
   <div class='ocr_carea' id='block_1_80' title="bbox 2151 3979 3650 4053">
    <p class='ocr_par' dir='ltr' id='par_1_80' title="bbox 2151 3979 3650 4053">
     <span class='ocr_line' id='line_1_80' title="bbox 2151 3979 3650 4053; baseline -0.011 -7"><span class='ocrx_word' id='word_1_582' title='bbox 2151 3989 2331 4046; x_wconf 67' lang='grc' dir='ltr'><strong>Αὐτοὶ</strong></span> <span class='ocrx_word' id='word_1_583' title='bbox 2360 3989 2428 4044; x_wconf 85' lang='grc' dir='ltr'>δὲ</span> <span class='ocrx_word' id='word_1_584' title='bbox 2457 3989 2798 4053; x_wconf 70' lang='grc' dir='ltr'>διελθόντες</span> <span class='ocrx_word' id='word_1_585' title='bbox 2829 3985 2945 4041; x_wconf 82' lang='grc' dir='ltr'><strong>ἀπὸ</strong></span> <span class='ocrx_word' id='word_1_586' title='bbox 2989 3983 3097 4052; x_wconf 83' lang='grc' dir='ltr'><strong>τῆς</strong></span> <span class='ocrx_word' id='word_1_587' title='bbox 3148 3981 3378 4051; x_wconf 74' lang='grc' dir='ltr'>Πέργης</span> <span class='ocrx_word' id='word_1_588' title='bbox 3406 3979 3471 4046; x_wconf 75' lang='grc'><strong>⁸⁷,</strong></span> <span class='ocrx_word' id='word_1_589' title='bbox 3500 3992 3650 4046; x_wconf 83' lang='grc' dir='ltr'>παρ-</span> 
     </span>
    </p>
   </div>
   <div class='ocr_carea' id='block_1_81' title="bbox 2079 4066 3640 4152">
    <p class='ocr_par' dir='ltr' id='par_1_81' title="bbox 2079 4066 3640 4152">
     <span class='ocr_line' id='line_1_81' title="bbox 2079 4066 3640 4152; baseline -0.012 -13"><span class='ocrx_word' id='word_1_590' title='bbox 2079 4083 2356 4152; x_wconf 79' lang='grc' dir='ltr'>εγένοντο</span> <span class='ocrx_word' id='word_1_591' title='bbox 2401 4084 2487 4148; x_wconf 82' lang='grc' dir='ltr'><strong>εὶς</strong></span> <span class='ocrx_word' id='word_1_592' title='bbox 2534 4080 2891 4148; x_wconf 77' lang='grc' dir='ltr'>Ἀντιόχειαν</span> <span class='ocrx_word' id='word_1_593' title='bbox 2931 4075 3042 4144; x_wconf 81' lang='grc' dir='ltr'>τῆς</span> <span class='ocrx_word' id='word_1_594' title='bbox 3092 4073 3398 4138; x_wconf 84' lang='grc' dir='ltr'>Πεισιδίας</span> <span class='ocrx_word' id='word_1_595' title='bbox 3439 4069 3503 4123; x_wconf 82' lang='grc'><strong>⁸⁸.</strong></span> <span class='ocrx_word' id='word_1_596' title='bbox 3541 4066 3640 4122; x_wconf 77' lang='grc' dir='ltr'><strong>καί</strong></span> 
     </span>
    </p>
   </div>
   <div class='ocr_carea' id='block_1_82' title="bbox 2080 4159 3641 4241">
    <p class='ocr_par' dir='ltr' id='par_1_82' title="bbox 2080 4159 3641 4241">
     <span class='ocr_line' id='line_1_82' title="bbox 2080 4159 3641 4241; baseline -0.012 -10"><span class='ocrx_word' id='word_1_597' title='bbox 2080 4175 2460 4241; x_wconf 73' lang='grc' dir='ltr'>εἰσελθόντες</span> <span class='ocrx_word' id='word_1_598' title='bbox 2521 4175 2609 4239; x_wconf 83' lang='grc' dir='ltr'>είς</span> <span class='ocrx_word' id='word_1_599' title='bbox 2659 4171 2774 4239; x_wconf 72' lang='grc' dir='ltr'>τὴν</span> <span class='ocrx_word' id='word_1_600' title='bbox 2805 4167 3168 4238; x_wconf 76' lang='grc' dir='ltr'>συναγωγὴν</span> <span class='ocrx_word' id='word_1_601' title='bbox 3191 4164 3262 4234; x_wconf 75' lang='grc' dir='ltr'>τῇ</span> <span class='ocrx_word' id='word_1_602' title='bbox 3304 4161 3491 4234; x_wconf 78' lang='grc' dir='ltr'>ἡμέρᾳ</span> <span class='ocrx_word' id='word_1_603' title='bbox 3521 4159 3641 4214; x_wconf 85' lang='grc' dir='ltr'>τῶν</span> 
     </span>
    </p>
   </div>
   <div class='ocr_carea' id='block_1_83' title="bbox 2080 4265 2758 4333">
    <p class='ocr_par' dir='ltr' id='par_1_83' title="bbox 2080 4265 2758 4333">
     <span class='ocr_line' id='line_1_83' title="bbox 2080 4265 2758 4333; baseline -0.01 -8"><span class='ocrx_word' id='word_1_604' title='bbox 2080 4269 2414 4333; x_wconf 78' lang='grc' dir='ltr'>Σαϐϐάτων,</span> <span class='ocrx_word' id='word_1_605' title='bbox 2449 4265 2758 4320; x_wconf 76' lang='grc' dir='ltr'>ἐκάθισαν.</span> 
     </span>
    </p>
   </div>
   <div class='ocr_carea' id='block_1_84' title="bbox 2152 4342 3654 4423">
    <p class='ocr_par' dir='ltr' id='par_1_84' title="bbox 2152 4342 3654 4423">
     <span class='ocr_line' id='line_1_84' title="bbox 2152 4342 3654 4423; baseline -0.012 -9"><span class='ocrx_word' id='word_1_606' title='bbox 2152 4361 2314 4416; x_wconf 79' lang='grc' dir='ltr'>Μετὰ</span> <span class='ocrx_word' id='word_1_607' title='bbox 2344 4357 2412 4411; x_wconf 80' lang='grc' dir='ltr'>δὲ</span> <span class='ocrx_word' id='word_1_608' title='bbox 2441 4356 2556 4422; x_wconf 82' lang='grc' dir='ltr'>τὴν</span> <span class='ocrx_word' id='word_1_609' title='bbox 2608 4353 2952 4423; x_wconf 76' lang='grc' dir='ltr'>ἀνάγνωσιν</span> <span class='ocrx_word' id='word_1_610' title='bbox 3010 4349 3117 4405; x_wconf 78' lang='grc' dir='ltr'>τοῦ</span> <span class='ocrx_word' id='word_1_611' title='bbox 3163 4349 3352 4418; x_wconf 81' lang='grc' dir='ltr'>νόμου</span> <span class='ocrx_word' id='word_1_612' title='bbox 3392 4345 3490 4400; x_wconf 81' lang='grc' dir='ltr'><strong>και</strong></span> <span class='ocrx_word' id='word_1_613' title='bbox 3535 4342 3654 4398; x_wconf 81' lang='grc' dir='ltr'><strong>τῶν</strong></span> 
     </span>
    </p>
   </div>
   <div class='ocr_carea' id='block_1_85' title="bbox 2087 4436 3651 4520">
    <p class='ocr_par' dir='ltr' id='par_1_85' title="bbox 2087 4436 3651 4520">
     <span class='ocr_line' id='line_1_85' title="bbox 2087 4436 3651 4520; baseline -0.012 -14"><span class='ocrx_word' id='word_1_614' title='bbox 2087 4449 2424 4520; x_wconf 69' lang='grc' dir='ltr'>προφητῶν,</span> <span class='ocrx_word' id='word_1_615' title='bbox 2472 4444 2841 4500; x_wconf 80' lang='grc' dir='ltr'>ἀπέστειλαν</span> <span class='ocrx_word' id='word_1_616' title='bbox 2869 4444 2922 4495; x_wconf 83' lang='grc' dir='ltr'><strong>οι</strong></span> <span class='ocrx_word' id='word_1_617' title='bbox 2979 4439 3459 4510; x_wconf 66' lang='grc' dir='ltr'>ἀρχισυνάγωγοι</span> <span class='ocrx_word' id='word_1_618' title='bbox 3499 4436 3651 4504; x_wconf 82' lang='grc' dir='ltr'>πρὸς</span> 
     </span>
    </p>
   </div>
   <div class='ocr_carea' id='block_1_86' title="bbox 405 4525 1972 4615">
    <p class='ocr_par' dir='ltr' id='par_1_86' title="bbox 405 4546 1972 4615">
     <span class='ocr_line' id='line_1_86' title="bbox 405 4546 1972 4615; baseline -0.001 -13"><span class='ocrx_word' id='word_1_619' title='bbox 405 4550 571 4602; x_wconf 82' lang='lat' dir='ltr'><strong>verbis</strong></span> <span class='ocrx_word' id='word_1_620' title='bbox 596 4564 776 4602; x_wconf 89' lang='lat' dir='ltr'><strong>eorum</strong></span> <span class='ocrx_word' id='word_1_621' title='bbox 810 4548 1001 4600; x_wconf 88' lang='lat' dir='ltr'><strong>diceret</strong></span> <span class='ocrx_word' id='word_1_622' title='bbox 1027 4563 1045 4600; x_wconf 93' lang='lat'><strong><em>:</em></strong></span> <span class='ocrx_word' id='word_1_623' title='bbox 1083 4546 1190 4600; x_wconf 82' lang='lat' dir='ltr'><strong>Viri</strong></span> <span class='ocrx_word' id='word_1_624' title='bbox 1221 4548 1434 4615; x_wconf 79' lang='lat' dir='ltr'><strong>fratres,</strong></span> <span class='ocrx_word' id='word_1_625' title='bbox 1483 4547 1528 4598; x_wconf 87' lang='lat' dir='ltr'><strong>si</strong></span> <span class='ocrx_word' id='word_1_626' title='bbox 1579 4563 1740 4615; x_wconf 90' lang='lat' dir='ltr'><strong>quam</strong></span> <span class='ocrx_word' id='word_1_627' title='bbox 1771 4546 1972 4600; x_wconf 80' lang='lat' dir='ltr'><strong>habetis</strong></span> 
     </span>
    </p>
   </div>
   <div class='ocr_carea' id='block_1_87' title="bbox 2076 4525 3656 4615">
    <p class='ocr_par' dir='ltr' id='par_1_87' title="bbox 2083 4525 3656 4607">
     <span class='ocr_line' id='line_1_87' title="bbox 2083 4525 3656 4607; baseline -0.01 -11"><span class='ocrx_word' id='word_1_628' title='bbox 2083 4540 2327 4604; x_wconf 82' lang='grc' dir='ltr'>αὐτοὺς,</span> <span class='ocrx_word' id='word_1_629' title='bbox 2381 4535 2692 4607; x_wconf 73' lang='grc' dir='ltr'>λέγοντεςο</span> <span class='ocrx_word' id='word_1_630' title='bbox 2724 4533 2976 4602; x_wconf 77' lang='grc' dir='ltr'>Ἄνδρες</span> <span class='ocrx_word' id='word_1_631' title='bbox 3021 4530 3292 4601; x_wconf 66' lang='grc' dir='ltr'>ἀδελφοὶ,</span> <span class='ocrx_word' id='word_1_632' title='bbox 3315 4533 3366 4584; x_wconf 80' lang='grc' dir='ltr'><strong>ει</strong></span> <span class='ocrx_word' id='word_1_633' title='bbox 3398 4529 3529 4583; x_wconf 82' lang='grc' dir='ltr'>ἐστι</span> <span class='ocrx_word' id='word_1_634' title='bbox 3557 4525 3656 4580; x_wconf 84' lang='grc' dir='ltr'>λό-</span> 
     </span>
    </p>
   </div>
   <div class='ocr_carea' id='block_1_88' title="bbox 406 4633 1980 4702">
    <p class='ocr_par' dir='ltr' id='par_1_88' title="bbox 406 4633 1980 4702">
     <span class='ocr_line' id='line_1_88' title="bbox 406 4633 1980 4702; baseline 0.001 -13"><span class='ocrx_word' id='word_1_635' title='bbox 406 4639 695 4690; x_wconf 85' lang='lat' dir='ltr'><strong>oralionem</strong></span> <span class='ocrx_word' id='word_1_636' title='bbox 740 4633 904 4701; x_wconf 90' lang='lat' dir='ltr'><strong>plebis</strong></span> <span class='ocrx_word' id='word_1_637' title='bbox 951 4634 1301 4702; x_wconf 79' lang='lat' dir='ltr'><strong>appellaudtc,</strong></span> <span class='ocrx_word' id='word_1_638' title='bbox 1336 4642 1384 4687; x_wconf 87' lang='lat' dir='ltr'><strong>et</strong></span> <span class='ocrx_word' id='word_1_639' title='bbox 1434 4635 1780 4690; x_wconf 78' lang='lat' dir='ltr'><strong>adhortando:</strong></span> <span class='ocrx_word' id='word_1_640' title='bbox 1815 4652 1980 4690; x_wconf 90' lang='lat' dir='ltr'><strong>causa</strong></span> 
     </span>
    </p>
   </div>
   <div class='ocr_carea' id='block_1_89' title="bbox 406 4726 1171 4800">
    <p class='ocr_par' dir='ltr' id='par_1_89' title="bbox 406 4726 1171 4800">
     <span class='ocr_line' id='line_1_89' title="bbox 406 4726 1171 4800; baseline -0.007 -15"><span class='ocrx_word' id='word_1_641' title='bbox 406 4730 776 4800; x_wconf 74' lang='lat' dir='ltr'><strong>compositam.</strong></span> <span class='ocrx_word' id='word_1_642' title='bbox 811 4726 1171 4796; x_wconf 81' lang='lat' dir='ltr'><strong>pronuntiate.</strong></span> 
     </span>
    </p>
   </div>
   <div class='ocr_carea' id='block_1_90' title="bbox 481 4813 1984 4888">
    <p class='ocr_par' dir='ltr' id='par_1_90' title="bbox 481 4813 1984 4888">
     <span class='ocr_line' id='line_1_90' title="bbox 481 4813 1984 4888; baseline 0.001 -17"><span class='ocrx_word' id='word_1_643' title='bbox 481 4818 634 4888; x_wconf 81' lang='lat'><strong>107</strong></span> <span class='ocrx_word' id='word_1_644' title='bbox 651 4818 882 4871; x_wconf 84' lang='lat' dir='ltr'><strong>Joannes</strong></span> <span class='ocrx_word' id='word_1_645' title='bbox 919 4823 1113 4869; x_wconf 88' lang='lat' dir='ltr'><strong>autem.</strong></span> <span class='ocrx_word' id='word_1_646' title='bbox 1133 4813 1392 4883; x_wconf 88' lang='lat' dir='ltr'><strong>Joannes,</strong></span> <span class='ocrx_word' id='word_1_647' title='bbox 1410 4817 1505 4887; x_wconf 91' lang='lat' dir='ltr'><strong>qui</strong></span> <span class='ocrx_word' id='word_1_648' title='bbox 1541 4817 1984 4887; x_wconf 68' lang='lat' dir='ltr'><strong>vocabaturMar-</strong></span> 
     </span>
    </p>
   </div>
   <div class='ocr_carea' id='block_1_91' title="bbox 403 4908 1980 4981">
    <p class='ocr_par' dir='ltr' id='par_1_91' title="bbox 403 4908 1980 4981">
     <span class='ocr_line' id='line_1_91' title="bbox 403 4908 1980 4981; baseline -0.003 -13"><span class='ocrx_word' id='word_1_649' title='bbox 403 4927 522 4977; x_wconf 86' lang='lat' dir='ltr'><strong>cus,</strong></span> <span class='ocrx_word' id='word_1_650' title='bbox 542 4927 572 4966; x_wconf 88' lang='lat' dir='ltr'><strong>a</strong></span> <span class='ocrx_word' id='word_1_651' title='bbox 594 4909 876 4965; x_wconf 78' lang='lat' dir='ltr'><strong>Palaestina</strong></span> <span class='ocrx_word' id='word_1_652' title='bbox 902 4923 1072 4978; x_wconf 89' lang='lat' dir='ltr'><strong>usque</strong></span> <span class='ocrx_word' id='word_1_653' title='bbox 1091 4908 1160 4964; x_wconf 89' lang='lat' dir='ltr'><strong>ad</strong></span> <span class='ocrx_word' id='word_1_654' title='bbox 1183 4909 1406 4981; x_wconf 82' lang='lat' dir='ltr'><strong>Pergam</strong></span> <span class='ocrx_word' id='word_1_655' title='bbox 1429 4909 1774 4981; x_wconf 71' lang='lat' dir='ltr'><strong>Pamphyliae,</strong></span> <span class='ocrx_word' id='word_1_656' title='bbox 1797 4922 1980 4966; x_wconf 87' lang='lat' dir='ltr'><strong>comes</strong></span> 
     </span>
    </p>
   </div>
   <div class='ocr_carea' id='block_1_92' title="bbox 404 5002 1978 5074">
    <p class='ocr_par' dir='ltr' id='par_1_92' title="bbox 404 5002 1978 5074">
     <span class='ocr_line' id='line_1_92' title="bbox 404 5002 1978 5074; baseline -0.001 -14"><span class='ocrx_word' id='word_1_657' title='bbox 404 5005 512 5062; x_wconf 89' lang='lat' dir='ltr'><strong>illis</strong></span> <span class='ocrx_word' id='word_1_658' title='bbox 551 5003 732 5060; x_wconf 84' lang='lat' dir='ltr'><strong>fuerat</strong></span> <span class='ocrx_word' id='word_1_659' title='bbox 778 5003 834 5058; x_wconf 90' lang='lat' dir='ltr'><strong>in</strong></span> <span class='ocrx_word' id='word_1_660' title='bbox 871 5002 1186 5074; x_wconf 80' lang='lat' dir='ltr'><strong>evangelica</strong></span> <span class='ocrx_word' id='word_1_661' title='bbox 1230 5018 1393 5058; x_wconf 89' lang='lat' dir='ltr'><strong>cursu</strong></span> <span class='ocrx_word' id='word_1_662' title='bbox 1427 5022 1439 5057; x_wconf 95' lang='lat'><strong>:</strong></span> <span class='ocrx_word' id='word_1_663' title='bbox 1483 5003 1679 5058; x_wconf 88' lang='lat' dir='ltr'><strong>deinde</strong></span> <span class='ocrx_word' id='word_1_664' title='bbox 1716 5002 1978 5073; x_wconf 89' lang='lat' dir='ltr'><strong>apostolis</strong></span> 
     </span>
    </p>
   </div>
   <div class='ocr_carea' id='block_1_93' title="bbox 402 5092 1978 5155">
    <p class='ocr_par' dir='ltr' id='par_1_93' title="bbox 402 5092 1978 5155">
     <span class='ocr_line' id='line_1_93' title="bbox 402 5092 1978 5155; baseline -0.004 -3"><span class='ocrx_word' id='word_1_665' title='bbox 402 5094 712 5152; x_wconf 80' lang='lat' dir='ltr'><strong>vehementi</strong></span> <span class='ocrx_word' id='word_1_666' title='bbox 737 5108 800 5149; x_wconf 87' lang='lat' dir='ltr'><strong>ac</strong></span> <span class='ocrx_word' id='word_1_667' title='bbox 827 5102 1050 5149; x_wconf 89' lang='lat' dir='ltr'><strong>strenuo</strong></span> <span class='ocrx_word' id='word_1_668' title='bbox 1075 5108 1239 5148; x_wconf 88' lang='lat' dir='ltr'><strong>cursu</strong></span> <span class='ocrx_word' id='word_1_669' title='bbox 1269 5092 1742 5155; x_wconf 86' lang='lat' dir='ltr'><strong>contendentibus,</strong></span> <span class='ocrx_word' id='word_1_670' title='bbox 1773 5101 1828 5148; x_wconf 90' lang='lat' dir='ltr'><strong>et</strong></span> <span class='ocrx_word' id='word_1_671' title='bbox 1856 5092 1978 5147; x_wconf 88' lang='lat' dir='ltr'><strong>ani-</strong></span> 
     </span>
    </p>
   </div>
   <div class='ocr_carea' id='block_1_94' title="bbox 399 5183 1977 5258">
    <p class='ocr_par' dir='ltr' id='par_1_94' title="bbox 399 5183 1977 5258">
     <span class='ocr_line' id='line_1_94' title="bbox 399 5183 1977 5258; baseline -0.005 -14"><span class='ocrx_word' id='word_1_672' title='bbox 399 5204 492 5244; x_wconf 87' lang='lat' dir='ltr'><strong>mo</strong></span> <span class='ocrx_word' id='word_1_673' title='bbox 518 5187 780 5244; x_wconf 89' lang='lat' dir='ltr'><strong>immobili</strong></span> <span class='ocrx_word' id='word_1_674' title='bbox 811 5195 972 5258; x_wconf 86' lang='lat' dir='ltr'><strong>atque</strong></span> <span class='ocrx_word' id='word_1_675' title='bbox 1007 5185 1277 5241; x_wconf 89' lang='lat' dir='ltr'><strong>constanti</strong></span> <span class='ocrx_word' id='word_1_676' title='bbox 1308 5199 1366 5238; x_wconf 82' lang='lat' dir='ltr'><strong>se</strong></span> <span class='ocrx_word' id='word_1_677' title='bbox 1395 5184 1656 5239; x_wconf 85' lang='lat' dir='ltr'><strong>adversus</strong></span> <span class='ocrx_word' id='word_1_678' title='bbox 1679 5183 1977 5238; x_wconf 87' lang='lat' dir='ltr'><strong>certamina</strong></span> 
     </span>
    </p>
   </div>
   <div class='ocr_carea' id='block_1_95' title="bbox 403 5273 1978 5347">
    <p class='ocr_par' dir='ltr' id='par_1_95' title="bbox 403 5273 1978 5347">
     <span class='ocr_line' id='line_1_95' title="bbox 403 5273 1978 5347; baseline -0.004 -13"><span class='ocrx_word' id='word_1_679' title='bbox 403 5281 758 5347; x_wconf 69' lang='lat' dir='ltr'><strong>armantibus,</strong></span> <span class='ocrx_word' id='word_1_680' title='bbox 823 5279 1033 5334; x_wconf 84' lang='lat' dir='ltr'><strong>Marcus</strong></span> <span class='ocrx_word' id='word_1_681' title='bbox 1077 5285 1263 5346; x_wconf 90' lang='lat' dir='ltr'><strong>utpote</strong></span> <span class='ocrx_word' id='word_1_682' title='bbox 1325 5276 1488 5330; x_wconf 87' lang='lat' dir='ltr'><strong>homo</strong></span> <span class='ocrx_word' id='word_1_683' title='bbox 1545 5273 1806 5345; x_wconf 88' lang='lat' dir='ltr'><strong>torpidus,</strong></span> <span class='ocrx_word' id='word_1_684' title='bbox 1875 5289 1978 5329; x_wconf 88' lang='lat' dir='ltr'><strong>nec</strong></span> 
     </span>
    </p>
   </div>
   <div class='ocr_carea' id='block_1_96' title="bbox 409 5369 1980 5438">
    <p class='ocr_par' dir='ltr' id='par_1_96' title="bbox 409 5369 1980 5438">
     <span class='ocr_line' id='line_1_96' title="bbox 409 5369 1980 5438; baseline -0.003 -10"><span class='ocrx_word' id='word_1_685' title='bbox 409 5375 585 5434; x_wconf 77' lang='lat' dir='ltr'><strong>animo</strong></span> <span class='ocrx_word' id='word_1_686' title='bbox 619 5376 752 5432; x_wconf 83' lang='lat' dir='ltr'><strong>satis</strong></span> <span class='ocrx_word' id='word_1_687' title='bbox 783 5375 939 5430; x_wconf 84' lang='lat' dir='ltr'><strong>ﬁrmo</strong></span> <span class='ocrx_word' id='word_1_688' title='bbox 969 5372 1035 5428; x_wconf 91' lang='lat' dir='ltr'><strong>ad</strong></span> <span class='ocrx_word' id='word_1_689' title='bbox 1065 5380 1274 5426; x_wconf 88' lang='lat' dir='ltr'><strong>tantum</strong></span> <span class='ocrx_word' id='word_1_690' title='bbox 1301 5384 1542 5432; x_wconf 90' lang='lat' dir='ltr'><strong>cursum,</strong></span> <span class='ocrx_word' id='word_1_691' title='bbox 1577 5379 1634 5424; x_wconf 90' lang='lat' dir='ltr'><strong>et</strong></span> <span class='ocrx_word' id='word_1_692' title='bbox 1666 5369 1733 5425; x_wconf 87' lang='lat' dir='ltr'><strong>ad</strong></span> <span class='ocrx_word' id='word_1_693' title='bbox 1769 5383 1832 5422; x_wconf 90' lang='lat' dir='ltr'><strong>ea</strong></span> <span class='ocrx_word' id='word_1_694' title='bbox 1859 5384 1980 5438; x_wconf 71' lang='lat' dir='ltr'><strong>quae</strong></span> 
     </span>
    </p>
   </div>
   <div class='ocr_carea' id='block_1_97' title="bbox 2077 4617 3642 4703">
    <p class='ocr_par' dir='ltr' id='par_1_97' title="bbox 2077 4617 3642 4703">
     <span class='ocr_line' id='line_1_97' title="bbox 2077 4617 3642 4703; baseline -0.012 -16"><span class='ocrx_word' id='word_1_695' title='bbox 2077 4651 2181 4703; x_wconf 79' lang='grc' dir='ltr'><strong>γος</strong></span> <span class='ocrx_word' id='word_1_696' title='bbox 2209 4631 2276 4686; x_wconf 88' lang='grc' dir='ltr'>ἐν</span> <span class='ocrx_word' id='word_1_697' title='bbox 2297 4627 2438 4696; x_wconf 77' lang='grc' dir='ltr'>ὑμῖν</span> <span class='ocrx_word' id='word_1_698' title='bbox 2452 4624 2889 4694; x_wconf 82' lang='grc' dir='ltr'>παρακλήσεως</span> <span class='ocrx_word' id='word_1_699' title='bbox 2907 4623 3057 4692; x_wconf 84' lang='grc' dir='ltr'>πρὸς</span> <span class='ocrx_word' id='word_1_700' title='bbox 3081 4622 3189 4676; x_wconf 85' lang='grc' dir='ltr'>τὸν</span> <span class='ocrx_word' id='word_1_701' title='bbox 3213 4623 3385 4684; x_wconf 84' lang='grc' dir='ltr'>λαὸν,</span> <span class='ocrx_word' id='word_1_702' title='bbox 3411 4617 3642 4688; x_wconf 78' lang='grc' dir='ltr'>λέγετε.</span> 
     </span>
    </p>
   </div>
   <div class='ocr_carea' id='block_1_98' title="bbox 2151 4793 3654 4878">
    <p class='ocr_par' dir='ltr' id='par_1_98' title="bbox 2151 4793 3654 4878">
     <span class='ocr_line' id='line_1_98' title="bbox 2151 4793 3654 4878; baseline -0.01 -12"><span class='ocrx_word' id='word_1_703' title='bbox 2151 4811 2437 4878; x_wconf 85' lang='grc' dir='ltr'>Ἰωάννης</span> <span class='ocrx_word' id='word_1_704' title='bbox 2465 4808 2552 4862; x_wconf 82' lang='grc' dir='ltr'>δέ.</span> <span class='ocrx_word' id='word_1_705' title='bbox 2602 4806 2853 4878; x_wconf 83' lang='grc' dir='ltr'>Ἰωάννης</span> <span class='ocrx_word' id='word_1_706' title='bbox 2881 4808 2910 4860; x_wconf 86' lang='grc' dir='ltr'><strong>ὁ</strong></span> <span class='ocrx_word' id='word_1_707' title='bbox 2937 4804 3268 4874; x_wconf 81' lang='grc' dir='ltr'>καλούμενος</span> <span class='ocrx_word' id='word_1_708' title='bbox 3319 4801 3542 4872; x_wconf 79' lang='grc' dir='ltr'>Μάρκος</span> <span class='ocrx_word' id='word_1_709' title='bbox 3583 4793 3654 4869; x_wconf 74' lang='grc' dir='ltr'><strong>ἦν</strong></span> 
     </span>
    </p>
   </div>
   <div class='ocr_carea' id='block_1_99' title="bbox 2085 4891 3652 4974">
    <p class='ocr_par' dir='ltr' id='par_1_99' title="bbox 2085 4891 3652 4974">
     <span class='ocr_line' id='line_1_99' title="bbox 2085 4891 3652 4974; baseline -0.011 -13"><span class='ocrx_word' id='word_1_710' title='bbox 2085 4903 2482 4974; x_wconf 85' lang='grc' dir='ltr'>συνοδοιπορῶν</span> <span class='ocrx_word' id='word_1_711' title='bbox 2536 4900 2718 4964; x_wconf 83' lang='grc' dir='ltr'>αὐτοῖς</span> <span class='ocrx_word' id='word_1_712' title='bbox 2768 4902 2847 4963; x_wconf 88' lang='grc' dir='ltr'><strong>είς</strong></span> <span class='ocrx_word' id='word_1_713' title='bbox 2897 4898 2991 4952; x_wconf 81' lang='grc' dir='ltr'><strong>τὸν</strong></span> <span class='ocrx_word' id='word_1_714' title='bbox 3050 4893 3400 4964; x_wconf 76' lang='grc' dir='ltr'>εὐαγγελικὸν</span> <span class='ocrx_word' id='word_1_715' title='bbox 3453 4891 3652 4963; x_wconf 84' lang='grc' dir='ltr'>δρόμον</span> 
     </span>
    </p>
   </div>
   <div class='ocr_carea' id='block_1_100' title="bbox 2085 4983 3651 5064">
    <p class='ocr_par' dir='ltr' id='par_1_100' title="bbox 2085 4983 3651 5064">
     <span class='ocr_line' id='line_1_100' title="bbox 2085 4983 3651 5064; baseline -0.011 -12"><span class='ocrx_word' id='word_1_716' title='bbox 2085 4998 2195 5053; x_wconf 78' lang='grc' dir='ltr'><strong>ἀπὸ</strong></span> <span class='ocrx_word' id='word_1_717' title='bbox 2236 4994 2598 5064; x_wconf 85' lang='grc' dir='ltr'>Παλαιστίνης</span> <span class='ocrx_word' id='word_1_718' title='bbox 2657 4993 2817 5063; x_wconf 85' lang='grc' dir='ltr'>μέχρι</span> <span class='ocrx_word' id='word_1_719' title='bbox 2860 4991 3077 5061; x_wconf 82' lang='grc' dir='ltr'>Πέργης</span> <span class='ocrx_word' id='word_1_720' title='bbox 3129 4987 3230 5058; x_wconf 85' lang='grc' dir='ltr'>τῆς</span> <span class='ocrx_word' id='word_1_721' title='bbox 3285 4983 3651 5054; x_wconf 80' lang='grc' dir='ltr'>Παμφυλίαςο</span> 
     </span>
    </p>
   </div>
   <div class='ocr_carea' id='block_1_101' title="bbox 2086 5075 3649 5154">
    <p class='ocr_par' dir='ltr' id='par_1_101' title="bbox 2086 5075 3649 5154">
     <span class='ocr_line' id='line_1_101' title="bbox 2086 5075 3649 5154; baseline -0.01 -12"><span class='ocrx_word' id='word_1_722' title='bbox 2086 5085 2206 5142; x_wconf 81' lang='grc' dir='ltr'>εἶτα</span> <span class='ocrx_word' id='word_1_723' title='bbox 2229 5088 2336 5140; x_wconf 85' lang='grc' dir='ltr'>τῶν</span> <span class='ocrx_word' id='word_1_724' title='bbox 2366 5085 2678 5140; x_wconf 83' lang='grc' dir='ltr'>ἀποστόλων</span> <span class='ocrx_word' id='word_1_725' title='bbox 2708 5083 2908 5154; x_wconf 85' lang='grc' dir='ltr'>εὐτόνῳ</span> <span class='ocrx_word' id='word_1_726' title='bbox 2939 5079 3298 5151; x_wconf 82' lang='grc' dir='ltr'>κεχρημένων</span> <span class='ocrx_word' id='word_1_727' title='bbox 3325 5077 3402 5148; x_wconf 81' lang='grc' dir='ltr'>τῷ</span> <span class='ocrx_word' id='word_1_728' title='bbox 3444 5075 3649 5146; x_wconf 87' lang='grc' dir='ltr'>δρόμῳ,</span> 
     </span>
    </p>
   </div>
   <div class='ocr_carea' id='block_1_102' title="bbox 2086 5166 3651 5251">
    <p class='ocr_par' dir='ltr' id='par_1_102' title="bbox 2086 5166 3651 5251">
     <span class='ocr_line' id='line_1_102' title="bbox 2086 5166 3651 5251; baseline -0.012 -14"><span class='ocrx_word' id='word_1_729' title='bbox 2086 5182 2448 5250; x_wconf 82' lang='grc' dir='ltr'>κα“ιάκαμπεῖ</span> <span class='ocrx_word' id='word_1_730' title='bbox 2476 5182 2543 5251; x_wconf 79' lang='grc' dir='ltr'><strong>τῇ</strong></span> <span class='ocrx_word' id='word_1_731' title='bbox 2571 5179 2714 5250; x_wconf 79' lang='grc' dir='ltr'>ψυχῇ</span> <span class='ocrx_word' id='word_1_732' title='bbox 2755 5177 2890 5246; x_wconf 77' lang='grc' dir='ltr'>πρὸς</span> <span class='ocrx_word' id='word_1_733' title='bbox 2935 5175 3060 5237; x_wconf 84' lang='grc' dir='ltr'>τοὺς</span> <span class='ocrx_word' id='word_1_734' title='bbox 3108 5171 3325 5241; x_wconf 83' lang='grc' dir='ltr'>ἀγῶνας</span> <span class='ocrx_word' id='word_1_735' title='bbox 3363 5166 3651 5236; x_wconf 77' lang='grc' dir='ltr'>ὁπλιζομέ-</span> 
     </span>
    </p>
   </div>
   <div class='ocr_carea' id='block_1_103' title="bbox 2087 5260 3654 5342">
    <p class='ocr_par' dir='ltr' id='par_1_103' title="bbox 2087 5260 3654 5342">
     <span class='ocr_line' id='line_1_103' title="bbox 2087 5260 3654 5342; baseline -0.011 -15"><span class='ocrx_word' id='word_1_736' title='bbox 2087 5290 2214 5336; x_wconf 89' lang='grc' dir='ltr'>νων,</span> <span class='ocrx_word' id='word_1_737' title='bbox 2247 5271 2492 5342; x_wconf 83' lang='grc' dir='ltr'>Μάρκος,</span> <span class='ocrx_word' id='word_1_738' title='bbox 2532 5270 2608 5332; x_wconf 83' lang='grc' dir='ltr'><strong>ὡς</strong></span> <span class='ocrx_word' id='word_1_739' title='bbox 2637 5269 2921 5339; x_wconf 80' lang='grc' dir='ltr'>ἄνθρωπος</span> <span class='ocrx_word' id='word_1_740' title='bbox 2942 5266 3241 5338; x_wconf 82' lang='grc' dir='ltr'>ναρκήσας,</span> <span class='ocrx_word' id='word_1_741' title='bbox 3263 5263 3357 5317; x_wconf 83' lang='grc' dir='ltr'>καὶ</span> <span class='ocrx_word' id='word_1_742' title='bbox 3391 5261 3465 5333; x_wconf 82' lang='grc' dir='ltr'>μὴ</span> <span class='ocrx_word' id='word_1_743' title='bbox 3503 5260 3654 5313; x_wconf 76' lang='grc' dir='ltr'>εὐτο-</span> 
     </span>
    </p>
   </div>
   <div class='ocr_carea' id='block_1_104' title="bbox 2087 5352 3650 5434">
    <p class='ocr_par' dir='ltr' id='par_1_104' title="bbox 2087 5352 3650 5434">
     <span class='ocr_line' id='line_1_104' title="bbox 2087 5352 3650 5434; baseline -0.01 -14"><span class='ocrx_word' id='word_1_744' title='bbox 2087 5366 2194 5420; x_wconf 84' lang='grc' dir='ltr'>νῶν</span> <span class='ocrx_word' id='word_1_745' title='bbox 2228 5365 2363 5434; x_wconf 78' lang='grc' dir='ltr'>πρὸς</span> <span class='ocrx_word' id='word_1_746' title='bbox 2390 5361 2482 5416; x_wconf 75' lang='grc' dir='ltr'>τὸν</span> <span class='ocrx_word' id='word_1_747' title='bbox 2513 5361 2713 5432; x_wconf 87' lang='grc' dir='ltr'>δρόμον</span> <span class='ocrx_word' id='word_1_748' title='bbox 2757 5361 2846 5414; x_wconf 76' lang='grc' dir='ltr'>τὸν</span> <span class='ocrx_word' id='word_1_749' title='bbox 2873 5358 3124 5415; x_wconf 80' lang='grc' dir='ltr'>τοσοῦτον</span> <span class='ocrx_word' id='word_1_750' title='bbox 3142 5358 3236 5413; x_wconf 71' lang='lat' dir='ltr'><strong>atat</strong></span> <span class='ocrx_word' id='word_1_751' title='bbox 3269 5355 3404 5428; x_wconf 79' lang='grc' dir='ltr'>πρὸς</span> <span class='ocrx_word' id='word_1_752' title='bbox 3429 5354 3556 5417; x_wconf 81' lang='grc' dir='ltr'>τοὺς</span> <span class='ocrx_word' id='word_1_753' title='bbox 3593 5352 3650 5404; x_wconf 74' lang='grc' dir='ltr'>ἑν</span> 
     </span>
    </p>
   </div>
   <div class='ocr_carea' id='block_1_105' title="bbox 1596 5533 2494 5597">
    <p class='ocr_par' dir='ltr' id='par_1_105' title="bbox 1596 5533 2494 5597">
     <span class='ocr_line' id='line_1_105' title="bbox 1596 5533 2494 5597; baseline -0.004 -3"><span class='ocrx_word' id='word_1_754' title='bbox 1596 5535 1799 5597; x_wconf 64' lang='lat' dir='ltr'><strong>Variae</strong></span> <span class='ocrx_word' id='word_1_755' title='bbox 1842 5533 2151 5597; x_wconf 86' lang='lat' dir='ltr'><strong>lectiones</strong></span> <span class='ocrx_word' id='word_1_756' title='bbox 2198 5539 2260 5594; x_wconf 89' lang='lat' dir='ltr'><strong>et</strong></span> <span class='ocrx_word' id='word_1_757' title='bbox 2305 5538 2494 5592; x_wconf 80' lang='lat' dir='ltr'><strong>notae.</strong></span> 
     </span>
    </p>
   </div>
   <div class='ocr_carea' id='block_1_106' title="bbox 478 5689 1972 5800">
    <p class='ocr_par' dir='ltr' id='par_1_106' title="bbox 478 5703 1972 5800">
     <span class='ocr_line' id='line_1_106' title="bbox 478 5703 1972 5800; baseline -0.002 -44"><span class='ocrx_word' id='word_1_758' title='bbox 478 5705 523 5735; x_wconf 76' lang='lat'>“</span> <span class='ocrx_word' id='word_1_759' title='bbox 549 5704 612 5800; x_wconf 52' lang='lat' dir='ltr'><strong>In</strong></span> <span class='ocrx_word' id='word_1_760' title='bbox 629 5703 838 5800; x_wconf 50' lang='lat' dir='ltr'><strong>vulgato</strong></span> <span class='ocrx_word' id='word_1_761' title='bbox 860 5715 956 5766; x_wconf 86' lang='lat' dir='ltr'><strong>cst.</strong></span> <span class='ocrx_word' id='word_1_762' title='bbox 974 5703 1260 5800; x_wconf 44' lang='grc' dir='ltr'>ἐπέλκερεν.</span> <span class='ocrx_word' id='word_1_763' title='bbox 1300 5775 1312 5800; x_wconf 52' lang='grc'><strong><em>1</em></strong></span> <span class='ocrx_word' id='word_1_764' title='bbox 1338 5706 1382 5738; x_wconf 68' lang='grc'><strong>⁸⁸</strong></span> <span class='ocrx_word' id='word_1_765' title='bbox 1408 5703 1466 5758; x_wconf 87' lang='lat' dir='ltr'><strong>lu</strong></span> <span class='ocrx_word' id='word_1_766' title='bbox 1492 5706 1701 5772; x_wconf 79' lang='lat' dir='ltr'><strong>vulgato</strong></span> <span class='ocrx_word' id='word_1_767' title='bbox 1722 5713 1815 5766; x_wconf 83' lang='lat' dir='ltr'><strong>est,</strong></span> <span class='ocrx_word' id='word_1_768' title='bbox 1841 5703 1972 5800; x_wconf 66' lang='grc' dir='ltr'>ἐκπλ</span> 
     </span>
     <span class='ocr_line' id='line_1_107' title="bbox 478 5774 1964 5800; baseline 0 0"><span class='ocrx_word' id='word_1_769' title='bbox 478 5774 542 5800; x_wconf 71' lang='grc' dir='ltr'>ἰ-</span> <span class='ocrx_word' id='word_1_770' title='bbox 582 5789 717 5800; x_wconf 59' lang='grc' dir='ltr'><strong>--ιιι</strong></span> <span class='ocrx_word' id='word_1_771' title='bbox 741 5789 815 5800; x_wconf 74' lang='grc' dir='ltr'>ιιι...</span> <span class='ocrx_word' id='word_1_772' title='bbox 865 5784 972 5800; x_wconf 70' lang='grc' dir='ltr'><strong>-.η-ι</strong></span> <span class='ocrx_word' id='word_1_773' title='bbox 1096 5777 1114 5800; x_wconf 87' lang='grc'><strong>’1</strong></span> <span class='ocrx_word' id='word_1_774' title='bbox 1175 5791 1203 5800; x_wconf 61' lang='grc' dir='ltr'><strong>,Α</strong></span> <span class='ocrx_word' id='word_1_775' title='bbox 1228 5791 1287 5800; x_wconf 76' lang='grc' dir='ltr'><em>ι...</em></span> <span class='ocrx_word' id='word_1_776' title='bbox 1322 5786 1434 5800; x_wconf 65' lang='grc' dir='ltr'><strong>..η-ιη</strong></span> <span class='ocrx_word' id='word_1_777' title='bbox 1483 5792 1580 5800; x_wconf 67' lang='grc' dir='ltr'><strong>-.-η</strong></span> <span class='ocrx_word' id='word_1_778' title='bbox 1620 5783 1688 5800; x_wconf 74' lang='grc' dir='ltr'>...ιο</span> <span class='ocrx_word' id='word_1_779' title='bbox 1738 5775 1835 5800; x_wconf 64' lang='grc' dir='ltr'><strong>ἒηι..</strong></span> <span class='ocrx_word' id='word_1_780' title='bbox 1871 5793 1882 5800; x_wconf 89' lang='grc'><strong><em>,</em></strong></span> <span class='ocrx_word' id='word_1_781' title='bbox 1909 5775 1964 5800; x_wconf 63' lang='grc' dir='ltr'><em>ἔ...</em></span> 
     </span>
    </p>
   </div>
   <div class='ocr_carea' id='block_1_107' title="bbox 2076 5689 3648 5800">
    <p class='ocr_par' dir='ltr' id='par_1_107' title="bbox 2076 5689 3648 5800">
     <span class='ocr_line' id='line_1_108' title="bbox 2076 5689 3648 5799; baseline -0.008 -46"><span class='ocrx_word' id='word_1_782' title='bbox 2076 5701 2280 5770; x_wconf 73' lang='grc' dir='ltr'>ςόμενος</span> <span class='ocrx_word' id='word_1_783' title='bbox 2302 5698 2393 5751; x_wconf 82' lang='grc' dir='ltr'><strong>ἐπὶ</strong></span> <span class='ocrx_word' id='word_1_784' title='bbox 2417 5700 2482 5767; x_wconf 80' lang='grc' dir='ltr'><strong>τῇ</strong></span> <span class='ocrx_word' id='word_1_785' title='bbox 2502 5697 2691 5799; x_wconf 51' lang='grc' dir='ltr'>διδαξῇ</span> <span class='ocrx_word' id='word_1_786' title='bbox 2721 5694 2811 5748; x_wconf 83' lang='grc' dir='ltr'><strong>τοῦ</strong></span> <span class='ocrx_word' id='word_1_787' title='bbox 2834 5693 3059 5765; x_wconf 64' lang='grc' dir='ltr'>Κυρίου.</span> <span class='ocrx_word' id='word_1_788' title='bbox 3139 5693 3182 5725; x_wconf 80' lang='grc'>⁸⁸</span> <span class='ocrx_word' id='word_1_789' title='bbox 3213 5691 3301 5744; x_wconf 84' lang='grc' dir='ltr'>ἵσ.</span> <span class='ocrx_word' id='word_1_790' title='bbox 3358 5689 3648 5761; x_wconf 73' lang='grc' dir='ltr'>κτήσηται.</span> 
     </span>
     <span class='ocr_line' id='line_1_109' title="bbox 2085 5759 3406 5800; baseline 0 0"><span class='ocrx_word' id='word_1_791' title='bbox 2085 5773 2129 5800; x_wconf 81' lang='lat'><strong>:..</strong></span> <span class='ocrx_word' id='word_1_792' title='bbox 2154 5779 2264 5800; x_wconf 67' lang='grc' dir='ltr'>...ην</span> <span class='ocrx_word' id='word_1_793' title='bbox 2313 5769 2528 5800; x_wconf 59' lang='grc' dir='ltr'>πλην...</span> <span class='ocrx_word' id='word_1_794' title='bbox 2613 5769 2633 5800; x_wconf 77' lang='lat' dir='ltr'><strong>c</strong></span> <span class='ocrx_word' id='word_1_795' title='bbox 2695 5765 2754 5800; x_wconf 81' lang='grc'><strong>1..</strong></span> <span class='ocrx_word' id='word_1_796' title='bbox 2780 5765 2991 5800; x_wconf 66' lang='lat' dir='ltr'><strong>«ulnam</strong></span> <span class='ocrx_word' id='word_1_797' title='bbox 3019 5772 3091 5800; x_wconf 69' lang='grc' dir='ltr'><strong>ρει</strong></span> <span class='ocrx_word' id='word_1_798' title='bbox 3138 5759 3406 5800; x_wconf 32' lang='grc' dir='ltr'><strong>Πισιδῖημ-</strong></span> 
     </span>
    </p>
   </div>
   <div class='ocr_carea' id='block_1_108' title="bbox 407 5769 1972 5845">
    <p class='ocr_par' dir='ltr' id='par_1_108' title="bbox 407 5769 1964 5845">
     <span class='ocr_line' id='line_1_110' title="bbox 407 5769 1964 5845; baseline 0 -19"><span class='ocrx_word' id='word_1_799' title='bbox 407 5769 836 5841; x_wconf 42' lang='lat' dir='ltr'><strong>“(inexperti/1v,</strong></span> <span class='ocrx_word' id='word_1_800' title='bbox 861 5784 997 5828; x_wconf 86' lang='lat' dir='ltr'><strong>erat.</strong></span> <span class='ocrx_word' id='word_1_801' title='bbox 1070 5775 1114 5806; x_wconf 80' lang='grc'>⁸⁷</span> <span class='ocrx_word' id='word_1_802' title='bbox 1142 5776 1204 5826; x_wconf 89' lang='lat' dir='ltr'><strong>In</strong></span> <span class='ocrx_word' id='word_1_803' title='bbox 1227 5775 1436 5845; x_wconf 75' lang='lat' dir='ltr'><strong>vulgato</strong></span> <span class='ocrx_word' id='word_1_804' title='bbox 1483 5769 1590 5828; x_wconf 72' lang='lat' dir='ltr'><strong>nou</strong></span> <span class='ocrx_word' id='word_1_805' title='bbox 1613 5783 1688 5826; x_wconf 79' lang='lat' dir='ltr'><strong>est</strong></span> <span class='ocrx_word' id='word_1_806' title='bbox 1738 5775 1835 5827; x_wconf 78' lang='lat' dir='ltr'><strong>ista</strong></span> <span class='ocrx_word' id='word_1_807' title='bbox 1867 5775 1964 5828; x_wconf 76' lang='lat' dir='ltr'><strong>(list</strong></span> 
     </span>
    </p>
   </div>
   <div class='ocr_carea' id='block_1_109' title="bbox 2076 5769 2552 5845">
    <p class='ocr_par' dir='ltr' id='par_1_109' title="bbox 2083 5769 2552 5839">
     <span class='ocr_line' id='line_1_111' title="bbox 2083 5769 2552 5839; baseline -0.002 -14"><span class='ocrx_word' id='word_1_808' title='bbox 2083 5769 2132 5825; x_wconf 77' lang='lat' dir='ltr'><strong>io</strong></span> <span class='ocrx_word' id='word_1_809' title='bbox 2154 5779 2287 5839; x_wconf 83' lang='lat' dir='ltr'><strong>post,</strong></span> <span class='ocrx_word' id='word_1_810' title='bbox 2313 5769 2552 5838; x_wconf 78' lang='grc' dir='ltr'>Πέργης.</span> 
     </span>
    </p>
   </div>
   <div class='ocr_carea' id='block_1_110' title="bbox 2688 5759 3408 5835">
    <p class='ocr_par' dir='ltr' id='par_1_110' title="bbox 2688 5759 3408 5835">
     <span class='ocr_line' id='line_1_112' title="bbox 2688 5759 3408 5835; baseline -0.013 -15"><span class='ocrx_word' id='word_1_811' title='bbox 2688 5759 2754 5820; x_wconf 77' lang='lat' dir='ltr'><strong>In</strong></span> <span class='ocrx_word' id='word_1_812' title='bbox 2780 5759 2991 5835; x_wconf 73' lang='lat' dir='ltr'><strong>vulgato</strong></span> <span class='ocrx_word' id='word_1_813' title='bbox 3019 5772 3112 5827; x_wconf 78' lang='lat' dir='ltr'><strong>est,</strong></span> <span class='ocrx_word' id='word_1_814' title='bbox 3138 5759 3408 5824; x_wconf 82' lang='grc' dir='ltr'>Πισιδίας.</span> 
     </span>
    </p>
   </div>
  </div>
