4116 6216
373 271 481 334 695

1290 281 1861 344 TIIEOPHYLALTt
1906 285 2324 347 BULGALUAS
2350 286 2711 357 ARCJIIEI’.

3522 295 3626 358 (9’5

373 392 464 436 tos
509 390 624 436 crat
665 382 936 440 Christus.
982 387 1382 450 ,‘A'nimadverte
1419 400 1598 446 autem
1633 392 1795 447 etiam
1825 391 1956 446 Bar-

2063 397 2260 467 ροῦντα
2309 398 2390 469 τῷ
2439 399 2656 472 Παύλῳ,
2711 400 2900 473 ὥσπερ
2943 403 3037 458 καὶ
3079 403 3272 475 Πέτρῳ
3308 406 3336 458 ὁ
3377 404 3629 474 Ἰωάννης

377 475 556 528 nnban
596 475 790 530 cedere
839 476 1028 539 Paulo,
1081 479 1558 549 (quemadmodum
1597 483 1760 537 etiam
1796 483 1954 538 Retro

372 567 610 624 Joannes
640 569 839 639 ubique
873 570 1054 640 cedit)
1083 586 1390 642 quanquam
1418 575 1786 632 venerabilior
1810 584 1951 644 erat,

360 675 536 727 quam
570 659 658 715 ille
680 675 693 712 :
718 675 908 715 verum
933 677 1277 718 communem
1297 665 1582 722 utilitatem
1616 669 1950 738 spectabant.

375 751 514 805 Deus
550 750 730 820 populi
751 751 908 821 hujus
941 752 1096 824 elegit
1126 764 1302 824 patres
1337 769 1560 814 nostros.
1591 759 1951 831 Antiquarum

373 841 600 910 repetita
631 842 891 898 memoria
919 860 1099 899 rerum
1130 847 1367 904 ostendit
1408 865 1599 923 magna
1633 866 1752 908 esse
1783 853 1952 908 bene-

374 933 514 999 ﬁcia,
551 947 672 1002 qua:
719 934 862 989 Deus
905 937 1198 993 contulerit
1229 938 1283 993 in
1319 940 1459 1005 illos,
1497 931 1952 1012 quemadmodum

373 1024 537 1078 etiam
571 1024 884 1094 Stephanus
912 1025 1062 1083 facit.
1111 1028 1317 1086 Nactus
1351 1045 1467 1086 sunt
1500 1033 1752 1088 Davidem
1781 1035 1955 1104 ﬁlium

371 1114 573 1182 Jesswi,
613 1117 783 1169 virum
834 1118 928 1186 qui
971 1120 1103 1174 mihi
1141 1123 1286 1175 cordi
1342 1131 1437 1177 est.
1490 1122 1794 1180 Notandum
1843 1143 1954 1183 non

373 1208 490 1274 ipso
533 1217 790 1262 contextu
821 1209 1120 1264 dictionum
1152 1213 1266 1268 hac
1299 1213 1459 1269 verba
1486 1224 1695 1271 exstare
1736 1217 1790 1272 in
1818 1218 1955 1274 libro

373 1297 598 1369 llcgum,
657 1302 752 1355 sed
811 1303 1152 1358 solummodo
1209 1306 1527 1374 prophetico
1575 1323 1724 1363 more
1757 1310 1825 1364 ab
1867 1310 1954 1365 di-

373 1386 498 1441 vino
539 1387 790 1445 Samuele
817 1390 959 1446 dicta
994 1406 1117 1447 esse
1157 1393 1225 1448 ad
1255 1393 1472 1450 Saulem
1507 1413 1521 1450 :
1556 1395 1766 1461 Quaeret
1789 1401 1952 1466 enim,

373 1479 572 1548 inquit,
619 1480 722 1535 sibi
766 1481 1024 1539 Dominus
1062 1485 1346 1552 hominem,
1394 1489 1484 1557 qui
1533 1489 1633 1543 sibi
1663 1490 1807 1544 cordi
1858 1491 1949 1551 sit.

372 1581 420 1625 ct
461 1573 730 1626 mandabit
767 1575 814 1628 ei
841 1575 1118 1643 Dominus,
1158 1587 1216 1631 ut
1239 1582 1415 1647 praesit
1441 1581 1633 1650 populo
1655 1599 1790 1638 suo:
1828 1585 1954 1654 quia

373 1680 476 1718 non
515 1668 738 1719 servasti
767 1676 815 1720 et
841 1679 1114 1724 exsecutus
1154 1686 1206 1724 es
1246 1686 1566 1742 quacunque
1610 1673 1958 1729 mandaverat

372 1759 468 1812 tibi
494 1757 745 1812 Dominus
773 1759 840 1814 ⁸⁸.
882 1759 1021 1814 Hinc
1055 1759 1256 1817 Paulus
1291 1763 1473 1832 posuit
1518 1782 1532 1818 :
1576 1764 1761 1820 Inveni
1800 1766 1958 1820 Davi-
1988 1747 2030 1807 Β

373 1849 490 1902 dem
529 1850 698 1919 ﬁlium
743 1849 946 1916 Jesstei,
997 1851 1167 1906 virum
1209 1853 1298 1922 qui
1333 1855 1460 1908 mihi
1503 1856 1646 1910 cordi
1675 1865 1770 1912 est.
1801 1857 1957 1924 Quod

375 1950 555 1997 autem
581 1941 715 1998 dixit
749 1961 763 1998 :
796 1943 902 1997 Viri
928 1943 1144 2012 fratres,
1174 1945 1221 1999 si
1254 1961 1413 2015 quam
1435 1925 1638 2003 habelis
1663 1950 1957 2004 orationem

373 2033 537 2102 plebis
568 2033 900 2103 appellanda
932 2045 980 2088 et
1006 2035 1356 2091 adhortando:
1388 2053 1555 2092 causa
1588 2041 1956 2109 compositam,
1989 2065 2006 2077 ί

373 2124 556 2192 dicite,
585 2125 634 2179 id
664 2134 748 2180 est
778 2125 1111 2194 huiusmodi.
1150 2125 1263 2181 Mos
1291 2137 1408 2184 erat
1429 2128 1631 2186 Judmis
1665 2131 1720 2186 in
1752 2131 1959 2188 Sabba-

377 2217 447 2272 tis
481 2217 711 2272 recitare
757 2216 939 2288 legem.
983 2216 1180 2288 Moysis
1223 2229 1278 2274 et
1321 2203 1616 2290 propbeias
1655 2238 1672 2275 :
1725 2237 1789 2278 ac
1837 2231 1961 2293 post

377 2323 565 2362 eorum
615 2308 987 2364 recitationem
1038 2309 1240 2380 alloqui
1297 2311 1509 2380 plebem
1554 2321 1610 2367 et
1663 2313 1957 2383 explicare.

378 2399 741 2466 Quamobrem
777 2400 940 2456 etiam
977 2399 1056 2455 illi
1087 2401 1379 2457 hortantur
1411 2401 1637 2458 Paulum
1664 2413 1721 2459 et
1759 2403 1961 2459 Barna-

377 2493 500 2547 bam
550 2493 618 2550 ad
670 2494 1055 2564 proferendum
1129 2495 1329 2561 verba,
1385 2493 1585 2567 quibus
1629 2507 1959 2555 conventum

382 2587 756 2641 admonerent.
804 2585 978 2655 Hujus
1010 2602 1074 2651 ex
1103 2592 1301 2642 semine
1328 2588 1490 2656 Deus,
1519 2591 1960 2660 quemadmodum

383 2678 716 2748 promiserat,
740 2680 919 2733 eduxit
954 2679 1141 2734 Israeli
1168 2679 1520 2736 Servatorem.
1553 2683 1716 2740 Valde
1741 2684 1961 2742 deside-

383 2774 550 2829 rabile
586 2784 704 2833 erat
749 2775 861 2831 illis
891 2791 1089 2832 nomen
1125 2777 1367 2835 Davidis.
1405 2776 1578 2849 Hujus
1608 2779 1686 2835 rei
1713 2782 1883 2852 gratia
1928 2796 1958 2836 a

381 2869 551 2937 stirpe
609 2868 752 2924 illius
785 2869 860 2925 ait
908 2881 1193 2941 regnatum
1249 2872 1338 2928 iri.
1381 2871 1510 2928 Cum
1555 2883 1677 2929 ante
1726 2874 1957 2931 Joannes

381 2958 714 3023 pradicasset
771 2970 894 3016 ante
927 2962 1121 3031 [aciem
1168 2964 1416 3016 introitus
1470 2963 1604 3033 ejus.
1664 2963 1955 3020 lntroitum

381 3058 562 3103 autem
583 3050 1016 3107 incarnationem
1046 3053 1197 3108 dicit.

455 3143 620 3198 Vens.
664 3143 758 3198 25.
789 3143 920 3198 Cum
943 3154 1120 3197 autent
1159 3143 1393 3198 Joannes
1419 3160 1630 3198 cursum
1660 3146 1957 3214 conficeret,

382 3234 586 3290 dicebat
617 3249 637 3288 :
668 3232 958 3299 Quemnam
989 3249 1070 3287 me
1095 3250 1212 3289 esse
1231 3234 1606 3304 suspicamini?
1637 3233 1749 3306 Ego
1784 3238 1828 3290 is
1860 3253 1964 3291 non

383 3344 501 3382 sum
533 3343 550 3381 :
585 3325 676 3380 sed
709 3339 822 3378 ecce
852 3323 987 3376 venit
1011 3333 1125 3393 post
1158 3341 1258 3388 me,
1298 3323 1450 3392 cujus
1486 3328 1592 3378 non
1629 3331 1749 3379 sum
1775 3325 1962 3396 dignus

383 3419 473 3482 qui
501 3416 704 3472 solvam
728 3414 1136 3469 calceamentum
1162 3415 1375 3485 pedum.

457 3509 620 3564 Vsus.
649 3508 739 3562 26.
775 3507 885 3563 Viri
909 3507 1120 3578 fratres,
1146 3508 1338 3575 posteri
1361 3507 1564 3578 generis
1587 3508 1894 3572 Abrahami,
1915 3517 1965 3564 ct

385 3605 475 3673 qui
503 3603 640 3656 inter
667 3616 754 3655 vos
789 3598 958 3654 Deum
980 3599 1182 3666 timent,
1213 3600 1354 3654 vobis
1390 3600 1598 3656 verbum
1631 3600 1819 3655 salutis
1865 3602 1963 3654 hu-

381 3703 471 3766 I’as
509 3697 726 3750 missum
759 3704 854 3749 est.

458 3787 620 3842 Vens.
663 3786 754 3840 27.
792 3785 932 3841 Ναηι
981 3790 1072 3858 qui
1113 3785 1424 3841 habitabant
1463 3786 1525 3839 in
1561 3783 1877 3849 Jerusalem,
1917 3794 1967 3840 ct

385 3877 647 3946 principes
675 3894 878 3946 eorum,
895 3879 1049 3934 illum
1073 3880 1372 3950 ignorantes
1396 3876 1813 3948 quisnamiessct,
1847 3892 1967 3931 cum

383 3987 530 4026 voces
574 3971 985 4040 prophetarum,
1029 3987 1147 4043 qua:
1183 3971 1328 4026 omni
1368 3968 1598 4025 Sabban
1656 3970 1965 4035 recitantur;

381 4063 581 4133 judicio
607 4079 702 4118 suo
733 4063 1158 4133 comprobarunt,

463 4155 622 4226 109
655 4153 822 4212 Vens.
851 4155 941 4211 28.
976 4155 1103 4210 Tum
1143 4156 1292 4212 nulla
1325 4172 1488 4211 causa
1521 4157 1704 4212 mortis
1736 4159 1966 4222 inventa,

382 4249 640 4316 petierunt
666 4264 698 4300 a
725 4245 900 4302 Pilato
924 4259 981 4302 ut
1014 4247 1303 4304 tolleretur.

458 4336 618 4393 Vens.
652 4338 743 4394 29.
780 4339 841 4396 Ut
867 4349 1039 4394 autem
1083 4343 1409 4411 perfecerunt
1451 4341 1630 4394 omnia
1663 4356 1780 4412 quae
1819 4345 1883 4396 de
1909 4357 1968 4395 eo

2059 491 2359 560 πανταχοῦ,
2416 493 2595 546 καίτοι
2653 493 2823 549 αὑτοῦ
2882 495 3305 566 αἰδεσιμώτερος
3355 491 3460 557 ἦν·
3493 497 3626 551 ἀλλὰ

2057 585 2192 652 πρὸς
2225 582 2286 636 τὸ
2323 587 2476 654 κοινῇ
2518 586 2798 655 συμφέρον
2830 584 3038 656 ἐώρων.
3079 586 3142 640 '0
3166 585 3308 652 Θεὸς
3337 586 3443 640 τοῦ
3471 586 3626 640 λαοῦ

2055 676 2272 729 τούτου
2305 675 2624 742 ἐξελέξατο
2653 677 2794 744 τοὺς
2844 675 3106 745 πατέρας
3151 676 3338 748 ἡμῶν.
3387 678 3628 730 Ἀνωοεν

2054 768 2294 823 δείκνυσι
2349 770 2446 834 τάς
2489 771 2808 842 εὐεργεσίας
2860 770 2954 824 τοῦ
2986 769 3121 823 Θεοῦ
3151 768 3624 840 μεγάλαςρῦσας,

2056 858 2309 930 καθάπερ
2339 860 2435 914 καὶ
2464 859 2736 928 Στέφανος
2761 861 2924 913 ποιεῖ.
2954 855 3154 927 Εὗρον
3179 859 3360 913 Δαυῒδ
3382 858 3484 912 τὸν
3520 857 3625 912 τοῦ

2069 951 2318 1016 Ἰεσσαὶ,
2337 951 2526 1019 ἄνδρα
2546 951 2696 1006 κατὰ
2712 951 2827 1020 τὴν
2843 951 3098 1020 καρδίαν
3113 969 3254 1022 μου.
3279 951 3354 1020 Ση
3364 949 3628 1020 μειωτέον

2055 1044 2137 1098 ὅτι
2171 1043 2270 1097 οὐκ
2307 1043 2445 1114 αὐτῇ
2477 1042 2620 1109 λέξει
2665 1042 2838 1098 ταῦτα
2866 1045 2937 1098 τά
2969 1043 3190 1115 ῥήματα
3235 1044 3446 1096 κεῖνται
3467 1042 3526 1095 ὲν
3557 1043 3626 1110 τῇ

2057 1138 2224 1210 βίϐλῳ
2253 1138 2361 1195 τῶν
2391 1137 2711 1205 Βασιλειῶν,
2742 1138 2777 1209 ἦ
2826 1138 2986 1209 μόνον
3021 1135 3374 1207 προφητικῶς
3400 1135 3507 1188 ὑπὸ
3532 1133 3627 1187 τοῦ

2057 1234 2202 1288 θείου
2237 1235 2491 1304 Σαμουὴλ
2519 1234 2789 1304 εἰρημένα
2815 1232 2952 1302 πρὸς
2995 1230 3088 1286 τὸν
3133 1229 3337 1284 Σαούλ.
3367 1227 3627 1295 Ζητήσει

2055 1325 2183 1396 γὰρ’
2237 1324 2394 1394 φησὶ.
2433 1324 2645 1392 Κύριος
2696 1321 2889 1388 ἐαυτῷ
2955 1322 3268 1389 ἄνθρωπον
3306 1317 3456 1373 κατὰ
3513 1315 3628 1383 τὴν

2055 1417 2308 1487 καρδίαν
2333 1416 2542 1481 αὑτοῦ,
2569 1415 2670 1470 καὶ
2706 1414 3031 1470 ἐντελεῖται
3083 1412 3244 1478 αὐτῷ
3275 1412 3495 1480 Κύριος
3541 1411 3631 1476 εις

2055 1509 2319 1577 ἄρχοντα
2355 1508 2454 1561 ἐπὶ
2479 1509 2585 1563 τὸν
2606 1505 2761 1562 λαὸν
2787 1505 2975 1561 αὐτοῦ
3006 1521 3020 1536 ⁶
3053 1505 3142 1559 ὅτι
3178 1505 3290 1559 οὐκ
3317 1500 3630 1572 ἐφύλαξας

2058 1600 2175 1654 ὅσα
2207 1598 2544 1653 ἐνετείλατό
2594 1612 2696 1652 σοι
2740 1598 2975 1666 Κύριος.
3021 1593 3303 1650 Ἐντεῦθεν
3347 1595 3375 1646 ὁ
3418 1590 3632 1654 Παῦλος

2055 1686 2269 1740 τέθεικε
2306 1686 2385 1750 τὸ,
2415 1682 2607 1754 Εὗρον
2636 1684 2816 1741 Δαυτδ
2845 1685 2955 1739 τὸν
3002 1684 3109 1738 τοῦ
3161 1681 3410 1748 Ἰεσσαὶ,
3442 1679 3632 1747 ἄνδρα

2061 1778 2212 1833 κατὰ
2233 1777 2346 1846 τὴν
2367 1778 2619 1845 καρδίαν
2635 1794 2775 1847 μου.
2802 1776 2876 1830 Τὸ
2897 1776 2955 1829 δὲ
2977 1776 3172 1840 εἰπεῖν,
3194 1773 3436 1842 Ἄνδρες
3456 1772 3632 1828 ἀδελ-

2059 1869 2185 1938 φοὶ,
2238 1870 2291 1922 ει
2316 1867 2449 1921 ἔστι
2495 1869 2676 1936 λόγος
2704 1867 2774 1920 ἐν
2797 1866 2942 1936 ὑμῖν
2971 1863 3407 1934 παρακλήσεως
3479 1863 3630 1931 πρὸς

2059 1962 2168 2015 τὸν
2213 1962 2369 2015 λαὸν
2416 1961 2645 2031 λέγετε,
2700 1960 2860 2015 τοῦτο
2894 1955 2962 2032 ἦν
2991 1976 3006 1992 ο
3045 1957 3203 2022 Ἐθος
3241 1955 3311 2031 ἦν
3352 1959 3465 2020 τοῖς
3504 1958 3631 2010 Ἰου-

2057 2054 2229 2119 δαίοις
2285 2055 2346 2107 ἐν
2394 2056 2509 2117 τοῖς
2566 2053 2843 2108 Σάόσασιν
2891 2055 3289 2121 ἀναγινώσκειν
3335 2051 3428 2106 τὸν
3467 2051 3630 2120 νόμον

2059 2148 2341 2213 Mentissa);
2370 2149 2416 2182 ⁷⁵
2449 2148 2543 2203 κα).
2572 2149 2696 2211 τοὺς
2721 2149 3008 2219 προφήτας
3026 2163 3041 2178 ’
3091 2146 3185 2201 καὶ
3217 2145 3357 2216 μετά
3385 2143 3485 2215 τὴν
3505 2143 3631 2196 τού-

2059 2257 2168 2294 των
2188 2241 2516 2310 ἀνάγνωσιν,
2546 2241 2896 2313 προσομιλεῖν
2922 2241 3015 2294 καὶ
3043 2238 3380 2310 ἐξηγεῖσθαι.
3414 2236 3507 2289 Διὺ
3533 2235 3633 2288 καὶ

2060 2324 2206 2385 οὗτοι
2263 2332 2664 2402 προτρέπονται
2716 2332 2841 2395 τοὺς
2857 2331 2904 2364 ⁷⁸
2975 2331 3097 2400 περὶ
3144 2328 3354 2382 Παῦλον
3398 2324 3632 2395 λαλῆσαι

2062 2427 2131 2498 τῇ
2159 2425 2479 2496 Συναγωγῇ.
2521 2425 2740 2480 Τούτου
2768 2426 2802 2478 ό
2841 2422 2985 2490 Θεὸς
3013 2421 3131 2478 ἀπὸ
3159 2419 3266 2475 τοῦ
3293 2418 3636 2488 σπέρματος

2063 2520 2191 2572 κατ’
2219 2518 2588 2588 ἐπαγγελίαν
2623 2516 2811 2587 ἤγαγε
2830 2514 2911 2582 τῷ
2943 2514 3192 2584 Ἰσραὴλ
3220 2512 3524 2581 σωτηρίαν
3561 2510 3630 2562 ⁷⁷.

2063 2612 2212 2666 Πάνυ
2240 2609 2489 2666 ποθεινὸν
2505 2606 2574 2682 ἦν
2600 2611 2785 2674 αὐτοῖς
2809 2609 2871 2662 τὸ
2892 2607 2988 2661 τοῦ
3015 2605 3181 2660 Δασὶδ
3207 2605 3378 2674 ὄνομα
3394 2622 3408 2636 ο
3439 2601 3631 2656 τούτου

2061 2705 2220 2775 χάριν
2269 2702 2375 2756 ὑπὸ
2420 2701 2513 2756 τοῦ
2557 2700 2748 2765 παιδὸς
2828 2697 2995 2767 αὑτοῦ
3057 2694 3439 2771 βασιλεύεσθαί
3473 2708 3630 2764 φησι.

2061 2793 2560 2864 Προκηρύξαντος
2611 2791 2896 2848 Ἰωάννου
2949 2788 3063 2857 πρὸ
3125 2785 3448 2857 προσώπου
3521 2781 3634 2851 τῆς

2060 2889 2304 2945 εἰσόδου
2332 2887 2540 2944 αὐτοῦ.
2571 2886 2789 2942 Είσοδον
2810 2883 2869 2940 δὲ
2892 2884 2994 2956 τὴν
3030 2881 3307 2952 σάρκωσιν
3329 2879 3498 2949 λέγει.

2147 3144 2245 3208 Ὠς
2276 3141 2344 3195 δὲ
2364 3138 2636 3208 ἐπλήρου
2675 3136 2954 3206 Ἰωάννης
2995 3136 3104 3191 τὸν
3143 3134 3389 3205 δρόμον,
3425 3134 3632 3203 ἔλεγε.

2069 3237 2210 3290 Τίνα
2250 3249 2326 3303 με
2366 3229 2676 3288 ὑπονοεῖτε
2700 3229 2748 3263 ⁷⁸
2795 3230 2986 3293 sirm;
3011 3230 3136 3283 οὐκ
3163 3228 3280 3297 ειμι
3321 3227 3470 3296 έγώυ
3497 3225 3636 3280 ἀλλ’

2066 3326 2197 3380 loci)
2222 3325 2456 3394 ἔρχεται
2472 3322 2600 3393 μετ’
2634 3321 2760 3392 ἐμὲ,
2785 3315 2858 3378 οὗ
2886 3322 2999 3376 οὐκ
3025 3319 3142 3391 ειμι
3177 3319 3347 3386 ἄξιος
3381 3319 3449 3372 τὸ
3488 3318 3639 3373 ὑπόε-

2065 3418 2226 3488 δημα
2247 3415 2366 3471 τῶν
2383 3412 2585 3470 ποδῶν
2600 3413 2811 3469 λῦσαι.

2053 3503 2061 3508 ”
2149 3508 2400 3578 Ἄνδρες
2425 3503 2694 3576 ἀδελφοὶ,
2730 3501 2849 3560 υἱοὶ
2897 3503 3113 3574 γένους
3135 3500 3419 3570 Ἀϐραὰμ,
3457 3499 3553 3556 καὶ
3581 3501 3637 3554 ol

2066 3603 2136 3659 ἐν
2173 3600 2315 3672 ὑμῖν
2332 3599 2692 3670 φοϐούμενοι
2725 3597 2832 3650 τὸν
2858 3596 3025 3661 Θεὸν,
3053 3593 3196 3664 ὑμῖν
3231 3595 3264 3647 ὁ
3302 3591 3484 3662 λόγος
3528 3589 3639 3659 τῆς

2067 3697 2365 3767 σωτηρίας
2391 3694 2612 3762 ταύτης
2643 3691 2981 3760 ἀπεστάλη.

2137 3794 2203 3846 Ol
2237 3789 2347 3862 γὰρ
2380 3787 2804 3854 κατοικοῦντες
2852 3786 2923 3841 ἐν
2986 3782 3405 3854 Ἰερουσαλὴμ,
3461 3781 3640 3836 καῑοί

2068 3885 2359 3954 ἄρχοντες
2395 3879 2613 3946 αὐτῶν,
2660 3879 2879 3934 τοῦτον
2912 3875 3349 3948 ἀγνοήσαντες,
3403 3874 3503 3929 καὶ
3534 3872 3642 3937 τὰς

2069 3975 2272 4047 φωνὰς
2293 3972 2413 4027 τῶν
2446 3968 2791 4042 προφητῶν,
2829 3971 2936 4036 τὰς
2987 3969 3139 4022 κατὰ
3185 3965 3309 4024 πᾶν
3338 3964 3643 4021 Σάϐϐατον

2070 4068 2656 4142 ἀναγινωσκομένας,
2692 4064 3006 4134 κρίναντες
3026 4062 3410 4133 ἐπλήρωσανο

2140 4163 2249 4218 Καὶ
2281 4159 2584 4231 μηδεμίαν
2628 4157 2828 4212 αἰτίαν
2877 4153 3136 4211 θανάτου
3161 4154 3461 4222 εὑρόντες,
3493 4150 3636 4221 ﬁtti-

2071 4269 2262 4309 σαντο
2278 4250 2544 4306 Πιλᾶτον
2597 4247 2988 4316 ἀναιρεθῆναι
3007 4246 3216 4302 αὐτόν.

2150 4345 2249 4411 Ὠς
2285 4343 2354 4397 δὲ
2371 4341 2662 4396 ἐτέλεσαν
2689 4337 2888 4393 πάντα
2913 4340 2958 4372 ⁷⁸
3010 4339 3084 4393 τὰ
3107 4335 3241 4408 περὶ
3303 4335 3493 4392 αὑτοῦ
3545 4351 3636 4403 γε·

386 4431 585 4499 scripta
614 4441 786 4496 erant,
819 4432 1082 4500 demptum
1107 4433 1170 4486 de
1199 4432 1360 4502 ligno,
1389 4442 1672 4501 posuerunt
1701 4434 1757 4487 in
1784 4448 1961 4487 monu-

2070 4433 2394 4509 γραμμένα,
2421 4429 2780 4497 καθελόντες
2807 4429 2926 4485 ἀπὸ
2973 4423 3081 4484 τοῦ
3156 4429 3369 4496 ξύλου,
3416 4425 3636 4495 ἔθηκαν

385 4532 579 4577 mento.

464 4613 620 4666 Vens.
653 4613 743 4668 30.
775 4615 912 4668 Deus
944 4625 1122 4670 autem
1147 4616 1418 4671 suscitavit
1447 4635 1564 4672 eum
1593 4635 1624 4672 α
1655 4621 1894 4686 mortuis,

465 4703 623 4756 Vens.
666 4703 755 4757 5L
785 4703 890 4769 Qui
910 4703 1053 4759 visus
1084 4715 1159 4760 est
1183 4722 1274 4776 per
1302 4709 1408 4761 dies
1445 4710 1731 4779 complures
1763 4709 1826 4762 ab
1861 4709 1964 4775 his,

387 4797 476 4864 qui
508 4811 615 4850 una
643 4811 764 4850 cum
783 4813 844 4852 eo
859 4799 1199 4854 ascenderant
1228 4817 1291 4855 ea:
1317 4800 1540 4859 Galilwa
1569 4805 1628 4858 in
1652 4803 1965 4870 Jerusalem,

387 4893 476 4962 qui
509 4899 632 4946 sunt
653 4898 808 4946 testes
835 4891 951 4960 ejus
980 4893 1122 4963 apud
1147 4893 1365 4964 plebem.

452 5075 609 5131 Vens.
635 5073 726 5129 52.
755 5072 826 5128 Et
850 5090 942 5128 nos
967 5075 1108 5129 vobis
1135 5078 1513 5131 annuntiamus
1536 5094 1673 5141 eam,
1701 5093 1817 5143 qua:
1851 5093 1970 5131 ma-

383 5170 589 5236 joribus
601 5167 840 5240 contigit,
869 5168 1264 5236 promissionem
1282 5185 1301 5226 :
1319 5186 1500 5239 nempe
1525 5170 1660 5224 hanc
1683 5169 1850 5224 Deum
1879 5187 1970 5225 etc-

386 5261 604 5328 plevisse
638 5275 700 5314 ac
727 5260 1035 5330 praestitisse
1070 5260 1208 5316 vobis
1239 5263 1461 5331 posteris
1486 5263 1700 5318 illorum
1740 5263 1969 5317 resuscio

392 5361 501 5404 tato
527 5349 671 5406 Jesu.

499 5470 544 5502 “
583 5467 764 5541 “leg.
799 5487 902 5528 xu.

2071 4530 2156 4594 εις
2169 4521 2481 4596 μνημεῖον.

2155 4619 2218 4672 Ὀ
2242 4615 2309 4670 δὲ
2326 4615 2469 4681 Θεὸς
2501 4611 2739 4685 ἤγειρεν
2784 4613 2972 4668 αὐτὸν
2995 4614 3064 4667 ἐκ
3101 4610 3350 4682 νεκρῶν,

2152 4712 2256 4775 ’³ος
2289 4707 2455 4777 ὤφθη
2485 4706 2584 4760 ἐπὶ
2612 4705 2838 4776 ἡμέρας
2866 4707 3116 4769 πλείους
3161 4697 3284 4769 τοῖς
3321 4700 3642 4775 ave-[arh-

2075 4801 2253 4860 ϐᾶσιν
2281 4797 2444 4865 αὐτῷ
2470 4799 2590 4855 ἀπὸ
2644 4796 2756 4868 τῆς
2805 4797 3138 4862 Γαλιλαίας
3203 4797 3290 4859 εὶς
3351 4794 3642 4862 Ἰερουσα-

2066 4895 2212 4964 λὴμ,
2267 4892 2480 4958 οἵτινές
2533 4894 2654 4946 εισι
2709 4889 3006 4960 μάρτυρες
3072 4888 3259 4943 αὑτοῦ
3320 4888 3470 4956 πρὸς
3539 4886 3641 4940 τὸν

2068 4988 2239 5042 λαόν.

2137 5078 2244 5134 Καὶ
2296 5076 2464 5145 ἡμεῖς
2526 5074 2680 5146 ὑμᾶς
2754 5073 3245 5145 εὐαγγελιζόμεθα
3302 5072 3416 5141 τὴν
3498 5070 3634 5140 πρὸς

2070 5173 2212 5239 τοὺς
2267 5171 2526 5238 πατέρας
2593 5168 2956 5238 ἐπαγγελίαν
3040 5165 3373 5236 γενομένην
3428 5164 3497 5224 ⁸⁹.
3559 5163 3636 5214 ὅτι

2075 5267 2300 5333 ταύτην
2374 5265 2408 5317 ὁ
2488 5262 2632 5328 Θεὸς
2700 5256 3129 5328 ἐκπεπλήρωκε
3222 5257 3347 5323 τοῖς
3417 5254 3632 5318 τέκνοις

2074 5357 2292 5423 αὐτῶν,
2316 5353 2459 5425 ὑμῖν
2477 5353 2522 5388 ⁸¹
2551 5351 2907 5422 ἀναστήσας
2944 5349 3196 5419 Ἰησοῦν.

1604 5568 1807 5631 Variae
1852 5568 2166 5632 lectiones
2210 5573 2271 5631 et
2294 5573 2484 5629 notae.

464 5670 509 5700 "
548 5669 830 5737 Μωυσέος,
862 5684 994 5728 erat.

1102 5673 1252 5746 ἶ⁶τά,
1284 5683 1421 5746 erat.
1489 5675 1532 5706 ⁷⁷
1567 5675 1668 5746 νϊσ.
1695 5675 1924 5746 Σωτῆρα
1943 5673 2174 5744 Ἰησοῦν.

2276 5674 2320 5707 ⁷⁸
2339 5672 2668 5740 ὑπονοεῖται,
2684 5677 2816 5740 erat.
2895 5668 2939 5701 '-"
2971 5667 3036 5724 In
3055 5667 3263 5738 vulgato
3286 5674 3380 5734 est,
3406 5665 3644 5720 ἅπαντα.

393 5737 440 5770 ⁶⁰
475 5739 539 5792 In
576 5739 824 5809 vulgatis,
853 5737 1248 5814 γεγενημένην.
1323 5745 1366 5777 ⁸⁸
1395 5745 1459 5800 In
1487 5745 1709 5815 vulgatis
1729 5737 1957 5814 pler'i'squ

2061 5755 2109 5804 :t,
2134 5746 2281 5816 ἡμῖν.

3652 4060 3659 4132 ἒ

3653 4529 3662 4628 l
