4116 6216
401 1475 407 1492 ι

401 1499 410 1562 l

431 368 531 430 697

1150 363 1563 428 EXPOSITIO
1597 364 1682 425 IN
1722 365 1910 425 ACTA
1950 367 2509 429 APOSTOLORUM
2538 393 2604 402 -
2627 366 2783 427 C.\P.
2821 366 2993 427 XIII;

3583 366 3687 427 608

517 479 614 543 Ὠς
640 477 739 531 καὶ
762 477 832 531 ἐν
864 474 943 543 τῷ
969 476 1192 547 ψαλμῷ
1218 475 1299 542 τῷ
1334 473 1591 542 δευτέρῳ
1641 473 1963 543 γέγραπται
1989 491 2004 506 ο

2180 477 2342 532 Vens.
2402 479 2490 537 55.
2533 479 2595 534 Ut
2637 479 2796 533 etiam
2831 480 2886 532 in
2930 477 3134 546 psalmo
3184 478 3408 531 secundo
3439 479 3690 544 scriptum

440 571 567 632 rid;
591 586 712 637 μου
730 564 791 624 ετ
803 571 886 624 σύ
916 585 931 598 ·
960 569 1077 640 ἐγὼ
1113 569 1384 639 σήμερον
1401 566 1738 638 γεγέννηκά
1764 583 1861 620 σε.

503 660 625 713 Ὀτι
652 659 722 714 δὲ
775 661 1117 730 ἀνέστησεν
1152 661 1339 716 αὑτὸν
1391 661 1459 714 ἐκ
1504 657 1755 727 νεκρῶν,
1799 657 2012 729 μηκέτι

434 752 736 821 μέλλοντα
770 753 818 788 ⁸¹
846 753 1252 824 ὑποστρέφειν
1296 754 1386 817 εις
1422 749 1772 820 διαφθορὰν,
1821 751 2012 817 οὕτως

434 843 694 911 εἴρηκεν,
735 841 825 896 δτι
857 843 1034 898 Δώσω
1056 843 1201 914 ὑμῖν
1223 841 1295 898 τὰ
1342 843 1482 896 ὅσια
1513 841 1686 898 Δαυῖδ
1707 842 1778 896 τὰ
1801 842 2008 896 πιστά.

504 935 601 988 Διὸ
627 934 726 988 καὶ
756 935 826 988 ἐν
845 934 1027 1002 ἑτέρῳ
1054 935 1251 1006 λέγει·
1284 935 1366 989 Οὐ
1406 933 1620 1002 δώσεις
1670 934 1779 988 τὸν
1839 933 2012 989 ὅσιόν

434 1045 548 1082 σου
582 1027 732 1082 ιδεῗν
759 1027 1110 1098 διαφθοράν.

504 1118 688 1173 Δαυῒδ
717 1119 839 1188 μὲν
859 1119 971 1190 γὰρ
999 1120 1117 1188 ιδίᾳ
1149 1120 1329 1191 γενεᾷ
1374 1120 1785 1190 ὑπηρετήσας,
1813 1119 1887 1190 τῇ
1904 1120 2012 1176 τοῦ

437 1211 586 1265 Θεοῦ
608 1211 817 1281 βουλῇ
854 1212 1162 1283 ἐκοιμήθη,
1181 1215 1278 1268 καὶ
1303 1213 1636 1284 προσετέθη
1669 1215 1818 1284 πρὸς
1869 1213 2012 1282 τοὺς

434 1302 694 1370 πατέρας
717 1303 926 1367 αὐτοῦ,
962 1304 1061 1357 καὶ
1089 1299 1211 1358 εἶδε
1246 1304 1596 1374 διαφθοράν.

511 1393 620 1446 ⁸ον
645 1393 715 1446 δὲ
742 1397 776 1449 ὀ
800 1395 944 1462 Θεὸς
963 1393 1228 1465 ἤγειρεν,
1253 1373 1367 1452 οὐκ
1389 1392 1511 1451 εἶδε
1532 1393 1939 1468 διαφ[θ]οράν.
2031 1373 2040 1429 έ

520 1571 778 1644 Ἰωάννης
826 1575 1099 1645 μαρτυρεῖ
1151 1573 1249 1645 οὐχ
1303 1547 1523 1639 ἁπλῶςο
1602 1573 1740 1628 ἀλλὰ
1795 1574 2015 1629 πάντων

435 1664 528 1718 ὕπ’
562 1663 730 1718 αὑτὸν
751 1663 995 1734 ἀγόντων
1005 1664 1106 1734 τὴν
1128 1664 1310 1732 δόξαν,
1336 1665 1498 1729 αὐτὸς
1527 1665 1713 1737 ἀὐτὴν
1735 1664 2017 1737 ἀποκρού-

433 1772 572 1811 εται.
609 1756 685 1810 οὐ
708 1755 816 1826 γάρ
836 1756 986 1811 ἐστιν
1014 1756 1133 1811 ῑσον
1166 1757 1398 1828 μηδενὸς
1419 1758 1654 1822 διδόντος
1679 1759 1774 1812 καὶ⁸
1801 1757 2014 1813 πολλῶν

2112 578 2227 623 est:
2264 567 2436 623 Filius
2463 585 2607 624 meus
2633 587 2684 624 es
2717 581 2795 635 tu,
2825 586 2918 641 ego
2949 570 3101 623 hodie
3125 570 3281 640 genui
3311 579 3383 622 te.

2180 660 2342 714 Vens.
2371 661 2459 714 54.
2494 659 2647 724 Quod
2676 671 2852 714 autent
2882 677 2999 714 eum
3028 660 3356 713 suscitaverit
3382 676 3412 710 a
3446 657 3687 722 mortuis,

2113 769 2215 806 non
2246 752 2475 818 amplius
2501 753 2838 824 redigendum
2874 754 2943 808 ad
2971 755 3382 822 corruptionem,
3408 752 3483 804 ita
3519 751 3690 806 dixit:

2113 843 2264 897 Dabo
2292 845 2431 898 vobis
2452 855 2638 898 sancta
2681 843 2852 898 David
2880 844 3081 913 ﬁdelia.

2181 934 2342 990 Vens.
2381 935 2472 992 55.
2505 935 2857 1001 Quamobrem
2891 938 3050 990 etiam
3073 936 3203 991 alibi
3230 937 3353 990 dicit
3381 953 3400 990 :
3436 937 3553 990 Non
3576 954 3693 1003 per-

2114 1027 2308 1092 mittes,
2341 1036 2397 1081 ut
2421 1034 2635 1082 sanct‘us
2665 1037 2784 1082 tuus
2801 1029 2974 1082 videat
3001 1030 3407 1097 corruptionem.

2184 1120 2346 1176 Vens.
2375 1120 2463 1177 '56.
2487 1121 2628 1175 Nam
2650 1120 2822 1176 David
2849 1122 3059 1192 quidem
3075 1139 3191 1175 cum
3217 1138 3328 1176 sua:
3355 1123 3501 1176 tutati
3525 1123 3696 1177 inser-

2114 1213 2292 1279 visset,
2341 1213 2562 1267 consilio
2604 1213 2700 1268 Dei
2742 1214 3072 1278 obdormivit,
3109 1223 3158 1268 et
3203 1215 3470 1285 appositus
3517 1217 3692 1270 estad

2114 1304 2344 1374 majores
2373 1321 2515 1374 suos,
2543 1313 2592 1359 et
2630 1305 2757 1358 vidit
2792 1306 3200 1375 corruptionem.

2184 1397 2351 1453 Vens.
2399 1398 2492 1452 37.
2523 1395 2626 1452 Sed
2663 1414 2814 1468 quem
2846 1397 2990 1452 Deus
3046 1398 3392 1459 resuscitavit.
3437 1416 3538 1454 non
3563 1399 3692 1454 vidit

2115 1490 2517 1560 corruptionem.

2184 1579 2426 1636 Joannes
2443 1595 2552 1634 non
2582 1578 2901 1650 simpliciter
2929 1578 3271 1641 testiﬁcatur,
3297 1576 3394 1633 scd
3423 1591 3547 1631 cum
3576 1590 3695 1628 om-

2115 1686 2216 1728 nes
2271 1673 2340 1728 ad
2387 1687 2512 1727 eum
2577 1671 2858 1728 deferrent
2905 1667 3534 1736 existimationem,ipse
3576 1681 3694 1720 eam

2114 1764 2317 1836 rejicit.
2345 1763 2465 1820 Non
2495 1763 2640 1818 enim
2664 1762 2806 1817 idem
2836 1769 2938 1824 est,
2970 1760 3191 1814 nemine
3219 1759 3401 1823 dante,
3430 1766 3487 1812 et
3515 1757 3702 1812 multis

434 1846 808 1917 παρεχόντων,
839 1847 1044 1918 ταύτην
1069 1847 1168 1918 τὴν
1206 1849 1374 1919 τιμὴν
1411 1847 1740 1902 διωθεῖσθαι.
1777 1845 2018 1916 Ἄνδρες

2123 1857 2490 1929 praebentibus
2519 1857 2666 1910 hunc
2700 1855 2965 1909 honorem
2995 1852 3176 1922 τρερυὶ
3203 1861 3365 1922 atque
3399 1847 3696 1920 repudiari.

434 1935 707 2004 ἀδελφοί,
779 1937 896 1991 υἱοὶ
958 1937 1177 2007 γένους
1235 1938 1502 2007 Ἀϐραάμ.
1564 1938 1676 2008 Τὴν
1733 1938 2016 2005 εὐγένειαν

434 2025 669 2080 ὲνθαῦθα
723 2025 964 2080 δείκνυσι
1023 2026 1121 2098 τὴν
1164 2028 1485 2100 Ἰουδαῖκήν.
1531 2029 1642 2084 Kal
1692 2031 1748 2082 οι
1788 2029 2012 2098 ἄρχον.

438 2133 535 2180 τες
589 2117 789 2172 αὐτῶν
827 2119 1042 2175 τοῦτον
1078 2119 1516 2188 ἀγνοήσαντες.
1565 2120 1736 2191 ’Υπὲρ
1787 2119 2014 2172 ἐκείνων

435 2208 782 2279 ἀπολογεῖται
850 2211 1056 2284 ἡρέμα.
1115 2211 1496 2283 Ἐσταύρωσαν
1519 2252 1536 2277 ,
1587 2213 1752 2281 φησὶν
1774 2250 1790 2276 ,
1850 2211 2014 2266 αὐτὸν

395 2305 834 2376 ιάγνοήσαντες·
867 2306 1090 2374 ἀγνοίας
1119 2305 1227 2376 γὰρ
1273 2302 1343 2379 ἦν
1397 2307 1459 2362 τδ
1512 2307 1838 2379 ἁμάρτημα.
1894 2305 2012 2360 Καὶ

431 2397 730 2468 μηδεμίαν
771 2399 971 2454 αἰτίαν
1035 2400 1296 2456 θανάτου
1350 2401 1650 2469 εὑρόντες,
1707 2399 2016 2468 ᾐτήσαντο

437 2492 700 2545 Πιλᾶτον
779 2491 1171 2560 ἀναιρεθῆναι
1251 2495 1457 2548 αὐτόν.
1539 2493 2013 2564 Περισπούδαστον

437 2583 620 2646 αὐτοῖς
640 2581 733 2634 τὸν
762 2583 964 2652 τρόπον
1039 2578 1162 2637 εἶπε
1220 2584 1317 2637 τοῦ
1373 2583 1626 2640 θανάτου.
1676 2585 1908 2639 Πιλάτον
1959 2583 2018 2638 δὲ

435 2673 516 2734 είς
544 2671 710 2743 μέσον
743 2673 1024 2744 φέρουσιν,
1069 2672 1160 2728 ἵνα
1185 2675 1281 2727 καὶ
1334 2673 1395 2727 τὸ
1453 2673 1626 2738 πάθος
1692 2674 1849 2744 δῆλον
1917 2675 2014 2744 γέ-

433 2781 592 2834 νηται
658 2764 766 2819 ἀπὸ
833 2764 927 2819 τοῦ
999 2766 1308 2837 κριτηρίου,
1364 2764 1459 2819 καὶ
1524 2764 1612 2820 ῐνα
1659 2766 1856 2820 ἐκεῖνοι
1891 2783 2015 2838 μει-

437 2856 606 2922 ζόνως
635 2857 1074 2928 κατηγορῶνται,
1110 2856 1267 2928 ἀνδρὶ
1315 2856 1652 2928 παραδόντες
1707 2857 2015 2929 ἀλλοφύλῳ.

439 2950 548 3004 Καὶ
581 2949 681 3003 οὐκ
717 2945 896 3017 εἶπεν,
930 2949 1231 3020 Ένέτυχον,
1265 2948 1383 3003 ἀλλ’
1445 2949 1804 3022 ’ῌτήσαντα
1839 2951 2018 3024 Χάριν

439 3040 654 3106 ελασον,
687 3041 872 3112 φησὶν,
906 3040 982 3104 ὠς
1011 3040 1223 3094 ἐκείνου
1262 3039 1338 3112 μὴ
1372 3040 1639 3106 θέλοντος.
1693 3041 1872 3114 Ὅπερ
1923 3057 2021 3097 σα-

440 3132 700 3202 φέστερον
724 3129 928 3201 Πέτρος
956 3129 1125 3198 λέγει’
1154 3128 1398 3184 Ἐκείνου
1425 3128 1711 3202 κρίναντος
1733 3130 2015 3185 ἀπολύειν.

450 3223 504 3276 '0
531 3223 599 3277 δὲ
619 3223 761 3289 Θεὸς
782 3221 1024 3293 ἤγειρεν
1041 3221 1313 3276 αὑτὸνέκ
1337 3220 1587 3290 νεκρῶν.
1611 3221 1705 3294 Μὴ
1718 3221 2018 3293 θορυσείτω

440 3333 501 3367 σε
519 3315 598 3379 τὸ,
615 3314 708 3369 τὸν
738 3313 948 3384 Ἰησοῦν
998 3313 1300 3386 δγηγόρθαι
1323 3313 1430 3368 ὑπὸ
1451 3314 1548 3368 τοῦ
1581 3314 1718 3368 Θεοῦ
1741 3314 2017 3385 λέγεσθαι,

443 3408 503 3460 Ei
537 3407 648 3477 γὰρ
685 3405 894 3477 Ἰησοῦς
919 3405 1020 3458 οὐκ
1043 3404 1204 3468 ἄλλος
1230 3405 1402 3473 ἐστὶν,
1442 3405 1521 3478 ῆό
1566 3406 1742 3476 Λόγος
1799 3408 1828 3462 ό
1887 3423 2023 3478 σαρ-

443 3497 639 3561 κωθείς
671 3512 686 3528 °
754 3491 910 3560 οὗτος
951 3497 1010 3550 δὲ
1056 3498 1089 3569 ἡ
1131 3498 1362 3569 δύναμις
1411 3498 1506 3554 τοῦ
1560 3499 1798 3570 Πατρδς,
1845 3499 1914 3553 δι’
1953 3494 2023 3572 ἧς

443 3591 660 3644 ἅπαντα
681 3591 898 3662 ἐνεργεῖ
932 3590 1077 3644 κατὰ
1107 3589 1190 3654 τὸ,
1247 3589 1527 3660 Χριστὸς,
1564 3592 1714 3647 Θεοῦ
1767 3591 2022 3662 δύναμις

443 3683 540 3736 καὶ
583 3681 732 3737 Θεοῦ
750 3683 961 3752 σοφία,
991 3681 1154 3747 αὐτὸς
1183 3683 1380 3737 ἑαυτὸν
1411 3684 1770 3738 ἀνεστακέναι
1825 3683 2023 3755 νοηθή-

447 3793 619 3842 σεται,
671 3777 769 3830 καὶ
807 3776 1112 3846 ἑγηγέρθαι
1151 3777 1448 3847 λεγόμενος
1502 3777 1610 3832 ὑπὸ
1662 3777 1754 3831 τοῦ
1782 3776 2020 3848 Πατρός,

446 3867 533 3936 ἔφ’
557 3867 638 3932 δν,
670 3867 747 3932 ὡς
778 3867 960 3938 ἀρχὴν
995 3866 1092 3920 καὶ
1137 3866 1318 3920 αἰτίαν
1364 3865 1616 3936 ἄχρονον,
1651 3866 1866 3920 ἅπαντα
1890 3867 2024 3920 ἀνα-

447 3960 692 4030 φέρεται.
729 3958 884 4012 Ἐπεὶ
916 3956 1013 4012 καὶ
1029 3956 1192 4019 αὐτός
1219 3973 1354 4028 φησι
1381 3973 1396 3987 ο
1456 3958 1696 4011 Λύσατε
1735 3957 1846 4010 τὸν
1873 3958 2025 4012 ναὸν

445 4048 678 4116 τοῦτον,
707 4049 807 4106 καὶ
823 4052 893 4105 ἐν
909 4050 1105 4118 τρισὶν
1135 4048 1382 4120 ἡμέραις
1395 4048 1576 4119 ἐγερῶ
1602 4049 1810 4103 αὐτόν.
1832 4079 1903 4092 —
1919 4052 2044 4116 ’ος’

443 4141 606 4211 ὠςρθη
634 4141 760 4209 τοῖς
778 4139 1203 4196 συναναϐᾶσιν
1224 4137 1385 4206 αὐτῷ
1416 4140 1462 4174 ⁸⁸
1485 4142 1573 4207 εἰς
1606 4139 2024 4210 Ἰερουσαλὴμ,

2124 1949 2234 2004 Viri
2265 1951 2475 2019 fratres,
2513 1947 2707 2017 posteri
2753 1945 2956 2016 generis
2997 1944 3305 1997 Abrahami.
3356 1941 3699 1997 Nobilitatem

2120 2039 2176 2094 in
2200 2029 2311 2094 hoc
2338 2039 2480 2104 loco,
2503 2053 2565 2093 ac
2592 2035 3127 2108 generisluda‘orum
3149 2034 3492 2105 splendorem
3516 2041 3703 2087 osten-

2117 2133 2217 2188 dit.
2244 2133 2312 2187 Et
2341 2132 2604 2202 principes
2633 2147 2812 2185 eorum
2840 2130 2988 2184 illum
3017 2130 3338 2200 ignorantes.
3375 2124 3624 2181 Defendit
3647 2129 3704 2176 et

2118 2231 2344 2281 excusat
2361 2223 2482 2278 illos
2501 2222 2685 2291 aliquo
2709 2220 2892 2276 modo.
2916 2219 3336 2284 Crucilixerunt,
3353 2216 3549 2286 inquit,
3573 2229 3698 2269 eum

2119 2317 2439 2388 ignorantes
2470 2314 2719 2383 quisnam
2750 2322 2898 2368 esset
2943 2328 2958 2366 :
3017 2309 3336 2382 ignorantiae
3383 2309 3528 2364 enim
3583 2314 3703 2361 erat

2117 2409 2401 2466 delictum.
2439 2407 2506 2461 Et
2531 2405 2679 2461 nulla
2707 2421 2868 2459 eausa
2900 2405 3080 2457 mortis
3111 2403 3346 2464 inventa,
3382 2400 3640 2470 petierunt
3668 2416 3702 2451 a

2119 2501 2320 2565 Pilato,
2344 2509 2401 2554 ut
2429 2499 2718 2553 tolleretur.
2734 2495 3044 2567 Expetitum
3075 2493 3144 2549 ab
3162 2492 3268 2547 illis
3297 2491 3518 2546 modum
3547 2503 3705 2542 mor-

2122 2595 2190 2650 tis
2218 2607 2340 2649 esse
2373 2592 2523 2648 dicit.
2554 2590 2784 2646 Pilatum
2811 2597 2994 2644 autem
3019 2587 3072 2640 in
3103 2584 3343 2641 medium
3375 2581 3703 2651 producunt,

2121 2696 2183 2742 ut
2220 2695 2276 2742 et
2309 2683 2636 2756 supplicium
2674 2683 2845 2738 aloco
2893 2679 3093 2752 judiciil
3125 2677 3470 2734 manifestum
3524 2675 3706 2738 ﬁeret,

2118 2786 2174 2834 et
2196 2776 2270 2832 illi
2301 2773 2682 2831 vehementius
2703 2777 3113 2834 accusarentur,
3127 2769 3219 2838 qui
3243 2767 3360 2821 viro
3389 2763 3707 2833 alienigenae

2122 2869 2404 2928 Christum
2437 2865 2809 2923 tradidissent.
2840 2864 2908 2918 Et
2934 2878 3045 2917 non
3071 2860 3227 2925 dixit,
3264 2857 3706 2919 Postulaverunt,

2122 2961 2218 3016 sed
2249 2959 2530 3030 petierunt.
2572 2955 2758 3011 Gratia
2793 2953 3246 3022 impetraverunt,
3284 2945 3482 3016 inquit,
3516 2951 3707 3014 utpote

2123 3051 2218 3106 illo
2262 3051 2506 3106 nolente.
2542 3047 2698 3115 Quod
2747 3046 2941 3101 Petrus
2973 3042 3213 3114 apertius
3233 3039 3368 3094 dicit
3401 3055 3415 3092 :
3446 3037 3582 3092 Cum
3616 3034 3706 3090 ille

2123 3143 2404 3200 statuisset
2434 3154 2560 3196 eum
2589 3132 2900 3194 absolvere
2926 3151 2989 3190 ac
3019 3135 3312 3190 dimittere.
3351 3131 3487 3184 Deus
3527 3137 3705 3180 autent
3738 3157 3742 3168 ι

2125 3251 2242 3291 eum
2278 3233 2552 3288 suscitavit
2601 3247 2634 3285 a
2678 3229 2920 3284 mortuis.
2956 3224 3037 3282 Ne
3074 3233 3128 3280 te
3164 3230 3379 3277 moveat
3403 3234 3467 3274 ac
3501 3217 3704 3279 turbet,

2123 3326 2268 3398 quod
2299 3325 2461 3382 Iesus
2485 3322 2688 3378 dicitur
2715 3320 3015 3376 suscitatus
3052 3330 3174 3372 esse
3213 3329 3244 3368 a
3296 3313 3429 3367 Deo.
3472 3309 3608 3364 Nam
3657 3306 3706 3361 si

2121 3419 2284 3476 Jesus
2303 3432 2414 3474 non
2441 3415 2582 3470 alius
2601 3422 2684 3469 est
2712 3421 2875 3482 atque
2894 3409 3133 3466 Verbum
3159 3408 3520 3463 incarnatum,
3546 3410 3708 3470 atque

2123 3511 2230 3574 hoc
2273 3507 2518 3581 potentia
2565 3503 2743 3561 Patris
2777 3512 2882 3568 est,
2924 3514 3030 3572 qua
3075 3498 3258 3554 omnia
3317 3494 3477 3566 110
3521 3491 3708 3554 allicit,

2123 3604 2268 3660 sicut
2310 3601 2514 3658 dictum
2552 3604 2637 3653 est
2675 3595 2810 3651 illud
2849 3611 2864 3649 :
2917 3593 3152 3650 Christus
3187 3590 3285 3645 Dei
3323 3587 3555 3658 potentia
3582 3626 3596 3650 ,
3646 3600 3710 3637 ac

2122 3694 2222 3749 Dei
2270 3693 2558 3763 sapientia,
2593 3687 2888 3756 semetipse
2929 3684 3286 3738 resuscitasse
3333 3679 3706 3750 intelligetur,

2124 3786 2334 3844 etiamsi
2368 3801 2399 3839 a
2430 3783 2590 3838 Patre
2617 3779 2978 3836 resuscitatus
3006 3792 3127 3832 esse
3159 3776 3393 3839 dicatur,
3428 3774 3494 3830 ad
3525 3787 3707 3843 quem,

2124 3889 2382 3949 tanquam
2401 3874 2730 3947 principium
2757 3881 2813 3928 et
2846 3886 3072 3927 causam
3107 3867 3368 3938 temporis
3405 3875 3710 3935 expertem.

2127 3970 2314 4027 omnia
2341 3968 2675 4024 referuntur.
2717 3963 2985 4032 Quoniam
3028 3971 3084 4018 et
3123 3962 3239 4032 ipse
3269 3961 3345 4014 ait
3391 3975 3405 4011 :
3447 3957 3714 4011 Destruite

2129 4061 2381 4131 templum
2405 4061 2519 4125 hoc,
2543 4068 2591 4114 et
2622 4060 2676 4113 in
2702 4057 2864 4111 tribus
2887 4055 3068 4110 diebus
3088 4053 3323 4109 excitabo
3341 4049 3493 4105 illud.
3518 4079 3586 4090 —-
3607 4047 3711 4113 Qui

2127 4156 2271 4211 visus
2313 4163 2388 4210 est
2438 4154 2550 4209 dies
2599 4151 2891 4222 complures
2941 4148 3006 4204 ab
3061 4147 3162 4210 Itis,
3215 4145 3306 4204 qui
3353 4159 3456 4196 una
3494 4157 3612 4194 cum
3652 4155 3712 4193 eo

448 4235 546 4290 ἐπὶ
605 4237 830 4306 ἡμέρας
850 4233 1348 4302 πλείους,οἵτινές
1376 4234 1496 4288 εισι
1519 4233 1819 4304 μάρτυρες
1838 4233 2018 4288 αὐτοῦ

2131 4247 2478 4302 ascenderant
2523 4245 2580 4299 in
2618 4241 2956 4307 Jerusalem,
2985 4239 3074 4310 qui
3123 4246 3243 4292 sunt
3279 4236 3327 4290 ei
3376 4242 3528 4288 testes
3571 4232 3714 4302 apud

444 4330 593 4398 πρὸς
612 4329 720 4382 τὸν
747 4329 906 4383 λαόν
929 4343 944 4359 °
991 4327 1094 4382 οὐκ
1115 4321 1196 4380 ’ἄν
1231 4325 1410 4389 ὄντες,
1433 4325 1481 4378 εί
1531 4325 1606 4396 μὴ
1641 4323 1759 4394 θείᾳ
1799 4323 2018 4397 δυνάμει

2131 4341 2352 4411 plebem.
2377 4338 2536 4406 Quod
2568 4351 2680 4392 non
2710 4344 2922 4400 essent,
2957 4332 3062 4387 nisi
3088 4330 3270 4386 divina
3308 4326 3554 4400 potentia
3584 4339 3716 4380 con-

442 4419 808 4475 ὲδεὸαιοῦντο.
841 4418 969 4485 Τοῖς
983 4419 1218 4485 τέκνοις
1236 4417 1356 4472 τῶν
1381 4415 1650 4486 πατέρων
1685 4416 1850 4486 ὑμῖν,
1877 4417 2018 4472 ἀνα-

2133 4434 2505 4489 ﬁrmarentur.
2536 4429 2689 4484 Vobis
2719 4427 2938 4499 posteris
2962 4433 3199 4493 patrum,
3227 4421 3534 4476 resuscitato
3563 4417 3711 4472 Iesu.

440 4513 680 4580 στήσας
731 4511 987 4581 Ἰησοῦν.
1040 4512 1114 4566 Τὸ
1156 4509 1397 4580 Ἰησοῦς
1434 4510 1606 4583 ὄνομα
1655 4511 1749 4564 ἐπὶ
1791 4509 1909 4564 τοῦ¹
1936 4513 2018 4566 ἀν-

2132 4528 2340 4584 Nomen
2403 4522 2559 4578 Iesus
2636 4521 2704 4578 de
2758 4517 2982 4576 homine
3044 4514 3319 4585 accipiunt
3377 4511 3713 4568 deicidarum

442 4604 662 4678 θρώπου
703 4606 1145 4678 ὲκλαμδάνουσιν
1173 4606 1225 4660 οἱ
1283 4605 1392 4660 τῶν
1441 4605 1742 4660 θεοκτόνων
1783 4604 2018 4675 ἀδελφοί.

2129 4621 2362 4676 fratres.
2417 4615 2692 4684 Quoniam
2751 4614 2915 4684 igitur
2982 4625 3148 4681 supra
3202 4607 3417 4662 dixerat
3473 4604 3712 4658 Verbum

453 4697 670 4769 Ἐπειδὴ
698 4697 790 4752 οὖν
813 4696 1108 4770 προλαϐὼν
1141 4692 1265 4750 εἷπε
1310 4697 1587 4750 τεθεῖσθαι
1617 4697 1711 4752 τὸν
1761 4699 1936 4768 Λόγον
1967 4701 2018 4754 ὲν

2129 4711 2367 4782 positum
2411 4707 2584 4763 fuisse
2627 4707 2683 4760 in
2727 4710 3106 4765 monumento,
3145 4714 3216 4754 ne
3251 4697 3374 4769 quis
3407 4695 3716 4766 suSpicetur

441 4787 715 4860 μνημείῳ,
748 4789 834 4842 ἵνα
859 4789 934 4859 μή
963 4805 1048 4852 τις
1076 4787 1322 4859 ὑπολάϐῃ
1334 4787 1577 4860 ἄσαρκόν
1605 4789 1772 4844 αὐτὸν
1804 4791 2024 4862 εἰρηκέ-

439 4897 529 4934 ναι
557 4881 649 4933 τὸν
675 4880 872 4950 Λόγον,
909 4880 1074 4934 πάλιν
1104 4880 1267 4935 αὐτὸν
1299 4879 1514 4952 Ἰησοῦν
1542 4881 1726 4949 καλεῖ,
1780 4881 2019 4954 οὐδαμοῦ

439 4975 709 5046 διαίρεσιν
765 4975 946 5038 διδοὺς
995 4974 1074 5046 τῷ
1136 4975 1471 5048 σαρκωθέντι
1523 4976 1684 5050 Λόγῳ
1730 4978 1870 5050 μετὰ
1923 4979 2023 5050 τὴν

437 5064 652 5120 ἕνωσιν.
692 5067 826 5135 Υἱός
848 5085 968 5138 μου
1009 5062 1072 5123 εἴ
1091 5068 1172 5124 σύ
1193 5085 1207 5100 °
1229 5069 1344 5139 ἐγὼ
1376 5069 1648 5141 σήμερον
1679 5070 2022 5142 γεγέννηκά

439 5173 536 5211 σε.
571 5156 758 5211 Ταῦτα
805 5161 873 5229 τῇ
913 5159 1341 5232 ,ὲνανθρωπήσει
1381 5160 1476 5214 τοῦ
1527 5160 1771 5232 Χριστοῦ
1831 5162 2022 5216 σκόπει

444 5246 615 5315 δήπου
639 5247 708 5300 τὰ
734 5248 801 5318 ρή
811 5263 979 5317 ματα,
996 5249 1118 5318 ἣτις
1133 5249 1390 5322 χρονικὴν
1406 5247 1520 5323 εἶχε
1535 5251 1634 5322 τὴν
1654 5252 2021 5323 ὲπιφοίτησιν.

446 5339 523 5394 Τὸ
554 5340 663 5412 γὰρ
691 5343 932 5412 σήμερον
962 5337 1062 5396 καῖ
1082 5342 1292 5416 αὔριον,
1319 5344 1548 5416 ἡμερῶν
1569 5346 1689 5399 ἐστὶ
1738 5363 2028 5418 παραστα-

440 5431 586 5485 τικά.
629 5432 901 5502 ’Λχρόνως
933 5432 1043 5504 γὰρ
1075 5433 1227 5506 παρὰ
1253 5435 1349 5488 τοῦ
1380 5436 1616 5506 Πατρός,
1656 5435 1734 5502 ὡς
1765 5437 1862 5491 καὶ
1896 5439 2020 5490 παϊ-

442 5527 524 5587 6ες
583 5524 877 5596 αἱρετικῶν
929 5524 1250 5596 ὁμολογοῦσι
1281 5565 1296 5591 ,
1351 5529 1615 5584 τίκτεται.
1679 5531 1763 5584 Οὐ
1805 5529 2021 5594 δώσεις

2126 4799 2280 4855 illum
2325 4797 2530 4853 dixisse
2578 4794 2820 4850 Verbum
2853 4807 3018 4849 carne
3061 4790 3304 4845 caruisse
3326 4830 3341 4854 ,
3368 4800 3558 4842 rursus
3587 4799 3714 4840 eum

2127 4897 2286 4947 vocat
2333 4888 2521 4944 .lesum
2557 4904 2572 4942 :
2608 4899 2879 4954 nusquam
2925 4882 3183 4937 nimirum
3223 4879 3550 4936 divisionem
3576 4877 3712 4932 dans

2129 4985 2416 5039 incarnato
2439 4978 2622 5035 Verbo
2651 4986 2775 5048 post
2800 4975 3126 5031 unitionem.
3156 4971 3327 5027 Filius
3356 4988 3500 5027 meus
3529 4987 3581 5024 es
3611 4978 3666 5022 tu
3693 4983 3714 5023 :

2130 5089 2222 5144 ego
2256 5072 2408 5126 hodie
2431 5068 2586 5141 genui
2615 5077 2682 5122 te.
2708 5066 2838 5121 Haec
2872 5065 3038 5120 verba
3059 5062 3320 5117 nimirum
3349 5053 3712 5114 incarnationi

2131 5163 2335 5220 Christi
2368 5161 2628 5224 attribue,
2669 5158 2763 5228 qui
2796 5157 3114 5213 incarnatus
3149 5153 3505 5226 temporalem
3524 5146 3714 5202 habuit

2133 5256 2453 5311 adventum.
2503 5251 2642 5306 Nam
2673 5248 2859 5316 hodie,
2904 5257 2962 5304 et
3003 5262 3146 5312 cras,
3184 5246 3398 5301 dierum
3430 5241 3713 5297 continent

2135 5343 2608 5420 signiﬁcationem.
2637 5341 2774 5398 Nam
2800 5342 3007 5413 absque
3040 5349 3284 5409 tempore
3310 5351 3340 5389 a
3376 5335 3534 5389 Patre
3553 5330 3712 5402 geni-

2130 5451 2219 5495 tus
2243 5447 2348 5504 est,
2393 5444 2454 5491 ut
2477 5435 2643 5492 etiam
2667 5434 2914 5490 haeretici
2943 5432 3297 5489 conﬁtentur.
3337 5426 3458 5482 Non
3489 5423 3712 5496 permis-

2130 5539 2223 5594 tes,
2273 5537 2329 5582 ut
2369 5536 2585 5581 sanctus
2617 5535 2739 5579 tuus
2778 5525 2952 5579 videat
2993 5519 3401 5587 corruptionem.
3449 5513 3714 5573 ﬂentium

1634 5665 1832 5727 Varia:
1877 5665 2190 5729 lectiones
2233 5668 2294 5725 ct
2339 5669 2532 5728 notua.

509 5809 551 5838 ἠ
579 5807 827 5878 Μέλλων,
877 5818 954 5865 est
983 5810 1035 5865 in
1071 5812 1462 5882 manuscripto:
1500 5814 1589 5868 sed
1617 5812 1774 5878 male,
1813 5813 2021 5881 opinor.

2097 5810 2144 5844 ⁸³
2165 5806 2430 5863 ἀναϐᾶσιν
2461 5803 2648 5875 αὑτὸν,
2677 5815 2825 5858 erat.
