4116 6216
432 279 537 342 θῖὶθ

1347 277 1920 341 THEOPHYLACTI
1951 277 2360 340 BULGARIA!
2391 277 2746 341 ARCHIEP.

3569 287 3676 346 790

436 398 617 464 izaque
637 392 730 463 qui
760 392 962 450 dicitse
985 393 1230 453 conﬁteri
1253 409 1452 465 corpus
1483 394 1577 450 Dei
1614 404 1670 450 et
1702 393 2008 450 Servatoris

2112 392 2217 449 τὸν
2262 393 2437 450 ὅσιόν
2481 408 2598 449 σου
2654 393 2803 449 ἰδεῖν
2830 394 3175 466 διαφθοράν.
3224 393 3492 451 Ψεύδεται
3545 399 3678 463 γοὺν

433 485 636 542 Christi
667 499 786 540 esse
815 484 1056 554 patibile,
1091 501 1187 541 seu
1213 486 1529 557 passionum
1568 494 1620 542 et
1650 485 1997 542 aﬂectionum

435 594 599 649 capax
629 592 644 629 :
679 583 734 631 et
757 575 916 631 simul
943 576 1075 632 dicit
1098 576 1274 648 ipsum
1308 579 1467 634 etiam
1498 589 1623 636 ante
1652 578 2006 635 resurrectio-

435 683 562 722 nem
592 680 712 721 esse
742 665 1171 737 incorruptibile,
1207 669 1256 725 id
1287 681 1371 725 est
1421 670 1770 727 aﬂ'ectionum
1797 681 1851 727 et
1882 687 2007 743 pas-

438 764 650 816 sionum
670 776 887 830 expers.
910 770 1071 830 atque
1098 762 1424 819 immortale.
1452 762 1583 818 Nam
1621 779 1737 820 eam
1759 764 2005 819 vacuita-

439 864 547 907 tcm
581 851 971 921 corruptionis,
1011 867 1116 921 qua
1164 863 1390 924 peccato
1430 855 1699 911 obnoxius
1738 871 1850 909 non
1896 862 2002 920 est,

437 939 782 1011 perspicuum
831 949 917 995 est
972 956 1096 996 eum
1157 941 1416 998 habuisse
1469 959 1534 999 ex
1594 943 1713 1013 ipso
1767 952 2007 1013 tempore

437 1031 845 1087 incarnationis.
894 1032 1057 1098 Quem
1097 1044 1273 1089 autem
1322 1034 1463 1089 Deus
1501 1034 1859 1100 easuscitavit,
1902 1049 2005 1089 non

433 1123 565 1177 vidit
617 1123 1001 1192 corruptionem
1041 1139 1060 1178 :
1107 1139 1328 1194 nempe,
1362 1124 1455 1194 qui
1488 1125 1800 1194 sepulcrum
1828 1123 2008 1183 ell‘ecit

436 1214 616 1271 locum
675 1213 962 1270 vacuitatis
1005 1231 1035 1269 a
1080 1216 1451 1285 corruptione.
1501 1215 1579 1269 Ex
1626 1214 1746 1286 ipso
1768 1229 2004 1285 namque

437 1306 686 1361 Christus
705 1306 1067 1360 exsuscitatus
1087 1315 1342 1377 tanquam
1358 1306 1643 1361 vacuitatis
1659 1322 1689 1360 a
1710 1306 2006 1376 corruptio-

436 1414 503 1453 ne
555 1413 684 1453 vere
715 1397 822 1453 dux
846 1408 1071 1453 exortus
1097 1408 1180 1452 est
1210 1416 1223 1452 :
1250 1408 1309 1454 ut
1334 1398 1497 1453 etiam
1523 1413 1623 1454 nos
1643 1414 1709 1454 ex
1740 1398 2005 1470 sepulcris

434 1505 560 1544 eum
588 1489 1054 1544 resurrexerimus
1094 1497 1341 1560 tempore
1370 1488 1808 1553 resurrectionis,
1839 1503 2005 1559 quam

435 1581 672 1636 tuturam
723 1595 846 1635 esse
904 1595 1207 1650 Speramus,
1271 1580 1326 1634 in
1392 1579 1631 1636 nubibus
1671 1579 1749 1635 illi
1804 1580 2004 1635 iterum

435 1671 673 1727 venienti
701 1684 822 1725 cum
854 1670 1143 1740 splendore
1171 1687 1233 1726 ac
1253 1671 1554 1742 majestate,
1585 1669 1642 1725 in
1664 1685 1791 1726 aere
1814 1685 2007 1727 occur-

434 1777 639 1818 ramus.

2110 488 2140 540 ὁ
2175 487 2351 555 λέγων
2378 486 2658 558 ὁμολογεῖν
2694 487 2756 541 τὸ
2789 488 2945 558 σῶμα
2982 488 3074 541 τοῦ
3104 489 3239 542 Θεοῦ
3297 489 3391 542 καὶ
3425 488 3677 559 Σωτῆρος

2105 579 2341 652 Χριστοῦ
2364 579 2622 649 παθητὸν,
2655 579 2775 650 ἦτοι
2800 578 2988 634 παθῶν
3040 581 3287 636 δεκτικόν
3319 597 3333 610 ·
3376 583 3471 635 καὶ
3529 581 3670 635 κατὰ

2104 672 2267 726 ταύτὸ
2292 671 2472 742 λέγειν
2491 673 2537 704 ⁸⁸
2557 671 2688 726 αὐτὸ
2719 674 2812 726 καὶ⁸
2841 670 2946 742 πρὸ
2967 672 3065 743 τῆς
3096 671 3443 736 ἀναστάσεως
3470 671 3678 742 ἄφθαρ-

2104 781 2216 831 τον,
2257 765 2534 818 τουτέστιν
2598 761 2806 825 ἀπαθὲς
2913 765 3008 816 καὶ
3061 762 3349 818 ἀθάνατον.
3403 762 3511 833 Τὴν
3564 762 3674 832 γὰρ

2106 851 2250 907 κατά
2277 852 2338 905 τὸ
2355 852 2741 924 ἀναμάρτητον
2763 851 3090 924 ἀφθαρσίαν,
3155 851 3419 923 πρόδηλον
3474 851 3547 915 ὡς
3597 847 3676 904 εἷ-

2105 958 2199 1014 χεν
2229 942 2289 1008 ἐξ
2318 943 2483 996 αὑτοῦ
2510 943 2605 996 τοῦ
2632 941 2823 1014 καιροῦ
2848 943 2949 1013 τῆς
3000 941 3355 1015 σαρκώσεως.
3406 944 3506 995 ’ον
3552 940 3621 995 δὲ
3640 945 3673 997 ό

2108 1032 2253 1097 Θεὸς
2284 1032 2540 1103 ἤγειρεν,
2568 1035 2677 1088 οὐκ
2698 1031 2818 1089 εἶδε
2849 1034 3176 1102 διαφθοράν
3198 1049 3215 1066 ο
3245 1031 3551 1102 ἀφθαρσίας
3572 1049 3680 1102 χω-

2108 1122 2223 1194 ρίον
2257 1123 2720 1197 ἀπεργασάμενος
2778 1123 2869 1179 τδν
2925 1124 3117 1193 τάφον.
3181 1122 3271 1188 Ἐξ
3352 1120 3520 1175 αὐτοῦ
3567 1122 3678 1191 γὰρ

2108 1215 2356 1285 ἐγερθεὶς
2386 1218 2413 1270 ὁ
2441 1216 2696 1287 Χριστὸς,
2726 1216 2801 1280 ὡς
2831 1215 3141 1286 ἀφθαρσίας
3189 1212 3405 1282 ἀληθῶς
3451 1212 3679 1286 ἡγεμὼν

2105 1305 2472 1361 ἀνατέταλκεν
2504 1323 2520 1339 ’
2549 1307 2636 1361 ἵνα
2661 1306 2758 1361 καὶ
2790 1308 2954 1381 ἡμεῖς
3001 1308 3066 1359 ἐκ
3103 1304 3211 1360 τῶν
3252 1306 3439 1374 τάφων
3491 1304 3674 1356 διανα-

2109 1397 2338 1462 στάντες
2364 1399 2505 1453 κατά
2532 1398 2630 1470 τὴν
2657 1398 3020 1469 ἐλπιζομένην
3045 1396 3363 1460 ἀνάστασιν,
3429 1396 3485 1448 ἐν
3513 1393 3678 1463 νεφέο

2104 1487 2225 1553 λαις
2252 1490 2402 1561 αὖτῷ
2430 1491 2493 1544 τὸ
2517 1490 2771 1563 δεύτερον
2824 1488 3106 1563 ἐρχομένῳ
3163 1487 3303 1560 μετά
3350 1484 3529 1557 δόξης,
3596 1485 3678 1548 εἰς

2104 1581 2243 1654 ἀέρα
2269 1584 2830 1655 προσαπαντήσωμεν.

509 1854 671 1908 Vsus.
703 1850 794 1908 '58.
824 1851 1022 1907 Notum
1051 1852 1213 1923 igitur
1235 1854 1302 1908 sit
1341 1854 1500 1921 vobis,
1542 1854 1642 1909 viri
1668 1855 1880 1924 fratres,
1912 1869 2004 1925 per

2180 1856 2468 1914 Γνωστὸν
2510 1850 2627 1913 οὖν
2678 1855 2836 1912 ἔστω
2905 1854 3082 1926 ὑμῖν,
3154 1853 3372 1924 ἄνδρες
3403 1853 3675 1923 ἀδελφοὶ,

433 1944 567 1998 hunc
595 1945 734 1999 vobis
766 1944 1115 1999 remissionem
1137 1955 1467 2017 peccatorum
1482 1946 1810 2001 annuntiari.

503 2128 665 2184 Vsus.
710 2128 800 2184 39.
842 2128 907 2183 Et
948 2128 1013 2182 ab
1040 2127 1303 2193 omnibus,
1333 2145 1366 2182 a
1393 2132 1578 2198 quibus
1618 2145 1720 2184 non
1763 2132 2007 2200 potuistis

434 2237 526 2291 per
554 2220 713 2291 legem
736 2219 893 2273 Hosis
908 2217 1217 2288 justiﬁcari,
1241 2234 1334 2288 per
1352 2219 1510 2284 hunc,
1533 2221 1824 2287 quicunaue
1837 2222 2009 2276 credi-

435 2316 591 2380 derit,
615 2314 961 2384 justiﬁcatur.

505 2408 668 2464 Vsus.
701 2408 791 2463 40.
823 2408 997 2463 Videte
1020 2424 1142 2479 ergo
1182 2423 1246 2464 ne
1270 2424 1368 2465 usu
1392 2409 1568 2465 veniat
1593 2409 1733 2466 vobis
1771 2411 1846 2477 id,
1871 2411 2010 2482 quod

435 2499 632 2553 dictum
661 2507 734 2553 est
761 2500 815 2552 in
840 2501 1102 2569 prophetis
1119 2515 1139 2554 :

505 2589 664 2642 Vens.
696 2588 783 2644 41.
818 2589 992 2644 Videte
1021 2599 1417 2661 contemptores,
1457 2601 1505 2647 et
1536 2592 1902 2659 admiramini,
1958 2601 2008 2649 et

437 2678 705 2743 delentini,
725 2680 851 2749 quia
884 2696 1012 2750 opus
1042 2698 1134 2753 ego
1165 2682 1304 2751 facio
1324 2685 1380 2737 in
1417 2684 1597 2741 diebus
1632 2686 1831 2753 veittris,
1872 2674 2010 2758 quod

438 2786 539 2824 non
573 2770 810 2838 credetis,
834 2771 879 2825 si
906 2773 1021 2843 quis
1060 2772 1198 2827 vobis
1224 2782 1466 2843 exponet.

507 2971 741 3039 Vide,ut
760 2974 975 3035 {uratur
1001 2976 1300 3033 orationem
1320 2978 1388 3034 ab
1417 2979 1580 3035 rebus
1610 2981 2007 3050 praesentibus:

438 3080 659 3136 nempe,
694 3081 725 3119 a
760 3069 969 3123 semine
1017 3069 1308 3137 promisso.
1342 3067 1459 3123 Non
1499 3072 1781 3141 subjunxit
1825 3082 2008 3128 autem

2109 1949 2200 2005 ὅτι
2232 1949 2332 2005 διὰ
2357 1949 2571 2006 τούτου
2595 1947 2739 2019 ὑμῖν
2762 1947 2980 2019 ἄφεσις
3032 1947 3080 1981 ⁸⁸
3109 1944 3432 2018 ,ἁμαρτιῶν
3460 1963 3677 2016 καταγ-

2109 2038 2407 2111 τέλλεται.

2178 2130 2290 2185 Καὶ
2326 2129 2445 2186 ἀπὸ
2485 2129 2752 2196 πάντων,
2805 2124 2895 2184 ὧν
2942 2129 3055 2184 οὐκ
3091 2128 3434 2198 ἠδυνήθητε
3469 2127 3538 2182 ἐν
3595 2127 3678 2193 τῷ

2108 2218 2273 2292 νόμῳ
2305 2222 2605 2289 Μωυσέως
2628 2219 3047 2291 δικαιωθῆναι,
3075 2220 3146 2276 ἐν
3170 2220 3357 2288 τούτῳ
3377 2216 3496 2287 πᾶς
3523 2222 3556 2274 d
3582 2234 3677 2274 πι-

2106 2313 2342 2368 στεύων
2370 2312 2719 2368 δικαιοῦται.

2179 2404 2444 2461 Βλέπετε
2459 2399 2573 2460 οὗν
2611 2403 2696 2474 μὴ
2719 2403 2943 2476 ἐπέλθῃ
2971 2403 3068 2474 ἐφ’
3094 2400 3250 2474 ὑμᾶς
3266 2402 3330 2458 τὸ
3359 2401 3679 2472 εἰρημένον

2107 2495 2178 2552 ἐν
2197 2495 2322 2563 τοῖς
2346 2495 2698 2566 προφήταις·

2183 2586 2390 2650 Ἴδετε,
2421 2589 2477 2641 οι
2515 2586 2983 2657 καταφρονηταὶ,
3015 2584 3115 2641 καὶ
3161 2584 3528 2656 θαυμάσατε,
3574 2583 3674 2639 καὶ

2108 2675 2485 2746 ἀφανίσθητε
2517 2691 2533 2708 ο
2589 2676 2680 2732 ὅτι
2711 2678 2889 2747 ἔργον
2918 2675 3034 2748 ἐγὼ
3058 2674 3370 2747 ἐργάζομαι
3428 2675 3497 2728 ὲν
3546 2673 3679 2740 ταῖς

2109 2767 2357 2838 ἡμέραις
2381 2767 2555 2838 ἡμῶν
2579 2768 2648 2838 ⁸⁸,
2679 2767 2711 2823 δ
2741 2764 2788 2801 ⁸⁷
2812 2768 2885 2825 οὐ
2909 2768 2995 2840 μὴ
3014 2769 3405 2837 πιστεύσητε,
3458 2764 3568 2821 ἐάν
3588 2782 3679 2832 τις

2105 2860 2452 2932 ἐκδιηγῆται
2476 2859 2637 2932 ὑμῖν.

2181 2974 2325 3047 Ὅρα
2357 2974 2474 3039 πῶς
2498 2973 2720 3030 κλέπτει
2747 2973 2837 3029 τδν
2865 2972 3024 3043 λόγον
3052 2971 3162 3027 ἀπὸ
3209 2971 3320 3028 τῶν
3371 2970 3678 3041 παρόντων,

2110 3063 2219 3121 ἀπὸ
2240 3062 2335 3117 τοῦ
2362 3064 2670 3135 σπέρματος
2698 3063 2794 3118 τοῦ
2830 3063 2951 3118 κατ’
2990 3060 3346 3132 ἐπαγγελίαν.
3418 3062 3534 3114 Οὐκ
3577 3063 3679 3114 ἑπ-

440 3155 836 3220 tcstimonium,
865 3172 962 3225 per
987 3159 1133 3226 quod
1159 3159 1436 3219 assensuri
1464 3171 1654 3215 essent
1673 3175 1737 3215 ac
1759 3161 2006 3230 posituri,

2112 3155 2284 3225 ήγαγε
2334 3155 2392 3208 δὲ
2432 3155 2760 3225 μαρτυρίαν,
2789 3155 2854 3209 δι’
2902 3149 2972 3227 ἧς
3020 3153 3247 3226 ἔμελλον
3297 3153 3562 3216 τίθεσθαι,
3598 3152 3680 3205 ὅτι

438 3243 817 3299 remissionem
874 3255 1222 3315 peccatorum
1275 3262 1373 3316 per
1418 3247 1567 3302 illum
1623 3250 1938 3322 contingere
1993 3267 2010 3305 :

444 3335 598 3404 111
636 3334 691 3389 id
723 3335 869 3389 enim
897 3345 1047 3389 extra
1079 3337 1529 3406 controversiam,
1560 3347 1616 3392 et
1638 3347 1847 3392 certum
1872 3347 2010 3396 erat.

446 3427 618 3481 Videte
654 3416 1050 3493 contemptores,
1085 3435 1134 3480 et
1164 3427 1529 3494 admiramini,
1560 3444 1683 3485 cum
1729 3429 2016 3489 inclamas-

441 3526 525 3573 set
538 3517 845 3573 llabbacum
860 3518 1158 3589 propheta,
1180 3519 1457 3590 respondit
1473 3520 1618 3577 Deus
1643 3521 1921 3597 sceleratis
1951 3537 2017 3578 ac

442 3610 645 3677 noxiis,
683 3610 1036 3666 imminentes
1066 3611 1147 3667 eis
1183 3611 1538 3679 calamitates,
1571 3622 1625 3669 et
1653 3613 1796 3668 mala
1831 3612 2017 3669 futura

441 3701 883 3773 prmsignilicans.
913 3702 1150 3773 Eratque
1181 3718 1268 3757 res
1296 3703 1452 3774 plena
1483 3704 1728 3771 terroris,
1752 3710 1808 3758 ct
1839 3702 2016 3760 admi-

443 3792 693 3859 rationis,
736 3793 1008 3863 quomodo
1048 3794 1282 3864 populus
1316 3793 1664 3862 Isracliticus,
1699 3795 1791 3866 qui
1823 3811 2016 3850 nume-

446 3893 597 3941 ratus
620 3894 738 3942 erat
763 3886 908 3958 inter
936 3886 1075 3944 ﬁlios
1106 3887 1197 3943 Dei
1226 3926 1245 3951 ,
1271 3896 1327 3943 et
1357 3888 1762 3961 primogenitus
1791 3899 2016 3947 vocatus

443 3992 508 4033 ac
540 3985 763 4049 propter
799 3994 961 4050 quem
1015 3979 1247 4050 perierat
1282 3978 1568 4052 A‘ngptus,
1608 3982 1838 4037 traditus
1873 3992 2018 4040 esset

444 4068 755 4141 Babyloniis
805 4085 820 4123 :
875 4078 930 4126 et
973 4085 1082 4126 non
1137 4071 1320 4127 solum
1373 4073 1549 4143 gladio
1577 4114 1593 4141 ,
1630 4089 1820 4129 verum
1851 4074 2016 4130 etiam

443 4160 746 4231 captivitati
790 4177 856 4217 ac
926 4161 1198 4229 servituti,
1250 4171 1307 4217 et
1351 4163 1730 4219 abominandis
1772 4179 1836 4220 ac
1882 4165 2018 4222 diris

446 4253 700 4310 omnibus
754 4252 927 4308 malis.
980 4253 1128 4319 Quod
1178 4270 1277 4308 non
1345 4256 1583 4310 credetis.
1634 4255 1766 4310 Tam
1824 4258 2016 4320 multa,

2114 3243 2311 3312 ἄφεσις
2338 3245 2627 3317 ἁμαρτιῶν
2655 3245 2724 3299 δι’
2756 3245 2923 3303 αὑτοῦ
2949 3246 3159 3315 γίνεται
3189 3262 3205 3278 ο
3228 3247 3405 3303 ὲκεῐνο
3435 3246 3680 3315 ἀναμφμ

2117 3338 2381 3408 σὸήτητον
2408 3332 2497 3406 ἦν.
2531 3336 2727 3401 Ἴδετε,
2751 3339 2806 3392 οἱ
2833 3338 3293 3409 καταφρονηταὶ,
3329 3343 3429 3392 καὶ
3457 3336 3682 3406 θαυμά-

2116 3446 2298 3494 σατε,
2348 3431 2832 3502 κατακεκραγότος
2875 3429 2971 3485 τοῦ
3019 3432 3302 3502 προφήτου
3344 3429 3678 3498 Ἀϐΰακοῦμη

2106 3521 2471 3594 ,ἀποκρίνεται
2497 3524 2525 3577 ὁ
2546 3522 2680 3587 Θεὸς
2708 3524 2819 3585 τοῖς
2844 3520 3091 3577 ἀδικοῦσι
3123 3522 3225 3585 τὰς
3247 3521 3510 3591 ἐσομένας
3540 3537 3681 3590 συμ-

2116 3614 2289 3685 φορὰς
2318 3613 2503 3678 αὐτοῖς
2534 3615 2626 3675 καὶ
2662 3613 2731 3668 τὰ
2759 3614 3023 3684 μέλλοντα
3052 3613 3424 3686 συμϐήσεσθαι
3461 3630 3475 3645 ·
3505 3614 3599 3667 καὶ
3613 3609 3681 3683 ἦν

2118 3705 2319 3776 πολλῆς
2341 3704 2676 3776 ἐκπλήξεως,
2710 3706 2827 3771 πῶς
2854 3708 2883 3761 ὁ
2937 3706 3155 3779 Ἰσραὴλ
3202 3705 3683 3777 κατηριθμημένος

2117 3800 2174 3853 ὲν
2211 3804 2421 3864 τέκνοις
2442 3797 2599 3864 Θεοῦ,
2623 3800 2717 3854 καὶ
2764 3799 3107 3871 πρωτότοκος
3150 3798 3560 3871 ὠνομασμένος,
3588 3798 3683 3851 καὶ

2117 3892 2186 3947 δι’
2214 3894 2272 3955 ὃν
2300 3891 2578 3946 ἀπόλωλεν
2601 3891 2893 3961 Αἴγυπτος,
2925 3890 3284 3963 παραδέδοται
3338 3893 3454 3957 τοῖς
3504 3889 3682 3942 80.60-

2116 3981 2328 4043 λωνίοις
2352 4019 2368 4044 ,
2395 3979 2490 4034 καὶ
2521 3979 2582 4032 οὐ
2616 3979 2777 4051 μόνον
2801 3980 3066 4051 μαχαίρᾳ,
3097 3978 3231 4032 ἀλλὰ
3273 3979 3381 4048 γὰρ
3432 3977 3524 4032 καὶ
3561 3980 3679 4048 dix-

2122 4071 2397 4143 μαλωσίᾳ,
2428 4070 2522 4124 καὶ
2551 4069 2787 4139 δουλείᾳ,
2821 4070 2917 4125 καὶ
2945 4070 3058 4133 τοῖς
3073 4069 3425 4133 ἀπευκταίοις
3454 4068 3682 4123 ἅπασιν.

2124 4165 2185 4217 Ὃ
2219 4166 2291 4218 οὐ
2305 4161 2390 4232 μὴ
2408 4161 2789 4228 πιστεύσητε.
2821 4160 3092 4227 Τοσαῦτα,
3120 4162 3274 4232 φησὶ,
3309 4163 3404 4218 καὶ
3428 4157 3672 4231 τηλικαῦι

2118 4272 2188 4310 τα
2231 4255 2292 4308 τὸ
2322 4253 2552 4325 μέγεθός
2581 4255 2748 4318 ἐστιν,
2781 4253 2923 4307 ὥστε
2956 4255 3054 4309 καὶ
3083 4254 3460 4319 ἀπιστεῖσθαι,
3500 4253 3556 4308 el
3600 4268 3682 4316 τις

446 4341 641 4412 inquit,
693 4358 757 4399 ac
791 4344 1163 4417 magnitudine
1199 4354 1346 4400 tanta
1383 4355 1528 4413 sunt,
1583 4355 1643 4400 ut
1691 4346 1852 4401 etiam
1887 4332 2012 4405 ﬁdes

2119 4348 2260 4403 αὐτά
2310 4349 2438 4419 ὑμῖν
2485 4344 2877 4418 παραγγέλλοι.

444 4448 554 4488 non
581 4433 864 4498 habeatur,
893 4435 937 4489 si
963 4436 1084 4506 quis
1113 4451 1175 4490 ea
1205 4436 1359 4491 vobis
1390 4437 1697 4493 annuntiet.

516 4523 681 4583 Vens.
711 4526 802 4581 ἀεὶ.
872 4525 1196 4580 Exeuntibus
1241 4536 1419 4587 autem
1469 4529 1577 4588 illis
1628 4546 1693 4585 ea:
1744 4546 2013 4603 synagoga
2046 4513 2092 4569 Ῑ)

445 4615 773 4683 Judworum,
801 4620 1056 4689 rogabant
1086 4629 1275 4673 extera:
1306 4622 1570 4691 nationes,
1604 4633 1660 4679 ut
1687 4625 1743 4678 in
1780 4626 2016 4692 sequenti

447 4706 677 4761 Sabbato
704 4708 1037 4780 loquerentur
1062 4710 1159 4765 sibi
1184 4712 1335 4764 verba
1363 4711 1493 4767 lia'c.

515 4817 681 4876 Vens.
709 4821 797 4877 43.
837 4820 1060 4877 Dimisso
1086 4833 1262 4877 autem
1292 4835 1582 4892 conventu,
1614 4827 1767 4880 multi
1798 4825 2015 4881 Judwo-

449 4927 569 4965 rum
601 4921 651 4965 et
701 4912 909 4983 piorum
952 4915 1335 4986 proselytorum
1364 4920 1529 4974 secuti
1554 4928 1672 4973 sunt
1703 4917 1931 4972 Paulum
1963 4927 2013 4973 et

448 5001 774 5069 Barnabam,
835 5006 925 5073 qui
980 5007 1326 5079 colloquentes
1372 5010 1758 5079 persuadebunt
1812 5010 1906 5077 eis,
1957 5019 2014 5065 ut

446 5095 506 5151 in
530 5097 703 5167 gratia
732 5095 832 5151 Dei
850 5108 1260 5167 perseverarent.

526 5300 687 5360 Vsus.
723 5301 812 5358 ιι.
848 5300 915 5359 Et
939 5302 994 5358 in
1024 5305 1259 5375 sequenti
1303 5304 1538 5361 Sabbato
1586 5314 1694 5360 tota
1746 5322 2019 5375 propemo-

452 5397 577 5450 dum
606 5398 788 5453 civitas
818 5398 890 5455 ad
916 5399 1238 5456 audiendum
1276 5400 1487 5456 verbum
1530 5399 1625 5456 Dei
1653 5400 1910 5455 convenit.

2204 4529 2523 4595 Ἐξιόντων
2538 4524 2605 4582 δὲ
2619 4526 2687 4581 ἐκ
2712 4525 2822 4595 τῆς
2839 4526 3195 4598 συναγωγῆς
3214 4524 3335 4583 τῶν
3372 4524 3688 4591 Ἰουδαίων,

2120 4622 2504 4693 παρεκάλουν
2530 4616 2601 4673 τὰ
2629 4617 2795 4684 ἔθνη,
2827 4620 2916 4679 etc
2979 4619 3049 4675 τὸ
3098 4618 3326 4690 μεταξὺ
3386 4616 3692 4673 Σάϐϐατον

2121 4713 2460 4783 λαληθῆναι
2489 4710 2693 4777 αὐτοῖς
2727 4710 2797 4765 τὰ
2820 4711 3082 4781 ῥήματα.

2194 4827 2496 4894 Λυθείσης
2538 4825 2609 4879 δὲ
2650 4824 2760 4893 τῆς
2827 4821 3199 4893 συναγωγῆς,
3262 4824 3694 4890 ἠκολούθησαν

2118 4919 2342 4977 ,πολλοὶ
2373 4918 2492 4972 τῶν
2529 4915 2834 4972 Ἰουδαίων
2856 4917 2957 4972 καὶ
2992 4917 3110 4970 τῶν
3144 4916 3486 4984 σεϐομένων
3506 4928 3695 4983 προσ·

2121 5009 2365 5080 ηλύτων
2394 5005 2474 5071 τῷ
2506 5006 2726 5072 Παύλῳ
2796 5004 2898 5060 καὶ
2945 5004 3027 5070 τῷ
3104 5005 3417 5071 Βαρνάϐᾳο
3472 5006 3690 5069 οἵτινες

2123 5099 2622 5173 προσλαλοῦντες
2644 5098 2885 5161 ἔπειθον
2911 5097 3135 5165 αὐτοὺς
3157 5099 3464 5176 ἐπιμένειν
3485 5096 3557 5165 τῇ
3579 5094 3689 5165 χά-

2116 5211 2238 5265 ριτι
2264 5193 2368 5249 τοῦ
2392 5192 2561 5250 Θεοῦ.

2201 5305 2286 5373 Τῷ
2313 5307 2380 5361 δὲ
2412 5306 2713 5378 ἐρχομένῳ
2743 5306 3019 5371 Σαϐϐάτῳ
3042 5303 3274 5375 σχεδὸν
3309 5300 3478 5358 πᾶσα
3517 5300 3556 5371 ἡ
3583 5298 3693 5354 πό-

2127 5403 2225 5466 λις
2248 5399 2525 5469 συνήχθη
2550 5397 2804 5454 ἀκοῦσαι
2833 5398 2940 5453 τὸν
2961 5400 3147 5467 λόγον
3170 5393 3276 5451 τοῦ
3309 5392 3477 5449 Θεοῦ.

1644 5576 1844 5640 Variae
1875 5574 2185 5639 lectiones
2222 5582 2281 5636 et
2327 5581 2518 5637 notat.

529 5695 574 5725 Μ
606 5697 691 5751 ῖσ.
738 5698 932 5767 λέγων,
984 5710 1097 5767 aut,
1139 5701 1307 5771 λέγει.
1417 5703 1459 5733 δδ
1487 5700 1701 5769 ἄφεσιν,
1730 5712 1862 5755 erat.
1937 5702 1979 5731 λθ

2022 5702 2191 5774 ὑμῶν,
2233 5702 2314 5755 70'.

2393 5700 2435 5730 ⁸⁷
2462 5704 2524 5754 In
2562 5699 2772 5770 ταισίδιο
2801 5710 2893 5765 est,
2924 5695 2986 5769 ᾧ.
