4116 6216
386 361 484 426 701

1082 360 1504 425 EXPOSITIO
1545 361 1629 423 ΙΝ
1667 362 1859 423 ACTA
1887 361 2472 430 APOSTOLORUM.
2507 392 2576 402 —
2615 366 2771 428 CAP.
2800 367 2976 428 XIII.

3542 351 3650 415 702

470 474 727 555 Ἰδόντες
754 471 824 526 δὲ
847 474 901 527 οι
932 471 1200 527 Ἰουδαῖοι
1225 472 1367 540 τοὺς
1389 472 1637 542 ὄχλους,
1660 471 1963 538 ἐπλήσθηο

2143 475 2303 531 Vsus.
2339 477 2428 531 45.
2468 474 2605 530 Visis
2647 484 2825 528 autem
2872 471 3057 535 turbis,
3101 466 3272 524 Juda'i
3311 463 3491 535 repleti
3526 466 3647 515 sunt

385 587 510 627 σαν
538 569 747 637 ζήλου,
773 567 872 622 και
904 567 1237 637 ἀντέλεγον
1272 566 1398 632 τοῖς
1426 567 1546 621 ὑπὸ
1579 565 1686 619 τοῦ
1730 565 1973 618 Παύλου

387 661 765 733 λεγομένοις,
789 658 1210 728 ἀντιλέγοντες
1242 657 1342 710 καὶ
1360 654 1901 725 βλασφημοῦντες.

461 748 1030 819 Παρῤησιασὰμενοι
1059 746 1127 801 δὲ
1152 750 1184 801 d
1230 740 1473 811 Παῦλος
1523 744 1623 798 καὶ
1654 744 1700 776 ⁸⁸
1740 743 1976 813 Βαρνά-

391 844 518 908 ϐας,
551 837 727 895 εἶπον
756 857 770 871 ο
808 840 980 909 ’Υμῒν
1001 836 1080 910 ἦν
1106 837 1438 909 ἀναγκαῖον
1495 835 1733 905 πρῶτον
1784 839 1977 903 λαλη-

392 933 569 1002 θῆναι
598 933 706 988 τὸν
741 934 929 1002 λόγον
953 931 1059 986 τοῦ
1092 930 1240 986 Θεοῦ
1276 947 1290 962 ο
1338 929 1567 998 Leucadii
1606 928 1676 984 δὲ
1728 928 1775 961 ⁸⁸
1818 929 1978 983 deru-

394 1025 596 1080 θεῑσθε
626 1023 836 1088 αὐτὸν,
867 1022 966 1077 καὶ
995 1024 1108 1077 οὐκ
1168 1021 1381 1088 ἀξίους
1436 1021 1671 1090 κρίνετε
1725 1017 1977 1081 ἑαυτοὺς

393 1114 497 1183 τῆς
580 1114 825 1171 αιωνίου
884 1112 1052 1180 ζωῆς,
1124 1112 1254 1168 ὶὸοὺ
1330 1112 1707 1182 στρεφόμεθα
1755 1111 1846 1176 είς
1903 1108 1979 1162 τὰ

394 1211 561 1277 ἔθνη.

397 1393 476 1447 κά
506 1409 580 1446 σε
607 1394 695 1459 είς
727 1390 854 1460 φῶς
881 1388 1094 1455 ἐθνῶν,
1126 1388 1232 1445 τοῦ
1259 1383 1416 1444 εἶναι
1436 1401 1510 1441 σε
1550 1386 1638 1452 εις
1679 1385 1981 1455 σωτηρίαν

397 1483 509 1550 ἓως
537 1482 801 1551 ἐσχάτου
835 1481 946 1549 τῆς
992 1480 1128 1550 γῆς.

481 1576 797 1630 Ἀκούοντα
818 1573 887 1628 δὲ
914 1573 1082 1642 ἔθνη,
1137 1574 1384 1644 ἔχαιρον
1438 1572 1539 1628 καὶ
1569 1569 1853 1636 ἐδόξαζον
1873 1568 1982 1623 τόν

397 1669 587 1736 λόγον
612 1667 720 1723 τοῦ
749 1667 970 1735 Κυρίου
1002 1683 1016 1696 ⁸
1050 1664 1150 1720 καὶ
1196 1666 1571 1721 ἐπίστευσαν
1630 1658 1766 1720 ὅσοι
1816 1658 1981 1734 ἦσαν

397 1761 483 1826 είς
505 1757 658 1826 ζωὴν
702 1756 944 1812 αἰώνιον
970 1756 1338 1826 τεταγμένοι.

470 1847 621 1914 Εἶδες
649 1850 741 1903 τοῦ
768 1848 980 1902 Παύλου
1008 1846 1106 1920 τὴν
1133 1847 1372 1903 σύνεσιν.
1421 1849 1755 1921 Ἐπιθυμίαν
1783 1848 1976 1911 αὐτοῖς

396 1943 657 2011 δευτέρας
698 1940 949 1994 ἐνέϐαλεν
971 1939 1310 2009 ἀκροάσεως,
1339 1938 1510 1993 εἰπών
1534 1958 1656 1994 τινα
1686 1941 1979 2012 σπέρματα

402 2034 499 2089 καὶ
530 2032 604 2105 μὴ
636 2031 902 2095 ὲπιλύσας
923 2048 936 2061 ·
962 2030 1103 2086 ὥστε
1138 2031 1336 2096 αὐτοὺς
1400 2031 1709 2105 ἀναρτῆσαι
1760 2032 1853 2084 καὶ
1897 2029 1980 2083 ol-

401 2126 632 2180 κειῶσαι
665 2124 863 2195 ἐαυτῷ,
918 2123 1011 2178 καὶ
1097 2123 1172 2194 μὴ
1239 2124 1593 2194 χαυνοτέρους
1618 2120 1979 2195 ἐργάσασθαι,

401 2219 480 2289 τῷ
504 2219 551 2252 ⁸⁸
582 2219 759 2281 πάντα
783 2216 979 2285 ἀθρόον
1011 2215 1091 2280 είς
1120 2216 1218 2279 τὰς
1284 2216 1510 2270 ἐκείνων
1567 2216 1723 2286 ῥίψαι
1777 2213 1978 2284 ψυχάς.

357 2379 360 2382 ,
403 2307 538 2365 Eine
564 2312 672 2379 γὰρ
699 2309 804 2374 ὄτι,
836 2310 1065 2375 Ἀφεσις
1088 2307 1372 2377 ἁμαρτιῶν
1394 2309 1528 2378 ἡμῖν
1546 2309 1588 2340 ’ί
1618 2305 1979 2378 ἁπήγγελταιο

402 2400 465 2455 τὺ
491 2399 550 2452 δὲ
580 2398 720 2462 πῶς,
741 2398 842 2453 οὐκ
861 2397 1152 2468 ἐδήλωσεν.
1178 2396 1295 2450 Οὐκ
1347 2397 1606 2453 manus;
1668 2397 1725 2451 δὲ
1783 2396 1982 2457 αὐτοὺς

405 2491 630 2555 εὐθέως,
659 2489 867 2544 ὅτιούκ
897 2484 964 2560 ἦν
994 2488 1210 2559 καιρός.
1266 2487 1507 2552 Μεταξὺ
1564 2488 1620 2540 δὲ
1657 2489 1981 2555 Σαϐϐαῖον,

406 2584 526 2638 ἀντὶ
549 2580 668 2645 τοῦ,
689 2581 751 2634 τὸ
780 2580 1060 2657 ἐσόμενον,
1091 2579 1165 2644 ὡς
1198 2579 1486 2650 σαφηνίζει
1519 2579 1690 2635 κάτω.
1726 2579 1983 2647 Ἰδόντες

410 2675 479 2730 δὲ
511 2678 565 2731 οί
605 2672 869 2730 Ἰουδαῖοι
899 2673 1039 2738 τοὺς
1065 2672 1310 2741 ὄχλους,
1337 2671 1742 2741 ἐπλήσθησαν
1777 2668 1981 2737 ζήλου.

411 2762 694 2833 Τοσαύτης
720 2762 766 2793 ⁹¹
805 2760 905 2831 τῆς
938 2760 1239 2832 βασκανίας
1266 2763 1299 2832 ὴ
1322 2761 1577 2833 τυραννίς
1594 2777 1608 2791 ’
1634 2760 1819 2815 πολλοὶ
1874 2760 1985 2833 γὰρ

410 2857 667 2926 τήκονται
691 2854 783 2908 καὶ
801 2851 1149 2918 ἀπόλλυνται,
1170 2853 1298 2906 ὅταν
1325 2853 1410 2906 ἑτέ
1420 2870 1542 2924 ρους
1567 2852 1986 2922 εὐδοκιμοῦντας

416 2947 618 3001 ἴδωσιν.
672 2946 736 2999 Οἱ
777 2944 1006 2998 τοιοῦτοι
1037 2944 1115 3008 δὲ,
1150 2944 1212 2997 οὐ
1238 2944 1318 3015 τῷ
1346 2942 1562 3015 ἀδελφῷ
1590 2944 1665 3013 ³³,
1702 2945 1838 2999 ἀλλὰ
1889 2944 1986 3000 καὶ

411 3039 489 3108 τῷ
505 3038 774 3110 Θελήματι
803 3036 898 3092 τοῦ
923 3035 1061 3091 Θεοῦ
1102 3036 1385 3108 μάχονται.
1468 3034 1702 3105 Ἐπειδὴ
1732 3034 1799 3089 δὲ
1831 3035 1987 3090 ἀπω-

463 1244 627 1355 obrui
657 1302 766 1371 γὰρ
797 1299 1143 1355 ἐντέταλται
1184 1297 1330 1367 ἡμῖν
1384 1297 1418 1350 ὁ
1470 1295 1679 1362 Κύριος
1732 1308 1747 1323 ⁸
1783 1292 1978 1347 Τέθειη
2015 1244 2019 1249 ⁸

2075 568 2438 633 aemulatione,
2501 576 2549 622 et
2603 565 3028 621 contradicebant
3076 562 3164 624 iis,
3219 572 3336 629 qua
3380 572 3414 610 a
3474 553 3649 607 Paulo

2075 660 2405 721 dicebantur,
2442 657 2789 713 reclamantes
2814 671 2879 709 ac
2910 653 3299 709 maledicentes.

2146 749 2312 805 Vsus.
2343 750 2432 809 46.
2458 748 2569 805 Sed
2595 748 2799 802 Paulus
2830 757 2877 801 et
2924 745 3205 800 Barnabas
3255 740 3496 795 libertate
3546 734 3651 790 lin-

2074 860 2190 914 gua:
2222 844 2306 896 usi
2334 843 2577 897 dicebant
2615 858 2633 896 :
2676 840 2826 895 Vobis
2866 838 3221 893 necessarium
3273 840 3387 887 erat
3421 831 3650 901 primum

2076 935 2264 1005 exponi
2312 936 2519 989 verbum
2577 933 2714 988 hei:
2773 931 2862 986 sed
2913 930 3163 999 quoniam
3222 924 3440 993 rejicitis
3494 917 3648 982 illud,

2075 1037 2124 1085 et
2164 1036 2355 1082 uosmet
2408 1026 2727 1095 sempiterna
2772 1024 2880 1078 vita
2939 1021 3180 1089 indignos
3220 1015 3490 1079 iudicatis,
3537 1025 3651 1065 cere

2075 1117 2422 1172 convertimus
2445 1131 2539 1170 nos
2560 1115 2629 1168 ad
2651 1122 2859 1169 exteras
2898 1110 3156 1164 nationes.

2144 1300 2311 1359 Vens.
2353 1298 2445 1352 47.
2481 1294 2621 1349 Nam
2651 1294 2727 1347 ita
2769 1291 2914 1345 nobis
2957 1284 3230 1341 mandavit
3271 1281 3409 1335 Deus
3442 1293 3459 1332 :
3494 1278 3652 1333 Posui

2078 1405 2128 1451 te
2158 1409 2252 1464 pro
2291 1390 2486 1445 lumine
2517 1387 2771 1459 gentium,
2813 1393 2870 1437 ut
2902 1380 3068 1437 saluti
3112 1377 3185 1432 sis
3229 1389 3390 1444 usque
3440 1372 3509 1425 ad
3558 1384 3653 1423 ex-

2078 1498 2300 1543 tremum
2334 1493 2509 1537 ιοννιε.

2152 1575 2313 1632 Vsas.
2347 1575 2436 1630 48.
2467 1575 2601 1639 Quis
2622 1570 2893 1625 audientes
2926 1573 3121 1620 extera:
3162 1567 3363 1632 gentes,
3396 1553 3656 1610 [relaban-

2078 1678 2186 1736 tur,
2246 1677 2296 1723 et
2343 1664 2620 1738 magniﬁce
2673 1658 3022 1729 loquebantur
3073 1655 3135 1707 de
3192 1649 3343 1705 uerbo
3399 1642 3653 1698 Domini:

2080 1771 2129 1817 et
2149 1757 2476 1814 crediderunt
2507 1757 2756 1823 quotquot
2797 1754 2949 1800 erant
2998 1739 3248 1796 destinati
3270 1738 3392 1790 vita:
3419 1744 3651 1789 attente.

2149 1846 2343 1903 Vidisti
2375 1818 2529 1898 Pauli
2560 1818 2926 1911 prudentiam.
2964 1828 3278 1886 Secundum
3326 1824 3432 1879 illis
3466 1818 3658 1891 injecit

2082 1939 2325 1998 studium
2381 1951 2445 1990 ac
2498 1929 2829 1987 desiderium
2883 1921 3159 1982 audiendi.
3212 1933 3337 1974 cum
3386 1913 3658 1985 proferret

2081 2029 2290 2088 semina
2318 2025 2588 2096 quaedam,
2619 2034 2740 2090 quae
2771 2032 2882 2072 non
2912 2011 3223 2085 eXponebat
3256 2022 3272 2062 :
3303 2014 3364 2062 ut
3412 2005 3531 2059 illos
3557 2001 3656 2057 de-

2081 2120 2321 2180 vinciret
2340 2127 2396 2174 et
2421 2114 2737 2173 conciliaret
2761 2109 2888 2171 sibi,
2922 2122 3028 2162 nec
3071 2101 3388 2160 tumidiores
3413 2106 3469 2153 et
3501 2093 3659 2150 inﬂa-

2043 2213 2254 2281 ,tiores
2305 2208 2561 2270 efficeret,
2615 2202 2799 2258 omnia
2846 2198 3009 2255 simul
3064 2196 3122 2251 in
3179 2205 3350 2247 unum
3400 2193 3657 2258 congesta

2085 2304 2284 2361 animis
2333 2313 2523 2356 eorum
2576 2292 2896 2366 injicienda.
2952 2287 3095 2344 Dixit
3149 2284 3335 2341 enim:
3383 2276 3658 2333 Remissio

2083 2400 2432 2469 peccatorum
2459 2388 2613 2445 vobis
2654 2381 3048 2447 annuntiatur;
3083 2376 3177 2433 sed
3226 2371 3497 2444 quomodo
3544 2383 3658 2423 non

2085 2460 2429 2559 signiﬁcavit.
2460 2481 2733 2536 Caeterum
2784 2488 2897 2529 non
2953 2467 3249 2539 baptizavit
3294 2478 3390 2520 eos
3423 2460 3606 2516 statim
3640 2476 3655 2513 :

2085 2554 2213 2650 quia
2254 2574 2364 2630 non
2415 2579 2534 2629 erat
2581 2578 2797 2638 tempus
2846 2569 3242 2634 opportunum.
3284 2554 3442 2622 Quod
3474 2559 3658 2607 autem

2084 2647 2251 2736 dicit;
2281 2668 2361 2733 εἰς
2390 2665 2451 2719 τδ
2482 2661 2685 2735 μεταξῦ
2719 2656 3020 2720 Σάϐϐατον,
3045 2652 3189 2723 quod
3226 2647 3429 2718 alioqui
3477 2653 3656 2704 sonat,

2085 2764 2153 2820 ad
2209 2760 2579 2829 interiectum,
2628 2762 2686 2809 et
2712 2750 2858 2823 quod
2906 2744 3285 2803 intercedebat
3328 2738 3655 2801 Sabbatum,

2087 2854 2324 2926 positum
2354 2827 2443 2905 est
2468 2863 2566 2919 pro
2594 2847 2674 2911 εἰς
2693 2846 2754 2899 τὸ
2778 2842 3036 2911 ἐσόμενον
3066 2835 3367 2897 Σὰὁὸατον,
3390 2831 3441 2885 id
3467 2837 3552 2885 est
3589 2827 3657 2880 ad

2086 2919 2329 3004 l‘uturum
2358 2940 2676 3003 Sabbatum,
2705 2944 2764 2991 ut
2793 2932 2932 2989 infra
2948 2929 3223 3001 explanat.
3242 2925 3480 2980 Videnles
3501 2919 3659 2989 112

2088 3046 2267 3092 autem
2294 3032 2470 3089 Judazi
2515 3027 2895 3088 multitudines,
2937 3021 3120 3089 repleti
3152 3026 3272 3073 sunt
3298 3012 3657 3070 aemulatione.

412 3101 790 3185 θεῖσθεῗἽνα
823 3130 896 3201 μή
918 3146 1004 3192 τις
1036 3101 1326 3192 sli-iudaice
1347 3124 1488 3182 εἶναι
1519 3101 1717 3199 νομίσῇ
1740 3128 1822 3191 τὸ,
1857 3127 1979 3181 Οὐκ

2089 3127 2260 3182 Tanta
2294 3121 2512 3179 invidiae
2560 3116 2803 3189 tyrannis
2849 3121 2954 3169 est.
2991 3109 3141 3165 Multi
3187 3105 3333 3163 enim
3374 3101 3663 3158 tabescunt

2640 3207 2652 3214 '
2678 3206 2691 3214 ·
2762 3206 2774 3214 ·
2830 3213 2833 3214 ν
2899 3202 2933 3214 ’⁸
3152 3212 3162 3214 ~
3199 3196 3244 3214 9A
3279 3192 3450 3214 μ-Αιέι.
3513 3196 3563 3214 ’.ι
3595 3188 3661 3214 ΑΙ.

410 3223 622 3288 ἀξίους
681 3222 913 3291 κρίνετε
963 3219 1217 3287 ἑαυτοὺς
1264 3218 1377 3287 τῆς
1429 3219 1671 3274 αἰωνίου
1710 3217 1877 3287 ζωῆς,
1898 3217 1989 3273 διὰ

413 3314 570 3371 τοῦτο
598 3313 816 3385 πρῶτον
878 3312 1056 3377 εἶπεν,
1112 3311 1462 3368 Ἀπωθεῒσθε
1491 3311 1700 3375 αὐτὸν,
1741 3310 1834 3363 καὶ
1868 3309 1987 3365 τότε

414 3404 497 3468 τδ,
553 3404 930 3474 Στρεφόμεθα
966 3405 1053 3469 εὶς
1090 3403 1161 3457 τὰ
1184 3402 1353 3471 ἔθνη.
1393 3402 1507 3456 Οὐκ
1537 3399 1663 3455 εἷπε
1693 3400 1769 3464 δὲ,
1801 3402 1989 3455 Καταο

411 3495 753 3565 λιμπάνομεν
782 3495 947 3566 ὑμᾶς·
980 3492 1095 3548 ἀλλ’
1126 3493 1268 3547 ὥστε
1302 3492 1547 3558 δυνατὸν,
1576 3492 1732 3562 φησὶ,
1760 3493 1879 3557 καὶ,
1902 3492 1990 3545 ὲν-

412 3586 583 3642 ταῦθα
600 3587 762 3640 πάλιν
784 3586 1113 3659 στραφῆναι.
1148 3583 1383 3640 Τέθεικά
1401 3600 1474 3638 σε
1500 3586 1586 3652 εις
1612 3583 1738 3654 φῶς
1755 3582 1944 3638 ἐθνῶν
1972 3623 1988 3651 ,

416 3680 714 3743 τουτέστιν,
764 3676 846 3739 είς
876 3674 1078 3744 γνῶσιν
1106 3674 1205 3746 τὴν
1242 3674 1335 3729 ἐπὶ
1388 3672 1673 3744 σωτηρίᾳ·
1746 3671 1841 3725 καὶ
1894 3670 1993 3740 οὐχ

419 3770 604 3835 ἁπλῶς
630 3768 820 3835 ἐθνῶν,
853 3767 989 3823 ἀλλὰ
1011 3768 1253 3824 πάντων.
1316 3767 1493 3835 Ὅσοι
1521 3762 1686 3838 ἦσαν
1716 3762 1996 3835 τεταγμέ-

415 3879 508 3918 νοι
542 3862 797 3932 είςζωὴν
819 3861 1080 3918 αἰώνιον.
1104 3860 1441 3930 Τεταγμένοι
1468 3859 1547 3923 δὲ,
1579 3860 1638 3912 οὐ
1670 3860 1790 3912 κατ’
1818 3860 1996 3929 ἀνάγ-

420 3975 539 4031 κην.
571 3956 689 4022 Οὓς
723 3954 854 4028 γὰρ,
914 3954 1069 4025 φησι,
1102 3951 1388 4021 προέγνω,
1419 3950 1515 4005 καὶ
1551 3950 1860 4020 προώρισε.
1894 3949 1995 4005 Γέ-

424 4064 514 4113 νος
551 4048 654 4120 μὲν
677 4046 771 4102 οὖν
798 4046 894 4099 τοῦ
927 4045 1134 4122 Κυρίου
1185 4042 1327 4107 κατὰ
1376 4041 1576 4114 σάρκα,
1626 4042 1781 4111 κοινὴ
1820 4040 1865 4073 ³⁸
1897 4040 1997 4110 μὲν

420 4142 612 4196 ἅπασα
632 4139 739 4193 τῶν
767 4136 1073 4209 ἀνθρώπων
1104 4137 1137 4205 ἠ
1171 4133 1333 4205 φύσις
1363 4148 1378 4164 ο
1428 4133 1562 4187 ἴδιον
1588 4133 1647 4186 δὲ
1692 4133 1786 4186 καὶ
1830 4132 1997 4187 πελά-

416 4232 533 4298 ζον.
562 4235 592 4287 ὁ
622 4231 857 4303 Ἰσραήλ.
894 4226 1114 4299 Ἐπειδὴ
1137 4226 1317 4281 τοίνυν
1343 4225 1480 4296 πρὸς
1513 4224 1613 4295 μὲν
1650 4223 1740 4277 τὸν
1781 4222 1998 4293 Ἰσραὴλ

417 4324 781 4398 παρεγένετο,
816 4321 886 4376 τὰ
913 4322 972 4377 δὲ
1010 4321 1139 4392 ἔθνη
1168 4319 1259 4375 διὰ
1313 4317 1424 4373 τῶν
1482 4306 1797 4372 ἀποστόλων
1852 4315 1999 4387 ἐφώ-

418 4434 560 4479 τισε,
592 4415 802 4470 δέδωκά
828 4432 911 4478 σε,
942 4412 1098 4486 φησὶ,
1138 4410 1352 4476 τούτοις
1381 4409 1473 4464 διὰ
1528 4408 1628 4481 τὴν
1678 4407 1817 4478 πρὸς
1869 4407 1998 4471 τοὺς

2090 3220 2427 3287 acpereunt,
2452 3188 2844 3265 cumividerint
2866 3202 3003 3259 alios
3047 3212 3170 3254 esse
3198 3196 3253 3250 in
3278 3192 3477 3264 pretio,
3510 3196 3567 3244 et
3593 3188 3664 3241 ob

2089 3285 2318 3361 virtutes
2369 3317 2497 3359 suas
2553 3300 2694 3356 bene
2739 3294 2949 3355 audire,
2992 3298 3050 3346 et
3073 3285 3358 3344 hominum
3411 3288 3662 3335 sermone

2090 3397 2377 3457 celebrari.
2414 3393 2521 3451 Sed
2553 3389 2649 3462 qui
2669 3388 2803 3444 tales
2820 3394 2969 3449 sunt,
2996 3396 3109 3437 non
3137 3376 3301 3435 modo
3324 3388 3448 3462 cum
3474 3371 3659 3432 fratre,

2091 3504 2283 3547 verum
2321 3487 2484 3542 etiam
2520 3461 2645 3539 cum
2676 3478 2959 3538 voluntate
2985 3472 3083 3528 Dei
3105 3475 3370 3542 pugnant.
3405 3461 3506 3518 Sed
3535 3474 3659 3530 quo-

2094 3582 2242 3637 niam
2281 3574 2497 3647 rejicitis
2528 3571 2660 3627 illud
2695 3578 2806 3624 etc.
2837 3565 2919 3621 Ne
2965 3561 3089 3632 quis
3126 3553 3467 3615 verecundia:
3487 3564 3551 3604 ac
3581 3563 3668 3601 re-

2093 3669 2309 3743 ligionis
2329 3643 2449 3723 esse
2476 3670 2653 3734 putet,
2691 3656 2836 3729 quod
2860 3654 2990 3711 dicit
3026 3670 3041 3707 :
3086 3650 3296 3705 Vosmet
3350 3643 3668 3714 sempiterna

2094 3734 2265 3818 salute
2313 3757 2552 3826 indignos
2602 3749 2887 3823 iudicatis,
2936 3743 3140 3799 idcirco
3195 3739 3433 3809 primum
3492 3734 3667 3789 dixit:

2096 3853 2334 3924 Rejieitis
2363 3816 2498 3904 illud
2527 3863 2546 3902 :
2572 3816 2639 3901 ac
2664 3851 2795 3900 tunc
2826 3854 2841 3894 :
2872 3836 3230 3897 Convenimus
3261 3847 3353 3885 nos
3373 3829 3445 3885 ad
3462 3816 3670 3883 exteras

2096 3916 2357 4002 iiuiiones.
2387 3939 2507 3995 Non
2545 3936 2682 3993 dixit
2712 3940 2894 3989 autem
2925 3944 2939 3984 :
2993 3923 3374 3994 Relinquimus
3406 3932 3525 3980 vos,
3574 3916 3670 3970 sed

2096 4039 2193 4103 ita,
2251 4044 2313 4089 ut
2353 4032 2469 4088 ﬁeri
2520 4027 2724 4100 possit,
2767 4022 2966 4093 inquit,
3017 4026 3077 4075 ut
3125 4016 3289 4071 etiam
3343 4011 3438 4065 illo
3482 4020 3671 4061 rursus

2098 4132 2456 4184 revertamur.
2488 4118 2652 4174 Posui
2688 4126 2738 4171 te
2796 4116 2854 4168 in
2899 4112 3075 4167 lumen
3122 4105 3400 4180 gentium;
3431 4101 3537 4155 hoc
3590 4104 3674 4150 est

2099 4216 2170 4275 ad
2219 4214 2614 4285 cognitionem,
2660 4223 2782 4279 quae
2808 4205 2973 4262 faciat
3014 4202 3083 4257 ad
3124 4199 3408 4255 salutem:
3460 4199 3516 4253 et
3562 4202 3671 4242 non

2100 4308 2421 4380 simpliciter
2469 4304 2734 4377 gentium,
2779 4302 2874 4354 sed
2932 4295 3196 4355 omnium,
3255 4293 3481 4362 quoquot
3522 4291 3673 4338 erant

2100 4413 2314 4460 eterna:
2349 4401 2470 4455 vita:
2493 4394 2766 4452 destinati.
2793 4389 3056 4447 Destinati
3094 4393 3300 4450 autem,
3338 4396 3448 4436 non
3478 4390 3675 4434 neces-

421 4509 668 4580 πατέρας
696 4506 877 4561 αὑτῶν
893 4469 1271 4576 γε’γεντίμένην
1305 4469 1640 4573 εἰσαγγελίαν
1673 4513 1687 4528 ⁸
1723 4469 1922 4571 ’φωτιῶ
1939 4469 1989 4553 δέ

2102 4497 2279 4555 sitate.
2331 4493 2475 4560 Quos
2502 4490 2676 4553 enim,
2722 4483 2920 4555 inquit,
2962 4490 3084 4536 ante
3135 4480 3464 4548 cognoverat,
3514 4469 3675 4524 etiam

421 4599 510 4653 διὰ
532 4599 627 4653 σοῦ
649 4600 719 4652 τὰ
752 4597 903 4669 ἔθνη,
934 4597 1029 4653 καὶ
1052 4598 1222 4652 πᾶσιν
1253 4594 1568 4667 ἀνθρώποις
1619 4592 1842 4665 παρέξω
1884 4588 1999 4663 ’τὴν

426 4692 702 4763 σωτηρίαν
727 4690 906 4760 (τοῦτο
929 4689 1040 4759 γὰρ
1072 4688 1329 4759 σημαίνει
1367 4687 1448 4752 τὸ,
1478 4688 1624 4747 Ἕως
1650 4685 1880 4756 ἐσχάτου
1900 4685 2001 4754 τῆς

423 4782 573 4853 γῆς),
605 4783 702 4836 καὶ
726 4781 899 4853 πέρας
928 4780 1176 4851 ἐπιθήσω
1228 4780 1349 4841 ταῖς
1394 4777 1530 4849 πρὸς
1578 4777 1706 4840 τοὺς
1760 4774 2002 4846 πατέρας

420 4872 604 4929 αὐτῶν
630 4872 1027 4943 γεγενημέναις
1045 4870 1361 4941 συνθήκαις.
1392 4867 1503 4939 Τὴν
1550 4868 1659 4939 γὰρ
1711 4866 1998 4940 διαθήκην,

423 4963 702 5036 συνθήκην
727 4964 777 5017 οἱ
809 4962 991 5017 λοιποὶ
1045 4961 1423 5032 ἡρμήνευσαν.
1474 4958 1584 5015 Καὶ
1627 4959 2001 5015 ἐπίστευσαν

422 5050 558 5109 ὅσοι
581 5047 747 5123 ἦσαν
796 5047 1139 5119 τεταγμένοι
1195 5049 1283 5113 είς
1333 5044 1487 5116 ζωὴν
1532 5044 1791 5102 αιώνιον.
1840 5046 1999 5102 Κατὰ

425 5142 737 5212 πρόγνωσιν
771 5141 871 5213 μὲν
892 5142 941 5196 οἱ
963 5140 1288 5212 τεταγμένοι
1311 5139 1392 5203 εἰς
1439 5138 1588 5210 ζωὴν
1607 5177 1624 5203 ,
1652 5140 1820 5211 ἧγουν
1847 5139 1998 5209 ἀφω-

426 5235 696 5303 ρισμένοι,
729 5226 875 5287 οὗτοι
901 5233 1251 5295 ἐπίστευσαν,
1275 5231 1412 5305 πλὴν
1462 5231 1641 5303 οἰκείᾳ
1669 5232 1862 5304 γνώμῃ
1901 5231 1995 5286 καὶ

420 5325 765 5398 προαιρέσει.
823 5324 890 5381 Ἦ
934 5324 992 5379 δὲ
1044 5322 1306 5378 τοῦθεοῦ
1346 5323 1670 5395 πρόγνωσις,
1714 5323 1813 5377 οὐκ
1838 5324 1990 5377 ἀναι-

427 5421 507 5493 ρεῖ
532 5420 632 5491 τῆς
656 5417 935 5490 ἡμετέρας
960 5415 1269 5488 βουλήσεως
1321 5415 1384 5470 τὸ
1414 5414 1759 5481 αὐτεξούσιον
1790 5455 1805 5480 ,
1858 5414 1993 5468 ὅπου

2106 4588 2519 4666 prwdestinavit.
2569 4584 2755 4641 Genus
2803 4580 2970 4651 igitur
3021 4572 3260 4636 Domini,
3288 4556 3432 4641 quod
3461 4564 3528 4621 ad
3561 4578 3679 4619 car-

2104 4700 2232 4742 nem
2256 4682 2471 4744 attinet,
2496 4688 2791 4732 commune
2845 4669 3062 4742 quidem
3094 4671 3179 4721 est
3211 4660 3494 4717 hominum
3528 4654 3678 4710 natio

2109 4777 2365 4833 universa
2397 4785 2412 4824 :
2441 4767 2726 4841 proprium
2763 4777 2896 4819 vero
2919 4769 2976 4816 et
3003 4755 3391 4830 propinquum,
3426 4761 3559 4821 gens
3599 4744 3677 4800 ls-

2106 4860 2395 4920 raelitica._
2425 4835 2698 4923 Quoniam
2735 4851 2903 4923 igitur
2945 4848 3015 4904 ad
3064 4843 3423 4901 lsraeliticum
3455 4835 3678 4908 quidem

2106 4954 2367 5029 populum
2427 4951 2547 5022 ipse
2596 4947 2770 5012 venit,
2833 4956 3052 5001 exteras
3103 4955 3236 4996 vero
3278 4936 3528 4992 nationes
3583 4944 3679 5001 per

2106 5028 2382 5120 apostolos
2404 5040 2734 5099 illuminavit
2764 5058 2779 5095 ε
2812 5037 2943 5093 Dedi
2978 5042 3053 5101 te,
3087 5031 3287 5102 inquit,
3326 5028 3431 5089 his,
3457 5029 3681 5099 propter

2103 5154 2245 5204 eam,
2281 5151 2402 5208 quae
2426 5132 2729 5205 maioribus
2761 5142 2950 5185 eorum
2986 5123 3204 5188 accidit,
3232 5116 3676 5192 promissionem;

2101 5202 2424 5286 illuminabo
2460 5202 2642 5281 autem
2680 5237 2778 5293 per
2808 5230 2860 5275 te
2896 5218 3132 5288 reliquas
3167 5220 3378 5286 gentes,
3410 5215 3465 5261 et
3500 5202 3677 5258 omni-

2088 5321 2195 5377 bus
2252 5318 2568 5376 bominibus
2612 5314 2865 5387 praebebo
2921 5310 3189 5372 salutem;
3241 5304 3343 5358 hoc
3403 5297 3550 5354 enim
3604 5294 3680 5350 si-

2102 5412 2320 5484 gniﬁcat
2369 5410 2423 5466 id
2471 5409 2616 5482 quod
2670 5406 2839 5475 dicit,
2902 5403 2972 5458 ad
3027 5408 3321 5455 extremum
3392 5399 3581 5455 teme,
3623 5396 3679 5444 et

1611 5549 1810 5612 Varia)
1854 5547 2167 5612 lectiones
2209 5554 2271 5611 et
2300 5552 2495 5610 notia.

499 5696 545 5728 ’⁸⁸
582 5697 641 5753 In
678 5698 891 5767 vulgato
929 5698 1194 5767 appositus
1258 5706 1333 5751 est
1388 5697 1666 5761 articulus,
1699 5699 1748 5752 ὁ.
1824 5698 1868 5732 θ’
1893 5697 1969 5762 δὲ,

2089 5714 2128 5751 ιιι
2175 5706 2247 5751 est
2292 5697 2346 5750 in
2408 5692 2786 5767 manuscriptn,
2861 5691 2906 5722 ’θ
2940 5688 3017 5754 τὸ,
3080 5695 3215 5742 erat.
3290 5685 3334 5722 ⁹¹
3372 5682 3458 5740 la.
3510 5680 3662 5753 ὑμῖν·

422 5770 471 5806 θ’
499 5767 847 5841 {cummari}.

941 5761 1234 5824 “Videtur
1264 5768 1404 5823 locus
1436 5767 1671 5835 mutilus,
1691 5784 1753 5821 ac
1783 5769 2096 5833 desiderari,
2126 5768 2305 5838 μόνον.
2382 5764 2428 5798 ³⁸
2462 5764 2547 5821 ῐσ.
2582 5761 2761 5815 κοινόν
