4116 6216
359 267 469 330 705

1083 263 1491 324 EXPOSITIO
1515 265 1594 325 1N
1638 266 1822 326 ACTA
1865 267 2438 332 APOSTOLORUM.
2469 297 2536 307 —
2576 273 2739 334 CAP.
2780 274 2937 338 XIV.
3522 280 3626 342 706

358 373 555 433 αὐτοὺς
607 369 682 432 ὡς
718 368 812 422 καὶ
855 369 990 440 πρξς
1041 370 1312 441 Ἕλληνας
1355 371 1718 441 διαλέγεσθαι.
1767 376 1833 427 Ol
1871 373 1940 427 δὲ

2050 378 2471 434 excusationem.
2501 379 2807 438 Verisimile
2859 390 2943 439 est
2998 392 3180 439 autem
3213 399 3308 441 eos
3356 392 3626 445 sermoci—

359 459 750 524 ἀπειθοῦντες
795 459 1072 513 Ἰουδαῖοι
1131 461 1456 530 ἐπήγειραν
1485 464 1581 516 καί
1618 463 1940 518 ἐκάκωσαν

358 554 464 618 τὰς
523 551 727 620 ψυχὰς
763 551 881 604 τῶν
923 551 1115 606 ἐθνῶν
1168 554 1318 606 κατὰ
1346 553 1466 608 τῶν
1495 555 1796 624 ἀδελφῶν.
1829 556 1941 610 Καὶ

358 646 429 700 τὰ
453 644 582 715 ἔθνη
614 645 935 715 ἐπήγειραν,
959 645 1032 710 ὡς
1062 647 1162 700 οὐκ
1213 646 1510 716 ἅρκοῦντε;
1555 648 1731 702 αὐτοί.
1763 650 1940 702 Ἐκεῖο

360 738 452 792 θεν
484 737 542 790 δὲ
574 737 676 791 οὐκ
705 737 962 807 ἐξῆλθονο
997 739 1056 791 οὐ
1083 741 1192 811 γὰρ
1230 739 1540 803 ἐδιώκοντο,
1589 738 1705 793 ἀλλ’
1741 739 1935 793 ἐπολε-

362 829 560 905 μοῦντο
591 830 772 900 μόνον.
841 828 1082 884 Ἱκανὸν
1133 831 1250 900 μὲν
1278 826 1394 886 οὖν
1449 831 1675 900 χρόνον
1726 830 1941 900 διέτρι-

358 931 486 998 «ig-ar
533 922 1237 996 παρρησιαζόμενοι-Τὴν
1273 924 1372 995 μὲν
1427 924 1744 995 παῤῥησιαν
1768 925 1941 978 ἐποίει

358 1021 391 1089 ἡ
425 1019 606 1074 αὐτῶν
638 1013 917 1092 προθυμία
939 1031 954 1047 ⁸
978 1015 1039 1068 τὸ
1062 1015 1118 1068 δὲ
1148 1016 1435 1070 πιστεῦσαι
1463 1018 1591 1079 τοὺς
1611 1017 1940 1080 ἀκούοντας,

356 1112 467 1165 τῶν
495 1113 741 1181 σημείων
763 1107 833 1181 ἦν
862 1124 874 1138 ·
905 1107 1151 1161 συντελεῖ
1172 1107 1229 1160 δέ
1267 1125 1320 1161 τι
1351 1108 1499 1179 καὶή
1530 1107 1833 1181 παρῤησία.

2045 479 2208 523 natos
2238 485 2360 526 esse
2382 473 2447 528 ad
2477 473 2597 528 illos
2625 476 3081 544 quemadmodum
3103 478 3265 532 etiam
3287 479 3356 534 ad
3387 479 3626 536 Graecos.

2044 558 2149 613 Sed
2175 561 2350 616 Judaei
2393 566 2483 628 qui
2512 581 2613 618 non
2663 569 2964 633 credebant,
2991 569 3384 623 concitaverunt
3420 588 3481 624 ac
3537 576 3629 626 de-

2045 663 2402 718 pravaverunt
2478 655 2684 710 animos
2783 659 3017 728 gentium
3089 661 3339 714 adversus
3413 663 3626 730 fratres.

2045 741 2219 796 Etiam
2242 752 2429 814 gentes
2459 748 2898 813 concitaverunt,
2936 759 3196 820 tanquam
3229 751 3330 820 ipsi
3362 768 3471 806 non
3499 756 3590 808 sui
3609 786 3630 795 -

2046 832 2330 900 ﬁcientes,
2389 837 2483 892 sed
2530 837 2679 893 illinc
2728 855 2841 894 non
2896 841 3101 912 egressi
3131 850 3258 896 sunt
3291 859 3305 895 :
3339 859 3449 898 non
3480 845 3626 899 enim

2049 923 2396 994 fugabantur,
2422 929 2518 991 sed
2561 927 2826 986 duntaxat
2885 933 3362 1003 oppugnabantur.
3395 934 3468 989 Ac
3493 938 3625 990 satis

2051 1017 2276 1072 multum
2303 1021 2514 1089 quidem
2541 1033 2745 1090 tempus
2775 1034 3203 1092 consumpserunt
3235 1025 3394 1080 libere
3411 1026 3628 1096 loquen-

2052 1118 2146 1165 tes.
2187 1111 2516 1174 Libertatem
2561 1115 2781 1185 quidem
2813 1117 3071 1189 loquendi
3106 1117 3374 1175 elliciebat
3409 1116 3624 1176 illorum

359 1205 612 1259 alacritas
654 1213 710 1259 et
776 1199 942 1257 animi
991 1199 1362 1269 promptitudo
1395 1217 1408 1253 :
1445 1199 1541 1254 sed
1572 1208 1632 1253 ut
1667 1198 1956 1255 crederent
2025 1201 2118 1270 qui
2169 1203 2480 1272 audiebant,
2525 1206 2804 1277 signorum
2860 1216 2978 1263 erat
3025 1207 3276 1264 eil'ectus.
3315 1210 3624 1280 Adiuvabat

359 1307 540 1354 autem
573 1315 683 1353 rem
708 1300 956 1353 nonnihil
989 1295 1150 1352 etiam
1177 1295 1376 1366 linguae
1405 1294 1654 1352 libertas.

443 1392 726 1461 Ἐσχίσθη
771 1390 840 1444 δὲ
886 1391 953 1444 τὸ
1009 1386 1245 1456 πλῆθος
1287 1386 1398 1456 τῆς
1453 1389 1710 1454 πόλεως,
1741 1389 1930 1442 καἰοί

359 1485 474 1557 μὲν
499 1481 662 1556 ἦσαν
723 1485 846 1540 σὺν
895 1485 1021 1552 τοῖς
1081 1481 1420 1549 Ἰουδαίοις,
1452 1484 1507 1537 οἰ
1536 1481 1624 1548 δὲ,
1660 1481 1782 1537 σὺν
1818 1481 1943 1549 τοῖς

365 1576 754 1641 ἀποστόλοις.

443 1669 540 1734 Ὠς
567 1666 636 1720 δὲ
653 1669 890 1738 ἐγένετο
956 1667 1108 1737 ὁρμὴ
1155 1665 1272 1721 τῶν
1317 1663 1513 1722 ἐθνῶν
1551 1681 1616 1719 τε
1658 1668 1758 1719 καὶ
1793 1667 1942 1722 Ἰου-

2112 1387 2273 1444 Vens.
2328 1389 2382 1444 4.
2450 1389 2634 1444 Divisa
2684 1401 2760 1445 est
2798 1401 2974 1447 autem
3003 1393 3208 1446 urbana
3229 1393 3531 1458 multitudo,
3566 1405 3614 1447 et

2044 1482 2140 1536 alii
2170 1483 2379 1554 quidem
2410 1493 2562 1538 erant
2595 1483 2660 1537 ab
2700 1482 2926 1550 Judwis,
2986 1485 3224 1539 nonnulli
3254 1501 3372 1540 vero
3413 1488 3625 1540 stabant

2043 1577 2108 1630 ab
2133 1578 2404 1646 apostolis.

2117 1667 2284 1728 Vens.
2319 1670 2373 1724 5.
2402 1668 2508 1724 Sed
2553 1681 2611 1724 ut
2655 1671 2907 1739 impetum
2948 1679 3193 1737 ceperunt
3245 1679 3355 1722 tam
3404 1669 3620 1739 reliqua:

363 1758 547 1812 δαίων
603 1758 725 1812 σὺν
780 1761 903 1826 τοῖς
931 1760 1231 1828 ἄρχουσιν
1279 1764 1498 1830 αὐτων,
1544 1762 1787 1830 ὑϐρίσαι
1821 1761 1935 1821 ,καί

2050 1761 2307 1826 nationes,
2339 1776 2496 1830 quam
2527 1758 2706 1813 Judwi
2741 1777 2846 1812 una
2889 1775 3009 1812 cum
3064 1759 3386 1828 principibus
3415 1759 3523 1813 suis
3555 1759 3625 1814 ad

381 1847 760 1918 λιθοϐολῆσαι
781 1849 828 1882 ”
861 1851 1105 1917 αὐτοὺς,

435 1939 824 2006 Συνιδόντες¹
883 1941 1256 2011 κατέφυγον¹
1285 1947 1374 2011 εἰς
1424 1944 1528 2012 τὰς
1576 1947 1787 2011 πόλεις
1832 1941 1942 2009 τῆς

368 2034 728 2101 Λυκαονίας,
782 2034 1066 2103 Λύστραν
1095 2035 1197 2090 καὶ
1233 2037 1478 2108 Δέρϐην,
1511 2037 1612 2092 καί
1635 2039 1749 2106 τὴν
1775 2038 1940 2105 περί-

369 2140 590 2191 χωρον.

438 2213 624 2268 Κάκεῖ
643 2209 807 2286 ἦσαν
833 2213 1362 2288 εὐαγγελιζόμενοι.

451 2399 742 2468 Ἐσχίσθη
777 2399 844 2454 δὲ
870 2399 940 2454 τὸ
963 2399 1198 2469 πλῆθος
1219 2399 1330 2470 τῆς
1375 2400 1630 2467 πόλεως.
1673 2399 1845 2454 Τοῦτο
1875 2395 1946 2472 ἦν

369 2493 398 2547 ὃ
421 2493 608 2562 ἔλεγεν
638 2495 667 2546 ὁ
697 2493 934 2564 Χριστός
969 2509 982 2522 ο
1042 2495 1164 2547 Οὐκ
1195 2489 1388 2564 ἦλθον
1417 2493 1640 2559 βαλεῖν
1672 2492 1944 2562 εἰρήνην,

368 2585 527 2639 ἀλλὰ
558 2584 880 2654 μάχαιραν.
910 2584 1260 2651 Συνειδότες
1279 2585 1322 2650 ⁸,
1356 2586 1768 2656 κατέφυγονρί
1807 2586 1944 2639 ἀπό-

374 2675 570 2730 στολοι.
620 2674 785 2728 Οὐδὲν
806 2669 898 2728 οὖν
925 2674 1126 2729 ἄτοπον
1151 2675 1242 2727 οἰδ
1286 2674 1434 2743 ἅγιοι
1488 2674 1752 2744 φεύγουσι
1809 2674 1937 2738 τοὺς

371 2765 745 2820 ἐπιϐουλεύειν
781 2765 978 2828 αὐτοὺς
999 2764 1022 2796 ⁸
1059 2765 1379 2836 μέλλοντας,
1415 2766 1511 2820 καὶ
1536 2764 1852 2820 εὐδοκοῦσιν
1882 2766 1948 2818 ὲκ

371 2860 559 2913 τούτου
613 2855 970 2930 δραπετεύειν
1014 2859 1106 2912 τὸν
1140 2857 1250 2912 ἀπὸ
1297 2856 1394 2912 τοῦ
1439 2857 1741 2929 μαρτυρίου
1775 2857 1942 2911 πόλει

375 2969 499 3024 μον.

1973 1831 2020 1892 Β
2044 1852 2348 1906 violandum
2378 1867 2464 1904 eos
2510 1851 2582 1904 ac
2611 1850 2985 1919 lapidandum,

2118 1946 2276 2017 114
2310 1944 2471 2000 Vens.
2515 1944 2567 2000 6.
2625 1945 2699 2000 Re
2736 1947 3124 2012 animadversa,
3149 1947 3486 2017 confugerunt
3527 1963 3628 2015 apo

2041 2039 2163 2092 stoli
2186 2039 2239 2090 in
2260 2038 2450 2106 oppida
2484 2037 2760 2107 Lycaonia:
2785 2036 3012 2108 Lystran
3033 2053 3096 2092 ac
3116 2036 3320 2092 Derben
3343 2046 3496 2107 atque
3521 2038 3627 2090 circ

2044 2129 2396 2198 cumjacentia
2430 2129 2567 2184 loca.

2118 2218 2283 2274 Vens.
2326 2221 2379 2274 7.
2412 2223 2482 2274 Et
2520 2221 2636 2275 illic
2672 2220 3017 2275 morabantur
3049 2220 3398 2293 Evangelium
3427 2221 3628 2290 pradi-

2046 2320 2247 2366 cantes.

2129 2404 2314 2458 Divisa
2374 2411 2452 2458 est
2503 2412 2703 2468 autem,
2747 2413 2854 2458 etc.
2887 2401 3000 2458 Hoc
3029 2411 3166 2468 erat,
3196 2404 3341 2474 quod
3376 2403 3628 2460 Christus

2047 2495 2265 2550 dicebat
2293 2511 2307 2548 :
2337 2492 2464 2549 Non
2491 2495 2603 2549 veni
2636 2495 2850 2575 missum
2896 2511 3106 2563 pacem,
3149 2497 3241 2550 sed
3289 2495 3529 2565 gladium
3556 2497 3626 2550 δ’.

2047 2585 2123 2640 Re
2151 2586 2520 2640 animadversa
2570 2587 2914 2658 confugerunt
2962 2586 3205 2654 apostoli.
3248 2585 3410 2641 Nullo
3462 2585 3629 2657 igitur

2047 2675 2209 2730 modo
2239 2674 2536 2730 absurdum
2569 2684 2675 2739 cst,
2711 2674 2756 2729 si
2789 2674 2963 2730 sancti
3004 2673 3218 2746 fugiunt
3247 2689 3362 2741 eos,
3401 2675 3494 2745 qui
3525 2675 3629 2730 sibi

2050 2765 2364 2821 insidiaturi
2404 2765 2516 2820 sint
2542 2804 2558 2830 ,
2599 2774 2656 2820 et
2707 2764 2912 2820 idcirco
2966 2765 3470 2820 commodissimum
3510 2779 3632 2818 esse

2046 2857 2442 2930 judicantl‘uga
2471 2856 2575 2912 sibi
2606 2857 2914 2922 consulere,
2950 2865 3007 2911 et
3037 2856 3211 2911 vitare
3235 2856 3459 2918 bellum,
3484 2854 3630 2924 quod

2049 2949 2152 3004 sibi
2191 2948 2262 3003 ob
2291 2947 2668 3003 testimonium
2715 2946 2934 3003 Christo
2967 2946 3302 3018 prohibitum
3351 2944 3630 3000 infereba-

2051 3049 2160 3095 tur.

447 3137 558 3193 Kal
589 3154 678 3204 τις
708 3135 864 3208 ἀνὴρ
895 3136 964 3194 ἐν
995 3139 1294 3207 Λύστροις
1353 3137 1655 3204 ἀδύνατος
1683 3135 1806 3204 τοῖς
1849 3153 1945 3191 πο‹

2128 3151 2288 3207 Vens.
2321 3151 2375 3206 8.
2412 3151 2479 3206 Et
2522 3151 2604 3205 vir
2658 3151 2874 3221 quidam
2927 3149 3130 3219 Lystris
3171 3147 3381 3202 sedebat
3415 3147 3630 3216 pedibus

375 3233 480 3286 σίν
499 3231 776 3296 ἐκάθητο,
841 3233 1036 3300 χωλὸς
1077 3231 1146 3287 ἐκ
1191 3232 1423 3298 κοιλίας
1470 3231 1697 3300 μητρὸς
1763 3231 1950 3286 αὐτοῦ

377 3323 683 3392 ὑπάρχων,
705 3322 773 3392 ὃς
799 3324 1086 3378 οὐδέποτε
1102 3323 1602 3392 περιεπεπατήκει
1623 3324 1665 3378 ⁸.

450 3410 636 3483 Οὗτος
662 3416 891 3486 ἤκουσε
917 3413 1024 3468 τοῦ
1064 3416 1314 3469 Παύλου
1337 3415 1696 3481 λαλοῦντος,
1731 3414 1799 3481 ὃς
1819 3415 1952 3469 ἀτε-

376 3511 554 3576 νίσας
577 3507 758 3576 αὐτῷ,
789 3507 887 3562 καί
916 3505 1058 3560 ἰδὼν
1087 3505 1177 3560 ὅτι
1212 3506 1423 3560 πίστιν
1485 3505 1612 3575 ἔχει
1669 3505 1780 3560 τοῦ
1835 3521 1952 3560 σω-

380 3601 580 3670 θῆναι,
837 3631 840 3634 ~

442 3689 588 3748 Εἶπεν
637 3690 868 3763 μεγάλη
904 3688 980 3758 τῇ
1025 3687 1196 3761 φωνῇ
1222 3705 1237 3721 ·
1291 3689 1602 3757 Ἀνάστηθι
1660 3689 1760 3743 ἐπὶ
1810 3688 1954 3756 τοὺς

381 3786 566 3850 πόδας
599 3800 718 3839 σου
755 3781 1000 3852 ὀρθῶςτ.
1035 3781 1143 3836 Kal
1168 3781 1390 3848 ἥλλετο
1443 3784 1542 3834 καί
1585 3779 1948 3849 περιεπάτει.

454 3883 516 3934 Ol
547 3879 614 3933 δὲ
641 3880 832 3948 ὄχλοι,
857 3878 1090 3940 ἰδόντες
1121 3875 1154 3929 ὃ
1179 3875 1476 3942 ἐποίησεν
1504 3878 1536 3929 ό
1563 3875 1818 3941 Παῦλος,
1847 3876 1952 3929 ἐπ·

384 3970 536 4040 ἦραν
587 3969 784 4025 αὐτῶν
805 3971 828 4002 ⁸
863 3969 978 4038 τὴν
1005 3966 1216 4038 φωνὴν
1256 3967 1623 4022 Λυκαονιστὶ
1644 3967 1948 4036 λέγοντεςο

386 4065 450 4116 Ol
479 4063 596 4117 θεοί
629 4063 1014 4133 ὁμοιωθέντες
1053 4061 1388 4132 ἀνθρώποις
1421 4063 1770 4131 κατέϐησαν
1799 4061 1952 4130 πρὸς

382 4153 561 4223 ἡμᾶς.
1451 4191 1454 4194 ~

465 4246 761 4301 ’Edeovr
786 4263 850 4301 τε
871 4247 978 4302 τὸν
1032 4247 1149 4318 μὲν
1176 4246 1494 4316 Βαρνάϐαν
1538 4245 1644 4302 Δια
1673 4283 1690 4311 ,
1745 4245 1856 4301 τὸν
1884 4245 1953 4300 δὲ

381 4337 625 4393 Παῦλον
694 4338 928 4408 Ἑρμῆν,
979 4339 1186 4410 ἐπειδὴ
1233 4339 1417 4406 αὐτὸς
1440 4334 1520 4411 ἦν
1556 4341 1591 4395 ό
1620 4339 1952 4409 ἡγούμενος

381 4430 488 4484 τοῦ
514 4430 722 4498 λόγου.

2056 3242 2340 3305 invalidus,
2375 3241 2613 3303 claudus,
2648 3234 2905 3304 videlicet,
2939 3238 3006 3292 ab
3062 3246 3210 3292 utero
3268 3237 3458 3291 matris
3499 3253 3629 3302 siue,

2055 3335 2148 3406 qui
2184 3349 2450 3404 nunquam
2483 3333 2747 3402 ingressus
2781 3339 2921 3388 erat.

2129 3425 2298 3482 Vens.
2330 3425 2384 3480 9.
2443 3423 2548 3478 Hic
2609 3409 2812 3478 audivit
2861 3423 3096 3478 Paulum
3157 3422 3487 3491 loquentem,
3540 3420 3632 3491 qui

2058 3530 2310 3573 contuens
2340 3518 2398 3572 in
2435 3532 2575 3582 eum,
2602 3525 2651 3570 et
2685 3515 2864 3569 videns
2901 3514 3050 3568 illum
3085 3515 3294 3568 credere
3345 3529 3399 3566 se
3427 3513 3634 3566 salvum

2056 3610 2190 3680 fore,

2129 3698 2292 3752 Vens.
2328 3696 2415 3752 10.
2445 3695 2644 3766 Magna
2673 3710 2794 3748 voce
2841 3693 2978 3746 dixit
3007 3708 3026 3745 :
3058 3690 3227 3763 Surge
3254 3692 3308 3746 in
3339 3694 3492 3760 pedes
3521 3704 3633 3747 tuos

2058 3798 2215 3846 recte.
2247 3777 2598 3842 Et'exiliebat
2633 3798 2682 3840 et
2708 3785 2998 3840 incedebat.

2129 3879 2292 3934 Vens.
2319 3877 2404 3931 ll.
2455 3875 2637 3930 Turba:
2671 3885 2852 3928 autem
2890 3873 3202 3942 conspicata
3259 3876 3396 3942 quod
3439 3875 3634 3942 fecerat

2059 3971 2282 4034 Paulus,
2315 3967 2642 4024 sustulerunt
2692 3983 2867 4020 vocem
2919 3982 3074 4020 suam
3125 3964 3418 4035 Lycaonice
3456 3965 3634 4018 dicen-

2061 4075 2135 4120 tes
2172 4079 2190 4118 :
2227 4062 2312 4116 Dii
2340 4061 2635 4115 hominibus
2682 4058 2966 4112 assimilati
3007 4056 3379 4111 descenderunt
3416 4056 3484 4109 ad
3514 4072 3630 4112 nos.

2128 4243 2292 4299 Vens.
2332 4241 2420 4297 12.
2452 4241 2520 4296 Et
2547 4238 2806 4296 vocabant
2833 4235 3142 4292 Barnabam
3164 4237 3376 4309 quidem
3414 4236 3634 4293 Jovem:

2059 4336 2291 4392 Paulum
2321 4351 2440 4390 vero
2473 4332 2815 4398 Mercurium,
2857 4332 2997 4402 quod
3023 4331 3067 4385 is
3101 4338 3231 4386 esset
3259 4336 3367 4384 dux
3399 4338 3447 4384 et
3485 4329 3636 4399 princ

2060 4445 2178 4499 ceps
2225 4427 2504 4482 orationis.

454 4517 604 4575 Εἷπε
622 4521 850 4592 μεγάλῃ
875 4522 950 4592 τῇ
984 4526 1177 4593 φωνῇ.
1203 4521 1301 4576 Διὰ
1321 4521 1376 4575 τι
1406 4520 1619 4596 μεγάλῃ
1643 4523 1711 4596 τῇ
1747 4523 1900 4594 φωνῆ
1930 4540 1945 4590 ;

2129 4522 2323 4594 Magna
2381 4537 2503 4576 voce
2572 4519 2730 4574 dixit.
2773 4517 2884 4573 Cur
2912 4531 3108 4588 magna
3131 4514 3311 4570 voce?
3351 4524 3414 4570 ut
3465 4515 3637 4568 turbae

384 4612 546 4666 Ὥστε
568 4614 692 4676 τοὺς
718 4613 906 4684 ὄχλους
927 4614 1238 4668 πιστεῦσαι.
1268 4612 1366 4666 Διὰ
1385 4613 1442 4666 δὲ
1470 4604 1590 4679 τοῦ,
1630 4614 1733 4678 Ὃς
1758 4613 1956 4668 ἀτενι-

383 4719 495 4770 σας
518 4703 677 4770 αὐτῷ
700 4706 797 4759 καί
825 4704 966 4759 ἰδὼν
999 4705 1087 4759 ὅτι
1125 4705 1334 4758 πίστιν
1365 4706 1490 4774 ἔχει
1522 4703 1630 4757 τοῦ
1661 4703 1950 4773 σωθῆναι,

385 4795 506 4864 ἐμοὶ
525 4795 673 4848 δοκεῖ
695 4797 774 4858 εἰς
805 4796 906 4866 τὴν
927 4794 1104 4866 ψυχὴν
1131 4794 1259 4850 ἰδεῖν
1286 4794 1385 4866 τὴν
1417 4794 1585 4848 αὐτοῦ
1601 4795 1693 4848 τὸν
1717 4794 1948 4849 Παῦλον·

385 4882 610 4953 καὶγὰρ
661 4883 952 4952 φιλοσόφου
979 4883 1159 4954 ψυχῆς
1196 4878 1288 4954 ἦν,
1307 4883 1368 4937 τδ
1397 4883 1690 4954 προσέχειν
1711 4885 1823 4948 τοῖς
1851 4884 1951 4938 λα-

386 4970 666 5040 λουμένοις
693 4972 798 5026 ὑπὸ
827 4971 922 5025 τοῦ
970 4972 1204 5026 Παύλου.
1240 4971 1349 5028 Kal
1376 4972 1601 5042 ἥλλετο
1630 4973 1729 5027 καί
1757 4989 1950 5042 nepte-

385 5063 576 5119 πάτει.
601 5065 909 5137 Τεκμήριον
941 5065 1044 5134 τῆς
1072 5065 1260 5135 ὑγείας
1288 5066 1390 5136 τῆς
1441 5065 1678 5136 ἀληθοῦς
1707 5069 1768 5122 τὸ
1791 5067 1949 5122 ἄλλε-

384 5155 530 5210 σοαι.
555 5159 620 5233 Ol
653 5156 720 5210 δὲ
753 5157 944 5228 ὄχλοι,
977 5157 1206 5226 ἰδόντες
1231 5157 1264 5212 ὃ
1302 5158 1596 5228 εποίησεν
1622 5163 1656 5215 ό
1687 5161 1950 5228 Παῦλος.

453 5270 500 5305 δ’
527 5271 724 5327 Matth.
760 5288 815 5340 ι,
847 5272 938 5329 34.

2059 4613 2348 4670 crederent
2393 4628 2407 4666 :
2457 4610 2730 4666 Caeterum
2763 4646 2778 4672 ,
2813 4615 3103 4679 propterea
3136 4605 3284 4677 quod
3339 4603 3489 4669 dicit,
3530 4602 3636 4668 Qui

2002 4709 2005 4713 ’
2059 4707 2269 4760 intuens
2315 4704 2370 4756 in
2399 4717 2538 4768 eum,
2579 4709 2629 4754 et
2670 4700 2848 4754 videns
2901 4697 3054 4751 illum
3113 4698 3320 4751 credere
3350 4713 3405 4750 se
3429 4696 3634 4750 salvum

2060 4799 2192 4870 fore,
2217 4794 2354 4850 mihi
2388 4793 2603 4848 videtur
2647 4789 2850 4845 Paulus
2876 4787 3121 4842 animum
3151 4787 3274 4858 ejus
3303 4786 3632 4856 inspexisse.

2061 4889 2276 4945 Etenim
2298 4883 2662 4958 philosophici
2691 4891 2749 4938 et
2773 4895 2954 4936 rerum
2978 4879 3485 4952 cognoscendarum
3519 4890 3636 4934 stu-

2059 4982 2201 5038 diosi
2240 4979 2410 5034 animi
2442 4985 2582 5043 erat,
2619 4973 2905 5030 attendere
2957 4986 3022 5028 ea
3076 4987 3198 5043 qua!
3243 4972 3565 5028 dicebantur
3603 4985 3634 5024 a

2057 5072 2317 5129 Paulo.Et
2336 5069 2628 5133 exsiliebat,
2648 5075 2697 5121 et
2717 5066 3006 5121 incedebat.
3019 5063 3239 5120 Certum
3258 5071 3635 5135 argumentum

2063 5183 2192 5222 vere
2211 5166 2477 5222 restitutae
2505 5158 2756 5219 sanitatis
2787 5168 2924 5226 erat,
2943 5157 3090 5230 quod
3114 5156 3418 5214 exsiltebat.
3453 5152 3636 5208 Turba:

1579 5368 1776 5430 Variae
1813 5368 2124 5433 lectiones
2167 5376 2229 5433 et
2271 5377 2466 5436 notae.

454 5476 500 5508 ’³
535 5472 598 5529 1η
621 5471 977 5541 manuscripto
1004 5479 1098 5534 est,
1133 5468 1480 5526 λιθοϐολίσαι.
1560 5471 1576 5502 ¹
1608 5471 1671 5526 In
1699 5487 1945 5525 manuscr

2050 5491 2056 5518 ι
2089 5481 2188 5534 est,
2230 5475 2550 5539 συνειδότες.
2627 5477 2648 5508 ¹
2670 5475 2734 5530 1η
2756 5474 3112 5541 manuscripto
3160 5472 3421 5541 adjectum
3447 5479 3546 5528 est,
3582 5467 3633 5541 οἰ

386 5543 694 5604 ἀπόστολοι,
715 5543 851 5610 quod
877 5552 1049 5595 tamen
1070 5557 1449 5609 supervacuum
1482 5549 1530 5594 et
1555 5542 1880 5595 subdititium
1911 5559 1945 5595 ea

2056 5543 2276 5597 videtur.
2357 5545 2517 5598 "10'.
2553 5545 2878 5607 συνιδόντες.
2955 5543 2977 5574 ⁸

969 5611 1099 5663 σίσ.
1159 5611 1366 5673 αὐτοῖς.
1443 5612 1902 5682 ⁸περιεπατήκει,
1938 5623 2072 5668 erat.

383 5625 474 5702 aut
500 5613 677 5695 simile
706 5612 848 5682 quid.

382 5701 585 5740 αυτων.

3056 5538 3309 5596 esiderari
3327 5540 3534 5592 videtur
3563 5538 3634 5598 εἰ,

2178 5612 2197 5643 ⁷
2237 5611 2300 5666 ln
2320 5615 2533 5686 vulgato
2556 5624 2650 5680 est,
2683 5615 2862 5684 ὀρθός.
2938 5613 3040 5667 'ln
3067 5611 3297 5681 vulgato,
3322 5609 3418 5682 τὴν
3451 5609 3635 5680 φωνὴν
