4116 6216
412 269 513 337 711

1363 259 1943 323 THEOPIIYLACTI
1981 256 2394 320 BULGABL’E
2432 257 2788 317 ARCHIEP.

3559 257 3667 321 712

459 381 645 435 ‘Vtsns.
675 376 764 432 26.
798 375 862 429 Et
897 373 1016 428 inde
1051 369 1427 442 navigaverunt
1455 367 1822 421 Antiochiam:
1854 367 1988 419 unde

2160 363 2446 420 Κάκεῖθεν
2494 360 2894 416 ἀπέπλευσαν
2927 361 3013 426 είς
3057 358 3418 428 Ἀντιόχειαν
3456 373 3469 389 ο
3521 360 3665 416 ὅθεν

415 475 602 545 gratia:
657 468 752 522 Dei
785 463 1140 519 commendati
1193 471 1340 515 erant
1398 461 1468 514 ad
1533 459 1817 530 negotium,
1851 457 1989 524 quod

415 567 764 634 cottfrceruut.

497 657 654 708 Vens.
685 651 774 703 27.
803 646 916 712 Quo
938 653 1216 716 postquam
1242 646 1582 705 advenerunt,
1617 650 1664 696 et
1695 639 1987 694 Ecclesium

417 749 908 815 congregaverant,
974 739 1404 792 renuntiaverunt
1478 749 1797 806 quazcunque
1853 733 1989 785 Deus

417 851 589 889 secum
624 832 847 903 fecisset,
883 838 930 883 et
958 837 1014 881 ut
1051 829 1243 882 exteris
1286 826 1585 880 nationibus
1607 823 1836 893 januam
1869 820 1991 889 ﬁdei

416 927 730 997 aperuisset.

491 1019 653 1072 Vens.
690 1017 778 1071 28.
817 1015 980 1085 Atque
1033 1013 1174 1067 haud
1218 1012 1467 1083 exiguum
1500 1019 1704 1081 tempus
1737 1006 1846 1062 illic
1871 1023 1990 1061 cum

415 1109 686 1178 discipulis
722 1107 1028 1160 commorati
1059 1115 1201 1159 sunt.

495 1201 595 1265 Qui
642 1216 757 1251 cum
805 1198 1188 1265 persuasissent
1219 1195 1405 1248 turbis.
1443 1192 1574 1247 Vide
1619 1189 1857 1247 furorem
1897 1189 1994 1246 Ju-

411 1295 656 1348 dzeorum
690 1290 1003 1345 acerbitatis
1030 1307 1045 1343 :
1069 1291 1122 1342 in
1157 1287 1368 1357 plebem
1407 1285 1561 1355 117
1583 1301 1702 1355 qua:
1724 1293 1874 1340 tanto
1902 1285 1994 1338 lto—

420 1400 555 1438 nore
574 1384 791 1454 dignata
818 1382 1091 1452 apostolos
1115 1391 1253 1444 erat,
1287 1379 1434 1448 ipsos
1455 1393 1574 1432 sese
1598 1377 1906 1449 ingessisse,
1938 1386 1995 1431 et

419 1474 798 1537 immiscuisse,
829 1473 987 1541 eique
1013 1469 1374 1541 persuasisse,
1412 1479 1472 1522 ut
1501 1468 1621 1523 illos
1667 1468 1989 1538 Iapidarent.

420 1565 586 1618 Extra
619 1563 876 1634 oppidum
907 1570 1086 1617 autem
1119 1559 1408 1615 trahebant
1439 1559 1664 1626 idcirco,
1707 1559 1852 1629 quod
1877 1575 1993 1614 me-

424 1667 640 1712 tuerent
671 1657 811 1711 illos.
838 1653 972 1709 Nam
1005 1653 1058 1708 id
1085 1653 1186 1707 sibi
1218 1652 1400 1706 studio
1434 1653 1726 1717 habebant,
1761 1663 1820 1706 ut
1843 1668 1997 1706 ever-

423 1759 600 1804 terent
632 1747 1095 1818 praedicationem.
1130 1743 1236 1798 Sed
1270 1744 1492 1799 videsne
1523 1745 1689 1798 animi
1725 1746 1996 1815 prompti-

423 1839 707 1895 tudinem?
780 1837 1007 1893 videsne
1090 1837 1390 1890 ferventem
1449 1844 1507 1890 et
1557 1837 1877 1892 ardentem?
1933 1838 2023 1899 In,

423 1931 605 2001 ipsum
667 1929 926 2000 oppidum
964 1942 1155 1983 rursus
1187 1927 1490 1998 ingreditur
1534 1938 1828 2000 postquam
1869 1929 1996 1985 inde

424 2025 630 2092 ejectus
661 2032 795 2077 erat.
823 2021 898 2076 Ac
930 2032 1134 2091 postero
1179 2021 1265 2074 die
1290 2040 1396 2077 una
1438 2038 1555 2080 cum
1587 2020 1862 2087 Barnaba,
1887 2030 1994 2077 etc.

425 2109 496 2165 Ut
547 2109 930 2166 Ostenderetur
979 2112 1126 2182 quod
1171 2113 1474 2184 discipulis,
1538 2111 1630 2179 qui
1679 2109 1996 2168 circumfusi

425 2215 550 2255 eum
606 2201 918 2268 tuebantur,
979 2202 1274 2259 obsecutus
1318 2211 1484 2268 esset,
1533 2212 1595 2258 ut
1633 2204 1687 2257 in
1737 2203 1996 2274 oppidum

425 2295 571 2349 unde
601 2295 817 2365 ejectus
849 2303 988 2362 erat,
1014 2297 1411 2368 regrederetur.
1440 2304 1496 2352 et
1523 2296 1651 2352 inde
1686 2312 1746 2354 se
1793 2297 2000 2352 subdu-

425 2395 573 2441 ceret
610 2395 918 2458 propterea,
976 2389 1120 2459 quod
1155 2389 1265 2460 iam
1309 2404 1497 2444 semen
1553 2388 1706 2444 verbi
1758 2388 1854 2443 Dei
1888 2387 2000 2445 illic

425 2478 737 2549 dejecisset,
770 2480 996 2550 etquod
1047 2495 1156 2535 non
1194 2490 1476 2552 oporteret
1504 2495 1630 2536 eum
1663 2479 2000 2534 iracundiam

425 2570 748 2624 accendere.
779 2568 887 2625 Per
916 2571 1114 2626 multas
1145 2573 1286 2627 enim
1325 2572 1626 2644 aﬂlictiones
1659 2579 1707 2624 et
1730 2587 1998 2625 aerumnas

431 2677 528 2716 nos
573 2669 816 2732 oportere
843 2665 1047 2717 intrare
1093 2665 1144 2717 in
1179 2679 1397 2736 regnum
1425 2663 1538 2718 Dei.
1572 2661 1702 2717 Vide
1727 2662 2000 2718 neminem

425 2753 632 2823 absque
677 2752 862 2808 labore
889 2763 945 2810 et
982 2754 1229 2810 molestia
1257 2754 1568 2826 justilicari.
1600 2753 1820 2809 Arctam
1851 2752 2002 2808 enim

429 2844 629 2900 idcirco
657 2852 711 2898 et
739 2853 1043 2916 angustam,
1072 2860 1172 2915 pro
1211 2859 1300 2913 eo,
1330 2845 1474 2916 quod
1501 2853 1587 2900 est
1631 2845 2001 2916 angustiarum

426 2945 486 2988 et
509 2935 862 2990 atllictionum
923 2938 1166 3007 plenam,
1209 2937 1470 2993 Dominus
1491 2936 1624 2992 dixit
1645 2951 1766 2992 esse
1789 2945 2002 3007 portam

429 3026 550 3122 vim,
596 3042 715 3093 quas
749 3029 1047 3097 pertineret
1079 3044 1142 3083 ac
1176 3028 1404 3084 duceret
1457 3029 1524 3082 ad
1568 3042 1797 3098 regnum
1826 3025 1994 3100 [Dei].
2026 3058 2076 3122 ο

427 3116 546 3171 Non
567 3119 884 3189 simpliciter
911 3131 1088 3175 autem
1112 3120 1507 3190 qualiscunque
1529 3118 1750 3174 atllictio
1769 3120 1922 3175 ducit
1943 3121 1996 3173 in

430 3222 656 3278 regnum
674 3207 789 3272 Dei,
813 3211 907 3262 sed
930 3225 1052 3279 quae
1069 3219 1291 3278 propter
1316 3208 1475 3263 tidem
1490 3208 1690 3265 accidit
1721 3209 1779 3264 in
1802 3210 1996 3264 Deum.

425 3299 626 3351 Etcum
656 3300 986 3353 ordinassent
1027 3311 1187 3369 atque
1217 3301 1604 3356 constituissent
1635 3300 1744 3356 illis
1781 3301 1998 3372 presby-

431 3402 589 3456 teros,
625 3402 732 3449 etc.
756 3393 932 3448 Etiam
964 3395 1018 3448 in
1055 3392 1445 3449 tentatiouibus
1483 3393 1842 3464 ieiunandum
1879 3407 1999 3448 esse

429 3485 713 3551 docebant,
739 3495 794 3541 et
839 3501 962 3541 cum
991 3487 1218 3558 jejuniis
1253 3486 1460 3543 ﬁebant
1497 3486 1906 3543 ordinationes.
1938 3485 1999 3540 In

429 3578 608 3647 Cypro
647 3587 827 3632 autem
881 3594 990 3633 non
1049 3581 1289 3635 fecerant
1320 3581 1666 3651 presbyteros
1688 3621 1703 3648 ,
1735 3595 1912 3651 neque
1944 3581 1999 3636 in

424 3667 674 3724 Samaria
703 3687 716 3723 :
744 3674 868 3741 quia
900 3673 1016 3727 haec
1036 3673 1255 3743 quidem
1289 3673 1672 3745 Hierosolyma:
1695 3682 1749 3730 et
1778 3683 2000 3744 aposto-

427 3763 498 3817 lis
520 3772 636 3817 erat
658 3764 856 3830 vicina,
889 3775 1052 3835 atque
1081 3766 1244 3821 etiam
1273 3766 1330 3820 in
1384 3767 1498 3838 ipsa
1542 3767 1833 3823 Antiochia
1873 3782 2000 3822 ver-
2034 3769 2058 3834 ,Τ

2055 3849 2057 3851 ’
2109 3857 2251 3922 Θεὸς
2275 3853 2401 3926 μετ’
2447 3849 2663 3906 αὐτῶν.
2699 3849 2851 3920 Ἐμοὶ
2899 3848 2957 3902 δὲ
2983 3849 3130 3900 δοκεί
3173 3847 3299 3909 τοὺς
3334 3845 3672 3916 πειρασμοὺς

430 3853 560 3907 hum
584 3855 679 3908 Dei
714 3856 949 3925 vigebat.
983 3856 1086 3911 llic
1114 3865 1293 3912 autem
1329 3873 1519 3928 magna
1559 3873 1695 3928 opus
1725 3859 2001 3915 habebant

431 3945 682 4015 discipuli
711 3946 1106 4014 consolatione,
1166 3964 1231 4004 ac
1276 3949 1508 4003 maxime
1535 3950 1629 4019 qui
1672 3965 1736 4006 ex
1765 3952 2015 4019 nationi-j

429 4037 534 4091 bus
575 4014 784 4092 exteris
831 4037 1020 4093 doceri
1074 4039 1366 4094 debebant.
1399 4014 1785 4096 Anim-adverte
1820 4014 2012 4098 autent,

2089 455 2253 529 ἦσαν
2315 453 2784 523 παραδεδομένοι
2828 451 2903 520 τῇ
2924 451 3117 521 χάριτι
3157 451 3264 506 τοῦ
3297 452 3448 507 Θεοῦ
3472 453 3563 518 εις
3591 454 3660 507 τό

2090 553 2267 619 ἔργον
2282 546 2312 601 ὃ
2329 548 2446 601 ἐπλ
2455 547 2718 615 ήρωσαν.

2162 639 2642 709 Παραγενόμενοι
2667 637 2735 690 δὲ
2757 636 2855 691 καί
2903 637 3354 706 συναγαγόντες
3384 635 3503 703 τὴν
3537 635 3668 690 Ἐκ-

2091 730 2379 796 κλησίαν,
2429 729 2796 799 ἁνήτγειλαν
2826 727 2944 782 ὅσα
2969 729 3260 796 ἐποίησεν
3295 731 3328 782 ό
3369 729 3513 794 Θεὸς
3536 729 3664 798 μετ’

2093 820 2291 876 αὐτῶν
2316 860 2331 884 ,
2398 820 2620 903 καῑσότι
2665 820 2872 888 ἤνοιξε
2937 819 3062 886 τοῖς
3103 820 3308 874 ἔθνεσι
3341 819 3531 886 θύραν
3568 821 3666 873 πί·

2093 929 2306 977 στεως.
2562 903 2566 908 ’

2163 1003 2461 1072 Διέτρισον
2489 1001 2557 1057 δὲ
2582 1001 2707 1057 ἐκεῖ
2732 1003 2959 1072 χρόνον
2996 1003 3107 1057 οὐκ
3144 1001 3351 1071 ὀλίγον
3373 1001 3497 1056 σὺν
3541 1000 3668 1067 τοῖς

2091 1096 2411 1167 μαθηταῖς.

2167 1190 2273 1244 Kal
2310 1190 2632 1255 πείσαντες
2682 1185 2824 1253 τοὺς
2855 1185 3101 1255 ὄχλους.
3133 1185 3236 1238 Ἴδε
3261 1186 3473 1256 ’μανίας
3502 1187 3600 1256 τῆς
3621 1186 3667 1218 ’⁸

2109 1279 2438 1348 Ἰουδαϊκῆς
2477 1280 2557 1341 εἰς
2589 1279 2759 1349 δῆμον
2791 1274 2934 1328 οὕτω
2959 1276 3267 1345 τιμήσαντο.
3297 1277 3422 1338 τοὺς
3441 1277 3670 1329 ἀποστό-

2095 1371 2242 1435 λους,
2289 1371 2522 1440 ἐμϐῆναι
2572 1372 2668 1424 καὶ
2696 1371 2879 1424 πεῖσαι
2911 1367 3150 1422 λιθάσαι.
3181 1367 3327 1434 "Eius
3355 1367 3412 1420 δὲ
3450 1367 3548 1437 τῆς
3573 1368 3670 1420 πό-

2094 1459 2231 1527 λεως
2259 1462 2450 1535 ἔσυρον
2475 1463 2776 1525 δεδοικότες
2811 1461 3071 1524 ἐκείνους.
3103 1459 3348 1530 Σπουδὴν
3379 1458 3490 1530 γὰρ
3518 1461 3670 1512 ἐποι-

2100 1555 2258 1611 οῦντο
2286 1555 2534 1610 καθελεῖν
2580 1555 2641 1609 τὸ
2673 1557 2956 1625 κήρυγμα.
2994 1552 3160 1624 Ὁρᾷς
3214 1552 3271 1605 δὲ
3319 1551 3667 1622 προθυμίαν;

2110 1648 2276 1718 Ὀρᾷς
2308 1647 2498 1712 ζέοντα
2526 1647 2619 1699 καὶ
2643 1645 3038 1716 πεπυρωμένον
3056 1661 3072 1710 ;
3088 1644 3178 1705 Εἰς
3199 1641 3367 1714 αὐτὴν
3383 1644 3546 1697 πάλιν
3572 1642 3672 1711 τὴν

2100 1740 2257 1794 πόλιν
2306 1738 2523 1808 εἰσῆλθε
2577 1739 2716 1808 μετὰ
2747 1739 2809 1792 τὸ
2861 1736 3016 1808 ῥῖψαι
3066 1735 3228 1788 αὑτὸν
3259 1734 3364 1798 ἔξω
3405 1736 3473 1786 η.
3506 1735 3672 1786 Ὥστε

2097 1831 2380 1902 δειχθῆναι
2423 1831 2505 1884 ὅτι
2537 1828 2590 1882 εί
2613 1846 2714 1882 που
2742 1828 2834 1882 καὶ
2862 1827 3154 1899 ὑπεχώρει,
3187 1827 3275 1880 διὰ
3303 1828 3362 1879 τὸ
3389 1827 3478 1879 τὸν
3508 1826 3666 1894 λόγον

2100 1924 2542 1994 κατεσπαρκέναι
2596 1921 2818 1976 καὶδιά
2870 1921 2932 1974 τὸ
2973 1921 3047 1991 μὴ
3081 1920 3192 1974 δεῖν
3241 1920 3403 1972 αὑτὸν
3431 1918 3668 1972 ἐκκαίειν

2099 2016 2189 2070 τὸν
2219 2017 2409 2088 θυμόν.
2444 2015 2554 2070 Καὶ
2583 2016 2673 2070 ὅτι
2694 2014 2790 2069 διὰ
2819 2011 3067 2069 πολλῶν
3094 2014 3361 2082 θλίψεων
3398 2010 3491 2064 δεῖ
3513 2011 3669 2080 ἡμᾶς

2097 2107 2398 2164 εἰσελθεῖν
2452 2110 2539 2172 είς
2589 2105 2704 2175 τὴν
2725 2106 3055 2171 ,βασιλείαν
3073 2102 3180 2158 τοῦ
3217 2103 3389 2158 Θεοῦ.
3415 2103 3558 2172 Ὅρα
3586 2104 3668 2156 ὅτι

2099 2197 2228 2253 ἄνευ
2274 2199 2445 2253 κόπου
2477 2197 2571 2252 καὶ
2623 2198 2823 2269 μόχθου
2877 2197 2939 2250 οὐ
2971 2194 3275 2250 δικαιοῦται
3324 2212 3428 2258 τις.
3469 2195 3672 2264 Στενὴν

2099 2291 2210 2363 γὰρ
2259 2291 2350 2344 διὰ
2382 2287 2539 2343 τοῦτο
2569 2290 2664 2342 καὶ
2696 2287 3086 2358 τεθλιμμένην,
3132 2286 3254 2340 ἀντὶ
3285 2285 3402 2352 τοῦ,
3437 2285 3667 2355 θλίψεως

2104 2381 2328 2454 μεστὴν,
2364 2376 2514 2436 εἶπεν
2545 2381 2574 2434 ό
2607 2379 2811 2452 Κύριος
2849 2380 2946 2450 τὴν
2981 2377 3156 2447 πύλην
3198 2377 3297 2448 τῆς
3333 2377 3536 2431 εξσόδου
3566 2380 3670 2446 τῆς

2101 2477 2180 2540 είς
2223 2473 2501 2545 βασιλείαν
2547 2471 2954 2543 ἀγούσης..οὐχ
2998 2470 3182 2532 ἁπλῶς
3225 2469 3282 2523 δὲ
3306 2469 3394 2523 οῐα
3419 2469 3484 2538 δή
3510 2486 3591 2532 τις
3622 2469 3667 2500 ⁸³

2102 2563 2282 2633 θλίψις
2326 2562 2449 2632 ἄγει
2478 2563 2557 2626 είς
2610 2560 2912 2632 βασιλείαν,
2945 2559 3061 2613 ἀλλ’
3090 2562 3123 2632 ἠ
3154 2559 3240 2613 διὰ
3287 2559 3388 2630 τὴν
3427 2560 3508 2622 είς
3536 2558 3670 2612 Θεὸν

2101 2656 2305 2712 πίστιν.
2325 2653 2756 2723 Χειροτονήσαν
2768 2669 2867 2720 τες
2895 2651 2964 2704 δὲ
2981 2651 3186 2718 αὐτοῖς
3204 2649 3666 2720 πρεσϐυτέρους.

2102 2751 2214 2806 Καὶ
2237 2750 2294 2803 ὲν
2309 2749 2423 2812 τοῖς
2443 2748 2772 2816 πειρασμοῖς
2787 2743 3068 2815 νηστεύειν
3091 2744 3389 2810 ἐδίδασκον,
3413 2744 3508 2796 καὶ
3533 2746 3672 2814 μετὰ

2102 2836 2365 2908 νηστειῶν
2393 2837 2450 2889 αἱ
2472 2833 2816 2906 χειροτονίαι.
2861 2833 2948 2886 Ἐν
2977 2830 3188 2902 Κύπρῳ
3209 2829 3266 2884 δὲ
3281 2832 3383 2884 οὐκ
3407 2831 3671 2899 ἐποίησαν

2104 2929 2532 3004 πρεσϐυτέρους,
2598 2927 2720 2982 οὐδὲ
2754 2929 2811 2980 ὲν
2857 2924 3173 2997 Σαμαρεέᾳ·
3223 2925 3305 2978 ὅτι
3337 2924 3518 2994 ἐκείνη
3544 2925 3670 2988 μὲν,

2105 3029 2272 3096 ἐγγὺς
2301 3020 2370 3096 ἦν
2391 3026 2490 3096 τῆς
2527 3020 2883 3095 Ἰερουσαλὴμ
2921 3021 3017 3075 καὶ
3045 3021 3152 3074 τῶν
3194 3018 3508 3074 ἀποστόλων
3529 3033 3542 3047 ⁶
3576 3018 3673 3071 καὶ

2105 3122 2163 3174 ὲν
2186 3120 2324 3189 αὐτῇ
2352 3117 2411 3171 δὲ
2454 3119 2522 3187 τῇ
2559 3114 2862 3186 Ἀντιοχείᾳ
2887 3117 2916 3168 ό
2950 3114 3107 3182 λόγος
3147 3112 3391 3182 ὲκράτει’
3441 3109 3673 3166 ἐνταῦθα

2103 3212 2162 3267 δὲ
2194 3210 2395 3280 πολλῆς
2447 3209 2655 3261 ἐδέοντο
2701 3207 3071 3280 παραμυθίας,
3117 3206 3210 3258 καὶ
3243 3204 3479 3275 μάλιστα
3529 3204 3577 3256 οί
3614 3202 3673 3268 ἐξ

2105 3302 2304 3374 sese»;
2331 3300 2635 3371 ὀφείλοντες
2685 3299 3052 3354 διδάσκεσθαι.
3088 3298 3231 3369 Ὅρα
3275 3296 3334 3350 δὲ
3361 3297 3442 3350 ὅτι
3495 3295 3589 3349 καὶ
3623 3295 3672 3348 oi.

2057 3426 2066 3434 ι
2105 3400 2237 3468 περὶ
2268 3393 2478 3450 Παῦλον
2509 3391 2605 3448 καὶ
2639 3391 2947 3463 Βαρνάϐαν,
2973 3390 3288 3446 ἐπισκόπων
3306 3382 3464 3458 ,εἶχον
3487 3387 3669 3451 άξίανο

2105 3490 2167 3557 ἐξ
2191 3484 2266 3547 ὧν
2295 3486 2664 3560 ἐχειροτόνουν
2679 3486 2738 3539 οὐ
2764 3484 2926 3555 μόνον
2947 3482 3248 3546 διακόνους,
3267 3479 3403 3535 ἀλλὰ
3423 3479 3517 3533 καὶ
3542 3494 3673 3548 πρε-

2107 3585 2417 3649 σϐυτέρους.
2449 3578 2926 3648 Παραγενόμενοι
2941 3574 3010 3627 δὲ
3022 3574 3094 3628 έν
3119 3571 3464 3641 Ἀντιοχείᾳ,
3487 3569 3674 3638 ἀνήῃ*

2103 3674 2313 3742 γειλαν
2340 3666 2466 3734 τοῖς
2509 3665 2796 3734 ἀδελφοῖς
2829 3665 2946 3718 ὅσα
2968 3662 3262 3732 ἐποίησεν
3301 3665 3334 3716 ό
3372 3661 3516 3725 οεός
3544 3658 3672 3728 μετ’

2104 3761 2323 3820 αὐτῶν.
2355 3760 2468 3814 Οὐκ
2484 3755 2804 3824 εἴπεν,⁶’οσα
2819 3755 3083 3825 ἐποίησαν
3101 3754 3276 3820 αὐτοὶ,
3293 3752 3428 3819 ἀλλ’,
3457 3753 3610 3805 Ὅσα
3639 3753 3673 3805 ό

2104 3949 2302 4018 λέγειν.
2331 3947 2436 4002 Καὶ
2463 3942 2775 4013 ὅτιοῆνοιξε
2796 3941 2920 4008 τοῖς
2951 3940 3152 3995 ἔθνεσι
3183 3940 3370 4008 θύραν
3393 3939 3671 4003 πίστεως.

2103 4039 2292 4110 Θυρῶν
2329 4035 2550 4099 ἄνοιξιν,
2579 4034 2674 4104 τὴν
2717 4029 3063 4086 διδασκαλίαν
3112 4029 3286 4094 καλεῖ,
3317 4029 3383 4099 ἣν
3428 4029 3496 4082 τὰ
3544 4027 3672 4096 ἔθνη

431 4127 596 4180 etiam
648 4125 875 4183 Paulum
903 4139 986 4211 ,ει
1041 4129 1342 4183 Barnabam
1407 4130 1704 4200 episcopali
1746 4132 2002 4201 praeditos

2098 4108 2169 4211 δι’
2189 4108 2385 4184 αὐτῶν
2433 4125 2820 4197 παρεδέξαντο.
2846 4169 2847 4172 η
2873 4121 3170 4192 Διέτριϐον
3211 4121 3279 4174 δὲ
3306 4119 3436 4175 ἐκεῖ
3452 4120 3676 4190 χρόνον

429 4217 603 4272 fuisse
647 4220 908 4292 dignitate
957 4237 970 4273 :
1003 4231 1292 4291 propterea
1341 4220 1486 4292 quod
1525 4223 1853 4278 ordinabant
1890 4241 2000 4280 non

429 4309 608 4363 solum
629 4308 907 4376 diaconos,
924 4326 1113 4366 verum
1135 4311 1296 4366 etiam
1325 4311 1688 4384 presbyteros.
1711 4311 2003 4384 Postquam

2095 4203 2214 4304 :01.”
2243 4220 2452 4290 ὀλίγον
2481 4217 2603 4272 σὺν
2627 4216 2752 4282 τοῖς
2766 4213 3080 4284 μαθηταῖς.
3095 4211 3322 4283 Μεγάλη
3351 4208 3485 4265 οὖσα
3515 4211 3550 4283 ἠ
3577 4209 3675 4263 πό-

2105 4314 2210 4380 λις,
2247 4313 2416 4366 ἐδεῖτο
2436 4309 2543 4364 τῶν
2569 4307 2923 4362 διδασκάλων.

427 4416 610 4459 autem
655 4405 982 4460 Antiochiam
1015 4409 1354 4471 advenerunt,
1385 4406 1673 4460 retulerunt
1721 4408 1994 4478 discipulis
2027 4424 2344 4482 quacunque
2364 4405 2504 4460 Deus
2545 4419 2715 4459 secum
2739 4404 2958 4473 fecisset.
3024 4399 3145 4457 Non
3206 4401 3370 4478 dixit,
3418 4413 3678 4473 quaecun-

431 4514 539 4567 que
576 4498 676 4568 ipsi
725 4497 1004 4561 fecissent,
1032 4499 1151 4566 sed,
1185 4513 1526 4568 qumcunque
1568 4500 1713 4554 Dens
1767 4517 1874 4554 una
1911 4517 2035 4558 cum
2077 4505 2212 4574 ipsis
2270 4517 2284 4553 :

2359 4497 2494 4552 mihi
2548 4506 2730 4550 autem
2785 4495 3004 4550 videtur
3080 4495 3411 4550 tentationcs
3465 4496 3671 4554 dicere.

433 4589 502 4642 Et
549 4597 608 4642 ut
663 4590 853 4642 exteris
909 4590 1211 4642 nationibus
1258 4589 1452 4643 ostium
1508 4590 1630 4658 ﬁdei
1680 4593 1991 4659 aperuisset.
2035 4593 2334 4648 Januarum
2363 4589 2701 4660 apertionem
2728 4627 2744 4652 ,
2775 4588 3080 4642 doctrinam
3108 4597 3286 4654 vocat,
3342 4603 3504 4657 quam
3575 4606 3678 4660 per

433 4681 583 4748 ipsos
612 4688 936 4748 acceperant
963 4687 1166 4733 extera:
1210 4678 1485 4736 nationes.
1515 4681 1685 4751 Atque
1727 4680 1872 4734 haud
1899 4685 2148 4755 exiguum
2181 4699 2388 4753 tempus
2457 4681 2571 4735 illic
2632 4695 2750 4734 cum
2826 4679 3104 4749 discipulis
3151 4682 3464 4736 commorati
3525 4693 3673 4740 siml.

431 4771 591 4837 Quod
617 4784 808 4841 magna
842 4771 972 4825 urbs
997 4779 1164 4833 esset,
1191 4770 1508 4828 doctoribus
1537 4789 1676 4844 opus
1703 4771 1997 4830 habebant.

1027 4865 1252 4922 CAPUT
1292 4866 1408 4924 xv.
2026 4877 2081 4937 υ

504 4955 672 5012 Vens.
713 4956 764 5011 1.
798 4956 862 5011 Et
891 4957 1128 5011 nonnulli
1163 4959 1252 5027 qui
1283 4961 1659 5014 descenderant
1690 4961 1752 5014 de
1782 4959 1997 5025 Juda'a,

432 5048 685 5104 docebant
715 5049 932 5119 fratres,
957 5050 1115 5118 quod,
1138 5047 1204 5104 Si
1231 5066 1333 5104 non
1369 5051 1800 5104 circumcidimini
1832 5052 1936 5105 ritu
1972 5067 2007 5104 α

438 5139 611 5211 Moyse
636 5140 898 5208 instituto,
923 5157 1026 5194 non
1057 5142 1268 5211 potestis
1298 5157 1411 5197 esse
1440 5142 1597 5196 salui.

2698 4866 2947 4920 ΚΕΦΑΛ.
2980 4864 3080 4920 ῙΕ⁹.

2179 4961 2291 5015 Καί
2315 4976 2474 5026 τινες
2504 4960 2893 5022 κατελθόντες
2918 4957 3037 5012 ἀπὸ
3067 4955 3177 5024 τῆς
3218 4957 3533 5024 Ἰουδαίας,
3557 4958 3676 5013 ἐδί-

2109 5053 2348 5108 δασκον
2380 5052 2523 5117 τοὺς
2557 5049 2880 5119 ἀδελφοὺς,
2903 5049 3018 5115 ὅτι,
3061 5047 3197 5103 Ἐὰν
3223 5050 3308 5119 μὴ
3337 5050 3678 5120 περιτέμνηο

2109 5147 2218 5198 σθε
2247 5145 2291 5176 ’⁵
2345 5141 2424 5208 τῷ
2475 5143 2596 5198 ἔθει
2642 5142 2939 5207 Μωυσέως
2966 5142 3038 5206 ’⁵,
3077 5143 3151 5195 οὑ
3179 5140 3448 5198 δύνασθε
3477 5142 3676 5210 σωθῆ-

2109 5253 2228 5289 ναι.

1629 5348 1832 5412 Varitn
1873 5348 2180 5413 lectiones
2223 5357 2287 5412 et
2328 5354 2518 5412 notte.

505 5473 1038 5560 i'lhA'utdesidcrIataﬁr
1059 5474 1522 5560 pliquidliocdocp
1556 5477 2002 5560 (τὴνύττερὸολὴν

2098 5481 2302 5560 llr-sitan,
2339 5490 2429 5532 aut
2458 5479 2658 5560 aliquid
2687 5477 2905 5560 simile)1
2933 5493 3028 5560 aut
3065 5493 3162 5560 pro
3215 5479 3317 5548 τῆς
3354 5479 3674 5560 Ίουδαξκῆς,

436 5542 730 5609 legendum.
760 5544 857 5606 τὰς
889 5542 1203 5608 Ἰουδαῖκάς.

437 5681 483 5713 ⁸⁸
505 5683 915 5747 περιτέμνεσθε,
938 5681 1080 5737 erat.
1150 5686 1194 5716 ’⁵
1228 5681 1292 5740 In
1317 5687 1526 5756 vulgato
1549 5698 1644 5756 est,
1684 5681 1965 5755 Μωῦσέος.

706 5582 730 5622 ._.
760 5544 857 5606 τὰς
889 5544 1203 5622 Ἰουδαςίκάς.
1233 5616 1242 5622 _
1282 5546 1324 5576 ’ί
1357 5544 1467 5622 Hoc
1485 5544 1861 5622 loco_éxistitiio
1890 5544 1983 5604 illa

2098 5552 2164 5605 ba
2199 5551 2352 5603 Luca!
2380 5544 2676 5622 repetenda,
2708 5551 2802 5622 καὶ
2845 5554 2909 5618 τῇ
2942 5544 3224 5622 ἐπαύριον,
3258 5544 3303 5604 et
3344 5569 3438 5618 pro
3496 5544 3674 5615 εἵπου,

437 5621 494 5690 ιιι
527 5620 643 5663 erat
679 5616 753 5690 _iu
796 5617 1192 5690 .nt‘astuscripto,
1224 5616 1520 5690 legendum,
1570 5618 1776 5683 εἵπετο,
1835 5622 2002 5685 antem

2139 5625 2244 5685 toi;
2291 5616 2559 5690 paoqtai;
2605 5616 2967 5674 κυκλώσασιν.

3067 5615 3112 5650 ’³
3135 5615 3224 5672 οἷα
3280 5615 3473 5687 δέ’τις,
3533 5635 3672 5678 erat.
