4116 6216
467 244 574 310 713

1209 259 1614 322 EXPOSITIO
1650 259 1729 319 IN
1761 259 1947 320 ACTA
1986 257 2558 319 APOSTOLORUM.
2594 281 2664 290 —
2693 257 2850 316 CAP.
2883 257 3002 319 XV.

3605 255 3711 320 ’114

525 359 868 430 Γενομένης
905 361 1020 421 οὖν
1044 367 1316 435 στάσεως
1346 369 1443 422 καὶ
1489 368 1786 438 ζητήσεως
1808 370 1854 401 ’⁸
1911 371 2023 421 οὐκ

2198 365 2361 421 Vens.
2394 367 2449 421 2.
2486 367 2616 421 Cum
2655 384 2776 438 ergo
2805 367 3058 421 dissensio
3092 366 3500 438 disceptatioque
3553 365 3710 424 Pauli

453 447 664 516 ὀλίγης
688 449 769 515 τῷ
812 455 1029 520 Παύλῳ
1051 458 1149 511 καὶ
1196 457 1275 523 τῷ
1306 460 1582 528 Βαρνάϐᾳ
1605 460 1755 529 πρὸς
1779 459 2022 525 αὐτοὺς,

451 537 675 601 ἔταξαν
701 539 1052 600 ἀναϐαίνειν
1079 547 1344 614 Παῦλον,
1389 550 1487 602 καὶ
1538 549 1872 619 Βαρνάϐαν,
1926 551 2027 604 καί

453 645 622 696 τινας
674 631 906 702 ἄλλους
933 637 1001 703 ἐξ
1052 639 1250 694 αὐτῶν
1275 641 1426 709 πρὸς
1475 641 1618 708 τοὺς
1640 641 2024 708 ἀποστόλους

452 721 553 776 καὶ
585 729 1030 798 πρεσϐυτέρους
1065 734 1153 798 εις
1183 733 1572 804 Ἰερουσαλὴμ
1623 735 1754 803 περὶ
1788 734 1895 788 τοῦ
1933 732 2026 803 ξιι-

451 811 714 882 τήματος
736 819 973 874 τούτου.

527 909 592 959 Οἱ
617 908 736 975 μὲν
766 905 881 964 οὖν
931 914 1417 983 προπεμφθέντες
1453 917 1570 972 ὑπὸ
1625 915 1735 985 τῆς
1777 916 2026 984 Ἐκκλη-

451 997 592 1062 σίας
619 997 938 1068 διήρχοντο
993 1003 1106 1070 τὴν
1137 1007 1424 1073 Φοινίκην
1469 1006 1569 1060 καὶ
1615 1005 1730 1074 τὴν
1753 1007 1797 1038 ’⁷
1838 1006 2031 1075 Σαμά-

449 1105 639 1158 ρειαν,
677 1091 1125 1164 ἐκδιηγούμενοι
1173 1097 1288 1165 τὴν
1344 1099 1716 1169 ἐπιστροφὴν
1770 1099 1889 1153 τῶν
1931 1099 2025 1155 ἐθ-

451 1179 594 1246 νῶν,
631 1185 727 1237 καὶ
755 1185 1004 1240 ἐποίουν
1033 1189 1227 1257 χαρὰν
1253 1190 1526 1258 μεγάλην
1566 1190 1688 1257 τοῖς
1719 1191 2028 1260 ἀδελφοῖς.

523 1277 998 1346 Παραγενόμενοι
1037 1279 1106 1332 δὲ
1127 1283 1214 1346 είς
1245 1281 1662 1352 Ἰερουσαλὴμ,
1698 1282 2031 1352 ἀπεδέχθη·

450 1385 574 1423 σαν
612 1369 729 1424 ὑπὸ
776 1369 885 1438 τῆς
929 1371 1316 1442 Ἐκκλησίας,
1347 1374 1446 1428 καὶ
1483 1372 1600 1426 τῶν
1648 1374 2030 1440 ἀποστόλων,

452 1462 551 1515 καὶ
581 1460 697 1514 τῶν
717 1463 1158 1533 πρεσϐυτέρων,
1197 1463 1566 1536 ἀνήγγειλάν
1593 1483 1656 1520 τε
1686 1465 1802 1522 ὅσα
1829 1469 1862 1521 ό
1888 1466 2032 1533 Θεὸς

451 1553 704 1618 ἐποίησε
721 1555 848 1624 μετ’
873 1553 1095 1611 αὐτῶν.

535 1645 695 1715 Ὁρᾷς
715 1647 840 1708 τοὺς
857 1649 1192 1717 πειρασμοὺς
1212 1647 1440 1712 ἔνδοθεν,
1465 1645 1662 1711 ἔξωθεν
1683 1665 1698 1713 ;
1718 1647 1832 1700 Οὐκ
1850 1646 2032 1715 ἔλεγον

2132 474 2194 510 ac
2225 457 2484 511 Barnaba:
2518 467 2633 512 orta
2679 467 2809 512 esset
2860 458 3109 510 adversus
3144 456 3262 509 illos
3309 457 3452 510 haud
3493 459 3706 530 exigua,

2130 547 2467 600 decreverunt
2495 556 2550 599 ut
2576 547 2796 612 I’aulus,
2833 558 2879 600 et
2907 547 3207 613 Barnabas,
3242 557 3292 600 et
3335 549 3428 602 alii
3469 554 3709 608 nonnulli

2131 637 2194 690 de
2217 653 2312 690 suo
2340 653 2556 690 numero
2597 640 2935 691 escenderent
2971 641 3024 690 in
3053 636 3352 692 Jerusalem
3393 641 3463 692 ad
3496 656 3712 710 aposto-

2131 730 2206 783 los
2249 738 2406 800 atque
2457 729 2786 799 presbyteros
2850 731 3178 784 sciscitaturi
3231 729 3296 782 ab
3343 730 3450 785 illis
3497 735 3562 787 de
3610 735 3711 789 hac

2131 824 2438 892 quarstione.

2207 915 2370 984 118
2393 914 2552 968 Vens.
2585 915 2639 968 5.
2669 914 2839 985 Atque
2861 915 2941 968 illi
2955 918 3194 984 producti
3224 917 3290 970 ab
3316 917 3574 981 Ecclesia,
3593 935 3712 986 per-

2132 998 2388 1067 aqrabaut
2415 997 2704 1051 Phaniccm
2729 1008 2778 1050 et
2813 994 3138 1066 Samariam,
3169 1010 3474 1052 enarrantes
3501 1015 3712 1054 conver-

2131 1085 2332 1137 sionem
2368 1085 2638 1154 gentium,
2680 1093 2730 1138 et
2773 1100 2964 1155 magno
3019 1085 3215 1154 gaudio
3258 1086 3452 1156 fratres
3515 1087 3711 1155 afﬁcie-

2135 1177 2283 1229 bant.

2209 1267 2376 1327 Vens.
2425 1272 2476 1326 4.
2535 1269 2668 1326 Cum
2727 1281 2905 1324 autem
2961 1271 3216 1325 venissent
3275 1271 3328 1324 in
3385 1269 3702 1330 Jerusalem,

2135 1364 2334 1432 excepti
2352 1372 2473 1417 sunt
2503 1365 2568 1416 ab
2611 1363 2863 1417 Ecclesia.
2908 1375 2956 1416 et
2987 1363 3234 1432 apostolis
3291 1372 3448 1431 atque
3487 1362 3712 1415 seniori-

2139 1455 2261 1522 bus,
2326 1465 2375 1509 et
2437 1457 2884 1510 annuntiaverunt
2947 1471 3266 1525 quotcunque
3335 1455 3474 1508 Deus
3533 1469 3709 1506 secum

2137 1547 2358 1617 fecisset.

2210 1659 2374 1714 Vides
2403 1659 2727 1714 tentationes
2765 1656 3113 1718 intrinsecus,
3160 1654 3540 1712 extrinsecus?
3586 1661 3708 1716 Non

450 1737 509 1788 δὲ
528 1737 825 1809 περιτομὴν
847 1740 1056 1806 ἁπλῶς,
1075 1739 1212 1806 ἀλλ’,
1237 1741 1318 1794 ὃτι
1334 1741 1378 1772 ’⁸
1401 1738 1668 1808 Σωθῆναι
1693 1740 1956 1794 δύνασθε
1973 1757 1984 1769 ·
2008 1738 2028 1791 ι

2139 1753 2455 1823 simpliciter
2516 1759 2700 1806 autem
2776 1750 3248 1805 circumcisionem
3309 1752 3709 1822 suscipiendam

453 1827 759 1883 τούναντίον
786 1825 854 1899 ἦν
872 1845 886 1859 ·
922 1831 1004 1884 ὅτι
1034 1832 1502 1903 περιτεμνόμενοι,
1534 1831 1885 1903 σωθῆναιοὺκ
1909 1829 2036 1900 ἡδύ-

455 1935 636 1971 ναντο.
663 1919 776 1973 Οὐκ
805 1915 927 1975 εἶπε
953 1921 1009 1974 δὲ
1045 1922 1252 1985 Παῦλος
1271 1940 1285 1955 ο
1307 1924 1372 1975 Τί
1399 1924 1508 1994 γάρ
1528 1939 1542 1986 ;
1566 1922 1666 1976 οὐκ
1688 1923 1802 1992 είμί
1825 1921 2033 1986 ἀξιόπι-

458 2025 582 2072 στος
602 2010 709 2063 ἀπὸ
723 2011 994 2065 τοσούτων
1011 2015 1250 2083 σημείων
1269 2031 1284 2080 ;
1307 2013 1420 2066 ἀλλ’
1449 2013 1676 2084 ἐπείσθη
1697 2013 1764 2065 δι’
1790 2012 2032 2076 ἐκείνους

456 2100 719 2155 ἀνελθεῖν.
773 2101 878 2156 Καὶ
901 2103 1016 2167 πῶς
1049 2106 1106 2158 ὲν
1134 2107 1200 2174 τῇ
1257 2103 1395 2174 πρὸς
1432 2103 1677 2168 Γαλάτας
1722 2103 2030 2174 Ἐπιστολῇ,

462 2190 616 2244 Οὐδὲ
653 2191 944 2260 ἀνῆλθον,
979 2195 1165 2265 φησιν,
1188 2197 1276 2262 εὶς
1301 2194 1700 2265 Ἱεροσόλυμα
1724 2196 1875 2263 πρὸς
1892 2195 2030 2262 τοὺς

459 2285 574 2350 πρὸ
593 2283 740 2352 ἐμοῦ
775 2286 1178 2354 ἀποστόλους,
1210 2287 1353 2342 οὐδὲ
1379 2287 1710 2356 ἀνεθέμην;
1736 2288 1856 2340 ’Ότι
1880 2287 2000 2356 πρῶ

461 2390 552 2428 τον
610 2379 712 2444 μὲν
762 2376 863 2429 οὐκ
909 2377 1069 2440 αὐτὸς
1112 2377 1363 2448 ἀνῆλθεν,
1425 2377 1540 2430 ἀλλ’
1579 2378 1860 2445 ἀπεστάλη
1901 2375 2032 2446 παρ’

462 2466 699 2537 ἑτέρων·
731 2467 981 2540 δεύτερον
1023 2469 1098 2538 δὲ,
1150 2470 1211 2523 οὐ
1245 2469 1625 2542 μαθησόμενος
1679 2469 2030 2540 παρεγένετο,

464 2559 580 2612 ἀλλ’
618 2559 838 2630 ἐτέρους
866 2561 1091 2616 πείσων.
1121 2561 1292 2626 Αὐτὸς
1336 2562 1436 2632 μὲν
1469 2561 1579 2632 γὰρ
1613 2559 1673 2624 ἐξ
1699 2559 1872 2630 ἀρχῆς
1903 2559 2034 2612 ταύ-

463 2668 562 2718 της
593 2652 768 2720 εἴχετο
814 2651 913 2721 τῆς
938 2651 1186 2724 γνώμης,
1225 2653 1292 2724 ἢν
1325 2652 1420 2706 καὶ
1476 2652 1526 2704 oi
1560 2651 1846 2706 ἀπόστολοι
1895 2651 2034 2722 μετὰ

461 2741 633 2794 ’ταῦτα⁵
688 2741 994 2812 ἐκύρωσαν,
1023 2744 1084 2796 τὸ
1112 2745 1188 2814 μὴ
1237 2743 1346 2798 δεῖν
1368 2741 1820 2814 περιτέμνεσθαι*
1846 2741 2033 2812 ἐπειδὴ

463 2833 520 2886 δὲ
538 2835 637 2886 οὐκ
669 2833 842 2888 ἐδόκει
871 2833 1010 2899 τέως
1032 2835 1213 2898 αὐτοῖς
1235 2834 1548 2899 ἀξιόπιστος
1580 2828 1743 2899 εἶναι,
1767 2833 1901 2887 ἀλλὰ
1921 2833 2034 2896 τοῖς

460 2927 519 2976 ὲν
555 2926 949 2997 Ἰεροσολύμοις
991 2928 1301 2998 προσεῖχον,
1331 2925 1566 2996 ἀνῆλθεν
1589 2941 1600 2954 ·
1642 2925 1743 2978 οὐκ
1789 2925 1948 2988 αὐτός
1981 2943 2032 2978 τι

2135 1858 2256 1898 esse
2300 1842 2572 1908 dicebant,
2623 1840 2718 1897 sed
2760 1840 2865 1896 nisi
2912 1839 3001 1895 illa
3033 1849 3305 1910 suscepta,
3357 1845 3558 1898 servari
3607 1862 3710 1900 non

2133 1935 2365 2004 potestis,
2405 1933 2551 2002 quod
2585 1932 2920 1988 contrarium
2965 1942 3127 1987 erat:
3174 1933 3298 2004 quia
3348 1934 3392 1990 si
3421 1935 3713 1992 circumci-

2134 2027 2416 2090 derentur,
2449 2025 2656 2080 servari
2710 2039 2824 2080 non
2869 2033 3140 2094 poterant.
3189 2025 3312 2080 Non
3353 2026 3487 2081 dixit
3527 2037 3710 2082 autem

2133 2117 2332 2172 Paulus
2361 2132 2380 2168 -:
2419 2114 2937 2182 Quidnam‘lannon
2970 2129 3090 2170 sum
3128 2115 3195 2178 is,
3233 2115 3321 2170 cui
3356 2131 3388 2169 a
3419 2124 3499 2172 tot
3539 2116 3711 2188 signis

2134 2225 2232 2279 per
2259 2223 2347 2263 me
2383 2208 2545 2262 editis
2584 2207 2718 2263 ﬁdes
2765 2206 2956 2262 haberi
2987 2197 3226 2262 debeat?
3269 2208 3365 2262 sed
3401 2223 3591 2277 passus
3626 2217 3712 2264 est

2135 2298 2234 2354 sibi
2263 2297 2601 2368 persuaderi,
2635 2306 2694 2351 ut
2731 2305 2955 2367 propter
2987 2295 3106 2351 illos
3144 2297 3485 2352 ascenderet.
3521 2299 3586 2352 Et
3615 2297 3710 2366 qui

2135 2389 2196 2444 ﬁt
2223 2398 2278 2443 ut
2314 2390 2366 2443 in
2415 2389 2654 2460 Epistola
2689 2389 2757 2444 ad
2794 2387 3010 2444 Galatas
3039 2388 3185 2442 dicat
3216 2404 3232 2441 :
3261 2387 3371 2442 Nec
3411 2388 3623 2442 ascendi
3651 2388 3708 2442 in

2133 2479 2431 2535 Jerusalem
2481 2481 2552 2534 ad
2603 2496 2711 2546 cos,
2749 2480 2838 2550 qui
2883 2487 3006 2533 ante
3049 2494 3132 2532 me
3192 2479 3420 2548 apostoli
3471 2479 3707 2548 fuerunt,

2136 2589 2298 2642 neque
2324 2571 2704 2626 communicavi
2757 2586 2876 2624 cum
2911 2569 3014 2625 illis
3045 2570 3136 2624 "i
3165 2567 3302 2635 Quia
3325 2571 3559 2640 primum
3590 2571 3710 2640 qui-

2135 2661 2259 2717 dem
2291 2675 2401 2715 non
2429 2660 2542 2730 ipse
2571 2675 2600 2714 a
2623 2674 2682 2714 se
2709 2659 2972 2725 ascendit,
3002 2660 3096 2715 sed
3125 2659 3322 2716 missus
3343 2668 3424 2714 est
3457 2659 3525 2714 ab
3558 2659 3705 2723 aliis,

2135 2749 2331 2805 deinde
2376 2765 2486 2804 non
2538 2758 2598 2803 ut
2635 2748 2889 2814 disceret,
2944 2749 3172 2804 accessit
3215 2749 3284 2802 ad
3324 2749 3465 2812 illos,
3509 2747 3605 2802 sed
3649 2756 3710 2801 ut

2135 2840 2270 2894 alios
2324 2839 2379 2892 in
2433 2853 2586 2893 suam
2635 2841 2962 2894 sententiam
3019 2840 3332 2894 adduceret.
3394 2839 3530 2892 Nam
3592 2839 3708 2908 ipse

2135 2929 2350 2998 quidem
2382 2927 2451 2982 ab
2484 2929 2637 2984 initio
2665 2938 2780 2982 erat
2811 2929 2865 2982 in
2897 2929 2998 2984 hac
3035 2929 3325 2992 sententia,
3355 2945 3516 2999 quam
3543 2935 3708 2982 etiam

456 3017 735 3087 εἰσόμενος
790 3017 974 3082 πλέον,
1027 3018 1163 3072 ἀλλὰ
1217 3017 1421 3070 πείσων
1469 3017 1596 3082 τοὺς
1631 3017 2028 3085 ἀντιλέγοντας,

2136 3020 2362 3090 apostoli
2401 3028 2587 3090 postea
2618 3019 3079 3076 conﬁrmaverunt
3112 3035 3368 3090 :nempe,
3403 3036 3512 3074 non
3547 3036 3713 3089 opor~

451 3106 537 3158 ὅτι
594 3108 687 3161 καὶ
739 3107 788 3161 ol
837 3109 894 3162 ὲν
937 3106 1333 3180 Ἱεροσολύμοις
1379 3107 1592 3171 τούτοις
1653 3106 2027 3178 συμψηφίζον-

2137 3123 2251 3169 tere
2294 3111 2608 3168 circumcidi
2653 3111 2744 3180 qui
2793 3111 2862 3166 de
2914 3111 3116 3166 exteris
3163 3111 3480 3165 nationibus
3529 3112 3710 3165 credi-

450 3211 560 3251 ται.

2133 3204 2340 3258 dissent
2373 3219 2388 3256 :
2429 3201 2683 3272 quoniam
2726 3210 2910 3255 autem
2945 3201 3100 3256 initio
3144 3216 3256 3254 non
3293 3201 3578 3256 videbatur
3605 3202 3711 3256 illis

443 3307 508 3345 ea
539 3295 860 3350 auctoritate
891 3297 1152 3366 praeditus
1177 3312 1320 3363 esse,
1372 3297 1459 3353 cui
1499 3297 1567 3353 de
1602 3308 1750 3354 tanta
1791 3315 1849 3356 re
1886 3299 2021 3356 ﬁdes
2060 3301 2375 3365 haberetur,
2426 3297 2520 3352 sed
2569 3312 2665 3352 eos
2703 3297 2796 3366 qui
2844 3295 3230 3367 Hierosolymis
3273 3305 3431 3352 erant
3498 3307 3710 3366 speeta-

451 3385 577 3438 bant
655 3395 706 3440 et
755 3387 1130 3454 attendebant,
1178 3389 1307 3444 illuc
1351 3390 1618 3455 ascendit,
1671 3408 1782 3447 non
1860 3403 1920 3448 ut
1969 3395 2085 3464 ipse
2147 3391 2352 3462 aliquid
2394 3390 2631 3460 amplius
2674 3389 3000 3452 addisceret,
3041 3387 3137 3443 sed
3169 3396 3229 3442 ut
3270 3388 3610 3443 adversarios
3653 3390 3709 3442 in

447 3497 601 3537 suam
631 3484 954 3540 sententiam
977 3485 1294 3552 adduceret,
1324 3488 1468 3556 quod
1500 3497 1555 3542 et
1594 3488 1670 3542 illi
1705 3489 1798 3559 qui
1842 3489 1896 3544 in
1931 3489 2232 3544 Jerusalem
2258 3495 2432 3552 erant,
2464 3485 2580 3540 haec
2602 3485 3038 3554 comprobarent.

529 3579 978 3649 Ἐξανέστησαν
1001 3579 1068 3633 δέ
1120 3597 1280 3646 τινες
1311 3581 1430 3636 ἀπὸ
1461 3581 1569 3650 τῆς
1599 3583 1883 3651 αἱρέσεως
1901 3583 2022 3638 τῶν

444 3671 786 3738 Φαρισαίων
810 3672 1278 3738 πεπιστευκότες
1306 3673 1372 3738 ’⁸,
1391 3672 1675 3742 λέγοντες
1694 3673 1786 3730 ὅτι
1807 3675 1900 3730 δεῖ
1915 3691 2020 3730 πε-

435 3760 740 3832 ριτέμνειν
770 3762 1012 3829 αὐτοὺς,
1072 3762 1514 3833 παραγγέλλειν
1561 3782 1626 3819 τε
1672 3765 1877 3834 τηρεῖν
1916 3768 2022 3820 τὸν

445 3858 634 3928 νόμον
660 3855 978 3924 Μωῢσέως.

516 3951 930 4019 Συνήχθησαν
958 3949 1028 4004 δὲ
1057 3952 1111 4005 οί
1139 3951 1475 4008 ἀπόστολοι
1505 3952 1603 4007 καὶ
1625 3955 1680 4008 ol
1702 3955 2022 4021 πρεσϐύτε-

439 4057 536 4108 ροι
561 4042 712 4096 ἰδεῖν
769 4045 900 4112 περὶ
927 4045 1034 4099 τοῦ
1057 4046 1245 4114 λόγου
1276 4047 1513 4102 τούτου.

517 4132 762 4202 Πολλῆς
796 4134 865 4187 δὲ
910 4135 1294 4206 συζητήσεως
1350 4139 1702 4208 γενομένης,
1756 4140 2027 4208 ἀναστὰς

446 4223 670 4291 Πέτρος
716 4222 849 4280 εἷπε
899 4228 1054 4296 πρὸς
1114 4232 1333 4298 αὐτούς
1361 4248 1376 4262 ’
1422 4233 1674 4301 Ἀνδρες
1737 4234 2024 4302 ἀδελφοί,

446 4315 616 4383 ὑμεῖς
649 4317 1010 4386 ἐπίστασθε,
1029 4321 1120 4375 ὅτι
1151 4323 1252 4392 ἀφ’
1269 4323 1504 4394 ἡμερῶν
1529 4326 1788 4396 ἀρχαίων
1815 4329 1850 4380 ό
1881 4326 2027 4392 Θεὸς

446 4404 518 4457 ἐν
541 4407 681 4473 ἡμῖν
701 4408 1021 4475 ἐξελέξατο
1049 4413 1146 4467 διὰ
1171 4415 1277 4470 τοῦ
1306 4418 1604 4486 στόματός
1620 4435 1740 4487 μου
1767 4418 2026 4473 ἀκοῦσαι

447 4494 519 4549 τὰ
542 4498 687 4568 ἕθνη
718 4499 826 4554 τὸν
852 4504 1040 4572 λόγον
1086 4505 1194 4560 τοῦ
1222 4508 1612 4577 Εὐαγγελίου,
1645 4509 1746 4563 καί
1783 4511 2026 4564 πιστεῦ-

445 4603 573 4643 σαι.

517 4682 628 4736 Καὶ
673 4687 706 4738 ό
753 4685 1238 4756 καρδιογνώστης
1273 4689 1417 4756 Θεὸς
1461 4691 1874 4761 ἐμαρτύρησεν
1918 4696 2024 4749 αὐ-

447 4773 592 4839 τοῖς,
621 4775 767 4843 δοὺς
792 4777 998 4844 αὐτοῖς
1021 4777 1087 4832 τὸ
1116 4780 1361 4850 Πνεῦμα
1382 4780 1448 4834 τὸ
1479 4781 1671 4852 ἅγιον,
1713 4785 1906 4852 καθὼς
1923 4786 2024 4840 καί

446 4861 610 4931 ἡμῖν.

519 4957 628 5010 Kal
659 4960 841 5014 οὐδὲν
861 4961 1120 5030 διέκρινε
1132 4963 1362 5032 μεταξὺ
1388 4963 1558 5034 ἡμῶν
1578 4981 1641 5018 τε
1674 4966 1770 5020 καὶ
1796 4966 2015 5029 αὐτῶν,

446 5047 519 5116 τῇ
547 5052 747 5106 πίστει
776 5057 1112 5124 καθαρίσας
1140 5055 1248 5122 τὰς
1277 5057 1526 5125 καρδίας
1545 5057 1766 5112 αὐτῶν.

514 5141 642 5197 Νῦν
670 5141 786 5198 οὖν
815 5147 871 5200 τί
897 5147 1194 5215 πειράζετε
1218 5149 1326 5203 τὸν
1351 5151 1500 5207 Θεὸν
1523 5153 1811 5209 ἐπιθεῖναι
1841 5153 2018 5224 ζυγὸν

546 5281 591 5315 ⁸⁵⁸
636 5281 816 5337 Galat.
852 5284 999 5347 1,Π.

2201 3580 2360 3636 Vens.
2393 3581 2446 3634 5.
2482 3580 2908 3634 Exsurrexerunt
2944 3588 3122 3631 autem
3147 3579 3366 3648 quidam
3400 3581 3462 3633 de
3482 3581 3709 3650 factione

2127 3691 2191 3728 ac
2219 3685 2360 3728 secta
2392 3672 2784 3727 Pharisa'orum
2817 3671 2907 3739 qui
2949 3669 3305 3735 crediderant,
3339 3672 3430 3741 qui
3461 3673 3705 3729 dicebant

2126 3777 2362 3836 oportere
2387 3765 2508 3820 illos
2539 3763 2930 3827 circumcidere,
2965 3767 3127 3830 atque
3161 3763 3465 3831 prwcipere,
3496 3775 3552 3818 ut
3590 3782 3707 3820 ser-

2125 3868 2307 3913 varent
2342 3859 2502 3928 legem
2540 3855 2760 3926 Moysis.

2196 3949 2361 4004 Vens.
2412 3949 2465 4004 6.
2503 3947 2869 4008 Convenerunt
2901 3947 3064 4017 igitur
3106 3947 3330 4015 apostoli
3358 3962 3421 4000 ac
3454 3947 3704 4013 seniores,

2125 4050 2181 4095 ut
2207 4042 2520 4110 dispicerent
2550 4041 2613 4094 de
2646 4040 2745 4092 hac
2774 4040 3084 4109 quwstione.

2201 4131 2361 4188 Vens.
2401 4133 2457 4186 7.
2496 4131 2628 4187 Cum
2663 4139 2838 4186 autem
2877 4132 2968 4185 diu
2999 4147 3061 4184 ac
3093 4131 3315 4185 multum
3345 4132 3696 4201 disceptatum

2125 4226 2324 4297 fuisset,
2357 4227 2586 4279 surrexit
2617 4223 2832 4287 Petrus,
2864 4241 2926 4277 ac
2970 4225 3104 4277 dixit
3149 4223 3220 4277 ad
3246 4223 3366 4278 illos
3399 4240 3419 4278 :
3459 4223 3572 4278 Viri
3597 4230 3703 4294 [ra-

2125 4326 2247 4380 tres,
2278 4331 2361 4370 vos
2381 4317 2528 4370 scitis
2551 4314 2720 4370 Deum
2760 4314 2826 4368 ab
2854 4314 3080 4384 antiquis
3109 4313 3290 4368 diebus
3335 4317 3472 4370 inter
3493 4333 3584 4371 nos
3606 4319 3701 4370 de-

2129 4408 2317 4463 lectum
2340 4407 2602 4471 habuisse,
2642 4415 2697 4461 ut
2725 4423 2816 4476 per
2835 4421 2892 4460 os
2918 4421 3086 4459 meum
3112 4414 3304 4462 extera:
3331 4408 3569 4464 nationes
3597 4425 3699 4462 au-

2128 4499 2303 4554 dirent
2334 4497 2542 4553 verbum
2567 4497 2865 4567 Evangelii,
2889 4511 2951 4549 ac
2981 4495 3274 4552 crederent.

2192 4698 2356 4755 Vens.
2393 4699 2447 4756 8.
2487 4698 2552 4752 Et
2602 4698 2743 4753 Deus
2779 4699 2869 4769 qui
2916 4698 3076 4753 corda
3123 4709 3392 4755 scrutatur
3423 4719 3487 4756 ac
3532 4705 3694 4767 novit,

2121 4789 2471 4851 testimonium
2501 4788 2760 4858 perhibuit
2791 4787 2926 4855 illis,
2974 4805 3090 4843 cum
3121 4790 3261 4845 dedit
3316 4791 3390 4847 eis
3432 4790 3693 4865 Spiritum

2121 4893 2386 4949 sanctum,
2414 4883 2547 4938 sicut
2578 4883 2736 4937 etiam
2769 4883 2915 4937 nobis
2948 4897 2967 4936 :

2195 4973 2355 5030 Vens.
2397 4975 2450 5030 9.
2503 4975 2575 5028 Ac
2625 4974 2829 5028 nullum
2876 4975 3158 5030 discrimen
3193 4978 3310 5049 fecit
3347 4979 3484 5032 inter
3527 4993 3618 5032 nos
3643 4987 3693 5031 et

2119 5065 2259 5128 illos,
2295 5081 2414 5119 cum
2439 5064 2541 5133 ﬁde
2567 5065 2808 5134 purgavit
2844 5074 3000 5120 corda
3031 5083 3231 5122 eorum.

2191 5156 2355 5211 Vens.
2387 5155 2473 5211 10.
2505 5152 2662 5210 Nunc
2687 5155 2874 5227 igitur,
2905 5158 3030 5228 quid
3067 5160 3281 5214 tentatis
3323 5157 3490 5212 Deum
3523 5157 3692 5224 impo-

1629 5422 1826 5483 Varise
1872 5423 2176 5484 lectiones
2202 5432 2262 5485 et
2306 5430 2495 5487 noue.

509 5588 557 5660 ’ἦ
585 5587 646 5641 1η
674 5587 907 5660 vulgato,
929 5589 1295 5660 aquzﬁoswg.
1334 5588 1465 5660 "Aln
1491 5589 1714 5660 vulgatis
1767 5598 1890 5643 ante
1920 5589 2028 5660 Sag.

2131 5607 2240 5642 ειαν
2273 5606 2374 5642 non
2423 5599 2497 5643 est
2540 5589 2816 5652 articulus,
2839 5586 2959 5654 τήν.
2998 5585 3045 5616 ’³
3066 5586 3150 5660 (cf.
3181 5585 3327 5642 οὐδε.
3398 5588 3446 5621 ⁸⁸
3469 5587 3530 5644 In
3573 5586 3688 5644 cul-

439 5659 579 5728 gatis
610 5657 830 5723 duobus,
859 5674 976 5727 qua:
1018 5657 1146 5722 vidi,
1195 5667 1266 5710 est
1297 5657 1441 5722 τινὲς
1470 5657 1595 5715 τῶνί
1617 5660 1723 5714 ἀπὸ
1751 5660 1846 5730 τῆς
1877 5658 2028 5729 αἱρέει

2131 5660 2276 5723 ςτῶν
2302 5662 2611 5731 Φαρισαίων
2648 5660 2756 5715 τῶν
2797 5657 3236 5710 πεπιστευκότων

759 5754 1026 5817 ΡΑΤιιοι..
1069 5756 1183 5815 Gn.
1215 5754 1458 5816 CXXV.

3169 5751 3246 5813 ‘23
