4116 6216
395 250 496 314 719

1310 249 1882 312 THEOPHYLACTI
1924 254 2332 320 BULGARMZ
2361 263 2715 329 ARCHIEP.

3538 268 3645 332 720

396 358 812 431 llicrosulyma?
843 371 907 412 ac
958 370 1070 410 non
1110 354 1291 425 potius
1337 354 1573 408 eversa?
1621 355 1688 410 de
1729 372 1939 426 quanan

2064 360 2197 428 Θεὸς
2225 364 2507 432 ἐκάλεσεν,
2534 362 2697 423 αὗται
2750 367 2808 421 δὲ
2852 368 2909 422 αἱ
2954 371 3367 443 παρατηρήσεις
3412 372 3647 444 ἀνατρέ.

391 453 634 523 loquitur
667 448 1076 507 castrnctione?
1112 446 1181 502 de.
1209 461 1294 511 ea,
1343 462 1463 516 quin
1506 448 1705 504 accidit
1730 459 1854 520 post
1880 466 1971 506 ca-

386 547 693 618 ptivitatem
716 539 1111 612 Babylonicam,
1131 539 1199 594 de
1226 537 1486 608 dignitate
1511 554 1702 596 rursus
1729 551 1964 612 recepta.

392 637 743 703 Quamobrem
787 647 879 702 ego
907 646 1086 685 censeo
1118 645 1210 684 nos
1256 645 1361 683 non
1412 630 1592 685 debere
1638 630 1757 685 illos
1784 630 1966 684 obtur-

390 732 515 783 bare
562 736 611 781 et
670 722 1043 791 interpellare,
1118 719 1224 776 hoc
1283 727 1400 787 est,
1461 736 1569 775 non
1622 723 1961 780 subvertere.

386 820 521 874 Nam
553 818 596 873 si
619 816 762 870 Dens
817 814 937 869 illos
990 812 1222 876 vocavit,
1247 822 1407 882 atque
1446 812 1528 867 ha:
1552 813 1962 870 observationes

388 915 643 963 evertunt
669 904 761 958 Dei
786 902 1122 959 vocationem
1148 902 1408 958 adversus
1437 902 1605 957 Deum
1634 920 1957 975 pugnamus.

385 1001 521 1054 Cum
550 994 874 1052 auctoritate
901 1007 1105 1061 autem,
1134 1009 1200 1049 ac
1229 1009 1330 1065 pro
1359 1003 1626 1064 potestate
1666 995 1817 1061 dicit,
1847 994 1961 1066 Ego

385 1108 585 1148 censeo.
617 1088 720 1144 Sed
764 1086 1097 1143 scribendum
1143 1097 1194 1141 et
1258 1087 1619 1141 mandandum
1677 1104 1788 1141 esse
1824 1088 1958 1153 illis,

385 1195 442 1237 ut
522 1180 820 1235 abstineant
891 1178 955 1232 ab
1039 1178 1450 1248 inquinamentis
1514 1176 1954 1245 simulacrorum,

385 1284 491 1328 etc.
549 1271 678 1326 llzrc
742 1268 887 1324 enim
958 1277 1251 1338 praecepta,
1311 1276 1474 1336 atque
1547 1266 1629 1321 ha:
1693 1267 1956 1323 observa-

386 1367 581 1428 tiones,
624 1362 726 1418 etsi
763 1359 1093 1431 corporales,
1130 1369 1261 1414 tuuc
1298 1358 1591 1413 observatu
1624 1360 1954 1415 necessariae

380 1465 548 1512 sunt:
594 1454 849 1525 quoniam
895 1467 1213 1523 magnorum
1263 1466 1427 1505 causa
1478 1460 1632 1505 erant
1665 1450 1951 1517 malorum,

382 1543 629 1618 [idcirco]
671 1543 1011 1615 potissimum
1046 1542 1114 1596 ab
1142 1540 1226 1596 his
1255 1540 1377 1596 illos
1410 1555 1469 1596 se
1518 1540 1790 1596 abstinere
1816 1542 1951 1595 vult.

378 1639 517 1691 Nam
581 1640 787 1707 Moyses
849 1635 1061 1705 quidem
1106 1634 1172 1689 ab
1220 1632 1469 1688 aetatibus
1529 1633 1784 1704 antiquis,
1839 1642 1947 1689 ctc.

2073 469 2258 521 πουσι,
2291 456 2367 527 τῷ
2421 457 2540 530 Θεῷ
2588 458 2953 529 πολεμοῦμεν.
3001 460 3136 513 Μετ’
3179 461 3427 527 ἐξουσίας
3474 462 3532 516 δὲ
3563 463 3644 526 τὸ,

2082 542 2224 617 Ἐγῲ
2253 546 2455 614 κρίνω.
2490 577 2561 587 --
2596 548 2758 603 Ἀλλ’
2784 548 3117 603 ἐπιστεῖλαι
3150 549 3378 617 αὐτοῖς,
3395 550 3502 605 τοῦ
3534 552 3645 605 ἀπ-

2067 616 2314 704 έχεσθαι
2364 639 2482 694 ἀπὸ
2505 639 2626 695 τῶν
2643 640 3077 710 ἀλισγημάτων
3101 639 3220 695 τῶν
3247 616 3532 711 εἰδώλων,
3551 649 3639 699 καὶ

2066 727 2135 780 τὰ
2170 728 2320 799 ἑξῆς.
2348 727 2520 785 Abt-at
2550 732 2682 803 γὰρ,
2712 735 2760 786 εἰ
2791 733 2886 786 καὶ
2938 733 3270 802 σωματικαὶ,
3302 733 3419 788 ἀλλ’
3468 735 3641 816 ἀναγ-

2066 820 2220 871 καῖαι
2247 820 2612 888 φυλάττεσθαι
2633 840 2647 855 ·
2670 823 2863 895 ἐπειδὴ
2890 822 3099 894 μεγάλα
3131 822 3448 894 εἰργάζοντο
3470 827 3636 889 κακὰ,

2063 910 2271 965 τούτων
2303 913 2537 982 μάλιστα
2585 916 2784 978 αὐτοὺς
2809 916 3036 973 ἔπαυσε.
3066 915 3325 986 Μωυσῆς
3353 916 3471 988 μὲν
3527 920 3638 990 ⁸γηὰρ

2063 1004 2133 1058 ἐκ
2173 1003 2397 1072 γενεῶν
2450 1007 2737 1077 ἀρχαίων,
2774 1009 2970 1065 καὶτὰ
3019 1010 3170 1081 ἑξῆς.
3203 1012 3316 1065 Καὶ
3372 1011 3480 1083 πρὸ
3538 1013 3639 1083 τῆς

2061 1096 2356 1167 ἐπιδημίας
2380 1098 2481 1152 τοῦ
2499 1099 2753 1170 Σωτῆρος
2778 1102 2920 1156 κατὰ
2938 1104 3047 1157 πᾶν
3070 1103 3348 1159 Σάϐϐατον
3372 1088 3429 1160 ὲν
3446 1107 3638 1177 μόναις

2061 1188 2183 1250 ταῖς
2233 1192 2579 1258 συναγωγαῖς
2638 1192 3033 1262 ἀνεγινώσκετο
3085 1196 3321 1266 Μωσῆς·
3371 1197 3487 1250 ἀλλ’
3542 1198 3636 1252 οὖν

2063 1279 2200 1348 μετὰ
2222 1279 2323 1349 τὴν
2350 1281 2665 1352 ἐπιδημίαν,
2693 1285 2749 1338 ὲν
2776 1287 2893 1348 ταῖς
2920 1286 3240 1359 ἐκκλησίαις
3271 1290 3367 1343 τοῦ
3392 1284 3632 1361 Χριστοῦ

2057 1369 2120 1421 οὐ
2170 1370 2439 1425 κωλύεται
2491 1375 2981 1443 ἀναγινώσκεσθαι.
3016 1379 3126 1432 Καὶ
3175 1379 3335 1434 τοῦτο
3380 1381 3635 1454 δηλοῦται

2057 1461 2123 1514 ὲκ
2144 1463 2275 1532 τοῦ,
2306 1462 2437 1535 ἄχρι
2459 1466 2569 1536 γὰρ
2594 1466 2696 1538 τῆς
2721 1470 2962 1540 σήμερον
2990 1472 3151 1542 ἡνίκα
3177 1473 3245 1526 ἂν
3265 1474 3635 1542 ἀναγινώσκε-

2056 1570 2146 1604 ται
2192 1553 2419 1625 Μωσῆς.
2474 1556 2538 1609 El
2585 1558 2694 1629 γὰρ
2748 1561 2826 1631 μὴ
2862 1562 3263 1632 ἀνεγινώσκετο
3312 1565 3383 1639 τὰ
3420 1566 3634 1621 Παλαιὰ

2057 1643 2376 1715 Γράμματα
2424 1647 2484 1699 ὲν
2516 1651 2642 1713 ταῖς
2672 1650 3013 1723 ἐκκλησίαις,
3067 1655 3170 1709 οὐκ
3196 1657 3441 1726 ἀκρίτως
3460 1658 3635 1713 Γαλά-

377 1732 550 1786 Ειὶιιιιι
595 1739 721 1784 ante
750 1729 1042 1785 adventum
1075 1727 1381 1783 Servatoris
1418 1727 1673 1783 omnibus
1694 1727 1939 1783 Sabbatis

2048 1751 2169 1798 ταις
2189 1736 2543 1792 ὲπεστέλλετο
2566 1740 2651 1807 τὸ,
2682 1719 2900 1813 Λέγετέ
2936 1763 3063 1815 μοι,
3091 1749 3145 1801 οἱ
3166 1719 3288 1803 ὑπό
3320 1719 3514 1820 νόμον
3540 1750 3635 1808 θέο

374 1824 428 1875 in
463 1820 750 1892 synagogis
776 1819 1039 1874 duntaxat.
1078 1818 1287 1890 Moyses
1320 1818 1642 1890 legebatur:
1684 1820 1781 1876 sed
1823 1833 1948 1892 post

2053 1829 2269 1894 λοντες
2292 1824 2465 1897 εἶναι,
2492 1832 2600 1886 τὸν
2630 1833 2819 1903 νόμον
2859 1838 2970 1891 οὐκ
3003 1839 3294 1907 damnate;

371 1913 666 1967 adventum
695 1910 897 1966 Christi
951 1911 1006 1964 in
1049 1910 1305 1965 Ecclesiis
1335 1910 1562 1976 Christi,
1602 1912 1791 1966 saltem
1830 1913 1934 1985 legi
1964 1930 2029 1971 ac
2065 1919 2282 1975 recitari
2313 1936 2425 1977 non
2468 1923 2807 1994 perhibetur,
2856 1934 3020 1998 atque
3063 1928 3117 1984 id
3176 1930 3485 1988 declaratur
3561 1944 3631 1989 ex

371 2004 725 2075 illm-Usque
812 2004 950 2058 enim
1000 2003 1055 2057 in
1110 2003 1433 2057 hodiernum
1503 2003 1667 2068 diem,
1726 2007 2159 2079 quandocunque
2228 2028 2364 2083 Opus
2422 2023 2505 2072 cst
2558 2015 2768 2088 Moyses
2829 2020 3111 2076 recitatur.
3163 2021 3300 2078 Nam
3360 2016 3423 2080 {si
3487 2027 3631 2081 anti-

369 2115 475 2167 qua
504 2098 704 2168 scripta
735 2094 791 2150 in
814 2093 1069 2150 Ecelesiis
1096 2109 1204 2148 non
1227 2094 1605 2161 recitarentur,
1639 2110 1825 2151 nonne
1878 2107 2086 2157 temere
2128 2118 2194 2159 ac
2276 2104 2395 2161 sine
2459 2106 2665 2178 judicio
2741 2110 2811 2166 ad
2867 2111 3084 2170 Galatas
3165 2115 3457 2187 Apostolus
3497 2118 3630 2180 illud

368 2192 708 2262 scripsisset:
737 2190 909 2243 Dicite
956 2190 1083 2242 milii
1108 2190 1197 2259 qui
1232 2191 1330 2260 legi
1360 2189 1555 2243 subditi
1594 2207 1706 2245 esse
1738 2193 1920 2259 multis,
1953 2212 2023 2250 an
2053 2198 2218 2270 legem
2246 2216 2348 2256 non
2377 2205 2573 2259 auditis
2601 2205 2684 2260 "l

435 2285 671 2356 Apostoli
705 2295 752 2339 et
808 2285 1034 2339 seniores
1068 2294 1115 2337 et
1144 2286 1333 2353 fratres
1368 2284 1729 2339 habitantibus
1760 2287 1946 2342 Antio-

367 2378 515 2437 chiae.
549 2386 596 2430 et
628 2377 683 2429 in
721 2373 903 2445 Syria,
933 2385 981 2429 et
1018 2375 1206 2429 Cilicia
1266 2375 1543 2447 fratribus,
1599 2377 1689 2446 qui
1732 2387 1853 2432 sunt
1881 2380 1945 2434 de

367 2467 669 2520 nationibus
705 2466 957 2532 externis,
990 2464 1239 2520 salutem.

438 2557 599 2612 γωδ.
632 2556 722 2610 24.
762 2555 1026 2620 Quoniam
1058 2557 1354 2611 audivimus
1388 2558 1664 2614 nonnullos
1696 2576 1760 2614 ea:
1793 2561 1939 2615 nobis

364 2667 424 2719 eg
432 2664 596 2702 ressos
623 2647 856 2700 turbasse
872 2663 959 2700 vos
974 2648 1314 2712 sermonibus,
1336 2647 1719 2719 labefactantes
1730 2653 1933 2708 animos

361 2748 579 2802 uestros,
616 2752 733 2792 cum
755 2738 981 2791 dicerent
1019 2753 1106 2792 vos
1135 2739 1437 2793 circumcidi
1469 2751 1516 2794 et
1545 2741 1708 2813 legem
1729 2760 1938 2800 servare

362 2839 621 2899 oportere,
640 2829 837 2899 quibus
867 2846 969 2882 non
995 2828 1438 2884 mandaveramus
1469 2846 1487 2885 :

436 2913 599 2971 Vsus.
651 2916 743 2970 25.
807 2915 1018 2970 Placuit
1072 2917 1216 2971 nobis
1268 2918 1429 2974 simul
1477 2922 1673 2976 coactis
1708 2923 1935 2995 deligere

2123 2296 2188 2349 Ol
2214 2295 2566 2365 ἀπόστολοι,
2622 2299 2720 2356 καὶ
2742 2303 2797 2357 ol
2817 2303 3229 2373 πρεσϐύτερα,
3253 2305 3352 2385 καί
3381 2308 3438 2362 ol
3451 2306 3626 2364 ἀδελ-

2048 2386 2173 2456 φοί,
2209 2389 2334 2456 τοῖς
2364 2391 2515 2446 κατὰ
2574 2391 2690 2461 τὴν
2736 2394 3097 2465 Ἀντιόχειαν
3125 2397 3225 2452 καὶ
3264 2400 3489 2467 Συρίαν
3520 2401 3624 2457 καὶ

2047 2478 2323 2532 Κιλικίαν
2349 2480 2634 2552 ἀδελφοῖς
2660 2482 2788 2551 τοῖς
2822 2485 2893 2551 ἐξ
2920 2484 3113 2541 ἐθνῶν
3156 2488 3406 2557 χαίρειν.

2126 2570 2367 2640 Ἐπειδὴ
2389 2573 2742 2644 ἠκούσαμεν
2766 2575 2855 2631 ὅτι
2884 2576 3049 2645 τινες
3076 2577 3145 2644 ἐξ
3172 2580 3344 2649 ἡμῶν
3369 2580 3416 2613 ⁸⁸
3446 2582 3621 2646 ἐξελ-

2046 2661 2251 2728 θόντες
2294 2663 2593 2733 ἐτάραξαν
2639 2664 2796 2735 ὑμᾶς
2855 2669 3061 2738 λόγοις
3105 2669 3620 2738 ἀνασκευάζοντες

2043 2753 2151 2819 τὰς
2190 2754 2395 2824 ψυχὰς
2443 2755 2643 2826 ὑμῶν.
2676 2758 2961 2829 λέγοντες
2996 2760 3482 2831 περιτέμνεσθαι,
3515 2766 3614 2818 καὶ

2040 2843 2243 2911 τηρεῖν
2270 2846 2377 2900 τὸν
2395 2847 2607 2917 νόμον,
2649 2844 2743 2916 οἷς
2782 2852 2855 2905 οὐ
2884 2850 3343 2923 διεστειλάμεθα
3366 2871 3381 2886 ο

2113 2936 2360 3004 Ἕδοξεν
2396 2940 2541 3011 ¹ἡμῖν
2568 2944 2915 3013 γενομένοις
2940 2946 3337 3015 ὁμοθυμαδὸν,
3360 2948 3613 3013 ἐκλεξα-

363 3005 521 3071 riros,
556 3016 606 3060 et
654 3004 860 3060 mittere
887 3007 958 3060 ad
990 3022 1075 3062 vos
1122 3023 1230 3061 una
1272 3025 1394 3063 eum
1429 3011 1753 3069 charissimis
1785 3017 1930 3071 nobis

2048 3028 2255 3096 αένους
2275 3004 2497 3099 ἄνδρας
2530 3004 2761 3102 πέμψαι
2797 3004 2948 3101 πρός
2970 3004 3141 3103 ’ὑμᾶς
3159 3034 3283 3089 σὺν
3318 3004 3443 3103 τοῖς
3468 3004 3611 3107 ἀγα·

360 3091 612 3145 Barnabe
641 3101 689 3145 et
724 3089 919 3160 Paulo,

433 3179 595 3235 Vens.
626 3180 717 3235 26.
769 3180 1083 3239 Hominibus
1109 3225 1125 3254 ,
1164 3188 1256 3257 qui
1287 3189 1452 3244 vitam
1490 3208 1645 3247 suam
1694 3197 1927 3264 periculo

358 3282 712 3342 exposuerunt
764 3290 859 3345 pro
889 3276 1096 3331 nomine
1145 3279 1357 3334 Domini
1394 3287 1562 3339 nostri
1603 3285 1728 3343 Jesu
1762 3288 1929 3343 Chri-

359 3364 450 3418 sti.

434 3452 596 3510 Vens.
625 3455 716 3511 27.
774 3455 1014 3512 Misimus
1046 3459 1184 3514 enim
1232 3461 1434 3519 Judam
1458 3474 1507 3521 et
1529 3464 1726 3535 Silam,
1758 3470 1848 3541 qui
1877 3482 1928 3527 et

358 3548 457 3617 ipsi
490 3548 660 3602 verbis
688 3549 870 3603 eadem
901 3552 1121 3622 referent
1145 3555 1306 3610 vobis.

420 3638 638 3693 Placuit
686 3639 844 3695 nobis
877 3640 1037 3698 simul
1068 3647 1297 3703 coactis.
1338 3646 1478 3715 Quia
1508 3652 1765 3729 omnibus
1807 3655 1926 3713 haec

356 3727 662 3797 placebant,
682 3743 759 3784 ac
787 3745 846 3785 re
867 3730 1168 3790 deliberata
1196 3737 1311 3793 haec
1339 3736 1605 3798 scribunti
1615 3727 1925 3802 Notandum

356 3826 441 3872 est
489 3818 977 3889 neque'JaCobum,
1012 3816 1437 3895 nequel‘etrum
1471 3848 1632 3890 ausos
1650 3850 1770 3891 esse
1805 3838 1926 3891 sine

354 3925 627 3967 consensu
648 3912 813 3968 totius
838 3913 1088 3971 Ecclesia:
1116 3918 1408 3976 decernere
1427 3922 1494 3978 de
1521 3926 1740 3997 negotio
1762 3928 1920 3998 122

354 4003 806 4072 circumcisionis,
826 4023 1135 4077 quanquam
1157 4010 1474 4080 judicabant
1496 4016 1601 4073 hnc
1617 4019 1691 4073 ita
1714 4031 1923 4075 rectum

353 4110 511 4171 esse;
538 4100 732 4169 'neque
773 4114 901 4155 vero
935 4116 1126 4158 omnes
1155 4108 1539 4163 auctoritatem
1564 4126 1718 4166 suam
1748 4113 1918 4168 inter-

350 4190 681 4258 posuissent,
722 4193 831 4249 ιιἱεί
880 4210 1199 4266 persuasum
1240 4198 1566 4257 habuissent
1597 4203 1702 4259 hoc
1756 4207 1921 4260 etiam

349 4283 566 4353 placere
606 4284 835 4356 Spiritui
864 4296 1074 4343 sancto.
1110 4289 1379 4346 Caeterum
1416 4309 1486 4349 ne
1514 4284 1614 4350 res
1645 4297 1922 4352 videretur

345 4373 415 4428 ad
472 4372 623 4430 Pauli
658 4386 713 4431 et
740 4375 1001 4434 Barnaba:
1032 4389 1279 4450 spectare
1309 4382 1636 4438 calumniam
1664 4387 1809 4455 quod
1842 4388 1919 4442 illi

1953 3146 1999 3208 ο
2032 3119 2245 3187 πητοῒς
2278 3121 2449 3191 ἡμῶν
2484 3122 2767 3192 Βαρνάϐᾳ
2792 3123 2894 3179 και
2938 3125 3182 3192 Παύλῳ,

2121 3212 2477 3282 Ἀνθρώποις
2520 3215 2971 3283 παραδεδωκόσι
3002 3217 3109 3284 τὰς
3162 3219 3368 3288 ψυχὰς
3411 3219 3613 3274 αὐτῶν

2035 3303 2190 3374 ὑπὲρ
2249 3304 2358 3359 τοῦ
2417 3306 2709 3376 ὀνόματος
2766 3309 2873 3363 τοῦ
2910 3309 3132 3378 Κυρίου
3191 3308 3363 3381 ἡμῶν
3405 3312 3610 3381 Ἰησοῦ

2034 3394 2317 3464 Χριστοῦ.

2118 3485 2610 3558 Ἀπεστάλκαμεν
2642 3490 2754 3559 γὰρ
2790 3489 2838 3522 ⁸³
2885 3491 3123 3549 Ἰούδαν
3147 3493 3245 3549 καί
3273 3497 3479 3564 Σίλαν,
3508 3498 3608 3551 καὶ

2044 3577 2266 3645 αὐτοὺς
2306 3578 2805 3649 ἀπαγγέλλοντας
2833 3581 2932 3636 διὰ
2968 3586 3156 3653 λόγου
3192 3586 3264 3641 τὰ
3290 3586 3445 3641 αὐτά
3475 3589 3546 3644 ⁸⁸.

2109 3670 2327 3738 Ἐδοξεν
2360 3672 2494 3741 ἡμῖν
2531 3672 2840 3743 γενομένοις
2883 3675 3247 3747 ὁμοθυμαδόν.
3287 3679 3410 3732 Ὀτι
3461 3681 3603 3734 πᾶσι

2031 3760 2206 3814 ταῦτα
2228 3761 2398 3863 δοκεῖ,
2442 3763 2536 3863 καλ
2567 3762 2653 3816 ὅτι
2698 3765 2837 3863 μετὰ
2891 3765 3232 3863 ἐπισκέψεως
3268 3767 3439 3863 ταῦτα
3466 3773 3604 3863 γρά-

2032 3853 2595 3939 φουσι.ίΣημειωτέον
2641 3853 2867 3909 ὃτιοῠτε
2927 3856 3202 3927 Ἰάκωϐος,
3235 3859 3359 3913 οὔτε
3403 3862 3604 3932 Πέτρος

2030 3944 2335 4015 ἐτόλμησαν
2364 3944 2710 4017 δογματίζειν
2735 3948 2803 4000 τὰ
2830 3950 2958 4020 περὶ
2982 3949 3082 4020 τῆς
3115 3942 3441 4022 περιτομῆς,
3476 3953 3569 4006 καί
3579 3981 3602 3994 -

2031 4054 2111 4089 τοι
2161 4036 2450 4108 κρίναντες
2502 4039 2634 4093 αὐτὸ
2672 4039 2839 4094 καλὸν
2887 4036 3034 4095 εἶναι
3065 4080 3081 4107 ,
3115 4042 3240 4115 δίχα
3279 4045 3459 4116 πάσης
3506 4047 3607 4116 τῆς

2046 4124 2405 4197 Ἐκκλησίας·
2456 4127 2583 4182 οὔτε
2620 4129 2678 4184 δὲ
2730 4131 2931 4196 πάντες
2978 4133 3316 4206 ηὐοέντησαν
3348 4176 3364 4200 ,
3417 4137 3467 4189 si
3531 4139 3606 4208 μὴ

2031 4217 2365 4289 ἐπείσθησαν
2388 4210 2471 4272 ὅτι
2500 4218 2656 4274 τοῦτο
2692 4220 2841 4275 δοκεῖ
2879 4224 2972 4276 καὶ
3014 4223 3093 4295 τῷ
3127 4225 3269 4298 ἁγίῳ
3302 4226 3604 4298 Πνεύματι.

2032 4310 2150 4362 Ἵνα
2183 4309 2239 4363 δὲ
2266 4311 2343 4381 μὴ
2361 4311 2487 4383 δόξῃ
2516 4312 2772 4384 διαϐολῆς
2813 4309 2958 4370 εἶναι
2987 4317 3199 4371 Παύλου
3223 4318 3318 4372 καὶ
3345 4321 3603 4392 Βαρνάϐα

2028 4403 2090 4455 τὸ
2116 4401 2163 4434 ’⁸⁷
2210 4403 2450 4467 ἐκείνους
2485 4405 2886 4476 ἀποσταλῆναι,
2938 4408 3042 4480 ὃρα
3071 4409 3325 4482 ἐγκώμια
3373 4412 3556 4468 αὐτῶν
3580 4429 3595 4444 ο

344 4465 501 4520 missi
530 4476 706 4535 erant,
731 4468 856 4525 vide
883 4470 1248 4526 laudationem
1278 4472 1490 4528 illorum
1515 4491 1531 4530 :
1580 4474 1919 4544 Hominibus,

2048 4497 2414 4564 Ἀνθρώποις,
2434 4465 2600 4566 ⁷φησι,
2632 4465 3091 4568 παραδεδωκόσι
3111 4465 3459 4573 ὶάέψυκάξ
3491 4507 3601 4560 αύ-

345 4557 543 4626 inquit,
579 4563 668 4630 qui
695 4561 858 4615 sitam
892 4562 1306 4632 suampericulo
1335 4579 1683 4633 exposuerunt
1704 4585 1801 4639 pro
1826 4587 1918 4625 no-

343 4649 483 4701 mine
510 4649 723 4704 Domini
750 4651 874 4705 Jesu
909 4651 1125 4707 Christi.

414 4738 578 4793 Vens.
611 4739 702 4796 28.
753 4741 939 4794 Visum
975 4753 1048 4796 est
1104 4743 1241 4797 enim
1278 4742 1503 4815 Spiritui
1542 4760 1725 4804 sancto
1752 4758 1802 4804 et
1831 4767 1919 4805 no-

342 4826 441 4891 bis,
468 4826 602 4880 nihil
628 4829 858 4897 amplius
881 4830 1021 4884 vabis
1047 4832 1220 4886 oneris
1246 4833 1531 4904 imponere,
1563 4848 1916 4910 praeterquam

338 4928 449 4974 ncnc
464 4922 767 4976 necessaria
793 4937 813 4976 :

418 5012 580 5068 Vens.
618 5014 707 5070 29.
771 5014 992 5084 Nempe,
1023 5026 1078 5071 ut
1103 5018 1413 5074 abstineatis
1447 5038 1534 5076 vos
1564 5023 1631 5077 ab
1664 5023 1764 5087 his,
1794 5039 1914 5095 qua:

337 5108 638 5164 simulacris
667 5108 942 5164 immolata
975 5120 1118 5177 sunt,
1151 5121 1200 5165 et
1228 5114 1505 5186 sanguine,
1536 5123 1586 5169 et
1633 5116 1909 5185 snffocato,

337 5211 384 5252 et
416 5199 730 5254 scortatione
760 5214 780 5253 :
814 5217 846 5253 a
896 5199 1085 5270 quibus
1098 5201 1148 5255 si
1176 5206 1606 5259 conservaveritis
1643 5205 1913 5260 vosmetti-

334 5290 493 5360 ipsos,
532 5305 669 5346 recte
700 5290 931 5362 facietis.
970 5290 1170 5348 Valete.

440 5404 486 5436 "
525 5405 699 5459 Calat.
732 5420 807 5471 tv,
833 5404 918 5458 l7.

2030 4585 2149 4642 τῶν
2173 4586 2326 4656 ὑπὲρ
2353 4586 2462 4644 τοῦ
2484 4588 2776 4659 ὀνόματος
2804 4591 2912 4647 τοῦ
2940 4595 3165 4664 Κυρίου
3196 4594 3365 4666 ἡμῶν
3407 4598 3600 4668 Ἰησοῦ

2027 4678 2305 4745 Χριστοῦ.

2100 4767 2458 4839 Ἕδοξεμτὰρ
2487 4768 2568 4837 τῷ
2592 4771 2738 4841 ἁγίῳ
2762 4774 3061 4845 Πνεύματι
3082 4778 3181 4832 καὶ
3212 4778 3379 4848 ἡμῖν,
3401 4780 3598 4850 μηδὲν

2025 4859 2218 4915 πλέον
2243 4860 2609 4918 ἐπιτίθεσθαι
2634 4863 3004 4935 ὑμῖνζϐόρος,
3026 4868 3196 4939 πλὴν
3218 4864 3447 4927 τούτων
3477 4870 3597 4928 τῶν

2023 4952 2365 5022 ἐπάναγκες
2383 4969 2396 4984 ·

2106 5041 2432 5112 ’Δπέχεσθε
2457 5043 2503 5076 ⁵⁸
2532 5043 2961 5113 εἰδωλοθύτων,
3019 5048 3117 5102 καὶ
3162 5051 3434 5121 αἳματος,
3492 5053 3595 5108 καὶ

2020 5132 2272 5186 πνικτοῦ
2301 5171 2317 5196 ,
2374 5132 2472 5186 καὶ
2533 5135 2836 5203 πορνείας.
2882 5136 2984 5201 Ἐξ
3038 5131 3128 5194 ὧν
3166 5139 3592 5211 διατηροῦντες

2020 5222 2295 5291 ἑαυτοὺς,
2321 5218 2391 5279 εὖ
2429 5224 2702 5294 πράξετε.
2746 5227 3070 5295 Ἔρῤωσθε.

1534 5498 1735 5592 Yariaa
1771 5498 2074 5566 lectiones
2100 5510 2162 5567 et
2198 5512 2384 5569 notae.

416 5622 463 5649 "
494 5618 557 5705 In
587 5623 941 5690 manuscripto
960 5630 1100 5705 θεῖαι,
1128 5620 1188 5687 ἐξ
1217 5619 1416 5703 ὑμνῶηρ
1489 5623 1630 5705 ‘f‘ln
1680 5626 1909 5705 vulgatis

2048 5634 2523 5705 ,ἀπεστάλκαμεν
2552 5633 2665 5693 οὖν.

2771 5640 2819 5673 ⁵⁸
2843 5641 2906 5723 In
2925 5643 3149 5723 vulgatis
3180 5657 3277 5717 est,
3310 5647 3397 5708 διὰ
3420 5648 3583 5723 λόγου

335 5691 775 5757 ἀπαγγέλλοντας
811 5709 881 5745 τα
915 5691 1070 5747 αὐτά,
1148 5700 1193 5734 δ’
1230 5691 1315 5754 τσ.
1344 5691 1441 5763 τῷ.
1516 5693 1562 5729 ⁸⁸
1588 5695 1651 5750 lu
1679 5691 1902 5768 vulgatis
1934 5711 2006 5755 est
2033 5691 2171 5776 πλὴν
2189 5706 2295 5762 τῶν
2314 5691 3198 5787 ἐπάναγκεςτούτων’ἆπέγῖσνάαιῖ
