4116 6216
435 352 536 418 721

1164 359 1565 421 EXPOSITIO
1603 358 1687 421 IN
1721 357 1907 418 ACTA
1946 353 2512 422 APOSTOLORUM.
2557 387 2623 398 -
2660 361 2815 423 CAP.
2848 360 3000 424 ΧἯ.

3573 367 3679 429 722

510 471 576 524 Ol
616 469 732 540 μὲν
785 462 900 526 οὖν
945 469 1356 538 ἀπολυθέντες
1400 469 1592 544 ἦλθον
1649 474 1736 536 εις
1796 468 2008 523 Ἀντιόο

2183 470 2342 525 Vens.
2374 473 2461 527 50.
2513 474 2683 543 Atque
2712 474 2793 527 illi
2821 473 3029 544 quidem
3061 474 3265 530 dimissi
3295 490 3542 535 venerunt
3573 477 3710 537 An?

435 579 628 631 χειαν,
661 560 759 615 καὶ
783 562 1231 632 συναγαγόντες
1288 563 1356 617 τὸ
1407 561 1640 630 πλῆθος
1705 559 1937 613 ἔδωκαν
1965 559 2009 590 ⁸⁸

435 655 550 724 τὴν
575 654 930 723 ἐπιστολήν.

521 748 915 816 Ἀναγνόντες
955 745 1024 800 δὲ
1055 745 1366 816 ἐχάρησαν
1414 745 1512 800 ἐπὶ
1566 744 1642 815 τῇ
1691 747 2006 816 παρακλή-

437 856 558 893 σει.

519 931 742 996 Ἰούδας
793 948 857 984 τε
905 931 952 964 ⁵⁸
1003 931 1102 984 καὶ
1129 931 1336 996 Σίλας,
1370 929 1469 984 καὶ
1499 929 1669 984 αὐτοὶ
1710 929 2010 999 προφῆται

437 1023 610 1087 ὄντες
639 1062 654 1087 ,
711 1019 811 1073 διὰ
857 1021 1046 1090 λόγου
1105 1021 1342 1075 πολλοῦ
1396 1019 1822 1090 παρεκάλεσαν
1867 1018 2012 1086 τοὺς

435 1113 741 1182 ἀδελφοὺς
785 1112 881 1166 καί
914 1112 1340 1181 ἐπεστήριξαν.

509 1205 879 1271 Ποιήσαντες
907 1204 975 1258 δὲ
1005 1206 1244 1274 χρόνον,
1276 1205 1676 1273 ἀπελύθησαν
1705 1204 2010 1275 μετέίρή-

436 1317 548 1367 rm;
586 1301 706 1354 ὑπὸ
737 1297 854 1352 τῶν
879 1297 1160 1366 ἀδελφῶν
1187 1297 1336 1365 πρὸς
1362 1298 1503 1364 τοὺς
1527 1297 1913 1362 ἀποστόλους
1938 1298 2006 1352 ⁸⁸.

508 1391 746 1456 Παῦλος
784 1389 852 1443 δὲ
898 1391 998 1444 καὶ
1028 1389 1336 1458 Βαρνάϐας
1370 1389 1662 1457 διέτριϐον
1689 1389 1758 1442 ἐν
1799 1390 2010 1444 Ἀντιο-

2113 562 2381 623 tiochiam,
2416 563 2503 617 ubi
2527 581 2642 618 cum
2677 567 2964 635 coegissent
2990 566 3403 635 multitudinem,
3439 573 3678 628 reddide-

2112 664 2234 706 runt
2255 656 2551 722 epistolam.

2180 743 2342 799 Vens.
2375 747 2461 800 51.
2515 747 2632 813 Qua
2655 750 2900 812 recitata,
2928 751 3095 820 gavisi
3115 762 3236 806 sunt
3264 763 3476 823 promer
3501 773 3676 812 conso-

2112 835 2362 890 lationem
2389 847 2438 891 et
2465 839 2902 895 exhortationem.

2181 927 2344 985 Vens.
2376 930 2464 985 52.
2488 931 2561 985 Ac
2587 931 2758 986 ludas
2781 943 2828 987 et
2863 934 3028 1000 Silus,
3048 938 3188 1005 quod
3208 937 3310 1005 ipsi
3324 955 3526 1008 quoque
3555 957 3678 1008 pro-

2111 1020 2276 1088 phetat
2305 1030 2479 1086 erant,
2517 1022 2678 1075 multo
2709 1039 2944 1078 sermone
2979 1026 3171 1094 fratres
3209 1029 3465 1084 consolati
3494 1041 3540 1084 et
3581 1033 3678 1084 ad-e

2110 1111 2307 1165 hortati
2333 1121 2476 1176 sunt,
2506 1127 2692 1184 eosque
2715 1115 3176 1184 conﬁrmaverunt.

2181 1202 2450 1258 Vsus.53.
2475 1203 2800 1260 Commorati
2828 1217 3004 1260 autem
3031 1207 3143 1260 illic
3177 1209 3492 1280 aliquandiu
3515 1214 3679 1266 amice

2110 1294 2319 1348 dimissi
2350 1305 2470 1349 sunt
2493 1314 2525 1350 a
2547 1297 2804 1366 fratribus
2820 1301 2906 1353 'ad
2939 1301 3220 1368 apostolos.

2187 1387 2343 1442 Vens.
2377 1388 2466 1444 ει.
2518 1389 2722 1443 Paulus
2754 1401 2929 1444 autem
2961 1399 3011 1444 et
3051 1391 3329 1446 Barnabas
3365 1396 3678 1447 commorati

438 1485 590 1552 χείᾳ,
637 1481 1036 1547 διδάσκοντες
1070 1480 1168 1535 καὶ
1197 1479 1711 1551 εὐαγγελιζόμενοι
1733 1480 1884 1549 μετὰ
1912 1481 2010 1536 καὶ

2119 1489 2229 1535 sunt
2252 1481 2538 1536 Antiochia:
2554 1481 2814 1549 docentes,
2839 1493 2888 1538 et
2917 1501 3020 1538 una
3050 1501 3168 1539 cum
3191 1485 3320 1541 aliis
3352 1487 3531 1541 multis
3557 1504 3678 1542 ver-

436 1571 652 1637 ἐτέρων
679 1568 930 1624 πολλῶν
973 1569 1079 1625 τὸν
1115 1572 1301 1639 λόγον
1341 1570 1445 1623 τοῦ
1483 1571 1726 1638 Κυρίου.

505 1663 668 1738 Μετὰ
746 1661 814 1715 δέ
880 1678 1050 1727 τινας
1102 1660 1328 1729 ἡμέρας
1376 1655 1508 1714 εἶπε
1567 1661 1808 1728 Παῦλος
1855 1662 2008 1730 πρὸς

2110 1573 2229 1626 bum
2263 1573 2470 1627 Domini
2489 1576 2888 1630 annuntiantes.

2181 1663 2346 1719 Vens.
2377 1665 2465 1720 35.
2511 1663 2614 1720 Sed
2655 1675 2769 1734 post
2815 1666 3019 1736 aliquot
3051 1669 3161 1721 dies
3205 1670 3338 1722 dixit
3375 1669 3577 1723 Paulus
3613 1671 3682 1722 ad

439 1753 752 1822 Βαρνάϐαν
778 1769 793 1785 ο
841 1751 1347 1821 Ἐπιστρέψαντες
1409 1751 1486 1820 δὴ
1548 1753 2007 1821 ἐπισκεψώμεθα

2119 1755 2414 1809 Barnabam
2449 1772 2467 1809 :
2525 1755 2633 1824 Age
2661 1765 3020 1818 revertamur,
3069 1768 3114 1810 et
3156 1759 3448 1813 invisamus
3486 1761 3680 1828 fratres

438 1841 581 1911 τοῦς
609 1845 913 1914 ἀδελφοὺς
957 1844 1128 1914 ἡμῶν
1155 1843 1306 1899 κατὰ
1339 1844 1546 1902 πᾶσαν
1573 1846 1777 1909 πόλιν,
1815 1846 1886 1899 ἐν
1912 1841 2008 1912 αἷς

439 1938 909 2006 κατηγγείλαμεν
967 1936 1074 1990 τὸν
1143 1937 1332 2006 λόγον
1391 1935 1499 1990 τοῦ
1556 1937 1818 2005 Κυρίου,
1882 1935 2009 2003 πῶς

438 2028 672 2097 ἔχουσι.
1940 2041 1947 2046 ’

511 2115 817 2183 Βαρνάϐας
840 2115 908 2170 δὲ
940 2116 1347 2172 ἐϐουλεύσατο
1379 2117 1879 2187 συμπαραλαϐεἷν
1902 2117 2011 2171 τὸν

451 2207 740 2276 Ἰωάννην
760 2250 775 2273 ,
810 2210 918 2262 τὸν
946 2210 1328 2267 καλούμενον
1357 2211 1622 2278 Μάρκον.

512 2298 752 2365 Παῦλος
796 2298 864 2352 δὲ
909 2299 1107 2367 ἠξίου,
1150 2301 1258 2354 τὸν
1299 2299 1652 2355 ἀποστάντα
1680 2301 1782 2355 ἀπ’
1813 2300 2012 2355 αὐτῶν

439 2390 556 2445 ἀπὸ
587 2392 962 2460 Παμφυλίας,
994 2392 1095 2446 καί
1133 2392 1221 2462 μὴ
1265 2394 1644 2448 συνελθόντα
1685 2393 1892 2460 αὐτοῖς
1925 2394 2014 2459 εις

440 2485 503 2537 τὸ
538 2483 735 2552 ἔργον,
755 2483 840 2553 μὴ
871 2485 1367 2553 συμπαραλαϐεῒν
1399 2485 1636 2540 τοῦτον.

520 2575 736 2639 Ἔδοξε
784 2574 863 2641 τῷ
897 2575 1045 2647 ἁγίῳ
1080 2577 1401 2646 Πνεύματι.
1435 2577 1553 2631 Ἵνα
1591 2577 1668 2650 μὴ
1713 2578 2012 2649 νομίσωσιν

440 2665 782 2738 ἀνθρώπινον
813 2662 976 2721 εἶναι.
1011 2667 1086 2721 Τὸ
1117 2668 1196 2733 δὲ,
1236 2667 1430 2737 Ἡμῖν,
1461 2669 1552 2723 ἵνα
1580 2669 1903 2740 διδαχθῶσιν
1932 2671 2014 2724 ὅτι

442 2757 538 2809 καὶ
583 2758 740 2810 αὐτοὶ
775 2758 1174 2828 ἀποδέχονται,
1233 2758 1331 2812 καὶ
1385 2760 1446 2813 ὲν
1507 2763 1778 2832 περιτομῇ
1831 2760 2012 2825 ὄντες.

443 2847 615 2915 Πλὴν
636 2849 861 2902 τούτων
908 2847 1028 2904 τῶν
1049 2849 1406 2920 ἐπάναγκες.
1444 2851 1728 2906 Δείκνυσιν
1751 2853 1834 2906 ὃτι
1863 2853 2015 2908 οὐδὲν

443 2940 626 3003 αὐτοῖς
647 2939 847 3006 λείπει,
867 2940 982 2994 ἀλλ’
1019 2941 1179 3014 ἀρκεῖ
1201 2941 1378 2998 τοῦτο.
1407 2943 1507 2997 Διὰ
1548 2943 1607 2998 δὲ
1649 2944 1767 3008 τοῦ,
1815 2944 2016 3015 ἀπέχε-

444 3031 571 3084 σθαι
626 3032 853 3085 πνικτοῦ
885 3071 902 3094 ,
965 3031 1058 3085 τὸν
1122 3032 1283 3102 φόνον
1338 3033 1614 3104 ἀπείργει.
1663 3033 1776 3088 Καὶ
1829 3049 2018 3089 συνα-

2113 1856 2318 1902 nostros
2349 1863 2443 1915 per
2485 1862 2663 1899 omnes
2701 1847 2960 1910 civitates,
3000 1848 3054 1900 in
3092 1849 3279 1918 quibus
3336 1854 3681 1904 annuntiavi-

2113 1953 2226 1990 mus
2259 1935 2471 1990 verbum
2527 1935 2764 2002 Domini,
2819 1945 2876 1990 ut
2917 1937 3148 1992 sciamus
3187 1942 3444 2008 quomodo
3480 1958 3533 1994 se
3577 1943 3676 1995 Ita-

2113 2026 2294 2080 beant.

2183 2115 2347 2174 νεεδ.
2379 2119 2468 2174 36.
2502 2119 2779 2176 Barnabas
2812 2129 2991 2175 autem
3022 2129 3285 2176 statuerat
3319 2139 3490 2176 secum
3530 2139 3677 2177 astu.

2113 2226 2254 2264 mere
2271 2210 2530 2266 Joannem
2565 2223 2901 2282 cognomento
2939 2212 3228 2267 Marcum:

2182 2301 2346 2357 Vsus.
2398 2303 2488 2357 57.
2551 2302 2655 2358 Sed
2693 2304 2896 2358 Paulus
2925 2320 3030 2357 non
3063 2320 3270 2374 (equum
3317 2305 3581 2370 censebat,
3623 2315 3682 2360 ut

2113 2393 2158 2446 is
2186 2394 2276 2463 qui
2302 2394 2567 2464 defecisset
2610 2394 2676 2447 ab
2710 2396 2837 2463 ipsis
2878 2395 2932 2448 in
2971 2395 3320 2465 Pamphylia,
3364 2413 3456 2450 nec
3504 2415 3682 2451 eorum

2115 2499 2280 2536 comes
2312 2483 2367 2536 in
2393 2483 2484 2536 illo
2514 2484 2718 2553 negotio
2741 2500 2849 2539 esse
2880 2484 3141 2549 voluisset,
3167 2496 3539 2539 assumeretur.

2189 2573 2363 2628 Visum
2393 2584 2466 2629 est
2497 2574 2725 2643 Spiritui
2749 2585 2953 2630 saneto.
2986 2573 3066 2630 Ne
3092 2585 3348 2646 putarent
3374 2593 3494 2632 esse
3519 2593 3684 2648 nego-

2116 2667 2249 2722 tium
2287 2667 2608 2723 humanum.
2643 2668 2800 2734 Quod
2848 2680 3031 2723 autem
3061 2668 3232 2724 dicit:
3280 2668 3350 2723 Et
3384 2670 3547 2732 nobis,
3583 2670 3686 2724 hoc

2133 2755 2341 2811 idcirco
2363 2757 2634 2826 adjectum
2668 2766 2770 2820 est,
2800 2767 2861 2812 ut
2890 2757 3220 2813 docerentur
3240 2759 3402 2812 etiam
3428 2758 3532 2811 illis
3556 2758 3686 2826 ipsis

2117 2860 2428 2916 quanquam
2461 2845 2824 2912 circumcisis,
2865 2862 2982 2901 rem
3021 2846 3093 2900 ita
3131 2846 3350 2917 probari
3373 2855 3536 2916 atque
3566 2845 3683 2914 pla-

2119 2951 2262 2992 cere.
2296 2937 2660 3008 Prteterquam
2708 2939 2818 2991 [nec
2860 2939 3179 2991 necessaria.
3249 2937 3503 2992 Ostendit
3547 2936 3685 2990 nihil

2120 3028 2224 3083 illis
2254 3029 2464 3094 deesse,
2489 3029 2585 3084 sed
2617 3029 2722 3084 hoc
2747 3029 3051 3112 satisesse.
3077 3028 3180 3084 Per
3205 3030 3309 3085 hoc
3331 3038 3510 3084 autem
3539 3030 3687 3098 quod

444 3125 729 3192 γαγόντες
757 3124 824 3178 τὸ
875 3123 1128 3194 πλῆθος,
1159 3125 1392 3180 ἔδωκαν
1417 3125 1466 3158 ⁸⁸
1495 3125 1612 3194 τὴν
1659 3125 2014 3193 ἐπιστολήν.

2119 3121 2380 3189 iubentur
2410 3120 2685 3175 abstinere
2720 3135 2750 3174 a
2783 3119 3054 3175 sud‘ocato
3081 3159 3094 3184 ,
3131 3121 3306 3175 caedes
3345 3121 3681 3189 prohibetur.

445 3213 616 3267 Τοῦτο
647 3215 970 3286 παραμυθία
1023 3216 1384 3282 διδασκάλων,
1423 3219 1456 3288 ἡ
1489 3217 1730 3280 ἐπίδοσις
1769 3218 1879 3271 τῶν
1917 3235 2014 3288 μα·

2123 3210 2222 3266 Ubi
2250 3227 2368 3265 cum
2417 3210 2701 3282 coegissent
2746 3211 3159 3273 multitudinem,
3199 3211 3538 3264 reddiderunt
3575 3212 3688 3278 epi-

448 3305 842 3376 θητευομένων.
887 3308 1393 3378 Ἐπιστρέψαντες
1421 3308 1491 3362 δὲ
1529 3309 2012 3379 ἐπισκεψώμεθα.

2119 3300 2331 3355 stolam.
2379 3299 2704 3355 Consolatur
2740 3299 2844 3354 hoc
2890 3299 3199 3370 magistros,
3245 3300 3495 3354 videlicet
3529 3301 3574 3356 si
3609 3303 3691 3356 di-

448 3399 788 3467 Σημειωτέον
815 3399 873 3452 δὲ
911 3399 995 3452 ὅτι
1045 3399 1208 3468 ἔργον
1240 3400 1352 3453 τῶν
1408 3401 1750 3471 ἡγουμένων,
1783 3419 2012 3474 περιερ-

2119 3393 2309 3460 scipuli
2361 3391 2667 3462 proﬁciant.
2714 3391 3030 3451 Notandum
3084 3403 3172 3448 est
3212 3403 3396 3447 autem
3452 3393 3688 3449 ollicium

444 3486 711 3554 γὰζεσθαι
745 3489 871 3552 τοὺς
902 3489 995 3542 ὑπ’
1030 3488 1212 3542 αὐτῶν
1244 3489 1636 3557 φωτισθέντας,
1673 3491 1871 3561 μήπως
1903 3491 2014 3562 ἄρα

2119 3500 2238 3542 esse
2271 3499 2462 3540 eorum
2515 3484 2608 3553 qui
2647 3493 2910 3553 praesunt,
2950 3490 3010 3537 ut
3055 3499 3245 3539 curam
3289 3483 3594 3552 suscipiant
3636 3495 3692 3540 et

444 3579 544 3648 οὐχ
583 3577 886 3647 ὑγιαίνουσι
940 3581 1006 3650 τῇ
1047 3578 1253 3648 πίστει,
1295 3579 1429 3634 ἀλλὰ
1456 3579 1782 3651 χωλεύουσι,
1815 3583 1907 3636 καὶ
1935 3582 2014 3636 δεῖ

2123 3578 2363 3633 studiose
2397 3575 2676 3644 inquirant
2724 3574 2776 3627 in
2808 3589 2924 3639 eos,
2961 3575 3055 3644 qui
3100 3576 3168 3630 ab
3198 3590 3320 3630 sese
3350 3575 3552 3630 fuerint
3601 3577 3692 3630 do-

448 3669 646 3732 αὐτοὺς
676 3669 1058 3740 διορθωθῆναι.

2121 3669 2296 3725 ctrina
2313 3667 2622 3738 evangelica
2644 3665 2953 3728 illuminati,
2977 3666 3132 3735 123
3151 3682 3280 3722 num
3302 3669 3489 3738 utique
3513 3670 3693 3739 aliquo

448 3758 610 3812 modo
646 3773 758 3812 non
795 3775 925 3815 sana
954 3761 1165 3830 praediti
1199 3761 1311 3818 sint
1343 3761 1470 3828 ﬁde,
1503 3777 1574 3817 an
1612 3762 1777 3818 etiam
1806 3762 2140 3828 claudicent,
2171 3767 2335 3830 atque
2372 3757 2427 3812 in
2455 3765 2660 3812 rectam
2709 3755 2852 3810 viam
2899 3755 3194 3812 reducendi
3250 3765 3310 3811 et
3370 3758 3694 3820 emendandi

448 3854 860 3926 corrigendique
875 3855 1003 3910 sint.

530 3947 799 4016 Ἐγένετο
849 3945 963 4004 οὖν
991 3948 1402 4019 παροξυσμὸς,
1454 3949 1613 4005 ὥστε
1657 3949 2020 4020 χωρισθῆναι

450 4039 671 4104 αὐτοὺς
701 4040 804 4094 ἀπ’
823 4039 1136 4106 ἀλλήλων,
1160 4040 1269 4094 τὸν
1294 4041 1362 4094 δὲ
1387 4042 1434 4074 ⁸³
1463 4043 1796 4111 Βαρνάϐαν,
1828 4059 2019 4112 παρα-

448 4131 711 4183 λαϐόντα
735 4128 841 4184 τὸν
865 4131 1130 4199 Μάρκον,
1166 4131 1500 4187 ἐκπλεῦσαι
1523 4135 1610 4199 είς
1643 4135 1904 4201 Κύπρον.

520 4219 762 4286 Παῦλος
809 4220 877 4273 δὲ
909 4220 1342 4291 ἐπιλεξάμενος
1394 4225 1606 4291 Σίλαν,
1650 4225 1873 4293 ἐξῆλθε
1915 4242 2022 4280 πα-

2194 3946 2355 4001 Vens.
2382 3945 2471 4000 '58.
2497 3943 2665 3998 Tanta
2686 3943 2848 4015 igitur
2867 3943 3003 3997 inter
3018 3943 3157 4012 ipsos
3180 3944 3694 3998 exstititanimorum

2123 4039 2422 4103 concitatio,
2458 4046 2516 4091 ut
2545 4036 2681 4091 alter
2709 4037 2774 4090 ab
2807 4037 2976 4091 altero
3015 4035 3362 4102 discederent,
3395 4047 3444 4092 et
3479 4037 3694 4091 Barna-

2123 4137 2216 4188 bas
2259 4141 2526 4202 assumpto
2555 4135 2739 4186 Marco
2766 4133 3036 4200 navigaret
3063 4133 3119 4184 in
3138 4129 3390 4201 Cyprum.

2195 4222 2358 4278 Vens.
2393 4221 2480 4278 39.
2535 4221 2641 4278 Sed
2670 4221 2874 4277 Paulus
2905 4220 3104 4275 delecto
3135 4220 3274 4287 Sila,
3305 4222 3495 4293 gratia:
3538 4220 3632 4276 Dei
3661 4239 3694 4276 a

450 4309 722 4377 padolielq
780 4308 854 4380 τῇ
911 4310 1108 4381 χάριτι
1172 4312 1280 4367 τοῦ
1332 4314 1481 4369 Θεοῦ
1533 4315 1654 4371 ὑπὸ
1699 4317 1812 4372 τῶν
1847 4317 2014 4374 ἀδελ-

2127 4313 2385 4384 [ratribus
2417 4317 2817 4370 commendatus
2844 4315 3111 4386 profectus
3139 4323 3238 4380 est,

450 4420 601 4471 φων.

520 4493 804 4562 Διῆρχετο
841 4494 910 4548 δὲ
948 4496 1066 4564 τὴν
1086 4497 1309 4566 Συρίαν
1337 4496 1436 4553 και
1468 4498 1740 4554 Κιλικίαν
1773 4499 2020 4570 ἐπιστη-

453 4582 624 4651 ρίζων
643 4585 750 4653 τὰς
789 4587 1176 4656 Ἐκκλησίας.

1032 4679 1284 4733 unus.
1319 4677 1435 4746 ις’.

529 4770 889 4837 Κατήντησε
946 4769 1016 4822 δὲ
1052 4771 1139 4835 εις
1169 4768 1392 4836 Δέρϐην
1440 4770 1538 4824 καὶ
1569 4771 1870 4839 Λύστραν.
1915 4773 2024 4827 Καὶ

459 4859 588 4913 ίδοὺ
614 4861 885 4929 μαθητὴς
908 4857 987 4932 ἦν
1025 4860 1148 4914 ἐκεῖ
1173 4859 1241 4924 ⁸⁸,
1273 4861 1516 4929 ὀνόματι
1555 4863 1846 4930 Τιμόθεος,
1889 4863 2024 4930 υίὸς

455 4953 740 5020 γυναικός
783 4969 946 5018 τινος
1007 4952 1294 5019 ἰουδαίας
1349 4951 1577 5021 πιστῆς
1605 4991 1620 5016 ,
1675 4955 1900 5022 πατρὸς
1955 4955 2025 5009 δὲ

459 5044 761 5112 Ἕλληνος
777 5061 790 5075 ⁸

533 5137 638 5201 ’Ὀς
687 5136 1067 5205 ἐμαρτυρεῖτο
1115 5135 1236 5194 ὑπὸ
1295 5134 1416 5190 τῶν
1469 5136 1539 5190 ἐν
1580 5139 1877 5207 Λύστροις
1925 5137 2024 5192 καὶ

471 5223 520 5279 ’1
521 5227 700 5290 κονίῳ
741 5227 1039 5295 ἀδελφῶν.

539 5315 762 5372 Τοῦτον
791 5316 1096 5385 ἠθέλησεν
1151 5319 1186 5371 ό
1244 5317 1486 5383 Παῦλος
1517 5319 1640 5372 σὺν
1661 5317 1821 5383 αὐτῷ
1860 5317 2029 5382 ἐξελ-

2200 4495 2361 4551 Vens.
2400 4497 2490 4552 40.
2545 4498 2622 4552 Ac
2645 4494 2962 4570 peragrabat
2994 4494 3205 4567 Syriam
3231 4503 3281 4551 et
3311 4493 3554 4551 Ciliciam
3595 4494 3698 4550 Ec-

2127 4588 2314 4643 elesias
2339 4590 2676 4659 conﬁrmans.

2687 4680 2917 4738 CAPUT
2969 4679 3112 4736 XVI.

2202 4771 2361 4827 Vens.
2392 4773 2444 4825 ί.
2500 4770 2741 4824 Pervenit
2789 4781 2963 4825 autem
2996 4771 3200 4826 Derben
3237 4788 3302 4826 ac
3329 4771 3581 4843 Lystran.
3633 4772 3697 4825 Et

2129 4879 2242 4918 ecce
2270 4861 2557 4931 discipulus
2608 4861 2824 4931 quidam
2857 4871 2970 4915 erat
3000 4861 3112 4916 illic
3137 4864 3344 4917 nomine
3373 4862 3694 4925 Timotheus,

2129 4954 2271 5022 ﬁlius
2319 4953 2557 5006 mulieris
2601 4951 2881 5020 cujusdam
2923 4950 3146 5021 Judtete,
3184 4969 3300 5025 qua:
3339 4965 3457 5009 erat
3485 4955 3654 5024 ﬁdelis
3679 4971 3697 5008 :

2130 5045 2221 5098 sed
2248 5042 2610 5110 patre-Gra'co
2637 5044 2742 5096 sive
2777 5043 2986 5113 gentili,

2209 5133 2368 5189 Vnus.
2399 5136 2452 5189 2.
2489 5134 2654 5199 (luem
2680 5150 2774 5187 suo
2807 5136 3103 5190 testimonio
3130 5138 3562 5192 commendabant
3584 5138 3696 5205 fra-

2137 5237 2238 5285 tres
2269 5233 2525 5298 quierant
2554 5229 2755 5300 Lystris
2778 5238 2826 5283 et
2854 5227 3044 5283 Iconii.

2207 5322 2370 5377 Vens.
2425 5325 2479 5379 5.
2540 5322 2691 5378 llunc
2731 5322 2936 5378 Paulus
2982 5339 3156 5377 secum
3208 5321 3368 5376 voluit
3411 5318 3696 5389 proﬁcisci,

1641 5481 1838 5544 Variae
1870 5483 2171 5546 lectiones
2201 5489 2264 5546 et
2302 5491 2490 5546 notua.

531 5627 579 5704 ’το
613 5626 922 5704 Ιιιυιιίριιιὶδ
941 5640 1035 5704 est,
1076 5633 1374 5704 ἐπέδωκαν.
1449 5633 1494 5704 ‘P
1521 5633 1583 5688 In
1615 5633 1878 5687 nonnullis
1896 5633 2014 5704 vulg

2119 5657 2121 5683 ;
2152 5644 2246 5704 est,
2270 5633 2469 5704 Ἰούδας
2645 5633 2698 5704 γ³¹
2729 5629 2794 5683 In
2815 5629 3039 5704 vulgatis
3062 5639 3156 5704 est,
3185 5625 3292 5704 ἀπο
3319 5625 3428 5704 τῶν
3461 5624 3703 5704 ᾁδελφῶν

465 5699 599 5772 πρὸς
626 5701 751 5761 τοὺς
774 5701 1122 5772 ἀποστόλους.
1168 5702 1360 5756 Deinde
1383 5703 1706 5770 adjiciantur
1726 5704 1833 5758 lucc
1879 5698 2014 5758 verba

2119 5703 2227 5767 δοξε
2253 5704 2334 5772 δὲῌ
2356 5703 2433 5770 τῷ
2472 5702 2600 5772 Σίλᾳ
2637 5698 2919 5771 empsim
2943 5698 3142 5768 ίαύτοῦ.

3247 5698 3294 5729 ³²
3316 5697 3530 5762 ἔδοκάν,
3560 5707 3692 5749 erat.

461 5767 510 5798 ⁸³
543 5768 634 5822 τόν
690 5785 771 5833 τε,
823 5781 894 5824 est
929 5771 982 5826 in
1010 5771 1251 5844 vulgatis.
1325 5773 1372 5805 “
1416 5767 1476 5826 In
1523 5773 1750 5844 vulgatis
1778 5783 1873 5838 est,
1905 5773 2010 5843 μαθ

2123 5789 2150 5836 ς
2189 5790 2273 5836 τις
2305 5769 2381 5842 ἦν
2406 5767 2552 5824 ⁷ἐκεῖ.
