4116 6216
424 200 528 261 7'27
1287 229 1290 233 ι
1397 204 1962 268 THEOPHYLACTI
2002 208 2408 269 BULGARUE
2441 206 2794 268 ARCHIEP.
3311 258 3313 260 .
3533 203 3644 267 723

423 308 786 366 defectionem
819 327 848 364 a
874 310 990 383 lege
1025 312 1262 379 doceret,
1296 330 1359 368 ac
1391 315 1746 371 vehementer
1769 317 1871 372 illis
1901 318 1986 372 in—

2095 320 2247 390 σμόν.
2304 318 2416 372 Καὶ
2441 317 2616 372 ταῦτα
2667 318 2767 388 μὲν
2815 315 2942 378 τοὺς
2999 317 3335 382 ἀπυοτόλους
3386 317 3657 372 ἔϐλαπτον

421 401 573 456 risus
626 408 762 456 erat.
823 399 1054 465 Quando
1107 404 1270 474 igitur
1320 404 1666 461 Timotheum
1698 408 1979 466 invenerat

2095 411 2233 464 ιύδέν
2266 428 2280 441 ο
2310 409 2518 477 ἐγίνετο
2558 410 2614 462 δὲ
2639 411 2751 472 τοῖς
2790 407 3065 472 Ἰουδαίοις
3093 409 3366 480 σωτηρίας
3389 409 3647 471 ὑπόθεσις

421 492 744 562 discipulum
767 490 835 547 de
859 491 1060 548 Graecis
1085 504 1138 548 et
1167 495 1420 566 gentibus
1445 510 1766 555 con-versum
1791 501 1857 556 ad
1880 501 1981 555 mi-

2095 502 2180 555 ιιαὶ
2209 501 2310 572 τῆς
2339 502 2418 563 εἰς
2448 499 2684 571 Χριστὸν
2713 498 2953 562 πίστεως
2984 499 3151 570 ἀρχὴ,
3191 500 3272 553 ὅτι
3298 497 3655 561 διδασκάλους

423 581 704 637 nisterium
732 596 892 636 suum
922 582 1201 651 idoneum,
1230 595 1285 641 et
1312 588 1566 645 comitem
1595 604 1718 645 eum
1736 590 1980 662 peregri-

2095 587 2232 663 ιῐχον
2279 591 2574 659 τοιούτους,
2607 591 2686 656 ὥς
2730 590 3001 662 ἐνόμιζον,
3033 591 3401 662 φυλάττοντας
3447 591 3540 645 τὸν
3567 593 3656 646 νύ·

423 673 664 731 nationis
687 673 890 728 habere
918 674 1152 742 volebat,
1179 688 1400 749 propter
1429 695 1523 737 eos
1554 682 1646 751 qui
1679 681 1843 752 impie
1877 682 1982 736 sibi
2091 700 2212 754 μον.

422 766 779 823 obtrectando
797 769 1076 839 negotium
1102 769 1459 841 lacessebant,
1481 790 1604 831 eum
1627 776 1986 842 circumcidit,
2029 777 2132 833 hoc
2157 777 2388 833 artificio
2417 777 2538 833 illos
2577 777 2794 832 trahere
2829 776 2898 832 ad
2919 791 2979 833 se
3006 776 3214 834 volens.
3247 775 3383 831 Nam
3440 776 3487 831 si
3557 775 3654 831 Ti-

422 860 1118 923 motheusincircumcisus
1148 868 1356 935 fuisset,
1387 871 1478 940 qui
1506 887 1735 927 munere
1790 871 2020 927 docendi
2057 872 2397 944 fungeretur,
2476 887 2668 928 omnes
2719 871 3059 927 resiluissent
3108 887 3173 927 ac
3227 871 3534 927 defecissen
3588 873 3658 928 ab

419 952 532 1006 illo.
560 949 695 1005 Nam
723 952 768 1006 si
805 962 1086 1026 tantopere
1111 958 1308 1018 Paulus
1335 972 1621 1019 accusatus
1649 973 1732 1018 est
1760 972 1980 1032 propter
2016 963 2376 1034 Trophimum
2427 962 2746 1034 Ephesium,
2798 978 2962 1033 quem
2992 963 3260 1033 putabant
3323 963 3392 1018 ab
3461 962 3553 1018 illo
3599 963 3655 1018 in

424 1043 684 1113 templum
739 1046 1107 1106 introductum
1168 1051 1337 1110 fuisse
1372 1073 1385 1108 :
1433 1054 1500 1108 de
1538 1055 1739 1109 Graecis
1786 1064 1963 1108 autent
1993 1068 2057 1109 ac
2091 1053 2385 1124 gentilibus
2424 1062 2543 1108 erat
2585 1054 2719 1110 hic:
2771 1053 2901 1122 quid
2934 1051 3152 1106 tandem
3195 1051 3484 1106 aecidisset
3508 1054 3579 1116 ei,
3605 1051 3650 1104 si

420 1137 788 1204 Timotheum,
817 1142 905 1211 qui
934 1143 1127 1200 doctor
1153 1156 1315 1209 esset,
1341 1147 1410 1201 de
1437 1147 1774 1217 praeputiatis
1803 1161 1988 1202 secum
2028 1147 2308 1201 habuisset
2337 1147 2360 1200 ἱ)
2389 1145 2525 1201 Vide
2555 1146 2683 1201 item
2722 1146 2870 1200 illum
2901 1143 3246 1216 puriﬁcatam
3300 1144 3369 1199 de
3433 1153 3658 1198 senten-

419 1230 492 1285 tia
516 1233 845 1302 collegarum
892 1237 1284 1305 apostolorum,
1358 1239 1517 1294 et'in
1587 1241 1794 1310 templo
1861 1239 2278 1294 annuntiantem
2329 1239 2692 1308 expletionem
2747 1235 3158 1308 puriﬁcationis.
3209 1233 3404 1292 Omnia
3472 1241 3654 1288 autem

417 1326 649 1381 faciebat
690 1335 913 1396 propter
966 1329 1197 1385 salutem
1243 1331 1578 1388 Judaeorum.
1627 1331 1812 1388 Posset
1851 1333 1980 1388 item
2018 1332 2140 1402 quis
2159 1331 2404 1387 invenire
2429 1330 2652 1386 Petrum
2677 1345 2894 1401 quoque
2949 1329 3284 1385 Judaismum
3335 1328 3654 1388 simulasse;

422 1426 587 1487 atque
629 1418 745 1473 haec
790 1419 1053 1487 apostolis
1089 1421 1225 1475 nihil
1283 1424 1569 1478 nocebant.
1607 1424 1736 1479 Erat
1777 1432 1962 1479 autem
2033 1424 2233 1479 Judzeis
2277 1439 2437 1479 causa
2477 1422 2667 1478 salutis
2702 1430 2759 1477 et
2802 1420 2928 1476 ﬁdei
2966 1420 3024 1476 in
3088 1419 3365 1476 Christum
3416 1419 3655 1484 initium,

421 1509 568 1579 quod
605 1509 739 1564 tales
771 1510 1044 1566 habebant
1085 1512 1360 1578 doctores,
1388 1516 1479 1584 qui
1517 1518 1713 1588 legem,
1747 1525 1808 1571 ut
1831 1515 2114 1585 putabant,
2134 1523 2436 1570 servarent.

489 1602 650 1656 Vens.
679 1601 733 1655 4.
791 1601 924 1656 Cum
969 1614 1142 1659 autent
1181 1607 1379 1662 obirent
1418 1609 1676 1675 civitates,
1705 1610 1982 1664 tradebant
2016 1614 2058 1668 Β

417 1693 492 1747 eis
530 1694 791 1747 servanda
818 1694 1036 1762 placita,
1087 1713 1206 1767 qua:
1239 1709 1388 1754 erant
1412 1701 1619 1755 decreta
1649 1701 1714 1756 ab
1735 1700 1985 1771 apostolis

417 1792 465 1837 et
496 1783 809 1851 senioribus,
850 1786 942 1854 qui
971 1797 1126 1841 erant
1153 1789 1210 1841 in
1238 1787 1560 1844 Jerusalem.

487 1963 654 2020 Vsus.
683 1964 737 2020 5.
797 1963 917 2020 Hac
947 1967 1129 2039 itaque
1163 1971 1367 2026 ratione
1407 1972 1587 2042 ﬁebat,
1635 1983 1695 2029 ut
1733 1973 1984 2030 Ecclesia:

418 2056 863 2126 conﬁrmarentur
911 2058 1016 2128 ﬁde
1045 2099 1060 2125 ,
1126 2069 1176 2114 et
1237 2079 1453 2118 numero
1507 2065 1742 2135 quotidie
1786 2082 1984 2121 cresce-

419 2156 558 2203 rent.

488 2237 652 2293 Vens.
683 2237 735 2293 6.
779 2236 910 2295 Cum
965 2247 1142 2294 autem
1189 2252 1562 2312 peragrassent
1603 2243 1894 2316 Phrygiam
1934 2254 1984 2300 et

420 2325 686 2380 Gallicam
723 2328 1011 2398 regionem,
1045 2330 1192 2384 uetiti
1222 2346 1256 2384 α
1291 2328 1499 2400 Spiritu
1542 2341 1726 2387 sancto
1775 2335 1830 2387 in
1855 2331 1983 2387 Asia

420 2418 634 2472 uerbum
658 2417 759 2471 Dei
791 2420 1106 2488 prwdicare,

493 2510 654 2579 126
668 2508 828 2564 Vens.
853 2511 904 2564 7.
937 2509 1171 2582 Profecti
1200 2513 1257 2567 in
1275 2513 1517 2584 Mysiam,
1536 2513 1986 2584 volebantperBi-

419 2601 656 2671 thyniam
691 2603 792 2656 iter
829 2603 1006 2672 facere
1029 2620 1048 2659 :
1077 2605 1172 2660 sed
1199 2621 1301 2660 non
1327 2607 1446 2662 sivit
1483 2621 1569 2661 eos
1600 2605 1829 2677 Spiritus
1869 2622 1987 2661 san-

422 2700 556 2745 ctus.

492 2782 656 2840 Vens.
691 2785 743 2841 8.
789 2785 976 2859 Itaque
1000 2785 1230 2860 Mysiam
1266 2791 1640 2862 praetergressi,
1671 2791 1985 2846 devenerunt

418 2873 475 2927 in
501 2875 782 2933 Troadem.

2167 1608 2264 1673 Ὧς
2293 1608 2360 1662 δὲ
2386 1608 2802 1676 διεπορεύοντο
2827 1607 2934 1669 τὰς
2967 1607 3195 1671 πόλεις,
3226 1605 3588 1674 παρεδίδουν
3611 1605 3656 1636 “

2093 1696 2298 1762 αὐτοῖς
2326 1697 2673 1765 φυλάσσειν
2698 1696 2773 1750 τὰ
2809 1695 3072 1764 δόγματα
3094 1735 3108 1758 ,
3157 1695 3230 1749 τὰ
3267 1693 3583 1763 κεκριμένα
3615 1694 3662 1726 ⁶²

2089 1789 2210 1842 ὑπὸ
2237 1787 2356 1842 τῶν
2388 1788 2754 1842 ἀποστόλων
2805 1788 2904 1843 καὶ
2936 1786 3056 1843 τῶν
3096 1788 3518 1856 πρεσϐυτέρων
3543 1785 3662 1838 τῶν

2089 1878 2159 1932 ἐν
2205 1879 2628 1948 Ἰερουσαλήμ.

2157 1970 2228 2021 Al
2251 1967 2369 2037 μὲν
2387 1965 2497 2024 οὖν
2525 1970 2884 2039 Ἐκκλησίαι
2916 1969 3306 2040 ἐστερεοῦντο
3335 1968 3410 2037 τῇ
3441 1969 3661 2033 πίστει,

2090 2059 2189 2114 καὶ
2218 2059 2619 2128 ἐπερίσσευον
2648 2061 2726 2128 τῷ
2757 2061 2980 2133 ἀριθμῷ
3009 2061 3376 2130 καθημέραν.

2160 2237 2501 2306 Διελθόντες
2536 2241 2605 2293 δὲ
2649 2239 2765 2305 τὴν
2813 2239 3074 2308 Φρυγίαν
3118 2239 3217 2293 καὶ
3257 2238 3372 2305 τὴν
3402 2239 3663 2292 Γαλατι-

2089 2327 2210 2396 κὴν
2260 2328 2478 2398 χώραν,
2520 2328 2894 2395 κωλυθέντες
2925 2329 3045 2384 ὑπὸ
3081 2330 3187 2383 τοῦ
3243 2329 3589 2399 Πνεύματος
3612 2329 3660 2360 ⁸⁸

2087 2418 2360 2484 λαλῆσαι
2412 2419 2520 2474 τὸν
2538 2420 2815 2486 λόγον-ἐν
2850 2420 2923 2487 τῇ
2969 2421 3163 2488 Ἀσίᾳ,

2174 2510 2488 2576 Ἐλθόντες
2533 2511 2684 2565 κατὰ
2737 2508 2852 2579 τὴν
2899 2512 3162 2574 Μυσίαν,
3213 2510 3588 2579 ἐπειρὰζοντο
3617 2512 3665 2543 ⁸⁸

2091 2599 2243 2654 κατὰ
2271 2600 2388 2668 τὴν
2434 2601 2724 2656 Βιθυνίαν
2755 2601 3133 2669 πορεύεσθαν
3173 2603 3272 2655 καὶ
3301 2603 3413 2656 οὐκ
3448 2602 3661 2656 εἴασεν

2089 2691 2314 2756 αὐτοὺς
2350 2692 2416 2745 τὸ
2444 2691 2708 2763 Πνεῦμα.

2162 2784 2571 2851 Παρελθόντες
2614 2783 2685 2838 δὲ
2730 2785 2845 2854 τὴν
2877 2788 3142 2852 Μυσίαν,
3205 2785 3548 2853 κατέϐησαν
3577 2787 3666 2851 εις

2099 2875 2349 2944 Τρωάδα.

490 2966 654 3023 Vens.
690 2969 745 3024 9.
799 2971 864 3024 Et
907 2971 1075 3027 uisum
1109 2981 1265 3026 noctu
1297 2971 1471 3028 Paulo
1510 2974 1812 3050 hujusmodi
1841 2975 1987 3028 obla-

2163 2967 2271 3020 Καὶ
2320 2966 2511 3036 ὅραμα
2541 2966 2639 3021 διὰ
2685 2967 2798 3037 τῆς
2833 2969 3055 3034 νυκτὸς
3091 2967 3256 3038 ὤφθη
3303 2967 3385 3032 τῷ
3423 2968 3658 3034 Παῦλον

420 3066 533 3111 tam
567 3066 645 3110 est
674 3073 693 3111 :
716 3059 805 3112 Vir
833 3061 1050 3129 quidam
1081 3060 1300 3116 Macedo
1361 3062 1594 3129 astabat,
1639 3065 1730 3132 qui
1755 3081 1870 3117 eum
1907 3065 1987 3118 his

419 3145 589 3199 verbis
620 3148 835 3218 rogabat
873 3164 893 3203 :
939 3149 1128 3205 Transi
1153 3152 1209 3204 in
1238 3150 1629 3218 Macedoniam,
1665 3163 1715 3208 et
1742 3171 1988 3210 succurre

419 3235 584 3291 nobis.

489 3328 654 3384 Vens.
702 3329 788 3385 10.
827 3329 983 3397 Quod
1018 3331 1188 3385 visum
1225 3332 1383 3387 simul
1411 3349 1475 3388 ac
1497 3333 1579 3388 illi
1623 3333 1859 3389 oblatum
1889 3344 1987 3402 est,

419 3423 602 3476 statim
649 3422 704 3476 in
741 3422 1111 3477 Macedoniam
1146 3425 1412 3492 proﬁcisci
1446 3426 1742 3480 studuimus
1765 3469 1779 3491 ,
1821 3427 1989 3498 conji-

420 3514 614 3568 rientes
643 3529 735 3570 nos
768 3531 801 3570 a
847 3512 1072 3571 Domino
1124 3516 1320 3573 accersi
1334 3527 1343 3534 ‘
1374 3526 1431 3572 ut
1495 3515 1840 3591 anngelium
1880 3519 1988 3574 illis

419 3603 772 3659 traderemus.

491 3695 656 3751 Vens.
694 3697 783 3753 Η.
835 3698 969 3755 Cum
1005 3700 1337 3756 solvissemus
1371 3701 1537 3772 igitur
1575 3719 1607 3756 a
1643 3701 1872 3766 Troade,
1906 3721 1990 3759 re-

419 3795 501 3838 cto
540 3802 700 3841 cursu
745 3790 1076 3857 peruenimus
1109 3792 1164 3844 in
1203 3773 1606 3856 Samothracen,
1650 3806 1713 3844 ac
1739 3792 1991 3862 postridie

423 3875 696 3948 Neapolin
717 3893 737 3932 :

493 3968 658 4025 Vens.
712 3972 801 4027 l2.
850 3972 1020 4042 Atque
1055 3971 1204 4028 illinc
1240 3971 1539 4045 Philippos,
1567 3989 1686 4037 qua:
1711 3973 1883 4042 prima
1911 3989 1992 4027 re-

421 4064 588 4132 gionis
630 4064 953 4119 Macedonia:
983 4065 1165 4120 civitas
1209 4074 1285 4119 est
1329 4065 1555 4121 colonia.
1605 4067 1773 4136 Atque
1809 4065 1864 4118 in
1894 4064 1991 4119 illa

420 4157 549 4209 urbe
571 4157 679 4210 dies
706 4156 904 4227 aliquot
927 4159 1404 4212 commorabamur.

496 4246 797 4303 Tradebant
825 4250 899 4304 eis
926 4249 1184 4304 servanda
1237 4249 1458 4320 placita.
1517 4249 1797 4318 Dogmata,
1825 4247 1878 4304 id
1907 4255 1993 4303 est

421 4337 643 4407 placita,
695 4349 861 4410 atque
917 4349 1096 4396 certas
1134 4339 1462 4410 stabilesque
1497 4341 1800 4395 sententias
1835 4339 1989 4406 dicit,

423 4443 534 4481 non
577 4429 666 4484 illa
697 4429 973 4500 mysteria,
1017 4430 1216 4500 quibus
1262 4439 1414 4484 certo
1453 4429 1548 4484 Dei
1573 4429 1803 4485 consilio
1827 4439 1992 4500 atque

423 4518 782 4588 dispositione
817 4521 1056 4576 Verbum
1091 4519 1186 4574 Dei
1215 4520 1446 4575 traditur
1475 4520 1816 4576 incarnatum
1843 4535 1989 4588 esse,

423 4609 540 4664 sive
570 4626 792 4664 carnem
823 4610 1217 4666 induissezsed
1240 4611 1329 4665 illa
1359 4626 1580 4682 nempe,
1600 4613 1988 4669 abstinendum

422 4714 546 4754 esse
568 4701 636 4754 ab
665 4701 752 4765 iis,
777 4716 898 4769 quae
927 4701 1230 4758 simulacris
1269 4712 1452 4759 essent
1480 4704 1778 4770 immolata,
1807 4721 1836 4759 a
1869 4719 1995 4760 san-

425 4793 608 4863 guine.
641 4808 671 4846 a
704 4792 988 4859 suﬂ‘ocato,
1039 4811 1068 4849 a
1099 4796 1449 4864 scortatione,
1492 4813 1614 4868 quae
1637 4807 1886 4868 spectant
1925 4797 1992 4852 ad

427 4882 692 4951 regularis
750 4883 874 4938 vita:
929 4883 1401 4942 constitutionem.
1495 4887 1648 4941 Vetiti
1709 4905 1741 4942 a
1789 4886 1995 4956 Spiritu

422 4983 606 5028 sancto
634 4977 689 5029 iu
715 4976 843 5030 Asia
869 4976 1080 5031 uerbum
1109 4977 1204 5032 Dei
1228 4981 1538 5049 pra-dicare.
1571 4978 1750 5045 Quare
1773 4977 1993 5048 quidem

426 5066 579 5122 vetiti
616 5068 726 5123 sint
750 5083 859 5123 non
890 5069 1044 5133 dicit,
1081 5070 1176 5125 sed
1211 5072 1410 5126 vetitos
1437 5071 1702 5125 duntaxat
1734 5085 1832 5125 eos
1870 5084 1992 5123 esse

423 5159 521 5224 ait,
573 5160 779 5216 docens
822 5177 923 5217 nos
963 5172 1024 5218 ut
1077 5178 1367 5233 pareamus
1411 5162 1755 5218 solummodo
1793 5176 1857 5215 ac
1879 5177 1990 5215 non

422 5264 751 5317 quaeramus,
782 5261 840 5307 et
865 5253 1162 5308 osmndens
1190 5254 1310 5308 illos
1349 5252 1516 5306 multa
1553 5251 1714 5306 etiam
1747 5251 1987 5305 humano

2103 3056 2274 3124 Ἀνήρ
2307 3075 2398 3124 τις
2420 3054 2498 3127 ἦν
2527 3059 2817 3114 Μακεδὼν
2852 3058 3044 3125 ἑστὼς
3071 3057 3433 3127 παρακαλῶν
3459 3059 3663 3120 αὑτὸν,

2088 3145 2189 3199 καὶ
2244 3147 2458 3217 λέγων·
2513 3150 2725 3215 Διαϐὰς
2772 3150 2862 3216 εις
2913 3149 3296 3204 Μακεδονίαν
3343 3148 3666 3216 ,ϐοήθησον

2093 3234 2260 3305 ἡμῖν.

2175 3327 2276 3394 Ὠς
2327 3327 2403 3392 δὲ,
2446 3329 2510 3382 τὸ
2547 3329 2740 3399 ὅραμα
2793 3325 2970 3397 εἶδεν,
3027 3330 3245 3397 εὐθέως
3294 3329 3666 3398 ἐζητήσαμεν

2087 3418 2355 3484 ἐξελθεῖν
2413 3423 2500 3484 εις
2541 3421 2918 3477 Μακεδονίαν
2956 3424 3022 3491 ⁸⁸,
3055 3422 3522 3493 συμϐιϐάζοντες
3571 3422 3663 3476 ὅτι

2089 3513 2539 3584 προσκέκληται
2596 3516 2750 3585 ἡμᾶς
2795 3520 2828 3571 ό
2878 3519 3094 3586 Κύριος
3157 3518 3663 3587 εὐαγγελίσασθαι

2089 3603 2314 3670 αὐτοῖς.

2175 3694 2570 3762 ’Δναχθέντες
2599 3690 2716 3751 οὖν
2746 3695 2867 3752 ἀπὸ
2897 3696 3009 3765 τῆς
3052 3696 3336 3765 Τρωάδος,
3384 3695 3666 3762 εὐθυδρο-

2086 3784 2370 3854 μήσαμεν
2399 3789 2485 3854 εἰς
2535 3787 2972 3857 Σαμοθρᾴκην·
3026 3788 3097 3859 τῇ
3140 3807 3205 3844 τε
3263 3790 3519 3856 ἐπιούσῃ
3568 3788 3657 3850 είς

2090 3878 2417 3942 Νεάπολιν,
2440 3860 2448 3871 ’

2174 3968 2432 4023 Ἐκεῖθεν
2476 3986 2542 4024 τε
2590 3973 2679 4037 εις
2703 3973 3062 4038 Φιλίππους,
3100 3973 3232 4040 ἣτις
3278 3972 3412 4025 ἐστι
3467 3970 3666 4039 πρώτη

2090 4057 2206 4125 τῆς
2236 4059 2614 4129 Μακεδονίας
2643 4064 2709 4126 ⁸⁸,
2738 4064 2915 4129 πόλις
2935 4063 3257 4118 κολώνεια.
3283 4059 3470 4133 Ἦμεν
3496 4061 3565 4115 δὲ
3598 4061 3668 4114 ἐν

2091 4149 2245 4218 αὑτῇ
2270 4150 2345 4220 τῇ
2375 4155 2549 4208 πόλει
2573 4154 2977 4222 διατρίϐοντες
3003 4157 3227 4225 ἡμέρας
3259 4156 3432 4221 τινάς

2177 4243 2553 4311 Παρεδίδουν
2599 4245 2806 4312 αὐτοῖς
2853 4246 3206 4313 φυλάσσειν
3249 4247 3321 4302 τὰ
3383 4247 3665 4315 δόγματα.

2103 4336 2362 4406 Δόγματα
2390 4338 2564 4405 λέγει,
2593 4338 2654 4391 οὑ
2685 4338 2754 4391 τὰ
2781 4339 2878 4406 τῆς
2930 4340 3196 4411 ὲνσάρκου
3223 4331 3533 4408 οἰκονομίας
3563 4355 3669 4406 μυ-

2100 4430 2317 4499 στήρια,
2331 4429 2470 4483 ἀλλὰ
2495 4431 2555 4483 τὸ
2573 4431 2871 4503 ἀπέχεσθαι
2893 4432 3278 4497 εἰδωλοθύτων,
3301 4431 3396 4485 καὶ
3414 4429 3665 4500 αἵματος,

2099 4522 2194 4573 καὶ
2218 4521 2466 4584 πνικτοῦ,
2486 4521 2581 4575 καὶ
2605 4523 2880 4593 πορνείας,
2922 4523 3069 4595 ἅπερ
3098 4525 3178 4588 εἰς
3210 4523 3502 4590 κανονικῆς
3522 4521 3668 4591 ζωῆς

2101 4618 2202 4687 ὁρᾷ
2213 4612 2562 4668 διατύπωσιν.
2579 4613 2958 4682 κωλυθέντες
2974 4615 3091 4670 ὑπὸ
3102 4615 3208 4669 τοῦ
3221 4615 3392 4683 ἁγίου
3410 4614 3671 4680 Πνεύμαι

2099 4727 2200 4775 τος
2213 4709 2481 4776 λαλῆσαι
2499 4707 2607 4761 τὸν
2619 4712 2806 4779 λόγον
2819 4710 2888 4763 ἐν
2904 4710 2980 4778 τῇ
3003 4711 3189 4776 Ἀσίᾳ.
3211 4708 3306 4762 Διὰ
3323 4709 3376 4761 τί
3413 4708 3510 4777 μὲν
3529 4709 3669 4760 ὲκω·

2099 4800 2357 4870 λύϐησαν,
2378 4799 2437 4852 οὐ
2461 4798 2633 4867 λέγει·
2653 4801 2737 4853 ὅτι
2756 4801 2812 4854 δὲ
2841 4801 3210 4870 ἐκωλύθησαν,
3233 4797 3373 4852 εἷπε·
3396 4798 3668 4852 παιδεύων

2099 4894 2246 4963 ἡμᾶς
2263 4890 2548 4945 πείθεσθαι
2574 4891 2753 4960 μόνον,
2774 4895 2869 4946 καὶ
2891 4893 2963 4962 μὴ
2988 4893 3192 4962 ζητεῖν,
3225 4893 3318 4946 καὶ
3340 4892 3554 4950 δεικνὺς
3584 4893 3668 4944 δτι

2102 4981 2271 5035 πολλὰ
2290 4982 2385 5035 καὶ
2407 4981 2764 5053 ἀνθρωπίνως
2781 4983 3016 5036 ἐποίουν.
3038 4984 3126 5035 Ἐν
3146 4986 3210 5052 τῇ
3231 4984 3385 5054 Ἀσίᾳ
3399 4983 3492 5036 καὶ
3511 4982 3668 5035 Βιϐυ-

2100 5073 2190 5144 νίᾳ
2207 5072 2404 5127 κωλύει
2423 5072 2484 5125 τὸ
2505 5072 2731 5143 Πνεῦμα
2744 5074 2975 5142 λαλῆσαι
2991 5075 3082 5126 τὸν
3107 5075 3262 5144 λόγον
3282 5075 3406 5138 τοὺς
3433 5074 3665 5128 ἀποστὸ-

2103 5164 2250 5227 λους,
2297 5165 2672 5234 προγινῶσκον
2697 5164 2795 5234 τὴν
2829 5166 2936 5218 τῶν
2955 5166 3432 5237 Πνευματομάχοω
3455 5168 3666 5237 αἵρεσιν

2104 5254 2377 5326 κυριεύειν
2415 5255 2525 5309 τῶν
2574 5257 2772 5309 ἐκεῖσε.
2830 5256 2933 5310 Καὶ
2963 5255 3148 5326 ὅραμα
3182 5257 3278 5313 διὰ
3313 5256 3420 5325 τῆς
3445 5257 3666 5321 νυκτὸς

1592 5387 1788 5448 Variae
1821 5386 2120 5450 lectiones
2164 5395 2225 5452 et
2266 5395 2456 5453 notae.

493 5485 536 5518 ⁶¹
555 5486 636 5559 _In_
662 5497 860 5559 vetusto
888 5491 1243 5559 manuscripto
1268 5500 1362 5554 est,
1394 5489 1684 5558 ἐπορεύετο
1717 5490 1816 5554 τὰς
1856 5493 1992 5546 πόλει

2101 5493 2409 5558 παρεδίδου.

421 5565 516 5629 εει,
548 5555 651 5629 ὑπὸ
669 5557 763 5610 τοῦ
793 5559 950 5626 ἁγίου
979 5555 1314 5629 Πνεύρξατος.

422 5624 646 5694 vulgatis
675 5636 768 5693 est,
796 5624 894 5700 τῆς
919 5624 1254 5696 Μακεδονίας
1278 5631 1450 5697 πόλις,
1487 5624 1736 5686 κολώνια.

2503 5492 2544 5522 ⁶²
2573 5491 2949 5558 κεκρυμμένα,
3003 5501 3138 5547 erat.
3249 5493 3292 5522 ⁶³
3329 5490 3392 5542 In
3431 5491 3656 5555 rulqatis

1389 5560 1434 5590 "‘
1457 5560 1520 5613 In
1552 5560 1775 5634 uulgatis
1818 5573 1914 5628 est,
1939 5565 1992 5615 ἐτ

2097 5563 2247 5627 αζον.
2325 5563 2368 5594 ⁸⁸
2390 5563 2452 5616 1η
2478 5561 2702 5632 vulgatis
2720 5571 2812 5626 est,
2844 5565 2922 5625 εἰς
2951 5562 3048 5631 τὴν
3070 5561 3426 5617 Μακεδονίαν.
3501 5563 3546 5594 ⁸⁸
3587 5560 3655 5613 In
