4116 6216
486 323 593 389 735

1389 321 1965 383 THEOPl-IYLACTI
2005 321 2417 384 BULGARUE
2454 323 2809 384 ARCHIEP.

3621 320 3733 385 736

564 437 726 491 Vens.
758 435 848 490 29.
882 435 1011 488 Tum
1040 432 1151 496 ille,
1183 447 1300 485 cum
1335 431 1509 485 lumen
1536 432 1883 499 postulasset,
1914 434 2056 486 intro

2229 431 2495 498 Δίτήσας
2527 431 2596 484 δὲ
2639 430 2824 500 φῶτα,
2863 429 3260 498 εἰσεπήδησεο
3318 431 3422 485 καὶ
3447 430 3738 503 ἔντρομος

487 525 712 596 prosilit,
759 532 805 577 et
842 531 1066 576 tremore
1113 529 1401 590 correptus,
1436 521 1730 590 procumbit
1784 520 1955 577 Paulo
2010 534 2058 576 et

486 616 614 674 Sila:
643 616 712 669 ad
757 615 930 682 pedes.

557 707 720 762 Vens.
761 707 851 761 30.
884 705 960 760 Ac
999 707 1150 776 foras
1182 708 1445 778 productis
1494 710 1694 764 dicebat
1740 723 1761 762 :

485 797 612 868 quid
645 811 725 849 me
751 796 925 865 facere
951 805 1174 865 Oportet,
1216 807 1272 851 ut
1299 798 1474 854 salvus
1505 801 1605 854 sim
1629 801 1655 854 ?

557 887 719 958 Vens.
753 888 842 941 5i.
872 887 1040 958 Atque
1070 888 1152 942 illi
1180 890 1425 943 dixerunt
1455 907 1474 945 :
1504 890 1665 947 Crede
1689 891 1743 944 in
1777 891 2059 946 Dominum

483 976 666 1032 Iesum
692 976 985 1043 Christum,
1017 986 1067 1032 et
1091 977 1267 1032 saluus
1294 979 1397 1033 eris
1425 988 1479 1032 tu
1513 988 1562 1033 et
1593 978 1804 1048 familia
1835 987 1949 1034 tua.

1818 707 2055 776 Domini,

560 1150 722 1207 Vens.
759 1151 851 1210 52.
909 1151 978 1206 Et
1029 1152 1191 1207 locuti
1240 1161 1363 1207 sunt
1395 1153 1477 1207 illi
1514 1154 1724 1208 verbum
1752 1154 1982 1219 Domini,
2009 1166 2056 1211 et

487 1244 724 1297 onmibus
758 1245 849 1314 qui
877 1254 1027 1298 erant
1068 1245 1124 1298 in
1154 1245 1354 1300 aedibus
1391 1245 1526 1309 eius.

557 1333 722 1389 Vens.
755 1337 848 1389 '55.
879 1335 945 1389 Et
977 1353 1096 1389 cum
1122 1337 1337 1406 cepisset
1365 1354 1450 1392 eos
1493 1338 1546 1392 in
1590 1339 1685 1393 illa
1712 1340 1840 1394 hora
1871 1342 2056 1406 noctis,

486 1427 655 1479 abluit
688 1444 720 1479 a
750 1425 1047 1480 verberibus
1085 1438 1130 1480 et
1159 1427 1330 1497 plagis
1359 1445 1379 1493 ;
1404 1439 1451 1480 et
1493 1430 1792 1498 baptizatus
1825 1439 1898 1485 est
1927 1431 2054 1499 ipse,

485 1529 534 1572 et
561 1535 734 1572 onmes
766 1519 1034 1572 domestici
1064 1519 1179 1586 ejus
1207 1528 1255 1572 et
1282 1519 1579 1587 familiares
1604 1522 1884 1590 extemplo.

555 1610 714 1664 Vens.
739 1610 825 1662 54.
850 1608 1083 1679 Cumque
1110 1611 1438 1664 subduxisset
1461 1627 1544 1665 eos
1564 1611 1618 1664 in
1649 1613 1858 1665 domum
1881 1630 2055 1676 suam,

483 1704 725 1770 apposuit
755 1703 860 1755 illis
885 1719 1117 1755 mensam
1140 1744 1154 1768 ,
1185 1719 1248 1756 ac
1275 1703 1486 1758 laetatus
1519 1711 1614 1771 est,
1638 1706 1774 1773 quod
1802 1723 1919 1759 cum
1947 1716 2056 1761 tota

485 1792 692 1860 familia
723 1809 818 1845 sua
854 1792 958 1846 Deo
984 1794 1308 1849 credidisset.

552 1905 619 1958 Et
667 1905 812 1973 plebs
847 1921 953 1959 una
985 1914 1164 1959 coorta
1211 1915 1285 1960 est
1323 1907 1570 1962 adversus
1611 1907 1755 1963 illos.
1799 1909 2057 1966 Miracula

483 2005 646 2064 alque
701 1994 948 2050 doctrina
1011 1993 1165 2050 Pauli
1220 2011 1357 2065 opus
1413 2006 1569 2051 erant
1623 2015 1636 2051 :
1689 1997 2057 2067 periculorum

483 2096 662 2140 autem
714 2087 853 2140 Silas
885 2102 1101 2156 quoque
1143 2088 1301 2157 130
1334 2088 1608 2159 particeps
1654 2096 1708 2144 et
1741 2089 1921 2144 socius
1953 2099 2055 2148 est.

486 2178 636 2231 Scito
671 2177 946 2233 daemones
976 2195 1191 2248 quoque
1229 2182 1370 2235 scire
1415 2179 1583 2236 Deum
1623 2197 1894 2237 summum
1935 2197 2059 2239 esse

480 2263 664 2319 Jesum
699 2267 790 2334 qui
824 2267 1115 2323 cruciﬁxus
1144 2277 1246 2323 est.
1291 2269 1463 2340 Hujus
1501 2271 1666 2342 igitur
1705 2287 1896 2328 servus
1932 2288 2056 2328 cum

481 2365 624 2411 esset
653 2357 871 2423 Paulus,
907 2359 1208 2416 afﬁrmabat
1229 2362 1457 2418 dicens:
1492 2363 1700 2420 Paulus
1722 2381 1898 2420 servus
1933 2365 2058 2420 Jesu

482 2445 700 2502 Christi.
751 2447 978 2520 Repente
1019 2462 1196 2506 autem
1245 2461 1424 2508 tantus
1463 2456 1660 2511 exstitit
1682 2465 1836 2511 terra
1863 2467 2054 2512 motus.

481 2535 665 2592 Terra:
697 2549 876 2595 motus
905 2542 1133 2608 exstitit,
1163 2544 1327 2599 utille
1351 2547 1843 2619 expergisceretur.
1869 2549 2058 2608 Januae

481 2637 659 2683 autem
699 2642 901 2700 apertae
935 2641 1081 2698 sunt,
1121 2642 1179 2690 ut
1205 2637 1570 2692 admiraretur
1598 2638 1650 2693 id
1676 2639 1818 2708 quod
1838 2641 2058 2697 accide-

467 2733 604 2798 rat:
655 2723 748 2777 sed
781 2723 914 2790 lucc,
949 2739 1146 2795 nempe
1166 2727 1303 2782 ostia
1326 2739 1533 2799 aperta,
1562 2730 1728 2786 vincti
1762 2746 1870 2786 non
1904 2733 2058 2788 vide-

481 2812 632 2868 bant.
653 2815 784 2868 Nam
799 2816 1045 2886 profecto
1063 2816 1186 2890 iuga
1207 2818 1306 2873 sibi
1335 2821 1738 2876 consuluissent
1765 2823 2004 2878 universi
2038 2840 2052 2878 :

481 2906 575 2968 sed
625 2921 694 2961 ne
731 2909 1009 2965 videretur
1061 2925 1189 2965 casu
1246 2910 1421 2966 factus
1467 2928 1588 2968 esse
1643 2921 1800 2968 terra:
1853 2922 2053 2980 motus,

480 3001 678 3055 accidit
707 3012 969 3071 praeterea
1002 3011 1061 3058 ut
1105 3003 1272 3058 etiam
1296 3003 1480 3073 ianuae
1522 3006 1892 3073 aperirentur,
1934 3022 2055 3076 qua:

481 3105 570 3144 res
593 3099 750 3146 terra:
769 3101 971 3147 motum
994 3093 1140 3147 illum
1165 3103 1475 3149 testaretur.
1496 3094 1660 3147 Crede
1677 3097 1730 3148 in
1751 3096 2052 3163 Dominum,
2079 3116 2123 3177 ρ

481 3191 529 3233 et
564 3181 738 3234 salvus
782 3184 883 3236 eris
913 3192 968 3236 tu
999 3192 1047 3236 et
1085 3184 1293 3253 familia
1324 3193 1435 3237 tua.
1464 3183 1543 3238 Ne
1576 3199 1699 3238 cum
1738 3187 1793 3241 in
1838 3201 2057 3241 carcere

482 3274 699 3343 quidem
730 3283 916 3339 esset,
953 3276 1154 3331 Paulus
1180 3276 1496 3345 quiescebat
1539 3293 1552 3332 :
1603 3278 1699 3332 sed
1740 3279 1902 3333 etiam
1945 3279 2058 3335 illic

482 3367 715 3422 carceris
760 3368 1039 3422 custodem
1091 3365 1146 3422 in
1189 3383 1343 3422 suam
1393 3369 1721 3425 sententiam
1780 3372 2052 3440 perduxit,

483 3470 646 3530 atque
699 3461 1012 3530 praeclaram
1072 3460 1216 3522 illam
1276 3461 1646 3532 captivitatem
1695 3463 1949 3520 coniecit.
1988 3465 2055 3519 Et

481 3567 600 3605 cum
641 3553 853 3620 cepisset
897 3568 983 3606 eos
1019 3553 1074 3605 in
1108 3551 1204 3605 illa
1234 3553 1364 3606 liora
1401 3553 1565 3605 noctis
1587 3591 1602 3615 ,
1660 3553 1827 3607 abluit
1874 3554 1994 3609 illos
2023 3571 2058 3609 a

483 3640 795 3694 verberibus.
848 3639 971 3695 Illos
1029 3641 1246 3710 quidem
1283 3657 1312 3695 a
1346 3640 1664 3696 verberibus
1698 3643 1830 3697 lavit
1862 3661 1875 3697 :
1941 3643 2056 3714 ipse

433 3732 440 3738 ’
479 3747 611 3788 vero
641 3749 669 3787 a
697 3734 929 3804 peccatis
949 3735 1165 3791 ablutus
1199 3745 1299 3791 est.
1335 3735 1408 3791 Ac
1440 3735 1651 3793 lwtatus
1682 3747 1758 3792 est
1786 3738 1924 3809 quod
1938 3755 2056 3791 cum

480 3835 587 3878 tota
631 3827 836 3896 familia
874 3844 970 3880 sua
1026 3827 1131 3882 Deo
1183 3829 1506 3884 credidisset.
1557 3829 1879 3899 Quanquam
1919 3825 2053 3884 nihil

477 3925 613 3978 erat,
646 3925 1002 3987 praeterquam
1034 3919 1200 3973 verba
1237 3919 1500 3974 duntaxat
1537 3935 1601 3975 ac
1628 3922 1769 3974 bona
1799 3934 1945 3989 spes.

549 4007 710 4063 Vens.
747 4009 837 4064 55.
867 4009 1131 4064 ϐωιεναιιι
1159 4011 1247 4064 ubi
1277 4012 1490 4073 diluxit,
1525 4021 1774 4078 prtetores
1798 4012 2051 4066 miserunt

473 4101 705 4168 lictores,
730 4103 819 4171 qui
849 4103 1119 4158 dicerent:
1146 4104 1364 4160 Dimitte
1401 4105 1632 4159 homines
1656 4105 1803 4159 istos.

545 4297 706 4356 Vens.
740 4301 830 4357 56.
876 4302 943 4356 Et
976 4311 1150 4358 custos
1179 4303 1405 4359 carceris
1429 4303 1617 4358 detulit
1649 4304 1758 4360 liazc
1785 4303 1942 4358 verba
1979 4309 2049 4358 ad

475 4391 724 4456 Paulum,
763 4411 966 4464 nempe,
1001 4396 1262 4451 Prtetores
1307 4397 1601 4462 miserunt,
1663 4398 1752 4468 qui
1801 4397 2046 4466 juberent

471 4496 560 4534 uos
584 4482 779 4538 dimitti
809 4499 828 4538 :
850 4500 986 4538 nunc
1011 4486 1173 4556 igitur
1195 4486 1521 4556 egredimini,
1555 4495 1605 4540 et
1627 4487 1762 4542 salui
1799 4488 1960 4542 abite.

542 4653 705 4709 Vens.
743 4657 832 4710 '57.
863 4656 966 4710 Sed
995 4657 1201 4712 Paulus
1238 4659 1442 4714 dicebat
1471 4663 1542 4716 ad
1575 4678 1661 4718 eos
1684 4679 1703 4718 :
1743 4663 1914 4718 Cccsos
1955 4681 2046 4720 nos

471 4745 674 4813 publice
705 4747 1159 4818 indemnatos,qui
1187 4766 1365 4806 sumus
1391 4753 1526 4806 cives
1549 4753 1794 4820 Romani,
1813 4756 2047 4824 conjece—

2158 522 2502 591 γενόμενος,
2541 519 2886 589 προσέπεσε
2907 519 2987 586 τῷ
3009 521 3226 586 Παύλῳ
3259 521 3355 576 καὶ
3381 521 3463 588 τῷ
3485 523 3657 591 Σίλᾳ.

2228 694 2338 746 Kal
2371 695 2727 766 προαγαγὼν
2757 696 2802 728 ⁷⁸
2826 695 3052 763 αὐτοὺς
3078 696 3215 765 ἔξω,
3245 697 3392 768 ἔφη·
3416 700 3640 769 Κύριοι,
3677 721 3732 757 τι

2151 801 2229 853 με
2256 784 2352 838 δεῖ
2378 788 2572 840 ποιεῖν
2597 789 2699 842 ἵνα
2729 789 2940 854 σωθῶ;

2233 879 2298 931 Ol
2351 878 2420 931 δὲ
2479 876 2685 933 εἷπον·
2761 883 3108 939 Πίστευσον
3174 883 3271 938 ἐπὶ
3331 887 3439 940 τὸν
3508 887 3732 955 Κύριον

2171 968 2416 1036 Ἰησοῦν
2435 971 2771 1039 Χριστὸνπ,
2804 973 2901 1027 καί
2939 975 3193 1045 σωθήσῃ
3230 975 3312 1030 σὺ
3358 976 3453 1030 καὶ
3489 977 3523 1030 ό
3560 973 3730 1044 οἶκός

2159 1074 2298 1113 σου.

2228 1148 2339 1203 Kal
2382 1149 2700 1218 ἐλάλησαν
2722 1153 2768 1185 ⁷⁸
2807 1153 2968 1219 αὐτῷ
2997 1155 3108 1208 τὸν
3138 1155 3330 1225 λόγον
3373 1155 3481 1210 τοῦ
3506 1156 3729 1225 Κυρίου

2157 1239 2254 1293 καὶ
2287 1239 2438 1295 πᾶσι
2473 1242 2601 1308 τοῖς
2632 1243 2703 1296 ἐν
2734 1243 2812 1312 τῇ
2838 1247 2995 1313 οἰκίᾳ
3025 1247 3234 1301 αὐτοῦ.

2227 1333 2336 1385 Kal
2367 1335 2730 1402 παραλαϐὼν
2761 1336 2982 1402 αὐτοὺς
3015 1338 3086 1391 ἐν
3113 1339 3316 1407 ἐκείνῃ
3350 1339 3425 1406 τῇ
3467 1339 3585 1408 ὥρᾳ
3617 1341 3730 1408 τῆς

2155 1421 2396 1486 νυκτὸς,
2412 1423 2676 1477 ἔλουσεν
2697 1425 2816 1479 ἀπὸ
2847 1425 2966 1478 τῶν
2992 1426 3261 1496 πληγῶν,
3281 1427 3379 1481 καί
3400 1429 3730 1495 ἐϐαπτίσθη

2155 1513 2339 1577 αὐτὸς
2371 1513 2469 1566 καί
2501 1516 2557 1568 οί
2584 1514 2774 1569 αὑτοῦ
2808 1515 3032 1582 πάντες
3065 1517 3446 1587 παραχρῆμα.

2227 1605 2570 1676 Ἀναγαγὼν
2630 1624 2695 1661 τε
2727 1607 2950 1674 αὐτοὺς
3009 1612 3098 1675 εὶς
3149 1609 3256 1663 τὸν
3309 1606 3477 1664 οἷκον
3520 1611 3729 1676 αὐτοῦ,

2156 1693 2456 1761 παρέθηκε
2478 1695 2803 1763 τράπεζανο
2845 1697 2946 1753 καὶ
2980 1699 3314 1768 ἠγαλλιᾶτο
3353 1702 3595 1756 πανοικὶ
3628 1716 3732 1756 πε·

2089 1788 2131 1843 Β
2161 1784 2500 1851 πιστευκὼς
2527 1785 2607 1851 τῷ
2636 1789 2782 1852 Θεῷ.

2230 1899 2339 1950 Kal
2371 1899 2720 1966 συνεπέστη
2751 1900 2784 1952 ὀ
2837 1899 3023 1968 ὄχλος
3065 1896 3200 1955 κατ’
3242 1901 3462 1957 αὐτῶν.
3493 1904 3573 1957 Τὰ
3603 1903 3729 1958 θαύ-

2163 2005 2313 2058 ματα
2341 1989 2432 2042 καὶ
2462 1989 2562 2059 τὴν
2593 1989 2941 2045 διδασκαλίαν
2964 1994 2992 2045 ὁ
3022 1992 3230 2056 Παῦλος
3264 1994 3559 2062 εἰργάσατο
3577 2010 3592 2025 ·
3620 1996 3742 2050 τῶψ

2159 2075 2418 2131 κινδύνων
2449 2078 2506 2131 δὲ
2555 2079 2650 2133 καὶ
2705 2081 2732 2132 ὁ
2765 2081 2924 2143 Σίλας
2979 2085 3242 2137 κοινωνεῖ.
3290 2083 3463 2136 Γνῶθι
3505 2085 3587 2138 ὅτι
3626 2088 3725 2138 καὶ

2157 2167 2416 2239 δαίμονες
2466 2171 2616 2222 ἴσασι
2685 2170 2818 2223 Θεὸν
2891 2170 3114 2242 ὕψιστον
3191 2172 3320 2226 ὅντα
3380 2175 3587 2243 Ἰησοῦν
3638 2176 3730 2228 τὸν

2159 2260 2593 2332 ἐσταυρωμένον.
2627 2261 2833 2315 Τούτου
2863 2261 2958 2316 οῦν
3010 2262 3195 2326 δοῦλος
3223 2264 3484 2335 ὑπάρχων
3527 2268 3554 2318 ὁ
3585 2265 3732 2319 Παῦ-

2157 2351 2270 2418 λος,
2299 2351 2666 2410 διεϐεϐαιοῦτο
2715 2355 2890 2425 λέγων
2913 2372 2928 2387 ·
2968 2357 3208 2424 Παῦλος
3253 2357 3475 2423 δοῦλος
3523 2358 3736 2424 Ἰησοῦ

2157 2445 2439 2512 Χριστοῦ.
2461 2477 2532 2487 -
2563 2448 2768 2516 "Aser-tu
2794 2448 2863 2501 δὲ
2885 2449 3140 2519 σεισμὸς
3169 2449 3405 2518 ἐγένετο
3427 2449 3638 2519 μέγας.
3672 2450 3731 2500 '0

2160 2535 2385 2604 σεισμὸς
2433 2535 2670 2605 ἐγένετο,
2723 2536 2866 2591 ὥστε
2917 2540 3327 2610 ἀφυπνισθῆναι
3377 2540 3621 2593 ἐκεῖνον’
3670 2540 3735 2592 ai.

2158 2625 2322 2698 θύραι
2371 2627 2427 2680 δὲ
2457 2629 2836 2700 ἀνεῴχθησαν,
2879 2629 3019 2684 ὥστε
3052 2631 3333 2702 Θαυμάσαι
3377 2631 3439 2685 τὸ
3480 2631 3728 2700 γεγονός.

2157 2718 2342 2772 Ταῦτα
2367 2719 2424 2772 δὲ
2456 2720 2505 2773 οἱ
2532 2720 2804 2789 δεσμῶται
2829 2722 2928 2792 οὐχ
2952 2721 3169 2794 ἐώρωψ
3205 2717 3241 2793 ἦ
3288 2723 3396 2794 γὰρ
3420 2723 3486 2777 ἂν
3528 2722 3728 2792 ἔφυγον

2155 2810 2416 2874 ἅπαντες.
2465 2809 2582 2864 Ἵνα
2620 2811 2679 2866 δὲ
2729 2813 2805 2884 μὴ
2849 2813 2975 2885 δόξῃ
3012 2813 3120 2867 ἀπὸ
3164 2816 3509 2884 ταυτομάτου
3563 2833 3726 2884 γεγεέ-

2156 2905 2352 2975 νῆσθαι
2389 2905 2634 2976 σεισμὸς,
2689 2906 3097 2978 ἐπηκολούθησε
3149 2907 3242 2960 καὶ
3293 2908 3354 2960 τὸ
3404 2907 3727 2978 ἀνοιχθῆναι

2158 2998 2259 3061 τὰς
2293 2995 2465 3067 θύρας
2496 2997 2692 3068 ἐκείνῳ
2735 2995 3068 3068 μαρτυροῦν.
3101 2998 3445 3053 Πίστευσον
3487 2999 3584 3052 ἐπὶ
3619 2999 3729 3053 τὸν

2156 3089 2398 3156 Κύριον,
2437 3089 2535 3142 καὶ
2557 3088 2806 3158 σωθήσῃ
2838 3088 2920 3142 σὺ
2951 3089 3048 3143 καὶ
3079 3092 3112 3143 ό
3131 3085 3296 3156 οἶκός
3326 3106 3462 3144 σου.
3495 3091 3628 3144 Οὐδὲ
3665 3093 3727 3144 ἐν

2156 3177 2515 3250 δεσμωτηρίῳ
2553 3179 2650 3246 ὢν,
2691 3180 2953 3252 ἡσυχάζει
3004 3181 3250 3245 Παῦλος·
3284 3181 3419 3236 ἀλλὰ
3468 3184 3562 3235 καὶ
3608 3183 3730 3235 ἐκεῖ

2155 3267 2249 3321 τὸν
2271 3269 2658 3338 δεσμοφύλακα
2675 3266 2779 3342 ἦγε
2803 3273 2938 3340 πρὸς
2964 3272 3176 3337 ἑαυτὸν,
3200 3272 3297 3342 τὴν
3327 3272 3497 3343 καλὴν
3521 3273 3726 3342 ταύτην

2155 3357 2533 3428 αἰχμαλωσίαν
2559 3361 2957 3431 ἐργασάμενος.
2987 3361 3096 3416 Kal
3125 3363 3483 3431 παραλαϐὼν
3505 3363 3730 3429 αὐτοὺς

2155 3451 2227 3502 ἐν
2251 3450 2463 3520 ἐκείνῃ
2501 3450 2577 3520 τῇ
2608 3451 2730 3521 ὥρᾳ
2757 3452 2869 3519 τῆς
2896 3453 3141 3519 νυκτὸς,
3164 3453 3426 3507 ἔλουσεν
3451 3454 3568 3507 ἀπὸ
3607 3455 3730 3507 τῶν
3759 3472 3771 3490 ι

2156 3541 2429 3611 πληγῶν.
2465 3542 2706 3606 Ἐκεῖνος
2736 3543 2781 3575 '"
2815 3543 2914 3612 μὲν
2943 3544 3051 3598 ἀπὸ
3078 3544 3187 3597 τῶν
3219 3543 3438 3616 πληγῶν
3468 3544 3685 3597 ἔλουσεν
3707 3559 3729 3574 ο

2157 3631 2321 3695 αὐτὸς
2353 3632 2410 3685 δὲ
2437 3633 2545 3685 ἀπὸ
2573 3632 2682 3686 τῶν
2709 3634 2995 3705 ἁμαρτιῶν
3027 3635 3277 3704 ὲλούσθη.
3312 3636 3419 3690 Kal
3440 3636 3728 3705 ἠγαλλιόο

2156 3737 2311 3777 σατο
2338 3725 2582 3778 πανοικὶ
2610 3727 3028 3791 πεπιστευκὼς
3059 3725 3139 3791 τῷ
3166 3726 3306 3793 Θεῷ.
3354 3728 3545 3781 Καίτοι
3573 3728 3726 3782 οὐδὲν

2153 3811 2244 3882 ὗν,
2267 3815 2404 3870 ἀλλὰ
2432 3818 2655 3890 ῥήματα
2692 3821 2852 3890 μόνον
2885 3823 2978 3874 καὶ
3009 3822 3223 3888 ἐλπίδες
3251 3826 3508 3897 χρησταί.

2232 3998 2477 4068 Ἡμέρας
2501 4001 2571 4055 δὲ
2601 4004 2952 4073 γενομένης,
2973 4004 3348 4060 ἀπέστειλαν
3399 4009 3454 4060 ol
3503 4020 3722 4073 στρατ-

2150 4088 2282 4158 ηγοί
2348 4090 2491 4158 τοὺς
2563 4093 2944 4164 ῥαϐδούχους
2999 4098 3282 4166 λέγοντες
3315 4113 3328 4128 ·
3392 4098 3718 4153 Ἀπόλυσον

2149 4181 2295 4247 τοὺς
2317 4182 2670 4252 ἀνθρώπους
2692 4186 2990 4252 ἐκείνους.

2220 4296 2576 4366 Ἀπήτγειλε
2599 4299 2667 4353 δὲ
2693 4302 2726 4354 ό
2747 4300 3140 4370 δεσμοφύλαξ
3167 4302 3310 4369 τοὺς
3334 4303 3558 4371 λόγους
3586 4305 3726 4358 τού-

2149 4404 2290 4452 τους
2342 4389 2492 4456 πρὸς
2533 4391 2643 4443 τὸν
2683 4392 2955 4454 Παῦλον,
3000 4393 3090 4447 ὅτι
3143 4393 3630 4448 Ἀπεστὰλκασιν
3666 4397 3725 4449 oi

2151 4480 2496 4547 στρατηγοὶ,
2534 4481 2635 4535 ἵνα
2667 4482 3011 4552 ἀπολυθῆτε
3032 4502 3046 4516 ·
3071 4485 3187 4540 νῦν
3211 4481 3325 4540 οὖν
3347 4485 3721 4553 ἐξελθόντες,

2174 4571 2480 4640 τορεύεσθε
2504 4573 2574 4627 ἐν
2608 4575 2842 4644 εἰρήνῃ.

2239 4662 2292 4716 '0
2346 4663 2414 4717 δὲ
2461 4665 2705 4730 Παῦλος
2747 4669 2863 4737 ἔφη
2916 4669 3066 4738 πρὸς
3101 4672 3356 4738 αὐτούς·
3411 4673 3722 4740 Δείραντες

2149 4753 2308 4824 ἡμᾶς
2335 4754 2618 4824 δημοσία,
2648 4759 3087 4828 ἀκατακρίτους
3106 4761 3174 4825 ⁷⁸,
3202 4762 3552 4829 ἀνθρώπους
3590 4761 3720 4814 Ῥω·

472 4847 594 4891 runt
627 4840 680 4891 in
723 4856 1020 4903 carcerem,
1055 4850 1103 4895 et
1135 4859 1270 4897 nunc
1312 4844 1448 4898 clam
1493 4861 1585 4898 nos
1619 4846 1884 4916 ejiciunt?
1923 4846 2042 4902 Non

2155 4844 2362 4913 μαίους
2409 4844 2815 4914 ὑπάρχοντας,
2865 4847 3086 4902 ἔϐαλον
3141 4852 3228 4915 εις
3260 4848 3578 4918 φυλακὴν,
3620 4849 3720 4902 καὶ

471 4930 548 4982 ita
582 4943 601 4983 :
630 4930 756 4997 quin
780 4930 986 4984 veniant
1009 4931 1132 5001 ipsi,
1166 4941 1218 4988 et
1247 4949 1338 4988 nos
1363 4935 1615 4988 educant.

541 5105 700 5164 Vens.
735 5107 825 5163 38.
865 5107 1315 5165 Renuntiaverunt
1345 5120 1520 5165 autem
1567 5111 1773 5166 lictores
1799 5113 2042 5180 praztori-

468 5197 561 5253 bus
595 5200 752 5254 verba
788 5201 916 5255 Itazc.
959 5201 1061 5266 Qui
1095 5219 1214 5256 cum
1255 5204 1578 5258 audivissent
1612 5204 1730 5258 illos
1763 5221 1873 5260 esse
1910 5205 2042 5262 cives

467 5290 752 5361 Romanos,
783 5295 958 5349 territi
988 5304 1135 5349 sunt.

2146 4935 2264 4990 νῦν
2288 4935 2481 5004 λάθρα
2531 4935 2688 5005 ἡμᾶς
2731 4937 3176 5002 ἐκϐάλλουσιν;
3229 4941 3312 4993 Οὐ
3363 4939 3474 5009 γάρ
3497 4956 3510 4971 ·
3556 4940 3718 4994 ἀλλὰ

2147 5027 2430 5093 ἐλθόντες
2453 5029 2643 5093 αὐτοὶ,
2674 5028 2832 5099 ’ἡμᾶς
2851 5029 2896 5061 τ’
2919 5029 3398 5100 ἐξαγαγέτωσαν.

2217 5117 2606 5188 Ἀνήγγειλαν
2633 5119 2703 5173 δὲ
2751 5120 2874 5187 τοῖς
2905 5121 3263 5192 στρατηγοῖς
3299 5124 3356 5176 oi
3386 5122 3714 5191 ῥαϐδοῦχοι

2145 5209 2220 5262 τὰ
2245 5209 2482 5278 ῥήματα
2509 5211 2714 5265 ταῦτα.
2750 5212 2858 5267 Kal
2895 5213 3304 5283 ἐφοϐήθησαν,
3340 5213 3714 5282 ἀκούσαντες

2147 5299 2237 5354 ὅτι
2279 5301 2552 5371 Ῥωμαῖοί
2581 5304 2718 5357 εἱσι.

1620 5473 1838 5548 νοτία
1859 5475 2166 5539 lectiones
2209 5482 2272 5538 et
2318 5485 2508 5538 noue.

544 5636 590 5724 ξι
618 5637 1058 5724 ln'manuscriptg
1080 5652 1178 5710 est,
1211 5646 1597 5724 προσαγαγών.
1673 5648 2033 5724 πρίιι-υιιίςαι.

2155 5649 2322 5724 tas-bu.
2352 5647 2702 5724 desideratur.
2778 5648 2824 5682 "
2848 5648 2909 5705 In
2937 5650 3293 5722 manuscripto
3314 5651 3704 5724 εει,ὲλάλησεν.

473 5702 518 5735 "
554 5705 638 5756 ίσ.
672 5709 934 5773 ἐκείνους.
970 5702 980 5711 ’
1008 5711 1054 5747 ⁷⁸
1081 5702 1636 5781 κατακρίτοά;.ἐιάε.
1713 5702 1758 5753 ⁷⁵
1808 5702 1878 5775 Ιιι
1911 5702 2057 5783 uulua

2163 5702 2512 5784 desideratur,
2561 5718 2730 5787 ἡμᾶς.
