4116 6216
332 249 438 311 737

1074 252 1482 314 EXl’OS-ITIO
1520 255 1595 314 [N-
1640 256 1830 317 AC’l‘A
1869 257 2442 320 APOSTOLORUM.
2468 257 2711 321 -CAP.
2752 262 2938 323 XVII.

3470 265 3595 330 ’1ῒᾶ

407 359 515 415 Καὶ
569 359 870 426 ἐλθόντες,
913 362 1341 429 παρεκάλεσαν
1378 369 1622 434 αὐτοὺς,
1651 369 1747 423 καὶ
1803 367 1904 432 ἐξ·

2079 368 2239 425 Vens.
2276 369 2362 425 39.
2416 369 2484 425 Et
2532 383 2781 428 venerunt
2829 392 2894 429 ac
2939 375 3204 447 deprecati
3249 390 3365 434 sunt
3390 396 3497 447 eos,
3529 386 3578 437 et

326 452 655 521 αγαγόντες
688 450 929 519 ἠρώτων
952 453 1223 517 ἐξελθεῖν
1248 456 1357 525 τῆς
1385 459 1636 524 πόλεως.

417 543 805 609 Ἐξελθόντες
845 543 915 597 δὲ
971 544 1040 600 ἐκ
1087 545 1199 615 τῆς
1258 548 1570 618 φυλακῆς,
1615 550 1906 620 εἰσῆλθον

330 634 486 703 πρὸς
509 633 625 702 τὴν
652 635 883 690 Λυδίαν
904 636 974 702 ⁸θ,
1005 638 1104 691 καὶ
1139 638 1368 706 ἰδόντες
1395 643 1538 709 τοὺς
1579 642 1901 712 ἀδελφοὺς,

332 723 758 793 παρεκάλεσαν
788 727 1042 796 αὐτοὺς,
1076 730 1176 783 καὶ
1214 730 1497 799 ἐξῆλθον.

417 815 479 868 '0
494 813 562 868 δὲ
580 815 823 884 Παῦλος
847 818 962 888 ἔφη
990 820 1140 889 πρὸς
1165 822 1406 887 αὐτούς.
1430 822 1538 876 Καὶ
1566 822 1676 875 τῶν
1706 840 1906 893 στρατ-

334 905 486 977 ηγῶν
527 906 905 976 δηλωσάντων,
966 912 994 964 ὁ
1034 909 1245 975 Παῦλος
1285 911 1386 965 οὐκ
1418 902 1697 985 ἐξέρχεται
1721 933 1733 946 ’
1769 913 1906 968 ἀλλά

337 999 431 1049 καὶ
462 997 551 1050 διὰ
582 998 683 1067 τὴν
716 997 915 1053 Λυδίαν
956 1000 1052 1054 καὶ
1086 1001 1211 1064 τοὺς
1251 1000 1466 1067 ἄλλους,
1498 1004 1654 1073 φοϐεῖ
1682 1005 1901 1071 αὐτοὺς,

337 1090 424 1143 ἵνα
452 1089 527 1161 μὴ
565 1090 896 1161 νομισθῶσιν
921 1091 1055 1146 διότι
1082 1092 1288 1163 ἠξίωσὲ
1314 1092 1365 1125 ⁸¹
1396 1112 1480 1159 τις
1514 1095 1901 1154 ἀπολελῦσθαι.

337 1182 633 1251 Ἐγὶιλημα
671 1181 728 1234 δὲ
768 1181 997 1251 ἐπῆγεν,
1027 1183 1110 1237 ὅτι
1152 1185 1247 1238 καὶ
1286 1184 1613 1256 Ῥωμαίους,
1645 1187 1740 1240 καὶ
1766 1188 1905 1242 ἀκα-

331 1270 650 1341 τακρίτους,
692 1269 789 1323 καὶ
823 1269 1081 1342 δημοσίᾳ.
1126 1272 1289 1345 Ὁρᾷς
1322 1275 1404 1328 ὅτι
1451 1274 1544 1328 καὶ
1587 1275 1905 1348 ἀνθρώπινα

335 1360 739 1425 κατεσκεύαζον
768 1360 966 1426 πολλά;
1011 1362 1198 1417 Ταῦτα
1241 1364 1315 1418 δὲ·
1345 1360 1501 1419 εἶπεν
1527 1365 1615 1421 ἵνα
1670 1366 1747 1438 μὴ
1777 1366 1905 1441 δόξῃ

334 1451 411 1514 ὡς
443 1449 735 1513 κατάδικος
786 1450 1118 1507 ἀπολύεσθαι
1148 1454 1241 1507 καὶ
1288 1453 1366 1518 ὡς
1411 1456 1768 1527 ἡμαρτηκὼς.
1801 1452 1905 1513 Οὗ-

332 1560 424 1606 τος
445 1543 490 1575 ⁸²
518 1542 575 1595 δὲ
604 1543 633 1594 ὁ
682 1541 1028 1612 δεσμοφύλαξ
1083 1537 1237 1609 οὗτός
1269 1546 1420 1600 ἐστιν
1462 1548 1491 1600 ὁ
1525 1547 1805 1617 Στεφανᾶς
1843 1545 1904 1601 ὃν

338 1632 669 1705 μνημονεύει
701 1633 912 1699 Παῦλος
965 1637 1025 1690 ὲν
1065 1638 1134 1707 τῇ
1165 1637 1302 1708 πρὸς
1335 1636 1658 1708 Κορινθίους
1708 1635 1902 1711 πρώτῃ

349 1726 661 1797 Ἐπιστολῇ,
691 1727 1033 1793 Ἐϐάπτισα,
1085 1726 1280 1797 λέγων,
1330 1729 1429 1787 καὶ
1478 1729 1587 1784 τὸν
1628 1709 1904 1801 Στεφανᾶ
1935 1709 1978 1765 Β

336 1815 612 1873 οἷκον.-
636 1818 746 1872 Kal
778 1817 1129 1884 ἐξελθόντες
1169 1819 1239 1873 ἐκ
1280 1818 1392 1888 τῆς
1433 1819 1738 1889 φυλακῆς,
1779 1822 1906 1874 είσ-

335 1910 528 1979 ἦλθον
550 1909 701 1978 πρὸς
725 1909 842 1977 τὴν
862 1908 1117 1964 Δυδίαν’
1142 1909 1240 1964 καὶ
1274 1910 1510 1978 ἰδόντες
1552 1908 1697 1975 τοὺς
1731 1910 1905 1967 ἀδελ-

334 2002 509 2073 φοὺς,
537 2001 965 2069 παρεκάλεσαν
992 2001 1237 2069 αὐτοὺς,
1261 2002 1360 2057 καί
1383 2001 1667 2072 ἐξῆλθον.
1696 2003 1769 2057 Οὐ
1797 2002 1905 2074 γὰρ

338 2092 445 2145 ἔδει
475 2092 574 2163 τὴν
605 2082 880 2161 ξενοδόχον
927 2090 1145 2159 ἀφεῖναι
1183 2092 1245 2145 ἐν
1277 2090 1450 2159 ἀγῶνι
1499 2092 1590 2144 καὶ
1629 2090 1905 2161 μερίμνῃο

334 2184 432 2236 καὶ
467 2183 569 2235 οὐκ
610 2182 901 2252 ἠνέσχοντο
932 2181 989 2235 δὲ
1023 2181 1354 2253 ἐκδημῆσαι.
1405 2182 1499 2236 καὶ
1545 2181 1720 2236 ταῦτα
1756 2179 1907 2251 παρὰ

334 2274 444 2327 τῶν
486 2273 807 2343 στρατηγῶν
845 2261 1377 2343 ’κατασπευδόμενοῃ
1425 2273 1476 2324 εἰ
1540 2271 1615 2342 μὴ
1660 2271 1907 2341 εἰσῆλθον

335 2366 474 2436 πρὸς
525 2364 624 2435 τὴν
678 2365 872 2432 εὐτελῆ
931 2366 1188 2433 γυναῖκα,
1228 2364 1324 2417 καὶ
1369 2365 1498 2428 τοὺς
1541 2362 1764 2426 λοιποὺς
1812 2362 1907 2427 οὓς

335 2456 600 2523 ἀδελφοὺς
657 2455 908 2509 ὲκάλουν.
960 2455 1027 2508 Ὤ
1077 2454 1255 2525 πόσην
1312 2453 1549 2525 ἀτυφίαν
1617 2447 1766 2523 εἶχον
1813 2452 1908 2506 καὶ

333 2551 555 2621 ἀγάπην
569 2552 582 2605 l

915 2725 1169 2781 ΚΕΦΛΛ.
1208 2725 1311 2780 IZ'.

407 2818 834 2885 Διοδεύσαντες
865 2816 935 2871 δὲ
972 2817 1088 2886 τὴν
1134 2816 1494 2887 Ἀμφίπολιν
1543 2812 1640 2869 καὶ
1703 2812 1910 2868 Ἀπολ-

336 2914 563 2967 λωνίαν
587 2911 777 2980 ἦλθον
794 2912 882 2977 εἷς
916 2911 1394 2976 Θεσσαλονίκην,
1422 2906 1573 2962 ὅπου
1598 2902 1679 2978 ἦν
1700 2905 1738 2975 ἡ
1755 2909 1911 2960 Συν-

332 3002 537 3072 rmoin
568 3001 687 3055 τῶν
719 2999 1042 3057 Ἰουδαίων.

409 3093 569 3148 Κατὰ
601 3093 669 3146 δὲ
711 3093 779 3147 τὸ
828 3092 1035 3158 εἰωθὸς
1062 3090 1143 3156 τῷ
1170 3091 1408 3155 Παύλῳ,
1470 3089 1719 3157 εἰσῆλθε
1760 3092 1912 3162 πρὸς

330 3187 580 3253 αὐτοὺς,
621 3186 717 3239 καί
767 3185 865 3239 ἐπὶ
918 3184 1189 3239 Σάϐϐατα
1224 3185 1355 3254 τρία
1377 3184 1678 3254 διελέγετο
1704 3184 1912 3253 αὐτοῖς

340 3282 458 3336 ἀπὸ
496 3281 614 3335 τῶν
640 3280 917 3350 Γραφῶν.

400 3374 732 3444 Atat-olym-
771 3371 867 3429 καί
899 3374 1361 3443 παρατιθέμενος
1390 3372 1483 3427 ὅτι
1514 3372 1623 3425 τὸν
1654 3370 1915 3440 Χριστὸν

328 3468 461 3523 ἔδει
505 3467 718 3522 παθεῖν
747 3466 847 3521 καί
885 3464 1227 3535 ἀναστῆναι
1272 3466 1343 3519 ἐκ
1389 3464 1638 3534 νεκρῶν.
1677 3464 1778 3518 καὶ
1824 3465 1915 3518 ὅτι

344 3556 536 3625 Οὗτός
581 3559 752 3613 ἐστιν
782 3561 815 3613 ὀ
848 3556 1102 3626 Χριστὸς
1148 3555 1403 3626 Ἰησοῦς,
1438 3556 1511 3609 ὃν
1551 3555 1667 3626 ἐγὼ
1700 3572 1916 3625 καταγ-

337 3646 537 3717 γέλλω
566 3647 727 3716 ὑμῖν.

413 3742 525 3796 Kal
568 3757 729 3808 τινες
775 3740 845 3806 ἐξ
882 3741 1081 3796 αὐτῶν
1127 3742 1527 3809 ἐπείσθησαν,
1567 3738 1670 3793 καὶ
1724 3752 1916 3807 προσ·-

340 3830 778 3900 εκλτιιώθησαν
807 3831 887 3895 τῷ
944 3833 1162 3896 Παύλῳ
1206 3830 1308 3885 καὶ
1361 3828 1441 3895 τῷ
1490 3831 1662 3896 Σίλᾳ,
1705 3828 1823 3881 τῶν
1852 3844 1917 3881 τε

345 3919 682 3989 σεϐομένων
720 3919 1028 3987 Ἑλλήνων
1057 3921 1103 3953 ⁸³
1130 3918 1289 3973 πολὺ
1318 3918 1571 3986 πλῆθος,
1616 3915 1917 3987 γυναικῶν

340 4028 409 4066 τε
431 4012 526 4066 καὶ
562 4011 806 4079 πρώτων
829 4014 943 4067 οὐκ
970 4012 1183 4081 ὀλίγαι.

416 4106 900 4174 Προσλαϐόμενοι
957 4104 1025 4158 δὲ
1083 4106 1137 4158 ol
1200 4100 1481 4169 Ἰουδαῖοι
1527 4099 1917 4167 ἀπειθοῦντες

343 4195 463 4250 τῶν
514 4197 808 4266 ἀγοραίων
872 4196 1044 4263 τινὰς
1090 4196 1137 4229 ⁸⁵
1193 4194 1417 4262 ἄνδρας
1466 4192 1773 4262 πονηροὺς
1817 4191 1918 4245 καὶ

345 4287 884 4356 ὀχλοποιήσαντες,
907 4285 1234 4355 ἐθορύϐουν
1254 4283 1368 4353 τὴν
1390 4284 1572 4338 πόλιν
1591 4298 1605 4313 ·
1637 4279 1919 4336 ἐπιστάν-

346 4395 444 4445 τες
470 4395 535 4432 τε
561 4377 637 4446 τῇ
665 4379 827 4446 οὶκίςι
852 4378 960 4433 τοῦ
992 4376 1263 4443 Ἰάσονος
1279 4377 1347 4443 ⁸⁵,
1361 4375 1609 4445 ἐζήτουν
1635 4373 1858 4442 αὐτοὺς
1870 4374 1918 4406 ⁸⁸

339 4470 592 4541 ἀγαγεῖν
613 4473 702 4537 είς
738 4474 844 4527 τὸν
876 4469 1091 4540 δῆμον.

414 4567 511 4636 Μὴ
537 4566 821 4634 εὑρόντες
871 4561 942 4617 δὲ
982 4562 1228 4629 αὐτοὺς,
1268 4561 1496 4630 ἔσυρον
1519 4559 1627 4615 τὸν
1653 4557 1919 4622 Ἰάσονα,

346 4662 449 4714 ναί
499 4676 669 4725 τινας
722 4655 1031 4726 ἀδελφοὺς
1074 4654 1183 4739 ’ἐπὶ
1239 4652 1385 4718 τοὺς
1432 4650 1801 4719 πολιτάρχας
1849 4648 1921 4714 ⁸⁷,

336 4749 634 4818 βοῶντες,
688 4748 779 4803 ὅτι
809 4751 875 4803 οι
919 4746 1034 4815 τὴν
1062 4744 1425 4815 οἰκουμένην
1456 4742 1924 4799 ἀναστατώσαν-

316 4884 321 4889 ι
348 4864 469 4913 τες,
500 4840 673 4901 οὗτοι
705 4841 804 4898 καὶ
833 4838 1048 4896 ἐνθάδε
1079 4837 1128 4871 ⁸⁸
1155 4837 1460 4907 πάρεισιν.

421 4938 539 5004 Οῠς
563 4934 954 4992 ὑποδέδεκται
980 4929 1027 4965 ⁸³
1074 4931 1289 4985 Ἰάσων
1311 4946 1325 4962 ο
1359 4927 1459 4983 καὶ
1494 4922 1662 4984 οὗτοι
1694 4927 1918 4994 πάντες

344 5031 639 5085 ἀπέναντι
673 5018 817 5081 τῶν“
840 5023 1154 5095 δογμάτων
1190 5023 1495 5091 Καίσαρος
1541 5022 1916 5090 πράσσουσι,

343 5119 613 5187 βασιλέα
643 5120 931 5189 λέγοντες
965 5116 1171 5185 ἕτερον
1198 5113 1351 5168 εἶναι
1386 5114 1651 5183 Ἰησοῦν.

2004 460 2216 514 eductos
2247 473 2498 531 rogarunt
2520 472 2579 515 ut
2606 465 2806 518 exirent
2834 483 2898 520 ea:
2921 468 3152 523 civitate.

2076 550 2243 606 Vens.
2275 552 2365 607 40.
2398 552 2609 625 Egressi
2636 556 2799 625 igitur
2820 573 2884 611 ea:
2909 574 3138 622 carcere,
3162 559 3481 613 diverterunt
3511 562 3580 614 ad

2004 640 2250 711 Lydiam,
2275 659 2494 714 cumque
2524 645 2770 701 vidissent
2799 648 3013 718 fratres,
3042 650 3296 705 consolati
3338 664 3456 706 sunt
3496 669 3581 706 eos

2002 747 2069 784 ac
2092 731 2457 809 discesserunt.

2072 821 2178 878 Sed
2208 822 2410 879 Paulus
2425 825 2627 881 dicebat
2655 828 2728 882 ad
2749 844 2854 896 eos,
2879 839 2986 886 etc.
3006 830 3118 887 Etsi
3138 838 3400 902 prartores
3426 850 3582 889 man-

2002 912 2225 978 darant,
2253 913 2454 972 Paulus
2478 925 2662 973 tamen
2690 934 2802 974 non
2832 920 3130 992 egreditur,
3164 923 3262 977 sed
3307 932 3421 979 tum
3452 940 3584 995 pro-

2002 1012 2127 1073 pter
2174 1004 2419 1076 Lydiam,
2468 1015 2580 1062 tum
2622 1018 2847 1080 propter
2896 1011 3134 1081 reliquos
3171 1012 3366 1070 fratres
3414 1025 3584 1073 terret

2005 1097 2128 1152 illos
2152 1139 2169 1163 ,
2196 1113 2267 1154 ne
2300 1099 2750 1157 existimarentur
2788 1102 2995 1160 idcirco
3021 1105 3231 1160 dimissi
3263 1121 3407 1173 esse,
3436 1113 3581 1178 quod

2004 1188 2187 1260 aliquo
2215 1190 2575 1260 deprecatore
2604 1194 2691 1248 usi
2718 1204 2922 1249 essent.
2973 1194 3148 1266 Atque
3179 1197 3342 1251 etiam
3375 1199 3580 1254 crimen

2005 1280 2240 1336 intentat
2273 1282 2380 1337 illis
2406 1283 2551 1352 quod
2585 1293 2641 1338 et
2678 1285 2832 1339 cives
2860 1283 3157 1351 Romanos,
3202 1296 3258 1342 et
3305 1287 3586 1343 indemna-

2007 1380 2112 1440 tos,
2169 1374 2483 1449 etlpublice
2521 1376 2925 1431 verberassent.
2960 1376 3195 1432 Videsne
3251 1379 3370 1434 illos
3417 1381 3579 1435 etiam

2006 1465 2249 1520 humano
2283 1480 2436 1520 more
2475 1467 2645 1520 multa
2684 1467 2951 1523 struxisse
2982 1477 3144 1538 atque
3174 1470 3390 1526 molitos
3411 1486 3532 1526 esse
3558 1470 3584 1525 ι

2005 1551 2131 1608 Haec
2156 1561 2339 1608 autem
2368 1554 2524 1620 dixit,
2546 1569 2616 1609 ne
2645 1556 2922 1610 videretur
2938 1556 3133 1610 dimitti
3176 1566 3431 1628 tanquam
3449 1574 3583 1614 con-

2004 1643 2317 1709 demnatus,
2346 1652 2404 1697 et
2436 1653 2692 1714 tanquam
2736 1645 2890 1714 131
2927 1645 3227 1701 maleﬁcus.
3256 1647 3427 1702 Porro
3461 1664 3586 1703 car-

2005 1736 2148 1792 ceris
2182 1736 2272 1792 hic
2311 1746 2497 1791 custos
2541 1746 2627 1790 est
2674 1734 3001 1805 Stephanus,
3047 1737 3205 1805 cujus
3249 1739 3583 1794 mentionem

2005 1825 2139 1880 facit
2180 1824 2384 1879 Paulus
2426 1824 2480 1877 in
2511 1822 2687 1893 prima
2728 1822 2797 1876 ad
2841 1820 3155 1877 Corinthios
3194 1823 3441 1892 epistola,
3489 1823 3581 1878 ubi

2005 1917 2173 1973 dicit:
2196 1914 2475 1986 Baptizavi
2497 1913 2659 1966 etiam
2685 1910 2968 1982 Stephants
2990 1912 3271 1984 familiam.
3299 1911 3368 1966 Et
3391 1916 3586 1985 egressi

2005 2024 2071 2061 ea:
2100 2021 2335 2069 carcere,
2366 2003 2679 2058 introierunt
2706 2002 2777 2055 ad
2814 2002 3056 2073 Lydiam,
3092 2011 3140 2055 et
3168 2004 3292 2056 visis
3329 2004 3582 2074 fratribus

2007 2099 2263 2155 consolati
2299 2108 2421 2153 sunt
2447 2114 2555 2162 eos,
2575 2113 2639 2151 ac
2659 2097 3022 2151 discesserunt.
3046 2096 3164 2149 Non
3197 2096 3340 2150 enim
3361 2106 3583 2166 oporte-

2006 2192 2099 2248 bat
2122 2206 2264 2256 eam,
2288 2207 2319 2245 a
2349 2205 2455 2260 qua
2491 2182 2729 2259 hospitio
2760 2186 2976 2257 excepti
3008 2194 3183 2251 erant,
3205 2185 3511 2255 relinquere
3529 2187 3584 2240 in

2006 2270 2373 2340 sollicitudine
2421 2289 2478 2336 et
2541 2294 2807 2334 aerumna.
2858 2277 3035 2348 Atque
3082 2277 3245 2331 etiam
3305 2275 3585 2331 discedere

2007 2375 2303 2430 noluerunt
2332 2372 2434 2426 etsi
2462 2386 2494 2426 a
2530 2369 2856 2441 praetoribus
2888 2367 3245 2438 urgebantur,
3282 2366 3389 2420 nisi
3414 2368 3587 2421 intro-

2013 2468 2210 2524 iissent
2233 2465 2299 2521 ad
2321 2463 2484 2519 vilem
2525 2461 2834 2525 mulierem,
2866 2458 3007 2514 etad
3038 2457 3274 2527 reliquos
3299 2472 3438 2526 quos
3475 2456 3585 2511 fra-

2012 2571 2122 2613 tres
2149 2555 2438 2612 vocabant.
2463 2553 2507 2608 Ο
2532 2562 2737 2623 quanta
2766 2550 2974 2623 praediti
3001 2558 3158 2604 erant
3185 2547 3351 2603 animi
3384 2548 3586 2603 demis-

2010 2650 2168 2707 sione
2193 2657 2357 2718 atque
2381 2644 2679 2701 cbaritatel

2567 2733 2796 2791 CAPUT
2848 2732 3016 2790 XVII.

2084 2829 2248 2885 Vens.
2267 2828 2315 2883 l.
2336 2827 2463 2885 Cum
2477 2826 2787 2881 transissent
2813 2836 2990 2879 autem
3010 2824 3341 2894 Amphipolin
3358 2833 3407 2878 et
3427 2823 3588 2893 Apol-

2012 2921 2230 2986 loniam,
2264 2928 2516 2975 venerunt
2543 2917 2983 2985 Thessalonicam,
3023 2917 3113 2971 ubi
3146 2928 3260 2972 erat
3316 2931 3584 2987 synagoga

1936 3031 1980 3090 ο
2009 3011 2337 3067 Iuda'orum.

2083 3105 2252 3160 Vens.
2283 3103 2339 3156 2.
2371 3102 2445 3154 Ac
2472 3116 2568 3172 pro
2605 3100 2981 3155 consuetudine
3005 3116 3102 3155 sua
3146 3099 3350 3154 Paulus
3403 3099 3589 3152 introi-

2010 3198 2084 3251 vit
2109 3196 2178 3249 ad
2227 3195 2367 3258 illos,
2404 3204 2457 3248 et
2509 3194 2582 3247 ad
2627 3192 2863 3247 Sabbata
2892 3192 2999 3246 tria
3036 3189 3489 3245 sermocinabatur
3515 3192 3589 3244 eis

2011 3304 2076 3343 ex
2104 3286 2348 3357 Scriptis,

2084 3395 2245 3452 Vens.
2294 3396 2348 3451 5.
2407 3394 2657 3465 Aperiens
2711 3402 2760 3448 et
2828 3409 3113 3463 exponens,
3169 3403 3229 3447 ut
3301 3394 3589 3463 oportuerit

2013 3487 2279 3544 Christum
2310 3488 2443 3556 aﬂici
2471 3486 2727 3555 supplicio
2766 3493 2816 3540 et
2846 3502 2880 3539 a
2929 3485 3153 3539 mortuis
3200 3501 3485 3554 resurgere.
3519 3484 3589 3538 Et

2012 3581 2097 3633 hic
2136 3592 2233 3643 est,
2260 3579 2451 3647 inquit,
2508 3577 2751 3632 Christus
2794 3575 2971 3642 Iesus,
3011 3593 3165 3646 quem
3195 3592 3286 3647 ego
3332 3576 3589 3630 annuntio

2012 3670 2173 3725 vobis.

2091 3760 2251 3816 Vens.
2276 3759 2334 3814 4.
2355 3759 2424 3814 Et
2479 3759 2720 3813 nonnulli
2746 3773 2810 3813 ea:
2843 3758 2955 3812 illis
2983 3758 3314 3812 crediderunt
3363 3770 3410 3813 et
3444 3776 3498 3813 se
3519 3762 3589 3814 ad

2012 3850 2245 3907 Paulum
2294 3858 2453 3919 atque
2496 3846 2665 3902 Silam
2708 3854 3145 3918 aggregaverant,
3209 3854 3260 3902 et
3318 3847 3591 3916 religioso-

2013 3960 2136 3998 rum
2168 3941 2474 3997 Graecorum
2503 3938 2790 3994 multitudo
2810 3953 3031 4009 magna,
3086 3935 3431 4006 mulieresque
3472 3938 3590 4007 pri-

2019 4035 2207 4089 maria:
2237 4049 2340 4087 non
2387 4047 2593 4100 pauere.

2089 4125 2250 4182 Vnus.
2279 4127 2333 4182 5.
2365 4125 2430 4179 At
2460 4124 2632 4180 Iudtei
2662 4125 2752 4195 qui
2773 4140 2874 4179 non
2894 4123 3250 4186 crediderant,
3286 4121 3588 4176 aemulatio-

2017 4234 2083 4273 ne
2106 4218 2375 4282 commoti,
2403 4224 2804 4285 assumpserunt
2826 4214 3104 4269 nonnullos
3142 4211 3589 4281 circumforaneos

2016 4303 2248 4365 homines
2297 4308 2585 4378 improbos,
2625 4317 2675 4362 et
2706 4322 2860 4378 grege
2882 4307 3042 4376 facto,
3071 4305 3332 4359 civitatem
3362 4306 3590 4358 excitato

1944 4418 1998 4475 ι)
2025 4401 2256 4458 tumultu
2283 4399 2666 4470 perturbabant
2696 4406 2789 4453 :et
2838 4398 3014 4452 adorti
3047 4397 3184 4452 cedes
3233 4395 3462 4460 Iasonis,
3506 4410 3593 4451 eo-

2020 4494 2288 4550 naliantur
2317 4507 2402 4546 eos
2437 4490 2508 4545 ad
2538 4490 2739 4559 plebem
2775 4492 3091 4559 producere.
3554 4556 3557 4561 Ι

2093 4582 2266 4639 Vens.
2320 4583 2372 4638 6.
2403 4581 2509 4638 Sed
2544 4591 2602 4636 ut
2651 4597 2736 4636 eos
2762 4596 2867 4635 non
2929 4580 3256 4643 invenerunt,
3314 4576 3588 4632 trahebant

1984 4648 2265 4732 'Iasonem
2320 4673 2660 4730 etnonnullos
2704 4675 2896 4743 fratres
2944 4670 3015 4724 ad
3061 4679 3287 4724 rectores
3331 4669 3584 4733 civitatis,

1986 4766 2343 4831 clamantes:
2387 4763 2484 4830 Hi,
2515 4765 2603 4836 qui
2656 4762 2832 4817 orbem
2872 4770 3136 4816 terrarum
3170 4760 3499 4815 concitarunt
3527 4775 3591 4813 ac

2015 4857 2475 4931 perturbaverunt,
2521 4855 2682 4909 etiam
2706 4855 2791 4909 hic
2815 4853 3026 4918 adsunt,
3265 4916 3275 4926 .

2098 4941 2268 4998 Vena.
2306 4930 2358 4999 7.
2389 4930 2531 5008 Quos
2577 4942 2802 5012 hospitio
2843 4942 3043 5011 excepit
3063 4940 3251 4996 Iason.
3302 4942 3470 5013 Atque
3500 4941 3591 4996 isti

2024 5048 2199 5087 omnes
2220 5033 2425 5105 faciunt
2448 5032 2696 5086 adversus
2723 5028 2954 5085 Ctesaris
2980 5032 3215 5095 decreta,
3258 5030 3385 5085 dum
3405 5030 3588 5084 dicunt

2025 5121 2196 5176 alium
2225 5139 2337 5178 esse
2358 5138 2527 5193 regem
2546 5121 2744 5177 Iesum.

1540 5233 1737 5296 Varia)
1761 5235 2066 5301 lectiones
2107 5244 2171 5301 et
2211 5245 2402 5302 noue.

421 5360 470 5395 '°
508 5359 577 5415 In
621 5360 849 5431 vulgatis
884 5370 983 5432 est,
1011 5362 1091 5432 εἰς
1117 5360 1217 5432 τὴν
1247 5361 1468 5416 Λυδίαν.

350 5571 526 5637 ratur,
557 5571 673 5630 τοῦ,
707 5580 830 5624 ante
858 5571 1108 5632 Ἰάσονος.

1568 5360 1614 5425 9⁸
1651 5361 1739 5416 lo‘.
1788 5362 2121 5427 ἀξιώσαντός
2149 5382 2315 5430 τινος,

348 5427 505 5505 οὗτος
546 5427 885 5505 νειίιιιιξίατε.Δ
935 5431 982 5505 f'
1018 5430 1082 5505 In
1123 5427 1502 5505 _n'tanuscripto
1537 5431 1896 5505 desideratur,

2004 5435 2208 5505 λήνων.

353 5501 710 5575 Ζηλώσαντες
755 5501 813 5553 δὲ
837 5501 893 5575 οι
916 5500 1562 5575 _&n2teofiv3sg’_lou§a10t,
1605 5501 1700 5553 καὶ
1731 5500 2171 5575 ςττρρσλαδόμὲνοι
2204 5504 2311 5557 τῶν
2365 5500 2637 5575 ἀγοραίῶν
2661 5506 2835 5567 τινας.

1185 5570 1231 5601 ’λ
1263 5572 1468 5644 αὐτοῖς,
1506 5580 1661 5644 ειται.Δ
1688 5570 1911 5644 __"”In‘1

2004 5570 2261 5644 vitiseripto
2276 5585 2323 5628 et
2352 5570 2457 5636 llic,
2474 5570 2531 5628 ἐι
2561 5593 2647 5644 pa.-
2670 5576 2720 5631 lo
2738 5582 2853 5642 post
2879 5584 2974 5639 est,
2992 5570 3381 5640 πολιπάρχους.
3454 5572 3501 5602 ⁸⁸
3527 5570 3591 5624 In

2339 5365 2547 5437 ἢδιὸτι
2602 5365 2796 5437 ἠξίωσε
2840 5381 2944 5437 τις.
3039 5361 3335 5437 "_Videtur
3364 5359 3591 5437 alterum

2305 5430 2447 5489 ³⁵⁷111
2481 5430 2707 5508 vulgatis
2736 5445 2834 5500 est,
2860 5435 2969 5488 τῶν
2998 5432 3227 5502 πρώτων
3264 5431 3363 5484 οὐκ
3393 5430 3587 5497 ὀλίγαι.

2305 5523 2311 5549 ν
2365 5507 2637 5570 ἀγοραίων
2661 5506 2835 5567 τινάς.
2930 5504 2977 5535 ⁸⁸
3010 5503 3072 5555 In
3115 5500 3340 5570 vulgatis
3389 5500 3591 5557 deside-

354 5636 581 5711 rnlgatis
608 5649 703 5706 est,
728 5642 1209 5704 ἀναστατώσαντες
1245 5636 1411 5704 οὗτοι,
1441 5642 1536 5693 καὶ
1579 5638 1786 5695 ἐνθάδε.
1861 5641 1906 5674 ³⁹

2004 5636 2334 5711 ;οδέδεικται,
2380 5654 2523 5696 erat.
