4116 6216
537 261 649 328 743

1436 255 2015 318 THEOPHYLACTI
2054 255 2464 318 BULGARIIE
2493 252 2848 317 ARCHIEP.
3659 259 3771 323 7M

521 383 692 437 stituit
717 388 947 444 tempora
975 347 1324 442 prwscripta,
1347 382 1494 424 certa
1534 383 1692 443 atque
1717 375 1981 428 destinata
2018 377 2097 427 in-

2209 391 2354 426 νοιαν
2387 388 2402 403 ·
2459 371 2519 424 οὐ
2573 368 2882 437 κατεγέλων
2939 367 3106 422 αὑτοῦ
3166 369 3216 422 οἱ
3269 369 3552 439 φιλόσοφοι
3603 372 3778 439 οὕτως

521 471 816 542 quilinatus
846 473 895 519 et
922 463 1267 516 habitationis
1300 478 1480 514 eorum
1508 479 1522 515 :
1555 463 1756 532 quibus
1791 465 1972 519 verbis
2007 464 2097 518 Dei

521 555 918 630 providentiam
943 551 1204 607 ostendit.
1246 551 1368 605 Non
1415 553 1739 607 deridebant
1768 569 1892 609 eum
1927 553 2101 623 philo-

521 649 682 718 sophi
719 648 791 700 ita
823 647 1134 715 loquentem
1172 661 1186 698 :
1228 660 1405 716 neque
1435 647 1577 701 enim
1609 648 1898 717 quidquam
1937 648 2101 702 intel-

521 741 754 810 ligebant
784 753 995 800 eorum,
1045 752 1166 806 qua:
1195 737 1537 794 dicebantur.
1568 739 1672 805 Qui
1713 739 1858 794 enim
1891 739 2101 810 potuis-

519 837 642 883 sent
683 843 915 897 quorum
951 827 1042 880 alii
1089 828 1306 897 quidem
1351 829 1518 886 Deum
1583 847 1784 902 corpus
1825 845 1967 895 esse,
2011 830 2102 884 alii

521 935 650 974 vero
710 918 1040 987 voluptatem
1091 919 1482 976 beatitudinem
1516 937 1641 978 esse
1684 922 1978 977 dicebant?
2027 923 2102 974 Ac

520 1009 760 1062 nonnulli
804 1009 1086 1065 dicebant:
1131 1010 1268 1075 Quid
1319 1013 1440 1066 velit
1491 1013 1846 1082 spermologus
1892 1015 2103 1071 dicere?

520 1101 963 1172 Spermologum,
1011 1101 1116 1156 hoc
1160 1112 1319 1157 sonat
1349 1106 1720 1175 seminilegam
1747 1122 1844 1160 seu
1878 1108 2100 1178 frugile-

519 1209 664 1262 gam,
715 1193 984 1246 aviculam
1029 1193 1182 1247 aiunt
1213 1211 1334 1249 esse
1364 1195 1707 1262 vilissimam,
1747 1213 1867 1267 qua:
1893 1201 2100 1254 semina

522 1285 575 1338 in
625 1283 800 1337 triviis
835 1282 994 1354 134
1035 1285 1294 1356 dissipata
1346 1286 1600 1356 colligere
1651 1287 1810 1342 solita
1848 1291 1920 1344 sit
1955 1307 1969 1342 :
2008 1289 2097 1344 cui

519 1373 612 1442 qui
654 1372 816 1427 inane
870 1374 1227 1442 supercilium
1261 1376 1460 1428 tollunt
1493 1384 1547 1429 et
1593 1377 1820 1430 multum
1845 1377 1946 1432 sibi
1981 1379 2099 1447 pla-

519 1474 668 1528 cent,
702 1479 1038 1534 magnosque
1088 1465 1318 1534 spiritus
1369 1476 1594 1521 sumunt
1635 1481 1855 1536 propter
1887 1470 2096 1539 copiam

519 1566 578 1610 et
605 1557 905 1610 ubertatem
935 1555 1156 1611 dicendi
1193 1557 1529 1627 philosophi,
1565 1557 1789 1612 Paulum
1828 1560 2099 1614 assimila-

522 1649 672 1702 bant.
713 1647 1000 1719 Sapientes
1037 1649 1182 1702 enim
1214 1649 1344 1704 viles
1389 1659 1604 1715 vocant,
1641 1651 1819 1720 inquit
1861 1651 2098 1721 scriptor

519 1716 973 1794 Proverbiorum.
1020 1739 1289 1806 Quoniam
1345 1741 1513 1811 igitur
1553 1743 1930 1813 Sperniologus
1979 1743 2094 1798 sive
2123 1716 2170 1776 Β

515 1830 779 1902 frugilega
812 1847 976 1901 parva
1008 1841 1090 1888 est
1131 1833 1269 1898 avis,
1311 1849 1488 1904 neque
1514 1834 1579 1888 ad
1607 1836 1960 1900 vescendum,
1995 1851 2094 1890 ne-

515 1939 623 1992 que
651 1922 716 1976 ad
747 1923 1127 1978 delectandum
1157 1925 1372 1988 idonea,
1409 1925 1544 1979 viles
1575 1925 1822 1980 homines
1853 1941 2092 1996 spcrmo-

519 2012 668 2082 logos
690 2012 1055 2081 appellabant.
1073 2013 1180 2066 Alii
1196 2031 1335 2080 vero,
1353 2013 1752 2085 Peregrinarum
1775 2017 2090 2083 dwmonum,

515 2103 778 2172 inquiunt,
821 2107 1168 2159 annuntiator
1197 2123 1304 2160 esse
1353 2108 1576 2161 videtur.
1605 2109 1820 2162 Etenim
1852 2123 2092 2163 resurre-

516 2195 754 2250 ctionem
783 2197 938 2252 deam
998 2199 1288 2268 quamdam
1320 2213 1441 2254 esse
1488 2199 1896 2265 existimabant,
1926 2199 2101 2269 utqui

514 2289 678 2341 etiam
708 2287 950 2357 feminas
998 2290 1178 2345 colere
1231 2292 1492 2346 solerent.
1555 2289 1825 2346 Diemonia
1865 2306 2101 2361 namque

515 2375 648 2430 deos
673 2393 802 2432 suos
842 2380 1126 2434 vocabant.
1167 2380 1441 2435 Duxerunt
1472 2398 1589 2434 eum
1623 2382 1694 2434 ad
1739 2380 1922 2434 collem
1948 2381 2093 2434 Mar-

522 2465 676 2519 tium.
709 2467 828 2520 Non
857 2468 1106 2524 discendi
1135 2486 1322 2536 causa,
1357 2471 1450 2526 sed
1495 2471 1752 2540 puniendi
1792 2472 1846 2524 in
1874 2485 1941 2525 eo
1976 2472 2097 2525 loco

519 2556 612 2608 ubi
643 2558 944 2626 agebantur
980 2569 1036 2613 et
1070 2563 1538 2632 cognoscebantur
1577 2578 1758 2617 causa:
1785 2561 2084 2617 homicidii.

2203 463 2370 518 αὑτοῦ
2427 461 2800 532 φθεγγομένου
2821 475 2835 490 °
2869 459 2988 514 οὐδὲ
3036 459 3146 531 γὰρ
3175 461 3358 515 ὲνόουν
3388 479 3442 515 τι
3484 462 3597 517 τῶν
3622 465 3777 533 λεγο-

2206 553 2404 622 μένων.
2459 551 2583 614 Πῶς
2617 551 2725 620 γάρ
2751 551 2801 602 oi
2843 549 2942 620 μὲν
2975 548 3133 620 σῶμα
3175 551 3265 603 τὸν
3303 551 3436 604 Θεὸν
3482 552 3732 620 λέγοντες
3755 573 3771 587 ⁸

2202 647 2250 696 οἱ
2289 645 2345 696 δὲ
2373 643 2564 715 ἡδονὴν
2591 643 2691 715 τὴν
2719 642 3132 714 μακαριότητα;
3189 643 3299 696 Καί
3334 659 3495 711 τινες
3519 645 3736 716 ἔλεγον
3754 664 3770 680 ο

2209 736 2270 789 Tl
2298 735 2376 789 ἂν
2398 736 2562 788 θέλοι
2601 737 2633 788 ὁ
2662 733 3078 802 σπερμολόγος
3107 728 3288 798 οὗτος
3324 735 3561 803 λέγειν;
3593 737 3773 807 Σπερ-

2207 826 2432 896 μολόγον
2479 825 2680 896 πτηνὸν
2723 819 2863 877 εἶναι
2915 841 3082 893 φασιν
3136 824 3563 892 εὐτελέστατον,
3611 829 3682 881 τὰ
3714 831 3775 881 ἐν

2201 919 2323 979 ταῖς
2360 917 2590 987 τριόδοις
2631 915 3114 988 κατεσκεδασμένα
3151 917 3259 972 τῶν
3291 919 3618 990 σπερμάτων
3647 922 3776 974 εἰω-

2204 1007 2294 1070 θὸς
2343 1005 2657 1075 συλλέγειν·
2707 999 2752 1074 ᾧ
2797 1008 2819 1040 ⁸
2874 1007 3112 1077 ματαίαν
3163 1008 3412 1080 αἴροντες
3458 1010 3632 1081 ὀφρὺν
3678 1013 3774 1066 ἐπὶ

2202 1095 2415 1167 γλώττῃ
2467 1095 2718 1168 πλατείᾳ,
2775 1097 3100 1167 φρονοῦντες
3133 1115 3192 1151 τε
3240 1099 3404 1168 μέγα,
3441 1100 3772 1170 παρείκαζον

2200 1186 2292 1239 τὸν
2335 1186 2546 1240 Παῦλον
2580 1187 2620 1240 ⁷.
2660 1188 2798 1250 Τοὺς
2833 1189 2939 1259 γὰρ
3001 1189 3198 1258 σοφοὺς
3241 1190 3478 1258 φαύλους
3521 1191 3768 1260 καλοῦσι,

2202 1277 2338 1346 φησὶ
2368 1279 2396 1329 ὁ
2432 1277 2866 1347 Παροιμιαστής.
2925 1277 3144 1348 Ἐπειδὴ
3191 1276 3284 1330 οὖν
3329 1277 3514 1348 δρνεόν
3554 1281 3701 1332 ἐστιν
3739 1281 3767 1332 ό

2203 1367 2573 1437 σπερμολόγος
2628 1368 2826 1438 βραχὺ,
2867 1370 2961 1422 καὶ
3012 1367 3136 1422 οὔτε
3197 1368 3334 1439 πρὸς
3385 1369 3610 1440 βρῶσιν,
3644 1370 3768 1424 οὒτε

2202 1459 2337 1528 πρὸς
2377 1458 2568 1529 τέρψιν
2617 1460 2943 1530 ἐπιτήδειον,
3003 1463 3131 1525 τοὺς
3169 1462 3410 1525 εὐτελεῖς
3459 1463 3766 1534 σπερμολό-

2201 1567 2328 1619 γους
2356 1550 2605 1607 ὲκάλουν.
2627 1555 2691 1606 Ol
2721 1551 2808 1616 δὲ,
2845 1552 3045 1606 Ξένων
3071 1553 3392 1621 δαιμονίων
3428 1553 3598 1609 δοκεῖ
3624 1572 3770 1609 κατ-

2200 1643 2490 1712 αγγελεὺς
2531 1639 2702 1698 εἶναι.
2764 1645 2873 1696 Καὶ
2924 1644 3032 1716 γὰρ
3095 1644 3194 1714 τὴν
3246 1645 3575 1711 ἀνάστασιν,
3634 1645 3767 1699 Θεόν

2201 1751 2318 1786 τινα
2352 1731 2490 1788 εἶναι
2521 1733 2790 1805 ἐνόμιζον,
2849 1734 2945 1788 ἅτε
2998 1736 3249 1799 εἰωθότες
3294 1736 3388 1789 καὶ
3416 1736 3634 1808 θηλείας
3679 1737 3768 1789 σέ-

2200 1823 2332 1877 6ειν.
2355 1825 2613 1896 Δαιμόνια
2643 1825 2748 1896 γάρ
2768 1825 2891 1888 τοὺς
2923 1825 3077 1889 θεοὺς
3103 1825 3280 1880 αὐτῶν
3310 1827 3556 1880 ἐκάλουν.
3588 1829 3760 1896 Ἠγα-

2199 1935 2309 1986 γον
2335 1918 2522 1972 αὑτὸν
2553 1917 2653 1970 ἐπὶ
2673 1919 2782 1971 τὸν
2814 1920 3041 1986 Ἀρειον
3057 1917 3278 1986 Πάγον,
3305 1921 3402 1988 οὐχ
3432 1920 3511 1972 ὅτι
3547 1919 3758 1990 μαθεῖν,

2199 2007 2315 2058 ἀλλ’
2347 2006 2486 2059 ὥστε
2512 2006 2865 2073 κολάσασθαι,
2887 2007 3012 2060 ἔνθα
3036 2010 3091 2062 αἱ
3119 2010 3336 2077 φονικαῖ
3365 2009 3530 2062 δίκαι.
3577 2011 3767 2080 Ἀρει-

2199 2113 2256 2160 ος
2290 2099 2311 2129 ⁸
2349 2097 2407 2150 δὲ
2440 2100 2608 2167 πάγος
2654 2099 2917 2164 ἐκαλεῖτο,
2949 2100 3132 2169 ἐπειδὴ
3176 2102 3204 2152 ὁ
3253 2101 3424 2172 Ἀρης
3460 2103 3634 2154 ἐκεῖσε
3666 2105 3767 2172 τῆς

2202 2191 2448 2260 μοιχείας
2482 2191 2527 2253 ’,
2578 2189 2652 2252 ὥς
2703 2207 2856 2258 φασι,
2920 2192 3118 2244 δέδωκε
3175 2192 3350 2256 δίκας.
3415 2193 3595 2261 Πάγος
3634 2194 3691 2246 δὲ
3730 2197 3758 2247 ὁ

2199 2281 2398 2352 ὑψηλὸς
2433 2285 2621 2345 τόποςο
2651 2283 2706 2334 ἒν
2736 2283 2844 2352 γὰρ
2888 2283 3032 2354 ὄχθῳ
3073 2285 3181 2336 τινὶ
3212 2279 3280 2354 ἦν
3314 2287 3487 2338 ἐκεῖνο
3525 2285 3582 2338 τὸ
3612 2286 3764 2338 δικα-

2199 2375 2438 2445 στήριον.
2466 2374 2806 2444 Σημειωτέον
2839 2375 2943 2438 ὅτι,
2986 2374 3164 2428 καίτοι
3194 2378 3251 2428 ἐν
3280 2376 3354 2445 τῷ
3390 2375 3569 2431 λαλεῖν
3595 2379 3762 2448 ἀσχο-

2195 2467 2446 2536 λούμενοι
2476 2470 2570 2519 καὶ
2601 2467 2842 2532 ἀκούειν,
2875 2468 3024 2538 ὅμως
3048 2467 3324 2532 ξενίζοντα
3351 2467 3599 2538 ἐνόμιζον
3619 2465 3761 2524 εἶναι

2197 2560 2402 2623 ἐκεῖνα,
2434 2557 2577 2628 άπερ
2601 2558 2855 2611 οὐδέποτε
2895 2560 3135 2630 ἥκουσαν
3161 2577 3176 2592 ο
3211 2551 3386 2623 ἄλλως
3414 2577 3470 2613 τε
3506 2562 3562 2613 δὲ
3592 2562 3685 2614 καὶ
3712 2563 3761 2614 εί

519 2644 744 2700 Martius
787 2657 968 2702 autem
1019 2651 1175 2705 collis
1216 2653 1506 2706 vocabatur
1539 2652 1585 2706 is
1628 2653 1801 2718 locus,
1832 2653 2088 2722 quoniam

2199 2650 2475 2722 ἄνθρωπον
2524 2653 2825 2721 ἐκήρυττεν
2862 2651 3258 2723 ἐσταυρῶσθαι,
3295 2653 3355 2706 οὐ
3403 2653 3551 2720 ξένον
3593 2649 3662 2724 ἦν
3701 2653 3764 2706 τὸ

520 2734 661 2790 Mars
691 2737 822 2803 illic,
857 2750 914 2794 ut
948 2741 1086 2796 fama
1113 2751 1214 2809 est,
1258 2743 1511 2799 adulterii
1551 2759 1739 2814 poenas
1771 2745 1938 2799 dedit.
1971 2746 2085 2798 [lai-

2192 2743 2485 2810 λεγόμενον
2515 2758 2528 2772 ·
2559 2743 2607 2794 εί
2636 2741 2694 2794 δὲ
2732 2743 2865 2796 Θεὸν
2893 2744 3076 2811 ἔλεγεν
3099 2745 3476 2814 ἐσταυρῶσθαι
3510 2746 3604 2799 καὶ
3629 2747 3764 2816 ἐγη-

517 2843 610 2894 γος
651 2840 832 2885 autem
884 2833 1036 2889 locus
1063 2847 1144 2891 est
1175 2837 1355 2892 editus
1387 2858 1400 2890 :
1439 2851 1562 2891 nam
1596 2839 1649 2892 in
1683 2837 1821 2892 colle
1851 2836 2084 2908 quodam

2199 2837 2402 2907 γὲρθαι,
2435 2833 2604 2900 ὅντως
2636 2834 2913 2902 ξενίζοντα
2941 2836 3143 2892 ἐλάλει.

515 2932 633 2975 c-rat
662 2922 751 2974 illa
783 2923 1280 2981 curia.Notundum
1304 2937 1390 2983 est
1414 2939 1594 2983 autem
1619 2929 1764 2993 illos,
1796 2944 2104 2998 quanquam
2147 2927 2695 2982 sermocinationibus
2739 2935 2793 2982 et
2826 2928 3197 2984 auditionibus
3233 2929 3413 2986 dediti
3466 2929 3761 2990 et'addicti

514 3023 694 3080 erant,
728 3023 904 3069 tamen
933 3017 1043 3082 illa,
1080 3035 1201 3088 qua:
1279 3035 1556 3089 minquam
1636 3020 1981 3084 audiverant,
2060 3024 2346 3089 peregrina
2385 3034 2447 3072 ac
2489 3034 2625 3073 nova
2652 3028 2897 3090 putasse.
2939 3020 3072 3076 Nam
3103 3023 3344 3094 alioquin
3378 3026 3588 3081 etiamsi
3620 3043 3760 3098 pra:-

513 3104 731 3159 dicabat
761 3107 1037 3162 hominem
1069 3112 1215 3164 cruci
1256 3110 1471 3164 allixum
1513 3111 1704 3174 fuisse,
1735 3127 1845 3164 non
1878 3127 2074 3165 novum
2115 3121 2232 3164 erat
2256 3111 2400 3178 quod
2434 3111 2758 3166 dicebatur:
2790 3111 2874 3167 sin
2905 3121 3087 3168 autem
3150 3115 3316 3170 Deum
3334 3117 3550 3173 dicebat
3608 3121 3760 3176 cruci

513 3195 730 3249 aﬂixum
779 3213 920 3264 esse,
958 3209 1012 3253 et
1049 3201 1433 3266 resnrrexisse,
1493 3216 1683 3254 revera
1733 3216 1874 3255 nova
1923 3210 2084 3270 atque
2123 3201 2407 3271 peregrina
2445 3200 2786 3270 loquebatur.

587 3285 750 3342 Vsus.
779 3289 868 3343 22.
917 3290 1076 3344 Stans
1103 3303 1281 3344 autent
1305 3291 1503 3344 Paulus
1527 3294 1581 3346 in
1605 3293 1773 3345 medio
1787 3292 1967 3346 Martii
1993 3294 2097 3344 co!-

2279 3294 2524 3356 Σταθείς
2542 3292 2610 3345 δὲ
2637 3292 2871 3360 Παῦλος
2896 3293 2966 3347 ἐν
2982 3293 3149 3365 μέσῳ
3171 3296 3276 3350 τοῦ
3295 3297 3515 3365 Ἀρείου
3539 3298 3762 3369 Πάγου,

514 3378 599 3444 lis,
637 3379 841 3433 dicebat
873 3397 891 3434 :
925 3381 1030 3435 Viri
1081 3383 1429 3451 Athenienses,
1478 3386 1535 3437 in
1577 3385 1814 3438 omnibus
1866 3400 1953 3438 tos
1989 3385 2096 3454 fere

513 3471 662 3524 video
687 3472 1033 3542 religiosiores
1053 3490 1182 3528 esse.

588 3565 749 3618 Vsus.
771 3565 862 3617 “2.3.
895 3564 1176 3620 Transiens
1220 3567 1380 3632 enim,
1415 3577 1461 3621 et
1491 3567 1850 3636 contemplans
1876 3570 2093 3621 numina

512 3669 630 3722 quin
658 3654 850 3717 colitis,
881 3658 1050 3726 reperi
1076 3659 1235 3710 etiam
1271 3675 1423 3712 aram
1448 3676 1564 3712 cum
1594 3660 1694 3712 hac
1716 3661 2094 3728 inscriptione:

513 3743 700 3811 [gnato
725 3745 852 3798 Deo.
885 3746 1048 3811 Quem
1082 3749 1245 3820 igitur
1287 3751 1588 3822 ignorantes
1623 3753 1809 3819 cotitis,
1839 3753 1976 3807 hunc
2002 3769 2094 3825 ego

514 3837 772 3888 annuntio
801 3837 960 3892 vobis.

598 3922 759 3979 Vnus.
797 3928 884 3981 Ἡ.
932 3930 1073 3984 Deus
1103 3932 1192 4000 qui
1222 3933 1344 4002 fecit
1377 3935 1650 3999 mundum,
1688 3943 1734 3987 et
1769 3936 1946 3988 omnia
1976 3951 2093 4005 qua:

512 4025 631 4068 sunt
665 4022 716 4067 in
744 4033 824 4082 eo,
874 4017 958 4070 hic
994 4036 1110 4072 cum
1150 4023 1263 4074 εαξίὶ
1307 4032 1560 4093 terrwque
1596 4024 1851 4079 Dominus
1873 4028 1962 4094 sit,
1991 4043 2094 4080 non

519 4105 574 4155 in
608 4107 925 4174 manufuctis
955 4108 1160 4178 templis
1190 4110 1419 4163 habitat.

593 4193 756 4250 Vens.
779 4197 868 4250 '25.
905 4197 1085 4268 Neque
1120 4203 1356 4255 manibus
1392 4204 1658 4256 hominum
1689 4205 1895 4271 colitur,
1921 4216 1976 4260 ut
2004 4209 2093 4278 qui

519 4285 752 4355 alicujus
775 4290 848 4341 rei
884 4306 1072 4358 egenus
1099 4292 1186 4357 sit,
1210 4308 1325 4345 cum
1351 4294 1458 4363 ipse
1494 4298 1730 4351 omnibus
1755 4299 1938 4365 vitam,
1969 4300 2091 4354 ani-

514 4395 655 4430 mam
687 4390 734 4432 et
768 4381 990 4435 halitum
1018 4393 1174 4454 atque
1206 4389 1382 4439 omnia
1417 4389 1523 4441 det.

587 4466 751 4522 Vsus.
783 4471 873 4523 26.
907 4471 1152 4540 Fecitque
1201 4491 1264 4526 ea:
1314 4491 1414 4527 uno
1458 4480 1713 4549 sanguine
1752 4497 1902 4535 omne
1928 4499 2090 4553 genus

511 4557 798 4621 hominum,
837 4571 893 4612 ut
917 4563 968 4613 in
999 4563 1142 4614 omni
1169 4563 1276 4615 solo
1303 4573 1456 4620 terra:
1485 4568 1802 4636 habitarent,
1825 4573 2090 4640 definivit-

2195 3386 2345 3456 ἔφη’
2398 3384 2646 3452 ΙἈνδρες
2689 3385 3006 3450 Ἀθηναῖοι,
3049 3389 3198 3440 κατὰ
3228 3388 3422 3444 πάντα
3458 3391 3538 3458 ὡς
3581 3393 3766 3448 δεισιο

2197 3476 2704 3544 δαιμονεστέρους
2737 3473 2890 3544 ὑμᾶς
2919 3477 3130 3544 θεωρῶ.

2266 3567 2658 3637 Διερχόμενος
2687 3568 2796 3636 γὰρ
2816 3567 2912 3620 καί
2938 3571 3288 3638 ἀναθεωρῶν
3317 3572 3386 3627 τὰ
3416 3575 3765 3644 σεϐάσματα

2195 3657 2360 3726 ὑμῶν
2386 3698 2401 3722 ,
2448 3654 2629 3724 εὗρον
2673 3658 2771 3710 καὶ
2816 3659 3028 3728 ,ϐωμὸν
3053 3704 3066 3727 ,
3110 3663 3182 3716 ἐν
3229 3657 3277 3730 ᾦ
3313 3664 3719 3734 ἐπεγέγραπτο
3745 3684 3758 3696 ·

2195 3748 2499 3820 Ἀγνώστῳ
2544 3747 2686 3815 Θεῷ.
2736 3753 2845 3805 Ὃν
2877 3749 2990 3806 οὖν
3029 3755 3394 3826 ἀγνοοῦντες
3439 3760 3761 3825 εὐσεϐεῖτε,

2192 3841 2408 3897 τοῦτον
2427 3840 2541 3912 ἐγὼ
2565 3842 2950 3913 καταγγέλλω
2975 3845 3136 3914 ὑμῖν.

2279 3933 2342 3987 '0
2374 3937 2518 4000 Θεὸς
2565 3938 2598 3989 ὁ
2641 3937 2904 4005 ποιήσας
2935 3937 3042 3991 τὸν
3074 3938 3307 4008 κόσμον
3335 3942 3432 3997 καὶ
3469 3943 3667 3997 πάντα
3693 3945 3765 3998 τὰ

2191 4023 2262 4076 ἐν
2285 4024 2465 4091 αὐτῷ,
2493 4019 2672 4094 οὗτος
2702 4027 2962 4095 οὐρανοῦ
2994 4027 3090 4081 καὶ
3118 4027 3230 4099 γῆς
3261 4032 3474 4100 Κύριος
3499 4035 3541 4065 ⁸⁸
3575 4035 3764 4106 ὑπάρ-

2193 4133 2340 4185 χων,
2367 4117 2478 4170 οὐκ
2500 4117 2570 4170 ἐν
2590 4118 3028 4186 χειροποιήτοις
3060 4119 3226 4187 ναοῖς
3257 4124 3539 4190 κατοικεῖ,

2267 4207 2420 4260 Οὐδὲ
2434 4209 2552 4261 ὑπὸ
2569 4207 2782 4275 χειρῶν
2808 4209 3133 4278 ἀνθρώπων
3149 4215 3549 4280 θεραπεύεται,
3575 4232 3762 4284 17.000-

2192 4297 2476 4367 δεόμενός
2516 4315 2721 4364 τινος.
2773 4302 2956 4366 αὐτὸς
3003 4301 3206 4369 διδοὺς
3252 4303 3403 4358 πᾶσι
3457 4304 3610 4374 ζωὴν
3657 4311 3759 4364 καί

2192 4387 2396 4455 πνοὴν
2423 4388 2520 4441 καί
2551 4388 2622 4442 τὰ
2648 4389 2847 4443 πάντα
2877 4391 2942 4445 ⁸⁸.

2259 4477 2540 4546 Ἐποίησέ
2563 4496 2628 4532 τε
2664 4480 2733 4545 ἐξ
2760 4481 2897 4548 ἐνὸς
2925 4485 3172 4556 αἵματος
3195 4488 3321 4545 πᾶν
3341 4491 3516 4559 ἔθνος
3543 4493 3765 4562 ἀνθρώ·

2192 4580 2327 4620 πων
2376 4570 2675 4625 κατοικεῖν
2726 4573 2826 4627 ἐπί
2866 4575 2992 4630 πᾶν
3021 4576 3088 4630 τὸ
3118 4580 3444 4646 πρόσωπον
3486 4582 3595 4653 τῆς
3623 4583 3759 4655 γῆς.

511 4659 610 4712 quc
636 4649 703 4698 ac'
723 4649 908 4700 statuit
936 4659 1168 4719 tempora
1207 4663 1348 4707 certa
1380 4666 1534 4727 atque
1559 4661 1865 4730 prwscripta
1896 4679 1958 4716 ac
1986 4673 2089 4716 ter-

2199 4661 2404 4728 ύρίσας
2451 4667 3007 4734 προστεταγμένους
3052 4669 3097 4700 “
3157 4673 3402 4740 καιροὺς
3428 4713 3444 4738 ,
3504 4649 3600 4729 καὶ

514 4737 684 4788 minos
713 4737 1056 4794 habitationis
1095 4758 1294 4809 eorum,

531 4882 533 4884 ,
581 4823 743 4881 Vsns.
787 4828 878 4883 27.
919 4831 979 4886 Ut
1003 4845 1290 4902 qua’rerent
1343 4835 1658 4905 Dominum,
1708 4841 1755 4894 si
1799 4840 1932 4911 forte
1973 4842 2092 4910 pal-

512 4920 687 4988 pando
719 4932 767 4974 et
796 4919 1159 4979 contrectando
1188 4943 1305 4980 cum
1330 4929 1614 4988 inveniant.
1643 4929 1957 5000 Quanquam
1988 4947 2092 4987 non

511 5013 700 5081 procul
726 5015 872 5068 abest
902 5015 967 5069 ab
1003 5033 1308 5088 unoquoque
1337 5031 1594 5075 nostrum.

583 5101 751 5160 Vsus.
785 5106 876 5160 28.
924 5105 1024 5162 Per
1064 5125 1182 5163 eum
1227 5112 1366 5164 enim
1405 5115 1626 5166 vivimus
1659 5124 1706 5166 et
1744 5129 2011 5168 movemur
2038 5127 2086 5171 et

509 5208 711 5262 sumus,
745 5204 801 5248 ut
843 5198 1059 5268 quidam
1089 5199 1248 5252 etiam
1276 5209 1566 5254 vestrorum
1615 5212 1889 5269 poetarum
1933 5205 2086 5260 dixe-

511 5297 677 5342 runt:
710 5304 833 5343 nam
865 5289 1023 5359 hujus
1052 5305 1254 5359 quoque
1279 5292 1547 5361 progenies
1578 5308 1780 5348 sumus.

2195 4754 2507 4820 όροθεσίας
2527 4755 2633 4821 τὰς
2664 4759 2966 4824 κατοικίας
2997 4757 3214 4828 αὐτῶν,

2264 4843 2477 4910 Ζητεῖν
2535 4845 2642 4899 τὸν
2697 4848 2942 4916 Κύριον,
2989 4850 3042 4901 εί
3087 4850 3270 4920 ἄραγε
3324 4856 3765 4925 ψηλαφήσειαν

2193 4934 2381 4986 αὑτὸν
2410 4934 2507 4987 καὶ
2538 4936 2775 5004 εὕροιεν
2802 4953 2816 4967 ·
2873 4939 2975 4991 καί
3003 4955 3069 5009 γε
3106 4943 3178 4995 οὐ
3200 4945 3442 5012 μακρὰν
3470 4948 3588 5001 ἀπὸ
3618 4949 3761 5018 ἐνὸς

2192 5023 2458 5077 ἑκάστου
2495 5024 2664 5094 ἡμῶν
2695 5025 3060 5095 ὑπάρχοντα.
3622 5045 3631 5053 ’

2267 5116 2370 5170 Ἐν
2395 5117 2554 5183 αὐτῷ
2597 5120 2704 5188 γὰρ
2729 5119 2913 5190 ζῶμεν
2943 5123 3038 5176 καὶ
3065 5127 3388 5195 κινούμεθα
3415 5130 3512 5183 καί
3546 5130 3756 5200 ἐσμὲν,

2194 5207 2274 5272 ὡς
2310 5207 2412 5260 καί
2451 5224 2608 5274 τινες
2641 5209 2758 5262 τῶν
2786 5212 2916 5264 καθ’
2966 5211 3120 5282 ὑμᾶς
3151 5215 3412 5285 ποιητῶν
3438 5219 3713 5288 sip-rixam
3742 5237 3757 5251 ο

2199 5299 2310 5354 Τοῦ
2338 5301 2446 5371 γὰρ
2478 5301 2574 5354 καὶ
2610 5301 2780 5370 γένος
2800 5303 3008 5372 ἐσμέν.

1659 5434 1858 5496 Viuite
1891 5437 2198 5501 lectiones
2244 5445 2305 5500 et
2346 5446 2538 5501 notua.

588 5531 608 5559 ⁶
637 5527 702 5604 ᾧ.
748 5545 880 5604 erat.
956 5540 975 5568 '
1002 5532 1428 5604 παρεικάζοντες
1470 5535 1699 5601 Παῦλον,
1731 5549 1866 5593 erat.

1969 5542 1990 5572 ⁸
2015 5542 2210 5612 ὄρειος,
2237 5554 2374 5596 erat.

2473 5545 2494 5577 ⁹
2527 5545 2762 5612 μοιχίας,
2811 5557 2944 5601 erat.
3059 5549 3102 5579 '°
3132 5548 3192 5602 In
3239 5551 3462 5621 vulgatis
3491 5553 3756 5609 norma/[£8

512 5608 612 5660 εει,
660 5600 686 5647 ὁ
733 5603 956 5693 Κύριιος.
1034 5600 1171 5659 ¹¹’ν.
1203 5608 1260 5660 L'.
1299 5617 1346 5661 et
1393 5607 1450 5661 Β.
1496 5600 1693 5676 legunt,
1744 5611 1836 5662 καὶ
1872 5600 2067 5675 πάντα,

2199 5600 2263 5666 im
2291 5600 2558 5667 lectionem
2589 5600 2680 5682 ego
2707 5600 2905 5686 quoque
2934 5600 3189 5687 sequor."
3218 5600 3599 5693 'i‘li’ibulg‘atis
3647 5600 3749 5679 es}.

517 5673 1009 5738 προτεταγμένους,
