4116 6216
419 335 528 398 745

1130 333 1533 395 EXPOSITID
1571 333 1647 393 ΙΝ
1680 334 1865 393 ACTA
1894 331 2470 415 APOSTOLORUM.
2501 356 2572 368 --
2602 330 2761 391 CAP.
2792 329 2981 392 XVII.

3579 331 3689 399 746

486 451 673 513 Γένος
729 440 846 504 οὗν
896 450 1270 527 ὑπάρχοντες
1320 452 1426 506 τοῦ
1463 452 1636 516 Θεοῦ,
1678 452 1792 505 οὑκ
1840 450 2001 520 ὀφει-

2175 449 2339 504 Vsns.
2368 447 2459 503 29.
2497 447 2807 517 Cumigitur
2833 447 2997 501 simus
3021 443 3114 499 Dei
3142 446 3432 516 progenies.
3463 462 3568 501 non
3595 450 3690 502 de-

404 546 596 610 λομεν
623 539 887 610 νομιζειν
928 543 1156 610 χρυσῷ,
1191 543 1229 611 ἢ
1260 543 1516 612 ἀργύρῳ,
1551 542 1592 609 ἢ
1638 541 1787 608 λίθῳ
1819 540 1998 609 χαρά-

2100 538 2277 592 bemus
2302 539 2606 592 existimare
2634 553 2791 597 auro,
2818 545 2911 589 aut
2965 543 3205 605 argento.
3248 547 3340 588 aut
3373 537 3539 605 lapidi
3575 538 3695 591 arte

410 649 587 704 κγγιατι
657 635 879 701 τέχνης
934 635 1034 689 καί
1098 636 1487 704 ἐνθυμήσεως
1547 633 1865 702 ἀνθρώπου
1930 632 1997 684 τὸ

2116 636 2151 681 ιι
2176 628 2440 682 industria
2472 629 2705 680 Immana
2746 625 2946 694 sculpta
2976 625 3149 680 simile
3174 641 3283 680 esse
3323 642 3516 681 numen
3544 629 3688 682 divi-

410 724 585 778 Θεῒον
609 718 763 776 εἶναι
790 722 1020 791 ὅμοιον.

491 815 582 878 Ὡς
616 811 1304 883 δεισιδαιμονεστέρους.
1355 810 1713 882 Δεισιδαίμων
1782 810 1999 879 λέγεται

407 906 435 955 ὁ
467 899 655 964 δεδιὼς
679 901 746 954 τὰ
784 899 1055 970 δαιμόνια,
1085 903 1112 952 ὁ
1148 902 1327 954 πάντα
1364 899 1621 964 θειάζων,
1677 898 1774 951 καὶ
1819 898 1995 963 ξύλον,

410 997 504 1047 καὶ
527 994 695 1057 λίθον,
726 993 818 1046 καὶ
849 990 1086 1061 πνεῦμα.
1126 991 1339 1062 Ὥσπερ
1385 991 1759 1061 ἐγκωμιάζειν
1802 991 2001 1050 αὐτοὺς

409 1088 576 1139 δοκεῖ.
609 1082 1274 1152 Δεισιδαρμονεστέρους
1308 1083 1388 1147 δὲ,
1439 1084 1559 1136 ἀντὶ
1597 1084 1712 1146 τοῦ,
1774 1083 2001 1136 εὐλαϐε-

412 1176 656 1245 στέρους·
681 1173 840 1227 τοῦτο
882 1174 942 1228 δὲ
982 1170 1103 1226 εἷπε
1142 1173 1231 1226 διὰ
1273 1175 1366 1227 τὸν
1407 1173 1608 1243 βωμόν.
1664 1172 2001 1241 Ἀνειστήκει

411 1268 469 1321 δὲ
499 1267 680 1329 αὐτοῖς
709 1268 737 1320 ὀ
768 1265 950 1336 βωμὸς
994 1266 1059 1318 ἐκ
1096 1265 1353 1334 τοιαύτης
1382 1264 1581 1326 αἰτίας·
1620 1264 1862 1333 Πόλεμος
1892 1265 2004 1325 τοῖς

426 1359 726 1429 ’Λθηναίοις
786 1358 917 1410 ποτὲ
964 1358 1275 1428 συνερῤάγη
1334 1356 1474 1427 πρὸς
1524 1355 1822 1418 ἐναντίους·
1882 1351 1999 1408 εἶτα

415 1449 723 1519 πράξαντες
753 1446 937 1511 κακῶς
977 1448 1353 1517 ἀνεχώρησαν.
1406 1447 1515 1501 Καὶ
1552 1446 1740 1517 ἐπειδὴ
1789 1446 2005 1510 παίζειν

414 1542 609 1602 αὐτοὺς
631 1540 742 1601 τοῖς
766 1539 1015 1608 δαίμοσιν
1042 1537 1160 1602 ἐθος
1196 1534 1287 1608 ἦν,
1315 1540 1426 1591 τῶν
1467 1538 1738 1607 δαιμόνων
1768 1556 1853 1601 τις
1885 1540 2005 1591 ἐπι-

350 1620 361 1641 ’
423 1633 632 1699 φανεὶς,
661 1629 1011 1684 οὐδεπώποτε
1040 1629 1145 1700 ἐφη
1179 1630 1311 1701 παρ’
1340 1630 1520 1683 αὐτῶν
1553 1629 2002 1700 τεθεραπεῦσθαι·

417 1723 670 1784 κακεῖνος
713 1721 897 1784 αὐτοῖς
924 1721 1222 1799 ὀργισθεὶς,
1254 1722 1350 1791 τῆς
1382 1721 1554 1792 ἥττης
1594 1721 1796 1789 ταύτης
1833 1720 2006 1784 αἴτιος

416 1811 768 1882 γεγενῆσθαι.
827 1811 1051 1883 Ἐκείνῳ
1087 1828 1143 1865 τε
1179 1793 1272 1865 οὖν
1319 1812 1616 1881 άνίστησαν
1656 1811 1701 1843 ³⁸
1726 1812 1871 1865 ναόν·
1916 1811 2007 1865 καὶ
2035 1793 2084 1852 Β

417 1903 493 1966 ὡς
534 1900 930 1971 φυλαττόμενοι
983 1902 1155 1973 μὴτὸ
1207 1902 1340 1955 αὐτὸ
1388 1902 1484 1955 καὶ
1538 1902 1726 1955 ἄλλοτε
1758 1903 2002 1966 πάθοιεν,

418 1994 683 2063 παρέντες
713 1993 835 2047 τινὰ
863 1993 998 2047 Θεὸν
1027 1994 1302 2062 ἄγνωστον
1332 1994 1537 2056 αὐτοῖς,
1571 1995 1878 2064 ἀνέστησαν
1912 1992 2005 2044 τὸν

420 2087 604 2156 βωμὸν
636 2087 842 2138 ἐκεῖνον
885 2084 1283 2155 ἐπιγράφοντες
1304 2099 1318 2113 ·
1363 2083 1673 2152 Ἀγνώστφ
1703 2082 1859 2148 Θεῷ·
1881 2081 2006 2134 τοῦ·

417 2194 482 2230 το
533 2178 807 2246 λέγοντες,
838 2176 942 2240 ὅτι,
992 2176 1058 2229 Ei
1090 2176 1183 2228 καί
1233 2191 1317 2236 τις
1354 2174 1539 2244 ἕτερος
1579 2173 1825 2241 ἀγνοοῖτο
1875 2170 2004 2241 παρ’

425 2270 606 2341 ἡμῶν,
651 2272 729 2333 εἰς
766 2267 928 2339 τιμὴν
954 2267 1157 2321 ἐκείνου
1207 2266 1361 2327 οὗτος
1410 2268 1438 2318 ὁ
1481 2265 1662 2334 βωμὸς
1698 2263 2005 2334 ἐγηγέρθω,

421 2364 496 2427 ὡς
531 2363 599 2416 ἂν
625 2362 784 2426 ἵλεως
811 2361 971 2431 ἡμῶν
998 2359 1044 2393 ⁸⁵
1078 2359 1185 2429 εἴη,
1217 2359 1373 2429 εἴπερ
1397 2357 1757 2427 ἀγνοούμενος
1804 2355 1882 2409 ὢν
1931 2356 2006 2426 μὴ

422 2453 802 2527 θεραπεύοιτο.
830 2448 938 2505 Ἦν
961 2451 1018 2504 δέ
1054 2451 1086 2523 ὴ
1137 2453 1286 2502 πᾶσα
1332 2449 1424 2502 τοῦ
1477 2448 1664 2519 βωμοῦ
1699 2448 2005 2518 ἐπιγραφή·

425 2548 590 2613 Θεοῖς
643 2545 868 2610 Ἀσίας,
910 2544 1005 2598 καί
1057 2542 1368 2612 Εὐρώπης,
1425 2542 1526 2595 καὶ
1580 2542 1837 2607 Λιϐύης·
1883 2538 2008 2604 Θεῷ

425 2638 712 2706 ἀγνώστῳ
762 2634 858 2689 καί
889 2635 1065 2698 ξένῳ.
1097 2661 1161 2674 —-
1192 2633 1581 2702 Διερχόμενος
1607 2631 1717 2699 γὰρ
1745 2631 1844 2685 καί
1866 2632 2009 2686 ἀνα·

429 2728 660 2797 θεωρῶν
698 2728 769 2782 τὰ
803 2726 1151 2793 σεϐάσματα
1194 2724 1380 2793 ὑμῶν.
1424 2716 1597 2794 Εὗρεν
1641 2725 1700 2775 ἐν
1743 2724 1808 2793 τῇ
1858 2722 2010 2775 πόλει

427 2823 547 2892 οὐχὶ
580 2819 781 2891 βιὸλίον
812 2819 974 2883 θεῖον,
1012 2816 1148 2870 ἀλλὰ
1194 2816 1376 2887 βωμὸν
1417 2814 1719 2884 ἑστηκότα·
1767 2816 1862 2867 καὶ
1904 2815 2013 2866 ἀπὸ

425 2911 527 2981 τῆς
565 2909 875 2980 ἐπιγραφῆς
913 2906 1003 2960 τοῦ
1048 2906 1233 2977 βωμοῦ
1280 2905 1371 2958 τὸν
1411 2906 1596 2975 βωμὸν
1645 2903 1885 2957 καθεῖλε,
1945 2905 2011 2957 Τί

428 3004 537 3074 γάρ
563 3002 671 3057 ἔδει
699 3002 917 3071 ποιῆσαι
948 2998 1148 3065 αύτόν;
1185 2997 1448 3076 Ἕλληνες
1490 2996 1690 3059 πάντες
1713 2992 1852 3068 ἦσαν
1884 2996 2014 3048 ἀσε-

2105 736 2255 774 num.

2175 808 2331 879 135
2355 808 2486 862 Fere
2506 809 2869 878 religiosiores.
2896 807 3254 877 Δεισιδαίμων
3273 808 3474 862 dicitur
3500 809 3568 871 is,
3597 811 3691 879 qui

2102 901 2259 956 timet
2289 900 2580 963 daemonia,
2610 903 2702 969 qui
2734 901 2916 955 omnia
2954 915 3050 968 pro
3075 900 3300 954 numine
3357 895 3566 956 colite't
3600 917 3696 955 re-

2104 1001 2354 1056 neratur,
2400 1000 2455 1046 et
2484 992 2717 1062 lignum,
2750 1000 2807 1046 ct
2836 992 3095 1060 lapidem,
3128 1002 3185 1045 et
3229 991 3501 1061 spiritum.
3529 993 3692 1060 Quasi

2104 1083 2330 1137 laudare
2361 1097 2458 1138 eos
2498 1082 2729 1136 videtur.
2765 1081 3365 1152 Δεισιδαιμονεστέρους
3396 1090 3603 1148 autem,
3635 1085 3691 1138 id

2104 1182 2212 1235 est,
2247 1172 2513 1228 daunonia
2548 1174 2824 1237 timentes,
2854 1175 3034 1242 posuit
3065 1189 3160 1243 pro
3191 1174 3522 1242 religiosores
3545 1191 3563 1228 :
3589 1173 3694 1229 hoc

2105 1277 2287 1319 autem
2327 1265 2464 1320 dixit
2494 1274 2717 1335 propter
2751 1266 2942 1320 altare.
2974 1263 3143 1319 Porro
3165 1265 3333 1319 altare
3358 1273 3692 1320 exstructum

2104 1356 2282 1411 fuerat
2308 1355 2506 1411 abillis
2527 1371 2595 1410 ex
2629 1356 2938 1425 huiusmodi
2968 1372 3163 1411 causa:
3199 1357 3387 1412 Praelio
3419 1359 3692 1429 quondam

2106 1448 2469 1504 conﬂixerant
2495 1446 2873 1503 Athenienses
2918 1464 3041 1502 cum
3074 1450 3407 1505 adversariis
3441 1466 3456 1503 :
3496 1450 3695 1505 deinde

2105 1550 2325 1610 accepta
2360 1540 2514 1596 clade
2559 1547 2925 1595 recesserant.
2979 1540 3039 1592 Et
3077 1541 3339 1610 quoniam
3388 1540 3547 1596 ludos
3582 1541 3696 1596 dte.

2109 1632 2366 1687 monibus
2411 1631 2691 1686 celebrare
2730 1644 3152 1695 consueverant,
3209 1633 3428 1702 quidam
3481 1634 3691 1689 daemon

2108 1737 2231 1777 cum
2263 1724 2634 1793 apparuisset.
2676 1738 2956 1792 nunquam
2991 1724 3060 1775 ab
3090 1723 3200 1777 illis
3243 1739 3303 1776 se
3332 1724 3541 1778 cultum
3570 1740 3698 1780 esse

2111 1814 2328 1869 dicebat
2365 1832 2378 1867 :
2412 1830 2477 1869 ac
2510 1828 2635 1868 sese
2668 1814 2775 1867 illis
2810 1813 3007 1865 iratum
3046 1812 3171 1865 mali
3201 1813 3372 1882 praelii
3423 1814 3569 1869 illius
3595 1830 3697 1869 au-

2108 1913 2320 1959 ctorem
2354 1913 2409 1958 et
2460 1918 2682 1958 causam
2725 1903 2917 1957 fuisse.
2953 1903 3140 1972 Itaque
3180 1912 3236 1958 et
3287 1903 3364 1956 illi
3408 1904 3694 1959 delubrum

2105 2004 2497 2050 exstruxerunt
2531 2012 2546 2049 :
2578 2003 2634 2049 et
2673 2004 2733 2048 ut
2767 2003 3026 2050 caventes
3054 2010 3123 2049 ne
3147 1994 3370 2064 quando
3391 1995 3522 2049 alias
3555 2009 3697 2063 quo-

2105 2103 2235 2157 que,
2267 2088 2412 2158 quod
2441 2088 2677 2158 aliquem
2703 2088 3038 2160 incognitum
3062 2088 3164 2143 sibi
3198 2087 3366 2143 Deum
3400 2089 3697 2159 praeteriis~

2106 2188 2229 2235 sent
2251 2194 2316 2233 ac
2346 2179 2735 2249 neglexissent,
2765 2178 2906 2233 idem
2938 2177 3070 2247 ipsis
3100 2178 3390 2241 accideret,
3409 2189 3697 2235 exstruxe-

2110 2278 2240 2324 runt
2267 2269 2399 2323 illud
2439 2269 2637 2334 altare,
2663 2269 3059 2324 inseribentes:
3087 2266 3278 2338 Ignoto
3302 2267 3408 2323 Deo
3439 2284 3459 2324 :
3492 2270 3700 2349 hoclsi-

2109 2361 2455 2430 gnilicantes.
2490 2356 2717 2415 Etiamsi
2742 2361 2866 2429 quis
2890 2360 3029 2414 alius
3058 2374 3088 2413 a
3114 2359 3274 2414 nobis
3298 2360 3602 2432 ignoretur,
3637 2362 3695 2415 in

2110 2453 2372 2507 honorem
2403 2452 2548 2507 illius
2576 2457 2679 2509 hoc
2703 2452 2875 2507 altare
2900 2462 3247 2508 exstructum
3266 2462 3411 2519 esto,
3452 2462 3511 2509 ut
3536 2453 3697 2509 nobis

2111 2545 2384 2615 pr0pitius
2412 2546 2504 2609 sit,
2540 2545 2584 2599 si
2615 2560 2738 2600 cum
2770 2546 2930 2600 nobis
2954 2545 3265 2617 incognitus
3298 2546 3370 2601 sit
3399 2561 3508 2600 non
3541 2547 3694 2601 cola-

2112 2646 2219 2692 tur.
2274 2638 2406 2691 Erat
2454 2646 2636 2691 autem
2685 2652 2792 2691 arae
2836 2646 2948 2693 tcta
3015 2637 3301 2708 inscriptio
3349 2638 3466 2693 haec
3514 2656 3529 2694 :
3581 2638 3697 2694 Diis

2113 2730 2273 2793 Asiae,
2300 2729 2527 2797 Eur-apte
2555 2739 2604 2783 et
2634 2728 2811 2799 Libym
2843 2747 2860 2784 :
2894 2729 3000 2783 Deo
3032 2729 3293 2800 incognito
3314 2746 3378 2783 ae
3401 2730 3695 2800 peregrino.

2115 2850 2178 2862 —
2207 2820 2343 2875 Cum
2380 2820 2662 2873 transirem
2689 2821 2825 2874 enim
2848 2829 2897 2874 et
2924 2819 3302 2889 cortlemplarer
3329 2819 3546 2873 numina
3578 2833 3699 2875 aute

2115 2913 2306 2966 colitis.
2340 2911 2553 2967 Invenit
2600 2913 2654 2966 in
2700 2912 2835 2967 urbe
2883 2927 2994 2966 non
3041 2913 3239 2967 librum
3282 2912 3555 2976 divinum,
3598 2912 3697 2967 sed

2117 3021 2266 3059 aram
2307 3012 2586 3059 stantem:
2620 3012 2783 3073 atque
2821 3003 3110 3058 occasione
3157 3012 3374 3074 sumpta
3413 3004 3483 3057 ab
3510 3003 3701 3058 altaris

431 3095 564 3163 βεῖς.
596 3092 657 3145 Εἰ
687 3092 795 3145 ἀπὸ
826 3088 1172 3156 Εὐαγγελίων
1215 3086 1469 3157 διηλέχθη
1508 3086 1694 3148 αὐτοῖς
1716 3124 1732 3150 ,
1786 3085 2014 3152 κατεγέ-

2119 3097 2499 3167 inscriptione,
2524 3096 2695 3149 altare
2724 3096 3014 3151 demolitus
3051 3103 3155 3151 est.
3188 3096 3328 3161 Quid
3356 3095 3504 3149 enim
3543 3095 3696 3151 illum

431 3185 560 3238 λων·
601 3182 711 3238 ἀπὸ
751 3180 1069 3253 προφητῶν,
1114 3177 1213 3231 οὐκ
1261 3179 1565 3232 ἐπίστευον.
1622 3176 1755 3229 Ἀπὸ
1796 3176 1904 3229 τῶν
1949 3176 2008 3228 ὅ-

433 3275 581 3328 πλων
603 3272 695 3328 οὖν
719 3272 827 3326 τῶν
865 3269 1138 3340 πολεμίων
1171 3269 1309 3323 αὐτὰ
1352 3266 1683 3339 ἐχειρώσατο
1701 3283 1716 3298 ·
1746 3267 1842 3322 καὶ
1883 3267 2009 3320 τοῦ-

431 3388 495 3423 το
520 3370 665 3422 ἐστιν
694 3366 724 3419 ὃ
747 3364 924 3433 λέγει·
955 3361 1284 3432 Ἐγενόμην
1308 3359 1446 3426 τοῖς
1486 3361 1733 3430 ἀνόμοις
1761 3361 1843 3426 ὡς
1871 3361 2011 3413 ἀνο-

429 3478 563 3532 μος.
605 3453 728 3511 Εἷδε
759 3456 852 3508 τδν
887 3454 1091 3525 βωμὸν,
1133 3452 1228 3506 καὶ
1259 3452 1555 3522 μετέστησε
1599 3452 1668 3504 τά
1708 3452 2013 3520 γράμματα

437 3553 569 3624 πρὸς
593 3549 781 3605 ἑαυτόν
799 3563 815 3580 ⁸
851 3547 1050 3620 μᾶλλον
1071 3546 1128 3600 δὲ
1157 3546 1217 3598 τὸ
1246 3543 1424 3614 νόημα
1456 3542 1659 3598 τούτων
1692 3544 2013 3613 μετέθηκεν.

449 3645 807 3713 Ἐγέγραπτο,
850 3639 1035 3709 φησὶν,
1085 3637 1142 3689 ἐν
1166 3635 1245 3705 τῷ
1277 3633 1474 3704 βωμῷ·
1508 3634 1824 3702 Ἀγνώστφ
1868 3631 2013 3698 Θεῷ.

437 3735 531 3798 Τίς
555 3734 611 3788 δὲ
641 3729 710 3804 ἦν
735 3732 891 3794 ἄλλος
918 3727 1283 3798 ἀγνοούμενος
1303 3726 1456 3787 Θεὸς,
1502 3723 1615 3777 ἀλλ’
1636 3724 1669 3795 ἢ
1693 3727 1721 3778 ὁ
1748 3725 2013 3793 Χριστός;

437 3826 503 3881 Τί
531 3824 663 3889 οὖν;
701 3825 751 3877 οι
775 3821 1051 3891 Ἀθηναῖοι
1094 3819 1184 3872 διὰ
1227 3817 1320 3870 τὸν
1350 3816 1586 3886 Χριστὸν
1615 3814 1861 3886 ἔγραψαν
1893 3816 2019 3867 τοῦ-

437 3934 533 3984 το;
568 3918 629 3971 Εί
672 3914 761 3969 διὰ
797 3914 889 3968 τὸν
908 3911 1141 3981 Χριστὸν
1170 3907 1438 3978 ἔγραψαν,
1476 3905 1578 3959 οὐκ
1614 3900 1682 3976 ἦν
1710 3903 1852 3957 οὕτω
1890 3904 2019 3957 θαυ-

442 4008 644 4079 μαστὸν
692 4008 752 4061 τὸ
804 4005 1137 4078 κατόρθωμα
1177 4003 1416 4056 Παύλου.
1474 3999 1614 4053 Ἀλλ’
1675 4000 1870 4053 ἐκεῖνοι
1922 3999 2021 4067 μὲν

436 4102 610 4164 ἄλλως
645 4097 892 4171 ἔγραψαν
915 4113 929 4128 ·
959 4090 1112 4159 οὗτος
1135 4094 1191 4148 δὲ
1223 4092 1440 4164 ἴσχυσεν
1469 4091 1645 4155 άλλως
1692 4089 1826 4144 αὐτὸ
1856 4105 2022 4159 μετα-ί

439 4195 645 4249 ϐαλεῖν.
705 4192 1025 4259 ’Δναγκαῖον
1076 4188 1134 4241 δὲ
1166 4187 1342 4240 εἰπεῖν
1383 4185 1528 4250 τίνος
1580 4184 1770 4239 ἐνεκεν
1822 4183 2023 4236 ἐκεῖνοι

440 4286 717 4355 ἔγραψαν·
795 4280 1109 4351 Ἀγνώστφ
1165 4276 1308 4343 Θεῷ.
1372 4275 1606 4339 Πολλοὺς
1665 4269 1811 4344 εἶχον
1867 4272 2025 4336 θεοὺς

440 4380 662 4441 ἐκεῖνοι,
703 4375 796 4429 καὶ
823 4372 1150 4444 ἐπιχωρίους
1184 4370 1278 4424 καὶ
1304 4367 1512 4434 ξένους.
1554 4365 1804 4429 ⁸Τούτους
1844 4365 2025 4419 τοίνυν

2116 3188 2297 3243 facere
2323 3186 2651 3257 oportebat?
2680 3186 2852 3240 Graeci
2876 3199 3069 3240 omnes
3100 3192 3257 3239 erant
3305 3185 3456 3254 impii
3492 3194 3550 3241 et
3580 3186 3696 3241 veri

2116 3280 2210 3336 Dei
2241 3280 2421 3336 cultus
2446 3286 2722 3348 expertes.
2751 3276 2810 3332 Si
2848 3277 2918 3332 ab
2948 3276 3259 3347 Evangeliis
3288 3285 3511 3347 sumpto
3534 3293 3697 3349 argu-

2113 3381 2302 3426 mento
2332 3369 2494 3424 verba
2527 3366 2595 3421 ad
2618 3381 2712 3422 eos
2746 3364 2988 3431 fecisset,
3012 3364 3335 3421 derisissent
3372 3383 3385 3420 :
3428 3369 3475 3422 si
3509 3383 3539 3420 a
3567 3382 3699 3437 pro-

2113 3463 2318 3533 phetis,
2356 3476 2466 3516 non
2495 3459 2878 3515 credidissent.
2913 3458 3093 3513 Armis
3113 3458 3277 3530 igitur
3307 3459 3549 3515 hostium
3576 3460 3699 3531 ipsa

2116 3569 2265 3610 arma
2306 3551 2560 3621 subegit;
2589 3559 2754 3618 atque
2782 3551 2882 3603 hoc
2916 3559 2999 3604 est
3034 3550 3179 3619 quod
3213 3550 3384 3605 dicit:
3427 3549 3530 3605 Fui
3571 3551 3700 3625 legis

2128 3644 2424 3713 expertibus
2452 3650 2501 3694 et
2555 3640 2731 3707 impiis
2772 3647 3026 3707 tanquam
3051 3639 3246 3708 impius
3275 3649 3325 3694 et
3345 3640 3469 3711 legis
3492 3656 3699 3697 exuere.

2123 3735 2266 3788 Vidit
2314 3733 2505 3797 altare,
2546 3740 2604 3784 et
2645 3730 2711 3782 ad
2763 3744 2922 3784 suum
2968 3743 3126 3782 usum
3160 3729 3364 3800 scripta
3412 3732 3698 3789 traduxit:

2121 3827 2231 3879 imo
2254 3838 2384 3881 vero
2426 3820 2754 3876 sententiam
2813 3819 3031 3873 illorum
3080 3818 3323 3874 traduxit
3349 3830 3406 3876 et
3453 3823 3695 3879 invertit.

2120 3917 2470 3985 inscriptum,
2519 3915 2717 3984 inquit,
2743 3913 2900 3967 altari
2932 3920 3052 3967 erat
3094 3950 3112 3976 ,
3170 3911 3356 3982 Ignoto
3390 3914 3520 3968 Deo.
3566 3915 3702 3982 Quis

2121 4017 2303 4063 autem
2331 4019 2446 4063 erat
2472 4006 2610 4060 alius
2633 4005 2777 4060 Deus
2806 4004 2896 4075 qui
2926 4003 3298 4074 ignorabatur.
3340 4014 3701 4074 praeterquam

2122 4098 2409 4153 Christus?
2456 4096 2601 4162 Quid
2662 4093 2871 4166 igitur?
2931 4108 2999 4147 an
3048 4092 3414 4149 Athenienses
3478 4102 3703 4165 propter

2123 4187 2401 4241 Christum
2442 4185 2776 4254 scripserant
2831 4182 2986 4237 hoc?
3037 4180 3093 4236 Si
3150 4190 3375 4252 propter
3424 4182 3700 4239 Christum

2128 4279 2497 4349 scripsissent,
2546 4291 2657 4330 non
2686 4276 2823 4329 adeo
2853 4273 3137 4328 mirandus
3164 4281 3313 4328 esset
3357 4272 3433 4328 rei
3467 4288 3498 4327 a
3530 4272 3703 4329 Paulo

2129 4371 2356 4440 incepta:
2386 4382 2612 4439 prosper
2640 4381 2949 4422 successus.
2989 4363 3186 4420 Verum
3239 4364 3312 4418 illi
3348 4364 3567 4434 quidem
3593 4365 3701 4420 ali-

440 4468 567 4528 τοὺς
629 4465 727 4535 μὲν
772 4462 927 4534 παρὰ
972 4460 1224 4531 μητέρων
1257 4455 1402 4529 εἶχον
1432 4454 1746 4527 δεξάμενοι·
1779 4455 1905 4518 τοὺς
1942 4453 2014 4520 δὲ,

2131 4470 2213 4517 ter
2240 4463 2602 4531 scripserant:
2633 4460 2722 4514 hic
2743 4474 2873 4513 vero
2903 4458 3084 4528 potuit
3112 4458 3373 4528 scriptum
3409 4457 3566 4512 aliter
3587 4466 3703 4513 tra-

445 4562 551 4620 inb
586 4560 693 4615 τῶν
728 4557 970 4629 πλησίων
1007 4555 1197 4609 ἐθνῶν.
1254 4553 1408 4607 Ἐπεὶ
1456 4553 1549 4607 οὖν
1594 4554 1696 4607 οὐκ
1747 4551 1808 4616 ἐξ
1849 4552 2025 4622 ἀρχῆς

444 4654 653 4716 πάντας
705 4650 972 4715 ἐδέξαντο,
1018 4646 1156 4700 ἀλλὰ
1201 4645 1344 4699 κατὰ
1394 4643 1589 4715 μικρὸν
1632 4642 2025 4714 εἰσηνέχθησαν

444 4746 647 4807 αὐτοῖς·
676 4741 727 4795 οἱ
759 4741 879 4811 μὲν,
933 4739 1027 4792 ἐπὶ
1058 4736 1168 4790 τῶν
1208 4736 1480 4807 πατέρων,
1527 4736 1578 4789 οἱ
1636 4736 1714 4801 δὲ,
1773 4737 1864 4787 ἐπὶ
1918 4733 2028 4787 τῶν

447 4838 711 4899 πάππων,
749 4834 800 4887 oi
824 4832 881 4886 δὲ
907 4831 1001 4884 ἐπὶ
1030 4829 1127 4897 τῆς
1169 4829 1360 4895 γενεᾶς
1383 4827 1478 4897 τῆς
1509 4824 1708 4891 αὐτῶν,
1742 4824 2026 4878 συνελθόν-

448 4945 536 4990 τες
573 4922 751 4991 ιῖπον,
780 4926 886 4989 ὅτι,
924 4922 1160 4991 ι”Ωσπερ
1228 4919 1450 4981 τούτους
1512 4917 1841 4986 ἠγνοοῦμεν,
1909 4912 2027 4968 εἶτα

452 5020 681 5091 ὕστερον
729 5017 931 5078 αὐτοὺς
967 5014 1366 5083 ἐγνωρίσαμεν,
1401 5010 1540 5063 οὕτω
1584 5008 1875 5078 συμϐαίνει
1931 5009 2030 5060 καὶ

449 5109 608 5163 ἄλλον
654 5103 793 5160 εἶναι
846 5102 1234 5173 ἀγνοούμενον,
1290 5100 1384 5153 καὶ
1432 5099 1560 5154 ὄντα
1620 5100 1718 5167 μὲν
1761 5099 1915 5164 Θεὸν,
1966 5098 2028 5150 οὒ

451 5198 849 5269 γνωριζόμενον
873 5196 931 5249 δέ
955 5194 1045 5262 ὑφ’
1073 5190 1253 5264 ἡμῶν.
1297 5190 1390 5246 καὶ
1441 5189 1530 5245 διὰ
1580 5190 1736 5245 τοῦτο
1777 5188 2030 5243 λανθάνει

454 5286 824 5358 ἀμελούμενος
854 5284 950 5338 καὶ
991 5282 1066 5351 μὴ
1114 5278 1571 5351 θεραπευόμενος.
1627 5280 1900 5350 Ἔστησαν
1937 5276 2032 5332 οὖν

454 5378 659 5451 βωμὸν,
701 5378 798 5430 καὶ
829 5371 1173 5443 ἐπέγραψαν·
1225 5368 1541 5441 Ἀτνὼστφ
1583 5369 1724 5434 Θεῷ·
1759 5369 1916 5423 τοῦτο
1946 5369 2036 5422 λέ-

452 5484 642 5539 γοντες
680 5466 772 5521 διὰ
789 5463 885 5522 τοῦ
914 5463 1260 5534 γράμματος,
1304 5461 1385 5516 ὅτι
1417 5461 1526 5514 Καὶ
1556 5460 1714 5533 ,εἴτις
1750 5461 1866 5513 ἐστὶ
1893 5460 2028 5524 Θεὸς

2128 4554 2328 4609 ducere
2353 4564 2515 4623 atque
2550 4551 2866 4606 immutare.
2900 4549 3140 4605 Necesse
3164 4557 3249 4603 est
3274 4557 3455 4604 autem
3492 4549 3700 4615 dicere,

2130 4643 2287 4712 cujus
2302 4643 2377 4696 rei
2399 4642 2567 4713 gratia
2587 4641 2662 4694 illi
2680 4640 3029 4712 scripserant,
3055 4638 3242 4711 Ignoto
3263 4639 3388 4696 Deo.
3406 4638 3604 4697 Multos
3626 4641 3704 4698 illi

2128 4735 2258 4790 deos
2274 4734 2543 4788 habebant
2560 4743 2673 4787 tum
2696 4733 2901 4802 patrios
2923 4742 3082 4802 atque
3096 4732 3449 4795 domesticos,
3462 4742 3576 4789 tum
3599 4733 3707 4790 bo-

2130 4827 2298 4896 spites
2318 4840 2381 4880 ac
2414 4824 2749 4896 peregrinos.
2767 4824 2877 4880 llos
2899 4824 3062 4895 igitur
3080 4824 3272 4895 partim
3294 4826 3511 4896 quidem
3533 4842 3563 4883 a
3589 4843 3706 4882 ma-

2128 4914 2303 4968 tribus
2318 4923 2571 4982 acceptos
2603 4911 2897 4979 habebant,
2918 4913 3113 4980 partim
3135 4927 3265 4968 vero
3289 4929 3319 4969 a
3344 4914 3585 4971 ﬁnitimis
3603 4931 3704 4970 na-

2132 5004 2388 5060 tionibus.
2411 5002 2679 5070 Quoniam
2695 5019 2825 5074 ergo
2852 5020 2963 5059 non
2991 5020 3183 5062 omnes
3212 5007 3282 5062 ab
3298 5007 3455 5063 initio
3474 5023 3705 5077 accepe-

2133 5106 2284 5161 runt,
2316 5098 2412 5152 sed
2435 5097 2695 5166 paulatim
2730 5097 2801 5150 ab
2830 5097 2898 5151 iis
2927 5097 3222 5155 introducti
3251 5108 3427 5162 erant,
3462 5099 3550 5153 alii
3579 5101 3705 5167 qui-

2133 5189 2255 5244 dem
2283 5198 2441 5244 :clate
2469 5198 2708 5260 patrum,
2757 5189 2847 5242 alii
2889 5204 3013 5245 vero
3047 5201 3291 5260 tempore
3334 5203 3583 5250 avorum,
3610 5188 3703 5241 alii

2133 5281 2378 5350 ipsorum
2415 5288 2597 5344 atate,
2646 5281 2957 5351 congregati
3007 5282 3269 5336 dixerunt
3298 5297 3315 5332 ι
3342 5279 3705 5344 Quemadmo-

2137 5374 2267 5429 dum
2292 5374 2829 5445 bosignorabamus,
2868 5374 3066 5430 deinde
3100 5381 3287 5443 postea
3325 5386 3421 5427 eos
3446 5373 3705 5443 cognovi-

2132 5481 2257 5521 mus
2286 5506 2301 5532 ,
2336 5466 2412 5520 ita
2460 5466 2712 5522 accidere
2743 5475 2924 5536 potest
2953 5472 3014 5525 ut
3042 5464 3208 5520 etiam
3231 5462 3374 5519 alius
3400 5462 3701 5536 ignoretur,

1601 5640 1800 5702 Variae
1838 5638 2143 5704 lectiones
2166 5648 2250 5706 et
2290 5647 2480 5704 notae.

529 5751 571 5783 ³³
600 5751 687 5806 τσ.
717 5747 1043 5818 ἀνέστησαν.
1119 5745 1162 5778 ⁸⁸
1195 5741 1323 5812 ἡμῖν
1354 5739 1440 5794 τσ.

786 5850 1057 5909 ΡΔΤιιοι..
1105 5845 1221 5903 Gn.
1267 5835 1505 5901 CXXV.

3299 5831 3380 5899 24
