4116 6216
410 315 515 379 747

1292 321 1869 385 THEOPHYLA'CTI
1910 324 2319 387 BULGARIAZ
2359 326 2714 388 ARCHIEP.

3534 328 3643 391 ’148

411 432 505 501 qul
540 432 685 487 Deus
709 430 924 500 quidem
967 431 1063 497 sit,
1108 432 1202 486 sed
1253 433 1410 489 nobis
1458 432 1789 506 incognitus,
1821 444 1878 490 et
1906 435 1976 490 id-

2088 437 2276 506 ἓτερος
2313 437 2677 505 ἀγνοούμενος
2732 437 2884 507 ἡμῖν,
2933 435 3181 489 κάκεῖνον
3230 435 3663 507 θεραπεύσομεν.

405 524 551 578 circo
586 534 690 577 nos
720 520 903 584 fallat,
941 520 1070 575 dum
1101 522 1394 593 negligitur
1421 532 1597 579 etnon
1614 526 1826 581 colitur.
1855 527 1980 582 Sta-

405 618 630 664 tuerunt
665 608 830 679 igitur
856 607 1028 663 altare
1063 618 1120 664 et
1143 611 1559 682 inscripserunt,
1589 613 1791 687 Ignoto
1826 617 1986 689 136

407 700 515 756 Deo
543 702 688 755 :ltoc
735 699 945 770 scripto
996 700 1089 756 illo
1145 702 1554 774 signiﬁcantes:
1601 705 1822 763 Etiamsi
1859 709 1983 778 quis

405 796 545 850 alius
564 803 643 848 est
675 792 818 847 Deus
845 795 1007 849 nobis
1038 794 1368 868 incognitus,
1396 799 1548 854 illum
1585 816 1803 870 quoque
1832 802 1980 857 cole.

404 899 547 940 mus.
586 883 984 953 Animadverte
1023 884 1352 941 immensum
1380 896 1436 942 et
1468 890 1826 945 excellentem
1870 891 1975 945 οεο-

404 988 627 1028 monum
673 981 902 1029 metunt.
930 973 1138 1029 idcirco
1168 975 1369 1032 Paulus
1406 978 1664 1034 dicebat:
1699 980 1764 1033 In
1805 982 1981 1035 omni-

405 1074 498 1120 bus
525 1066 633 1136 fere
672 1065 744 1119 ad
774 1064 1011 1119 timorem
1057 1067 1350 1122 dwmoaum
1377 1072 1736 1141 propensiores
1763 1088 1850 1125 vos
1875 1089 1983 1128 esse

403 1159 573 1224 rideo,
610 1158 716 1212 ltoc
749 1167 855 1224 est,
905 1158 1277 1229 religiosiores.
1307 1159 1424 1215 Non
1454 1161 1600 1215 enim
1639 1163 1792 1219 vobis
1823 1172 1982 1220 notos

406 1250 682 1305 daemones
707 1249 854 1305 solos
882 1250 1081 1313 colitis,
1118 1266 1310 1306 verum
1355 1251 1516 1306 etiam
1560 1254 1714 1309 vobis
1740 1257 1981 1311 nondum

404 1351 584 1399 notos.
632 1343 819 1413 itaque
841 1358 966 1397 cum
1017 1345 1262 1413 captiose
1310 1346 1636 1402 sententiam
1675 1349 1864 1404 altaris
1895 1351 1979 1405 itt-

405 1432 723 1501 scriptionis
768 1432 1163 1503 interpretatus
1188 1443 1358 1499 esset,
1405 1438 1980 1494 accommodaviteam

406 1525 470 1578 ad
501 1523 801 1578 Christum.
838 1522 1000 1589 Quem
1030 1526 1166 1578 enim
1191 1526 1491 1594 ignorantes
1518 1544 1606 1582 vos
1630 1530 1818 1595 colitis,
1847 1532 1983 1586 hunc

404 1631 497 1686 ego
527 1616 783 1670 annuntio
810 1616 969 1670 wbis.
1007 1616 1101 1671 liis
1130 1618 1310 1673 verbis
1336 1618 1486 1673 illum
1509 1633 1668 1675 erant
1700 1623 1981 1678 insimula-

408 1711 513 1766 turi
545 1710 911 1765 Athenienses
931 1727 953 1762 τ
983 1708 1185 1763 Novam
1212 1721 1379 1781 atque
1406 1713 1747 1783 pcregrinam
1779 1715 1982 1771 doctri-

2090 531 2229 600 Ὅρα
2275 529 2582 602 ὑπερϐολὴν
2612 528 3056 600 δεισιδαιμονίας.
3108 528 3208 581 Διά
3256 529 3414 583 τοῦτο
3455 532 3484 584 ό
3514 532 3664 587 Παῦ-

2084 622 2175 686 λος
2226 622 2352 693 ἓφη·
2398 622 2563 677 Κατὰ
2621 622 2818 676 πάντα
2874 622 2953 688 ὡς
3006 621 3667 693 δεισιδαιμονεστέρους

2082 712 2238 782 ὑμᾶς
2294 712 2508 783 θεωρῶ,
2565 712 2687 767 ἀντὶ
2728 712 2842 777 τοῦ,
2906 713 3413 781 εὐλαϐεστέρους·
3444 715 3505 768 οὐ
3555 716 3664 786 γὰρ

2081 804 2211 867 τούς
2266 805 2581 875 γνωρίμους
2628 804 2758 873 ὑμῖν
2794 804 3056 873 δαίμονας
3103 804 3435 876 θεραπεύετε
3477 808 3659 877 μόνον,

2083 895 2218 948 ἀλλά
2245 896 2340 949 καὶ
2368 897 2493 958 τοὺς
2524 895 2676 950 οὔπω
2701 896 3103 967 γνωρισθέντας
3125 898 3276 967 ὑμῖν.
3304 899 3416 952 Καὶ
3458 902 3660 969 αἰχμα-

2081 986 2313 1050 λωτίσας
2340 985 2401 1038 τὸ
2433 985 2631 1054 νόημα,
2660 985 2960 1054 ἐπέστησεν
2990 986 3121 1039 αὐτὸ
3164 986 3261 1039 ἐπὶ
3292 986 3385 1039 τὸν
3408 987 3659 1058 Χριστόν.

2087 1079 2198 1129 Ὃν
2264 1075 2375 1145 γὰρ
2434 1075 2799 1146 ἀγνοοῦντες
2851 1077 3152 1132 εὐσεϐεῖτε
3197 1077 3388 1147 ὑμεῖς,
3450 1079 3666 1133 τοῦτον

2080 1168 2195 1238 ἐγὼ
2220 1166 2606 1238 καταγγέλλω
2641 1167 2802 1236 ὑμῖν.
2857 1168 3122 1237 Ἔμελλον
3177 1172 3352 1222 ταῦτα
3410 1167 3666 1236 ἐγκαλεῖν

2094 1261 2389 1330 Ἀθηναῖοι,
2468 1260 2574 1327 ὅτι,
2661 1259 2947 1325 Ξενίζοντα
3051 1259 3293 1329 δόγματα
3367 1260 3662 1332 εἰσφέρεις·

2080 1349 2183 1414 ὅτι,
2259 1349 2392 1403 Θεδν
2465 1349 2525 1402 ὃν
2576 1350 2674 1403 οὐκ
2724 1348 2903 1418 ἴσμεν,
2974 1349 3268 1420 εἰσφέρεις.
3332 1350 3665 1421 Βουλόμενος

2080 1437 2176 1494 οῦν
2272 1440 2651 1510 ἀπαλλαγῆναι
2748 1439 2849 1508 τῆς
2916 1439 3151 1509 ὑποψίας
3256 1441 3350 1495 καὶ
3456 1442 3665 1507 διδάξαι

2080 1530 2162 1583 ὅτι
2213 1531 2276 1582 ού
2329 1530 2480 1594 ξένον
2516 1530 2779 1600 κηρύττει
2823 1529 2977 1593 Θεὸν,
3016 1531 3129 1583 ἀλλ’
3191 1530 3251 1584 ὃν
3298 1531 3665 1601 προλαϐόντες

2081 1620 2235 1673 αὐτοὶ
2263 1619 2351 1674 διὰ
2379 1620 2477 1690 τῆς
2509 1619 2805 1690 θεραπείας
2849 1620 3138 1689 ἐτίμησαν,
3172 1620 3362 1691 ’Υμεῖς
3409 1639 3477 1690 με
3533 1639 3665 1691 προ-

2083 1709 2325 1774 ελάόετε,
2358 1711 2541 1781 φησὶν,
2585 1710 2819 1779 ἔφθασεν
2855 1710 3009 1781 ὑμῶν
3051 1713 3086 1783 ἡ
3126 1711 3393 1782 θεραπεία
3435 1711 3497 1766 τὸ
3532 1713 3662 1784 ἐμὶν

405 1815 530 1855 nam
562 1799 883 1864 introducis,
917 1798 1084 1856 Deum
1116 1817 1278 1871 quem
1311 1803 1625 1874 ignoramus
1653 1804 1975 1863 introducis.

2082 1803 2366 1872 κήρυγμα·
2416 1802 2606 1856 τοῦτον
2633 1803 2743 1874 γὰρ
2779 1801 3151 1882 καταγγέλλω.
3188 1804 3247 1856 δν
3291 1803 3449 1873 ὑμεῖς
3493 1805 3662 1873 ἀγνοο

405 1893 542 1949 Gum
574 1893 738 1962 igitur
776 1891 941 1947 vellet
971 1892 1186 1949 liberari
1215 1896 1530 1965 suspicione
1575 1909 1739 1967 atque
1783 1900 1981 1955 docere

406 1999 465 2038 se
491 1998 601 2038 non
632 1984 980 2056 peregrinum
1014 1986 1181 2041 lleum
1210 1986 1529 2056 praedicare,
1559 1990 1653 2044 sed
1678 2005 1841 2060 quem
1878 1992 1977 2063 ipsi

407 2088 566 2130 antea
595 2076 826 2132 colendo
858 2078 1242 2145 honorassent,
1267 2077 1397 2143 Vos,
1441 2080 1637 2150 inquit,
1667 2097 1753 2137 me
1778 2099 1981 2154 preve-

405 2165 586 2229 nistis,
626 2175 812 2222 vester
837 2168 1018 2224 cultus
1055 2183 1189 2224 meae
1239 2170 1611 2239 praedicationi
1647 2177 1978 2232 antevertit:

407 2259 552 2314 ltunc
589 2259 737 2314 enim
783 2260 1071 2323 annuntio,
1112 2276 1274 2331 quem
1305 2277 1406 2318 vos
1432 2262 1747 2334 ignorantes
1781 2266 1977 2323 colitis.

404 2348 546 2404 Deus
585 2351 675 2419 qui
699 2348 821 2419 feeit
874 2350 1148 2406 mundum.
1194 2349 1375 2407 Unum
1405 2352 1631 2409 verbum
1666 2356 1982 2426 prolocutus

402 2450 508 2506 est,
534 2457 642 2512 quo
672 2442 852 2498 omnia
884 2442 1337 2513 philosophorum
1368 2444 1621 2516 dogmata
1650 2454 1818 2518 atque
1849 2463 1981 2504 sen-

408 2534 607 2590 tentias
638 2535 927 2591 subvertit.
964 2533 1098 2590 Nam
1124 2536 1381 2604 Epicurei
1409 2538 1630 2608 quidem
1663 2554 1754 2595 res
1783 2538 1981 2595 fortui-

403 2633 490 2683 tas
512 2640 633 2681 esse
677 2625 853 2690 aiunt,
884 2636 940 2681 et
971 2640 1038 2681 ex
1061 2628 1280 2693 atomis,
1309 2627 1414 2684 hoc
1444 2638 1548 2694 est,
1587 2644 1653 2686 ex
1683 2631 1982 2688 individuis

402 2718 744 2789 corpusculis
774 2718 915 2775 effici
946 2737 962 2775 :
988 2719 1082 2776 ltic
1102 2735 1234 2775 vero
1283 2721 1379 2776 Dei
1403 2736 1542 2792 opus
1572 2725 1833 2779 mundum
1859 2740 1982 2781 esse

403 2811 497 2876 ait,
533 2818 590 2866 ct
630 2810 812 2867 omnia
862 2826 986 2883 quae
1031 2822 1164 2867 sunt
1208 2813 1263 2868 in
1296 2828 1385 2869 eo.
1432 2814 1551 2870 Non
1577 2817 1635 2870 in
1665 2819 1981 2889 manufacﬁa

408 2903 615 2971 templis
662 2905 887 2960 habitat.
934 2903 1013 2960 Ne
1060 2903 1442 2962 existimarent
1492 2923 1660 2962 unum
1686 2908 1754 2963 de
1791 2910 1978 2965 multis

408 3011 530 3052 esse
572 2997 763 3061 Deum,
798 2999 892 3071 qui
937 2999 1007 3053 ab
1033 3013 1100 3054 eo
1140 2998 1563 3068 praedicabatur,
1594 3001 1738 3070 quod
1766 3001 1981 3058 dixerat

404 3086 648 3155 corrigit,
682 3089 1041 3157 subjuugcns,
1064 3087 1186 3142 Non
1224 3089 1277 3141 in
1311 3090 1629 3159 mannfactis
1658 3091 1862 3159 templis
1882 3093 1976 3145 Ιια-

2081 1891 2264 1956 οῦντες
2312 1893 2671 1964 Θεραπεύετε.
2734 1894 2790 1947 '0
2822 1893 2967 1958 Θεὸς
2988 1888 3252 1960 ποιήσας
3277 1896 3386 1947 τὸν
3406 1896 3658 1963 κόσμον,

2083 1983 2215 2051 μίαν
2255 1983 2439 2054 φωνὴν
2486 1982 2810 2053 ἐφθέγξατο,
2868 1982 2936 2036 δι’
2965 1978 3030 2055 ἦς
3092 1984 3267 2037 πάντα
3327 1983 3659 2053 κατέστρεψε

2077 2074 2146 2130 τὰ
2167 2076 2274 2130 τῶν
2300 2076 2625 2146 φιλοσόφων.
2659 2077 2725 2130 Οἱ
2754 2075 2851 2146 μὲν
2890 2076 3001 2145 γὰρ
3043 2074 3379 2147 Ἑπικούριοι
3425 2078 3468 2109 ⁸⁸
3505 2075 3661 2128 αύτόο

2083 2169 2230 2239 ματά
2265 2185 2399 2237 φασι
2448 2168 2544 2221 καὶ
2571 2167 2678 2220 ἀπὸ
2717 2167 2959 2236 ἀτόμων·
3002 2160 3157 2229 οὗτος
3201 2166 3279 2231 δὲ,
3324 2165 3486 2238 ἔργον
3524 2164 3661 2235 φησι

2078 2261 2216 2316 Θεοῦ
2255 2262 2345 2315 τὸν
2373 2261 2576 2331 κόσμον
2609 2260 2704 2314 καὶ
2755 2260 2828 2313 τὰ
2873 2262 2933 2313 ἑν
2981 2259 3129 2328 αὐτῷ
3178 2260 3375 2314 πάντα.
3431 2261 3554 2314 οὐκ
3589 2259 3661 2312 ἐν

2079 2352 2512 2423 χειροποιήτοις
2538 2352 2709 2418 ναοῖς
2746 2352 3027 2407 κατοικεῖ.
3074 2351 3194 2407 Ἵνα
3239 2353 3314 2422 μὴ
3367 2351 3660 2421 νομίσωσιν

2077 2430 2306 2499 ἒνα’τῶν
2342 2443 2552 2497 πολλῶν
2580 2440 2718 2498 εἶναι
2760 2443 2894 2497 Θεὸν
2926 2443 3018 2497 τὸν
3048 2442 3140 2496 ὑπ’
3187 2441 3353 2496 αὑτοῦ
3394 2443 3659 2513 κηρυττό-

2081 2552 2263 2607 μενον,
2292 2535 2599 2607 διορθοῦται
2635 2536 2879 2604 ὲπάγων·
2928 2536 3048 2589 οὐκ
3100 2533 3172 2587 ἐν
3225 2533 3661 2602 χειροποιήτοις

2077 2627 2248 2694 ναοῖς
2270 2626 2554 2694 κατοικεῖ,
2593 2625 2710 2680 ἀλλ’
2738 2627 2797 2680 ὲν
2841 2625 3156 2697 ἀνθρωπίνῃ
3195 2626 3363 2697 ψυχῇ.
3417 2626 3482 2679 Τί
3523 2624 3656 2695 οῦνς

2077 2720 2156 2773 Οὐ
2186 2719 2426 2788 κατῴκει
2459 2721 2516 2771 ἐν
2541 2717 2620 2789 τῷ
2650 2717 2763 2785 ναῷ
2791 2718 2900 2772 τῶν
2944 2718 3364 2789 Ἱεροσολύμωνς
3396 2720 3469 2772 0-3
3500 2718 3654 2791 δῆτα,

2077 2809 2191 2864 ἀλλ’
2245 2810 2490 2880 ἐνήργει.
2547 2809 2671 2872 Πῶς
2718 2804 2813 2864 οὖν
2868 2810 3237 2880 ἑθεραπεύετο
3301 2812 3406 2864 ὑπὸ
3458 2814 3658 2885 χειρῶν

2078 2901 2382 2975 ἀνθρώπων
2444 2901 2598 2974 παρὰ
2628 2901 2933 2969 Ἰουδαίοις;
2966 2902 3078 2973 Ούχ
3116 2903 3221 2956 ὑπὸ
3276 2904 3495 2974 χειρῶν,
3540 2905 3657 2959 ἀλλ’

2079 2993 2183 3047 ὑπὸ
2231 2994 2491 3059 διανοίας·
2551 2993 2674 3048 ἐπεὶ
2726 2995 2909 3048 ἐκεῖνα
2967 2994 3069 3050 οὐκ
3116 2995 3300 3066 ἐζήτει
3356 2989 3512 3061 οὗτος
3580 2999 3656 3062 ὡς

2078 3085 2496 3155 προσδεόμενος.
2534 3085 2630 3152 Μὴ
2670 3084 2931 3156 φάγομαι
2979 3085 3126 3154 κρέα
3176 3087 3448 3154 euripum;
3498 3088 3653 3157 φησι,

404 3177 557 3239 bitat,
599 3177 696 3231 sed
725 3178 780 3230 in
823 3178 1009 3230 animo
1047 3176 1307 3231 humano.
1342 3175 1483 3241 Quid
1543 3177 1746 3249 igitur?
1794 3195 1975 3235 annon

2079 3172 2173 3224 καὶ
2218 3172 2288 3224 τὰ
2346 3160 2497 3241 ἑξῆς.
2526 3201 2597 3214 -
2617 3173 2717 3240 Μὴ
2788 3174 3230 3245 προσδεόμενός
3269 3192 3431 3242 τινος
3473 3178 3657 3244 αὐτὸς

403 3266 684 3323 habitabat
726 3267 783 3321 in
815 3267 1020 3336 templo
1049 3263 1554 3337 Jerosoiymorum?
1601 3266 1972 3339 Nequaquam,

404 3356 500 3412 sed
527 3355 858 3425 operabatur
886 3368 952 3409 ac
977 3356 1085 3409 vim
1105 3368 1260 3409 suam
1287 3354 1598 3422 exercebat,
1627 3366 1681 3412 et
1706 3357 1760 3411 in
1792 3367 1973 3413 actum

404 3447 734 3518 proferebat.
762 3446 866 3513 Qui
893 3445 1057 3515 igitur
1085 3444 1337 3501 manibus
1363 3444 1646 3501 hominum
1693 3448 1976 3504 colebatur

404 3542 545 3609 apud
561 3536 818 3593 Judaaos?
864 3536 984 3592 Non
1016 3535 1288 3602 manibus,
1319 3538 1414 3593 sed
1444 3545 1627 3593 mente
1658 3556 1673 3593 :
1714 3541 1972 3610 quoniam

406 3631 495 3684 illa
530 3629 623 3685 hic
655 3644 766 3684 non
792 3628 1139 3684 desiderabat
1164 3629 1317 3699 quasi
1346 3629 1577 3699 alicujus
1600 3630 1676 3685 rei
1718 3646 1922 3703 egenus
1955 3650 1970 3687 :

404 3722 545 3778 Num
575 3738 767 3789 uescar,
788 3721 984 3792 inquit,
999 3720 1246 3776 carnibus
1267 3720 1700 3777 taurorumietc.
1724 3752 1791 3764 -—
1819 3722 1973 3779 Nulla

405 3829 462 3868 re
492 3811 750 3883 indigens,
783 3827 901 3865 cum
927 3811 1037 3880 ipse
1065 3811 1155 3864 det
1179 3810 1417 3864 omnibus
1446 3811 1611 3865 vitam
1636 3822 1686 3866 et
1726 3813 1970 3869 halitum.

404 3904 523 3961 Duo
553 3904 706 3974 ponit
730 3903 946 3960 deitatis
995 3911 1140 3959 certa
1173 3910 1511 3973 argumenta,
1538 3902 1799 3958 nimirum
1827 3905 1973 3975 quod

405 4006 460 4052 ct
492 3999 606 4068 ipse
641 3996 796 4052 nulla
837 4011 896 4051 re
927 3994 1187 4068 indigeat,
1234 4003 1292 4050 et
1326 3994 1580 4051 omnibus
1620 3996 1801 4051 omnia
1838 4012 1975 4067 prte-

404 4089 549 4144 beat.
592 4086 736 4144 Ecce
787 4093 971 4143 autem
1022 4086 1182 4157 etiam
1208 4085 1404 4142 anima:
1442 4086 1593 4141 illum
1633 4088 1971 4144 conditorem

405 4180 556 4245 facit,
595 4194 707 4234 non
756 4178 1083 4249 genitorem.
1122 4176 1476 4246 lie/inivitque
1503 4194 1568 4230 ac
1609 4180 1798 4233 statuit
1837 4189 1970 4233 tem-

401 4287 534 4341 pora
562 4279 713 4325 certa
747 4279 905 4340 atque
934 4269 1270 4339 prmeripta.
1315 4267 1571 4325 Deﬁnivit
1608 4286 1673 4323 ac
1725 4272 1975 4340 prescri-

407 4363 515 4433 psit
558 4373 620 4417 ut
664 4369 971 4431 quaererent
1004 4360 1210 4416 Deum:
1252 4375 1439 4416 verum
1474 4377 1583 4416 non
1619 4376 1831 4429 semper
1870 4347 1974 4418 hoc

402 4452 754 4524 praescripsit.
781 4451 875 4508 sed
907 4451 1070 4508 certis
1110 4462 1273 4523 atque
1302 4453 1635 4523 praescriptis
1662 4462 1968 4524 temporum

402 4543 890 4604 vicissitudinibus.
912 4543 1207 4599 ostendens
1226 4556 1322 4597 eos
1345 4557 1512 4609 nunc,
1531 4558 1655 4598 cum
1681 4559 1787 4597 non
1818 4559 1970 4613 quaa-

400 4632 681 4697 sivissettt,
716 4632 1018 4686 invenisse.
1049 4630 1319 4696 Quoniam
1366 4632 1511 4686 enim
1542 4634 1830 4704 quaesitum
1857 4649 1968 4688 non

403 4726 745 4788 invenerant,
774 4726 1012 4782 ostendit
1038 4725 1191 4780 illum
1217 4726 1292 4779 ita
1315 4724 1485 4781 fuisse
1513 4728 1881 4794 manifestum,
1911 4738 1972 4783 ut

402 4820 447 4875 si
472 4819 651 4888 aliqua
676 4832 762 4873 res
788 4818 842 4872 in
867 4817 1047 4872 medio
1063 4817 1239 4887 posita
1263 4826 1651 4875 centrectetur.
1681 4817 1800 4873 Non
1826 4820 1969 4875 enim

403 4910 493 4966 hic
534 4906 756 4979 quidem
801 4907 999 4964 caelum
1040 4915 1179 4974 erat,
1214 4907 1340 4963 alibi
1383 4917 1567 4964 autem
1599 4924 1711 4963 non
1745 4928 1759 4962 :
1794 4925 1971 4980 neque

365 4998 456 5059 'in
486 5003 588 5078 hoc
613 5000 833 5072 quidem
876 5011 1118 5067 tempore
1145 5007 1283 5067 erat,
1317 4999 1371 5053 in
1396 5000 1504 5055 alio
1531 5016 1662 5056 vero
1703 4984 1837 5056 non.
1865 5001 1973 5055 Ita-

398 5111 506 5167 que
533 5103 588 5149 ct
617 5095 670 5149 in
705 5091 857 5148 omni
889 5100 1154 5162 tempore,
1195 5099 1252 5146 ct
1282 5088 1340 5144 in
1364 5090 1514 5145 omni
1547 5090 1782 5146 termino
1810 5106 1874 5147 ac
1909 5086 1987 5147 li-'

399 5188 533 5242 mite
575 5192 788 5256 poterat
819 5181 1055 5239 inveniri
1087 5200 1101 5237 :
1140 5181 1213 5236 ita
1243 5196 1356 5237 rem
1401 5180 1666 5252 disposuit
1707 5189 1763 5235 et
1794 5181 1995 5239 admi-.

399 5277 671 5342 nistravit,
708 5282 770 5332 ut
802 5286 984 5344 neque
1014 5271 1132 5327 loco
1160 5286 1335 5343 neque
1375 5279 1622 5342 tempore
1645 5272 1967 5343 prohibere-

400 5378 511 5424 tur.
546 5367 660 5423 lloc
689 5367 836 5423 enim
880 5365 1059 5436 ipsum
1088 5363 1325 5420 maxime
1356 5376 1453 5419 eos
1485 5363 1797 5435 adjuvabat,
1819 5364 1964 5434 quod

287 5458 290 5462 “
401 5460 604 5528 ubique
631 5459 833 5514 caelum
866 5465 975 5522 est,
1005 5465 1062 5511 et
1089 5454 1237 5524 quod
1271 5454 1327 5509 in
1373 5453 1525 5508 omni
1562 5462 1806 5524 tempore
1833 5462 1962 5513 stat.

2074 3261 2278 3328 διδοὺς
2340 3262 2493 3320 πᾶσι
2544 3261 2701 3332 ζωὴν
2759 3264 2858 3318 καὶ
2923 3267 3143 3336 πνοήν.
3212 3267 3317 3321 Δύο
3380 3271 3655 3340 τεκμήρια

2074 3353 2357 3424 θεότητος,
2411 3355 2473 3407 τὸ
2520 3354 2683 3409 αὐτόν
2730 3373 2791 3409 τε
2847 3353 3070 3428 μηδενὸς
3120 3358 3348 3426 δεῖσθαι,
3379 3362 3472 3414 καὶ
3520 3364 3655 3415 πᾶσι

2075 3444 2252 3498 πάντα
2277 3446 2558 3516 παρέχειν.
2604 3447 2735 3502 Ἰδοὺ
2774 3448 2952 3502 δὲκαὶ
2994 3452 3092 3520 τῆς
3128 3450 3306 3523 ψυχῆς
3355 3453 3520 3508 αὐτὸν
3563 3455 3656 3525 δη-

2077 3537 2339 3609 μιουργὸν
2397 3540 2562 3605 ποιεῖ,
2622 3540 2685 3592 ού
2742 3541 3061 3612 γεννήτορα.
3141 3543 3384 3611 Ὀρίσας
3465 3559 3656 3614 προσ-

2074 3629 2470 3698 τεταγμένους
2515 3632 2775 3700 καίρούς.
2827 3632 3016 3702 Ὦρισε
3047 3634 3279 3707 ζητῆσαι
3340 3638 3433 3693 τὸν
3486 3639 3661 3715 Θεὸν·

2072 3718 2190 3772 ἀλλ’
2235 3720 2296 3772 οὐ
2340 3719 2634 3784 διαπαντὸς
2693 3721 2853 3776 τοῦτο
2913 3721 3136 3794 ὥρισεν,
3193 3725 3332 3780 ἀλλά
3367 3728 3411 3759 ⁸⁸
3483 3744 3655 3798 προσ-

2073 3814 2443 3884 τεταγμένους
2472 3816 2945 3886 καιρούς·δεικνὺς
2960 3819 3041 3872 ὃτι
3069 3819 3163 3873 νῦν
3187 3822 3307 3893 οὐχὶ
3321 3821 3655 3896 ζητήσαντες

2073 3896 2265 3975 εὖρον·
2364 3906 2551 3979 ἐπειδὴ
2626 3908 2734 3980 γὰρ
2827 3908 3165 3981 ζητήσαντες
3273 3916 3373 3985 οὐχ
3470 3910 3650 3989 εὗρον,

2071 3994 2343 4050 δείκνυσιν
2419 3998 2501 4051 ὅτι
2601 3998 2776 4063 οὕτως
2833 3996 2903 4071 ἧν
2981 4005 3231 4074 φανερῶς
3280 4005 3322 4038 ’⁷
3374 4046 3391 4073 ,
3463 4007 3654 4079 ὥσπερ

2072 4088 2139 4174 ἀν
2159 4091 2237 4152 είς
2271 4091 2434 4159 μέσον
2461 4107 2516 4145 τι
2538 4091 2958 4163 ψηλαφώμενος.
3011 4097 3087 4150 Οὐ
3113 4097 3222 4170 γὰρ
3269 4100 3505 4156 ἐνταῦθα
3551 4105 3654 4174 μὲν

2069 4173 2139 4249 ἦν
2176 4180 2421 4251 οὐρανὸς,
2459 4183 2690 4254 ἀλλαχοῦ
2736 4185 2791 4238 δὲ
2823 4185 2904 4239 οῦ·
2951 4186 3069 4241 οὐδὲ
3117 4191 3175 4241 ὲν
3215 4193 3390 4262 τούτῳ
3436 4173 3655 4265 μὲνὴ»

2070 4270 2150 4340 τῷ
2181 4272 2378 4344 χρόνῳ,
2407 4274 2552 4344 ἄλλῳ
2577 4274 2634 4328 δὲ
2654 4274 2738 4330 οῦ.
2767 4277 2930 4331 Ὥστε
2958 4281 3052 4333 καὶ
3081 4281 3223 4335 κατά
3256 4283 3429 4337 πάντα
3457 4287 3653 4357 καιρὸν

2072 4363 2167 4414 καὶ⁵
2203 4365 2345 4418 κατὰ
2391 4366 2570 4418 πᾶσαν
2618 4367 2900 4438 ὁροθεσίαν
2951 4370 3175 4425 δυνατὸν
3223 4374 3403 4444 εύρεῖν
3455 4378 3647 4431 αὐτόν·

2074 4451 2245 4514 οὕτως
2293 4452 2663 4526 ᾠκονόμησεν,
2730 4458 2871 4512 ὥστε
2937 4462 3075 4532 μήτε
3143 4465 3294 4536 τόπῳ
3349 4466 3652 4522 κωλύεσθαι

2076 4546 2213 4614 μήτε
2241 4549 2437 4618 χρόνῳ.
2488 4550 2629 4604 Αὐτὸ
2666 4551 2776 4623 γὰρ
2820 4554 2980 4609 τοῦτο
3036 4557 3269 4627 μάλιστα
3300 4563 3484 4626 αὐτοῖς
3527 4579 3653 4616 συν-

2066 4633 2322 4689 εὸἀλλετο
2349 4636 2410 4690 τὸ
2439 4641 2716 4710 πανταχοῦ
2755 4639 2893 4697 εἶναι
2936 4646 3029 4701 τὸν
3071 4649 3320 4719 οὐρανὸν,
3355 4653 3453 4705 καῖ
3489 4654 3551 4707 τὸ
3592 4655 3651 4706 ἐν

2068 4727 2230 4780 παντὶ
2286 4730 2461 4800 χρόνῳ
2506 4730 2747 4787 ἑστάναι.
2806 4734 2994 4800 Οὕτως
3044 4739 3213 4808 ἐγγύς
3259 4742 3398 4808 ἐστι,
3457 4747 3645 4814 φησὶν,

2066 4816 2141 4879 ὡς
2190 4821 2361 4890 χωρὶς
2416 4823 2581 4876 αὐτοῦ
2637 4824 2713 4897 μὴ
2757 4825 2878 4898 ζῇν.
2934 4830 3041 4885 Ἐν
3087 4831 3248 4898 αὐτῷ
3300 4835 3411 4903 ⁴γὰρ
3462 4836 3649 4907 ζῶμεν

2069 4910 2170 4965 καὶ
2205 4915 2526 4984 κινούμεθα
2572 4918 2670 4970 καὶ
2729 4919 2936 4988 ἐσμέν.
2987 4921 3199 4994 Ὥσπερ
3249 4927 3309 4979 ἐν
3350 4929 3648 5000 σωματικῷ

2069 5000 2427 5074 ὑποδείγματι
2452 5006 2495 5040 ’⁸
2551 5007 2812 5065 ἀδύνατον
2865 5011 3130 5083 ἀγνοῆσαι
3185 5016 3327 5087 ἀέρα
3367 5020 3643 5090 πανταχοῦ

2067 5095 2385 5164 κεχυμένον,
2428 5098 2525 5151 καὶ
2554 5101 2616 5154 ού
2648 5102 2866 5172 μακρὰν
2897 5104 3005 5158 ἀπὸ
3048 5105 3169 5170 ἑνὸς
3215 5109 3447 5163 ἑκάστου
3487 5111 3644 5181 ἡμῶν

2066 5185 2399 5259 ὑπάρχοντα,
2431 5190 2632 5261 μᾶλλον
2658 5193 2715 5247 δὲ
2744 5195 2838 5249 καὶ
2875 5197 2931 5251 ὲν
2970 5198 3102 5268 ἡμῖν
3155 5199 3303 5256 ὅντα.
3363 5201 3475 5275 Τὴν
3512 5205 3645 5274 πρόρ

2062 5294 2211 5331 νοιαν
2251 5280 2416 5334 αὑτοῦ
2449 5281 2604 5352 ⁴λέγει
2652 5286 2745 5339 καὶ
2795 5286 2893 5356 τὴν
2946 5290 3333 5363 συγκρότησιν,
3389 5295 3453 5348 τὸ
3500 5291 3643 5350 εἶναι

2071 5366 2203 5437 παρ’
2228 5368 2416 5434 αὑτοῦ,
2447 5371 2511 5424 τδ
2536 5373 2801 5443 ἐνεργεῖν,
2831 5375 2892 5429 τὸ
2919 5377 2994 5449 μὴ
3021 5380 3339 5437 ἀπολέσθαι.
3412 5385 3509 5450 Ὠς
3540 5388 3645 5441 καί

2073 5472 2234 5524 τινες
2325 5458 2446 5514 τῶν
2483 5462 2652 5518 κνκαθ’
2723 5463 2880 5535 ὑμᾶς
2964 5469 3227 5538 ποιητῶν
3300 5473 3639 5545 εἰρήκασιν.

1566 5565 1769 5629 Varias
1797 5566 2105 5632 lectiones
2150 5578 2213 5632 et
2254 5578 2444 5635 notae.

474 5670 517 5738 ’ξ
548 5669 637 5722 τσ.
666 5666 1051 5738 Ἐπικούρειοι.
1093 5736 1107 5738 _
1146 5667 1207 5738 f‘
1239 5666 1451 5722 Videtur
1487 5668 1775 5738 desiderari
1812 5668 1979 5724 κατά.

2077 5670 2239 5764 "13"..
2272 5676 2527 5748 φανερός.
2567 5677 2637 5734 Et
2689 5678 3028 5755 ψηλαφῶμεν
3076 5695 3171 5742 ααι
3198 5686 3638 5764 ,ψηλαφώμενονο

404 5740 449 5773 ’⁸
489 5735 707 5793 Videtur
744 5735 1053 5803 desiderari,
1087 5736 1348 5806 διδάσκει,
1382 5736 1733 5812 παρίστησιν,
1770 5748 1861 5795 aut
1889 5741 1976 5801 sim

2112 5740 2259 5812 quid.
