4116 6216
525 294 631 357 749

1248 298 1653 359 EXPOSITIO
1692 298 1774 358 IN
1806 298 1992 359 ACTA
2039 298 2613 363 APOSTOLORUM.
2637 329 2707 339 --
2729 304 2884 364 CAP.
2929 305 3113 367 XVII.

3651 282 3760 376 τεο

536 414 774 482 Ἀρατος
801 411 904 483 μὲν
944 413 972 467 ὁ
1001 415 1162 484 σοφὸς
1192 414 1320 484 περὶ
1347 412 1443 466 τοῦ
1474 412 1592 474 Διὸς
1630 406 1786 464 εἴπεο
1836 409 1952 464 Τοῦ
1993 411 2091 481 rd;

2207 413 2357 469 Adeo
2379 429 2549 484 prope
2579 423 2683 477 est,
2707 415 2901 486 inquit,
2929 426 2990 471 ut
3021 416 3178 487 137
3207 417 3410 488 absque
3455 418 3546 475 illo
3589 422 3771 479 vivere

519 505 617 557 καί
668 502 845 573 γένος
874 504 1063 573 ἐσμέν
1085 522 1099 536 ·
1135 521 1288 568 ουτος
1333 505 1391 557 δὲ
1438 503 1565 573 περὶ
1614 500 1706 555 τοῦ
1750 499 2095 572 Δημιουργοῦ

519 593 653 647 αὐτὸ
674 594 846 662 λέγει,
872 596 933 648 οὐ
959 595 1051 649 τὸν
1076 595 1238 651 αὐτὸν
1271 594 1466 665 ἐκείνῳ
1496 594 1688 660 λέγων,
1734 592 1810 663 μὴ
1851 592 2097 661 γένοιτοί

518 684 681 739 Ἀλλὰ
725 689 788 740 τὸ
867 687 1073 757 κυρίως
1126 688 1213 741 ἐπ’
1272 686 1421 756 αὑτῷ
1475 686 1518 719 ⁸³
1566 683 1775 749 λέγων·
1827 685 1951 738 ἐπεὶ
2004 686 2099 740 καὶ

519 762 704 849 βωμὸν
731 779 923 833 τούτου
960 775 1137 846 εἶπεν,
1185 779 1285 833 οὐκ
1331 777 1536 832 ἐκείνου
1570 770 1631 831 οὗ
1695 774 1904 831 ἔσεϐον.
1941 775 2099 841 Γένος

516 870 611 924 τοῦ
641 870 776 924 Θεοῦ
807 867 961 925 εἶπεν
1005 872 1176 942 ἡμᾶς,
1244 872 1521 924 τουτέστιν
1582 866 1817 932 οἰκείους
1863 867 2101 936 ἐγγυτά-

516 978 666 1025 τους·
700 963 887 1034 ἐπειδὴ
938 965 1004 1017 ὲκ
1041 963 1137 1017 τοῦ
1168 964 1361 1033 γένους
1391 963 1551 1033 ἡμῶν
1592 962 1621 1014 ὁ
1669 960 1801 1024 Θεὸς
1845 960 2103 1030 εὐδόκησε

517 1051 780 1123 τεχθῆναι
827 1055 920 1112 ἐπὶ
965 1055 1066 1124 τῆς
1108 1057 1233 1127 γῆς.
1286 1056 1400 1109 Οὐκ
1444 1051 1566 1108 εἷπε
1604 1054 1684 1117 δὲ,
1719 1054 1834 1106 Οὐκ
1862 1051 2106 1122 ὀφείλετε

517 1143 775 1215 χρυσῷῆ
824 1146 1051 1218 ἀργύρῳ
1098 1146 1161 1200 τὸ
1219 1147 1363 1201 θεῖον
1423 1146 1666 1217 νομίζειν
1716 1140 1855 1198 εἶναι
1897 1143 2105 1213 ὅμοιον,

2201 521 2312 561 non
2346 508 2639 577 possimus.
2664 507 2767 562 Per
2803 510 2974 579 ipsum
3018 511 3158 562 enim
3191 510 3407 565 vivimus
3436 522 3484 566 et
3508 530 3772 569 moventur

2201 610 2249 652 et
2272 614 2473 655 sumus.
2502 597 2666 665 Quasi
2702 614 2962 670 corporea
2992 600 3353 656 similitudine
3387 612 3548 673 atque
3581 623 3772 662 exem-

2202 689 2293 759 plo
2322 690 2563 745 ostendit
2590 688 2707 745 ﬁeri
2743 706 2853 745 non
2894 706 3076 762 posse,
3109 703 3170 747 ut
3190 707 3285 748 aer
3318 693 3410 763 qui
3444 696 3643 766 ubique
3681 698 3772 753 fu-

2202 793 2316 846 sus,
2348 793 2412 834 ac
2441 795 2549 834 non
2569 781 2757 849 procul
2774 782 2843 836 ab
2865 797 3193 853 unoquoque
3214 794 3481 849 nostrum,
3513 786 3623 842 imo
3645 805 3772 845 vero

2203 871 2296 941 qui
2346 872 2514 926 etiam
2558 872 2611 926 in
2657 873 2818 928 nobis
2853 882 2957 939 est,
3008 875 3312 946 ignoretur.
3366 876 3769 936 Providentiam

2201 963 2346 1019 illius
2381 963 2667 1035 signiﬁcat.
2712 974 2769 1021 et
2806 964 3188 1021 conﬁationem
3223 978 3386 1040 atque
3430 974 3771 1030 exercitatio-

2204 1068 2350 1119 nem,
2381 1070 2576 1124 nempe
2594 1056 2738 1126 quod
2773 1056 2841 1110 ab
2872 1057 2963 1112 illo
2988 1058 3159 1113 simus
3187 1060 3377 1123 creati,
3415 1063 3557 1130 quod
3587 1067 3654 1118 ab
3679 1066 3772 1121 illo

2203 1142 2580 1213 proﬁciscatur
2621 1146 2916 1202 efﬁcientia
2944 1157 3000 1203 et
3030 1158 3206 1210 actus.
3247 1152 3395 1219 quod
3436 1167 3545 1207 non
3577 1170 3771 1223 perca-

506 1234 654 1288 .ἀλλά
699 1238 1083 1309 ταπεινότερον
1130 1239 1346 1300 τούτου,
1406 1240 1528 1291 Οὐκ
1574 1237 1914 1305 ὀφείλομεν.
1965 1233 2091 1301 Ὅρα

2205 1247 2347 1288 mus.
2385 1235 2448 1290 Ut
2477 1236 2639 1289 etiam
2670 1236 2887 1307 quidam
2915 1238 3068 1291 vestri
3093 1246 3260 1307 poeta:
3273 1240 3536 1296 dixerunt.
3573 1244 3772 1299 Aratus

513 1327 570 1379 δὲ
617 1327 734 1391 πῶς
774 1328 835 1382 τὸ
881 1328 1172 1400 ἀσώματον
1225 1331 1542 1400 είσήγαγεν.
1601 1330 1666 1382 Ἠ
1711 1329 1819 1399 γὰρ
1862 1327 2090 1391 διάνοιαν

2196 1325 2419 1395 quidem
2446 1324 2533 1380 ille
2568 1327 2785 1396 sapiens
2812 1329 2879 1383 de
2906 1327 3039 1385 Jove
3063 1329 3235 1386 dixit:
3261 1329 3414 1386 Illius
3431 1335 3569 1388 enim
3593 1350 3772 1392 sumus

513 1417 642 1470 ὅταν
665 1418 982 1491 ὑποπτεύσῃ
1023 1419 1203 1489 σῶμα,
1241 1420 1339 1473 καὶ
1369 1418 1645 1488 διάστημα
1675 1417 1911 1471 ὑπονοεῖ.

2197 1415 2468 1485 progenies
2501 1431 2520 1470 :
2559 1417 2656 1472 sed
2682 1417 2771 1473 hic
2810 1418 2863 1474 id
2894 1418 3026 1474 dicit
3055 1420 3122 1475 de
3158 1420 3432 1486 Creatore,
3478 1439 3587 1479 non
3614 1439 3768 1480 eum-

515 1509 638 1564 dem
672 1510 1005 1582 signiﬁcans,
1037 1526 1201 1582 quem
1253 1511 1362 1566 ille.
1394 1510 1585 1566 Absit!
1618 1510 1712 1566 sed
1740 1509 1791 1564 id
1826 1507 1971 1579 quod
2010 1507 2230 1579 proprie
2265 1507 2467 1564 deDeo
2502 1509 2608 1564 dici
2637 1512 2915 1577 convenit,
2957 1511 3269 1583 signiﬁcans
3309 1515 3563 1583 quoniam
3604 1517 3769 1570 etiam

514 1601 682 1657 altare
713 1602 875 1673 hujus
896 1601 1048 1667 dicit,
1081 1602 1368 1669 nonqillius
1391 1617 1554 1673 quem
1584 1601 1855 1657 colebant.
1887 1600 2209 1670 Progeniem
2257 1597 2353 1654 Dei
2398 1614 2499 1655 nos
2544 1614 2664 1655 esse
2710 1601 2867 1665 dixit,
2936 1602 3041 1656 hoc
3104 1612 3207 1666 est,
3252 1614 3536 1673 cognatos
3580 1608 3769 1675 prosi.

512 1709 672 1748 mos:
713 1694 971 1764 quoniam
1020 1710 1085 1749 ex
1131 1709 1328 1765 genere
1375 1702 1567 1750 nostro
1609 1692 1723 1747 Deo
1769 1695 1949 1747 visum
2002 1699 2087 1746 est
2125 1690 2280 1745 nasci
2310 1690 2365 1744 in
2395 1700 2561 1746 terra.
2589 1691 2709 1746 Non
2739 1692 2876 1746 dixit
2901 1703 3108 1756 autem,
3131 1691 3249 1746 Non
3313 1695 3525 1750 debetis
3585 1697 3770 1761 existi.

514 1798 663 1838 mare
692 1800 894 1839 numen
919 1785 1164 1840 divinum
1192 1784 1370 1840 simile
1396 1798 1518 1840 esse
1545 1798 1683 1839 auro
1734 1792 1829 1837 aut
1864 1788 2127 1852 argento:
2169 1779 2264 1836 sed
2293 1783 2442 1851 quod
2476 1783 2736 1837 humilius
2759 1789 2844 1836 est
2872 1796 3033 1850 quam
3061 1782 3188 1846 hoc,
3231 1798 3426 1852 nempe
3464 1783 3585 1840 Non
3616 1787 3773 1843 debe-

514 1893 648 1932 mus.
688 1876 826 1931 Vide
844 1885 1029 1930 autem
1064 1884 1128 1931 ut
1158 1875 1526 1932 introduxerit
1552 1875 1605 1931 id
1627 1873 1771 1945 quod
1802 1881 1886 1929 est
1913 1872 2318 1940 incorporeum.
2351 1871 2506 1928 Mens
2547 1874 2695 1929 enim
2761 1888 2886 1928 cum
2925 1889 3126 1945 corpus
3165 1889 3287 1931 esse
3351 1886 3528 1946 putat,
3600 1879 3766 1940 etiam

513 1967 857 2023 intervallum
890 1982 1012 2023 esse
1043 1967 1359 2022 arbitratur.

588 2058 731 2126 Τοὺς
755 2060 871 2129 μὲν
892 2057 1006 2115 οὖν
1040 2061 1298 2130 χρόνους
1322 2059 1433 2130 τῆς
1455 2060 1703 2129 ἀγνοίας
1724 2055 2021 2127 ὑπεριδὼν
2044 2057 2077 2110 d

2262 2052 2429 2109 Vens.
2472 2052 2564 2108 30.
2606 2052 2681 2105 Ac
2723 2061 2957 2122 tempora
2998 2052 3209 2122 quidem
3253 2056 3407 2111 istius
3450 2056 3764 2127 ignorantia:

512 2155 681 2219 Θεὸς,
728 2152 919 2206 τανῦν
962 2151 1364 2222 παραγγέλλει
1405 2151 1530 2218 τοῖς
1561 2150 1893 2220 ἀνθρώποις
1931 2146 2082 2204 πᾶσι

510 2260 823 2313 πανταχου
855 2258 1191 2313 μετανοειν.

582 2424 732 2479 Διότι
763 2424 1029 2491 ἔστησεν
1056 2423 1308 2492 ἡμέραν,
1333 2421 1403 2475 ἐν
1426 2416 1466 2493 ᾗ
1479 2421 1692 2490 μέλλει
1715 2418 1943 2488 κρίνειν
1968 2417 2085 2485 τὴν

511 2514 874 2585 οἰκουμένην
898 2514 969 2566 ἐν
1002 2512 1360 2581 δικαιοσύνῃ
1386 2511 1458 2564 ἐν
1476 2511 1663 2579 Ἀνδρί
1690 2503 1739 2577 ᾧ
1755 2508 1953 2577 ὥρισε,
1985 2509 2083 2560 πί·-

511 2620 651 2658 στιν
679 2601 1008 2673 παρασχὼν
1039 2599 1253 2667 πᾶσιν,
1281 2599 1637 2668 ἀναστήσας
1666 2600 1853 2654 αὐτὸν
1881 2599 1949 2652 ἐκ
1982 2614 2082 2652 νε-

513 2714 548 2747 κ
587 2712 690 2750 ων.

545 2714 992 2848 ΡἊκούσαντες
1051 2779 1120 2835 δὲ
1177 2779 1519 2836 ἀνάστασιν
1565 2777 1813 2845 νεκρῶν,
1868 2778 1923 2829 ot
1966 2775 2085 2845 μὲν

517 2872 854 2940 ἐχλεύαζον,
883 2875 937 2927 οι
969 2868 1038 2925 δὲ
1074 2866 1275 2925 εἷπον·
1311 2867 1714 2937 Ἀκουσόμεοὰ
1746 2884 1863 2922 σου
1900 2867 2086 2921 πάλιν

515 2965 649 3032 περὶ
677 2966 914 3020 τούτου.

586 3056 695 3109 Kal
723 3057 911 3123 οὕτως
946 3059 982 3111 ὁ
1032 3055 1274 3122 Παῦλος
1316 3052 1577 3121 ἐξῆλθεν
1627 3051 1697 3105 ἐκ
1748 3052 1946 3120 μέσου
1975 3052 2082 3105 αὑ·
2127 3047 2131 3051 ’

514 3164 653 3201 των.

588 3237 754 3305 Τινὲς
770 3237 839 3292 δὲ
860 3237 1071 3308 ἄνδρες
1089 3236 1483 3306 κολληθέντες
1497 3234 1674 3303 αὐτῷ,
1693 3233 2082 3289 ἐπίστευσαν

509 3329 583 3384 ἐν
608 3325 700 3397 οἷς
751 3331 1064 3397 Διονύσιος
1084 3331 1131 3363 ⁸⁸
1182 3333 1215 3384 ὀ
1254 3329 1716 3400 Ἀρειοπαγίτης,
1772 3324 1872 3379 καί
1922 3323 2078 3395 γυνὴ

512 3420 758 3490 ὀνόματι
782 3420 1060 3490 Δάμαρις,
1098 3420 1198 3474 καί
1222 3420 1409 3489 ἕτεροι
1441 3419 1563 3473 σὺν
1596 3416 1822 3483 αὐτοῖς.

588 3512 735 3577 Τοὺς
762 3511 878 3581 μὲν
911 3507 1026 3566 οὖν
1069 3510 1327 3580 χρόνους
1368 3509 1481 3577 τῆς
1515 3509 1781 3580 ἀγνοίας.
1828 3506 1903 3559 Οὐ
1957 3504 2085 3576 περὶ

514 3607 623 3658 τῶν
654 3602 999 3658 ἀπελθόντων
1028 3603 1198 3673 λέγει,
1229 3603 1349 3657 ἀλλ’
1376 3597 1457 3665 οἷς
1494 3600 1869 3672 παραγγέλλει
1892 3597 1968 3629 “'
2003 3588 2085 3658 οἷς

512 3696 613 3749 οὐκ
639 3692 782 3759 εἷπε,
827 3694 1102 3765 παρεῖδεν.
1144 3693 1216 3747 Οὐ
1248 3692 1396 3763 λέγει
1424 3692 1503 3757 δὲ,
1548 3691 1798 3753 Ἐκόντες
1819 3689 2085 3755 ἑκακουρ-

516 3790 745 3858 τήσατε,
784 3786 927 3853 ἀλλ’,
996 3786 1348 3857 Ἦγνοήσατε.
1374 3781 1747 3853 Παραγγέλλει
1795 3777 1950 3848 γοῦν,
1984 3776 2085 3829 οὐκ

518 3882 738 3933 ἀπαιτεῖ
779 3878 1020 3944 κόλασιν,
1080 3876 1267 3949 ὥσπερ
1317 3875 1502 3939 ἀξίους
1557 3872 1714 3934 ὄντας
1770 3868 2081 3931 κολάσεως·

520 3971 656 4025 ἀλλὰ
686 3970 849 4026 τανῦν
896 3970 1052 4025 καλεῖ
1084 3968 1222 4040 πρὸς
1257 3968 1565 4038 μετάνοιαν.
1609 3962 1764 4016 Διότι
1821 3960 2087 4026 ἔστησεν

516 4066 764 4134 ἡμέραν,
807 4065 875 4119 ἐν
916 4059 958 4136 ᾗ
1007 4063 1221 4134 μέλλει
1270 4059 1498 4127 κρίνειν
1531 4054 1647 4123 τὴν
1691 4051 2073 4122 οἰκουμένην.

530 4156 890 4224 Ἀναγκαίως,
949 4155 1105 4225 φησι,
1157 4151 1339 4223 κρίσιν
1399 4147 1542 4202 κατὰ
1591 4144 1783 4198 πασῶν
1831 4141 2086 4210 πράξεων

518 4249 612 4301 καὶ
637 4247 940 4320 διαλήψεων
979 4245 1195 4316 ποιήσει
1228 4245 1287 4295 ὲν
1317 4238 1522 4309 ’Δνδρὶ,
1548 4236 1608 4290 ὃν
1644 4235 1842 4307 ὥρισεν
1867 4231 2085 4285 ἔσεσθαι

519 4344 711 4415 κριτὴν
741 4342 959 4407 ζώντων
997 4341 1093 4395 καὶ
1115 4338 1327 4412 νεκρῶν
1347 4351 1362 4365 ⁸
1399 4330 1554 4398 οὗτος
1583 4331 1641 4387 δέ
1675 4333 1824 4385 ἐστιν
1863 4328 1894 4381 ὁ
1941 4327 2089 4380 ἐναν-

520 4435 817 4506 Ορωπήσας
846 4433 1072 4503 Κύριος.
1106 4429 1335 4500 Μεγάλα
1379 4427 1439 4483 δὲ
1479 4427 1574 4481 καὶ
1603 4424 1784 4496 ὑψηλά
1823 4419 2089 4478 ἀκούσαν-

516 4542 629 4591 τες,
657 4525 780 4579 οὐδὲ
811 4526 1128 4595 προσεῖπον,
1161 4521 1300 4577 ἀλλὰ
1322 4519 1422 4592 τὴν
1452 4519 1749 4574 ἀνάστασιν
1776 4512 2086 4585 ἐχλεύαζον.

522 4614 789 4686 Ψυχικὸς
823 4616 954 4687 γὰρ,
979 4614 1167 4685 φησὶν,
1192 4611 1498 4683 ἄνθρωπος,
1516 4612 1588 4665 οὐ
1616 4609 1850 4677 δέχεται
1881 4606 1953 4660 τὰ
1982 4602 2089 4660 τοῦ

518 4709 884 4776 Πνεύματος.
915 4734 982 4747 -
1003 4704 1114 4759 Καί
1149 4704 1337 4767 οὕτως
1384 4703 1416 4754 ό
1459 4699 1699 4793 "aiio;-
1733 4695 2088 4793 ἐξῆλθεν-ὲν
2118 4731 2165 4793 D

511 4799 706 4866 μέσου
733 4797 957 4854 αὐτῶν.
996 4795 1175 4862 Οὕτω,
1212 4793 1361 4858 πῶςς
1394 4793 1532 4854 Τοὺς
1568 4790 1669 4859 μὲν
1717 4788 1937 4850 πείσας,
1983 4786 2088 4839 ὑπὸ

513 4891 569 4945 δὲ
601 4891 710 4945 τῶν
727 4890 1058 4962 γελώμενος.
1093 4888 1260 4953 Τινὲς
1281 4885 1350 4939 δὲ
1365 4884 1761 4948 ἐπίστευσαν,
1787 4880 1857 4934 ἐν
1871 4875 2086 4952 οῖςζκαῑ

516 4983 834 5048 Διονύσιος
851 4987 884 5037 ό
908 4977 1351 5049 Ἀρεοπαγίτης.
1383 4973 1528 5040 ’Ἐξω
1547 4973 1647 5044 τῆς
1676 4971 1885 5034 πόλεως
1912 4967 1981 5043 ἦν
2017 4970 2084 5024 τὸ

514 5075 633 5128 κατ’
653 5076 872 5147 Ἀρειον
897 5073 1079 5142 Πάγον
1101 5069 1467 5139 δικαστήριον.
1486 5063 1763 5129 Ἑδίκαζον
1781 5062 2086 5134 οὖνξἈρέο-

517 5169 745 5234 παγίται
779 5171 908 5235 περὶ
942 5163 1051 5217 τῶν
1086 5159 1418 5232 σφαλμάτων
1447 5158 1665 5213 πάντων
1696 5155 1791 5209 καὶ
1816 5150 2079 5224 ἀνομιῶν.

516 5256 616 5308 Διὰ
636 5255 795 5308 τοῦτο
823 5255 917 5309 ὅτε
950 5252 1116 5318 ξένων
1136 5250 1428 5323 δαιμονίων
1454 5246 1793 5315 ωταγγελὲα
1820 5246 1913 5299 τὸν
1936 5240 2086 5298 Παῦ-

518 5346 612 5400 λον
642 5348 779 5417 πρὸς
823 5346 927 5417 τὴν
986 5345 1046 5409 ἐξ
1086 5343 1296 5413 Ἀρείου
1330 5342 1521 5412 Πάγου
1567 5338 1765 5411 βουλὴν
1802 5336 2082 5392 ἒλκουσινο

2183 2164 2301 2202 eum
2343 2148 2482 2202 Deus
2520 2162 2681 2217 usque
2708 2148 2803 2202 hoc
2841 2157 3039 2216 tempus
3067 2148 3436 2215 dissimularit,
3485 2167 3623 2206 nunc
3648 2170 3765 2208 om-

2183 2237 2364 2299 nibus,
2408 2236 2498 2304 qui
2527 2235 2716 2305 ubique
2741 2244 2883 2301 sunt,
2922 2235 3216 2290 hominibus
3247 2237 3561 2307 denuntiat,
3599 2250 3659 2295 ut
3690 2242 3763 2309 ad

2182 2327 2465 2380 sanitatem
2496 2335 2847 2380 revertantur.

2257 2408 2416 2471 Vens.
2467 2416 2555 2471 5i.
2601 2413 2887 2484 Propterea
2939 2414 3078 2483 quod
3116 2418 3306 2469 statuit
3343 2417 3518 2484 diem,
3557 2423 3614 2475 in
3646 2440 3748 2494 quo

2176 2506 2324 2576 juste
2335 2505 2678 2576 judicaturus
2698 2520 2773 2561 est
2803 2506 2979 2561 orbem
3001 2516 3266 2560 terrarum
3288 2522 3381 2576 per
3410 2506 3588 2565 Virum
3606 2529 3758 2584 quem

2185 2598 2305 2650 huic
2334 2598 2539 2668 negotio
2570 2596 3159 2667 destinavit,‘ﬁdemque
3190 2598 3312 2667 fecit
3341 2601 3600 2667 omnibus,
3633 2605 3758 2659 dum

2185 2685 2336 2740 illum
2372 2703 2437 2741 ea:
2468 2688 2688 2741 mortuis
2720 2688 3070 2743 resuscitauit.

2256 2777 2418 2834 Vens.
2442 2779 2532 2834 '52.
2561 2780 2757 2833 Audita
2781 2790 2958 2836 autem
2994 2784 3369 2838 resurrectione
3405 2794 3755 2851 mortuorum,

2186 2869 2283 2923 alii
2324 2871 2533 2940 quidem
2577 2871 2893 2936 irridebant,
2942 2872 3037 2926 alii
3077 2890 3196 2929 vero
3229 2876 3516 2930 dixerunt:
3557 2877 3755 2931 Audie-

2188 2977 2303 3014 mus
2335 2970 2383 3014 te
2407 2978 2588 3016 rursus
2612 2963 2677 3017 de
2705 2963 2806 3016 hac
2832 2979 2906 3017 re.

2258 3050 2418 3106 Vens.
2448 3052 2535 3105 53.
2560 3051 2726 3122 Atque
2756 3054 2832 3107 ita
2858 3051 3058 3109 Paulus
3084 3055 3243 3109 exivit
3272 3055 3336 3110 de
3361 3059 3533 3113 medio
3554 3076 3752 3117 eorum.

2259 3224 2424 3284 Vens.
2461 3228 2551 3284 54.
2597 3227 2703 3285 Sed
2738 3230 2955 3301 quidam
2995 3231 3094 3286 viri
3132 3248 3245 3288 sese
3284 3234 3365 3289 illi
3401 3235 3756 3306 adjunxerunt

2191 3327 2347 3389 atque
2372 3321 2704 3378 crediderunt
2720 3337 2739 3376 :
2771 3322 2826 3375 in
2850 3338 3073 3394 quorum
3098 3340 3313 3379 numero
3336 3335 3451 3380 erat
3480 3327 3757 3399 Dionysius

2188 3412 2526 3481 Areopagita,
2549 3421 2598 3466 et
2616 3414 2801 3468 mulier
2815 3416 3020 3470 nomine
3040 3415 3307 3483 Damaris,
3323 3427 3371 3472 et
3384 3419 3482 3472 alii
3498 3421 3752 3476 cumillis.

2258 3500 2335 3554 Ac
2362 3510 2596 3570 tempora
2627 3501 2838 3573 quidem
2860 3503 3014 3559 istius
3041 3507 3377 3577 ignorantiae,
3411 3520 3517 3565 etc.
3542 3508 3659 3566 Non
3689 3513 3758 3568 de

2189 3591 2418 3646 mortuis
2440 3591 2699 3660 loquitur,
2733 3592 2827 3648 sed
2851 3593 2920 3649 de
2950 3595 3036 3660 iis,
3059 3598 3258 3666 quibus
3282 3599 3568 3659 denuntiat
3590 3602 3753 3660 Deus.

2195 3681 2517 3754 ’Υπεριδὼν,
2537 3684 2592 3740 id
2612 3699 2733 3740 cum
2760 3685 3088 3754 despexerit,
3105 3705 3228 3744 cum
3246 3690 3620 3759 dissimularit,
3646 3710 3757 3750 non

2188 3771 2344 3839 dixit,
2377 3775 2651 3846 παρεῖδεν,
2680 3776 2732 3829 id
2769 3777 2988 3846 proprie
3015 3778 3316 3850 signiﬁcat,
3362 3799 3647 3854 perperam
3678 3787 3758 3843 vi-

2188 3865 2287 3929 dit,
2320 3864 2645 3921 allucinatus
2674 3876 2776 3934 est,
2805 3867 2935 3922 dum
2962 3868 3110 3925 aliud
3144 3885 3241 3940 pro
3268 3873 3375 3928 alio
3404 3874 3638 3932 videndo
3665 3891 3758 3932 ac-

2191 3958 2342 4028 cipit,
2374 3958 2520 4029 quod
2552 3958 2620 4013 de
2652 3958 2761 4014 Deo
2789 3959 3053 4029 suspicari
3087 3962 3382 4018 absurdum
3411 3973 3497 4020 est
3544 3976 3601 4022 et
3625 3968 3758 4023 alie-

2190 4066 2344 4104 num.
2385 4046 2504 4105 Non
2536 4048 2671 4105 dicit
2698 4059 2880 4106 autem
2902 4091 2917 4115 ,
2951 4049 3160 4122 Sponte
3183 4066 3248 4108 ac
3272 4053 3551 4110 voluntate
3580 4064 3760 4112 vestra

2192 4151 2352 4213 atque
2401 4143 2651 4198 consulto
2698 4142 2962 4213 peccastis
3008 4152 3064 4199 et
3111 4144 3342 4200 maleﬁci
3389 4145 3607 4212 fuistis,
3636 4147 3759 4213 sed,

2191 4233 2476 4305 ignorastis
2511 4234 2637 4304 quid
2679 4233 2840 4304 fuerit
2876 4233 3200 4305 faciendum.
3236 4233 3531 4291 Denuntiat
3573 4236 3757 4308 igitur.

2191 4343 2299 4383 non
2330 4340 2519 4399 poenas
2539 4327 2763 4398 expetit,
2793 4337 3047 4397 tanquam
3073 4343 3103 4382 a
3125 4327 3390 4399 supplicio
3419 4329 3595 4402 dignis
3620 4349 3634 4385 :
3664 4334 3758 4387 sed

2192 4433 2340 4473 nunc
2366 4416 2560 4473 invitat
2582 4417 2649 4472 ad
2682 4417 3077 4488 paenitentiam,
3099 4416 3167 4473 ad
3192 4417 3466 4473 saniorem
3497 4430 3760 4481 mentem.

2190 4519 2248 4565 et
2283 4517 2345 4564 ut
2384 4524 2485 4564 vos
2523 4510 2593 4564 ad
2636 4509 2844 4581 frugem
2892 4508 3088 4565 bonam
3131 4509 3427 4581 recipiatis.
3472 4511 3761 4581 Propterea

2193 4601 2331 4672 quod
2366 4601 2555 4656 statuit
2579 4601 2738 4667 diem,
2771 4602 2826 4655 in
2858 4616 2959 4671 quo
2980 4601 3325 4672 judicaturus
3350 4613 3427 4658 est
3457 4606 3632 4659 orbem
3659 4616 3761 4661 ter-

2192 4711 2397 4749 rarum.
2440 4695 2787 4760 Necessario,
2835 4692 3038 4765 inquit,
3084 4694 3351 4765 judicium
3398 4696 3466 4752 de
3510 4698 3763 4753 omnibus

2191 4784 2349 4839 factis
2380 4794 2542 4855 atque
2568 4785 2818 4857 cogitatis
2852 4786 3013 4858 138
3034 4786 3194 4844 faciet
3226 4802 3321 4858 per
3351 4787 3561 4856 Virum,
3597 4805 3759 4860 quem

2191 4877 2486 4934 destinarit
2511 4876 2751 4948 judiccm
2785 4879 3032 4934 vivorum
3066 4888 3122 4934 et
3153 4889 3492 4938 mortuorum
3524 4900 3538 4938 :
3574 4882 3621 4939 is
3658 4900 3759 4937 au-

2194 4978 2302 5025 tem
2351 4978 2435 5025 est
2474 4969 2760 5035 Dominus,
2804 4970 2898 5042 qui
2941 4972 3104 5028 homo
3142 4973 3321 5029 factus
3347 4984 3451 5030 est.
3489 4975 3759 5030 Craterum

2191 5075 2316 5116 cum
2359 5076 2553 5131 magna
2592 5070 2754 5131 atque
2790 5061 3043 5117 sublimia
3076 5062 3384 5130 audissent,
3418 5081 3490 5121 ne
3517 5066 3755 5135 alloquio

2190 5152 2409 5223 quidem
2440 5152 2589 5208 illum
2613 5153 2814 5224 dignati
2840 5161 2987 5220 sunt,
3015 5157 3112 5212 sed
3141 5157 3624 5213 ressurrectionem
3659 5158 3758 5212 de-

2194 5245 2463 5300 ridebant.
2495 5244 2761 5303 Auimalis
2788 5246 2960 5312 enim,
2994 5247 3192 5318 inquit,
3225 5249 3389 5303 homo
3421 5263 3531 5302 non
3564 5248 3759 5319 probat

2192 5350 2373 5406 neque
2400 5337 2747 5408 amplectitur
2772 5340 3092 5409 spiritualia.
3122 5338 3289 5408 Atque
3313 5340 3391 5393 ita
3421 5339 3624 5395 Paulus
3647 5340 3759 5396 exi-

1699 5501 1898 5565 Variao
1943 5500 2251 5566 lectiones
2294 5513 2356 5567 et
2394 5513 2588 5566 notae.

590 5662 634 5693 "
672 5660 884 5717 Videtur
902 5662 1043 5715 locus
1061 5668 1355 5729 corruptus.
1430 5660 1474 5691 ⁸⁸
1504 5657 1566 5713 In
1594 5658 1818 5727 vulgatis
1849 5659 1944 5719 est,
1963 5649 2020 5704 ὲν
2043 5644 2091 5704 oi

2192 5654 2245 5706 αἱ
2268 5655 2559 5718 Διονύσιος.
2636 5655 2676 5686 ³⁸
2720 5652 2934 5708 Videtur
2955 5653 3095 5709 locus
3112 5655 3428 5723 mutilus,ac
3452 5658 3761 5729 desiderari,

522 5731 815 5802 ὑπεριδὼν,
849 5743 941 5786 aut
971 5731 1140 5785 simile
1160 5731 1304 5800 quid.

3858 6108 4031 6152 Δ
