4116 6216
315 214 415 280 τω

1199 214 1773 277 THEOPHYLACTI
1808 213 2220 276 BULGARI/E
2244 212 2596 275 ARCHIEP.

3448 210 3560 274 752

316 331 391 384 “it
435 331 499 385 de
546 329 715 385 modio
753 330 986 385 illorum.
1013 331 1115 385 ita.
1143 328 1464 395 Quomodo?
1493 330 1642 384 Alios
1670 329 1887 400 quidem

1992 330 2107 386 ἀλλ’
2146 332 2204 383 ἐν
2235 332 2345 392 τοῖς
2404 327 2814 398 Ἀρεοπαγίταις
2867 323 2989 378 τότε
3037 323 3226 389 τελῶν,
3267 322 3362 376 ἅτε
3409 323 3562 377 δικα-

319 430 699 490 persuasos-et
744 420 798 474 in
850 436 1003 475 suam
1046 419 1371 474 sententiam
1411 420 1678 475 adductos
1722 421 1887 474 relin-

315 529 512 583 quens,
535 513 603 567 ab
631 511 753 565 aliis
783 526 911 565 vero
938 510 1168 565 derisus.
1199 509 1427 574 Quidam
1454 519 1630 565 autem
1657 513 1890 566 credide-

318 614 461 671 runt,
480 605 533 657 in
549 603 732 672 quibus
747 612 861 655 erat
884 603 1045 656 etiam
1062 602 1346 671 Dionysius
1360 603 1696 675 Areopagita.
1723 604 1886 659 Extra

323 696 511 749 urbem
536 692 688 747 curia
707 702 827 748 erat
857 693 908 746 in
935 694 1072 748 colle
1103 692 1318 749 Martio.
1352 692 1761 766 Cognoscebant
1790 696 1887 766 igi-

324 795 412 839 tur
438 783 777 853 Areopagqu
803 784 869 839 de
900 784 1156 840 omnibus
1181 785 1461 841 fraudibus
1490 802 1554 841 ac
1585 786 1884 841 tnaleﬁciis.

318 876 521 931 Idcirco
562 874 787 930 Paulum
821 885 1007 945 utpote
1053 880 1462 949 peregrinorum
1495 878 1886 933 dmmoniorum

316 965 792 1032 annuntiatorem,
842 968 908 1022 ad
955 970 1163 1023 curiam
1215 981 1378 1039 atque
1421 979 1668 1024 senatum
1712 968 1887 1023 Martii

317 1058 470 1113 collis
505 1058 767 1113 trahunt:
806 1059 899 1113 sed
939 1074 1062 1113 eum
1095 1070 1225 1114 tunc
1258 1059 1474 1114 divinus
1509 1059 1794 1129 Dionysius
1833 1058 1888 1113 in

317 1150 603 1230 collegium
629 1149 1072 1220 Areopagitarum
1097 1166 1196 1220 pro
1213 1151 1398 1217 judice
1415 1159 1699 1219 cooptatus
1720 1158 1883 1213 esset,

1996 423 2148 493 στῆς,
2206 423 2234 474 ὁ
2292 420 2433 482 θεῖος
2489 418 2785 481 Διονύσιος,
2838 416 3127 471 ἀδίκαστον
3178 415 3444 485 ἀπένειμε
3496 417 3564 486 τῇ

1993 502 2224 584 ἀληθείᾳ
2254 513 2351 583 τὴν
2399 512 2611 583 ψῆφον*
2647 512 2742 564 καὶ
2785 509 3058 582 emacem
3095 509 3307 578 φράσας
3345 509 3410 579 τῇ
3456 507 3565 560 τῶν

2008 603 2410 674 Ἀρεοπαγιτῶν
2462 603 2673 672 ἁνοὴτῒρ
2724 602 3035 671 σεμνότητι,
3071 600 3164 654 τοῦ
3216 600 3565 668 φωτίσματος

1993 697 2190 767 εἴχετο.
2233 696 2352 749 Κᾶν
2384 695 2494 765 γὰρ
2533 695 2795 762 Ῥωμαῖοι
2824 694 2946 745 τότε
2991 692 3276 762 ἐκράτουν,
3317 690 3435 744 ἀλλ’
3466 687 3561 741 οὖν

1994 787 2327 854 αὐτονόμους
2378 785 2596 853 ἀφῆκαν
2654 783 2882 853 Ἀθήνας
2937 780 3032 834 καὶ
3078 779 3452 847 Λακεδαίμονα
3492 778 3557 831 ’⁸.

1996 874 2160 928 Ὅθεν
2210 874 2291 926 ἔτι
2343 874 2438 927 καὶ
2493 871 2622 944 παρ’
2684 871 2907 941 Ἀθήνας
2928 871 2975 903 ’³
3024 871 3186 924 uel.“
3245 867 3385 920 κατά
3437 867 3561 929 τοὺς

2007 964 2404 1035 Ἀρεοπαγίτας
2434 961 2799 1016 ἐπολιτεύετο.
2833 961 2941 1015 Καὶ
2977 959 3214 1013 τελεῖται
3245 958 3343 1027 μὲν
3368 957 3437 1009 τὰ
3461 957 3562 1024 τῆς

1997 1053 2271 1123 σωτηρίας
2301 1053 2549 1120 δόγματα
2575 1052 2663 1104 διὰ
2697 1051 2944 1105 Παύλου·
2983 1050 3296 1106 παιδεύεται
3324 1047 3382 1103 δὲ
3413 1046 3563 1102 διδα-

2001 1146 2214 1208 σκάλως
2238 1142 2342 1197 υπὸ
2389 1141 2634 1212 Ἶεροθέῳ
2652 1143 2697 1174 ⁸³
2728 1141 2804 1212 τῷ
2839 1141 3102 1212 μεγίστῳ.

316 1246 529 1303 veritati
564 1244 887 1315 evangelica:
931 1245 1035 1299 hoc
1065 1244 1276 1309 tribuit,
1312 1254 1371 1299 ut
1398 1256 1587 1300 contra
1615 1260 1731 1298 eam
1764 1242 2121 1313 pronuntiare
2144 1238 2332 1295 nollet.
2401 1237 2610 1291 Etcum
2669 1236 3016 1292 valedixisset
3074 1249 3137 1289 ac
3200 1230 3599 1289 rcnuntiasset'

317 1344 495 1400 stulta:
553 1341 1000 1412 Areopagitarum
1056 1343 1372 1404 severitati,
1430 1343 1890 1397 illuminationem
1925 1340 2203 1411 Evangelii
2255 1340 2707 1411 amplectebatur.
2786 1339 2923 1393 Nam
2970 1338 3069 1394 etsi
3122 1334 3351 1391 Romani

3433 1342 3564 1387 tunc

319 1449 500 1489 rerum
543 1433 921 1504 potiebantur,
966 1440 1148 1487 tamen
1208 1431 1451 1487 Athenas
1488 1443 1544 1488 et
1579 1433 1965 1488 Lacedaemona
2006 1432 2206 1487 liberas
2243 1430 2615 1501 reliquerunt;
2661 1431 2806 1486 unde
2834 1431 2997 1485 etiam
3041 1438 3171 1483 tunc
3214 1425 3355 1497 apud
3393 1425 3564 1481 Athe-

318 1526 539 1579 uienses
564 1524 829 1593 judicium
868 1538 1085 1592 quoque
1110 1524 1558 1595 Areopagitarum
1597 1524 1977 1580 exercebatur.
2019 1522 2197 1593 Atque
2238 1523 2485 1578 iuitiatur
2521 1522 2739 1591 quidem
2821 1530 2879 1575 et
2946 1519 3206 1575 imbuitur
3275 1517 3563 1592 Dionyséus

316 1619 539 1674 salutari
564 1617 808 1673 doctrina
837 1630 933 1687 per
956 1614 1205 1684 Paulum,
1240 1618 1336 1673 sed
1363 1617 1613 1674 eruditur
1642 1626 1697 1672 et
1723 1617 2048 1685 instituitur,
2088 1624 2343 1688 tanquam
2433 1629 2570 1685 puer
2653 1630 2682 1668 a
2765 1613 3025 1684 magistro
3048 1654 3065 1678 ,
3120 1613 3189 1669 ab
3264 1609 3563 1667 HierOtbeo

318 1711 573 1767 maximo.

867 1799 1095 1856 CAPUT
1137 1800 1328 1858 XVIII.

389 1889 548 1946 Vens.
579 1889 631 1945 I.
671 1889 905 1945 Posthazc
933 1899 1111 1944 autent
1149 1891 1381 1958 Paulus,
1416 1891 1611 1947 relictis
1642 1893 1882 1959 Athenis,

315 1982 453 2036 venit
486 1980 795 2037 Corinthum
816 1995 837 2036 :

393 2073 557 2128 Vsus.
586 2072 642 2126 2.
675 2071 841 2142 Atque
870 2072 983 2127 illic
1009 2082 1193 2127 nactus
1218 2075 1494 2144 quemdam
1518 2072 1763 2129 Judaeum
1789 2090 1886 2130 no-

319 2165 459 2218 mine
479 2163 747 2232 Aquilam,
784 2162 1060 2218 Ponticum
1093 2167 1325 2232 natione,
1356 2168 1445 2238 qui
1474 2183 1649 2222 recens
1676 2177 1884 2222 venerat

317 2272 381 2309 ea:
410 2255 596 2319 Italia,
622 2264 669 2308 et
701 2254 1003 2309 Priscillam
1029 2257 1144 2325 ejus
1173 2273 1411 2323 uxorem,
1444 2268 1718 2327 propterea
1748 2260 1888 2329 quod

318 2347 574 2402 Claudius
632 2347 818 2403 Cmsar
863 2349 1097 2416 jusserat
1151 2366 1327 2404 omnes
1384 2350 1596 2406 Juda’os
1643 2353 1887 2407 excedere

319 2438 503 2504 Roma,
540 2441 754 2495 accessit
785 2440 857 2495 ad
888 2456 999 2508 eos,

386 2615 548 2669 Vens.
585 2615 638 2669 3.
684 2612 749 2667 Et
783 2614 908 2685 quia
940 2617 1174 2670 eamdem
1210 2627 1381 2672 artem
1419 2628 1652 2684 nouerat,
1693 2623 1889 2677 mansit

224 2722 231 2729 ·
316 2708 458 2774 apud
482 2704 600 2759 illos
630 2713 678 2759 et
704 2715 875 2760 artem
900 2708 1167 2762 exercebat
1191 2723 1211 2763 :
1238 2717 1389 2764 erant
1416 2712 1553 2765 enim
1582 2722 1696 2766 arte
1719 2722 1887 2768 tento-

318 2796 516 2849 riorum
542 2797 880 2865 confectores.

391 2883 550 2941 Vens.
577 2886 633 2941 4.
659 2886 1122 2944 Sermocinabatur
1143 2900 1322 2946 autem
1348 2892 1404 2945 in
1429 2890 1713 2965 Synagoga
1746 2895 1889 2950 omni

318 2974 402 3028 die
433 2973 671 3039 Snbbati,
708 2993 772 3030 ac
795 2978 1059 3032 suadebat
1084 2976 1289 3034 Jutlteis
1323 2988 1371 3033 et
1402 2978 1618 3034 Gratis.

394 3062 552 3117 Vsus.
580 3064 632 3117 5.
664 3066 726 3119 Ut
756 3076 931 3119 autem
960 3066 1101 3121 Silas
1127 3078 1174 3121 et
1199 3068 1493 3121 Timotheus
1516 3069 1889 3124 descenderunt

2575 1795 2824 1851 ΚΕΦᾹΛ.
2881 1791 2988 1847 1Η’.

2063 1890 2227 1947 Μετὰ
2285 1890 2354 1944 δὲ
2388 1887 2573 1943 ταῦτα
2632 1885 2946 1957 χωρισθείς
2979 1887 3012 1940 ό
3050 1884 3291 1952 Παῦλος
3326 1884 3397 1940 ἐκ
3445 1883 3562 1940 τῶν

2004 1982 2280 2051 Ἀθηνῶν,
2304 1978 2491 2052 ἦλθεν
2514 1981 2602 2046 είς
2636 1979 2947 2045 Κόρινθον.

2063 2075 2171 2129 Καὶ
2226 2071 2418 2139 εὑρών
2471 2085 2604 2123 τινα
2643 2066 2938 2123 Ἰουδαῖον
2986 2066 3230 2136 ὀνόματι
3274 2064 3558 2125 Ἀκύλαν,

1991 2159 2283 2218 Ποντικὸν
2327 2158 2409 2223 τῷ
2456 2157 2635 2228 γένει,
2674 2153 3035 2224 προσφάτως
3074 2154 3410 2221 ἐληλυθότα
3441 2152 3561 2206 ἀπὸ

2003 2253 2250 2318 Ἰταλίας
2274 2252 2344 2314 ⁸⁸,
2388 2248 2486 2304 καὶ
2517 2247 2893 2316 Πρίσκιλλαν
2929 2243 3183 2316 γυναῖκα
3207 2244 3396 2299 αὐτοῦ
3440 2246 3562 2316 (διὰ

1991 2343 2058 2398 τὸ
2085 2337 2556 2410 προστεταχέναι
2577 2336 2622 2369 ’⁷
2648 2335 2953 2390 Κλαύδιον
2967 2331 3311 2403 χωρίζεσθαι
3330 2333 3562 2399 πάντας

1990 2433 2133 2500 τοὺς
2167 2431 2486 2496 Ἰουδαίους
2521 2428 2591 2483 ἐκ
2622 2426 2730 2497 τῆς
2777 2425 3050 2497 Ῥώμης),
3078 2427 3428 2496 προσῆλθεν
3455 2428 3563 2480 αὖ.

1991 2546 2138 2590 τοις,

2062 2547 2172 2671 ligat
2232 2613 2331 2668 διὰ
2366 2612 2434 2666 τὸ
2486 2609 2816 2679 ὁμότεχνον
2859 2603 3034 2672 εἶναι,
3106 2606 3303 2678 ἔμεινε
3327 2609 3373 2642 ’⁸
3419 2608 3559 2677 παρ’

1992 2708 2217 2775 αὐτοῖς,
2253 2707 2353 2761 καὶ
2383 2704 2705 2775 εἰργάζετοο
2734 2698 2900 2775 ἦσαν
2925 2702 3037 2772 γὰρ
3063 2704 3417 2768 σκηνοποιοὶ
3449 2703 3564 2771 τὴν

1994 2799 2240 2870 τέχνην.
3574 2837 3578 2840 .

2063 2890 2367 2960 Διελέγετο
2395 2888 2463 2943 δὲ
2495 2890 2565 2942 ἐν
2602 2886 2679 2956 τῇ
2725 2885 3048 2956 συναγωγῇ
3084 2886 3235 2941 κατὰ
3263 2883 3385 2941 πᾶν
3414 2884 3565 2939 Σάϐ-

1995 2986 2198 3047 ϐατον,
2232 2982 2432 3037 ἔπειθέ
2470 2997 2536 3034 τε
2577 2979 2907 3043 Ἰουδαίους
2941 2978 3037 3032 καὶ
3074 2978 3404 3043 Ἓλληνας.

2079 3073 2175 3136 Ὠς
2222 3071 2291 3124 δὲ
2346 3069 2652 3137 κατῆλθον
2700 3068 2820 3122 ἀπὸ
2874 3066 2984 3135 τῆς
3032 3066 3404 3132 Μακεδονίας
3437 3066 3471 3119 ὅ
3501 3083 3565 3119 τε

318 3156 383 3208 de
423 3153 760 3219 Macedonia,
804 3154 1007 3208 Paulus
1038 3155 1240 3222 Spiritu
1282 3158 1670 3225 concitabatur,
1702 3160 1887 3229 testiﬁ-

1994 3164 2177 3226 Σίλας
2209 3158 2307 3214 καί
2341 3160 2372 3213 ὁ
2412 3159 2702 3228 Τιμόθεος,
2742 3158 3059 3225 συνείχετο
3088 3154 3166 3222 τῷ
3196 3158 3498 3226 Πνεύματι
3528 3160 3564 3211 ὁ

319 3259 446 3299 cans
475 3242 673 3298 luditis
706 3241 972 3298 Christum
1002 3259 1114 3298 esse
1139 3244 1339 3299 Iesum.

393 3419 558 3472 Vens.
580 3417 634 3473 6.
659 3417 893 3487 Cumque
925 3419 1008 3473 illi
1026 3436 1136 3476 sese
1158 3431 1474 3492 opponerent
1491 3440 1555 3479 ac
1573 3426 1740 3481 verbis
1759 3427 1893 3482 divi-

323 3521 448 3558 nam
491 3505 827 3575 majestatem
863 3508 1142 3574 lwderent,
1173 3512 1403 3567 excussis
1435 3515 1755 3571 vestimentis
1783 3519 1892 3572 suis

320 3595 455 3649 dixit
503 3595 576 3650 ad
614 3611 739 3651 eos:
786 3595 1014 3670 Sanguis
1051 3608 1217 3655 vester
1259 3618 1417 3672 super
1448 3614 1605 3674 caput
1638 3616 1888 3662 uestrum.

322 3687 496 3741 Purus
523 3704 616 3759 ego
651 3690 863 3758 posthac
890 3690 959 3744 ad
987 3692 1223 3746 nationes
1256 3702 1533 3749 extraneas
1565 3697 1889 3766 proﬁciscar.

396 3778 538 3833 Venit
567 3778 894 3834 Corinthum.
933 3779 1255 3837 Corinthum
1288 3799 1316 3836 a
1354 3781 1560 3855 Spiritu
1596 3786 1756 3857 139
1791 3789 1892 3842 du-

321 3868 565 3935 cebatur,
595 3868 651 3923 in
679 3884 785 3940 qua
826 3870 961 3926 urbe
993 3886 1217 3929 manere
1253 3888 1380 3929 eum
1415 3877 1724 3945 oportebat.
1757 3878 1888 3933 Nam

318 3961 683 4018 Athenienses
710 3963 811 4018 etsi
836 3964 1241 4036 peregrinarum
1271 3981 1336 4021 ac
1360 3982 1622 4024 novarum
1655 3970 1890 4027 auditio-

320 4068 450 4106 num
479 4052 709 4109 studiosi
733 4094 748 4120 ,
773 4062 955 4110 tamen
980 4070 1088 4109 non
1112 4058 1485 4127 attendebant,
1507 4076 1609 4116 nec
1626 4062 1891 4119 curabant

319 4142 621 4198 doctrinam
646 4144 960 4200 salutarem.
995 4143 1116 4201 Non
1144 4148 1289 4203 enim
1313 4150 1441 4205 huic
1467 4152 1547 4206 rei
1577 4153 1889 4222 studebant,

320 4231 413 4286 sed
441 4240 502 4286 ut
527 4247 745 4303 semper
765 4234 1029 4291 haberent
1049 4237 1255 4308 aliquid
1278 4240 1419 4310 quod
1446 4241 1714 4297 dicerent.
1747 4243 1889 4300 Satis

320 4322 486 4392 igitur
506 4338 628 4378 esse
651 4324 815 4380 Paulo
839 4326 1014 4381 visum
1040 4337 1145 4393 est,
1172 4330 1217 4384 si
1242 4330 1348 4386 illic
1372 4333 1579 4388 semina
1608 4334 1884 4405 dejiceret.

320 4412 583 4484 Proptera
610 4418 750 4485 quod
774 4415 1030 4473 Claudius
1079 4421 1448 4490 imperaverat.
1509 4424 1645 4480 Nam
1671 4426 1887 4482 Nerone

319 4503 539 4571 quidem
579 4506 911 4574 imperante,
950 4507 1151 4564 Paulus
1188 4523 1410 4581 propter
1446 4512 1720 4571 Christum
1756 4533 1887 4588 sup-

1993 3251 2254 3316 Παῦλος,
2301 3249 2850 3319 διαμαρτυρόμενος
2904 3247 3030 3315 τοῖς
3091 3247 3403 3314 Ἰουδαίοις
3456 3246 3566 3300 τὸν

1995 3344 2252 3416 Χριστιλν
2291 3342 2548 3411 Ἰησοῦν.

2073 3435 2625 3506 Ἀντιτασσομένων
2654 3434 2722 3490 δὲ
2753 3434 2954 3490 αὐτῶν
2989 3435 3085 3489 καὶ
3122 3433 3564 3503 βλασφημούν-

1992 3549 2132 3594 των,
2149 3528 2615 3598 ἐκτιναξάμενος
2643 3528 2714 3581 τὰ
2744 3526 2966 3596 ἱμάτια,
2988 3521 3119 3580 εἶπε
3144 3524 3294 3593 πρὸς
3317 3524 3563 3590 αὐτούς*

1999 3626 2068 3680 Τὸ
2095 3619 2238 3693 αἷμα
2264 3621 2434 3692 ὑμῶν
2473 3619 2574 3675 ἐπὶ
2614 3618 2732 3686 τὴν
2761 3617 3039 3687 κεφαλὴν
3067 3616 3234 3688 ὑμῶν
3252 3634 3266 3647 ο
3301 3618 3561 3685 καθαρὸς

1990 3714 2107 3785 ἐγὼ
2138 3714 2257 3769 ἀπὸ
2287 3712 2393 3767 τοῦ
2423 3712 2543 3784 νῦν
2568 3712 2657 3776 είς
2681 3710 2754 3763 τὰ
2779 3709 2924 3775 ἔθνη
2965 3709 3352 3779 πορεύσομαι.

2060 3801 2290 3860 Ἦλθεν
2331 3805 2419 3869 είς
2474 3802 2784 3870 Κόρινθον.
2838 3801 2935 3864 Εἰς
2991 3798 3255 3871 Κόρινθον
3313 3797 3418 3852 ὑπὸ
3464 3797 3561 3852 τοῦ

1992 3894 2311 3963 Πνεύματος
2339 3892 2523 3964 ἧγετο,
2556 3891 2614 3944 ὲν
2666 3883 2700 3963 ᾖ
2755 3889 2938 3960 μένειν
2983 3889 3113 3944 ἔδει.
3158 3891 3221 3944 Ol
3255 3890 3363 3961 γὰρ
3402 3890 3563 3959 Ἀθη-

1992 3988 2132 4040 ναῖοι
2159 3985 2315 4056 ξένης
2345 3984 2498 4046 ὄντες
2521 3982 2836 4053 ἀκροάσεως
2856 3983 3104 4051 ἐρασταὶ,
3135 3983 3282 4052 ὅμως
3309 3981 3368 4034 οὐ
3396 3997 3561 4049 προσ-

1991 4079 2154 4146 εῖχον.
2189 4077 2263 4130 Οὐ
2305 4075 2416 4145 γὰρ
2459 4072 2615 4127 τοῦτο
2662 4069 3017 4138 ἐσπούδαζον,
3054 4071 3171 4126 ἀλλ’
3216 4069 3355 4125 ὥστε
3388 4070 3474 4126 ἀεί
3508 4089 3559 4123 τι

1990 4168 2133 4238 ἔχειν
2157 4169 2352 4220 εἰπεῖν.
2396 4164 2618 4228 Ἱκανῶς
2650 4159 2743 4217 οὖν
2778 4163 2921 4234 ἔχειν
2963 4161 3110 4228 ἔδοξε
3139 4163 3216 4233 τῷ
3252 4161 3467 4231 Παύλῳ,
3496 4158 3561 4213 τὸ

1990 4257 2349 4313 καταϐάλλειν
2369 4256 2438 4308 τὰ
2457 4254 2749 4326 σπέρματα
2768 4255 2838 4308 ³⁸.
2882 4254 3003 4306 Ἐπὶ
3031 4252 3130 4324 μὲν
3152 4252 3260 4323 γὰρ
3283 4252 3556 4322 Νέρωνος,

1989 4348 2278 4417 ἐτελειώθη
2309 4348 2337 4401 δ
2367 4344 2608 4408 Παῦλος·
2641 4345 2733 4398 ἐπὶ
2767 4344 2821 4399 δὲ
2853 4344 3144 4408 Κλαυδίου,
3180 4343 3559 4415 ἀνερῤιπίξετυ

1987 4443 2016 4494 ὁ
2040 4440 2179 4511 πρὸς
2217 4436 2506 4499 Ἰουδαίους
2538 4435 2794 4506 πόλεμος,
2829 4435 2923 4489 καὶ
2955 4435 3064 4490 ἀπὸ
3104 4435 3324 4507 Ῥώμης
3355 4434 3430 4499 ὡς
3458 4433 3556 4487 λυ-

1920 4550 1963 4606 D
1995 4526 2200 4594 μεῶνες
2223 4521 2537 4593 ἠλαύνοντο.
2574 4524 2672 4576 Διά
2700 4521 2859 4576 τοῦτο
2881 4525 3244 4593 οἰκονομεῖται
3272 4521 3459 4577 τοῦτον
3480 4523 3557 4586 ὡς

320 4594 484 4663 plicio
517 4595 746 4653 affectus
775 4608 830 4654 et
864 4602 1122 4670 martyrio
1148 4614 1498 4662 consecratus
1522 4616 1639 4663 est:
1677 4607 1887 4664 Claudii

1993 4617 2212 4686 δέσμιον
2257 4612 2570 4684 ἀπαχθῆναι
2620 4614 2759 4679 ἐκεῖ,
2793 4615 2883 4669 ἴνα
2928 4614 3004 4685 μὴ
3038 4614 3115 4678 ὡς
3154 4614 3407 4677 Ἰουδαῖος
3449 4614 3557 4667 ἀπ-

320 4697 454 4736 vero
489 4692 734 4771 tempore
764 4686 965 4742 bellum
1001 4689 1263 4747 adversus
1299 4692 1518 4751 Judaeos
1551 4696 1887 4753 conﬂabatur

1994 4699 2304 4770 ελαύνηται.
2343 4699 2451 4755 Καί
2479 4698 2576 4754 διὰ
2624 4700 2689 4754 τὸ
2716 4703 3043 4771 ὁμότεχνον
3068 4698 3223 4759 εἶναι
3251 4702 3358 4756 τὸν
3395 4704 3557 4757 Ἀκύ-

321 4777 375 4859 et
395 4769 754 4838 excitabatur,
780 4783 834 4828 et
864 4773 1320 4849 Roma,tanquam
1349 4780 1596 4839 homines
1618 4787 1883 4855 pestiferi,

1993 4793 2133 4851 λαν,
2162 4769 2360 4857 ἔμεινε
2391 4788 2529 4859 παρ’
2572 4769 2869 4854 αύτῷίκαὶ
2894 4769 3225 4859 εἰργάζετο.
3254 4792 3359 4844 Διά
3398 4791 3558 4844 τοῦτο

319 4858 491 4916 Ιυὰωἰ
531 4862 892 4931 pellebantur.
938 4866 1144 4922 Idcirco
1183 4870 1366 4927 divina
1407 4865 1685 4930 voluntate
1723 4886 1885 4946 atque

1995 4880 2145 4947 μένει
2172 4878 2246 4943 ὡς
2278 4880 2583 4950 ἐπιτήδειον
2616 4879 2792 4950 εὑρὼν
2814 4858 3176 4950 καταγώγιον.
3210 4882 3426 4936 Πολλῶν
3446 4882 3556 4952 γὰρ

318 4952 677 5023 dispositione
710 4956 935 5024 accidit,
972 4966 1031 5012 ut
1061 4959 1149 5014 hic
1188 4962 1402 5018 vinctus
1436 4963 1565 5020 illuc
1589 4965 1884 5020 abducere-

1991 4970 2141 5039 αύτῷ
2182 4969 2306 5033 ,τῶν
2355 4970 2639 5041 βασιλείων
2659 4972 2703 5004 ³⁸
2753 4972 3186 5043 ἐπιτηδειότερον
3233 4968 3323 5042 ἦν,
3364 4972 3554 5044 ῶσπερ

320 5057 429 5115 tur,
447 5062 516 5103 ne
535 5055 788 5118 tanquam
811 5048 1032 5107 Judaeus
1052 5054 1431 5123 expelleretur.
1468 5054 1537 5111 Et
1554 5059 1675 5129 quia
1691 5058 1882 5127 Aquila

1993 5061 2086 5113 καὶ
2120 5059 2196 5130 τῷ
2231 5059 2435 5133 ἀθλητῇ
2486 5063 2520 5130 ἠ
2573 5061 2880 5132 παλαίστρα
2904 5061 3012 5116 τῶν
3043 5062 3268 5117 ἁπαλῶν
3302 5065 3557 5134 στρωμά-

318 5149 432 5193 erat
456 5139 688 5210 ejusdem
708 5142 944 5211 artiﬁcii,
964 5147 1154 5199 mansit
1180 5150 1320 5214 apud
1339 5165 1456 5202 eum
1477 5158 1524 5202 et
1549 5158 1715 5203 artem
1738 5165 1885 5203 exer-

1992 5168 2100 5204 των
2145 5150 2345 5222 μᾶλλον
2382 5152 2678 5224 χρήσιμος,
2712 5152 2806 5206 καὶ
2846 5153 2926 5224 τῷ
2964 5151 3264 5227 πολεμιστῇ
3311 5153 3374 5207 τὸ
3401 5153 3555 5223 ξίφος

1506 5283 1701 5345 Variis
1728 5283 2033 5348 lectiones
2074 5293 2137 5349 et
2177 5293 2367 5355 notua.

1097 5403 1253 5506 115‘:-
1278 5403 1760 5506 πῖθ’,ὶλῗικξὶξεῑο

1991 5427 2102 5506 {cui
2131 5412 2346 5506 mutilus
2372 5413 2605 5506 videtur,
2632 5429 2696 5467 ac
2751 5414 3062 5498 desiderari,
3094 5415 3155 5469 τὸ
3181 5414 3548 5506 δικαστήριρν.

967 5472 1249 5556 μετίσεοιι·
1325 5472 1372 5556 'f
1402 5472 1479 5556 ιιι.
1513 5472 1741 5556 vitantis
1770 5489 1877 5556 est...

1991 5481 2021 5556 δ
2041 5481 2141 5548 τῆς
2171 5481 2422 5556 Ἰταλίας.
2499 5472 2639 5556 "In
2662 5486 3019 5556 manuscripto
3041 5472 3182 5549 erat,
3207 5472 3549 5556 aposta'xﬂé-

489 5535 575 5626 εον.
602 5535 1082 5626 πριοστεςτέιχέναιί.
1118 5544 1170 5626 ’ξ’
1195 5542 1262 5626 In
1277 5543 1524 5626 vulgatis,
1554 5535 1758 5616 εμενει.
1836 5535 1880 5585 "9

1991 5535 2176 5606 deniitr
2191 5535 2290 5605 iltic
2325 5535 2600 5623 repetenda
2629 5535 2745 5609 esse
2770 5535 3274 5622 antithesis;
3292 5535 3549 5626 negas.

322 5603 614 5672 τετικέναί
649 5603 956 5665 Κλαύδιον.
1037 5611 1083 5644 ³ο
1115 5603 1599 5681 βασι),ειῶᾯ,ετὶη.“
1668 5603 1672 5604 ν
1745 5603 1756 5607 -
2247 5603 2280 5605 π

398 5396 443 5468 ⁸]
474 5397 839 5468 Λακεδαίμον,
867 5412 1003 5456 erat.

318 5465 368 5499 ’⁸
409 5464 509 5537 ισ,
540 5464 803 5537 Ἰεροθέου
826 5464 934 5523 τοῦ
