4116 6216
468 362 581 428 75'!

1064 367 1471 431 EXPOSITIO
1511 367 1587 430 IN
1626 370 1816 430 ACTA
1856 364 2438 427 APOSTOLORUM.
2489 385 2553 432 -τ
2588 361 2747 424 CAP.
2792 359 3020 425 XVIII.

3623 346 3734 413 754

470 479 532 532 τὸ
564 476 838 549 σιδηροῦν,
892 479 1008 533 ἀλλ’
1046 482 1109 536 οὐ
1150 484 1213 537 τὸ
1244 484 1506 555 χρυσοῦν.
1550 482 2056 553 Ἐκτιναξὰμενος

2178 480 2330 535 :ebal.
2353 478 2564 535 Idcirco
2582 476 2860 544 manebat,
2881 475 3007 547 quia
3027 471 3374 533 commodum
3399 481 3455 527 ct
3478 470 3737 527 idoneum

467 568 544 624 τὰ
573 568 774 639 ἱμάτια
798 568 930 626 εἶπε
954 574 1105 641 πρὸς
1134 577 1378 642 αὐτούς.
1405 577 1567 630 Ὥστε
1606 575 1682 647 μὴ
1717 577 1925 648 ῥήματι
1954 575 2052 644 μό-

472 677 584 725 νον,
638 661 775 715 ἀλλὰ
824 664 920 716 καὶ
945 665 1233 736 πράγματι
1266 668 1503 738 φοϐῆσαι
1542 684 1557 699 ·
1598 666 1672 720 Τὸ
1711 662 1855 732 αἷμα
1886 665 2058 735 ὑμῶν

472 751 569 804 ἐπὶ
604 751 718 821 τὴν
756 754 1037 824 κεφαλὴν
1081 757 1272 827 ὑμῶν.
1332 759 1567 828 ’Λσαφές
1598 761 1714 811 ἐστι
1757 758 1818 811 τὸ
1867 757 2057 830 ῥητόν,

475 834 645 909 Οἶμαι
681 841 737 895 δὲ
781 843 946 897 αὐτὸν
997 845 1156 899 τοῦτο
1187 846 1398 916 λέγειν’
1436 842 1707 905 Ἕκαστος
1755 846 1866 901 τῶν
1919 849 2058 900 ἁπο-

478 929 821 985 στατούντων
867 934 1091 1004 Χριστῷ
1116 937 1183 1001 ³³,
1232 938 1292 999 ὃς
1338 938 1453 991 ἐστι
1491 936 1627 1008 ζωὴ,
1675 937 1823 990 δοκεῖ
1868 936 2060 989 ἑαυτὸν

479 1022 749 1091 φονεύειν,
785 1025 894 1078 ἀπὸ
927 1026 1027 1096 τῆς
1051 1028 1195 1099 ζωῆς
1233 1027 1578 1098 μεταϐαίνων
1606 1031 1685 1092 εἰς
1717 1028 1965 1088 θάνατον,
1996 1025 2058 1078 τὸ

480 1108 621 1182 αἷμα
652 1115 817 1168 αὑτοῦ
855 1119 1057 1186 τρόπον
1104 1121 1229 1174 τινὰ
1274 1120 1485 1191 ἐκχέων
1528 1121 1617 1175 διὰ
1655 1123 1754 1192 τῆς
1805 1120 2058 1189 σφαγῆς,

479 1206 546 1275 ἣν
577 1207 831 1279 ἐπιφέρει
865 1209 949 1278 ἐφ’
979 1211 1188 1265 ἑαυτόν.
1225 1213 1399 1266 Τοῦτο
1430 1209 1525 1267 οὖν
1571 1230 1767 1284 φησιν’
1811 1209 1956 1264 Ἀνθ’
1986 1204 2063 1263 ὧν

481 1297 718 1365 σφάζει-ε
770 1300 997 1364 ἑαυτοὺς
1047 1302 1134 1357 διὰ
1191 1305 1290 1374 τῆς
1334 1305 1617 1367 ἀπιστίας,
1670 1301 1836 1358 αὑτοῦ
1871 1301 2063 1355 τούτου

481 1389 640 1458 ὑμεῖς
672 1391 949 1464 ἀπόσχητε
975 1393 1131 1466 δίκην
1160 1396 1295 1467 ἐμοῦ
1326 1396 1504 1450 ἀθώου
1531 1396 1701 1459 ὄντος.
1746 1395 1840 1449 Ἐκ
1871 1394 2063 1448 τούτου

479 1479 702 1535 δυνατὸν
752 1484 924 1539 εἰπεῖν
982 1487 1064 1541 ὅτι
1141 1490 1170 1542 ὁ
1229 1486 1449 1555 σφάζων
1498 1486 1693 1541 ἑαυτὸν
1740 1487 2068 1557 τιμωρεῖται

483 1574 635 1642 παρὰ
664 1575 760 1630 τοῦ
791 1577 927 1631 Θεοῦ
958 1578 1031 1643 ὡς
1066 1580 1284 1649 φονεύς.

2156 583 2350 630 nactus
2397 582 2521 629 erat
2556 570 2880 641 hospitium.
2911 567 3096 629 Multis
3147 565 3295 623 enim
3330 563 3494 636 regiis
3528 563 3739 619 aedibus

2157 672 2274 721 erat
2306 663 2382 719 illi
2411 661 2788 728 commodius,
2834 655 3295 730 quemadmodum
3325 654 3490 708 etiam
3521 652 3742 707 athletae

2160 756 2411 827 palaestra
2455 754 2711 809 mollibus
2753 752 2938 810 stratis
2986 750 3171 807 utilior
3213 754 3297 804 est
3332 762 3348 801 :
3394 753 3450 801 et
3493 743 3742 800 bellatori

2160 847 2371 920 gladius
2400 846 2645 910 ferreus,
2676 861 2788 901 non
2825 858 3025 898 aureus
3055 840 3203 896 utilis
3230 847 3334 895 est.
3373 836 3622 891 Excussis
3659 851 3746 889 ve-

2161 941 2423 995 stimentis
2467 939 2603 992 dixit
2641 938 2711 991 ad
2756 952 2878 991 eos:
2927 942 2987 990 ut
3031 949 3142 989 non
3187 931 3356 987 verba
3403 930 3615 992 solum,
3647 927 3743 983 sed

2164 1034 2327 1087 etiam
2367 1046 2425 1086 re
2457 1038 2691 1085 terreret
2723 1028 2848 1084 illus
2879 1046 2894 1082 :
2939 1024 3168 1097 Sanguis
3197 1032 3368 1079 uester
3395 1037 3553 1091 super
3583 1027 3743 1088 caput

2165 1133 2415 1179 vestrum.
2458 1123 2765 1178 Obscurum
2803 1128 2890 1176 est
2928 1118 3158 1176 dictum.
3220 1113 3328 1170 Sed
3365 1112 3561 1184 opinor
3616 1124 3744 1165 eum

2168 1215 2274 1270 hoc
2321 1215 2634 1286 signiﬁcare
2673 1231 2688 1268 :
2736 1212 3060 1281 Quicunque
3135 1205 3393 1264 desciscit
3443 1218 3476 1259 a
3528 1199 3747 1258 Christo

2165 1308 2259 1378 qui
2305 1316 2389 1361 est
2437 1307 2566 1371 vita,
2614 1307 2858 1376 seipsum
2906 1302 3219 1358 interﬁcere
3260 1297 3505 1359 videtur,
3559 1310 3591 1348 a
3640 1291 3748 1346 vita

2138 1398 2447 1474 transiens
2482 1397 2551 1451 ad
2594 1408 2857 1461 mortem,
2889 1395 3017 1450 dum
3059 1389 3380 1462 sanguinem
3421 1398 3581 1440 suum
3609 1396 3749 1451 quo-

2166 1489 2458 1545 dammodo
2489 1489 2722 1545 eﬂ'uudit
2752 1504 2850 1559 per
2879 1487 3083 1543 caedem
3113 1493 3169 1540 et
3190 1491 3421 1539 mortem
3453 1493 3617 1549 quam
3645 1472 3748 1529 sibi

2170 1581 2433 1636 conciscit
2456 1592 2511 1636 et
2534 1581 2718 1638 infert.
2748 1580 2861 1634 lloc
2884 1578 3046 1651 igitur
3074 1575 3207 1631 dicit
3234 1594 3250 1631 :
3276 1571 3433 1640 Quod
3459 1565 3753 1633 vosmetip-

482 1681 576 1723 sos
598 1670 861 1742 jugzaiatis
895 1687 991 1742 per
1021 1673 1478 1737 incredulitatem,
1511 1672 1676 1743 hujus
1702 1672 1855 1743 ipsus
1877 1669 2062 1726 delicti
2104 1687 2203 1727 vos
2240 1688 2429 1743 poenas
2467 1673 2704 1739 dabitis,
2749 1687 2874 1727 cum
2933 1686 3035 1741 ego
3095 1670 3359 1725 innocens
3426 1664 3552 1720 sim.
3615 1659 3754 1716 ll'mc

485 1762 591 1820 dici
632 1771 831 1833 potest,
876 1754 1001 1820 euri)
1034 1765 1128 1835 qui
1167 1766 1406 1837 seipsum
1437 1766 1648 1838 jugulat
1679 1775 1735 1821 et
1772 1763 1992 1829 occidit,
2035 1777 2065 1817 a
2108 1764 2213 1821 Deo
2245 1766 2426 1837 puniri
2458 1776 2719 1836 tanquam
2750 1762 3107 1817 homicidam.

559 1856 670 1909 Kal
717 1859 974 1924 μεταϐὰς
1021 1859 1271 1925 ἐκεῖθεν,
1304 1857 1497 1930 ἦλθεν
1534 1863 1620 1928 εἷς
1663 1861 1859 1915 οικίαν
1903 1857 2068 1924 τινὸς

2247 1860 2408 1915 Vens.
2450 1861 2501 1914 7.
2544 1860 2711 1928 Atque
2745 1856 2892 1910 illinc
2927 1855 3213 1923 digressus,
3266 1850 3407 1904 venit
3443 1849 3502 1902 in
3542 1848 3755 1902 domum
3862 1879 3866 1883 ‹

487 1947 734 2014 ὀνόματι
770 1950 1065 2015 Ἰούστου,
1097 1953 1430 2020 σεϐομένου
1459 1953 1566 2006 τὸν
1598 1952 1768 2019 Θεὸν,
1798 1946 1870 2007 οὗ
1915 1950 1954 2019 ἡ
1985 1950 2071 2004 ol-

488 2037 592 2092 κία
619 2033 700 2109 ἦν
727 2042 1159 2110 συνομοροῦσα
1182 2043 1258 2112 τῇ
1281 2044 1628 2114 συναγωγῇ.

568 2132 833 2201 Κρίσπος
882 2133 953 2187 δὲ
1007 2137 1039 2189 ό
1090 2135 1587 2207 ἀρχισυνάγωγος
1620 2136 1949 2192 ἐπίστευσε
1994 2132 2074 2199 τῷ

492 2224 691 2290 Κυρίῳ
730 2224 855 2279 σὺν
882 2225 1007 2292 ὅλῳ
1039 2224 1121 2292 τῷ
1157 2228 1304 2295 οἴκῳ
1330 2229 1540 2293 αὐτοῦ,
1579 2229 1676 2283 καὶ
1705 2229 1924 2283 πολλοὶ
1955 2225 2078 2282 τῶν

493 2316 823 2469 ἓορινθιων
863 2316 1265 2387 ἀκούσαντες,
1297 2319 1676 2375 ἐπίστευσαν
1703 2320 1804 2375 καὶ
1837 2319 2078 2373 ἐϐαπτί-

557 2423 686 2461 ντο.
1490 2446 1495 2449 ι

557 2423 686 2461 ντο.
1490 2446 1495 2449 .

567 2496 718 2554 Elite
749 2499 819 2554 δὲ
860 2502 895 2556 ό
926 2502 1159 2570 Κύριος¹
1184 2501 1261 2557 δι’
1294 2503 1590 2573 ὁράματος
1634 2504 1715 2571 τῷ
1762 2506 1981 2570 Παύλῳ
2009 2506 2080 2560 ἐν

497 2595 713 2646 νυκτί·
761 2592 861 2661 Μὴ
909 2592 1120 2662 φοϐοῦ,
1152 2593 1314 2650 ἀλλὰ
1351 2594 1551 2663 λάλει,
1593 2597 1690 2651 καὶ
1719 2596 1807 2668 μὴ
1853 2598 2081 2669 σιωπή-

497 2692 639 2753 (fac.

572 2779 728 2833 Διότι
765 2778 879 2852 ἐγώ
918 2780 1037 2849 εἶμι
1062 2781 1212 2849 μετὰ
1241 2779 1356 2835 σοῦ
1379 2795 1393 2811 ⁸
1429 2781 1529 2834 καὶ
1563 2780 1766 2849 οὐδεὶς
1805 2783 2081 2854 ἐπιθήσε-

498 2869 597 2922 ταί
654 2886 755 2924 σοι
792 2869 903 2926 τοῦ
953 2869 1223 2925 κακῶσαί
1271 2888 1366 2938 σε,
1422 2871 1574 2927 διότι
1612 2875 1763 2940 λαός
1789 2875 1924 2930 ἐστι
1979 2895 2083 2948 μοι

503 2962 696 3030 πολὺς
726 2962 796 3018 ἐν
824 2962 901 3033 τῇ
929 2965 1102 3019 πόλει
1129 2965 1338 3034 ταύτῃ.

587 3055 907 3112 Ἐκάθισέν
966 3074 1033 3111 τε
1086 3057 1370 3112 ἐνιαυτόν
1416 3058 1514 3119 καὶ
1556 3059 1756 3131 μῆνας
1801 3059 1892 3128 ἐξ,
1921 3060 2085 3116 διδά-

502 3163 669 3202 σκων
693 3148 765 3202 ἐν
797 3136 1002 3216 αὐτοῖς
1025 3151 1069 3183 δ’
1104 3152 1214 3204 τὸν
1235 3152 1425 3219 λόγον
1455 3146 1563 3207 τοῦ
1602 3153 1772 3207 Θεοῦ.

2174 1951 2453 2019 cujusdam
2480 1950 2689 2005 nomine
2712 1930 2879 2013 Justi,
2904 1945 3132 2000 hominis
3159 1942 3412 2015 religiosi,
3445 1939 3597 2009 cujus
3619 1938 3755 1995 uades

2174 2043 2493 2097 continentes
2525 2050 2683 2113 atque
2716 2040 2985 2110 adjuncta:
3011 2044 3165 2092 erant
3197 2049 3506 2105 synagogas.

2247 2134 2410 2190 Vsus.
2451 2133 2506 2187 8.
2541 2130 2759 2203 Crispus
2800 2139 2979 2184 autem
3003 2129 3253 2198 magister
3277 2139 3558 2198 synagoga:
3589 2120 3759 2176 credi--

2175 2227 2255 2280 dit
2282 2227 2507 2282 Domino
2546 2241 2652 2279 una
2677 2240 2793 2277 cum
2828 2231 2939 2276 tota
2972 2220 3183 2294 familia
3209 2235 3340 2282 sua,
3371 2232 3436 2271 ac
3472 2214 3626 2268 multi
3658 2212 3760 2269 Co-

2176 2314 2519 2377 rinthiorum,
2548 2311 2640 2376 qui
2672 2308 2903 2364 Paulum
2936 2306 3275 2370 audiverant,
3309 2302 3645 2358 crediderunt
3697 2314 3760 2354 ac

2178 2404 2610 2477 baptizabantur.

2251 2496 2415 2553 Vens.
2450 2496 2505 2553 9.
2543 2495 2688 2549 Dixit
2726 2501 2905 2549 autem
2936 2491 3190 2546 Dominus
3230 2486 3405 2544 Paulo
3450 2501 3544 2556 per
3592 2486 3761 2541 uisum

2180 2600 2493 2647 nocturnum
2522 2604 2540 2645 :
2575 2587 2654 2643 Ne
2685 2588 2895 2651 timeas,
2926 2584 3019 2640 sed
3051 2582 3280 2654 loquere,
3307 2596 3378 2635 ac.
3398 2595 3463 2635 ne
3490 2590 3715 2644 taceas,,

2255 2770 2419 2827 Vens.
2463 2768 2549 2824 lO.
2593 2765 2861 2833 Quoniam
2898 2780 2991 2835 ego
3025 2761 3119 2817 tibi
3160 2759 3350 2815 adsum
3381 2772 3399 2812 :
3429 2772 3494 2810 ac
3531 2771 3682 2810 nemo
3716 2762 3782 2807 te-

2183 2864 2395 2919 inuadet
2423 2872 2479 2916 ut
2511 2868 2696 2916 noceat
2727 2858 2852 2925 tibi,
2888 2857 3012 2928 quia
3048 2852 3176 2910 mihi
3208 2850 3404 2907 multus
3439 2844 3661 2916 populus
3690 2850 3765 2898 est

2184 2952 2240 3005 in
2269 2951 2369 3003 hac
2394 2949 2543 3003 urbe.
2904 2999 2907 3001 _

2256 3043 2419 3098 Vens.
2455 3043 2542 3097 H.
2584 3038 2968 3096 Commoratus.
2994 3044 3069 3090 est
3120 3033 3286 3104 igitur
3320 3030 3433 3086 illic
3472 3043 3674 3083 annum
3718 3033 3769 3080 et

2186 3153 2387 3191 menses
2410 3151 2521 3202 sex,
2555 3151 2617 3188 ac
2639 3132 2852 3188 verbum
2882 3130 2980 3184 Dei
3001 3128 3216 3183 docebat
3242 3127 3381 3180 inter
3407 3122 3550 3177 illos.

580 3235 665 3295 Οὗ
701 3240 739 3309 ἡ
777 3241 938 3294 οἰκία
973 3199 1071 3312 ’ἦν
1114 3199 1563 3312 συνομοροῦσα.
1831 3243 1926 3296 καὶ
1976 3245 2080 3301 ἀπὸ

2258 3228 2422 3298 Cujus
2445 3199 2582 3281 aedes
2608 3224 2931 3279 continentes
2958 3229 3132 3276 erant.
3160 3217 3232 3273 Ut
3249 3216 3414 3271 etiam
3438 3214 3567 3269 hinc
3588 3209 3770 3267 studio

503 3334 696 3389 τούτου
728 3336 891 3407 ζῆλον
922 3338 1092 3409 ἔχειν.
1126 3339 1234 3392 ἀπὸ
1274 3338 1376 3407 τῆς
1407 3340 1780 3407 γειτνιάσεως.
1814 3342 2085 3410 Κρίσπος

504 3430 574 3483 δὲ
601 3433 634 3484 ό
659 3429 1145 3502 ἀρχισυνάγωγος
1170 3432 1495 3486 ἐπίστευσε
1534 3434 1613 3505 τῷ
1640 3434 1851 3501 Κυρίῳ.
1885 3435 2086 3489 Τοῦτον

505 3520 655 3591 λέγει
703 3523 969 3593 Κρίσπον,
1020 3526 1150 3594 περὶ
1179 3517 1240 3578 οὗ
1274 3525 1456 3594 λέγει’
1508 3525 1739 3579 Οὐδένα
1770 3525 2085 3593 ἐϐάπτισα,

506 3617 558 3669 εὶ
597 3613 684 3684 μὴ
733 3615 1005 3684 Κρίσπον
1048 3615 1146 3670 καὶ
1187 3614 1394 3671 Γάϊον.
1426 3647 1502 3690 -ε
1543 3617 1640 3686 Μὴ
1683 3617 1893 3686 φοϐοῦ,
1928 3618 2090 3673 ἀλλὰ

508 3705 706 3770 λάλει,
737 3707 836 3760 καὶ
869 3707 951 3775 μὴ
985 3707 1333 3776 σιωπήσῃς.
1383 3708 1448 3763 Ὀ
1492 3706 1730 3775 μάλιστα
1764 3707 1928 3762 αὑτὸν
1957 3707 2086 3771 ἔδει,

510 3798 671 3853 τοῦτο
705 3797 936 3869 ὕστερον
976 3799 1127 3871 αὑτῷ
1155 3799 1325 3868 λέγει.
1374 3798 1542 3853 Οὐδὲν
1587 3798 1696 3873 γὰρ
1726 3798 1914 3854 ἐλύπει
1948 3797 2091 3854 οὕτω

511 3892 604 3947 τὸν
634 3892 867 3958 Παῦλον,
906 3893 983 3959 ὡς
1010 3896 1062 3949 οἱ
1094 3892 1472 3956 ἀπειθοῦντες.

586 4071 941 4138 Γαλλίωνος
986 4070 1056 4127 δὲ
1099 4070 1625 4137 ἀνθυπατεύοντΟς
1673 4067 1783 4138 τῆς
1837 4068 2091 4138 Ἀχαΐας,

516 4162 974 4231 κατεπέστησαν
1070 4162 1454 4235 ὁμοθυμαδὸν
1530 4163 1584 4216 ol
1656 4159 1935 4216 Ἰουδαῖοι
2010 4158 2094 4225 τῷ

516 4255 772 4319 Παύλῳο
807 4255 904 4310 καὶ
933 4254 1163 4326 ἤγαγον
1191 4254 1379 4309 αὑτὸν
1405 4252 1505 4307 ἐπὶ
1535 4250 1603 4306 τὸ
1627 4250 1824 4329 βῆμα,

587 4345 901 4413 Λέγοντες,
928 4345 1039 4410 ὅτι,
1082 4344 1244 4410 Παρὰ
1269 4343 1378 4398 τὸν
1406 4345 1594 4414 νόμον
1635 4337 1815 4408 οὗτος
1860 4338 2099 4396 ἀναπεί-

520 4437 607 4489 θει
635 4434 779 4501 τοὺς
812 4435 1163 4502 ἀνθρώπους
1188 4436 1470 4491 σέϐεσθαι
1504 4435 1611 4488 τὸν
1639 4434 1808 4489 Θεόν.

592 4524 938 4591 Μέλλοντος
964 4525 1034 4578 δὲ
1057 4525 1164 4580 τοῦ
1204 4526 1449 4579 Παύλου
1490 4523 1759 4592 ἀνοίγειν
1786 4521 1852 4576 τὸ
1884 4523 2095 4591 στόμα,
2133 4553 2177 4609 D

523 4615 694 4669 εἷπεν
719 4616 750 4668 ό
783 4617 1067 4670 Γαλλίων
1104 4617 1255 4684 πρὸς
1300 4616 1443 4680 τοὺς
1481 4614 1846 4682 Ἰουδαίουςυ
1893 4613 1961 4668 Ει
1988 4614 2105 4683 μὲν

524 4703 604 4775 ἦν
632 4706 894 4775 ἀδίκημά
917 4707 961 4740 ³³
993 4725 1046 4762 τι
1065 4708 1103 4776 ἢ
1128 4706 1538 4776 ῥᾳδιούργημα
1560 4707 1850 4775 πονηρὸν,
1872 4701 1919 4760 ὦ
1955 4707 2109 4761 Ἰου-

526 4797 700 4864 δαῖοι,
737 4799 889 4854 κατὰ
913 4801 1101 4870 λόγον
1132 4799 1209 4853 ἂν
1231 4799 1585 4870 ἠνεσχόμην
1628 4796 1798 4869 ὑμῶν
1827 4816 1843 4834 ο

592 4980 663 5037 El
687 4978 756 5032 δὲ
782 4978 1085 5050 ζητήματά
1114 4979 1248 5034 ἐστι
1272 4979 1318 5013 ³⁵
1346 4978 1477 5047 περὶ
1508 4979 1718 5048 λόγου,
1751 4979 1849 5032 καὶ
1888 4978 2108 5047 ένομὰ-

524 5088 665 5137 των,
709 5072 807 5127 καὶ
854 5075 1048 5142 νόμου
1091 5071 1202 5126 τοῦ
1245 5072 1376 5127 καθ’
1404 5069 1579 5140 ὑμᾶς,
1623 5070 1850 5140 ὄψεσθε
1891 5072 2104 5126 αὐτοί·

525 5165 735 5234 κριτὴς
759 5167 870 5235 γὰρ
905 5165 1020 5237 ἐγὼ
1043 5165 1273 5221 τούτων
1300 5166 1373 5219 οὐ
1396 5164 1701 5230 ,βούλομαι
1737 5158 1912 5217 εἶναι.

597 5258 709 5328 Kal
733 5258 1063 5327 ἀπήλασεν
1094 5257 1318 5323 αὐτοὺς
1354 5255 1471 5318 ἀπὸ
1504 5254 1613 5310 τοῦ
1633 5254 1930 5323 βήματος.

611 5350 1064 5420 Ἐπιλαϐόμενοι
1101 5348 1170 5404 δὲ
1190 5348 1423 5427 ςτάντες
1457 5351 1512 5404 ol
1546 5349 1843 5417 Ἕλληνες
1873 5346 2107 5403 Σωσθέ-

601 5531 647 5568 ³¹
692 5528 870 5588 lCor.
903 5544 943 5599 I,
985 5530 1077 5589 M.

2186 3333 2243 3380 et
2272 3322 2469 3378 ardore
2497 3318 2906 3382 incenderetur,
2936 3328 3134 3384 nempe
3160 3318 3384 3382 propter
3409 3306 3770 3363 vicinitatem.

2188 3415 2404 3483 Crispus
2446 3422 2625 3469 autem
2664 3412 2904 3483 princeps
2943 3419 3225 3479 synagoga:
3260 3401 3483 3458 credidit
3525 3386 3771 3454 Domino.

2189 3509 2347 3565 Hunc
2370 3506 2787 3576 dicitCrispum,
2805 3503 2873 3559 de
2890 3517 2998 3573 quo
3015 3500 3147 3557 dicit
3161 3497 3458 3554 :Neminem
3487 3491 3773 3563 baptizari,

2192 3604 2293 3658 nisi
2344 3601 2589 3671 Crispum
2629 3608 2675 3653 et
2714 3596 2912 3652 Caium
2948 3596 3017 3648 ³³.
3059 3620 3130 3633 --
3159 3591 3241 3646 Ne
3287 3591 3514 3655 timeas,
3551 3585 3641 3640 sed
3689 3583 3772 3638 lo»-

2189 3712 2368 3766 quere,
2405 3710 2468 3747 ac
2497 3692 2606 3747 noli
2649 3700 2845 3745 tacere.
2905 3684 3062 3752 Quod
3104 3684 3341 3739 maxime
3382 3682 3565 3752 ipsum
3598 3676 3778 3735 facere

2193 3784 2501 3856 oportebat.
2534 3781 2586 3836 id
2619 3778 2779 3851 140
2803 3774 3078 3849 posterius
3105 3772 3154 3829 ei
3180 3772 3331 3829 dicit.
3366 3770 3513 3825 Nihil
3535 3768 3680 3825 enim
3704 3766 3781 3821 ita

2193 3878 2421 3935 Paulum
2452 3876 2685 3948 angebat
2708 3882 2871 3943 atque
2900 3862 3479 3932 sollicitumltabebat,
3510 3868 3567 3916 ut
3588 3859 3663 3915 illi
3691 3858 3789 3928 qui

2193 3986 2307 4028 non
2335 3967 2654 4025 credebant.

2270 4063 2434 4119 Vnus.
2471 4061 2558 4116 12.
2598 4057 2703 4114 Sed
2733 4055 2976 4111 Gallione
3013 4046 3320 4123 proconsule
3344 4042 3578 4108 Achaia',
3610 4033 3788 4095 Judwi

2197 4156 2428 4213 universi
2463 4151 2637 4207 adorti
2665 4147 2898 4205 Paulum
2924 4146 3186 4201 duxerunt
3210 4137 3282 4195 ad
3311 4132 3567 4201 tribunal,

2269 4336 2435 4394 Vens.
2472 4336 2559 4391 15.
2592 4332 2830 4387 Dicentes
2853 4345 2872 4384 :
2897 4326 2996 4383 Hic
3022 4324 3210 4381 suadet
3237 4317 3554 4383 hominibus,
3582 4322 3638 4370 ut
3661 4328 3788 4368 cano

2203 4443 2287 4488 tra
2317 4433 2483 4503 legem
2516 4430 2685 4485 Deum
2714 4425 2914 4481 colant.

2276 4523 2443 4579 Vens.
2471 4520 2557 4575 M.
2590 4518 2723 4575 Cum
2747 4525 2921 4570 autem
2947 4510 3149 4568 Paulus
3171 4525 3265 4577 pro
3294 4525 3350 4562 se
3374 4505 3548 4560 dicere
3570 4516 3789 4557 conare-

2209 4625 2325 4679 tur,
2359 4611 2533 4669 Gallio
2571 4609 2705 4664 dixit
2737 4606 2806 4661 ad
2843 4604 3098 4660 Iudaeos:
3133 4599 3193 4654 Si
3220 4599 3431 4670 quidem
3467 4592 3789 4662 maleﬁcium

2208 4705 2424 4777 aliquod
2454 4720 2486 4758 α
2510 4702 2675 4767 vobis,
2700 4697 2895 4760 Judaei,
2922 4704 3016 4749 aut
3038 4693 3189 4748 dolus
3214 4689 3385 4745 malus
3409 4687 3716 4743 commissus
3739 4695 3798 4738 et

2207 4796 2442 4867 improbe
2467 4795 2616 4867 fraus
2639 4793 2781 4863 facta
2806 4793 3206 4858 proponeretur,
3229 4790 3364 4837 recte
3390 4796 3478 4835 vos
3533 4778 3719 4843 {errent
3743 4783 3792 4830 et

2212 4889 2455 4944 audirem
2486 4892 2794 4940 accusantes
2815 4898 2833 4936 :

2286 4980 2449 5036 Vsus.
2486 4978 2577 5031 15.
2613 4976 2710 5031 Sin
2747 4982 2925 5029 autem
2968 4969 3284 5041 quaestiones
3314 4972 3435 5021 sunt
3465 4964 3527 5019 de
3560 4959 3713 5016 verba
3745 4964 3794 5010 ct

2218 5074 2517 5132 nominibus
2549 5080 2595 5126 et
2632 5069 2743 5140 lege
2778 5076 2973 5131 vestra,
3000 5080 3089 5118 vos
3120 5062 3218 5132 ipsi
3241 5059 3514 5115 videritis:
3548 5068 3671 5107 nam
3704 5066 3798 5119 ego

2217 5176 2279 5221 de
2304 5166 2420 5219 istis
2451 5162 2604 5218 rebus
2631 5172 2938 5230 cognoscere
2967 5166 3127 5225 atque
3150 5162 3389 5207 statuere
3422 5145 3562 5200 nolo.

2293 5254 2453 5310 Vens.
2492 5254 2577 5309 16.
2602 5252 2672 5306 Et
2701 5252 2777 5305 ita
2803 5247 3084 5303 summovit
3114 5261 3260 5300 ecsa
3294 5237 3572 5297 tribunali.

2288 5344 2451 5400 Vsus.
2477 5343 2562 5399 l7.
2590 5343 2662 5398 Ac
2684 5340 2855 5400 (ἶνιευὶ
2882 5354 3058 5394 omnes
3085 5333 3472 5406 apprehensum
3496 5324 3799 5383 Sostlcencm

1717 5621 1922 5685 Varias
1945 5618 2249 5683 lectiones
2292 5625 2354 5682 et
2398 5626 2587 5684 notae.

603 5732 648 5766 ⁸⁸
686 5732 773 5786 ἵσ.
799 5731 1061 5799 Χριστοῦ.

535 5803 782 5876 vulgatis,
814 5801 1036 5876 ζήτημά
1066 5802 1201 5856 ἐστι.

1159 5728 1203 5761 ³¹
1234 5727 1297 5785 In
1320 5725 1547 5798 vulgatis
1579 5733 1673 5794 est,
1721 5723 1987 5781 διδάσκων
2014 5719 2230 5785 αὐτούς.

2326 5722 2370 5755 ³³
2396 5722 2458 5778 In
2496 5718 2723 5791 vulgatis
2751 5725 2851 5785 est,
2879 5716 2928 5771 εἰ
2976 5713 3076 5787 μὲν
3106 5711 3199 5769 οὖν
3228 5707 3296 5787 ἦν
3323 5711 3587 5783 ἀδίκημα.
3660 5708 3709 5741 ⁸⁸
3736 5706 3803 5764 In
