4116 6216
363 299 470 362 755

1265 283 1842 348 THEOPHYLACTI
1884 281 2290 342 BULGARLE
2326 279 2681 340 ARCHIEP.

3497 264 3604 329 756

366 413 681 483 magistrum
715 423 1015 479 synagogte,
1039 407 1316 474 pulsabant
1341 413 1498 473 atque
1523 401 1792 456 ardebant
1817 410 1936 452 ante

2050 415 2153 464 νην
2182 397 2288 450 τὸν
2313 393 2824 465 άρχισυνάπωγον,
2849 389 3109 444 ἔτυπτον
3132 387 3473 455 ἔμπροσθεν
3504 383 3609 438 τοῦ

368 501 641 558 tribunal:
669 511 716 555 et
746 498 920 555 Gallio
945 498 1075 552 nihil
1094 497 1280 550 horum
1313 493 1555 548 curabat.

437 679 598 733 Vens.
637 675 723 731 18.
760 679 827 730 At
875 674 1074 729 Paulus
1119 690 1239 728 cum
1282 675 1452 728 adhuc
1488 675 1596 728 dies
1641 672 1932 741 complures

368 767 722 832 remansisset,
751 767 942 837 fratres
978 764 1150 817 ualere
1166 765 1346 832 jussit,
1379 773 1426 816 et
1459 763 1512 816 in
1543 761 1756 832 Syriam
1787 762 1936 815 nati-

367 861 529 932 gavit,
560 866 607 912 et
633 873 737 911 una
762 872 877 910 cum
906 855 997 909 illo
1025 853 1268 908 Priscilla
1295 863 1342 908 et
1369 853 1579 923 Aquila,
1615 870 1731 908 cum
1763 861 1936 907 toton-

367 952 524 1004 dissct
559 957 718 1018 caput
744 948 801 1001 in
829 946 1106 1002 Cenchreis
1132 947 1225 1000 :id
1251 946 1389 999 enim
1419 955 1650 1000 voverat.

437 1140 609 1195 Judmi
655 1139 883 1194 universi
931 1139 1103 1193 adorti
1149 1137 1397 1193 Paulum.
1451 1137 1735 1205 Quomodo
1778 1137 1941 1207 igitur

369 1231 596 1286 Paulum
643 1229 818 1286 adorti
867 1239 1032 1296 sunt,
1080 1230 1276 1285 dixerit
1313 1230 1552 1300 aliquis?
1585 1229 1722 1286 Cum
1759 1230 1940 1284 subito

371 1325 696 1393 rapuissent.
721 1321 881 1391 Atqui
908 1322 1043 1376 nihil
1069 1323 1376 1384 valuerunt,
1403 1321 1496 1377 sed
1519 1322 1792 1376 duxerunt
1815 1337 1938 1376 eum

371 1416 438 1470 ad
487 1413 902 1484 proconsulem,
943 1411 1033 1481 qui
1070 1425 1166 1465 eos
1195 1412 1344 1465 curia
1382 1412 1691 1481 prohibuit,
1749 1428 1812 1466 ac
1862 1412 1942 1464 vir

375 1509 642 1561 humanus
669 1516 724 1561 et
753 1519 941 1574 azquus
978 1505 1068 1558 hic
1100 1503 1232 1558 mihi
1265 1503 1436 1559 fuisse
1475 1504 1709 1558 videtur.
1743 1503 1943 1572 Appre-

372 1600 587 1655 hensum
627 1597 955 1655 Sosthenem.
999 1596 1172 1652 Porro
1209 1597 1350 1666 quod
1389 1596 1713 1651 Sosthenem
1759 1595 1942 1666 pulsa-

371 1691 522 1756 bant,
556 1693 638 1745 vel
671 1691 873 1746 idcirco
909 1689 1216 1759 pulsabant,
1245 1689 1390 1758 quod
1421 1689 1536 1757 ipse
1569 1688 1738 1742 Paulo
1776 1687 1946 1756 magis

371 1792 491 1838 erat
537 1781 749 1837 deditus
807 1789 862 1835 et
930 1777 1210 1844 addictus,
1272 1778 1723 1849 quemadmodum
1781 1778 1944 1831 ctiam

372 1870 598 1941 Crispus
635 1868 891 1940 magister
920 1882 1202 1939 synagoga
1233 1886 1246 1922 :
1288 1867 1370 1921 vel
1398 1871 1462 1922 ad
1493 1881 1619 1921 cum
1650 1882 1823 1937 usque
1856 1867 1944 1920 fu-

372 1976 549 2017 rorem
592 1960 861 2031 progressi
908 1967 1084 2024 erant,
1138 1967 1197 2014 ut
1241 1974 1350 2014 non
1381 1961 1616 2015 assecuti
1673 1961 1816 2029 quod
1861 1961 1946 2015 in-

371 2053 658 2108 tenderant
688 2063 851 2120 atque
881 2060 1254 2120 speraverant,
1283 2066 1384 2120 pro
1411 2049 1578 2107 Paulo
1615 2051 1941 2106 Sosthencm

371 2143 689 2212 pulsarent:
721 2141 803 2197 vel
833 2141 1038 2196 idcirco
1061 2141 1444 2211 percutiebant
1464 2158 1614 2205 eum,
1655 2143 1778 2212 quia
1808 2142 1944 2196 Pau-

369 2235 485 2289 lum
515 2234 764 2291 occidere
787 2235 1094 2301 voluerant,
1131 2244 1188 2290 et
1225 2234 1527 2290 Sosthenes
1556 2251 1650 2290 eos
1691 2234 1946 2305 prohibe-

372 2326 484 2381 bat.
534 2328 600 2380 At
641 2341 824 2380 coram
868 2326 988 2395 ipso
1035 2326 1352 2397 magistratu
1401 2328 1544 2395 quod
1591 2342 1700 2379 non
1749 2326 1946 2380 licebat

370 2419 630 2474 committ:
651 2429 774 2473 ntes
793 2461 808 2484 ,
844 2419 1168 2474 Sosthenem
1198 2418 1514 2488 pulsabant,
1549 2418 1650 2473 hoc
1680 2419 1836 2488 quasi
1865 2418 1947 2472 di-

373 2519 600 2565 centes:
631 2509 686 2564 Si
717 2511 810 2580 qui
844 2511 959 2565 vult
988 2510 1117 2565 facit
1146 2510 1294 2580 quod
1325 2512 1461 2576 vult,
1490 2521 1546 2565 et
1573 2524 1682 2565 non
1715 2511 1946 2580 amplius

372 2602 552 2656 locum
591 2602 759 2656 habet
819 2603 938 2667 lex,
994 2616 1124 2657 ecce
1159 2602 1324 2662 etiam
1349 2617 1448 2657 nos
1471 2603 1617 2657 hunc
1642 2603 1943 2673 pulsamus.

370 2693 488 2750 Non
509 2694 818 2752 vindicabat
833 2702 1014 2749 autem
1034 2695 1347 2766 proconsul,
1369 2709 1470 2750 nec
1483 2695 1947 2751 animadvertebat

374 2786 430 2840 in
458 2801 582 2851 eos,
613 2787 708 2842 sed
747 2786 960 2842 sinebat
991 2802 1086 2843 eos
1127 2801 1186 2842 se
1217 2799 1406 2841 mutuo
1445 2787 1664 2858 pulsare
1697 2806 1709 2842 :
1741 2788 1865 2858 quia
1899 2788 1943 2842 si

373 2887 563 2934 contra
590 2878 823 2950 aliquem
869 2879 1032 2933 alium
1067 2879 1168 2933 hoc
1198 2877 1488 2942 fecissent,
1529 2893 1755 2948 prorsus
1791 2888 1945 2950 pote-

375 2977 461 3023 rat
495 2984 590 3026 eos
629 2972 926 3044 reprimere
964 2982 1127 3040 atque
1164 2985 1440 3028 coercere.
1482 2971 1651 3040 Atque
1684 2991 1787 3026 una
1827 2991 1943 3028 cum

372 3063 490 3132 ipso
517 3064 835 3118 avehebatur
861 3063 1107 3118 Priscilla
1133 3057 1183 3119 et
1202 3065 1416 3136 Aquila,
1445 3081 1572 3152 cunt
1592 3074 1749 3132 caput
1786 3066 1946 3118 rasis-
1975 3100 2019 3158 ο

373 3163 452 3208 set
471 3155 526 3206 in
544 3153 837 3209 Cenchreis.
866 3155 1136 3220 Quoniam
1163 3155 1336 3210 Judaei
1359 3149 1775 3224 suspicabantur
1799 3155 1947 3209 illum

375 3242 734 3298 defectionem
766 3259 796 3297 a
835 3243 953 3314 lege
981 3245 1212 3307 docere,
1247 3259 1312 3298 ac
1342 3244 1496 3298 multi
1535 3243 1950 3299 oil‘endebantur

377 3335 434 3387 in
466 3347 566 3398 eo,
613 3347 677 3387 ac
707 3332 1154 3403 praedicationem
1188 3349 1297 3390 non
1326 3334 1835 3404 amplectebantur:
1873 3336 1952 3391 id-

377 3421 522 3478 circo
544 3429 601 3476 et
627 3421 717 3477 hic
746 3431 800 3476 ct
829 3421 882 3476 in
913 3422 1116 3492 templo
1151 3421 1543 3492 Hierosolymis
1567 3424 1817 3478 consulto
1849 3425 1953 3480 hoc

376 3510 524 3575 facit,
543 3521 597 3567 ct
614 3513 717 3567 hoc
734 3521 851 3568 erat
870 3513 1012 3583 quod
1041 3511 1157 3583 ipse
1187 3513 1432 3568 dicebat:
1466 3511 1571 3568 Fui
1590 3513 1690 3583 legi
1718 3515 1953 3568 subditus

381 3604 535 3677 1&1
557 3605 709 3675 quasi
730 3605 1113 3674 legiobnoxius,
1141 3615 1197 3659 ut
1213 3605 1313 3675 legi
1324 3606 1554 3661 subditos
1568 3607 1949 3678 lucrifacerem.

377 3729 448 3738 -—
482 3696 550 3753 Id
575 3700 712 3754 enim
736 3707 947 3753 voverat
969 3699 1012 3754 ’.
1073 3696 1269 3754 Votum
1299 3698 1434 3754 dicit
1480 3697 1949 3769 pollicitatfonem.

378 3787 658 3844 Pollicitus
695 3791 839 3846 enim
877 3799 996 3846 erat
1029 3804 1088 3845 se
1117 3789 1370 3860 capillum
1407 3789 1775 3844 abscissurum
1807 3803 1948 3854 esse,

378 3896 449 3937 ne
495 3891 683 3952 postea
725 3882 959 3952 amplius
1013 3891 1272 3952 tanquam
1321 3881 1668 3946 mundanus,
1721 3895 1783 3935 ea
1832 3894 1952 3948 qua:

378 3973 636 4028 mundani
661 3973 836 4029 solent
861 3987 1043 4044 agere,
1071 3981 1351 4034 tractaret.
1397 3973 1492 4027 sed
1520 3980 1777 4041 tanquam
1801 3986 1951 4027 more

379 4064 563 4119 divino
593 4063 812 4130 vivens,
850 4073 1201 4133 permaneret
1232 4064 1376 4135 apud
1419 4063 1742 4119 Ecclesiam.
1776 4065 1952 4133 Atque

377 4157 542 4212 etiam
581 4157 772 4227 Aquila
807 4171 872 4212 ex
903 4158 1297 4228 pollicitatione
1339 4157 1441 4213 sibi
1485 4158 1666 4213 crines
1695 4157 1946 4214 abscidit.

379 4247 484 4314 Qui
513 4249 659 4304 enim
694 4250 779 4320 pie
810 4249 1066 4304 nimirum
1108 4252 1294 4305 vivere
1331 4249 1618 4313 volebant,
1657 4249 1758 4304 hoc
1785 4249 1952 4304 facie-

379 4340 549 4396 bant:
582 4341 882 4410 quinctiam
919 4341 1226 4412 antiquitus
1267 4341 1369 4396 hoc
1398 4340 1576 4396 facere
1603 4339 1774 4396 Judaei
1817 4356 1952 4397 con-

377 4443 688 4490 sueverant.
725 4433 912 4505 Itaque
946 4445 998 4490 et
1029 4435 1420 4488 monachorum
1451 4443 1506 4488 et
1541 4433 1944 4496 eanoniearum,

376 4523 430 4579 id
479 4534 566 4580 est
628 4526 957 4597 regularium
1003 4525 1275 4594 virginum
1327 4533 1381 4577 et
1430 4523 1944 4587 sanctimonialium,
1979 4508 2026 4568 ο

318 4685 320 4688 τ
379 4616 557 4684 capilli
585 4627 735 4672 recte
770 4617 1157 4671 detondeutur.

451 4721 614 4779 Vens.
645 4727 730 4780 19.
759 4723 1005 4779 Pervenit
1036 4732 1210 4778 autem
1238 4725 1521 4796 Ephesum,
1541 4735 1587 4780 et
1617 4725 1738 4781 illos
1766 4726 1835 4780 ibi
1865 4741 1948 4777 re-

383 4815 558 4885 liquit,
594 4815 687 4869 sed
714 4816 825 4885 ipse
851 4816 1118 4886 ingressus
1151 4817 1204 4871 in
1241 4833 1586 4888 synagogam,
1617 4817 1946 4872 sermocina-

379 4906 539 4960 batur
559 4921 677 4960 cum
705 4905 924 4961 ludatis.

451 5015 614 5072 Vens.
645 5015 735 5072 το.
772 5015 1098 5088 Rogantibus
1131 5029 1304 5074 autem
1340 5018 1448 5074 illis
1491 5026 1549 5075 ut
1583 5017 1778 5073 diutius
1809 5021 1954 5088 apud

377 5125 436 5165 se
468 5119 725 5173 maneret,
759 5127 956 5165 morem
976 5111 1048 5166 eis
1078 5128 1180 5166 non
1207 5113 1384 5181 gessit,

443 5218 608 5277 Vens.
632 5219 724 5278 21.
757 5217 862 5277 Sed
882 5236 968 5278 eos
991 5221 1168 5276 ualere
1185 5221 1344 5290 jussit
1373 5237 1490 5275 cum
1515 5221 1706 5274 diceret
1736 5239 1750 5274 :
1780 5217 1950 5290 Opor-

441 5399 487 5431 ³⁸
516 5396 536 5452 Ι
566 5397 694 5455 Cor.
726 5415 800 5468 Ix,
829 5399 897 5454 l9
921 5398 1084 5455 et2l.

2031 490 2341 558 βήματος’
2382 489 2477 542 καί
2526 483 2709 540 οὐδὲν
2756 483 2985 536 τούτων
3023 480 3104 546 τῷ
3145 479 3443 532 Γαλλίωνι
3479 478 3611 546 ἐμε-

2035 583 2146 633 λεν
2166 580 2230 633 ³⁵.
2313 575 2320 583 ’

2120 671 2184 725 Ὀ
2216 672 2285 724 δὲ
2324 670 2562 735 Παῦλος
2589 670 2676 723 ἔτι
2714 666 3085 737 προσμείνας
3120 660 3348 731 ἡμέρας
3381 659 3609 725 ίκανὰς.

2036 761 2161 829 τοῖς
2210 763 2496 831 ἀδελφοῖς
2543 760 3020 830 ἀποταξάμενος,
3066 755 3310 820 ἐξέπλει
3362 755 3449 819 είς
3496 750 3610 818 τὴν

2039 855 2291 921 Συρίαν·
2335 855 2430 908 καί
2470 853 2592 906 σὺν
2619 851 2779 916 αὺτῷ
2825 850 3165 915 Πρίσκιλλα
3209 844 3306 898 καί
3359 844 3608 908 Ἀκύλας

2040 944 2388 1013 κειράμενος
2421 943 2534 1011 τὴν
2563 941 2840 1012 κεφαλὴν
2862 939 2931 992 ἐν
2955 935 3271 1007 Κεγχρεαῖς
3300 949 3314 962 °
3344 929 3468 1002 εἶχε
3497 933 3608 1001 γὰρ

2041 1035 2254 1105 εὐχήν.

2111 1145 2582 1212 Κατεπέστησαν
2622 1140 3002 1212 ὁμοθυμαδὸν
3038 1140 3092 1192 ol
3145 1134 3462 1192 Ἰουδαῖοι..
3491 1132 3616 1194 Πῶς

2041 1239 2133 1293 οὖν
2162 1239 2455 1304 ὲπέθεντο;
2489 1237 2631 1291 εἴποι
2653 1253 2736 1298 τις
2767 1235 2853 1288 ἄν.
2885 1235 3074 1302 Ἀφνω
3107 1229 3478 1300 ἁρπάσαντες.
3505 1226 3617 1278 Καὶ

2047 1330 2151 1400 μὴν
2185 1329 2337 1382 οὐδὲν
2369 1329 2593 1398 ἴσχυσαν
2615 1366 2630 1392 ,
2667 1325 2782 1381 ἀλλ’
2826 1323 2963 1394 ἦγον
3016 1322 3178 1376 αὐτὸν
3209 1320 3345 1391 πρὸς
3374 1317 3464 1371 τὸν
3490 1315 3616 1370 ἀνθ-

2045 1421 2267 1474 ύπατον.
2338 1417 2674 1488 ’Λπετείχισε
2736 1417 2792 1469 δὲ
2855 1415 3038 1477 αὐτοῖς
3108 1411 3170 1463 τὸ
3245 1407 3615 1477 δικαστήριον.

2058 1511 2338 1580 Ἑπιεικὴς
2385 1511 2439 1563 δέ
2490 1527 2574 1572 τις
2603 1508 2890 1578 ἄνθρωπος
2927 1502 3081 1568 οὗτος
3127 1499 3267 1557 εἷναί
3313 1519 3402 1570 μοι
3447 1500 3615 1552 δοκεῖ.

2057 1603 2511 1670 Ἐστι-ἰασόμενοι
2561 1600 2630 1653 δὲ
2680 1599 3021 1665 Σωσθένην.
3061 1595 3134 1648 Τὸ
3164 1593 3220 1648 δὲ
3253 1593 3478 1646 τύπτειν
3523 1590 3620 1643 τὸν

2049 1695 2355 1765 Σωσθένην,
2386 1694 2418 1764 ἦ
2449 1693 2540 1746 διὰ
2591 1690 2749 1745 τοῢτο
2792 1689 3046 1751 ἔτυπτον,
3101 1685 3291 1754 ἐπειδὴ
3328 1683 3421 1736 καὶ
3461 1681 3622 1742 αὐτὸς

2056 1787 2257 1858 μᾶλλον
2287 1783 2712 1856 προστιθέμενος
2752 1777 2820 1851 ἦν
2873 1779 2950 1850 τῷ
2984 1776 3201 1846 Παύλῳ,
3233 1775 3306 1836 ὼς
3339 1773 3433 1826 καὶ
3479 1771 3620 1840 Κρί-

2055 1897 2190 1940 σπος
2209 1881 2236 1932 ὁ
2261 1876 2709 1947 ἀρχισυνάγωγος
2731 1890 2744 1903 ·
2780 1873 2811 1943 ἦ
2841 1874 2919 1935 εἰς
2949 1871 3203 1925 τοσοῦτον
3245 1862 3386 1939 ἦσαν
3429 1865 3621 1932 ἐληλα-

2053 1971 2210 2031 κότες
2246 1968 2441 2040 μανίας
2465 1968 2530 2032 ³⁸,
2558 1968 2640 2020 ὅτι
2670 1964 3033 2035 ἀποτυχόντες
3060 1960 3152 2013 τοῦ
3185 1955 3388 2013 σκοποῦ
3419 1955 3620 2018 αὐτῶν,

2053 2064 2174 2117 ἀντὶ
2224 2061 2319 2116 τοῦ
2370 2059 2582 2114 Παύλου
2620 2057 2905 2127 Σωσθένην
2938 2055 3201 2107 ἔτυπτον·
3253 2051 3288 2121 ἢ
3331 2049 3420 2104 διὰ
3466 2045 3624 2101 τοῦτο

2053 2156 2283 2209 ἔτυπτον
2327 2153 2512 2215 αὐτὸν,
2566 2149 2756 2221 ἐπειδὴ
2799 2147 3180 2219 ἠϐουλήθησαν
3230 2141 3489 2214 φονεῦσαι
3532 2139 3626 2192 τὸν

2057 2247 2289 2310 Παῦλον,
2331 2243 2428 2298 καὶ
2456 2243 2738 2312 Σωσθένης
2769 2241 3059 2295 διεκώλυεν
3085 2237 3283 2299 αὐτούς
3303 2252 3317 2265 ο
3347 2234 3433 2287 ἐπ’
3457 2229 3622 2285 αὑτοῦ

2052 2339 2108 2393 δὲ
2145 2338 2240 2391 τοῦ
2292 2336 2550 2406 ἄρχοντος
2599 2331 2988 2394 ἀκαθοσιὼτως
3035 2326 3339 2389 ποιοῦντες,
3398 2325 3627 2376 ἔτυπτον

2052 2431 2143 2484 τὸν
2175 2428 2480 2496 Σωσθένην,
2516 2425 2672 2478 τοῦτο
2719 2423 3000 2492 λέγοντες·
3055 2420 3120 2473 Εἰ
3165 2419 3193 2471 ὁ
3225 2416 3393 2471 θέλων
3427 2415 3569 2467 ποιεῖ
3599 2412 3628 2465 ὃ

2054 2523 2222 2585 θέλει,
2265 2520 2361 2572 καὶ
2388 2518 2491 2571 οὐκ
2521 2517 2636 2570 ἐστι
2665 2515 2848 2585 νόμος,
2883 2513 2983 2567 καὶ
3016 2512 3177 2580 ἡμεῖς
3209 2508 3317 2562 ἰδοὺ
3351 2506 3628 2571 τύπτομεν

2054 2615 2262 2670 τοῦτον.
2320 2612 2396 2665 Ού
2449 2610 2826 2680 προσεποιεῖτο
2864 2606 2920 2660 δὲ
2980 2603 3179 2664 αὐτοὺς
3225 2602 3254 2654 ὁ
3296 2597 3625 2659 ἀνθύπατος,

2055 2706 2168 2760 ἀλλ’
2194 2705 2280 2759 εἴα
2311 2703 2538 2757 τύπτειν
2564 2699 2824 2770 ἀλλήλους
2843 2714 2857 2729 ·
2897 2697 3019 2750 ἐπεὶ
3059 2696 3107 2747 εῑ
3135 2689 3276 2765 ἦσαν
3315 2689 3458 2744 κατά
3485 2703 3630 2747 τινος

2053 2799 2215 2852 ἄλλου
2239 2796 2332 2850 καὶ
2361 2794 2435 2865 μὴ
2467 2792 2591 2846 καθ’
2622 2789 2830 2844 ἑαυτῶν
2854 2787 3179 2857 ποιήσαντες
3199 2781 3378 2846 τοῦτο,
3409 2781 3628 2840 πάντως

2053 2887 2199 2961 εἶχεν
2249 2888 2447 2950 αὐτοὺς
2482 2883 2833 2954 σωφρονίσαι.
2877 2878 3153 2943 Ἐξέπλει
3183 2874 3251 2928 δὲ
3301 2872 3424 2927 σὺν
3468 2865 3629 2961 αὐτῷ

2051 2958 2389 3052 Πρίσκιλλα
2427 2977 2522 3031 καὶ
2566 2975 2813 3039 Ἀκύλας
2849 2969 3194 3040 κειράμενος
3217 2963 3332 3031 τὴν
3355 2958 3629 3031 κεφαλὴν

2050 3076 2120 3129 ἐν
2148 3070 2489 3142 Κεγχρεαῖς.
2539 3066 2757 3136 Ἐπειδὴ
2806 3064 2980 3118 ἐδόκει
3030 3062 3142 3123 τοῖς
3187 3055 3459 3116 Ἰουδαίοις
3491 3056 3628 3106 ἀπο-

2053 3167 2276 3223 στασίαν
2325 3163 2420 3233 τοῦ
2471 3161 2637 3231 νόμου
2684 3157 2976 3218 διδάσκειν,
3027 3152 3120 3206 καὶ
3184 3144 3631 3210 ἐσκανδαλίζοντο

2053 3257 2240 3311 πολλοὶ
2269 3257 2350 3318 εἰς
2378 3252 2563 3310 αὐτὸν.
2602 3249 2697 3304 καὶ
2727 3247 2786 3300 ού
2819 3245 3185 3316 παρεδέχοντο
3217 3241 3278 3294 τὸ
3326 3239 3587 3310 κήρυγμα
3610 3251 3623 3266 ο

2051 3349 2242 3404 τούτου
2274 3347 2436 3418 χάριν
2461 3345 2558 3397 καὶ
2585 3339 2820 3396 ἐνταῦθα
2861 3337 2956 3392 καὶ
2985 3339 3043 3390 ὲν
3080 3334 3158 3406 τῷ
3203 3333 3335 3404 ἱερῷ
3367 3333 3426 3385 ἐν
3471 3331 3635 3418 Ἰερο-

2055 3439 2310 3511 σολύμοις
2349 3431 2708 3505 οἰκονομικῶς
2741 3431 2900 3484 τοῦτο
2929 3428 3164 3499 πράσσει
3187 3441 3200 3456 ⁸
3237 3425 3330 3478 καὶ
3361 3421 3520 3476 τοῦτο
3539 3416 3628 3491 ἦν,

2053 3531 2081 3584 ὂ
2128 3510 2288 3593 αὐτὸς
2340 3527 2558 3595 ἔλεγεν
2605 3522 2930 3590 Ἐτενόμην
2975 3515 3101 3582 τοῖς
3155 3513 3275 3569 ὑπὸ
3321 3517 3511 3580 νίμον
3551 3510 3632 3574 ὡς

2051 3619 2172 3674 ὑπὸ
2201 3620 2412 3688 νόμον,
2435 3616 2535 3669 ἵνα
2557 3612 2698 3679 τοὺς
2725 3609 2846 3667 ὑπὸ
2871 3607 3060 3677 νόμον
3090 3602 3381 3674 κερδήσω.
3403 3632 3474 3642 -—
3490 3596 3631 3668 Εἶχε

2051 3710 2163 3779 τὰρ
2205 3708 2420 3778 εὐχήν.
2474 3704 2650 3776 Εὐχὴν
2682 3701 2830 3770 λέγει
2871 3699 2972 3769 τὴν
3021 3697 3334 3766 ὑπόσχεσιν.
3371 3691 3632 3760 ’Υποσχό-

2057 3815 2216 3868 μενος
2251 3798 2361 3867 γὰρ
2393 3790 2461 3865 ἦν
2495 3791 2771 3860 ἀποκόψαι
2825 3789 2926 3860 τὴν
2977 3786 3162 3859 τρίχα,
3202 3785 3290 3836 ἵνα
3327 3783 3520 3853 μηκέτι
3555 3780 3630 3842 ὡς

2052 3891 2318 3960 κοσμικὸς
2369 3888 2437 3942 τὰ
2483 3887 2592 3940 τῶν
2623 3882 2908 3954 κοσμικῶν
2955 3879 3196 3950 πράττῃ.
3229 3875 3345 3928 ἀλλ’
3375 3874 3450 3938 ὡς
3490 3872 3630 3926 κατὰ

2049 3984 2183 4038 Θεὸν
2213 3982 2321 4047 ζῶν
2353 3979 2668 4051 παραμείνῃ
2689 3978 2730 4010 ⁸⁷
2759 3977 2825 4046 τῇ
2878 3971 3194 4041 Ἐκκλησία.
3235 3969 3347 4022 Καὶ
3391 3965 3624 4028 Ἀκύλας

2050 4077 2110 4132 δὲ
2141 4075 2202 4142 ἐξ
2234 4057 2581 4144 ὑποσχέσεως
2621 4068 2901 4138 ἀπέκοψεν
2945 4064 3140 4120 ἑαυτοῦ
3178 4062 3276 4125 τὰς
3322 4060 3531 4132 τρίχας.
3565 4060 3628 4110 Οἱ

2053 4169 2301 4230 θέλοντες
2329 4166 2438 4236 γάρ
2485 4165 2646 4234 δῆθεν
2677 4159 2946 4222 θεοσεϐῶς
2995 4159 3115 4228 ζῇν,
3163 4153 3380 4207 ἐποίουν
3430 4150 3624 4203 τοῦτο·

2053 4260 2192 4314 ἀλλὰ
2231 4257 2328 4313 καὶ
2365 4257 2485 4319 ἔθος
2532 4250 2601 4326 ἦν
2644 4252 2872 4306 παλαιὸν
2925 4248 3200 4310 Ἰουδαίοις
3244 4243 3422 4297 τοῦτο.
3466 4242 3627 4294 ’Ὥστε

2055 4350 2238 4414 καλῶς
2276 4347 2372 4403 καὶ
2396 4348 2447 4401 οἱ
2496 4344 2818 4417 μονάζοντες
2861 4340 2957 4396 καὶ
2989 4339 3046 4392 al
3085 4334 3366 4391 κανονικαὶ
3402 4329 3627 4386 ἀποκείσ-

2060 4459 2244 4515 ρονται
2271 4441 2370 4504 τὰς
2399 4439 2598 4510 κόμας.

2137 4720 2489 4788 Κατήντησε
2543 4716 2612 4770 δὲ
2667 4719 2756 4782 εις
2817 4716 3106 4784 Ἔφεσον,
3180 4710 3278 4765 καὶ
3351 4707 3624 4770 ἐκείνους

2072 4814 2397 4870 κατέλιπεν
2422 4808 2608 4866 αὐτοῦ
2632 4827 2646 4842 ο
2677 4809 2860 4875 αὐτὸς
2888 4807 2956 4860 δὲ
2980 4805 3173 4860 ἐλθὼν
3199 4803 3244 4836 ³⁸
3294 4803 3406 4869 τὴν
3457 4814 3612 4854 συν-

2053 4906 2316 4978 αγωγὴν,
2339 4903 2614 4974 διελέχθη
2638 4901 2762 4969 τοῖς
2775 4900 3096 4964 Ἰουδαίοις.

2123 5017 2502 5088 Ἔρωτὼντων
2544 5013 2612 5067 δὲ
2669 5010 2870 5066 αὐτῶν
2927 5009 3025 5062 ἐπὶ
3084 5006 3329 5060 πλείονα
3399 5003 3622 5074 χρόνον

2055 5112 2207 5166 εἶναι
2247 5110 2290 5141 ³⁹
2325 5108 2461 5176 παρ’
2485 5105 2714 5171 αὐτοῖς,
2747 5105 2857 5157 οὐκ
2889 5099 3244 5166 ἐπένευσεν,

2125 5217 2304 5272 Ἀλλὰ
2381 5213 2717 5275 ἀπετάξατο
2781 5207 3016 5276 αὐτοῖς,
3068 5207 3254 5263 ειπών
3286 5223 3302 5240 ·
3377 5207 3479 5260 Δεῖ
3542 5219 3618 5274 με

1546 5508 1744 5573 Varias
1773 5507 2078 5571 lectiones
2121 5513 2182 5568 et
2226 5513 2415 5575 notae.

451 5642 495 5674 ³³
523 5640 770 5710 ἔμελλεν,
801 5649 938 5696 erat.
1015 5640 1059 5673 ³⁸
1105 5639 1334 5712 μανίαν,
1367 5647 1502 5693 erat.
1579 5636 1623 5669 ³⁷
1654 5633 2004 5707 παραμείνει,

380 5719 481 5776 cst,
517 5713 718 5779 μεῖναι.

2063 5641 2198 5686 erat.
2273 5629 2317 5663 ³⁸
2349 5625 2415 5682 In
2466 5625 2690 5698 vulgatis
2731 5634 2824 5691 est,
2855 5622 3128 5678 εἰσελθών.
3207 5622 3250 5654 ³⁸
3287 5618 3353 5674 In
3381 5617 3605 5689 vulgatis
