4116 6216
437 773 835 874 πιστεύσωσι.
887 782 999 838 Καὶ
1030 786 1131 841 οὐκ
1156 786 1334 856 εἷπεν,
1364 794 1446 846 ὅτι
1467 773 1635 851 Οὐδέν
1661 798 1777 852 ἔστι
1805 801 1866 853 τὸ
1917 803 2013 874 βά-

436 877 648 934 πτισμα
669 865 939 941 Ἰωάννου,
968 877 1109 945 ἀλλ’,
1130 882 1213 936 ὅτι
1236 884 1446 950 ἀτελές.
1467 888 1638 942 Πόθεν
1657 889 1714 943 δὲ
1730 865 1929 948 ἐκεῖνοι
1953 897 2013 950 ὲν

436 950 649 1051 ῘΕφξσῳ
705 957 864 1026 ὄντες
907 964 969 1018 τὸ
1004 968 1288 1044 βάπτισμα
1324 973 1470 1047 εἶχον
1520 981 1812 1049 Ἰωάννους
1849 987 2008 1051 Ἴσως

435 1043 790 1143 ἐπεδήμησαν
809 1056 924 1119 τοῖς
947 1043 1343 1135 Ἰεροσολύμοις
1510 1074 1605 1125 καὶ
1627 1043 1893 1143 ἀπῆλθον,

431 1134 554 1233 οὐδε
583 1138 677 1192 τὸν
711 1142 920 1213 Ἰησοῦν
948 1134 1268 1218 ἠπίσταντο.
1300 1159 1375 1213 Οὐ
1403 1159 1556 1230 λέγει
1583 1163 1639 1217 δὲ
1658 1134 2007 1233 aesomni-

431 1228 650 1326 στεύστε
674 1234 754 1297 εἰς
784 1237 877 1290 τὸν
907 1238 1109 1310 Ἰησοῦν
1139 1260 1156 1310 ;
1187 1247 1323 1302 ἀλλὰ
1351 1250 1402 1303 τε
1439 1268 1455 1318 ;
1483 1228 1554 1308 Et
1578 1228 2009 1326 Πνεῦμαιῑγιον

429 1319 675 1420 ἐπείδετε
695 1333 1146 1420 πιστεύσαντες
1165 1355 1186 1402 ;
1204 1341 1361 1412 ᾜδει
1412 1345 1495 1398 ὃτι
1548 1348 1648 1401 οὐκ
1676 1319 1843 1420 εἷγον,
1873 1319 2007 1407 αλλὰ

432 1409 682 1479 βούλεται
725 1419 913 1485 αὐτοῖς
936 1425 1132 1496 εἰπεῖν,
1163 1409 1258 1484 ἵνα.
1307 1433 1574 1505 μαθόντες
1635 1431 1711 1493 ὧν
1729 1409 2002 1496 ’,ἀπεστέ-

432 1518 646 1576 ρηνται,
676 1510 991 1583 αἰτήσουσιν.

494 1713 624 1806 ΙίαιΔ
650 1715 964 1789 ἐπιθέντος
1022 1726 1227 1794 αὐτοῖς
1281 1731 1388 1787 τοῦ
1442 1734 1688 1790 Παύλου
1717 1735 1824 1804 τὰς
1868 1737 1996 1806 χεῖ-

418 1818 554 1869 ρας,
584 1801 735 1875 ἦλθε
765 1811 830 1865 τὸ
862 1815 1107 1886 Πνεῦμα
1136 1820 1202 1871 τὸ
1234 1820 1407 1891 ἅγιον
1434 1825 1528 1878 ἐπ’
1571 1801 1829 1895 αὐτούς·
1857 1801 2000 1883 ἐξιά-

422 1896 580 1981 λουν
597 1913 662 1951 τε
686 1900 1013 1974 γλώσσαις,
1046 1909 1141 1963 καὶ
1161 1913 1588 1981 προεφήτευον.

493 1979 689 2039 Ἦσαν
714 1987 785 2042 δὲ
811 1992 866 2046 cl
892 1993 1137 2065 πάντες,
1185 1979 1402 2071 ἇνὸῥες
1442 2004 1585 2061 ὡσεὶ
1651 2011 1928 2073 δεκαδύο.

492 2171 607 2264 Uir-1
636 2171 823 2264 ἑῴρων
848 2176 909 2230 τὸ
936 2178 1198 2251 Πνεῦμαο
1228 2185 1459 2256 ἀόρατον
1499 2191 1607 2264 γάρ
1661 2195 1845 2251 ἐστιν*
1907 2201 1997 2254 αἱ·

426 2258 624 2361 σθητδν
663 2262 719 2317 δέ
747 2282 868 2321 τινα
890 2267 1112 2340 ἔλεγχον
1136 2273 1306 2329 ἐδίδου
1337 2278 1433 2346 τῆς
1469 2258 1750 2353 ὲνεργείας
1777 2288 1993 2361 ἐκείνης

420 2351 668 2449 ﬁxa-pte.
698 2358 807 2411 Καὶ
838 2360 867 2412 ό
900 2361 1000 2430 μὲν
1028 2367 1095 2435 τῇ
1134 2367 1379 2437 Περσῶν,
1409 2373 1436 2424 ό
1467 2372 1525 2426 δὲ
1553 2351 1619 2446 τῇ
1673 2351 1981 2449 Ῥωμαίων,

418 2445 447 2496 ό
473 2443 528 2496 δὲ
546 2446 1043 2540 ἐτεραγὲφθὲγγετο
1068 2456 1294 2528 γλώσσῃ
1313 2476 1326 2489 ·
1365 2461 1460 2515 καὶ
1485 2443 1660 2536 τούτῳ
1690 2443 1987 2540 ὲςρςιινεροῦεζ

416 2550 484 2632 το
509 2535 573 2589 τὸ
605 2536 805 2602 ἔξωθεν
834 2541 902 2611 ἰ,
947 2543 1030 2597 δτι
1078 2546 1139 2600 τὸ
1204 2549 1430 2623 Πνεῦμα
1462 2554 1610 2609 ἐστιν
1634 2535 1712 2612 γὲν
1735 2535 1738 2536 ν
1758 2535 1906 2632 αύτῷ
1932 2562 1994 2616 τὸ

418 2626 812 2701 φθεγγόμενον.

484 2813 792 2906 βίσελθὼν
851 2818 921 2873 δὲ
976 2822 1063 2889 εἷς
1115 2824 1231 2894 τὴν
1289 2831 1672 2903 συναγωγὴν,
1734 2836 1988 2906 ἐπαῤῥη-

421 2904 655 2967 σιάζετο
679 2908 780 2963 ἐπὶ
805 2910 1010 2981 μῆνας
1038 2917 1215 2984 τρεῖς,
1239 2912 1668 2993 διαλεγόμενος
1720 2928 1819 2981 καὶ
1846 2904 1993 2984 στεί-

416 2999 537 3050 θων
570 2999 644 3053 τὰ
682 3002 815 3070 περὶ
843 3003 954 3071 τῆς
976 3006 1301 3076 βασιλείας
1330 3012 1436 3066 τοῦ
1467 3016 1637 3073 Θεοῦ.

2113 734 2330 801 quidem
2361 736 2527 812 [illas]
2551 745 2867 812 credidisse,
2919 748 3091 819 liquet
3116 766 3182 805 ex
3222 766 3288 806 eo
3320 752 3462 822 quod
3491 752 3625 807 dixit
3665 770 3679 807 :

2116 823 2176 880 Ut
2198 827 2251 879 in
2288 843 2428 894 eum,
2447 834 2538 899 qui
2579 843 2696 901 post
2748 836 2919 905 ipsum
2946 848 3193 894 venturus
3218 850 3366 900 esset.
3391 850 3677 897 crederent.

2108 914 2186 968 Ac
2211 931 2321 971 non
2355 919 2490 975 dixit
2530 925 2739 979 nullum
2772 941 2894 983 esse
2956 929 3222 999 baptisma
3304 929 3552 993 Joannis.
3583 934 3677 988 sed

2109 1019 2230 1061 esse
2261 1008 2659 1079 imperlectum.
2694 1015 2799 1071 Sed
2826 1019 2970 1073 unde
2994 1020 3093 1079 illi.
3146 1021 3237 1091 qui
3269 1020 3466 1090 Ephesi
3499 1032 3675 1086 erant,

2108 1094 2371 1167 baptisma
2401 1102 2627 1158 Joannis
2656 1107 2969 1165 habebam?
2999 1109 3249 1166 Forsitan
3290 1110 3678 1183 Hierosolymis

2106 1198 2264 1244 erant
2293 1195 2613 1265 peregrinati
2648 1207 2781 1254 tunc
2806 1209 2861 1256 et
2892 1201 3196 1265 abiverant,
3226 1218 3289 1256 ac
3339 1218 3440 1257 nec
3488 1203 3674 1258 Jesurn

2105 1283 2322 1351 quidem
2352 1299 2633 1344 noverant.
2665 1290 2782 1345 Non
2807 1292 2941 1347 dicit
2982 1306 3162 1348 autem
3195 1294 3322 1358 illis,
3354 1294 3569 1349 Credite
3620 1296 3672 1346 in

2103 1373 2329 1431 Jesum?
2363 1380 2457 1433 sed
2488 1382 2656 1450 quid?
2686 1382 2768 1436 An
2798 1382 3053 1453 Spiritum
3084 1394 3331 1439 sanctum
3392 1387 3675 1454 accepistis

2104 1483 2169 1521 ea:
2191 1485 2292 1538 quo
2319 1472 2655 1529 credidistis?
2686 1474 2919 1531 Noverat
2934 1492 3027 1532 eos
3049 1492 3159 1532 non
3182 1478 3382 1532 habere
3407 1475 3670 1546 Spiritum

2104 1569 2375 1627 sanetum,
2411 1565 2503 1619 sed
2534 1567 2648 1621 vult
2679 1566 2760 1622 eis
2792 1569 2993 1635 dicere,
3028 1578 3089 1624 ut
3114 1570 3346 1626 scientes
3367 1569 3562 1639 quibus
3590 1584 3674 1622 re-

2102 1650 2206 1707 bus
2232 1666 2472 1719 careant,
2506 1669 2713 1727 petant.

2035 1780 2075 1834 Β
2171 1743 2332 1802 Vens.
2374 1748 2429 1801 6.
2461 1750 2665 1803 Etcum
2713 1750 2912 1807 Paulus
2949 1768 3137 1805 manus
3171 1753 3244 1805 eis
3318 1752 3669 1818 imposuisset,

2104 1837 2239 1889 venit
2268 1836 2496 1907 Spiritus
2527 1853 2742 1894 sanctus
2771 1859 2927 1910 super
2954 1843 3170 1897 illos:et
3190 1845 3535 1912 loquebantur
3570 1844 3672 1897 lin-

2101 1926 2237 1995 guis,
2268 1937 2316 1979 et
2349 1929 2748 1996 prop/retabant.
3510 1928 3513 1931 I

2171 2017 2335 2073 Vens.
2396 2019 2448 2075 7.
2475 2019 2644 2076 Erant
2675 2032 2853 2078 autem
2908 2025 3120 2080 omnino
3171 2026 3272 2081 viri
3321 2028 3428 2098 fere
3479 2027 3673 2096 duode-

2098 2123 2223 2161 erm.

2168 2202 2285 2257 Non
2321 2204 2581 2261 videbant
2606 2207 2893 2277 Spiritum.
2929 2207 3111 2264 Videri
3142 2210 3287 2263 enim
3322 2226 3430 2264 non
3467 2219 3666 2280 potest.

2097 2293 2191 2347 sed
2242 2294 2413 2363 gratia
2440 2296 2586 2350 illius
2609 2298 2941 2366 operationis
2987 2309 3366 2370 argumentum
3395 2301 3664 2370 quoddam

2095 2391 2152 2437 et
2196 2384 2409 2455 signum
2436 2388 2609 2453 dedit,
2648 2391 2791 2458 quod
2815 2407 2976 2444 sensu
3028 2391 3231 2461 percipi
3262 2400 3461 2461 posset.
3489 2393 3666 2461 Atque

2094 2476 2232 2532 alius
2259 2479 2477 2546 quidem
2517 2481 2697 2552 lingua
2722 2480 3032 2549 Persarum,
3087 2482 3225 2537 alius
3268 2483 3663 2547 Romanorum,

2093 2568 2232 2624 alius
2262 2569 2364 2624 alia
2406 2568 2587 2643 lingua
2622 2573 2985 2643 loquebantur
3013 2589 3032 2628 :
3063 2583 3226 2644 atque
3288 2574 3395 2629 hoc
3423 2575 3664 2630 declara-

2095 2660 2254 2715 batur
2284 2663 2438 2733 signo
2465 2672 2712 2732 externo,
2747 2681 2946 2738 nempe
2989 2663 3256 2738 Spiritum
3279 2680 3400 2721 esse
3456 2666 3548 2735 qui
3585 2667 3664 2721 lo-
3716 2683 3736 2695 ·

2091 2754 2359 2822 quebatur
2386 2754 2440 2808 in
2476 2755 2614 2822 ipso.

2165 2844 2325 2917 144
2346 2844 2509 2903 Vens.
2546 2849 2599 2903 8.
2625 2849 2899 2920 Ingressus
2927 2861 3104 2906 autem
3135 2850 3191 2904 in
3240 2867 3562 2922 synagogam
3594 2850 3661 2902 li-

2092 2937 2206 2991 bere
2231 2937 2540 3007 loquebatur
2576 2942 2645 2997 ad
2676 2960 2873 2998 menses
2896 2954 3020 3008 tres,
3068 2945 3324 2998 disserens
3358 2960 3421 2995 ac
3440 2943 3662 2997 suadens

2090 3045 2175 3093 ea,
2206 3047 2324 3100 qua:
2352 3034 2611 3101 pertinent
2642 3036 2711 3088 ad
2742 3054 2958 3107 regnum
2991 3036 3107 3091 Dei.

486 3088 553 3141 Τί
618 3092 785 3158 ἐστιν,
841 3095 1384 3166 Ἐπαρῤησιάζετο;
1416 3104 1559 3174 Πρὸς
1611 3108 1893 3175 κινδύνους
1922 3106 1988 3183 ἦν

2162 3088 2302 3184 Quid
2333 3088 2416 3177 est
2446 3124 2588 3191 quod
2617 3088 3364 3197 dicit,libere—loquebatur?
3396 3130 3660 3186 Periculis

417 3183 905 3251 παρατεταγμένος
928 3200 942 3214 ·
970 3185 1002 3254 ἢ
1035 3188 1127 3239 καὶ
1154 3190 1535 3262 φανερώτερον
1587 3197 1881 3267 διελέγετο,
1925 3199 1986 3253 οὐ

417 3270 723 3335 συσκιάζων
774 3274 843 3326 τὰ
896 3274 1161 3343 δόγματα.
1214 3279 1357 3352 Ὅρα
1389 3282 1446 3337 δὲ
1478 3284 1758 3358 πανταχοῦ
1793 3291 1987 3345 ἑαυτὸν

412 3360 739 3415 είσωθοῦντα
769 3364 816 3396 ⁸⁸
844 3366 926 3428 είς
952 3367 1053 3430 τὰς
1089 3374 1440 3443 συναγωγὰς,
1495 3379 1591 3430 καὶ
1614 3376 1787 3443 οὕτως
1812 3380 1986 3446 ἐξιόν-

412 3467 501 3598 cad.
528 3452 812 3528 Πανταχοῦ
841 3462 953 3531 γὰρ
980 3462 1111 3534 παρ’
1130 3464 1310 3518 αὐτῶν
1340 3464 1591 3521 ἐϐούλετο
1612 3467 1796 3524 λαόεἴν
1820 3471 1989 3545 ἀφορ-

419 3560 458 3598 ιι
498 3562 547 3598 ς.

418 3560 547 3614 μας.

497 3654 595 3722 Ὧς
648 3655 717 3711 δέ
771 3676 928 3727 τινες
988 3662 1441 3735 ἐσκληρύνοπο
1513 3671 1611 3725 καὶ
1669 3674 1983 3740 ἠπείθουν.

416 3749 895 3819 κακολογοῦντες
925 3752 1042 3821 τὴν
1071 3755 1216 3812 ὁδὸν
1241 3758 1501 3816 ἐνώπιον
1538 3764 1643 3819 τοῦ
1674 3767 1982 3835 πλήθουςο

415 3837 686 3906 ἀποστὰς
710 3841 812 3895 ἀπ’
838 3843 1039 3898 αὐτῶν
1062 3845 1323 3916 ἀφιῖψισε
1356 3851 1499 3917 τοὺς
1519 3855 1813 3923 μαθητὰς,
1838 3862 1983 3914 καθ·

2088 3225 2209 3265 sese
2258 3213 2614 3281 opponebat:
2672 3225 2767 3269 aut
2815 3216 2978 3269 etiam
3045 3220 3285 3287 apertius
3335 3220 3657 3281 disserebat.

2088 3318 2197 3358 non
2222 3304 2414 3358 umbra
2448 3307 2747 3362 sententias
2796 3307 3113 3364 obvolveus.
3144 3311 3534 3367 Animadverte
3559 3328 3659 3366 au—

2089 3402 2197 3449 tem
2229 3395 2378 3450 illum
2401 3397 2602 3467 ubique
2624 3414 2742 3454 sese
2772 3399 2824 3453 in
2855 3415 3152 3471 syuogogas
3173 3403 3470 3467 intrudere,
3499 3413 3661 3472 atque

2089 3488 2160 3543 ita
2189 3489 2396 3557 egredi.
2437 3490 2650 3561 Ubique
2680 3492 2825 3546 enim
2850 3494 2919 3548 ab
2954 3493 3060 3549 illis
3083 3509 3299 3550 sumere
3327 3495 3539 3550 volebat
3562 3509 3658 3549 oc-

2088 3580 2354 3635 casiones.

2158 3670 2319 3725 Vens.
2345 3672 2399 3727 9.
2433 3671 2538 3726 Sed
2578 3680 2635 3726 ut
2682 3673 2922 3727 nonnulli
2951 3674 3379 3742 obdurescebant,
3424 3685 3472 3729 et
3502 3678 3656 3745 ﬁdem

2087 3778 2187 3815 non
2218 3762 2498 3827 habebant,
2524 3765 2878 3831 vituperantes
2909 3765 3049 3818 viam
3076 3764 3218 3833 apud
3242 3765 3655 3829 multitudinem,

2086 3853 2351 3920 digressus
2380 3854 2443 3906 ab
2483 3855 2592 3908 illis
2635 3855 2927 3925 segregavit
2955 3851 3266 3927 discipulos,
3293 3858 3526 3927 quotidie
3548 3859 3652 3911 dis~

413 3931 639 3992 ημέραν
694 3929 1117 4002 διαλεγόμενος
1165 3936 1236 3991 ἐν
1290 3935 1369 4007 τῇ
1424 3939 1626 4010 σχολῇ
1682 3944 1985 4012 τυράννου

2094 3958 2257 3998 serens
2286 3944 2339 3997 in
2363 3943 2538 3999 schola
2563 3946 2770 4015 tyranni
2799 3945 3093 4013 cuiusdam.

419 4017 602 4082 τινός.

493 4108 675 4164 Τοῦτο
739 4110 808 4166 δὲ
859 4115 1095 4185 ἐγένετο
1124 4119 1223 4174 ἐπὶ
1277 4120 1381 4189 ἐτη
1433 4120 1565 4188 δύο,
1616 4121 1774 4178 ὥστε
1834 4126 1986 4181 πάν-

414 4212 524 4265 τας
574 4200 719 4268 τοὺς
752 4208 1180 4277 κατοικοῦντας
1200 4210 1316 4278 τὴν
1366 4213 1568 4268 Ἀσίαν
1603 4214 1861 4271 ἀκοῦσαι
1882 4218 1987 4276 τὸν

422 4291 611 4361 λόγον
665 4294 773 4349 τοῦ
824 4300 933 4367 Κυλι
952 4299 1046 4354 ίου
1102 4302 1327 4371 Ἰησοῦ,
1394 4302 1729 4370 Ἰουδαίους
1773 4324 1836 4360 τε
1882 4312 1983 4366 καὶ

415 4382 748 4453 Ἕλληνας.
1896 4443 1901 4449 -

484 4479 974 4568 Κανιολογοῦντες
1023 4483 1138 4554 τὴν
1186 4488 1350 4544 ὁδόν.
1384 4490 1623 4550 Ἢ·όδὸν
1682 4498 1833 4568 λέγει
1888 4499 1984 4553 τὸν

414 4566 671 4661 ξριστὸν,
700 4569 758 4633 ὃς
817 4572 912 4624 καὶ
967 4574 1083 4638 ὁδὸς
1140 4580 1419 4636 καλεῖται’
1479 4586 1658 4657 ἢὸδὸν
1694 4566 1842 4659 λέγει
1881 4590 1981 4661 τὴν

413 4658 587 4730 ἀληθῆ
619 4661 828 4730 πίστιν,
873 4665 974 4737 τὴν
1005 4667 1093 4721 διὰ
1144 4669 1241 4722 τοῦ
1279 4672 1492 4727 Παύλου
1546 4658 1986 4750 καταγγελλομέ-

416 4765 532 4819 νην.
575 4752 650 4806 Τὸ
701 4753 778 4819 δὲ,
832 4755 1124 4826 Ἀφώρισε
1183 4762 1324 4829 τοὺς
1381 4767 1674 4835 μαθητὰς,
1733 4772 1981 4825 παιδεύει

419 4843 882 4912 χωρίζεσθαιάπὸ
933 4850 1044 4904 τῶν
1092 4850 1566 4926 βλασφημούντων
1593 4860 1684 4913 τὸν
1709 4862 1834 4917 Υἰὸν
1883 4863 1979 4918 τοῦ

411 4929 546 4983 Θεοῦ
572 4933 697 4996 τοὺς
734 4936 814 4999 εις
843 4936 1008 4993 αὐτὸν
1051 4942 1477 5010 πιστεύσαντας.

481 5021 771 5091 Δυνάμεις
812 5026 883 5082 δὲ
908 5028 954 5061 ⁸⁸
1023 5032 1096 5086 οὐ
1148 5034 1258 5099 τὰς
1328 5037 1636 5106 τυχούσας
1710 5040 1897 5096 ἐποίει
1943 5043 1978 5096 ὁ

413 5111 558 5179 Θεὸς
583 5115 679 5169 διὰ
716 5117 837 5173 τῶν
863 5122 1079 5191 χειρῶν
1111 5128 1355 5183 Παύλου
1375 5144 1390 5160 ⁸

483 5205 664 5262 Ὥστε
708 5210 809 5264 καὶ
864 5212 963 5266 ἐπὶ
1016 5216 1160 5283 τοὺς
1216 5219 1629 5288 ἀσθενοῦντας
1696 5224 1971 5293 ἐπιφέρε-

409 5297 550 5350 σθαι
596 5298 717 5354 ἀπὸ
766 5304 874 5358 τοῦ
922 5308 1151 5376 χρωτὸς
1165 5310 1348 5378 αὐτὸς
1398 5313 1711 5383 σουδάρια,
1744 5314 1781 5382 ἢ
1826 5330 1976 5384 σιμι-

2157 4129 2317 4187 Vens.
2358 4132 2444 4187 lO.
2474 4132 2643 4203 Atque
2685 4133 2781 4186 hoc
2827 4134 3026 4203 factum
3066 4142 3140 4187 est
3168 4147 3328 4202 usque
3378 4134 3447 4185 ad
3489 4148 3656 4185 annos

2085 4226 2235 4289 duos,
2262 4236 2317 4278 ut
2348 4241 2524 4279 omnes
2553 4226 2643 4295 qui
2672 4226 2854 4278 Asiam
2882 4225 3200 4289 incolebant,
3259 4225 3501 4279 audirent
3542 4239 3657 4277 ver-

2086 4314 2207 4369 bum
2242 4314 2449 4368 Domini
2478 4312 2630 4378 Jesu,
2651 4313 2826 4369 Iudici
2851 4324 2900 4369 et
2933 4312 3126 4370 Graeci.

2162 4494 2529 4566 Vituperantes
2560 4497 2719 4550 viam.
2759 4496 2868 4551 Aut
2893 4494 3037 4549 viam
3060 4494 3191 4551 dicit
3225 4482 3528 4556 Christum,
3559 4492 3650 4563 qui

2088 4589 2253 4644 etiam
2287 4588 2371 4642 via
2404 4596 2627 4643 vocatur
2663 4604 2677 4643 :
2715 4598 2809 4643 aut
2839 4604 2939 4659 per
2979 4587 3118 4643 viam
3171 4586 3439 4658 signiﬁcat
3469 4600 3652 4639 veram

2089 4679 2269 4744 ﬁdem,
2306 4695 2425 4748 qua:
2456 4694 2551 4749 per
2580 4678 2809 4733 Paulum
2858 4678 3307 4733 annuntiabatur.
3362 4675 3518 4743 Quod
3561 4690 3657 4729 au-

2090 4776 2195 4823 tem
2225 4768 2375 4831 dicit,
2411 4766 2707 4838 Segregavit
2754 4769 3056 4838 discipulos,
3088 4767 3248 4823 docet
3282 4782 3377 4823 eos
3412 4767 3505 4837 qui
3537 4782 3657 4822 cre-

2086 4859 2223 4914 dunt
2244 4860 2299 4914 in
2328 4859 2501 4920 illum,
2566 4868 2624 4913 ut
2662 4859 2946 4914 discedant
2975 4860 3043 4914 ab
3072 4857 3162 4924 iis,
3195 4857 3288 4928 qui
3353 4855 3655 4912 maledictis

2086 4950 2286 5004 laedunt
2309 4948 2644 5018 majestatem
2675 4949 2795 5004 Filii
2822 4948 2940 5003 Dei.

2155 5039 2320 5096 Vsus.
2356 5041 2441 5095 ll.
2492 5040 2723 5099 Virtutes
2768 5049 2944 5094 autem
2995 5039 3136 5093 haud
3176 5037 3415 5110 vulgares
3470 5035 3652 5091 edebat

2084 5131 2221 5187 Deus
2258 5149 2352 5203 per
2377 5148 2563 5186 manus
2589 5131 2771 5198 Pauli,

2152 5223 2312 5280 Vsus.
2348 5225 2432 5280 12.
2460 5226 2600 5279 Adeo
2642 5234 2697 5278 ut
2754 5225 2912 5279 etiam
2951 5228 3015 5279 de
3056 5239 3269 5292 corpore
3290 5222 3402 5290 ejus
3426 5218 3645 5272 sudaria

2081 5325 2171 5368 aut
2192 5315 2512 5371 semicinctia
2538 5314 2870 5384 deferrentur
2909 5323 2958 5370 et
2992 5314 3386 5383 imponerentur
3410 5306 3644 5389 a'grolis,

1568 5488 1767 5551 Variae
1802 5489 2110 5554 lectiones
2153 5496 2215 5553 et
2259 5497 2446 5554 notae.

480 5622 533 5701 οξ
562 5621 650 5678 la.
704 5625 869 5682 τοῦτο
923 5628 999 5701 τῷ
1054 5586 1274 5698 ἐξώθεν.

409 5689 667 5761 δυνάμεις
694 5711 779 5751 τε.

1397 5634 1444 5669 ³⁸
1473 5634 1823 5704 Εἰσοθοῦντα,
1872 5647 2009 5692 erat.

2119 5637 2166 5671 "
2210 5636 2275 5694 In
2323 5637 2680 5705 manuscripto
2714 5648 2813 5706 est,
2875 5637 3131 5707 δύναμεις
3163 5634 3257 5691 δέ·
3305 5636 3361 5692 in
3394 5635 3638 5709 vulgatis,
