4116 6216
465 317 572 380 763

1352 305 1933 374 THEOPHYLACTI
1965 301 2376 365 BULGARIE
2413 297 2763 359 ARCHIEP.

3584 280 3696 346 76‘

461 435 514 480 et
533 427 610 480 illi
634 424 824 480 morbis
850 424 928 479 ita
960 421 1328 489 liberarentur,
1359 431 1411 476 et
1433 420 1650 491 spiritus
1672 417 1801 473 ntali
1834 415 2033 472 exirent

2157 412 2337 468 ιινθια
2382 411 2425 444 ⁸⁷
2466 425 2480 440 ·
2525 408 2623 463 καὶ
2669 403 3159 463 ἀπαλλάττεσθαι
3213 398 3315 455 ἀπ’
3363 395 3563 452 αὐτῶν
3597 397 3704 462 τὰς

465 518 529 570 ab
554 518 684 571 illis.

540 698 615 752 De
640 711 856 766 corpore
877 694 993 764 ejus
1018 693 1350 764 deferrentur
1376 701 1425 747 et
1469 691 1862 760 imponerentur
1882 688 2039 743 suda-

2139 504 2384 569 νόσους,
2421 501 2492 555 td
2510 518 2571 555 τε
2594 499 2904 567 πνεύματα
2961 494 3035 550 τὰ
3062 490 3297 560 πονηρὰ
3349 488 3706 557 ἐξέρχεσθαι

2137 595 2239 653 ἀπ’
2265 592 2484 650 αὐτῶν.

2210 685 2620 755 Ἐπιφέρεσθαι
2673 681 2796 738 ἀπὸ
2818 678 2926 735 τοῦ
2967 674 3194 746 χρωτὸς
3235 672 3426 727 αὐτοῦ
3490 668 3712 726 σουδώ

467 791 569 843 ria.
613 761 740 841 Non
763 761 927 839 modo
955 761 1255 852 gestantem
1306 781 1623 852 tangebam,
1652 795 1840 835 verum
1869 779 2034 833 etiam

2157 793 2255 831 Ma.
2291 775 2424 846 Οὐχὶ
2455 774 2749 845 φοροῦντος
2780 771 3016 841 ἥπτοντο
3043 765 3230 835 μόνον,
3268 762 3405 817 ἀλλὰ
3447 762 3542 816 καὶ
3564 761 3709 830 λαμ.

467 885 749 934 sumentes
802 872 1066 946 [sudaria]
1097 873 1466 945 impooehant.
1523 873 1628 930 Sed
1665 870 2038 927 animadverte

465 969 774 1024 Judseorum
807 965 975 1020 animi
1001 964 1281 1020 duritiem.
1316 964 1450 1019 Cum
1496 978 1565 1018 ex
1602 960 1946 1017 vestimentis
1981 958 2040 1014 il-

466 1061 644 1114 lorum
674 1055 934 1112 miracula
965 1055 1051 1111 edi
1101 1055 1392 1119 vidissent,
1424 1069 1535 1110 non
1566 1053 1832 1109 curabant
1860 1065 2038 1121 neque

467 1150 847 1205 movebantur.
877 1146 1011 1201 Nam
1049 1146 1417 1212 sudariorum,
1463 1142 1927 1199 semicinctioer
1985 1150 2040 1197 et

469 1241 785 1295 umbrarum
825 1237 1222 1307 discipulorum
1247 1236 1403 1307 signa
1447 1234 1651 1304 majora
1703 1243 1850 1295 sunt.
1877 1248 2040 1305 quam

467 1346 531 1385 ea
558 1345 679 1401 quae
708 1328 962 1384 Christus
1008 1327 1215 1382 cllecit.
1243 1326 1469 1405 sudaria
1497 1335 1551 1381 et
1578 1325 1939 1390 semicinrtia,
1978 1326 2043 1378 li-

468 1436 571 1475 nea
602 1427 730 1475 sunt
757 1426 1007 1488 utraque,
1040 1418 1133 1473 sed
1159 1418 1375 1473 sudaria
1412 1417 1630 1487 quidem
1669 1417 1828 1487 capiti
1869 1417 2042 1487 impo-

469 1521 698 1574 nuntur,
749 1509 1087 1565 semicinctia
1144 1523 1270 1564 vero
1295 1509 1348 1563 in
1394 1508 1650 1564 manibus
1684 1516 1894 1568 tenent,
1950 1507 2043 1577 qui

468 1619 579 1659 non
610 1610 838 1672 possunt
858 1601 1072 1656 sudaria
1101 1609 1335 1671 gestare,
1358 1599 1545 1670 quales
1574 1600 1809 1670 suntqui
1835 1607 2047 1669 gestant

469 1696 785 1750 consulares
812 1695 1001 1757 stolas,
1050 1702 1110 1763 ut
1137 1694 1449 1765 abstergant
1473 1694 1732 1749 humores
1785 1691 1960 1752 faciei,
1987 1700 2048 1746 ut

471 1787 719 1852 sudores,
745 1784 989 1850 salivam,
1013 1784 1277 1855 laerymas
1308 1793 1363 1840 et
1394 1783 1623 1853 reliqua.

542 1962 705 2019 Vsus.
745 1963 832 2017 15.
866 1960 1110 2031 Aggressi
1146 1966 1267 2012 sunt
1293 1966 1469 2011 autem
1498 1955 1714 2027 quidam
1753 1970 1817 2009 ex
1852 1955 1934 2018 iis,
1966 1954 2056 2024 qui

472 2052 816 2109 obambulare
840 2049 1074 2105 solebant
1109 2047 1310 2102 Iuda'is
1352 2046 1642 2109 exorcistis,
1679 2044 1735 2097 id
1792 2052 1867 2097 est
1895 2042 2053 2112 adju-

474 2145 756 2208 mtoribus,
782 2141 1054 2213 appellare
1069 2156 1225 2208 super
1243 2154 1327 2192 eos
1359 2138 1450 2208 qui
1475 2137 1628 2190 malis
1643 2135 1912 2206 spiritibus
1938 2149 2056 2187 cor-

475 2240 608 2306 repti
635 2245 807 2301 erant,
842 2251 1027 2288 nomen
1063 2229 1443 2292 Dominilesu,
1485 2230 1717 2283 dicentes
1752 2244 1770 2282 :
1817 2226 2057 2294 Adjura-

478 2330 590 2380 inus
619 2342 706 2383 vos
728 2340 822 2394 per
847 2321 1055 2390 Iesum,
1083 2338 1237 2394 quem
1266 2317 1471 2374 Paulus
1489 2319 1765 2390 pra'dicat.

541 2418 779 2474 Credere
805 2416 1024 2487 quidem
1054 2415 1140 2470 isti
1196 2413 1485 2477 nolebant,
1556 2412 1650 2467 sed
1709 2424 1807 2479 per
1857 2421 2055 2462 nomen

477 2508 850 2567 DmuiuiJesu
912 2508 1191 2563 daemonas
1244 2507 1443 2576 ejicere
1474 2503 1749 2559 volebant.
1807 2500 2062 2554 Indicant

475 2602 621 2655 enim
648 2601 810 2654 verba
858 2597 1137 2669 scriptoris
1162 2598 1282 2653 illos
1316 2596 1636 2658 exorcistas,
1674 2608 1788 2649 non
1819 2600 1880 2647 ut
1942 2604 2061 2646 cre-

476 2689 608 2744 dent
628 2705 668 2743 ‘s
692 2689 841 2754 lesu,
869 2687 962 2742 sed
998 2696 1340 2742 Iit-tentantes
1381 2694 1435 2741 et
1453 2684 1754 2756 periculum
1774 2680 2059 2743 iacientes,

480 2778 639 2850 35.5
659 2793 756 2848 per
773 2792 968 2832 nomen
996 2776 1204 2831 Domini
1222 2774 1392 2831 nostri
1414 2774 1541 2830 lesu
1562 2771 1762 2828 Christi
1779 2769 2062 2840 adjurasse

478 2872 702 2942 spiritus
730 2872 994 2943 impuros.
1027 2869 1180 2937 Quod
1212 2867 1375 2941 igitur
1396 2867 1549 2932 dicit,
1577 2864 1970 2936 ἐπεχείρησαν,
2006 2861 2061 2917 id

477 2973 656 3029 sonat,
688 2964 741 3016 in
788 2976 983 3016 manus
1033 2968 1404 3032 sumpserunt,
1445 2973 1638 3012 manus
1671 2955 2059 3019 adhibuerunt,

480 3050 585 3106 hoc
615 3051 902 3121 signiﬁcat,
961 3065 1070 3105 non
1101 3051 1220 3105 illos
1263 3048 1483 3118 quidem
1514 3048 1751 3102 conﬁsos
1798 3045 1970 3100 fuisse
2001 3059 2064 3099 se

2141 867 2395 930 ϐάνοντες
2426 863 2769 921 ἐπετίθεσαν.
2806 861 2951 931 Ὅρα
2978 856 3036 912 δέ
3063 856 3321 927 πώρωσιν
3363 852 3667 921 Ἰουδαῖκήν
3691 865 3708 882 σ

2139 959 2211 1014 τὰ
2245 958 2442 1028 ἱμάτια
2485 956 2669 1011 αὐτῶν
2730 953 2932 1015 ἰδόντες
2979 947 3329 1021 ἐνεργοῦντα,
3373 945 3438 999 οὐ
3487 941 3710 1012 προσεῐο

2141 1065 2258 1120 χον.
2291 1040 2504 1118 Τὰ’γὰρ
2534 1046 2670 1101 τῶν
2716 1040 3014 1113 σουδαρίων
3063 1038 3158 1093 καὶ
3217 1033 3560 1107 σιμικινθίων
3615 1030 3714 1120 καὶ

2143 1116 2254 1195 τῶν
2289 1116 2456 1193 σκιῶν
2474 1116 2483 1118 ⁷
2504 1136 2614 1192 τῶν
2648 1133 2903 1207 μαθητῶν
2940 1128 3167 1202 σημεῖά,
3197 1128 3309 1182 εἰσι
3371 1124 3597 1197 μείζονα
3638 1116 3716 1173 ῶν

2143 1231 2173 1283 ὁ
2246 1228 2456 1301 Ἰησοῦς
2530 1227 2777 1298 ἐποίησε.
2860 1222 3127 1293 Σουδάρια
3217 1218 3313 1273 καὶ
3413 1211 3717 1285 σιμικίνθια

2144 1320 2376 1390 λινοειδῆ
2407 1320 2547 1373 εἰσιν
2594 1316 2886 1387 ἀμφότερα
2927 1329 2943 1344 ο
2974 1312 3115 1384 πλὴν
3169 1308 3239 1365 τὰ
3299 1306 3403 1379 μέν
3462 1303 3722 1373 σουδάρια

2147 1412 2240 1464 ἐπὶ
2304 1410 2407 1480 τῆς
2466 1407 2712 1478 κεφαλῆς
2780 1403 3162 1459 ἐπιϐάλλεταιο
3236 1398 3306 1454 τὰ
3363 1397 3421 1453 δέ
3482 1391 3723 1464 σιμικίν-

2148 1503 2238 1557 θια
2318 1502 2376 1553 ἐν
2431 1503 2545 1563 ταῖς
2583 1499 2741 1570 χερσὶ
2815 1496 3147 1566 κατέχουσιν
3181 1492 3231 1545 οἱ
3282 1489 3361 1561 μὴ
3417 1486 3713 1555 δυνάμενοι

2150 1593 2363 1665 ὡράρια
2379 1592 2425 1624 ⁸⁸
2444 1592 2671 1662 φορέσαι
2699 1604 2715 1622 ο
2760 1581 2863 1641 οἷοι
2891 1588 3029 1645 εἰσιν
3055 1585 3105 1638 οἱ
3135 1581 3427 1653 φοροῦντες
3450 1576 3725 1637 ὑπατικὰς

2156 1684 2373 1749 στολὰς,
2417 1684 2555 1754 πρὸς
2589 1682 2651 1734 τὸ
2689 1677 3101 1750 ἀπομάττεσθαι
3133 1674 3233 1741 τὰς
3258 1671 3571 1745 ὑγρότητας
3627 1666 3729 1721 τοῦ

2081 1786 2126 1844 Β
2158 1771 2475 1843 προσώπου,
2508 1767 2622 1825 οἷον
2653 1769 2910 1841 ἱδρῶτας,
2942 1766 3197 1831 πτύελον,
3227 1764 3490 1835 δάκρυον,
3527 1760 3623 1814 καὶ
3654 1757 3725 1812 τὰ
3787 1835 3792 1838 ⁴

2158 1863 2343 1917 λοιπά.

2228 1951 2679 2022 Ἐπεχείρησαν
2739 1949 2807 2004 δέ
2866 1966 3027 2016 τινες
3077 1946 3197 2005 ἀπὸ
3257 1943 3377 1999 τῶν
3423 1958 3727 2011 περιερχο-

2151 2041 2352 2112 μένων
2378 2040 2687 2096 Ἰουδαίων
2709 2038 3096 2108 ἐξορκιστῶν,
3128 2032 3438 2106 ὀνομάζειν
3461 2031 3558 2087 ἐπὶ
3585 2029 3729 2096 τοὺς

2156 2133 2410 2201 ἔχοντας
2437 2130 2509 2185 τὰ
2533 2130 2844 2199 πνεύματα
2866 2128 2940 2182 τὰ
2987 2125 3222 2195 πονηρὰ
3270 2123 3339 2178 τὸ
3376 2123 3577 2201 *ὄνομα
3620 2120 3733 2175 τοῦ

2159 2196 2395 2289 ιιιιρίουν
2443 2217 2665 2286 Ἰησοῦ,
2685 2196 2982 2288 deportet;
3046 2196 3387 2285 Ὀρκίζομεί
3422 2210 3579 2283 ὑμᾶς
3624 2209 3733 2264 τὸν

2159 2309 2417 2378 Ἰησοῦν,
2445 2308 2518 2364 ὃν
2548 2310 2582 2365 ὁ
2615 2308 2855 2374 Παῦλος
2884 2306 3207 2376 κηρύσσει.

2232 2400 2530 2454 Πιστεῦσαι
2570 2399 2672 2468 μὲν
2710 2391 2859 2454 οῦτοι
2882 2398 2986 2451 οὐκ
3021 2396 3214 2469 ἤθελον
3245 2412 3262 2426 ο
3293 2393 3381 2448 διὰ
3408 2391 3465 2446 δέ
3486 2390 3580 2446 τοῦ
3610 2388 3732 2443 6V6-

2163 2510 2332 2565 ματος
2358 2492 2552 2563 ἤθελον
2577 2490 2861 2545 ἐκϐάλλειν
2883 2489 3166 2559 δαίμονας.
3201 2485 3452 2539 Δείκνυσι
3479 2482 3589 2552 γὰρ
3637 2481 3734 2534 αὺ-

2172 2586 2362 2657 τοῦςή
2397 2584 2563 2649 λέξις,
2600 2583 2681 2637 ὅτι
2720 2582 2819 2653 οὐχ
2859 2583 2935 2644 ὡς
2967 2578 3320 2641 πιστεύοντες
3344 2575 3422 2647 τῷ
3442 2572 3622 2645 Ἰησοῦ
3682 2573 3734 2625 οἱ

2160 2673 2473 2747 ἐξορκισταὶ
2527 2670 2817 2746 ἐξώρκιζον
2868 2670 2938 2724 τὰ
2996 2669 3285 2739 ἀκάθαρτα
3332 2664 3623 2734 πνεύματα
3658 2661 3739 2730 τῷ

2159 2769 2387 2839 ὀνόματι
2430 2763 2528 2818 τοῦ
2552 2764 2760 2835 Κυρίου
2791 2762 2951 2836 ήμῶν
2975 2759 3154 2833 Ἰησοῦ
3198 2756 3463 2832 Χριστοῦ,
3511 2755 3626 2810 ἀλλ’
3662 2754 3737 2815 ὡς

2161 2858 2535 2930 πειράζοντες.
2573 2856 2647 2911 To
2696 2854 2811 2921 οὖν,
2883 2852 3334 2924 Ἐπεχείρησαν,
3383 2848 3542 2903 τοῦτο
3588 2845 3739 2916 δηλοῖ

2161 2952 2244 3005 ὅτι
2289 2951 2392 3022 οῦκ
2418 2949 2688 3022 ἐθάρρουν
2733 2947 2854 3018 μὲν,
2887 2944 3026 3016 πλὴν
3073 2942 3368 2998 ἐπέϐαλλον
3408 2939 3508 3002 τὰς
3549 2939 3738 3008 χεῖρας

2163 3042 2313 3103 ὅπως
2338 3039 2725 3104 ἐπιτεύξωνται
2749 3037 2844 3091 τοῦ
2886 3032 3113 3089 σκοποῦ.
3146 3032 3238 3086 Διδ
3290 3030 3387 3085 καὶ
3413 3033 3512 3100 τῆς
3537 3042 3744 3099 προπε-

480 3140 774 3195 ell‘ecturos
820 3140 963 3210 quod
1038 3140 1467 3205 eonabahantur,
1524 3136 1620 3191 sed
1680 3149 1874 3190 manus
1928 3135 2056 3206 inje-

2165 3135 2316 3198 τείας
2368 3133 2503 3206 πρὸς
2533 3131 2718 3200 ὀλίγον
2744 3128 3011 3184 δεδώκασι
3040 3127 3215 3199 δίκην.

481 3236 643 3299 cisse,
672 3242 731 3290 ut
755 3242 1222 3303 consequerentur
1242 3231 1387 3302 quod
1414 3230 1595 3286 animo
1626 3239 2047 3301 proposuerant.
2087 3228 2450 3295 Quamobrem
2511 3225 2675 3281 etiam
2711 3240 2905 3298 parum
2943 3221 3139 3290 abluit,
3200 3218 3333 3293 quin
3424 3212 3746 3274 temeritatis

480 3340 596 3383 sua:
627 3339 817 3396 pinnas
844 3323 1057 3380 darent.

553 3416 721 3474 Vens.
788 3417 871 3471 id.
954 3415 1122 3470 Erant
1175 3424 1354 3471 autem
1414 3417 1632 3487 quidam
1701 3416 1804 3487 filii
1881 3415 2060 3474 Saeva:

483 3507 659 3566 Iudaei
683 3507 939 3578 principis
972 3507 1306 3563 sacerdotum
1340 3523 1556 3563 numero
1587 3519 1806 3580 septem,
1831 3509 1922 3580 qui
1971 3510 2066 3564 hoc

487 3598 743 3668 agebant.

559 3687 723 3743 Vsus.
757 3689 834 3745 l5.
876 3684 981 3743 Sed
1026 3688 1243 3756 spiritus
1295 3688 1476 3744 malus
1512 3692 1832 3761 respondens
1889 3693 2058 3748 dixit:

483 3779 667 3837 Iesum
689 3780 829 3848 novi,
851 3789 900 3835 et
926 3779 1133 3835 Paulus
1173 3783 1304 3836 mihi
1349 3799 1453 3837 non
1499 3793 1574 3838 est
1612 3787 1939 3858 incognitus:
1969 3803 2057 3841 vos

483 3883 667 3926 autem
693 3871 911 3942 quinam
932 3872 1057 3927 estis
1075 3872 1102 3925 2

559 3963 724 4020 Vsus.
763 3963 850 4019 lli.
894 3961 961 4018 Et
983 3965 1135 4031 horno
1162 3964 1252 4021 ille
1279 3966 1335 4020 in
1357 3978 1459 4037 quo
1479 3967 1698 4037 spiritus
1726 3967 1900 4021 malus
1920 3975 2060 4035 erat,

488 4054 547 4108 in
563 4054 686 4109 illus
703 4054 903 4125 impetu
937 4056 1077 4126 facta
1106 4072 1224 4110 eum
1248 4058 1489 4126 superior
1515 4056 1591 4111 eis
1613 4056 1883 4119 evasisset,
1907 4057 2062 4110 inva-

487 4148 590 4207 luit
628 4147 874 4202 adversus
905 4147 1023 4202 illas
1061 4149 1216 4216 adeo,
1239 4158 1297 4203 ut
1335 4149 1463 4203 nudi
1493 4157 1542 4203 et
1573 4148 1838 4203 uulnerati
1872 4149 2061 4219 effuge-

488 4249 609 4299 rent
635 4256 701 4297 ea:
736 4240 933 4296 (edibus
960 4241 1088 4297 illis.

565 4423 731 4479 Vens.
767 4423 857 4478 l7.
895 4423 1066 4492 Atque
1103 4421 1198 4475 hoc
1248 4430 1427 4476 notum
1460 4423 1661 4491 factum
1701 4430 1777 4476 est
1830 4423 2070 4479 omnibus

491 4513 701 4570 Inditis
765 4523 923 4584 atque
959 4512 1183 4580 Graecis,
1227 4513 1320 4583 qui
1370 4511 1563 4581 Ephesi
1620 4512 1954 4580 habitabant,
2019 4523 2069 4569 et

2236 3410 2443 3470 Ἶιοαν
2488 3413 2558 3469 δέ
2614 3429 2775 3480 τινες
2824 3409 2945 3466 υιοι
2998 3406 3195 3466 Σκευᾶ
3234 3403 3521 3461 Ἰουδαίου
3553 3401 3743 3472 ἀρχιε-

2155 3506 2311 3576 ρέως
2329 3506 2500 3573 ἑπτὰ,
2542 3506 2597 3560 ol
2624 3502 2802 3559 τοῦτο
2831 3499 3165 3567 ποιοῦντες.

2238 3691 2588 3761 ’Δποκριοὲν
2636 3688 2706 3744 δὲ
2760 3687 2826 3743 τὸ
2875 3685 3113 3756 πνεῦμα
3144 3684 3214 3740 τὸ
3264 3681 3550 3752 πονηρύν,
3578 3675 3743 3734 alar

2164 3779 2278 3833 τὸν
2320 3778 2557 3846 Ἰησοῦν
2595 3775 2890 3849 γινώσκω,
2921 3773 3021 3829 καὶ
3066 3774 3176 3829 τὸν
3223 3770 3474 3827 Παῦλον
3496 3767 3746 3823 ἐπιστα-

2165 3887 2272 3941 μαι
2291 3886 2305 3901 ’
2339 3868 2510 3939 ὑμεῖς
2537 3866 2607 3922 δὲ
2627 3867 2788 3934 τίνες
2815 3864 2997 3930 ἐστέ;

2231 3960 2340 4017 Kal
2361 3961 2772 4031 ἐφαλλόμενος
2800 3957 2894 4012 ἐπ’
2923 3953 3146 4020 αὐτοὺς
3171 3954 3205 4007 ὁ
3241 3951 3574 4020 ἅνθρωπος,
3606 3947 3678 4002 ἐν
3699 3939 3749 4014 ᾧ

2158 4051 2238 4126 ἦν
2261 4055 2325 4109 τὸ
2359 4052 2596 4124 πνεῦμα
2623 4051 2690 4107 τὸ
2733 4049 3024 4118 πονηρὸν,
3063 4046 3160 4100 καὶ
3192 4041 3677 4111 κατακυριεῦσαν
3697 4039 3745 4073 ⁸⁹

2160 4144 2380 4210 αὐτῶν,
2428 4145 2653 4215 ἴσχυσε
2687 4142 2817 4197 κατ’
2852 4138 3081 4205 αὐτῶν,
3125 4135 3283 4212 ὥστε
3333 4134 3598 4206 γυμνοὺς
3647 4132 3747 4187 καὶ

2166 4234 2787 4309 τετραυματισμένους
2819 4230 3103 4303 ἐκφυγεῖν
3145 4229 3215 4284 ἐκ
3252 4225 3360 4282 τοῦ
3400 4225 3571 4281 οἷκου
3594 4222 3746 4277 ἐκει-

2165 4347 2278 4387 νου
2285 4370 2299 4386 ο

2240 4418 2426 4474 Τοῦτο
2445 4417 2514 4471 δὲ
2534 4416 2772 4489 ἐγένετο
2808 4413 3084 4485 γνωστὸν
3111 4410 3305 4470 πᾶσιν
3340 4406 3662 4474 Ἰουδαίοις
3684 4422 3752 4459 τε

2169 4509 2265 4564 καὶ
2301 4510 2565 4575 Ἕλλησι
2593 4506 2718 4573 τοῖς
2755 4503 3107 4560 κατοικοῦσι
3158 4502 3273 4570 τὴν
3304 4503 3603 4570 Ἔφεσονο
3644 4497 3745 4551 καὶ

493 4604 734 4659 omnibus
757 4605 824 4658 iis
841 4616 1009 4659 metus
1028 4604 1254 4673 injectus
1278 4611 1374 4670 est,
1394 4621 1458 4658 ac
1486 4605 1828 4676 magni/iebat
1874 4621 2056 4661 nomen

2164 4601 2350 4655 ἔπεσε
2366 4600 2412 4633 ⁸⁸
2438 4600 2623 4669 φόϐος
2647 4597 2742 4651 ἐπὶ
2774 4595 3008 4662 πάντας
3028 4594 3271 4661 αὐτοὺς.
3307 4592 3408 4647 καὶ
3454 4588 3751 4661 ἐμεγαλύ-

498 4694 710 4751 Domini
732 4694 880 4749 Iesu.

569 4784 674 4851 Qui
714 4786 810 4839 hoc
842 4784 1093 4856 agebant.
1150 4783 1231 4839 Illi
1263 4784 1484 4856 quidem
1525 4786 1759 4842 latenter
1811 4787 2063 4859 agebant,

497 4875 643 4947 quod
672 4874 1144 4948 aggrediebantur,
1175 4874 1271 4931 sed
1304 4892 1492 4932 eorum
1528 4876 1869 4932 imbecillitas
1907 4876 2069 4947 vulgo

499 4964 797 5034 Spectanda
822 4963 1113 5035 praebetur.
1145 4968 1320 5035 Atque
1350 4964 1493 5020 haud
1524 4964 1762 5020 alienum
1787 4973 1872 5020 est
1896 4965 2072 5019 adiui-

501 5057 609 5113 rari
686 5072 788 5113 cur
867 5056 1083 5112 damon
1157 5071 1267 5111 non
1335 5054 1610 5125 adiuverit
1669 5054 2070 5110 exorcistarum

503 5150 886 5221 imposturam,
920 5148 1015 5203 sed
1037 5146 1379 5217 redarguerit
1400 5153 1564 5213 atque
1599 5142 1898 5200 convicerit
1927 5143 2069 5208 illos,

502 5252 560 5300 et
588 5258 777 5299 eorum
803 5241 1052 5298 fraudem
1077 5236 1417 5310 patefecerit.
1447 5235 1577 5291 Mihi
1598 5235 1813 5291 videtur
1832 5244 1889 5291 et
1909 5235 2074 5292 vehe-

505 5347 721 5392 menter
770 5335 949 5392 iratus
977 5343 1033 5390 et
1079 5331 1393 5400 indignatus
1438 5328 1638 5384 fuisse:
1672 5327 1901 5398 perinde
1937 5343 2001 5384 ac
2029 5328 2074 5384 si

2162 4709 2300 4749 νετο
2322 4690 2390 4746 τὸ
2415 4691 2605 4760 ὄνομα
2628 4687 2735 4744 τοῦ
2759 4688 2980 4756 Κυρίου
3012 4685 3237 4754 Ἰησοῦ.

2229 4782 2298 4835 Ol
2347 4780 2526 4836 τοῦτο
2566 4778 2901 4846 ποιοῦντες.
2951 4777 3182 4831 Ἐκεῖνοι
3235 4774 3338 4846 μὲν
3378 4768 3751 4826 λανθανόντως

2165 4872 2402 4939 ἐποίουν,
2428 4869 2975 4939 ἁλλ’ἐκπομπεύεται
3005 4867 3186 4922 αὐτῶν
3207 4867 3241 4937 ἡ
3273 4856 3751 4924 ἀσθένεια.’Δξιον

2169 4964 2229 5018 δέ
2269 4964 2550 5035 θαυμάσαι
2603 4963 2722 5026 πῶς
2752 4964 2780 5017 ὁ
2807 4961 3018 5031 δαίμων
3048 4958 3110 5013 οὐ
3150 4956 3497 5027 συνέπραττε
3536 4953 3604 5024 τῇ
3635 4948 3751 5003 τῶν

2177 5053 2506 5125 ἐξορκιστῶν
2532 5051 2709 5125 πλάνῃ
2729 5092 2746 5119 ,
2778 5050 2917 5106 ἀλλὰ
2944 5049 3227 5120 διήλεγχεν
3262 5047 3480 5111 αὐτοὺς,
3514 5043 3614 5097 καὶ
3653 5039 3753 5109 τὴν

2181 5144 2388 5215 σκηνὴν
2438 5144 2617 5197 αὐτῶν
2661 5141 2903 5213 φανερὰν
2934 5140 3128 5195 ἐποίει.
3170 5137 3328 5210 Ἐμοὶ
3368 5136 3516 5191 δοκεῖ
3546 5131 3752 5203 σφόδρα

2182 5235 2482 5307 θυμωθεὶς,
2509 5235 2699 5306 ὥσπερ
2729 5234 2796 5288 ἂν
2817 5234 2872 5287 ετ
2886 5249 2969 5296 τις
2999 5231 3129 5302 περὶ
3158 5230 3267 5284 τῶν
3298 5228 3542 5299 ἐσχάτων
3571 5220 3756 5278 κινδῦο

2181 5344 2290 5382 νων
2320 5327 2426 5382 ὑπό
2469 5343 2615 5391 τινος
2653 5322 2877 5397 οἰκτροῦ
2904 5322 2999 5378 καὶ
3020 5321 3371 5392 ταλαιπώρου
3403 5316 3751 5387 διελέγχοιτο,

1701 5508 1903 5572 Variae
1931 5506 2239 5571 lectiones
2259 5511 2324 5569 et
2366 5509 2555 5567 noue.

586 5642 631 5673 ⁸⁷
657 5638 977 5723 Inpulgatis
997 5650 1092 5700 est.
1118 5636 1471 5723 ρημικῐνθια.
1501 5644 1552 5718 et
1573 5634 2039 5723 ιΞιιιιιιλλάξςσεσθαιἶ

2139 5632 2187 5667 ⁸⁸
2220 5632 2341 5687 Ἰσ.
2388 5627 2670 5697 σουδάρια.
2708 5624 2959 5697 Ὢράρια.
2984 5623 3226 5697 quidsit,
3251 5630 3345 5697 aut
3380 5621 3506 5697 quid
3537 5617 3756 5693 omnino

518 5710 617 5765 huc
650 5693 1092 5781 [αεεᾱιῖιῆἀὲιὶέιέ
1110 5693 1281 5781 [ιιίέον
1312 5726 1391 5763 nte
1413 5693 1632 5764 nescire.
1705 5709 1750 5742 "
1776 5704 1840 5760 In
1868 5704 2056 5775 vulgati

2157 5710 2218 5770 st,
2251 5693 2715 5770 κατακυριεῦσας.
2773 5693 2835 5729 ’⁸⁵
2849 5693 2913 5753 In
2929 5693 3155 5766 vulgatis
3186 5702 3282 5761 est,
3316 5693 3576 5746 ἐπέπεσε.
