4116 6216
366 305 470 366 765

1089 307 1489 369 EXPOSITIO
1522 310 1604 369 IN
1642 311 1833 373 ACTA
1860 311 2434 385 APOSTOLORUM.
2456 341 2525 352 ·-
2544 317 2704 378 CAP.
2736 318 2898 381 XIX.

3504 326 3609 387 766

362 414 460 468 καὶ
498 413 678 468 πάντα
712 416 792 479 εἰς
831 416 1037 470 ἐκεῖνον
1082 419 1301 488 ἀφεῖναι
1361 421 1612 491 βούλεται
1684 424 1775 477 τὸν
1843 423 1924 477 Θυ-

2044 426 2166 494 quis
2224 428 2276 481 in
2334 438 2576 484 extremo
2637 430 2881 500 periculo
2955 432 3165 503 positus
3231 447 3259 485 a
3314 433 3606 490 miserabili

364 505 490 576 μόν.

439 683 664 737 Πολλοί
724 700 789 738 τε
841 684 962 739 τῶν
1002 700 1489 745 πεπιστευκοτων
1546 691 1804 761 ἤρχοντο
1843 693 1939 759 es-

366 775 829 844 ομολογούμενοι
888 775 987 830 καὶ
1018 777 1500 850 ἀναγγέλλοντες
1542 781 1648 851 τὰς
1693 784 1939 852 πράξεις

366 869 442 920 αὑ
450 865 585 919 τῶν.

436 962 529 1013 Δεῖ
568 959 746 1015 πάντα
803 961 997 1014 πιστὸν
1027 961 1212 1032 λέγειν
1248 964 1350 1029 τὰς
1398 967 1594 1022 ἑαυτοῦ
1637 970 1933 1042 ἁμαρτιας,

365 1053 460 1106 καὶ
491 1052 893 1106 ἀπο-τάττεσθαι
943 1054 1034 1108 διὰ
1079 1055 1175 1108 τοῦ
1229 1057 1425 1111 ἑαυτὸν
1454 1058 1698 1131 ἐλέγχειν
1731 1064 1824 1116 τοῦ
1854 1064 1936 1117 ἔτι

365 1143 441 1214 μὴ
477 1144 652 1196 ποιεῖν
671 1144 737 1198 τὰ
770 1144 928 1210 αὐτὰ,
955 1145 1041 1199 ἴνα
1069 1147 1275 1210 δίκαιος
1299 1149 1523 1219 γένηται
1545 1153 1686 1208 κατὰ
1708 1154 1769 1207 τὸ
1793 1157 1936 1226 εἰρη-

366 1236 558 1303 μένον·
589 1233 737 1303 Λέτε
786 1235 868 1291 σὺ
921 1237 1028 1304 τὰς
1067 1239 1356 1307 ἁμαρτίας
1391 1255 1510 1296 σου
1550 1243 1799 1311 πρῶτος,
1835 1246 1935 1299 ἵνα

362 1324 716 1392 δικαιωθῇςο
765 1325 861 1379 καὶ
922 1327 1005 1394 τὺ,
1040 1330 1276 1397 Δίκαιος
1334 1330 1552 1388 ἑαυτοῦ
1604 1334 1943 1406 κατήγορος

360 1418 431 1469 ἐν
458 1418 847 1485 πρωτολογίᾳ.

446 1506 655 1560 Ἰκανοὶ
682 1507 752 1561 δέ
782 1503 905 1561 τῶν
934 1509 1007 1565 τὰ
1056 1517 1336 1585 περίεργα
1383 1515 1743 1585 πραξάντων
1780 1534 1928 1575 συν·

358 1600 713 1669 ενέγκαντες
736 1599 840 1666 τὰς
855 1601 1132 1670 βίϐλους,
1162 1607 1479 1663 κατέκαιον
1504 1610 1764 1666 ἐνώπιον
1783 1613 1933 1667 πάν-

272 1744 277 1749 ,
360 1707 509 1744 τωνο
546 1690 645 1745 καὶ
702 1693 1141 1763 συνεψήφισαν
1194 1697 1300 1766 τὰς
1351 1700 1521 1771 τιμὰς
1572 1704 1793 1769 αὐτῶν,
1832 1704 1929 1759 καὶ

359 1778 541 1852 εὖρον
567 1784 856 1853 ἀργυρίου
879 1786 1175 1855 μυριάδας
1203 1790 1403 1846 πέντε.

436 1870 599 1923 Οὓτω
635 1870 1004 1940 κατακράτος
1032 1877 1065 1928 ό
1096 1876 1279 1948 λόγος
1306 1879 1412 1933 τοῦ
1446 1879 1673 1949 Κυρίου
1701 1882 1929 1950 ηὔξανε

360 1961 458 2015 καὶ
491 1962 732 2030 ἴσχυεν.
1471 2031 1474 2034 ς

440 2052 532 2119 Ὧς
563 2051 631 2107 δὲ
654 2054 968 2126 ἐπληρώθη
998 2058 1207 2124 ταῦτα,
1237 2058 1405 2115 ἔθετο
1434 2064 1467 2117 ὁ
1489 2064 1729 2133 Παῦλος
1752 2066 1824 2123 ἐν
1851 2065 1929 2131 τῷ

360 2145 659 2213 Πνεύματι
703 2145 956 2211 διελθὼν
982 2151 1094 2218 τὴν
1120 2155 1496 2209 Μακεδονίαν
1524 2157 1621 2211 καὶ
1662 2158 1926 2226 Ἀχαΐαν,

356 2237 715 2303 πορεύεσθαι
730 2242 819 2307 εἰς
846 2241 1266 2314 Ἰερουσαλὴμ,
1295 2245 1499 2310 εἰπὼν,
1531 2247 1642 2313 ὅτι,
1674 2251 1835 2305 Μετὰ
1860 2250 1924 2304 τὸ

357 2327 634 2397 γενέσθαι
658 2347 734 2400 με
762 2330 907 2396 ἐκεῖ,
934 2333 1029 2388 δεῖ
1049 2353 1126 2404 με
1156 2336 1254 2391 καὶ
1290 2339 1522 2407 Ῥώμην
1546 2340 1712 2395 ἰδεῖν.

430 2425 755 2481 Κατέκαιον
795 2427 1050 2483 ἐνώπιον
1082 2429 1345 2486 πάντων.
1387 2433 1602 2497 Εἰδότες
1634 2434 1720 2488 ὅτι
1774 2435 1926 2489 οὐδὲν

355 2515 537 2568 αὐτῶν
567 2515 761 2586 ὄφελος
785 2518 974 2573 λοιπὸν
995 2515 1088 2591 ἦν.
1123 2520 1391 2577 Τοσοῦτον
1412 2522 1469 2576 δὲ
1493 2518 1636 2595 ἦσαν
1669 2525 1925 2580 κατείδω-

351 2605 435 2659 λοι
456 2607 505 2660 oi
549 2607 793 2677 Ἐφέσιοι
829 2612 926 2665 καὶ
963 2612 1183 2682 γόητες.
1219 2614 1301 2667 ὅτι
1340 2615 1435 2670 καὶ
1466 2614 1782 2688 πολυτίμως
1826 2618 1926 2683 τὰς

353 2702 719 2771 γοητευτικάς
749 2704 1154 2770 κατεσκεύαζον
1186 2706 1423 2778 βίϐλους,
1468 2709 1544 2773 ὡς
1583 2709 1692 2763 τῶν
1723 2712 1780 2766 ἐν
1825 2710 1925 2781 βίῳ

351 2789 592 2858 ἐχουσῶν
614 2791 658 2824 ⁶¹
707 2792 776 2847 τὰ
822 2793 1109 2849 κάλλιστα.
1139 2797 1317 2868 Ἀπερ
1339 2799 1383 2829 ⁸⁸
1420 2799 1501 2862 εἰς
1558 2801 1794 2870 Χριστὸν
1835 2819 1926 2855 πι-

356 2881 703 2947 στεύσαντες,
753 2885 854 2939 οὐκ
900 2887 1211 2959 ἐπώλησαν,
1248 2888 1366 2944 ἀλλ’
1400 2888 1671 2944 ἔκαυσαν·
1707 2893 1924 2964 πρῶτον

354 2971 476 3040 μὲν,
508 2972 595 3027 ἵνα
622 2976 696 3044 μή
722 2991 807 3038 τις
842 2976 1091 3049 μετάσχῃ
1120 2979 1219 3049 τῆς
1245 2977 1342 3031 ἀπ’
1367 2979 1547 3034 αὐτῶν
1574 2980 1922 3053 ψυχωλέθρου

2043 517 2227 588 aliquo
2289 529 2454 589 atque
2515 521 2835 577 calamitoso
2887 523 3286 589 convincatur,
3338 523 3390 577 in
3444 540 3605 595 quem

2041 625 2260 663 omnem
2295 610 2630 667 iracundiam
2656 610 2935 668 cﬂundere
2968 613 3117 667 velit.

2111 700 2277 756 Vens.
2350 701 2439 756 18.
2511 703 2765 774 Multique
2834 720 3017 759 eorum
3083 706 3172 774 qui
3239 705 3603 772 crediderant,

2040 791 2317 845 veniebant
2341 793 2636 863 confessum
2685 801 2733 848 et
2786 796 3052 863 proditum
3102 812 3230 853 suas
3278 798 3510 851 actiones
3560 809 3606 852 et

2042 886 2206 954 facta.
2523 944 2533 951 ,

2110 977 2337 1046 Oportet
2369 991 2564 1030 omnes
2616 976 2803 1032 lideles
2856 978 3087 1048 prodere
3121 995 3216 1034 sua
3252 970 3506 1049 peccata:
3545 994 3609 1033 ac

2039 1080 2160 1121 sese
2186 1067 2533 1138 coarguendo
2572 1053 2677 1122 illis
2727 1069 3063 1135 renuntiare,
3094 1084 3164 1124 ne
3204 1077 3327 1140 post
3378 1068 3608 1138 amplius

2038 1155 2228 1210 eadem
2259 1155 2582 1221 committat,
2614 1164 2674 1210 ut
2725 1156 2907 1225 justus
2933 1156 3146 1222 evadat,
3196 1166 3358 1228 prout
3402 1157 3605 1211 dictum

2038 1255 2160 1302 est:
2206 1243 2306 1298 Dic
2336 1255 2391 1298 tu
2422 1255 2635 1314 peccata
2661 1256 2751 1300 tua
2768 1248 2994 1316 primus,
3021 1257 3078 1300 ut
3107 1248 3285 1317 justus
3317 1248 3502 1300 evades
3529 1247 3604 1299 3"z

2038 1338 2166 1391 item
2199 1335 2361 1389 illud:
2426 1334 2612 1392 Justus
2645 1338 3004 1406 suimetipsius
3049 1347 3327 1392 accusator
3354 1341 3409 1391 iu
3435 1339 3605 1407 prima

2035 1443 2209 1481 causa:
2235 1427 2459 1481 dictione
2486 1428 2552 1481 ".
3258 1492 3261 1493 ν

2110 1515 2270 1573 Vens.
2305 1518 2391 1575 l9.
2427 1518 2587 1574 Multi
2616 1536 2795 1574 eorum
2824 1521 2915 1592 qui
2956 1538 3305 1592 supervacuas
3338 1531 3387 1575 et
3435 1522 3607 1575 curio—

2033 1627 2121 1663 sas
2162 1618 2521 1665 tractaverant
2555 1622 2717 1673 artes,
2744 1621 3095 1680 comportatos
3117 1611 3277 1666 libros
3306 1613 3603 1680 inspectan-

2034 1705 2170 1759 tibus
2204 1705 2443 1758 onmibus
2459 1703 2882 1764 concremabanl,
2913 1713 2959 1756 et
2989 1711 3416 1769 computauerunt
3433 1703 3603 1771 pretia

2033 1816 2234 1865 eorum,
2264 1818 2329 1854 ac
2354 1801 2660 1853 invenerunt
2706 1797 2943 1864 pecunia'
2989 1795 3158 1850 millia
3198 1797 3604 1866 quinquaginta.

2101 1889 2267 1945 Vens.
2289 1890 2380 1943 20.
2406 1890 2547 1942 Adeo
2576 1889 2904 1942 vehementer
2920 1887 3130 1943 verbum
3158 1886 3367 1942 Domini
3397 1903 3606 1942 cresce-

2031 1981 2120 2036 bat
2150 1991 2198 2035 et
2230 1980 2666 2051 confirmabatur.

2102 2072 2266 2127 Vens.
2293 2071 2385 2126 2|.
2423 2070 2486 2126 L’t
2512 2079 2688 2123 autem
2742 2069 2853 2125 lucc
2901 2070 3136 2139 confecta
3185 2078 3358 2132 erant,
3401 2066 3605 2122 Paulus

2030 2165 2210 2218 animo
2289 2162 2587 2232 proposuit,
2640 2179 2755 2217 cum
2814 2161 3182 2216 Macedoniam
3243 2170 3293 2213 et
3350 2162 3604 2214 Achaiam

2028 2263 2386 2326 peragrasset,
2445 2254 2708 2325 proﬁcisci
2758 2253 2812 2307 in
2842 2250 3168 2313 Jerusalem.
3196 2268 3261 2304 ac
3309 2252 3475 2305 dixit:
3509 2250 3603 2307 Ubi

2029 2345 2141 2399 illic
2170 2348 2339 2417 fuero,
2374 2355 2574 2414 oportet
2605 2360 2686 2398 me
2711 2343 2932 2399 Romam
2970 2351 3171 2412 quoque
3194 2342 3390 2395 uidere.

2100 2436 2517 2506 Inspectantibus
2548 2435 2783 2491 omnibus
2810 2432 3237 2489 concremabant.
3276 2430 3436 2503 146
3463 2430 3600 2498 Quia

2028 2527 2275 2581 sciebant
2312 2527 2521 2581 nullum
2574 2541 2762 2581 eorum
2800 2540 2957 2580 usum
2999 2531 3190 2594 postea
3254 2523 3390 2578 lore.
3446 2523 3599 2577 Adeo

2027 2630 2208 2674 autem
2241 2619 2655 2674 simulacrorum
2695 2610 2868 2674 cultui
2924 2633 2987 2673 ac
3026 2616 3316 2689 praestigiis
3354 2615 3600 2669 incanta-

2025 2712 2335 2780 mentisque
2375 2712 2546 2766 dediti
2577 2720 2735 2766 erant
2786 2710 3031 2781 Ephesii,
3062 2718 3124 2764 ut
3167 2722 3366 2778 magno
3418 2707 3597 2777 pretio

2025 2812 2406 2875 compararent
2463 2803 2705 2875 magicos
2751 2811 2808 2858 et
2862 2801 3251 2858 incantatorios
3309 2800 3495 2858 libros.
3540 2806 3599 2855 ut

2025 2894 2115 2964 qui
2142 2908 2232 2948 res
2263 2893 2317 2947 in
2349 2893 2461 2946 vita
2488 2892 2884 2962 pulcherrimas
2932 2891 2986 2945 in
3016 2905 3076 2946 se
3131 2889 3415 2945 haberent.
3448 2888 3597 2954 Quos

2026 2987 2119 3040 ubi
2152 2986 2205 3040 in
2240 2983 2517 3040 Christum
2546 2984 2892 3039 crediderant
2928 2998 3037 3038 non
3092 2980 3474 3043 vendiderunt,
3501 2979 3596 3033 sed

348 3064 559 3136 λύμης·
598 3065 794 3122 ἔπειτα
837 3069 913 3135 δὲ,
947 3070 1035 3124 ἴνα
1083 3072 1158 3142 μὴ
1188 3072 1294 3126 ἀπὸ
1324 3074 1422 3143 τῆς
1451 3074 1707 3145 τοιαύτης
1744 3076 1923 3139 αἰτίας

2027 3084 2409 3129 cremaverunt
2434 3092 2446 3127 :
2485 3076 2718 3144 primum
2746 3073 2965 3143 quidem
2989 3088 3058 3128 ne
3103 3070 3223 3139 quis
3244 3085 3310 3126 ex
3338 3069 3445 3125 illis
3472 3084 3598 3138 par—

352 3159 668 3229 κτήσωνται
724 3177 800 3214 τι.
839 3161 1051 3233 Ὠσπερ
1094 3163 1204 3232 γὰρ
1242 3148 1618 3236 ἀπηγόρευται
1653 3167 1714 3217 τὸ
1767 3167 1926 3229 κυνὸς

348 3247 588 3318 τίμημα,
620 3247 652 3316 ἢ
682 3248 742 3301 τὺ
769 3248 882 3304 ἀπὸ
913 3252 1169 3321 πορνείας
1213 3250 1403 3324 κέρδος
1452 3253 1750 3323 προσάγειν
1771 3252 1889 3323 Θεῷ
1909 3272 1922 3286 ·

317 3410 321 3412 γ
349 3334 523 3399 οὕτως
548 3336 670 3390 οὐδὲ
696 3337 757 3391 τὸ
780 3339 846 3392 ὲκ
886 3339 987 3410 τῆς
1015 3340 1197 3407 αἰτίας
1235 3341 1442 3413 ταύτης
1470 3342 1738 3415 ἀργύριον
1764 3343 1926 3414 τεθῆ-

347 3443 438 3481 ναι
465 3429 619 3499 παρὰ
645 3430 774 3495 τοὺς
807 3430 917 3485 τῶν
952 3432 1269 3488 ἀποστόλων
1310 3434 1496 3500 πόδας,
1529 3435 1738 3490 δίκαιον
1777 3433 1927 3506 ἔκρι-

346 3536 472 3576 ναν.

434 3795 823 3863 ’Δποστείλας
871 3796 941 3851 es
992 3800 1080 3865 είς
1112 3796 1228 3866 τὴν
1260 3798 1639 3856 Μακεδονίαν
1670 3802 1780 3858 δύο
1805 3802 1923 3856 τῶν

348 3888 788 3941 διακονούντων
815 3887 998 3956 αὐτῷ,
1040 3891 1313 3958 Τιμόθεον
1343 3890 1441 3944 καὶ
1472 3892 1786 3961 Ἔραστον,
1817 3896 1923 3949 αὐ-

348 3976 454 4044 τὸς
478 3975 702 4046 ἐπέσχε
728 3978 948 4047 χρόνον
969 3979 1040 4034 ἐν
1067 3979 1141 4048 τῇ
1175 3980 1346 4048 Ἀσίᾳ
1358 3980 1425 4034 ⁵³.

417 4160 562 4225 Τοὺς
589 4161 838 4233 μαθητὰς
859 4163 1182 4218 ἀπέστειλεν
1223 4166 1303 4229 εἰς
1333 4163 1695 4232 Μακεδονίαν,
1723 4166 1824 4238 τήν
1859 4186 1919 4223 τε

347 4250 654 4319 παρουσίαν
683 4253 1041 4322 ἀπαγγεῖλαι,
1073 4255 1170 4307 καὶ
1204 4254 1651 4326 προθυμοτέρους
1672 4259 1917 4332 ποιῆσαι.

2030 3167 2199 3236 ticeps
2229 3165 2604 3220 lieretanimae
2650 3164 2949 3233 perniciem
2987 3161 3264 3218 afferenlis
3312 3160 3595 3230 contagio-

2026 3256 2114 3311 nis
2145 3265 2197 3311 ct
2227 3255 2589 3327 corruptelae:
2629 3253 2828 3309 deinde
2858 3252 3048 3318 etiam,
3087 3266 3157 3306 ne
3186 3266 3251 3306 ex
3303 3249 3393 3304 tali
3434 3262 3597 3317 causa

2024 3347 2226 3418 aliquid
2283 3348 2652 3418 acquirerent.
2677 3343 3144 3410 Quemadmodum
3193 3341 3339 3398 enim
3369 3341 3594 3395 vetitum

2024 3449 2126 3506 est,
2153 3454 2225 3495 ne
2256 3439 2494 3510 pretium
2521 3437 2698 3502 canis,
2752 3444 2848 3491 aut
2892 3434 3105 3491 lucrum
3134 3434 3204 3489 de
3259 3432 3596 3488 seortalione

2025 3530 2136 3587 Deo
2178 3530 2477 3587 oll'eratur:
2519 3530 2593 3584 ita
2623 3544 2727 3584 nec
2760 3543 2881 3598 quae
2919 3543 2985 3582 ex
3017 3527 3117 3581 hac
3168 3525 3384 3596 quidem
3430 3537 3595 3589 causa

2023 3623 2270 3679 confecta
2299 3629 2466 3686 esset,
2501 3620 2789 3690 pecuniam
2810 3620 2964 3689 juxta
3014 3618 3185 3689 pedes
3222 3615 3594 3686 apostolorum

2023 3713 2152 3784 poni
2180 3728 2396 3783 aequum
2418 3726 2539 3766 esse
2567 3709 2889 3765 censebant.

2092 3802 2258 3857 Vens.
2283 3802 2374 3855 22.
2405 3799 2536 3854 Cum
2561 3810 2736 3852 aulem
2765 3797 2895 3851 duos
2941 3812 3005 3851 ea:
3047 3795 3133 3860 iis,
3173 3811 3394 3865 quorum
3434 3794 3594 3848 mini-

2021 3894 2179 3949 sterio
2210 3893 2474 3958 utebatur,
2505 3890 2827 3944 Timotheum
2844 3888 3039 3943 scilicet
3065 3896 3113 3941 et
3134 3886 3416 3949 Erastum,
3441 3884 3592 3938 able-

2022 3995 2192 4054 gasset
2246 3984 2302 4037 in
2336 3979 2721 4045 Macedoniam,
2767 3980 2882 4050 ipse
2902 3977 3131 4033 substitit
3168 3985 3217 4031 et
3269 3974 3590 4045 exspectavit

2022 4074 2340 4146 aliquandiu
2370 4074 2427 4127 in
2450 4072 2598 4127 Asia.

2093 4164 2402 4234 Discipulos
2434 4162 2645 4219 dimisit
2670 4161 2723 4216 in
2757 4158 3152 4225 Macedoniam,
3195 4165 3256 4213 ut
3302 4165 3357 4212 et
3387 4155 3594 4211 advena

2023 4263 2135 4310 tum
2160 4269 2321 4309 suum
2372 4253 2787 4317 annuntiarent,
2818 4260 2874 4306 et
2920 4247 3214 4304 alacriores
3264 4246 3595 4302 Macedonas

346 4337 588 4403 Εἰκότως
642 4338 702 4393 δὲ
731 4342 790 4395 ὲν
828 4345 896 4412 τῇ
925 4341 1084 4415 Ἀσίᾳ
1126 4339 1475 4414 ἐνδιατρίϐει.
1514 4343 1664 4399 Ἐκεῖ
1701 4346 1810 4418 γὰρ
1847 4344 1916 4420 ἦν

2027 4345 2318 4407 edicerent.
2342 4360 2407 4400 ac
2432 4354 2580 4400 recte
2628 4343 2683 4397 in
2716 4343 2845 4397 Asia
2893 4342 3235 4397 immoratur.
3272 4338 3388 4395 lllic
3442 4336 3587 4397 enim

340 4430 601 4500 τυραννὶς
627 4431 736 4484 τῶν
760 4432 1085 4504 φιλοσόφων.

429 4521 704 4591 Ἐγένετο
733 4521 801 4577 δὲ
829 4523 980 4580 κατὰ
1011 4526 1118 4579 τὸν
1145 4526 1354 4595 καιρὸν
1387 4526 1626 4584 ἐκεῖνον
1653 4526 1918 4598 τάραχος

344 4610 458 4667 οὐκ
484 4612 694 4683 ὀλίγος
720 4615 854 4684 περὶ
883 4614 992 4684 τῆς
1019 4617 1186 4673 ὀδοῦ.
1484 4624 1489 4629 ’

411 4704 742 4775 Δημήτριος
805 4708 917 4779 γάρ
978 4725 1070 4775 τις
1143 4710 1388 4781 ὀνόματι
1414 4753 1429 4779 ,
1482 4714 1915 4785 ἀργυροκόπος,

339 4795 530 4850 ποιῶν
584 4797 771 4865 ναοὺς
816 4799 1115 4869 ἀργυροῦς
1177 4803 1508 4873 Ἀρτέμιδος
1532 4846 1551 4874 ,
1600 4809 1916 4877 παρείχετο

338 4884 466 4952 τοῖς
488 4888 787 4955 τεχνίταις
809 4888 1101 4960 ἐργασίαν
1121 4893 1233 4947 οὐκ
1262 4893 1494 4963 ὀλίγην.

370 4978 375 4983 ’
414 4977 616 5045 Navim
659 4979 979 5050 ἀργυροῦς.
1014 4983 1177 5047 Ἴσως
1204 4983 1441 5055 κιϐώρια
1461 4984 1509 5018 ⁸⁸
1538 4988 1731 5060 μικρά.
1770 4989 1913 5062 Ὅρα

336 5065 394 5119 δὲ
437 5069 714 5140 πανταχοῦ
785 5073 890 5142 τήν
923 5072 1340 5145 εἰδωλολατρίαν
1356 5076 1402 5108 ⁸⁸
1433 5076 1541 5132 ἀπὸ
1587 5078 1907 5149 χρημάτων.

339 5152 450 5206 Καὶ
470 5156 789 5228 Δημήτριος
817 5159 875 5212 δὲ
904 5154 1083 5228 οὗτος,
1108 5161 1196 5216 διὰ
1222 5163 1512 5235 χρήματαο
1544 5164 1607 5217 οὐ
1646 5167 1746 5236 τῆς
1778 5166 1909 5219 ἀσε-

337 5241 488 5308 ϐείας
523 5246 945 5332 κξνδυνευούσης
978 5251 1184 5319 αὐτοῖς,
1232 5252 1349 5306 ἀλλ’
1378 5251 1455 5318 ὡς
1505 5253 1601 5308 τοῦ
1631 5240 1905 5327 πορισμοῦ

278 5442 299 5451 ,
409 5384 456 5416 ³⁵
491 5382 598 5440 lsa.
624 5400 777 5455 ιιιιι,
808 5386 900 5441 26.
1014 5389 1059 5421 “
1088 5389 1248 5447 Prov.
1272 5407 1426 5460 mn,
1460 5391 1549 5447 17.

1944 4415 1989 4472 θ
2014 4446 2133 4494 erat
2170 4436 2411 4508 tyrannis
2437 4435 2909 4506 philosophorum.

2088 4530 2251 4587 Vens.
2283 4530 2374 4587 95.
2414 4529 2632 4585 Exstitit
2665 4538 2841 4585 autem
2866 4529 2924 4583 iu
2958 4527 3049 4583 illo
3074 4536 3305 4598 tempore
3333 4522 3588 4580 tumultus

2016 4625 2161 4678 haud
2193 4623 2412 4694 exiguus
2444 4623 2509 4676 de
2522 4622 2617 4677 illa
2650 4622 2764 4676 via.

2083 4714 2250 4770 Vens.
2279 4715 2372 4770 24.
2403 4715 2545 4769 Ναηι
2576 4714 2791 4785 quidam
2820 4712 3031 4766 nomine
3087 4708 3406 4772 Demetrius,
3438 4710 3589 4779 {alter

2017 4807 2378 4877 argentarius,
2425 4805 2518 4876 qui
2560 4805 2787 4876 faciebat
2845 4806 2983 4859 (edes
3032 4812 3314 4872 argenteas
3376 4800 3586 4863 Dianw.

2021 4897 2309 4966 prazstabat
2334 4896 2630 4966 artiﬁcibus
2661 4896 2806 4950 haud
2828 4895 3086 4949 modicum
3111 4902 3389 4963 quaestum.

2094 4986 2260 5042 dides
2303 4997 2603 5059 argenteas.
2651 4987 2902 5043 Forsitan
2941 4986 3156 5041 arculas
3203 5000 3421 5055 parvas.
3452 4982 3589 5038 Ani-

2020 5081 2302 5136 madverte
2332 5087 2514 5134 autem
2555 5093 2585 5131 a
2637 5076 2889 5149 pecuniis
2936 5077 3135 5146 ubique
3173 5075 3586 5132 simulacrorum

2017 5172 2561 5228 eultusoccasionem
2611 5168 2776 5223 sumi.
2833 5168 3084 5239 Namque
3129 5166 3433 5221 Demetrius
3497 5161 3587 5216 hic

2012 5261 2160 5334 quod
2231 5262 2487 5329 iaciebat,
2541 5261 2898 5333 pecuniarum
2927 5260 3098 5335 gratia
3150 5257 3411 5314 faciebat:
3471 5266 3584 5308 non

1477 5529 1679 5593 Varim
1715 5531 2021 5597 lectiones
2063 5540 2127 5597 et
2168 5541 2358 5598 noun.

406 5646 449 5721 ξι
465 5644 613 5721 ’ἰχθύ
627 5660 738 5721 τας.
760 5645 846 5701 τον.
873 5647 934 5718 ἣ,
960 5647 1191 5721 ἔχοντες.

372 5653 738 5728 διέχοντας.
760 5653 846 5701 ῑσ.
873 5653 934 5718 ἣ,
960 5653 1191 5721 ἔχοντες.
1310 5655 1354 5686 ⁶¹
1388 5653 1475 5710 ῖσ.
1514 5653 1712 5728 ἇσπερ.

335 5712 808 5787 εἰδωλολατρείαν.

1822 5659 1867 5692 ⁸³
1898 5659 1959 5714 In
1986 5659 2207 5730 vulgatis
2235 5669 2330 5727 est,
2352 5659 2434 5723 εἰς
2464 5658 2560 5730 τὴν
2598 5656 2805 5711 Ἀσίαν.
2876 5654 2922 5687 ⁸⁸
2950 5653 3038 5709 ισ.
3068 5651 3320 5707 κιϐὠτεα.

3421 5651 3467 5684 ⁸⁵
3489 5650 3581 5707 ῑσ.
