4116 6216
489 346 596 413 ’167

1332 344 1908 406 THEOPHYLACTI
1948 346 2360 408 BULGARI/E
2387 348 2738 408 AllClllEP.

3627 340 3735 403 768

492 458 640 527 quod
672 455 925 526 impietas
957 454 1200 525 ipsorum
1225 446 1279 507 in
1315 451 1556 524 periculo
1596 459 1927 516 versaretur,
1961 452 2056 508 sed

2182 455 2259 526 ςὴν
2290 452 2545 507 ὑπόθεσιν
2576 453 2678 505 οὐκ
2708 450 2944 521 ἔχοντος.
2992 448 3146 502 Ἤδει
3176 447 3286 519 γὰρ
3324 449 3354 501 ὁ
3401 447 3736 519 Δημήτριος,

492 548 639 618 quod
670 544 950 616 quaerendi
977 544 1158 599 victus
1188 552 1350 614 alque
1371 542 1615 614 pecunia:
1652 557 1761 598 non
1797 543 2064 599 baberent

491 636 861 695 orcasiohem.
894 635 1133 690 Noverat
1153 634 1301 690 enim
1329 633 1636 689 Demetrius
1661 648 1782 689 sese
1811 620 2063 705 decipere

493 729 765 790 homines,
796 741 920 782 cum
951 726 1155 781 faceret
1194 725 1298 780 illis
1319 724 1548 781 delubra
1591 741 1654 780 ac
1682 726 1813 781 deos
1867 740 2063 796 argen-

495 829 648 875 teos:
687 834 751 874 ac
774 817 1074 885 metuebat,
1095 831 1167 872 ne
1196 817 1616 872 convinceretur
1645 833 1740 871 sua
1765 816 2064 886 impostura

492 926 591 981 per
640 924 824 964 veram
858 907 1006 962 Pauli
1071 908 1401 963 doctrinam.
1460 907 1733 963 Metuebat
1785 907 1938 972 item,
1994 922 2066 962 ne

497 999 714 1054 tandem
747 998 912 1054 etiam
949 998 1172 1068 periret,
1211 1000 1355 1069 quod
1390 998 1589 1068 Ephesi
1627 1006 1744 1051 erat
1805 998 2064 1068 templum

498 1087 715 1142 Dianae:
752 1102 814 1142 ac
843 1103 943 1143 suo
976 1087 1160 1142 omine
1192 1102 1444 1142 occasum
1480 1096 1535 1141 et
1578 1086 1855 1140 interitum
1882 1087 2067 1158 templi

495 1176 972 1249 praesigniﬁcabat,
1014 1178 1159 1247 quod
1183 1186 1239 1231 et
1272 1177 1491 1232 accidit.

567 1267 733 1325 Vens.
800 1270 892 1324 25.
949 1269 1088 1335 Quos
1138 1287 1257 1325 cum
1314 1279 1699 1341 congregasset,
1754 1280 1801 1325 et
1853 1288 1940 1325 eos
1978 1272 2070 1341 qui

497 1358 686 1412 talium
725 1375 900 1412 rerum
922 1359 1132 1428 opiﬁces
1173 1369 1362 1413 erant:
1399 1359 1584 1424 Scitis,
1628 1361 1819 1430 inquit,
1855 1361 1975 1423 viri,
2006 1376 2069 1413 ea:

498 1450 595 1504 hoc
622 1449 831 1518 opiﬁcio
871 1462 1077 1503 nostras
1097 1467 1206 1504 esse
1236 1450 1537 1519 facultates.

567 1540 736 1595 Vens.
763 1538 855 1594 26.
891 1539 1084 1594 Videtis
1112 1548 1288 1594 autem
1315 1549 1363 1594 et
1406 1540 1626 1606 auditis,
1662 1549 1718 1595 ut
1748 1540 1950 1595 Paulus
1974 1542 2071 1596 iste

496 1645 595 1683 non
618 1631 770 1684 modo
799 1630 1026 1684 civitatis
1056 1630 1311 1700 Epltesiw.
1360 1636 1535 1684 verum
1572 1633 1731 1686 etiam
1761 1632 1919 1686 totius
1949 1649 2071 1701 pro-

495 1720 776 1789 pemodum
810 1720 946 1775 Asia!
986 1722 1117 1775 satis
1152 1738 1403 1792 magnam
1454 1721 1842 1777 multitudinem
1901 1723 2070 1777 verbis

2182 1722 2415 1788 Παῦλος
2504 1716 2682 1786 οὗτος
2775 1718 2994 1782 πείσας
3073 1716 3451 1786 μετέστησεν

2164 544 2246 597 ὅτι
2271 543 2456 613 ἠπάτα
2479 544 2607 603 τοὺς
2636 539 2956 613 ἀνθρώπους
3004 538 3174 593 ποιῶν
3224 539 3409 600 αὐτοῖς
3451 537 3611 602 ναοὺς
3642 532 3741 592 καὶ

2166 634 2321 697 θεοὺς
2370 632 2675 713 ἀργύροῦς·
2726 633 2819 686 καὶ
2867 630 3059 685 ἐδεδίει
3102 630 3181 702 μὴ
3230 630 3465 702 ἐλεγχθῇ
3500 629 3671 685 αὑτοῦ
3697 633 3732 701 ἠ

2166 722 2482 795 ραδιουργία
2531 721 2620 776 διὰ
2665 718 2763 791 τῆξ
2802 720 3036 789 ἀληθοῦς
3080 719 3177 773 τοῦ
3223 720 3438 775 Παύλου
3490 721 3734 792 διδαχῆς.

2167 813 2386 866 Ἐδεδίει
2408 813 2465 866 δὲ
2494 811 2572 884 μὴ
2590 812 2683 865 καὶ
2720 813 2801 875 εις
2824 810 2975 873 τέλος
2997 810 3264 880 ἀπόληται
3289 810 3388 881 τῆς
3418 811 3738 881 Ἀρτέμιδος

2166 903 2194 956 ὁ
2222 904 2280 956 ἐν
2308 903 2520 974 Ἐφέσῳ
2572 902 2728 965 ναός
2778 902 2874 956 καὶ
2910 899 3287 972 προανεφώνει
3316 900 3414 973 τὴν
3453 899 3779 955 ὰπώλειανιῗ

2167 995 2263 1049 τοῦ
2292 994 2444 1063 ναοῦ,
2474 996 2503 1049 ὃ
2527 995 2619 1050 καὶ
2642 993 2890 1064 γέγονεν.

2244 1265 2362 1330 Οὓς
2402 1262 2839 1332 συναθροίσας,
2887 1258 2988 1314 καὶ
3024 1257 3169 1324 τοὺς
3218 1256 3353 1325 περὶ
3395 1254 3465 1309 τὰ
3498 1256 3765 1335 τοιαῦτα,

2168 1356 2439 1429 ἐργάτας,
2475 1352 2678 1409 εἷπε-ν’
2718 1352 2978 1421 Ἄνδρες.
3007 1351 3339 1405 ἐπίστασθε
3389 1349 3478 1403 ὅτι
3502 1349 3569 1403 ἐκ
3603 1350 3748 1404 ταύ-

2170 1467 2278 1517 της
2303 1449 2413 1518 τῆς
2445 1446 2728 1517 ἐργασίας
2762 1446 2799 1514 ἡ
2828 1443 3081 1511 εὐπορία
3112 1440 3282 1510 ἡμῶν
3308 1441 3462 1495 ἐστι.

2245 1540 2356 1593 Kal
2391 1537 2659 1607 θεωρεῖτε
2687 1535 2785 1590 καὶ
2820 1534 3095 1597 ἀκούετε,
3132 1534 3221 1587 ὅτι
3251 1534 3325 1588 οὐ
3352 1534 3546 1599 μόνον
3577 1531 3748 1600 Ἐξ,ςέ-

2170 1648 2310 1696 σου,
2348 1631 2510 1686 ἀλλὰ
2557 1629 2715 1683 xal“
2768 1625 2998 1695 σχεδὸν
3042 1624 3249 1690 πάσης
3301 1624 3412 1693 τῆς
3459 1624 3665 1689 Ἀσιας
3709 1628 3744 1678 ό

3536 1714 3751 1768 ικανιέν

495 1826 802 1881 persuasae:
835 1811 891 1864 in
926 1827 1078 1864 suam
1129 1812 1443 1866 sententiam
1499 1813 1815 1878 traduxerit,
1872 1829 2066 1885 negans

2182 1784 2405 1886 ὄχλον,⁷
2446 1812 2641 1883 λέγων
2660 1784 2751 1865 δτι
2778 1810 2900 1864 οὐκ
2941 1784 3225 1864 εισὶήθεοὶ
3279 1810 3333 1863 οἱ
3387 1806 3486 1861 διὰ
3533 1805 3756 1876 χειρῶν

497 1918 605 1957 esse
631 1902 773 1964 deos,
797 1902 886 1971 qui
918 1903 1162 1957 manibus
1201 1903 1358 1971 ﬁunt.

570 1991 733 2047 Vens.
778 1992 869 2048 9.7.
899 1992 975 2048 Ac
1022 2009 1124 2047 non
1180 1999 1331 2047 modo
1375 1993 1670 2060 periculum
1707 2004 1780 2049 est
1841 2011 1905 2050 ne
1956 1995 2070 2050 haec

2170 1903 2492 1975 γινόμενοι.

2244 1997 2327 2051 Οὐ
2352 1996 2546 2066 μόνον
2591 1993 2660 2048 δὲ
2704 1994 2884 2050 τοῦτο
2921 1991 3260 2048 κινδυνεύει
3303 1991 3448 2060 ἡμῖν
3479 1992 3541 2045 τὸ
3565 1991 3752 2061 μέρος

498 2079 645 2134 nobis
673 2097 799 2149 pars
832 2083 1129 2152 cbnfutetur
1158 2092 1317 2152 atque
1355 2082 1675 2151 reprobetur,
1699 2101 1879 2138 verum
1899 2085 2062 2139 etiam

2182 2089 2259 2154 εὶς
2297 2086 2637 2157 ἀπελεγμὸν
2670 2086 2897 2152 ἐλθεῖν,
2931 2084 3091 2141 ἀλλὰ
3126 2085 3221 2138 καὶ
3247 2083 3313 2136 τὸ
3351 2082 3461 2150 τῆς
3485 2082 3757 2151 μεγάλης

498 2185 564 2223 ne
593 2186 799 2241 magna:
844 2171 953 2225 dea:
982 2170 1233 2241 templum
1263 2171 1452 2226 Diana:
1479 2189 1574 2242 pro
1609 2173 1778 2228 nihilo
1818 2176 2067 2230 ducatur.

2177 2175 2317 2244 θεᾶς
2360 2175 2523 2244 ἱερὸν
2560 2175 2899 2246 Ἀρτέμιδος
2914 2176 2958 2207 ⁸⁷
2992 2176 3079 2240 εὶς
3136 2173 3320 2228 οὐδὲν
3350 2170 3710 2241 λογισθῆναι
3733 2187 3747 2200 ·

501 2258 771 2316 Futurum
813 2272 890 2318 est
925 2272 1124 2327 autent,
1164 2275 1223 2317 ut
1261 2265 1423 2319 etiam
1451 2265 1705 2335 majestas
1744 2266 1878 2336 ejus,
1909 2283 2068 2337 quam

2182 2266 2384 2333 μέλλει
2414 2265 2505 2327 ,δὲ
2552 2266 2650 2320 καὶ
2703 2264 3111 2335 καθαιρεῖσθαι
3164 2261 3280 2331 τὴν
3310 2261 3751 2333 μεγαλειότητα

502 2362 613 2408 tota
639 2354 764 2409 Asia
788 2365 949 2426 atque
980 2365 1246 2411 terrarum
1274 2358 1412 2412 orbis
1441 2358 1583 2421 colit,
1610 2358 1963 2413 subvertatur.

577 2442 735 2517 147
768 2441 850 2499 Ea:
901 2444 996 2499 hoc
1039 2446 1248 2516 opiﬁcio
1306 2455 1533 2511 nostras,
1578 2456 1703 2511 "etc.
1759 2446 2071 2501 Periculum

501 2535 825 2605 proposuit:
863 2536 1120 2592 videlicet
1144 2536 1214 2592 ab
1246 2537 1353 2593 hoc
1370 2537 1600 2593 artificio
1637 2538 1938 2608 periculum
1963 2547 2072 2602 est,

499 2638 574 2680 ne
607 2625 664 2681 in
721 2625 921 2683 famem
959 2628 1288 2684 incidamus.
1313 2628 1644 2702 Quanquam
1674 2644 1736 2684 ea
1768 2645 1889 2700 quae
1916 2629 2072 2693 dixit,

502 2722 755 2784 poterant
781 2715 902 2771 illos
926 2717 1200 2773 adducere
1232 2717 1298 2773 ad
1336 2719 1614 2789 pietatem,
1649 2727 1703 2773 et
1752 2734 1940 2773 verum
1977 2718 2074 2774 Dei

500 2805 731 2862 cultum.
759 2804 895 2862 Nam
921 2808 965 2863 si
992 2808 1156 2865 homo
1186 2808 1311 2874 iste,
1333 2808 1532 2880 inquit.
1580 2818 1790 2865 tantum
1821 2810 1984 2871 valet,
2016 2818 2078 2864 ut

501 2897 669 2953 etiam
728 2913 921 2956 omnes
978 2900 1034 2955 in
1091 2915 1244 2955 suam
1313 2904 1639 2957 sententiam
1693 2903 1967 2968 traducat,
2023 2912 2077 2957 et

503 2988 730 3045 deorum
772 2994 952 3048 cultus
991 3009 1055 3049 ac
1109 2995 1308 3064 templa
1366 2994 1418 3048 in
1472 2995 1716 3064 periculo
1768 3004 2073 3059 versantur,

503 3082 855 3137 considerare
885 3092 1123 3150 oportet,
1158 3093 1395 3153 quantus
1429 3087 1500 3139 sit
1525 3085 1682 3138 istius
1720 3085 1879 3139 Deus.
1945 3084 2075 3139 Ubi-

504 3184 612 3238 que
650 3180 834 3226 autem
877 3183 1049 3227 artem
1102 3183 1259 3245 urget
1309 3175 1576 3229 oratione.
1638 3173 1781 3228 Satis
1829 3192 2078 3245 magnam

506 3256 898 3314 multitudinem
934 3262 1101 3315 verbis
1138 3278 1444 3330 persuasum
1486 3263 1540 3315 in
1571 3279 1725 3315 suam
1765 3265 2079 3318 sententiam

507 3348 822 3403 traduxerit.
853 3349 971 3403 Non
997 3349 1284 3418 violenter,
1318 3349 1457 3425 [sed]
1478 3352 1549 3406 ita
1568 3354 1898 3422 persuadere
1918 3371 2078 3425 opor-

507 3447 606 3493 tet.
639 3440 818 3511 Atque
849 3442 953 3497 boc
985 3443 1149 3497 etiam
1175 3443 1373 3499 sulllcit
1396 3445 1541 3514 quod
1558 3445 1795 3520 dixerat,
1830 3447 1950 3501 Non
1972 3464 2080 3502 esse

2177 2355 2389 2425 αὐτῆς,
2432 2355 2511 2425 ῆν
2552 2356 2665 2425 ὅλη
2709 2357 2874 2411 Ἀσία
2908 2357 3006 2410 καὶ
3038 2357 3075 2424 ἡ
3108 2352 3429 2423 οἰκουμένη
3484 2352 3752 2407 σέϐεται.

2250 2446 2377 2499 Ὅτι
2409 2446 2476 2500 ἐκ
2510 2447 2731 2514 ταύτης
2773 2446 2883 2514 τῆς
2908 2446 3213 2515 ἐργασίας.
3238 2443 3342 2497 Τδν
3381 2443 3622 2496 κίνδυνον
3651 2444 3756 2495 ἐπ-

2182 2535 2427 2605 ἐστητεν,
2453 2534 2563 2600 ὅτι,
2593 2534 2728 2588 Ἀπὸ
2754 2535 2852 2605 τῆς
2879 2534 3089 2606 τέχνης
3116 2535 3319 2604 ταύτης
3370 2530 3765 2601 κινδυνεύομεν

2180 2627 2259 2688 εἰς
2291 2624 2446 2695 λιμὸν
2479 2626 2764 2695 ἐμπεσεῖν.
2816 2625 3011 2679 Καίτοι
3047 2623 3115 2677 τὰ
3148 2622 3440 2695 εἰρημένα,
3478 2620 3641 2675 ἱκανὰ
3674 2621 3757 2683 el;

2181 2715 2466 2768 εὐσέϐειαν
2496 2714 2702 2779 αὐτοὺς
2740 2717 2992 2785 ἀγαγεῖν.
3018 2714 3201 2786 Εἰγάρ
3218 2712 3528 2786 ἄνθρωπος,
3565 2712 3758 2781 φησιν,

2181 2799 2336 2871 οὗτος
2369 2806 2610 2861 τοσαῦτα
2650 2804 2846 2877 ἰσχύει,
2886 2806 2963 2869 ὡς
2994 2809 3089 2861 καὶ
3144 2805 3485 2878 μεταστῆσαι
3525 2806 3759 2867 πάντας,

2185 2901 2278 2953 καὶ⁸
2307 2899 2605 2955 κινδυνεύει
2629 2900 2696 2953 τὰ
2716 2899 2825 2953 τῶν
2856 2898 2990 2953 Θεῶν
3010 2915 3022 2929 ·
3054 2898 3138 2951 δεῖ
3172 2899 3469 2951 ἐννοεῖσθαι
3511 2896 3695 2967 ἡλίκος
3730 2896 3769 2947 ὁ

2184 2990 2375 3045 τούτου
2411 2991 2566 3055 Θεός.
2604 2993 2885 3063 Πανταχοῦ
2926 2991 2983 3046 δὲ
3014 2992 3095 3055 εἰς
3131 2989 3231 3060 τὴν
3274 2988 3470 3059 τέχνην
3510 2989 3642 3042 ὠθεῖ
3669 2989 3765 3040 τὸν

2185 3083 2365 3151 λόγον.
2428 3084 2655 3150 Πείσας
2698 3084 3085 3153 ’μετέστησεν
3138 3080 3347 3136 ἱκανὸν
3405 3080 3615 3149 ὄχλον.
3685 3081 3764 3133 Οὐ

2187 3173 2396 3244 βιαίως,
2442 3174 2584 3228 οὕτω
2627 3173 2710 3228 δεῖ
2755 3175 2985 3228 πείθειν.
3019 3172 3129 3227 Καὶ
3178 3172 3336 3227 τοῦτο
3387 3172 3443 3226 δὲ
3494 3173 3656 3242 ἀρκεῖ
3699 3172 3764 3224 τὸ

2185 3268 2379 3334 εἰπεῖν,
2419 3268 2520 3332 ὅτι,
2575 3269 2695 3320 vim
2728 3266 2845 3321 εισι
2875 3267 3019 3322 θεοί.
3061 3267 3124 3319 ΕΞ
3144 3267 3241 3337 μὲν
3269 3259 3362 3319 οὖν
3385 3265 3557 3329 οὕτως
3588 3263 3768 3331 εὐφώ-

2191 3376 2350 3430 ρατον
2376 3360 2436 3412 τδ
2467 3360 2565 3430 τῆς
2599 3359 2872 3424 ἀσεϐείας,
2902 3359 3070 3413 πάλαι
3123 3357 3576 3428 καταγνωσθῆναι
3616 3358 3723 3411 Eiet
3744 3372 3762 3389 °

2185 3449 2234 3503 εἰ
2272 3448 2327 3502 δὲ
2359 3449 2600 3520 ἰσχυρὸν,
2631 3450 2727 3520 οὔχ
2753 3449 2927 3512 οὕτως
2947 3448 3300 3519 ἀναιρεθῆναι
3334 3448 3565 3516 ταχέως.

507 3534 651 3589 deos.
678 3536 755 3590 Ae
806 3538 849 3592 si
880 3537 1099 3606 quidem
1146 3537 1219 3594 ita
1258 3539 1416 3595 facile
1473 3542 1809 3613 deprehendi
1868 3536 2081 3615 poterat
2118 3544 2390 3616 impietas,
2414 3544 2739 3615 jampridem
2777 3546 3197 3602 condemnatam
3261 3561 3383 3601 eam
3424 3560 3546 3601 esse
3598 3558 3768 3615 opor-

508 3625 687 3681 tebat:
723 3626 807 3681 sin
833 3637 1013 3683 autem
1063 3644 1151 3686 res
1184 3639 1300 3686 erat
1323 3632 1520 3698 valida,
1548 3648 1658 3688 non
1712 3634 1787 3688 ita
1833 3635 2079 3691 celeriter
2118 3637 2387 3692 sublatam
2425 3652 2548 3691 esse
2580 3651 2677 3707 par
2703 3647 2843 3693 erat.

582 3720 742 3777 Vens.
784 3722 875 3777 28.
913 3721 1112 3789 Quibus
1161 3725 1245 3778 illi
1309 3726 1546 3792 auditis,
1587 3725 1729 3795 pleni
1760 3729 1955 3798 furoris
2004 3729 2081 3784 ita

511 3808 842 3865 clamabant:
874 3816 1071 3885 Magna
1107 3823 1180 3869 est
1210 3815 1381 3870 Diana
1404 3816 1764 3885 Ephesiorum.

582 3898 749 3957 Vens.
785 3902 875 3958 29.
907 3903 974 3958 Et
1010 3906 1211 3975 repleta
1258 3915 1332 3960 est
1366 3907 1552 3962 civitas
1593 3916 1703 3963 tota
1760 3911 2082 3981 confusione.

512 3990 748 4065 Cumque
783 3997 1156 4066 corripuissent
1190 3998 1387 4054 Caium
1421 4009 1470 4055 et
1518 4002 1883 4055 Aristarcltum
1912 4002 2085 4057 Hace-

509 4087 676 4140 donas
706 4090 1139 4159 peregrinationis
1177 4089 1338 4147 Pauli
1359 4095 1596 4160 comites,
1637 4095 1871 4149 universi
1905 4095 2083 4150 irrue-

514 4189 634 4233 runt
661 4181 715 4233 in
746 4182 1033 4238 theatrum.

584 4268 736 4331 Pleni
769 4274 985 4341 furoris.
1029 4272 1202 4330 Furor
1230 4275 1581 4348 ingencratus
1606 4287 1692 4334 est
1739 4279 1839 4344 eis,
1869 4281 2088 4350 quando

516 4359 585 4414 de
614 4359 805 4427 Diana,
846 4370 1063 4431 quando
1095 4365 1163 4419 de
1192 4373 1401 4435 quaestu
1432 4366 1749 4422 audiebant.
1784 4366 1915 4422 Nam
1939 4369 2088 4438 ejus-

2277 3731 2679 3797 Ἀκούσαντες
2711 3729 2780 3785 δὲ
2810 3731 2908 3785 καὶ
2927 3732 3243 3801 γενόμενοι
3270 3730 3522 3799 πλήρεις
3549 3728 3764 3798 θυμοῦ,

2185 3820 2456 3890 ἔκραζον,
2475 3820 2789 3889 λέγοντες·
2816 3819 3059 3890 Μεγάλη
3082 3820 3119 3888 ἠ
3152 3821 3426 3889 ’Ἄρτεμις
3454 3820 3765 3889 Ἐφεσίων.

2255 3913 2368 3968 Καὶ
2415 3912 2695 3982 ἐπλήσθη
2728 3913 2766 3981 ἡ
2813 3913 2993 3979 πόλις
3052 3911 3165 3979 ὅλη
3213 3911 3326 3980 τῆς
3374 3913 3768 3981 συγχύσεως⁶

2184 4007 2567 4076 ὥρμησάνοτε
2604 4004 2985 4075 ὁμοθυμαδὸν
3010 4006 3098 4071 εις
3129 4004 3198 4058 τὸ
3234 4003 3503 4072 θέατρον,
3536 4020 3768 4071 συναρ-

2186 4097 2497 4164 πάσαντες
2535 4094 2633 4150 καὶ
2655 4095 2699 4127 ⁸⁸
2722 4095 2913 4149 Γάϊον
2942 4093 3041 4147 καὶ
3078 4093 3462 4163 Ἀρίσταρχον
3515 4089 3773 4147 Μακεδό-

2183 4205 2314 4256 νας,
2355 4184 2775 4254 συνεκδήμους
2804 4185 3069 4240 Παύλου.

2257 4278 2368 4335 Kal
2425 4276 2733 4346 γενόμενοι
2767 4272 3018 4342 πλήρεις
3042 4273 3251 4343 θυμοῦ.
3300 4271 3357 4326 ’0
3390 4270 3560 4342 θυμὸς
3606 4270 3772 4340 γέγο-

2187 4391 2298 4441 νεν,
2327 4373 2416 4426 ὅτε
2454 4371 2581 4439 περὶ
2624 4371 2725 4438 τῆς
2760 4369 3075 4441 ’Δρτέμιδος
3098 4371 3362 4442 ἥκουσαν,
3390 4368 3479 4422 ὅτε
3515 4369 3645 4438 περὶ
3672 4365 3771 4420 τοῦ

518 4451 664 4505 modi
705 4460 836 4506 sunt
886 4468 1069 4509 mores
1101 4454 1225 4508 vilis
1259 4470 1321 4510 ac
1379 4456 1613 4512 sordidae
1668 4457 1842 4528 plebis
1871 4460 2073 4514 urbana

2194 4460 2491 4533 πορισμοῦ.
2529 4457 2773 4513 Τοιαῦτα
2799 4459 2908 4527 γὰρ
2954 4459 3023 4510 τὰ
3053 4458 3163 4512 τῶν
3197 4460 3474 4527 ἀγοραίων
3498 4457 3629 4527 ἢθη,
3656 4456 3769 4509 ἀπὸ

516 4539 573 4594 in
604 4541 722 4597 foro
760 4544 964 4599 versari
997 4555 1300 4605 consuetae.
1337 4562 1537 4618 nempe
1575 4527 1847 4619 utqnavis
1888 4550 1992 4605 levi
2021 4553 2073 4607 dt

2193 4527 2290 4605 τού
2341 4527 2596 4619 τυχόντος
2630 4547 3077 4619 συναρπάζεσθαι
3106 4550 3199 4602 καὶ
3233 4548 3577 4602 ὲκκαίεσθαι.
3613 4546 3773 4600 Κατὰ

517 4645 678 4686 causa
712 4636 1013 4689 concitetur
1036 4644 1090 4690 et
1109 4638 1486 4695 excandescat.
1516 4640 1576 4695 In
1605 4642 1738 4696 urbe
1753 4650 1933 4697 autem
1961 4643 2073 4698 deos

2197 4643 2354 4697 πόλιν
2382 4641 2440 4695 δὲ
2490 4641 2676 4703 αὐτοῖς
2727 4635 2869 4711 ἦσαν
2903 4640 3037 4705 θεοὶ,
3075 4641 3167 4693 καὶ
3191 4639 3333 4693 οὕτω
3360 4637 3652 4700 διέκειντο,
3694 4636 3772 4698 ὡς

519 4721 817 4790 habebant,
850 4734 1012 4795 atque
1041 4726 1113 4781 ita
1142 4728 1367 4784 animati
1388 4728 1571 4800 erant,
1609 4733 1766 4801 quasi
1831 4748 1966 4788 voce
2001 4734 2073 4789 ill:

2195 4735 2284 4790 διὰ
2333 4736 2434 4805 τῆς
2482 4736 2667 4805 φωνῆς
2723 4734 3106 4806 ἀνακτώμενοι
3132 4733 3193 4786 τὸ
3233 4733 3398 4795 σέϐας
3435 4732 3638 4794 αὐτοῖς,
3674 4731 3770 4782 καὶ

520 4828 721 4869 numen
762 4817 863 4872 sibi
894 4819 1255 4876 restituerent
1279 4832 1442 4892 atque
1468 4825 1908 4890 reconciliarent,
1932 4837 1985 4881 et
2025 4843 2073 4882 ει

2191 4828 2262 4882 τὰ
2290 4828 2633 4899 γεγενημένα
2664 4828 3011 4892 ἀναλύοντες,
3044 4826 3294 4896 καθάπερ
3328 4824 3656 4892 φοϐούμενοι
3693 4822 3772 4892 μὴ

518 4920 640 4974 quze
685 4905 825 4961 facta
891 4919 1077 4974 erant,
1160 4915 1536 4970 rescinderent
1614 4924 1671 4970 et
1739 4926 2073 4972 revocarent.

2196 4918 2397 4990 σϐεσοῇ
2426 4919 2486 4972 τὸ
2522 4918 2772 4990 σέϐασμα
2807 4919 3008 4986 αὐτῶν,
3037 4916 3275 4988 συνεχῶς
3302 4916 3470 4969 ἐϐόων
3493 4915 3561 4970 ⁶⁹.

520 4997 682 5063 Quasi
712 5010 1013 5057 metuentes
1063 5021 1132 5060 ne
1166 5023 1372 5061 numen
1405 5008 1548 5076 quod
1592 5008 1842 5062 colebant
1880 5009 2090 5065 exstin-

519 5100 796 5160 gueretur,
833 5094 1179 5152 continenter
1209 5098 1670 5152 vociferabantur.

590 5179 759 5245 Vens.
793 5184 883 5240 30.
912 5184 1041 5242 Cum
1065 5197 1245 5242 autem
1297 5188 1502 5243 Paulus
1551 5190 1702 5243 vellet
1753 5193 1965 5261 prodire
2017 5193 2089 5247 ad

521 5276 794 5344 populum,
837 5294 940 5331 non
966 5280 1194 5333 siverunt
1213 5296 1327 5334 cum
1361 5281 1628 5351 discipuli.

591 5366 758 5427 Vens.
784 5370 874 5426 51.
904 5372 1072 5441 Atque
1097 5372 1258 5426 etiam
1287 5372 1530 5427 nonnulli
1554 5389 1618 5427 ea:
1636 5374 1935 5443 proceribus
1952 5376 2092 5432 Asiae

2271 5194 2384 5251 Τοῦ
2415 5193 2484 5248 δὲ
2513 5195 2756 5249 Παύλου
2790 5194 3178 5260 βουλομένου
3220 5191 3522 5249 εἰσελθεῖν
3542 5191 3630 5256 εις
3667 5187 3773 5244 τὸν
3876 5204 3885 5209 ε

2198 5285 2413 5356 δῆμον,
2445 5287 2559 5340 οὐκ
2595 5287 2734 5339 εἴων
2754 5285 2941 5341 αὐτὸν
2975 5287 3029 5339 οἱ
3056 5285 3331 5354 μαθηταί.

2276 5378 2440 5443 Τινὲς
2467 5377 2535 5432 δὲ
2563 5375 2661 5432 καὶ
2682 5377 2803 5432 τῶν
2845 5376 3178 5447 Ἀσιαρχῶν
3201 5377 3370 5443 ὄντες
3393 5373 3555 5441 αὐτῷ
3580 5373 3769 5444 φίλοι,

1700 5549 1903 5613 Variae
1927 5550 2238 5615 lectiones
2282 5555 2342 5612 et
2389 5557 2579 5614 notes.

532 5739 543 5750 ο
590 5673 637 5704 ⁸⁸
659 5673 902 5755 θεαὶ-ιιοιι
918 5683 991 5727 est
1017 5676 1262 5755 vulgatis.
1289 5677 1387 5755 __"_
1403 5676 1480 5755 ιι
1504 5677 1726 5748 vulgatis
1743 5690 1839 5751 est,
1858 5681 1985 5747 θεᾶς
2010 5683 2064 5739 ’Δ

2182 5681 2320 5754 μιδος
2348 5681 2512 5753 ἱερὸν,
2534 5695 2582 5736 ct
2613 5682 2773 5752 paulo
2793 5690 2929 5752 post,
2960 5683 3173 5755 μέλλειν
3208 5698 3288 5738 τε.
3354 5683 3399 5715 ⁸⁸
3429 5683 3562 5737 Ante
3590 5679 3772 5747 Γάϊον,

528 5742 581 5791 in
610 5742 838 5811 vulgatis
860 5759 961 5797 non
991 5753 1065 5798 est
1097 5742 1210 5801 Stal.
1286 5746 1331 5782 ⁸³
1365 5746 1546 5816 ἔὸοαν,
1591 5742 1733 5825 ενοι.
