4116 6216
369 368 478 431 773

1052 375 1461 440 EXPOSITIO
1490 380 1573 444 ΙΝ
1602 380 1800 445 ACTA
1843 386 2434 467 APOSTOLORUM.
2457 428 2529 440 —
2558 404 2721 469 CAP.
2752 409 2878 471 XX.
3528 416 3633 485 77$

357 476 463 528 esti
500 476 614 545 τῆς
662 478 925 547 θυρίδος,
978 489 1463 559 καταφερόμενος
1514 493 1684 561 ὕπνῳ
1739 497 1930 564 βαθεῖ

365 566 793 591 3.-.”---4--.“
841 572 941 591 μ-
991 576 1036 591 ι.
1096 576 1152 591 ..
1289 579 1303 591 .
1360 581 1373 591 .
1491 585 1508 591 -
1547 583 1572 591 -

2051 510 2261 565 nomine
2289 510 2557 584 Eutychus
2598 519 2654 573 in
2681 524 2936 590 fenestra,
2987 534 3035 579 et
3070 525 3241 581 Paulo
3286 532 3488 588 diutius
3516 553 3629 591 ser-

356 566 795 637 διαλεγυμένου
836 572 944 626 τοῦ
983 576 1230 631 Παύλου
1275 579 1377 633 ἐπὶ
1425 583 1661 646 πλεῖον,
1704 603 1950 642 κατενε-

360 659 529 729 χθεὶς
555 661 675 714 ἀπὸ
698 660 745 695 ⁸⁵
797 663 907 718 τοῦ
958 665 1179 736 ὕπνου,
1215 670 1442 727 ἔπεσεν
1466 673 1586 728 ἀπὸ
1633 677 1950 749 τριστέγου

360 750 520 805 κάτω
540 767 554 781 ’
580 750 682 804 καὶ
711 752 866 822 ἤρθη
898 759 1134 826 νεκρός.

435 843 778 915 Συνετάραξε
808 846 910 916 τὴν
949 847 1146 919 ἑορτὴν
1166 849 1195 902 ὁ
1214 850 1486 918 διάϐολος,
1522 857 1615 911 τὸν
1666 860 1948 933 ἀκροατὴν

359 933 516 1004 ὕπνῳ
569 936 938 1004 κατενεγκών.
982 938 1108 993 Ἐπὶ
1137 939 1353 1011 Θυρίδος
1385 945 1625 1019 ἐκάθητο
1662 951 1806 1022 ἀωρὶ
1839 954 1947 1007 τῶν

359 1023 605 1078 νυκτῶν·
634 1027 881 1092 τοιοῦτος
928 1024 998 1100 ἦν
1043 1033 1071 1084 ὁ
1122 1032 1289 1098 πόθος
1325 1037 1427 1107 τῆς
1463 1040 1815 1111 ἀκροάσεωςο
1849 1046 1946 1100 καὶ

355 1113 419 1167 τὸ
465 1115 778 1187 θαυμαστὸν
806 1118 889 1171 ὅτι
923 1119 1045 1185 νέος
1083 1118 1180 1187 ὢν,
1235 1124 1336 1178 οὐκ
1389 1122 1458 1198 ἦν
1508 1131 1796 1202 ῥᾴθυμον
1849 1134 1945 1187 καὶ

359 1207 512 1278 ὕπνῳ
550 1210 1002 1279 καταφερόμενος
1031 1214 1132 1267 οὐκ
1154 1214 1391 1289 ἀπέστη,
1449 1221 1570 1275 οὐδὲ
1618 1223 1792 1277 ἔδεισε
1849 1226 1942 1278 τὸν

354 1299 609 1353 κίνδυνον
642 1300 720 1371 μὴ
754 1303 1081 1375 κατενεχθῇ.
1105 1300 1201 1360 ’οὐ
1242 1308 1352 1380 γὰρ
1386 1311 1497 1365 ἀπὸ
1543 1313 1824 1386 ῥᾳθυμεας
1859 1318 1942 1369 ὲν-

358 1389 612 1459 ύσταξεν,
642 1392 759 1447 ἀλλ’
781 1394 891 1448 ἀπὸ
912 1396 1164 1469 ἀνάγκης
1198 1399 1436 1471 φύσεως.

426 1570 698 1636 Καταϐὰς
752 1568 823 1622 δὲ
857 1573 891 1625 ό
935 1571 1200 1639 Πιιῦλος,
1257 1575 1570 1633 ἐπέπεσεν
1595 1582 1779 1649 αὐτῷ,
1836 1588 1936 1642 καὶ

352 1660 822 1731 ονμπεριλαϐὼν
860 1659 991 1718 εἷπε
1010 1679 1026 1695 ο
1079 1666 1178 1734 Μὴ
1224 1669 1567 1740 θορυϐἧσθε
1580 1672 1628 1704 ⁸⁸
1648 1691 1665 1707 ·
1732 1676 1773 1746 ἡ
1824 1677 1937 1747 γὰρ

351 1754 526 1824 ψυχὴ
565 1755 751 1810 αὐτοῦ
779 1756 852 1809 έν
882 1755 1043 1822 αὐτῷ
1070 1757 1264 1815 ἐστιν.

441 1847 693 1913 Ἀναϐὰς
740 1846 809 1901 δέ
861 1848 962 1902 καὶ
988 1850 1230 1917 κλάσας
1259 1849 1465 1920 ἄρτον,
1498 1856 1597 1909 καὶ
1640 1860 1926 1930 γευσάμετ.
1963 1845 2008 1903 Β

348 1954 476 2004 νος,
514 1936 610 2006 ἐφ’
668 1938 882 1993 ἱκανόν
899 1939 1031 1993 "te
1078 1940 1381 2010 ὁμιλήσας
1429 1942 1606 2014 ἄχρις
1624 1947 1670 1980 ⁸⁸
1713 1950 1927 2021 αὐτῆς,

349 2030 545 2094 οὕτως
573 2028 857 2096 ἐξῆλθεν.

425 2123 691 2192 Ἥγαγον
710 2121 779 2175 δέ
806 2119 916 2177 τὸν
941 2122 1127 2178 παῖδα
1162 2123 1349 2186 ζῶντα
1370 2168 1385 2193 ,
1415 2128 1515 2184 καὶ
1557 2135 1933 2204 παρεκλήθη.

347 2229 471 2267 σαν
507 2215 580 2268 οὐ
611 2214 888 2284 μετρίως.

432 2304 635 2375 Ἡμεῖς
663 2304 734 2359 δέ
767 2308 1220 2376 προσελθόντες
1235 2310 1283 2344 ⁸⁸
1326 2312 1427 2368 ἐπι
1452 2315 1520 2370 τὸ
1550 2317 1789 2383 πλοῖον,
1826 2320 1931 2374 ἀν-

345 2398 620 2470 ήχθημεν
668 2404 757 2469 εις
800 2401 919 2472 τὴν
948 2406 1186 2460 Ἀσσον
1202 2407 1274 2474 ⁹⁰,
1327 2407 1557 2464 ἐκεῖθεν
1595 2410 1930 2481 μέλλοντες

343 2492 800 2565 ἀναλαμϐάνειν
834 2496 945 2551 τὸν
976 2498 1246 2556 Παῦλον.

429 2586 505 2640 Ἣ
522 2587 636 2656 τὰρ
661 2587 835 2658 ψυχή
873 2590 1061 2646 αὐτοῦ
1085 2591 1156 2645 έν
1184 2591 1348 2659 αὐτῷ
1376 2594 1570 2651 ἐστιν.
1603 2598 1720 2653 Οὐκ
1748 2596 1926 2667 εἶπεν,

359 2682 757 2753 ’Ἀναστήσεται
778 2699 794 2717 ο
842 2683 987 2755 Ἐγὼ
1011 2686 1191 2759 ἐγερῶ
1223 2688 1412 2748 αὐτόν.
1461 2692 1603 2763 ὀρα
1631 2692 1694 2748 τὸ
1721 2695 1929 2764 ἄτυφον

344 2772 511 2828 αὐτοῦ
547 2776 646 2829 καὶ
672 2775 1110 2846 παρακλητικόν.

417 2861 583 2916 Οὕτω
607 2861 719 2933 τὰρ
745 2859 828 2935 ἦν
885 2862 1367 2938 διατεταγμένος,
1420 2869 1670 2941 μέλλων
1738 2873 1917 2943 αὐτὸς

342 2950 635 3012 πεζεύειν.

425 3044 522 3111 Ὠς
549 3042 618 3098 δὲ
645 3046 989 3103 συνέϐαλεν
1021 3049 1169 3120 ἡμῖν
1198 3054 1288 3121 εις
1327 3052 1447 3124 τὴν
1468 3057 1717 3127 Ἄσσον,
1778 3060 1925 3117 ἀνα-

338 3135 631 3203 λαϐόντες
656 3138 846 3193 αὐτὸν
874 3138 1142 3212 ἤλθομεν
1165 3145 1255 3210 εις
1288 3147 1663 3218 Μιτυλήνην.

411 3228 704 3284 Κάκεῖθεν
733 3230 1260 3303 ἀποπλεύσαντες,
1322 3239 1401 3308 τῇ
1464 3240 1723 3311 ἐπιούσῃ
1783 3258 1922 3297 κατ-

338 3320 696 3392 ηντήσαμεν
725 3324 972 3395 ἀντικρὺ
1004 3328 1153 3383 Χίου
1173 3344 1188 3359 ’
1217 3328 1294 3399 τῇ
1332 3330 1401 3384 δὲ
1426 3332 1597 3403 ἑτέρᾳ
1620 3336 1922 3404 παρεϐάλ-

338 3415 529 3482 λομεν
547 3415 617 3449 ⁰⁶¹
641 3416 727 3482 εἷς
750 3415 973 3487 Σάμον,
995 3419 1091 3472 καὶ
1123 3422 1443 3490 μείναντες
1463 3425 1532 3479 ἐν
1559 3428 1918 3498 Τροτγυλίῳ,

336 3505 415 3576 τῇ
444 3506 707 3577 ἐχομένῃ
738 3508 1009 3580 ἤλθομεν
1031 3515 1123 3579 εὶς
1159 3515 1457 3584 Μίλητον.

410 3601 668 3656 Μέλλων
713 3603 898 3669 αὐτὸς
944 3602 1234 3665 πεζεύειν.
1309 3607 1386 3661 Τὸ
1435 3607 1535 3679 μὲν
1587 3611 1922 3684 κουφότερον

341 3692 574 3757 ἐκεινοις
603 3694 953 3766 ἐπιτρέπωνο
1006 3697 1067 3749 τὸ
1090 3697 1148 3751 δὲ
1184 3698 1589 3772 ἐπιπονώτερον
1614 3701 1780 3766 αὐτὸς
1829 3704 1918 3756 αἱ·

342 3783 628 3855 ρούμενος,
693 3786 988 3850 ὲπέζευεν*
1055 3787 1173 3860 ἅμα
1225 3790 1322 3843 καὶ
1371 3790 1543 3844 πολλὰ
1594 3793 1918 3865 οἰκονομῶν,

341 3876 615 3932 παιδεύων
644 3896 706 3932 τε
734 3880 933 3944 αὐτοὺς
963 3879 1297 3952 χωρίζεσθαι
1324 3882 1517 3936 αὐτοῦ.

414 3969 656 4036 "Expers
677 3968 788 4040 γὰρ
811 3974 846 4027 ό
874 3969 1117 4038 Παῦλος
1143 3971 1569 4040 παραπλεῦσαι
1604 3975 1722 4044 τὴν
1742 3976 1917 4046 Ἔφε-

339 4076 478 4126 σον,
519 4059 680 4127 ὅπως
722 4062 808 4129 μὴ
862 4061 1106 4132 γένηται
1139 4062 1301 4131 αὐτῷ
1324 4066 1793 4136 χρονοτριϐῆσαι
1848 4069 1919 4123 ἐν

336 4150 413 4220 τῇ
455 4152 639 4220 Ἀσίᾳ.
690 4154 996 4209 Ἐσπευδε
1032 4155 1164 4225 γὰρ,
1196 4159 1249 4212 el
1288 4156 1554 4214 δυνατὸν
1605 4156 1685 4231 ἦν
1732 4162 1916 4229 αὐτῷ,

335 4242 453 4311 τὴν
482 4243 713 4313 ἡμέραν
744 4244 853 4314 τῆς
882 4247 1314 4318 Πεντηκοστῆς
1351 4249 1634 4322 γενέσθαι
1682 4256 1771 4321 εἰς
1810 4254 1915 4309 Ἰε-

332 4336 667 4405 ροσόλυμα.

416 4426 580 4498 Ὁρᾷς
602 4428 698 4482 καὶ
726 4429 1100 4501 ἐπιθυμοῦντα
1124 4432 1288 4486 αὑτὸν
1320 4434 1416 4490 καὶ
1443 4428 1767 4504 σπεύδοντα,
1817 4439 1913 4491 καὶ

2056 601 2357 657 mocinante
2411 606 2527 661 alto
2554 625 2736 665 somno
2770 624 3113 683 premeretur,
3172 636 3355 675 somno
3379 636 3630 692 gravatus

2048 690 2238 744 cecidit
2291 709 2357 747 ea:
2385 698 2541 751 tertia
2597 703 2988 774 contignatione
3015 708 3281 777 deorsum,
3313 723 3362 768 et
3383 690 3629 772 sublatus

2049 789 2127 835 εει
2154 790 2414 839 mortuus.

2117 871 2480 932 Conturbavit
2524 878 2670 935 diem
2702 880 2905 937 festum
2933 886 3205 955 diabolus,
3251 906 3375 947 eum
3411 897 3626 953 audito-

2048 979 2163 1019 rem
2185 981 2381 1024 somno
2409 979 2715 1041 gravasset.
2742 973 2800 1028 In
2827 975 3065 1033 fenestra
3090 982 3321 1038 sedebat
3355 996 3514 1041 nocte
3539 990 3623 1042 in-

2048 1064 2335 1127 tempesta.
2365 1061 2543 1117 Tanto
2600 1066 2859 1123 audiendi
2912 1069 3183 1127 desiderio
3217 1078 3524 1147 tenebatur,
3557 1100 3623 1139 ac

2043 1149 2187 1215 quod
2224 1152 2424 1206 mirum
2454 1163 2559 1219 est,
2582 1170 2706 1211 cum
2729 1158 2948 1228 juvenis
2969 1175 3145 1229 esset,
3171 1170 3353 1237 segnis
3381 1174 3445 1227 ac
3469 1175 3622 1245 piger

2044 1254 2152 1295 non
2197 1251 2319 1298 erat
2352 1261 2367 1298 :
2408 1256 2465 1301 et
2491 1261 2616 1303 cum
2644 1264 2840 1307 somno
2862 1270 3181 1326 gravaretur
3203 1277 3311 1316 non
3343 1262 3616 1332 discessit,

2042 1346 2224 1401 neque
2249 1335 2551 1404 periculum
2583 1342 2790 1397 veritus
2823 1355 2907 1400 est
2962 1362 3031 1402 ne
3058 1349 3463 1409 deturbaretur.
3496 1355 3615 1411 Non

2042 1424 2187 1476 enim
2240 1442 2351 1495 pra:
2390 1430 2605 1500 pigritia
2636 1436 2861 1492 nutabat
2918 1447 3082 1510 atque
3112 1442 3463 1512 dormitabat,
3520 1454 3616 1505 sed

2040 1517 2374 1574 necessitate
2404 1533 2638 1580 naturae.

2112 1605 2274 1662 Vens.
2306 1610 2391 1666 l0.
2420 1612 2551 1667 Cum
2591 1619 2945 1676 descendisset
2981 1633 3161 1680 autem
3201 1627 3614 1695 Paulus,'intu-

2038 1696 2150 1751 buit
2180 1698 2237 1752 in
2261 1716 2404 1769 eum,
2456 1713 2505 1758 et
2537 1708 2839 1777 complexus
2868 1713 3004 1767 dixit
3035 1732 3056 1771 :
3088 1714 3274 1773 Nolite
3299 1723 3564 1791 trepidare
3594 1745 3612 1780 :

2043 1805 2167 1843 nam
2197 1792 2380 1849 anima
2412 1795 2525 1865 ejus
2553 1807 2629 1851 est
2655 1799 2711 1853 in
2740 1801 2871 1869 ipso.

2110 1880 2271 1952 150
2297 1882 2464 1941 Vens.
2500 1887 2590 1942 11.
2654 1892 2719 1945 At
2780 1910 2897 1947 cum
2951 1897 3267 1953 ascendisset
3321 1918 3613 1973 panemque

2033 1970 2273 2041 fregisset
2299 1985 2457 2046 atque
2484 1987 2768 2048 gustasset,
2828 1992 2877 2036 et
2906 1985 3040 2040 satis
3083 1988 3174 2042 diu
3224 1970 3610 2050 sermocinatus

2033 2076 2162 2119 esset
2192 2082 2352 2138 usque
2382 2071 2451 2123 ad
2471 2071 2785 2139 diluculum,
2837 2085 2949 2131 tum
2977 2080 3187 2135 demunt
3214 2086 3477 2156 profectus
3510 2101 3608 2143 est.

2125 2156 2290 2215 Vens.
2325 2159 2412 2215 12.
2460 2160 2808 2221 Abduxerunt
2847 2178 3025 2224 autem
3064 2189 3287 2241 puerum
3334 2177 3607 2246 viventem,

2031 2258 2188 2319 atque
2218 2268 2322 2306 non
2361 2252 2695 2311 mediocriter
2725 2262 2948 2313 recreati
2979 2272 3124 2317 sunt.

2100 2336 2268 2394 Vens.
2302 2341 2385 2396 l3.
2420 2342 2530 2397 Nos
2551 2352 2727 2398 autem
2747 2350 3026 2417 prtcgressi
3065 2351 3136 2405 ad
3162 2356 3358 2422 navim,
3387 2360 3556 2429 profe.
3569 2361 3611 2414 ti

2028 2442 2210 2485 sumus
2242 2432 2299 2485 in
2335 2430 2521 2501 Asson,
2551 2434 2701 2488 illinc
2728 2432 2965 2493 Paulum
2997 2446 3288 2512 excepturi.

2102 2608 2249 2661 Nam
2283 2608 2467 2663 anima
2496 2609 2612 2680 ejus
2647 2622 2723 2666 est
2750 2612 2807 2666 in
2839 2612 2974 2682 ipso.
3024 2612 3140 2672 Non
3202 2619 3360 2688 dixit,
3395 2621 3606 2682 Resur-

2028 2710 2163 2771 get:
2200 2701 2313 2772 Ego
2344 2703 2689 2761 resuscitabo
2728 2720 2876 2761 eum.
2921 2705 3050 2764 Vide
3096 2713 3417 2770 modestiam
3466 2717 3604 2789 ejus,

2028 2797 2082 2844 et
2107 2788 2352 2844 animum
2393 2805 2728 2864 propensum
2751 2795 2817 2851 ad
2842 2798 3265 2856 consolandum.

2100 2878 2189 2934 Sic
2218 2882 2364 2936 enim
2395 2884 2770 2950 mandaverat,
2831 2887 2943 2957 ipse
2965 2890 3180 2958 pedibus
3214 2893 3316 2948 iter
3343 2897 3602 2966 facturus.

2096 3054 2260 3114 Vens.
2294 3059 2380 3117 14.
2439 3059 2507 3116 Ut
2531 3073 2710 3118 autem
2746 3066 2818 3120 ad
2838 3065 3004 3122 Assan
3037 3083 3132 3125 nos
3169 3074 3431 3141 convenit,
3464 3092 3604 3130 recc-

1946 3177 1991 3236 c
2023 3157 2110 3217 pto
2138 3165 2219 3216 eo,
2251 3151 2484 3206 venimus
2520 3153 2824 3226 Mitylenen,

2052 3290 2055 3291 ν
2098 3240 2259 3296 Vens.
2290 3241 2377 3297 15.
2422 3243 2593 3314 Atque
2632 3245 2780 3303 illinc
2806 3267 2925 3306 cum
2958 3253 3313 3318 solvissemus,
3346 3258 3602 3326 postridie

2023 3334 2354 3403 pervenimus
2379 3353 2407 3390 e
2426 3338 2635 3408 regione
2664 3338 2785 3396 Citii
2804 3358 2823 3397 :
2851 3347 3089 3416 sequenti
3126 3363 3244 3401 vero
3277 3349 3361 3404 die
3386 3350 3603 3420 appuli-

2022 3440 2141 3480 mus
2174 3425 2229 3479 in
2247 3425 2490 3496 Samum,
2524 3441 2573 3484 et
2597 3437 2913 3491 commorati
2944 3436 3227 3510 Trogytlii,
3256 3445 3494 3513 sequenti
3516 3445 3604 3498 die

2021 3518 2255 3574 venimus
2280 3519 2538 3576 Miletum.

2091 3609 2212 3679 Ipse
2228 3611 2448 3679 pedibus
2479 3614 2582 3667 iter
2607 3615 2869 3685 facturus.
2911 3617 3069 3684 Quod
3122 3621 3297 3678 levius
3323 3632 3460 3688 erat,
3493 3624 3599 3680 illis

2020 3700 2329 3770 permittit:
2366 3703 2511 3771 quod
2537 3703 2866 3762 laboriosius
2891 3720 3009 3765 erat
3033 3711 3146 3780 ipse
3172 3728 3416 3781 sumens,
3446 3717 3597 3787 pedi-

2022 3791 2123 3845 bus
2160 3790 2265 3844 iter
2290 3791 2547 3849 faciebat.
2582 3796 2757 3851 Simul
2783 3799 2948 3853 eliam
2987 3802 3156 3857 multa
3192 3803 3510 3874 disponens,
3541 3817 3597 3861 et

2018 3878 2317 3937 adhortans
2352 3884 2474 3940 illos
2503 3895 2560 3940 ut
2593 3886 2941 3946 discederent
2970 3891 3039 3946 ab
3068 3908 3213 3948 sese.

2090 3973 2256 4031 Vens.
2287 3976 2376 4033 16.
2419 3976 2697 4034 Statuerat
2746 3982 2883 4037 enim
2915 3982 3122 4039 Paulus
3157 3985 3429 4056 Ephesum
3458 4005 3592 4056 prte-

2019 4067 2374 4139 ternavigare,
2427 4086 2490 4124 ne
2517 4071 2614 4126 sibi
2643 4083 2846 4139 tempus
2884 4079 3155 4129 terendum
3194 4087 3325 4132 esset
3359 4079 3414 4131 in
3446 4079 3591 4132 Asia.

2018 4154 2326 4212 Festinabat
2356 4160 2517 4224 enim,
2551 4168 2609 4215 ut
2637 4163 2683 4216 si
2732 4163 2854 4232 ﬁeri
2898 4181 2932 4218 a
2984 4182 3040 4220 se
3099 4176 3291 4236 posset,
3332 4170 3405 4222 ad
3452 4170 3593 4224 diem

2016 4246 2354 4305 Pentecostes
2382 4261 2511 4307 esset
2540 4253 2595 4306 in
2630 4251 2954 4312 Jerusalem.

2087 4428 2255 4486 Vides
2302 4445 2429 4487 eum
2483 4439 2540 4488 et
2590 4432 2904 4505 cupientem
2966 4445 3021 4493 et
3067 4449 3475 4509 properantem,
3538 4453 3594 4495 et

333 4516 434 4569 οὐκ
456 4517 892 4588 ἐπιτυγχάνοντα
918 4519 1181 4586 πολλάκις
1202 4540 1217 4554 ’
1251 4521 1339 4577 ἵνα
1362 4524 1437 4596 μὴ
1460 4526 1796 4599 νομισωμεν,
1829 4528 1913 4582 ὅτι

2031 4535 2410 4592 εωροιιιηηετο
2453 4540 2564 4580 non
2604 4536 2990 4596 assequentem
3033 4529 3178 4600 quod
3207 4531 3439 4587 voluerit
3472 4549 3486 4586 :
3522 4548 3592 4586 ne

334 4607 474 4678 ὑπὲρ
509 4609 675 4678 φύσιν
703 4609 1055 4683 ἀνθρωπίνην
1083 4606 1174 4684 ἦν.
1213 4613 1277 4667 ΟΞ
1299 4614 1409 4686 γὰρ
1431 4615 1575 4683 amo:
1606 4620 1704 4671 καὶ
1741 4619 1914 4690 μεγά-

332 4698 411 4749 λοι
444 4697 636 4770 ἄνδρες
659 4700 881 4767 ἐκεῖνοι,
930 4701 1035 4773 τῆς
1080 4703 1181 4773 μὲν
1212 4703 1432 4774 φύσεως
1460 4706 1597 4777 ἡμῖν
1620 4712 1721 4781 τῆς
1741 4711 1914 4782 αὐτῆς

330 4786 683 4843 ἐκοινώνουν·
718 4790 822 4861 τῆς
863 4792 921 4845 δὲ
967 4794 1348 4865 προαιρέσεως
1396 4794 1604 4851 οὐκέτι.
1665 4798 1757 4853 Διὸ
1815 4802 1912 4855 καὶ

330 4879 533 4952 πολλὴν
557 4876 705 4952 εἶχον
733 4882 833 4952 τὴν
873 4884 1055 4958 χάριν.

322 5188 327 5193 ι
412 5167 547 5224 Ἀπὸ
592 5168 661 5224 δέ
695 5170 805 5241 τῆς
842 5172 1119 5244 Μιλήτου
1180 5174 1429 5246 πέμψας
1478 5180 1568 5246 εἰς
1625 5179 1909 5250 Ἔφεσον,

322 5261 772 5329 μετεκαλέσατο
828 5264 975 5333 τοὺς
1008 5267 1454 5337 πρεσϐυτέρους
1504 5269 1617 5341 τῆς
1663 5271 1910 5344 Ἐκκλη-

322 5352 491 5419 σίας.

408 5445 506 5512 Ὠς
531 5445 600 5499 δὲ
636 5447 1040 5520 παρεγένοντο
1068 5454 1221 5521 πρὸς
1242 5454 1450 5522 αὑτὸν,
1474 5452 1649 5515 εἶπεν
1671 5461 1899 5530 αὐτοῖς’

2020 4614 2400 4671 existimemus
2422 4617 2574 4671 illum
2599 4633 2763 4689 supra
2788 4619 3082 4677 humanam
3113 4621 3286 4678 fuisse
3317 4633 3588 4679 naturam.

2016 4703 2151 4760 Nam
2181 4708 2357 4762 sancti
2383 4716 2441 4762 et
2472 4708 2655 4780 magni
2705 4709 2782 4765 illi
2815 4710 2917 4772 viri
2971 4715 3253 4769 communi
3279 4716 3496 4786 quidem
3536 4726 3593 4771 et

2016 4797 2207 4854 eadem
2250 4798 2536 4855 nobiscum
2568 4812 2763 4856 natura
2805 4804 3018 4873 prtediti
3047 4803 3272 4862 fuerunt
3303 4825 3316 4860 :
3345 4809 3439 4863 sed
3483 4825 3588 4887 non

2014 4889 2177 4945 etiam
2218 4905 2513 4947 commune
2558 4893 2849 4949 nobiseum
2886 4895 3199 4952 habuerunt
3244 4899 3587 4970 prepositqu

2014 4988 2070 5035 et
2125 4980 2461 5038 institutum.
2536 4981 2907 5049 Quamobrem
2953 4986 3120 5042 etiam
3169 5002 3364 5061 magna
3416 4994 3587 5061 gratia

2012 5075 2224 5147 praediti
2269 5075 2516 5133 luerunt.

2082 5165 2246 5223 Vens.
2281 5166 2370 5224 l7.
2412 5166 2494 5224 Ea:
2520 5169 2700 5225 Mileto
2730 5180 2906 5226 autem
2948 5173 3126 5229 missis
3149 5172 3413 5244 Ephesum
3451 5189 3587 5228 nun-

2008 5261 2117 5328 tiis,
2148 5262 2421 5318 advocavit
2444 5263 2677 5319 seniores
2707 5261 2959 5321 Ecclesiae
2985 5280 3007 5321 :

2079 5463 2245 5522 Vens.
2271 5464 2361 5522 18.
2382 5465 2488 5533 Qui
2519 5467 2608 5521 ubi
2630 5467 2702 5522 ad
2723 5484 2842 5524 eum
2858 5477 3130 5555 venerunt,
3158 5468 3295 5523 dixit
3324 5468 3405 5522 eis
3437 5485 3451 5521 :
3480 5465 3584 5523 Vos

1442 5548 1447 5551 ’
1480 5572 1686 5638 Varia)
1716 5575 2029 5647 lectiones
2072 5588 2138 5646 et
2180 5588 2378 5647 noue.

391 5694 439 5787 ξ’
452 5692 542 5787 ιιιι
558 5694 803 5787 fulgetis.
813 5698 1071 5787 Iesu-ign},
1097 5700 1365 5787 ξψπρια.
1374 5714 1508 5772 post,
1528 5706 1637 5787 ἀπὸ
1646 5707 1760 5787 ,τοῦ
1781 5726 1930 5787 cpta;

2031 5728 2094 5765 lt).
2168 5709 2313 5787 °_‘_‘_In
2343 5712 2579 5784 vulgato,
2610 5711 2963 5787 ρορυϐεἰσθε.
3014 5715 3082 5787 _"
3104 5715 3170 5771 In
3223 5719 3586 5787 manuscripto

473 5727 492 5749 ι
508 5727 542 5748 ιι
565 5727 792 5767 νασυιιιιο
828 5727 927 5763 cu,
945 5727 1071 5763 U‘tw,
1116 5727 1166 5754 σι
1192 5727 1351 5771 μαυιυ
1374 5727 1508 5772 pou,
1528 5727 1637 5762 απο
1664 5727 1760 5763 του
1781 5727 1813 5763 τ
1856 5728 1930 5763 ιστ

319 5776 419 5828 est.
449 5766 536 5832 ἐφ’
558 5766 743 5820 ἱκανὸν
775 5767 855 5821 δέ.
929 5765 978 5799 ⁸⁸
1009 5767 1068 5824 1η
1092 5770 1306 5840 vulgato
1334 5772 1403 5842 ᾱχ
1445 5791 1485 5829 ι.
1558 5775 1604 5811 ⁸³
1636 5776 1701 5831 In
1726 5727 1929 5903 vulgati

320 5846 379 5890 ut
408 5843 458 5890 et
489 5836 654 5904 infra.
730 5838 800 5871 "'
829 5836 899 5894 In
923 5837 1155 5904 vulgato,
1191 5790 1596 5904 mps6é§ouem
1632 5856 1683 5904 et
1706 5864 1813 5904 nau
1840 5866 1870 5904 ο
1895 5866 1930 5904 ο

2031 5728 2094 5765 νυ.
2168 5727 2215 5744 σο
2245 5727 2313 5766 tu
2343 5727 2579 5784 vutgato,
2616 5727 2958 5782 υορυοεισυε.
3034 5727 3079 5748 υ
3104 5727 3170 5771 tn
3223 5727 3579 5787 manuscripts

2031 5781 2258 5836 onuullis
2318 5792 2418 5848 est,
2468 5780 2848 5853 προελθόντες.
2924 5786 2972 5818 ’θ
3003 5783 3070 5843 In
3098 5789 3319 5860 vulgato
3349 5786 3579 5854 Ἄσσον,

2031 5885 2041 5904 .
2062 5850 2420 5904 Τοωγυλλὶω.

320 5846 379 5890 ut
408 5843 458 5890 et
489 5836 654 5907 infra.
730 5838 800 5871 "'
829 5836 899 5894 In
923 5837 1155 5912 vulgato,
1185 5836 1370 5912 παρεὸ

1442 5861 1596 5917 ομεν,
1632 5856 1683 5905 et
1706 5850 1870 5917 paulo
1895 5859 2041 5923 post,
2062 5850 2420 5925 Τρωγυλλεῳ.
