4116 6216
493 374 605 438 ’175

1398 352 1971 419 THEOPHYLACTI
2012 348 2420 413 BULGARUE
2461 346 2818 408 ARCHIEP.

3627 331 3737 397 776
3768 362 3775 370 -

493 487 641 541 scitis
671 500 702 538 a
723 481 893 552 primo
920 477 1025 542 die,
1050 491 1112 530 ea:
1148 490 1248 539 quo
1272 473 1329 526 in
1366 472 1546 525 Asiam
1596 471 1865 539 ingressus
1912 484 2049 530 sum,
2082 502 2093 524 4

2198 462 2368 533 Υμεῒς
2390 462 2724 516 ἐπίστασθε
2743 457 2859 513 ἀπὸ
2889 452 2992 523 τῆς
3014 454 3058 487 ⁹¹
3084 451 3322 521 πρώτης
3353 448 3601 520 ἡμέρας.
3629 448 3736 516 ἀφ’

496 573 935 648 quemadmodum
986 583 1079 639 per
1136 581 1288 621 omne
1336 573 1536 633 tempus
1598 562 1860 617 vobiscum
1891 576 2066 615 uersa-

498 680 582 724 tus
614 668 735 727 sim,

574 756 738 810 Vens.
774 754 857 809 19.
906 751 1147 807 Serviens
1180 748 1405 803 Domino
1440 763 1558 800 cum
1592 745 1735 799 omni
1765 743 1935 798 animi
1969 742 2065 796 hu-

500 847 724 901 militate
789 842 1068 911 multisque
1114 840 1361 908 lacrymis
1404 847 1454 893 et
1499 837 1898 901 tentationibus,
1952 847 2068 902 qua:

502 938 631 992 mihi
663 934 964 990 acciderunt
990 949 1084 1002 per
1113 931 1333 986 insidias
1364 929 1669 984 Judworum
1700 942 1720 981 :

575 1114 737 1168 Vens.
765 1112 854 1166 ΞΟ.
896 1109 962 1164 Ut
993 1109 1126 1163 nihil
1158 1108 1297 1179 quod
1322 1107 1454 1159 utile
1506 1111 1638 1158 esset
1670 1100 2072 1171 suppresserim,

503 1207 628 1274 quin
662 1202 1038 1257 annuntiarem
1082 1199 1224 1253 vobis
1257 1213 1320 1251 ac
1365 1197 1601 1250 docerem
1630 1208 1719 1247 vos
1767 1190 1972 1260 publice
2025 1198 2075 1244 et

506 1296 649 1349 intra
677 1294 913 1363 privatos
937 1291 1188 1359 parietes,

580 1386 743 1439 Vens.
773 1384 861 1438 21.
901 1381 1207 1449 Tecti/iocus
1255 1377 1456 1432 Judwis
1490 1385 1647 1446 atque
1672 1374 1872 1430 Gra’cis
1908 1373 2076 1443 pomi-

508 1479 729 1532 tentiam
757 1492 879 1545 erga
910 1473 1096 1537 Deum,
1156 1479 1204 1525 et
1232 1469 1388 1539 ﬁdem
1431 1468 1484 1521 in
1514 1467 1799 1521 Demittunt
1839 1473 2078 1520 nostrum

506 1569 712 1623 Iesum.

577 1660 709 1715 Cum
740 1655 880 1711 omni
912 1654 1078 1708 animi
1110 1650 1433 1706 humilitate.
1454 1649 1572 1704 Non
1608 1648 1733 1705 dicit
1760 1647 1914 1718 151
1943 1647 2078 1703 sim-

509 1751 745 1821 pliciter,
801 1746 939 1803 Cum
1000 1743 1167 1799 animi
1202 1742 1532 1806 humilitate,
1586 1740 1707 1805 sed,
1735 1740 1874 1796 Cum
1908 1739 2077 1796 omni.

512 1842 690 1896 Multa:
714 1846 844 1895 sunt
876 1836 1019 1893 enim
1045 1835 1256 1906 species
1290 1834 1457 1888 animi
1499 1831 1850 1888 demisslouis
1880 1841 1938 1886 et
1976 1830 2082 1885 hu-

515 1933 755 1988 utilitatis
797 1946 812 1983 :
857 1930 913 1984 in
980 1929 1180 1995 verbis,
1212 1929 1266 1981 in
1306 1926 1486 1990 factis,
1546 1924 1759 1979 scilicet
1817 1918 2085 1979 adversus

515 2023 809 2094 principes,
844 2021 1105 2076 adversus
1130 2018 1404 2074 subditos.
1442 2015 1689 2070 Evocavit
1723 2015 1952 2069 seniores
1983 2013 2086 2068 Ec-

515 2115 709 2169 clesire.
751 2110 1016 2179 Quoniam
1072 2110 1236 2178 vulgo
1270 2107 1545 2178 incognita
1600 2114 1685 2160 est
1722 2104 2086 2170 consuetudo,

519 2204 753 2258 maxime
791 2201 926 2256 Novi
951 2197 1284 2255 Testamenti
1312 2212 1407 2252 seu
1432 2194 1805 2266 dispositionis
1843 2209 2084 2265 evange-

520 2297 678 2349 licze:
716 2307 822 2362 qua
853 2288 1252 2346 consuetudine
1288 2285 1555 2357 episcopi,
1612 2284 1914 2356 presbyteri
1989 2298 2087 2338 seu

521 2394 651 2438 natu
703 2381 939 2451 majores
992 2377 1363 2442 nominantur,
1392 2386 1447 2431 et
1491 2375 1729 2449 [contra]
1762 2372 2086 2445 presbyteri,

520 2473 762 2543 episcopi
790 2490 804 2526 :
851 2473 1012 2526 etiam
1039 2472 1140 2525 hoc
1171 2477 1416 2523 notatum
1447 2475 1552 2532 est,
1575 2481 1699 2521 cum
1723 2482 1789 2520 ex
1818 2465 1922 2520 hoc
1949 2466 2088 2527 loco,

521 2576 635 2620 tum
688 2581 754 2620 ex
812 2563 1054 2633 Epistola
1102 2561 1171 2616 ad
1227 2560 1449 2615 Titum:
1485 2567 1750 2628 praeterea
1801 2557 1962 2611 etiam
2021 2571 2089 2611 ex

520 2659 758 2728 Epistola
787 2658 853 2713 ad
889 2656 1308 2726 Philippenses:
1347 2651 1488 2707 scire
1515 2651 1645 2707 item
1684 2650 1984 2722 poterimus
2020 2664 2091 2703 an

518 2754 683 2808 etiam
717 2768 777 2807 ex
805 2767 891 2815 eo,
923 2748 1065 2819 quod
1089 2760 1431 2816 consequens
1469 2753 1633 2813 atque
1656 2750 2088 2798 consentanequ

521 2851 626 2907 est,
664 2841 806 2896 idem
860 2836 1223 2909 colligendum
1275 2833 1345 2888 sit
1373 2833 1538 2888 etiam
1578 2848 1643 2888 ex
1684 2829 1981 2901 Epistolai
2024 2829 2093 2884 ad

521 2932 891 2987 Timotheum.
932 2931 1000 2985 Et
1037 2946 1105 2984 ex
1140 2927 1293 2981 Actis
1318 2926 1537 2996 quidem
1587 2924 1655 2980 de
1710 2923 1902 2978 hacre
1960 2922 2093 2977 lidcs

525 3023 639 3078 lieni
668 3031 868 3092 potest.
899 3020 1176 3090 Scriptum
1197 3024 1280 3072 est
1307 3016 1454 3072 enim
1486 3016 1566 3071 sic
1602 3032 1618 3071 :
1670 3014 1754 3069 Ea:
1790 3009 1967 3069 Mileto
1996 3029 2096 3067 au-

2166 549 2242 624 ἧς
2275 552 2498 619 ἐπέϐην
2520 552 2608 616 είς
2634 548 2749 617 τὴν
2792 546 3025 609 Ἀσίαν,
3078 541 3205 609 πῶς
3261 542 3390 611 μεθ’
3435 538 3606 609 ὑμῶν
3631 538 3739 593 τὸν

2169 642 2367 696 πάντα
2387 643 2609 711 χρόνον
2632 638 2946 708 ἐγενόμην,

2240 734 2553 787 Δουλεύων
2583 729 2662 796 τῷ
2699 729 2897 796 Κυρίῳ
2926 726 3073 793 μετὰ
3100 724 3308 791 πάσης
3349 734 3741 791 ταπεινοφρο-

2171 824 2393 890 σύνης,
2449 822 2547 876 καὶ
2599 818 2852 874 πολλῶν
2893 817 3191 886 δακρύων,
3237 813 3340 869 καὶ
3396 814 3742 883 πειρασμῶν·

2172 912 2290 967 τῶν
2320 911 2682 982 συμϐάντων
2705 928 2801 980 μοι
2826 910 2896 964 ἐν
2916 907 3046 972 ταῖς
3065 904 3413 972 ἐπιϐουλαῖς
3445 905 3564 960 τῶν
3607 906 3744 959 ἰου-

2172 1002 2356 1057 δαίων
2379 1017 2393 1031 ⁸

2259 1096 2357 1161 Ὠς
2406 1093 2592 1149 οὐδὲν
2642 1092 3096 1161 ὑπεστειλάμην
3141 1088 3261 1143 τῶν
3317 1088 3751 1157 συμφερόντων

2174 1187 2282 1242 τοῦ
2302 1186 2388 1254 μὴ
2416 1184 2766 1254 ἀναγγεῖλαι
2821 1183 2987 1253 ὑμῖν,
3019 1180 3117 1236 καὶ
3140 1179 3381 1245 διδάξαι
3396 1181 3441 1212 ’³
3487 1178 3751 1248 δημοσία

2176 1278 2273 1333 καὶ
2305 1276 2432 1330 κατ’
2458 1276 2693 1341 οἴκους,
2824 1268 2843 1271 _

2249 1366 2804 1436 Διαμαρτυράμενος
2859 1363 3171 1431 Ἰουδαίοις
3215 1379 3280 1417 τε
3329 1361 3429 1417 καὶ
3484 1362 3750 1428 Ἕλλησι

2178 1459 2293 1527 τὴν
2324 1463 2408 1526 εἰς
2441 1461 2591 1514 Θεὸν
2612 1459 2952 1530 μετάνοιαν,
2995 1457 3094 1512 καὶ
3138 1457 3347 1510 πίστιν
3381 1455 3498 1524 τὴν
3524 1456 3611 1522 εὶς
3645 1454 3753 1508 τὸν

2179 1551 2398 1619 Κύριον
2435 1550 2608 1619 ἡμῶν
2642 1549 2911 1619 Ἰησοῦν.

2252 1643 2411 1698 Μετὰ
2426 1642 2629 1710 πάσης
2655 1640 3230 1711 ταπεινοφροσύνης.
3252 1638 3369 1710 Οὐχ
3405 1639 3599 1702 ἁπλῶς
3616 1678 3633 1705 ,
3655 1656 3756 1693 τα-

2182 1734 2631 1805 πεινοφροσύνης,
2679 1732 2837 1798 ἀλλὰ,
2887 1732 3026 1801 μετὰ
3062 1732 3264 1799 πάσης.
3297 1729 3477 1785 Πολλὰ
3500 1728 3610 1800 γὰρ
3637 1730 3754 1793 εἴδη

2113 1797 2158 1852 Β
2181 1827 2284 1897 τῆς
2314 1797 2854 1896 ταῇινοῷροσύνηςο
2880 1797 2939 1877 ἐν
2970 1824 3133 1894 λόγῳ,
3166 1797 3224 1877 ὲν
3257 1823 3424 1894 ἔργῳ,
3483 1797 3618 1895 πρδς
3655 1822 3758 1895 ἄρ-

2184 1935 2380 1991 χοντας
2401 1954 2419 1981 ,
2481 1918 2618 1987 πρὸς
2680 1918 3041 1988 ἀρχομένους.
3107 1914 3561 1971 Μετεκαλέσατο
3612 1914 3758 1983 τοὺς

2185 2006 2629 2080 πρεσϐυτέρους
2667 2008 2780 2078 τῆς
2816 2009 3203 2075 Ἐκκλησίας.
3249 2007 3469 2077 Ἐπειδὴ
3500 2006 3754 2063 λανθάνει

2186 2102 2314 2167 τοὺς
2348 2101 2576 2166 πολλοὺς
2599 2103 2633 2172 ἡ
2660 2100 2939 2170 συνήθεια,
2979 2099 3214 2170 μάλιστα
3239 2097 3337 2167 τῆς
3377 2098 3586 2168 Καινῆς
3621 2097 3754 2152 Δια-

2188 2194 2384 2265 θήκης,
2437 2193 2565 2257 τοὺς
2620 2193 2953 2254 ἐπισκόπους
2984 2191 3112 2254 τοὺς
3174 2188 3585 2260 πρεσϐυτέρους
3633 2189 3756 2242 ὀνο-

2192 2285 2462 2353 μάζουσα,
2492 2283 2738 2346 καὶτοὺς
2767 2282 3171 2354 πρεσϐυτέρους
3199 2280 3533 2344 ἐπισκόπους
3551 2294 3567 2311 ⁸
3602 2295 3762 2349 σεση-

2193 2374 2420 2443 μείωται
2467 2374 2560 2430 καὶ
2587 2373 2748 2428 τοῦτο
2775 2372 3028 2426 ἐντεῦθέν
3074 2389 3135 2425 τε
3167 2372 3263 2426 καὶ
3297 2373 3397 2441 τῆς
3427 2371 3564 2442 πρὸς
3594 2370 3757 2424 Τίτον

2203 2466 2549 2537 Ἐπιστολῆς,
2568 2465 2649 2520 ἔτι
2669 2482 2729 2518 τε
2763 2465 2857 2519 καὶ
2885 2465 2986 2533 τῆς
3016 2463 3154 2534 πρὸς
3176 2462 3568 2532 Φιλιππησιους
3587 2462 3759 2517 ἐίσὸ-

2196 2558 2335 2630 μεθα
2363 2558 2445 2625 δὲ,
2478 2560 2527 2612 εἰ
2556 2557 2650 2611 καὶ
2681 2554 2827 2613 κατὰ
2856 2555 3146 2610 ἀκόλουθον
3181 2555 3242 2609 τὸ
3292 2553 3423 2608 αὐτὸ
3475 2553 3765 2607 ὲκλεκτέον

2194 2651 2289 2704 καὶ
2323 2651 2389 2702 ὲκ
2418 2652 2517 2718 τῆς
2545 2648 2686 2717 πρὸς
2719 2647 2986 2719 Τιμόθεον
3042 2643 3287 2716 πρώτης.
3335 2644 3465 2697 Ἀπὸ
3514 2643 3613 2713 μὲν
3667 2639 3764 2697 οὖν

2192 2742 2301 2795 τῶν
2326 2740 2585 2811 Πράξεων
2604 2739 2720 2793 ἔστι
2750 2740 2880 2809 περὶ
2901 2738 3092 2791 τούτου
3118 2734 3427 2806 πεισθῆναι.
3449 2735 3765 2804 Γέγραπται

2199 2835 2308 2906 γὰρ
2359 2833 2567 2896 οὕτως’
2613 2830 2759 2887 Ἀπὸ
2810 2829 2878 2884 δὲ
2927 2828 3036 2897 τῆς
3077 2826 3348 2894 Μιλήτου
3391 2826 3634 2896 πέμψας
3677 2827 3768 2891 εις

2200 2929 2481 2995 Ἔφεσον,
2513 2920 2962 2993 μετεκαλέσατο
2988 2919 3130 2986 τοὺς
3177 2917 3619 2988 πρεσϐυτέρους
3657 2913 3770 2984 τῆς

2209 3016 2568 3082 Ἐκκλησίας
2585 3030 2603 3048 ο
2630 3014 2728 3068 καὶ
2750 3013 2850 3067 οὐκ
2880 3013 3120 3083 εἴρηκεν,
3149 3010 3233 3063 ὅτι
3260 3007 3389 3071 τοὺς
3408 3006 3764 3069 ἐπισκόπους.

526 3123 630 3167 tem
664 3113 925 3182 Ephesum
948 3112 1144 3165 nuntiis
1177 3110 1375 3174 missis,
1394 3108 1619 3162 euocauit
1644 3106 1968 3177 presbyteros
1992 3104 2093 3159 Ec-

2202 3104 2336 3163 Εἶτα
2391 3109 2681 3179 ἐπιφέρει·
2724 3107 2819 3160 Ἑν
2845 3097 2894 3172 ᾧ
2930 3102 3086 3174 ὑμᾶς
3115 3102 3179 3156 τὸ
3202 3100 3446 3167 Πνεῦμα
3486 3098 3552 3153 τὸ
3597 3098 3771 3168 ἅγιον

528 3203 736 3257 elesice:
767 3217 831 3256 ac
876 3216 986 3256 non
1036 3199 1171 3255 dixit
1213 3198 1532 3272 [advocasse
1566 3195 1743 3268 illum}
1782 3196 2088 3265 episcopos.

527 3295 732 3350 Deinde
762 3290 1070 3362 subjungit:
1097 3291 1165 3345 In
1194 3307 1295 3363 quo
1317 3305 1469 3359 grege
1498 3287 1730 3357 Spiritus
1761 3296 1974 3341 sanctus
2009 3303 2098 3342 vos

530 3385 702 3455 posuit
725 3384 1009 3453 episcopos,
1044 3381 1114 3434 ad
1134 3379 1451 3449 pascendam
1487 3376 1775 3430 Ecclesium
1807 3374 2015 3428 Domini
2038 3391 2102 3430 ac

532 3476 651 3531 Dei.
684 3476 758 3529 Ex
799 3473 1034 3545 Epistula
1055 3479 1234 3526 autem
1259 3468 1325 3523 ad
1356 3469 1563 3530 Titum,
1617 3465 1685 3520 Et
1707 3465 1986 3521 constitues
2010 3482 2103 3535 per

531 3566 769 3638 singulas
826 3565 1084 3628 civitates,
1144 3559 1338 3631 inquit,
1383 3557 1733 3628 presbyteros,
1766 3558 2105 3627 quemadmo-

533 3661 660 3711 dum
699 3673 791 3726 ego
836 3657 927 3710 tibi
961 3653 1255 3724 prwscripsi
1277 3651 1346 3704 ³⁷.
1396 3650 1479 3704 ΙΞΧ
1508 3647 1748 3719 Epistola
1802 3647 1867 3701 ad
1891 3643 2098 3717 Philip-

536 3762 731 3818 penses
759 3763 775 3800 :
810 3746 1010 3801 Paulus
1042 3756 1091 3800 et
1122 3742 1417 3799 Timotheus
1444 3739 1579 3795 servi
1603 3737 1806 3795 Christi
1846 3736 1996 3800 Jesu,
2034 3736 2100 3790 iis

535 3839 625 3906 qui
659 3849 775 3892 sunt
796 3837 1055 3908 Philippis
1087 3852 1190 3890 una
1214 3852 1332 3890 cum
1354 3833 1608 3902 episcopis
1628 3841 1677 3884 et
1699 3829 1938 3883 diaconis
1953 3828 2105 3883 ⁸⁸.-

539 3929 607 3984 Ut
665 3929 797 3984 nihil
839 3929 1219 3999 suppresserim
1262 3926 1401 3998 quod
1441 3923 1570 3977 utile
1601 3930 1729 3977 esset
1770 3921 1912 3976 vobis
1948 3928 2106 3990 atque

538 4026 867 4091 conduceret,
894 4021 1429 4095 quiuannuntiarem.
1452 4017 1585 4072 Nam
1602 4015 1648 4071 si
1669 4015 1746 4088 [id
1764 4014 1966 4070 factum
1998 4011 2105 4085 est]

537 4133 648 4172 non
700 4116 985 4186 oportebat
1028 4114 1167 4169 scire
1197 4112 1340 4185 [quso
1374 4109 1546 4166 celata
1592 4116 1757 4177 atque
1810 4118 2108 4175 suppressa

2198 3200 2366 3254 ἔθετο
2385 3199 2758 3263 ἐπισκόπους
2776 3195 3115 3264 ποιμαίνειν
3135 3192 3248 3261 τὴν
3263 3189 3636 3259 Ἐκκλησίαν
3661 3187 3770 3244 τοῦ

2200 3290 2422 3358 Κυρίου
2467 3288 2566 3342 καὶ
2623 3287 2799 3342 Θεοῦο
2832 3286 2940 3341 ἀπὸ
2965 3286 3021 3339 δὲ
3054 3285 3150 3354 τῆς
3171 3284 3310 3353 πρὸς
3338 3280 3496 3334 Τῖτον
3536 3281 3775 3333 Ἐπιστο-

2201 3379 2301 3448 λῆς
2321 3395 2336 3411 ο
2365 3377 2477 3433 Καὶ
2505 3377 2910 3445 καταστήσεις
2932 3374 3084 3430 κατὰ
3113 3374 3317 3435 πόλιν,
3342 3369 3496 3441 φησὶ,
3521 3370 3778 3439 πρεσϐυ-

2203 3469 2437 3539 τέρους,
2467 3468 2549 3535 ὡς
2570 3466 2685 3538 ἐγώ
2714 3484 2813 3520 σοι
2841 3464 3242 3534 διεταξάμηνο
3289 3461 3399 3517 ἀπὸ
3425 3462 3479 3515 δὲ
3507 3461 3606 3530 τῆς
3638 3458 3777 3531 πρὸς

2205 3560 2626 3628 Φιλιππησίους·
2668 3557 2905 3622 Παῦλος
2937 3556 3035 3611 καὶ
3082 3554 3377 3623 Τιμόθεος,
3404 3551 3616 3607 δοῦλοι
3639 3552 3780 3618 Χρι-

2206 3652 2358 3705 στοῦ
2396 3648 2620 3714 Ἰησοῦ,
2648 3648 2772 3714 τοῖς
2802 3643 2988 3702 οὖσιν
3029 3644 3102 3699 ἐν
3143 3644 3465 3708 Φιλίπποις
3497 3640 3619 3694 σὺν
3643 3638 3778 3692 ἐπι-

2205 3743 2465 3808 σκόποις
2505 3742 2605 3796 καὶ
2627 3740 2950 3804 διακόνοις.
2983 3766 3053 3779 --
3079 3736 3177 3801 Ὠς
3209 3732 3390 3789 οὐδὲν
3414 3729 3777 3790 ὑπεστειλὰο

2203 3822 2328 3906 μην
2355 3833 2472 3887 τῶν
2497 3831 2929 3900 συμφερόντων
2979 3825 3085 3880 τοῦ
3121 3824 3208 3896 μὴ
3237 3823 3585 3892 (ir-ancllae
3612 3818 3801 3889 ὑμῖν..

2209 3917 2320 3972 Ἦν
2349 3918 2461 3989 γὰρ
2478 3916 2546 3981 ⁸³,
2576 3915 2655 3989 [ἃ]
2687 3916 2787 3969 οὐκ
2814 3915 2921 3968 ἔδει
2960 3913 3173 3985 μαθεῖν.
3203 3911 3417 3980 Ὥσπερ
3450 3906 3557 3980 γὰρ
3576 3907 3636 3960 τό
3654 3919 3780 3961 τινα

2210 4005 2570 4080 κρύπτεσθαι,
2592 4004 2784 4074 φθόνον
2803 4004 2869 4069 ’⁸,
2889 4000 3031 4055 οὕτω
3054 4002 3116 4054 τὸ
3142 4000 3324 4068 λέγειν
3351 3998 3412 4051 τὸ
3440 3998 3547 4051 πᾶν
3573 3996 3779 4060 αὐτοῖς,

2214 4099 2421 4161 ἀνοίας.
2449 4094 2549 4149 Διὰ
2578 4095 2737 4150 τοῦτο
2763 4093 3098 4164 προσέθηκε,
3118 4090 3227 4143 τῶν
3263 4089 3674 4159 συμφερόντων.

540 4205 713 4279 sunt].
734 4175 1376 4272 Quemadmodum-enim
1406 4175 1896 4260 nonnullafcelare,
1927 4192 2132 4249 invidi:
2156 4190 2231 4246 ita
2262 4189 2443 4245 omnia
2491 4187 2676 4242 dicere
2711 4185 2840 4251 illis,
2889 4182 3122 4239 amentis
3160 4191 3264 4237 est.
3298 4178 3509 4236 Idcirco
3540 4175 3782 4234 addidit:

543 4301 743 4354 Earum
764 4312 945 4352 rerum
968 4310 1087 4363 qua:
1116 4292 1274 4348 utiles
1303 4299 1505 4347 essent.

610 4391 776 4448 Vens.
809 4389 899 4446 22.
930 4389 995 4443 Et
1030 4404 1168 4443 nunc
1185 4402 1303 4441 ecce
1328 4400 1421 4456 ego
1443 4385 1644 4439 vinctus
1670 4382 1902 4452 Spiritu,
1933 4379 2093 4449 proﬁ—

2280 4372 2386 4428 Kal
2413 4371 2531 4427 νῦν
2550 4369 2680 4425 ίδοὺ
2704 4368 2828 4439 ,ἐγὼ
2866 4364 3186 4436 δεδεμένος
3205 4363 3286 4430 τῷ
3317 4363 3642 4434 Πνεύματι.
3675 4381 3784 4420 πο-

542 4484 709 4537 ciscor
764 4482 820 4536 in
873 4478 1196 4543 Jerusalem,
1229 4492 1344 4547 qua:
1377 4475 1504 4529 mihi
1538 4476 1593 4527 in
1635 4490 1696 4528 ea
1725 4472 1852 4528 urbe
1918 4485 2113 4526 casura

546 4575 652 4626 sint
691 4570 963 4642 ignorans.
1960 4557 1967 4565 ’

618 4662 785 4717 Vens.
810 4662 904 4715 25.
962 4659 1328 4727 Prteterquam
1356 4656 1495 4725 quod
1529 4655 1761 4723 Spiritus
1804 4662 2022 4709 sanctus
2059 4652 2117 4706 in

545 4754 756 4810 civitate
804 4752 1141 4821 testiﬁcatur,
1171 4751 1347 4805 dicens
1393 4748 1604 4804 uincula
1640 4747 1765 4802 mihi
1798 4754 1848 4801 et
1883 4744 2113 4799 calami—

549 4855 680 4899 tates
712 4859 824 4898 esse
852 4843 1167 4897 destinatas.

621 4932 784 4986 Vens.
815 4930 906 4986 24.
932 4928 1036 4985 Sed
1073 4927 1201 4984 nihil
1236 4928 1463 4999 (horum)
1489 4943 1637 4988 cura,
1666 4940 1830 4995 neque
1854 4922 2114 4978 mihimet-

547 5027 650 5097 ipsi
685 5025 867 5078 anima
904 5039 1019 5078 mea
1050 5022 1211 5076 chara
1239 5029 1338 5082 est,
1370 5018 1653 5075 dummodo
1680 5012 1957 5082 conﬁciam
1996 5028 2116 5065 cum

549 5118 745 5191 gaudio
778 5131 992 5169 cursum
1027 5129 1199 5167 meum
1245 5120 1296 5167 et
1324 5108 1673 5165 ministerium
1700 5107 1837 5174 quod
1866 5102 2045 5171 accepi
2081 5117 2114 5154 a

556 5212 778 5265 Domino
805 5207 966 5271 Jesu,
1017 5206 1087 5259 ad
1115 5202 1500 5274 testiﬁcandum
1537 5193 1880 5266 Evangelium
1927 5193 2117 5262 gratia:

553 5302 616 5357 ΙΙ.
634 5304 673 5357 i.

630 5440 674 5472 "
700 5436 808 5493 Tit.
839 5451 881 5501 I,
906 5435 964 5502 5,
1111 5432 1158 5466 ⁸⁸
1198 5427 1430 5497 Philipp.
1460 5438 1499 5490 I,
1531 5422 1587 5476 i.

2211 4465 2463 4534 ρεύομαι
2493 4463 2582 4528 εις
2620 4459 3040 4529 Ἰερουσαλὴμ,
3086 4459 3159 4511 τὰ
3191 4457 3261 4510 ἐν
3295 4455 3450 4525 αὐτῇ
3479 4457 3791 4527 συναντή-

2219 4557 2410 4613 σοντά
2425 4557 2469 4589 ⁸⁸
2496 4572 2597 4625 μοι
2610 4554 2696 4624 μὴ
2720 4553 2909 4618 εἰδώς.

2290 4645 2467 4714 Πλὴν
2493 4645 2584 4699 ὅτι
2616 4646 2679 4698 τὸ
2707 4642 2951 4712 Πνεῦμα
2975 4640 3042 4695 τὸ
3076 4640 3247 4717 ἄτιον
3275 4637 3424 4693 κατὰ
3458 4640 3641 4693 πόλιν
3664 4637 3793 4693 δια-

2218 4740 2577 4811 μαρτύρεται
2600 4732 2804 4806 λέγον,
2864 4733 2954 4787 δτι
2983 4732 3176 4802 δεσμὰ
3201 4732 3299 4786 καὶ
3327 4732 3568 4799 θλίψεις
3588 4747 3665 4801 με
3682 4731 3793 4799 μέ-

2223 4849 2441 4888 νουσιν
2482 4833 2551 4885 ³⁸.

2303 4922 2459 4977 Ἀλλ’
2487 4918 2740 4985 οὐδενὸς
2787 4919 2971 4987 λόγον
2998 4915 3301 4984 ποιοῦμαι,
3333 4913 3478 4969 οὐδὲ
3524 4914 3637 4985 ἔχω
3671 4916 3791 4982 τὴν

2222 5010 2435 5082 ψυχήν
2477 5029 2597 5081 μου
2648 5009 2847 5078 τιμίαν
2903 5004 3172 5076 ἐμαυτῷ·
3202 5005 3284 5069 ὡς
3313 5003 3623 5059 τελειῶσαι
3683 5004 3793 5056 τὸν

2222 5103 2447 5172 δρόμον
2484 5118 2605 5171 μου
2626 5098 2777 5169 μετὰ
2806 5096 3016 5166 χαρᾶς,
3068 5095 3166 5148 καὶ
3200 5095 3313 5162 τὴν
3338 5094 3670 5158 διακονίαν,
3712 5093 3795 5161 ἢν

2223 5193 2446 5247 ἔλαϐον
2473 5192 2633 5259 παρὰ
2660 5188 2765 5243 τοῦ
2791 5187 3008 5257 Κυρίου
3041 5183 3258 5253 Ἰησοῦ,
3286 5183 3796 5255 διαμαρτύρασθαι

2224 5281 2291 5336 τὸ
2314 5277 2684 5351 Εὐαγγέλιον
2704 5277 2815 5348 τῆς
2839 5275 3075 5347 χάριτος
3105 5275 3212 5330 τοῦ
3241 5274 3415 5331 Θεοῦ.

1749 5510 1947 5574 Varius
1968 5508 2279 5576 lectiones
2325 5512 2387 5569 et
2429 5511 2623 5567 notua.

630 5630 673 5661 “
704 5626 826 5696 τῆς,
876 5626 1206 5681 desideratur
1229 5622 1286 5696 in
1316 5619 1562 5696 vulgatis.
1654 5614 1795 5696 ’11::
1859 5611 2083 5696 vulgatis

2194 5609 2406 5696 illectum
2451 5615 2583 5696 est,
2626 5606 2794 5675 ὑμᾶς,
2827 5612 2876 5696 et
2906 5605 3064 5696 paulo
3114 5613 3227 5696 post
3266 5607 3693 5696 nuptura/tunae;
3743 5613 3797 5660 et

560 5714 703 5761 mox,
731 5681 927 5758 εἰς’τδν
954 5696 1107 5751 Θιὸν.
1182 5696 1229 5729 ⁸³
1260 5692 1347 5749 τσ.
1376 5681 1444 5762 ἢν
1473 5691 1603 5761 γάρ.
1677 5686 1724 5718 ’⁸
1756 5686 1843 5740 ἵσ.
1874 5681 2092 5753 φθόνου.

569 5768 667 5820 καὶ
702 5764 911 5832 θλίψεις
942 5765 1216 5833 μένουσιν.

2198 5675 2245 5713 ⁶⁸
2276 5678 2710 5749 συναντήσαντα,
2741 5686 2873 5732 erat.
2910 5675 2913 5676 ⁷
2952 5677 2997 5708 ⁸⁵
3030 5675 3095 5732 In
3130 5675 3356 5748 vulgatis
3396 5675 3492 5744 est,
3519 5675 3701 5748 δεσμά
3726 5692 3793 5748 με
