4116 6216
400 374 506 438 ἾῘἹ

1130 372 1531 433 EXPOSITIO
1570 372 1650 432 IN
1690 372 1874 433 ACTA
1916 370 2486 432 Al‘OSTULDRUM.
2534 398 2590 407 -
2618 372 2775 433 CAP.
2810 374 2937 434 XX.

3554 370 3659 433 778

492 486 635 557 'Ep‘u
660 485 982 555 δεδεμένος
1023 483 1102 550 τῷ
1133 489 1449 556 Πνεύματι.
1484 488 1574 549 El;
1600 486 1680 550 τὸ,
1740 486 1983 555 Δεδεμέα

2165 484 2294 540 Eccc
2315 503 2409 558 ego
2434 487 2637 540 vinctus
2672 486 2896 556 Spiritu.
2918 486 2995 541 Ad
3024 484 3319 539 dictionem
3353 484 3656 555 δεδεμένος,

406 598 506 644 mg
541 618 556 641 ,
612 576 895 643 ὑποστίξαι
923 575 1023 641 δεῖ,
1066 576 1151 630 ἵνα
1234 578 1268 648 ἡ
1304 577 1513 630 διάνοιαι
1541 577 1715 646 οὔτ-η’
1748 576 1985 647 Πορεΰο·

412 687 510 740 μαι
541 669 621 729 εἰς
638 667 1019 738 Ἰερουσαλὴμ,
1048 670 1318 738 προγνοὺς
1343 668 1431 722 διὰ
1453 667 1547 721 τοῦ
1574 668 1894 739 Πνεῦματος
1917 669 1983 722 τὰ

408 761 667 829 ἐσόμενα,
696 758 917 828 δέσμιος
946 758 1038 813 ὢν.
1066 756 1199 813 Εἶτα
1218 759 1306 812 ἵνα
1336 759 1409 830 μὴ
1442 760 1642 830 δεσμὸν
1678 760 1710 830 ἢ
1740 762 1985 831 ἀνάγκην

407 856 576 926 νοήσῃ
609 869 713 917 τις,
738 852 837 905 καὶ
857 850 943 904 ἵνα
970 851 1121 924 δείξῃ
1145 853 1229 906 ὅτι
1258 850 1401 905 ἑκὼν
1441 852 1771 924 ἀπέρχεται,
1798 852 1983 924 φησιν’

409 948 544 1001 Ὀτι
577 943 729 998 κατὰ
751 946 936 999 πόλιν
982 943 1179 1013 δεσμὰ
1214 943 1314 999 καί
1341 946 1582 1013 θλίψεις
1607 962 1683 1014 με
1706 944 1982 1014 μένουσι.

408 1038 757 1110 Σημειωτέον
789 1035 846 1090 δὲ
890 1037 974 1090 ὅτι
1031 1037 1093 1090 οὐ
1151 1036 1330 1092 πάντα
1361 1036 1542 1091 ἴσασιν
1580 1037 1631 1091 οἱ
1681 1038 1984 1109 προφῆται,

409 1131 524 1185 ἀλλ’
547 1130 650 1183 ὅσα
677 1126 974 1182 ὑποϐάλλει
1006 1128 1191 1193 αὐτοῖς
1222 1129 1282 1182 τὸ
1310 1129 1538 1199 Πνεῦμα
1568 1129 1629 1182 τὸ
1655 1130 1832 1199 ἅγιον.
1851 1128 1986 1183 Ἰδοὺ

410 1223 522 1291 γὰρ
566 1221 778 1285 Παῦλος
833 1222 1009 1276 πάντα
1059 1220 1128 1275 τὰ
1175 1220 1441 1293 μέλλοντα.
1473 1221 1811 1292 συμπίπτειν
1840 1220 1989 1292 αὐτῷ

415 1315 695 1387 προειπὼν
721 1316 796 1381 ὡς
836 1317 1145 1387 προφήτης,
1180 1315 1275 1368 καὶ
1308 1315 1439 1387 περὶ
1468 1314 1576 1368 τῶν
1604 1315 1989 1385 γενησομένων

415 1406 474 1459 ἐν
529 1405 711 1468 αὐτοῖς
758 1404 1109 1458 κακοπίστων
1162 1403 1257 1457 καὶ
1309 1404 1627 1475 αἱρετικῶν,
1654 1403 1716 1456 τὸ
1743 1403 1801 1456 ἓν
1835 1400 1990 1457 εἶπεν

416 1497 651 1563 ἀγνοεῖν,
714 1495 778 1549 τὸ
803 1495 857 1549 τί
887 1496 995 1566 ἄρα
1027 1495 1183 1549 ἔσται
1232 1495 1436 1549 τούτων
1473 1495 1533 1549 τὸ
1574 1494 1747 1559 τέλος.
1804 1494 1989 1549 Πάντα

418 1589 522 1657 γὰρ
551 1583 874 1657 φανερώσας
918 1586 1069 1659 αὑτῷ
1093 1589 1122 1642 ὁ
1154 1587 1382 1659 Κύριος,
1419 1571 1601 1644 ἐκεῖνο
1629 1590 1791 1660 μόνον
1821 1589 1990 1660 ἐκρυ-

411 1676 510 1747 ψεν
533 1677 627 1730 ἀπ’
659 1678 853 1745 αὐτοῦ,
894 1678 955 1732 τὸ
987 1678 1039 1734 τί
1092 1679 1202 1751 ἄρα
1229 1679 1385 1734 ἔσται
1420 1680 1573 1752 αὐτῷ
1607 1682 1747 1752 μετὰ
1787 1681 1857 1735 τὰ
1907 1682 1991 1736 δε-

416 1766 527 1838 σμὰ
559 1768 652 1822 καὶ
684 1767 784 1833 τὰς
823 1768 1071 1841 θλίψεις·
1146 1771 1234 1825 ἵνα
1268 1769 1343 1842 μὴ
1390 1771 1651 1842 ἐπαρθεὶς
1701 1770 1797 1824 καὶ
1833 1771 1990 1836 εἰδὼς

2090 578 2141 632 id
2173 589 2275 639 eat,
2324 580 2561 642 vinctus,
2625 579 2843 650 ligatus,
2880 579 3233 641 constrictus,
3288 580 3539 648 ponenda
3575 593 3659 637 est

2089 670 2395 736 distinctio,
2441 678 2502 724 ut
2541 672 2805 726 sententia
2839 672 2910 728 sit
2944 672 3060 726 haec
3091 688 3103 725 :
3137 669 3455 726 Proﬁciseor
3488 672 3542 726 in
3568 672 3661 729 Je-

2091 764 2329 817 rusalem
2354 764 2465 834 jam
2496 774 2656 819 antea
2682 781 2780 836 per
2801 766 3068 836 Spiritum
3094 765 3310 837 cOgnita
3346 765 3555 824 habens
3581 768 3660 823 fu-

2090 865 2231 918 tura,
2262 856 2407 926 quod
2441 857 2656 911 vinctus
2680 857 2803 911 sim.
2837 856 3038 912 Deinde
3073 872 3141 911 nc
3169 856 3292 928 quis
3320 858 3537 915 vincula
3564 872 3661 916 aut

2089 948 2475 1003 necessitatem
2529 948 2817 1018 intelligat,
2857 958 2909 1004 et
2938 958 2996 1004 ut
3039 948 3291 1004 ostendat
3322 966 3381 1005 se
3411 951 3663 1008 lubenter

2090 1056 2154 1095 ac
2191 1051 2387 1111 sponte
2416 1056 2513 1096 sua
2544 1040 2729 1096 abire:
2759 1040 2999 1106 Vincula,
3032 1041 3207 1111 inquit
3252 1040 3506 1114 (Spiritus
3533 1060 3664 1101 san-

2088 1142 2205 1185 ctus
2229 1132 2353 1184 dicit
2378 1131 2532 1202 mihi)
2556 1132 2819 1187 destinata
2854 1148 2963 1186 esse
2990 1133 3043 1186 in
3077 1132 3219 1188 urbe.
3248 1132 3555 1189 Notandum
3578 1146 3666 1191 est

2088 1230 2270 1276 autem
2303 1223 2597 1292 prophetas
2644 1238 2757 1277 non
2790 1224 2972 1277 omnia
3003 1223 3163 1288 seire,
3195 1223 3291 1278 sed
3325 1239 3663 1295 quaecunque

2088 1314 2331 1385 suggerit
2375 1315 2457 1369 eis
2497 1314 2735 1386 Spiritus
2784 1325 3025 1371 sanctus.
3081 1315 3223 1371 Ecce
3272 1317 3415 1371 enim
3461 1318 3662 1372 Paulus

2089 1419 2213 1458 cum
2252 1404 2457 1472 omnia,
2493 1420 2615 1475 quae
2667 1405 2771 1461 sibi
2800 1416 3064 1462 eventura
3097 1414 3275 1472 erant,
3310 1407 3666 1477 praedixisset

2092 1501 2346 1564 tanquam
2381 1496 2669 1565 propheta,
2701 1505 2863 1566 atque
2902 1498 3064 1552 etiam
3102 1496 3568 1568 prtesignilicasset
3594 1498 3663 1553 de

2091 1582 2178 1645 iis,
2241 1585 2332 1655 qtti
2381 1585 2524 1640 inter
2580 1586 2849 1657 Ephesios
2907 1587 3028 1642 illos
3098 1588 3238 1641 mala
3299 1588 3401 1642 [ide
3448 1587 3662 1658 praediti

2095 1675 2252 1746 152
2293 1686 2455 1747 atque
2504 1676 2744 1732 ltmrctici
2809 1677 2979 1731 futuri
3025 1686 3198 1742 erant,
3234 1694 3403 1733 unum
3437 1693 3495 1734 se
3529 1679 3664 1735 dixit

2091 1769 2367 1841 ignorare,
2422 1785 2621 1839 nempe
2662 1770 2918 1839 quisnam
2969 1769 3182 1825 illarum
3234 1785 3414 1825 rerum
3449 1770 3664 1827 futurus

412 1859 493 1912 ὅτι
521 1860 738 1925 πάντως
770 1858 1023 1926 τεύξεται
1054 1861 1271 1924 τούτου,
1307 1860 1376 1915 δι’
1406 1861 1710 1933 ὑπεροψίας
1737 1863 1946 1934 ἐκπέσῃ
1965 1877 1978 1890 ·

2094 1868 2236 1916 esset
2264 1860 2411 1915 ﬁnis.
2453 1860 2593 1914 Nam
2624 1874 2747 1914 eum
2807 1859 2989 1915 omnia
3048 1860 3314 1918 Dominus
3345 1862 3418 1917 illi
3457 1864 3655 1933 patefe-

410 1951 528 2009 ἀλλ’
554 1953 734 2007 εῐασεν
768 1953 1071 2024 ἀμφίϐολον
1094 1953 1155 2007 τὸ
1187 1952 1432 2023 Πνεῦμα,
1473 1953 1560 2007 ἵνα
1584 1952 1770 2017 δεδιὼς
1793 1952 1856 2007 τὸ
1887 1954 1985 2023 τῆς

413 2045 615 2113 σαρκὸς
669 2045 916 2111 ἀσθενὲς,
972 2046 1141 2119 δεηθῇ
1175 2046 1271 2099 τοῦ
1338 2044 1477 2100 Θεοῦ
1531 2046 1825 2116 εὑρεθῆναι
1846 2046 1891 2077 ⁸⁷
1917 2046 1983 2097 ὲκ

410 2136 757 2206 πειρασμῶν.
790 2137 869 2191 Τὸ
889 2137 969 2202 δὲ,
1005 2137 1136 2191 ὀτι
1167 2136 1363 2207 δεσμὰ
1396 2137 1496 2192 καὶ
1526 2136 1763 2205 θλίψεις
1778 2153 1854 2204 με
1872 2135 1979 2204 μέ-

409 2245 648 2295 νουσιν,
685 2231 808 2284 Ὀτι
850 2232 948 2302 μὲν
987 2233 1310 2303 πειρασμοὶ,
1364 2227 1515 2286 οῐδα’
1550 2232 1726 2286 ὁποῖοι
1758 2230 1834 2297 δὲ,
1877 2231 1979 2285 οὐκ

409 2315 550 2386 οἷδι,
612 2323 752 2393 ὅπερ
802 2318 870 2393 ἦν
916 2322 1320 2395 χαλεπώτερον.
1356 2323 1424 2375 Tl
1472 2317 1567 2376 οὖν
1627 2321 1871 2393 ἀπέρχῃ,
1929 2320 1980 2374 el

408 2409 587 2481 δεσμά
616 2413 712 2466 καὶ
741 2411 952 2483 Θλξψεις
989 2430 1050 2466 σε
1067 2414 1114 2448 ’⁸
1141 2412 1402 2484 μένουσι;
1438 2414 1538 2467 Διὰ
1566 2413 1746 2480 τοῦτο,
1778 2412 1867 2466 ἵνα
1892 2412 1982 2465 δε-

413 2502 639 2572 σμευθῶ
663 2503 752 2561 διὰ
779 2506 1037 2576 Χριστὸν,
1078 2506 1172 2559 ἵνα
1198 2504 1457 2560 ἀποθάνω
1487 2505 1556 2559 δι’
1578 2505 1763 2561 αὐτόν.

411 2594 672 2663 periculis
690 2597 973 2652 eximeret.
996 2597 1166 2669 Porro
1197 2595 1345 2668 quod
1370 2595 1524 2661 dicit,
1560 2594 1785 2651 Vincula
1820 2605 1977 2666 atque
2012 2598 2315 2669 aﬂlictioncs
2364 2614 2446 2652 me
2491 2607 2727 2664 manent,
2774 2598 2878 2655 hoc
2907 2607 3011 2662 est,

413 2690 654 2761 pericula
713 2691 847 2745 mihi
908 2705 1031 2747 esse
1079 2691 1350 2748 destinata
1408 2691 1592 2747 novi:

2091 1952 2276 2014 cisset,
2307 1951 2483 2006 solum
2518 1951 2650 2005 illud
2690 1967 2814 2007 eum
2848 1952 3066 2021 celavit,
3114 1952 3375 2024 quidnam
3408 1954 3665 2010 videlicet

2089 2043 2164 2098 illi
2194 2059 2449 2098 casurum
2479 2052 2624 2100 esset
2651 2054 2774 2115 post
2799 2044 3020 2101 vincula
3048 2054 3213 2115 atque
3243 2046 3580 2101 calamitates
3609 2056 3665 2101 ct

2089 2136 2433 2204 alllictiones,
2458 2153 2564 2203 ne,
2600 2138 2778 2193 elatus
2810 2153 2874 2193 ac
2914 2138 3093 2193 sciens
3132 2153 3193 2193 se
3244 2154 3470 2211 prorsus
3531 2138 3663 2194 illud

2088 2239 2467 2285 assecuturum
2501 2245 2644 2297 esse,
2684 2245 2784 2300 per
2831 2230 3144 2301 superbiam
3187 2229 3464 2285 laberetur
3498 2239 3664 2300 atque

2090 2321 2466 2393 degeneraret.
2500 2321 2608 2378 Sed
2645 2320 2883 2392 Spiritus
2908 2336 3033 2376 eum
3060 2322 3188 2377 sivit
3221 2337 3343 2377 esse
3364 2321 3532 2376 animi
3555 2322 3663 2377 du-

2091 2414 2240 2468 bium
2287 2422 2343 2469 et
2386 2413 2679 2479 incertum,
2716 2421 2777 2469 ut
2805 2424 3059 2469 metuens
3091 2414 3270 2470 carnis
3324 2414 3663 2470 imbecillita-

2096 2516 2202 2563 tem
2229 2506 2618 2577 deprecaretur
2657 2507 2848 2572 Deum,
2884 2515 2947 2562 ut
2976 2521 3036 2561 se
3076 2506 3469 2562 tentationibus
3500 2514 3666 2576 atque

3097 2596 3427 2654 tentationes
3500 2606 3665 2669 atque

1670 2692 1767 2746 sed
1819 2690 2023 2761 qualia.
2062 2692 2276 2761 ignoro,
2354 2693 2502 2765 quod
2549 2702 2668 2749 erat
2712 2692 3017 2747 molestius.
3086 2690 3196 2748 Cur
3225 2692 3390 2765 igitur
3418 2691 3560 2760 abis,
3616 2690 3665 2748 si

414 2786 629 2842 vincula
662 2795 829 2857 atque
858 2785 1200 2842 calamitates
1248 2786 1345 2842 tibi
1376 2786 1663 2843 destinatae
1688 2786 1856 2842 sunt?
1894 2786 2192 2861 Idcircoéut
2225 2790 2439 2845 vinciar
2466 2799 2693 2862 propter
2758 2789 3083 2872 Christum”
3151 2799 3213 2846 ut
3272 2791 3481 2846 moriar
3535 2807 3669 2862 pro-

411 2890 533 2953 pter
560 2881 733 2937 illum.

485 2973 598 3027 Kal
625 2972 744 3026 νῦν
777 2971 909 3027 ἰδοὺ
948 2973 1063 3043 ἐγὼ
1095 2968 1250 3035 οἶδα.
1288 2973 1378 3027 ὅτι
1409 2974 1523 3027 οὐκ
1550 2972 1637 3026 ἐτι
1664 2972 1891 3041 ὄψεσθε
1920 2969 1985 3024 to

415 3064 741 3132 πρόσωπόν
763 3081 881 3135 μου
905 3064 1077 3133 ὑμεῖς
1119 3062 1362 3129 πάντες,
1392 3065 1463 3119 ἐν
1479 3059 1571 3130 οἷς
1596 3063 1850 3133 διῆλθον
1885 3080 1988 3131 κη-

407 3157 668 3225 ρύσσων
691 3156 807 3225 τὴν
830 3157 1161 3223 ,βασιλείαν
1181 3156 1288 3212 τοῦ
1321 3156 1490 3211 Θεοῦ.

487 3249 585 3301 Διὸ
607 3248 978 3318 μαρτύρομαι
998 3248 1139 3318 ὑμῖν
1159 3248 1229 3302 ἐν
1263 3245 1337 3316 τῇ
1363 3248 1632 3315 σήμερον
1663 3245 1874 3317 ἡμέρᾳ,
1897 3247 1988 3301 ὅτι

416 3337 678 3407 καθαρὸς
705 3338 822 3407 ἐγὼ
845 3337 966 3392 ἀπὸ
996 3337 1101 3393 τοῦ
1129 3338 1378 3408 αἵματος
1406 3338 1667 3391 πάντων.

492 3429 574 3482 Οὐ
606 3428 719 3498 τὰρ
744 3427 1196 3496 ὑπεστειλάμην
1233 3426 1341 3483 τοῦ
1363 3429 1450 3499 μὴ
1478 3428 1825 3500 ἀναγγεῖλαι
1849 3427 1990 3500 ὑμῖν

417 3517 626 3573 πᾶσαν
647 3517 764 3585 τὴν
776 3516 1026 3586 ,βουλὴν
1051 3517 1158 3573 τοῦ
1187 3517 1358 3574 Θεοῦ.

488 3608 622 3663 Ὀτι
657 3608 912 3678 καθαρὸς
971 3607 1086 3676 ἐγὼ
1121 3608 1239 3663 ἀπὸ
1279 3609 1385 3664 τοῦ
1438 3610 1686 3680 αἵματος
1725 3612 1989 3669 πάντων.

419 3702 689 3768 ιίαθαρός
715 3701 859 3770 εἰμι,
893 3698 1075 3770 φησὶν,
1107 3699 1226 3754 ἀπὸ
1252 3700 1359 3755 τοῦ
1388 3700 1636 3771 αἳματος
1651 3702 1914 3770 πάντων,
1941 3705 1991 3757 ει

423 3791 789 3857 νυστάξαντες
817 3792 1143 3847 ἀποθανεῖτε
1178 3791 1288 3846 ἀπὸ
1312 3793 1407 3846 τοῦ
1454 3793 1713 3862 φονευτοῦ
1747 3796 1857 3848 τῶν
1887 3795 1991 3866 ψυ-

424 3881 558 3951 χῶν.
589 3879 664 3935 Τὸ
702 3885 810 3955 γὰρ
855 3882 949 3935 τοῦ
986 3882 1331 3950 διδασκάλου,
1379 3886 1537 3954 φησὶ,
1576 3886 1871 3957 πεποίηκα.
1910 3887 1992 3940 Οὐ

423 3970 534 4041 γὰρ
555 3972 1003 4042 ὑπεστειλάμην
1030 3972 1138 4027 τοῦ
1155 3971 1241 4043 μὴ
1276 3973 1626 4042 ἀναγγεῖλαι
1646 3974 1811 4045 ὑμῖν.
1850 3975 1995 4046 'Apa

424 4063 455 4114 ὀ
483 4062 560 4133 μὴ
589 4062 785 4131 λέγων,
822 4063 1127 4129 ὑπεύθυνός
1152 4066 1271 4118 ἐστι
1312 4064 1407 4118 τοῦ
1440 4064 1700 4134 αἵματος,
1741 4066 1994 4120 τουτέστι

421 4153 523 4221 τῆς
556 4154 788 4225 σφαγῆς.
820 4154 930 4209 Καὶ
962 4155 1115 4209 δοκεί
1162 4157 1263 4226 μὲν
1292 4156 1711 4225 ἀπολογεῖσθαν
1751 4156 1992 4221 ἐκείνους

423 4244 482 4297 δὲ
521 4246 697 4315 φοϐεῖ.

494 4336 830 4408 Προσέχετε
863 4335 978 4395 οὖν
1016 4340 1252 4408 ἑαυτοῖς
1281 4340 1380 4395 καὶ
1408 4341 1586 4394 παντὶ
1610 4339 1691 4406 τῷ
1712 4342 1989 4411 ποιμνίῳ,

423 4426 495 4479 ἐν
513 4420 560 4495 ᾦ
591 4427 747 4495 ὑμᾶς
773 4428 841 4483 τὸ
872 4432 1115 4501 Πνεῦμα
1138 4433 1205 4486 τὸ
1229 4432 1402 4503 ἅγιον
1424 4433 1593 4488 ἔθετο
1616 4432 1993 4501 ἐπισκόπους

2165 2971 2330 3028 Vens.
2362 2972 2455 3027 25.
2490 2971 2557 3027 Et
2581 2988 2721 3026 nunc
2752 2987 2867 3027 ecce
2899 2988 2992 3043 ego
3033 2970 3152 3027 novi
3181 2986 3269 3025 vos
3291 2985 3492 3049 omnes,
3528 2970 3669 3026 inter

2092 3082 2223 3137 quos
2273 3073 2508 3119 versatus
2534 3080 2652 3119 sum
2679 3064 2978 3134 pradicans
3022 3079 3241 3134 regnum
3266 3061 3386 3128 Dei,
3450 3067 3669 3132 posthac

2014 3187 2060 3247 ο
2094 3175 2198 3214 non
2226 3157 2456 3228 amplius
2485 3156 2686 3211 visuros
2713 3171 2822 3211 esse
2843 3155 3035 3225 faciem
3065 3172 3259 3211 meam.

2164 3246 2329 3303 Vens.
2353 3246 2443 3301 26.
2475 3243 2827 3311 Quamobrem
2878 3259 2972 3315 ego
3005 3252 3266 3312 protestor
3307 3243 3450 3300 vobis
3491 3245 3547 3300 in
3571 3244 3666 3301 Ito-

2092 3341 2276 3396 dierno
2296 3339 2404 3404 die,
2437 3353 2519 3393 me
2542 3353 2733 3407 purum
2760 3352 2869 3391 esse
2898 3353 2931 3391 a
2962 3336 3219 3408 sanguine
3248 3337 3506 3392 omnium.

2164 3427 2327 3484 Vens.
2376 3426 2472 3482 9.7.
2532 3424 2655 3480 Non
2697 3426 2839 3484 enim
2881 3426 3180 3498 subterfugi
3214 3428 3490 3497 quominus
3521 3428 3665 3485 vobis

2092 3536 2296 3575 onmem
2326 3518 2421 3574 Dei
2441 3519 2767 3572 uoluntatem
2785 3516 3150 3572 declararem.

2165 3609 2250 3664 Me
2282 3624 2473 3680 purum
2520 3623 2628 3664 esse
2660 3624 2693 3660 a
2741 3609 3002 3677 sanguine
3039 3609 3296 3664 omnium.
3335 3609 3533 3676 Purus,
3577 3610 3665 3667 in-

2092 3701 2232 3772 quit,
2280 3716 2397 3755 sunt
2451 3717 2486 3754 a
2542 3699 2798 3769 sanguine
2837 3699 3093 3764 omnium,
3124 3699 3170 3753 si
3194 3699 3553 3758 dormitantes
3583 3702 3666 3758 in-

2094 3792 2308 3850 terfecti
2362 3790 2578 3847 fueritis
2605 3790 2673 3845 ab
2715 3790 3018 3844 animarum
3070 3790 3336 3847 occisorc.
3409 3792 3661 3850 Ofﬁcium

2093 3885 2261 3950 enim,
2290 3882 2486 3953 inquit,
2519 3879 2760 3952 magistri
2818 3880 2943 3936 feci.
2983 3878 3108 3935 Non
3168 3882 3306 3935 enim
3351 3882 3663 3952 subterfugi,

2095 3976 2224 4047 quin
2274 3973 2416 4029 vobis
2483 3970 2832 4027 declararem.
2882 3968 3022 4041 Ergo
3080 3971 3171 4041 qui
3216 3986 3326 4026 non
3355 3970 3666 4033 dicit,.reus

2095 4076 2180 4124 est
2201 4063 2501 4136 sanguinis,
2531 4064 2636 4119 hoc
2690 4069 2775 4116 est
2836 4062 3022 4118 caedis.
3079 4063 3158 4116 Ac
3209 4061 3423 4117 videtur
3448 4061 3666 4132 quidem

2096 4171 2313 4215 causam
2344 4144 2527 4211 dicere
2574 4169 2638 4209 ac
2688 4167 2808 4209 sese
2869 4167 3146 4223 purgare:
3194 4153 3288 4209 sed
3342 4168 3529 4209 revera
3561 4151 3669 4207 illis

2096 4249 2275 4320 injicit
2299 4256 2584 4302 terrorem.
3094 4311 3098 4315 θ

2171 4339 2337 4396 Vens.
2378 4340 2469 4395 28.
2511 4338 2771 4406 Quocirca
2797 4346 2973 4393 cavete
2995 4338 3138 4392 vobis
3166 4354 3230 4392 ac
3266 4337 3363 4391 toti
3380 4335 3547 4409 gregi,
3582 4337 3669 4389 cui

2102 4433 2338 4501 Spiritus
2369 4439 2584 4486 sanctus
2610 4445 2697 4484 vos
2732 4429 3015 4499 prwposuit
3039 4430 3323 4498 episcopos,
3359 4440 3415 4483 ut
3441 4428 3668 4499 pascatis

426 4522 765 4587 ποιμαίνειν
813 4525 927 4594 τὴν
986 4527 1352 4595 Ἐκκλησίαν
1399 4525 1507 4581 τοῦ
1555 4527 1777 4596 Κυρίου
1816 4527 1913 4581 καὶ
1944 4527 1989 4558 ⁸⁸

2097 4535 2145 4580 et
2179 4522 2375 4594 regalis
2409 4520 2703 4598 Ecclesium
2739 4519 2950 4575 Domini
2974 4529 3023 4575 et
3051 4520 3166 4588 Dei,
3208 4536 3368 4592 quam
3412 4520 3670 4601 sanguine

429 4609 597 4672 θεοῦ.
621 4608 702 4679 ἢν
726 4617 1187 4684 περιεποιήσατο
1212 4616 1310 4669 διὰ
1336 4615 1440 4669 τοῦ
1476 4616 1629 4669 ίόίου
1653 4616 1919 4684 αἵματος.

500 4704 831 4772 Προσέχετε
868 4701 982 4761 οὖν
1016 4707 1251 4773 ἑαυτοῖς
1286 4709 1383 4761 καὶ
1410 4707 1612 4762 παντί.
1639 4706 1776 4762 Οὔτε
1801 4708 1910 4779 γὰρ
1937 4707 1999 4760 τὸ

431 4794 652 4865 ἐτέρους
704 4797 1006 4867 κατορθοῦν
1055 4802 1221 4868 μσξνον
1269 4798 1382 4869 ἔχει
1437 4798 1628 4868 κέρδος
1680 4798 1999 4869 (Φοϐοῦμαι

429 4886 559 4953 γὰρ,
589 4887 743 4955 φησὶ,
788 4889 999 4957 μήπως
1046 4890 1259 4956 ἄλλοις
1298 4891 1569 4959 κηρύξας
1591 4890 1773 4956 αὐτὸς
1810 4890 2005 4945 ἀδόκι-

431 4993 540 5042 une;
571 4978 868 5050 γένωμαι).
902 4981 1027 5036 εὖτε
1054 4984 1114 5036 τὸ
1138 4983 1333 5037 ἑαυτὸν
1356 4982 1369 5013 ¹
1408 4981 1788 5053 ἐπιμελεῖσθαι
1809 4999 1821 5012 ο
1843 4983 1873 5035 ὁ
1893 4982 2001 5054 γὰρ

428 5070 694 5139 τοιοῦτος,
726 5073 1009 5142 φίλαυτος,
1042 5076 1137 5130 καὶ
1167 5077 1226 5129 τὸ
1254 5073 1452 5129 ἑαυτοῦ
1477 5072 1651 5144 ζητεῖ,
1684 5073 1779 5129 καὶ
1819 5073 1913 5128 τοῦ
1942 5075 2003 5128 τὺ

430 5162 688 5216 τάλαντον
709 5166 1121 5235 καταχιῦσαντος
1155 5168 1267 5230 ῐσος
1292 5170 1440 5221 ἐστιν
1453 5170 1495 5223 ³.
1515 5166 1633 5222 Οὐκ
1652 5166 1837 5237 ἐπειδὴ
1858 5182 1965 5238 προ
1978 5194 1996 5205 ·

429 5253 767 5327 τιμοτέραή
818 5258 1065 5329 ἡμετέρα
1118 5260 1363 5330 σωτηρία
1428 5260 1525 5313 τοῦ
1564 5260 1840 5330 ποιμνίου,
1885 5259 1999 5312 ἀλλ’

501 5414 547 5449 ³⁹
580 5415 599 5469 l
633 5417 759 5476 Cor.
792 5434 870 5484 ts,
897 5417 988 5473 27.
1556 5396 1619 5433 λ

2096 4632 2191 4669 suo
2216 4613 2564 4685 comparavit.

2167 4707 2355 4764 Cavete
2384 4704 2738 4776 igituryobis;
2760 4715 2805 4759 et
2834 4704 3073 4758 universo
3096 4704 3264 4774 gregi.
3296 4704 3431 4759 Nam
3474 4721 3578 4762 nec
3614 4705 3667 4760 id

2101 4797 2277 4854 solum
2308 4798 2522 4852 lucrum
2569 4795 2746 4860 all‘ert,
2781 4794 2826 4850 si
2861 4795 2985 4864 quis
3024 4794 3162 4850 alios
3191 4795 3428 4866 corrigat
3449 4810 3514 4852 ac
3553 4811 3672 4852 me-

2102 4889 2265 4944 liores
2289 4887 2482 4943 reddat
2506 4905 2519 4940 :
2542 4901 2668 4943 nam
2699 4895 2893 4949 metuo,
2926 4885 3123 4956 inquit,
3160 4902 3222 4940 ne
3249 4888 3382 4958 forte
3400 4903 3521 4942 cum
3549 4885 3674 4942 aliis

2108 4981 2482 5051 prwdicavero,
2511 4978 2621 5048 ipse
2650 4977 2895 5047 reprobus
2918 4976 3140 5030 evadam
3161 4976 3206 5053 ξ’
3234 4994 3249 5031 :
3285 4992 3462 5048 neque
3500 4977 3545 5031 si
3585 4990 3674 5031 se-

2109 5073 2288 5143 ipsum
2315 5070 2439 5141 quis
2468 5077 2666 5127 curet;
2700 5067 2791 5138 qui
2823 5067 2969 5122 enim
3025 5066 3147 5125 talis
3182 5076 3289 5131 est,
3332 5067 3417 5122 sui
3462 5072 3674 5120 amator

2111 5170 2217 5228 est,
2255 5177 2316 5216 ac
2345 5175 2504 5216 suum
2537 5156 2883 5214 commodum
2914 5164 2971 5211 et
2992 5155 3422 5211 emolumentum
3453 5151 3670 5221 quatrit.

2111 5254 2291 5319 etilli,
2326 5253 2418 5323 qui
2451 5250 2715 5306 talentum
2750 5248 2993 5314 defodit,
3026 5264 3123 5320 par
3156 5259 3261 5304 est.
3293 5246 3480 5301 Cavete
3508 5244 3673 5298 vobis.

1625 5550 1826 5610 Variae
1862 5546 2168 5611 lectiones
2213 5553 2273 5610 et
2318 5555 2505 5610 nota).

506 5717 659 5772 "Id.
709 5715 1076 5787 ἐξαιρεθῆναι.
1151 5716 1199 5750 ⁸⁸
1237 5725 1481 5787 με,ι²ναι.

430 5787 651 5845 ἑαυτοῦ.

773 5877 1042 5943 ΡΑτιίοι..
1087 5878 1201 5940 Gn.
1236 5876 1476 5941 CXXV.

1587 5716 1633 5748 '9
1666 5715 1727 5785 In
1752 5714 1974 5785 vulgatis
2006 5715 2369 5768 desiderantur
2389 5713 2469 5767 Ita:
2511 5720 2615 5785 tres
2657 5706 3043 5785 ἀπίξονται-τοῦ
3069 5706 3276 5779 Κῦριου
3316 5707 3429 5763 καί.

754 5778 774 5818 ί
831 5778 1076 5841 Videntur
1127 5778 1386 5839 hoc'loco
1440 5786 1593 5840 verba
1652 5784 1806 5839 Luca:
1835 5778 1989 5855 repeti

2094 5801 2148 5841 t:
2181 5800 2381 5851 nempe,
2440 5779 2734 5848 προσέχετε
2764 5778 3000 5843 ἑαυτοῖς.

3539 5709 3554 5741 ¹
3588 5710 3676 5768 ῖσ.

3234 5872 3313 5934 23$
