4088 6206
506 364 603 430 781

1208 364 1615 426 EXPOSITIO
1644 365 1722 426 ΙΝ
1766 364 1947 426 ACTA
1977 356 2555 422 APOSTOLORUXI.
2588 382 2657 392 —
2679 356 2836 416 CAP.
2880 356 3044 416 XXI.

3637 356 3747 419 782

507 477 787 547 χρυσίου.
814 467 927 530 Οὔκ
961 469 1134 542 εἶπεν,
1164 478 1278 531 Οὐκ
1308 476 1521 539 ελαδον,
1551 478 1665 531 ἀλλ’
1686 477 1841 533 Οὐδὲ
1867 479 2077 532 ἐπεθύ-

2199 475 2366 546 ;ratize
2412 473 2553 542 ejus.
2602 473 2885 542 Argentum
2932 478 3025 523 aut
3063 483 3277 522 aurum.
3317 466 3432 524 Non
3460 469 3610 536 dicit,
3640 467 3758 527 non

503 581 693 637 μησα.
734 566 933 632 Μεῖζον
958 564 1140 621 δὲκαὶ
1188 566 1346 621 τοῦτο
1400 568 1462 621 rb
1510 570 1781 640 ἑπόμενον
1806 586 1821 601 ο
1883 569 2082 637 ’λζαεῖς

504 660 861 723 ἐπίστασθε,
914 660 1003 714 ὅτι
1051 660 1180 727 ταῖς
1219 662 1443 730 χρείαις
1489 678 1609 729 μου
1662 661 1760 715 καὶ
1787 660 1910 727 τοῖς
1943 655 2084 716 οὖσι

505 752 635 822 μετ’
689 752 836 822 ἐμοῦ
891 754 1285 822 ὑπηρέτησαν
1313 758 1371 808 αἱ
1410 754 1606 822 χεῖρες
1629 749 1825 810 αὗται.
1878 750 1941 806 Ἦ
1978 750 2084 822 γὰρ

510 843 716 916 ἀληθὴς
750 843 1116 915 ἐλεημοσύνη.
1141 846 1205 898 ἐκ
1228 844 1334 898 τῶν
1366 845 1511 898 ἰδίων
1531 845 1717 898 κόπων
1746 842 1945 897 διδόναι
1975 845 2085 907 τοῖς

512 934 768 988 ἐνδεέσιν.
819 933 964 1004 Ὅρα
1006 934 1063 987 δὲ
1095 934 1213 999 πῶς
1259 934 1546 1005 εἰργάξετο
1600 934 1885 1006 ἄνθρωπος
1946 935 2084 1005 μετὰ

514 1024 747 1096 σπουδῆς
778 1024 948 1079 νύκτα
974 1024 1069 1077 καὶ
1098 1024 1311 1095 ἡμέραν
1332 1024 1730 1094 διαλεγόμενος.

589 1301 792 1355 Πάντα
822 1299 1109 1363 ὑπέδειξα
1145 1299 1304 1368 ύμῖν,
1340 1300 1429 1353 ὅτι
1464 1300 1617 1354 οὕτω
1633 1300 1970 1364 κοπιῶντας
2001 1296 2097 1352 δεῖ

512 1391 1056 1461 ἀντιλαμϐάνεσθαι
1083 1390 1201 1444 τῶν
1219 1391 1662 1446 ἀσθενούντων
1687 1389 2092 1460 μνημονεύειν

515 1499 580 1536 τε
614 1481 722 1534 τὸν
762 1480 949 1548 λόγον
966 1480 988 1511 ⁸
1005 1480 1110 1533 τοῦ
1133 1482 1351 1547 Κυρίου
1367 1480 1570 1547 Ἰησοῦ
1586 1496 1597 1508 ⁸
1615 1480 1705 1535 ὅτι
1737 1480 1916 1545 αὐτὸς
1938 1476 2087 1533 εἷπε·

517 1570 822 1640 Μακάριόν
858 1571 991 1623 ἐστι
1018 1567 1259 1638 μᾶλλον
1295 1568 1528 1625 διδόναι
1562 1570 1596 1640 ἢ
1627 1570 1981 1639 λαμϐάνειν.

587 1663 702 1716 Οὐκ
756 1661 907 1733 ἔχετε
972 1663 1052 1726 εἰς
1100 1661 1325 1731 ἄγνοιαν
1386 1663 1739 1730 καταφυγεῖν.
1805 1658 2092 1726 ’Υπέδειξα

519 1753 606 1806 διὰ
636 1752 744 1806 τῶν
769 1752 967 1822 ἔργων,
1004 1754 1085 1806 ὅτι
1112 1751 1256 1806 οὕτω
1292 1751 1600 1815 κοπιῶντας
1628 1753 1710 1805 δεῖ
1741 1752 2092 1823 ἐργάζεσθαι,

2187 568 2392 638 accepi,
2437 565 2556 630 sed,
2591 564 2673 620 Ne
2701 565 2968 635 concupiui
2989 562 3220 633 quidem.
3261 556 3434 633 Majus
3467 573 3551 619 est
3583 572 3763 621 autem

2189 661 2297 713 hoc
2326 673 2545 728 quoque
2565 656 2709 727 quod
2743 657 3028 726 sequitur:
3073 653 3169 709 Vos
3198 656 3341 709 scilis
3370 668 3457 719 ea,
3489 669 3606 724 qua:
3640 659 3769 711 mihi

2185 749 2333 803 etiis
2375 750 2465 818 qui
2492 763 2692 802 mecum
2743 755 2899 801 erant
2958 747 3031 800 at!
3083 761 3235 801 usum
3297 744 3615 809 de’uerunt,
3670 747 3767 800 llas
3808 788 3819 791 -

2187 854 2380 894 manus
2410 837 2863 892 subministrante.
2910 835 3044 890 Nam
3079 848 3205 890 vera
3236 834 3576 906 clcemosyna
3603 843 3768 906 atque

2188 926 2547 985 beneﬁcentia
2588 934 2674 982 est
2706 942 2772 981 cx
2803 926 2891 991 iis,
2932 941 3053 996 qua:
3085 940 3184 981 sua
3228 925 3351 995 quis
3398 940 3562 995 opera
3606 935 3771 995 atque

2192 1021 2377 1075 labore
2406 1017 2714 1088 acquisivit,
2741 1018 2869 1071 dare
2885 1016 3090 1088 egenis.
3121 1013 3279 1088 154
3304 1015 3380 1070 Ac
3410 1015 3535 1071 vide
3564 1025 3775 1085 utopus

2191 1111 2383 1167 iecerit
2410 1111 2597 1175 homo,
2630 1110 2720 1179 qui
2760 1118 2925 1164 noctu
2958 1118 3121 1179 atque
3142 1107 3377 1163 interdiu
3400 1094 3690 1180 diligenter
3708 1124 3773 1164 ac

2191 1204 2381 1257 scdulo
2406 1200 2705 1258 disserebat
2735 1210 2897 1271 atque
2931 1200 3417 1258 sermocinabatur.

2266 1297 2424 1352 Vens.
2449 1296 2539 1352 55.
2575 1295 2765 1353 Omnia
2790 1296 2931 1351 vobis
2959 1297 3179 1358 ostendi.
3209 1313 3392 1364 nempe
3417 1297 3493 1350 sic
3526 1296 3774 1350 laboran-

2194 1400 2269 1443 tes
2313 1405 2409 1444 nos
2470 1399 2707 1457 oportere
2756 1403 3065 1442 succurrere
3114 1387 3358 1457 inﬁrmis,
3384 1403 3448 1440 ac
3481 1388 3776 1441 meminisse

2194 1480 2335 1534 uerbi
2382 1477 2589 1534 Domini
2617 1477 2766 1535 Jesu.
2810 1478 3074 1546 Quoniam
3098 1480 3208 1550 ipse
3226 1478 3399 1532 dixit:
3427 1477 3650 1533 Beatum
3693 1487 3772 1533 est

2195 1574 2368 1640 potius
2398 1571 2524 1626 dare
2560 1587 2719 1640 quant
2752 1571 3004 1639 accipere.

2264 1663 2383 1718 Non
2407 1664 2729 1733 potestquis
2758 1662 2824 1717 ad
2848 1661 3206 1733 ignorantiam
3232 1661 3545 1733 confugere.
3576 1661 3775 1717 Osten-

2195 1753 2250 1808 di
2302 1754 2437 1825 ipsis
2480 1751 2661 1817 factis,
2711 1753 2782 1807 ita
2830 1762 3087 1823 oportere
3120 1753 3432 1809 laborantes
3469 1755 3682 1824 operari
3721 1766 3776 1810 et

524 1841 887 1912 μνημονεύειν
920 1858 979 1895 τε
1011 1840 1103 1894 τὸν
1159 1840 1316 1910 λόγον
1355 1840 1448 1895 tot")
1500 1841 1709 1912 Κυρίου
1744 1840 1920 1912 Ἰησοῦ
1950 1859 1964 1873 σ
2002 1846 2096 1896 καὶ

2199 1823 2467 1898 memores
2513 1858 2635 1898 esse
2677 1842 2829 1897 verbi
2865 1838 3076 1897 Domini
3133 1841 3281 1898 Jesu.
3332 1845 3400 1898 Et
3452 1823 3545 1900 ubi
3591 1846 3777 1901 dixit?

525 1934 628 1988 ποῦ
664 1928 853 1999 simu;
881 1933 1036 1997 Ἴσως
1068 1933 1332 2004 ἀγράφως
1353 1932 1678 2003 παρέδωκαν
1701 1934 1749 1985 οἱ
1779 1933 2093 1986 ἀπόστολοι·

520 2025 556 2093 ἢ
582 2024 642 2090 εξ
670 2019 744 2079 ὧν
776 2024 841 2077 ἄν
867 2040 954 2087 τις
989 2023 1383 2092 συλλογίσαιτο
1403 2064 1418 2089 ,
1476 2022 1656 2095 δῆλον.
1708 2019 1802 2087 Εἷς
1849 2023 2056 2094 βαϐμδς
2076 2066 2091 2089 ,

523 2117 677 2187 ῥίψαι
699 2116 767 2169 τὰ
804 2115 999 2169 ἑαυτοῦ
1024 2134 1039 2148 ι
1070 2114 1344 2187 δεύτερος,
1369 2114 1548 2185 ἑαυτῷ
1581 2115 1862 2184 ἐπαρκεῖν·
1892 2114 2095 2186 ⁸ιιρίτος,

523 2211 617 2263 καὶ
651 2208 859 2279 ἑτέροις
880 2224 895 2239 ο
923 2207 1202 2279 τέταρτος,
1240 2206 1303 2260 τὸ
1330 2204 1421 2262 καὶ
1452 2205 1794 2278 κηρύττοντα
1822 2206 1917 2259 καὶ
1941 2204 2094 2272 ἐξου-

526 2299 646 2353 σίαν
669 2298 862 2369 ἔχοντα
891 2298 1213 2369 λαμϐάνειν,
1250 2298 1325 2369 μὴ
1352 2297 1674 2368 λαμϐάνειν.
1704 2297 1818 2350 Οὐκ
1865 2291 1987 2350 εἷπε
2012 2296 2089 2360 δὲ,

522 2392 603 2444 ὅτι
629 2390 813 2443 Κακὸν
853 2391 913 2442 τὸ
942 2388 1148 2453 λαϐεῖν,
1175 2388 1334 2451 ἀλλὰ,
1365 2388 1583 2466 Βέλτιον
1610 2387 1673 2440 τὸ
1719 2386 1801 2458 μὴ
1827 2385 2033 2439 λαϐεῖν.

2195 1931 2447 1986 Forsitan
2496 1931 2706 2001 absque
2763 1930 3120 1988 monimentis
3175 1932 3478 1998 litterarum
3546 1937 3773 2006 apostoli

2195 2022 2544 2078 tradiderunt
2573 2024 2717 2079 hanc
2748 2039 2937 2079 vocem
2973 2039 3036 2079 ex
3068 2040 3162 2081 ore
3201 2025 3414 2081 Domini
3445 2037 3725 2099 exceptam
3756 2044 3772 2080 :

2196 2123 2291 2169 aut
2323 2129 2389 2169 ex
2438 2114 2524 2178 iis,
2566 2130 2688 2185 qum
2718 2115 2842 2185 quis
2873 2116 3147 2185 conjicere
3177 2132 3241 2172 ac
3283 2118 3586 2175 rationibus
3619 2121 3773 2176 colli-

2190 2221 2318 2276 gere
2350 2206 2543 2276 possit,
2580 2206 2683 2262 hoc
2720 2206 2909 2275 liqu-t.
2957 2206 3109 2262 Unus
3150 2210 3350 2279 gradus
3390 2220 3513 2276 est,
3547 2227 3648 2268 sua
3678 2214 3773 2267 ab-

2190 2297 2359 2367 jicere
2385 2314 2398 2350 :
2431 2295 2590 2361 alter,
2619 2296 2722 2352 sibi
2753 2296 3002 2351 auxiliari
3023 2308 3077 2352 et
3107 2314 3194 2353 res
3209 2301 3543 2356 necessarias
3571 2318 3774 2374 suppe-

2211 2387 2429 2442 ditare:
2469 2387 2681 2451 tertius,
2731 2387 2897 2444 etiam
2946 2388 3067 2443 aliis
3120 2392 3468 2448 subvenire:
3525 2404 3771 2464 quartus.

520 2482 685 2535 etiam
725 2495 849 2534 eum
887 2480 977 2550 qui
1025 2479 1285 2549 praedicat
1311 2478 1535 2534 verbum
1569 2478 1663 2533 Dei
1696 2485 1752 2532 et
1777 2483 2098 2547 potestatem
2136 2476 2301 2532 habet
2337 2476 2662 2549 accipiendi,
2709 2494 2821 2534 non
2857 2480 3104 2551 accipere
3162 2498 3285 2553 quze
3350 2492 3534 2555 potest
3569 2486 3775 2557 absque

525 2572 972 2642 reprehensione.
1025 2570 1142 2626 Non
1183 2571 1318 2626 dixit
1343 2580 1525 2627 autem
1561 2571 1763 2625 malum
1801 2584 1923 2625 esse
1952 2569 2217 2640 accipere,
2245 2571 2340 2625 sed
2374 2571 2568 2626 melius
2598 2588 2719 2628 esse
2748 2588 2857 2628 non
2883 2575 3151 2645 accipere.

592 2667 700 2722 Kal
749 2667 934 2721 ταῦτα
989 2667 1192 2731 εἰπὼν,
1217 2667 1339 2733 θεὶς
1366 2668 1438 2721 τὰ
1466 2668 1686 2736 γόνατα
1740 2663 1948 2730 αὐτοῦ,
1976 2662 2100 2719 σὺν

523 2762 712 2814 πᾶσιν
762 2758 969 2826 αὐτοῖς
996 2758 1407 2828 προσηύξατο.

606 2851 830 2918 Ἱκανὸς
875 2850 945 2904 δὲ
985 2851 1225 2921 ἐγένετο
1280 2849 1586 2917 κλαυθμὸς
1647 2851 1892 2904 πάντων
1922 2863 1935 2878 ο
1988 2847 2088 2899 καὶ

520 2947 919 3009 ἐπιπεσόντες
939 2943 960 2975 ⁹
1001 2943 1100 2997 ἐπὶ
1129 2942 1236 2996 τὸν
1260 2940 1563 3011 τράχηλον
1581 2942 1622 2973 ιο
1658 2940 1924 3003 Παύλου,
1956 2955 2092 2990 κατ-

523 3038 777 3107 εφίλουν
798 3036 1004 3101 αὐτὸν,

608 3127 1001 3197 Ὀδυνώμενοι
1013 3125 1283 3197 μάλιστα
1326 3125 1424 3180 ἐπὶ
1453 3124 1530 3190 τῷ
1562 3126 1742 3191 λόγῳ,
1777 3118 1825 3191 ᾧ
1848 3122 2095 3192 εἰρήκει,

2272 2665 2434 2722 Vens.
2466 2665 2558 2723 56.
2590 2668 2757 2737 Atque
2794 2668 2903 2723 [nec
2943 2670 3163 2736 locutus,
3188 2673 3370 2743 positis
3398 2674 3614 2743 genibus
3641 2678 3774 2741 suis,

2201 2774 2319 2810 cum.
2356 2757 2595 2812 omnibus
2626 2759 2731 2813 illis
2766 2770 3011 2829 precatus
3034 2772 3129 2817 est.

2269 2849 2428 2905 Vens.
2453 2851 2542 2904 57.
2569 2849 2711 2905 Satis
2742 2868 2962 2924 magnus
2992 2865 3168 2910 autem
3199 2868 3408 2916 coortus
3434 2871 3508 2916 est
3540 2866 3775 2919 omnium

2198 2941 2352 3008 [lctus
2379 2959 2396 2996 :
2436 2953 2487 2996 et
2527 2945 2780 2999 irruentes
2808 2947 2862 2999 in
2894 2947 3084 3002 collum
3116 2948 3304 3017 Pauli,
3337 2954 3777 3012 deosculabantur

2202 3049 2320 3085 eum
2355 3074 2369 3095 ,

2277 3122 2438 3177 Vens.
2472 3124 2561 3177 58.
2602 3123 2846 3180 Dolentes
2894 3130 3123 3185 maxime
3160 3143 3373 3201 propter
3404 3136 3615 3191 uerbum
3644 3137 3778 3193 illud

526 3221 616 3275 ὅτι
644 3222 843 3275 οὐκέτι
859 3218 1163 3288 μέλλουσι
1185 3217 1249 3271 τὸ
1289 3217 1614 3284 πρόσωπον
1630 3215 1816 3270 αὐτοῦ
1837 3213 2096 3283 θεωρεῖν.

2203 3221 2339 3284 quod
2374 3225 2651 3283 negaverat
2681 3216 2797 3271 illos
2826 3219 3043 3286 posthac
3082 3222 3269 3292 {aciem
3298 3240 3452 3279 suam
3500 3243 3611 3283 esse
3636 3229 3779 3283 visu-

528 3312 920 3381 Προέπεμπον
938 3310 1009 3364 δὲ
1035 3309 1223 3365 αὐτὸν
1252 3312 1340 3376 εις
1380 3310 1444 3363 τὸ
1472 3310 1704 3361 πλοῖον.

599 3400 959 3472 Σημειωτέον,
1007 3400 1089 3453 ὅτι
1141 3399 1223 3452 δεῖ
1275 3399 1366 3451 τὸν
1427 3397 1877 3466 συνταττόμενον,
1933 3394 2100 3466 εὐχὴν

528 3494 623 3547 καὶ
660 3491 1006 3561 γονυκλισῖαν
1036 3490 1307 3545 ποιεῖσθαι
1358 3486 1455 3542 σὺν
1489 3490 1620 3541 πᾶσι
1669 3489 1782 3550 τοῖς
1843 3485 2099 3558 παροῦσι,

528 3586 624 3639 καὶ
652 3584 825 3648 οὕτως
890 3584 1222 3655 ἀποχωρεῖν.
1283 3583 1395 3654 Τὴν
1420 3580 1663 3634 διάθεσιν
1702 3580 1943 3632 δεῖκνυσι
1973 3576 2034 3630 τὸ
2056 3579 2097 3608 ¹¹

531 3680 744 3731 εἰπεῖν’
797 3676 1227 3739 Ἐπιπεσόντες
1281 3671 1380 3726 ἐπὶ
1432 3672 1538 3725 τὸν
1590 3670 1901 3739 τράχηλον
1936 3685 1949 3700 °
2004 3667 2100 3721 ἆτε

534 3770 764 3837 ὑστέρας
791 3766 1126 3838 περιπλοκῆς
1156 3762 1626 3837 περιπλεκόμενοι,
1654 3762 1747 3815 καὶ
1765 3759 1962 3831 πολλὴν
1995 3759 2104 3812 ἀπὸ

535 3857 629 3925 τῆ.
666 3857 1010 3928 δημηγορίας
1051 3852 1307 3915 λαϐόντες
1354 3852 1454 3921 τὴν
1513 3851 1737 3920 ἀγάπην
1771 3851 1865 3901 καὶ
1893 3849 1954 3901 τὸ
1983 3847 2103 3918 φίλ-

537 3963 683 4017 τρον.

1106 4119 1355 4173 ΚΕΦΑΔ.
1412 4116 1536 4171 KA'.

630 4206 714 4270 Ως
738 4202 805 4256 δε
840 4201 1074 4271 ἐγένετο
1114 4198 1450 4271 ἀναχθῆναι
1488 4195 1646 4267 ἡμᾶς
1672 4194 2103 4252 ἀποσπασθέν-

535 4297 697 4361 τας¹²
721 4294 822 4349 ἀπ’
855 4294 1077 4357 αὐτῶν,
1106 4290 1672 4361 εὐθυδρομήσαντες
1726 4287 1995 4357 ἤλθομεν
2015 4288 2105 4353 εις

535 4384 652 4453 τὴν
678 4382 811 4438 Κῶν
836 4400 848 4413 ·
880 4382 954 4451 τῇ
984 4381 1052 4434 δὲ
1080 4379 1224 4450 ἑξῆς
1255 4385 1341 4448 εις
1369 4380 1485 4448 τὴν
1536 4377 1775 4433 Ῥόδονο
1832 4373 2130 4431 κάκεῖθεν

533 4481 620 4546 εις
642 4476 901 4546 Πάταρα.

2207 3322 2288 3358 ros
2315 3321 2333 3358 :
2368 3308 2436 3360 ad
2462 3306 2728 3377 navigium
2753 3317 2930 3363 autem
2962 3308 3078 3363 eum
3111 3328 3273 3381 usque
3299 3318 3769 3387 prosequebantur.

2279 3394 2583 3451 Notandqu
2616 3404 2719 3464 est,
2741 3412 2865 3452 eum
2894 3400 2986 3469 qui
3020 3401 3199 3458 valere
3221 3404 3377 3472 jubet
3398 3407 3603 3463 amicos
3634 3418 3691 3465 ct
3717 3412 3781 3463 iis

2206 3490 2463 3541 mandata
2498 3488 2611 3549 dat,
2654 3498 2909 3556 oportere
2948 3506 3123 3561 genua
3163 3492 3399 3561 ﬂectere,
3430 3508 3485 3553 et
3518 3515 3623 3554 una
3653 3515 3779 3555 cum

2212 3576 2468 3630 omnibus
2526 3578 2616 3646 qui
2666 3578 2887 3642 adsunt.
2932 3584 3237 3652 supplicare
3277 3596 3440 3657 atque
3486 3589 3561 3644 ita
3606 3592 3776 3647 abire.

2203 3666 2560 3722 Aﬂ‘ectionem
2604 3683 2667 3722 ac
2713 3669 2913 3724 bonum
2951 3673 3193 3728 animum
3224 3676 3437 3731 illorum
3468 3694 3597 3750 erga
3640 3681 3780 3735 Pau-

2205 3757 2316 3811 lum
2358 3758 2598 3813 ostendit
2653 3774 2720 3813 eo
2752 3762 2897 3830 quod
2931 3763 3101 3818 dicit:
3140 3764 3407 3822 Irruentes
3444 3772 3499 3824 in
3543 3773 3735 3827 collum
3760 3791 3780 3829 :

2207 3857 2395 3918 utpote
2441 3859 2776 3920 postremum
2806 3854 2956 3908 illum
2992 3856 3362 3927 amplexantes
3386 3900 3401 3923 ,
3430 3877 3493 3917 ac
3530 3864 3726 3932 quibus
3749 3885 3781 3919 ιι

2209 3941 2475 3997 concione
2505 3942 2652 3998 illiu‘s
2678 3942 2869 4016 ingens
2891 3946 3112 4002 dilectio
3142 3948 3476 4020 ingenerata,
3508 3962 3562 4007 et
3593 3954 3783 4009 incita-

2210 4042 2451 4088 mentum
2478 4036 2681 4092 amoris
2708 4037 2967 4105 injectum
2991 4048 3156 4093 esset.

2788 4128 3017 4187 CAPUT
3050 4130 3191 4185 XXI.

2280 4220 2441 4273 Vens.
2473 4219 2518 4273 l.
2555 4219 2617 4275 Ut
2643 4229 2820 4273 autem
2852 4221 3068 4284 accidit,
3099 4232 3155 4275 ut
3184 4222 3353 4277 avulsi
3380 4224 3445 4278 ab
3474 4224 3581 4280 illis
3615 4228 3669 4282 in
3695 4227 3780 4280 al:-

2209 4319 2319 4363 tum
2345 4310 2760 4378 prove/terentur,
2798 4320 2937 4364 recto
2967 4326 3125 4365 cursu
3149 4313 3380 4367 venimus
3407 4315 3463 4368 in
3496 4313 3659 4370 Coum
3686 4333 3703 4369 :
3731 4327 3781 4369 et

2208 4403 2441 4470 sequenti
2471 4401 2554 4452 die
2578 4398 2834 4465 Rhodum,
2865 4411 3022 4467 atque
3054 4400 3199 4454 illinc
3229 4403 3285 4456 in
3319 4401 3542 4460 Patara.
3670 4401 3677 4408 ’

608 4570 716 4624 Καὶ
762 4568 1042 4637 εὑρόντες
1101 4565 1317 4622 πλοῖον
1338 4563 1632 4632 διαπερῶν
1676 4565 1761 4629 εἷς
1798 4562 2096 4630 Φοινίκην,

2278 4573 2439 4628 Vens.
2493 4573 2547 4627 2.
2604 4573 2667 4627 Et
2718 4577 2857 4629 nacti
2919 4577 3182 4645 navigium
3239 4581 3376 4648 quod
3418 4582 3681 4652 trajiceret
3726 4585 3785 4640 in

536 4662 851 4728 ἐπιϐάντες
885 4660 1253 4729 ἀνήχθημεν.

607 4862 1037 4932 Ἀναφανέντος
1050 4859 1117 4913 δὲ
1137 4858 1246 4926 τῆς
1277 4856 1520 4924 Κύπρου
1540 4856 1603 4917 ¹³,
1627 4853 1724 4908 καὶ
1748 4853 2109 4907 καταλιπόν-

538 4972 638 5021 τες
694 4954 891 5019 αὐτὴν
929 4951 1261 5019 εὐώνυμον,
1294 4946 1588 5015 ἐπλέομεν
1611 4948 1700 5011 εις
1726 4946 1971 5013 Συρίαν,
2012 4941 2109 4995 καὶ

541 5047 927 5115 κατήχθημεν
948 5046 1032 5110 εἰς
1075 5043 1276 5109 Τύρον.
1315 5038 1545 5093 Ἐκεῐσε
1578 5038 1685 5107 γὰρ
1705 5033 1781 5107 ἦν
1802 5035 1867 5088 τὸ
1890 5035 2110 5089 πλοῖον

539 5136 1077 5208 ἀποφορτιζόμενον
1116 5133 1221 5187 τὸν
1240 5134 1444 5203 γόμον.

610 5231 862 5282 Δείκνυσι
890 5227 989 5299 τὴν
1039 5226 1164 5297 βίαν
1194 5224 1273 5294 τῷ
1326 5224 1532 5277 εἰπεῖν’
1582 5219 2111 5286 Ἀποσπασθέντες

538 5321 642 5375 ἀπ’
686 5319 1046 5374 αὑτῶν-καὶ
1100 5317 1342 5379 εἰκότως.
1396 5316 1490 5379 El;
1541 5315 1649 5385 γὰρ
1704 5315 1803 5384 τὴν
1837 5314 2110 5368 θάλασσαν

2212 4661 2522 4728 Phoenicen,
2563 4681 2621 4717 eo
2672 4667 3059 4720 conscendimus
3117 4677 3163 4720 et
3219 4668 3273 4720 in
3328 4668 3493 4724 altum
3555 4674 3785 4741 provecti

2209 4773 2234 4807 8
2240 4773 2270 4807 u
2277 4772 2323 4807 ιη
2331 4772 2406 4809 ιιε.

2280 4846 2436 4901 Vens.
2474 4848 2527 4901 5.
2570 4845 2702 4903 Cum
2730 4858 2908 4904 autem
2939 4853 3280 4907 evasissemus
3316 4870 3343 4906 e
3389 4855 3594 4925 regione
3624 4855 3785 4926 Cypri

2209 4947 2256 4990 et
2291 4955 2407 4993 eum
2438 4940 2508 4992 ad
2536 4939 2807 4992 sinistram
2844 4940 3253 5010 reliquissemus,
3303 4945 3679 5014 navigabamns
3728 4946 3783 4997 in

2216 5025 2428 5098 Syriam
2476 5037 2523 5080 et
2572 5026 2869 5095 appulimus
2909 5028 3103 5098 Tyrum
3129 5046 3148 5084 :
3182 5029 3291 5084 illic
3320 5034 3465 5086 nauis
3500 5048 3630 5086 onus
3666 5042 3781 5084 erat

2215 5121 2534 5189 expositum.

2288 5213 2511 5269 Ostendi
2574 5213 2701 5278 vim,
2722 5213 2848 5269 dum
2866 5213 3017 5279 dicit,
3033 5215 3213 5270 Auulsi
3229 5217 3293 5270 ab
3312 5217 3448 5269 illis:
3466 5214 3623 5284 idque
3638 5215 3782 5271 haud

2219 5309 2416 5364 mirum
2440 5315 2543 5362 est.
2576 5306 2714 5359 Nam
2747 5321 2894 5360 mare
2924 5316 3109 5377 postea
3141 5306 3344 5376 ingredi
3371 5320 3481 5360 non
3508 5314 3781 5375 poterant.

522 5510 561 5527 ς
1737 5451 1936 5515 Varie)
1976 5449 2282 5513 lectiones
2324 5451 2384 5509 et
2428 5456 2621 5508 notae.

617 5580 639 5612 ⁸
672 5579 731 5632 In
764 5578 991 5648 vulgatis
1010 5586 1114 5648 est,
1166 5578 1273 5648 τῶν
1327 5577 1525 5648 λόγων,
1555 5586 1602 5648 et
1641 5573 1800 5648 paulo
1838 5584 1973 5644 post.
2008 5572 2096 5626 διδΙ

2199 5589 2216 5648 ε
2241 5571 2460 5648 μᾶλλον.
2554 5571 2839 5648 ’.ἐπιπεσό

2175 5641 2217 5672 ⁸³
2241 5630 2307 5694 Ὶη
2330 5637 2706 5701 manuscripto,
2743 5644 2789 5686 et
2825 5634 2879 5684 in
2916 5646 3018 5684 uno
3052 5630 3263 5701 vulgato
3297 5644 3392 5698 est,
3415 5634 3482 5687 ἀν

541 5651 708 5714 ditur,
736 5644 872 5700 τοῦξ
931 5647 975 5679 ίί
995 5646 1083 5701 ῖσ.
1114 5646 1213 5717 τῷ.
1330 5647 1371 5676 ⁸³
1401 5644 1886 5717 ἀποσπασθέντων,
1918 5650 2057 5696 erat.

2241 5567 2460 5640 μᾶλλον.
2554 5568 2591 5640 ’_
2611 5564 2999 5640 ἐπιπεσόντων,
3030 5570 3166 5640 erat.

3277 5561 3321 5593 “
3350 5561 3414 5617 In
3430 5563 3663 5635 vulgatis
3678 5570 3781 5622 ad-

3485 5636 3747 5701 αφανάντε
3760 5659 3782 5701 ς

543 5702 729 5786 δὲ’-τῆν
764 5716 1019 5787 Κύπρον
1050 5718 1111 5787 in,
1141 5702 1309 5769 altero
1330 5716 1539 5787 uulgato
1567 5723 1667 5787 est,
1696 5702 2069 5787 ἀναφάναντες

2199 5709 2289 5787 τῂν
2316 5704 2561 5787 Ιςύπρον.
2606 5702 2886 5787 Inaltero,
2918 5702 3285 5787 ἀναφανέντος
3312 5703 3368 5787 δε
3400 5705 3499 5787 τῇς
3528 5704 3779 5787 litium».

546 5769 1028 5856 la.rdlva<pavs'vre;
1068 5769 1127 5839 δὲ
1159 5787 1259 5856 τῆς
1287 5769 1541 5856 Κύπρου,
1562 5769 2183 5856 δηλόνότιίάντιπέρας,
2223 5769 2286 5846 ἦ,
2321 5769 2569 5844 ἁντιὶιρύ·
2598 5783 2715 5842 aut,
2756 5769 3120 5841 ἀναφανέντες
3149 5771 3204 5826 δὲ
3238 5772 3379 5829 κατὰ
3411 5769 3509 5845 τὴν
3531 5769 3777 5847 Κύπρον.
