4088 6206
387 306 494 373 783

1330 292 1900 356 I‘IlEOPIlYLACTI
1923 292 2325 353 BULGAPilsE
2356 294 2710 356 ARCHIEP.

3526 294 3629 359 784

386 419 524 487 Quid
561 424 645 472 est
678 410 820 483 quod
866 409 1021 472 dicit,
1070 404 1623 475 εὐθυδρομήσαντεςῖ
1671 403 1728 457 Id
1782 411 1959 469 sonat,

2066 405 2261 469 αὐτοὺς
2283 406 2470 459 λοιπὸν
2491 408 2725 477 ἐμϐῆναι
2760 407 2858 459 οὐκ
2881 406 3026 476 ἐνῆν.
3063 408 3127 461 Tl
3154 410 3323 476 ἐστιν,
3350 413 3632 481 εὐθυδρο-

385 510 520 567 Cum
585 512 734 560 recto
780 514 943 555 cursu
994 496 1497 552 contendissemus.
1558 493 1785 549 Ponitur
1840 507 1959 564 pro.

389 596 730 657 Przetervecti
764 606 973 656 sumus,
994 604 1103 644 non
1132 584 1448 644 commorati
1471 600 1679 651 sumus,
1716 581 1872 654 155
1900 599 1963 638 ac

387 702 601 761 tempus
633 684 882 741 trivimus
926 679 978 734 in
1019 677 1139 733 aliis
1176 676 1328 731 locis.
1382 674 1448 729 Et
1491 675 1631 729 nacti
1696 673 1961 744 navigium

385 782 522 852 quod
543 775 809 846 trajiceret
837 771 893 825 in
912 768 1211 824 Phamicen.
1238 764 1488 821 Forsitan
1516 765 1646 820 illud
1684 764 1961 834 navigium

386 873 461 927 ibi
497 869 677 925 stabat
699 864 752 918 in
779 870 940 934 portu
970 878 984 914 :
1014 868 1070 914 et
1104 873 1211 913 non
1254 857 1597 912 invenientes
1627 872 1819 911 navem
1842 871 1962 925 qua:

385 964 684 1019 Caesaream
712 961 942 1024 peteret,
971 951 1064 1006 sed
1098 951 1239 1005 hanc
1266 964 1387 1019 quso
1419 949 1473 1002 in
1504 946 1795 1002 Phoenicen
1826 961 1960 1001 con-

388 1049 665 1109 tenderet,
708 1041 930 1113 profecti
982 1049 1111 1095 sunt
1157 1047 1317 1107 atque
1371 1036 1604 1106 Cyprum
1652 1041 1708 1089 et
1751 1032 1961 1104 Syriam

399 1143 753 1210 reliquerunt.
797 1132 931 1187 Nam
988 1132 1129 1201 quod
1178 1130 1345 1195 dicit,
1388 1126 1519 1183 Cum
1576 1127 1961 1196 reliquissemus

387 1251 502 1288 eam
543 1231 613 1285 ad
641 1227 935 1288 sinistram,
982 1239 1088 1278 non
1126 1222 1324 1277 frustra
1375 1220 1647 1290 adjectum
1674 1228 1759 1273 est
1797 1238 1808 1273 :
1866 1219 1958 1272 sed

386 1328 507 1381 illos
532 1338 633 1378 nec
664 1334 831 1390 prope
862 1314 1080 1387 quidem
1106 1312 1315 1384 Syriam
1345 1304 1603 1365 accedere
1634 1310 1889 1364 voluisse.

462 1415 622 1470 Vens.
660 1412 714 1465 4.
748 1408 818 1462 Ac
847 1405 1066 1476 repertis
1094 1400 1386 1471 discipulis,
1422 1400 1494 1454 ibi
1529 1399 1819 1453 mansimus
1851 1398 1959 1452 dies

385 1517 600 1578 septem.
636 1504 804 1572 Atque
851 1498 930 1552 illi
966 1493 1208 1564 discipuli
1241 1491 1414 1545 Paulo
1453 1490 1699 1545 instinctu
1733 1488 1961 1559 Spiritus

386 1599 648 1659 dicebant,
678 1611 740 1648 ne
772 1589 1072 1645 ascenderet
1099 1587 1154 1639 in
1174 1583 1492 1639 Jerusalem.

458 1692 617 1747 Vens.
644 1688 693 1741 5.
722 1685 850 1740 Cum
881 1691 1055 1736 autem
1077 1680 1186 1732 dies
1212 1676 1329 1731 illus
1342 1674 1735 1746 peregissemus,
1768 1673 1958 1745 egressi

2059 495 2367 566 μήσαντες
2394 516 2409 565 ;
2432 498 2554 552 ἀντὶ
2578 500 2692 563 τοῦ,
2732 500 3086 571 Παρήλθομεν
3105 517 3118 534 ⁸
3158 504 3259 556 οὐκ
3288 505 3632 575 Evolat-pido.-

2067 606 2165 658 μεν
2196 590 2403 659 ἑτέροις
2424 591 2628 654 τόποις.
2658 592 2765 645 Καὶ
2785 592 3065 660 εὑρόντες
3080 593 3295 649 πλοῖον
3321 596 3619 664 διαπερῶν

2062 681 2150 743 εὶς
2174 680 2478 748 Φοινίκην.
2519 680 2677 744 Ἴσως
2709 682 2884 733 ἐκεῖνο
2913 679 3097 733 αὐτόθι
3119 681 3383 751 διέτριεε·
3406 685 3501 736 καὶ
3533 687 3631 754 οὐχ

2063 769 2406 840 εὑρίσκοντες
2459 772 2539 833 εις
2593 772 2928 841 Καισάρειαν
2956 771 3353 843 ἀπερχόμενον,
3404 774 3517 826 ἀλλ’
3550 778 3629 838 εἰς

2061 861 2333 930 Φοινίκην,
2378 860 2649 931 ἀπῆλθον’
2700 862 2791 914 καὶ
2846 861 3069 933 Κύπρον
3097 862 3153 915 δὲ
3189 863 3378 916 εἴασαν
3413 867 3505 918 καὶ
3531 867 3630 918 Συ-

2065 950 2208 1019 ρέαν.
2262 950 2337 1004 Τὸ
2390 951 2521 1021 γὰρ,
2558 954 2996 1018 Καταλιπόντες
3039 954 3235 1020 αὐτὴν
3282 955 3628 1024 εὐώνυμον,

2062 1041 2159 1112 οὐχ
2194 1041 2379 1105 ἁπλῶς
2421 1044 2762 1114 πρόσκειται,
2813 1045 2927 1097 ἀλλ’
2979 1048 3064 1100 ὅτι
3108 1045 3230 1099 οὐδὲ
3278 1048 3445 1115 ἐγγὺς
3474 1050 3629 1115 γενέ-

2065 1138 2185 1192 σθαι
2214 1140 2309 1211 τῆς
2333 1137 2530 1209 Συρίας
2567 1141 2846 1196 ἔσπευδον.

2132 1401 2239 1457 Kal
2265 1402 2625 1471 ἀνευρόντες
2662 1405 2951 1474 μαθητὰς,
3015 1407 3412 1476 ἐπεμείναμεν
3442 1410 3629 1463 αὑτοῦ

2062 1495 2285 1565 ἡμέρας
2322 1496 2490 1551 ἑπτά.
2543 1498 2768 1563 Οἷτινες
2793 1497 2873 1563 τῷ
2899 1500 3114 1565 Παύλῳ
3169 1501 3382 1569 ἔλεγον
3404 1501 3501 1554 διὰ
3524 1503 3630 1555 τοῦ

2060 1588 2525 1656 Πνεύματος,μὴ
2565 1588 2910 1643 ἀναϐαίνειν
2954 1593 3042 1655 εἰς
3073 1591 3489 1662 Ἰερουσαλήμ.

2134 1678 2274 1731 Ὅτε
2295 1678 2364 1731 δὲ
2392 1678 2627 1747 ἐγένετο
2644 1680 2800 1747 ἡμᾶς
2831 1682 3160 1749 ἐξαρτῆσαι
3177 1683 3219 1714 ¹δ
3244 1682 3350 1748 τὰς
3386 1684 3628 1754 ἡμέρας,

385 1786 460 1839 ire
485 1781 847 1851 pergebamus,
880 1769 1304 1844 prosequentibus
1333 1785 1423 1822 nos
1448 1766 1687 1821 omnibus
1709 1782 1811 1819 una
1841 1782 1958 1819 cum

2063 1739 2445 1834 ἐξελθόντες-
2477 1739 2903 1841 ἐπορεοόμεθαν.
2935 1739 2953 1749 ’
2974 1739 3447 1849 προπεμπόντων

386 1874 635 1930 uxoribus
672 1880 719 1925 et
754 1869 949 1932 liberis,
980 1865 1156 1936 quoad
1194 1871 1345 1918 extra
1382 1860 1562 1914 urbem
1594 1859 1787 1930 egressi
1820 1874 1959 1912 esse-

388 1982 520 2018 mus.
559 1964 632 2015 Ac
656 1958 835 2029 positis
865 1955 1080 2027 genibus
1100 1953 1154 2006 in
1187 1950 1357 2006 littore
1386 1949 1587 2021 precati
1616 1953 1819 2004 sumus.

457 2145 619 2199 Vens.
655 2143 706 2196 6.
741 2141 806 2192 Et
836 2152 954 2190 cum
993 2150 1084 2188 nos
1110 2132 1326 2187 invicem
1356 2130 1610 2200 complexi
1637 2142 1883 2193 essemus,
1910 2135 1959 2180 et

391 2237 486 2290 alii
510 2235 631 2288 aliis
656 2230 1104 2292 valedixissemus,
1126 2241 1216 2279 nos
1234 2239 1415 2278 navem
1444 2219 1850 2282 conscendimus,
1878 2218 1960 2272 illi

387 2343 509 2381 vero
532 2326 745 2379 domum
778 2321 848 2374 ad
873 2334 970 2372 sua
997 2318 1206 2387 negotia
1235 2312 1423 2367 reversi
1456 2319 1596 2365 sunt.

457 2415 616 2470 Vrsas.
645 2412 697 2466 7.
728 2410 831 2465 Sed
856 2424 948 2462 nos
973 2406 1203 2477 confecta
1232 2401 1563 2471 navigatione
1598 2416 1631 2454 a
1661 2398 1812 2467 Tyro,
1838 2412 1958 2465 pert

394 2508 625 2561 venimus
669 2499 1068 2561 Ptolemaidem,
1095 2506 1167 2559 et,
1194 2494 1442 2549 salutatis
1468 2493 1740 2563 fratribus,
1761 2489 1957 2543 mansi-

392 2613 505 2651 mus
533 2594 673 2663 apud
703 2608 787 2646 eos
818 2592 955 2644 diem
980 2603 1166 2642 unum.

456 2776 628 2831 Paulo
656 2790 746 2845 per
771 2770 1025 2843 Spiritum
1049 2767 1167 2825 sive
1192 2766 1439 2821 instinctu
1454 2763 1681 2832 Spiritus
1696 2759 1954 2823 dicebant,
2031 2787 2053 2807 ε

365 2882 489 2941 ,οιιλ
520 2869 575 2923 Si
610 2869 773 2940 igitur
791 2864 1024 2936 Spiritus
1041 2859 1286 2931 jubebat,
1311 2873 1411 2912 cur
1436 2851 1795 2910 contradixit?
1824 2849 1957 2923 [Sed

386 2979 484 3033 per
532 2960 813 3029 Spiritum,
866 2956 980 3012 sive
1026 2951 1286 3007 instinctu
1328 2948 1562 3018 Spiritus
1610 2941 1809 3014 sancti]
1853 2941 1957 2996 hoc

2064 1860 2306 1915 πάντων
2338 1860 2460 1915 σὺν
2504 1861 2738 1932 γυναιξὶ
2788 1863 2887 1916 καὶ
2925 1864 3175 1930 τέκνοις,
3226 1864 3337 1931 ἕως
3365 1866 3482 1931 ἔξω
3521 1867 3630 1935 τῆς

2064 1954 2314 2019 πόλεως.
2340 1956 2449 2007 Καὶ
2494 1952 2697 2022 θέντες
2727 1954 2797 2010 τὰ
2820 1955 3039 2026 γόνατα
3067 1956 3165 2010 ἐπὶ
3203 1960 3309 2012 τὸν
3330 1960 3625 2029 αἰγιαλὸν,

2063 2044 2531 2116 προσηυεὰμεθα
2544 2047 2608 2105 ¹⁸.

2131 2138 2241 2191 Kal
2279 2137 2699 2206 ἀσπασάμενοι
2754 2139 3088 2207 ἀλλήλους,
3117 2141 3413 2213 ἐπέϐημεν
3441 2146 3528 2211 εις
3562 2143 3629 2199 τὸ

2063 2228 2310 2284 πλοῖον·
2350 2229 2569 2285 ἐκεῖνοι
2599 2229 2667 2284 δὲ
2691 2230 3083 2302 ὑπέστρεψαν
3125 2236 3212 2300 εἰς
3234 2234 3306 2289 τὰ
3333 2235 3474 2289 ἴδια.

2149 2401 2344 2472 Ἡμεῖς
2363 2401 2431 2456 δὲ
2459 2403 2567 2459 τὸν
2597 2403 2798 2460 πλοῦν
2825 2405 3222 2474 διανύσαντες
3258 2407 3378 2463 ἀπὸ
3419 2410 3627 2477 Τύρου,

2064 2498 2530 2566 κατηντήσαμεν
2553 2501 2639 2564 εἰς
2669 2499 3060 2569 Πτολεμαΐδα,
3082 2500 3179 2554 καὶ
3205 2501 3625 2571 ἀσπασάμενοι

2063 2589 2201 2657 τοὺς
2224 2590 2546 2660 ἀδελφοὺς,
2577 2592 2974 2662 ἐπεμείναμεν
3007 2591 3235 2662 ἡμέραν
3278 2594 3426 2663 μίαν
3487 2595 3627 2663 παρ’

2061 2682 2287 2749 αὐτοῖς.

2138 2774 2225 2842 Τῷ
2251 2776 2470 2843 Παύλῳ
2506 2776 2722 2847 ἔλεγον
2748 2775 2848 2832 διὰ
2875 2777 2980 2832 τοῦ
3012 2777 3375 2848 Πνεύματος.
3413 2779 3477 2832 El
3515 2779 3628 2832 τοι-

2066 2882 2159 2919 νυν
2191 2867 2252 2919 τὸ
2303 2866 2529 2936 Πνεῦμα
2574 2868 2813 2935 ἐκέλευε,
2854 2868 2942 2923 διὰ
2967 2868 3020 2921 τι
3048 2869 3305 2936 ἀντεῖπες
3343 2870 3623 2934 Τουτέστι,

2062 2958 2151 3012 διὰ
2176 2958 2271 3011 τοῦ
2298 2958 2614 3031 ΙΙνειΣματος
2654 2960 2875 3024 εἰδότες.
2904 2962 2978 3014 Οὐ
3014 2962 3119 3033 γὰρ
3140 2961 3203 3032 δὴ
3226 2962 3325 3034 τὴν
3370 2961 3627 3033 παραινε-

385 3032 488 3117 est,
515 3067 613 3121 per
640 3049 904 3119 Spiritum
933 3045 1186 3100 scientes.
1217 3039 1335 3095 I‘on
1364 3040 1510 3093 enim
1545 3036 1732 3105 utique
1759 3032 1957 3088 instin-

519 3141 539 3142 ί
592 3141 595 3142 ν
638 3140 646 3142 _
944 3136 955 3142 -
1328 3129 1342 3142 .
1442 3137 1452 3142 _
1600 3141 1607 3142 γ
1652 3122 1960 3142 ,κη-,εαμη

2066 3065 2149 3101 σιν
2179 3048 2265 3103 διὰ
2308 3048 2402 3102 τοῦ
2459 3048 2774 3120 Πνεύματος
2819 3032 3112 3107 ἐποιοῦντο.
3188 3032 3414 3123 Οὺήγὰρ
3442 3032 3626 3116 ἅπλῶς

387 3152 477 3195 ctu
509 3140 744 3210 Spiritus
784 3136 957 3192 sancti
1008 3148 1132 3188 eum
1164 3129 1480 3195 monebant,
1514 3141 1617 3180 nec
1644 3122 1961 3194 simpliciter

2063 3138 2209 3210 αὐτῷ
2232 3139 2299 3193 τὰ
2319 3139 2468 3194 δεινὰ
2498 3140 2818 3211 προῦλεγον,
2844 3142 2957 3196 ἀλλ’
2985 3144 3068 3197 ὅτι
3095 3144 3359 3213 ἀναϐῆναι
3386 3122 3457 3198 οὐ
3496 3144 3624 3215 χρὴ,

388 3244 444 3288 ct
477 3238 661 3302 aperte
697 3230 747 3284 ei
792 3225 1031 3298 pericula
1077 3219 1445 3295 prmdieebant
1477 3234 1493 3284 ;
1562 3217 1658 3272 sed
1697 3230 1809 3269 non
1842 3229 1963 3269 esse

2063 3230 2363 3300 φειδόμενοι
2387 3231 2574 3284 αὐτοῦ.
2595 3231 2667 3285 Τδ
2697 3233 2774 3299 δὲ,
2819 3232 3166 3302 ἐξαρτῆσαι,
3197 3235 3316 3288 ἀντὶ
3338 3234 3452 3297 τοῦ,
3486 3236 3625 3301 πλη-
3670 3235 3679 3245 ‘

352 3354 355 3359 -
385 3318 818 3384 ascendentium,
839 3315 964 3386 quia
990 3315 1286 3385 parcebant
1307 3310 1402 3365 illi.
1430 3308 1583 3375 Quod
1609 3316 1789 3362 autem
1807 3305 1961 3369 dicit,

2066 3317 2260 3389 ρῶσαι,
2287 3318 2420 3388 φησί
2445 3336 2459 3351 ·
2502 3319 2642 3389 μετά
2675 3318 2785 3390 γὰρ
2808 3320 2869 3372 τὺ
2899 3321 3183 3391 πληρῶσαι
3206 3322 3304 3385 τὰς
3353 3322 3626 3390 τεταγμέ-

389 3412 701 3483 ὲξαρτῆσαι,
726 3409 780 3464 id
819 3413 996 3470 sonat,
1015 3402 1363 3475 explicuisse,
1402 3398 1675 3470 peregisse
1703 3396 1962 3470 [positum

2063 3425 2162 3473 νας
2192 3408 2424 3480 ἡμέρας,
2457 3409 2724 3477 τουτέστι,
2760 3411 2827 3464 τὰ
2859 3410 3102 3482 "Astapa,
3134 3412 3356 3483 ἐξῆλθον
3392 3412 3491 3481 τῆς
3521 3412 3627 3465 Τύ-

385 3502 490 3574 est]
516 3517 636 3573 pro,
666 3499 988 3570 explevisse.
1021 3497 1314 3565 Postquam
1347 3492 1489 3548 enim
1518 3490 1828 3560 expleverat
1855 3496 1968 3543 sta-

387 3603 534 3647 tutos
569 3591 706 3657 dies,
734 3590 840 3645 hoc
872 3597 975 3653 est,
1008 3586 1125 3643 dies
1156 3586 1481 3657 Azymorum
1510 3624 1524 3650 ,
1573 3598 1603 3636 a
1649 3579 1791 3651 Tyro
1825 3594 1954 3651 pro-

388 3685 512 3741 tecti
548 3692 696 3739 sunt.
742 3679 1041 3738 Considera
1093 3678 1224 3735 mihi
1264 3692 1456 3733 omnes
1516 3676 1632 3731 dies
1680 3682 1802 3745 post
1839 3673 1957 3728 dies

2065 3512 2182 3566 ρου.
2212 3495 2319 3549 Θὲα
2354 3513 2446 3567 μοι
2468 3497 2648 3561 πάσας
2684 3497 2783 3561 τὰς
2812 3498 3023 3570 ἡμέρας
3043 3499 3087 3530 ¹⁸
3109 3500 3248 3569 μετὰ
3275 3500 3343 3552 τὰ
3383 3500 3621 3568 Ἀζυμα.

2063 3587 2159 3651 Εἰς
2183 3587 2359 3658 Τύρον
2395 3584 2559 3660 ἦλθον
2588 3589 2656 3641 δι’
2679 3589 2900 3659 ἡμερῶν
2928 3590 3090 3643 πέντε
3112 3606 3124 3620 ’
3157 3586 3278 3645 εἶτα
3297 3591 3414 3644 ἐκεῖ
3442 3590 3629 3661 ἐποίη-

2066 3689 2164 3728 σαν
2193 3676 2408 3744 ἡμέρας
2427 3676 2589 3732 ἑπτά.
2620 3677 2731 3740 Τὰς
2751 3678 2932 3742 πάσας
2986 3678 3233 3735 δεκαδύο.

388 3786 729 3852 Azymorum.
783 3778 985 3850 Tyrum
1015 3786 1284 3834 venerunt
1319 3775 1462 3829 intra
1503 3771 1620 3828 dies
1656 3771 1897 3841 quinque
1930 3785 1943 3823 :
1979 3767 2175 3823 deinde
2196 3769 2306 3835 illic
2335 3774 2652 3830 commorati
2684 3784 2812 3830 sunt
2845 3775 2961 3833 dies
2993 3786 3225 3847 septem.
3260 3774 3384 3833 Dies
3447 3772 3625 3830 omni-

384 3890 455 3929 no
483 3870 787 3929 duodecim.

454 3965 617 4020 Vens.
656 3962 708 4017 8.
741 3958 1010 4017 Postridie
1038 3976 1157 4016 vero
1184 3955 1387 4014 Paulus
1418 3970 1533 4008 cum
1563 3952 1669 4006 suis
1692 3948 1954 4020 profectus

2128 3946 2213 4015 Τῇ
2242 3947 2310 4001 δὲ
2337 3948 2630 4018 ἐπαύριον
2676 3947 3030 4014 ἐξελθόντες
3056 3949 3112 4001 ol
3153 3946 3288 4016 περὶ
3319 3947 3427 4001 τὸν
3466 3946 3624 4000 Παῦ-

383 4056 520 4109 venit
560 4050 862 4108 Caesaream
884 4065 905 4108 :
937 4058 986 4105 et
1017 4048 1236 4120 ingressi
1275 4046 1485 4099 domum
1517 4038 1752 4108 Philippi
1796 4051 1957 4091 evan-

2063 4041 2166 4093 λον
2204 4036 2394 4111 ἦλθον
2444 4044 2531 4108 εις
2554 4042 2918 4110 Καισάρειαν
2949 4057 2962 4073 ·
3018 4040 3116 4094 καὶ
3141 4040 3518 4104 εἰσελθόντες
3538 4040 3627 4103 εις

382 4146 598 4216 gelistw,
629 4143 719 4214 qui
739 4150 851 4197 erat
883 4142 943 4196 de
967 4140 1074 4195 illis
1099 4148 1293 4208 septem
1318 4136 1465 4200 viris,
1493 4132 1780 4187 mansimus
1813 4127 1956 4196 apud

2063 4132 2159 4183 τὸν
2183 4128 2355 4186 οἷκον
2399 4134 2702 4187 Φιλίππου
2732 4133 2838 4187 τοῦ
2862 4131 3314 4201 εὐαγγελιστοῦ,
3350 4132 3524 4196 ὄντος
3546 4130 3615 4183 ἐκ

382 4237 555 4289 illum.

447 4326 612 4396 Fraus.
655 4325 708 4379 9.
744 4322 889 4378 Huic
913 4331 1089 4377 autem
1115 4327 1265 4375 erant
1300 4316 1425 4386 filia:
1452 4315 1673 4385 virgines
1705 4321 1951 4380 quatuor,

382 4432 498 4486 quae
527 4415 909 4484 prophetabant
935 4422 984 4468 et
1017 4409 1471 4468 vaticinabantur.

452 4507 677 4562 Diaconi
702 4496 935 4576 Philippi
974 4504 1094 4559 ﬁlim
1123 4509 1300 4558 erant.
1338 4498 1475 4552 Neta
1504 4505 1685 4552 autem
1714 4498 1952 4568 preplie-

385 4602 542 4654 tissas
571 4602 691 4655 illas
722 4599 859 4652 tilias
893 4598 1013 4665 ejus
1055 4593 1292 4662 virgines
1335 4588 1524 4652 fuisse,
1568 4595 1624 4643 et
1662 4587 1715 4642 id
1749 4588 1951 4642 bonum

383 4690 551 4759 magis
611 4688 939 4744 verecundia
997 4700 1061 4739 ac
1115 4682 1373 4753 religione
1428 4680 1731 4736 excoluisse
1793 4688 1954 4747 atque

2052 4221 2169 4276 τῶν
2194 4222 2363 4289 ἑπτὰ,
2388 4225 2701 4292 ἐμείναμεν
2725 4225 2863 4291 παρ’
2892 4222 3072 4288 αὐτῷ.

2138 4307 2328 4381 Τούτῳ
2352 4313 2420 4368 δὲ
2451 4310 2611 4385 ἦσαν
2643 4314 2959 4384 θυγατέρες
2988 4312 3270 4382 παρθένοι
3325 4313 3620 4382 τέσσαρες

2060 4404 2567 4474 προφητεύουσαι.

2126 4495 2232 4547 Τοῦ
2278 4492 2524 4547 διακόνου
2580 4492 2847 4546 Φιλιππου
2886 4487 3026 4564 ἦσαν
3052 4494 3109 4547 αἱ
3152 4492 3474 4565 θυγατέρες.
3509 4496 3616 4565 Σης

2061 4589 2370 4660 μείωσαιδὲ
2404 4590 2488 4642 ὅτι
2536 4588 2944 4658 αἱπροφήτιδες
2992 4591 3050 4643 αἱ
3104 4589 3404 4660 θυγατέρες
3451 4590 3615 4643 αὑτοῦ

2058 4675 2318 4746 παρθένοι
2345 4671 2501 4745 ἦσαν,
2531 4674 2625 4729 καὶ
2654 4675 2736 4728 ὅτι
2768 4677 2972 4747 ἤσκουν
3006 4678 3208 4747 μᾶλλον
3230 4677 3299 4731 δι’
3331 4680 3621 4731 εὐλάϐειαν

381 4794 708 4842 exornasse,
736 4778 873 4834 adeo
909 4785 967 4830 ut
992 4774 1153 4828 etiam
1178 4773 1379 4827 donum
1410 4769 1766 4841 prophetandi
1794 4778 1956 4837 atquc

2063 4766 2212 4818 τοῦτο
2239 4782 2252 4797 ·
2282 4766 2421 4819 ὥστε
2441 4767 2536 4820 καὶ
2568 4768 2906 4838 προφητείας
2937 4770 3222 4838 ἠξιῶσθαι.
3263 4772 3323 4821 Ei
3352 4770 3408 4822 δὲ
3451 4772 3525 4840 μὴ
3554 4769 3621 4839 ἦν

383 4870 708 4924 vaticinandi
733 4876 1041 4923 consecuta:
1068 4864 1195 4920 sint.
1218 4863 1373 4929 Quod
1399 4863 1444 4917 si
1474 4877 1582 4916 non
1614 4870 1760 4917 esset
1778 4876 1956 4931 opera:

2063 4855 2546 4925 περισπούδαστον,
2603 4858 2704 4909 οὐκ
2733 4856 2800 4910 ἂν
2834 4857 3170 4928 προσέθηκεν
3201 4861 3227 4910 ὁ
3268 4862 3622 4931 συγγραφεὺς

382 4959 618 5030 pretium
650 4959 753 5013 hoc
785 4957 944 5022 scire,
966 4955 1197 5025 scriptor
1220 4968 1329 5007 non
1360 4951 1675 5014 addidisset,
1709 4950 1944 5022 virgines

2063 4952 2131 5002 ist
2161 4948 2251 4999 καὶ
2290 4947 2545 5017 παρθένοι
2570 4942 2729 5019 ἦσαν.

383 5052 500 5105 illas
528 5051 715 5105 fuisse.

403 5052 500 5106 llas
528 5052 715 5105 fuisse.

450 5144 613 5200 Vens.
676 5144 760 5199 10.
820 5139 1278 5196 Commorantibus
1334 5146 1511 5191 autem
1553 5135 1694 5187 nobis
1726 5133 1797 5185 ibi
1839 5132 1947 5186 dies

2130 5133 2560 5200 Ἐπιμενόντων
2586 5129 2655 5183 δὲ
2707 5128 2877 5198 ἡμῶν
2921 5129 3146 5199 ἡμέρας
3176 5130 3457 5196 πλείους,
3482 5148 3619 5184 κατ-

379 5236 708 5307 complures,
762 5235 1025 5291 descendit
1083 5234 1299 5304 quidam
1349 5246 1411 5284 ex
1458 5227 1646 5281 Judaza
1701 5226 1949 5294 propheta

2063 5225 2199 5296 ἦλθέ
2252 5244 2341 5293 τις
2371 5227 2490 5282 ἀπὸ
2535 5224 2645 5294 τῆς
2682 5224 2972 5293 Ἰουδαίας
3012 5225 3347 5296 προφήτης,
3377 5226 3620 5295 ὀνόματι

383 5330 592 5383 nomine
624 5329 858 5399 Agabus.

2063 5323 2125 5374 Ἀ
2136 5321 2332 5390 γαὸος.

1573 5474 1775 5537 Varia:
1805 5474 2112 5536 lectiones
2156 5482 2216 5535 et
2259 5480 2447 5536 notae.

488 5629 537 5701 “_
566 5629 624 5683 lu
663 5632 1033 5701 _manuscripto
1083 5642 1178 5691 est,
1231 5626 1529 5701 ἐξαρτίσαι,
1593 5635 1643 5701 et
1702 5626 1905 5701 melius.

2063 5624 2123 5678 ln
2184 5624 2416 5695 vulgato,
2468 5621 2899 5695 προαευξᾶμεθα.
2982 5622 3023 5654 ⁸⁸
3077 5619 3387 5677 Videturltic
3414 5617 3620 5688 aliquid

385 5699 556 5751 ruendi
589 5698 797 5753 subesse
844 5701 898 5753 in
926 5696 1106 5755 (ἕο-αεεο
1138 5708 1226 5753 aut
1260 5698 1460 5767 aliquid
1492 5696 1803 5751 desiderari.
