4088 6206
446 350 555 413 785

1122 352 1523 414 EXPOSITIO
1559 353 1639 413 ΙΝ
1668 352 1855 413 ACTA
1890 351 2463 417 APOSTOLORUM.
2500 380 2565 389 —
2604 355 2760 415 CAP.
2802 356 2969 415 XXI.

3549 316 3656 417 786

512 465 620 518 Kal
681 462 873 518 ἐλθὼν
921 465 1070 535 πρὸς
1136 465 1309 533 ἡμᾶς,
1351 467 1448 521 καὶ
1486 465 1634 534 ἄρας
1679 465 1794 534 τὴν
1820 464 1998 531 ζώνην

2380 467 2537 523 Vens.
2576 469 2661 521 Η.
2701 468 2764 522 Et
2798 484 2913 519 cum
2937 466 3153 519 venisset
3185 464 3253 517 ad
3285 482 3395 530 nos,
3434 475 3479 519 et
3510 475 3687 519 sustu-

441 551 550 605 τοῦ
581 551 845 615 Παύλου,
870 550 1066 620 δήσας
1090 569 1150 606 τε
1171 553 1357 608 αὐτοῦ
1385 554 1528 620 τοὺς
1555 556 1746 620 πόδας
1778 554 1876 608 καὶ
1903 553 2009 619 τὰς

441 640 667 711 χεῖρας,
721 637 853 697 εἶπε
872 660 885 674 ·
917 644 1065 699 Τάδε
1100 644 1263 714 λέγει
1303 647 1369 699 τὸ
1429 646 1671 716 Πνεῦμα
1698 645 1766 700 τὸ
1798 647 1970 715 ἅγιον
1992 663 2005 679 ο

447 732 558 787 Τὸν
600 731 811 802 ἄνδρα,
837 730 912 790 οὗ
940 735 1113 790 ἐστιν
1133 737 1172 804 η
1198 735 1345 804 ζώνη
1393 736 1568 804 αὕτη,
1599 737 1755 791 οὕτω
1783 738 2009 806 δήσου-

442 840 548 878 σιν
577 824 647 877 ἐν
663 824 1061 897 Ἰερουσαλὴμ
1106 827 1390 883 Ἰουδαῖοι
1409 829 1509 883 καὶ
1537 828 2008 899 παραδώσουσιν

439 916 528 977 εις
565 912 768 982 χεῖρας
780 913 992 971 ἐθνῶν.

511 999 682 1068 Οὗτος
709 1001 778 1076 ἦν
814 1007 1122 1075 Ἀγαὸος,ὁ
1178 1010 1347 1067 πάλαι
1388 1011 1480 1067 τὸν
1526 1012 1685 1082 λιμὸν
1733 1013 2002 1085 μηνύσας.

442 1093 516 1145 Τὸ
545 1092 779 1163 χαλεπὸν
804 1095 880 1158 δὲ,
907 1097 988 1150 ὅτι
1017 1100 1098 1162 είς
1148 1102 1335 1171 χεῖρας
1370 1102 1541 1156 rava»
1569 1104 2003 1173 παραδώσουσιν.

443 1183 589 1254 Ὅρα
616 1184 693 1251 δὲ,
728 1187 810 1240 ὅτι
862 1189 951 1241 ὅτε
981 1188 1215 1260 ἤκουσεν
1260 1193 1342 1245 ὅτι
1375 1193 1543 1265 μυρία
1573 1195 1720 1249 δεινὰ
1742 1197 1852 1267 ἔχει
1894 1215 2003 1251 πι-

444 1271 581 1338 θεῖν,
606 1274 729 1329 τότε
764 1275 1065 1344 ἐπείγεται.
1102 1281 1217 1334 Οὐκ
1254 1278 1374 1335 εἷπε
1403 1283 1460 1337 δὲ
1485 1286 1723 1353 Ἄγαϐος
1745 1287 1826 1341 ὅτι
1861 1288 2008 1342 Παῦ-

438 1361 530 1415 λον
557 1363 830 1434 δήσουσιν,
858 1367 943 1420 ῐνα
975 1370 1050 1440 μὴ
1071 1370 1197 1444 δόξῃ
1221 1374 1284 1427 ἐκ
1314 1374 1588 1446 συνθήκης
1616 1376 1816 1446 λέγειν,
1846 1380 2006 1447 ἀλλὰ,

440 1455 548 1511 τὸν
577 1455 787 1527 ἄνδρα,
810 1454 884 1515 οὗ
921 1459 1093 1516 ἐστιν
1114 1462 1151 1531 ἡ
1181 1461 1328 1532 ζώνη
1351 1463 1525 1535 αὕτη.

518 1722 617 1789 Ὠς
641 1724 709 1779 δὲ
729 1726 1079 1797 ἠκούσαμεν
1121 1700 1326 1794 ταῦτα.
1357 1735 1812 1805 παρεκαλοῦμεν
1833 1736 2004 1807 ἡμεῖς

2111 559 2250 613 lisset
2281 560 2544 629 cingulum
2577 558 2756 625 Pauli,
2778 568 2930 628 atque
2960 558 3347 612 constrinxisset
3374 573 3494 611 suos
3536 559 3685 625 pedes

2109 666 2172 704 ac
2196 666 2402 716 manus,
2428 651 2559 705 dixit
2589 668 2607 705 :
2630 649 2753 703 Haec
2780 650 2903 703 dicit
2932 648 3166 718 Spiritus
3181 659 3392 701 sanctus
3426 664 3445 701 :
3479 646 3685 714 Virum,

2108 740 2260 810 cujus
2286 749 2362 794 est
2392 740 2488 794 hoc
2504 741 2793 812 cingulum,
2820 743 2895 794 sic
2918 741 3142 794 viucient
3170 739 3345 794 Judwi
3381 741 3435 793 in
3466 739 3687 795 Jerusa‘

2109 833 2231 898 lem,
2252 840 2302 886 et
2329 833 2535 886 tradent
2562 832 2617 886 in
2652 849 2841 887 manus
2878 842 3176 886 exterarum
3208 831 3465 901 gentium.

2180 1007 2274 1063 llic
2301 1017 2419 1063 erat
2442 1007 2529 1062 ille
2543 1008 2778 1078 Agabus,
2799 1008 2890 1076 qui
2908 1007 3037 1061 olim
3054 1009 3248 1062 famem
3276 1006 3511 1063 futuram
3550 1024 3687 1077 pra:-

2107 1098 2518 1170 signiiicaverat.
2578 1097 2771 1154 Gravis
2828 1109 3009 1152 autem
3062 1112 3150 1152 res
3201 1107 3319 1152 erat
3362 1106 3418 1153 et
3465 1099 3683 1158 acerba.

2108 1191 2251 1260 quod
2288 1190 2341 1243 in
2395 1204 2590 1244 manus
2623 1199 2929 1245 exterarum
2959 1190 3198 1261 gentium
3249 1189 3403 1243 illum
3433 1190 3684 1245 tradituri

2108 1289 2283 1336 erant.
2332 1280 2440 1336 Sed
2491 1281 2862 1337 animadverte
2896 1282 3068 1347 illum,
3115 1296 3237 1337 cum
3266 1282 3563 1336 audivisset
3601 1281 3685 1333 in-

2107 1370 2463 1425 numerabilia
2499 1371 2599 1426 sibi
2625 1372 2873 1427 adeunda
2923 1387 3045 1427 esse
3102 1371 3364 1442 pericula.
3412 1380 3541 1425 tunc
3587 1370 3684 1426 de-

2108 1473 2255 1514 mum
2281 1458 2589 1514 festinasse.
2624 1460 2743 1516 Non
2799 1462 2935 1517 dixit
2964 1472 3143 1517 autem
3178 1461 3412 1532 Agabus,
3458 1460 3681 1515 Paulum

2106 1548 2364 1613 vincient,
2386 1565 2456 1605 ne
2486 1551 2759 1608 videretur
2788 1567 2849 1606 ea
2878 1553 3061 1607 dicere
3087 1568 3152 1607 ex
3193 1552 3529 1622 composito;
3561 1565 3621 1606 se
3643 1553 3677 1616 ‘,

2117 1638 2301 1694 Virum
2330 1641 2482 1711 cujus
2512 1651 2589 1696 est
2621 1624 2887 1710 cingulum
2910 1643 3029 1695 hoc.

2177 1730 2338 1787 Vens.
2384 1731 2472 1786 12.
2519 1732 2583 1788 Ut
2628 1741 2805 1784 autem
2849 1731 3145 1783 audivimus
3191 1732 3321 1794 lucc,
3366 1730 3679 1800 ragabamus

438 1814 540 1867 stat
567 1817 623 1868 οι
643 1815 906 1873 ἐντόπιοι
950 1821 1056 1875 τοῦ
1079 1821 1165 1891 μὴ
1196 1824 1538 1879 ἀναϐαίνειν
1563 1826 1751 1882 αὑτὸν
1777 1830 1865 1894 εις
1896 1829 1996 1884 Ἰε-

2101 1839 2218 1878 eum
2245 1832 2295 1877 et
2322 1823 2664 1876 hortabamur
2691 1837 2781 1874 nos
2795 1829 2843 1873 et
2858 1820 3042 1874 incolo:
3071 1819 3173 1873 loci
3201 1820 3344 1874 illius
3362 1859 3377 1886 ,
3403 1837 3465 1875 ne
3491 1837 3681 1875 ascen-

428 1907 776 1977 ρουσαλήμ.

519 1997 824 2070 Ἀπεκρίθη
857 2019 923 2057 τε
949 2006 981 2056 d
1010 2004 1267 2072 Παῦλος·
1315 2009 1377 2063 Τί
1407 2010 1625 2065 ποιεῖτε
1655 2012 1992 2080 κλαίοντες,

435 2087 536 2141 καὶ
551 2093 1036 2162 συνθρύπτοντές
1077 2115 1197 2167 μου
1244 2099 1360 2168 τὴν
1388 2102 1672 2170 καρδίαν;
1699 2103 1849 2173 Ἐγὼ
1887 2105 1995 2174 γὰρ

434 2179 506 2232 οὐ
520 2180 712 2248 μόνον
739 2181 1003 2253 δεθῆναι,
1056 2186 1216 2242 aua
1271 2190 1367 2244 καὶ
1407 2191 1733 2249 ἀποθανεῖν
1758 2196 1845 2262 είς
1886 2195 1995 2252 Ἰε-

425 2272 752 2343 ρουσαλὴμ
787 2274 1034 2345 ἑτοίμως
1076 2278 1195 2347 ἔχω
1248 2280 1402 2349 ὑπὲρ
1432 2281 1538 2337 τοῦ
1564 2285 1855 2355 ὀνόματος
1887 2287 1996 2342 τοῦ

431 2362 651 2428 Κυρίου
691 2364 915 2433 Ἰησοῦ.

500 2448 598 2518 Μὴ
636 2454 989 2521 πειθομένου
1018 2452 1085 2509 δὲ
1113 2457 1319 2521 αὐτοῦ,
1341 2458 1765 2532 ἡσυχάσαμεν,
1794 2464 1995 2520 εἶπόν-

428 2555 529 2607 τες
547 2555 562 2571 ο
603 2540 673 2595 Τὸ
693 2540 921 2614 θέλημα
950 2544 1057 2600 τοῦ
1082 2548 1305 2616 Κυρίου
1339 2549 1620 2619 γενέσθω.

503 2716 568 2771 Τί
589 2717 808 2775 ποιεῖτε
840 2723 1155 2792 κλαίοντες
1171 2742 1193 2791 ;
1245 2725 1427 2783 Ἄλλοι
1467 2729 1685 2786 ἔκλαιον
1704 2748 1717 2766 ·
1750 2734 1911 2798 αὐτὸ..
1942 2738 1998 2792 δὲ

432 2811 756 2880 παρεκάλει,
788 2814 972 2883 ἀλγῶν
1018 2818 1109 2870 ἐπὶ
1143 2820 1255 2883 τοῖς
1283 2820 1512 2890 δάκρυσι
1553 2824 1666 2889 τοῖς
1691 2825 1934 2891 ἐκείνων,
1968 2830 1997 2881 δ

2096 1913 2244 1967 deret
2271 1913 2325 1966 in
2353 1910 2671 1976 Jerusalem,

2166 2001 2332 2057 Vens.
2374 2002 2455 2055 ιδ.
2503 2000 2605 2056 Sed
2649 2000 2851 2056 Paulus
2900 2000 3226 2069 respondit:
3265 2001 3376 2057 Cur
3406 2003 3585 2073 facitis
3626 2012 3682 2056 ut

2096 2093 2313 2162 ploretis
2346 2104 2397 2148 et
2425 2094 2666 2147 animum
2698 2109 2871 2149 meum
2900 2093 3155 2147 molliatis
3183 2106 3342 2163 atque
3370 2095 3631 2165 frangatis
3658 2097 3682 2147 ?

2099 2182 2241 2238 Nam
2258 2200 2350 2254 ego
2375 2199 2478 2238 non
2505 2184 2655 2237 modo
2680 2183 3073 2248 vinciri,oerum
3098 2184 3258 2237 etiam
3289 2186 3425 2238 mori
3442 2189 3495 2236 in
3524 2183 3681 2237 Jeru-

2096 2273 2260 2329 salem
2275 2281 2497 2342 paratus
2509 2287 2626 2327 sum
2660 2289 2754 2342 pro
2782 2271 2988 2326 nomine
3016 2270 3223 2325 Domini
3249 2271 3392 2327 Jesu.

2171 2450 2340 2508 Vens.
2374 2452 2460 2507 14.
2488 2450 2594 2507 Sed
2622 2467 2740 2505 cum
2762 2450 2844 2504 illi
2882 2451 3188 2519 persuaderi
3219 2465 3323 2505 non
3359 2461 3550 2519 ροεει-ι,
3585 2465 3678 2505 ac-

2096 2547 2387 2618 quieuimus
2443 2561 2508 2599 ac
2553 2544 2868 2608 destitimus,
2924 2544 3151 2598 dicentes
3203 2558 3225 2598 :
3283 2541 3411 2596 Fiat
3470 2542 3679 2598 Domin'

2096 2637 2357 2692 uoluntas.

2168 2725 2307 2792 Quid
2333 2726 2510 2797 facitis
2545 2736 2603 2781 ut
2640 2726 2876 2795 ploretis,
2900 2733 3007 2781 etc.
3035 2723 3141 2780 Alii
3171 2722 3394 2787 ﬂebant,
3422 2722 3514 2778 ille
3543 2738 3675 2777 vero

2098 2817 2476 2872 consolabatur
2536 2826 2592 2872 et
2633 2818 2958 2872 hortabatur
2998 2815 3189 2871 dolens
3233 2824 3458 2885 propter
3502 2814 3652 2884 laery

433 2900 510 2971 μὴ
541 2900 765 2973 πάσχων
795 2906 886 2958 ἐπὶ
908 2909 1021 2969 τοῖς
1042 2909 1265 2973 οἰκείοις
1296 2916 1646 2984 πειρασμοῖς.
1672 2916 1784 2985 Ἐφ’
1807 2918 1935 2988 ὑμῖν
1954 2919 1995 2950 ¹⁷

2101 2923 2216 2963 mas
2264 2907 2505 2971 illorum,
2551 2908 2641 2979 qui
2687 2924 2797 2963 non
2829 2906 3163 2963 adiciebatur
3193 2919 3372 2976 neque
3412 2905 3675 2961 sollicitus

430 2991 623 3058 κλαίω,
678 2996 837 3068 φησὶ,
862 2998 961 3053 οὐκ
993 3001 1086 3053 ἐπὶ
1129 3004 1242 3066 τοῖς
1294 3003 1615 3075 παθήμασιν
1638 3023 1653 3038 ·
1714 3009 1856 3079 ὑπὲρ
1889 3012 1998 3082 γὰρ

2101 3006 2217 3051 erat
2237 2997 2307 3053 de
2336 2997 2571 3067 propriis
2604 2997 2877 3067 periculis.
2910 2997 3138 3067 Propter
3159 3011 3277 3060 vos,
3313 2995 3507 3065 inquit,
3541 2992 3664 3059 ﬂeo,

428 3083 651 3197 Ξκείνων
676 3088 721 3121 ¹⁸
779 3091 870 3143 καὶ
921 3092 1213 3147 ἀποθανεῖν
1262 3094 1542 3165 βούλομαι.
1611 3098 1763 3153 Ἐπεὶ
1822 3102 1879 3154 δὲ
1925 3103 1998 3174 μὴ

2103 3101 2212 3141 non
2241 3096 2464 3158 propter
2489 3102 2639 3143 meas
2679 3087 2954 3143 molestias
2980 3095 3037 3143 et
3076 3085 3415 3140 aﬂlictioues.
3449 3082 3552 3137 Pro
3585 3083 3676 3138 illo

2106 3195 2217 3197 ,
2722 3196 2731 3197 ,
2908 3176 3013 3197 ι.-.
3054 3186 3336 3197 Δημηω
3373 3191 3478 3197 ___
3517 3182 3643 3197 ,,.,,

433 3172 659 3264 ςσχυσαν
684 3182 887 3244 πεῖσαι,
925 3182 1203 3254 ἡσύχασαν
1223 3201 1237 3216 ·
1271 3188 1510 3241 συνεῖδον
1536 3190 1645 3260 γὰρ
1668 3191 1749 3244 ὅτι
1781 3172 1996 3264 ϐέλη

2105 3193 2341 3248 namque
2367 3179 2528 3234 etiam
2554 3179 2691 3233 mori
2717 3179 2866 3234 volo.
2908 3176 3014 3233 Sed
3054 3186 3340 3248 postquam
3373 3191 3482 3230 non
3517 3182 3675 3244 potu-

427 3258 499 3334 ἦν
551 3264 707 3322 Θεοῦ.
773 3271 1111 3339 Σημειωτέον
1167 3274 1263 3328 οὖν
1306 3276 1389 3329 ὅτι
1449 3277 1532 3331 δεῖ
1592 3258 1994 3349 ἀποτρέπεσθαι

428 3358 558 3420 τοὺς
591 3359 900 3426 κωλύοντάς
954 3382 1075 3418 τινα
1122 3369 1295 3421 ποιεῖν
1336 3384 1389 3421 τι
1445 3374 1709 3437 γενναῖον,
1761 3373 1871 3425 κᾶν
1902 3375 1996 3429 δα-

428 3451 654 3520 κρὺωσι.
690 3455 799 3508 Καὶ
821 3454 930 3526 γὰρ
961 3456 1021 3510 τὸ
1050 3457 1288 3511 τοιοῦτον
1319 3458 1555 3530 δάκρυον
1595 3463 1690 3515 καὶ
1716 3463 1877 3516 αὐτὸν
1905 3464 1998 3519 τὸν

428 3541 640 3597 Παῦλον
688 3547 943 3611 συνέκλα,
996 3549 1180 3603 καὶτὸ
1206 3552 1519 3623 ὲρῤωμὲνον
1569 3553 1735 3608 αὐτοῦ
1793 3554 1991 3611 διέλυε.

427 3634 517 3688 Arb
538 3636 850 3691 ἀποσείεται
877 3638 1093 3705 αὐτούς.

504 3906 660 3961 Μετὰ
682 3905 751 3959 δὲ
811 3907 918 3975 τὰς
962 3907 1185 3977 ἡμέρας
1244 3910 1463 3977 ταύτας
1507 3910 1994 3985 ἐπισκευασάμε-

431 3995 605 4057 rat",
648 3996 1043 4065 ἀναϐαίνομεν
1059 3999 1103 4029 ¹¹⁰
1127 4000 1215 4062 εἰς
1255 3997 1674 4070 Ἰερουσαλήμ.

506 4083 823 4151 Συνῆλθον
838 4086 905 4139 δὲ
930 4087 1025 4140 και
1053 4085 1171 4139 τῶν
1185 4088 1467 4156 μαθητῶν
1493 4090 1613 4145 άπὸ
1635 4093 1995 4160 Καισαρείας

427 4174 551 4229 σὺν
594 4176 758 4245 ἡμῖν,
812 4178 1081 4246 ἄγοντες,
1116 4179 1253 4247 παρ’
1289 4173 1338 4246 ᾧ
1365 4179 1759 4250 ξενισθῶμεν,
1795 4183 1993 4238 Mard-

426 4271 582 4324 σωνί
607 4288 724 4326 τινι
742 4273 786 4304 ’⁸
824 4274 1081 4342 Κυπρίῳ,
1104 4273 1330 4343 ἀρχαίῳ
1353 4273 1608 4345 μαθητῇ.

2098 3282 2263 3326 erunt
2286 3270 2337 3325 ei
2369 3271 2718 3341 persuadere,
2755 3269 3144 3340 acquieverunt
3192 3285 3207 3321 :
3242 3268 3502 3322 videbant
3527 3266 3672 3320 enim

2098 3359 2268 3414 Deum
2301 3359 2355 3415 id
2387 3360 2544 3415 velle.
2575 3359 2880 3415 Notandum
2903 3369 2987 3413 est
3013 3357 3177 3427 igitur
3203 3357 3531 3412 aversandos
3554 3369 3675 3410 esse

2099 3463 2214 3517 eos,
2247 3449 2341 3520 qui
2391 3449 2682 3520 prohibent
2726 3449 2958 3518 aliquem
3000 3447 3179 3503 facere
3215 3447 3418 3515 aliquid
3455 3455 3674 3501 strenue

2096 3547 2257 3607 atque
2290 3539 2568 3608 prmelare.
2607 3538 2823 3593 etiamsi
2868 3537 3252 3608 lacrymentur.
3286 3535 3493 3591 Etenim
3523 3536 3674 3606 ejus-

2098 3627 2244 3683 modi
2270 3628 2516 3698 lacrymae
2556 3627 2719 3682 etiam
2775 3628 2950 3697 ipsum
2981 3625 3208 3680 Paulum
3244 3626 3582 3697 frangebant,
3617 3635 3672 3680 et

2099 3718 2268 3774 robur
2299 3718 2471 3772 animi
2495 3717 2641 3775 illius
2657 3716 2991 3772 molliebant.
3029 3716 3395 3781 Quamobrem
3435 3731 3671 3772 summo.

2097 3819 2189 3863 vet
2219 3823 2313 3864 eos
2348 3818 2511 3878 atque
2542 3806 2772 3876 repellit.

2168 3901 2329 3956 Vnus.
2370 3901 2450 3954 ιδ.
2480 3898 2605 3953 Post
2627 3900 2717 3953 hos
2757 3904 2932 3952 autem
2969 3896 3081 3950 dies
3118 3896 3357 3950 instructi
3383 3905 3540 3966 atque
3567 3911 3667 3964 pa-

2098 3992 2202 4047 rati
2224 3996 2293 4046 ad
2320 3992 2419 4046 iter
2444 3990 2849 4046 ascendebantus
2867 3989 2923 4040 in
2950 3987 3262 4049 Jerusalem,
3318 4026 3331 4033 -

2168 4084 2327 4140 Vens.
2372 4083 2461 4137 l6.
2486 4081 2655 4151 Atque
2682 4080 2947 4134 nobiscum
2968 4094 3076 4131 una
3105 4075 3351 4143 discipuli
3389 4075 3602 4146 quidam
3632 4091 3667 4128 a
3704 4126 3717 4142 ,

2097 4176 2341 4233 Cwsarca
2378 4174 2599 4245 profecti
2632 4183 2775 4235 sunt,
2835 4171 2925 4240 qui
2959 4166 3284 4223 adducebant
3338 4166 3478 4234 apud
3510 4181 3663 4232 quem

2095 4266 2501 4334 hospitaremur,
2523 4277 2706 4329 nempe
2746 4259 3055 4314 Mnasoncm
3091 4256 3368 4327 quemdam
3411 4255 3664 4325 Cyprium

2094 4358 2372 4428 antiquum
2401 4353 2736 4423 discipulum.

493 4452 846 4518 Γενομένων
871 4452 940 4504 δὲ
967 4452 1131 4519 ἡμῶν
1158 4469 1244 4517 εις
1294 4456 1686 4522 Ῑεροσολυμα,
1714 4451 1989 4523 ἀσμένως

2169 4448 2329 4504 γωδ.
2367 4448 2455 4503 l7.
2491 4446 2559 4501 Et
2597 4461 2714 4499 cum
2743 4444 3057 4498 venissemus
3089 4440 3509 4512 Hierosolymam
3535 4478 3549 4502 ,
3599 4439 3662 4493 li-

422 4540 706 4605 ἐδέξαντο
740 4539 898 4609 ἡμᾶς
935 4545 988 4595 oi
1016 4541 1286 4611 ἀδελφοί.

497 4632 575 4701 Τῇ
595 4633 663 4687 δὲ
691 4633 948 4702 ἐπιούσῃ
966 4634 1156 4702 εἰσῄει
1179 4637 1211 4689 ὁ
1234 4635 1474 4700 Παῦλος
1514 4634 1664 4703 πρὸς
1714 4635 1994 4690 Ἰάκωϐον

420 4725 543 4778 σὺν
566 4725 742 4794 ἡμῖν*
773 4728 997 4792 πάντες
1023 4726 1152 4780 δὲ²¹
1208 4726 1606 4797 παρεγένοντο
1642 4729 1699 4781 ol
1730 4730 1991 4795 πρεσϐύο

419 4831 574 4882 τεροι
596 4833 611 4848 ν
1640 4870 1653 4877 ,

492 4908 600 4961 Kal
651 4908 1088 4979 ἀσπασάμενος
1125 4907 1367 4974 αὐτοὺς,
1419 4908 1717 4978 ἐξηγεῖται
1760 4910 1889 4963 καθ’
1917 4908 1990 4963 ἐν

418 4997 698 5064 ἕκαστον,
739 4994 827 5055 ὧν
856 5003 1196 5069 ἐποίησενό
1227 5001 1372 5067 Θεὸς
1394 5001 1465 5054 ἐν
1490 5000 1617 5066 τοῖς
1659 4999 1862 5056 ἔθνεσι
1889 5002 1987 5055 διὰ

416 5089 527 5159 τῆς
557 5092 869 5160 διακονίας
889 5093 1098 5149 αὐτοῦ.

485 5182 579 5247 Τὸ,
604 5183 1177 5253 ἐπισκευασάμενοι,
1213 5184 1373 5237 τοῦτο
1409 5184 1579 5254 δηλοῖ,
1618 5185 1689 5238 τὰ
1719 5185 1859 5254 πρὸς
1883 5186 1983 5256 τὴν

414 5268 723 5341 ὁδοιπορίαν
774 5273 1051 5337 λαϐόντες.
1121 5274 1196 5342 Τῇ
1223 5274 1291 5327 δὲ
1317 5274 1573 5345 ἐπιούσῃ
1634 5275 1827 5345 εἰσῄει
1860 5277 1982 5329 σὺν

417 5357 563 5426 ἡμῖν
585 5362 620 5412 ὸ
652 5360 898 5428 Παῦλος
925 5364 1075 5431 πρὸς
1109 5364 1408 5420 Ἰάκωϐον.
1469 5361 1639 5428 Οὗτος
1681 5367 1982 5430 ἐπίσκοπος

413 5443 482 5518 ἦν
513 5449 623 5505 τῶν
655 5449 1047 5525 Ἰεροσολύμων
1066 5470 1079 5485 ·
1138 5447 1291 5519 οὗτος
1316 5452 1384 5527 ἦν
1414 5457 1443 5510 ὁ
1477 5456 1704 5526 ἁδελφὸς
1734 5456 1828 5510 τοῦ
1859 5458 1973 5510 Κυ-

2093 4540 2270 4593 benter
2312 4544 2620 4607 exceperunt
2649 4552 2739 4589 nos
2764 4535 2975 4606 fratres.

2161 4630 2327 4684 Vsus.
2384 4629 2469 4684 l8.
2506 4628 2581 4683 Ac
2614 4629 2863 4698 postridie
2885 4626 3088 4681 Paulus
3122 4640 3230 4679 una
3269 4622 3533 4677 nobiscum
3576 4625 3660 4677 iu-

2090 4722 2422 4791 grediebatur
2464 4721 2535 4774 ad
2561 4720 2837 4783 Iacobum,
2877 4734 2980 4788 quo
3013 4732 3190 4773 omnes
3219 4717 3448 4770 seniores
3477 4732 3662 4771 cutwc-

2090 4825 2279 4868 nerunt
2303 4829 2322 4867 .'

2161 4904 2322 4959 Vnus.
2358 4903 2441 4958 l9.
2478 4903 2544 4957 Ει
2565 4898 2814 4956 salutatis
2849 4902 2972 4967 illis,
3005 4906 3290 4956 euarrabat
3326 4901 3503 4955 omnia
3542 4899 3656 4953 sin-

2089 4996 2336 5067 gulatim,
2363 5012 2477 5067 qua:
2501 4997 2693 5066 fecerat
2718 4995 2853 5049 Deus
2872 4995 3157 5049 ministerio
3183 5010 3278 5048 suo
3291 4995 3434 5063 apud
3454 5001 3656 5046 exteras

2090 5086 2347 5142 nationes.

2161 5177 2319 5244 Quod
2351 5177 2481 5233 dicit
2524 5175 3038 5244 ἐπισκευασάμενοι,
3068 5175 3119 5230 id
3150 5184 3254 5240 est,
3286 5169 3536 5228 instructi
3567 5176 3645 5221 at.

2091 5287 2198 5341 (ιιιθ
2230 5270 2405 5340 parati
2450 5270 2553 5324 hoc
2583 5268 2834 5341 videlicet
2867 5268 3137 5339 signiﬁcat
3165 5287 3179 5321 :
3216 5268 3351 5320 Cum
3382 5260 3651 5330 sumpsis-

2089 5371 2211 5417 sent
2229 5378 2292 5417 ea
2324 5362 2525 5431 quibus
2544 5376 2682 5431 opus
2706 5359 2979 5416 habebant
2999 5360 3066 5414 ad
3100 5359 3202 5413 iter
3227 5353 3550 5410 faciendum.
3576 5352 3651 5404 Ac

2084 5456 2333 5526 postridie
2360 5453 2515 5524 157
2538 5453 2738 5507 Paulus
2757 5470 2861 5506 una
2888 5453 3151 5505 nobiscum
3169 5445 3555 5518 iugredicbatur
3582 5447 3649 5498 ml

1528 5573 1726 5636 Varia:
1766 5574 2069 5636 lectiones
2112 5578 2173 5633 et
2218 5577 2400 5635 notae.

490 5667 533 5701 "
580 5669 668 5737 ἐφ’
731 5671 884 5739 ἡμῖν,
948 5683 1082 5728 erat.
1189 5674 1230 5707 ¹⁸
1278 5676 1394 5728 Ἰσ.
1453 5675 1682 5729 ἐκείνου.

1815 5677 1856 5708 ¹⁹
1918 5675 1979 5729 In
2061 5673 2296 5744 uulgato,
2359 5671 2886 5740 ἀποσκευασάμενοι.

418 5736 799 5811 ἀνεϐαίνομεν.
823 5744 863 5775 τ’
892 5742 956 5796 1η
995 5744 1204 5814 vulgato
1233 5745 1487 5798 Μνάσωνί
1518 5763 1642 5798 τινι.
1722 5746 1765 5777 ²⁹
1795 5746 1990 5807 πάντες
2024 5762 2049 5796 τ

3021 5665 3064 5698 ¹⁰
3133 5664 3197 5720 In
3255 5663 3480 5736 vulgatis
3538 5675 3634 5729 cst,

2060 5762 2073 5769 η
