4088 6206
379 296 484 361 797

360 499 414 551 οἱ
474 495 874 569 πρεσϐύτεροι,
933 499 982 550 οἱ
1049 496 1457 559 συνοδεύοντες’
1514 496 1582 548 τὰ
1639 494 1944 564 πράγματα

362 588 653 657 πράγμασι
682 591 968 657 μαρτυρεῖ,
1014 587 1138 659 οὐχὶ
1186 587 1474 656 πρόσωπον
1532 586 1714 655 μόνον.
1763 584 1946 637 Ἀλλό-

361 694 513 746 τριος
546 679 574 731 ὁ
630 678 877 741 Ἀνανίας
908 693 923 709 ’
967 672 1083 731 εἶτα
1116 679 1176 731 τὺ
1237 679 1467 748 πρᾶγμα
1524 675 1678 740 αὐτὸ,
1728 676 1761 746 ἡ
1814 675 1945 728 ἀνά-

367 769 579 840 meum.

442 946 508 999 Ὀ
538 944 606 999 δὲ
628 941 797 1000 εἶπεν
823 962 837 976 ⁸
877 945 939 998 '0
973 944 1110 1010 Θεὸς
1146 944 1266 998 τῶν
1293 944 1565 1013 πατέρων
1591 944 1761 1014 ἡμῶν
1795 957 1933 1013 προ-

361 1038 701 1105 εχειρίσατό
729 1037 776 1071 ⁵⁸
806 1053 880 1091 σε
935 1036 1157 1105 γνῶναι
1191 1039 1257 1090 τὸ
1310 1037 1540 1107 θέλημα
1589 1038 1797 1100 αὐτοῦ,
1842 1038 1940 1091 καὶ

364 1127 511 1184 ἰδεῖν
537 1129 647 1182 τὸν
706 1128 960 1193 δίκαιον,
1014 1126 1110 1181 καὶ
1167 1127 1425 1183 ἀκοῦσαι
1475 1129 1681 1199 φωνῆς
1706 1130 1775 1183 ἐκ
1832 1128 1937 1182 τοῦ

360 1220 661 1287 στόματος
695 1216 904 1273 αὐτοῦ.
1716 1208 1733 1223 ν

434 1311 629 1373 Καλῶς
658 1306 800 1375 εἶπε,
838 1309 961 1364 Τῶν
997 1308 1289 1379 πατέρων,
1326 1309 1412 1362 ἴνα
1439 1309 1588 1381 δείξῃ
1619 1309 1815 1372 αὐτοὺς
1837 1310 1937 1362 οὐκ

356 1402 520 1466 ὄντας
584 1401 895 1466 Ἰουδαίους,
946 1400 1062 1456 ἀλλ’
1117 1400 1431 1471 ἀλλοτρίους
1479 1399 1573 1453 τοῦ
1622 1400 1807 1470 νόμου,
1844 1401 1937 1452 καὶ

360 1494 479 1565 οὐχὶ
500 1493 646 1562 ζήλῳ
674 1492 979 1555 ποιοῦντας.
1016 1492 1125 1547 Kal
1171 1491 1321 1546 ίδεῒν
1348 1491 1455 1545 τὸν
1490 1490 1742 1545 δίκαιον.
1784 1491 1937 1554 Τέως

360 1585 611 1641 τοσοῦτον
642 1584 815 1655 λέγει,
846 1586 928 1638 ὅτι
961 1585 1009 1636 εἰ
1030 1584 1260 1651 δίκαιος,
1282 1578 1429 1637 οὗτοι
1462 1581 1773 1636 ὑπεύθυνοι.

430 1766 559 1819 ὀτι
588 1765 702 1832 ἔσῃ
730 1764 960 1835 μάρτυς
979 1766 1140 1831 αὐτῷ
1165 1767 1314 1834 πρὸς
1336 1767 1567 1831 πάντας
1581 1764 1932 1835 ἀνθρώπους
1966 1747 2004 1804 υ

358 1851 444 1911 ὧν
468 1857 729 1925 ἑώρακας
767 1855 865 1910 καὶ
893 1854 1187 1923 ἤκουσας.

430 1947 538 2001 Kal
567 1946 684 2001 νῦν
718 1946 776 2000 τί
827 1945 1118 2015 pexum,-
1166 1946 1461 2011 Ἀναστὰς
1484 1944 1801 2009 βάπτισαι,
1832 1943 1930 1997 καί

359 2038 700 2093 ἀπόλουσαι
735 2037 841 2103 τὰς
886 2020 1176 2105 ἁμαρτίας
1232 2051 1369 2101 σου,
1419 2034 1935 2104 ἐπικαλεσάμενος

360 2128 426 2181 τὸ
465 2127 650 2196 ὄνομα
678 2126 784 2180 τοῦ
818 2126 1061 2196 Κυρίου.

441 2219 711 2290 Ἐγένετο
739 2219 805 2274 δέ
831 2238 929 2289 μοι
967 2217 1415 2288 ὑποστρέψαντι
1447 2219 1492 2250 ⁸⁰
1521 2219 1608 2283 είς
1638 2217 1934 2288 Ἰερουσα-

357 2314 503 2381 λὴμ,
530 2314 627 2367 καὶ
687 2311 1180 2384 προσευχομένου
1204 2329 1325 2381 μου
1357 2311 1426 2370 ἐν
1450 2307 1527 2375 τῷ
1577 2307 1731 2378 ἱερῷ,
1779 2310 1937 2380 γενέ-

358 2409 497 2461 σθαι
523 2423 601 2475 με
634 2405 676 2438 ⁸¹
700 2406 769 2459 ἐν
795 2405 1102 2469 ἐκστάσει,
1739 2453 1748 2462 .

429 2499 537 2551 Kal
576 2496 724 2551 ίδεῖν
769 2497 955 2551 αὐτὸν
996 2494 1252 2565 λέγοντά
1273 2511 1406 2564 μοι·
1435 2494 1733 2558 Σπεῦσον,
1764 2493 1936 2558 ἐξελ-

361 2596 425 2647 Οε
455 2592 502 2624 ⁸¹
528 2590 597 2643 ἐν
617 2591 663 2622 ³⁸
691 2588 858 2657 τάχει
887 2588 958 2653 ἐξ
994 2587 1415 2656 ἰερουσαλιὶμ-
1449 2587 1598 2640 διότι
1642 2589 1714 2640 οὺ
1740 2603 1931 2653 παρα-

360 2681 638 2746 δέξονταί
670 2696 786 2733 σου
816 2679 932 2747 τὴν
957 2679 1290 2749 μαρτυρίαν
1318 2678 1451 2746 περὶ
1485 2675 1652 2747 ἐμοῦ.

428 2769 559 2823 Ὀτι
584 2768 698 2836 ἔσῃ
723 2768 956 2837 μάρτυς
1004 2765 1184 2833 αὐτῷ.
1216 2767 1314 2823 Διὰ
1353 2766 1533 2832 τοῦτο,
1572 2768 1656 2820 ὅτι
1701 2765 1761 2818 οὐ
1798 2782 1932 2836 προ-

360 2860 548 2924 δώσεις
582 2860 679 2933 τὴν
705 2859 827 2929 ὅψιν
861 2859 952 2915 καὶ
971 2858 1069 2929 τὴν
1093 2859 1378 2929 ἀκρόασιν.
1403 2851 1514 2911 Ὦν
1551 2874 1615 2910 τε
1643 2854 1802 2923 εῖδες
1831 2856 1931 2910 καὶ

361 2949 653 3020 ἤκουσας,
693 2951 845 3019 φησί.
881 2950 960 3003 Δι’
991 2950 1266 3021 ἑκατέρων
1282 2948 1389 3002 τῶν
1427 2948 1738 3018 αἰσθήσεων
1770 2947 1934 3000 αὑτὸν

361 3041 663 3096 πιστοῦται.
707 3041 945 3109 Μάρτυς
992 3040 1133 3108 ἔσῃ,
1187 3041 1338 3109 φησι,
1374 3038 1524 3106 πρὸς
1564 3037 1798 3104 πάντας
1838 3039 1934 3092 ἀν·
1960 3081 2002 3138 C

363 3128 663 3202 θρώπους’
707 3130 826 3199 οὐχὶ
866 3129 1001 3199 πρὸς
1034 3129 1160 3191 τοὺς
1187 3126 1419 3191 οἰκείους
1460 3128 1643 3198 μόνον,
1673 3125 1809 3179 ἀλλὰ
1838 3125 1935 3180 καὶ

363 3222 500 3293 πρὸς
516 3223 641 3284 τοὺς
672 3221 1005 3293 ἀλλοτρίους.
1039 3221 1099 3274 Ol
1131 3218 1239 3289 γὰρ
1277 3219 1552 3290 μάρτυρες
1582 3217 1741 3272 τοῦτό
1770 3219 1933 3282 εἰσιν,

310 3379 315 3383 ,
363 3314 482 3383 οὐχὶ
506 3313 630 3376 τοὺς
665 3311 873 3374 εἰδότας
906 3310 1205 3377 πείθουσιν,
1251 3310 1386 3364 ἀλλὰ
1416 3311 1542 3373 τοὺς
1573 3311 1671 3363 οὐκ
1704 3309 1931 3371 εἰδότας.

363 3403 673 3475 Προφητεὶα
702 3401 758 3456 δὲ
793 3401 951 3454 τοῦτο
978 3402 1189 3472 μεγάλη
1207 3416 1223 3434 ·
1254 3403 1349 3455 καὶ
1368 3403 1470 3472 ὅρα
1496 3401 1663 3472 αὐτὴν
1690 3400 1938 3466 ἐξελθοῦ-

364 3511 484 3549 σαν.
519 3493 658 3564 Πρὸς
705 3492 913 3557 πάντας
955 3493 1063 3563 γὰρ
1102 3490 1424 3563 ἀνθρώπους
1485 3490 1698 3562 μάρτυς
1744 3492 1935 3560 γέγονε

358 3581 526 3642 δι’ὧν
562 3585 878 3657 ἔπραξε,δι’
923 3576 997 3637 ὧν
1036 3583 1226 3648 ἔπαθε,
1271 3584 1339 3637 δι’
1366 3577 1441 3636 ὧν
1477 3579 1652 3637 εἶπεν.

432 3675 600 3747 Κάγὼ
624 3672 797 3730 εἶπον
819 3692 836 3707 ο
873 3678 1067 3743 Κύριε,
1100 3675 1265 3729 αὐτοὶ
1298 3674 1672 3737 ἐπίστανται,
1708 3675 1797 3728 ὅτι
1823 3674 1937 3745 ἐγὼ

365 3766 531 3838 ἥμην
544 3766 886 3837 φυλακίζων
906 3767 1000 3821 καί
1032 3767 1252 3836 (Sa/plur
1272 3768 1319 3801 ⁵⁵
1344 3766 1493 3820 κατὰ
1526 3764 1634 3833 τὰς
1675 3784 1938 3838 συναγω-

368 3861 476 3930 γὰς
493 3858 635 3925 τοὺς
663 3858 1061 3925 πιστεύοντας
1088 3858 1185 3912 ἐπὶ
1210 3856 1306 3915 σέ.

438 3950 546 4004 Kal
568 3949 666 4003 ὅτε
696 3949 958 4019 ἐξεχεῖτο
1013 3949 1081 4003 τὸ
1121 3944 1264 4017 αἷμα
1310 3947 1618 4017 Στεφάνου
1661 3946 1768 4000 τοῦ
1800 3947 1941 4019 μάρ-

366 4042 548 4110 τυρός
575 4054 714 4104 σου,
762 4041 860 4095 καί
903 4040 1085 4107 αὐτὸς
1128 4040 1291 4111 ἢμην
1326 4037 1613 4109 ἐφεστὼς,
1655 4036 1752 4090 καί
1787 4052 1938 4090 συν-

364 4130 634 4186 ευδοκῶν
681 4129 756 4200 τῇ
811 4130 1112 4200 ἀναιρέσει
1177 4131 1398 4196 αὐτοῦ,
1452 4130 1796 4200 φυλάσσων
1867 4127 1939 4182 τὰ

364 4222 564 4292 Ιμάτια
586 4221 701 4277 τῶν
736 4222 1145 4293 ἀναιρούντων
1163 4225 1366 4277 αὐτόν.

434 4311 543 4369 Kal
561 4309 691 4367 εἶπε
720 4314 869 4381 πρός
911 4330 987 4383 με
1009 4329 1024 4345 ο
1081 4314 1346 4383 Πορεύου
1370 4355 1384 4380 ,
1431 4313 1519 4367 ὅτι
1549 4311 1664 4384 ἐγὼ
1686 4314 1772 4380 είς
1794 4312 1938 4380 ἔθνη

362 4405 597 4474 μακρὰν
618 4403 1008 4469 ἐξαποστελῶ
1032 4419 1127 4459 σε.

441 4496 699 4550 Ἤκουον
715 4494 782 4549 δὲ
810 4496 996 4551 αὑτοῦ
1035 4496 1173 4567 ἄχρι
1211 4498 1426 4552 τούτου
1464 4497 1806 4565 τοῦλόγου·
1840 4496 1934 4547 καὶ

365 4583 599 4659 ἐπῆραν
644 4586 761 4655 τὴν
801 4587 1011 4658 φωνὴν
1052 4588 1251 4643 αὐτῶν
1291 4588 1572 4658 λέγοντες
1597 4603 1612 4619 '
1649 4584 1787 4655 Alps
1817 4587 1937 4641 ἀπὸ

366 4677 476 4745 τῆς
495 4678 607 4750 γῆς
641 4679 745 4733 τὸν
779 4682 1051 4737 τοιοῦτον
1070 4699 1084 4714 ·
1140 4683 1211 4736 οὐ
1247 4681 1357 4751 γὰρ
1388 4680 1658 4750 καθῆκον
1684 4681 1730 4712 ⁸⁸
1752 4678 1939 4733 αὑτὸν

366 4767 493 4836 ζῇν.

431 4859 532 4914 Διὰ
556 4860 612 4914 τε
638 4856 816 4927 εἶπεν,
842 4863 924 4934 im
945 4862 1125 4918 Αὐτοὶ
1156 4862 1541 4926 ἐπίστανται;
1570 4862 1704 4931 Οὐχὶ
1731 4845 1936 4915 ἀντιλέ-

364 4964 479 5018 γων
508 4949 587 5019 τῷ
621 4951 861 5022 Χριστῷ,
914 4952 1049 5006 ἀλλὰ
1100 4953 1420 5024 βουλόμενος
1473 4952 1663 5021 μαθεῖν
1693 4951 1752 5004 τὸ
1792 4950 1934 5004 οὓτω

370 5040 685 5108 παράδοξον.
755 5042 897 5095 Ἀλλ’
951 5045 1052 5097 οὐκ
1110 5044 1347 5108 ἐδίδαξεν
1398 5043 1560 5096 αὑτὸν
1607 5044 1635 5095 ὁ
1678 5042 1931 5111 Χριστὸς,

362 5128 477 5181 ἀλλ’
529 5127 647 5183 εἶπε
711 5133 872 5205 μόνον
927 5132 1200 5187 ἀπελθεῖν.
1263 5132 1370 5187 Kal
1425 5131 1524 5185 ὅτε
1572 5131 1840 5200 ἐξεχεῖτο
1870 5130 1935 5184 τὸ

365 5213 508 5288 αἷμα
537 5222 865 5292 Στεφάνου,
911 5224 1007 5277 καὶ.
1054 5222 1123 5279 τὰ
1154 5223 1301 5295 ἑξῆς.
1341 5223 1687 5294 ’Υπέμνησεν
1738 5222 1935 5283 αὐτοὺς

1067 292 1466 354 EXPOSITIO
1506 293 1584 354 IN
1619 293 1807 354 ACTA
1835 290 2408 358 APOSTULORUM.
2441 321 2511 331 ·-
2543 297 2703 359 CAP.
2747 299 2950 359 XXII.

273 440 279 444 -
367 405 710 478 πραγμάτων
761 405 978 460 οἰκείων
1022 423 1083 459 τε
1135 407 1230 459 καὶ
1272 405 1605 476 ἁλλοτρῐων·
1654 407 1703 457 ot
1756 404 1941 474 ἱερεῖς,

2051 405 2223 460 nectit
2278 413 2463 461 autem
2532 408 2906 464 testimonium
2957 417 3014 465 et
3048 411 3317 480 personis,
3352 421 3408 468 et
3456 415 3622 470 rebus

3501 303 3610 366 798

2049 503 2156 547 tam
2184 495 2418 563 propriis
2449 512 2610 566 quam
2646 497 2844 552 alienis
2907 512 2924 552 :
2975 499 3309 563 sacerdotes,
3349 504 3617 570 seniores,

2047 581 2278 636 comites
2326 600 2340 636 :
2391 598 2497 648 res,
2556 601 2693 655 quas
2749 586 2978 652 fecerat,
3025 604 3161 659 quas
3212 605 3407 662 passus
3459 603 3615 653 erat:

2044 672 2205 727 etiam
2234 688 2325 729 res
2352 675 2515 730 rebus
2546 678 2918 734 testimonium
2951 682 3212 753 prtebent,
3241 700 3353 739 nou
3380 702 3612 751 persona

2045 764 2179 817 sola.
2207 763 2434 821 Alienus
2457 775 2574 821 erat
2595 768 2834 825 Ananias
2865 771 3095 827 :deinde
3122 789 3210 828 res
3241 774 3380 844 ipsa,
3404 791 3602 847 nempe

2050 857 2401 924 recuperatio
2429 857 2603 913 visus.

2117 944 2275 999 Vens.
2317 944 2405 999 M.
2438 946 2607 1018 Atque
2635 948 2726 1003 ille
2768 951 2948 1005 dixit:
2990 951 3130 1013 Deus
3154 964 3365 1021 patrum
3409 968 3617 1012 nostra-

2043 1052 2160 1089 rum
2183 1046 2232 1091 te
2253 1038 2537 1094 destinavit
2569 1041 2640 1093 ad
2673 1045 3080 1112 cognoscendum
3104 1046 3419 1101 voluntatem
3441 1066 3613 1114 suam,

2042 1137 2089 1181 et
2128 1130 2198 1181 ad
2226 1130 2505 1185 videndum
2550 1132 2701 1185 illum
2750 1135 2949 1198 iustum
2997 1145 3045 1189 et
3080 1137 3151 1190 ad
3184 1138 3503 1193 audiendum
3532 1157 3617 1194 ro-

2042 1235 2151 1272 cem
2179 1236 2243 1274 ea:
2264 1236 2351 1276 ore
2375 1223 2512 1292 ejus.

2111 1312 2279 1366 Recte
2307 1312 2464 1380 dixit,
2500 1314 2747 1381 Patrum,
2785 1317 3181 1374 utostenderet
3232 1334 3326 1374 eos
3361 1336 3470 1377 non
3497 1338 3618 1378 esse

2036 1403 2274 1469 Judatos,
2307 1405 2401 1460 sed
2424 1421 2454 1459 a
2479 1407 2595 1478 lege
2625 1408 2856 1472 alienos,
2882 1418 2937 1464 et
2962 1426 3073 1464 non
3100 1410 3282 1465 studio
3306 1409 3401 1464 Dei
3435 1411 3619 1469 facere

2037 1502 2100 1541 ea
2139 1503 2260 1557 quae
2341 1488 2635 1545 faciebant.
2667 1489 2736 1544 Et
2767 1492 2839 1545 ad
2883 1494 3157 1546 videndum
3208 1492 3359 1547 illum
3390 1495 3617 1563 justum.

2036 1576 2095 1630 ln
2126 1577 2399 1647 principio
2424 1586 2635 1633 tantum
2670 1581 2823 1644 dicit,
2847 1582 2970 1650 quia
3001 1582 3047 1637 si
3081 1583 3169 1637 ille
3199 1583 3385 1652 justus
3405 1593 3510 1651 est,
3563 1586 3618 1641 lii

2036 1666 2515 1723 criminationibus
2537 1669 2759 1724 obnoxii
2806 1680 2956 1725 sunt.

2104 1752 2269 1807 Vens.
2294 1754 2381 1808 15.
2405 1752 2668 1818 Quoniam
2689 1755 2793 1808 eris
2824 1756 2872 1808 ei
2898 1756 3045 1808 testis
3074 1757 3219 1825 apud
3236 1773 3413 1812 omnes
3445 1760 3618 1814 Immi-

2040 1859 2128 1896 nes
2156 1859 2335 1896 eorum
2373 1858 2491 1911 quin
2512 1840 2703 1896 videris
2733 1854 2782 1896 et
2804 1844 3089 1899 audiveris.

2106 1933 2266 1988 Vsus.
2303 1932 2387 1985 16.
2419 1932 2487 1986 Et
2522 1948 2659 1986 nunc
2691 1933 2816 2003 quid
2841 1937 3104 1990 cunctaris
3121 1937 3147 1990 ι
3172 1953 3409 2010 exsurge,
3436 1956 3502 1996 ac
3526 1941 3622 1995 ba-

2035 2025 2256 2092 ptizare,
2289 2032 2336 2077 et
2385 2022 2542 2077 ablue
2587 2035 2802 2094 peccata
2839 2034 2931 2080 tua
2979 2027 3218 2083 invocato
3251 2032 3462 2085 nomine
3510 2031 3616 2085 Do-

2037 2116 2185 2170 mini.

2107 2207 2266 2262 Vsus.
2309 2206 2387 2261 l7.
2415 2205 2617 2261 Accidit
2643 2215 2818 2261 autem
2855 2209 2983 2262 mihi
3009 2209 3063 2262 in
3084 2208 3378 2264 Jerusalem
3413 2230 3615 2269 reuerso

2035 2307 2084 2351 et
2112 2299 2165 2351 in
2197 2297 2387 2367 templo
2416 2300 2615 2362 oranti,
2648 2309 2705 2352 ut
2740 2315 2956 2368 raperer
2982 2311 3131 2356 extra
3159 2304 3539 2370 memetipsnm.

2106 2471 2269 2526 Vsus.
2299 2471 2384 2525 18.
2416 2471 2481 2525 Et
2508 2473 2734 2527 viderem
2759 2491 2878 2528 eum
2902 2475 3029 2528 mihi
3047 2477 3304 2531 dicentem
3329 2493 3349 2533 :
3376 2480 3612 2551 Festina,

2035 2563 2275 2633 egredere
2289 2564 2523 2618 celeriter
2542 2576 2692 2620 extra
2718 2565 3037 2634 Jerusalem,
3071 2571 3196 2639 quia
3222 2586 3326 2625 non
3350 2574 3614 2644 accipient

2036 2658 2388 2711 testimonium
2421 2667 2571 2711 tuum
2598 2659 2661 2712 de
2687 2676 2788 2713 me.

2106 2747 2368 2814 Quoniam
2390 2749 2494 2803 eris
2522 2751 2569 2804 ei
2600 2751 2764 2805 testis.
2794 2750 3025 2818 Idcirco,
3064 2752 3192 2822 quia
3222 2769 3333 2809 non
3362 2756 3550 2826 projici
3588 2772 3615 2812 ε

2034 2856 2212 2910 neque
2242 2841 2465 2897 deseres
2499 2842 2767 2898 visionem
2798 2852 2850 2898 et
2879 2844 3237 2900 auditionem.
3272 2846 3470 2900 Eorum
3498 2865 3610 2919 quis

2035 2935 2229 2991 videris
2257 2944 2305 2990 et
2333 2936 2620 3001 audiveris,
2671 2935 2865 3007 inquit.
2904 2937 3010 2992 Per
3055 2946 3348 3008 utrumque
3394 2955 3615 2995 sensum

2036 3027 2110 3084 illi
2147 3028 2304 3082 ﬁdem
2334 3027 2484 3083 facit.
2514 3027 2698 3093 Testis,
2727 3029 2926 3099 inquit,
2952 3031 3057 3084 eris
3088 3032 3234 3100 apud
3256 3048 3430 3085 omnes
3452 3033 3617 3086 hami»

2039 3137 2148 3175 nes.
2175 3117 2291 3175 Non
2328 3120 2469 3189 apud
2502 3119 2829 3175 domesticos
2855 3122 3018 3176 modo
3051 3132 3218 3192 atque
3258 3124 3614 3193 propinquos.

2037 3226 2229 3265 verum
2256 3210 2423 3264 etiam
2463 3209 2606 3281 apud
2633 3210 2861 3264 alienos.
2918 3209 3035 3265 Hoc
3069 3209 3216 3265 enim
3259 3219 3425 3266 testes
3461 3223 3612 3275 sunt,

2036 3316 2145 3355 non
2172 3301 2471 3355 scientibus
2502 3299 2661 3355 ﬁdem
2699 3300 2924 3367 faciunt,
2961 3300 3060 3357 sed
3091 3303 3496 3358 nescientibus:
3530 3312 3615 3357 at-

2035 3411 2142 3465 que
2171 3396 2275 3449 hoc
2300 3410 2492 3466 magna
2548 3402 2632 3450 est
2671 3396 2974 3464 pmphetia.
3029 3394 3109 3451 Ac
3138 3394 3263 3451 vide
3296 3395 3413 3464 ejus
3446 3410 3614 3449 even-

2037 3496 2174 3542 tum.
2211 3487 2364 3557 Apud
2406 3502 2599 3541 omnes
2620 3486 2765 3540 enim
2805 3486 3057 3541 homines
3090 3487 3242 3542 testis
3276 3485 3373 3540 fuit
3427 3501 3523 3557 per
3548 3501 3611 3539 ea

2036 3592 2156 3646 qua:
2183 3576 2336 3638 fecit,
2367 3591 2465 3645 per
2491 3592 2552 3629 ea
2585 3592 2707 3645 qum
2741 3591 2938 3646 passus
2960 3585 3064 3641 est,
3099 3592 3197 3646 per
3221 3592 3283 3631 ea
3308 3592 3428 3646 quae
3453 3575 3609 3634 dixit.

2103 3665 2267 3721 Vens.
2306 3666 2392 3720 i9.
2428 3667 2590 3735 Atque
2622 3681 2714 3736 ego
2735 3665 2845 3718 dixi
2867 3680 2885 3717 :
2919 3664 3163 3729 Domine,
3204 3666 3302 3732 ipsi
3329 3667 3498 3720 sciunt
3528 3684 3607 3719 me

2037 3772 2144 3810 esse
2170 3773 2313 3817 eum,
2342 3756 2432 3826 qui
2471 3756 2741 3809 trahebam
2781 3754 2834 3808 in
2879 3771 3163 3822 carcerem,
3200 3765 3247 3810 et
3279 3758 3606 3811 verberabam

2037 3850 2092 3901 in
2129 3847 2407 3919 synagogis
2431 3864 2516 3901 eos
2549 3848 2639 3916 qui
2660 3846 2941 3900 credebant
3002 3847 3056 3900 in
3097 3855 3144 3900 te
3166 3863 3187 3900 :

2110 3936 2272 3993 Vens.
2302 3939 2392 3993 20.
2421 3937 2486 3991 Ει
2505 3938 2713 4007 quando
2736 3938 3101 4008 effundebatur
3127 3938 3343 4008 sanguis
3360 3938 3613 4009 Stephani

2040 4032 2187 4083 testis
2217 4030 2316 4095 tui,
2367 4045 2459 4099 ego
2492 4043 2693 4099 quoque
2720 4029 3057 4092 assistebant,
3097 4039 3145 4083 et
3198 4030 3251 4082 in
3284 4046 3454 4083 necem
3501 4030 3613 4097 ejus

2040 4121 2444 4184 consentiebam,
2486 4129 2534 4173 et
2565 4118 2921 4173 custodiebam
2957 4120 3261 4174 uestimenta
3312 4135 3492 4174 eorum
3522 4122 3612 4190 qui

2040 4212 2189 4266 illum
2212 4210 2614 4279 interﬁciebant.

2109 4304 2253 4359 Vsus
2303 4303 2392 4356 2i.
2432 4302 2498 4356 Et
2537 4304 2672 4356 dixit
2709 4303 2780 4357 ad
2810 4319 2934 4356 me:
2974 4301 3139 4369 Vade,
3172 4318 3295 4355 nam
3324 4319 3417 4375 ego
3467 4314 3513 4357 te
3542 4304 3614 4357 ad

1975 4417 2017 4472 υ
2042 4404 2217 4467 gentes
2248 4402 2525 4448 estraneas
2561 4393 2742 4457 procul
2774 4393 3046 4464 ablegabo.

2116 4485 2274 4542 Vens.
2308 4486 2399 4539 22.
2442 4485 2824 4540 Auscultabant
2863 4496 3038 4540 autem
3077 4488 3123 4541 ei
3167 4503 3330 4558 usque
3393 4488 3463 4541 ad
3520 4488 3614 4541 hoc

2041 4583 2249 4637 uerbum
2275 4597 2293 4634 :
2329 4598 2392 4635 ac
2416 4582 2599 4635 deinde
2639 4585 2751 4634 alta
2784 4598 2903 4635 voce
2944 4582 3223 4636 dicebant:
3282 4583 3424 4638 Tolle
3457 4582 3623 4655 163‘

2040 4675 2103 4727 de
2132 4685 2273 4726 terra
2291 4672 2554 4725 hominem
2585 4672 2927 4726 istiusmodi:
2961 4689 3059 4726 non
3091 4673 3226 4727 enim
3260 4674 3342 4732 fas
3381 4684 3455 4727 est
3492 4692 3610 4729 cum

2037 4766 2226 4820 vivere.

2113 4858 2223 4911 Cur
2255 4856 2409 4921 dixit,
2437 4854 2550 4926 Ipsi
2582 4856 2791 4910 sciunt?
2820 4855 2937 4909 Non
2968 4857 3109 4926 quod
3139 4856 3359 4914 Christo
3402 4867 3614 4914 contra-

2047 4948 2255 5005 diceret
2281 4988 2295 5011 ,
2321 4948 2414 5001 sed
2445 4946 2588 5016 quod
2623 4946 2785 5000 vellet
2816 4946 2955 5001 scire
2978 4963 3089 5001 rem
3116 4948 3253 5003 adeo
3283 4950 3611 5021 inopinatam

2047 5048 2100 5095 et
2136 5040 2487 5108 insperatam.
2534 5036 2603 5091 At
2654 5035 2905 5091 Christus
2951 5052 3075 5091 eum
3125 5054 3233 5093 non
3271 5039 3472 5105 docuit,
3518 5037 3612 5092 sed

2047 5130 2185 5187 dixit
2231 5132 2494 5184 duntaxat
2532 5136 2592 5184 ut
2636 5128 2830 5183 abiret.
2873 5127 3080 5183 Etcum
3115 5132 3456 5202 effunderetur
3483 5145 3608 5181 san-

2046 5223 2162 5293 guis
2187 5221 2461 5290 Stcphanl,
2494 5229 2600 5277 etc.
2632 5218 2950 5290 Redegiteis
2980 5222 3033 5275 in
3065 5222 3380 5277 memoriam
3407 5217 3611 5273 cmdcm

1564 5383 1758 5446 Varia:
1802 5383 2111 5448 lectiones
2153 5388 2214 5446 et
2255 5393 2443 5447 notae.

430 5543 481 5580 “
509 5545 572 5602 In
603 5549 874 5629 vulgatis:
894 5555 1340 5629 τεροεχειρήσατο,
1374 5566 1422 5610 et
1465 5556 1781 5629 paulopost,
1811 5556 1868 5611 τὸ
1896 5557 1941 5610 δὲ

2039 5575 2128 5629 ιον,
2164 5569 2210 5611 et
2238 5557 2468 5629 ἀκοῦται
2528 5557 2734 5629 φωνήν.

1860 5628 1907 5659 ⁸³
1936 5630 2017 5694 ἐν,
2059 5628 2485 5682 desiderabatur.

364 5613 408 5653 ⁵³
448 5634 562 5698 μἠς.
620 5613 756 5676 ενᾶι.
831 5613 1210 5698 ’ξζὶιυιὶίρᾴιῖε
1260 5613 1490 5698 τεὴνκαῖ
1535 5613 1744 5698 Αέξείῢε.

361 5692 631 5757 nuscripto
672 5700 770 5757 cst,
801 5692 1148 5765 καθῆκεν,’ὅιι
1182 5694 1426 5764 vulgatis,
1454 5694 1710 5765 καθῆκον.

2855 5557 2898 5588 ⁸⁸
2940 5550 3355 5619 ὑποστρέψαντο
3370 5568 3405 5615 ’,
3459 5560 3579 5604 erat

2595 5627 2640 5659 ”
2671 5620 2740 5678 in
2766 5623 3011 5694 vulgatis,
3039 5620 3227 5692 δέρων.
3330 5622 3375 5655 ⁵⁸
3408 5621 3471 5676 In
3496 5638 3614 5673 mu-
