4088 6206
441 372 546 436 793

1320 362 1900 426 TllEOPIIYLACTI
1946 360 2042 421 BU
2053 359 2353 420 LGARL’E
2391 360 2750 420 ARClllEl’.

3564 347 3676 411 800

439 492 702 540 atrocem.
735 477 1000 545 Quoniam
1045 478 1134 533 ille
1162 489 1256 531 eos
1300 475 1420 546 ejus
1456 474 1533 529 rei
1566 483 1697 530 tunc
1726 472 2007 545 arguebat,

2128 469 2426 538 λιαιφονίας
2453 467 2719 539 χαλεπῆς.
2764 463 2980 533 Ἐπειδὴ
3024 460 3180 514 τοῦτο
3228 460 3454 530 ἤλεγχεν
3499 460 3694 517 αὐτοὺς

440 589 549 628 non
585 572 851 627 tulerunt.

510 664 669 719 Vsus.
697 661 789 715 23.
835 657 1250 728 Vociferantibus
1269 665 1446 712 autem
1470 657 1599 723 illis,
1620 674 1683 712 ac
1712 656 2015 711 vestimenta

436 751 873 823 proficientibus,
928 759 976 804 et
1045 749 1309 819 pulverem
1379 750 1434 803 in
1492 766 1668 804 aerem
1729 748 2019 818 projicien-

442 843 597 903 tibus,

513 930 674 986 Vens.
727 929 819 985 24.
852 929 1111 985 Tribunus
1146 947 1265 985 eum
1296 932 1351 984 in
1384 942 1559 985 castra
1606 930 1727 985 duci
1752 928 1935 998 jussit.
1970 936 2018 981 et

440 1014 796 1081 imperarit,ut
848 1013 1031 1082 ﬂagris
1074 1015 1137 1067 de
1169 1031 1228 1067 eo
1290 1016 1511 1084 qua'stio
1533 1014 1812 1067 haberetur
1852 1022 1905 1064 ut
1931 1027 2019 1064 co-

439 1113 705 1174 gttasceret
739 1121 981 1171 causam,
1018 1122 1112 1159 cur
1152 1107 1227 1160 ita
1262 1107 1618 1160 declamarent
1642 1104 1745 1159 illi.

511 1276 675 1329 Vens.
708 1276 799 1329 25.
840 1277 901 1331 Ut
936 1286 1111 1330 aulrm
1155 1278 1280 1331 loris
1310 1295 1425 1331 eum
1459 1278 1734 1341 astrinxit,
1787 1278 1857 1332 ad
1899 1295 2016 1332 eum

439 1368 532 1436 qui
561 1367 771 1421 astabat
792 1369 1166 1432 centurionem,
1200 1369 1402 1423 Paulus
1427 1370 1559 1423 dixit
1590 1384 1608 1423 :
1640 1371 1719 1422 An
1760 1371 2019 1423 hominem

440 1459 757 1525 Romanum,
816 1476 1039 1530 eumque
1089 1460 1452 1515 indemnatum
1508 1460 1626 1514 licet
1670 1461 1807 1515 robis
1844 1462 2022 1516 verbe-

440 1551 600 1604 rare?

510 1639 673 1693 Vens.
704 1638 795 1694 26.
834 1640 988 1707 Quod
1025 1640 1113 1695 ubi
1159 1644 1389 1698 centurio
1419 1644 1642 1711 audivit,
1693 1646 1908 1699 accessit
1948 1649 2019 1699 ad

2116 560 2239 613 τότε
2273 562 2498 624 ἐκεῖνος,
2530 560 2632 613 οὐκ
2667 559 2925 628 ἤνεγκαν.

2186 647 2527 719 Κραζόντων
2548 648 2617 701 δὲ
2642 645 2860 710 αὐτῶν,
2888 644 2987 698 καί
3004 646 3346 713 ριπτόντων
3370 643 3442 696 τὰ
3473 643 3692 707 ἱμάτια,
3782 708 3789 713 θ

2118 742 2214 795 καί
2246 741 2557 808 κονιορτὸν
2573 739 2941 805 βαλλόντων
2965 740 3055 803 εἰς
3074 736 3183 790 τὸν
3218 736 3387 802 ἀέρα,

2202 913 2562 967 Ἐκέλευσεν
2585 911 2772 966 αὑτὸν
2799 913 2832 965 ό
2854 911 3166 979 χιλίαρχος
3190 906 3435 976 ἄγεσθαι
3462 908 3547 973 εἰς
3581 905 3694 971 τὴν

2120 1003 2542 1072 παρεμϐολὴν,
2603 1002 2786 1057 εἰπὼν
2830 1001 3117 1071 μάστιξιν
3159 997 3542 1058 ἀνετάζεσθαι
3584 999 3693 1050 at"-

2119 1094 2246 1154 τὸν,
2269 1093 2369 1145 ἵνα
2398 1090 2620 1161 ἐπιγνῷ
2663 1090 2737 1145 δι’
2775 1089 2854 1159 ἢν
2881 1091 3079 1145 αιτίαν
3116 1088 3305 1153 οὓτως
3346 1083 3696 1155 ἐπεφώνουν

2119 1183 2301 1247 αὐτῷ.
2360 1208 2365 1213 ·

2206 1277 2303 1341 Ὠς
2329 1276 2399 1329 δὲ
2455 1272 2844 1344 προσέτεινεν
2898 1274 2945 1305 ⁸⁸
2985 1271 3172 1326 αὐτὸν
3220 1270 3341 1337 τοῖς
3390 1268 3597 1339 ίμᾶσιν
3624 1270 3690 1333 ",

2120 1363 2250 1421 εἷπε
2274 1367 2423 1436 πρὸς
2449 1367 2557 1421 τὸν
2590 1364 2898 1436 ἐφεστῶτα
2923 1363 2970 1397 ⁸⁸
3000 1363 3442 1430 ἑκατόνταρχον
3479 1365 3514 1417 δ
3535 1363 3692 1415 Παῦ-

2118 1460 2256 1524 λοςο
2284 1458 2356 1509 El
2375 1456 2691 1523 ἄνθρωπον
2726 1452 3014 1523 Ῥωμαῖον
3036 1450 3136 1506 καί
3173 1448 3572 1519 ἀκατάκριτον
3598 1449 3695 1513 ἐξ·

2121 1564 2293 1602 εστιν
2325 1547 2470 1617 ὑμῖν
2496 1542 2808 1616 μαστίζειν
2829 1562 2850 1611 ἶ

2189 1639 2475 1704 Ἀκούσας
2498 1636 2566 1691 δὲ
2590 1639 2622 1691 ό
2651 1635 3107 1704 ἑκατόνταρχος,
3126 1633 3477 1704 προσελθὼν
3508 1630 3701 1699 ἀπήγ-

441 1730 733 1795 tribunum,
769 1733 917 1801 eique
947 1735 1245 1798 muntiavit,
1276 1736 1451 1788 dicens
1470 1751 1488 1788 :
1521 1734 1642 1789 Vide
1660 1736 1787 1805 quid
1816 1736 2015 1804 facias?

2128 1733 2276 1797 Γειαῖε
2293 1746 2323 1781 τ
2327 1728 2373 1794 ᾧ
2391 1729 2695 1798 χιλιάρχῳ.
2719 1728 2932 1797 λέγων·
2960 1728 3108 1794 Ὅρα
3136 1728 3191 1779 τί
3209 1726 3451 1795 μέλλεις
3469 1723 3696 1787 ποιεῖνῖ

441 1822 542 1877 llic
569 1825 707 1877 enim
730 1825 884 1878 homo
921 1824 1190 1879 Romanus
1222 1837 1318 1881 est.

510 1914 673 1968 Vens.
708 1913 798 1968 27.
835 1914 1092 1969 Tribunus
1118 1916 1280 1985 igitur
1314 1916 1544 1969 accessit
1582 1915 1654 1968 ad
1684 1932 1798 1968 eum
1835 1932 1899 1968 ac
1940 1915 2021 1969 di-

439 2005 517 2058 :rit
544 2022 557 2058 :
580 2005 674 2058 Dic
693 2005 838 2068 mihi,
853 2023 922 2058 au
947 2015 1001 2059 tu
1022 2005 1287 2059 Romanus
1307 2022 1359 2061 es
1378 2006 1404 2060 2
1425 2006 1489 2060 At
1513 2005 1603 2060 ille
1625 2006 1830 2060 dicebat
1859 2024 1871 2059 :
1908 2004 2015 2057 Ita.

510 2096 673 2151 Vens.
695 2096 786 2150 28.
810 2096 878 2150 Et
907 2096 1149 2149 tribunus
1172 2095 1475 2164 respondit:
1496 2094 1609 2166 Ego
1645 2112 1840 2165 magna
1871 2112 2021 2164 pecu-

440 2186 540 2240 nia:
557 2202 763 2240 summa
785 2187 942 2240 istaut
973 2188 1232 2240 civitatem
1270 2188 1592 2255 comparavi.
1620 2185 1821 2240 Paulus
1840 2201 2019 2240 autem

441 2276 645 2331 (licebat
678 2288 698 2330 :
732 2275 844 2346 Ego
870 2292 988 2330 vero
1025 2278 1185 2330 etiam
1222 2286 1380 2330 natus
1411 2292 1527 2329 sum
1573 2275 1699 2329 civis
1728 2274 2018 2329 Romanus.

511 2366 672 2422 Vens.
715 2366 809 2421 29.
846 2365 1042 2421 Statim
1091 2368 1254 2437 igitur
1295 2367 1648 2421 discesserunt
1710 2364 1778 2418 ab
1806 2380 1888 2426 eo,
1928 2367 2019 2434 qui

439 2466 592 2511 erant
626 2460 690 2511 de
710 2472 770 2510 eo
791 2458 1131 2526 quaestionem
1158 2456 1418 2510 habituri.
1446 2457 1617 2525 Atque
1659 2455 1822 2508 etiam
1857 2456 2023 2509 tribu-

441 2564 536 2601 nus
563 2549 777 2601 territus
800 2557 895 2611 est,
930 2548 1019 2601 ubi
1055 2548 1261 2602 rescivit
1308 2562 1427 2602 eum
1475 2562 1585 2601 εσσε
1632 2547 1796 2601 civem
1836 2544 2002 2601 Roma

441 2653 589 2699 num,
613 2646 661 2690 et
692 2635 759 2689 ab
783 2652 836 2690 se
870 2638 1119 2691 uinctum.

518 2729 581 2785 Ut
613 2737 942 2800 cognosceret
970 2745 1211 2796 causam,
1258 2746 1374 2785 cur.
1405 2728 1567 2800 Atqui
1599 2729 1668 2785 ab
1701 2728 1809 2783 illis
1861 2727 2024 2783 doce-

443 2819 486 2874 ri
533 2835 660 2875 eum
698 2820 1010 2891 oportebat,
1070 2820 1162 2891 qui
1214 2820 1610 2883 occlamabant,
1672 2828 1728 2876 et
1780 2834 2023 2890 qumrcrc

441 2926 513 2965 an
558 2911 762 2982 aliquid
794 2926 1008 2977 eorum,
1039 2928 1160 2982 qua:
1194 2911 1338 2967 dicta
1369 2921 1527 2967 erant
1554 2926 1584 2967 a
1613 2910 1805 2977 Paulo,
1840 2911 1914 2966 ita
1938 2924 2023 2965 es-

443 3010 504 3055 se
541 3003 940 3058 existimarent.
1010 3002 1212 3057 Verum
1252 3003 1574 3072 simpliciter
1620 3002 1871 3073 potestati
1933 3002 2020 3055 in.

444 3089 652 3158 dulget,
698 3100 753 3145 et
783 3091 891 3144 illis
916 3090 1273 3160 gratiﬁcatur.
1308 3089 1426 3145 Non
1462 3092 1610 3145 enim
1661 3090 1765 3144 hoc
1807 3102 2018 3156 qua-re-

340 3206 345 3211 -
445 3179 559 3244 bat,
601 3188 660 3233 ut
687 3179 890 3249 aliquid
919 3183 1067 3249 iuste
1107 3180 1332 3245 faceret,
1364 3180 1457 3234 sed
1486 3178 1779 3234 utsedarct
1806 3179 2020 3233 illorum

445 3269 808 3334 iracundiam,
839 3286 960 3339 qure
1005 3280 1125 3325 erat
1149 3270 1376 3339 iniusta.
1408 3270 1487 3323 An
1523 3270 1783 3325 hominem
1817 3269 2021 3324 Roma-

448 3377 593 3415 num.
620 3360 737 3414 Non
764 3358 1129 3415 mentiebatur
1159 3359 1358 3415 Paulus
1379 3375 1503 3414 cum
1542 3358 1751 3415 diceret
1812 3375 1871 3416 se
1902 3376 2025 3418 esse

446 3452 617 3505 civem
649 3447 975 3502 Romanum.
1004 3447 1357 3504 Auctoritatis
1374 3449 1519 3505 enim
1550 3449 1908 3522 adjnngendte
1944 3459 2027 3506 at-

449 3556 553 3611 que
574 3539 816 3612 praesidii
835 3540 918 3595 sui
943 3556 1107 3597 causa
1127 3550 1285 3613 pater
1299 3540 1418 3612 ejus
1442 3542 1687 3614 pecuniis
1706 3543 1809 3600 boc
1825 3558 2026 3600 nomen

447 3632 767 3686 redemerat.
798 3627 931 3686 Nam
972 3646 1170 3704 magno
1222 3632 1430 3690 honore
1500 3633 1821 3691 fruebantur
1893 3646 2024 3691 tunc

445 3722 536 3792 qui
576 3723 679 3777 hoc
709 3722 932 3778 nomine
969 3723 1155 3779 vocari
1184 3723 1334 3793 digni
1366 3724 1752 3781 censebantur.
1780 3723 1895 3781 [Ioc
1928 3742 2029 3781 au-

449 3825 555 3870 tem
580 3814 675 3881 ait,
707 3831 778 3871 ne
825 3815 1148 3887 ﬂagellatus,
1180 3816 1303 3871 vilis
1330 3823 1493 3886 atque
1525 3816 1814 3887 despectus
1849 3827 2025 3875 esset.

447 3908 581 3963 Nam
598 3909 641 3963 si
655 3907 1053 3974 verberassent,
1075 3908 1189 3963 ﬁeri
1207 3908 1495 3978 potuisset,
1517 3916 1575 3963 ut
1594 3908 1666 3963 illi
1681 3910 1731 3964 in
1755 3912 2029 3980 rcagenda

448 4013 603 4059 extra
668 4002 891 4057 modum
942 4002 1328 4070 egrederentur
1375 4009 1430 4055 et
1469 4000 1618 4054 illum
1670 4001 2027 4058 occiderent:

447 4110 591 4150 nunc
620 4111 770 4160 vero,
821 4095 1036 4150 etiamsi
1087 4109 1195 4150 non
1232 4092 1304 4149 ob
1357 4108 1471 4147 rem
1522 4092 1705 4158 aliam,
1750 4101 1807 4147 at
1837 4096 2029 4148 saltem

448 4195 671 4256 propter
706 4186 811 4239 hoc
859 4185 1058 4255 ipsum,
1117 4199 1227 4239 non
1284 4183 1447 4237 modo
1488 4198 1598 4237 non
1650 4182 2027 4250 verberarunt,

447 4293 639 4332 verum
671 4277 839 4333 etiam
869 4277 1166 4331 solverunt.
1208 4275 1323 4329 Duo
1353 4283 1533 4329 autem
1566 4274 1794 4328 crimina
1830 4289 2030 4345 propo-

2136 1822 2189 1874 Ὀ
2223 1820 2333 1889 γὰρ
2358 1819 2669 1887 ἅνθρωπος
2703 1815 2882 1885 οὗτος
2912 1818 3194 1888 Ῥωμαῖός
3221 1818 3374 1871 ἐστι.

2193 1909 2554 1979 Προσελθὼν
2580 1910 2700 1965 ded
2738 1912 3070 1978 χιλίαρχος,
3111 1903 3280 1961 εἶπεν
3318 1903 3479 1970 αὐτῷ
3504 1924 3515 1936 ·
3551 1904 3696 1974 Λέγε

2117 2019 2238 2070 μοι.
2265 2004 2317 2055 εί
2342 2001 2424 2055 σὺ
2465 1999 2752 2070 Ῥωμαῖος
2778 1996 2860 2063 εἷς
2895 1999 2949 2052 '0
2989 1998 3057 2051 δὲ
3079 1998 3193 2066 ἔφη
3220 2014 3233 2028 ·
3272 1999 3406 2052 Ναί.

2206 2092 2521 2160 Ἀπεκρίθη
2553 2107 2617 2144 τε
2654 2092 2687 2145 ὁ
2729 2089 3074 2159 χιλίαρχοςυ
3118 2086 3261 2157 Ἐγὼ
3314 2086 3548 2142 πολλοῦ
3599 2103 3696 2140 κε-

2121 2185 2383 2252 φαλαίου
2442 2182 2557 2248 τὴν
2612 2180 2924 2235 πολιτείαν
2960 2179 3186 2244 ταύτην
3222 2176 3589 2244 ἐκτησάμην.
3635 2180 3698 2229 Ὀ

2122 2275 2190 2328 δὲ
2215 2274 2457 2339 Παῦλος
2493 2272 2610 2341 ἔφη
2634 2289 2647 2302 '
2692 2269 2833 2340 Ἐγὼ
2867 2269 2967 2323 καὶ
3000 2268 3357 2338 γεγέννημαι
3384 2269 3450 2321 ⁸⁸.

2194 2366 2428 2431 Εὐθέως
2451 2358 2567 2418 οὖν
2611 2360 2973 2428 ἀπέστησαν
3011 2361 3113 2417 ἀπ’
3139 2359 3325 2414 αὐτοῦ
3354 2361 3409 2413 ol
3442 2360 3701 2428 μέλλον·

2123 2474 2222 2523 τες
2259 2456 2449 2510 αὐτὸν
2501 2450 2823 2514 ἀνετάζειν.
2859 2452 2967 2507 Kal
3021 2453 3055 2506 ὁ
3112 2451 3423 2519 χιλίαρχος
3462 2448 3529 2501 δὲ
3558 2449 3701 2517 ἐφο-

2125 2549 2276 2615 ϐήθη
2301 2545 2606 2616 ἐπιγνοὺς,
2661 2542 2752 2597 ὅτι
2798 2542 3082 2613 Ῥωμαῖός
3133 2542 3294 2605 ἐστι,
3347 2540 3445 2595 καὶ
3495 2538 3583 2593 ὅτι
3619 2534 3700 2608 ἦν

2122 2640 2230 2692 αὐτ
2240 2639 2310 2690 ὸν
2342 2635 2597 2699 δεδεκώς
2626 2633 2694 2686 ⁸ο.
3440 2678 3447 2683 .

2194 2730 2327 2782 Ἵνα
2347 2725 2566 2795 ἐπιγνῷ
2595 2725 2668 2779 δι’
2700 2724 2776 2793 ἣν
2807 2728 3022 2780 αἰτίαν.
3054 2723 3162 2776 Καὶ
3188 2721 3295 2792 μὴν
3319 2722 3450 2791 παρ’
3475 2719 3704 2774 ἐκείνων

2123 2818 2229 2873 ἔδει
2276 2818 2475 2889 μαοεῖν
2501 2816 2610 2871 τῶν
2639 2817 3053 2882 καταϐοώντων,
3072 2814 3167 2869 καὶ
3193 2814 3466 2886 ἐρωτῆσαι
3487 2812 3541 2865 εἴ
3555 2828 3703 2875 ⁴τινος

2125 2909 2235 2963 τῶν
2264 2907 2569 2981 εἰρημένων
2604 2907 3078 2980 ὑπελαμϐάνοντο’
3122 2905 3236 2959 ἀλλ’
3282 2903 3467 2967 ἁπλῶς
3507 2905 3574 2975 τῇ
3608 2902 3701 2968 εξ-

2123 3000 2285 3072 ουσίᾳ
2318 3000 2625 3071 χαρίζεται,
2652 3000 2746 3054 καὶ
2807 3001 2939 3072 πρὸς
2968 2998 3131 3072 χάριν
3172 2996 3397 3051 ἐκείνων
3430 2998 3592 3049 ποιεῖ.
3623 2996 3697 3049 Ub

2119 3071 2233 3159 ἰίόιρ
2258 3071 2415 3142 τοῦτο
2463 3088 2662 3159 ἐζήτει,
2698 3089 2846 3151 ὅπως
2889 3089 3116 3152 δικαίως
3169 3103 3224 3140 τι
3273 3085 3551 3156 πράξειεν,
3585 3085 3702 3139 ἀλλ’

2123 3186 2273 3248 ὅπως
2319 3184 2547 3238 παύσειε
2590 3183 2681 3236 τὸν
2727 3184 2954 3239 ἐκείνων
2988 3183 3159 3254 θυμὸν
3195 3184 3381 3239 ἄδικον
3417 3184 3568 3238 ὄντα.
3634 3181 3704 3235 ει

2124 3276 2438 3344 ἄνθρωπον
2476 3275 2778 3345 Ῥωμαῖον.
2806 3276 2917 3330 Οὐκ
2944 3276 3211 3348 ἐψεύσατο
3239 3278 3265 3330 ὀ
3297 3275 3529 3339 Παῦλος,
3564 3275 3701 3329 Ῥω-

2120 3367 2325 3438 μαῒον,
2368 3364 2560 3420 ειπών.
2593 3368 2933 3438 Προστασίας
2958 3368 3069 3437 γὰρ
3093 3369 3255 3440 χάριν
3275 3366 3504 3421 ὁτούτου
3526 3366 3704 3435 πατὴρ

2128 3455 2376 3526 χρήμασι
2436 3455 2496 3509 τὸ
2552 3455 2723 3526 ὄνομα
2774 3457 2932 3511 τοῦτο
2981 3457 3255 3529 ὠνήσατο.
3308 3456 3566 3525 Μεγάλης
3595 3455 3703 3525 γὰρ

2127 3547 2292 3617 τιμῆς
2323 3547 2601 3618 ἀπήλαυον
2629 3548 2749 3603 τότε
2780 3550 2831 3602 οἱ
2855 3548 3028 3612 οὕτως
3054 3547 3368 3618 ἀξιούμενοι
3392 3545 3700 3601 καλεῖσθαι.

2130 3642 2314 3696 Ταῦτα
2348 3643 2404 3695 δέ
2431 3660 2614 3713 φησιν,
2642 3644 2730 3698 ἵνα
2759 3643 2834 3715 μὴ
2867 3642 3202 3714 μαστιχοεὶς,
3226 3641 3705 3712 εὐκαταφρόνητος

2129 3734 2371 3806 γένηται.
2421 3736 2482 3789 Εἰ
2512 3737 2619 3806 γὰρ
2649 3736 2966 3805 ἐμάστιξαν.
3013 3736 3107 3789 καὶ
3156 3733 3508 3806 παρέτρεψαν
3546 3733 3611 3786 ἂν
3639 3731 3708 3785 τὸ

2132 3829 2388 3898 πρᾶγμα,
2415 3829 2510 3881 καὶ
2562 3830 2891 3883 ἀπέκτειναν
2919 3829 3082 3883 αὐτόν
3106 3844 3119 3857 ’
3158 3828 3253 3882 νῦν
3284 3827 3362 3891 δὲ,
3405 3827 3452 3879 εί
3496 3826 3590 3879 καὶ
3624 3826 3702 3895 μὴ

2128 3918 2196 3971 δι’
2233 3918 2441 3988 ἕτερον,
2464 3918 2601 3976 ἀλλὰ
2627 3937 2690 3987 γε
2720 3921 2762 3953 ⁶¹
2785 3920 2851 3973 δι’
2886 3919 3019 3974 αὐτὸ
3069 3919 3131 3972 οὐ
3162 3920 3320 3990 μόνον
3338 3918 3439 3972 οῦκ
3469 3918 3699 3987 ἐμάστι-

2132 4010 2249 4076 ξαν,
2276 4010 2411 4065 ἀλλὰ
2440 4012 2533 4064 καὶ
2555 4011 2850 4065 ἀπέλυσαν.
2877 4011 2980 4065 Δύο
2996 4012 3052 4064 δὲ
3069 4011 3218 4079 λέγει
3248 4010 3314 4063 τὰ
3343 4008 3665 4078 ἐγκλήματα
3685 4024 3700 4039 ·

2131 4099 2227 4152 καὶ
2253 4099 2314 4151 τὸ
2345 4100 2475 4153 ἄνευ
2537 4100 2721 4169 λόγου,
2757 4099 2854 4153 καὶ
2897 4102 2958 4154 τὸ
2998 4100 3272 4171 Ῥωμαῖον
3303 4099 3434 4152 ὄντα
3453 4116 3468 4131 ·
3501 4099 3582 4151 διὸ
3610 4097 3706 4150 καὶ

2132 4191 2208 4254 εἰς
2242 4189 2463 4243 πλείονα
2496 4191 2695 4255 αὐτοὺς
2749 4190 2965 4245 ἐνέὸαλε
3001 4191 3185 4259 φόϐον.
3234 4192 3297 4245 ’0
3349 4190 3417 4243 δὲ
3463 4189 3705 4254 Παῦλος

2131 4282 2245 4350 ἔφη
2270 4298 2283 4312 ·
2318 4281 2468 4351 Ἐγὼ
2509 4284 2606 4335 καί
2650 4280 3022 4363 γεγέννημαι.
3056 4283 3197 4351 Ὅρα
3238 4286 3330 4335 καὶ
3376 4279 3582 4347 πατρὸς
3635 4274 3704 4349 ἧν

447 4369 526 4422 nit
562 4386 578 4421 :
622 4368 765 4437 quod
785 4378 841 4424 et
870 4368 1066 4423 indicta
1092 4382 1278 4433 causa,
1308 4373 1363 4420 et
1388 4365 1690 4421 Romanum
1718 4366 1985 4421 vinxisset
2012 4384 2022 4421 :

2151 4372 2443 4441 Ῥωμαίου.
2505 4373 2617 4443 Πρὸ
2670 4373 2780 4444 γὰρ
2824 4373 2918 4427 τοῦ
2974 4372 3305 4444 γεννηθῆναι
3334 4371 3425 4425 τὸν
3466 4370 3701 4433 Παῦλον,

448 4462 805 4529 quamobrem
874 4460 1034 4532 164
1063 4461 1228 4516 etiam
1272 4460 1534 4530 majorem
1559 4460 1640 4514 eis
1692 4458 1869 4529 injicit
1905 4474 2023 4513 me-

452 4563 586 4606 tum.
664 4549 869 4605 Paulus
939 4563 1116 4604 autem
1164 4549 1417 4602 dicebat:
1483 4545 1598 4619 Ego
1664 4551 1827 4602 etiam
1867 4559 2024 4602 natus

447 4657 585 4694 sum.
626 4640 763 4697 Vide
816 4642 980 4695 etiam
1027 4648 1236 4710 patrem
1258 4640 1447 4696 habuit
1473 4642 1646 4697 civem
1680 4640 2020 4697 Ronmnum:

450 4746 577 4785 nam
615 4739 907 4801 antequam
941 4732 1145 4786 Paulus
1185 4741 1522 4799 nasceretur,
1555 4747 1678 4787 cum
1714 4731 1904 4788 Cilicia
1938 4750 2023 4789 re-

449 4820 605 4877 dacta
628 4829 777 4877 esset
802 4821 857 4875 in
883 4821 1147 4877 ditionem
1185 4833 1241 4878 et
1266 4832 1593 4894 potestatem
1628 4823 2021 4889 Romanorum,

450 4928 674 4969 necesse
695 4920 812 4967 erat
839 4914 999 4969 etiam
1036 4914 1238 4985 ipsum,
1271 4924 1456 4985 utpote
1475 4916 1568 4985 qui
1598 4923 1741 4969 esset
1773 4915 2024 4971 subditus

448 5005 573 5070 illis,
602 5020 722 5061 esse
741 5002 1065 5062 Romanum.
1100 5007 1271 5076 Atque
1300 5005 1513 5061 interim
1545 5004 1764 5068 Paulus,
1798 5016 1958 5075 prout
1992 5023 2023 5063 a

451 5098 714 5167 propheta
754 5097 1229 5169 prmsignilicatnm
1254 5105 1394 5161 erat,
1425 5094 1645 5150 vinctus
1666 5104 1748 5149 est
1794 5096 1845 5149 in
1862 5095 2022 5151 Jeru-

2135 4464 2508 4533 γεγενημένης
2547 4464 2646 4533 τῆς
2681 4464 2933 4528 Κιλικίας
2979 4465 3084 4518 ὑπὸ
3119 4464 3442 4534 Ῥωμαίους,
3488 4461 3702 4531 ἀνάγκη

2132 4554 2224 4607 καὶ
2252 4553 2414 4606 αὐτὸν
2438 4552 2512 4616 ὡς
2543 4554 2671 4608 ὄντα
2704 4556 2793 4609 ὐπ’
2844 4556 3042 4619 αὐτοὺς
3085 4556 3351 4625 Ῥωμαῖον
3371 4549 3529 4607 εἶναι.
3556 4554 3705 4615 Τέως

2129 4642 2186 4695 δὲ
2218 4642 2357 4694 κατὰ
2387 4643 2487 4713 τὴν
2514 4648 2854 4713 προφητείαν
2882 4643 3182 4714 ἐδετμεύοη
3223 4646 3251 4695 ὁ
3281 4640 3486 4705 Παῦλος
3517 4643 3575 4694 ἐν
3609 4640 3707 4693 Ἰε-

2133 4732 2435 4805 ρουσαλὴμ,
2491 4736 2583 4787 καὶ
2640 4734 2801 4806 ἐξέῆη
2858 4738 2885 4788 ὁ
2946 4735 3124 4802 λόγος.
3162 4734 3227 4785 Τί
3264 4731 3355 4785 οὖν
3381 4734 3486 4811 ἀπο
3512 4729 3704 4784 τοῦτον

2129 4823 2372 4892 γίνεται;
2422 4824 2607 4888 Abas;
2664 4827 2978 4894 κατήγαγεν
3029 4823 3190 4876 αὑτὸν
3242 4822 3378 4891 πρὸς
3403 4822 3528 4884 τοὺς
3572 4821 3702 4874 Ἰου-

2130 4900 2479 4980 δαίουςίΟῦκ
2502 4918 2608 4987 ἄρα
2638 4917 2829 4986 ψεῦδος
2886 4913 2972 4985 ἦν.
3028 4914 3301 4985 Ἐφοεὴϐη
3345 4913 3452 4983 γὰρ
3496 4914 3523 4965 ὁ
3569 4912 3706 4981 χιλίο

2133 5025 2300 5079 αρχος
2333 5008 2608 5077 ἐπιγνοὺς,
2653 5009 2733 5063 ὅτι
2774 5009 3036 5080 ἰ’ωμαίός
3070 5006 3489 5073 ἐστι,τουτέστι,
3516 5004 3705 5073 γένους

2132 5097 2526 5167 ἀξιωςιατικοῦ.

449 5192 660 5248 salem:
692 5201 745 5247 et
780 5192 985 5255 evenit,
1018 5190 1160 5258 quod
1192 5188 1510 5259 prtedictum
1545 5196 1685 5242 erat.
1735 5186 1876 5253 Quid
1924 5189 2088 5260 igitur
2110 5191 2309 5248 deinde
2334 5192 2437 5247 ﬁt?
2499 5192 2635 5249 Cum
2678 5191 2931 5247 solvisset
2994 5207 3144 5256 eum,
3196 5192 3419 5249 deduxit
3493 5191 3560 5246 ad
3605 5190 3704 5244 Ju-

449 5287 615 5341 daeos.
646 5284 762 5340 Non
814 5284 977 5357 igitur
1032 5283 1226 5339 falsum
1293 5290 1431 5337 erat.
1482 5280 1725 5338 Territus
1772 5292 1856 5337 est
1885 5283 2030 5340 enim
2073 5285 2350 5356 tribunus,
2386 5286 2479 5343 ubi
2506 5286 2864 5343 resciviteum
2890 5301 3011 5344 esse
3036 5286 3361 5353 Romanum,
3434 5289 3537 5343 hoc
3597 5289 3701 5353 est,

450 5380 517 5434 de
558 5391 757 5448 genere
785 5378 1049 5448 dignitate
1081 5374 1330 5445 praedito.

1639 5557 1845 5620 Variae
1870 5560 2176 5622 lectiones
2219 5562 2284 5619 et
2324 5560 2516 5618 notae.

566 5702 611 5774 ν
643 5702 700 5754 In
726 5703 969 5773 vuLgatis,
1003 5706 1335 5774 προέτεινεν.

460 5772 543 5834 tis,
573 5772 825 5823 ἐδτῶταζ
879 5775 921 5805 ⁵⁵
945 5774 1005 5827 In
1046 5772 1292 5843 attigatis,
1326 5773 1435 5843 ἐγὼ
1467 5774 1520 5827 δὲ
1554 5778 1641 5827 καὶ
1668 5772 2022 5847 γεγὲννῄίιλι.

1446 5705 1490 5776 ⁸7
1526 5703 1585 5758 lu
1609 5709 1968 5776 manuscripto

2160 5710 2270 5769 τοῖς
2296 5706 2505 5774 ἵμασεν,
2552 5704 2603 5757 iu
2631 5704 2876 5776 vulgatis.
2912 5706 3021 5767 τοῖς
3054 5707 3265 5767 ἱμᾶσιν.
3346 5706 3390 5739 ⁸³³
3422 5704 3481 5759 lu
3514 5704 3699 5773 vulg-a-

2104 5778 2147 5808 °°
2178 5776 2438 5841 ilex-3;,
2468 5784 2602 5828 erat.

2682 5777 2723 5807 τι
2757 5775 2980 5841 auiae,
3027 5790 3159 5829 erat.
