4088 6206
311 356 406 420 ἕω

948 353 1355 414 EXPOSITIO
1395 355 1475 415 IN
1508 354 1695 414 ACTA
1738 354 2315 415 APOSTOLORUM.
2349 379 2417 388 -
2443 354 2596 413 C.\P.
2642 353 2850 413 XXIII

3440 358 3550 420 802

377 468 452 535 Τῇ
477 466 545 519 δὲ
576 465 864 531 ἐπαύριον
898 465 1279 534 βουλόμενος
1308 465 1528 534 γνῶναι
1577 468 1638 519 τὸ
1676 466 1874 533 ἀσφα-

2048 465 2210 519 Vens.
2235 465 2322 518 '50.
2360 463 2572 516 Postero
2602 465 2686 518 die
2713 474 2854 516 certo
2877 463 3009 516 scire
3038 463 3229 528 volens,
3263 464 3414 533 cujus
3452 470 3555 520 cri-

293 561 423 627 λὲς,
452 561 518 612 τι)
569 557 624 611 τί
665 556 1073 627 κατηγορεῖται
1111 558 1155 588 ⁶¹
1185 558 1345 625 παρὰ
1390 556 1509 609 τῶν
1562 556 1879 620 Ἰουδαίων,

295 655 527 707 ἔλυσεν
552 651 740 705 αὐτὸν
771 650 890 706 ἀπὸ
924 648 1043 702 τῶν
1078 647 1342 718 δεσμῶν,
1397 649 1495 702 καὶ
1552 647 1883 702 ἐκέλευσεν

294 744 498 800 ἐλθεῖν
528 742 680 811 πρὸς
717 741 783 773 ⁸¹⁶
814 740 954 805 τοὺς
976 740 1271 810 ἀρχιερεῖς
1304 740 1403 793 καὶ
1437 739 1585 793 ὅλον
1612 740 1678 793 τὸ
1731 755 1882 794 συν-

296 833 496 902 έδριον
520 830 721 884 αὐτῶν
745 846 762 862 ·
785 829 884 884 καὶ
914 828 1264 900 καταγαγὼν
1288 827 1392 882 τὸν
1414 829 1680 895 Παῦλον,
1707 829 1883 896 ἕστη-

296 940 409 977 σεν
439 924 526 985 εἰς
548 919 792 985 αὐτούς.

885 1029 1140 1084 ΚΕΦᾹΛ.
1184 1028 1313 1084 Kl".

383 1146 686 1209 Ἀτενίσας
733 1142 802 1196 δὲ
835 1145 866 1195 ό
906 1141 1148 1208 Παῦλος
1206 1141 1288 1206 τῷ
1321 1140 1642 1209 συνεδρίῳ,
1671 1135 1875 1193 εἷπεν·

306 1238 554 1306 ’Λνδρες
585 1235 859 1304 ἀδελφοὶ,
909 1233 1024 1304 ἐγὼ
1072 1233 1242 1301 πάσῃ
1286 1232 1643 1298 συνειδήσει
1686 1229 1881 1300 ἀγαθῇ

302 1329 753 1395 πεπολίτευμαι
781 1323 861 1390 τῷ
892 1322 1015 1389 Θεῷ
1072 1323 1207 1392 ἄχρι
1238 1324 1458 1389 ταύτης
1491 1319 1603 1389 τῆς
1632 1319 1876 1390 ἡμέρας.

382 1500 437 1552 ὀ
472 1498 541 1552 δὲ
575 1494 889 1566 ἀρχιερεὺς
949 1492 1231 1559 Ἀνανίας
1269 1492 1523 1556 ἐπέταξε
1565 1493 1692 1558 τοῖς
1732 1509 1879 1562 παρ-

299 1592 563 1646 εστῶσιν
599 1587 761 1653 αὑτῷ
787 1588 1033 1641 τύπτειν
1065 1586 1253 1639 αὑτοῦ
1293 1586 1360 1640 τὸ
1388 1587 1604 1653 στόμα.

379 1685 516 1738 Τότε
548 1685 581 1736 ό
614 1681 859 1746 Παῦλος
901 1680 1053 1747 πρὸς
1100 1679 1288 1732 αὐτὸν
1311 1676 1473 1732 εἴπεο
1505 1680 1756 1733 Τύπτειν
1804 1695 1879 1732 σε

1984 555 2139 609 miuis
2167 562 2232 607 ab
2258 553 2460 609 Judtzis
2482 554 2897 614 insimularetur,
2937 553 3087 607 solvil
3116 569 3231 607 eum
3259 572 3290 608 a
3318 557 3558 622 vinculis,

1984 650 2033 692 et
2080 640 2245 709 jussit
2293 640 2551 709 principes
2609 640 2938 693 sacerdotum
2983 649 3030 692 et
3069 649 3234 693 totum
3283 643 3557 696 concilium

1983 744 2164 782 eorum
2200 730 2400 793 venire,
2445 746 2511 784 ac
2580 729 2859 783 deductum
2904 728 3133 783 Paulum
3194 731 3334 784 sistit
3374 746 3557 785 coram

1981 817 2111 873 illis.

2541 1019 2770 1076 CAPUT
2807 1018 2994 1074 XXHI.

2052 1131 2193 1187 Vens
2250 1132 2301 1185 Ι.
2340 1130 2413 1184 Ac
2443 1128 2641 1184 Paulus
2696 1131 2752 1184 in
2791 1130 3065 1184 consilium
3122 1128 3326 1183 intuens
3387 1132 3560 1186 dicere

1983 1239 2195 1276 exorsus
2227 1232 2297 1276 cst
2328 1224 2422 1275 hoc
2449 1224 2599 1276 modo
2627 1237 2643 1275 :
2675 1221 2781 1275 Viri
2807 1224 3018 1291 [ratres.
3056 1239 3146 1293 ego
3177 1222 3310 1275 bona
3349 1239 3561 1289 prorsus

1983 1315 2302 1367 conscientia
2332 1324 2568 1368 versatus
2612 1331 2727 1367 sum
2771 1331 2948 1366 coram
2998 1313 3101 1366 Deo
3133 1331 3291 1383 usque
3340 1316 3390 1367 in
3421 1316 3559 1368 diem

1981 1407 2139 1460 hunc.

2055 1499 2215 1554 Vnus.
2247 1499 2302 1553 Ξ.
2332 1500 2408 1552 Ac
2449 1501 2688 1570 princeps
2714 1506 3045 1553 sacerdotum
3087 1499 3324 1553 Ammius
3358 1501 3446 1566 iis,
3473 1502 3562 1570 qui

1981 1589 2062 1643 illi
2087 1589 2354 1651 astabant,
2387 1591 2663 1657 imperarit
2688 1600 2742 1642 ul
2776 1592 3029 1644 caderent
3062 1608 3116 1643 os
3145 1591 3280 1659 ejus.

2055 1683 2215 1739 Vens.
2240 1683 2293 1736 5.
2332 1682 2459 1735 Ταηι
2496 1681 2695 1734 Paulus
2727 1683 2797 1733 ad
2834 1697 2950 1733 eum
2995 1678 3129 1732 dixit
3168 1697 3184 1732 :
3228 1682 3486 1733 Percutiet
3514 1694 3563 1736 te

298 1776 511 1843 μέλλει
541 1777 575 1827 o'
595 1774 761 1838 Θεὸς,
790 1771 956 1840 τοῖχε
982 1772 1027 1805 ⁸³
1046 1770 1433 1839 κεκονιαμένε
1454 1789 1469 1804 ·
1495 1772 1592 1824 καὶ
1614 1770 1696 1825 σὺ
1727 1771 1876 1840 κάθῃ

1986 1772 2147 1835 Deus,
2177 1773 2353 1840 paries
2391 1770 2653 1824 dealbate.
2706 1770 2771 1822 Et
2812 1777 2866 1820 tu
2895 1772 3061 1829 sedes,
3088 1778 3142 1819 ut
3172 1784 3235 1820 est
3272 1769 3398 1838 legis
3423 1787 3563 1839 pra:—

300 1868 518 1934 κρίνων
535 1882 611 1934 με
641 1863 791 1917 κατὰ
814 1868 921 1917 τὸν
959 1864 1168 1933 νόμον,
1210 1864 1306 1917 καὶ
1367 1863 1727 1933 παρανομῶν
1773 1880 1870 1917 κε-

300 1956 497 2019 λεύεις
517 1971 593 2024 με
624 1953 670 1986 ⁸⁵
697 1953 1060 2013 τύπτεσθαι;

376 2050 438 2100 Ol
456 2045 524 2097 δὲ
539 2042 913 2113 παρεστῶτες
933 2040 1106 2098 εἶπον
1129 2059 1143 2072 ⁵
1175 2044 1284 2097 Τὸν
1295 2044 1569 2114 ἀρχιερέα
1592 2043 1699 2099 τοῦ
1724 2044 1873 2099 Θεοῦ

298 2134 585 2201 λοιδορεῖς
601 2150 622 2195 ;

370 2228 519 2295 Ἔφη
563 2227 608 2258 ⁸⁸
673 2228 706 2280 ό
748 2225 1023 2291 Παῦλοςο
1066 2226 1188 2279 Οὺιι
1231 2224 1422 2294 ᾔδειν,
1476 2224 1753 2295 ἀδελφοὶ,
1782 2224 1871 2278 ὅτι

297 2318 469 2373 ἐστιν
504 2319 836 2387 ἀρχιερεύς.
895 2316 1235 2385 Γέγραπται
1258 2316 1369 2386 γάρ
1390 2333 1403 2348 ο
1439 2317 1725 2385 ’Ἄρχοντα
1763 2317 1871 2370 τοῦ

298 2408 453 2463 ,ιαοῦ
488 2422 606 2464 σου
630 2410 743 2463 οὐκ
768 2406 924 2477 ἐρεῖς
949 2405 1171 2473 κακῶς.

379 2522 677 2585 ’Λτενίσας
724 2520 794 2573 δὲ
834 2521 866 2574 ὀ
919 2516 1158 2583 Παῦλος
1194 2517 1273 2583 τῷ
1304 2518 1629 2586 συνεδρίῳ.
1671 2517 1871 2572 Οὐκέτι

301 2617 435 2683 πρὸς
456 2614 514 2667 τὸ
556 2610 797 2682 πλῆθος,
840 2610 960 2663 οὐδὲ
1006 2608 1143 2679 πρὸς
1194 2609 1284 2661 τὸν
1319 2610 1489 2679 δῆμον
1546 2609 1868 2678 διαλέγεται.

300 2705 372 2757 Τὸ
410 2704 487 2768 δὲ,
522 2702 663 2772 Ἐγὼ
707 2701 872 2770 πάσῃ
903 2700 1256 2769 συνειδήσει
1296 2698 1491 2769 ἀγαθῇ
1521 2702 1872 2755 πεπολίτευ-

294 2812 422 2865 μαι,
444 2794 744 2856 τουτέστιν,
795 2793 870 2845 Οὐ
906 2790 1124 2847 σύνοιδά
1160 2808 1212 2844 τι
1242 2790 1520 2862 ἠδικηκὼς
1560 2793 1724 2863 ὑμᾶς,
1753 2794 1873 2846 οὐδὲ

299 2882 446 2946 ἄξιον
482 2881 593 2936 τῶν
618 2880 834 2951 δεσμῶν
864 2879 1067 2933 τούτων
1126 2881 1404 2949 πράττων.
1458 2882 1569 2935 Καὶ
1603 2883 1686 2937 σὺ
1718 2885 1873 2952 κάθῃ

300 2973 519 3042 κρίνων
533 2989 612 3042 με
659 2972 810 3027 κατὰ
846 2971 952 3026 τὸν
989 2971 1197 3041 νόμον,
1232 2972 1330 3025 καὶ
1364 2973 1727 3043 παρανομῶν
1775 2992 1867 3028 κε-

1976 1864 2174 1932 seripta
2230 1863 2433 1931 iudices
2482 1861 2547 1915 de
2607 1878 2707 1922 me,
2762 1868 2810 1912 et
2853 1867 3033 1912 contra
3078 1857 3241 1929 legem
3282 1859 3437 1928 jubes
3484 1877 3564 1915 me

1973 1954 2106 2006 credi
2132 1955 2157 2005 Ρ

2051 2043 2223 2099 Vnus.
2258 2044 2316 2099 4.
2350 2044 2415 2099 Et
2452 2046 2540 2115 qui
2572 2044 2840 2110 astabant,
2895 2042 3140 2098 dixerunt
3183 2058 3201 2095 :
3226 2040 3440 2096 Summo
3475 2062 3566 2098 sa-

1974 2137 2170 2189 cerdoti
2200 2136 2293 2191 Dei
2319 2138 2640 2191 maledicis?

2052 2229 2216 2284 Vens.
2254 2229 2309 2282 5.
2343 2227 2475 2281 Tum
2509 2227 2734 2291 Paulus,
2766 2223 3095 2287 Nesciebam,
3125 2224 3317 2291 inquit,
3345 2226 3559 2295 fratres,

1973 2319 2120 2373 illum
2151 2334 2260 2371 esse
2280 2318 2563 2387 principem
2586 2317 2933 2370 sacerdotum.
2957 2313 3220 2382 Scriptum
3253 2326 3328 2370 est
3363 2319 3502 2371 enim
3539 2325 3559 2363 ἔ

1974 2405 2214 2475 Principi
2237 2405 2416 2473 populi
2441 2407 2518 2459 tui
2547 2422 2608 2459 ne
2640 2405 2959 2459 ntaletlicito.

2045 2519 2118 2572 Ac
2139 2515 2342 2572 Paulus
2371 2521 2426 2570 in
2456 2518 2736 2572 concilium
2771 2521 3004 2574 intuens.
3031 2518 3149 2575 iam
3182 2535 3289 2574 non
3325 2519 3560 2588 amplius

1975 2624 2100 2663 cum
2129 2606 2477 2662 multitudine
2506 2623 2683 2677 neque
2709 2624 2831 2662 cum
2860 2609 3015 2678 plebe
3036 2609 3164 2679 agit.
3192 2608 3349 2675 Quod
3374 2618 3559 2663 autem

1974 2699 2107 2755 dicit
2137 2717 2151 2754 :
2186 2699 2296 2770 Ego
2322 2699 2454 2753 bona
2473 2715 2689 2769 prorsus
2724 2700 3042 2755 conscientia
3071 2712 3308 2758 versatus
3333 2716 3448 2754 sum
3469 2714 3562 2751 co-

1976 2808 2091 2846 ram
2129 2790 2236 2845 Deo
2264 2807 2282 2844 :
2334 2792 2439 2846 hoc
2468 2799 2571 2853 est.
2603 2789 2721 2844 Non
2779 2807 2897 2846 sum
2946 2793 3079 2847 mibi
3118 2792 3369 2847 conscius
3398 2790 3561 2844 alicu-

1972 2884 2063 2952 jus
2091 2881 2304 2952 injuriae
2332 2897 2436 2952 qua
2475 2896 2572 2936 vos
2614 2882 2918 2948 allecerim,
2953 2897 3056 2938 nec
3077 2881 3373 2953 quidquam
3424 2878 3559 2933 mihi

1979 2974 2157 3029 facere
2187 2974 2373 3030 videor
2416 2974 2636 3043 dignum
2687 2974 2774 3031 bis
2829 2974 3084 3030 vinculis.
3111 2975 3179 3029 Et
3209 2982 3264 3027 tu
3300 2973 3442 3027 sedes
3462 2970 3561 3040 ju-

298 3064 498 3129 .letietc
542 3079 619 3132 με
668 3063 997 3117 τύπτεσθαι
1030 3062 1112 3130 ⁸⁶;
1169 3062 1290 3117 ἀντὶ
1312 3062 1427 3128 τοῦ,
1465 3064 1764 3128 ὑπεύθυνος
1800 3063 1875 3118 ὢν

1985 3065 2161 3118 dicatis
2195 3081 2275 3118 me
2293 3063 2574 3119 secundum
2603 3054 2786 3135 legeni.
2808 3075 2855 3119 et
2873 3065 3039 3137 legem
3068 3065 3266 3121 violam
3289 3064 3440 3133 iubes
3481 3079 3564 3116 me

301 3155 498 3207 ὡσανεὶ
526 3155 623 3207 καὶ
662 3153 871 3225 μυρίων
894 3151 1118 3220 πληγῶν
1144 3152 1312 3217 ἄξιος.
1341 3152 1453 3206 Τὸν
1473 3154 1752 3222 ἀρχιερέα
1770 3153 1875 3208 τοῦ

1985 3155 2183 3224 pulsari
2202 3154 2227 3207 Ρ
2248 3154 2586 3225 Παρανομῶν
2618 3152 2692 3226 [id
2728 3165 2905 3219 sonat,
2926 3158 3296 3224 contralegem
3328 3152 3559 3224 iaciens]

303 3245 452 3300 Θεοῦ
479 3244 803 3314 λοιδορεῒς;
864 3246 987 3298 οὐκ
1040 3244 1209 3314 ᾔδειν
1239 3244 1328 3299 ὅτι
1373 3244 1686 3313 ἀρχιερεύς
1718 3243 1871 3298 ἐστι.

304 3338 424 3400 [Ιῶς
460 3333 555 3392 οὖν
583 3337 790 3405 ἔλεγες,
817 3336 922 3392 Kal
948 3336 1030 3390 σὺ
1064 3336 1216 3405 κάθῃ
1249 3336 1471 3405 κρίνων
1493 3352 1567 3405 με
1595 3335 1745 3390 κατὰ
1773 3333 1879 3388 τὸν

300 3430 520 3499 νόμονς
562 3428 720 3482 ’Δλλὰ
744 3431 1123 3500 προσποιεῖται
1154 3429 1395 3497 ἄγνοιαν,
1420 3427 1481 3480 οὐ
1509 3428 1874 3496 βλάπτουσαν,

303 3523 421 3576 ἀλλ’
444 3520 852 3592 οἰκοδομοῦσαν.
884 3519 1027 3586 Ἐγὼ
1058 3519 1115 3573 δὲ
1141 3518 1236 3572 καὶ
1274 3517 1481 3588 σφόδρα
1515 3516 1773 3586 πείθομαι
1802 3516 1878 3586 μὴ

303 3611 694 3667 είδέναιαύτὺν
722 3611 805 3663 ὅτι
854 3606 1143 3680 ἀρχιερεύς
1181 3607 1329 3659 ἐστι·
1380 3605 1468 3659 διὰ
1519 3604 1731 3675 μακροῦ
1780 3606 1877 3674 μὲν

305 3702 676 3757 ἐπανελθόντα
707 3701 925 3772 χρόνον,
959 3699 1034 3770 μὴ
1060 3697 1455 3768 συγγενόμενον
1490 3696 1547 3750 δὲ
1586 3696 1882 3761 Ἰουδαίοις,

304 3794 518 3861 ὁρῶντα
541 3792 599 3846 δὲ
646 3792 808 3845 αὐτὸν
831 3792 888 3843 ἐν
923 3788 1001 3859 τῷ
1033 3788 1186 3859 μέσῳ
1218 3787 1357 3859 μετὰ
1400 3786 1613 3839 πολλῶν
1639 3786 1733 3839 καὶ
1761 3785 1885 3838 ἑτέ-ρ

310 3900 441 3954 ρων.
468 3884 667 3938 Οὖκὲτι
689 3881 797 3953 γὰρ
824 3881 983 3952 δῆλος
1010 3875 1078 3949 ἦν
1101 3880 1129 3932 ὁ
1158 3876 1449 3947 ἀρχιερεὺς
1483 3875 1695 3929 πολλῶν
1714 3875 1885 3930 ὄντων

309 3976 403 4028 καὶ
426 3974 722 4044 διαφόρων.
751 3973 941 4043 Τοῖχον
983 3970 1040 4024 δὲ
1085 3967 1475 4038 κεκονιαμένον
1514 3967 1677 4020 αὑτδν
1709 3966 1883 4032 καλεῖ,

308 4062 498 4132 ἐπειδὴ
524 4062 784 4133 λαμπρὰν
818 4062 915 4132 μὲν
937 4056 1051 4131 εἶχε
1075 4059 1173 4129 τὴν
1201 4057 1344 4128 ὄψιν,
1368 4057 1442 4122 ὡς
1476 4061 1641 4128 νόμον
1670 4057 1885 4120 ἔκδικος

307 4154 403 4207 καὶ
424 4154 576 4225 νόμῳ
620 4152 939 4222 δικάζωνοὴ
997 4151 1053 4204 δὲ
1101 4150 1308 4205 διάνοια
1365 4150 1593 4219 ἀνομίας
1645 4150 1885 4219 ἐπεπλή-

311 4261 470 4315 ρωτο.
497 4244 589 4298 Διὸ
626 4244 720 4298 καὶ
746 4243 958 4314 ἐλέγχει
987 4241 1153 4297 αὐτοῦ
1174 4241 1235 4296 τὸ
1265 4240 1450 4311 σχῆμα
1468 4242 1534 4296 ἐκ
1557 4240 1657 4311 τῆς
1685 4239 1885 4307 ἔξωθεν

307 4334 618 4399 διαθέσεως.
748 4338 753 4341 ’

1988 3246 2125 3301 dixit
2185 3261 2307 3317 pro,
2359 3245 2684 3300 criminibus
2737 3246 3046 3303 obnoxius:
3101 3245 3255 3316 quasi
3308 3244 3561 3307 diceret,

1985 3339 2258 3393 sementis
2285 3339 2448 3392 etiam
2482 3337 2648 3409 plagis
2677 3338 2891 3410 dignus.
2925 3337 3142 3394 Summo
3161 3338 3420 3392 sacerdoti
3466 3335 3564 3390 Dei

1986 3427 2257 3481 maledicis
2273 3428 2297 3481 ?
2325 3428 2626 3482 Nesciebam
2640 3428 2789 3481 illuni
2809 3447 2921 3485 esse
2937 3445 3202 3485 summum
3218 3430 3565 3484 sacerdotem.

1985 3516 2092 3572 Cur
2119 3518 2280 3588 igitur
2302 3517 2522 3571 dicebas
2552 3535 2567 3575 :
2610 3517 2680 3572 Et
2709 3529 2765 3572 tu
2796 3520 2964 3586 sedes,
3013 3529 3071 3573 ut
3091 3518 3354 3588 judicium
3385 3518 3450 3572 de
3487 3533 3567 3572 me

1986 3606 2155 3676 {ucias
2176 3621 2241 3658 ex
2281 3608 2584 3675 pra’scripto
2610 3607 2778 3677 legis?
2816 3608 3023 3677 Nempe
3048 3608 3271 3662 simulat
3316 3608 3566 3677 ignoran-

1988 3699 2138 3764 tiam,
2162 3713 2283 3767 qua:
2315 3713 2423 3754 non
2451 3698 2706 3765 nocebat,
2735 3700 2828 3754 sed
2875 3698 3176 3754 mdiﬁcahat
3198 3709 3251 3754 ιι
3276 3700 3426 3755 utilis
3449 3710 3566 3756 erat

1988 3787 2360 3843 audientibus.
2394 3788 2571 3858 Atque
2603 3803 2703 3859 ego
2729 3789 2895 3844 etiam
2936 3789 3171 3844 tinaxime
3204 3790 3571 3846 crcdonesci-

1987 3880 2129 3935 visse
2155 3895 2278 3935 eum
2321 3879 2472 3934 illum
2524 3895 2652 3936 esse
2680 3895 2955 3936 summum
2984 3881 3346 3943 sacerdotem,
3381 3891 3440 3934 ut
3470 3880 3565 3950 qui

1987 3979 2041 4027 et
2062 3970 2223 4042 longo
2240 3969 2503 4040 temporis
2520 3970 2805 4028 intervallo
2837 3971 3264 4042 Hierosolymam
3296 3970 3564 4033 rediisset,

1989 4071 2044 4116 et
2068 4077 2174 4115 non
2209 4071 2458 4118 versatus
2484 4062 2677 4119 fuisset
2705 4079 2831 4119 cum
2863 4063 3087 4129 Iudaeis,
3109 4074 3160 4117 et
3186 4062 3389 4116 videret
3413 4060 3562 4116 illum

1995 4151 2153 4223 165
2186 4152 2239 4206 in
2290 4152 2470 4209 medio
2502 4169 2626 4209 cum
2684 4154 2872 4209 multis
2902 4155 3064 4209 etiam
3095 4154 3214 4208 aliis
3262 4152 3565 4209 sedentem.

1988 4240 2108 4295 Non
2153 4242 2303 4295 enim
2347 4242 2459 4312 jam
2492 4243 2727 4314 atnplius
2752 4242 2904 4299 nosci
2955 4250 3171 4314 poterat
3200 4256 3449 4296 summus
3475 4256 3564 4295 sa-

1994 4334 2206 4401 cerdos,
2239 4335 2384 4405 quod
2406 4336 2560 4389 multi
2592 4336 2665 4390 ibi
2705 4335 2961 4389 adessent
3008 4343 3173 4402 atque
3204 4333 3426 4387 diversi.
3466 4330 3567 4385 Pa-

310 4426 504 4480 rietem
534 4435 716 4480 autem
746 4424 1059 4480 dealbatam
1093 4437 1219 4478 eum
1265 4429 1447 4489 vocat,
1490 4423 1698 4479 idcirco
1749 4423 1893 4492 quod
1933 4425 2216 4494 splendida
2247 4426 2431 4496 specie
2461 4435 2623 4497 atque
2648 4441 2876 4496 persona
2913 4426 3174 4495 praeditus
3200 4433 3361 4488 esset,
3415 4433 3568 4494 utpo-

312 4533 363 4577 te
389 4523 519 4593 legis
546 4520 763 4583 vindex,
794 4529 847 4576 et
871 4520 987 4591 lege
1017 4519 1294 4590 judicans,
1333 4520 1429 4575 sed
1456 4534 1612 4575 mens
1650 4520 1770 4586 ejus
1803 4518 1949 4573 vitiis
1977 4529 2140 4591 atque
2204 4523 2503 4578 sceleribus
2561 4521 2908 4578 redundaret.
2970 4519 3336 4586 Quamobrem
3402 4520 3565 4574 etiam

310 4614 550 4670 habitum
576 4615 695 4684 ejus
719 4611 988 4683 insignem
1010 4610 1188 4683 arguit
1215 4625 1278 4665 ac
1310 4609 1658 4680 reprehendit
1686 4609 1755 4666 ab
1783 4617 2011 4665 externo
2034 4611 2256 4667 affectu.

384 4731 581 4795 Γνοὺς
609 4729 677 4782 δὲ
702 4732 735 4783 ὁ
760 4728 1003 4792 Παῦλος
1031 4725 1122 4779 ὅτι
1161 4725 1228 4779 τὸ
1257 4724 1326 4779 ἓν
1360 4725 1542 4796 μέρος
1581 4726 1710 4779 ἐστὶ
1738 4725 1879 4779 Sad-

2072 4728 2239 4782 Vlns.
2283 4726 2334 4782 6.
2374 4725 2545 4781 Porro
2583 4724 2751 4778 sciens
2788 4722 2994 4777 Paulus
3030 4739 3187 4777 unam
3227 4730 3431 4792 partem
3462 4739 3571 4777 esse

311 4821 631 4881 δουκαίων,
682 4818 749 4871 rd
783 4817 851 4871 δὲ
901 4817 1108 4887 ἕτερον
1145 4814 1505 4883 Φαρισαίων,
1539 4811 1792 4880 ἔκραξεν
1822 4814 1892 4867 ἐν

308 4912 389 4978 τῷ
426 4911 724 4981 συνεδρίῳ
748 4926 761 4941 ·
815 4909 1058 4978 Ἄνδρες
1095 4906 1369 4975 ἀδελφοὶ,
1408 4903 1523 4974 ἐγὼ
1566 4903 1892 4971 Φαρισαῖός

309 5008 423 5074 ειμι
453 5006 583 5072 υίὸς
618 5001 945 5071 Φαρισαίου
974 5018 987 5034 ·
1034 4999 1167 5067 περὶ
1196 4995 1437 5062 ἐλπίδος
1475 4994 1573 5050 καὶ
1621 4995 1891 5052 ἀναστάσ-

309 5112 466 5163 σεως
495 5094 728 5165 νεκρῶν
748 5092 865 5162 ἐγὼ
898 5092 1190 5159 κρίνομαι.

389 5211 570 5266 Τοῦτο
622 5208 691 5261 δὲ
740 5206 929 5262 αὐτοῦ
959 5202 1370 5269 λαλήσαντος,
1405 5200 1643 5271 ἐγένετο
1678 5198 1898 5267 στάσις

310 5303 432 5357 τῶν
456 5300 793 5371 φαρισαίων
825 5299 925 5352 καὶ
958 5299 999 5369 "_
1031 5291 1472 5359 Σαδδουκαίων,
1503 5292 1600 5345 καὶ
1634 5291 1895 5361 ἐσχίσθη

308 5396 381 5448 τὸ
409 5392 667 5462 πλῆθος.

383 5612 429 5645 ⁸⁸
452 5612 515 5666 In
553 5627 654 5665 uno
679 5609 890 5679 vulgata
913 5606 1201 5678 exemplari
1257 5614 1356 5679 est,
1387 5607 1768 5679 κατηγορεῖτο.

320 5683 656 5736 desideratur
683 5683 731 5734 iu
769 5679 1149 5747 manuscripto.

309 5752 359 5785 "
392 5749 461 5806 In
488 5751 715 5816 vulgatis
733 5748 994 5819 adjectum
1022 5746 1124 5819 est,
1157 5746 1285 5801 τῶν.

1881 5604 1948 5634 ⁸³·
1986 5601 2047 5655 In
2070 5603 2292 5672 vulgatis
2329 5617 2430 5655 non
2478 5608 2576 5664 est,
2632 5600 2790 5668 πρός.

1260 5678 1305 5707 ⁵⁵
1332 5674 1395 5730 lu
1418 5675 1664 5746 vulgatis,
1697 5675 1798 5743 ἔφη
1830 5689 1912 5726 τε.

1999 4815 2438 4880 Sadducteorum,
2466 4813 2689 4867 alteram
2719 4828 2836 4867 vero
2872 4811 3284 4876 Pharisaeorum,
3316 4816 3569 4883 vocifera-

2002 4923 2085 4966 tus
2109 4912 2261 4965 estin
2294 4910 2514 4964 concilio
2539 4925 2559 4963 :
2599 4907 2711 4962 Viri
2731 4911 2945 4979 fratres,
2979 4925 3072 4978 ego
3104 4908 3401 4963 Pharistcus
3427 4927 3567 4972 sum,

2001 5012 2157 5071 atque
2185 5002 2345 5056 etiam
2386 5000 2644 5055 Pltariswi
2673 4999 2816 5068 ﬁlius
2839 5013 2857 5053 :
2882 4998 2947 5053 de
2975 5013 3064 5066 spe
3095 5008 3145 5052 et
3196 5016 3433 5053 resurrec
3455 5000 3571 5054 ioue

2005 5104 2333 5147 mortuorum
2367 5107 2462 5162 ego
2494 5106 2715 5144 causam
2742 5088 2880 5144 dico.

2072 5204 2234 5260 Vens.
2275 5204 2328 5257 7.
2367 5202 2518 5269 Quod
2550 5203 2640 5257 ubi
2676 5202 2881 5256 locutus
2902 5211 3014 5269 est,
3063 5212 3179 5256 orta
3209 5211 3285 5255 est
3319 5198 3566 5252 dissensio

2003 5297 2140 5349 inter
2159 5295 2457 5349 Pharisa'os
2477 5304 2526 5349 et
2543 5293 2880 5360 Sadduca'os,
2901 5304 2950 5348 et
2977 5292 3255 5347 multitudo
3278 5290 3443 5342 divisa
3465 5297 3561 5341 est.

1536 5478 1737 5541 Varias
1772 5478 2080 5541 lectiones
2125 5484 2186 5538 et
2228 5484 2418 5540 notae.

2900 5597 2946 5673 ξι
2973 5597 3140 5673 στεῖχε,
3165 5600 3304 5649 erat.
3395 5589 3444 5624 “
3474 5606 3564 5673 ge,

2044 5675 2088 5705 ⁸⁸
2116 5665 2318 5741 opinor
2360 5672 2443 5725 hic
2488 5665 2822 5738 repetendam
2867 5665 3167 5729 dictionem,
3210 5665 3565 5734 παρανομῶν.
