4088 6206
506 346 613 406 803

1383 344 1482 401 Tll
1496 341 1963 401 EOPHYI.ACTI
2007 340 2416 401 BULGARI/E
2453 340 2810 401 ARCHIEP.

3633 342 3743 406 804

570 457 730 512 Vens.
771 454 821 507 8.
865 453 1003 505 Nam
1041 452 1320 506 Sndductei
1357 454 1566 522 quidem
1601 455 1783 506 dicunt
1826 470 1925 506 non
1965 471 2072 508 esse

2245 453 2642 508 Σαδδουκαῖοι
2674 453 2789 522 μὲν
2832 453 2942 522 γὰρ
2988 452 3258 523 λέγουσι,
3301 456 3388 525 μὴ
3417 452 3569 510 εἶναι
3601 460 3750 513 ἀνά..

497 543 956 606 resurrectionem,
1028 552 1216 612 negant
1261 561 1369 598 esse
1411 545 1657 614 angelum
1715 556 1868 612 alque
1909 547 2068 612 spiri—

500 649 609 692 tum
629 653 648 691 :
671 635 930 690 Pharisaei
953 643 1130 688 autem
1156 644 1434 705 utrumque
1463 637 1792 705 conﬁtentur.

573 728 682 799 Ego
705 744 817 782 sum
840 726 1168 780 Pharisteus.
1201 725 1412 782 Rursus
1437 729 1676 782 humano
1705 745 1854 783 more
1891 728 2068 797 loqui-

503 829 620 882 tur,
665 827 720 872 et
751 817 951 885 ubique
987 817 1156 886 gratia
1193 816 1268 869 illi
1299 833 1406 871 non
1451 818 1623 871 deest.
1659 822 1738 871 Ac
1766 834 1835 872 ne
1877 818 1930 871 in
1966 817 2070 870 hoc

501 907 718 976 quidem
753 908 868 961 loco
899 906 1158 961 mentitur
1187 924 1202 964 :
1237 923 1361 960 nam
1397 918 1513 962 erat
1542 923 1570 962 a
1608 909 1903 977 majoribus
1932 905 2070 959 Pha-

503 999 712 1051 rismus.
763 997 1211 1066 Quandoquidem
1261 999 1406 1052 enim
1458 999 1532 1052 illi
1581 998 1763 1052 dicere
1816 997 2070 1050 nolebant

498 1107 594 1141 cur
630 1103 754 1142 eum
795 1089 847 1141 in
883 1089 1147 1154 judicium
1193 1097 1479 1153 vocarent,
1515 1088 1726 1158 cogitur
1773 1087 1891 1156 ipse
1919 1093 2068 1156 post-

504 1180 722 1232 modum
777 1195 1049 1246 exponere
1106 1181 1238 1248 quid
1271 1181 1372 1236 sibi
1411 1180 1624 1235 crimini
1655 1180 1832 1234 detur.
1871 1179 1948 1232 De
1981 1195 2070 1248 spe

498 1279 652 1338 atque
677 1272 1052 1322 resurrectione
1078 1282 1399 1323 mortuorum
1423 1287 1514 1340 ego
1537 1272 1590 1322 in
1611 1270 1870 1338 judicium
1895 1287 2065 1324 vocor.

507 1361 575 1414 Et
613 1361 680 1415 ab
722 1362 1066 1414 accusatione
1095 1375 1283 1414 eorum
1317 1371 1372 1415 et
1413 1363 1682 1416 calumnia
1722 1377 1843 1416 sese
1879 1361 2072 1431 probat

497 1459 658 1518 atque
708 1434 1071 1504 commendat.
1126 1449 1244 1504 Non
1297 1461 1497 1506 norunt
1552 1461 1732 1507 autem
1787 1452 2067 1508 Saddueaei

499 1540 722 1594 forsitan
767 1556 867 1594 nec
901 1541 1066 1595 Deum
1098 1541 1342 1610 quidem,
1377 1552 1436 1598 ut
1473 1545 1563 1612 qui
1597 1545 1890 1599 crassiores
1919 1544 2064 1599 sint:

501 1633 642 1686 unde
670 1647 770 1686 nec
799 1634 1252 1688 resurrectionem
1287 1635 1506 1704 quidem
1541 1638 1777 1694 futuram
1804 1653 1924 1693 esse
1951 1653 2072 1692 ere-

497 1725 651 1778 dunt.
691 1723 945 1778 Pharisaei
979 1733 1161 1779 autem
1197 1735 1488 1796 utrumque
1519 1729 1872 1784 conﬁtentur.
1906 1730 2067 1797 Atqui

2174 560 2419 607 στασιν,
2442 543 2601 612 μηδὲ
2637 544 2916 612 amator,
2945 541 3100 610 μήτε
3128 544 3364 614 πνεῦμα
3391 560 3405 574 ο
3441 548 3752 616 Φαρισαῖοι

2173 637 2242 689 δὲ
2268 635 2633 706 ὁμολογοῦσι
2666 632 2737 686 τὰ
2759 633 3083 702 ἀμφότερα.

2257 725 2399 795 Ἐγὼ
2451 723 2775 792 Φαρισαῖός
2830 725 2970 792 ειμι.
3026 723 3196 777 Πάλιν
3239 723 3596 794 ἀνθρωπίνως
3634 727 3753 780 δια-

2175 816 2412 882 λέγεται,
2445 817 2541 870 καὶ
2595 813 2872 885 πανταχοῦ
2923 817 3022 887 τῆς
3053 817 3276 887 χάριτος
3322 817 3606 871 ἀπολαύει.
3669 821 3747 872 Οὐ

2174 905 2428 973 ψεύδεται
2459 905 2516 958 δὲ
2564 906 2674 958 οὐδ’
2719 903 2994 958 ἐνταῦθα’
3040 907 3335 978 Φαρισαῖος
3389 908 3499 978 γὰρ
3563 904 3631 978 ἧν
3681 912 3747 962 ἐκ

2177 996 2478 1065 προγόνων.
2518 995 2735 1067 Ἐπειδὴ
2771 996 2881 1064 γὰρ
2906 998 3105 1050 ἐκεῖνοι
3137 998 3238 1050 οὐκ
3264 997 3556 1066 ἠϐούλοντο
3575 1001 3748 1055 εἰπεῖν

2175 1087 2265 1140 διὰ
2313 1089 2367 1140 τί
2403 1087 2678 1158 κρίνουσιν
2729 1087 2914 1152 αὐτὸν,
2943 1087 3313 1156 ἀναγκάζεται
3368 1089 3552 1143 λοιπὸν
3584 1091 3744 1152 αὐτὸς

2176 1179 2430 1244 ἐξειπεῖν.
2490 1179 2626 1246 Περὶ
2670 1178 2919 1243 ἐλπίδος
2949 1179 3048 1232 καὶ
3101 1179 3491 1246 ἀναστάσεως
3521 1180 3749 1250 νεκρῶν

2176 1269 2290 1339 ἐγὼ
2301 1271 2592 1340 κρίνομαι.
2613 1272 2719 1323 Καὶ
2744 1269 2856 1324 ἀπὸ
2873 1271 2966 1340 τῆς
2983 1270 3316 1340 κατηγορίας
3341 1271 3520 1326 αὐτῶν
3538 1274 3631 1325 καὶ
3646 1273 3746 1342 τῆς

2179 1361 2435 1430 διαϐολῆς
2472 1362 2786 1430 συνίστησιν
2821 1363 3035 1416 ἑαυτόν.
3084 1363 3198 1415 οὐκ
3247 1363 3397 1416 ῐσασι
3438 1363 3496 1416 δὲ
3523 1363 3749 1417 Σαδδου-

2177 1454 2322 1505 καῖοι
2355 1454 2495 1522 τάχα
2530 1453 2651 1506 οὐδὲ
2681 1453 2773 1506 τὸν
2809 1452 2964 1516 Geor,
2998 1457 3191 1521 παχεῖς
3223 1469 3368 1516 τινες
3397 1453 3547 1515 ὄντες
3575 1470 3590 1486 ’
3621 1454 3747 1507 ὅθεν

2177 1545 2297 1597 οὐδὲ
2351 1544 2648 1597 ἀνάστασιν
2701 1543 2954 1612 γενέσθαι
2983 1543 3351 1596 πιστεύουσιν.
3381 1545 3664 1613 Φαρισαῖοι
3691 1545 3768 1596 δὲ-

2177 1632 2497 1700 ὁμολογοῦσι
2526 1633 2594 1684 τὰ
2622 1634 2930 1705 ἀμφότερα.
2981 1633 3094 1686 Καὶ
3129 1632 3235 1702 μὴν
3271 1631 3400 1702 τρία
3434 1633 3551 1685 ἐστι
3573 1648 3587 1664 ο
3629 1634 3747 1696 qui;

2181 1721 2273 1775 οὖν
2300 1723 2469 1790 λέγει,
2511 1724 2856 1792 ἀμφότέ-ρας
2905 1723 3066 1776 Ἀλλὰ
3101 1722 3319 1792 πνεῦμα
3371 1723 3465 1776 καὶ
3512 1723 3742 1791 ἄγγελος

501 1816 601 1869 tria
659 1827 822 1881 sunt,
875 1833 994 1886 quae
1046 1821 1494 1875 commemoravit
1531 1839 1542 1874 :
1583 1823 1672 1891 qui
1703 1823 1866 1893 igitur
1913 1823 2070 1887 dicit,

2179 1813 2254 1878 ἓν,
2301 1814 2486 1882 φησὶν,
2517 1813 2654 1866 ἐστί.
2688 1814 2780 1878 Τὸ,
2807 1814 3130 1882 ἀμφότερα,
3160 1813 3255 1864 καὶ
3276 1811 3369 1864 ἐπὶ
3398 1811 3563 1882 τριῶν
3592 1811 3745 1876 λέγε⁴

505 1904 792 1974 Utrumque
817 1905 841 1958 ?
871 1903 1013 1960 Sane
1044 1907 1268 1976 spiritus
1299 1918 1354 1963 et
1377 1911 1602 1979 angelus
1631 1927 1798 1964 untnn
1817 1924 1870 1966 et
1903 1911 2067 1976 idem,

503 1996 706 2065 inquit,
748 2005 894 2050 sunt.
933 1996 1106 2052 Dictio
1143 1999 1425 2070 Utrumque
1455 2001 1570 2056 sive
1607 2003 1868 2073 Utraque.
1905 2003 2070 2057 etiam

499 2087 567 2140 de
598 2087 766 2140 tribus
801 2088 1018 2142 dicitur.
1056 2087 1170 2144 Non
1214 2092 1361 2145 enim‘
1401 2100 1616 2160 oportet
1655 2093 1724 2148 ab
1763 2103 1951 2149 exacta
1987 2094 2072 2147 lo-

2179 1921 2292 1958 ται.
2350 1905 2424 1957 Οὐ
2461 1903 2542 1956 δεῖ
2568 1904 2676 1974 γὰρ
2702 1905 2764 1957 ὲκ
2791 1906 2890 1972 τῆς
2913 1905 3108 1972 ἔξωθεν
3143 1902 3532 1974 ἁκριδολέκτου
3564 1904 3748 1970 κυριό-

2176 2013 2336 2065 τητος
2380 1996 2588 2067 κρίνειν
2641 1996 2740 2059 τὰς
2802 1995 2910 2049 τῶν
2968 1997 3350 2066 ἀγραμμάτων
3399 1995 3496 2047 καὶ
3547 1992 3744 2046 ἀλιέων

2181 2087 2523 2158 σύγγραφάς.
2565 2089 2660 2140 Ἐκ
2685 2086 2890 2140 τούτων
2923 2087 3031 2158 γὰρ
3065 2087 3303 2158 αἱρέσεις
3324 2084 3638 2154 γεννῶνται.

500 2178 700 2245 quendi
737 2178 1086 2247 proprietate,
1111 2195 1232 2249 qua:
1259 2183 1493 2250 pertinet
1521 2185 1589 2237 ad
1619 2195 1895 2249 externos,
1921 2184 2168 2254 judicare
2209 2181 2278 2235 de
2343 2179 2560 2248 scriptis
2606 2179 3010 2234 illitteratorum
3073 2188 3129 2234 et
3191 2177 3539 2248 piscatorum.
3608 2175 3749 2231 Hinc

501 2272 646 2325 enim
680 2273 842 2326 etiam
874 2274 1112 2329 haereses
1137 2282 1192 2330 et
1221 2285 1385 2331 secta:
1413 2287 1735 2334 nascuntur.

572 2368 733 2423 Vsus.
779 2369 832 2424 9.
889 2369 1121 2424 Exortus
1169 2382 1243 2425 est
1291 2381 1470 2426 autem
1517 2374 1696 2444 ingens
1733 2376 1965 2439 clamor,
2028 2383 2078 2428 et

501 2451 618 2511 eum
673 2460 1014 2513 surrexissent
1059 2458 1274 2525 Scriba',
1300 2477 1426 2530 pars
1449 2461 1840 2518 Pliaristeorum
1872 2481 2078 2534 pugna-

505 2552 628 2602 bant
660 2549 929 2604 dicentes:
969 2550 1117 2604 Nihil
1145 2554 1276 2605 ntali
1309 2554 1604 2607 invenimus
1634 2555 1688 2607 in
1718 2555 1926 2609 homine
1958 2558 2075 2608 isto.

507 2641 658 2706 Quod
696 2642 739 2695 si
771 2642 988 2710 spiritus
1040 2643 1088 2695 ei
1119 2643 1321 2698 loculus
1353 2655 1427 2698 est
1469 2655 1560 2698 aut
1610 2645 1822 2717 angelus
1842 2685 1858 2710 ,
1890 2662 1951 2701 ne
1980 2662 2080 2714 pu-

505 2747 720 2798 gnemus
747 2747 863 2783 cum
892 2730 1019 2786 Deo.

574 2821 734 2876 Vens.
793 2823 881 2875 10.
939 2821 1071 2875 Cum
1124 2823 1284 2893 igitur
1337 2840 1531 2894 magna
1585 2826 1847 2878 contentio
1895 2834 2075 2878 coorta

503 2933 531 2968 e
559 2926 656 2979 set,
703 2916 896 2970 veritus
943 2915 1178 2968 tribunus
1225 2931 1286 2968 ne
1340 2913 1542 2968 Paulus
1587 2917 1964 2985 discerperetur
2009 2917 2072 2970 ab

504 3007 629 3069 illis,
662 3007 819 3074 jussit
854 3023 1067 3060 manum
1109 3008 1395 3060 militarem
1435 3009 1772 3072 descendere,
1812 3019 1856 3060 et
1893 3024 2076 3076 rapere

503 3113 623 3148 eum
655 3104 717 3150 de
739 3097 906 3151 medio
941 3098 1176 3161 illorum,
1203 3114 1267 3150 ac
1295 3098 1482 3151 dueere
1509 3101 1561 3150 in
1593 3109 1789 3150 castra.

575 3269 725 3332 Quod
761 3271 807 3322 si
840 3270 1061 3337 spiritus
1092 3271 1139 3322 ei
1180 3270 1384 3322 loeutus
1431 3279 1525 3323 est.
1567 3270 1724 3326 Deest
1767 3273 1972 3341 aliquid
2011 3273 2079 3326 ad

505 3358 871 3427 expletionem
902 3358 1206 3420 sententias,
1239 3367 1299 3412 ut
1326 3359 1395 3412 sit
1429 3360 1550 3413 talis
1582 3377 1596 3414 :
1629 3361 1709 3413 An
1734 3362 1959 3430 spiritus
1988 3373 2082 3418 aut

505 3448 730 3516 angelus
768 3448 1018 3501 elocutus
1048 3447 1120 3501 sit
1155 3449 1204 3501 ei
1237 3447 1502 3502 rationem
1537 3459 1589 3503 et
1634 3451 1923 3504 artificium
1953 3465 2079 3506 ora-

509 3540 671 3592 tionis
705 3549 761 3592 ut
803 3537 1070 3608 eliugeret
1114 3539 1371 3604 insidias,
1403 3542 1667 3595 incertum
1707 3552 1822 3607 est,
1866 3543 2076 3614 inquit:

505 3639 618 3694 aut,
651 3631 802 3700 quasi
829 3647 858 3684 ιι
890 3631 1176 3686 Pliarisznis
1202 3633 1568 3702 proferantur,
1602 3636 1716 3689 lucc
1745 3635 1906 3690 verba
1934 3637 2078 3690 acci-

505 3723 704 3793 pienda
731 3733 857 3778 sunt
886 3740 899 3776 :
930 3722 1084 3788 Quod
1115 3724 1160 3778 si
1190 3725 1413 3793 spiritus
1442 3725 1492 3778 ei
1518 3725 1731 3780 locutus
1757 3735 1860 3789 est,
1919 3727 2081 3797 166

505 3827 599 3869 aut
629 3816 874 3886 angelus,
909 3830 976 3868 ac
1001 3815 1046 3869 si
1081 3815 1285 3871 diceret
1315 3832 1329 3869 :
1375 3817 1533 3881 Ecce,
1566 3832 1691 3871 cum
1724 3819 1978 3887 loquatur
2013 3820 2080 3873 de

507 3908 940 3969 resurrectione,
973 3917 1181 3962 certum
1217 3919 1300 3962 est
1327 3922 1452 3962 eum
1491 3918 1586 3962 aut
1629 3907 1866 3980 Spiritus
1901 3911 2077 3964 sancti

508 4001 794 4062 instinctu,
828 4010 923 4054 aut
953 4001 1145 4072 angelo
1185 4008 1506 4070 suggerente
1535 4001 1812 4071 accepisse
1842 4017 1962 4056 eam
1995 4015 2081 4055 ra-

507 4092 708 4147 tionem
757 4091 1196 4147 resurrectionis.
1249 4090 1451 4146 Veritus
1490 4091 1752 4146 tribunus.
1789 4092 1971 4147 Timet
2010 4108 2079 4148 ne

507 4184 869 4251 discerpatur,
896 4180 1153 4249 quoniam
1182 4179 1394 4234 dixerat
1416 4194 1474 4234 se
1504 4194 1625 4234 esse
1659 4179 1987 4246 Romanum,
2017 4195 2080 4235 ac

509 4290 597 4329 res
626 4273 871 4343 periculo
899 4287 1006 4325 non
1037 4271 1283 4326 vacabat.
1305 4269 1372 4325 Et
1401 4271 1600 4326 milites
1629 4287 1753 4326 cum
1782 4282 1972 4342 postea
1996 4288 2080 4327 ra-

511 4367 684 4436 piunt,
714 4377 968 4434 tanquam
999 4380 1177 4424 suum,
1209 4364 1426 4432 opinor.

585 4458 746 4512 Vsus.
795 4457 878 4510 ll.
919 4455 980 4508 In
1009 4455 1239 4524 sequenti
1275 4463 1418 4507 nocte
1451 4454 1692 4508 assistens
1723 4456 1770 4508 ei
1802 4455 2076 4520 Dominus,

2257 2365 2525 2434 Ἐγένετο
2562 2362 2631 2416 δὲ
2660 2361 2890 2431 κραυγὴ
2939 2358 3194 2430 μεγάλη,
3235 2359 3333 2412 καὶ
3369 2357 3752 2423 ἀναστάντες

2176 2464 2232 2516 οι
2267 2462 2310 2491 ⁸⁸
2365 2454 2727 2527 γραμματεῖς
2775 2453 2841 2506 τὸ
2902 2451 3086 2520 μέρος
3115 2451 3160 2482 ⁸⁸
3214 2448 3333 2502 τῶν
3385 2449 3747 2516 Φαρισαίων,

2176 2553 2284 2618 διε,
2311 2549 2532 2618 ἀχοντο
2558 2546 2842 2616 λέγοντες
2872 2560 2885 2573 ο
2925 2541 3116 2595 Οὐδὲν
3151 2541 3339 2594 κακὸν
3386 2540 3752 2607 εὑρίσκομεν

2177 2645 2246 2698 ἐν
2273 2640 2351 2706 τῷ
2376 2637 2663 2708 ἀνθρώπῳ
2694 2638 2900 2699 τούτῳ.
2941 2637 3011 2688 Et
3041 2632 3109 2686 δὲ
3138 2629 3372 2701 πνεῦμα
3401 2629 3561 2695 αὺτῷ
3608 2627 3751 2682 ἐλάα

2179 2738 2374 2800 λησεν
2401 2731 2443 2762 ⁷ο
2476 2731 2513 2796 ἢ
2544 2727 2820 2796 ἅγγελος,
2847 2723 2930 2794 μὴ
2963 2721 3368 2793 θεομαχῶμεν.

2249 2822 2492 2890 Πολλῆς
2528 2821 2597 2874 δὲ
2627 2818 2954 2891 γενομένης
2987 2815 3284 2881 στάσεως,
3321 2810 3674 2879 εὐλαϐηθεὶς
3716 2812 3750 2862 ὁ

2180 2919 2489 2985 χιλίαρχος
2533 2913 2620 2982 μὴ
2669 2907 3021 2976 διασπασθῇ
3069 2911 3101 2963 ό
3133 2907 3368 2971 Παῦλος
3395 2904 3496 2960 ὑπ’
3526 2899 3746 2966 αὐτῶν,

2179 3009 2465 3062 ἐκέλευσε
2496 3005 2561 3058 τὸ
2597 3003 2936 3072 στράτευμα
2969 2997 3320 3066 καταϐῆναι,
3353 2996 3448 3051 καὶ
3479 2993 3748 3064 ἁρπάσαι

2180 3103 2366 3153 αὐτὸν
2399 3099 2466 3151 ἐκ
2491 3096 2684 3168 μέσου
2715 3092 2932 3158 αὐτῶν,
2989 3091 3158 3160 ἄγειν
3189 3105 3251 3142 τε
3279 3091 3363 3156 εις
3390 3086 3504 3155 τὴν
3529 3097 3747 3152 παρεμ-

2108 3183 2152 3241 C
2187 3189 2395 3254 ϐολήν.

2257 3285 2321 3335 El
2363 3281 2430 3335 δὲ
2463 3280 2697 3348 πνεῦμα
2729 3274 2888 3340 αὐτῷ
2932 3275 3264 3341 ἐλάλησεν.
3299 3271 3493 3326 Asina:
3524 3286 3574 3321 τι
3608 3267 3748 3340 πρὶς

2181 3375 2567 3442 ἀναπλήρωσιν
2610 3367 2702 3421 τοῦ
2755 3369 3063 3434 νοήματος,
3113 3364 3199 3416 ἵνα
3331 3358 3544 3423 οὕτως·
3586 3358 3648 3411 Ei
3689 3357 3750 3410 δὲ

2183 3464 2486 3537 πνεῦμα¹ῆ
2526 3460 2751 3530 ἄγγελος
2810 3456 3072 3528 ἐλάλησεν
3129 3455 3278 3525 αὑτῷ
3332 3451 3432 3521 τὴν
3499 3447 3748 3522 μηχανὴν

2182 3560 2274 3612 τοῦ
2303 3559 2484 3624 λόγου,
2512 3555 2596 3607 ἶνα
2611 3550 2826 3620 ἐκφύγῃ
2846 3549 2944 3620 τὴν
2971 3547 3287 3616 ἐπιϐουλὴν,
3310 3545 3525 3614 ἄδηλον,
3556 3540 3746 3611 φησιν·

2183 3649 2214 3716 ἢ
2244 3649 2318 3709 ὡς
2349 3645 2455 3698 ἀπὸ
2495 3647 2606 3696 τῶν
2631 3641 2944 3712 Φαρισαίων
2989 3638 3050 3691 τὸ
3086 3636 3239 3708 ῥῆμα
3287 3635 3506 3688 λεκτέον
3533 3650 3548 3664 ·
3595 3631 3658 3684 Εἰ
3689 3629 3749 3682 δὲ

2183 3739 2399 3805 πνεῦμα
2448 3735 2708 3806 ἐλάλησεν
2735 3729 2904 3802 αὐτῷ,
2947 3729 2980 3800 ἢ
3016 3728 3264 3795 ἄγγελος,
3287 3726 3408 3782 ἀντὶ
3433 3721 3552 3789 τοῦ,
3591 3719 3747 3782 Ἰδοὺ,

2180 3834 2248 3883 τὰ
2273 3829 2402 3898 περὶ
2433 3826 2781 3885 ἀναστάσεως
2810 3819 3010 3884 λαλῶν,
3039 3817 3193 3888 δῆλός
3223 3817 3372 3869 ἐστιν
3403 3814 3435 3885 ἢ
3460 3812 3550 3865 διὰ
3571 3808 3749 3864 Πνεῦ-

2185 3937 2348 3990 ματος
2385 3918 2544 3988 ἁγίου
2583 3917 2616 3984 ἢ
2673 3915 2740 3969 δι’
2788 3910 3024 3982 ἀγγέλου
3080 3905 3412 3977 κατηχηθεὶς
3444 3906 3485 3938 ⁷⁸
3528 3903 3622 3956 τὸν
3646 3900 3750 3969 τῆς

2180 4011 2532 4069 ἀναστάσεως
2583 4005 2739 4071 λόγον
2774 4004 2842 4055 τ’.
2905 3997 3278 4064 Εὑλαόηθεὶς
3320 3998 3353 4051 ό
3409 3993 3745 4064 χιλίαρχος.

2181 4099 2430 4152 ossam:
2476 4096 2551 4166 μὴ
2595 4090 2930 4162 διασπασθῇ,
2957 4088 3143 4158 ἐπειδὴ
3173 4083 3326 4140 εἶπεν
3355 4085 3438 4138 ὅτι
3479 4079 3748 4152 Ῥωμαῖός

2181 4193 2330 4243 ἐστι’
2383 4189 2476 4241 καὶ
2524 4187 2624 4238 οὐκ
2675 4182 2959 4237 ἀκίνδυνον
3001 4174 3068 4250 ἦν
3114 4178 3174 4230 τὸ
3230 4177 3484 4246 πρᾶγμα.
3543 4173 3654 4225 Καὶ
3686 4173 3750 4224 τὸ

2183 4281 2499 4350 στράτευμα
2529 4276 2714 4328 λοιπὸν
2741 4271 2982 4344 ἁρπάζει
3003 4269 3186 4334 αὑτὸν,
3210 4266 3284 4331 ὡς
3315 4265 3463 4330 ἴδιον,
3497 4257 3672 4333 οἶμαι.

2257 4459 2334 4528 Τῇ
2365 4457 2433 4511 δὲ
2463 4456 2718 4522 ἐπιούσῃ
2749 4452 2916 4506 νυκτὶ
2955 4451 3207 4516 ἐπιστὰς
3253 4445 3412 4512 αὐτῷ
3449 4449 3482 4501 ό
3511 4445 3746 4512 Κύριος,

509 4550 653 4603 Bono
684 4549 888 4610 animo,
911 4549 1101 4616 inquit,
1133 4557 1264 4610 esto,
1297 4545 1493 4599 Paule:
1528 4557 1584 4599 ut
1612 4548 1746 4600 enim
1773 4547 2074 4616 testiﬁcatus

2181 4517 2348 4604 eius."
2387 4547 2604 4616 Θάρσει
2629 4585 2644 4609 ,
2686 4517 2884 4598 italu—le
2914 4559 2926 4573 ο
2977 4543 3058 4607 ὡς
3114 4543 3223 4609 γὰρ
3273 4537 3634 4608 διεμαρτύρω
3675 4535 3749 4586 τὰ

508 4657 562 4692 es
587 4643 650 4693 de
677 4655 756 4690 me
793 4641 844 4690 in
884 4637 1244 4702 Hierusalem,
1274 4646 1350 4690 ita
1379 4646 1426 4691 te
1463 4649 1664 4706 oportet
1693 4639 1856 4692 etiam
1902 4637 2079 4692 Romae

514 4731 805 4796 testiﬁcari.

585 4823 746 4878 Vens.
787 4819 874 4874 12.
917 4817 1019 4874 Sed
1043 4830 1098 4872 ut
1122 4819 1332 4886 diluxit,
1356 4821 1529 4876 Judaei
1548 4823 1766 4892 quidam
1795 4823 1937 4892 facta
1974 4822 2081 4874 eoi-

515 4917 652 4969 tione
679 4915 988 4967 devoverunt
1013 4929 1094 4977 se,
1133 4912 1360 4966 dicentes
1401 4929 1561 4981 neque
1592 4929 1770 4966 esuros
1825 4929 1877 4966 se
1919 4929 2082 4981 neque

513 5009 765 5062 bibituros
801 5021 911 5060 esse
936 5007 1108 5074 quoad
1141 5004 1371 5058 Paulum
1395 5005 1724 5057 occidissent.

583 5187 742 5242 Vens.
787 5186 868 5239 l5.
913 5184 1081 5238 Erant
1127 5192 1306 5235 autem
1349 5183 1528 5251 plures
1567 5181 1958 5252 quadraginta,
1988 5183 2078 5251 qui

513 5275 647 5327 hanc
682 5272 1093 5336 coniurationem
1119 5270 1374 5338 fecerunt.

2183 4639 2314 4708 περὶ
2345 4637 2490 4708 ἐμοῦ
2524 4638 2611 4702 εὶς
2659 4633 3076 4701 Ἰερουσαλὴμ,
3126 4632 3281 4686 οὕτω
3318 4646 3391 4684 σε
3419 4627 3514 4682 δεῖ
3548 4625 3645 4680 καὶ
3677 4625 3750 4678 ἐν

2193 4732 2384 4799 Ῥώμῃ
2412 4730 2457 4762 ⁷³
2480 4724 2882 4798 μαρτυρῆσαι.

2251 4821 2590 4890 Γενομένης
2640 4817 2708 4870 δὲ
2762 4816 2892 4886 funi}
2913 4833 3005 4883 ας.
3050 4815 3416 4884 ποιήσαντές
3439 4829 3596 4878 τινες
3629 4809 3751 4863 τῶν

2192 4914 2497 4969 Ἰουδαίων
2544 4910 2936 4978 συστροφὴν,
3001 4907 3439 4976 ἀνεθεμάτισαν
3493 4901 3745 4966 ἑαυτοὺς

2181 5007 2481 5073 λέγοντες,
2507 5002 2658 5068 μήτε
2688 4999 2918 5068 φαγεῖν,
2963 4999 3112 5068 μήτε
3143 4996 3321 5062 πιεῖν,
3351 4996 3464 5061 ἓως
3501 4989 3570 5050 οὗ
3603 4993 3751 5046 ἀπο-

2185 5096 2462 5148 κτείνωσι
2494 5092 2602 5145 τὸν
2628 5091 2895 5145 Παῦλον.

2256 5182 2459 5237 Ἶισαν
2504 5180 2572 5233 δὲ
2621 5182 2868 5245 πλείους
2922 5177 3379 5246 τεσσαράκοντα
3434 5178 3487 5230 oi
3524 5173 3752 5239 ταύτην

2187 5271 2300 5338 τὴν
2335 5270 2725 5338 συνωμοσίαν
2761 5269 3157 5335 πεποιηκότες
3179 5283 3194 5299 ⁶

1672 5463 1869 5526 Variie
1900 5465 2206 5529 lectiones
2251 5475 2311 5527 et
2356 5473 2545 5526 notae.

586 5600 631 5670 ’ξ’
659 5600 710 5653 οἱ
759 5601 814 5653 in
869 5601 1095 5670 vulgatis
1149 5598 1498 5670 desideratur.
1575 5596 1618 5628 θ’
1651 5595 1714 5670 lu
1758 5597 1985 5670 vulgatis
2023 5616 2074 5651 τε

2179 5598 2396 5670 μέρους.
2471 5599 2517 5628 ⁶¹⁰
2552 5597 2612 5650 In
2653 5597 2877 5666 vulgatis
2913 5593 3172 5670 ἐλάλησεν
3198 5594 3391 5670 αὐτῷ.
3413 5666 3440 5670 __
3466 5596 3508 5628 ⁷¹
3547 5611 3749 5667 κατηχ-

517 5669 725 5752 ῼηοεὶς,
759 5678 912 5749 ενοι..
961 5666 1015 5700 ’τ’
1043 5669 1358 5752 Scltoliastes
1381 5668 1463 5720 hic
1497 5683 1598 5748 non
1621 5668 1824 5720 videtur
1857 5668 2039 5752 legisse
2071 5699 2074 5718 ι

2179 5666 2307 5749 ierim
2328 5685 2444 5739 quw
2474 5677 2778 5752 "sequuntur
2813 5683 2829 5721 :
2864 5667 3166 5752 nempehpi';
3193 5666 3571 5738 θεομαχῶμεν,
3637 5666 3753 5734 qua

520 5739 575 5788 in
604 5739 815 5808 vulgata
844 5739 1000 5792 etiam
1030 5739 1372 5794 translatione
1390 5739 1656 5804 pra’terita
1680 5747 1822 5794 sunt.
1899 5740 1944 5769 ’³
1966 5736 2030 5791 In
2061 5755 2074 5792 ι

2183 5740 2285 5794 atis
2317 5736 2410 5805 est,
2441 5736 2582 5791 οὕτω
2614 5755 2670 5790 σε
2697 5738 2776 5789 δεῖ
2813 5737 2906 5790 καὶ
2943 5741 3020 5798 εἰς

3071 5737 3294 5806 Ρωμην.
