4088 6206
383 349 491 414 805

1134 347 1540 409 EXPOSITIO
1574 350 1655 410 ΙΝ
1692 350 1881 410 ACTA
1918 351 1969 409 Α]

2069 350 2487 414 STOLORUM.
2514 376 2580 386 —
2614 349 2772 411 CAP.
2814 350 3041 410 XXIII.

3537 350 3642 410 8ἓῦ

442 462 671 525 Οῗτινες
701 459 1147 526 προσελθόντες
1182 459 1304 526 τοῖς
1331 459 1672 530 ἀρχιερεῦσι
1709 462 1806 514 καὶ
1833 460 1955 527 τοῖς

2131 462 2295 518 Vens.
2342 464 2428 517 Η.
2478 461 2545 515 Ili
2585 479 2703 515 cum
2752 462 3002 515 venissent
3056 461 3125 512 ad
3178 459 3435 527 principes
3466 477 3645 517 sacer-

373 552 572 620 πρεσό
574 551 824 619 υτέροις,
852 545 1051 604 εἶπον.

458 645 737 710 Ἐπιστὰς
773 640 935 707 αὺτῷ
964 645 997 696 ό
1028 642 1265 710 Κύριος.
1329 645 1552 713 Ἐπειδὴ
1604 642 1694 698 ἀεὶ
1734 632 1793 696 ἐν
1838 644 1958 707 ταῖς

372 737 589 806 θλίψεσι
620 734 934 808 παρακαλεῖ
968 736 998 788 ὁ
1046 737 1271 806 Κύριος
1306 736 1477 807 πρινὴ
1508 736 1564 789 δέ
1583 737 1841 789 ἐκπεσεῖν
1869 738 1950 799 εἰς

376 827 469 880 τὸν
500 826 772 891 κίνδυνον,
802 825 903 879 οὐκ
929 825 1104 895 ἐφάνη
1135 825 1283 896 αὑτῷ
1315 826 1434 894 (καὶ
1461 827 1520 880 ἐν
1543 828 1656 890 τοῖς
1685 826 1957 890 κινδύνοις

374 918 741 990 ἐγγυμνάζων
792 918 965 989 ἡμᾶς)
1009 932 1024 947 ⁸
1079 918 1173 969 καὶ
1231 917 1369 987 μετά
1404 918 1464 970 τὸ
1493 918 1752 989 φανῆναι,
1795 918 1957 974 πάλιν

376 1012 605 1083 ἀφίησιν
634 1011 799 1064 αὑτὸν
828 1008 1186 1081 ἀνθρωπίνως
1212 1009 1474 1080 σωθῆναι.

459 1099 807 1169 Ἀναθέματι
865 1099 1377 1168 ἀνεθεματίσαμεν
1408 1099 1664 1168 ἑαυτοὺς
1689 1101 1957 1171 μηδενὸς

376 1193 711 1261 γεύσασθαι
740 1229 756 1254 ,
800 1188 915 1256 ἕως
948 1186 1019 1245 οὗ
1052 1190 1503 1261 ἀποκτείνωμεν
1542 1193 1588 1224 ⁷⁸
1649 1193 1760 1247 τὸν
1792 1191 1955 1246 Πιιῦ-

378 1288 516 1338 λον.

449 1376 581 1429 Νῦν
609 1371 723 1430 οὖν
772 1374 941 1444 ὑμεῖς
978 1374 1352 1444 ἐμφανίσατε
1402 1374 1484 1441 τῷ
1516 1374 1806 1444 χιλιάρχῳ
1835 1374 1958 1430 σὺν

381 1464 462 1532 τῷ
514 1466 902 1535 συνεδρίῳ⁷⁵,
958 1465 1118 1532 ὅπως
1150 1467 1360 1536 αὔριον
1410 1466 1600 1520 αὐτὸν
1635 1464 1953 1536 καταγάγῃ

381 1560 533 1629 πρὸς
610 1559 761 1630 ὑμᾶς
815 1559 860 1590 ⁷⁵
889 1598 906 1625 ,
981 1560 1064 1624 ὡς
1131 1559 1473 1629 μέλλοντας
1539 1557 1959 1628 διαγινώσκειν

379 1649 801 1720 ἀκριϐέστερον
859 1651 932 1705 τὰ
986 1651 1119 1720 περὶ
1177 1650 1386 1706 αὐτοῦ.
1460 1651 1648 1722 Ἡμεῖς
1678 1651 1748 1706 δὲ
1773 1691 1787 1716 ,
1839 1652 1956 1720 πρὸ

380 1740 488 1794 τοῦ
520 1740 753 1808 ἐγγίσαι
785 1737 996 1807 αὐτὸν,
1048 1738 1273 1809 ἕτοιμοι
1324 1740 1514 1809 ἐσμεν
1563 1739 1670 1794 τοῦ
1710 1739 1958 1794 ἀνελεῖν

384 1848 421 1883 ιι
430 1832 592 1885 ἐντόν.

464 1920 925 1989 Ἀνεθεμάτισαν
950 1921 1229 1988 ἑαυτούς.
1295 1921 1442 1975 ’Λντὶ
1473 1920 1593 1985 τοῦ,
1631 1920 1779 1986 Ἐξω
1815 1916 1957 1975 εἶναι

382 2008 483 2084 τῆς
516 2013 659 2067 κατὰ
687 2013 821 2066 Θεὸν
855 2013 1093 2076 πίστεως
1132 2009 1287 2067 εἶπον
1330 2013 1577 2077 ἑαυτοὺς,
1609 2013 1656 2064 εἰ
1688 2012 1763 2082 μὴ
1801 2011 1960 2081 ποιή-

386 2123 554 2175 σομεν
593 2106 663 2161 τὰ
701 2104 952 2170 δόξαντα.
995 2105 1118 2159 Εἴτε
1146 2101 1243 2161 οὖν
1276 2104 1578 2175 ἐψεύσαντο
1601 2104 1699 2175 τὴν
1726 2102 1965 2172 ὑπόσχε-

388 2213 493 2262 σιν,
541 2195 618 2259 ὡς
651 2197 747 2251 καὶ
797 2196 1140 2265 ἐψεύσαντο,
1177 2195 1433 2263 ἁνάὓεμά
1482 2196 1658 2248 εἰσιν
1713 2194 1827 2248 du
1869 2195 1963 2247 τὸν

389 2287 602 2342 Παῦλον
658 2288 905 2356 ἐγεγόνει
950 2286 1138 2350 αὐτοῖς
1173 2285 1458 2356 φονεῦσαι,
1487 2282 1656 2343 πάλιν
1681 2283 1756 2350 ὡς
1779 2286 1966 2353 φονεῖς

385 2378 635 2449 ἀνάθεμα
687 2378 916 2441 ἑαυτοὺς
962 2378 1005 2409 ⁷⁷
1064 2376 1307 2443 ἐποίουν,
1352 2376 1474 2447 ἦτοι
1520 2376 1550 2429 ὁ
1600 2374 1735 2438 Θεὸς
1787 2374 1963 2428 ἐποίει

385 2487 607 2534 αυτους.

470 2738 768 2807 Ἀκούσας
797 2738 866 2793 δὲ
895 2742 928 2794 ό
975 2737 1105 2805 υιὸς
1152 2738 1262 2807 τῆς
1304 2735 1578 2807 ἀδελφῆς
1616 2737 1862 2792 Παύλου
1895 2737 1965 2790 τὸ

389 2829 634 2900 ἕνεδρον
665 2870 681 2893 ,
720 2831 1203 2901 παραγενόμενος
1249 2829 1345 2883 καὶ
1400 2826 1691 2883 εισελθὼν
1722 2829 1810 2894 εις
1850 2828 1967 2896 τὴν

389 2923 799 2994 παρεμϐολὴν,
828 2923 1158 2992 ἀπήγγειλε
1196 2921 1274 2987 τῷ
1313 2922 1552 2988 Παύλῳ.

461 3014 1042 3085 Προσκαλεσάμενος
1072 3014 1140 3066 δὲ
1176 3016 1209 3067 ό
1255 3012 1496 3078 Παῦλος
1539 3012 1649 3069 ἕνα
1678 3012 1798 3066 τῶν
1825 3013 1966 3071 ἐκα-

2065 557 2249 608 dotum
2279 571 2343 609 ac
2371 556 2618 621 seniores,
2646 556 2917 609 dixerunt.

2138 647 2403 701 Assistens
2450 649 2497 700 ei
2528 646 2803 700 Dominus.
2836 645 3105 711 Quoniam
3150 661 3367 717 semper
3410 647 3465 701 in
3505 648 3645 703 allii-

2065 734 2340 790 ctionibus
2375 733 2639 789 Dominus
2678 734 2947 788 consolari
2987 735 3130 790 solet
3161 753 3174 790 :
3205 736 3300 790 sed
3328 736 3643 807 priusquam

2064 826 2349 880 incidisset
2396 825 2451 879 in
2496 823 2835 893 periculum,
2890 840 3001 878 non
3046 824 3301 894 apparuit
3354 825 3474 880 illi:
3518 841 3643 881 nam

2064 919 2227 972 etiam
2276 917 2533 987 periculis
2584 932 2686 973 nos
2757 924 3014 983 exercet,
3058 932 3123 971 ac
3169 925 3517 987 posteaquam
3567 919 3646 974 illi

2065 1017 2417 1079 apparuerat,
2448 1025 2640 1065 rursus
2668 1009 2800 1064 sinit
2824 1024 2948 1063 enm
2978 1024 3130 1063 more
3153 1009 3392 1065 humano
3414 1013 3641 1066 servari.

2137 1101 2297 1156 Vens.
2321 1102 2405 1156 H.
2431 1102 2573 1156 Diris
2619 1101 3064 1156 exsecrationibus
3093 1102 3387 1156 devovimus
3416 1114 3644 1158 nosmet-

2063 1196 2200 1262 ipsos
2228 1195 2357 1250 iu’liil
2383 1204 2684 1266 gustaturos
2721 1211 2851 1260 esse,
2887 1193 3063 1264 quoad
3096 1193 3327 1247 Paulum
3368 1195 3642 1265 interfece-

2066 1288 2255 1342 rimus.

2138 1378 2294 1432 Vens.
2339 1377 2425 1433 l5.
2466 1379 2621 1431 Nunc
2649 1393 2771 1448 ergo
2813 1394 2902 1431 vos
2942 1377 3213 1432 convenite
3261 1376 3563 1441 tribunum,
3595 1383 3646 1428 et

2065 1468 2299 1522 adhibito
2327 1468 2550 1522 concilio
2580 1470 2721 1539 agite
2743 1485 2859 1522 cum
2889 1486 2970 1532 eo,
3006 1478 3062 1522 ut
3089 1485 3208 1522 cras
3238 1468 3390 1522 illum
3416 1468 3647 1522 deducat

2065 1561 2137 1614 ad
2168 1577 2280 1625 vos,
2324 1570 2504 1631 utpote
2537 1577 2756 1616 causam
2797 1562 2942 1616 illius
2983 1562 3288 1631 diligentius
3324 1562 3642 1631 cognituros.

2068 1651 2183 1708 Nos
2197 1662 2373 1708 autem
2392 1667 2680 1723 antequam
2700 1655 3103 1723 appropinquet,
3124 1655 3304 1723 parati
3323 1670 3507 1708 sumus
3525 1671 3644 1709 eum

2067 1745 2390 1798 interimere.

2136 1922 2445 1976 Devovimus
2482 1938 2595 1975 nos.
2636 1922 2741 1976 Pro
2783 1936 2871 1984 eo,
2915 1935 2980 1977 ac
3024 1920 3071 1976 si
3102 1921 3347 1977 diceret:
3382 1922 3647 1977 Dixerunt

2062 2028 2122 2069 se
2147 2023 2401 2083 expertes
2448 2028 2570 2068 esse
2607 2013 2808 2069 divinas
2852 2012 3005 2079 fidei,
3048 2013 3155 2069 nisi
3200 2014 3517 2077 fecerimus,
3560 2014 3645 2069 in-

2060 2103 2288 2171 quinnt,
2326 2103 2476 2172 quod
2515 2101 2704 2158 facere
2745 2104 3057 2159 statuimus.
3107 2101 3233 2159 Sive
3254 2105 3416 2176 igitur
3449 2105 3642 2161 falsum

2062 2203 2250 2248 votum
2284 2192 2550 2256 fecerunt,
2588 2192 2728 2248 sicut
2756 2192 2920 2247 etiam
2952 2192 3154 2247 frustra
3186 2203 3476 2258 voverunt,
3512 2211 3642 2250 exe-

2062 2289 2294 2344 crabiles
2326 2298 2383 2347 et
2417 2288 2723 2358 piaculares
2754 2287 3003 2343 homines
3035 2298 3165 2343 sunt
3186 2304 3204 2341 :
3248 2288 3363 2344 sive
3403 2303 3491 2344 res
3517 2305 3647 2360 pro-

2063 2395 2224 2449 spere
2262 2382 2651 2445 successisset,
2704 2387 2762 2433 et
2807 2381 3128 2450 contigisset
3168 2381 3281 2446 eis,
3325 2392 3385 2435 ut
3416 2381 3642 2436 Paulum

2064 2471 2414 2536 occiderent,
2451 2484 2643 2524 rursus
2677 2478 2736 2523 ut
2776 2470 3060 2527 homicida:
3104 2484 3291 2526 sacros
3330 2478 3493 2540 atque
3531 2470 3648 2539 pia-

2063 2565 2280 2618 culares
2331 2561 2585 2618 homines
2623 2562 2948 2630 semetipsos
2988 2560 3320 2625 efﬁciebant,
3361 2577 3455 2616 seu
3504 2561 3646 2617 Deus

2065 2654 2190 2710 illos
2212 2653 2469 2713 faciebat.

2138 2746 2300 2801 Vens.
2343 2747 2430 2802 16.
2475 2748 2624 2814 Quas
2665 2749 2888 2802 insidias
2915 2763 3044 2800 'cum
3082 2746 3226 2815 filius
3259 2747 3454 2799 sororis
3485 2744 3646 2799 Pauli

2065 2840 2251 2908 parari
2287 2841 2603 2905 audivisset,
2640 2842 2709 2895 ad
2750 2851 2926 2895 castra
2968 2839 3222 2902 accessit,
3260 2845 3310 2893 et
3355 2839 3643 2908 ingressus,

2065 2933 2193 3002 quid
2225 2942 2470 3002 ageretur
2500 2929 2673 2986 Paulo
2705 2933 3017 2985 enuntiavit.

2139 3020 2299 3075 Vens.
2338 3022 2424 3073 l7.
2472 3018 2673 3074 Paulus
2697 3022 2861 3090 igitur
2881 3037 2998 3073 cuni
3027 3036 3188 3074 unum
3222 3034 3285 3073 ex
3317 3015 3645 3072 centurioni-

390 3112 761 3178 τοντάρχων,
792 3110 907 3177 ἔφη
943 3121 956 3136 ·
1024 3108 1134 3160 Τὸν
1166 3106 1418 3160 νεανίαν
1450 3104 1669 3160 τοῦτον
1694 3104 1965 3174 ἀπάγαγε

2069 3113 2160 3167 bus
2188 3114 2528 3168 advocasset:
2563 3112 2739 3176 Hunc,
2767 3115 2957 3182 inquit.
2982 3112 3359 3166 adolescentem
3382 3108 3551 3163 abduc
3573 3110 3643 3163 ad

392 3202 542 3272 πρὸς
595 3204 700 3256 τὸν
735 3201 1095 3270 χιλίαρχον·
1154 3197 1279 3267 ἔχει
1328 3195 1440 3269 γάρ
1497 3213 1552 3249 τι
1603 3196 1963 3265 ἀπαγγεῖλαι

393 3292 576 3359 αὐτῷ.

474 3388 527 3439 ὐ
548 3385 669 3455 μὲν
697 3385 812 3440 οὖν
841 3382 1204 3453 παραλαϐὼν
1230 3382 1439 3445 αὐτὸν,
1469 3380 1659 3452 ἤγαγε
1688 3381 1840 3449 πρὸς
1863 3381 1969 3433 τὸν

395 3478 715 3546 χιλίαρχον
743 3514 760 3540 ,
825 3474 926 3534 καί
969 3489 1163 3544 φησιν
1193 3488 1208 3502 ’
1282 3471 1345 3526 '0
1394 3470 1967 3541 δέσμιος-Παῦλος,

396 3569 971 3639 προσκαλεσάμενός
994 3584 1092 3637 με,
1128 3567 1406 3635 ἠρώτησε
1453 3566 1672 3621 τοῦτον
1700 3565 1806 3620 τὸν
1832 3581 1967 3618 νεα-

395 3662 535 3714 νίαν
555 3661 800 3731 ἀγαγεῖν
827 3661 977 3728 πρὸς
1013 3658 1089 3712 σε
1124 3657 1338 3729 ἔχοντὰ
1387 3675 1441 3711 τι
1468 3655 1743 3725 λαλῆσαί
1777 3671 1899 3710 σοι.

479 3840 945 3909 Ἐπιλαόόμενος
966 3838 1034 3893 δὲ
1064 3837 1172 3906 τῆς
1208 3836 1405 3906 χειρὸς
1449 3834 1638 3890 αὐτοῦ
1676 3837 1708 3889 ὀ
1741 3836 1973 3902 χιλίαρ-

403 3950 532 4001 χος,
568 3934 666 3987 καὶ
702 3930 1099 4003 ἀναχωρήσας
1147 3932 1279 3985 κατ’
1326 3928 1522 3993 ἰδίαν,
1555 3924 1925 3980 ἐπυνθάνετο
1954 3939 1968 3953 ·

410 4027 469 4078 Tl
498 4026 671 4078 ἐστιν
705 4025 737 4077 ὂ
760 4025 920 4093 ἔχεις
953 4022 1315 4094 ἀπαγγεῖλαι
1332 4035 1478 4089 μοις

469 4116 619 4173 Eine
657 4117 747 4181 se,
801 4118 887 4172 ὅτι
942 4119 1008 4170 οι
1049 4114 1093 4146 ⁷⁸
1166 4111 1431 4168 Ἰουδαῖοι
1476 4107 1803 4166 συνέθεντο
1866 4105 1974 4159 τοῦ

402 4212 699 4280 ἐρωτῆσαι
749 4226 843 4276 σε,
892 4209 1056 4275 ὅπως
1119 4207 1331 4276 αὔριον
1384 4206 1473 4269 εις
1518 4202 1586 4256 τὸ
1650 4198 1976 4267 συνέδριον

402 4304 741 4373 καταγάγῃς
799 4304 908 4356 τὸν
977 4299 1267 4358 Παῦλον.
1328 4297 1408 4360 ὠς
1459 4292 1791 4364 μέλλοντές
1837 4306 1894 4344 τι
1929 4291 1974 4322 ⁷⁸

401 4395 823 4464 ἀκριϐέστερον
845 4390 1257 4453 πυνθάνεσθαι
1291 4387 1422 4455 περὶ
1447 4385 1658 4441 αὐτοῦ.

472 4486 557 4540 Σὺ
586 4481 699 4541 οὖν
725 4484 812 4554 μὴ
853 4479 1110 4550 πεισθῇς
1146 4479 1375 4544 αὐτοῖς.
1431 4475 1843 4546 Ἐνεδρεύουσι
1865 4471 1975 4566 τὰρ
2007 4508 2051 4566 D

402 4579 592 4632 αὑτὸν
621 4577 667 4609 ⁵⁸
715 4576 784 4640 ἐξ
821 4572 1024 4629 αὐτῶν
1083 4570 1302 4638 ἄνδρες
1370 4570 1625 4633 πλείους
1682 4562 1976 4632 τεσσαρά-

406 4686 589 4722 κοντα
624 4684 637 4698 ·
696 4668 920 4732 οἵτινες
991 4660 1431 4731 ἀνεθεμάτισαν
1503 4657 1763 4722 ἑαυτοὺς
1824 4656 1979 4725 μήτε

407 4758 639 4828 φαγεῖν.
675 4758 826 4827 μήτε
885 4755 1066 4819 πιεῖν,
1122 4754 1234 4819 ἓως
1282 4747 1354 4807 οὗ
1406 4748 1711 4806 ἀνέλωσιν
1759 4747 1982 4800 αὐτόν’

408 4851 508 4903 καὶ
546 4850 664 4904 νῦν
694 4848 825 4903 ἰδοὺ
860 4850 902 4880 ⁸⁸
958 4846 1182 4916 ἕτοιμοί
1210 4847 1327 4899 εισι
1359 4840 1828 4910 προσδεχόμενοι
1865 4838 1980 4905 τὴν

405 4941 523 4996 ἀπὸ
555 4941 672 4995 σοῦ
696 4939 1082 5010 ἐπαγγελίαν.

491 5034 545 5085 '0
592 5033 711 5100 μὲν
743 5028 858 5087 οὖν
910 5032 1219 5100 χιλίαρχος
1261 5026 1537 5081 ἀπέλυσε
1586 5022 1691 5077 τὸν
1732 5020 1983 5075 νεανίαν

408 5125 813 5193 παραγγείλας
857 5120 1073 5190 μηδενὶ
1119 5114 1461 5185 ἐκλαλῆσαι
1515 5114 1603 5169 ὅτι
1646 5111 1834 5168 ταῦτα
1884 5110 1984 5163 ενι

411 5216 710 5285 εφιὶιιισας
741 5215 892 5283 πρός
911 5230 1006 5282 με.

479 5308 587 5362 Καὶ
618 5303 1196 5375 προσκαλεσάμενος
1225 5303 1337 5357 δύο
1373 5302 1541 5367 τινας
1576 5298 1696 5353 τῶν
1736 5296 1983 5350 ἑκατον-

408 5396 643 5469 τάρχων
670 5447 682 5464 ,
738 5393 909 5450 εἶπεν
939 5412 954 5427 ’
1023 5398 1403 5465 Ἑτοιμάσατε
1449 5389 1811 5459 στρατιώτας
1849 5384 1976 5437 δια-

2070 3204 2360 3259 tribunum.
2388 3203 2558 3258 Habet
2579 3207 2720 3259 enim
2750 3208 2890 3274 quod
2911 3203 2991 3256 illi
3024 3203 3236 3256 indicet.

2143 3372 2301 3427 Vens.
2351 3371 2434 3427 18.
2478 3370 2642 3441 Atque
2675 3370 2765 3425 ille
2799 3370 3008 3441 quidem
3043 3378 3379 3438 assumptum
3402 3381 3520 3421 eum
3554 3367 3646 3421 de-

2069 3463 2220 3516 duxit
2246 3464 2317 3517 ad
2337 3462 2626 3527 tribunum,
2659 3470 2707 3518 et
2738 3461 2818 3515 ait
2840 3476 2859 3515 :
2893 3458 3093 3515 Paulus
3120 3461 3187 3523 is,
3215 3458 3305 3530 qui
3334 3468 3409 3511 est
3439 3458 3494 3511 in
3528 3458 3646 3510 vin-

2072 3553 2226 3616 culis,
2255 3569 2337 3607 me
2362 3553 2434 3607 ad
2460 3568 2517 3606 se
2544 3562 2786 3607 vocatum
2828 3552 3054 3621 rogavit,
3088 3560 3146 3604 ut
3178 3550 3315 3604 hunc
3343 3548 3648 3603 adolesceno

2072 3650 2174 3694 tem
2201 3641 2445 3694 ducerent
2484 3638 2554 3692 ad
2584 3648 2635 3693 te
2657 3679 2672 3704 ,
2709 3637 2849 3707 quod
2879 3637 3095 3692 haberet
3125 3636 3348 3707 aliquid,
3383 3636 3523 3707 quod
3551 3635 3651 3689 tibi

2074 3732 2393 3801 loqueretur.

2144 3820 2305 3875 Vens.
2348 3820 2435 3875 l9.
2472 3820 2731 3875 Tribunus
2776 3818 2935 3891 167
2983 3816 3144 3885 igitur
3180 3831 3297 3871 cum
3336 3831 3456 3871 eum
3487 3832 3648 3869 manu

2074 3913 2515 3980 ap,n'eliendisset,
2545 3922 2593 3966 et
2614 3926 2853 3966 seorsum
2867 3910 3174 3971 secessisset,
3201 3906 3647 3963 sciscitabaturab

2074 4020 2132 4057 eo
2157 4019 2174 4056 :
2202 4002 2341 4069 Quid
2360 4004 2518 4057 habes
2537 4002 2677 4073 quod
2702 4001 2830 4055 mihi
2858 3999 3093 4053 enunties
3111 3999 3137 4053 .9

2147 4097 2307 4151 Vens.
2351 4094 2442 4151 30.
2479 4095 2646 4164 Atque
2667 4094 2758 4148 ille
2779 4109 2797 4147 :
2817 4091 3234 4154 Constituerunt,
3264 4090 3452 4161 inquit.
3475 4088 3651 4146 Judei

2076 4203 2262 4258 rogare
2310 4198 2393 4253 te,
2437 4197 2491 4240 ut
2538 4203 2656 4241 cras
2709 4186 2764 4239 in
2802 4183 3083 4239 concilium
3123 4182 3351 4237 Paulum
3400 4182 3649 4246 deducas,

2076 4282 2227 4355 quasi
2257 4280 2458 4351 aliquid
2482 4278 2787 4333 accuratius
2816 4284 2976 4347 atque
3002 4274 3302 4345 diligentius
3333 4276 3650 4330 sciscitaturi

2077 4372 2139 4424 de
2166 4370 2277 4425 illo.

2151 4461 2314 4517 Vsns.
2355 4461 2447 4518 2|.
2491 4460 2563 4515 Tu
2602 4477 2723 4517 vero
2754 4460 2861 4515 illis
2899 4460 3109 4514 credere
3142 4475 3206 4512 ac
3243 4473 3436 4512 morem
3473 4473 3655 4527 gerere

2082 4555 2210 4609 noli.
2238 4554 2567 4609 Insidiantur
2593 4556 2730 4607 enim
2764 4554 2811 4607 ei
2844 4568 2907 4606 ea:
2941 4551 3047 4605 illis
3083 4551 3184 4605 viri
3209 4549 3388 4619 plures
3411 4550 3650 4617 quadra-

2078 4648 2251 4718 ginta.
2277 4647 2366 4716 qui
2391 4661 2498 4700 sese
2521 4649 2850 4709 devoverant,
2882 4652 2936 4697 ut
2969 4659 3132 4714 neque
3160 4642 3459 4705 comedunt,
3487 4656 3652 4711 neque

2080 4737 2290 4803 bibant,
2327 4739 2502 4808 quoad
2537 4754 2653 4792 eum
2690 4739 3033 4802 sustulerint;
3065 4749 3113 4793 et
3144 4753 3281 4791 nunc
3320 4752 3434 4791 ecce
3473 4737 3653 4805 parati

2078 4838 2220 4894 sunt,
2245 4838 2293 4883 et
2324 4839 2624 4898 exspectant
2650 4838 2796 4884 tuum
2827 4832 3155 4898 promissum.

2150 5010 2312 5066 Vens.
2366 5008 2457 5063 2‘2.
2516 5008 2690 5080 Igitur
2742 5009 2978 5063 tribunus
3031 5010 3227 5064 dimisit
3250 5010 3653 5065 'adolcsccntem

2081 5100 2288 5169 adjecto
2332 5110 2591 5167 praecepto
2618 5115 2637 5153 :
2694 5098 2844 5165 Vide,
2881 5099 3083 5170 inquit,
3128 5117 3193 5155 ne
3234 5102 3321 5156 cui
3361 5102 3568 5170 eﬂ'ulias
3607 5109 3655 5150 te

2081 5191 2210 5247 mihi
2242 5192 2345 5244 ista
2379 5190 2657 5246 indicasse.

2154 5283 2313 5341 Vens.
2345 5283 2436 5338 23.
2482 5280 2548 5336 Et
2584 5284 2850 5341 accersitis
2898 5287 3105 5339 duobus
3132 5282 3445 5350 quibusdam
3474 5289 3656 5334 centu-

2087 5375 2323 5428 rionibus
2356 5375 2487 5429 dixit
2514 5390 2532 5429 :
2563 5374 2759 5430 Parate
2797 5376 2984 5431 milites
3015 5382 3281 5438 ducentos,
3321 5374 3411 5444 qui
3444 5371 3657 5443 proﬁci-

1599 5503 1795 5567 Vario:
1825 5497 2135 5562 lectiones
2176 5495 2238 5551 et
2284 5494 2470 5551 notas.

482 5642 530 5670 “
563 5639 979 5709 ἀποκτιξνομεν,
1003 5648 1136 5693 erat.

1237 5638 1284 5670 "
1311 5636 1373 5690 In
1400 5633 1661 5688 nonnullis
1687 5627 1937 5690 vulgatis,
1972 5622 2065 5675 καὶ
2090 5618 2169 5688 τῷ
2193 5614 2478 5690 σννελδρίῳ,

2590 5615 2634 5649 1s
2670 5615 2837 5684 ὑμᾶς,
2890 5614 2945 5684 ἔῃ
2995 5609 3266 5684 vnlgalis-_
3340 5609 3655 5684 πέιινξιοῖς.

408 5723 543 5766 erat.
563 5680 767 5764 “Hal-tt
793 5680 1150 5776 miriuicripto
1177 5706 1598 5776 desideratur,on
1626 5712 1748 5776 ante
1777 5680 1969 5750 ⁸⁷1ουδαί

2119 5680 2165 5721 ⁷³
2196 5680 2475 5739 natura
2502 5701 2578 5749 τι,
2625 5680 2761 5738 erat.
2837 5683 2884 5714 ‘°
2910 5682 2974 5739 In
3000 5680 3360 5751 manuscripto
3379 5680 3654 5735 desidera-

411 5786 519 5847 tur,
544 5780 725 5836 αὐτόν.
767 5779 810 5811 ⁸⁸
852 5779 1003 5846 Ἰδοὺ,
1030 5772 1357 5841 desideratur
1377 5775 1429 5827 in
1460 5772 1706 5842 vulgatis.
