4088 6206
332 326 439 391 819

1213 319 1788 380 ΤΙΙΕΟΡΗΥΙΛΟΤῙ
1824 320 2235 381 BULGARIIE
2264 317 2617 380 ARCHIEP.

3473 313 3581 379 8‘20

335 440 403 494 ad
466 437 666 493 ctedcm
716 434 953 497 tradens,
997 428 1285 485 liomicidis
1359 430 1600 500 placeret
1639 447 1653 484 :
1696 431 1909 485 etiamsi

2017 433 2094 495 είς
2124 431 2370 496 Θάνατον,
2405 431 2579 502 ἀρέσῃ
2612 433 2726 492 τοῖς
2754 430 3072 500 φονευτατς·
3102 429 3209 483 κᾶν
3235 429 3584 498 παρανομίας

333 530 576 584 futurum
607 534 803 582 eratut
830 524 898 579 ab
926 522 1297 576 Romanorum
1360 522 1685 592 imperatore
1738 523 1793 577 in
1813 522 1905 593 ju-

335 621 536 677 dicium
564 618 773 673 violatae
801 614 936 686 legis
965 622 1274 676 vocaretur,
1298 628 1328 668 a
1354 630 1462 684 quo
1483 616 1649 668 etiam
1670 615 1903 672 emissus

332 723 470 777 erat,
528 720 587 765 ut
622 709 818 763 ﬁnibus
878 707 1372 778 Hierosolymorum
1426 709 1767 777 praesideret.
1830 709 1904 764 De

334 822 435 874 quo
465 812 660 857 stantes
684 808 1038 864 accusatores,
1068 798 1268 852 nullum
1309 816 1372 854 ea:
1400 800 1465 853 iis
1512 817 1629 870 quea
1660 802 1901 870 suspica-

336 895 459 959 bar,
490 894 685 947 crimen
716 890 1016 960 offerebant.
1062 890 1225 959 Atqui
1254 891 1462 946 crimen
1516 892 1735 961 quidem
1773 890 1906 946 aﬂ'e-

2014 523 2205 593 ἔμε).λε
2265 523 2548 596 κρίνεσθαι
2602 523 2753 593 παρὰ
2796 522 2890 576 τοῦ
2955 519 3245 590 Ῥωμαίων
3294 517 3583 588 βασιλέως,

2013 609 2226 686 παρ’οὗ
2275 616 2370 670 καὶ
2398 612 2466 688 ἦν
2517 615 2854 686 ἐκπεμφθεὶς
2891 612 3054 684 ἄρξαι
3097 612 3207 685 τῷν
3250 612 3350 681 τῆς
3391 610 3587 681 Ἰερου-

2015 706 2198 778 σαλὴμ
2251 708 2412 779 ὅρων.
2467 708 2605 777 Περὶ
2654 703 2725 763 οὗ
2787 707 3114 772 σταθέντες
3164 707 3219 759 al
3265 703 3586 771 κατήγοροι

2012 799 2296 868 οὐδεμίαν
2335 800 2532 853 αἰτίαν
2556 799 2872 868 ἐπέφερον.
2928 798 3038 851 Καὶ
3076 796 3184 867 μὴν
3222 795 3437 866 ἔφερον,
3469 791 3584 850 ἀλλ’

2008 891 2109 943 οὐκ
2138 890 2394 962 ἤλεγξαν.
2439 891 2504 943 Ἦ
2540 891 2639 960 μὲν
2679 890 2790 960 γὰρ
2823 888 3084 958 ἐπιϐουλὴ
3114 888 3209 941 καὶ
3239 886 3302 939 τὸ
3326 885 3583 955 τόλμημα

330 985 548 1051 rebant,
573 983 664 1038 sed
689 997 797 1038 non
826 982 1148 1051 probabant,
1186 997 1363 1052 neque
1390 981 1736 1037 documentis
1753 995 1903 1034 reum

2017 982 2165 1035 τοῦτο
2204 980 2534 1035 ὑποπτεύειν
2558 981 2748 1052 ἐδήλου
2770 996 2784 1012 ο
2811 981 2843 1048 ή
2891 980 2947 1033 δὲ
2981 978 3227 1043 ἐξέτασις
3252 976 3404 1028 οὐδὲν
3468 971 3582 1043 εἶχε

333 1076 751 1132 convincebant.
806 1074 944 1128 Nam
998 1073 1211 1129 insidias
1244 1074 1464 1143 quidem
1514 1081 1676 1140 atque
1725 1071 1903 1125 audax
2010 1072 2275 1127 τοιοῦτον.

332 1171 551 1225 illorum
578 1168 790 1222 facinus
815 1168 919 1223 boc
943 1168 1327 1238 suspicandum
1352 1182 1471 1222 esse
1500 1165 1896 1236 signiﬁcabant,
1940 1168 2035 1223 sed
2076 1169 2339 1225 scrutatio
2374 1179 2537 1239 atque
2570 1167 2851 1239 inquisitio
2877 1164 3082 1238 judicis
3125 1163 3263 1219 nihil
3318 1161 3425 1217 tale
3480 1162 3583 1216 lia-

331 1265 516 1326 bebat,
543 1269 641 1315 nec
664 1261 806 1331 quod
844 1261 1226 1330 suspicabatur
1245 1275 1471 1330 praeses,
1495 1275 1552 1315 re
1573 1259 1799 1328 quu'sila
1817 1260 2282 1329 depreliendebat.

403 1355 666 1411 Vens.i9.
694 1354 797 1410 Sed
827 1357 1140 1425 quaestiones
1192 1354 1478 1410 nonnullas
1535 1356 1597 1408 de
1647 1371 1745 1408 sua
1785 1355 1906 1410 reli—

2079 1357 2398 1427 Ζητήματα
2434 1358 2503 1411 δέ
2536 1375 2671 1412 τινα
2700 1356 2835 1423 περὶ
2876 1356 2988 1424 τῆς
3029 1355 3181 1420 ιδίας
3225 1353 3583 1421 δεισιδαιμο-

333 1449 484 1518 gione
511 1463 574 1500 ac
596 1448 659 1501 de
688 1446 810 1500 Jesu
829 1448 1053 1518 quodam
1080 1457 1307 1506 mortuo.
1336 1464 1487 1519 quem
1510 1445 1711 1500 Paulus
1742 1448 1909 1500 vivere

2017 1449 2143 1512 νίας
2192 1446 2359 1516 εἶχον
2409 1448 2559 1517 πρὸς
2613 1449 2819 1512 αὐτὸν,
2858 1449 2953 1501 καὶ
2994 1447 3125 1514 περὶ
3189 1446 3351 1512 τινὸς
3389 1444 3584 1513 Ἰησοῦ

334 1539 532 1603 aiebat,
563 1540 810 1593 adversus
848 1556 965 1592 eum
996 1539 1275 1593 habebant.

411 1629 573 1686 Vens.
600 1631 694 1685 20.
748 1628 882 1684 Cum
933 1640 1109 1684 autem
1152 1647 1244 1701 ego
1270 1632 1519 1687 horrerent
1547 1634 1601 1685 in
1660 1633 1907 1702 quwslio-

2010 1541 2390 1605 τεθνηκότος.
2427 1539 2500 1593 ὃν
2536 1539 2806 1609 ἔφασκεν
2844 1542 2878 1592 ὁ
2902 1538 3148 1604 Παῦλος
3186 1536 3308 1605 (ﬁn.

2082 1629 2520 1696 Ἀπορούμενος
2548 1627 2616 1680 δὲ
2645 1627 2759 1696 ἐγὼ
2785 1626 2899 1695 τὴν
2928 1626 3061 1695 περὶ
3089 1628 3306 1680 τούτου
3340 1622 3588 1690 ζήτησιν

334 1737 397 1777 ne
424 1721 567 1776 illius
588 1722 681 1787 rei,
718 1738 809 1776 nec
836 1738 913 1775 me
946 1722 1187 1791 expedire
1225 1739 1449 1789 possem,
1480 1723 1713 1776 dicebam
1746 1739 1764 1775 :
1827 1722 1907 1776 An

2017 1717 2254 1789 ἔλεγονο
2288 1722 2357 1774 El
2375 1721 2590 1784 βούλει
2608 1721 2963 1789 πορεύεσθαι
2988 1720 3059 1772 ἐν
3098 1714 3495 1788 Ἰερουσαλὴμ
3516 1715 3583 1779 ³⁸,

334 1818 411 1870 uis
450 1816 506 1869 in
548 1813 841 1869 Jerusalem
870 1813 966 1879 ire,
994 1821 1041 1868 et
1071 1812 1182 1867 illic
1210 1814 1273 1867 de
1300 1814 1416 1868 istis
1450 1813 1598 1867 rebus
1638 1814 1904 1884 judicium

2017 1808 2195 1863 κάκεῖ
2219 1809 2530 1877 κρίνεσθαι
2561 1808 2695 1877 περὶ
2735 1811 2996 1872 τούτων;

334 1908 508 1962 subire
525 1910 551 1962 ?

409 1996 573 2053 Vens.
606 1998 699 2051 21.
736 1996 838 2053 Sed
868 2012 983 2050 cum
1013 1994 1219 2049 Paulus
1251 2004 1578 2065 provocasset
1608 2005 1661 2050 ιιι
1673 2013 1907 2052 servare-

336 2100 423 2142 tur
455 2087 993 2158 cognitioniAugusti,
1011 2087 1145 2156 jussi
1180 2087 1769 2160 asservarieumquoad
1788 2106 1906 2144 eum

334 2181 545 2234 mittam
584 2180 654 2232 ad
686 2177 967 2234 Cwsarem.

412 2357 578 2414 Vens.
596 2358 686 2413 Ἡ.
712 2358 946 2429 Agrippa
975 2367 1151 2412 autem
1177 2358 1247 2411 ad
1265 2357 1473 2413 Festum
1492 2361 1731 2414 dicebat:
1758 2361 1907 2415 Vole-

337 2453 458 2505 bam
478 2451 635 2505 etiam
662 2451 771 2518 ipse
785 2451 1041 2504 hominem
1060 2450 1266 2505 audire.
1284 2451 1349 2506 At
1386 2451 1507 2506 ille:
1535 2452 1685 2519 Cras,
1717 2453 1906 2525 inquit,

339 2544 524 2596 audies
554 2541 726 2596 illum.

412 2628 580 2684 Vsus.
600 2629 691 2684 93.
730 2627 907 2700 Igitur
935 2631 1188 2701 postridie
1218 2648 1335 2686 cum
1356 2631 1589 2701 Agrippa
1624 2641 1671 2687 et
1689 2632 1909 2687 Bernice

339 2739 455 2775 cum
504 2738 699 2794 magna
765 2739 957 2791 pompa
1024 2725 1304 2792 uenissent,
1376 2733 1425 2779 et
1488 2741 1596 2779 una
1640 2741 1757 2778 cum
1810 2725 1910 2777 tri-

340 2816 493 2869 bunis
551 2824 600 2869 et
651 2816 1017 2871 excellentibus
1073 2818 1299 2872 civitatis
1363 2818 1491 2872 uiris
1569 2818 1626 2871 in
1704 2817 1911 2871 audito-

339 2908 477 2959 rium
507 2907 724 2978 ingressi
772 2917 959 2975 essent,
1010 2908 1164 2981 jussu
1192 2909 1333 2963 Festi
1387 2908 1588 2964 Paulus
1628 2910 1784 2962 etiam
1816 2908 1911 2962 ad-

339 3000 523 3052 ductus
543 3009 637 3053 est.

414 3160 580 3215 Vens.
603 3161 695 3214 24.
729 3162 803 3215 Ac
830 3162 1057 3216 Festus:
1083 3162 1317 3231 Agrippa
1357 3179 1472 3224 rex,
1504 3164 1695 3233 inquit,
1736 3172 1783 3216 et
1827 3178 1916 3217 vos

338 3251 442 3304 uiri
475 3267 672 3316 omnes,
699 3256 789 3321 qui
843 3251 1006 3305 simul
1064 3268 1243 3305 coram
1297 3253 1509 3318 adestis,
1560 3252 1743 3307 uidetis
1781 3254 1916 3307 hunc

340 3344 406 3396 de
430 3359 530 3413 quo
553 3343 720 3396 omnis
758 3340 1070 3397 Juda'orum
1096 3343 1375 3397 multitudo
1395 3355 1505 3398 tum
1539 3343 1915 3416 Hierosolymis

340 3443 451 3488 tum
478 3434 561 3488 hic
572 3435 1011 3503 mdeonvenerunt
1033 3444 1080 3489 et
1098 3434 1527 3505 interpellarunt,
1561 3435 1915 3491 acclamantes

341 3543 460 3580 eum
492 3526 721 3597 amplius
757 3527 926 3581 vivere
960 3543 1063 3583 non
1085 3537 1343 3597 oportere.

412 3618 486 3672 Ac
513 3619 576 3672 de
603 3617 728 3672 Jesu
768 3619 1017 3689 quodam.
1078 3619 1196 3675 Non
1243 3621 1443 3675 mirum
1488 3622 1632 3691 quod
1678 3621 1807 3676 dicit
1849 3622 1915 3676 de

341 3708 472 3764 Jesu
510 3710 747 3780 quodam
770 3750 784 3774 ,
819 3719 1004 3779 utpote
1052 3711 1216 3767 homo
1246 3721 1512 3782 potestate
1543 3706 1701 3784 174
1720 3711 1914 3782 pracdi-

342 3811 453 3867 tus,
502 3808 556 3857 et
595 3802 742 3856 illum
788 3817 898 3858 non
937 3817 1154 3859 curans.
1205 3803 1337 3859 Cum
1389 3814 1564 3858 autem
1620 3821 1713 3875 ego
1746 3804 1914 3859 licere-

339 3911 474 3950 rem.
541 3892 844 3965 Superabat
898 3894 1043 3950 enim
1100 3895 1295 3950 barum
1335 3911 1517 3951 rerum
1566 3895 1796 3967 qumstio
1825 3896 1914 3966 ju-

340 3986 477 4044 dicis
504 4002 683 4043 aures.
715 3987 778 4043 Ut
799 3998 1097 4043 servaretur
1125 3989 1423 4059 cognitioni
1441 3989 1682 4059 Augusti.
1731 3988 1915 4042 Minus

340 4081 541 4137 usitate
571 4080 873 4152 Augustum
922 4081 1304 4151 imperatorem
1332 4090 1491 4136 vocat
1534 4098 1550 4143 ς
1591 4081 1734 4137 sicut
1752 4081 1915 4136 etiam

342 4174 636 4240 Caesarem,
668 4189 830 4244 quem
867 4173 1029 4228 etiam
1060 4173 1340 4229 dominum
1368 4181 1547 4228 vocat.

413 4265 584 4323 Vens.
637 4267 729 4321 25.
793 4264 905 4337 Ego
971 4282 1090 4320 vero
1140 4281 1254 4320 cum
1318 4275 1637 4336 compertum
1695 4264 1916 4317 habeam

341 4370 462 4412 eum
511 4356 645 4411 nihil
693 4357 909 4428 dignum
937 4366 1101 4412 morte
1155 4357 1490 4419 commisisse,
1541 4365 1696 4426 atque
1759 4355 1919 4409 etiam

2090 1994 2202 2048 Τοῦ
2260 1992 2330 2047 δὲ
2389 1991 2632 2047 Παύλου
2685 1991 3206 2058 ἐπικαλεσαμένου
3257 1990 3587 2059 τηρηθῆναι

2013 2082 2199 2136 αὐτὸν
2213 2084 2300 2147 είς
2321 2081 2434 2150 τὴν
2458 2082 2563 2137 τοῦ
2591 2066 2893 2137 Σεϐαστοῦ
2915 2080 3257 2150 διάγνωσιν,
3288 2079 3589 2133 ἐκέλευσα

2015 2174 2317 2242 τηρεῖσθαι
2358 2172 2563 2238 αὐτὸν,
2595 2173 2705 2240 ἓως
2735 2169 2807 2228 οὗ
2838 2173 3053 2242 πέμψω
3074 2172 3262 2225 αὐτὸν
3284 2169 3432 2238 πρὸς
3450 2169 3591 2223 Καί-

2014 2282 2193 2333 σαρα.

2086 2357 2406 2427 Ἀγρίππας
2428 2354 2495 2408 δὲ
2534 2354 2683 2422 πρὸς
2711 2354 2818 2408 τὸν
2846 2352 3091 2422 Φῆστον
3119 2351 3234 2421 ἔφη
3254 2368 3268 2383 ·
3313 2351 3585 2406 Ἐϐουλό-

2010 2466 2135 2520 μην
2190 2448 2288 2501 καὶ
2344 2447 2526 2514 αὐτὸς
2573 2446 2680 2499 τοῦ
2717 2444 3032 2513 ἀνθρώπου
3063 2443 3340 2500 ἀκοῦσαι.
3383 2443 3445 2495 '0
3492 2440 3581 2504 δὲ,

2010 2543 2247 2610 Αὔριον,
2287 2539 2500 2609 φησὶν,
2539 2539 2776 2606 ἀκούσῃ
2816 2538 3022 2591 αὐτοῦ.

2089 2631 2174 2701 Τῇ
2204 2629 2317 2687 οὖν
2352 2631 2641 2699 ἐπαύριον
2675 2630 2960 2694 ἐλθόντος
3007 2628 3114 2684 τοῦ
3151 2627 3435 2698 Ἀγρίππα
3486 2623 3588 2679 καὶ

2016 2724 2129 2794 τῆς
2158 2726 2446 2793 Βερνίκης
2473 2723 2621 2795 μετὰ
2657 2721 2894 2790 πολλῆς
2942 2723 3300 2792 φαντασίας,
3341 2718 3439 2774 καὶ
3463 2720 3590 2774 εισ-

2017 2820 2319 2873 ελθόντων
2369 2821 2457 2884 εἰς
2494 2816 2561 2871 τὸ
2611 2815 3009 2885 ἀκροατήριον
3055 2817 3178 2870 σύν
3226 2832 3292 2868 τε
3325 2813 3450 2879 τοῖς
3500 2830 3590 2881 χι-

2017 2910 2284 2979 λιάρχοις
2321 2909 2419 2964 καὶ
2449 2908 2708 2977 ἀνδράσι
2739 2907 2864 2974 τοῖς
2891 2908 3018 2961 κατ’
3047 2907 3275 2976 ἐξοχὴν
3303 2901 3442 2960 οὖσι
3476 2903 3588 2974 τῆς

2019 3004 2272 3068 πόλεως,
2310 3002 2409 3056 καὶ
2464 3001 2873 3067 κελεύσαντος
2915 2998 3024 3054 τοῦ
3061 2998 3327 3068 Φήστου,
3368 2996 3527 3067 ἤχθη
3554 2999 3587 3051 ό

1942 3113 1985 3170 c
2019 3092 2282 3156 Παῦλος.

2089 3184 2201 3238 Καί
2224 3199 2415 3252 φησιν
2446 3185 2479 3237 ό
2508 3182 2746 3251 Φῆστος
2765 3197 2779 3212 ·
2827 3181 3121 3250 Ἀγρίππα
3151 3179 3438 3246 βασιλεῦ,
3490 3177 3588 3232 και

2019 3276 2244 3343 πάντες
2264 3279 2318 3331 oi
2341 3274 2764 3344 συμπαρόντες
2799 3272 2969 3342 ὑμεῖς
2988 3273 3031 3304 ³⁷
3068 3271 3301 3341 ἄνδρες,
3327 3270 3590 3338 θεωρεῖτε

2017 3369 2253 3436 τοῦτον,
2284 3367 2418 3437 περὶ
2464 3362 2537 3423 οὗ
2584 3365 2708 3422 πᾶν
2749 3365 2815 3419 τὸ
2867 3363 3102 3434 πλῆθος
3138 3363 3256 3418 τῶν
3290 3363 3590 3419 Ἰουδαίων

2017 3460 2308 3530 ἐνέτυχόν
2344 3475 2419 3529 με
2444 3459 2490 3492 ³⁸
2522 3457 2592 3511 ἐν
2641 3475 2704 3512 τε
2748 3458 3188 3528 Ἰεροσολύμοις
3214 3456 3312 3511 καὶ
3357 3454 3587 3519 ἐνθάδε,

2019 3551 2376 3617 ἐπιϐοῶντες
2395 3550 2483 3620 μὴ
2516 3549 2644 3603 δεῖν
2664 3547 2770 3618 ζῆν
2796 3549 2984 3604 αὐτὸν
3003 3549 3238 3618 μηκέτι.

2088 3644 2200 3697 Καὶ
2238 3643 2377 3712 περί
2405 3659 2566 3708 τινος
2589 3641 2818 3709 Ἰησοῦ.
2848 3642 3088 3706 Εἰκότως
3116 3641 3245 3711 περὶ
3271 3641 3419 3704 τινὸς
3443 3640 3590 3709 λέγει

2030 3734 2229 3805 Ἰησοῦ,
2265 3732 2550 3801 ἄνθρωπος
2584 3734 2642 3787 ὲν
2676 3732 2818 3804 ἀρχῇ
2849 3730 2946 3799 ὣν,
2984 3732 3081 3786 καὶ
3111 3731 3301 3785 τοῦτον
3333 3732 3394 3785 οὐ
3427 3748 3592 3803 φρον-
3676 3764 3680 3767 ~

2017 3825 2205 3890 τιζων.
2234 3824 2279 3856 ⁸⁸
2315 3823 2676 3895 ’Υπερέὸαινε
2705 3824 2762 3878 δὲ
2780 3823 2827 3857 ⁸⁸
2854 3824 3110 3878 δικαστοῦ
3136 3824 3357 3895 ἀκοᾶςή
3387 3823 3590 3880 τούτων

2020 3918 2271 3991 ζήτησις.
2303 3919 2408 3984 Είς
2445 3916 2563 3986 τὴν
2608 3918 2715 3973 τοῦ
2760 3917 3063 3973 Σεϐαστοῦ
3105 3916 3447 3987 διάγνωσιν.
3489 3919 3591 3970 Σεο

2021 4007 2217 4062 ϐαστδν
2257 4007 2713 4080 καταχρηστικῶς
2758 4008 2853 4062 τὸν
2892 4008 3115 4077 βασιλέα
3168 4007 3354 4063 καλείο
3402 4006 3591 4077 ὥσπερ

2022 4099 2301 4172 Καίσαρα,
2337 4099 2397 4154 ὃν
2431 4101 2526 4153 καὶ
2557 4098 2747 4171 κύριον
2779 4099 2956 4154 καλεῖ.

2090 4281 2233 4350 Ἐγὼ
2257 4280 2326 4334 δὲ
2365 4281 2849 4348 καταλαϐόμενος
2894 4278 3090 4350 μηδὲν
3119 4280 3295 4344 ἄξιον
3331 4280 3589 4336 θανάτου

2021 4376 2211 4430 αὐτὸν
2247 4372 2638 4442 πεπραχέναι,
2665 4372 2762 4426 και
2796 4371 2982 4427 αὑτοῦ
3038 4372 3108 4426 δὲ
3145 4374 3359 4428 τούτου
3385 4373 3591 4427 ἐπικα-

340 4448 549 4502 istemet
610 4449 720 4518 ipse
765 4448 1050 4518 appellarit
1101 4449 1411 4519 Augustum,
1443 4447 1609 4501 statui
1653 4462 1768 4500 eum
1800 4445 1911 4497 mit-

2024 4465 2368 4534 λεσαμένου
2419 4463 2527 4517 τὸν
2572 4462 2895 4527 Σεϐαστὸν,
2932 4462 3143 4531 ἔκρινα
3196 4464 3454 4534 πέμπειν
3479 4464 3591 4518 αὐ-

342 4544 470 4594 tere.

414 4625 584 4681 Vens.
615 4627 707 4680 26.
744 4626 823 4681 De
844 4643 945 4697 quo
975 4626 1101 4697 quid
1126 4627 1255 4679 certi
1285 4627 1513 4681 scribam
1550 4628 1778 4689 domino,
1813 4641 1917 4679 non

343 4716 533 4775 habeo.
559 4714 908 4781 Quamobrem
938 4717 1163 4789 produxi
1191 4734 1308 4771 eum
1326 4717 1396 4771 ad
1420 4734 1529 4782 vos,
1559 4734 1623 4770 ac
1685 4715 1914 4770 maxime

344 4810 417 4864 ad
451 4818 519 4872 te,
540 4824 633 4861 rex
656 4807 913 4880 Agrippa,
938 4819 993 4863 ut
1023 4810 1357 4879 inquisitione
1373 4812 1513 4881 facta
1541 4810 1759 4863 habeant
1779 4808 1915 4879 quod

340 4898 568 4954 scribam
596 4917 615 4952 :

414 4992 585 5047 Vsus.
620 4991 711 5046 ‘27.
764 4992 1006 5048 Alienum
1063 4995 1199 5048 enim
1261 5013 1292 5049 α
1360 4996 1566 5050 ratione
1621 4998 1748 5052 mihi
1803 5014 1916 5053 esse

344 5083 571 5148 videtur,
653 5085 913 5140 hominem
988 5103 1051 5140 ex
1103 5088 1323 5141 uinculis
1374 5104 1593 5141 causam
1654 5090 1915 5144 dicturum

343 5177 571 5242 mittere,
607 5186 655 5230 et
711 5178 936 5231 crimina
998 5178 1245 5232 adversus
1285 5195 1401 5231 cum
1425 5178 1595 5232 allata
1626 5195 1727 5233 non
1750 5180 1916 5251 signi-

343 5266 524 5334 ﬁcare.

419 5357 558 5412 Eum
587 5360 719 5412 nihil
750 5344 963 5431 dignum
988 5368 1152 5413 morte
1180 5361 1518 5414 commisisse.
1544 5360 1663 5417 Jam
1706 5365 1920 5420 tandem

2024 4559 2150 4611 τόν.

2094 4644 2233 4713 Περὶ
2282 4638 2356 4699 οὗ
2401 4643 2678 4713 ἀσφαλές
2725 4660 2781 4696 τι
2828 4643 3051 4712 γράψαι
3127 4643 3208 4708 τῷ
3256 4644 3439 4711 κυρίῳ
3478 4645 3591 4698 οὐκ

2023 4741 2161 4810 ἔχω.
2192 4739 2291 4793 Διὸ
2328 4737 2676 4808 προήγαγον
2718 4736 2904 4791 αὐτὸν
2939 4738 3034 4806 ἐφ’
3064 4736 3220 4806 ὑμᾶς
3250 4738 3316 4801 ⁸⁸,
3349 4737 3446 4790 καὶ
3471 4736 3591 4806 μά·-

2026 4837 2209 4888 λιστα
2265 4832 2364 4886 ἐπὶ
2409 4831 2548 4895 σοῦ,
2598 4829 2863 4894 ,ϐασιλεῦ
2919 4830 3219 4898 Ὰῃοίππα,
3269 4829 3430 4894 ὅπως
3481 4828 3593 4898 τῆς

2025 4924 2395 4993 ἀνακρίσεως
2426 4920 2773 4993 γενομένης,
2804 4919 2936 4989 σχῶ
2961 4936 3013 4972 τι
3040 4918 3283 4988 γράψαι.

2101 5017 2352 5085 Ἀλογον
2381 5016 2489 5086 γὰρ
2526 5015 2697 5069 δοκεῖ
2714 5032 2815 5085 μοι
2846 5011 3157 5082 πέμποντα
3186 5012 3459 5084 δέσμιον,
3489 5014 3578 5088 μὴ

2026 5102 2126 5158 καὶ
2146 5105 2252 5171 τὰς
2278 5105 2403 5158 κατ’
2423 5104 2610 5159 αὑτοῦ
2634 5106 2826 5170 αίτίας
2855 5105 3139 5177 σημᾶναι.
3326 5112 3336 5122 ·

2094 5366 2304 5434 Μηδὲν
2330 5365 2503 5430 ἄξιον
2525 5361 2784 5419 θανάτου
2814 5361 3001 5417 αὐτὸν
3029 5358 3418 5431 πεπραχέναι.
3445 5354 3596 5418 Τέως

1495 5509 1695 5572 Varius
1724 5510 2029 5574 lectiones
2074 5518 2134 5575 et
2177 5518 2367 5574 notae.

421 5608 465 5638 ³⁸
490 5605 556 5661 1η
590 5608 814 5675 vulgatis
867 5609 917 5660 εἰ

384 5742 440 5813 φ’
469 5742 644 5814 ὑμῶν.

969 5608 1207 5682 βούλοιτο
1247 5607 1587 5682 ’πορεύεσθαι
1631 5612 1710 5673 εἰς
1776 5610 2156 5682 Ἰερουσαλήμ.

387 5676 443 5755 riu
475 5692 585 5755 pot:
665 5678 707 5709 ”
735 5676 984 5732 Videntur
1037 5680 1116 5733 hic
1149 5679 1303 5735 verba
1333 5676 1404 5733 Ι).
1434 5678 1588 5734 Luca:
1637 5676 1911 5754 repetenda

2017 5676 2200 5754 ιπόρού
2210 5699 2368 5755 μενος
2424 5681 2478 5734 δὲ
2541 5676 2671 5751 ἐγω.

2972 5608 3017 5640 ⁸⁸
3046 5606 3109 5662 In
3160 5606 3384 5673 attigatis
3411 5602 3593 5673 ἐνέτυ-

2258 5613 2301 5644 ³⁷
2345 5612 2406 5665 1η
2455 5609 2680 5681 vulgatis
2719 5609 2869 5712 ἡλμῖν.
2972 5609 3017 5640 ⁸⁸
3046 5609 3109 5662 In
3160 5609 3384 5673 attigatis
3411 5609 3589 5684 Evsce-

2258 5699 2368 5743 ενος
2424 5681 2478 5734 δὲ
2541 5684 2671 5743 ἐγω.
2771 5680 2897 5735 'ia'.
2939 5679 3066 5743 γάρ.
3177 5678 3216 5710 ⁸³
3250 5677 3311 5732 In
3362 5672 3589 5743 vulgatis

2771 5682 2790 5713 '
2812 5680 2897 5735 ῖσ.
2939 5679 3066 5749 γάρ.
