4088 6206
395 355 499 420 821
1014 354 1418 415 EXPOSITIO
1457 353 1538 414 IN
1576 354 1768 415 ACTA
1804 355 2389 422 APOSTOLORUM.
2415 386 2486 397 —
2517 361 2675 422 CAP.
2704 361 2917 425 XXVI.

393 478 421 528 ὁ
448 472 711 543 δικαστὴς
741 470 901 536 αὐτὸς
935 476 1207 542 μαρτυρεῖ
1236 471 1406 541 αὐτῷ,
1438 471 1521 525 ὅτι
1547 469 1839 533 ἀνεύθυνος
1868 467 1936 542 ἦν
1957 486 1971 502 ⁸

2081 476 2240 546 iudex
2287 478 2406 548 ipse
2442 478 2763 535 testiﬁcatur
2795 495 2919 535 eum
2959 493 3082 535 esse
3134 478 3518 537 innocentem:
3568 500 3664 541 ve-

392 568 534 639 πλὴν
564 568 666 620 οὐκ
693 566 965 621 ἀπέλυσεν
991 564 1176 630 αὐτὸν,
1200 564 1373 628 οὓτως
1404 565 1863 636 οἰκονομήσαντος
1881 562 1976 617 τοῦ

2082 576 2391 622 rumtamcn
2443 584 2555 623 non
2628 569 2837 625 dimisit
2887 585 3010 625 eum
3072 571 3215 640 quod
3265 571 3529 628 Dominus
3586 575 3675 631 ita

394 660 628 732 Κυρίου.
664 660 752 713 ἵνα
803 657 1170 728 ὲκκαλέσηται
1205 658 1324 723 (καὶ
1368 658 1583 726 ἀνάγκη
1619 658 1745 721 τοὺς
1776 657 1977 728 ἐκκλή-

2081 668 2457 725 procurasset,
2505 667 2565 713 ut
2605 658 2810 715 Paulus
2832 670 3187 730 provocarat:
3220 676 3448 719 necesse
3477 675 3677 720 autem-

3553 362 3696 429 82?:

394 769 516 815 τους
549 750 867 822 πεμφθῆναι
892 754 970 814 εἰς
1003 748 1277 821 Ῥώμην),
1323 749 1423 804 καὶ
1458 749 1719 820 πληρωθῇ
1756 747 1816 802 τὸ
1847 765 1978 819 προ-

390 843 663 914 φητευθὲν
694 843 785 895 ὑπ’
826 842 1012 907 αὑτοῦ,
1037 842 1119 895 ὅτι
1149 843 1251 896 Δεῖ
1284 859 1360 911 με
1406 839 1502 895 καὶ
1540 838 1771 910 Ῥώμην
1803 839 1974 898 ἰδεῖν.

392 939 538 1008 Ὅρα
568 937 623 990 δὲ
661 935 779 1000 πῶς
813 939 991 989 πάντα
1023 935 1067 967 δ’
1123 936 1539 1007 ἀποδυσάμενος
1590 934 1803 999 Παῦλος
1846 936 1974 1007 παρ’

390 1026 474 1093 οἷς
500 1027 696 1099 ἐτέχθη
724 1027 820 1081 καὶ
857 1029 1093 1098 ἐτράφη,
1131 1028 1372 1101 καθαρὸς
1406 1028 1585 1098 πάσης
1613 1026 1846 1098 ὑποψίας
1876 1044 1975 1081 πο-

391 1123 566 1194 νηρᾶς
596 1120 867 1176 ἐπιϐαίνει
907 1124 974 1192 τῇ
1017 1119 1226 1193 Ῥώμῃ.

951 1304 1209 1359 ΚΕψΑΛ.
1264 1305 1412 1370 κεῖν.

472 1398 790 1465 Ἇηρίππας
824 1395 892 1449 δὲ
926 1395 1076 1465 πρὸς
1115 1397 1223 1448 τὸν
1253 1394 1499 1448 Παῦλον
1528 1393 1674 1462 ἔφη·
1716 1394 1974 1463 Ἐπιτρέ⁴

388 1490 562 1543 πεταί
605 1506 704 1543 σοι
734 1487 885 1556 ὑπὲρ
932 1486 1195 1543 σεαυτοῦ
1231 1487 1452 1555 λέγειν.
1489 1485 1627 1538 Τότε
1664 1488 1697 1540 ὀ
1729 1487 1973 1554 Παῦλος

386 1579 738 1648 ἀπελογεῖτο
763 1580 1034 1646 ἐκτείνας
1054 1581 1168 1650 τὴν
1195 1579 1363 1650 χεῖρα
1379 1599 1395 1613 ο

455 1672 593 1741 Περὶ
636 1674 880 1729 πάντων
930 1668 1019 1727 ὧν
1055 1675 1421 1745 ἐγκαλοῦμαι
1459 1677 1578 1731 ὑπὸ
1643 1674 1968 1739 Ἰουδαίων,

380 1762 647 1827 ,βασιλεῦ
687 1764 976 1831 Ἀγρίππα
1001 1805 1016 1829 ,
1074 1764 1298 1835 ἥγημαι
1361 1766 1624 1835 ἐμαυτὸν
1676 1764 1971 1836 μακάριον

384 1854 482 1909 ἐπὶ
525 1854 643 1909 σοῦ
675 1855 920 1926 μέλλων
942 1857 1368 1927 ἀπολογεῖσθαι
1397 1860 1685 1927 σήμερον,

455 1946 733 2001 Μάλιστα
768 1947 1050 2017 γνώστην
1081 1949 1227 2003 ὄντα
1260 1966 1334 2003 σε
1374 1949 1616 2003 πάντων
1654 1947 1774 2002 τῶν
1812 1946 1960 2000 κατὰ

397 2038 727 2106 Ἰουδαίους
775 2042 820 2074 ⁸³
869 2040 1023 2095 ἐθῶν
1074 2058 1138 2095 τε
1194 2041 1237 2073 ⁸⁸
1298 2043 1398 2095 καὶ
1454 2040 1813 2110 ζητημάτων.
1864 2037 1961 2090 Διὸ

384 2128 594 2200 δέομαί
617 2144 732 2185 σου
752 2133 1144 2202 μακροθύμως
1171 2132 1433 2188 ἀκοῦσαί
1459 2150 1605 2202 μου.

464 2317 581 2381 Τὴν
612 2315 730 2384 μὲν
755 2310 869 2370 οὖν
894 2315 1116 2381 βίωσίν
1136 2332 1257 2384 μου
1284 2313 1402 2379 τὴν
1431 2313 1498 2367 ἐκ
1534 2313 1815 2377 νεότητος
1848 2310 1965 2378 τὴν

383 2407 484 2461 ἀπ’
511 2406 701 2477 ἀρχῆς
726 2407 1057 2477 γενομένην
1087 2408 1157 2461 ἐν
1174 2407 1252 2472 τῷ
1271 2407 1429 2461 ἔθνει
1445 2423 1567 2474 μου
1593 2404 1663 2457 ἐν
1705 2402 1963 2470 Ἱεροσο-

383 2488 818 2567 λύμοις-,ῒσασι
849 2496 1071 2565 πάντες
1109 2502 1165 2554 οἱ
1189 2498 1491 2565 Ἰουδαῖοι,

454 2589 978 2658 Προγινώσκοντές
1011 2607 1084 2659 με
1127 2591 1380 2656 ἄνωθεν,
1420 2590 1530 2645 ἐὰν
1561 2591 1780 2648 θέλωσι
1820 2609 1966 2661 μαρ-

2079 758 2198 804 erat
2228 765 2323 805 eos
2350 751 2443 820 qui
2485 762 2879 820 provocassem
2910 752 3140 807 Romam
3176 754 3344 818 mitti;
3380 765 3433 810 et
3465 755 3664 826 imple-

2079 850 2236 897 retur
2293 842 2346 896 id
2394 844 2545 912 quod‘
2598 843 2715 913 ipse
2770 845 3124 914 praedixerat,
3182 862 3404 916 nempe,
3443 847 3681 916 Oportet'

2078 949 2161 987 me
2190 933 2350 988 etiam
2379 932 2604 987 Romam
2630 935 2825 988 videre.
2850 934 2989 991 Vide
3018 944 3202 989 autem
3231 945 3289 991 ut
3308 936 3671 999 Paulus.cum-

2079 1029 2277 1082 missos
2306 1026 2529 1082 fecisset
2554 1043 2749 1084 omnes
2795 1030 2938 1099 apud
2967 1045 3101 1099 quos
3136 1040 3296 1085 natus
3324 1038 3379 1084 ct
3398 1030 3676 1085 educatus-

2077 1127 2212 1185 erat,
2245 1135 2413 1189 purus
2448 1119 2516 1175 ab
2541 1120 2689 1175 omni
2717 1120 3023 1191 suspicione
3048 1121 3412 1190 improbitatis
3432 1120 3662 1176 Romam

2075 1212 2243 1267 venit.

2624 1302 2854 1358 CAPUT
2910 1301 3102 1355 XXVI.

2148 1392 2311 1449 Vens.
2348 1396 2396 1449 Ι.
2452 1396 2686 1466 Agrippa
2711 1405 2887 1450 autem
2904 1396 2973 1449 ad
3000 1394 3235 1450 Paulum
3261 1436 3274 1458 ,
3309 1394 3679 1469 Permittitar,T

2074 1485 2876 1557 inquiebal,tibiprotemetipso
2895 1488 3089 1541 dicere.
3123 1484 3264 1539 Tunc
3311 1484 3517 1539 Paulus
3566 1499 3663 1538 ea:-

2077 1586 2227 1631 teusa
2259 1593 2421 1631 manu
2446 1580 2708 1647 respondit
2745 1595 2762 1632 :

2144 1668 2309 1723 Vens.
2341 1668 2395 1722 2.
2418 1668 2493 1722 De
2511 1669 2749 1722 omnibus
2771 1666 3184 1738 quorumluda’i
3214 1683 3294 1720 me
3324 1666 3665 1728 insimulant,

2074 1761 2304 1832 Agrippa
2323 1776 2435 1823 rem,
2468 1760 2709 1814 existimo
2736 1775 2819 1812 me
2846 1762 3079 1824 beatum,
3121 1759 3211 1827 qui
3250 1773 3467 1810 causam
3487 1757 3662 1810 dictu»

1991 1836 2039 1895 Β
2070 1871 2158 1908 rus
2187 1855 2287 1908 sim
2316 1854 2471 1908 hodie
2512 1855 2654 1922 apud
2686 1860 2756 1916 te,

2159 2035 2325 2091 Vens.
2361 2036 2414 2090 3.
2476 2034 2581 2100 Qui
2613 2036 2844 2089 maxime
2882 2037 3116 2107 cognitas
3144 2037 3303 2092 habes
3350 2055 3527 2094 omnes
3554 2039 3657 2093 Ju-

2062 2130 2295 2183 dworum
2325 2128 2721 2182 consuetudines
2751 2136 2908 2199 atque
2928 2130 3259 2197 qua'stiones.
3287 2130 3642 2197 Quamobrem
3660 2157 3675 2168 ο

2064 2235 2156 2273 oro
2192 2227 2260 2282 te,
2320 2225 2376 2269 ut
2405 2216 2668 2285 patienter
2694 2233 2774 2270 me
2796 2217 3006 2270 audias.

2139 2309 2307 2365 Vens.
2327 2309 2381 2364 ό.
2407 2308 2485 2362 Ac
2509 2312 2672 2362 vitam
2687 2310 2895 2379 quidem
2916 2325 3084 2362 meam
3105 2311 3670 2381 abjuventu-teqaam-

2067 2404 2130 2456 ab
2162 2403 2315 2456 initio
2345 2402 2398 2455 iu
2421 2386 2571 2474 gente
2596 2419 2711 2456 mea
2738 2401 3119 2470 Hierosolymis
3142 2402 3245 2470 egi,
3279 2404 3447 2455 sciunt
3477 2420 3654 2457 onines

2064 2493 2096 2547 J
2104 2496 2262 2559 udwi,

2136 2581 2378 2637 Viusfii.
2412 2582 2513 2647 Qui
2568 2582 2717 2651 longe
2750 2582 2869 2651 jam
2925 2590 3083 2635 antea
3152 2597 3234 2635 me
3281 2591 3554 2648 noverunt,
3604 2580 3654 2638 si

385 2683 603 2751 τινρεῖν,
632 2682 721 2736 ὅτι
756 2683 907 2737 κατὰ
958 2682 1073 2751 τὴν
1108 2682 1541 2753 ἀκριϐεστάτην
1569 2684 1805 2753 αἵρεσιν
1858 2683 1966 2754 τῆς

2081 2674 2230 2727 velint
2301 2673 2609 2741 testiﬁcari,
2689 2689 2870 2742 nempe
2944 2675 3228 2726 secundum
3300 2676 3659 2727 accuratissi-

387 2774 677 2846 ἡμετέρας
710 2776 1041 2845 θρησκείας
1074 2776 1261 2845 ἔζησα
1295 2776 1644 2845 Φαρισαῖος.

456 2957 563 3011 Καὶ
623 2958 739 3011 νῦν
764 2956 857 3011 ἐπ’
910 2956 1113 3011 ἐλπίδι
1173 2957 1283 3025 τῆς
1330 2958 1481 3024 πρὸς
1531 2957 1675 3023 τοὺς
1702 2959 1961 3027 πατέρας

386 3050 749 3119 ἐπαγγελίας
802 3048 1128 3119 γενομένης
1182 3051 1299 3104 ὑπὸ
1358 3050 1465 3104 τοῦ
1514 3050 1684 3116 Θεοῦ,
1733 3049 1971 3118 ἕστηκα

388 3143 740 3211 κρινόμενος
755 3159 769 3174 ο

2069 2782 2212 2819 mam
2270 2774 2470 2820 sectam
2530 2774 2724 2821 nostra:
2783 2765 3051 2837 religionis
3117 2783 3199 2820 me
3259 2768 3452 2821 vixisse
3509 2768 3649 2821 Ρίιαο

2073 2869 2307 2908 νιδαιιιηι.

2150 2945 2316 3000 Vens.
2342 2945 2397 3000 6.
2449 2944 2518 2999 Et
2550 2962 2687 2999 nunc
2698 2955 2911 3016 propter
2937 2962 3079 3013 spem
3107 2949 3659 3017 repra’seutaudarum

2074 3053 2258 3090 earum
2273 3052 2468 3099 rerum,
2501 3053 2632 3107 quas
2664 3037 2804 3091 Deus
2839 3037 3129 3106 majoribus
3154 3038 3343 3091 nostris
3388 3039 3667 3107 promisit,

2075 3143 2156 3186 sto
2184 3148 2398 3185 causam
2427 3132 2603 3185 dicens
2638 3147 2656 3184 :

460 3232 566 3297 Εἰς
617 3229 696 3299 ἢν
750 3231 815 3286 τὸ
874 3227 1308 3299 δωδεκάφυλον
1360 3230 1529 3300 ἡμῶν
1580 3231 1649 3285 ἐν
1700 3231 1970 3300 ἐκτενείᾳ

2153 3223 2317 3278 Vens.
2342 3224 2398 3277 7.
2434 3222 2581 3289 Quas
2612 3238 2691 3275 res
2711 3223 2998 3292 promissas
3031 3222 3301 3276 duodecim
3332 3232 3523 3276 nostra:
3555 3239 3652 3277 na-

390 3327 581 3381 νύκτα
606 3328 706 3381 καὶ
746 3327 973 3398 ἡμέραν
1000 3328 1295 3394 λατρεῦον
1325 3327 1540 3389 ἐλπίζει
1575 3328 1968 3396 καταντῆσαι.

393 3420 529 3491 Περὶ
552 3416 627 3490 ἧς
655 3419 906 3486 ἐλπίδος
927 3419 1316 3489 ἐγκαλοῦμαι,
1338 3418 1605 3484 βασιλεῦ
1654 3419 1969 3488 Ἀγρίππα,

391 3512 511 3568 ὑπὸ
556 3513 863 3568 Ἰουδαίων
887 3513 956 3566 ‘i.

470 3606 531 3658 Ti
550 3622 568 3669 ;
617 3606 879 3659 ἄπιστον
926 3603 1356 3673 κρίνεται.παρ’
1396 3604 1558 3673 ὑμῖν,
1603 3605 1659 3658 εὶ
1698 3602 1842 3669 Θεὸς
1874 3620 1969 3656 νε-

336 3708 351 3721 ‘
396 3697 580 3765 κροὺς
609 3698 818 3766 ἐγείρει
839 3714 859 3761 ;

468 3788 727 3856 "Hi-man
779 3786 1043 3856 ἐμαυτὸν
1087 3786 1408 3856 μακάριον,
1441 3786 1537 3840 ἐπὶ
1581 3786 1697 3841 σοῦ
1730 3786 1973 3856 μέλλων

397 3878 844 3947 ἀπολογεῖσθαι.
876 3866 1062 3932 Ταῦτα
1112 3878 1298 3947 ἔλεγεν
1345 3878 1404 3931 οὑ
1437 3878 1751 3932 κολακεύων
1778 3877 1966 3942 αιῖτδν,

400 3968 599 4036 (ἄπαγε
619 3969 658 4037 ι)
691 3969 826 4022 ἀλλὰ
873 3968 962 4021 διὰ
998 3969 1101 4038 τῆς
1127 3968 1468 4041 ἡμερότητος
1502 3968 1760 4039 κερδᾶναι
1791 3968 1976 4038 βουλό-

403 4074 583 4127 μενος.
630 4058 739 4114 Καὶ
787 4060 850 4111 ὲκ
895 4060 1096 4133 μέρους
1147 4060 1405 4132 ὲκὲρδανε
1446 4060 1539 4113 καὶ
1573 4059 1664 4113 τὸν
1713 4059 1977 4132 δικαστὴν

396 4144 564 4212 εἶλεν,
588 4151 617 4202 ὁ
646 4151 780 4216 τέως
809 4152 1100 4216 κατάδικος
1129 4148 1268 4214 εἶναι
1294 4150 1977 4223 νομιζόμενος.Παρόντων

400 4242 508 4313 γὰρ
548 4243 805 4298 ἁπάντων
852 4244 1070 4312 ἔλεγενο
1115 4246 1213 4297 Ἐν
1246 4245 1428 4314 ὀλίγῳ
1466 4261 1538 4313 με
1585 4245 1811 4310 πείθεις
1850 4247 1979 4313 Χρι-
2010 4264 2013 4267 ·

398 4336 652 4391 στιανὸν
680 4336 980 4406 γενέσθαι.
999 4366 1069 4378 --
1101 4336 1384 4392 Μάλιστα
1413 4338 1696 4407 γνώστην
1726 4339 1872 4393 ὄντα
1905 4352 1979 4391 σε

400 4426 642 4481 πάντων
670 4427 788 4481 τῶν
821 4429 971 4483 κατὰ
1003 4429 1339 4496 Ἰουδαίους
1380 4429 1533 4483 ἐθῶν
1576 4447 1640 4484 τε
1671 4429 1773 4484 καὶ
1811 4429 1981 4498 ζητη-

2078 3317 2234 3371 tiouis
2265 3317 2429 3370 tribus
2468 3316 2678 3369 assidue
2702 3324 2848 3369 nocte
2905 3331 2973 3368 ac
2997 3316 3082 3368 die
3121 3315 3226 3368 Deo
3272 3316 3551 3368 servientes
3586 3320 3660 3368 'se

2075 3418 2292 3478 sperant
2314 3416 2699 3462 consecuturos.
2716 3407 2791 3461 De
2809 3424 2912 3477 qua
2931 3424 3042 3477 spe,
3059 3423 3150 3461 rex
3168 3406 3421 3477 Agrippa,
3443 3422 3663 3461 accusor

2077 3501 2143 3554 ab
2171 3500 2398 3555 Juda'is.

2181 3595 2340 3651 Vens.
2367 3601 2418 3651 8.
2448 3597 2630 3662 Quid?
2668 3599 2970 3653 incredibile
2983 3599 3258 3667 judicatur
3278 3599 3420 3664 apud
3440 3610 3547 3659 vos,
3595 3595 3659 3648 ab

2079 3687 2187 3743 Deo
2222 3698 2450 3742 mortuos
2475 3691 2786 3755 e.rsuscitari
2811 3690 2835 3742 ?

2155 3781 2313 3851 175
2338 3780 2597 3834 Existimo
2636 3797 2718 3833 me
2747 3786 2979 3844 beatum,
3027 3782 3117 3850 qui
3146 3797 3359 3834 causam
3428 3782 3663 3834 dicturus

2079 3873 2179 3927 sim
2212 3872 2366 3926 hodie
2392 3872 2536 3940 apud
2573 3879 2640 3924 te.
2674 3870 2802 3926 Haec
2829 3871 3043 3927 dicebat
3061 3887 3171 3926 non
3211 3870 3352 3938 quod
3387 3869 3662 3926 adulando

2080 3980 2206 4022 eum
2241 3964 2340 4021 sibi
2370 3962 2705 4030 conciliaret,
2731 3961 2939 4035 [absit].
2962 3962 3058 4017 sed
3082 3962 3225 4023 quod
3242 3962 3662 4015 mansuetudine

2082 4068 2244 4130 atque
2268 4056 2646 4112 moderatione
2694 4070 2792 4110 sua
2838 4069 2964 4109 eum
3006 4052 3322 4110 lucrifacere
3352 4051 3532 4106 vellet.
3565 4052 3661 4104 Αι-

2082 4167 2189 4223 que
2212 4166 2279 4205 ex
2310 4156 2465 4219 parte
2496 4147 2789 4211 lucrifecit,
2813 4155 2868 4202 et
2888 4145 3129 4217 iudicem
3174 4143 3341 4214 cepit,
3385 4158 3509 4198 cum
3547 4143 3661 4211 jam
3743 4181 3746 4184 .

2084 4256 2244 4302 antea
2297 4244 2703 4301 condemnatus
2753 4258 2876 4299 esse
2947 4250 3257 4313 putaretur.
3290 4240 3700 4296 Praesentibus.

2088 4339 2235 4395 enim
2259 4338 2516 4393 omnibus
2531 4336 2745 4392 dicebat
2766 4351 2777 4388 :
2802 4333 3006 4388 Parum
3036 4333 3179 4388 abest
3195 4333 3321 4404 quin
3345 4330 3666 4400 persuadeas

2087 4433 2237 4496 mihi,
2272 4443 2326 4485 ut
2361 4431 2690 4493 Christianus
2718 4425 3160 4492 evndem—Qui
3183 4427 3415 4481 maaime
3430 4422 3668 4494 cognitas

396 4519 620 4587 μάτων.
687 4520 880 4576 Καίτοι
923 4539 988 4591 γε
1046 4524 1096 4575 εἰ
1138 4523 1356 4594 συνῄδει
1404 4522 1615 4593 ἐαυτῷ,
1672 4523 1977 4593 φοϐηθῆναι

2088 4523 2249 4576 habes
2290 4520 2601 4575 Judworum
2658 4529 2771 4573 tam
2841 4517 3238 4572 consuetudinu
3297 4530 3461 4585 quam
3521 4526 3671 4584 qure-

403 4613 594 4681 ἐχρῆν,
652 4614 805 4684 παρὰ
836 4612 915 4683 τῷ
963 4614 1141 4668 πάντα
1197 4614 1357 4668 εἰδότι
1397 4614 1785 4684 δικαζόμενος·
1845 4615 1977 4669 ἀλλὰ

2086 4613 2304 4667 stiones.
2339 4611 2501 4681 Atqui
2553 4609 2599 4663 si
2647 4610 2748 4664 sibi
2802 4608 2941 4663 male
3009 4607 3263 4662 conscius
3293 4613 3434 4670 erat,
3477 4604 3672 4660 timere

403 4700 648 4771 καθαροῦ
694 4703 1000 4768 συνειδότος
1030 4704 1190 4758 τοῦτό
1240 4705 1380 4767 ἐστι,
1414 4703 1491 4774 μὴ
1525 4704 1912 4772 παραιτεῖσθαι
1937 4705 1977 4737 ⁵⁸

2088 4702 2397 4773 oportebat,
2419 4716 2543 4755 cum
2570 4715 2792 4755 causam
2825 4699 3039 4753 diceret
3087 4697 3233 4767 apud
3285 4694 3522 4766 iudicem
3577 4695 3670 4763 qui

403 4792 701 4866 δικαστὴν,
767 4797 862 4850 τὸν
930 4796 1174 4870 ἀκριϐῶς
1235 4796 1413 4850 εἰδότα
1487 4797 1556 4850 τὰ
1620 4798 1985 4867 γεγενημένα.

2088 4794 2270 4851 omnia
2300 4794 2498 4848 sciret:
2532 4807 2721 4847 verum
2774 4805 2922 4860 pura:
2969 4788 3317 4845 conscientim
3347 4787 3559 4858 signum
3586 4794 3671 4840 est

409 4887 615 4940 Ἵσασι
656 4887 880 4956 πάντες
925 4891 980 4943 οί
1016 4888 1324 4955 Ἰουδαῖοι,
1364 4888 1885 4959 προγινώσκοντές
1910 4909 1977 4960 με

2086 4891 2191 4944 hoc
2225 4904 2335 4944 non
2367 4901 2623 4943 recusare
2675 4885 2954 4955 iudicem,
3000 4883 3095 4954 qui
3145 4890 3399 4937 accurate
3436 4881 3574 4936 sciat
3604 4895 3668 4933 ea

404 4977 658 5034 ἄνωθεν.
693 4981 839 5034 ’Δντὶ
867 4980 985 5048 τοῦ,
1017 4981 1163 5034 ἴσασι
1183 4979 1243 5033 τὸ
1277 4979 1498 5050 ἀληθὲς,
1528 4979 1644 5032 ἀλλ’
1674 4980 1734 5032 οὐ
1776 4979 1977 5035 Θέλουσι

2090 4997 2213 5052 quae
2237 4980 2379 5036 facta
2411 4989 2561 5034 sunt.
2591 4977 2777 5032 Sciunt
2808 4992 2985 5030 omnes
3008 4976 3207 5040 Judeci,
3241 4976 3331 5045 qui
3355 4975 3506 5045 longe
3565 4972 3675 5036 iam

410 5076 729 5145 μαρτυρεῖν,
763 5075 990 5146 ἑκουσίᾳ
1013 5073 1206 5145 γνώμῃ
1240 5073 1561 5143 ψευδόμενοι
1596 5072 1690 5126 καὶ
1730 5075 1985 5145 ἁμαρτάο

407 5184 610 5231 νοντες.
664 5170 831 5226 Κατὰ
883 5171 999 5238 τὴν
1035 5166 1475 5238 ἀκριϐεστάτην
1525 5169 1761 5237 αἵρεσιν
1804 5169 1989 5237 ἔζησα

409 5260 756 5329 Φαρισαῖος.
796 5259 1139 5331 Σημειωτέον
1193 5259 1251 5313 δὲ
1310 5259 1392 5312 ὅτι
1446 5260 1538 5313 καὶ
1591 5261 1640 5312 οἱ
1702 5261 1987 5330 Φαρισαῖοι

407 5352 678 5422 αἱρετικοί
714 5354 846 5416 εἰσι,
896 5354 991 5405 καὶ
1037 5351 1430 5421 ἀκριϐέστερον
1465 5350 1573 5404 τῶν
1616 5351 1791 5406 ἄλλων
1837 5352 1990 5423 αἱρέ-

411 5460 551 5497 σεων
566 5442 673 5498 τῶν
700 5443 1004 5497 Ἰουδαϊκῶν
1023 5443 1119 5507 τὰς
1141 5442 1361 5515 Γραφὰς
1385 5443 1788 5514 ἀνακρίνουσιν.
1804 5443 1989 5513 Ἀκρι-

2095 5084 2253 5127 antea
2286 5088 2366 5126 me
2390 5078 2661 5125 noverunt.
2693 5069 2750 5122 ιιι
2778 5076 2882 5132 est,
2913 5067 3095 5122 sciunt
3153 5083 3341 5120 verum
3372 5079 3491 5119 esse
3528 5061 3693 5137 quod

2097 5168 2251 5229 dico.
2291 5165 2392 5220 sed
2412 5163 2608 5218 nolunt
2662 5160 2965 5225 testiﬁcari,
3004 5167 3199 5229 sponte
3222 5173 3319 5212 sua
3347 5147 3695 5209 mentientes:

2100 5271 2264 5329 atque
2282 5257 2533 5313 consulto
2550 5263 2863 5326 peccantes.
2896 5252 3192 5306 Secundum
3209 5244 3672 5316 exquisitissimam

2098 5360 2293 5406 sectam
2323 5365 2403 5401 me
2432 5348 2622 5401 vixisse
2654 5345 3010 5399 Phariswum.
3040 5339 3350 5395 Notandum
3379 5345 3462 5390 est
3490 5345 3671 5389 autem

2098 5443 2261 5495 ctiam
2320 5438 2626 5494 leriszeos
2667 5436 2957 5491 lmcreticos
3013 5442 3070 5485 ct
3119 5426 3382 5484 scctarios
3431 5440 3574 5491 csse,
3620 5435 3676 5480 et

1617 5580 1819 5642 Varia)
1865 5578 2175 5641 lectiones
2220 5583 2282 5637 ct
2325 5581 2521 5636 notae.

492 5726 537 5758 "
584 5726 674 5781 ἵσ.
708 5727 938 5791 πάντας.

417 5793 465 5829 ⁸⁸
485 5796 635 5869 ἡϐῶν
676 5815 737 5853 τε
789 5812 862 5856 est
915 5802 967 5855 in
1017 5799 1261 5867 vulgatis.

1043 5729 1087 5761 ⁸³
1117 5728 1180 5783 1η
1209 5729 1445 5799 vulgatis
1511 5728 1720 5796 μέλλων
1764 5727 1977 5799 Αὰπολογ

2081 5725 2161 5777 θαι
2221 5724 2313 5776 ἐπὶ
2344 5719 2462 5799 σοῦ,
2493 5728 2564 5799 _ct
2601 5716 2760 5799 paulo
2824 5722 2967 5797 post1
3008 5713 3150 5799 κατὰ
3214 5714 3338 5799 τοὺς
3368 5713 3678 5779 Ἰουδαίους.

1367 5800 1410 5832 ⁵⁵
1442 5789 1547 5853 sua
1603 5798 1711 5853 τῶν
1762 5789 2033 5852 Ἰονδπιξων
2083 5804 2157 5850 est
2200 5796 2249 5846 iu
2300 5789 2548 5861 vulgatis.

2641 5788 2685 5820 ⁸⁸
2734 5783 3125 5857 παραιτῆσοαι,
3158 5793 3289 5840 erat.
