4088 6206
436 260 543 324 827

416 473 599 536 batur,
650 468 880 539 quadam
922 468 1074 537 quasi
1109 468 1519 537 perturbatione
1555 480 1840 541 correptus
1888 480 1992 537 est,

417 575 473 621 et
497 565 688 619 videns
724 563 921 632 linguae
953 562 1259 618 libertatem
1288 572 1451 633 atque
1475 564 1528 618 in
1556 564 1827 634 loquendo
1865 580 1999 620 con-

416 655 722 719 ﬁdentiam,
768 670 881 724 pra:
919 654 994 710 ira
1046 663 1212 726 atque
1258 656 1632 728 indignatione
1669 657 1865 713 Festus
1894 658 1999 713 hoc

417 747 586 808 dixit;
620 746 715 800 sed
745 744 947 800 Paulus
975 762 1196 802 causam
1241 748 1421 817 docet,
1453 764 1550 805 cur
1578 749 1647 806 ad
1671 764 1853 821 regem
1879 765 2000 804 ser-

417 855 633 895 monem
660 846 930 894 averteret
967 855 995 894 a
1027 839 1211 896 Festo.

491 933 629 987 Nam
665 931 761 985 hoc
790 934 847 986 in
880 934 1074 1004 angulo
1111 945 1283 989 actum
1311 951 1414 989 non
1444 945 1540 991 est.

492 1023 653 1080 Vens.
694 1023 785 1079 27.
817 1022 1017 1092 Credis,
1055 1044 1146 1082 rex
1169 1026 1430 1098 Agrippa,
1466 1027 1772 1099 prophetis?
1807 1027 1999 1093 credis,

416 1130 543 1169 8610.

492 1203 654 1260 Vens.
678 1203 769 1259 28.
802 1205 1040 1276 Agrippa
1087 1215 1265 1260 autem
1292 1208 1363 1260 ad
1398 1206 1634 1262 Paulum
1674 1210 1809 1263 dixit
1843 1225 1861 1262 :
1893 1207 2004 1262 Pa—

419 1314 535 1351 rum
560 1298 702 1352 abest
741 1298 868 1369 quin
905 1299 1225 1368 persuadeas
1249 1300 1401 1368 mihi,
1434 1310 1492 1354 ut
1522 1300 1855 1357 Christianus
1882 1319 2005 1356 eva-

418 1386 564 1440 dam.

490 1476 654 1532 Vens.
686 1477 775 1533 29.
811 1477 885 1533 Ac
914 1479 1117 1535 Paulus
1141 1498 1159 1535 :
1196 1482 1460 1552 Optarim,
1496 1486 1684 1555 inquit,
1720 1503 1752 1539 a
1781 1487 1911 1551 Deo,
1950 1495 2004 1539 ut

394 1578 468 1623 et
499 1586 690 1637 parum
713 1569 848 1625 absit
878 1587 924 1625 et
952 1588 1111 1643 prope
1142 1576 1283 1630 adsit
1307 1586 1363 1630 ut
1406 1595 1509 1631 non
1538 1579 1689 1631 modo
1722 1587 1798 1641 tu,
1826 1595 2005 1632 verum

421 1659 580 1711 etiam
616 1675 791 1713 omnes
840 1663 931 1731 qui
974 1680 1055 1717 me
1094 1664 1247 1719 hodie
1279 1668 1530 1733 audiunt,
1572 1670 1705 1722 tales
1755 1668 2003 1733 evadant,

424 1748 600 1818 qualis
629 1766 720 1821 ego
754 1769 957 1823 quoque
981 1772 1117 1821 sum,
1155 1760 1380 1828 exceptis
1406 1759 1626 1814 vinculis
1657 1761 1759 1814 his.

492 1926 654 1984 Vens.
688 1931 777 1986 50.
813 1932 881 1986 Et
908 1950 1024 1988 cum
1046 1936 1155 1989 hwc
1186 1937 1275 1991 ille
1302 1938 1543 2005 dixisset,
1570 1941 1803 1994 surrexit
1828 1957 1919 1996 rex
1949 1959 2013 1996 ac

421 2032 609 2084 prteses
636 2029 682 2074 et
708 2020 931 2078 Bernice
959 2034 1008 2078 et
1035 2043 1215 2081 eorum
1245 2045 1530 2084 assessores
1559 2049 1577 2088 :

495 2199 655 2257 Vens.
694 2204 783 2258 51.
824 2204 886 2259 Et
932 2224 1049 2262 cum
1095 2210 1443 2276 secessissent,
1493 2210 1841 2282 loquebantur
1875 2216 2012 2268 alius

424 2295 493 2347 ad
525 2294 690 2349 alium
734 2297 814 2351 his
879 2298 986 2368 fere
1029 2302 1195 2356 verbis
1248 2312 1491 2358 utenles:
1520 2305 1673 2359 Nihil
1719 2316 1887 2360 morte
1919 2318 2011 2361 aut

412 2385 642 2440 uinculis
675 2389 891 2458 dignum
922 2393 1201 2446 committit
1237 2395 1332 2448 iste
1364 2396 1533 2449 homo.

494 2477 651 2553 Vsus.
681 2481 769 2534 δὲ.
806 2482 1044 2553 Agrippa
1086 2495 1262 2540 autem
1305 2487 1459 2542 Festo
1494 2490 1661 2543 dixit:
1692 2489 1900 2545 Absolvi
1920 2508 2011 2560 po-

426 2580 562 2623 terat
596 2572 692 2625 iste
712 2573 885 2641 homo,
917 2577 1019 2630 nisi
1050 2576 1316 2634 Cwsarem
1356 2582 1703 2651 appellasset.

498 2748 608 2803 Scit
633 2752 769 2805 enim
793 2755 856 2807 de
878 2755 957 2810 his
990 2773 1101 2813 rex.
1134 2756 1233 2814 llic
1258 2759 1327 2815 de
1378 2775 1542 2817 cruce
1569 2762 1817 2832 loquitur
1849 2779 1913 2818 ac
1943 2765 2015 2820 de

428 2845 856 2911 resurrectione,
882 2847 1005 2917 quia
1040 2866 1138 2919 per
1163 2859 1336 2906 totum
1372 2853 1558 2907 orbem
1608 2863 1767 2909 terra:
1801 2856 2014 2910 habita-

428 2937 543 2984 tum
572 2933 819 2991 doctrina
874 2950 1206 3008 pervaserat.
1253 2944 1429 3012 Atque
1467 2943 1585 2998 lmc
1614 2945 1710 3008 ait,
1738 2953 1795 2999 ut
1827 2955 2013 2999 osten-

430 3018 522 3073 dat
568 3022 858 3093 Agrippam
895 3028 1078 3081 omnia
1115 3030 1277 3093 scire,
1311 3046 1375 3083 ac
1410 3040 1616 3085 tantum
1666 3049 1777 3086 non
1825 3034 2011 3088 dicens

431 3109 596 3162 etiam
638 3114 705 3165 ad
751 3115 913 3170 illus:
951 3117 1241 3174 Debebatis
1297 3121 1516 3188 quidem
1562 3122 1726 3177 etiam
1776 3139 1870 3179 vos
1898 3125 2013 3180 lucc

433 3198 599 3254 scire.
642 3200 777 3257 Nam
819 3205 923 3259 hoc
969 3216 1073 3272 est,
1103 3209 1247 3276 quod
1287 3210 1676 3283 subiungitur:
1712 3214 1833 3268 Non
1879 3217 2016 3271 enim

433 3300 607 3345 actum
648 3295 839 3348 esthoc
864 3297 916 3349 in
945 3299 1213 3367 angulo.-
1269 3300 1517 3370 Optarirn
1543 3322 1574 3357 a
1610 3304 1740 3371 Deo,
1769 3316 1900 3373 etc.,
1929 3325 2019 3363 cx-

434 3383 597 3449 ceptis
624 3385 841 3438 vinculis
868 3386 968 3442 his.
1014 3389 1173 3459 Atqui
1217 3391 1271 3445 id
1316 3390 1616 3462 gloriosum
1642 3405 1797 3450 erat:
1827 3414 2017 3453 verum

435 3470 538 3527 hoc
578 3475 732 3542 dixit,
765 3493 960 3550 nempe
996 3483 1238 3552 exceptis
1266 3484 1505 3540 vinculis
1536 3486 1642 3552 his,
1688 3487 1903 3543 illorum
1929 3505 2018 3545 re-

432 3563 673 3632 spiciens
697 3584 915 3624 sensum
939 3579 1102 3643 atque
1124 3575 1456 3643 Opinionem.
1482 3575 1619 3643 Quid
1632 3580 1790 3647 dicis,
1806 3596 1839 3635 ο
1861 3581 2021 3638 beate

436 3655 623 3726 Paule,
658 3661 862 3733 Absque
885 3666 1150 3720 vinculis?
1179 3677 1234 3723 et
1261 3685 1514 3739 quaedam
1545 3671 1772 3741 posthac
1812 3674 1907 3728 tibi
1932 3691 2020 3729 re-

435 3748 584 3818 liqua
622 3763 741 3809 erat
777 3757 1010 3825 quodvis
1047 3760 1307 3831 loquendi
1364 3762 1582 3829 ﬁducia,
1623 3764 1667 3818 si
1712 3774 1763 3819 te
1825 3766 2019 3821 horum

435 3840 626 3909 pudet,
673 3853 838 3916 atque
893 3849 1011 3903 hate
1066 3849 1228 3922 fugis,
1291 3854 1595 3922 praesertim
1648 3868 1831 3909 coram
1875 3865 2022 3910 tanta

434 3935 824 3994 multitudine?
864 3956 1052 3998 annon
1086 3943 1142 3997 in
1190 3946 1448 4000 omnibus
1500 3946 1756 4016 Epistolis
1802 3957 2024 4017 propter

438 4025 555 4083 haec
583 4030 852 4101 gloriaris,
885 4044 941 4089 et
978 4036 1224 4091 vinctum
1254 4038 1608 4108 temetipsum
1638 4054 1822 4104 vocas,
1852 4048 1907 4095 et
1929 4057 2022 4095 ca-

436 4129 615 4174 tenam
644 4125 805 4179 nobis
839 4127 1044 4194 ubique
1082 4128 1204 4184 loco
1235 4128 1559 4184 diadematis
1598 4130 1762 4200 178
1788 4129 2025 4185 circurn-

438 4209 586 4265 fers?
614 4212 752 4279 Quid
785 4217 952 4288 igitur
984 4235 1132 4276 nunc
1162 4220 1362 4276 accidit
1404 4223 1766 4291 quamobrem
1808 4223 2023 4279 vincula

438 4301 783 4374 depreceris?
812 4308 928 4364 Non
961 4312 1096 4381 ipse,
1138 4314 1337 4384 inquit,
1393 4315 1662 4385 deprecor
1684 4314 1796 4380 illa,
1841 4332 2023 4387 neque

1366 259 1948 322 THEOPHYLACTI
1984 257 2393 322 BULGARI/E
2425 256 2780 317 ARCIIIEP.

489 379 719 443 Insanis,
758 376 936 430 Paule.
972 376 1240 442 Quoniam
1262 390 1478 446 semper
1504 377 1570 432 ad
1600 389 1782 447 regem
1810 378 2002 448 loque-

2175 378 2396 445 Μαίνῃ,
2435 375 2658 430 Παῦλε.

3573 247 3705 312 828

2737 371 2955 457 Ἐπειδὴ
3014 371 3102 426 ἀεὶ
3139 371 3276 442 πρὸς
3324 368 3415 425 τὸν
3459 368 3692 442 βασιλέα

2103 466 2397 535 διελέγετο,
2449 465 2640 535 ὥσπερ
2690 462 2863 518 ἔπαθέ
2906 480 2982 530 τι,
3028 461 3125 515 καὶ
3180 461 3305 515 ίδὼν
3333 460 3432 532 τὴν
3461 461 3687 533 παρρη-

2107 560 2250 625 σίαν,
2291 559 2399 613 ἀπὸ
2447 558 2620 629 ὀργῆς
2664 557 2760 610 καὶ
2800 555 2972 627 θυμοῦ
3017 553 3176 608 τοῦτο
3204 548 3359 608 εἶπεν
3403 554 3687 624 ὁΦῆστος.

2121 649 2179 704 'O
2211 650 2266 704 δὲ
2311 649 2521 714 Παῦλος
2551 649 2648 721 τὴν
2677 649 2859 704 αἰτίαν
2896 648 3164 715 διδάσκει,
3201 646 3270 701 δι’
3301 646 3371 718 ἢν
3415 646 3553 718 πρὸς
3592 646 3706 700 τὸν.

2109 740 2332 809 βασιλέα
2361 742 2455 796 τὸν
2489 742 2646 813 λόγον
2668 741 3032 814 ἀπέστρεφεν.

2178 927 2260 979 Οὐ
2295 924 2408 994 γάρ
2452 924 2625 979 ἐστιν
2675 924 2746 979 ἐν
2792 924 2970 993 γωνίᾳ
2993 919 3415 991 πεπραγμένον
3450 918 3650 977 τοῦτο.

2181 1018 2513 1083 Πιστεύεις,
2531 1016 2797 1082 ,βασιλεῦ
2828 1015 3137 1085 Ἀγρίππα,
3170 1012 3294 1080 τοῖς
3314 1010 3645 1081 προφήταις
3667 1026 3689 1075 ;

2112 1105 2248 1163 οῖδα
2279 1108 2312 1161 ὅ
2320 1127 2369 1162 τι
2406 1110 2734 1176 πιστεύεις.

2198 1200 2250 1254 '0
2280 1200 2350 1254 δὲ
2406 1202 2736 1271 Ἀγρίππας
2780 1201 2929 1270 πρὸς
2964 1199 3069 1253 τόν
3105 1198 3352 1253 Παῦλον
3390 1197 3504 1268 ἔφη
3528 1214 3541 1229 ο
3586 1199 3692 1252 Ἔν

2113 1292 2298 1362 ὀλίγῳ
2322 1310 2400 1362 με
2428 1294 2655 1362 πείθεις
2678 1293 3038 1363 Χριστιανὸν
3058 1291 3362 1362 γενέσθαι.

2197 1474 2258 1526 '0
2283 1473 2352 1526 δὲ
2381 1474 2622 1540 Παῦλος
2647 1469 2818 1527 εἶπεν
2837 1488 2850 1503 ⁸
2880 1472 3190 1538 Εὐξαίμην
3208 1472 3284 1527 ἂν
3309 1470 3390 1538 τῷ
3416 1470 3559 1537 Θεῷ,
3592 1472 3691 1525 καὶ

2112 1564 2184 1618 ἐν
2218 1565 2398 1634 ὀλίγῳ
2435 1565 2531 1618 καὶ
2570 1566 2641 1618 ἐν
2690 1564 2900 1630 πολλῷ
2929 1566 3001 1619 οὐ
3037 1564 3228 1634 μόνον
3255 1562 3350 1628 σὲ,
3398 1562 3560 1617 ἀλλὰ
3594 1559 3694 1616 καὶ

2114 1655 2347 1722 πάντας
2383 1657 2525 1722 τοὺς
2562 1655 2895 1722 ἀκούοντάς
2931 1673 3049 1725 μου
3096 1656 3364 1725 σήμερον
3414 1654 3696 1725 γενέσθαι

2042 1753 2084 1811 Β
2114 1748 2441 1814 τοιούτους,
2480 1748 2685 1815 ὁποῖος
2731 1749 2892 1818 κάγὼ
2934 1751 3069 1817 εἰμι,
3111 1746 3407 1816 παρεκτὸς
3439 1743 3556 1799 τῶν
3592 1744 3693 1798 δε-

2113 1840 2286 1911 σμῶν
2315 1842 2559 1895 τούτων.

2189 1930 2298 1985 Καὶ
2326 1931 2513 1986 ταῦτα
2542 1932 2819 1997 εἰπόντος
2838 1930 3045 1993 αὑτοῦ,
3078 1930 3303 1999 ἀνέστη
3340 1932 3373 1984 ὁ
3390 1927 3691 1996 βασιλεὺς

2113 2024 2211 2079 καὶ
2244 2027 2277 2079 ό
2307 2023 2543 2094 ἡγεμὼν
2571 2024 2608 2092 ἢ
2640 2041 2703 2078 τε
2732 2024 3008 2092 Βερνίκη,
3034 2023 3134 2077 καὶ
3167 2026 3221 2078 οἱ
3244 2021 3697 2101 συγκαθήμενοι

2113 2112 2337 2181 αὐτοῖς,

2186 2206 2290 2261 Kal
2326 2206 2855 2277 ἀναχωρήσαντες,
2886 2207 3152 2261 ἐλάλουν
3185 2206 3334 2273 πρὸς
3360 2204 3698 2271 ἀλλήλους,

2113 2297 2419 2367 λέγοντες,
2450 2299 2540 2352 ὅτι
2588 2298 2783 2354 Οὐδὲν
2840 2298 3100 2353 θανάτου
3150 2298 3324 2362 ἄξιον
3360 2298 3399 2367 ἢ
3459 2294 3700 2367 δεσμῶν

2114 2394 2376 2460 πράσσει
2414 2393 2448 2446 d
2484 2391 2798 2458 ἅνθρωπος
2829 2386 3028 2456 οὗτος.
3288 2390 3293 2394 ’

2196 2482 2518 2549 Ἀγρίππας
2577 2481 2646 2534 δὲ
2680 2480 2761 2547 τῷ
2808 2480 3025 2545 Φήστῳ
3073 2480 3223 2549 ἔφη·
3253 2476 3705 2531 Ἀπολελύσθαι

2113 2572 2371 2627 ἐδύνατο
2409 2576 2442 2626 ὀ
2477 2572 2791 2641 ἅνθρωπος
2818 2566 3021 2637 οὗτος,
3052 2572 3104 2625 εί
3144 2567 3231 2639 μὴ
3261 2567 3619 2634 ἐπικέκλητο
3654 2567 3700 2600 ⁸⁸

2113 2665 2405 2732 Καίσαρα.

2197 2754 2548 2809 Ἐπίσταται
2583 2755 2693 2825 γὰρ
2738 2754 2870 2825 περὶ
2902 2755 3131 2809 τούτων
3163 2755 3197 2809 ὁ
3216 2752 3542 2819 βασιλεὺς.
3580 2751 3696 2805 Ἑν-

2115 2844 2290 2901 ταῦοα
2324 2847 2454 2917 περ)⁵
2487 2846 2585 2900 τοῦ
2620 2846 2856 2918 σταυροῦ
2888 2864 3022 2918 φησι
3051 2847 3117 2913 θ’,
3165 2846 3295 2917 περὶ
3333 2844 3433 2916 τῆς
3469 2843 3709 2898 ἀναστά-
3803 2869 3819 2885 ο

2115 2954 2276 3004 σεως,
2299 2937 2381 2991 ὅτι
2408 2938 2683 3009 πανταχοῦ
2709 2939 2807 3007 τῆς
2829 2936 3157 3008 οἰκουμένης
3178 2938 3369 3006 γέγονε
3400 2935 3461 2988 τὸ
3486 2934 3663 3004 δόγμα
3682 2951 3701 2966 ·

2113 3028 2285 3083 ταῦτα
2306 3028 2365 3083 δέ
2390 3046 2543 3100 φησι,
2574 3028 2788 3092 δεικνὺς
2812 3028 2895 3083 ὅτι
2917 3028 3096 3082 πάντα
3119 3022 3257 3080 οἶδεν
3299 3026 3329 3078 ὀ
3361 3026 3702 3097 Ἀγρίππας,

2119 3118 2213 3171 καὶ¹
2248 3119 2532 3189 μονονουχὶ
2561 3118 2736 3186 λέγων
2757 3120 2854 3172 καὶ
2879 3117 3017 3189 πρὸς
3047 3117 3274 3181 αὐτούς’
3306 3116 3453 3170 Ἔδει
3483 3116 3583 3186 μὲν
3607 3116 3703 3172 καὶ

2119 3213 2265 3282 ὑμᾶς
2283 3211 2455 3266 ταῦτα
2484 3211 2703 3265 είδέναι.
2723 3213 2797 3265 Τὸ
2828 3211 2938 3284 γὰρ
2960 3212 3301 3283 ἐπαγόμενον
3328 3210 3490 3264 τοῦτο
3516 3210 3668 3263 ἔστιν
3686 3225 3700 3239 ·

2123 3304 2205 3357 Οὐ
2240 3302 2351 3372 γάρ
2378 3302 2550 3357 ἐστιν
2574 3303 2644 3356 ἐν
2681 3304 2871 3374 γωνίᾳ
2911 3303 3351 3374 πεπραγμένον.
3385 3332 3458 3344 -
3484 3301 3707 3366 Εὐξαί-

2116 3413 2243 3466 μην
2269 3394 2348 3450 ἂν
2388 3394 2467 3461 τῷ
2500 3395 2645 3461 Θεῷ,
2694 3395 2793 3450 καὶ
2820 3397 2891 3450 ἐν
2937 3396 3122 3466 ὀλίγῳ
3168 3395 3264 3450 καὶ
3304 3395 3374 3449 ἐν
3405 3392 3615 3459 πολλῷ
3635 3395 3704 3449 ⁸³.

2120 3489 2317 3542 Καίτοι
2377 3487 2529 3553 ἄξιον
2587 3483 2655 3560 ἦν
2698 3487 2855 3559 δόξης
2883 3526 2898 3554 ,
2941 3487 3078 3542 ἀλλὰ
3143 3487 3303 3542 τοῦτο
3362 3481 3483 3540 εἶπε
3510 3526 3526 3553 ,
3566 3485 3709 3556 πρὸς

2122 3580 2220 3647 τὴν
2258 3580 2484 3633 ἐκείνων
2539 3579 2811 3651 ὑπόληψιν
2845 3580 3088 3652 ἀφορῶν,
3135 3581 3228 3634 καὶ
3274 3580 3357 3646 τὸ,
3406 3579 3708 3648 παρεκτὸς

2123 3670 2242 3724 τῶν
2272 3670 2517 3741 δεσμῶν
2544 3673 2792 3727 τούτων.
2825 3670 2892 3726 Τί
2923 3671 3124 3743 λέγεις,
3149 3665 3194 3726 ὦ
3230 3672 3465 3743 μακάριε
3499 3669 3704 3735 Παῦλε,

2123 3763 2271 3819 ἄνευ
2320 3764 2442 3819 τῶν
2484 3762 2755 3835 δεσμῶν;
2783 3764 2877 3819 καὶ
2909 3764 3038 3819 ποία
3077 3782 3161 3819 σοι
3188 3764 3376 3819 λοιπὸν
3401 3763 3710 3836 παρρησία,

2128 3857 2177 3909 εί
2211 3855 2385 3910 ταῦτα
2417 3856 2651 3930 αἰσχύνῃ
2682 3856 2778 3911 καὶ
2806 3855 3054 3925 φεύγεις,
3090 3856 3183 3910 καὶ
3207 3856 3379 3910 ταῦτα
3408 3854 3500 3909 ἐπὶ
3527 3854 3707 3924 δήμου

2123 3947 2380 4002 τοσούτου
2405 3965 2421 4017 ;
2442 3948 2517 4002 Ού
2544 3946 2819 4018 πανταχοῦ
2856 3947 2966 4000 τῶν
3003 3945 3331 4000 Ἐπιστολῶν
3361 3946 3454 3999 ἐπὶ
3496 3943 3710 4008 τούτοις

2127 4042 2425 4112 καυχᾶσαι,
2449 4039 2545 4094 καὶ
2570 4040 2791 4109 δέσμιον
2818 4037 3013 4092 ἑαυτὸν
3042 4038 3248 4102 καλεῖς,
3278 4036 3373 4090 καὶ
3393 4037 3492 4106 τὴν
3516 4035 3707 4091 ἅλυσιν

2126 4132 2259 4203 ἡμῖν
2289 4131 2411 4184 ἀντὶ⁵
2442 4130 2779 4202 διαδήματος
2807 4130 3089 4202 πανταχοῦ
3123 4129 3475 4199 περιφέρεις;
3505 4127 3570 4181 Τί
3594 4127 3710 4180 τοία

2126 4238 2222 4275 νυν
2253 4221 2444 4291 γέγονε
2491 4221 2608 4287 νῦν,
2652 4222 2734 4276 ὅτι
2765 4223 2984 4296 ἀπεύχῃ
3027 4219 3098 4274 τὰ
3134 4220 3339 4290 δεσμά;
3396 4220 3512 4273 Οὐκ
3544 4218 3712 4281 αὐτὸς

2127 4310 2466 4382 ἀπεύχομαι,
2503 4311 2691 4381 φησὶν,
2746 4312 2867 4365 οὐδὲ
2924 4312 3275 4385 αἰσχύνομαι,
3311 4310 3428 4364 ἀλλ’
3484 4310 3710 4365 ἐκείνων

439 4410 528 4451 me
561 4399 730 4466 pudet
785 4405 1098 4472 eorum,sed
1133 4408 1490 4462 accommodo
1518 4422 1607 4463 me
1633 4408 1931 4464 demittens
1952 4409 2015 4464 ad

2128 4404 2196 4473 τῇ
2222 4401 2478 4473 ἀσθενείᾳ
2520 4402 2990 4469 συγκαταϐαίνων.
3026 4400 3193 4455 Οὔπω
3230 4401 3339 4473 γὰρ
3362 4399 3598 4472 χωροῦσι
3623 4400 3712 4452 δέ·

439 4485 655 4541 illorum
688 4488 1119 4548 imbecillitatem
1151 4512 1164 4547 :
1199 4495 1446 4550 nondum
1479 4496 1626 4551 enim
1666 4496 1853 4553 idonei
1895 4509 2015 4552 sunt

2129 4495 2323 4560 ξασθαι
2372 4494 2433 4546 τὸ
2469 4493 2732 4566 καύχημα
2761 4494 2821 4548 τὸ
2860 4496 3015 4565 ἐμόν.
3044 4494 3287 4565 Ἐμαοον
3332 4495 3390 4547 δὲ
3421 4493 3570 4564 παρὰ
3613 4492 3711 4545 τοῦ

438 4575 508 4629 ad
548 4578 915 4647 recipiendam
959 4593 1122 4653 atque
1151 4585 1489 4654 probandam
1528 4603 1706 4643 meam
1743 4589 2028 4659 gloriatio-

439 4682 589 4723 nem.
620 4670 791 4726 Didici
815 4683 999 4728 autem
1034 4691 1064 4730 a
1104 4677 1333 4733 Domino
1353 4694 1476 4737 meo
1503 4697 1613 4736 non
1647 4697 1769 4738 esse
1796 4697 2028 4737 assuen-

442 4758 574 4814 dum
622 4760 1058 4820 additamentum
1106 4768 1276 4838 panni
1318 4770 1472 4827 rudis
1510 4771 1577 4827 ad
1625 4779 1833 4827 vestem
1871 4780 2029 4827 vctu-

441 4860 581 4906 stam
602 4867 614 4904 :
646 4852 849 4909 idcirco
875 4855 945 4911 ita
971 4858 1104 4913 dixi.

992 4950 1226 5010 CAPUT
1262 4954 1485 5011 XXVII.

517 5038 675 5096 Vens.
716 5042 763 5096 l.
801 5042 868 5100 Ut
905 5056 1078 5101 autem
1111 5048 1374 5102 decretum
1407 5058 1482 5102 est
1532 5059 1586 5102 ut
1620 5066 1712 5103 nos
1746 5051 2022 5120 navigare-

444 5148 560 5189 mus
591 5134 647 5188 in
676 5134 915 5203 Italiam,
956 5141 1288 5195 tradiderunt
1337 5139 1567 5194 Paulum
1607 5149 1656 5194 et
1687 5141 1822 5194 alios
1866 5157 2022 5211 quos-

2126 4586 2403 4640 Δεσπότου
2451 4605 2592 4657 μου,
2659 4587 2735 4659 μὴ
2795 4588 3109 4643 ἐπιϐάλλειν
3166 4587 3450 4656 ἐπίϐλημα
3508 4586 3711 4655 ῥάκους

2125 4680 2372 4750 ἀγνάφου
2419 4682 2514 4734 ἐπὶ
2552 4681 2764 4752 ’ίματίῳ
2795 4679 3033 4751 παλαιῷ.
3077 4679 3177 4734 Διὰ
3220 4679 3379 4735 τοῦτο
3414 4676 3587 4740 οὕτως
3631 4673 3711 4729 εἷ-

2127 4786 2249 4825 πον.

2711 4952 2966 5007 ΚΕΦΑΛ.
3009 4954 3133 5010 KZ'.

2219 5045 2314 5113 Ὧς
2343 5043 2413 5100 δὲ
2437 5045 2643 5114 ἐκρίθη
2671 5045 2776 5099 τοῦ
2809 5044 3107 5100 ἀποπλεῖν
3123 5042 3281 5113 ἡμᾶς
3311 5045 3398 5109 εἷς
3426 5041 3540 5109 τὴν
3568 5039 3614 5094 ’I
3620 5057 3713 5093 τα-

2136 5140 2299 5204 λίαν,
2324 5137 2647 5207 παρεδίδου
2672 5137 2718 5169 ⁸⁸
2745 5136 2852 5191 τόν
2881 5154 2944 5191 τε
2982 5135 3229 5191 Παῦλον
3252 5136 3351 5189 καί
3388 5152 3555 5199 τινας
3582 5132 3709 5187 ἐτέ-

1652 5281 1847 5344 νιιτίιυ
1871 5282 2181 5345 lectiones
2224 5286 2285 5344 ει
2326 5287 2518 5343 notae.

520 5404 565 5475 ‘_‘
599 5403 661 5457 In
698 5404 927 5475 vulgatis
966 5405 1321 5474 ἐπεκέκλητο.

1416 5407 1461 5439 ⁸³
1484 5406 1695 5461 Videtur
1744 5406 2033 5460 desiderari
2085 5405 2198 5456 καί.
2275 5402 2321 5433 ⁸³
2341 5400 2540 5470 Opinor
2569 5403 2728 5455 etiam
2754 5402 2835 5454 hic
2862 5399 3158 5470 adjicienda
3190 5414 3301 5452 esse
3326 5397 3420 5452 illa
3444 5408 3708 5467 postrema

447 5473 627 5546 verba,
656 5471 929 5546 παρεκτὸς
947 5476 1055 5528 τῶν
1085 5471 1302 5546 δεσμῶν
1331 5476 1558 5540 τούτων,
1580 5493 1697 5546 qua:
1720 5477 2015 5546 explicauit:

2116 5484 2138 5546 ι.
2160 5474 2359 5546 alioqui
2404 5471 2550 5546 locus
2592 5480 2871 5546 corruptus
2904 5472 3128 5535 videtur,
3176 5479 3226 5523 et
3254 5471 3347 5523 καὶ
3377 5477 3500 5522 ante
3537 5484 3710 5542 παρε-

449 5543 579 5605 κτὸς
633 5543 932 5601 redundare
960 5555 1054 5601 aut
1081 5543 1219 5601 Certe
1247 5547 1448 5619 aliquid
1478 5543 1628 5603 aliud
1652 5543 1957 5603 desiderari.

525 5685 552 5725 ἀ
587 5685 647 5741 γ.
688 5689 933 5741 dimittit.

2035 5544 2080 5576 “
2112 5544 2177 5599 In
2212 5541 2442 5612 vulgatis
2487 5540 2827 5610 παρεδίδουν.
