4088 6206
314 287 426 350 829

954 286 1355 350 EXPOSITIO
1395 291 1479 351 IN
1518 276 1708 352 ‘Acm
1740 274 2324 355 APOSTOLORUM.
2359 320 2425 331 -—
2460 295 2615 356 CAP.
2644 295 2886 359 xxvn.

3454 264 3585 364 εει

306 415 463 468 ρους
517 392 827 462 δεσμώτας
881 396 1295 469 ἐκατοντάρχῳ
1338 402 1577 472 ὀνόματι
1641 403 1891 473 Ἰουλίῳ,

1998 407 2123 461 dam
2168 409 2365 463 vinctos
2406 410 2717 474 centurioni,
2764 413 2969 463 nomine
2991 407 3154 471 Julia,
3194 409 3416 465 cohertis
3450 413 3566 467 Au-

312 489 571 555 σπείρης
610 485 934 554 Σεϐαστῆς.

396 577 738 642 Ἐπιὸάντες
758 579 828 632 δὲ
851 581 1041 646 πλοίῳ
1069 581 1127 636 Ἀ
1136 582 1464 651 τραμυτινῷ
1486 585 1532 618 ⁸⁸
1555 584 1888 653 μέλλοντες

312 667 495 747 πλεῖν
522 667 666 734 τοὺς
695 669 846 723 κατὰ
872 670 985 737 τὴν
1021 673 1228 725 Ἀσίαν
1251 674 1494 740 τόπους,
1518 675 1885 744 ἀνήχθημεν,

315 761 489 824 ὄντος
517 760 642 813 σὺν
674 760 818 829 ἡμῖν
857 761 1242 833 Ἀριστάρχου
1272 764 1620 831 Μακεδόνος
1654 768 1887 819 Θεσσα-

311 850 629 916 λονικέως.
1560 837 1575 858 ⁸

390 942 471 1011 Τῇ
494 958 556 995 τε
580 942 625 974 ⁸⁸
653 941 822 1009 ἑτέρᾳ
878 943 1264 1013 κατήχθημεν
1291 946 1379 1012 είς
1408 946 1659 1009 Σιδῶνα,
1678 950 1890 1016 φιλαν-

315 1031 558 1101 θρώπως
589 1048 655 1084 τε
703 1035 737 1085 ό
787 1032 1043 1097 Ἰούλιος
1092 1033 1172 1097 τῷ
1218 1037 1436 1103 Παύλῳ
1482 1037 1884 1106 χρησάμενος,

311 1123 628 1192 ἐπέτρεψε,
657 1123 808 1189 πρὸς
844 1122 985 1189 τοὺς
1013 1125 1233 1193 φίλους
1270 1129 1658 1196 πορευθέντα,
1699 1128 1891 1198 ἐπιμεο

311 1217 485 1281 λείας
518 1216 746 1283 τυχεῖν.

390 1313 606 1377 Ὄντος
633 1310 755 1364 σὺν
778 1310 921 1380 ἡμῖν
957 1312 1371 1383 Ἀριστάρχου.
1404 1315 1598 1378 Καλῶς
1625 1316 1717 1370 καὶ
1753 1332 1892 1386 χρη-

312 1402 487 1469 σίμως
511 1402 775 1471 πάρεστιν
794 1402 1208 1474 ὁἈρίτταρχος,
1226 1406 1318 1457 καὶ
1340 1405 1502 1475 μέχρι
1518 1424 1622 1459 που
1636 1408 1681 1439 ⁸⁷
1700 1408 1891 1479 συνέρ-

312 1511 466 1563 χεται
508 1494 655 1565 αὐτῷ
678 1537 690 1558 ,
710 1496 916 1564 μέλλων
935 1498 1150 1551 ἅπαντα
1167 1499 1534 1566 ἀπαγγέλλειν
1548 1501 1627 1559 εις
1643 1499 1889 1552 Μακεδο-

310 1587 433 1640 νέαν
457 1588 524 1639 τὰ
549 1591 677 1657 περὶ
697 1589 884 1642 αὐτοῦ.
920 1589 992 1642 Τὸ
1016 1590 1094 1654 δὲ,
1117 1592 1548 1661 Φιλανθρώπως
1572 1593 1606 1646 ὁ
1628 1592 1874 1656 Ἰούλιος

313 1678 696 1747 χρησάμενος
731 1679 812 1744 τῷ
855 1680 1092 1747 Παύλῳ·
1135 1683 1279 1745 εἰκὸς
1313 1685 1423 1754 γὰρ
1466 1679 1537 1756 ἦν
1578 1683 1741 1737 αὐτὴν
1780 1683 1921 1737 ἀπὸ.

1995 513 2177 571 gusta’.

2068 588 2229 646 Vens.
2251 590 2308 643 2.
2337 590 2630 645 Conscensa
2660 591 2823 660 igitur
2861 608 2992 645 nave
3018 590 3372 660 Atramytina,
3419 596 3566 649 navie

1995 684 2173 753 gaturi
2210 682 2494 737 secundum
2532 682 2686 736 'Asiw
2728 681 2866 748 loca,
2908 683 3154 736 solvimus
3202 692 3250 736 et
3294 685 3348 736 in
3395 684 3565 740 altum

1996 776 2229 844 provecti
2256 790 2458 836 sumus,
2493 774 2775 827 comitante
2817 790 2908 827 nos
2951 774 3256 828 Aristarcho
3287 776 3566 831 Macedone

1997 863 2435 917 Thessalonicensi
2458 878 2479 915 :

2067 953 2226 1007 Vnus.
2252 955 2306 1007 5.
2334 951 2405 1006 Ac
2423 953 2673 1021 postridie
2699 952 2945 1008 Sidonem
2971 954 3288 1023 appulimus,
3319 966 3365 1008 et
3392 955 3566 1011 Julius

1994 1045 2324 1098 humanitate
2349 1061 2473 1113 erga
2501 1044 2731 1098 Paulum
2749 1061 2895 1110 usus,
2926 1047 3158 1114 permisit
3183 1048 3229 1100 ei
3258 1055 3314 1101 ut
3344 1048 3413 1101 ad
3429 1049 3565 1102 ami-

1996 1153 2082 1191 cos
2108 1138 2226 1201 iret,
2259 1146 2310 1190 et
2344 1136 2409 1190 ab
2439 1136 2545 1191 illis
2579 1148 2875 1191 curaretur.

2066 1315 2360 1373 Comitante
2400 1331 2494 1369 nos
2524 1315 2847 1369 Aristarcho.
2880 1313 3047 1369 Recte
3090 1320 3145 1368 et
3180 1330 3246 1368 ex
3270 1317 3381 1369 ’usu
3410 1304 3606 1371 adest.

1996 1409 2365 1472 Aristarchus,
2388 1407 2637 1476 etaliquo
2662 1422 2835 1477 usque
2859 1422 2964 1461 una
2980 1408 3361 1477 proﬁciscitur,
3382 1409 3475 1477 qui
3509 1408 3562 1461 in

1995 1500 2364 1555 Macedoniam
2397 1500 2805 1555 renuntiaturus
2849 1508 2967 1553 erat
2999 1515 3214 1554 omnem
3241 1509 3441 1555 statum
3476 1515 3563 1554 re-

1996 1607 2115 1646 rum
2153 1591 2323 1645 illius.
2357 1589 2530 1646 Porro
2567 1592 2711 1661 quod
2739 1592 2936 1647 attinet
2961 1591 3031 1647 ad
3054 1594 3179 1654 hoc,
3208 1593 3352 1661 quod
3382 1592 3517 1647 dicit
3545 1610 3559 1646 :

1993 1685 2169 1740 Julius
2207 1685 2536 1738 humanitate
2568 1699 2693 1740 usus
2722 1699 2845 1753 erga
2876 1683 3127 1740 Paulum.
3155 1684 3395 1752 permisit
3433 1684 3480 1736 ei
3507 1691 3562 1735 ut

316 1768 523 1834 πολλῆς
546 1767 847 1832 κακώσεως
877 1771 923 1802 ⁸⁸
972 1766 1112 1824 εἶναι
1157 1772 1265 1826 τῶν
1301 1773 1535 1841 δεσμῶν,
1571 1772 1666 1826 τοῦ
1696 1772 1885 1840 φόϐου,

1998 1778 2190 1830 aniicos
2226 1776 2419 1839 adiret,
2458 1782 2588 1838 etc.,
2623 1771 2919 1826 verisimile
2971 1780 3055 1825 est
3104 1771 3251 1824 enim
3303 1772 3455 1824 illum
3494 1786 3563 1825 ex

315 1856 413 1910 τοῦ
442 1858 673 1926 ἄγεσθαι
706 1861 802 1915 καὶ
833 1861 1118 1930 φέρεσθαι.
1156 1862 1301 1932 Ὅρα
1341 1862 1399 1916 δὲ
1428 1864 1546 1927 πῶς
1584 1863 1707 1917 οὐδὲ
1730 1863 1889 1917 τοῦτο

314 1948 551 2017 κρύπτει
575 1951 655 2004 ὅτι
681 1950 935 2004 ἐϐούλετο
972 1952 1289 2019 ἐπιμελείας
1317 1956 1526 2023 τυχεῖν.

1989 1882 2185 1937 magna
2221 1865 2513 1920 vexatione
2558 1871 2723 1931 atque
2756 1860 3050 1916 alllictione
3091 1861 3456 1925 vinculorum,
3493 1862 3563 1915 ti-

1994 1956 2179 2019 moris,
2217 1955 2345 2009 item
2375 1954 2522 2024 quod
2552 1953 2661 2007 huc
2687 1951 2815 2007 illuc
2841 1952 3146 2007 traheretur
3176 1961 3233 2008 et
3258 1963 3558 2023 raperetur,

313 2038 495 2095 .ninus
520 2045 800 2099 commoda
821 2044 1130 2101 valetudine
1157 2059 1313 2102 usum
1350 2063 1475 2103 esse
1499 2055 1555 2103 et
1600 2047 1876 2102 inﬁrmum
1911 2045 2118 2112 fuisse;
2152 2064 2216 2104 ac
2242 2048 2365 2105 vide
2394 2057 2454 2104 ut
2496 2063 2567 2103 ne
2606 2048 2712 2103 hoc
2737 2045 2957 2117 quidem
2993 2048 3150 2113 celet,
3215 2048 3362 2117 quod
3426 2047 3565 2103 Pau-

312 2130 400 2187 lus
422 2135 598 2189 curari
623 2136 858 2191 volebat.

385 2225 670 2280 Κάκεῖθεν
699 2227 1084 2298 ἀναχθέντες,
1120 2233 1593 2302 ὑπεπλεύσαμεν
1624 2233 1740 2302 τὴν
1770 2235 1885 2289 Κύ-

314 2332 470 2387 προν
498 2318 594 2372 διὰ
617 2321 683 2374 τὸ
716 2322 859 2388 τοὺς
883 2321 1138 2392 ἀνέμους
1162 2321 1312 2379 εἶναι
1333 2326 1672 2393 ἐναντίους.

391 2414 464 2467 Τό
492 2429 557 2466 τε
585 2414 848 2485 πέλαγος
871 2416 937 2470 τὸ
959 2419 1110 2471 κατὰ
1145 2417 1258 2485 τὴν
1284 2420 1561 2474 Κιλικίαν
1595 2419 1694 2472 καὶ
1730 2423 1887 2488 Παμ-

314 2504 542 2572 φυλίαν
566 2503 1061 2575 διαπλεύσαντες,
1076 2509 1456 2579 κατήλθομεν
1482 2513 1567 2577 είς
1588 2513 1757 2580 Μύρα
1779 2510 1887 2580 τῆς

319 2595 565 2661 Λυκίας.

387 2685 576 2740 Κάκεῖ
589 2689 783 2755 εὑρὼν
814 2694 848 2744 ό
874 2690 1309 2761 ἑκατόνταρχος
1348 2692 1565 2748 πλοῖον
1605 2694 1887 2759 Ἀλεξαν-

314 2774 541 2841 δρηνὸν
560 2779 606 2811 ’⁸⁸
640 2779 831 2834 πλέον
856 2784 943 2849 εὶς
972 2782 1089 2852 τὴν
1126 2784 1409 2850 Ἰταλίαν,
1448 2785 1891 2856 ἀνεϐιΰάσαμεν

315 2864 476 2935 ἡμᾶς
501 2867 595 2920 ἐπ’
621 2871 791 2925 αὑτό.

398 2955 497 3008 Ἑν
532 2958 764 3024 ἱκαναῖς
816 2959 886 3012 δὲ
921 2961 1167 3031 ἡμέραις
1202 2963 1756 3031 βραδυπλοοῦντες,
1789 2963 1888 3019 και

314 3045 492 3116 μόλις
521 3051 828 3118 γενόμενοι
864 3054 1016 3106 κατὰ
1044 3053 1159 3120 τὴν
1194 3054 1436 3120 Κνίδον,
1472 3055 1557 3125 μὴ
1587 3055 1889 3123 προσεῶνο
1918 3110 1956 3128 η

316 3152 421 3203 τος
444 3138 489 3169 ⁷ο
510 3137 668 3208 ἡμᾶς
693 3141 798 3195 τοῦ
830 3143 1077 3208 ἀνέμου,
1100 3147 1574 3215 ὑπεπλεύσαμεν
1602 3146 1718 3214 τὴν
1745 3144 1890 3214 Κρή-

319 3243 435 3297 την
459 3231 612 3286 κατὰ
640 3234 967 3302 Σαλμόνην
987 3236 1057 3289 τί.

334 3366 339 3367 κ
385 3320 576 3387 Μόλις
601 3339 666 3376 τε
707 3325 1182 3394 παραλεγόμενοι
1227 3324 1443 3394 αὐτὴν,
1493 3324 1759 3395 ἤλθομεν
1804 3327 1890 3394 είς

316 3413 505 3467 τόπον
532 3414 667 3468 τινὰ
687 3417 1066 3485 καλούμενον
1086 3416 1325 3481 Καλοὺς
1345 3417 1621 3486 Λιμένας,
1645 3411 1694 3484 ᾧ
1712 3417 1890 3487 ἐγγὺς

317 3499 398 3574 ἦν
431 3507 612 3572 πόλις
642 3509 899 3564 Λασαία.

388 3597 690 3665 Πλοῖον⁷¹,
717 3602 905 3671 φησὶν,
929 3601 1427 3670 Ἀλεξανδρηνόν.
1454 3599 1613 3663 Εἰκὸς
1639 3599 1733 3653 καὶ
1755 3597 1893 3653 ὲκεί-

321 3704 446 3752 νους
472 3689 801 3758 ἀπαγγεῖλαι
836 3695 916 3756 εἰς
952 3694 1051 3763 τὴν
1082 3692 1272 3745 Ἀσίαν
1296 3693 1342 3724 ⁷³
1366 3692 1434 3746 τὰ
1467 3691 1608 3746 κατὰ
1636 3690 1727 3745 τὸν
1751 3689 1893 3744 Παῦ-

321 3780 432 3844 λον,
464 3783 558 3836 καὶ
586 3784 811 3848 τούτους
844 3785 925 3847 εἰς
954 3786 1054 3856 τὴν
1084 3785 1294 3839 Ἀσίαν.

404 3872 648 3929 Ἰκανοῦ
703 3875 770 3928 δὲ
814 3876 1035 3945 χρόνου
1089 3876 1533 3945 διαγενομένου,
1568 3874 1667 3930 καὶ
1716 3875 1892 3938 ὄντος

321 3962 441 4031 ἤδη
498 3964 875 4034 ἐπισφαλοῦς
910 3967 1014 4022 τοῦ
1064 3966 1292 4033 πλοὸς,
1348 3965 1445 4019 διὰ
1491 3969 1556 4018 τὸ
1602 3965 1700 4019 καὶ
1777 3962 1893 4029 τὴν

320 4054 615 4120 νηστείαν
662 4055 777 4126 ἤδη
828 4056 1333 4126 παρεληλυθέναι,
1374 4056 1627 4126 παρῄνει
1668 4058 1703 4111 ό
1740 4050 1894 4110 Παῦ-

318 4147 454 4211 λος,

390 4232 594 4304 Λέγων
615 4236 838 4302 αὐτοῖς·
872 4237 1132 4305 Ἄνδρες,
1161 4234 1354 4303 θεωρῶ
1374 4233 1465 4287 ὅτι
1483 4231 1636 4304 μετὰ
1668 4232 1890 4299 ὕϐρεως

322 4323 559 4393 πολλῆς
607 4326 705 4379 καὶ
754 4325 960 4396 ζημίας
985 4330 1056 4382 οὐ
1095 4327 1287 4396 μόνον
1309 4325 1416 4379 τοῦ
1440 4325 1688 4393 φορτίου
1708 4321 1756 4353 ⁷⁸
1792 4321 1890 4375 καὶ

2056 2235 2219 2291 Vens.
2257 2236 2308 2288 4.
2342 2232 2508 2304 Atque
2533 2232 2682 2286 illinc
2708 2232 2956 2300 provecti,
2999 2231 3177 2285 subter
3199 2232 3426 2302 Cyprum
3457 2250 3556 2287 na-

1991 2327 2276 2397 Jigavimus
2297 2333 2569 2393 propterea
2594 2324 2734 2393 quod
2757 2325 2895 2377 venti
2923 2334 3086 2377 essent
3110 2325 3354 2387 adversi;

2057 2417 2221 2471 Vsns.
2258 2416 2309 2469 5.
2340 2416 2407 2469 Et
2428 2414 2743 2468 transmisso
2774 2415 2983 2483 pelago,
3030 2414 3168 2482 quod
3191 2423 3270 2467 est
3296 2416 3436 2468 circa
3468 2413 3558 2470 Ci-

1989 2508 2165 2562 liciam
2211 2515 2257 2560 et
2287 2505 2681 2574 Pamphyb’am,
2721 2502 3021 2572 appulimus
3064 2502 3135 2556 ad
3192 2504 3366 2558 urbem
3390 2503 3564 2574 Lycia

1988 2597 2167 2669 Μυῖα.

2059 2686 2224 2741 Vens.
2250 2684 2303 2739 6.
2339 2683 2402 2737 Et
2426 2684 2535 2737 illic
2565 2693 2745 2737 nactus
2776 2683 3009 2739 centurio
3032 2699 3215 2737 navem
3253 2683 3565 2738 Alexandri-

1990 2794 2135 2843 nam,
2166 2792 2281 2847 qua:
2299 2762 2502 2844 petebat
2529 2774 2774 2841 Italiam,
2798 2789 2858 2828 eo
2898 2790 2991 2828 nos
3018 2774 3280 2840 imposuit.

2062 2960 2226 3015 Vens.
2252 2959 2305 3013 7.
2338 2957 2467 3014 Cum
2490 2964 2667 3011 autem
2707 2954 2998 3026 complures
3030 2956 3141 3027 dies
3169 2954 3319 3010 tarde
3346 2955 3563 3025 naviga-

1992 3067 2182 3113 remus,
2216 3058 2262 3104 et
2318 3050 2403 3102 vix
2437 3048 2841 3118 peruenissemus
2897 3048 3038 3100 circa
3089 3044 3335 3113 Cnidum,
3386 3045 3564 3115 prohi-

1990 3142 2136 3197 bente
2163 3157 2252 3194 nos
2273 3148 2440 3205 vento,
2466 3136 2824 3206 navigavimus
2849 3136 3028 3190 subter
3052 3136 3260 3191 Cretam
3279 3136 3419 3189 circa
3440 3133 3536 3189 Sal
3552 3165 3565 3175 -

1991 3248 2226 3286 monam.
3410 3236 3411 3239 “

2060 3324 2226 3379 Vens.
2260 3321 2312 3376 8.
2342 3322 2535 3390 Vixque
2555 3320 2876 3388 praetervecti
2899 3335 3040 3383 eam,
3062 3318 3297 3372 venimus
3318 3317 3371 3370 in
3394 3318 3564 3371 locum

1989 3423 2289 3487 quemdam,
2323 3416 2413 3484 qui
2460 3422 2679 3467 vocatur
2715 3409 2936 3464 Pulchri
2972 3408 3184 3472 Portus,
3224 3425 3382 3478 prope
3413 3423 3564 3477 quem

1991 3518 2100 3562 erat
2126 3506 2371 3574 oppidum
2401 3504 2613 3556 Laza'a.

2058 3595 2280 3656 Navem,
2311 3593 2507 3662 inquit,
2541 3591 2989 3646 Alexandrinam.
3015 3588 3453 3644 Consentaneum
3484 3599 3566 3644 est

1993 3694 2049 3741 et
2082 3686 2202 3739 illos
2253 3685 2309 3737 in
2362 3683 2545 3737 Asiam
2598 3679 2942 3734 renuntiasse
2990 3688 3050 3733 ut
3109 3694 3168 3734 se
3218 3680 3441 3735 traheret
3478 3696 3567 3735 res

1993 3775 2170 3838 Pauli,
2197 3782 2251 3828 et
2277 3773 2376 3826 hos
2407 3772 2462 3825 in
2492 3770 2674 3824 Asiam
2702 3779 2764 3825 “‘.

2067 3869 2226 3924 Vens.
2262 3866 2316 3920 9.
2353 3863 2485 3918 Cum
2516 3871 2693 3916 autem
2719 3861 2851 3915 satis
2883 3860 3103 3915 multum
3137 3861 3382 3929 temporis
3408 3860 3568 3930 179

1992 3959 2355 4028 prmteriisset,
2393 3964 2441 4009 et
2476 3971 2592 4025 1am
2621 3961 2749 4007 esset
2783 3952 3048 4021 navigatio
3082 3953 3397 4020 periculosa,
3447 3967 3568 4018 pro-

1990 4057 2168 4118 pterea
2185 4046 2322 4116 quod
2343 4046 2499 4098 etiam
2517 4042 2786 4113 jejunium
2792 4042 2912 4111 jam
2940 4042 3285 4111 pra’terierat,
3315 4042 3565 4094 admone-

1992 4140 2077 4194 bat
2105 4154 2188 4192 eos
2213 4135 2431 4189 Paulus-

2061 4229 2227 4286 νεεδ.
2276 4226 2361 4279 10.
2399 4224 2494 4278 llis
2529 4226 2633 4295 fere
2667 4224 2833 4277 verbis
2863 4235 2881 4274 .'
2924 4221 3055 4281 Viri,
3088 4220 3231 4273 video
3257 4235 3375 4271 cum
3414 4234 3565 4289 grav,-

1992 4319 2192 4390 injuria
2223 4325 2379 4387 atque
2414 4314 2624 4382 jactura
2655 4328 2757 4366 non
2782 4311 2953 4365 solum
2984 4309 3155 4363 oneris
3190 4317 3237 4360 et
3268 4312 3434 4371 navis,
3473 4322 3561 4358 ve-

322 4414 427 4467 τοῦ
456 4414 693 4480 πλοίου,
725 4416 887 4470 ἀλλὰ
912 4415 1009 4470 καὶ
1039 4416 1156 4477 τῶν
1184 4414 1401 4485 ψυχῶν
1427 4412 1597 4483 ἡμῶν
1618 4409 1888 4482 μέλλειῊΙ

1998 4427 2110 4465 rum
2134 4411 2294 4462 etiam
2313 4407 2608 4459 animarum
2629 4414 2926 4456 nostrarum
2952 4401 3188 4471 futuram
3213 4416 3319 4454 esse
3347 4400 3566 4469 naviga-

323 4506 567 4561 ἔσεσθαι
593 4508 699 4561 τὸν
728 4508 944 4563 πλοῦν.

398 4599 515 4664 Τὴν
552 4600 842 4667 νηστείαν
892 4599 1009 4669 ἤδη
1058 4598 1562 4668 παρεληλυθέναι.
1619 4594 1894 4667 Νηστείαν

323 4687 559 4741 ἐνταῦθα
600 4689 843 4757 τὴντῶν
878 4690 1147 4744 Ἰουδαίων
1207 4690 1390 4758 λέγειν
1437 4686 1700 4759 ἠγοῦμαι.
1738 4685 1894 4738 Μετὰ

324 4780 433 4852 γὰρ
467 4781 565 4849 τὴν
617 4783 998 4854 Πεντηκοστὴν
1055 4783 1245 4853 ἐξῆλθε
1304 4782 1445 4852 μετὰ
1480 4781 1649 4834 πολὺν
1680 4778 1891 4848 χρόνον,

322 4869 401 4933 ὡς
438 4873 498 4924 ὲν
520 4872 668 4943 αὐτῷ
701 4874 889 4943 σχεδὸν
913 4874 991 4946 τῷ
1027 4876 1255 4947 χειμῶνι
1302 4870 1713 4944 παραγενέσθαι
1734 4872 1813 4932 εἰς
1831 4869 1899 4923 τὰ

330 4962 472 5036 μέρη
518 4966 617 5034 τῆς
675 4966 924 5038 Κρήτης.
962 4968 1082 5022 Ἵνα
1117 4967 1175 5021 δὲ
1218 4968 1294 5037 μὴ
1337 4964 1466 5038 δόξῃ
1513 4960 1901 5036 προφητεύειν.

2001 4503 2212 4556 tionem.

2071 4591 2345 4652 Jeiunium
2382 4591 2498 4659 jam
2529 4587 2876 4656 praeterierat.
2922 4586 2997 4640 De
3026 4584 3242 4661 jejunio
3264 4583 3570 4639 Judajorum

2002 4699 2127 4740 eum
2158 4681 2249 4735 hic
2281 4680 2425 4749 loqui
2456 4679 2633 4749 puto?
2661 4694 2782 4732 nam
2812 4678 2974 4749 longo
3005 4686 3248 4747 tempore
3284 4684 3407 4746 post
3432 4674 3572 4727 Pen~

2006 4781 2250 4829 lecosten
2294 4769 2570 4841 profectus
2604 4776 2743 4832 erat,
2793 4777 2854 4822 ut
2906 4768 2962 4821 in
3012 4766 3129 4836 ipsa
3182 4764 3575 4837 propemodum

2005 4865 2185 4920 hieme
2241 4860 2552 4932 pervenerit
2601 4858 2653 4912 in
2700 4867 2879 4928 partes
2923 4856 3120 4912 Cretae.
3173 4856 3254 4912 Ne
3301 4856 3577 4911 videretur

2011 4966 2193 5011 autem
2223 4952 2532 5019 vaticinari,
2572 4949 2667 5005 sed
2709 4965 2778 5004 ex
2820 4948 3134 5019 conjectura
3179 4947 3351 5019 loqui,
3398 4946 3575 5011 Video,

1506 5103 1711 5167 Variae
1754 5101 2059 5164 lectiones
2106 5107 2167 5162 et
2209 5104 2401 5162 notas.

396 5235 443 5267 ⁸⁸
476 5234 913 5306 Ἀνδραμυττινῷ
972 5243 1048 5290 est
1098 5238 1152 5290 in
1201 5234 1452 5306 υπιθαεξξ·

1553 5233 1597 5264 ⁸⁸
1630 5230 1689 5285 In
1723 5248 1825 5285 uno
1849 5248 1894 5285 vt

1998 5239 2060 5284 ito
2121 5237 2196 5282 est
2230 5230 2296 5298 τῇ
2326 5227 2404 5289 δὲ,
2449 5227 2501 5279 in
2530 5223 2725 5301 altera,
2752 5225 2937 5301 τῇΔοιε,
2984 5232 3043 5301 ut
3073 5226 3181 5301 “hic
3213 5230 3263 5301 et
3293 5226 3348 5301 in
3386 5238 3575 5301 manuf

325 5282 925 5377 scripto-
953 5282 1687 5377 ίσῷςῃίιοῧῗῗῖ-ῙῖἰιίοιιινΙίίιέ
1715 5282 2181 5377 istiis'ésifapgi,
2200 5282 2442 5377 au't'certe
2467 5282 3023 5377 mutilus,;deside‘rari
3049 5294 3205 5348 dictio
3230 5290 3467 5377 ᾲσρενῇ,
3485 5299 3577 5377 aut

326 5360 502 5427 simile
527 5377 672 5444 quid.
691 5360 703 5377 ⁸
724 5377 768 5409 ⁸⁸
800 5375 864 5430 In
885 5360 1111 5445 vulgatis
1127 5373 1549 5445 Ἀλεξανδρινὸν,
1576 5380 1628 5445 et
1642 5375 1801 5445 paulo
1818 5388 1894 5445 po

1998 5360 2472 5445 ὲνερίσασενῂμᾷς
2493 5364 2747 5445 aii-:6.
2824 5365 2870 5445 1°
2896 5364 2961 5419 In
2990 5362 3347 5445 manuscripto
3393 5368 3473 5445 est
3501 5360 3575 5445 tsi}
3625 5363 3639 5379 ⁴

330 5444 674 5515 προσεόντος.
734 5447 777 5478 ⁷⁸
814 5445 880 5500 In
904 5446 1128 5515 vulgatis
1153 5444 1470 5515 Σαλμώνην.

1572 5443 1617 5473 τι
1652 5443 1740 5495 ἵσ.
1776 5441 1979 5506 πλοῖον.

2084 5438 2130 5468 ⁷³
2161 5437 2247 5491 ίσ.
2281 5427 2490 5505 εἰς’τὴν
2519 5434 2790 5505 Εὐρώπην
2812 5432 2964 5502 ἢτοι,
2990 5427 3352 5486 Μακεδονίαν.
3428 5428 3475 5462 ⁷⁵
3511 5427 3579 5485 In

329 5506 559 5582 vulgatis
588 5506 680 5567 καὶ
709 5516 932 5587 πολλῆς,
968 5506 1170 5587 ζῆμίας
1215 5506 1276 5568 οὖ
1306 5506 1465 5585 μόνον
1486 5510 1578 5565 τοῦ
1604 5511 1823 5582 φόρτου.

1998 5506 2195 5560 μέλλειν
2252 5508 2326 5559 in.
2361 5506 2612 5573 vulgatis.

401 5664 444 5699 ω
474 5652 768 5722 Fortassis,
818 5658 869 5712 in
902 5658 1170 5727 Europam
1223 5666 1312 5712 aut
1351 5656 1740 5716 Macedoniam,
1775 5665 1954 5720 nempe
1998 5643 2367 5701 Aristarchum
2398 5642 2610 5711 eiusque
2669 5641 2901 5695 comites.
