4088 6206
531 218 639 282 831

1449 199 2864 274 THEOPIIYLACTTWKBCHIEP.

3681 203 3826 267 83?

531 329 754 400 inquit:
805 342 916 381 non
970 327 1116 381 enim
1169 326 1347 382 statim
1390 334 1737 394 probassent,
1782 326 1826 381 si
1878 326 1983 381 hoc
2027 325 2112 381 di-

2216 320 2330 376 ἀλλ’
2349 320 2458 374 ἀπὸ
2515 319 2827 390 στοχασμοῦ
2856 318 3059 387 λέγειν,
3098 317 3323 387 Θεωρῶ,
3371 316 3569 388 ιρσιμςίν⁸
3593 317 3655 369 οὗ
3676 317 3806 385 γὰρ

530 421 721 475 xissct.

603 510 766 565 Vsus.
814 508 902 563 11.
943 511 1009 563 At
1050 507 1286 562 centurio
1318 508 1663 579 gubernatori
1701 519 1753 567 et
1785 510 2113 568 uariculario

533 598 771 657 credebat
802 600 991 669 magis,
1015 616 1176 669 quam
1202 599 1268 653 iis
1292 615 1410 670 qua:
1441 598 1644 658 Paulus
1665 602 1894 658 dicebat.

602 786 766 841 Vsus.
813 783 900 839 12.
934 782 1037 840 Sed
1077 801 1196 839 cum
1231 795 1413 856 portus
1442 788 1714 856 appositus
1742 804 1847 845 non
1880 796 2014 844 esset
2045 790 2115 845 ad

532 876 933 940 hibernandum,
962 876 1198 947 plerique
1227 879 1392 933 etiam
1427 879 1547 933 inde
1569 878 1768 933 solvere
1789 887 2112 944 statuerunt,

531 968 578 1020 si
597 983 699 1037 quo
729 966 881 1020 modo
908 977 1119 1035 possent
1153 970 1208 1023 in
1241 968 1513 1024 Phoenicen
1533 970 1842 1037 pervenire:
1866 971 1911 1025 is
1935 981 2115 1039 portus

532 1066 608 1110 est
635 1056 824 1122 Cretae,
843 1067 1081 1127 spectans
1106 1060 1177 1114 ad
1202 1060 1439 1131 Africum
1462 1060 1760 1115 ethorum
1784 1077 1802 1116 :
1832 1072 1987 1132 alque
2005 1062 2116 1118 illic

532 1150 784 1204 hiemare.

500 1236 511 1243 ’
602 1242 767 1297 Vens.
807 1243 894 1298 13.
929 1242 1061 1297 Cum
1087 1246 1251 1316 igitur
1287 1253 1467 1299 auster
1509 1244 1689 1300 leviter
1727 1248 1968 1316 aspirare
2008 1264 2112 1302 coeo

535 1334 717 1401 pissrt,
762 1333 1014 1388 arbitrati
1047 1351 1104 1389 se
1140 1344 1441 1389 consecutos
1481 1352 1592 1390 esse
1640 1334 1777 1407 quod
1828 1337 1885 1390 in
1933 1336 2117 1392 animo

533 1435 932 1496 proposuerant,
979 1443 1096 1480 eum
1136 1426 1448 1493 solvissent,
1487 1426 1700 1483 Cretam
1742 1427 2116 1499 expropinquo

537 1518 1071 1586 praetervehebantur.

606 1608 958 1666 Naviculario
1010 1612 1181 1683 magis
1234 1613 1498 1668 credebat.
1552 1611 1665 1669 "oc
1710 1612 1945 1669 faciebat
1991 1613 2114 1670 ideo

535 1793 747 1862 peritis,
793 1809 954 1864 quam
992 1796 1199 1851 vectori
1232 1795 1307 1851 rei
1349 1796 1588 1853 nautica:
1619 1798 1895 1869 imperito.
1926 1797 2117 1869 Itaque

534 1885 746 1941 consilii
779 1894 943 1956 atque
988 1887 1177 1958 iudicii
1208 1899 1354 1956 erat,
1391 1905 1500 1945 non
1545 1890 1777 1946 fortuna:
1808 1901 2114 1961 peccatum.

604 1978 768 2034 Vsus.
803 1979 888 2034 Η».
920 1977 1026 2036 Sed
1048 1981 1191 2037 haud
1218 1982 1386 2036 multo
1420 1993 1535 2050 post
1557 1984 1718 2038 irruit
1758 1984 1815 2038 in
1843 2002 1960 2040 eam
1989 2002 2116 2041 ven-

537 2076 620 2121 tus
652 2067 981 2125 turbulentus
1011 2087 1074 2125 ac
1123 2072 1464 2142 procellosus,
1516 2075 1608 2146 qui
1638 2075 1925 2130 vocabatur
1954 2076 2119 2132 Euro-

538 2158 724 2228 clydoa
749 2168 800 2214 ιι.

605 2252 769 2310 Vsus.
803 2255 890 2312 15.
924 2257 1154 2323 Cumque
1173 2267 1415 2329 correpta
1439 2269 1570 2319 esset
1598 2261 1767 2333 navis,
1797 2270 1847 2317 et
1870 2279 1974 2318 non
1994 2279 2116 2333 pos-

536 2353 616 2400 set
648 2348 897 2404 obsistere
926 2360 1101 2416 vento,
1133 2352 1254 2422 jam
1295 2368 1413 2409 nou,
1440 2353 1673 2425 amplius
1715 2354 2006 2411 obnitentes
2028 2355 2122 2425 ja-

536 2439 812 2495 ctabamar
833 2448 880 2496 ο.
1527 2459 1566 2493 ο

610 2532 768 2587 Vsus.
798 2533 882 2587 16.
917 2534 1048 2589 Cum
1075 2546 1250 2592 autem
1291 2539 1431 2609 infra
1479 2555 1700 2608 parvam
1726 2542 2018 2610 quamdam
2040 2541 2125 2596 in-

2213 413 2281 467 ἂν
2315 413 2563 479 ἐδέξαντο
2601 412 2825 478 εὐθέως,
2857 413 2906 464 εί
2934 411 3092 465 τοῦτο
3118 406 3293 464 εἶπεν.

2300 504 2363 560 '0
2396 503 2465 559 se
2496 503 2941 574 ἑκατοντάρχης
2962 504 3008 537 ⁷⁸
3063 502 3144 568 τῷ
3174 501 3513 571 κυϐερνήτῃ
3564 502 3665 556 και
3712 501 3809 566 τῷ

2212 597 2538 667 ναυκλήρῳ
2568 597 2835 655 ἐπείθετο
2853 596 3120 666 μᾶλλον,
3160 595 3200 665 ἢ
3254 595 3380 662 τοῖς
3396 596 3441 628 ’⁷
3505 594 3627 651 ὑπὸ
3686 594 3815 651 τοῦ

2214 693 2462 746 Παύλου
2493 688 2866 759 λεγομένοις.

2298 769 2651 835 ’Λνευθέτου
2687 780 2755 834 δὲ
2785 780 2893 835 τοῦ
2944 779 3193 848 λιμένος
3226 780 3605 848 ὑπάρχοντος
3641 783 3810 850 πρὸς

2214 874 2717 942 παραχειμασίαν,
2745 875 2801 929 oi
2840 873 3090 938 πλείους
3147 871 3354 926 ἔθεντο
3374 871 3620 940 ,βουλὴν
3649 872 3810 926 dra-

2215 963 2495 1033 χθῆναιη
2545 965 2823 1021 κάκεῖθεν
2856 978 2871 996 °
2930 964 3118 1030 είπως
3159 963 3448 1018 δύναιντο
3496 966 3805 1032 καταντή-

2214 1073 2437 1124 σαντες
2471 1058 2560 1123 είς
2588 1057 2832 1112 Φοίνικα
2871 1055 3337 1125 παραχειμάσαι,
3403 1053 3621 1124 λιμένα
3686 1055 3809 1124 τῆς

2214 1148 2473 1217 Κρήτης,
2509 1148 2825 1214 βλέποντα
2863 1148 3016 1202 κατὰ
3043 1148 3192 1202 Λίϐα
3215 1146 3314 1201 καί
3353 1146 3506 1202 κατὰ
3568 1146 3804 1217 Χῶρον.

2301 1240 2825 1307 Ὑποπνεύσαντος
2851 1240 2921 1295 δὲ
2954 1246 3155 1303 νότου,
3191 1238 3483 1306 δόξαντες
3513 1240 3626 1307 τῆς
3654 1256 3810 1309 προ-

2216 1332 2440 1401 θέσεως
2489 1333 2938 1403 κεκρατηκέναι,
2972 1333 3228 1402 ἇραντες
3266 1332 3525 1389 decor"
3540 1334 3805 1403 πιψελέ-

2214 1442 2392 1495 γοντο
2421 1425 2539 1496 τὴν
2573 1428 2837 1497 Κρήτην.

2293 1606 2380 1673 Τῷ
2408 1606 2734 1675 ναυκλήρῳ
2788 1607 3059 1665 ἐπείθετο
3105 1607 3368 1679 μᾶλλον.
3408 1606 3583 1664 Τοῦτο
3621 1609 3799 1664 ἐποίει

406 1702 417 1711 ’
532 1701 679 1769 quod
720 1702 1059 1759 existimaret
1093 1704 1264 1775 magis
1299 1704 1632 1763 credendum
1663 1721 1786 1764 esse
1814 1707 2111 1777 navigandi

2216 1701 2456 1772 νομίζων
2484 1703 2568 1757 ὅτι
2611 1703 2694 1757 δεῖ
2723 1703 2923 1773 μᾶλλον
2959 1705 3074 1762 τοῖς
3103 1702 3386 1773 ιμπείρως
3441 1701 3626 1773 ἔχουσι
3660 1701 3805 1774 πρὸς

2217 1794 2279 1847 τὸ
2303 1794 2457 1848 πλεῖν
2512 1795 2887 1867 πείθεσθαι,ἢ
2942 1793 3180 1865 ἔπιϐἀτῃ
3230 1792 3446 1864 ἀπείρῳ
3504 1793 3794 1864 ναυτικῆς.

2221 1889 2386 1942 ’Ὥστε
2411 1883 2504 1942 οὖν
2549 1888 2776 1959 γνώμης
2795 1883 2864 1959 ἦν
2894 1888 2989 1942 καὶ
3019 1888 3082 1942 οὔ
3114 1886 3287 1958 τύχης
3319 1886 3647 1958 ἁμάρτημα.

2287 1981 2427 2035 Μετ’
2454 1981 2526 2035 οὐ
2560 1979 2723 2036 πολὺ
2742 1980 2813 2034 δὲ
2835 1980 3015 2035 ἔϐαλε
3041 1979 3169 2034 κατ’
3196 1978 3389 2047 αὐτῆς
3434 1977 3655 2049 ἄνεμος
3700 1994 3799 2036 τυ-

2220 2077 2481 2146 φωνικὸς
2515 2078 2548 2131 ό
2577 2076 2953 2147 καλούμενος
2980 2074 3402 2144 Εὐροκλύδων.

2290 2276 2834 2344 Συναρπασθέντος
2857 2275 2928 2329 δὲ
2952 2275 3059 2330 τοῦ
3088 2275 3328 2341 πλοίου,
3369 2274 3471 2329 καὶ
3497 2274 3584 2345 μὴ
3610 2273 3795 2329 avra-

2214 2369 2407 2441 μένου
2457 2368 2907 2441 ἀντοφθαλμεῖν
2927 2366 3010 2435 τῷ
3033 2367 3250 2439 ἀνέμῳ,
3267 2367 3576 2435 ἐπιδόντες
3588 2367 3799 2442 ἐφερὸο

2216 2468 2525 2623 μεὲῗίσίον
2546 2551 2614 2608 δέ
2639 2570 2693 2608 τι
2720 2551 3169 2622 ὑποδραμόντες
3197 2550 3577 2619 καλούμενον
3596 2551 3797 2606 Κλαύδ-

536 2623 731 2688 sulam,
761 2641 877 2695 qua:
897 2636 1115 2682 vocatur
1134 2627 1362 2696 Clauda,
1392 2647 1547 2684 cursu
1566 2630 1730 2686 delati
1752 2648 2003 2698 essemus,
2036 2633 2120 2687 vix

2222 2644 2359 2715 δην,
2389 2647 2565 2716 μόλις
2594 2647 2935 2716 ἰσχύσαμεν
2969 2642 3342 2714 περικρατεῖς
3369 2640 3648 2713 γενέσθαι
3680 2643 3799 2717 τῆς

536 2717 802 2784 potuimus
830 2720 1062 2776 obtinere
1088 2723 1361 2792 scapham.

609 2806 771 2862 Vsus.
804 2810 888 2864 17.
925 2811 1096 2877 Quam
1126 2813 1214 2868 ubi
1234 2816 1614 2882 subduxerunt,
1651 2817 1976 2888 adjumentis
2006 2828 2120 2873 ute-

2268 2735 2344 2791 ιιά
2472 2776 2486 2791 .

2221 2753 2267 2793 σ
2300 2754 2691 2899 Ἠῗοηῗῖραντες
2743 2827 3055 2898 βοηθείαις
3086 2824 3373 2896 ἐχρῶντο,
3414 2824 3791 2887 ὑποζωννύνο

541 2896 753 2963 bantur,
805 2905 1163 2976 suecingentes
1208 2908 1500 2980 navigium,
1547 2910 1888 2981 timentesque
1940 2928 2007 2967 ne
2067 2913 2120 2968 in

2222 2938 2322 2990 τες
2345 2921 2412 2976 τὸ
2441 2896 2678 2986 πλοῖον,
2706 2896 3067 2991 φοϐουμενοί
3093 2935 3161 2973 τε
3183 2918 3231 2951 ⁸⁸
3256 2916 3345 2989 μὴ
3374 2917 3463 2984 είς
3487 2915 3603 2985 τὴν
3643 2917 3797 2985 Σύρ-

540 2987 741 3059 Syrtim
770 2995 1104 3063 ejicerentur.

611 3079 731 3135 Non
770 3086 1048 3153 postulare
1089 3097 1328 3156 oportet,
1368 3097 1425 3143 ut
1473 3089 1752 3160 Scriptura
1793 3093 2011 3163 proprie
2041 3094 2120 3149 Io-
2145 3063 2189 3123 θ

541 3180 739 3238 quatur
770 3192 783 3228 :
815 3191 938 3228 nam
981 3179 1125 3246 quod
1150 3179 1284 3234 dixit
1319 3182 1740 3250 ἀντοφθαλμεῖν,
1806 3184 1860 3239 id
1905 3195 1988 3240 cst
2020 3187 2120 3242 ob-

2223 3030 2319 3068 τιν
2337 3012 2382 3046 ⁸⁸
2414 3012 2780 3068 ἐκπέσωσιν.

2300 3102 2378 3155 οὐ
2437 3102 2521 3155 δεῖ
2565 3101 2942 3173 κυριολεκτεῖν
2996 3101 3252 3161 ἀπαιτεῖν
3286 3100 3389 3172 τὴν
3430 3098 3674 3171 Γραφήν.
3721 3096 3797 3152 Tt!

2222 3195 2354 3265 γὰρ,
2411 3194 2879 3268 ἀντοφθαλμεῖν,
2938 3194 3033 3248 ἐπὶ
3085 3192 3375 3268 ἀνθρώπου
3411 3190 3663 3264 ἁρμόζει,
3698 3192 3796 3243 καὶ

547 3263 707 3329 lucri,
730 3274 919 3321 contra
945 3271 1162 3336 intueri,
1186 3271 1253 3326 de
1269 3271 1489 3328 homine
1506 3276 1899 3332 convenieutcr
1918 3293 1980 3332 ac
1997 3294 2120 3348 pro.

2221 3263 2324 3338 οὐκ
2370 3283 2463 3337 ἐπὶ
2510 3263 2718 3340 πλοίου.

540 3356 660 3426 prie
691 3356 911 3426 dicitur,
944 3375 1052 3415 non
1084 3361 1150 3417 dc
1174 3363 1411 3435 navigio.

612 3448 773 3503 Vsus.
801 3449 888 3505 18.
932 3451 1168 3509 Demisso
1212 3472 1357 3524 vase,
1391 3458 1467 3511 ita
1494 3459 1814 3529 ferebantur.
1861 3463 1994 3519 Cum
2023 3481 2122 3519 au-

540 3542 641 3589 tem
655 3538 939 3595 vehementi
961 3549 1265 3614 tempestate
1288 3547 1629 3618 iactarentur,
1658 3555 1896 3623 sequenti
1920 3555 2005 3610 die
2025 3556 2120 3625 ja-

539 3637 745 3682 cturam
778 3632 1064 3701 faciebant,

607 3720 772 3781 Vsus.
800 3726 886 3782 19.
910 3728 983 3782 Ac
1005 3730 1155 3784 tertio
1174 3729 1257 3785 die
1282 3732 1471 3789 nostris
1500 3734 1732 3804 ipsorum
1754 3738 1998 3794 manibus
2029 3756 2118 3795 ar-

538 3824 806 3871 mamenta
839 3820 986 3873 navis
1020 3821 1358 3892 projecimus.

607 3901 773 3962 Vsus.
802 3907 893 3963 20.
923 3909 1053 3966 Cum
1085 3922 1263 3969 autent
1302 3931 1467 3987 neque
1493 3917 1593 3982 sol,
1641 3936 1806 3992 neque
1832 3922 2010 3978 sidera
2046 3926 2118 3979 ad

539 3994 648 4088 dies
669 3998 957 4065 complures
986 4013 1327 4072 apparerent,
1351 4023 1415 4061 ac
1436 4019 1716 4080 tempestas
1748 4013 1893 4068 haud
1926 4015 2117 4088 exigua

536 4087 877 4158 incumberet,
914 4093 1035 4165 jam
1077 4097 1247 4152 omnis
1269 4098 1458 4154 salutis
1492 4110 1684 4157 nostra:
1712 4120 1827 4174 spes
1866 4087 2117 4179 adempta

537 4187 674 4235 erat.

609 4271 771 4326 Vsus.
801 4274 891 4330 21.
948 4272 1053 4330 Sed
1098 4294 1216 4333 cum
1258 4279 1513 4335 diuturna
1552 4283 1730 4340 inedia
1777 4299 1927 4356 esset,
1969 4303 2116 4348 stans

2294 3466 2682 3534 Χαλάσαντες
2713 3466 2779 3521 τὸ
2816 3466 3057 3533 σκεῦος,
3088 3467 3274 3532 οὕτως
3304 3466 3608 3537 ἐφέροντο.
3632 3473 3793 3540 Σερο-

2221 3558 2376 3629 δρῶς
2400 3559 2470 3613 δὲ
2498 3556 2936 3631 χειμαζομένων
2985 3558 3175 3631 ἡμῶν,
3198 3559 3273 3628 τῇ
3323 3559 3473 3629 ἑξῆς
3529 3562 3790 3633 ἐκϐολὴν

2219 3652 2564 3707 ἐποιοῦντο.

2291 3742 2402 3798 Καὶ
2420 3742 2496 3813 τῇ
2508 3744 2674 3816 τρίτῃ
2699 3740 3043 3812 αὐτόχειρες
3068 3742 3185 3812 τὴν
3197 3743 3433 3815 σκευὴν
3448 3743 3550 3799 τοῦ
3576 3744 3805 3800 πλοίου

2218 3834 2569 3907 ἐρῤίψαμεν.

2291 3925 2455 3991 Μήτε
2494 3924 2564 3979 δὲ
2615 3924 2798 3993 ἡλίου
2852 3922 3007 3995 μήτε
3064 3922 3303 3994 ἄστρων
3357 3924 3794 3994 ἐπιφαινόντων

2218 4018 2319 4075 ἐπὶ
2345 4019 2635 4086 πλείονας
2683 4018 2930 4088 ἡμέρας,
2985 4016 3276 4088 χειμῶνός
3308 4034 3372 4073 τε
3409 4018 3524 4073 οὐκ
3585 4018 3794 4088 ὀλίγου

2216 4109 2619 4180 ἐπικειμένου,
2650 4108 2869 4164 λοιπὸν
2899 4107 3236 4179 περιῃρεῖτο
3264 4106 3435 4166 πᾶσα
3482 4108 3661 4176 ἐλπίς
3689 4108 3807 4165 τοῦ

2217 4202 2507 4265 σώζεσθαι
2526 4199 2703 4272 ἡμᾶς.

2290 4289 2535 4359 Πολλῆς
2558 4289 2627 4343 δὲ
2655 4287 2892 4358 ἀσιτίας
2917 4287 3332 4360 ὑπαρχούσης,
3390 4287 3524 4342 τότε
3552 4286 3795 4354 σταθείς

538 4356 743 4415 Paulus
794 4363 851 4417 in
899 4366 1067 4419 medio
1116 4365 1329 4422 illorum
1376 4370 1512 4425 dixit
1545 4387 1566 4427 :
1612 4373 1896 4443 Oportebat
1953 4380 2115 4452 180

2219 4385 2252 4437 δ
2284 4356 2527 4449 nassa}
2551 4381 2621 4436 ἐν
2667 4380 2838 4450 μέσῳ
2868 4356 3105 4446 αὐτῶν,
3159 4380 3364 4434 εἷπε-ν’
3402 4380 3562 4434 Ἔδει
3588 4380 3725 4451 μὲν,
3749 4376 3794 4436 ὥ

538 4452 770 4521 quidem,
799 4456 920 4521 viri,
953 4459 1081 4512 mihi
1123 4461 1541 4531 obtemperantes
1570 4484 1601 4520 a
1625 4467 1783 4524 Creta
1823 4487 1929 4526 non
1954 4475 2118 4530 solve-

537 4558 616 4606 re,
646 4553 802 4616 atque
830 4547 1031 4603 lucrari
1058 4549 1197 4606 hanc
1226 4552 1484 4623 injuriam
1527 4568 1689 4631 atque
1721 4561 2116 4623 detrimentum.

610 4722 666 4777 Id
694 4733 798 4793 est,
822 4725 962 4782 vela.
999 4726 1134 4783 Nam
1165 4746 1287 4788 cum
1322 4746 1520 4795 ventus
1548 4740 1848 4799 vehemens
1873 4756 1976 4815 est,
2009 4747 2113 4805 hoc

541 4812 622 4877 ﬁt.
653 4814 779 4871 dum
810 4819 1007 4892 puppis
1033 4824 1391 4883 exsrinditur.

616 4906 777 4963 Vsus.
810 4910 900 4965 εξ.
933 4911 1005 4967 Et
1042 4930 1179 4970 nunc
1216 4917 1376 4988 jubeo
1415 4938 1504 4976 vos
1546 4923 1678 4980 bono
1726 4927 1907 4981 animo
1950 4945 2060 4985 esse
2091 4946 2110 4985 :

540 5015 665 5052 nam
696 5001 891 5058 anima:
919 5004 1069 5060 nulla
1091 5007 1190 5061 erit
1220 5009 1439 5078 jactura
1468 5028 1532 5068 ea:
1563 5015 1728 5085 vobis,
1756 5028 2114 5091 praeterquam

538 5108 755 5165 navigii.

2216 4472 2455 4540 ἄνδρες,
2508 4469 3036 4541 πειθαρχήσαντάς
3060 4486 3162 4540 μοι
3186 4469 3273 4540 μὴ
3304 4468 3632 4540 ἀνάγεσθαι
3673 4471 3791 4525 ἀπὸ

2217 4563 2328 4632 τῆς
2361 4562 2619 4632 Κρήτης,
2656 4560 2951 4633 κερδῆσαί
2976 4576 3041 4616 τε
3053 4562 3098 4599 ⁸³
3123 4561 3238 4631 τὴν
3261 4561 3433 4632 ὕϐριν
3455 4561 3683 4630 ταύτην
3695 4561 3792 4616 καί

2215 4652 2331 4724 τὴν
2364 4652 2594 4724 ζημίαν.

2291 4743 2570 4809 Τουτέστι,
2607 4743 2676 4797 τὰ
2715 4742 2882 4798 ἱστία.
2944 4746 3089 4797 υταν
3139 4741 3248 4814 γὰρ
3270 4741 3551 4813 σφοδρδςὸ
3590 4745 3789 4816 ἄνεμος

2217 4830 2275 4908 ᾖ,
2305 4834 2464 4889 τοῦτο
2500 4836 2732 4903 γίνεται,
2764 4832 3173 4904 ὲκκοπτομὲνης
3192 4832 3293 4904 τῆς
3328 4833 3586 4906 πρύμνης

2289 4926 2399 4983 Kal
2430 4925 2622 4981 τανῦν
2657 4925 2925 4995 παραινῶ
2963 4922 3119 4994 ὑμᾶς
3146 4925 3449 4995 εὐθυμεῖν.
3491 4927 3787 4998 Ἀποσολὴ

2222 5018 2336 5091 γὰρ
2398 5017 2607 5093 ψυχῆς
2649 5017 2898 5089 οὐδεμία
2938 5016 3110 5071 ἔσται
3139 5015 3211 5083 ἐξ
3249 5016 3440 5088 ὑμῶν,
3469 5019 3641 5091 πλὴν
3680 5020 3787 5077 τοῦ

2220 5114 2461 5170 πλοίου.

1688 5268 1889 5332 Varim
1931 5269 2244 5335 lectiones
2286 5279 2347 5335 et
2391 5280 2582 5338 noue.

612 5375 656 5410 "
676 5375 743 5456 I_n
765 5378 996 5456 vulgatis
1027 5381 1443 5456 ὲκαῖρνταρχος.

541 5461 656 5519 σον,
683 5448 737 5519 in
766 5448 1014 5519 vulgatis.

543 5516 877 5572 desideratur
904 5521 960 5573 in
1016 5529 1391 5599 manuscripto.

617 5649 643 5677 ³³
672 5639 735 5695 ν.
769 5646 1113 5715 Euroaquilo.

1549 5387 1597 5469 τ’
1621 5388 1726 5469 ὑπὸ
1754 5392 2088 5469 desideratur
2113 5397 2168 5449 in
2199 5400 2575 5469 manuscripto.

1130 5453 1176 5485 ⁸⁰
1205 5457 1281 5536 Tir
1296 5453 1631 5513 desideratur
1678 5462 1732 5514 in
1779 5466 2158 5536 manuscripto.
2195 5476 2224 5533 εξ

3617 5396 3662 5431 ’⁸
3691 5390 3789 5451 ἆσ-

2679 5397 2725 5429 ⁷⁸
2752 5395 2816 5451 1η
2870 5398 3230 5468 manuscripto
3264 5396 3518 5467 ἀχθῆναι.
3617 5396 3662 5431 ⁷⁸
3691 5395 3784 5451 ἆσ-

2679 5475 2715 5520 t.
2832 5467 2879 5497 "
2907 5468 3186 5520 ὲκπὲσωσι
3214 5469 3269 5520 in
3298 5466 3551 5520 vulaatis.
3652 5466 3701 5499 ⁸³
3726 5483 3784 5520 τε

2268 5466 2313 5498 ⁸³
2353 5466 2557 5539 (ripam
2577 5475 2715 5522 erat.
2832 5467 2879 5497 ⁸³
2907 5466 3186 5522 ἐκπέσωει
3214 5469 3269 5522 in
3298 5466 3551 5537 vulgatis.

1203 5660 1222 5679 '
1262 5648 1322 5706 V.
1357 5652 1482 5708 data
1513 5671 1638 5711 nare
1672 5657 1886 5725 ﬂatibus
1913 5659 2229 5730 ferebamur.
