4088 6206
533 218 641 283 835

1469 198 2053 264 THEOPIIYLACTI
2083 196 2497 259 BULGARIJS
2535 195 2891 257 ARCHIEP.

3708 192 3840 255 836

614 325 734 383 Sive
786 326 948 379 bonus
1005 321 1111 375 sive
1176 316 1345 372 malus
1412 316 1502 382 sit,
1552 315 1639 368 ubi
1688 314 1918 382 primum
1976 320 2122 365 natu:

2241 311 2324 364 Οὐ
2352 309 2560 377 κακὸν,
2590 308 2734 363 οὐδὲ
2775 307 2892 379 μὲν
2924 306 3173 375 ἐσθλὸν,
3200 306 3364 377 ἐπὴν
3385 306 3459 362 τὰ
3480 304 3687 375 πρῶτα
3710 306 3793 377 γέ
3810 335 3842 346 -

537 412 731 572 (“alia
788 500 1058 572 signiﬁcat
1106 498 1223 553 ﬁeri
1277 514 1386 553 non
1424 511 1581 566 posse
1627 503 1689 550 ut
1730 495 1853 565 quis
1905 493 2128 565 ell‘ugiat

541 595 735 652 mortis
781 591 1001 647 fatalem
1046 588 1456 651 necessitatem,
1497 600 1618 655 qua:
1658 583 1820 639 simul
1865 591 1923 637 ut
1961 590 2127 637 natus

542 695 666 751 est,
721 683 961 739 hominis
1022 689 1254 735 mortem
1314 677 1602 734 constituit
1670 684 1833 746 atque
1891 674 2122 730 delinit:

542 792 738 844 nempe
766 778 810 829 si
845 774 957 828 fato
983 774 1314 828 destinatum
1362 778 1480 824 erat
1516 778 1575 823 ut
1616 783 1808 822 omnes
1857 766 2119 835 perirent,

541 868 880 938 pereundum
912 873 1033 920 erat
1063 864 1227 918 etiam
1258 863 1445 928 Paulo,
1479 870 1746 931 quantum
1792 858 1990 928 conjici
2021 871 2122 927 po-

546 968 648 1012 test
676 974 741 1011 ex
775 958 941 1011 rebus
981 955 1367 1009 consentaneis
1395 970 1459 1008 ac
1491 950 1897 1016 verisimilibus,
1919 959 2004 1007 .ut
2030 946 2124 1019 qni

543 1062 736 1118 expers
762 1047 869 1100 cibi
903 1047 1202 1101 duraverat
1243 1046 1301 1099 in
1356 1045 1490 1098 mari
1538 1043 1654 1096 dies
1682 1040 2118 1111 quatuordecim.

543 1138 689 1192 Dixit
718 1138 865 1193 enim
905 1136 1035 1191 falsa
1081 1136 1276 1200 oratio,
1326 1134 1453 1189 Sive
1483 1132 1648 1186 bonus
1671 1134 1775 1186 sive
1810 1131 1984 1185 malus
2005 1131 2073 1184 sit
2103 1147 2120 1185 :

542 1230 641 1287 sed
686 1229 1022 1284 contrarium
1071 1227 1208 1282 dixit
1256 1226 1558 1295 Scriptura,
1609 1224 1869 1278 nimirum
1913 1225 2122 1294 justum

543 1330 816 1379 servatum
848 1335 969 1376 esse
993 1336 1060 1374 ex
1094 1319 1337 1389 periculo
1375 1317 1686 1373 manifesto.
1712 1315 1889 1386 Atque
1910 1317 2123 1370 animas

3521 397 3751 471 [νηται.

2305 495 2431 548 '0”
2471 493 2729 567 σημαίνει
2755 495 2838 548 ὅτι
2866 492 3130 555 ἀδύνατος
3165 493 3428 563 ἐκφυγεῖν
3448 492 3552 545 τοῦ
3572 491 3835 546 θανάτου

2227 587 2632 658 εἱρμαρμένην,
2690 586 2806 656 ἅμα
2850 586 3200 656 τῇ”γεννήσει
3256 583 3549 656 ὀρίξουσαν
3580 583 3679 636 τοῦ
3724 583 3838 636 ἀνι

2227 679 2446 750 θρώπου
2505 678 2596 732 τὸν
2645 677 2916 732 θάνατον’
2962 677 3101 730 ἀλλὰ
3147 678 3244 730 καὶ
3301 676 3533 748 εἵμαρτο
3599 679 3831 738 πάντας

2224 770 2546 836 ἀπολέσθαι,
2570 765 2684 841 εἶχε
2709 769 2756 823 δ’
2792 770 2858 824 ἂν
2889 771 2986 824 καὶ
3018 769 3047 822 ὁ
3066 769 3281 833 Παῦλος
3331 768 3653 833 ἀπολέσθαι,
3680 769 3825 822 ὅσον

2226 863 2290 914 ὲκ
2320 861 2430 915 τῶν
2470 863 2719 928 εἰκότων,
2751 861 2940 925 ἄσιτος
2969 861 3256 932 διαμείνας
3290 863 3350 914 ἐν
3380 862 3610 929 πελάγει
3646 862 3830 915 δεκα-

2224 954 2499 1025 τέσσαρας
2519 956 2755 1026 ἡμὲρας.
2782 951 2917 1008 Εἷπε
2948 955 3058 1027 γὰρ
3087 958 3115 1008 ὁ
3134 955 3339 1027 ψευδὴς
3370 955 3549 1024 λόγος⁶
3590 958 3674 1010 Οὐ
3708 973 3831 1010 κα-

2224 1046 2357 1110 κὸν,
2400 1046 2543 1102 οὐδὲ
2567 1048 2686 1118 μὲν
2730 1048 2959 1102 ἐσθλόν
2993 1063 3010 1081 ·
3073 1048 3293 1103 sines
3322 1049 3571 1102 ἐναντίον
3596 1044 3761 1102 εἶπεν
3784 1050 3825 1116 il
3860 1055 3883 1080 τ

2225 1141 2441 1212 Γραφὴ,
2499 1143 2582 1196 ὅτι
2636 1144 2665 1195 δ
2711 1141 2923 1204 δίκαιος
2970 1140 3207 1205 ἐσώζετο
3259 1141 3317 1207 ἐξ
3371 1140 3821 1212 ὁμολογουμένου

2223 1234 2492 1288 κινδύνου.
2549 1235 2662 1297 Τὰς
2717 1233 2817 1304 μὲν
2869 1233 2962 1287 οὖν
2994 1233 3172 1304 ψυχὰς
3199 1232 3497 1304 ἐχαρίσατο
3518 1236 3546 1286 ὁ
3571 1233 3706 1294 Θεὸς
3733 1234 3821 1303 τῷ

2225 1319 2442 1392 Παύλῳ,
2475 1321 2535 1374 τὸ
2561 1321 2619 1373 δὲ
2646 1320 2830 1375 πλοῖον
2866 1321 3115 1375 ἀπώλετο
3145 1323 3241 1375 καὶ
3276 1323 3344 1375 τὰ
3366 1324 3466 1376 σὺν
3489 1322 3658 1391 αὐτῷ.
3679 1318 3820 1376 ’Ὧδε

542 1409 764 1485 quidem
799 1414 939 1469 Deus
974 1412 1143 1468 Paulo
1190 1412 1435 1475 donavit,
1472 1410 1749 1480 navigium
1781 1420 1966 1464 autem
1994 1424 2121 1464 cum

2226 1409 2317 1466 οὖν
2332 1413 2422 1467 διὰ
2453 1413 2544 1466 τὸν
2558 1413 2766 1468 δίκαιον
2781 1413 2950 1478 ζῶσιν
2978 1413 3308 1478 οἱ·-ἀσε6εῖς.
3332 1414 3492 1468 Ἐστι
3532 1415 3577 1467 δ’
3590 1415 3679 1467 ὅτε
3718 1415 3818 1467 καὶ

553 1509 922 1562 instrumento
964 1504 1183 1558 nautico
1229 1504 1391 1574 periit
1424 1519 1438 1555 :
1472 1503 1550 1557 sic
1597 1503 1759 1572 igitur
1786 1511 2009 1572 propter
2034 1501 2122 1572 ju-

2226 1505 2331 1576 πρὸ
2358 1505 2505 1577 ὥρας
2527 1506 2556 1558 ὁ
2586 1506 2792 1577 ἀσεϐὴς
2820 1506 3117 1560 ἀπόλλυται
3140 1506 3226 1560 διὰ
3243 1504 3341 1575 τὴν
3365 1505 3557 1560 ἑαυτοῦ
3582 1508 3811 1573 κακίαν,

543 1608 689 1653 stum
748 1596 899 1666 impii
955 1596 1165 1652 vivunt.
1226 1594 1633 1664 Nonnunquam
1686 1604 1867 1648 autem
1917 1594 2120 1664 impius

2226 1594 2903 1666 καθὼςόἘκκλησιαστὴς
2946 1612 3114 1664 φησι·
3150 1595 3248 1663 Μὴ
3264 1595 3579 1663 ἀσεϐήσῃς
3615 1595 3805 1662 πολὺ,

543 1688 707 1744 etiam
757 1697 882 1743 ante
934 1695 1149 1756 tempus
1189 1695 1413 1756 prapter
1451 1700 1604 1739 suam
1642 1684 1905 1739 malitiam
1955 1686 2119 1753 perit,

2226 1681 2379 1752 μηδὲ
2400 1683 2570 1754 γίνου
2590 1684 2880 1753 σκληρὸς,
2906 1687 3005 1739 ἵνα
3021 1686 3108 1755 μὴ
3128 1685 3441 1753 ἀποθάνῃς
3454 1686 3523 1738 ἐν
3537 1687 3609 1739 οὺ
3624 1685 3812 1754 καιρῷ

545 1773 1006 1850 quemadmodum
1048 1778 1180 1833 dicit
1229 1776 1625 1833 Ecclesiastes:
1679 1775 1807 1830 Noli
1862 1793 1974 1831 esse
2021 1778 2122 1830 im-

2226 1786 2362 1827 σου.
2395 1800 2464 1811 -—
2492 1774 2632 1827 Τότε
2664 1773 2983 1844 ἀπέκοψαν
3011 1779 3064 1829 οἱ
3091 1776 3440 1844 στρατιῶται
3464 1778 3536 1831 τὰ
3563 1779 3812 1846 σχοινία

543 1874 684 1941 pius,
711 1888 872 1942 neque
897 1871 969 1925 sis
997 1870 1221 1924 multum
1244 1871 1430 1933 durus,
1464 1885 1526 1922 ne
1550 1869 1796 1923 moriaris
1818 1869 1873 1922 in
1896 1877 2122 1937 tempore

2226 1865 2337 1934 τῆς
2358 1866 2623 1935 σκάφης.
2663 1869 3040 1939 Οἰκονομικῶς
3063 1871 3124 1924 τὸ
3173 1871 3389 1942 πρῶτον
3448 1872 3759 1925 ἀπιστεῖται
3779 1873 3811 1925 ὁ

545 1981 651 2019 non
679 1963 848 2018 tuo".
880 1991 947 2004 —
972 1961 1118 2017 Tunc
1147 1962 1340 2017 milites
1369 1964 1519 2031 funes
1543 1962 1750 2031 scapha:
1768 1962 2122 2016 absciderunt.

2226 1956 2462 2022 Παῦλος,
2483 1957 2568 2010 ἴνα
2602 1959 2741 2029 μετὰ
2756 1960 2856 2029 τὴν
2873 1962 3071 2031 πεῖραν
3090 1962 3198 2014 τῶν
3224 1964 3567 2032 πραγμάτων
3588 1981 3809 2021 πιστευ.

548 2054 713 2111 Paulo
746 2055 1005 2125 primum,
1042 2052 1151 2109 Deo
1189 2067 1305 2107 rem
1338 2052 1413 2105 ita
1449 2052 1772 2122 disponente
1815 2059 1980 2120 atque
2024 2051 2122 2106 ad-

2228 2044 2318 2117 θῇ,
2351 2048 2489 2119 ὅπερ
2516 2044 2610 2103 οὖν
2634 2050 2876 2119 γέγονεν.
2910 2054 3051 2123 Ὅρα
3079 2052 3209 2122 γοῦν
3228 2055 3344 2118 πῶς
3366 2055 3615 2109 πείθεται
3637 2058 3814 2110 δὲκα-

544 2147 913 2210 ministrante,
979 2145 1115 2199 ﬁdes
1174 2158 1284 2198 non
1340 2142 1592 2209 habetur,
1643 2150 1705 2196 ut
1750 2151 1880 2211 post.
1939 2156 2122 2197 rerum

2226 2141 2542 2212 τόνταρχος,
2569 2141 2710 2197 ὥστε
2734 2145 2829 2197 καὶ
2858 2145 2959 2216 τὴν
2998 2145 3214 2217 σκάφην
3251 2147 3818 2216 ἀφεῖναιάπολέσθαιο

546 2239 986 2310 experimentum
1036 2236 1173 2291 lides
1222 2236 1273 2291 ei
1324 2234 1641 2317 haberetur,
1675 2234 1817 2303 quod
1865 2233 2122 2288 nimirum

2226 2235 2275 2287 oi
2325 2234 2384 2286 δὲ
2415 2234 2610 2289 ναῦται
2639 2235 2852 2291 οὐδέπω
2883 2239 3235 2307 ἐπίστευσαν,
3277 2241 3392 2294 ἀλλ’
3429 2242 3655 2314 ὕστερον
3686 2243 3816 2297 πείο

544 2330 707 2386 ctiam
757 2328 976 2384 accidit.
1015 2326 1149 2380 Nam
1186 2326 1309 2383 vide
1345 2334 1405 2381 ut
1441 2325 1492 2381 ei
1541 2324 1792 2381 centurio
1823 2324 2033 2391 credat,
2064 2333 2123 2379 ut

2226 2323 2427 2381 θονται.
2460 2325 2535 2379 Τὸ
2557 2328 2666 2399 γὰρ
2693 2328 2849 2397 γένος
2871 2329 3031 2384 τοῦτο
3058 2331 3251 2403 ἰταμόν
3281 2333 3448 2389 ἐστιν.

543 2425 705 2480 etiam
746 2425 1002 2495 scapham
1035 2422 1240 2477 sineret
1261 2420 1438 2489 perire
1469 2436 1482 2472 :
1514 2427 1694 2474 nautae
1724 2433 1856 2475 vero
1921 2417 2166 2473 nondum
2204 2418 2523 2489 credebant,
2570 2421 2667 2477 sed
2717 2431 2906 2493 postea
2977 2424 3346 2481 crediderunt.
3376 2425 3508 2481 Nam
3549 2426 3602 2482 id
3639 2440 3818 2501 genus

545 2517 827 2573 hominum
867 2516 1039 2568 ferum
1080 2522 1165 2568 est
1197 2523 1251 2567 et
1276 2513 1673 2583 importunum.

619 2611 780 2665 Vens.
809 2609 898 2664 5L.
940 2607 1294 2673 Quamobrem
1332 2606 1524 2659 hortor
1559 2621 1644 2659 vos
1686 2612 1744 2657 ut
1789 2602 1991 2675 aliquid
2025 2602 2126 2659 cibi

545 2700 769 2755 sumatis
803 2713 822 2752 :
870 2698 967 2751 hoc
1010 2698 1149 2751 enim
1201 2697 1421 2764 pertinet
1475 2694 1547 2748 ad
1604 2704 1831 2750 vestram
1877 2694 2125 2750 salutem.

548 2793 766 2850 Nullius
794 2795 932 2851 enim
959 2802 1187 2849 vestrum
1217 2792 1442 2862 capillus
1465 2792 1530 2846 de
1555 2792 1727 2857 capite
1751 2790 1921 2847 cadet.

2302 2605 2399 2660 Διὸ
2433 2606 2762 2675 παρακαλῶ
2823 2610 2980 2678 ὑμᾶς
3028 2610 3397 2679 προσλαϐεῖν
3422 2616 3650 2680 τινος⁹⁸
3680 2633 3818 2686 τρο-

2230 2696 2372 2767 φῆς*
2432 2697 2610 2752 τοῦτο
2643 2697 2754 2766 γὰρ
2808 2700 2962 2767 πρὸς
3010 2700 3122 2769 τῆς
3185 2701 3477 2770 ὑμετέρας
3505 2708 3813 2775 σωτηρίας

2228 2789 2504 2860 ὑπάρχει.
2549 2791 2810 2857 Οὐδενὸς
2845 2791 2959 2863 τὰρ
3016 2792 3186 2862 ὑμῶν
3213 2792 3347 2861 θρὶξ
3379 2794 3450 2849 ἐκ
3484 2795 3595 2866 τῆς
3625 2815 3813 2869 κεφα-

2229 2880 2349 2951 λῆς
2391 2882 2682 2938 πεσεῖται.

616 2983 780 3037 Vens.
810 2982 901 3041 35.
938 2981 1008 3036 Et
1052 2997 1170 3034 cum
1212 2981 1321 3035 hazc
1360 2980 1601 3044 dixisset,
1647 2987 1695 3032 et
1732 2994 1920 3046 panem
1953 2979 2122 3047 cepis-

2295 2974 2499 3029 Εἰπὼν
2524 2974 2593 3028 δὲ
2646 2976 2855 3045 ταῦτα,
2912 2978 3010 3033 καὶ
3062 2980 3268 3034 λαϐὼν
3319 2983 3526 3051 ἄρτον,
3570 2986 3814 3054 εὐχαρι-

542 3082 640 3137 stt,
674 3073 879 3141 gratias
912 3073 1014 3141 egit
1049 3071 1158 3124 Deo
1191 3086 1372 3123 coram
1400 3069 1660 3134 omnibus,
1693 3078 1743 3121 et
1778 3084 1897 3121 cum
1937 3083 2127 3136 panem

546 3163 806 3232 fregisset,
840 3161 1106 3215 comedere
1137 3161 1310 3228 coepit.

618 3253 779 3307 Vens.
817 3254 905 3307 56.
940 3252 1106 3321 Atque
1148 3266 1329 3303 omnes
1380 3250 1558 3303 animo
1590 3251 1813 3304 recreati
1858 3258 1907 3304 et
1933 3251 2128 3306 hilares

545 3344 696 3414 facti,
729 3345 886 3398 etiam
914 3340 1016 3410 ipsi
1040 3339 1213 3393 cibum
1243 3349 1599 3408 sumpserunt.

617 3431 781 3485 Vens.
821 3432 910 3486 57.
962 3428 1190 3483 Eramus
1220 3440 1398 3484 autem
1437 3431 1493 3484 in
1524 3432 1647 3485 navi
1673 3433 1848 3501 capita
1882 3435 2125 3490 universa

545 3522 769 3574 ducenta
799 3520 1134 3590 septuaginta
1160 3536 1250 3574 sea:
1277 3536 1297 3574 :

617 3608 775 3664 Vens.
813 3611 901 3664 58.
956 3612 1053 3688 Ac.
1079 3611 1265 3663 satiati
1297 3611 1429 3676 cibo,
1476 3612 1781 3667 allevabant
1832 3616 2123 3685 navigium,

546 3700 808 3769 ejicientes
842 3701 1165 3770 frumentum
1198 3701 1253 3753 in
1273 3718 1438 3755 mare.

618 3787 779 3844 Vens.
814 3789 904 3844 59.
938 3787 1068 3845 Cum
1109 3800 1284 3843 autem
1318 3791 1432 3845 dies
1467 3790 1740 3857 illuxisset,
1788 3801 1985 3847 terram
2022 3809 2124 3848 non

542 3881 933 3950 agnoscebant:
965 3882 1055 3934 sed
1094 3882 1268 3935 sinum
1295 3884 1580 3951 quemdam
1616 3884 2118 3951 animadvertebant,

541 3972 631 4042 qui
665 3972 811 4026 littus
860 3971 1105 4037 habebat,
1152 3973 1207 4025 in
1259 3973 1396 4042 quod
1442 3974 1766 4041 statuebant,
1806 3976 1852 4029 si
1895 3987 2122 4044 possent,

540 4065 813 4119 extrudere
844 4079 1047 4117 navem.
2107 4127 2114 4135 .

612 4154 766 4220 Quod
813 4153 943 4209 dicit
975 4152 1202 4207 Paulum
1254 4154 1576 4220 comedisse,
1612 4155 1666 4210 id
1715 4155 1842 4212 fecit
1884 4172 1953 4212 ne
1986 4157 2125 4214 forte

543 4250 686 4303 fame
713 4247 917 4318 periret
956 4262 971 4301 :
1005 4246 1151 4316 quod
1186 4247 1298 4302 Deo
1323 4249 1524 4319 gratias
1554 4249 1684 4320 egit,
1723 4250 1776 4305 id
1826 4249 1955 4304 fecit
1995 4266 2123 4320 pro-

2230 3080 2425 3133 στησε
2456 3066 2537 3132 τῷ
2587 3063 2708 3137 Θεῷ
2755 3068 3012 3124 ἐνώπιον
3076 3070 3342 3138 πάντων,
3397 3075 3499 3129 καὶ
3540 3076 3807 3145 κλάσας,

2229 3151 2454 3221 ἤρξατο
2474 3154 2722 3210 ἐσθίειν.

2296 3246 2555 3315 Εὔθυμοι
2579 3245 2648 3298 δὲ
2676 3246 2985 3316 γενόμενοι
3009 3249 3255 3318 πάντες,
3290 3253 3391 3308 καὶ
3419 3255 3590 3310 αὐτοὶ
3616 3271 3815 3326 προσ-

2228 3336 2518 3394 ελὰϐοντο
2544 3338 2788 3408 τροφῆς.

2301 3424 2499 3498 Ἦμεν
2526 3428 2595 3482 δὲ
2614 3429 2805 3486 πᾶσαι
2833 3436 2894 3487 al
2916 3435 3112 3505 ψυχαὶ
3138 3436 3210 3490 ἐν
3252 3434 3330 3501 τῷ
3372 3439 3581 3505 πλοίῳ,
3607 3439 3813 3497 διακό-

2227 3537 2355 3575 σιαι
2376 3521 2787 3591 ἑϐδομήκοντα
2809 3525 2878 3591 ἓξ
2896 3528 2965 3581 ⁸⁸.

2295 3612 2693 3681 Κορεσθέντες
2720 3615 2788 3669 δὲ
2815 3617 3062 3688 τροφῆς,
3118 3620 3435 3692 ἐκούφιζον
3466 3625 3532 3679 τὸ
3550 3623 3802 3690 πλοῖον,

2225 3701 2653 3771 ἐκϐαλλόμενοι
2681 3706 2789 3760 τὸν
2812 3707 2987 3762 σῖτον
3015 3712 3104 3777 εις
3132 3713 3249 3780 τὴν
3278 3715 3622 3771 θάλασσαν.

2301 3793 2438 3847 Ὅτε
2468 3793 2533 3847 δὲ
2574 3796 2765 3867 ἡμέρα
2818 3800 3078 3867 ἐγένετο,
3125 3804 3243 3873 τὴν
3296 3805 3415 3877 γῆν
3450 3809 3563 3863 οὐκ
3607 3808 3817 3877 ἐπεγί-

2225 3902 2496 3941 νωσκον·
2545 3892 2779 3944 κόλπον
2803 3891 2870 3946 δέ
2907 3911 3041 3948 τινα
3087 3901 3420 3955 κατενόουν
3462 3903 3684 3969 ἔχοντα
3717 3904 3816 3954 al-

2228 3978 2463 4046 γιαλὸν,
2489 3982 2572 4046 εις
2608 3980 2681 4034 ὃν
2706 3983 3169 4054 ἐϐουλεύσαντο,
3188 3992 3241 4043 ει
3257 3990 3539 4047 δύναιντο
3558 3994 3626 4060 ⁸⁸,
3664 3992 3816 4057 ἐξῶ-

2228 4087 2332 4145 σαι
2361 4071 2428 4125 τὸ
2453 4073 2693 4128 πλοῖον.

2299 4162 2372 4215 Τὸ
2420 4167 2637 4233 φαγεῖν,
2669 4168 2881 4237 μήποτε
2934 4171 3013 4241 τῷ
3039 4172 3184 4244 λιμῷ
3227 4177 3608 4250 διαφαθρεῖται
3634 4181 3682 4214 ’⁷
3705 4197 3721 4212 ’
3753 4182 3820 4235 τὸ

2229 4255 2628 4327 εὐχαριστῆσαι
2669 4261 2748 4331 τῷ
2776 4262 2918 4334 Θεῷ,
2947 4267 3040 4319 ἐπὶ
3076 4271 3192 4332 τοῖς
3240 4274 3656 4342 γεγενημένοις.
3700 4276 3819 4329 Καὶ

543 4348 665 4409 pter
694 4355 756 4394 ea
808 4354 929 4409 qua:
981 4338 1318 4395 acciderant.
1368 4338 1433 4393 Et
1475 4357 1593 4395 cum
1642 4358 1830 4409 panem
1880 4346 2121 4412 cepisset,

2229 4348 2430 4401 λαϐὼν
2463 4347 2664 4418 ἄρτον,
2702 4356 3118 4427 εὐχαρίστησε
3151 4361 3230 4427 τῷ
3261 4338 3402 4429 Θεῷ.
3531 4367 3629 4436 τῆς
3650 4366 3820 4437 εὐχα-

542 4432 749 4500 gratias
779 4432 883 4500 egit
909 4431 1034 4484 Deo.
1071 4430 1263 4485 Modus
1292 4432 1485 4501 agendi
1519 4434 1718 4503 gratias
1746 4435 1829 4487 bis
1856 4435 1970 4490 fere
2000 4452 2122 4490 vcr-

2233 4442 2447 4510 ριστίας
2471 4444 2670 4512 τρόπος
2720 4448 2879 4502 τοῦτο
2910 4451 3152 4507 διδάσκει
3176 4455 3376 4524 λέγειν’
3399 4430 3819 4527 Εὐχαριστσῦ-

544 4521 630 4575 bis
667 4522 819 4575 illum
856 4537 1014 4576 usum
1074 4537 1195 4576 esse
1254 4523 1452 4576 docet:
1508 4522 1722 4578 Gratias
1769 4526 1976 4596 agimus
2012 4529 2122 4593 tibi,

2226 4530 2341 4599 μέν
2371 4546 2493 4598 σοι,
2535 4535 2567 4586 ό
2595 4535 2759 4601 Θεὸς,
2795 4538 2884 4592 ὅτι
2913 4541 3180 4611 ἠξίωσας
3233 4521 3388 4615 ἡμᾶς
3417 4521 3527 4614 ἕως
3559 4521 3691 4618 lipsi
3716 4549 3817 4619 ζῆ-

546 4611 705 4674 Deus,
742 4614 880 4678 quod
917 4614 1130 4667 voluisti
1185 4630 1276 4667 nos
1326 4615 1494 4668 vivere
1538 4633 1698 4686 usque
1724 4620 1915 4682 adhuc,
1968 4619 2122 4688 182

2229 4635 2334 4674 σαι
2353 4621 2604 4689 ἀσίτους
2627 4626 2970 4696 μείναντας.
3006 4634 3107 4686 Διό
3155 4611 3282 4688 σοι--
3308 4611 3517 4699 δόξαν⁷
3541 4611 3815 4707 ἀναπέμ-

547 4703 637 4772 qui
668 4704 766 4756 cibi
810 4714 1043 4773 expertes
1086 4704 1420 4761 duravimus.
1467 4706 1820 4772 Quamobrem
1872 4712 2122 4764 cwlestem

2229 4728 2465 4779 ποντες,
2524 4716 2761 4786 κλῶμεν
2794 4719 2901 4774 τὸν
2930 4723 3115 4792 ἄρτον
3144 4725 3243 4779 ἐπὶ
3282 4727 3345 4780 τὸ
3367 4726 3413 4759 ’⁸
3477 4703 3815 4798 μετασχεῖν

550 4803 698 4847 tuam
723 4796 950 4864 gloriam
1014 4797 1364 4865 celebrantes,
1413 4800 1706 4870 frangimus
1731 4819 1918 4869 panem
1956 4812 2012 4856 ut
2057 4804 2132 4857 ci-
2228 4803 2478 4874 τροφῆς.

547 4886 667 4939 bum
697 4890 989 4957 capiamus.

617 4975 775 5030 Vens.
810 4978 899 5032 40.
930 4978 999 5031 Et
1031 4995 1148 5031 cum
1205 4990 1562 5049 amputassent
1594 4982 1853 5034 anchoras
1897 4982 2125 5036 derelin-

2310 4987 2421 5042 Kal
2445 4990 2552 5056 τὰς
2580 4992 2844 5063 ἀγκύρας
2892 4998 3276 5065 περιελόντες
3297 5000 3440 5055 εἴων
3458 5004 3545 5069 εὶς
3564 5003 3679 5072 τὴν
3710 5004 3811 5058 θά-

543 5070 771 5143 quebant
795 5072 848 5123 in
878 5075 1015 5125 mari
1041 5074 1274 5127 P:simul
1295 5075 1490 5128 laxatis
1508 5073 1774 5142 juncturis
1797 5075 2124 5144 gubernacu-

2234 5084 2505 5149 λασσαν,
2539 5083 2659 5155 ἅμα
2687 5086 2936 5153 ἀνέντες
2963 5087 3069 5155 τὰς
3103 5087 3449 5163 ζευκτηρίας
3472 5092 3588 5147 τῶν
3617 5094 3814 5162 senda-

576 5248 619 5281 ⁸⁷
673 5250 854 5304 Eccle.
911 5265 1006 5314 vn,
1050 5247 1138 5304 18.

1754 5342 1948 5405 ναι-ξω
1979 5342 2288 5407 lectiones
2331 5353 2392 5408 et
2421 5356 2617 5415 noue.-

621 5470 668 5504 ”
698 5465 884 5561 τσὶειὲ.
933 5541 955 5561 1
986 5473 1032 5504 ”
1050 5471 1556 5561 nubs'deside'ratui:
1583 5472 1912 5561 iu‘pulgafis.
1992 5480 2065 5561 ’³⁵
2098 5477 2122 5531 Ι

2226 5476 2428 5561 [υιααιίε
2462 5475 2621 5561 Λῆήμεν
2648 5482 2706 5536 δὲ
2746 5485 2928 5561 ἒνᾲτῷ
2950 5487 3131 5561 Δπλοίῳ
3158 5491 3215 5542 αἱ
3253 5492 3428 5544 πᾶσαι
3477 5489 3650 5561 ψυχαὶ
3692 5488 3815 5542 δια-

549 5540 731 5593 κὸσιαι
759 5541 1134 5611 ἑϐδομήκοντα
1160 5544 1239 5607 ἐξ.
1317 5544 1362 5577 ⁸⁸
1381 5543 1446 5599 In
1467 5543 1693 5615 vulgatis
1721 5540 1771 5599 εἰ
1812 5546 2059 5602 δυνατόν.
2136 5549 2181 5580 θ’
2213 5540 2313 5601 1σῖ
2327 5540 2716 5624 διαφθᾶρηται,
2745 5554 2784 5625 ἢ
2812 5540 3114 5630 διαῖροαρῇί
3164 5540 3231 5593 δι’
3260 5540 3357 5614 ῑᾶξ

656 5643 687 5684 ι’
721 5634 784 5689 V.
815 5645 864 5689 et
903 5652 1023 5691 cum
1076 5641 1338 5696 anchoras
1388 5642 1747 5707 sustulissent,
1791 5643 2187 5698 committebant
2236 5660 2298 5698 se
2341 5644 2498 5698 mari.
