4088 6206
336 234 483 320 Δ83⁷1
994 256 1401 318 EXPOSITIO
1435 260 1518 321 IN
1554 261 1746 321 ACTA
1773 261 2358 327 APOSTOLORUM.
2396 291 2465 302 --
2502 266 2662 328 CAP.
2703 267 2982 330 XXVIII.
3535 271 3641 337 838

365 369 537 431 λίων,
562 362 659 418 και
687 362 1021 432 ἐπάραντες
1043 367 1150 418 τὸν
1172 367 1467 439 ἀρτέμωνα
1489 368 1565 439 τῇ
1588 371 1861 441 πνεούσῃ
1883 373 1937 423 θ’

2060 377 2251 442 lorum,
2286 386 2336 431 et
2360 378 2570 434 sublato
2592 388 2899 436 artemoneq
2933 384 3005 437 atl
3032 399 3179 439 aura:
3209 386 3422 453 ﬂatum,
3462 396 3644 444 tende-

364 456 650 524 κατεῖχον
683 458 767 519 είς
794 456 902 510 τὸν
932 459 1226 527 αἰγιαλόν.

2052 471 2179 523 bant
2205 472 2277 524 ad
2314 472 2483 527 littus.

432 546 874 631 Περιπεσόντες
903 546 971 598 δὲ
987 550 1074 613 εὶς
1102 549 1291 602 τόπον
1316 548 1763 615 διαθτάλασσον,
1795 551 1937 606 and»

2128 558 2288 615 Vsus.
2326 563 2414 616 Η.
2451 561 2556 619 Sed
2583 580 2707 618 cum
2735 565 3041 620 incidissent
3072 567 3127 620 in
3156 566 3328 621 locum
3362 569 3639 637 bimarem,

363 641 576 691 κειλαν
615 636 730 704 τὴν
768 626 983 692 ”ναῦν’
1021 640 1123 694 καὶ
1163 642 1201 710 ἡ
1232 641 1350 710 μὲν
1378 644 1609 711 πρώρα¹
1659 644 1937 713 ἐρείσασα

2052 668 2238 706 navem
2282 653 2542 708 illiserunt
2574 671 2594 708 :
2639 673 2704 709 ac
2739 673 2898 725 prora
2939 660 3152 727 quidem
3203 660 3360 729 afﬁxa
3393 666 3638 717 manebat

359 731 600 816 ἔμεινεν
627 727 996 795 ἀσάλευτος,
1022 733 1060 800 ἠ
1086 731 1153 784 δὲ
1175 734 1419 803 πρύμνα
1455 734 1668 791 ἐλύετο
1697 735 1814 791 ὑπὸ
1841 736 1937 806 τῆς

2050 743 2356 809 immobilis,
2377 748 2467 800 sed
2496 747 2683 816 puppis
2711 751 2975 802 undarum
3008 751 3055 804 vi
3081 727 3398 808 solvebatur.

387 782 405 798 σ
844 782 849 783 γ
948 782 996 795 ,,
1027 782 1059 800 Ἰ
1093 782 1108 784 -
1129 782 1146 784 -
1175 782 1354 803 ut-.."
1381 782 1416 788 π
1456 782 1661 791 ---σν-ν
1701 782 1809 791 νην
1844 782 1857 790 ι
1879 782 1942 806 τις,
2051 782 2356 809 unmvvum,
2377 782 2466 800 σιω
2496 782 2682 816 μωμμισ
2714 782 2975 802 uacuus-Im
3008 782 3053 804 υι
3081 782 3398 808 ουιυσυιιηιι.

355 819 502 883 βίας
530 815 652 869 τῶν
677 816 975 885 κυμάτων.
1334 830 1339 835 ·
3661 782 3680 903 ἐ

436 903 560 958 Τῶν
584 904 652 957 δὲ
683 905 1063 973 στρατιωτῶν
1091 908 1299 978 ,βουλὴ
1347 910 1609 981 ἐγένετο,
1656 914 1757 968 ἵνα
1803 915 1949 982 τοὺς

359 995 667 1064 δεσμώτας
714 998 1141 1064 ἀποκτείνωσι,
1187 998 1275 1069 μή
1337 1010 1439 1068 τις
1481 1003 1948 1074 ἐκκολυμϐήσας

357 1089 619 1159 διαφύγῃ
649 1090 691 1141 ’.

452 1183 505 1233 Ὁ
538 1183 606 1235 δὲ
637 1183 1081 1252 ἑκατόνταρχος
1106 1185 1493 1257 ,ϐουλόμενος
1521 1188 1817 1243 διασῶσαι
1842 1191 1947 1244 τὸν

357 1274 639 1337 Παῦλον,
694 1271 1009 1327 ἐκώλυσεν
1065 1276 1283 1343 αὐτοὺς
1344 1279 1450 1333 τοῦ
1509 1278 1941 1349 βουλήματος,

356 1364 647 1419 ἐκέλευσέ
672 1382 731 1418 τε
767 1365 909 1431 τοὺς
950 1366 1338 1439 δυναμένους
1372 1370 1712 1440 κολυμϐᾷν,
1753 1374 1942 1443 άποῤ-

353 1460 653 1527 ῥίψαντας
709 1457 979 1526 πρώτους
1005 1460 1104 1514 ἐπὶ
1136 1461 1251 1529 τὴν
1274 1462 1389 1530 γῆν
1413 1462 1660 1527 ἐξιέναι.

428 1551 563 1603 Καὶ·
592 1550 735 1615 τοὺς
768 1551 1044 1619 λοιποὺς,
1090 1552 1206 1622 ,οὓς
1240 1556 1358 1622 μέν
1399 1555 1499 1608 ἐπὶ
1529 1557 1805 1621 σανίσιν,
1833 1556 1941 1623 οὓς

355 1643 424 1695 δὲ
445 1644 546 1696 ἐπί
576 1661 753 1698 τινων
775 1643 894 1699 τῶν
917 1646 1035 1701 ἀπὸ
1062 1646 1169 1701 τοῦ
1192 1650 1431 1704 πλοίου.
1462 1650 1572 1704 Καὶ
1604 1651 1794 1718 οὕτως
1812 1651 1942 1722 ἐγέ-

353 1753 492 1790 νετο
513 1734 746 1802 πάντας
766 1736 1136 1806 διασωθῆναι
1176 1739 1277 1794 ἐπὶ
1308 1740 1419 1809 τῆς
1448 1740 1560 1811 γῆς
1580 1744 1621 1798 ³.

440 1826 685 1898 Ἡμέραις
729 1828 1058 1899 γενομένης,
1089 1831 1300 1903 ἀνῆκαν
1331 1833 1432 1897 τὰς
1455 1833 1813 1905 ζευκτηρίας,
1840 1836 1935 1890 καὶ⁸

352 1916 542 1971 λύεται
573 1917 635 1971 τὸ
664 1918 847 1972 πλοῖον
874 1921 932 1972 ὲν
955 1920 1162 1992 ἡμέρᾳ,
1228 1923 1314 1976 ἵνα
1346 1923 1422 1996 μὴ
1443 1924 1520 1995 τῷ
1543 1925 1695 1996 φόϐῳ
1748 1925 1933 1980 διαλυ-

355 2013 513 2073 θῶσι,
568 2012 662 2064 καὶ
702 2012 789 2066 ἵνα
840 2012 934 2066 καὶ
995 2012 1175 2067 ῐδωπιν
1224 2013 1374 2085 ἔργῳ
1432 2017 1533 2089 τὴν
1566 2017 1931 2089 προφητείαν.

353 2101 697 2172 Σημειωτέον
728 2102 808 2155 ὅτι
844 2101 987 2157 ἑκών
1016 2120 1098 2166 τις
1117 2104 1333 2173 φονεύει
1357 2106 1500 2173 τινὰ,
1524 2108 1584 2161 οὑ
1615 2109 1715 2179 τῆς
1737 2110 1938 2180 εἱμαρ-

329 2193 526 2265 -μένης
563 2193 883 2264 κωλυούσης
912 2194 1075 2249 τοῦτο
1096 2197 1372 2265 γενέσθαι.
1418 2198 1550 2252 Ἰδοὺ
1584 2199 1695 2270 γὰρ
1720 2199 1936 2270 βουλευο

354 2285 539 2349 θέντες
579 2285 810 2357 πρᾶξαι,
850 2280 1016 2356 ἦλθον
1042 2288 1137 2340 ἐπὶ
1156 2288 1215 2342 τὸ
1243 2288 1403 2358 ἔργον
1453 2289 1548 2343 τοῦ
1595 2292 1759 2359 φόνου
1787 2293 1937 2346 αὑτό-

353 2375 566 2430 6ου).οι’
610 2378 705 2429 καὶ
757 2377 1095 2442 ἀκούσαντες
1160 2380 1254 2433 τοῦ
1291 2382 1723 2453 ἑκατοντάρχου,
1770 2385 1934 2438 πάλιν

351 2471 573 2535 ἑκόντες
602 2471 933 2527 ἐπαύσαντο.
979 2472 1066 2535 Ὠς
1091 2471 1221 2543 ἐξῆν
1260 2475 1459 2538 αὐτοὺς
1498 2475 1576 2547 μὴ
1620 2477 1933 2548 πεισθῆναι,

355 2550 586 2628 πολλοὺς
641 2564 803 2627 ὄντας
856 2566 948 2620 καὶ
994 2565 1251 2637 ἰσχυρούς
1276 2582 1289 2594 ·
1326 2567 1504 2638 ἀλλ’ἢ
1555 2568 1722 2640 βουλὴ
1772 2569 1933 2642 καὶὴ

352 2658 676 2729 αὐθαίρετος
726 2658 922 2729 γνώμη
987 2659 1082 2712 καὶ
1135 2658 1367 2731 πράττει
1409 2657 1446 2715 ἃ
1503 2660 1670 2731 θέλει,
1727 2664 1824 2716 nati.
1871 2664 1933 2716 οὐ

354 2751 588 2823 πράττει
610 2750 646 2806 ἃ
668 2748 744 2822 μὴ
768 2749 1044 2821 βούλεται.

920 2921 1178 2980 ΚΕΦΑΑ.
1199 2924 1336 2978 KH'.

2117 923 2282 981 Vens.
2322 924 2416 980 42.
2459 924 2689 979 Militum
2729 937 2907 981 autem
2959 930 3234 985 consilium
3281 945 3395 987 erat
3443 937 3640 993 vinctos

2048 1016 2361 1085 interﬁcere,
2394 1033 2457 1070 ne
2485 1019 2621 1087 quis,
2653 1036 2771 1072 cum
2799 1030 3083 1086 enatasset,
3115 1022 3387 1094 effugeret.

2119 1196 2278 1250 Vens.
2310 1198 2398 1251 43.
2444 1196 2548 1252 Sed
2601 1200 2842 1253 centurio
2898 1200 3072 1254 volens
3125 1217 3332 1257 servare
3382 1203 3635 1272 Paulum,

2048 1284 2311 1345 prohibuit
2360 1302 2444 1338 eos
2476 1287 2694 1341 consilio
2724 1288 2839 1351 hoc,
2882 1306 2944 1342 ac
2983 1290 3135 1352 iussit
3174 1308 3260 1345 eos
3301 1295 3390 1363 qui
3450 1305 3638 1353 natare

2044 1386 2273 1446 possent,
2303 1377 2530 1447 abjiccre
2552 1396 2605 1433 se
2632 1382 2828 1449 primos
2858 1390 2907 1436 et
2936 1384 3155 1438 evadere
3188 1386 3244 1439 in
3271 1395 3490 1454 terram,

2117 1550 2286 1609 Vens.
2308 1553 2399 1608 ιι.
2431 1554 2508 1607 Ac
2534 1555 2761 1626 reliquos
2789 1558 2986 1627 partim
3018 1536 3077 1611 ειὶ
3102 1558 3316 1620 tabulis,
3349 1559 3544 1628 partim
3579 1560 3636 1615 in

2045 1642 2309 1713 aliquibus
2340 1645 2541 1714 navigii
2570 1647 2899 1716 fragmentis.
2931 1646 2997 1700 Et
3024 1648 3103 1701 sic
3132 1649 3346 1714 accidit,
3372 1658 3427 1701 ut
3458 1665 3636 1703 omnes

1970 1718 2014 1772 Β
2039 1736 2175 1790 salvi
2197 1742 2476 1791 evaderent
2498 1738 2552 1791 in
2581 1728 2805 1804 terram,

2106 1826 2244 1882 Cum
2284 1827 2401 1881 dies
2463 1812 2755 1891 illuxisset,
2815 1827 3141 1883 laxavcrunt
3198 1829 3510 1900 iuncturas,
3576 1844 3635 1890 et

2037 1919 2265 1974 solvitur
2284 1918 2438 1972 navis
2457 1917 2717 1982 interdiu,
2730 1932 2798 1971 nc
2812 1926 2960 1973 metu
2973 1918 3400 1978 dissolverentur
3423 1935 3478 1980 et
3494 1925 3634 1980 inte-

2036 2010 2287 2074 rirent,et
2302 2008 2548 2079 utreipsa
2568 2025 2782 2079 quoque
2799 1993 3046 2067 viderent
3063 2024 3317 2069 eventum
3339 2017 3636 2088 prophetiae

2038 2108 2200 2171 atque
2226 2100 2653 2158 vaticinationis.
2694 2100 3010 2159 Notandum
3042 2114 3125 2160 est
3171 2106 3407 2176 aliquem
3438 2119 3633 2179 sponte

2039 2196 2394 2253 suaalterum
2434 2195 2707 2258 occidere,
2736 2196 2848 2250 {ato
2876 2195 2928 2250 id
2960 2196 3076 2252 ﬁeri
3119 2214 3232 2253 non
3276 2200 3624 2269 prohibente.

2037 2285 2179 2341 Ecce
2222 2286 2371 2340 enim
2424 2302 2551 2342 cum
2610 2287 2930 2343 statuissent
2990 2288 3209 2356 facere,
3262 2304 3401 2360 opus
3458 2292 3626 2349 caedis

2037 2386 2232 2447 suopte
2260 2378 2489 2434 consilio
2512 2379 2749 2450 aggressi
2775 2389 2902 2434 sunt
2927 2396 2941 2444 ;
2975 2390 3029 2435 et
3057 2381 3242 2436 audito
3270 2384 3625 2449 centurione,

2037 2484 2227 2523 rursus
2273 2484 2370 2524 sua
2418 2470 2695 2525 voluntate
2749 2469 2855 2524 hoc
2903 2471 3133 2527 consilio
3181 2475 3628 2543 supersederunt.

2038 2559 2174 2614 Nam
2209 2561 2335 2630 quia
2368 2562 2523 2617 multi
2569 2578 2634 2617 ac
2681 2563 2843 2617 validi
2877 2573 3059 2629 erant,
3091 2574 3349 2635 poterant
3381 2583 3492 2623 non
3532 2585 3631 2639 pa-

2038 2666 2200 2705 rere:
2242 2651 2336 2705 sed
2370 2652 2655 2706 consilium
2688 2659 2742 2705 ct
2781 2652 2989 2723 integra
3038 2654 3319 2725 cogitatio,
3366 2656 3629 2713 liberum-

2039 2756 2144 2810 que
2174 2741 2463 2796 arbitrium
2497 2753 2551 2798 et
2581 2744 2691 2816 agit
2737 2760 2858 2815 qua:
2892 2745 3027 2811 vult,
3062 2753 3116 2802 ct
3165 2762 3288 2817 quae
3336 2763 3446 2804 non
3487 2750 3625 2818 vult,

2040 2843 2203 2900 agere
2226 2830 2462 2887 desistit.

2566 2925 2797 2982 CAPUT
2825 2924 3063 2982 XXVIII.

421 3016 534 3071 Kal
564 3016 995 3084 διασωθέντεςδ
1019 3019 1074 3072 οί
1111 3017 1248 3085 περὶ
1281 3016 1389 3070 τὸν
1416 3017 1667 3072 Παῦλον
1701 3016 1772 3071 ἐκ
1822 3016 1931 3072 τοῦ

2114 3020 2278 3076 Vens.
2321 3021 2372 3074 L
2405 3018 2473 3073 Et
2519 3036 2635 3072 cum
2673 3019 2808 3073 salvi
2850 3020 3137 3074 evasissent
3180 3037 3246 3074 ex
3292 3021 3629 3091 navigatione

350 3114 570 3179 πλοὸς,
602 3112 737 3166 τότε
764 3112 1123 3182 ἐπέγνωσαν
1164 3113 1252 3166 ὅτι
1279 3112 1508 3180 Μελίτη
1545 3111 1583 3179 ἡ
1619 3109 1813 3180 νῆσος
1839 3129 1940 3166 na-

352 3205 565 3261 λεῖται.
1176 3205 1180 3209 ’

426 3294 496 3348 Οἵ
522 3311 586 3348 τε
622 3293 643 3324 ⁸
696 3293 991 3361 Βάρϐαροι
1022 3292 1310 3362 παρεῖχον
1339 3293 1412 3347 οὐ
1467 3292 1584 3360 τὴν
1631 3292 1943 3361 τυχοῦσαν

353 3387 810 3457 φιλανθρωπίαν
859 3386 1006 3454 ἡμῖν
1031 3402 1045 3416 ·
1116 3384 1471 3452 άνάψαντες
1522 3384 1634 3453 γὰρ
1694 3383 1937 3453 πυρὰν,

353 3477 806 3548 προσελάϐοντο
828 3475 1063 3541 πάντας
1094 3473 1253 3544 ἡμᾶς
1303 3474 1403 3528 διὰ
1446 3473 1553 3528 τὸν
1599 3474 1780 3529 ὑετὸν
1826 3474 1934 3527 τὸν

353 3570 692 3641 ἐφεστῶτα,
724 3573 824 3623 καὶ
852 3567 952 3621 διὰ
980 3567 1045 3621 τὸ
1070 3567 1293 3636 ψύχος.
1924 3638 1927 3643 _

423 3662 893 3733 Συστρέψαντος
926 3660 995 3714 δὲ
1020 3659 1126 3714 τοῦ
1152 3660 1400 3714 Παύλου
1429 3657 1753 3728 φρυγάνων
1782 3657 1942 3727 πλῆ-

355 3758 479 3822 θος,
536 3756 632 3809 καὶ
664 3752 975 3818 ἐπιθέντος
1038 3752 1137 3805 ἐπὶ
1176 3751 1293 3820 τὴν
1357 3750 1579 3817 πυρὰν,
1634 3747 1846 3817 ἔχιδνα
1872 3749 1941 3802 ἐκ

353 3849 468 3917 τῆς
495 3847 719 3919 θερμῆς
775 3844 1173 3911 διεξελθοῦσα
1202 3844 1245 3908 ⁸,
1300 3842 1540 3912 καθῆψε
1565 3841 1678 3910 τῆς
1737 3840 1941 3910 χειρὸς

359 3941 572 3997 αὐτοῦ.

440 4035 537 4100 Ὠς
577 4033 648 4087 δὲ
697 4029 862 4088 εἶδον
886 4035 940 4087 οἱ
970 4031 1264 4100 Βάρϐαροι
1288 4030 1357 4084 τὸ
1385 4031 1595 4098 θηρίον
1647 4030 1940 4100 κρεμάμει

353 4129 507 4186 νοντ
536 4128 605 4181 ἐκ
638 4125 749 4195 τῆς
774 4125 973 4195 χειρὸς
1021 4122 1233 4188 αὐτοῦ,
1278 4121 1430 4190 πρὸς
1453 4119 1771 4188 ἀλλήλους
1812 4121 1947 4175 ἐλε-

354 4240 467 4293 γον
489 4239 504 4253 .
568 4220 814 4283 Πάντως
843 4216 1068 4287 φονεύς
1122 4214 1297 4269 ἐστιν
1326 4216 1359 4267 ὁ
1389 4212 1703 4282 ἄνθρωπος
1744 4210 1943 4280 οὗτος,

355 4312 429 4369 ὃν
447 4310 819 4366 διασωθέντα
841 4309 912 4362 ἐκ
937 4305 1049 4376 τῆς
1094 4302 1418 4371 θαλάσσης
1450 4304 1489 4371 ἠ
1516 4302 1655 4374 δίκη
1686 4301 1795 4371 ζῇν
1830 4306 1944 4359 οὐκ

354 4406 586 4461 εἴασεν.

438 4500 500 4551 '0
533 4498 652 4567 μὲν
681 4491 795 4551 οὖν
826 4493 1197 4560 ἀποτινάξας
1239 4494 1305 4548 τὸ
1341 4494 1550 4562 θηρίον
1581 4492 1670 4558 εις
1695 4490 1763 4545 τὸ
1794 4490 1936 4560 πῦρ,

354 4590 579 4644 ἔπαθεν
599 4589 782 4643 οὐδὲν
809 4590 1019 4643 κακόν.

429 4682 901 4751 Συστρέψαντος
928 4681 998 4734 δὲ
1024 4681 1132 4735 τοῦ
1183 4680 1450 4734 Παύλου.
1482 4677 1942 4749 Φρυγανιζομὲνῳ

355 4775 437 4846 τῷ
482 4775 681 4844 Παύλῳ
739 4774 985 4843 ἐνάψασα
1035 4772 1151 4844 ἔχις
1225 4771 1483 4842 οὐδεμίαν
1534 4770 1941 4841 προσετρίψατο

360 4866 587 4936 βλάϐην,
614 4865 704 4919 διὰ
735 4866 796 4919 τὸ
825 4865 1122 4936 πληρωτὴν
1158 4863 1395 4926 πίστεως
1428 4859 1569 4916 εἶναι
1620 4860 1713 4915 τὸν
1759 4862 1936 4929 ᾶγιον.

357 4959 437 5030 Τῇ
473 4958 620 5028 χειρὶ
662 4958 773 5028 γὰρ
803 4957 898 5011 τοῦ
945 4956 1276 5010 Ἀποστόλου
1326 4956 1454 5018 τοὺς
1500 4954 1721 5017 ὀδόντας
1763 4956 1791 5007 ὁ
1826 4953 1940 5024 ἔχις

359 5047 638 5118 ἐμϐαλὼν,
668 5048 765 5101 καὶ
796 5047 896 5116 τῆς
936 5046 1217 5116 ἁμαρτίας
1251 5045 1313 5098 τὸ
1342 5044 1543 5114 χαῦνον
1593 5045 1691 5115 οὐχ
1738 5042 1935 5113 εὑρὼν,

359 5140 682 5211 ἀπεπήδησε
719 5138 1060 5208 παραυτίκα,
1087 5138 1182 5190 καὶ
1211 5139 1352 5190 κατὰ
1391 5136 1491 5206 τῆς
1535 5136 1715 5207 πυρᾶς
1745 5134 1935 5205 ἥλατο,

1970 4391 2017 4448 D

2039 3115 2129 3183 qui
2153 3115 2357 3167 circum
2394 3112 2629 3166 Paulum
2652 3122 2824 3173 erant,
2856 3121 2979 3165 tunc
3004 3122 3348 3182 cognoverunt
3397 3112 3628 3167 insulam

2037 3206 2279 3269 Melitam.
2297 3221 2423 3258 voca
2432 3205 2496 3256 ri.

2109 3295 2273 3350 Vens.
2299 3296 2354 3351 2.
2388 3294 2618 3348 Barbari
2644 3310 2763 3349 vero
2802 3295 3128 3364 prestabant
3154 3297 3301 3350 nobis
3335 3298 3477 3350 haud
3507 3297 3625 3351 vul-

2041 3406 2220 3460 garem
2247 3389 2653 3442 humanitatem.
2692 3386 2835 3441 Nam
2880 3405 2997 3441 cum
3048 3389 3402 3445 accendissent
3431 3398 3628 3442 struem

2044 3482 2332 3552 lignorum,
2357 3480 2652 3534 invitarunt
2671 3489 2717 3532 et
2738 3488 3040 3547 receperunt
3071 3496 3163 3534 nos
3180 3496 3356 3534 omnes
3378 3489 3401 3517 ι’
3419 3489 3630 3550 propter

2040 3573 2273 3642 plut-iam
2303 3573 2656 3625 imminentem
2675 3579 2724 3623 et
2750 3580 2960 3638 propter
2988 3572 3177 3641 frigus.

2118 3661 2276 3717 Vens.
2310 3663 2362 3715 5.
2394 3661 2523 3716 Cum
2547 3670 2725 3713 autem
2753 3661 2954 3713 Paulus
2994 3661 3332 3726 aliquantum
3376 3663 3628 3733 virgulto-

2045 3772 2161 3809 rum
2215 3755 2272 3807 in
2324 3755 2516 3824 fascem
2575 3753 2923 3806 contraxisset
2975 3762 3024 3806 et
3083 3755 3137 3806 in
3206 3755 3380 3824 ignem
3457 3759 3628 3826 impo-

2041 3850 2250 3907 suisset,
2279 3846 2459 3914 vipera
2488 3860 2553 3898 ea:
2578 3843 2754 3898 calore
2781 3860 2889 3897 sese
2914 3845 3233 3913 proripiens,
3265 3861 3483 3901 manum
3510 3849 3627 3917 ejus

2043 3939 2257 3993 invasit.

2119 4034 2279 4088 Vens.
2311 4033 2365 4086 4.
2422 4029 2490 4084 Ut
2530 4046 2647 4085 vero
2698 4029 2926 4084 Barbati
2972 4030 3189 4084 bestiam
3223 4029 3286 4083 de
3323 4044 3483 4082 manu
3511 4028 3627 4099 ejus

2046 4128 2354 4199 pendentem
2406 4123 2665 4185 viderunt,
2716 4123 2852 4206 altgr
2914 4122 2985 4175 ad
3043 4121 3274 4176 alterum
3342 4121 3626 4176 dicebant:

2049 4220 2277 4274 Prorsus
2315 4217 2579 4273 homicida
2613 4226 2687 4270 est
2737 4216 2819 4269 hic
2854 4216 3025 4279 Ito-no,
3057 4231 3209 4285 quem
3249 4223 3518 4268 servatum
3560 4230 3626 4269 ea:

2051 4313 2209 4377 mari,
2227 4311 2493 4381 justitia'
2542 4309 2709 4363 virere
2754 4324 2855 4361 non
2903 4307 3024 4362 sivit

2114 4487 2281 4542 Vens.
2335 4486 2387 4542 5.
2441 4486 2613 4555 Atque
2660 4485 2817 4557 183
2848 4485 2929 4540 illi
2960 4486 3188 4556 quidem,
3245 4503 3363 4540 cum
3406 4488 3624 4542 bestiam

2048 4578 2353 4633 excussisset
2385 4577 2439 4630 in
2466 4577 2658 4647 ignem,
2685 4576 2816 4630 nihil
2838 4576 2966 4630 mali
2985 4578 3197 4632 accidit.

2119 4674 2254 4729 Cum
2307 4681 2485 4725 autem
2535 4670 2755 4732 Paulus,
2819 4680 2927 4725 etc.
2978 4669 3218 4742 Virgulta
3263 4673 3624 4728 contrectanti

2050 4769 2215 4823 Paulo
2238 4772 2380 4821 -‘cum
2411 4765 2594 4835 vipera
2628 4764 2951 4830 inhaesisset,
2984 4765 3135 4819 nullo
3178 4764 3523 4821 incommodo
3557 4767 3623 4819 il—

2043 4864 2153 4917 lum
2196 4861 2396 4922 alTecit.
2434 4866 2723 4930 propterea
2774 4858 2919 4928 quod
2971 4869 3191 4913 sanctus
3241 4859 3443 4914 Paulus
3501 4857 3625 4913 ﬁdei

2041 4952 2316 5024 perfector
2345 4958 2482 5007 erat.
2523 4949 2659 5004 Cum
2703 4949 2847 5004 enim
2879 4950 3064 5020 vipera
3102 4952 3285 5005 manui
3307 4951 3459 5006 Pauli
3491 4952 3626 5006 den-

2039 5050 2120 5094 tes
2150 5037 2539 5108 impressissct,
2571 5046 2623 5091 ct
2653 5037 2856 5105 peccati
2904 5053 2953 5091 m
2978 5039 3186 5094 illitiem
3239 5048 3405 5109 atque
3455 5047 3625 5092 tumo-

2041 5147 2156 5186 rem
2189 5146 2299 5187 non
2330 5131 2653 5195 invenisset,
2687 5132 2963 5201 extemplo
3011 5133 3244 5196 resiluit,
3274 5145 3329 5188 et
3357 5133 3411 5187 in
3445 5134 3623 5201 ignem

1518 5249 1721 5313 Varia)
1765 5248 2072 5312 lectiones
2117 5256 2178 5310 et
2221 5256 2415 5311 notae.

431 5382 477 5415 θ’
510 5378 580 5437 In
614 5380 844 5450 vulgatis
877 5388 993 5448 post
1042 5381 1107 5450 τῇ
1142 5378 1379 5449 πνεούσῃ
1401 5449 1405 5450 ν
1427 5385 1501 5432 est
1533 5378 1795 5450 distinctio
1826 5384 1877 5430 et
1904 5394 1936 5447 p

2041 5393 2063 5429 ο
2087 5384 2203 5446 post
2265 5377 2608 5430 διθάλασσον.

720 5447 740 5483 ³
764 5450 830 5506 1η
848 5447 1197 5517 υιιιῃαιὶεέπὶ
1227 5451 1325 5515 τὴν
1354 5447 1478 5518 γῆν.
1554 5449 1575 5479 ⁴
1604 5448 1727 5502 Post
1757 5449 1937 5500 διασωι

2041 5465 2134 5509 τες,
2163 5464 2327 5515 usque
2359 5450 2428 5501 ad
2462 5451 2604 5505 tota.
2645 5447 3118 5518 desideranturjm'

361 5452 638 5527 διαφύγοι.

358 5522 413 5577 in
447 5522 693 5592 vulgatis.
804 5523 824 5553 ⁸
851 5524 913 5575 Ol
941 5521 996 5573 δὲ
1026 5523 1078 5575 in
1110 5519 1356 5592 vulgatis.

1471 5519 1582 5572 6In
1627 5518 1852 5585 vulgatis
1914 5516 2228 5580 ἐξελθοῦσα..

3299 5372 3361 5425 1η
3394 5370 3624 5455 vulgatis

2359 5450 2428 5501 ad
2462 5451 2604 5505 tota.
2645 5442 3015 5501 desiderantur
3040 5447 3118 5497 ha'
3144 5450 3342 5510 septem
3376 5442 3624 5496 dictiones

2336 5518 2355 5548 "
2390 5517 2783 5587 κρεμμάμενον
2827 5525 2961 5570 erat.
3008 5515 3072 5567 In
3105 5511 3332 5581 vulgatis
3397 5511 3620 5582 κρεμά-

2715 5378 2728 5407 ¹
2762 5376 2978 5447 πρῶρα,
3005 5383 3140 5430 erat.

363 5587 620 5665 μενονπὸ
652 5593 842 5664 θηρίον
864 5594 929 5645 ἐκ
953 5592 1051 5661 τῆς
1082 5587 1264 5662 χειρδς
1296 5589 1478 5651 αὑτοῦ,
1533 5589 1721 5656 ἔλεγον
1748 5589 1884 5652 πρὸς
1919 5587 2201 5658 ἀλλήλους.

434 5705 543 5759 aid
598 5716 674 5760 est
723 5706 833 5762 velo
881 5704 1097 5774 majori.
1201 5714 1223 5742 ι’
1272 5700 1334 5760 ν.
1386 5702 1690 5772 reﬁciebant
1739 5716 1834 5756 nos
1858 5716 2059 5757 omnes.
2104 5711 2125 5738 ³
2171 5697 2236 5755 γ.
2276 5698 2430 5753 ultio.
