4088 6206
451 205 559 269 839

1376 205 1958 267 THEOPIIYLACTI
2000 200 2412 266 BULGARLE
2447 198 2803 260 ARCHIEP.

3596 194 3708 257 8&0

443 324 673 389 insiluit,
705 332 957 392 tanquam
1009 335 1198 391 poenas
1235 330 1496 391 expetens
1551 321 1620 376 de
1662 321 1861 390 seipsa.
1910 319 2020 376 Nos

2140 319 2314 388 ὒσπερ
2344 315 2500 379 δίκας
2551 313 2730 384 ἐαυτῷ
2771 312 3256 385 εἰσπραττόμενος.
3301 312 3489 384 Ἡμεῖς
3547 315 3605 368 δὲ
3644 317 3715 369 si

441 425 624 469 autem
660 413 799 467 feras
837 411 1300 475 cxborrcscimus,
1343 411 1471 480 quia
1513 411 1735 465 virtutis
1776 418 2020 464 armatu-

443 522 558 559 ram
595 519 702 557 non
741 501 1023 555 habemus.
1048 498 1196 553 Alter
1228 501 1300 554 ad
1327 499 1553 554 alterunt
1591 499 1852 555 dicebant.
1885 497 2020 555 Vide

441 597 688 652 naturale
721 591 987 664 judicium
1023 591 1184 646 etiam
1233 593 1376 662 apud
1431 592 1695 649 Barbaros
1747 595 2019 664 integrum

441 699 604 760 atque
648 687 946 758 perlectum
977 701 991 737 :
1030 699 1093 738 ac
1124 699 1232 738 non
1278 685 1644 740 condemnare
1677 684 2017 754 simpliciter,

443 781 541 836 sed
568 781 708 833 inter
734 792 852 832 sese
879 776 1032 844 quasi
1065 776 1400 830 miserantes
1429 776 1631 832 dicere.

518 872 677 925 Vens.
709 870 762 923 6.
794 868 859 920 At
902 866 982 920 illi
1021 868 1396 920 existimabant
1428 869 1538 938 fore
1561 877 1616 920 ut
1659 867 2022 934 inﬂammatus

446 969 833 1026 iutumesceret,
867 969 963 1013 aut
992 969 1202 1030 repente
1242 961 1448 1014 caderet
1477 977 1541 1013 ac
1571 968 1862 1013 moreretur
1888 974 1905 1011 :
1935 959 2024 1012 sed

444 1059 532 1111 ubi
563 1056 652 1108 diu
682 1060 1055 1120 exspertarunt
1078 1069 1141 1104 ac
1185 1053 1425 1104 viderunt
1461 1050 1590 1103 nihil
1633 1052 1680 1104 ei
1712 1049 2026 1102 incommodi

447 1151 720 1214 accidere,
778 1155 986 1200 mutata
1059 1147 1317 1200 sententia
1401 1144 1640 1198 dicebant
1711 1141 1863 1198 illum
1921 1160 2027 1198 esse

451 1242 631 1295 deum.

523 1330 590 1384 Ut
644 1331 1008 1399 inﬂammatus
1053 1328 1438 1390 intumesceret,
1494 1326 1547 1380 id
1597 1336 1704 1388 est,
1751 1333 2024 1396 creparet,

447 1418 898 1484 disrumperetur.
941 1413 1044 1468 Sed
1094 1415 1180 1467 ubi
1220 1416 1311 1467 diu
1342 1423 1710 1483 expcctarunt.
1749 1412 1867 1468 Non
1913 1412 2026 1466 edi-

449 1517 562 1560 tum
611 1505 712 1559 fuit
768 1505 982 1576 signum
1031 1503 1162 1558 illud
1215 1515 1460 1572 repente,
1506 1504 1601 1559 sed
1652 1505 1900 1559 homines
1939 1503 2033 1556 ali-

2125 410 2290 480 θηρία
2335 407 2676 475 δεδοίκαμεν,
2727 405 2916 477 ἐπειδὴ
2970 407 3071 476 τῆς
3131 406 3339 477 ἀρετῆς
3385 406 3485 477 τὴν
3539 423 3711 460 πανο-

2125 503 2288 556 πλίαν
2337 504 2438 554 οὐκ
2482 501 2703 572 ἔχομεν.
2737 500 2895 568 Πρὸς
2939 498 3256 567 ἀλλήλους
3300 497 3532 567 ἔλεγον.
3564 499 3710 569 Ὅρα

2123 596 2222 664 τὴν
2257 593 2494 663 φυσικὴν
2534 592 2716 662 κρίσιν
2739 590 3157 661 διηρθρωμένην
3188 591 3282 643 καὶ
3311 591 3458 657 παρὰ
3493 589 3712 660 Βαρϐά-

2126 701 2244 755 ροις
2264 702 2278 716 ’
2320 685 2394 754 μὴ
2424 684 2941 752 κατα-γινώσκοντας
2970 682 3180 748 ἅπλῶς,
3203 681 3338 736 ἀλλὰ
3383 681 3518 754 πρὸς
3543 682 3711 754 ἀλλήα-

2125 777 2250 840 λους
2282 776 2577 844 αἰδεσίμως
2612 775 2892 842 λέγοντας.

2207 869 2272 921 Ol
2325 865 2393 919 δὲ
2439 863 2862 935 προσεδόκωνθ
2911 863 3098 918 αὐτὸν
3146 864 3402 933 μέλλειν
3453 864 3714 933 πιμπρᾶ-

2129 961 2304 1014 σθαι⁹
2341 959 2376 1028 ἢ
2411 959 2808 1012 καταπίπτειν
2837 956 3009 1025 ἄφνω
3049 957 3300 1024 νεκρόν·
3348 957 3609 1010 ἐπιπολὺ
3642 957 3714 1010 δὲ

2127 1049 2328 1105 αὐτῶν
2383 1046 2882 1117 προσδοκώντων,
2936 1047 3037 1101 καὶ
3091 1047 3475 1115 θεωρούντων
3517 1047 3715 1114 μηδὲν
3761 1054 3766 1058 ’

2128 1141 2356 1196 ἄτοπον
2400 1144 2490 1205 εἰς
2544 1141 2734 1194 αὐτὸν
2801 1139 3151 1208 γινόμενον,
3203 1137 3714 1206 μεταϐαλλόμενοι

2128 1237 2346 1305 ἔλεγον
2379 1234 2566 1288 αὐτὸν
2593 1232 2732 1288 θεὸν
2763 1229 2938 1286 εἶναι.

2202 1329 2608 1396 Πίμπρασθαι.
2651 1325 2794 1379 ’Δντὶ
2854 1322 2973 1389 τοῦ,
3024 1321 3220 1393 λακᾷν,
3257 1321 3711 1392 διαρρήγνυσθαι.

2145 1420 2277 1473 Ἐπὶ
2311 1418 2470 1472 πολὺ
2501 1416 2571 1470 δὲ
2596 1415 2794 1470 αὐτῶν
2819 1403 3312 1482 προσδοκώντων.
3357 1412 3472 1464 Οὐκ
3497 1411 3717 1479 ἐγένετο

2133 1510 2286 1579 ἄφνω
2319 1509 2378 1561 τὸ
2423 1510 2672 1578 σημεῖον,
2721 1506 2854 1560 ἀλλὰ
2905 1505 2984 1574 τῷ
3034 1505 3215 1575 χρόνῳ
3271 1503 3612 1574 ἐνδιέτριψαν
3663 1503 3718 1556 οἱ

447 1597 687 1666 quandiu
720 1595 1042 1650 commorati
1062 1604 1191 1649 sunt
1214 1606 1266 1648 et
1298 1606 1683 1665 exspectarunt
1708 1613 1723 1650 :
1748 1596 1885 1650 adeo
1921 1608 2029 1649 non

2140 1599 2441 1669 ἄνθρωποι·
2477 1596 2650 1660 οὕτως
2677 1599 2778 1650 οὐκ
2802 1592 2868 1665 ἦν
2896 1595 3081 1665 ἀπάτη
3111 1595 3140 1665 ἢ
3165 1595 3512 1664 συναρπαγή.
3545 1595 3721 1648 Ἐλε-

446 1699 565 1742 erat
591 1688 758 1750 l‘raus,
787 1696 880 1740 aut
909 1686 1019 1739 cito
1063 1700 1152 1739 res
1191 1685 1614 1755 intelligebatur.
1651 1687 1903 1740 Dicebant
1936 1700 2032 1740 au-

2140 1668 2248 1760 γον
2291 1691 2348 1743 δὲ
2397 1688 2586 1744 αὑτὸν
2617 1689 2755 1744 θεὸν
2804 1685 2976 1751 εἶναι,
3007 1687 3082 1750 ὡς
3117 1686 3237 1751 ἔθος
3274 1686 3513 1756 ἔχοντες,
3539 1685 3719 1740 πάντα

451 1789 558 1832 tem
588 1778 739 1830 illum
779 1777 932 1828 deum
974 1791 1102 1840 esse,
1153 1785 1213 1829 ut
1246 1777 1338 1845 qui
1383 1779 1797 1832 eonsuevissent
1835 1792 2030 1834 omnes

2140 1783 2218 1836 τὸν
2248 1781 2506 1836 ποιοῦντά
2525 1799 2577 1835 τι
2597 1780 2924 1853 παράδοξον,
2961 1779 3082 1834 θεὸν
3112 1778 3351 1847 νομίζειν
3372 1795 3386 1809 ο
3408 1777 3597 1848 ὥσπερ
3621 1777 3717 1830 καὶ

450 1869 540 1939 qui
570 1869 813 1923 iacerent
843 1867 1047 1936 aliquid
1079 1881 1303 1933 novum,
1337 1867 1678 1930 admirabile,
1709 1881 1812 1922 nec
1839 1869 2032 1938 Opina-

451 1973 588 2028 tum,
619 1977 718 2031 pro
741 1961 843 2015 diis
873 1961 1095 2016 habere.
1129 1958 1594 2025 Quemadmodum
1623 1961 1789 2015 etiam
1820 1961 2030 2032 antiqui

2125 1876 2255 1938 τοὺς
2301 1874 2470 1929 πάλαι
2500 1872 2593 1937 οὓς
2626 1873 2782 1935 θεοὺς
2833 1869 3138 1942 ὠνόμαζον,
3171 1871 3203 1941 ἢ
3242 1870 3314 1934 δι’,
3335 1869 3491 1938 ίσχὺν
3523 1884 3716 1938 περισ-

2131 1968 2222 2019 σόν
2255 1983 2309 2019 τι
2346 1965 2456 2020 τῶν
2482 1964 2604 2019 καθ’
2639 1963 2868 2026 ἑαυτοὺς
2901 1963 3212 2026 ποιοῦντας,
3246 1955 3358 2024 οἷος
3385 1955 3455 2031 ἦν
3483 1963 3511 2014 ὀ
3550 1962 3721 2032 Ἦρα-

453 2054 583 2108 deos
611 2053 965 2108 nominabant
994 2067 1112 2117 eos,
1147 2049 1238 2121 qui
1276 2051 1356 2106 vel
1391 2059 1612 2121 propter
1649 2051 1795 2106 vires
1822 2051 2029 2122 aliquid

2140 2055 2263 2126 κλῆς
2283 2071 2296 2085 ·
2329 2055 2362 2126 ἢ
2390 2055 2478 2107 διὰ
2524 2055 2760 2126 μαγείας
2800 2051 3242 2118 ὲξιστάνοντας¹⁰
3274 2050 3404 2116 τοὺς
3443 2050 3716 2122 ὁρῶντας.
3747 2043 3774 2051 ’

455 2147 688 2215 amplius
715 2157 763 2199 et
797 2145 1148 2200 excellentius
1169 2159 1332 2214 quam
1363 2143 1543 2198 caeteri
1573 2155 1685 2198 sua:
1713 2143 1888 2198 artatis
1925 2145 2029 2198 ho-

459 2245 633 2298 mines
689 2251 1030 2313 praestarent,
1071 2241 1246 2312 qualis
1320 2248 1436 2295 erat
1504 2238 1816 2293 Hercules:

2125 2141 2237 2209 οἷος
2264 2141 2334 2216 ἦν
2363 2146 2392 2197 ὁ
2425 2141 2608 2213 Σίμων
2635 2145 2664 2196 ὀ
2689 2147 2748 2197 ὲν
2779 2143 3088 2214 Σαμαρείᾳ.

1895 2239 1982 2295 vel
2024 2241 2250 2313 magicis
2300 2241 2611 2312 praestigiis,
2671 2255 2764 2296 eos
2846 2240 2941 2310 qui
2999 2239 3390 2310 inspectarent,
3446 2252 3478 2292 α
3534 2244 3723 2292 mente

455 2340 606 2412 quasi
662 2338 982 2403 alienarem,
1048 2337 1223 2407 qualis
1267 2343 1382 2391 erat
1440 2335 1626 2390 Simon
1687 2335 1778 2390 ille
1823 2335 1877 2389 in
1931 2336 2196 2393 Samaria.

530 2429 688 2484 Vens.
723 2430 774 2483 7.
807 2427 874 2481 In
918 2428 1025 2481 illis
1067 2438 1242 2482 autem
1282 2428 1408 2482 locis
1441 2428 1640 2497 primus
1673 2429 1688 2464 ι
1721 2427 1927 2496 insula',
1951 2444 2044 2482 no-

461 2523 600 2576 mine
633 2520 872 2584 Publius,
917 2521 1117 2588 pra'dia
1148 2520 1385 2582 habebat,
1427 2519 1515 2589 qui
1553 2535 1643 2572 nos
1671 2529 1906 2587 acceptus
1947 2520 2041 2574 ho-

459 2611 618 2683 spitio
651 2611 883 2663 triduum
912 2610 1127 2679 benigne
1153 2612 1418 2665 tractavit.

531 2784 694 2840 Vens.
719 2785 771 2839 8.
804 2784 964 2838 Forte
997 2793 1172 2837 autem
1204 2784 1416 2846 accidit,
1460 2793 1516 2837 ut
1562 2795 1714 2853 pater
1757 2785 1932 2840 Publii
1963 2787 2042 2856 fe-

2229 2430 2334 2483 Ἐν
2379 2427 2448 2481 δὲ
2479 2428 2607 2492 τοῖς
2643 2427 2778 2498 περὶ
2831 2426 2940 2484 τὸν
2979 2427 3166 2480 τόπον
3209 2425 3446 2480 ἐκεῖνον
3479 2425 3725 2495 ὑπῆρχε

2145 2522 2328 2589 χωρία
2363 2517 2442 2585 τῷ
2471 2519 2677 2587 πρώτῳ
2701 2518 2810 2587 τῆς
2835 2517 3055 2588 νήσου,
3089 2518 3336 2586 ὀνόματι
3368 2517 3628 2583 Ποπλίῳ,
3651 2516 3724 2582 ὃς

2146 2610 2592 2681 ἀναδεξάμενος
2637 2609 2818 2680 ἡμᾶς,
2863 2610 3023 2679 τρεῖς
3081 2609 3308 2679 ἡμέρας
3344 2608 3726 2678 φιλοφρόνως

2145 2702 2442 2767 ἐξένισεν.

2229 2793 2500 2861 Ἐγένετο
2531 2790 2600 2845 δὲ
2623 2791 2730 2846 τ’ὁν
2758 2790 2984 2860 πατέρα
3009 2791 3115 2845 τοῦ
3138 2792 3410 2846 Ποπλίου
3445 2787 3723 2857 πυρετοῖς

463 2877 639 2931 bribus
667 2894 728 2930 ac
760 2876 1053 2946 dysenteria
1082 2885 1348 2943 correptus
1376 2875 1701 2930 decumberet
1729 2891 1748 2928 :
1776 2876 1846 2928 ad
1885 2891 2035 2946 quem

2140 2882 2237 2936 καὶ
2264 2881 2623 2950 δυσεντερίᾳ
2666 2882 3082 2951 συνεχόμενον
3125 2880 3540 2935 κατακεῖσθαι·
3575 2879 3724 2945 πρὸς

468 2967 664 3020 Paulus
704 2968 990 3036 ingressus,
1040 2981 1157 3018 cum
1206 2973 1448 3032 precatus
1484 2975 1635 3030 esset,
1684 2981 1748 3017 ac
1785 2979 1972 3016 manus
1997 2963 2037 3016 ei

2143 2973 2211 3026 ὃν
2243 2975 2275 3027 ό
2306 2973 2545 3039 Παῦλος
2591 2972 2890 3027 εισελθὼν
2917 2971 3017 3024 καὶ
3051 2967 3562 3039 προσευξάμενος,
3599 2970 3727 3024 esu-

467 3057 809 3140 impgsuisset,
841 3057 1047 3109 sanavit
1077 3055 1249 3107 illum.
2144 3064 2268 3127 θεὶς
2299 3064 2405 3128 τὰς
2437 3062 2640 3133 χεῖρας
2667 3063 2850 3129 αὐτῷ,
2887 3063 3102 3116 ἰάσατο
3129 3062 3342 3116 αὐτόν.

541 3146 700 3198 Vens.
722 3147 774 3198 9.
813 3148 922 3197 Hor
951 3145 1114 3213 igitur
1140 3145 1298 3213 facto,
1329 3143 1504 3196 cwteri
1541 3158 1741 3212 quoque
1765 3143 1852 3214 qui
1882 3146 1937 3196 in
1959 3144 2037 3196 in-

2219 3152 2441 3207 Τούτου
2471 3149 2584 3207 οὖν
2613 3153 2961 3221 γενομένου,
2990 3152 3089 3205 καὶ
3140 3154 3194 3205 ol
3221 3151 3420 3205 λοιποὶ
3457 3152 3511 3204 οι
3548 3150 3724 3218 ἕχον-

469 3236 585 3290 sula
611 3235 806 3288 morbis
830 3233 1163 3299 laborabant,
1197 3233 1506 3286 accedebant
1533 3233 1601 3286 ad
1631 3232 1778 3287 illum
1814 3243 1860 3288 ct
1886 3249 2037 3288 cura-

2146 3259 2244 3311 τες
2272 3244 2615 3311 -ἀσθενείας
2656 3243 2726 3298 ἐν
2761 3243 2835 3314 τῇ
2899 3245 3072 3313 νήσῳ
3124 3241 3574 3312 προσήρχοντο,
3624 3240 3724 3293 καὶ

470 3331 663 3382 bantur
686 3329 750 3380 ab
784 3343 864 3382 eo.

545 3417 705 3475 Vsus.
739 3417 823 3470 lO.
847 3416 947 3480 Qui
981 3417 1142 3470 etiam
1170 3417 1373 3486 magnis
1405 3416 1682 3469 honoribus
1722 3431 1812 3469 nos
1856 3416 2048 3486 a/fece-

472 3521 616 3574 runt,
659 3521 706 3564 et
757 3511 1070 3564 solventibus
1107 3513 1226 3565 inde
1279 3513 1639 3579 imposuerunt
1679 3525 1759 3563 res
1807 3526 2048 3565 necessa-

475 3604 609 3656 rias.

549 3695 840 3764 Ilospitalis
872 3705 982 3748 erat
1011 3695 1232 3750 Publius
1264 3711 1282 3750 :
1323 3710 1434 3749 non
1465 3694 1611 3748 enim
1642 3695 1789 3763 quod
1825 3693 2052 3748 vidisset

473 3783 675 3855 aliquid
720 3785 1059 3851 admirabile,
1094 3788 1188 3839 sed
1232 3786 1377 3856 quod
1417 3786 1759 3840 solummodo
1795 3786 2053 3838 misertus

475 3885 621 3930 esset
647 3876 860 3930 illorum
895 3887 1117 3948 propter
1159 3887 1443 3946 acceptum
1493 3876 1916 3938 incommodum,
1957 3890 2052 3930 ex-

475 3968 622 4038 cepit
652 3968 911 4036 liospitio,
961 3977 1016 4022 et
1057 3967 1194 4023 fovit
1230 3977 1394 4038 atque
1424 3968 1637 4022 curavit
1667 3968 1845 4037 capita
1876 3965 2053 4020 homi-

477 4079 604 4116 num
644 4064 876 4118 ducenta
941 4064 1234 4134 octoginta,
1275 4079 1390 4143 διτο
1443 4063 1595 4118 lucro
1653 4061 1759 4116 hoc
1821 4062 2052 4117 ducens.

483 4152 640 4209 Forte
683 4168 860 4210 autem
889 4156 1102 4219 accidit,
1151 4165 1206 4208 ut
1239 4165 1390 4223 pater
1429 4153 1602 4208 Publii
1656 4154 1952 4223 dysenteria
1989 4169 2054 4206 ac

479 4246 704 4315 febribus
746 4249 1015 4312 laborans,
1047 4255 1156 4300 etc.
1190 4245 1409 4300 Morbus
1438 4254 1629 4300 curata
1665 4243 1901 4299 dillicilis
1937 4253 2052 4298 tor-

481 4334 645 4396 mina,
687 4349 782 4403 per
834 4335 1060 4388 Paulum
1110 4343 1354 4396 sanatus,
1403 4334 1600 4388 multos
1643 4333 1710 4387 ad
1761 4333 1923 4387 ﬁdem
1958 4333 2054 4388 ad-

479 4424 656 4480 duxn.

550 4513 714 4567 \sns.
748 4511 831 4565 ll.
861 4510 984 4566 Post
1011 4512 1182 4584 184
1211 4529 1407 4566 menses
1436 4524 1612 4567 autem
1685 4521 1787 4566 tres
1837 4513 2054 4582 profecti

479 4617 660 4655 turnus
687 4617 964 4656 conscensa
999 4604 1140 4661 navi,
1173 4619 1289 4672 qua:
1329 4604 1384 4656 in
1422 4603 1515 4656 illa
1543 4604 1720 4656 insula
1751 4602 2053 4656 hibernave—

483 4699 589 4752 rat,
614 4689 1000 4753 Alexandrina,
1024 4693 1107 4743 cui
1146 4697 1296 4745 erant
1328 4693 1527 4764 insigne
1563 4693 1818 4758 Dioscori,
1874 4694 1929 4748 id
1975 4700 2051 4746 est

483 4777 672 4840 Castor
698 4787 748 4832 et
777 4779 986 4835 Pollux.

557 4868 713 4925 Vatis.
739 4870 828 4924 12.
853 4871 921 4926 Et
947 4873 1136 4928 devecti
1167 4873 1480 4946 Syracusas,
1504 4877 1790 4930 mansimus
1814 4876 1922 4930 illic
1942 4875 2054 4931 dies

485 4971 607 5020 tres.

553 5049 711 5109 Vens.
743 5047 830 5109 l3.
867 5052 1013 5112 Unde
1051 5057 1379 5113 circumvecti
1414 5057 1740 5125 pervenimus
1788 5055 2007 5128 Regium
2038 5073 2059 5123 ,-

2149 3339 2600 3407 ἐθεραπεύοντο.

2224 3428 2291 3482 Οἳ
2317 3429 2414 3482 καὶ
2436 3429 2697 3495 πολλαῖς
2721 3429 2914 3496 τιμαῖς
2935 3429 3234 3497 ἐτίμησαν
3258 3425 3436 3497 ἡμᾶς,
3462 3428 3559 3481 καὶ
3578 3429 3726 3484 ἀνα-

2151 3517 2423 3588 γομένοις
2447 3520 2488 3550 ¹¹
2519 3517 2803 3573 ἐπέθεντο
2829 3519 2901 3572 τὰ
2922 3519 3072 3587 πρὸς
3106 3519 3220 3586 τὴν
3252 3518 3482 3586 χρείαν.

2224 3699 2548 3766 Φιλόξενος
2589 3703 2622 3755 ό
2677 3701 2972 3767 Πόπλιος·
3025 3701 3176 3754 οὐδὲν
3226 3699 3334 3771 γὰρ
3393 3699 3556 3762 ἰδὼν,
3607 3695 3729 3750 ἀλλ’

2157 3789 2261 3843 ὑπὸ
2288 3793 2387 3860 τῆς
2417 3793 2703 3862 συμφορᾶς
2743 3793 2909 3862 μόνης
2939 3791 3169 3862 ἐλεήσας
3209 3792 3407 3854 αὐτοὺς
3433 3788 3728 3852 ὑπεδέξατο

2154 3881 2250 3936 καὶ
2283 3882 2622 3954 ἐθεράπευσε
2652 3884 2902 3937 διακόσια
2938 3884 3265 3954 ὀγδοήκοντα
3316 3884 3576 3952 ὀνόματα,
3604 3881 3732 3950 κέρο

2153 3974 2242 4037 δος
2272 3975 2430 4028 τοῦτο
2461 3974 2764 4046 τιθέμενος.
2810 3975 2925 4028 Τὸν
2973 3975 3042 4027 δὲ
3071 3975 3297 4042 πατέρα
3327 3975 3433 4028 τοῦ
3462 3974 3730 4028 Ποπλίου

2155 4063 2512 4132 δυσεντερίᾳ.
2558 4065 2658 4118 καὶ
2707 4065 2984 4133 πυρετοῖς
3017 4068 3456 4134 συνεχόμενον.
3482 4063 3554 4116 Τὸ
3604 4062 3733 4116 δυσ-

2161 4156 2307 4209 ίατον
2346 4156 2516 4220 πάθος
2560 4159 2594 4228 ὴ
2645 4157 2962 4227 δυσεντερίαι
2991 4159 3133 4210 ῑασιν
3156 4158 3317 4210 λαϐὸν
3348 4157 3437 4210 διὰ
3465 4155 3558 4209 τοῦ
3580 4153 3732 4209 [lati-

2159 4247 2275 4314 λου,
2310 4246 2539 4311 πολλοὺς
2571 4248 2649 4310 εἰς
2671 4249 2854 4300 πίστιν
2878 4249 3104 4319 ἢγαγεν.

2232 4518 2393 4570 Μετὰ
2437 4516 2505 4568 δὲ
2556 4515 2716 4583 τρεῖς
2780 4516 2975 4585 μῆνας
3023 4517 3371 4586 ἀνήχθημεν
3434 4517 3504 4570 ἐν
3543 4518 3734 4581 πλοίῳ

2173 4608 2704 4678 Ἀλεξανδρηνῷη,
2757 4611 3294 4678 παρακεχειμακότι
3321 4612 3392 4664 ἐν
3431 4609 3505 4679 τῇ
3538 4609 3732 4675 νήσῳ,

2157 4700 2494 4769 παρασήμῳ
2514 4704 2918 4771 Διοσκούροις.

2230 4879 2344 4932 Καὶ
2365 4881 2756 4947 καταχθέντες
2789 4883 2874 4948 εις
2906 4883 3318 4951 Συρακούσας,
3347 4883 3736 4952 ἐνεμείναμεν

2163 4969 2388 5037 ἡμέρας
2419 4971 2599 5038 τρεῖς.
3103 5024 3119 5032 ,

2237 5062 2411 5116 Ὅθεν
2432 5066 2845 5131 περιελθόντες
2871 5063 3332 5134 κατηντήσαμεν
3349 5068 3436 5131 εὶς
3468 5063 3728 5133 Ῥήγιον*

1641 5235 1844 5297 Variae
1885 5237 2191 5302 lectiones
2229 5249 2290 5306 et
2333 5249 2524 5304 notas.

556 5407 578 5438 ⁸
613 5409 972 5476 προσεδὸκουν
995 5449 1008 5469 .
1033 5417 1107 5463 est
1149 5412 1204 5464 in
1234 5412 1611 5476 manuscripto.

1708 5409 1729 5441 '
1757 5409 1819 5465 In
1840 5411 2089 5484 vulgatis.
2133 5413 2502 5484 πίμπρασθαι.

2609 5417 2651 5448 ⁸ο
2682 5417 2972 5484 ὲξισνςάνων
2999 5431 3134 5475 erat.
3247 5422 3286 5453 “
3319 5420 3736 5488 ἀναγενομένοις

488 5479 642 5530 estin
703 5482 920 5548 antiquo
973 5483 1350 5552 manuscripto.
1429 5479 1543 5536 “In
1587 5479 2033 5554 vutgatis‘Aifsia

2140 5479 2254 5555 ίνῲ,
2289 5479 2337 5537 et
2361 5485 2522 5555 paulo
2579 5479 2735 5558 post;
2778 5491 3149 5562 ἐπεμείναμεν
3187 5491 3401 5563 ἡμέρας
3437 5479 3606 5562 τρεῖς.

565 5630 584 5666 ί
617 5631 678 5684 ν.
710 5637 971 5703 princeps.
