4088 6206
458 177 566 241 845

1062 176 1467 239 EXPOSITIO
1497 178 1575 239 IN
1616 178 1801 238 ACTA
1839 178 2413 243 APUS'I‘OIDRUM.
2457 208 2523 218 -
2553 185 2712 245 CAP.
2754 188 3027 252 XXVIII.

3610 198 3715 260 846

458 285 665 357 μενοι²⁸
711 265 810 337 ’καὶ
866 280 966 352 τὴν
1028 280 1307 337 θάλασσαν
1344 282 1697 352 ἐμπλέοντες.
1751 283 2016 353 πανταχοῖ

2137 284 2430 342 Serratore
2464 298 2653 343 nostro
2673 290 3065 348 obtrectantes.
3106 296 3393 364 Apostolos
3418 311 3623 371 autem,
3660 307 3714 362 id

454 381 559 446 γῆς
589 374 890 446 διέτρεχον,
920 371 1012 427 τὸν
1043 374 1173 443 περὶ
1211 373 1305 426 τοῦ
1334 374 1584 446 Σωτῆρος
1604 374 1766 445 ἡμῶν
1801 374 2022 429 διαόἀλο

449 467 636 529 λοντες
677 464 857 533 λόγον.
904 464 1269 520 Ἀποστὸλουε
1319 465 1374 517 δὲ
1410 466 1579 519 εἰσέτι
1626 467 1722 519 καὶ
1766 467 1862 519 νῦν
1904 468 2024 530 ἔθος
2058 503 2061 507 -

447 559 596 610 ἐστὶν
638 556 915 619 Ἰουδαίοις
969 557 1257 627 ὀνομάζειν
1291 556 1419 619 τοὺς
1460 557 1723 625 ἐγκύκλια
1757 559 2021 627 γράμμαυ

448 667 517 702 τα
572 649 723 717 παρὰ
781 647 893 699 τῶν
942 648 1220 718 ἀρχόντων
1275 648 1459 702 αὐτῶν
1511 649 2024 719 ἐπικομιζομένους.

450 741 524 790 Τὸ
553 738 610 790 δὲ
639 736 767 804 ἑξῆς
799 737 896 804 τῆς
935 736 1294 805 προφητείας,
1331 740 1457 806 περὶ
1483 738 1592 791 τῶν
1624 739 1883 809 μαθητῶν
1930 741 2024 793 τοῦ

443 828 695 897 Σωτῆρος
722 826 879 897 ήμῶν
903 827 1155 894 εἰρῆσθαι
1177 826 1222 855 ’⁸
1245 843 1256 856 ·
1284 825 1376 888 οὓς
1399 826 1486 880 διὰ
1518 826 1578 880 τὸ
1619 829 1783 880 πᾶσιν
1812 828 2024 899 ἀνθρὼ-

444 938 567 982 non;
599 918 992 987 εὐαγγελιστᾶς
1020 913 1160 969 εἶναι
1204 918 1469 984 ἀγγέλους
1495 918 1729 989 κούφους
1748 919 2020 991 ὠνόμασε,

442 1011 580 1080 πρὸς
639 1009 1045 1079 ἁντιδιαστολὴν
1107 1003 1180 1062 ὧν
1219 1009 1487 1078 ἐδήλωσεν
1532 1011 1837 1065 Ἰουδαϊκῶν
1887 1012 2024 1066 ἀπο·

441 1102 665 1154 στόλων.

512 1194 650 1261 Περὶ
677 1194 795 1261 μὲν
834 1194 945 1261 γὰρ
978 1191 1090 1260 τῆς
1126 1195 1417 1260 αἱρέσεως
1477 1198 1702 1261 ταύτης
1748 1197 2026 1265 γνωστόν

438 1286 612 1339 ἐστιν
643 1285 807 1354 ἡμῖν,
849 1284 938 1336 ὅτι
969 1286 1283 1353 πανταχοῦ
1309 1286 1703 1356 ἀντιλέγεται.

512 1376 834 1445 Ταξάμενοι
863 1376 931 1429 δὲ
957 1375 1120 1442 αὺτῷ
1152 1377 1405 1446 ἡμέραν,
1440 1375 1599 1449 ἧκον
1649 1380 1800 1448 πρὸς
1827 1381 2023 1435 αὐτὸν

438 1473 522 1536 εἰς
559 1469 676 1537 τὴν
711 1470 924 1532 ξενίαν
977 1471 1284 1536 πλείονες·
1319 1466 1411 1536 οἷς
1438 1470 1734 1536 ἐξετίθετο
1781 1472 2025 1543 διαμαρ-

438 1565 764 1633 τυρόμενος
816 1561 931 1630 τὴν
968 1563 1301 1627 ,Βασιλείαν
1330 1564 1438 1618 τοῦ
1467 1564 1652 1626 Θεοῦ.·
1684 1567 1907 1620 πείθων
1958 1584 2022 1621 τε

2130 386 2213 430 est
2242 377 2446 447 legatos
2485 390 2540 435 et
2572 382 2828 445 nuntios,
2862 385 3040 440 adhuc
3064 386 3227 441 etiam
3256 405 3403 445 nunc
3429 396 3713 452 nominare

2129 470 2306 522 Solent
2329 469 2524 536 Judaei,
2543 474 2632 542 qui
2661 474 2870 529 litteras
2887 477 3086 546 passim
3108 479 3176 534 ab
3201 479 3411 536 illorum
3431 487 3715 557 magistra-

2133 559 2276 615 tibus
2305 575 2555 631 acceptas
2606 565 2750 620 ultro
2775 568 3021 639 citroque
3050 570 3251 627 ferunt.
3274 575 3498 647 Reliqua
3527 590 3709 637 autem

2129 662 2252 714 pars
2278 650 2577 719 prophetia:
2592 668 2711 722 quae
2739 657 3005 726 sequitur,
3022 659 3090 713 de
3114 659 3391 730 discipulis
3411 665 3714 725 Servatoris

2130 739 2302 793 nostri
2348 740 2589 810 loquitur
2620 761 2634 798 :
2668 761 2804 813 quos
2828 748 3087 818 quoniam
3117 751 3371 808 omnibus
3394 754 3710 815 hominibus

2128 830 2267 884 bona
2333 834 2771 901 annuntiabant,
2838 839 3061 894 nuntios
3139 841 3288 897 leves
3354 848 3599 903 nominat
3656 862 3711 906 et

2128 923 2431 991 expeditos,
2476 935 2536 980 ut
2581 927 2914 984 discerneret
2954 947 3050 987 eos
3086 948 3117 987 a
3158 934 3399 993 Judaicis
3422 942 3706 1009 apostolis,

2127 1013 2196 1070 de
2226 1014 2427 1086 quibus
2458 1017 2674 1075 locutus
2708 1029 2844 1075 erat.

2195 1200 2340 1256 Nam
2371 1201 2439 1256 de
2462 1213 2601 1258 secta
2632 1205 2841 1276 quidem
2875 1207 2976 1262 Irae
3002 1216 3182 1263 notum
3207 1220 3281 1265 est
3319 1213 3484 1279 nobis,
3514 1215 3705 1285 ubique

2126 1292 2176 1345 ei
2207 1294 2519 1349 contradici.

2196 1384 2358 1440 Vens.
2394 1386 2487 1441 23.
2520 1386 2652 1443 Cum
2685 1391 3075 1445 constituissent
3114 1403 3288 1447 autent
3310 1393 3390 1446 illi
3423 1395 3580 1457 diem,
3611 1412 3702 1449 te-

2124 1488 2311 1533 nerunt
2335 1481 2406 1534 ad
2434 1497 2552 1534 eam
2583 1482 2634 1535 in
2663 1482 2944 1551 hospitium
2971 1485 3259 1554 complures
3290 1500 3309 1540 :
3339 1488 3524 1555 quibus
3550 1489 3702 1557 adje-

2126 1572 2223 1625 ctis
2247 1572 2554 1626 testimoniis
2569 1589 2783 1642 regnum
2803 1573 2900 1627 Dei
2920 1577 3228 1644 exponebat,
3247 1584 3295 1628 et
3321 1586 3377 1629 ut
3405 1578 3700 1631 dortziuam

437 1653 664 1720 αὐτοὺς
690 1657 764 1707 τὰ
795 1653 928 1721 περὶ
986 1653 1095 1707 τοῦ
1129 1653 1361 1722 Ἰησοῦ,
1397 1654 1522 1707 ἀπό
1567 1672 1632 1708 τε
1670 1656 1776 1710 τοῦ
1829 1658 2016 1725 νόμον

2119 1663 2184 1715 de
2209 1662 2334 1717 Jesu
2361 1663 2802 1732 amplecterentur
2824 1664 2898 1716 eis
2924 1664 3242 1731 persuadere
3270 1669 3562 1719 conabatur
3589 1678 3698 1721 tant

439 1744 737 1811 Μωῠσέως
793 1746 894 1799 καὶ
950 1742 1071 1798 τῶν
1111 1744 1436 1815 προφητῶν
1464 1784 1480 1809 ,
1548 1746 1668 1800 ἀπὸ
1733 1749 1884 1817 πρωϊ
1908 1749 2019 1816 ἕως

434 1836 715 1905 ἑσπέρας.

515 1929 627 1983 Καὶ
682 1931 738 1984 οι
770 1926 889 1999 μὲν
935 1926 1246 1983 ἐπείθοντο
1276 1930 1403 1998 τοῖς
1439 1930 1812 2001 λεγομένοις,
1849 1933 1903 1984 οι
1950 1930 2019 1983 δὲ

436 2022 760 2090 ἠπίστουν.

509 2113 732 2184 Δῖρεσιν
784 2114 1040 2168 καλοῦσιν
1093 2116 1144 2168 οί
1195 2113 1440 2169 Ἰουδαῖοι
1491 2115 1592 2185 τὴν
1645 2116 1725 2178 εἰς
1780 2113 2016 2185 Χριστὸν

439 2207 643 2260 πίστιν.
695 2205 1054 2278 Μαρτυροῦσι
1094 2205 1152 2260 δὲ
1204 2206 1313 2261 ἰδοὺ
1345 2208 1442 2261 καὶ
1475 2207 1744 2273 Ἰουδαῖοι,
1770 2207 1854 2260 ὅτι
1887 2223 2018 2260 navo

436 2298 605 2370 ταχοῦ
634 2299 915 2371 ἐκηρύχθη
967 2301 995 2352 ὁ
1021 2299 1281 2370 Χριστὸς.
1322 2299 1370 2351 εί
1392 2299 1487 2352 καὶ
1516 2298 1591 2370 μὴ
1615 2297 1817 2362 πάντες
1848 2315 2016 2352 κατα-

434 2390 682 2461 δέχονται
739 2392 801 2445 τὸ
850 2393 1138 2462 κήρυγμα,
1183 2390 1300 2446 ἀλλ’
1340 2391 1681 2462 ἀντιλέγουσι
1710 2408 1854 2455 τινες
1889 2393 2014 2445 Ἰου·

434 2484 597 2551 δαϊοι,
630 2483 666 2555 ἢ
697 2484 793 2538 καὶ
825 2482 1108 2556 Ἓλληνες.

508 2667 880 2737 Ἀσύμφωνοι
951 2665 1020 2719 δὲ
1077 2665 1249 2732 ὄντες
1301 2667 1451 2735 πρὸς
1500 2665 1839 2732 ἀλλήλους,
1894 2665 2008 2720 άπ-

440 2760 697 2814 ελύεντο
717 2775 729 2787 ·
754 2760 1030 2824 ειπόντος
1052 2757 1158 2812 τοῦ
1188 2759 1432 2811 Παύλου
1464 2756 1626 2826 ῥῆμα
1648 2756 1738 2823 ἐν,
1775 2755 1864 2810 ὅτι
1895 2760 2011 2809 Ka-

431 2851 555 2917 ,ιὼς
603 2857 670 2904 τὸ
720 2850 964 2918 Πνεῦμα
1007 2850 1076 2903 τὸ
1133 2849 1304 2918 ἅγιον
1331 2848 1602 2914 ἐλάλησε
1626 2848 1725 2902 διὰ
1765 2849 2007 2902 Ἡσαΐου

433 2941 541 2997 τοῦ
578 2941 888 3012 προφήτου
927 2941 1079 3010 πρὸς
1110 2940 1254 3005 τοὺς
1279 2938 1540 3009 πατέρας
1567 2939 1757 3009 ἡμῶν.

503 3038 717 3102 Asy-or.

508 3126 652 3194 Ὅρα
684 3125 800 3186 πῶς
825 3124 887 3177 οὐ
933 3124 1198 3194 ῥάπτουσι
1221 3122 1319 3177 νῦν
1353 3122 1645 3182 ἐπιϐουλὰς
1673 3122 1793 3175 κατ’
1817 3121 2006 3175 αὐτοῦ.

446 3216 535 3268 Ἕν
572 3216 682 3286 γὰρ
703 3218 769 3287 τῇ
807 3214 1041 3287 Ἰουδαίᾳ
1073 3215 1149 3278 ὡς
1173 3214 1232 3267 ἐν
1253 3214 1531 3284 τυραννίδι
1564 3208 1707 3283 ἦσαν
1726 3228 1741 3241 ·
1774 3210 2010 3265 ἐνταῦθα

432 3309 490 3362 δὲ
516 3309 612 3362 καὶ
634 3308 980 3378 ὑϐριζόμενοι
1012 3307 1143 3377 παρ’
1167 3305 1355 3367 αὐτοῦ,
1382 3304 1534 3369 οὐδὲν
1571 3304 1843 3375 τολμῶσιν
1877 3306 2008 3356 ἀντ·
2050 3294 2061 3297 ι

438 3405 632 3455 ειπείν.
667 3403 740 3455 Οὐ
767 3402 876 3471 γὰρ
924 3403 990 3470 τῇ
1034 3399 1253 3470 ἐξουσίᾳ
1286 3399 1466 3452 αὐτῶν
1488 3399 1862 3467 ἐπετέτραπτο
1893 3398 2007 3450 λοι-

434 3493 536 3546 πὺν
560 3492 630 3545 τὰ
650 3492 771 3545 κατ’
795 3492 978 3545 αὐτόν.
1010 3493 1138 3544 Ὀτι
1168 3489 1367 3556 καλῶς
1393 3490 1461 3543 τὸ
1478 3489 1719 3558 Πνεῦμα
1744 3493 1809 3542 τὸ
1837 3488 2008 3558 ἅγιον

432 3581 719 3649 ἐλάλησε.
773 3582 897 3644 Τοῖς
955 3580 1228 3650 ὑπουργὸν
1284 3579 1503 3645 λέγουσι
1548 3578 1640 3632 τοῦ
1701 3578 1910 3647 Harpe;
1946 3577 2007 3628 τὸ

435 3675 660 3743 Πνεῦμα
685 3673 746 3726 τὸ
776 3672 953 3742 ἅγιον,
984 3672 1220 3725 ἐνταῦθα
1259 3672 1288 3724 ὁ
1319 3669 1528 3734 Παῦλος
1564 3672 1784 3740 καιρίαν
1823 3670 2006 3721 δίδωσι

437 3769 535 3839 τὴν
580 3769 822 3838 πληγήν.
857 3768 962 3822 Τὸν
1009 3769 1120 3837 γὰρ
1162 3764 1365 3832 Κύριον
1415 3765 1508 3815 τὸν
1559 3764 1868 3829 καθήμενον
1913 3761 2008 3810 ἐπὶ

438 3860 629 3931 θρόνου
666 3859 870 3930 ὑψηλοῦ
901 3861 998 3914 καὶ
1052 3858 1458 3929 ἐπηρτημένου,
1490 3854 1547 3907 ὃν
1576 3850 1712 3905 εἶδεν
1759 3851 2004 3913 Ἡσαΐας,

433 3943 537 4001 ὦδε
567 3949 716 4015 λέγει
742 3949 803 4000 τὸ
841 3948 1067 4019 Πνεῦμα
1092 3949 1153 4001 τὸ
1181 3948 1359 4015 ἅγιον.
1408 3944 1724 4014 Ὁμοοῦσιον
1752 3942 1860 4011 γάρ
1889 3944 2006 3993 ἐστι

433 4044 511 4113 τῷ
554 4044 728 4114 Πατρὶ
771 4044 863 4095 καὶ
891 4042 969 4113 τῷ
1000 4041 1137 4111 Υιῷ,
1189 4042 1283 4092 καὶ
1313 4040 1408 4108 τῆς
1438 4038 1558 4105 ἴσης
1600 4035 1846 4099 ἐξουσίαις
1879 4048 2009 4103 μετ·

434 4153 570 4190 εγει.

501 4154 570 4190 ει.

463 4154 831 4296 χΠορεύθητι
880 4225 1033 4294 πρὸς
1062 4225 1170 4277 τὸν
1206 4222 1361 4277 λαὸν
1389 4220 1625 4280 τοῦτον,
1677 4218 1774 4271 καὶ
1835 4216 1967 4271 ειπέ
1989 4234 2003 4250 υ

2119 1768 2184 1805 ea:
2235 1752 2346 1822 lege
2399 1752 2607 1820 bloysis,
2660 1768 2819 1821 quam
2868 1752 3134 1822 prophetis
3164 1768 3196 1804 a
3226 1769 3381 1807 mane
3430 1771 3590 1825 usque
3628 1758 3699 1809 ad

2116 1857 2407 1906 vesperam.

2188 1931 2351 1987 Vens.
2378 1932 2469 1987 ει.
2500 1934 2665 2003 Atque
2685 1932 2806 1986 aliis
2835 1933 3040 2001 quidem
3072 1936 3310 1989 oratione
3344 1952 3441 1991 sua
3480 1954 3700 2006 persua-

2117 2024 2296 2086 debat,
2330 2024 2570 2078 nonnulli
2611 2040 2729 2077 vero
2763 2040 2866 2077 non
2897 2024 3199 2077 credebant.

2187 2117 2471 2180 Ηιετεείιιι,
2506 2117 2558 2170 id
2596 2126 2678 2170 est
2731 2112 2934 2170 sectam
2961 2156 2976 2179 .
3004 2124 3200 2170 vocant
3228 2116 3400 2172 JUdlBI
3439 2118 3599 2174 ﬁdem
3640 2121 3695 2176 in

2115 2206 2420 2262 Christum.
2475 2207 2858 2261 Testilicantnr
2902 2216 3085 2261 autem
3129 2223 3258 2262 ecce
3307 2210 3469 2265 etiam
3525 2210 3693 2267 Judaei

2112 2299 2391 2355 Christum
2440 2299 2639 2368 ubique
2682 2300 3031 2368 pnedicatum
3079 2299 3266 2362 fuisse,
3317 2302 3533 2357 etiamsi
3585 2320 3691 2359 non

2064 2400 2072 2407 '
2112 2394 2307 2447 omnes
2366 2391 2749 2462 praedicatione
2781 2391 3252 2461 amplectebantur
3285 2402 3447 2463 atque
3496 2398 3693 2464 proha-

2112 2485 2246 2540 bant
2275 2526 2292 2550 ,
2325 2484 2419 2539 sed
2453 2484 2900 2539 contradicebant
2925 2484 3172 2538 nonnulli
3197 2484 3506 2555 Judmihaut
3531 2492 3691 2543 etiam

2112 2575 2286 2631 Graeci
2317 2586 2368 2630 et
2397 2579 2653 2630 nationes
2680 2586 2941 2630 externae.

2183 2665 2343 2720 Vens.
2373 2664 2464 2719 Q5.
2492 2662 2597 2719 Sed
2618 2680 2736 2717 cum
2773 2681 2876 2719 non
2893 2676 3060 2731 essent
3097 2668 3234 2723 inter
3259 2668 3690 2735 sese‘_concordes,

2110 2758 2464 2821 discedebant,
2488 2774 2607 2810 cum
2631 2757 2829 2812 Paulus
2842 2774 3004 2812 unum
3034 2761 3248 2813 verbum
3270 2760 3509 2824 dixisset,
3540 2775 3691 2812 nem-

2109 2864 2193 2917 pe,
2228 2846 2369 2901 Bene
2382 2846 2611 2916 Spiritus
2638 2857 2851 2901 sanctas
2871 2848 3073 2901 locutus
3104 2856 3180 2903 est
3217 2863 3309 2916 per
3333 2846 3533 2901 Isaiam
3556 2862 3650 2916 pro
3678 2872 3692 2885 -

2035 2975 2082 3035 ο
2110 2942 2322 3012 phetam
2358 2942 2427 2994 ad
2451 2952 2629 3011 patres
2651 2951 2877 2995 nostros.

2181 3033 2346 3089 Vens.
2371 3030 2461 3087 26.
2484 3031 2581 3086 llis
2596 3033 2788 3088 verbis.

2182 3121 2320 3177 Vide
2346 3131 2405 3176 ut
2424 3137 2573 3177 nunc
2595 3130 2809 3178 struant
2833 3122 3058 3177 insidias
3082 3121 3343 3176 adversus
3363 3120 3513 3174 illum
3534 3135 3688 3174 :nam

2112 3217 2169 3271 in
2202 3215 2389 3271 Iudaea
2420 3215 2576 3285 quasi
2620 3215 2673 3269 in
2706 3214 2992 3286 tyrannide
3019 3223 3219 3277 erant;
3272 3214 3361 3269 hic
3388 3229 3540 3275 vero.
3567 3228 3691 3267 cum

2110 3310 2274 3365 etiam
2308 3308 2377 3363 ab
2426 3323 2492 3363 eo
2520 3308 2856 3362 contumelia
2888 3306 3257 3372 afﬁcerentur,
3305 3307 3442 3361 nihil
3473 3316 3694 3360 eontra-

2110 3402 2292 3457 dicere
2323 3399 2549 3454 audent.
2585 3399 2703 3454 Non
2738 3400 2883 3454 enim
2917 3401 3148 3469 posthac
3192 3399 3406 3454 illorum
3438 3399 3691 3468 potestati

2108 3491 2414 3561 permissus
2446 3498 2586 3544 erat.
2627 3486 2770 3543 Bene
2803 3488 3031 3559 Spiritus
3074 3484 3291 3544 sanctus
3334 3492 3537 3543 loeutus
3591 3501 3688 3544 est.

2111 3580 2181 3656 Iis
2228 3581 2320 3648 qni
2359 3580 2553 3633 dicunt
2606 3578 2872 3647 Spiritum
2908 3591 3155 3634 sanctum
3210 3581 3519 3635 ministrum
3571 3597 3692 3636 esse

2108 3671 2305 3736 Patris,
2348 3671 2546 3725 Paulus
2575 3671 2665 3725 hic
2698 3670 3031 3725 mortiferam
3065 3673 3274 3743 plagam
3308 3673 3520 3743 inﬂigit.
3555 3673 3690 3727 Nam

2110 3763 2419 3825 Dominum,
2437 3763 2529 3832 qui
2559 3764 2613 3816 in
2641 3763 2854 3817 excelso
2881 3771 2935 3817 et
2958 3762 3068 3816 alto
3098 3763 3232 3817 solio
3261 3765 3412 3819 sedet
3437 3767 3502 3830 '°,
3528 3781 3690 3833 quem

2109 3856 2246 3910 vidit
2290 3855 2475 3919 Isaias,
2517 3855 2607 3931 hic
2636 3854 2767 3909 dicit
2808 3853 3068 3923 Spiritum
3106 3863 3378 3909 sanctum.
3434 3857 3689 3925 Ejusdem

2110 3958 2193 4004 est
2221 3950 2364 4001 enim
2400 3962 2523 4001 eum
2547 3946 2709 4002 Patre
2740 3958 2794 4002 et
2820 3948 2955 4001 FlIlO
2980 3948 3231 4002 essentia:
3263 3959 3426 4017 atque
3457 3958 3686 4012 natura,

2110 4050 2274 4112 atque
2302 4041 2544 4110 ejusdem
2581 4039 2872 4110 potestatis
2903 4038 3179 4110 particeps
3204 4049 3311 4094 est.

2181 4217 2340 4272 Vens.
2367 4216 2455 4271 ‘26.
2498 4217 2632 4271 Vade
2662 4217 2732 4269 ad
2755 4215 3004 4285 populum
3037 4231 3191 4279 nunc,
3222 4232 3283 4268 ac
3311 4215 3395 4269 die
3414 4234 3432 4271 :
3459 4216 3690 4269 Auribus

446 4316 626 4384 Ἀκοῇ
664 4317 970 4382 ἀκούσητε
992 4316 1059 4380 ³⁷,
1095 4314 1192 4367 καὶ
1221 4316 1292 4366 οὺ
1314 4311 1401 4381 μὴ
1441 4309 1671 4377 συνῆτε
1692 4325 1704 4338 ·
1734 4308 1834 4362 καὶ
1855 4309 2005 4373 ,ϐλέ-

2114 4308 2336 4361 audietis
2359 4316 2406 4361 et
2436 4324 2537 4359 non
2554 4306 2878 4377 intelligetis,
2910 4314 2960 4359 et
2989 4306 3217 4359 videntes
3252 4308 3487 4360 videbitis
3516 4316 3691 4360 etnon

431 4424 643 4473 πον-τες
683 4407 947 4477 βλέψετε
969 4408 1037 4472 ¹⁸,
1069 4408 1168 4460 καὶ
1199 4408 1271 4460 οὐ
1303 4404 1389 4474 μὴ
1430 4403 1612 4470 ἴδητε.

513 4501 859 4567 Ἐπαχύνθη
882 4501 991 4568 γὰρ
1026 4499 1063 4565 ἡ
1095 4497 1308 4564 καρδία
1333 4493 1438 4548 τοῦ
1461 4492 1613 4547 λαοῦ
1646 4492 1883 4556 τούτου,
1907 4490 2006 4545 καὶ

430 4592 556 4658 τοῖς
599 4592 708 4643 ὠσὶ
740 4590 971 4657 βαρέως
1003 4587 1313 4654 ἥκουσαν,
1346 4585 1441 4637 καὶ
1475 4584 1618 4650 τοὺς
1661 4584 2005 4654 ὀφθαλμοὺς

433 4681 636 4739 αὐτῶν
675 4680 1060 4748 ἐκάμμυσαν,
1081 4676 1315 4745 μήποτε
1333 4674 1503 4727 ἴδωσι
1532 4674 1654 4739 τοῖς
1678 4676 2009 4745 ὀφθαλμοῖς

432 4776 529 4828 καὶ
564 4772 688 4838 τοῖς
719 4772 871 4825 ὠσὶν
902 4771 1234 4829 ἀκούσωσι.
1263 4767 1360 4821 καὶ
1401 4765 1469 4834 τῇ
1501 4766 1713 4835 καρδίᾳ
1742 4766 2000 4834 συνῶσι,

431 4868 528 4920 καὶ
553 4865 1014 4933 ἐπιστρέφουσι,
1046 4862 1144 4915 καὶ
1175 4862 1419 4929 ἰάσομαι
1452 4861 1672 4925 αὐτούς
1691 4860 1759 4913 ’³.

502 4959 788 5012 Γνωστὸν
860 4951 976 5012 οὖν
1032 4955 1191 5009 ἔστω
1240 4954 1400 5025 ὑμῖν,
1463 4952 1550 5006 ὅτι
1571 4952 1695 5017 τοῖς
1765 4952 2007 5006 ἔθνεσιν

432 5050 743 5117 ἀπεστάλη
798 5049 865 5103 τὸ
925 5047 1223 5118 σωτήριον
1278 5045 1387 5100 τοῦ
1439 5045 1615 5098 Θεοῦ·
1676 5044 1845 5098 αὐτοὶ
1909 5044 2007 5097 καὶ

435 5142 818 5207 ἀκούσονται.

499 5280 546 5313 ⁸⁸
570 5280 679 5336 lsa.
703 5296 774 5345 γι,
814 5279 863 5333 l.

2109 4400 2451 4470 perspicietis.

2183 4489 2345 4545 Vens.
2385 4490 2474 4543 ζ27.
2509 4489 2869 4544 Incrassatum
2901 4493 3039 4545 enim
3066 4498 3112 4544 et
3144 4489 3465 4544 obstruclum
3495 4498 3569 4543 est
3602 4504 3690 4541 cer

2109 4581 2289 4651 populi
2317 4580 2496 4644 huius,
2538 4589 2586 4633 et
2615 4581 2836 4633 auribus
2859 4580 3093 4651 graviter
3125 4580 3406 4632 audierunt
3436 4588 3485 4632 et
3513 4579 3688 4632 oculos

2107 4690 2227 4726 suos
2250 4671 2594 4738 occluserunt,
2634 4674 2909 4743 nequando
2937 4682 3151 4727 cernant
3178 4672 3363 4736 oculis,
3395 4682 3441 4725 et
3472 4672 3689 4725 auribus

2115 4766 2359 4830 audiant,
2399 4774 2448 4818 et
2480 4765 2634 4818 corde
2665 4765 2822 4836 187
2854 4765 3188 4835 intelligant,
3221 4777 3268 4820 et
3296 4775 3686 4829 convertantur,

2115 4868 2163 4911 et
2194 4876 2251 4911 sa
2260 4874 2376 4911 nem
2405 4873 2510 4910 808.

2189 4952 2349 5002 Vens.
2384 4947 2474 5002 28.
2516 4946 2716 5001 Notum
2764 4947 2923 5019 igitur
2954 4948 3027 5001 sit
3063 4948 3223 5012 vobis,
3272 4949 3571 5002 nationibus
3593 4961 3686 4998 ex-

2117 5042 2315 5094 traneis
2367 5040 2583 5094 missam
2639 5056 2747 5094 esse
2799 5039 3021 5094 salutem
3068 5041 3345 5095 divinam;
3377 5040 3474 5108 ipsi
3525 5037 3685 5090 etiam

2115 5133 2355 5186 audient.

1597 5409 1800 5470 Variae
1845 5408 2149 5470 ICCIIOIIl'S
2195 5416 2255 5469 et
2301 5416 2491 5469 notua.

469 5527 475 5533 ’
508 5539 555 5570 ’⁸
591 5537 963 5606 ναυτιλὸμενοι
1018 5544 1156 5592 erat.
1259 5537 1304 5606 ’ξ
1335 5536 1421 5587 ισ.
1444 5536 1688 5606 εἴρηται,
1714 5532 1961 5606 εἰρέσοω.

2072 5533 2114 5562 ’⁷
2147 5531 2209 5585 1η
2241 5532 2467 5602 vulgatis
2498 5532 2784 5585 ἀκούσετε.

2888 5529 2933 5561 ’³
2965 5529 3029 5582 In
3062 5545 3165 5582 uno
3210 5527 3422 5600 vulgato
3462 5528 3686 5601 βλέψετε

434 5622 532 5678 est,
556 5609 613 5663 in
642 5602 832 5674 altera,
858 5607 1109 5677 βλέψατε.
1184 5608 1229 5639 ³⁸
1268 5605 1333 5663 1η
1365 5602 1589 5676 vulgatis
1638 5602 2009 5675 ἐπιστρέψωςι

2114 5604 2151 5654 ti.
2185 5604 2425 5672 ἱάσωμαι
2450 5602 2670 5663 αὐτούς.

3832 6084 4025 6139 Δ
