  <div class='ocr_page' id='page_1' title='image "/cluster/home/n/w/nwhite01/storage/ocr_20150623/125/hvd.32044073502429/451.png"; bbox 0 0 4088 6206; ppageno 0'>
   <div class='ocr_carea' id='block_1_1' title="bbox 479 370 3764 481">
    <p class='ocr_par' dir='ltr' id='par_1_1' title="bbox 479 370 3764 481">
     <span class='ocr_line' id='line_1_1' title="bbox 479 370 3764 481; baseline -0.005 -1"><span class='ocrx_word' id='word_1_1' title='bbox 479 412 587 481; x_wconf 63' lang='lat' dir='ltr'><strong>sat</strong></span> <span class='ocrx_word' id='word_1_2' title='bbox 1396 408 1973 471; x_wconf 83' lang='lat' dir='ltr'><strong>THEOPHYLACTI</strong></span> <span class='ocrx_word' id='word_1_3' title='bbox 2007 407 2419 471; x_wconf 78' lang='lat' dir='ltr'><strong>BULGARi/E</strong></span> <span class='ocrx_word' id='word_1_4' title='bbox 2461 407 2816 471; x_wconf 79' lang='lat' dir='ltr'><strong>ARCHIEP.</strong></span> <span class='ocrx_word' id='word_1_5' title='bbox 2986 456 2991 465; x_wconf 91' lang='lat'><strong>.</strong></span> <span class='ocrx_word' id='word_1_6' title='bbox 3268 370 3273 375; x_wconf 54' lang='grc'><strong>”</strong></span> <span class='ocrx_word' id='word_1_7' title='bbox 3651 396 3764 465; x_wconf 76' lang='lat'><strong>852</strong></span> 
     </span>
    </p>
   </div>
   <div class='ocr_carea' id='block_1_2' title="bbox 555 516 2169 608">
    <p class='ocr_par' dir='ltr' id='par_1_2' title="bbox 555 521 2144 601">
     <span class='ocr_line' id='line_1_2' title="bbox 555 521 2144 601; baseline -0.008 -15"><span class='ocrx_word' id='word_1_8' title='bbox 555 530 784 601; x_wconf 80' lang='lat' dir='ltr'><strong>Spiritus</strong></span> <span class='ocrx_word' id='word_1_9' title='bbox 813 525 999 583; x_wconf 75' lang='lat' dir='ltr'><strong>sancti.</strong></span> <span class='ocrx_word' id='word_1_10' title='bbox 1045 524 1122 579; x_wconf 83' lang='lat' dir='ltr'><strong>De</strong></span> <span class='ocrx_word' id='word_1_11' title='bbox 1172 532 1382 593; x_wconf 81' lang='lat' dir='ltr'><strong>aspectu</strong></span> <span class='ocrx_word' id='word_1_12' title='bbox 1428 531 1477 579; x_wconf 85' lang='lat' dir='ltr'><strong>et</strong></span> <span class='ocrx_word' id='word_1_13' title='bbox 1530 522 1684 577; x_wconf 85' lang='lat' dir='ltr'><strong>modo</strong></span> <span class='ocrx_word' id='word_1_14' title='bbox 1746 521 2068 576; x_wconf 59' lang='lat' dir='ltr'><strong>ascensionis</strong></span> <span class='ocrx_word' id='word_1_15' title='bbox 2095 525 2144 583; x_wconf 75' lang='grc' dir='ltr'><strong>Α</strong></span> 
     </span>
    </p>
   </div>
   <div class='ocr_carea' id='block_1_3' title="bbox 2156 516 3770 608">
    <p class='ocr_par' dir='ltr' id='par_1_3' title="bbox 2240 516 3770 608">
     <span class='ocr_line' id='line_1_3' title="bbox 2240 516 3770 608; baseline -0.004 -31"><span class='ocrx_word' id='word_1_16' title='bbox 2240 522 2354 578; x_wconf 74' lang='grc' dir='ltr'>ἐπα</span> <span class='ocrx_word' id='word_1_17' title='bbox 2361 525 2628 593; x_wconf 66' lang='grc' dir='ltr'>γγελιάςτ</span> <span class='ocrx_word' id='word_1_18' title='bbox 2635 520 2672 589; x_wconf 85' lang='grc' dir='ltr'><em>ἦ</em></span> <span class='ocrx_word' id='word_1_19' title='bbox 2677 543 2708 588; x_wconf 88' lang='grc' dir='ltr'><strong>ς</strong></span> <span class='ocrx_word' id='word_1_20' title='bbox 2724 521 2828 577; x_wconf 83' lang='grc' dir='ltr'>τοῦ</span> <span class='ocrx_word' id='word_1_21' title='bbox 2840 518 2970 589; x_wconf 72' lang='grc' dir='ltr'><strong>ἀγὶο</strong></span> <span class='ocrx_word' id='word_1_22' title='bbox 2976 520 3141 586; x_wconf 65' lang='grc' dir='ltr'>υίΠι-ιε</span> <span class='ocrx_word' id='word_1_23' title='bbox 3148 520 3367 587; x_wconf 80' lang='grc' dir='ltr'>ὐματος</span> <span class='ocrx_word' id='word_1_24' title='bbox 3379 516 3770 608; x_wconf 63' lang='grc' dir='ltr'>(ξωρεᾶςβέας</span> 
     </span>
    </p>
   </div>
   <div class='ocr_carea' id='block_1_4' title="bbox 558 609 2172 688">
    <p class='ocr_par' dir='ltr' id='par_1_4' title="bbox 558 616 1969 688">
     <span class='ocr_line' id='line_1_4' title="bbox 558 616 1969 688; baseline -0.005 -12"><span class='ocrx_word' id='word_1_25' title='bbox 558 620 778 685; x_wconf 75' lang='lat' dir='ltr'><strong>Christi,</strong></span> <span class='ocrx_word' id='word_1_26' title='bbox 806 634 869 672; x_wconf 82' lang='lat' dir='ltr'><strong>ac</strong></span> <span class='ocrx_word' id='word_1_27' title='bbox 911 616 976 673; x_wconf 77' lang='lat' dir='ltr'><strong>de</strong></span> <span class='ocrx_word' id='word_1_28' title='bbox 1003 616 1231 688; x_wconf 79' lang='lat' dir='ltr'><strong>glorioso</strong></span> <span class='ocrx_word' id='word_1_29' title='bbox 1253 616 1421 685; x_wconf 79' lang='lat' dir='ltr'><strong>ipsius</strong></span> <span class='ocrx_word' id='word_1_30' title='bbox 1449 616 1676 670; x_wconf 82' lang='lat' dir='ltr'><strong>secundo</strong></span> <span class='ocrx_word' id='word_1_31' title='bbox 1703 617 1969 677; x_wconf 60' lang='lat' dir='ltr'><strong>adventu.</strong></span> 
     </span>
    </p>
   </div>
   <div class='ocr_carea' id='block_1_5' title="bbox 2153 609 3767 688">
    <p class='ocr_par' dir='ltr' id='par_1_5' title="bbox 2234 609 3767 684">
     <span class='ocr_line' id='line_1_5' title="bbox 2234 609 3767 684; baseline -0.002 -16"><span class='ocrx_word' id='word_1_32' title='bbox 2234 631 2299 668; x_wconf 79' lang='grc' dir='ltr'><strong>τε</strong></span> <span class='ocrx_word' id='word_1_33' title='bbox 2329 618 2426 669; x_wconf 80' lang='grc' dir='ltr'><strong>καὶ</strong></span> <span class='ocrx_word' id='word_1_34' title='bbox 2448 617 2667 684; x_wconf 79' lang='grc' dir='ltr'>τρόπου</span> <span class='ocrx_word' id='word_1_35' title='bbox 2681 613 2788 683; x_wconf 75' lang='grc' dir='ltr'>τῆς</span> <span class='ocrx_word' id='word_1_36' title='bbox 2824 611 3185 680; x_wconf 69' lang='grc' dir='ltr'>ἀναλήψεως</span> <span class='ocrx_word' id='word_1_37' title='bbox 3215 610 3321 665; x_wconf 85' lang='grc' dir='ltr'>τοῦ</span> <span class='ocrx_word' id='word_1_38' title='bbox 3347 609 3623 679; x_wconf 80' lang='grc' dir='ltr'><strong>Χριστοῦ.</strong></span> <span class='ocrx_word' id='word_1_39' title='bbox 3650 612 3767 665; x_wconf 74' lang='grc' dir='ltr'><strong>Καὶ</strong></span> 
     </span>
    </p>
   </div>
   <div class='ocr_carea' id='block_1_6' title="bbox 2239 703 3766 777">
    <p class='ocr_par' dir='ltr' id='par_1_6' title="bbox 2239 703 3766 777">
     <span class='ocr_line' id='line_1_6' title="bbox 2239 703 3766 777; baseline -0.005 -16"><span class='ocrx_word' id='word_1_40' title='bbox 2239 706 2683 777; x_wconf 74' lang='grc' dir='ltr'>περίτῆςένδόξ</span> <span class='ocrx_word' id='word_1_41' title='bbox 2688 724 2759 760; x_wconf 87' lang='grc' dir='ltr'><strong>ου</strong></span> <span class='ocrx_word' id='word_1_42' title='bbox 2771 706 2867 758; x_wconf 82' lang='grc' dir='ltr'><strong>καὶ</strong></span> <span class='ocrx_word' id='word_1_43' title='bbox 2880 705 3071 771; x_wconf 64' lang='grc' dir='ltr'>ὃευτέί</span> <span class='ocrx_word' id='word_1_44' title='bbox 3089 721 3162 770; x_wconf 85' lang='grc' dir='ltr'><strong>ας</strong></span> <span class='ocrx_word' id='word_1_45' title='bbox 3173 703 3359 758; x_wconf 83' lang='grc' dir='ltr'><strong>αὐτοῦ</strong></span> <span class='ocrx_word' id='word_1_46' title='bbox 3395 703 3766 772; x_wconf 74' lang='grc' dir='ltr'>παρουσίας·</span> 
     </span>
    </p>
   </div>
   <div class='ocr_carea' id='block_1_7' title="bbox 978 795 2592 855">
    <p class='ocr_par' dir='ltr' id='par_1_7' title="bbox 978 796 1585 855">
     <span class='ocr_line' id='line_1_7' title="bbox 978 796 1585 855; baseline 0.002 -1"><span class='ocrx_word' id='word_1_47' title='bbox 978 796 1247 854; x_wconf 73' lang='grc' dir='ltr'>ιΝιΤιυΜ</span> <span class='ocrx_word' id='word_1_48' title='bbox 1282 796 1585 855; x_wconf 78' lang='lat' dir='ltr'><strong>TEXTUS.</strong></span> 
     </span>
    </p>
   </div>
   <div class='ocr_carea' id='block_1_8' title="bbox 1752 795 3366 855">
    <p class='ocr_par' dir='ltr' id='par_1_8' title="bbox 2605 795 3366 853">
     <span class='ocr_line' id='line_1_8' title="bbox 2605 795 3366 853; baseline -0.004 -2"><span class='ocrx_word' id='word_1_49' title='bbox 2605 798 2791 852; x_wconf 76' lang='grc' dir='ltr'><strong>ΑΡΧΗ</strong></span> <span class='ocrx_word' id='word_1_50' title='bbox 2818 796 2956 853; x_wconf 73' lang='grc' dir='ltr'><strong>ἰ’οΥ</strong></span> <span class='ocrx_word' id='word_1_51' title='bbox 2981 795 3366 850; x_wconf 80' lang='grc' dir='ltr'><strong>ΚΕΙΜΕΝΟΥ.</strong></span> 
     </span>
    </p>
   </div>
   <div class='ocr_carea' id='block_1_9' title="bbox 560 887 2174 962">
    <p class='ocr_par' dir='ltr' id='par_1_9' title="bbox 560 889 2066 962">
     <span class='ocr_line' id='line_1_9' title="bbox 560 889 2066 962; baseline -0.005 -12"><span class='ocrx_word' id='word_1_52' title='bbox 560 894 747 961; x_wconf 73' lang='grc'><strong>1,,1-8.</strong></span> <span class='ocrx_word' id='word_1_53' title='bbox 778 891 1021 948; x_wconf 80' lang='lat' dir='ltr'><strong>Primum</strong></span> <span class='ocrx_word' id='word_1_54' title='bbox 1058 891 1277 962; x_wconf 78' lang='lat' dir='ltr'><strong>quidem</strong></span> <span class='ocrx_word' id='word_1_55' title='bbox 1320 906 1626 946; x_wconf 85' lang='lat' dir='ltr'><strong>sermonem</strong></span> <span class='ocrx_word' id='word_1_56' title='bbox 1656 889 1754 946; x_wconf 82' lang='lat' dir='ltr'><strong>l&#39;cci</strong></span> <span class='ocrx_word' id='word_1_57' title='bbox 1782 890 1850 944; x_wconf 87' lang='lat' dir='ltr'><strong>de</strong></span> <span class='ocrx_word' id='word_1_58' title='bbox 1885 891 2066 943; x_wconf 86' lang='lat' dir='ltr'><strong>omni-</strong></span> 
     </span>
    </p>
   </div>
   <div class='ocr_carea' id='block_1_10' title="bbox 2154 887 3768 962">
    <p class='ocr_par' dir='ltr' id='par_1_10' title="bbox 2241 887 3762 962">
     <span class='ocr_line' id='line_1_10' title="bbox 2241 887 3762 962; baseline -0.003 -18"><span class='ocrx_word' id='word_1_59' title='bbox 2241 892 2347 944; x_wconf 74' lang='grc' dir='ltr'>Τὸν</span> <span class='ocrx_word' id='word_1_60' title='bbox 2387 892 2485 962; x_wconf 80' lang='grc' dir='ltr'><strong>μὲν</strong></span> <span class='ocrx_word' id='word_1_61' title='bbox 2533 891 2750 961; x_wconf 85' lang='grc' dir='ltr'>πρῶτον</span> <span class='ocrx_word' id='word_1_62' title='bbox 2784 890 2941 958; x_wconf 83' lang='grc' dir='ltr'>λόγον</span> <span class='ocrx_word' id='word_1_63' title='bbox 2980 889 3325 959; x_wconf 74' lang='grc' dir='ltr'><strong>ἐποιησάμην</strong></span> <span class='ocrx_word' id='word_1_64' title='bbox 3362 887 3489 959; x_wconf 71' lang='grc' dir='ltr'>περὶ</span> <span class='ocrx_word' id='word_1_65' title='bbox 3519 891 3762 951; x_wconf 81' lang='grc' dir='ltr'>πάντων,</span> 
     </span>
    </p>
   </div>
   <div class='ocr_carea' id='block_1_11' title="bbox 487 975 2101 1056">
    <p class='ocr_par' dir='ltr' id='par_1_11' title="bbox 487 982 2070 1056">
     <span class='ocr_line' id='line_1_11' title="bbox 487 982 2070 1056; baseline -0.008 -10"><span class='ocrx_word' id='word_1_66' title='bbox 487 988 614 1053; x_wconf 82' lang='lat' dir='ltr'><strong>bus,</strong></span> <span class='ocrx_word' id='word_1_67' title='bbox 649 1003 680 1043; x_wconf 90' lang='grc' dir='ltr'><strong>ο</strong></span> <span class='ocrx_word' id='word_1_68' title='bbox 713 985 1032 1056; x_wconf 87' lang='lat' dir='ltr'><strong>Theophile,</strong></span> <span class='ocrx_word' id='word_1_69' title='bbox 1092 1000 1214 1054; x_wconf 74' lang='lat' dir='ltr'><strong>qua:</strong></span> <span class='ocrx_word' id='word_1_70' title='bbox 1268 985 1432 1055; x_wconf 61' lang='lat' dir='ltr'><strong>capit</strong></span> <span class='ocrx_word' id='word_1_71' title='bbox 1484 983 1647 1039; x_wconf 83' lang='lat' dir='ltr'><strong>Jesus</strong></span> <span class='ocrx_word' id='word_1_72' title='bbox 1690 983 1868 1039; x_wconf 81' lang='lat' dir='ltr'><strong>facere</strong></span> <span class='ocrx_word' id='word_1_73' title='bbox 1896 990 1949 1037; x_wconf 87' lang='lat' dir='ltr'><strong>et</strong></span> <span class='ocrx_word' id='word_1_74' title='bbox 1973 982 2070 1036; x_wconf 80' lang='lat' dir='ltr'><strong>tlo-</strong></span> 
     </span>
    </p>
   </div>
   <div class='ocr_carea' id='block_1_12' title="bbox 2149 975 3763 1056">
    <p class='ocr_par' dir='ltr' id='par_1_12' title="bbox 2172 975 3763 1052">
     <span class='ocr_line' id='line_1_12' title="bbox 2172 975 3763 1052; baseline -0.003 -17"><span class='ocrx_word' id='word_1_75' title='bbox 2172 975 2219 1034; x_wconf 82' lang='grc' dir='ltr'><strong>ὦ</strong></span> <span class='ocrx_word' id='word_1_76' title='bbox 2266 982 2523 1051; x_wconf 80' lang='grc' dir='ltr'>Θεόφιλε,</span> <span class='ocrx_word' id='word_1_77' title='bbox 2555 975 2630 1035; x_wconf 82' lang='grc' dir='ltr'>ὧν</span> <span class='ocrx_word' id='word_1_78' title='bbox 2656 981 2861 1052; x_wconf 72' lang='grc' dir='ltr'>ἤρξατο</span> <span class='ocrx_word' id='word_1_79' title='bbox 2903 983 2932 1034; x_wconf 88' lang='grc' dir='ltr'>ὁ</span> <span class='ocrx_word' id='word_1_80' title='bbox 2955 979 3164 1051; x_wconf 80' lang='grc' dir='ltr'>Ἰησοῦς</span> <span class='ocrx_word' id='word_1_81' title='bbox 3195 980 3370 1033; x_wconf 84' lang='grc' dir='ltr'>ποιεῖν</span> <span class='ocrx_word' id='word_1_82' title='bbox 3392 995 3453 1031; x_wconf 88' lang='grc' dir='ltr'><strong>τε</strong></span> <span class='ocrx_word' id='word_1_83' title='bbox 3502 981 3594 1032; x_wconf 68' lang='grc' dir='ltr'><strong>καὶ</strong></span> <span class='ocrx_word' id='word_1_84' title='bbox 3613 979 3763 1032; x_wconf 84' lang='grc' dir='ltr'><strong>διδά-</strong></span> 
     </span>
    </p>
   </div>
   <div class='ocr_carea' id='block_1_13' title="bbox 491 1070 2105 1150">
    <p class='ocr_par' dir='ltr' id='par_1_13' title="bbox 491 1076 2070 1150">
     <span class='ocr_line' id='line_1_13' title="bbox 491 1076 2070 1150; baseline -0.006 -15"><span class='ocrx_word' id='word_1_85' title='bbox 491 1097 642 1146; x_wconf 82' lang='lat' dir='ltr'><strong>cere,</strong></span> <span class='ocrx_word' id='word_1_86' title='bbox 686 1094 862 1150; x_wconf 91' lang='lat' dir='ltr'><strong>usque</strong></span> <span class='ocrx_word' id='word_1_87' title='bbox 890 1079 944 1133; x_wconf 90' lang='lat' dir='ltr'><strong>in</strong></span> <span class='ocrx_word' id='word_1_88' title='bbox 985 1077 1129 1132; x_wconf 90' lang='lat' dir='ltr'><strong>diem</strong></span> <span class='ocrx_word' id='word_1_89' title='bbox 1176 1092 1280 1148; x_wconf 89' lang='lat' dir='ltr'><strong>qua</strong></span> <span class='ocrx_word' id='word_1_90' title='bbox 1318 1076 1643 1148; x_wconf 64' lang='lat' dir='ltr'><strong>praecipiens</strong></span> <span class='ocrx_word' id='word_1_91' title='bbox 1679 1076 1943 1146; x_wconf 75' lang='lat' dir='ltr'><strong>apostolis</strong></span> <span class='ocrx_word' id='word_1_92' title='bbox 1976 1091 2070 1146; x_wconf 79' lang='lat' dir='ltr'><strong>per</strong></span> 
     </span>
    </p>
   </div>
   <div class='ocr_carea' id='block_1_14' title="bbox 2146 1070 3760 1150">
    <p class='ocr_par' dir='ltr' id='par_1_14' title="bbox 2178 1070 3760 1149">
     <span class='ocr_line' id='line_1_14' title="bbox 2178 1070 3760 1149; baseline -0.004 -20"><span class='ocrx_word' id='word_1_93' title='bbox 2178 1094 2352 1141; x_wconf 76' lang='grc' dir='ltr'>σχειν,</span> <span class='ocrx_word' id='word_1_94' title='bbox 2385 1077 2514 1149; x_wconf 87' lang='grc' dir='ltr'>ἄχρι</span> <span class='ocrx_word' id='word_1_95' title='bbox 2547 1071 2614 1147; x_wconf 76' lang='grc' dir='ltr'>ἧς</span> <span class='ocrx_word' id='word_1_96' title='bbox 2636 1076 2853 1145; x_wconf 67' lang='grc' dir='ltr'>ἡμέρας</span> <span class='ocrx_word' id='word_1_97' title='bbox 2887 1073 3266 1141; x_wconf 76' lang='grc' dir='ltr'>ἐντειλάμενος</span> <span class='ocrx_word' id='word_1_98' title='bbox 3297 1074 3409 1134; x_wconf 83' lang='grc' dir='ltr'>τοῖς</span> <span class='ocrx_word' id='word_1_99' title='bbox 3439 1070 3760 1134; x_wconf 73' lang='grc' dir='ltr'><strong>ἀποστόλοις</strong></span> 
     </span>
    </p>
   </div>
   <div class='ocr_carea' id='block_1_15' title="bbox 493 1160 2107 1245">
    <p class='ocr_par' dir='ltr' id='par_1_15' title="bbox 493 1170 2067 1245">
     <span class='ocr_line' id='line_1_15' title="bbox 493 1170 2067 1245; baseline -0.004 -16"><span class='ocrx_word' id='word_1_100' title='bbox 493 1174 758 1245; x_wconf 76' lang='lat' dir='ltr'><strong>Spiritum</strong></span> <span class='ocrx_word' id='word_1_101' title='bbox 794 1179 1073 1237; x_wconf 89' lang='lat' dir='ltr'><strong>sanctum,</strong></span> <span class='ocrx_word' id='word_1_102' title='bbox 1107 1186 1248 1241; x_wconf 88' lang='lat' dir='ltr'><strong>quos</strong></span> <span class='ocrx_word' id='word_1_103' title='bbox 1290 1170 1478 1240; x_wconf 81' lang='lat' dir='ltr'><strong>elegit,</strong></span> <span class='ocrx_word' id='word_1_104' title='bbox 1501 1237 1507 1245; x_wconf 84' lang='lat'><em>_</em></span> <span class='ocrx_word' id='word_1_105' title='bbox 1532 1177 1854 1238; x_wconf 84' lang='lat' dir='ltr'><strong>assumptus</strong></span> <span class='ocrx_word' id='word_1_106' title='bbox 1891 1180 1998 1239; x_wconf 31' lang='grc' dir='ltr'>,ρει</span> <span class='ocrx_word' id='word_1_107' title='bbox 2055 1187 2067 1222; x_wconf 93' lang='lat'>:</span> 
     </span>
    </p>
   </div>
   <div class='ocr_carea' id='block_1_16' title="bbox 2144 1160 3758 1245">
    <p class='ocr_par' dir='ltr' id='par_1_16' title="bbox 2174 1160 3758 1238">
     <span class='ocr_line' id='line_1_16' title="bbox 2174 1160 3758 1238; baseline -0.004 -17"><span class='ocrx_word' id='word_1_108' title='bbox 2174 1169 2264 1221; x_wconf 74' lang='grc' dir='ltr'>διὰ</span> <span class='ocrx_word' id='word_1_109' title='bbox 2311 1170 2627 1238; x_wconf 76' lang='grc' dir='ltr'>Ιῐνεύματος</span> <span class='ocrx_word' id='word_1_110' title='bbox 2689 1168 2869 1234; x_wconf 83' lang='grc' dir='ltr'>ἁγίου,</span> <span class='ocrx_word' id='word_1_111' title='bbox 2919 1163 3014 1229; x_wconf 81' lang='grc' dir='ltr'><strong>οὓς</strong></span> <span class='ocrx_word' id='word_1_112' title='bbox 3065 1164 3369 1229; x_wconf 74' lang='grc' dir='ltr'>ἐξελέξατο,</span> <span class='ocrx_word' id='word_1_113' title='bbox 3440 1160 3758 1233; x_wconf 75' lang='grc' dir='ltr'><strong>ἀνελήφθη·</strong></span> 
     </span>
    </p>
   </div>
   <div class='ocr_carea' id='block_1_17' title="bbox 491 1255 2105 1337">
    <p class='ocr_par' dir='ltr' id='par_1_17' title="bbox 491 1262 2065 1337">
     <span class='ocr_line' id='line_1_17' title="bbox 491 1262 2065 1337; baseline -0.005 -16"><span class='ocrx_word' id='word_1_114' title='bbox 491 1268 697 1337; x_wconf 82' lang='lat' dir='ltr'><strong>quibus</strong></span> <span class='ocrx_word' id='word_1_115' title='bbox 733 1273 787 1319; x_wconf 84' lang='lat' dir='ltr'><strong>et</strong></span> <span class='ocrx_word' id='word_1_116' title='bbox 822 1264 1056 1335; x_wconf 63' lang='lat' dir='ltr'><strong>praebuit</strong></span> <span class='ocrx_word' id='word_1_117' title='bbox 1093 1263 1336 1333; x_wconf 89' lang='lat' dir='ltr'><strong>seipsum</strong></span> <span class='ocrx_word' id='word_1_118' title='bbox 1368 1262 1552 1315; x_wconf 90' lang='lat' dir='ltr'><strong>vivum</strong></span> <span class='ocrx_word' id='word_1_119' title='bbox 1601 1270 1723 1330; x_wconf 82' lang='lat' dir='ltr'><strong>post</strong></span> <span class='ocrx_word' id='word_1_120' title='bbox 1755 1262 2065 1331; x_wconf 83' lang='lat' dir='ltr'><strong>passionem</strong></span> 
     </span>
    </p>
   </div>
   <div class='ocr_carea' id='block_1_18' title="bbox 2148 1255 3762 1337">
    <p class='ocr_par' dir='ltr' id='par_1_18' title="bbox 2176 1255 3762 1335">
     <span class='ocr_line' id='line_1_18' title="bbox 2176 1255 3762 1335; baseline -0.008 -18"><span class='ocrx_word' id='word_1_121' title='bbox 2176 1259 2260 1328; x_wconf 76' lang='grc' dir='ltr'>οἶς</span> <span class='ocrx_word' id='word_1_122' title='bbox 2289 1266 2385 1317; x_wconf 80' lang='grc' dir='ltr'>καὶ</span> <span class='ocrx_word' id='word_1_123' title='bbox 2421 1266 2770 1335; x_wconf 71' lang='grc' dir='ltr'><strong>παρέστησεν</strong></span> <span class='ocrx_word' id='word_1_124' title='bbox 2801 1258 2993 1314; x_wconf 82' lang='grc' dir='ltr'>ἑαυτὸν</span> <span class='ocrx_word' id='word_1_125' title='bbox 3024 1255 3207 1321; x_wconf 82' lang='grc' dir='ltr'>ζῶντα</span> <span class='ocrx_word' id='word_1_126' title='bbox 3260 1256 3399 1326; x_wconf 86' lang='grc' dir='ltr'><strong>μετά</strong></span> <span class='ocrx_word' id='word_1_127' title='bbox 3444 1255 3506 1308; x_wconf 87' lang='grc' dir='ltr'>τδ</span> <span class='ocrx_word' id='word_1_128' title='bbox 3569 1255 3762 1308; x_wconf 77' lang='grc' dir='ltr'><strong>παθεῖν</strong></span> 
     </span>
    </p>
   </div>
   <div class='ocr_carea' id='block_1_19' title="bbox 494 1347 2108 1423">
    <p class='ocr_par' dir='ltr' id='par_1_19' title="bbox 494 1349 2074 1423">
     <span class='ocr_line' id='line_1_19' title="bbox 494 1349 2074 1423; baseline -0.006 -13"><span class='ocrx_word' id='word_1_129' title='bbox 494 1372 652 1410; x_wconf 90' lang='lat' dir='ltr'><strong>suam</strong></span> <span class='ocrx_word' id='word_1_130' title='bbox 697 1354 750 1408; x_wconf 93' lang='lat' dir='ltr'><strong>in</strong></span> <span class='ocrx_word' id='word_1_131' title='bbox 779 1353 970 1407; x_wconf 87' lang='lat' dir='ltr'><strong>multis</strong></span> <span class='ocrx_word' id='word_1_132' title='bbox 1003 1351 1370 1423; x_wconf 79' lang='lat' dir='ltr'><strong>argumentis,</strong></span> <span class='ocrx_word' id='word_1_133' title='bbox 1401 1365 1497 1420; x_wconf 87' lang='lat' dir='ltr'><strong>per</strong></span> <span class='ocrx_word' id='word_1_134' title='bbox 1543 1350 1663 1404; x_wconf 88' lang='lat' dir='ltr'><strong>dies</strong></span> <span class='ocrx_word' id='word_1_135' title='bbox 1708 1349 2074 1419; x_wconf 73' lang='lat' dir='ltr'><strong>quadraginta</strong></span> 
     </span>
    </p>
   </div>
   <div class='ocr_carea' id='block_1_20' title="bbox 2149 1347 3763 1423">
    <p class='ocr_par' dir='ltr' id='par_1_20' title="bbox 2179 1347 3763 1422">
     <span class='ocr_line' id='line_1_20' title="bbox 2179 1347 3763 1422; baseline -0.006 -13"><span class='ocrx_word' id='word_1_136' title='bbox 2179 1356 2343 1409; x_wconf 67' lang='grc' dir='ltr'>αὐτὸν</span> <span class='ocrx_word' id='word_1_137' title='bbox 2377 1357 2434 1408; x_wconf 88' lang='grc' dir='ltr'><strong>ἐν</strong></span> <span class='ocrx_word' id='word_1_138' title='bbox 2468 1355 2685 1417; x_wconf 78' lang='grc' dir='ltr'><strong>πολλοῖς</strong></span> <span class='ocrx_word' id='word_1_139' title='bbox 2743 1350 3092 1422; x_wconf 72' lang='grc' dir='ltr'><strong>τεκμηρίοις,</strong></span> <span class='ocrx_word' id='word_1_140' title='bbox 3122 1349 3190 1402; x_wconf 79' lang='grc' dir='ltr'><strong>δι’</strong></span> <span class='ocrx_word' id='word_1_141' title='bbox 3221 1347 3444 1419; x_wconf 79' lang='grc' dir='ltr'>ἡμερῶν</span> <span class='ocrx_word' id='word_1_142' title='bbox 3493 1347 3763 1417; x_wconf 83' lang='grc' dir='ltr'>τεσσαρὰ-</span> 
     </span>
    </p>
   </div>
   <div class='ocr_carea' id='block_1_21' title="bbox 496 1439 2110 1519">
    <p class='ocr_par' dir='ltr' id='par_1_21' title="bbox 496 1441 2076 1519">
     <span class='ocr_line' id='line_1_21' title="bbox 496 1441 2076 1519; baseline -0.005 -16"><span class='ocrx_word' id='word_1_143' title='bbox 496 1462 767 1519; x_wconf 88' lang='lat' dir='ltr'><strong>apparens</strong></span> <span class='ocrx_word' id='word_1_144' title='bbox 810 1446 912 1509; x_wconf 90' lang='lat' dir='ltr'><strong>eis,</strong></span> <span class='ocrx_word' id='word_1_145' title='bbox 939 1455 994 1501; x_wconf 91' lang='lat' dir='ltr'><strong>et</strong></span> <span class='ocrx_word' id='word_1_146' title='bbox 1031 1446 1264 1514; x_wconf 85' lang='lat' dir='ltr'><strong>loquens</strong></span> <span class='ocrx_word' id='word_1_147' title='bbox 1303 1444 1370 1498; x_wconf 87' lang='lat' dir='ltr'><strong>de</strong></span> <span class='ocrx_word' id='word_1_148' title='bbox 1403 1458 1574 1514; x_wconf 76' lang='lat' dir='ltr'><strong>regno</strong></span> <span class='ocrx_word' id='word_1_149' title='bbox 1618 1442 1734 1497; x_wconf 86' lang='lat' dir='ltr'><strong>Dei.</strong></span> <span class='ocrx_word' id='word_1_150' title='bbox 1770 1441 1836 1495; x_wconf 78' lang='lat' dir='ltr'><strong>Et</strong></span> <span class='ocrx_word' id='word_1_151' title='bbox 1871 1456 2076 1495; x_wconf 87' lang='lat' dir='ltr'><strong>conve-</strong></span> 
     </span>
    </p>
   </div>
   <div class='ocr_carea' id='block_1_22' title="bbox 2147 1439 3761 1519">
    <p class='ocr_par' dir='ltr' id='par_1_22' title="bbox 2179 1439 3761 1517">
     <span class='ocr_line' id='line_1_22' title="bbox 2179 1439 3761 1517; baseline -0.007 -15"><span class='ocrx_word' id='word_1_152' title='bbox 2179 1465 2346 1503; x_wconf 80' lang='grc' dir='ltr'>κοντα</span> <span class='ocrx_word' id='word_1_153' title='bbox 2375 1447 2749 1517; x_wconf 79' lang='grc' dir='ltr'><strong>ὀπτανόμενος</strong></span> <span class='ocrx_word' id='word_1_154' title='bbox 2775 1446 2983 1511; x_wconf 78' lang='grc' dir='ltr'>αὐτοῖς,</span> <span class='ocrx_word' id='word_1_155' title='bbox 3010 1444 3106 1499; x_wconf 73' lang='grc' dir='ltr'>καὶ</span> <span class='ocrx_word' id='word_1_156' title='bbox 3157 1441 3332 1511; x_wconf 82' lang='grc' dir='ltr'>λέγων</span> <span class='ocrx_word' id='word_1_157' title='bbox 3369 1441 3440 1494; x_wconf 73' lang='grc' dir='ltr'><strong>τὰ</strong></span> <span class='ocrx_word' id='word_1_158' title='bbox 3491 1440 3622 1510; x_wconf 82' lang='grc' dir='ltr'>περὶ</span> <span class='ocrx_word' id='word_1_159' title='bbox 3659 1439 3761 1509; x_wconf 85' lang='grc' dir='ltr'>τῆς</span> 
     </span>
    </p>
   </div>
   <div class='ocr_carea' id='block_1_23' title="bbox 495 1534 2109 1616">
    <p class='ocr_par' dir='ltr' id='par_1_23' title="bbox 495 1535 2077 1610">
     <span class='ocr_line' id='line_1_23' title="bbox 495 1535 2077 1610; baseline -0.006 -15"><span class='ocrx_word' id='word_1_160' title='bbox 495 1557 682 1605; x_wconf 85' lang='lat' dir='ltr'><strong>seeos,</strong></span> <span class='ocrx_word' id='word_1_161' title='bbox 712 1542 969 1610; x_wconf 82' lang='lat' dir='ltr'><strong>praecepit</strong></span> <span class='ocrx_word' id='word_1_162' title='bbox 1002 1539 1082 1595; x_wconf 88' lang='lat' dir='ltr'><strong>eis</strong></span> <span class='ocrx_word' id='word_1_163' title='bbox 1108 1538 1178 1594; x_wconf 90' lang='lat' dir='ltr'><strong>ab</strong></span> <span class='ocrx_word' id='word_1_164' title='bbox 1205 1536 1564 1608; x_wconf 87' lang='lat' dir='ltr'><strong>Jerosolymis</strong></span> <span class='ocrx_word' id='word_1_165' title='bbox 1601 1550 1672 1591; x_wconf 91' lang='lat' dir='ltr'><strong>ne</strong></span> <span class='ocrx_word' id='word_1_166' title='bbox 1707 1535 2077 1599; x_wconf 74' lang='lat' dir='ltr'><strong>discederent,</strong></span> 
     </span>
    </p>
   </div>
   <div class='ocr_carea' id='block_1_24' title="bbox 2149 1534 3763 1616">
    <p class='ocr_par' dir='ltr' id='par_1_24' title="bbox 2183 1534 3763 1616">
     <span class='ocr_line' id='line_1_24' title="bbox 2183 1534 3763 1616; baseline -0.007 -20"><span class='ocrx_word' id='word_1_167' title='bbox 2183 1541 2463 1616; x_wconf 85' lang='grc' dir='ltr'>βασιλείας</span> <span class='ocrx_word' id='word_1_168' title='bbox 2492 1541 2589 1594; x_wconf 76' lang='grc' dir='ltr'><strong>τοῦ</strong></span> <span class='ocrx_word' id='word_1_169' title='bbox 2611 1538 2771 1594; x_wconf 81' lang='grc' dir='ltr'>Θεοῦ.</span> <span class='ocrx_word' id='word_1_170' title='bbox 2809 1540 2918 1593; x_wconf 80' lang='grc' dir='ltr'><strong>Καὶ</strong></span> <span class='ocrx_word' id='word_1_171' title='bbox 2970 1535 3428 1606; x_wconf 78' lang='grc' dir='ltr'>συναυλιζόμενος</span> <span class='ocrx_word' id='word_1_172' title='bbox 3455 1534 3763 1605; x_wconf 79' lang='grc' dir='ltr'>παρήγγει-</span> 
     </span>
    </p>
   </div>
   <div class='ocr_carea' id='block_1_25' title="bbox 500 1623 2114 1703">
    <p class='ocr_par' dir='ltr' id='par_1_25' title="bbox 500 1628 2082 1703">
     <span class='ocr_line' id='line_1_25' title="bbox 500 1628 2082 1703; baseline -0.006 -14"><span class='ocrx_word' id='word_1_173' title='bbox 500 1634 595 1689; x_wconf 81' lang='lat' dir='ltr'><strong>sed</strong></span> <span class='ocrx_word' id='word_1_174' title='bbox 625 1642 1012 1703; x_wconf 80' lang='lat' dir='ltr'><strong>exspectarent</strong></span> <span class='ocrx_word' id='word_1_175' title='bbox 1043 1631 1471 1703; x_wconf 88' lang='lat' dir='ltr'><strong>promissionem</strong></span> <span class='ocrx_word' id='word_1_176' title='bbox 1529 1628 1736 1696; x_wconf 80' lang='lat' dir='ltr'><strong>Patris,</strong></span> <span class='ocrx_word' id='word_1_177' title='bbox 1787 1643 1951 1698; x_wconf 79' lang='lat' dir='ltr'><strong>quam</strong></span> <span class='ocrx_word' id='word_1_178' title='bbox 1983 1643 2082 1680; x_wconf 53' lang='lat' dir='ltr'><strong>an-</strong></span> 
     </span>
    </p>
   </div>
   <div class='ocr_carea' id='block_1_26' title="bbox 2150 1623 3764 1703">
    <p class='ocr_par' dir='ltr' id='par_1_26' title="bbox 2181 1623 3764 1701">
     <span class='ocr_line' id='line_1_26' title="bbox 2181 1623 3764 1701; baseline -0.009 -12"><span class='ocrx_word' id='word_1_179' title='bbox 2181 1636 2271 1689; x_wconf 87' lang='grc' dir='ltr'><strong>λεν</strong></span> <span class='ocrx_word' id='word_1_180' title='bbox 2301 1634 2487 1695; x_wconf 76' lang='grc' dir='ltr'>αὐτοῖς</span> <span class='ocrx_word' id='word_1_181' title='bbox 2518 1634 2628 1686; x_wconf 77' lang='grc' dir='ltr'><strong>ἀπὸ</strong></span> <span class='ocrx_word' id='word_1_182' title='bbox 2657 1629 3051 1701; x_wconf 83' lang='grc' dir='ltr'>Ἱεροσολύμων</span> <span class='ocrx_word' id='word_1_183' title='bbox 3087 1627 3162 1699; x_wconf 79' lang='grc' dir='ltr'>μὴ</span> <span class='ocrx_word' id='word_1_184' title='bbox 3220 1625 3575 1698; x_wconf 76' lang='grc' dir='ltr'>χωρίζεσθαι.</span> <span class='ocrx_word' id='word_1_185' title='bbox 3625 1623 3764 1679; x_wconf 70' lang='grc' dir='ltr'><strong>ἀλλά</strong></span> 
     </span>
    </p>
   </div>
   <div class='ocr_carea' id='block_1_27' title="bbox 499 1714 2113 1802">
    <p class='ocr_par' dir='ltr' id='par_1_27' title="bbox 499 1720 2080 1793">
     <span class='ocr_line' id='line_1_27' title="bbox 499 1720 2080 1793; baseline -0.003 -15"><span class='ocrx_word' id='word_1_186' title='bbox 499 1725 682 1788; x_wconf 84' lang='lat' dir='ltr'><strong>distis,</strong></span> <span class='ocrx_word' id='word_1_187' title='bbox 723 1725 923 1793; x_wconf 87' lang='lat' dir='ltr'><strong>inquit,</strong></span> <span class='ocrx_word' id='word_1_188' title='bbox 967 1738 1062 1792; x_wconf 86' lang='lat' dir='ltr'><strong>per</strong></span> <span class='ocrx_word' id='word_1_189' title='bbox 1096 1738 1160 1778; x_wconf 88' lang='lat' dir='ltr'><strong>os</strong></span> <span class='ocrx_word' id='word_1_190' title='bbox 1212 1737 1439 1778; x_wconf 89' lang='lat' dir='ltr'><strong>meum:</strong></span> <span class='ocrx_word' id='word_1_191' title='bbox 1477 1722 1605 1793; x_wconf 89' lang='lat' dir='ltr'><strong>quia</strong></span> <span class='ocrx_word' id='word_1_192' title='bbox 1660 1720 1902 1776; x_wconf 83' lang='lat' dir='ltr'><strong>Joannes</strong></span> <span class='ocrx_word' id='word_1_193' title='bbox 1955 1720 2080 1790; x_wconf 90' lang='lat' dir='ltr'><strong>qui-</strong></span> 
     </span>
    </p>
   </div>
   <div class='ocr_carea' id='block_1_28' title="bbox 2150 1714 3764 1802">
    <p class='ocr_par' dir='ltr' id='par_1_28' title="bbox 2185 1714 3764 1802">
     <span class='ocr_line' id='line_1_28' title="bbox 2185 1714 3764 1802; baseline -0.011 -19"><span class='ocrx_word' id='word_1_194' title='bbox 2185 1727 2502 1802; x_wconf 84' lang='grc' dir='ltr'>περιμένειν</span> <span class='ocrx_word' id='word_1_195' title='bbox 2529 1725 2629 1797; x_wconf 78' lang='grc' dir='ltr'><strong>τὴν</strong></span> <span class='ocrx_word' id='word_1_196' title='bbox 2662 1722 3000 1791; x_wconf 77' lang='grc' dir='ltr'><strong>ἐπαγγελίαν</strong></span> <span class='ocrx_word' id='word_1_197' title='bbox 3032 1720 3127 1774; x_wconf 79' lang='grc' dir='ltr'>τοῦ</span> <span class='ocrx_word' id='word_1_198' title='bbox 3187 1718 3419 1788; x_wconf 64' lang='grc' dir='ltr'>Πατρός.</span> <span class='ocrx_word' id='word_1_199' title='bbox 3476 1717 3542 1779; x_wconf 83' lang='grc' dir='ltr'>ἣν</span> <span class='ocrx_word' id='word_1_200' title='bbox 3595 1714 3764 1785; x_wconf 71' lang='grc' dir='ltr'>ἡκού-</span> 
     </span>
    </p>
   </div>
   <div class='ocr_carea' id='block_1_29' title="bbox 500 1809 2114 1889">
    <p class='ocr_par' dir='ltr' id='par_1_29' title="bbox 500 1812 2114 1886">
     <span class='ocr_line' id='line_1_29' title="bbox 500 1812 2114 1886; baseline -0.002 -18"><span class='ocrx_word' id='word_1_201' title='bbox 500 1818 621 1871; x_wconf 81' lang='lat' dir='ltr'><strong>dent</strong></span> <span class='ocrx_word' id='word_1_202' title='bbox 675 1816 973 1886; x_wconf 81' lang='lat' dir='ltr'><strong>baptizavit</strong></span> <span class='ocrx_word' id='word_1_203' title='bbox 1021 1829 1185 1884; x_wconf 86' lang='lat' dir='ltr'><strong>aqua,</strong></span> <span class='ocrx_word' id='word_1_204' title='bbox 1250 1830 1348 1886; x_wconf 82' lang='lat' dir='ltr'><strong>vos</strong></span> <span class='ocrx_word' id='word_1_205' title='bbox 1414 1823 1596 1869; x_wconf 89' lang='lat' dir='ltr'><strong>autem</strong></span> <span class='ocrx_word' id='word_1_206' title='bbox 1664 1812 2114 1883; x_wconf 29' lang='lat' dir='ltr'><strong>baptizabimini‘</strong></span> 
     </span>
    </p>
   </div>
   <div class='ocr_carea' id='block_1_30' title="bbox 2149 1809 3763 1889">
    <p class='ocr_par' dir='ltr' id='par_1_30' title="bbox 2149 1809 3763 1889">
     <span class='ocr_line' id='line_1_30' title="bbox 2149 1809 3763 1889; baseline -0.011 -12"><span class='ocrx_word' id='word_1_207' title='bbox 2149 1876 2159 1889; x_wconf 76' lang='lat'><em>_</em></span> <span class='ocrx_word' id='word_1_208' title='bbox 2189 1822 2320 1876; x_wconf 84' lang='grc' dir='ltr'><strong>σατὲ</strong></span> <span class='ocrx_word' id='word_1_209' title='bbox 2357 1838 2480 1889; x_wconf 84' lang='grc' dir='ltr'>μου,</span> <span class='ocrx_word' id='word_1_210' title='bbox 2511 1819 2593 1873; x_wconf 79' lang='grc' dir='ltr'>ὅτι</span> <span class='ocrx_word' id='word_1_211' title='bbox 2629 1815 2884 1884; x_wconf 75' lang='grc' dir='ltr'>Ἰωάννης</span> <span class='ocrx_word' id='word_1_212' title='bbox 2917 1814 3016 1884; x_wconf 78' lang='grc' dir='ltr'>μὲν</span> <span class='ocrx_word' id='word_1_213' title='bbox 3045 1812 3341 1866; x_wconf 66' lang='grc' dir='ltr'>ἐϐάπτισεν</span> <span class='ocrx_word' id='word_1_214' title='bbox 3377 1809 3555 1872; x_wconf 71' lang='grc' dir='ltr'>ὕδατι,</span> <span class='ocrx_word' id='word_1_215' title='bbox 3604 1809 3763 1877; x_wconf 80' lang='grc' dir='ltr'>ὑμεῖς</span> 
     </span>
    </p>
   </div>
   <div class='ocr_carea' id='block_1_31' title="bbox 503 1872 2117 1984">
    <p class='ocr_par' dir='ltr' id='par_1_31' title="bbox 503 1881 2117 1979">
     <span class='ocr_line' id='line_1_31' title="bbox 503 1881 2117 1979; baseline -0.003 -17"><span class='ocrx_word' id='word_1_216' title='bbox 503 1908 712 1979; x_wconf 83' lang='lat' dir='ltr'><strong>Spiritu</strong></span> <span class='ocrx_word' id='word_1_217' title='bbox 741 1918 936 1964; x_wconf 87' lang='lat' dir='ltr'><strong>sancto</strong></span> <span class='ocrx_word' id='word_1_218' title='bbox 992 1921 1097 1961; x_wconf 89' lang='lat' dir='ltr'><strong>non</strong></span> <span class='ocrx_word' id='word_1_219' title='bbox 1134 1913 1258 1976; x_wconf 90' lang='lat' dir='ltr'><strong>post</strong></span> <span class='ocrx_word' id='word_1_220' title='bbox 1286 1881 1495 1962; x_wconf 87' lang='lat' dir='ltr'><strong>multos</strong></span> <span class='ocrx_word' id='word_1_221' title='bbox 1546 1905 1648 1961; x_wconf 91' lang='lat' dir='ltr'><strong>hos</strong></span> <span class='ocrx_word' id='word_1_222' title='bbox 1678 1906 1817 1960; x_wconf 79' lang='lat' dir='ltr'><strong>dies.</strong></span> <span class='ocrx_word' id='word_1_223' title='bbox 1855 1906 1935 1959; x_wconf 89' lang='lat' dir='ltr'><strong>Illi</strong></span> <span class='ocrx_word' id='word_1_224' title='bbox 1977 1904 2081 1975; x_wconf 60' lang='grc' dir='ltr'><strong>ἰαὶ-ο</strong></span> <span class='ocrx_word' id='word_1_225' title='bbox 2111 1925 2117 1934; x_wconf 93' lang='grc'>·</span> 
     </span>
    </p>
   </div>
   <div class='ocr_carea' id='block_1_32' title="bbox 2152 1872 3766 1984">
    <p class='ocr_par' dir='ltr' id='par_1_32' title="bbox 2152 1872 3766 1984">
     <span class='ocr_line' id='line_1_32' title="bbox 2152 1872 3766 1984; baseline -0.012 -15"><span class='ocrx_word' id='word_1_226' title='bbox 2152 1877 2160 1928; x_wconf 46' lang='grc' dir='ltr'><strong>ἶ</strong></span> <span class='ocrx_word' id='word_1_227' title='bbox 2187 1872 2711 1984; x_wconf 45' lang='grc' dir='ltr'>βαπτισθήσεσθε</span> <span class='ocrx_word' id='word_1_228' title='bbox 2749 1908 2806 1962; x_wconf 88' lang='grc' dir='ltr'><strong>ἐν</strong></span> <span class='ocrx_word' id='word_1_229' title='bbox 2839 1872 3117 1975; x_wconf 53' lang='lat' dir='ltr'><strong>ivstitiam</strong></span> <span class='ocrx_word' id='word_1_230' title='bbox 3138 1902 3540 1973; x_wconf 69' lang='grc' dir='ltr'>ἀγίῳ,οὖ-μετά</span> <span class='ocrx_word' id='word_1_231' title='bbox 3566 1872 3766 1961; x_wconf 76' lang='grc' dir='ltr'>πολλὰς</span> 
     </span>
    </p>
   </div>
   <div class='ocr_carea' id='block_1_33' title="bbox 500 1990 2114 2075">
    <p class='ocr_par' dir='ltr' id='par_1_33' title="bbox 500 1999 2079 2072">
     <span class='ocr_line' id='line_1_33' title="bbox 500 1999 2079 2072; baseline -0.003 -17"><span class='ocrx_word' id='word_1_232' title='bbox 500 2008 612 2064; x_wconf 86' lang='lat' dir='ltr'><strong>tur,</strong></span> <span class='ocrx_word' id='word_1_233' title='bbox 661 2008 721 2056; x_wconf 85' lang='lat' dir='ltr'><strong>ut</strong></span> <span class='ocrx_word' id='word_1_234' title='bbox 782 2001 1173 2056; x_wconf 86' lang='lat' dir='ltr'><strong>convenissent</strong></span> <span class='ocrx_word' id='word_1_235' title='bbox 1255 2001 1331 2072; x_wconf 89' lang='grc' dir='ltr'><strong>(Ι)</strong></span> <span class='ocrx_word' id='word_1_236' title='bbox 1378 2040 1393 2065; x_wconf 93' lang='grc'><strong>,</strong></span> <span class='ocrx_word' id='word_1_237' title='bbox 1453 1999 1863 2070; x_wconf 73' lang='lat' dir='ltr'><strong>interrogabant</strong></span> <span class='ocrx_word' id='word_1_238' title='bbox 1928 2012 2079 2063; x_wconf 89' lang='lat' dir='ltr'><strong>eum,</strong></span> 
     </span>
    </p>
   </div>
   <div class='ocr_carea' id='block_1_34' title="bbox 2153 1990 3767 2075">
    <p class='ocr_par' dir='ltr' id='par_1_34' title="bbox 2188 1990 3767 2075">
     <span class='ocr_line' id='line_1_34' title="bbox 2188 1990 3767 2075; baseline -0.01 -15"><span class='ocrx_word' id='word_1_239' title='bbox 2188 2005 2396 2068; x_wconf 85' lang='grc' dir='ltr'>ταύτας</span> <span class='ocrx_word' id='word_1_240' title='bbox 2424 2005 2659 2075; x_wconf 79' lang='grc' dir='ltr'>ἡμέρας.</span> <span class='ocrx_word' id='word_1_241' title='bbox 2694 2003 2755 2055; x_wconf 88' lang='grc' dir='ltr'><strong>Οἱ</strong></span> <span class='ocrx_word' id='word_1_242' title='bbox 2808 1999 2909 2070; x_wconf 74' lang='grc' dir='ltr'>μὲν</span> <span class='ocrx_word' id='word_1_243' title='bbox 2938 1994 3031 2053; x_wconf 85' lang='grc' dir='ltr'><strong>οὖν</strong></span> <span class='ocrx_word' id='word_1_244' title='bbox 3062 1995 3407 2058; x_wconf 76' lang='grc' dir='ltr'>συνελθόντες</span> <span class='ocrx_word' id='word_1_245' title='bbox 3468 1990 3767 2063; x_wconf 77' lang='grc' dir='ltr'><strong>ἐπηρώτων</strong></span> 
     </span>
    </p>
   </div>
   <div class='ocr_carea' id='block_1_35' title="bbox 502 2086 2116 2167">
    <p class='ocr_par' dir='ltr' id='par_1_35' title="bbox 502 2087 2082 2161">
     <span class='ocr_line' id='line_1_35' title="bbox 502 2087 2082 2161; baseline -0.003 -14"><span class='ocrx_word' id='word_1_246' title='bbox 502 2095 793 2148; x_wconf 80' lang='lat' dir='ltr'><strong>dicentes:</strong></span> <span class='ocrx_word' id='word_1_247' title='bbox 835 2090 1090 2157; x_wconf 77' lang='lat' dir='ltr'><strong>Dmuine,</strong></span> <span class='ocrx_word' id='word_1_248' title='bbox 1141 2091 1188 2145; x_wconf 91' lang='lat' dir='ltr'><strong>si</strong></span> <span class='ocrx_word' id='word_1_249' title='bbox 1238 2091 1293 2145; x_wconf 90' lang='lat' dir='ltr'><strong>in</strong></span> <span class='ocrx_word' id='word_1_250' title='bbox 1347 2100 1594 2161; x_wconf 89' lang='lat' dir='ltr'><strong>tempore</strong></span> <span class='ocrx_word' id='word_1_251' title='bbox 1662 2090 1765 2143; x_wconf 91' lang='lat' dir='ltr'><strong>hoc</strong></span> <span class='ocrx_word' id='word_1_252' title='bbox 1827 2087 2082 2143; x_wconf 78' lang='lat' dir='ltr'><strong>restitues</strong></span> 
     </span>
    </p>
   </div>
   <div class='ocr_carea' id='block_1_36' title="bbox 2151 2086 3765 2167">
    <p class='ocr_par' dir='ltr' id='par_1_36' title="bbox 2186 2086 3765 2167">
     <span class='ocr_line' id='line_1_36' title="bbox 2186 2086 3765 2167; baseline -0.011 -13"><span class='ocrx_word' id='word_1_253' title='bbox 2186 2099 2349 2167; x_wconf 65' lang='lat' dir='ltr'><strong>ai)th</strong></span> <span class='ocrx_word' id='word_1_254' title='bbox 2378 2097 2629 2167; x_wconf 89' lang='grc' dir='ltr'>λέγοντες</span> <span class='ocrx_word' id='word_1_255' title='bbox 2650 2110 2666 2128; x_wconf 77' lang='grc' dir='ltr'><strong><em>ο</em></strong></span> <span class='ocrx_word' id='word_1_256' title='bbox 2705 2092 2898 2163; x_wconf 78' lang='grc' dir='ltr'>Κύριε,</span> <span class='ocrx_word' id='word_1_257' title='bbox 2930 2092 3066 2149; x_wconf 83' lang='grc' dir='ltr'><strong>είέν</strong></span> <span class='ocrx_word' id='word_1_258' title='bbox 3092 2091 3168 2161; x_wconf 80' lang='grc' dir='ltr'>τῷ</span> <span class='ocrx_word' id='word_1_259' title='bbox 3197 2090 3375 2161; x_wconf 77' lang='grc' dir='ltr'>χρόνῳ</span> <span class='ocrx_word' id='word_1_260' title='bbox 3401 2086 3575 2154; x_wconf 82' lang='grc' dir='ltr'>τούτῳ</span> <span class='ocrx_word' id='word_1_261' title='bbox 3624 2089 3765 2140; x_wconf 83' lang='grc' dir='ltr'>ἁπο-</span> 
     </span>
    </p>
   </div>
   <div class='ocr_carea' id='block_1_37' title="bbox 503 2177 2117 2261">
    <p class='ocr_par' dir='ltr' id='par_1_37' title="bbox 503 2181 2081 2257">
     <span class='ocr_line' id='line_1_37' title="bbox 503 2181 2081 2257; baseline -0.005 -17"><span class='ocrx_word' id='word_1_262' title='bbox 503 2200 731 2257; x_wconf 73' lang='lat' dir='ltr'><strong>regnum</strong></span> <span class='ocrx_word' id='word_1_263' title='bbox 765 2182 977 2239; x_wconf 82' lang='lat' dir='ltr'><strong>Israel?</strong></span> <span class='ocrx_word' id='word_1_264' title='bbox 1006 2182 1153 2237; x_wconf 80' lang='lat' dir='ltr'><strong>Dixit</strong></span> <span class='ocrx_word' id='word_1_265' title='bbox 1188 2192 1370 2239; x_wconf 89' lang='lat' dir='ltr'><strong>autem</strong></span> <span class='ocrx_word' id='word_1_266' title='bbox 1399 2182 1481 2238; x_wconf 85' lang='lat' dir='ltr'><strong>eis</strong></span> <span class='ocrx_word' id='word_1_267' title='bbox 1519 2198 1535 2237; x_wconf 93' lang='lat'><strong>:</strong></span> <span class='ocrx_word' id='word_1_268' title='bbox 1574 2181 1692 2236; x_wconf 84' lang='lat' dir='ltr'><strong>Non</strong></span> <span class='ocrx_word' id='word_1_269' title='bbox 1722 2188 1805 2237; x_wconf 78' lang='lat' dir='ltr'><strong>est</strong></span> <span class='ocrx_word' id='word_1_270' title='bbox 1839 2189 2081 2234; x_wconf 82' lang='lat' dir='ltr'><strong>vestrum</strong></span> 
     </span>
    </p>
   </div>
   <div class='ocr_carea' id='block_1_38' title="bbox 2152 2177 3766 2261">
    <p class='ocr_par' dir='ltr' id='par_1_38' title="bbox 2189 2177 3766 2261">
     <span class='ocr_line' id='line_1_38' title="bbox 2189 2177 3766 2261; baseline -0.01 -15"><span class='ocrx_word' id='word_1_271' title='bbox 2189 2189 2539 2253; x_wconf 81' lang='grc' dir='ltr'>καθιστάνεις</span> <span class='ocrx_word' id='word_1_272' title='bbox 2577 2188 2676 2261; x_wconf 79' lang='grc' dir='ltr'>τὴν</span> <span class='ocrx_word' id='word_1_273' title='bbox 2708 2186 2992 2255; x_wconf 85' lang='grc' dir='ltr'>βασιλείαν</span> <span class='ocrx_word' id='word_1_274' title='bbox 3052 2183 3130 2255; x_wconf 82' lang='grc' dir='ltr'>τῷ</span> <span class='ocrx_word' id='word_1_275' title='bbox 3175 2181 3441 2253; x_wconf 73' lang='grc' dir='ltr'>Ἰσραήλς</span> <span class='ocrx_word' id='word_1_276' title='bbox 3510 2177 3650 2235; x_wconf 80' lang='grc' dir='ltr'>Εἷπε</span> <span class='ocrx_word' id='word_1_277' title='bbox 3707 2177 3766 2231; x_wconf 79' lang='grc' dir='ltr'><strong>δέ</strong></span> 
     </span>
    </p>
   </div>
   <div class='ocr_carea' id='block_1_39' title="bbox 503 2268 2117 2355">
    <p class='ocr_par' dir='ltr' id='par_1_39' title="bbox 503 2268 2083 2344">
     <span class='ocr_line' id='line_1_39' title="bbox 503 2268 2083 2344; baseline -0.006 -12"><span class='ocrx_word' id='word_1_278' title='bbox 503 2292 668 2333; x_wconf 88' lang='lat' dir='ltr'><strong>nosse</strong></span> <span class='ocrx_word' id='word_1_279' title='bbox 691 2285 945 2344; x_wconf 89' lang='lat' dir='ltr'><strong>tempora</strong></span> <span class='ocrx_word' id='word_1_280' title='bbox 999 2271 1081 2328; x_wconf 81' lang='lat' dir='ltr'><strong>vel</strong></span> <span class='ocrx_word' id='word_1_281' title='bbox 1115 2280 1390 2328; x_wconf 84' lang='lat' dir='ltr'><strong>momenta</strong></span> <span class='ocrx_word' id='word_1_282' title='bbox 1439 2288 1562 2343; x_wconf 66' lang='lat' dir='ltr'><strong>quat</strong></span> <span class='ocrx_word' id='word_1_283' title='bbox 1593 2269 1756 2325; x_wconf 82' lang='lat' dir='ltr'><strong>Pater</strong></span> <span class='ocrx_word' id='word_1_284' title='bbox 1790 2269 1977 2340; x_wconf 87' lang='lat' dir='ltr'><strong>posuit</strong></span> <span class='ocrx_word' id='word_1_285' title='bbox 2027 2268 2083 2323; x_wconf 90' lang='lat' dir='ltr'><strong>in</strong></span> 
     </span>
    </p>
   </div>
   <div class='ocr_carea' id='block_1_40' title="bbox 2151 2268 3765 2355">
    <p class='ocr_par' dir='ltr' id='par_1_40' title="bbox 2188 2269 3765 2355">
     <span class='ocr_line' id='line_1_40' title="bbox 2188 2269 3765 2355; baseline -0.01 -17"><span class='ocrx_word' id='word_1_286' title='bbox 2188 2283 2327 2355; x_wconf 73' lang='grc' dir='ltr'>πρὸς</span> <span class='ocrx_word' id='word_1_287' title='bbox 2379 2282 2579 2345; x_wconf 77' lang='grc' dir='ltr'>αὐτούς</span> <span class='ocrx_word' id='word_1_288' title='bbox 2608 2297 2618 2310; x_wconf 91' lang='grc'><strong>·</strong></span> <span class='ocrx_word' id='word_1_289' title='bbox 2647 2282 2761 2352; x_wconf 74' lang='grc' dir='ltr'><strong>Οὐχ</strong></span> <span class='ocrx_word' id='word_1_290' title='bbox 2801 2280 2957 2351; x_wconf 80' lang='grc' dir='ltr'>ὑμῶν</span> <span class='ocrx_word' id='word_1_291' title='bbox 3007 2280 3125 2331; x_wconf 85' lang='grc' dir='ltr'>ἐστι</span> <span class='ocrx_word' id='word_1_292' title='bbox 3198 2276 3400 2345; x_wconf 80' lang='grc' dir='ltr'>γνῶναι</span> <span class='ocrx_word' id='word_1_293' title='bbox 3454 2273 3680 2344; x_wconf 81' lang='grc' dir='ltr'>χρόνους</span> <span class='ocrx_word' id='word_1_294' title='bbox 3731 2269 3765 2340; x_wconf 77' lang='grc' dir='ltr'>ἢ</span> 
     </span>
    </p>
   </div>
   <div class='ocr_carea' id='block_1_41' title="bbox 506 2363 2120 2448">
    <p class='ocr_par' dir='ltr' id='par_1_41' title="bbox 506 2363 2081 2437">
     <span class='ocr_line' id='line_1_41' title="bbox 506 2363 2081 2437; baseline -0.004 -14"><span class='ocrx_word' id='word_1_295' title='bbox 506 2383 606 2424; x_wconf 88' lang='lat' dir='ltr'><strong>sua</strong></span> <span class='ocrx_word' id='word_1_296' title='bbox 655 2376 969 2437; x_wconf 82' lang='lat' dir='ltr'><strong>petestate;</strong></span> <span class='ocrx_word' id='word_1_297' title='bbox 1026 2364 1121 2420; x_wconf 89' lang='lat' dir='ltr'><strong>sed</strong></span> <span class='ocrx_word' id='word_1_298' title='bbox 1182 2363 1464 2434; x_wconf 89' lang='lat' dir='ltr'><strong>accipietis</strong></span> <span class='ocrx_word' id='word_1_299' title='bbox 1517 2363 1772 2418; x_wconf 80' lang='lat' dir='ltr'><strong>virtutem</strong></span> <span class='ocrx_word' id='word_1_300' title='bbox 1822 2372 2081 2432; x_wconf 82' lang='lat' dir='ltr'><strong>superve-</strong></span> 
     </span>
    </p>
   </div>
   <div class='ocr_carea' id='block_1_42' title="bbox 2154 2363 3768 2448">
    <p class='ocr_par' dir='ltr' id='par_1_42' title="bbox 2192 2364 3768 2448">
     <span class='ocr_line' id='line_1_42' title="bbox 2192 2364 3768 2448; baseline -0.009 -17"><span class='ocrx_word' id='word_1_301' title='bbox 2192 2378 2441 2448; x_wconf 79' lang='grc' dir='ltr'>καιροὺς,</span> <span class='ocrx_word' id='word_1_302' title='bbox 2474 2376 2566 2440; x_wconf 83' lang='grc' dir='ltr'><strong>οὒς</strong></span> <span class='ocrx_word' id='word_1_303' title='bbox 2604 2376 2634 2429; x_wconf 84' lang='grc' dir='ltr'><strong>ό</strong></span> <span class='ocrx_word' id='word_1_304' title='bbox 2661 2374 2851 2445; x_wconf 81' lang='grc' dir='ltr'>Πατὴρ</span> <span class='ocrx_word' id='word_1_305' title='bbox 2872 2372 3026 2426; x_wconf 71' lang='grc' dir='ltr'>ἔθετο</span> <span class='ocrx_word' id='word_1_306' title='bbox 3053 2373 3110 2424; x_wconf 90' lang='grc' dir='ltr'><strong>ἐν</strong></span> <span class='ocrx_word' id='word_1_307' title='bbox 3139 2373 3204 2442; x_wconf 83' lang='grc' dir='ltr'>τῇ</span> <span class='ocrx_word' id='word_1_308' title='bbox 3242 2370 3348 2439; x_wconf 82' lang='grc' dir='ltr'><strong>ἰδίᾳ</strong></span> <span class='ocrx_word' id='word_1_309' title='bbox 3375 2367 3612 2436; x_wconf 79' lang='grc' dir='ltr'><strong>ἐξουσίᾳ,</strong></span> <span class='ocrx_word' id='word_1_310' title='bbox 3632 2364 3768 2418; x_wconf 85' lang='grc' dir='ltr'><strong>ἀλλά</strong></span> 
     </span>
    </p>
   </div>
   <div class='ocr_carea' id='block_1_43' title="bbox 505 2453 2119 2545">
    <p class='ocr_par' dir='ltr' id='par_1_43' title="bbox 505 2453 2086 2531">
     <span class='ocr_line' id='line_1_43' title="bbox 505 2453 2086 2531; baseline -0.004 -16"><span class='ocrx_word' id='word_1_311' title='bbox 505 2462 709 2523; x_wconf 79' lang='lat' dir='ltr'><strong>nientis</strong></span> <span class='ocrx_word' id='word_1_312' title='bbox 747 2459 986 2531; x_wconf 88' lang='lat' dir='ltr'><strong>Spiritus</strong></span> <span class='ocrx_word' id='word_1_313' title='bbox 1017 2456 1190 2513; x_wconf 90' lang='lat' dir='ltr'><strong>sancti</strong></span> <span class='ocrx_word' id='word_1_314' title='bbox 1217 2457 1270 2511; x_wconf 93' lang='lat' dir='ltr'><strong>in</strong></span> <span class='ocrx_word' id='word_1_315' title='bbox 1310 2471 1425 2520; x_wconf 79' lang='lat' dir='ltr'><strong>vos,</strong></span> <span class='ocrx_word' id='word_1_316' title='bbox 1475 2463 1529 2510; x_wconf 91' lang='lat' dir='ltr'><strong>et</strong></span> <span class='ocrx_word' id='word_1_317' title='bbox 1562 2453 1721 2510; x_wconf 88' lang='lat' dir='ltr'><strong>eritis</strong></span> <span class='ocrx_word' id='word_1_318' title='bbox 1750 2454 1883 2507; x_wconf 91' lang='lat' dir='ltr'><strong>mihi</strong></span> <span class='ocrx_word' id='word_1_319' title='bbox 1922 2463 2086 2509; x_wconf 84' lang='lat' dir='ltr'><strong>testes</strong></span> 
     </span>
    </p>
   </div>
   <div class='ocr_carea' id='block_1_44' title="bbox 2155 2453 3769 2545">
    <p class='ocr_par' dir='ltr' id='par_1_44' title="bbox 2190 2456 3769 2540">
     <span class='ocr_line' id='line_1_44' title="bbox 2190 2456 3769 2540; baseline -0.008 -18"><span class='ocrx_word' id='word_1_320' title='bbox 2190 2468 2429 2540; x_wconf 76' lang='grc' dir='ltr'><strong>λήψεσθε</strong></span> <span class='ocrx_word' id='word_1_321' title='bbox 2451 2467 2682 2537; x_wconf 80' lang='grc' dir='ltr'>δύναμιν</span> <span class='ocrx_word' id='word_1_322' title='bbox 2711 2465 2794 2538; x_wconf 80' lang='grc' dir='ltr'>[ἐξ</span> <span class='ocrx_word' id='word_1_323' title='bbox 2848 2462 3037 2535; x_wconf 74' lang='grc' dir='ltr'>ὕψους]</span> <span class='ocrx_word' id='word_1_324' title='bbox 3108 2462 3426 2523; x_wconf 77' lang='grc' dir='ltr'>ἐπελθόντος</span> <span class='ocrx_word' id='word_1_325' title='bbox 3476 2458 3570 2511; x_wconf 82' lang='grc' dir='ltr'>τοῦ</span> <span class='ocrx_word' id='word_1_326' title='bbox 3610 2456 3769 2525; x_wconf 81' lang='grc' dir='ltr'>ἁγίου</span> 
     </span>
    </p>
   </div>
   <div class='ocr_carea' id='block_1_45' title="bbox 506 2546 2120 2630">
    <p class='ocr_par' dir='ltr' id='par_1_45' title="bbox 506 2546 2086 2606">
     <span class='ocr_line' id='line_1_45' title="bbox 506 2546 2086 2606; baseline -0.003 0"><span class='ocrx_word' id='word_1_327' title='bbox 506 2551 561 2606; x_wconf 84' lang='lat' dir='ltr'><strong>in</strong></span> <span class='ocrx_word' id='word_1_328' title='bbox 594 2550 902 2606; x_wconf 81' lang='lat' dir='ltr'><strong>Jerusalem</strong></span> <span class='ocrx_word' id='word_1_329' title='bbox 937 2559 992 2606; x_wconf 88' lang='lat' dir='ltr'><strong>et</strong></span> <span class='ocrx_word' id='word_1_330' title='bbox 1028 2552 1082 2604; x_wconf 88' lang='lat' dir='ltr'><strong>in</strong></span> <span class='ocrx_word' id='word_1_331' title='bbox 1125 2549 1275 2603; x_wconf 86' lang='lat' dir='ltr'><strong>omni</strong></span> <span class='ocrx_word' id='word_1_332' title='bbox 1304 2546 1488 2602; x_wconf 69' lang='grc' dir='ltr'>1ιιι1.υει</span> <span class='ocrx_word' id='word_1_333' title='bbox 1522 2557 1576 2602; x_wconf 88' lang='lat' dir='ltr'><strong>et</strong></span> <span class='ocrx_word' id='word_1_334' title='bbox 1623 2546 1873 2601; x_wconf 82' lang='lat' dir='ltr'><strong>Samaria</strong></span> <span class='ocrx_word' id='word_1_335' title='bbox 1905 2555 1959 2601; x_wconf 87' lang='lat' dir='ltr'><strong>et</strong></span> <span class='ocrx_word' id='word_1_336' title='bbox 1992 2561 2086 2601; x_wconf 89' lang='lat' dir='ltr'><strong>us-</strong></span> 
     </span>
    </p>
   </div>
   <div class='ocr_carea' id='block_1_46' title="bbox 2156 2546 3770 2630">
    <p class='ocr_par' dir='ltr' id='par_1_46' title="bbox 2191 2546 3770 2630">
     <span class='ocr_line' id='line_1_46' title="bbox 2191 2546 3770 2630; baseline -0.011 -14"><span class='ocrx_word' id='word_1_337' title='bbox 2191 2558 2507 2630; x_wconf 74' lang='grc' dir='ltr'>Πνεύματος</span> <span class='ocrx_word' id='word_1_338' title='bbox 2531 2559 2616 2628; x_wconf 81' lang='grc' dir='ltr'><strong>ἐφ’</strong></span> <span class='ocrx_word' id='word_1_339' title='bbox 2645 2556 2811 2628; x_wconf 79' lang='grc' dir='ltr'>ὑμᾶς,</span> <span class='ocrx_word' id='word_1_340' title='bbox 2849 2554 2943 2611; x_wconf 72' lang='grc' dir='ltr'>καὶ</span> <span class='ocrx_word' id='word_1_341' title='bbox 2977 2553 3164 2608; x_wconf 79' lang='grc' dir='ltr'>ἐσεσθὲ</span> <span class='ocrx_word' id='word_1_342' title='bbox 3228 2568 3320 2622; x_wconf 88' lang='grc' dir='ltr'><strong>μοι</strong></span> <span class='ocrx_word' id='word_1_343' title='bbox 3384 2549 3659 2621; x_wconf 80' lang='grc' dir='ltr'>μάρτυρες</span> <span class='ocrx_word' id='word_1_344' title='bbox 3711 2546 3770 2599; x_wconf 80' lang='grc' dir='ltr'>εν</span> 
     </span>
    </p>
   </div>
   <div class='ocr_carea' id='block_1_47' title="bbox 509 2636 2123 2728">
    <p class='ocr_par' dir='ltr' id='par_1_47' title="bbox 509 2638 1782 2728">
     <span class='ocr_line' id='line_1_47' title="bbox 509 2638 1782 2728; baseline -0.002 -31"><span class='ocrx_word' id='word_1_345' title='bbox 509 2657 617 2712; x_wconf 85' lang='lat' dir='ltr'><strong>que</strong></span> <span class='ocrx_word' id='word_1_346' title='bbox 639 2642 706 2697; x_wconf 90' lang='lat' dir='ltr'><strong>ad</strong></span> <span class='ocrx_word' id='word_1_347' title='bbox 749 2642 996 2696; x_wconf 84' lang='lat' dir='ltr'><strong>ultinttttn</strong></span> <span class='ocrx_word' id='word_1_348' title='bbox 1029 2650 1209 2728; x_wconf 53' lang='lat' dir='ltr'><strong>terrm.</strong></span> <span class='ocrx_word' id='word_1_349' title='bbox 1246 2640 1392 2694; x_wconf 77' lang='lat' dir='ltr'><strong>Finis</strong></span> <span class='ocrx_word' id='word_1_350' title='bbox 1428 2640 1649 2695; x_wconf 75' lang='lat' dir='ltr'><strong>Pascha:</strong></span> 
     </span>
    </p>
   </div>
   <div class='ocr_carea' id='block_1_48' title="bbox 2157 2636 3771 2728">
    <p class='ocr_par' dir='ltr' id='par_1_48' title="bbox 2190 2636 3771 2721">
     <span class='ocr_line' id='line_1_48' title="bbox 2190 2636 3771 2721; baseline -0.01 -17"><span class='ocrx_word' id='word_1_351' title='bbox 2190 2668 2251 2704; x_wconf 88' lang='grc' dir='ltr'><strong>τε</strong></span> <span class='ocrx_word' id='word_1_352' title='bbox 2292 2648 2675 2721; x_wconf 78' lang='grc' dir='ltr'>Ἰερουσαλὴμ,</span> <span class='ocrx_word' id='word_1_353' title='bbox 2703 2650 2797 2701; x_wconf 76' lang='grc' dir='ltr'><strong>καὶ</strong></span> <span class='ocrx_word' id='word_1_354' title='bbox 2834 2647 2893 2699; x_wconf 87' lang='grc' dir='ltr'><strong>ἐν</strong></span> <span class='ocrx_word' id='word_1_355' title='bbox 2922 2645 3074 2715; x_wconf 81' lang='grc' dir='ltr'>πάσῃ</span> <span class='ocrx_word' id='word_1_356' title='bbox 3113 2643 3180 2713; x_wconf 72' lang='grc' dir='ltr'>τῇ</span> <span class='ocrx_word' id='word_1_357' title='bbox 3225 2639 3459 2710; x_wconf 75' lang='grc' dir='ltr'><strong>Ἰουδαίᾳ</strong></span> <span class='ocrx_word' id='word_1_358' title='bbox 3513 2638 3611 2690; x_wconf 84' lang='grc' dir='ltr'>καὶ</span> <span class='ocrx_word' id='word_1_359' title='bbox 3666 2636 3771 2689; x_wconf 87' lang='grc' dir='ltr'><strong>Σα-</strong></span> 
     </span>
    </p>
   </div>
   <div class='ocr_carea' id='block_1_49' title="bbox 2194 2736 3018 2813">
    <p class='ocr_par' dir='ltr' id='par_1_49' title="bbox 2194 2736 3018 2813">
     <span class='ocr_line' id='line_1_49' title="bbox 2194 2736 3018 2813; baseline -0.008 -17"><span class='ocrx_word' id='word_1_360' title='bbox 2194 2743 2417 2813; x_wconf 79' lang='grc' dir='ltr'>μαρείᾳ.</span> <span class='ocrx_word' id='word_1_361' title='bbox 2453 2741 2635 2806; x_wconf 73' lang='grc' dir='ltr'>Τέλος</span> <span class='ocrx_word' id='word_1_362' title='bbox 2652 2738 2759 2793; x_wconf 80' lang='grc' dir='ltr'><strong>τοῦ</strong></span> <span class='ocrx_word' id='word_1_363' title='bbox 2782 2736 3018 2807; x_wconf 83' lang='grc' dir='ltr'>Πάσχα.</span> 
     </span>
    </p>
   </div>
   <div class='ocr_carea' id='block_1_50' title="bbox 578 2820 2192 2903">
    <p class='ocr_par' dir='ltr' id='par_1_50' title="bbox 578 2824 2092 2892">
     <span class='ocr_line' id='line_1_50' title="bbox 578 2824 2092 2892; baseline -0.001 -11"><span class='ocrx_word' id='word_1_364' title='bbox 578 2826 795 2892; x_wconf 70' lang='grc'><strong>1,9-12.</strong></span> <span class='ocrx_word' id='word_1_365' title='bbox 815 2827 1015 2882; x_wconf 86' lang='lat' dir='ltr'><strong>Etcum</strong></span> <span class='ocrx_word' id='word_1_366' title='bbox 1036 2824 1415 2891; x_wconf 69' lang='lat' dir='ltr'><strong>hamdixisset,</strong></span> <span class='ocrx_word' id='word_1_367' title='bbox 1438 2827 1748 2881; x_wconf 77' lang='lat' dir='ltr'><strong>videntibus</strong></span> <span class='ocrx_word' id='word_1_368' title='bbox 1770 2826 1899 2890; x_wconf 89' lang='lat' dir='ltr'><strong>illis,</strong></span> <span class='ocrx_word' id='word_1_369' title='bbox 1915 2828 2092 2881; x_wconf 79' lang='lat' dir='ltr'><strong>eleva-</strong></span> 
     </span>
    </p>
   </div>
   <div class='ocr_carea' id='block_1_51' title="bbox 2153 2820 3767 2903">
    <p class='ocr_par' dir='ltr' id='par_1_51' title="bbox 2268 2820 3767 2903">
     <span class='ocr_line' id='line_1_51' title="bbox 2268 2820 3767 2903; baseline -0.009 -13"><span class='ocrx_word' id='word_1_370' title='bbox 2268 2835 2376 2890; x_wconf 73' lang='grc' dir='ltr'><strong>Καὶ</strong></span> <span class='ocrx_word' id='word_1_371' title='bbox 2410 2834 2581 2888; x_wconf 82' lang='grc' dir='ltr'>ταῦτα</span> <span class='ocrx_word' id='word_1_372' title='bbox 2610 2830 2801 2895; x_wconf 83' lang='grc' dir='ltr'>εἰπὼν,</span> <span class='ocrx_word' id='word_1_373' title='bbox 2836 2829 3138 2903; x_wconf 77' lang='grc' dir='ltr'><strong>βλεπόντων</strong></span> <span class='ocrx_word' id='word_1_374' title='bbox 3169 2824 3373 2889; x_wconf 81' lang='grc' dir='ltr'>αὐτῶν,</span> <span class='ocrx_word' id='word_1_375' title='bbox 3413 2824 3648 2896; x_wconf 78' lang='grc' dir='ltr'>ἐπήρθη,</span> <span class='ocrx_word' id='word_1_376' title='bbox 3671 2820 3767 2876; x_wconf 73' lang='grc' dir='ltr'>καὶ</span> 
     </span>
    </p>
   </div>
   <div class='ocr_carea' id='block_1_52' title="bbox 507 2914 2121 2999">
    <p class='ocr_par' dir='ltr' id='par_1_52' title="bbox 507 2922 2089 2994">
     <span class='ocr_line' id='line_1_52' title="bbox 507 2922 2089 2994; baseline -0.003 -16"><span class='ocrx_word' id='word_1_377' title='bbox 507 2931 602 2981; x_wconf 85' lang='lat' dir='ltr'><strong>tus</strong></span> <span class='ocrx_word' id='word_1_378' title='bbox 619 2932 704 2979; x_wconf 90' lang='lat' dir='ltr'><strong>est</strong></span> <span class='ocrx_word' id='word_1_379' title='bbox 720 2940 733 2977; x_wconf 89' lang='lat'><strong>:</strong></span> <span class='ocrx_word' id='word_1_380' title='bbox 750 2932 803 2979; x_wconf 86' lang='lat' dir='ltr'><strong>et</strong></span> <span class='ocrx_word' id='word_1_381' title='bbox 820 2922 994 2979; x_wconf 85' lang='lat' dir='ltr'><strong>nubes</strong></span> <span class='ocrx_word' id='word_1_382' title='bbox 1007 2922 1248 2994; x_wconf 88' lang='lat' dir='ltr'><strong>suscepit</strong></span> <span class='ocrx_word' id='word_1_383' title='bbox 1266 2939 1387 2978; x_wconf 91' lang='lat' dir='ltr'><strong>eum</strong></span> <span class='ocrx_word' id='word_1_384' title='bbox 1409 2924 1478 2977; x_wconf 88' lang='lat' dir='ltr'><strong>ab</strong></span> <span class='ocrx_word' id='word_1_385' title='bbox 1500 2924 1678 2978; x_wconf 88' lang='lat' dir='ltr'><strong>oculis</strong></span> <span class='ocrx_word' id='word_1_386' title='bbox 1693 2938 1906 2978; x_wconf 87' lang='lat' dir='ltr'><strong>eormn.</strong></span> <span class='ocrx_word' id='word_1_387' title='bbox 1925 2922 2060 2978; x_wconf 82' lang='lat' dir='ltr'><strong>Cum</strong></span> <span class='ocrx_word' id='word_1_388' title='bbox 2082 2950 2089 2955; x_wconf 92' lang='lat'><strong><em>-</em></strong></span> 
     </span>
    </p>
   </div>
   <div class='ocr_carea' id='block_1_53' title="bbox 2153 2914 3767 2999">
    <p class='ocr_par' dir='ltr' id='par_1_53' title="bbox 2193 2914 3767 2999">
     <span class='ocr_line' id='line_1_53' title="bbox 2193 2914 3767 2999; baseline -0.01 -16"><span class='ocrx_word' id='word_1_389' title='bbox 2193 2927 2392 2999; x_wconf 75' lang='grc' dir='ltr'>νεφέλη</span> <span class='ocrx_word' id='word_1_390' title='bbox 2426 2926 2697 2981; x_wconf 79' lang='grc' dir='ltr'>ὑπέλαϐεν</span> <span class='ocrx_word' id='word_1_391' title='bbox 2723 2924 2886 2979; x_wconf 69' lang='grc' dir='ltr'>αὐτὸν</span> <span class='ocrx_word' id='word_1_392' title='bbox 2922 2922 3032 2977; x_wconf 74' lang='grc' dir='ltr'>ἀπὸ</span> <span class='ocrx_word' id='word_1_393' title='bbox 3060 2922 3170 2974; x_wconf 86' lang='grc' dir='ltr'><strong>τῶν</strong></span> <span class='ocrx_word' id='word_1_394' title='bbox 3215 2917 3512 2990; x_wconf 65' lang='grc' dir='ltr'>ὀφθαλμῶν</span> <span class='ocrx_word' id='word_1_395' title='bbox 3563 2914 3767 2971; x_wconf 67' lang='grc' dir='ltr'>αὐτῶν.</span> 
     </span>
    </p>
   </div>
   <div class='ocr_carea' id='block_1_54' title="bbox 507 3009 2121 3088">
    <p class='ocr_par' dir='ltr' id='par_1_54' title="bbox 507 3010 2083 3085">
     <span class='ocr_line' id='line_1_54' title="bbox 507 3010 2083 3085; baseline 0.001 -17"><span class='ocrx_word' id='word_1_396' title='bbox 507 3028 617 3085; x_wconf 85' lang='lat' dir='ltr'><strong>que</strong></span> <span class='ocrx_word' id='word_1_397' title='bbox 642 3015 992 3070; x_wconf 85' lang='lat' dir='ltr'><strong>intuerentur</strong></span> <span class='ocrx_word' id='word_1_398' title='bbox 1015 3018 1069 3070; x_wconf 89' lang='lat' dir='ltr'><strong>in</strong></span> <span class='ocrx_word' id='word_1_399' title='bbox 1096 3016 1297 3070; x_wconf 73' lang='lat' dir='ltr'><strong>cmlunt</strong></span> <span class='ocrx_word' id='word_1_400' title='bbox 1323 3028 1543 3071; x_wconf 89' lang='lat' dir='ltr'><strong>euntem</strong></span> <span class='ocrx_word' id='word_1_401' title='bbox 1580 3015 1753 3078; x_wconf 89' lang='lat' dir='ltr'><strong>illum,</strong></span> <span class='ocrx_word' id='word_1_402' title='bbox 1776 3030 1904 3070; x_wconf 83' lang='lat' dir='ltr'><strong>ecce</strong></span> <span class='ocrx_word' id='word_1_403' title='bbox 1929 3010 2083 3084; x_wconf 74' lang='lat'><strong>191</strong></span> 
     </span>
    </p>
   </div>
   <div class='ocr_carea' id='block_1_55' title="bbox 2157 3009 3771 3088">
    <p class='ocr_par' dir='ltr' id='par_1_55' title="bbox 2196 3009 3771 3088">
     <span class='ocr_line' id='line_1_55' title="bbox 2196 3009 3771 3088; baseline -0.011 -12"><span class='ocrx_word' id='word_1_404' title='bbox 2196 3021 2308 3076; x_wconf 82' lang='lat' dir='ltr'><strong>Kal.</strong></span> <span class='ocrx_word' id='word_1_405' title='bbox 2344 3022 2419 3085; x_wconf 82' lang='grc' dir='ltr'>ὡς</span> <span class='ocrx_word' id='word_1_406' title='bbox 2448 3018 2790 3084; x_wconf 76' lang='grc' dir='ltr'>ἀτενίζοντες</span> <span class='ocrx_word' id='word_1_407' title='bbox 2818 3009 2959 3088; x_wconf 78' lang='grc' dir='ltr'>ἦσαν</span> <span class='ocrx_word' id='word_1_408' title='bbox 2987 3016 3068 3078; x_wconf 85' lang='grc' dir='ltr'><strong>είς</strong></span> <span class='ocrx_word' id='word_1_409' title='bbox 3122 3014 3217 3065; x_wconf 74' lang='grc' dir='ltr'><strong>τὸν</strong></span> <span class='ocrx_word' id='word_1_410' title='bbox 3260 3010 3492 3082; x_wconf 71' lang='grc' dir='ltr'>οὐρανὸν</span> <span class='ocrx_word' id='word_1_411' title='bbox 3539 3023 3771 3078; x_wconf 78' lang='grc' dir='ltr'>πορευοο</span> 
     </span>
    </p>
   </div>
   <div class='ocr_carea' id='block_1_56' title="bbox 508 3100 2122 3183">
    <p class='ocr_par' dir='ltr' id='par_1_56' title="bbox 508 3107 2085 3176">
     <span class='ocr_line' id='line_1_56' title="bbox 508 3107 2085 3176; baseline -0.002 -14"><span class='ocrx_word' id='word_1_412' title='bbox 508 3108 621 3163; x_wconf 88' lang='lat' dir='ltr'><strong>duo</strong></span> <span class='ocrx_word' id='word_1_413' title='bbox 641 3107 742 3162; x_wconf 88' lang='lat' dir='ltr'><strong>viri</strong></span> <span class='ocrx_word' id='word_1_414' title='bbox 775 3110 1077 3163; x_wconf 86' lang='lat' dir='ltr'><strong>astiterunt</strong></span> <span class='ocrx_word' id='word_1_415' title='bbox 1121 3108 1276 3176; x_wconf 80' lang='lat' dir='ltr'><strong>juxta</strong></span> <span class='ocrx_word' id='word_1_416' title='bbox 1338 3108 1460 3161; x_wconf 91' lang='lat' dir='ltr'><strong>illos</strong></span> <span class='ocrx_word' id='word_1_417' title='bbox 1515 3109 1571 3161; x_wconf 91' lang='lat' dir='ltr'><strong>in</strong></span> <span class='ocrx_word' id='word_1_418' title='bbox 1631 3107 1876 3160; x_wconf 80' lang='lat' dir='ltr'><strong>vestibus</strong></span> <span class='ocrx_word' id='word_1_419' title='bbox 1925 3107 2085 3171; x_wconf 85' lang='lat' dir='ltr'><strong>albis,</strong></span> 
     </span>
    </p>
   </div>
   <div class='ocr_carea' id='block_1_57' title="bbox 2156 3100 3770 3183">
    <p class='ocr_par' dir='ltr' id='par_1_57' title="bbox 2199 3100 3770 3183">
     <span class='ocr_line' id='line_1_57' title="bbox 2199 3100 3770 3183; baseline -0.011 -16"><span class='ocrx_word' id='word_1_420' title='bbox 2199 3114 2361 3183; x_wconf 82' lang='grc' dir='ltr'>μένου</span> <span class='ocrx_word' id='word_1_421' title='bbox 2387 3109 2574 3174; x_wconf 68' lang='grc' dir='ltr'>αὐτοῦ,</span> <span class='ocrx_word' id='word_1_422' title='bbox 2608 3110 2702 3163; x_wconf 77' lang='grc' dir='ltr'>καὶ</span> <span class='ocrx_word' id='word_1_423' title='bbox 2754 3107 2862 3161; x_wconf 70' lang='grc' dir='ltr'><strong>ίδοῦ</strong></span> <span class='ocrx_word' id='word_1_424' title='bbox 2919 3105 3110 3174; x_wconf 75' lang='grc' dir='ltr'>ἄνδρες</span> <span class='ocrx_word' id='word_1_425' title='bbox 3167 3103 3260 3156; x_wconf 77' lang='grc' dir='ltr'>δύο</span> <span class='ocrx_word' id='word_1_426' title='bbox 3309 3100 3770 3173; x_wconf 75' lang='grc' dir='ltr'>παρειστήκεισαν</span> 
     </span>
    </p>
   </div>
   <div class='ocr_carea' id='block_1_58' title="bbox 508 3189 2122 3271">
    <p class='ocr_par' dir='ltr' id='par_1_58' title="bbox 508 3195 2122 3271">
     <span class='ocr_line' id='line_1_58' title="bbox 508 3195 2122 3271; baseline -0.001 -18"><span class='ocrx_word' id='word_1_427' title='bbox 508 3200 602 3271; x_wconf 90' lang='lat' dir='ltr'><strong>qui</strong></span> <span class='ocrx_word' id='word_1_428' title='bbox 629 3208 684 3255; x_wconf 89' lang='lat' dir='ltr'><strong>et</strong></span> <span class='ocrx_word' id='word_1_429' title='bbox 716 3199 973 3255; x_wconf 77' lang='lat' dir='ltr'><strong>dixerunt</strong></span> <span class='ocrx_word' id='word_1_430' title='bbox 1007 3216 1019 3252; x_wconf 92' lang='lat'><strong>:</strong></span> <span class='ocrx_word' id='word_1_431' title='bbox 1060 3198 1175 3253; x_wconf 85' lang='lat' dir='ltr'><strong>Viri</strong></span> <span class='ocrx_word' id='word_1_432' title='bbox 1199 3195 1429 3262; x_wconf 76' lang='lat' dir='ltr'><strong>Galiltui,</strong></span> <span class='ocrx_word' id='word_1_433' title='bbox 1464 3197 1596 3267; x_wconf 88' lang='lat' dir='ltr'><strong>quid</strong></span> <span class='ocrx_word' id='word_1_434' title='bbox 1625 3198 1784 3253; x_wconf 90' lang='lat' dir='ltr'><strong>statis</strong></span> <span class='ocrx_word' id='word_1_435' title='bbox 1815 3197 2085 3267; x_wconf 75' lang='lat' dir='ltr'><strong>aspicit-n-</strong></span> <span class='ocrx_word' id='word_1_436' title='bbox 2117 3265 2122 3271; x_wconf 26' lang='grc' dir='ltr'><em>Α</em></span> 
     </span>
    </p>
   </div>
   <div class='ocr_carea' id='block_1_59' title="bbox 2152 3189 3766 3271">
    <p class='ocr_par' dir='ltr' id='par_1_59' title="bbox 2152 3189 3766 3271">
     <span class='ocr_line' id='line_1_59' title="bbox 2152 3189 3766 3271; baseline -0.011 -13"><span class='ocrx_word' id='word_1_437' title='bbox 2152 3257 2157 3271; x_wconf 75' lang='lat'><em>_</em></span> <span class='ocrx_word' id='word_1_438' title='bbox 2196 3206 2381 3266; x_wconf 78' lang='grc' dir='ltr'>αὐτοῖς</span> <span class='ocrx_word' id='word_1_439' title='bbox 2438 3204 2494 3256; x_wconf 83' lang='grc' dir='ltr'><strong>ἐν</strong></span> <span class='ocrx_word' id='word_1_440' title='bbox 2524 3200 2713 3271; x_wconf 76' lang='grc' dir='ltr'>ἐσθῆτι</span> <span class='ocrx_word' id='word_1_441' title='bbox 2744 3199 2932 3268; x_wconf 80' lang='grc' dir='ltr'>λευκῇ.</span> <span class='ocrx_word' id='word_1_442' title='bbox 2956 3196 3007 3250; x_wconf 83' lang='grc' dir='ltr'>οἳ</span> <span class='ocrx_word' id='word_1_443' title='bbox 3057 3198 3152 3251; x_wconf 73' lang='grc' dir='ltr'><strong>καὶ</strong></span> <span class='ocrx_word' id='word_1_444' title='bbox 3179 3190 3331 3249; x_wconf 80' lang='grc' dir='ltr'>εἶπον</span> <span class='ocrx_word' id='word_1_445' title='bbox 3361 3211 3375 3225; x_wconf 88' lang='grc'><strong>·</strong></span> <span class='ocrx_word' id='word_1_446' title='bbox 3401 3191 3625 3262; x_wconf 69' lang='grc' dir='ltr'>Ἄνδρες</span> <span class='ocrx_word' id='word_1_447' title='bbox 3659 3189 3766 3241; x_wconf 83' lang='grc' dir='ltr'><strong>Γα-</strong></span> 
     </span>
    </p>
   </div>
   <div class='ocr_carea' id='block_1_60' title="bbox 511 3255 2125 3362">
    <p class='ocr_par' dir='ltr' id='par_1_60' title="bbox 511 3261 2125 3359">
     <span class='ocr_line' id='line_1_60' title="bbox 511 3261 2125 3359; baseline -0.002 -12"><span class='ocrx_word' id='word_1_448' title='bbox 511 3306 596 3350; x_wconf 86' lang='lat' dir='ltr'><strong>tes</strong></span> <span class='ocrx_word' id='word_1_449' title='bbox 632 3293 687 3348; x_wconf 93' lang='lat' dir='ltr'><strong>in</strong></span> <span class='ocrx_word' id='word_1_450' title='bbox 712 3291 951 3349; x_wconf 77' lang='lat' dir='ltr'><strong>coelum?</strong></span> <span class='ocrx_word' id='word_1_451' title='bbox 976 3290 1074 3345; x_wconf 86' lang='lat' dir='ltr'><strong>llic</strong></span> <span class='ocrx_word' id='word_1_452' title='bbox 1104 3288 1293 3354; x_wconf 83' lang='lat' dir='ltr'><strong>Jesus,</strong></span> <span class='ocrx_word' id='word_1_453' title='bbox 1335 3290 1427 3359; x_wconf 90' lang='lat' dir='ltr'><strong>qui</strong></span> <span class='ocrx_word' id='word_1_454' title='bbox 1457 3299 1780 3359; x_wconf 85' lang='lat' dir='ltr'><strong>assumptus</strong></span> <span class='ocrx_word' id='word_1_455' title='bbox 1819 3299 1903 3345; x_wconf 89' lang='lat' dir='ltr'><strong>est</strong></span> <span class='ocrx_word' id='word_1_456' title='bbox 1928 3305 1956 3342; x_wconf 88' lang='lat' dir='ltr'><strong>a</strong></span> <span class='ocrx_word' id='word_1_457' title='bbox 1986 3304 2088 3344; x_wconf 82' lang='grc' dir='ltr'>νο-</span> <span class='ocrx_word' id='word_1_458' title='bbox 2114 3261 2125 3309; x_wconf 70' lang='grc'><em>⁴</em></span> 
     </span>
    </p>
   </div>
   <div class='ocr_carea' id='block_1_61' title="bbox 2153 3255 3767 3362">
    <p class='ocr_par' dir='ltr' id='par_1_61' title="bbox 2153 3255 3767 3362">
     <span class='ocr_line' id='line_1_61' title="bbox 2153 3255 3767 3362; baseline -0.011 -12"><span class='ocrx_word' id='word_1_459' title='bbox 2153 3257 2158 3310; x_wconf 47' lang='grc' dir='ltr'><strong>ἱ</strong></span> <span class='ocrx_word' id='word_1_460' title='bbox 2192 3255 2412 3359; x_wconf 38' lang='lat' dir='ltr'><strong>{tite—toi,</strong></span> <span class='ocrx_word' id='word_1_461' title='bbox 2437 3255 2490 3347; x_wconf 85' lang='grc' dir='ltr'><strong>τί</strong></span> <span class='ocrx_word' id='word_1_462' title='bbox 2516 3255 2784 3362; x_wconf 49' lang='grc' dir='ltr'>ἐστήαατε</span> <span class='ocrx_word' id='word_1_463' title='bbox 2817 3255 3184 3360; x_wconf 35' lang='grc' dir='ltr'>ἐμθθλέποντες</span> <span class='ocrx_word' id='word_1_464' title='bbox 3230 3289 3311 3351; x_wconf 87' lang='grc' dir='ltr'><strong>είς</strong></span> <span class='ocrx_word' id='word_1_465' title='bbox 3339 3286 3430 3339; x_wconf 85' lang='grc' dir='ltr'><strong>τὸν</strong></span> <span class='ocrx_word' id='word_1_466' title='bbox 3489 3255 3718 3353; x_wconf 59' lang='grc' dir='ltr'>οιίρανόν</span> <span class='ocrx_word' id='word_1_467' title='bbox 3750 3297 3767 3347; x_wconf 87' lang='lat'><strong>;</strong></span> 
     </span>
    </p>
   </div>
   <div class='ocr_carea' id='block_1_62' title="bbox 509 3371 2123 3456">
    <p class='ocr_par' dir='ltr' id='par_1_62' title="bbox 509 3382 2086 3456">
     <span class='ocr_line' id='line_1_62' title="bbox 509 3382 2086 3456; baseline -0.004 -13"><span class='ocrx_word' id='word_1_468' title='bbox 509 3387 618 3453; x_wconf 91' lang='lat' dir='ltr'><strong>bis,</strong></span> <span class='ocrx_word' id='word_1_469' title='bbox 650 3387 731 3443; x_wconf 89' lang='lat' dir='ltr'><strong>sic</strong></span> <span class='ocrx_word' id='word_1_470' title='bbox 768 3387 973 3454; x_wconf 86' lang='lat' dir='ltr'><strong>veniet,</strong></span> <span class='ocrx_word' id='word_1_471' title='bbox 995 3382 1460 3456; x_wconf 89' lang='lat' dir='ltr'><strong>quemadmodum</strong></span> <span class='ocrx_word' id='word_1_472' title='bbox 1487 3383 1702 3438; x_wconf 64' lang='lat' dir='ltr'><strong>vidistis</strong></span> <span class='ocrx_word' id='word_1_473' title='bbox 1723 3398 1846 3437; x_wconf 89' lang='lat' dir='ltr'><strong>eum</strong></span> <span class='ocrx_word' id='word_1_474' title='bbox 1866 3391 2086 3438; x_wconf 87' lang='lat' dir='ltr'><strong>euntem</strong></span> 
     </span>
    </p>
   </div>
   <div class='ocr_carea' id='block_1_63' title="bbox 2157 3371 3771 3456">
    <p class='ocr_par' dir='ltr' id='par_1_63' title="bbox 2194 3371 3771 3456">
     <span class='ocr_line' id='line_1_63' title="bbox 2194 3371 3771 3456; baseline -0.011 -15"><span class='ocrx_word' id='word_1_475' title='bbox 2194 3382 2365 3449; x_wconf 76' lang='grc' dir='ltr'>Οὗτος</span> <span class='ocrx_word' id='word_1_476' title='bbox 2394 3389 2423 3440; x_wconf 85' lang='grc' dir='ltr'><strong>ό</strong></span> <span class='ocrx_word' id='word_1_477' title='bbox 2466 3384 2678 3456; x_wconf 79' lang='grc' dir='ltr'>Ἰησοῦς</span> <span class='ocrx_word' id='word_1_478' title='bbox 2740 3385 2769 3437; x_wconf 86' lang='grc' dir='ltr'>ὁ</span> <span class='ocrx_word' id='word_1_479' title='bbox 2829 3381 3163 3451; x_wconf 74' lang='grc' dir='ltr'>ἀναληφθεὶς</span> <span class='ocrx_word' id='word_1_480' title='bbox 3217 3379 3308 3448; x_wconf 74' lang='grc' dir='ltr'><strong>ἀφ’</strong></span> <span class='ocrx_word' id='word_1_481' title='bbox 3349 3375 3504 3447; x_wconf 83' lang='grc' dir='ltr'>ὑμῶν</span> <span class='ocrx_word' id='word_1_482' title='bbox 3554 3376 3634 3436; x_wconf 87' lang='grc' dir='ltr'><strong>είς</strong></span> <span class='ocrx_word' id='word_1_483' title='bbox 3676 3371 3771 3425; x_wconf 77' lang='grc' dir='ltr'><strong>τὸν</strong></span> 
     </span>
    </p>
   </div>
   <div class='ocr_carea' id='block_1_64' title="bbox 512 3462 2126 3547">
    <p class='ocr_par' dir='ltr' id='par_1_64' title="bbox 512 3473 2090 3546">
     <span class='ocr_line' id='line_1_64' title="bbox 512 3473 2090 3546; baseline -0.004 -13"><span class='ocrx_word' id='word_1_484' title='bbox 512 3479 568 3533; x_wconf 92' lang='lat' dir='ltr'><strong>in</strong></span> <span class='ocrx_word' id='word_1_485' title='bbox 604 3479 829 3535; x_wconf 67' lang='lat' dir='ltr'><strong>caelum.</strong></span> <span class='ocrx_word' id='word_1_486' title='bbox 885 3477 1044 3533; x_wconf 87' lang='lat' dir='ltr'><strong>Tunc</strong></span> <span class='ocrx_word' id='word_1_487' title='bbox 1105 3477 1308 3532; x_wconf 84' lang='lat' dir='ltr'><strong>reversi</strong></span> <span class='ocrx_word' id='word_1_488' title='bbox 1367 3482 1501 3532; x_wconf 89' lang='lat' dir='ltr'><strong>sunt</strong></span> <span class='ocrx_word' id='word_1_489' title='bbox 1558 3473 1993 3546; x_wconf 79' lang='lat' dir='ltr'><strong>Hierosolymam</strong></span> <span class='ocrx_word' id='word_1_490' title='bbox 2057 3489 2090 3527; x_wconf 89' lang='lat' dir='ltr'><strong>a</strong></span> 
     </span>
    </p>
   </div>
   <div class='ocr_carea' id='block_1_65' title="bbox 2161 3462 3775 3547">
    <p class='ocr_par' dir='ltr' id='par_1_65' title="bbox 2191 3462 3775 3547">
     <span class='ocr_line' id='line_1_65' title="bbox 2191 3462 3775 3547; baseline -0.013 -15"><span class='ocrx_word' id='word_1_491' title='bbox 2191 3478 2439 3547; x_wconf 74' lang='grc' dir='ltr'>οὐρανὸν,</span> <span class='ocrx_word' id='word_1_492' title='bbox 2463 3475 2634 3537; x_wconf 78' lang='grc' dir='ltr'>οὕτως</span> <span class='ocrx_word' id='word_1_493' title='bbox 2667 3472 2948 3528; x_wconf 82' lang='grc' dir='ltr'>ἐλεύσεται</span> <span class='ocrx_word' id='word_1_494' title='bbox 2982 3467 3195 3544; x_wconf 74' lang='grc' dir='ltr'>[πάλιν]</span> <span class='ocrx_word' id='word_1_495' title='bbox 3223 3469 3281 3522; x_wconf 79' lang='grc' dir='ltr'>ὃν</span> <span class='ocrx_word' id='word_1_496' title='bbox 3304 3466 3505 3537; x_wconf 77' lang='grc' dir='ltr'>τρόπον</span> <span class='ocrx_word' id='word_1_497' title='bbox 3542 3462 3775 3516; x_wconf 82' lang='grc' dir='ltr'>ἐθεάσα-</span> 
     </span>
    </p>
   </div>
   <div class='ocr_carea' id='block_1_66' title="bbox 508 3554 2122 3637">
    <p class='ocr_par' dir='ltr' id='par_1_66' title="bbox 508 3555 2089 3632">
     <span class='ocr_line' id='line_1_66' title="bbox 508 3555 2089 3632; baseline -0.005 -15"><span class='ocrx_word' id='word_1_498' title='bbox 508 3570 697 3619; x_wconf 79' lang='lat' dir='ltr'><strong>:nonte</strong></span> <span class='ocrx_word' id='word_1_499' title='bbox 741 3560 836 3632; x_wconf 86' lang='lat' dir='ltr'><strong>qui</strong></span> <span class='ocrx_word' id='word_1_500' title='bbox 863 3569 1091 3616; x_wconf 86' lang='lat' dir='ltr'><strong>vocatur</strong></span> <span class='ocrx_word' id='word_1_501' title='bbox 1113 3559 1332 3629; x_wconf 83' lang='lat' dir='ltr'><strong>Oliveti,</strong></span> <span class='ocrx_word' id='word_1_502' title='bbox 1356 3560 1448 3632; x_wconf 91' lang='lat' dir='ltr'><strong>qui</strong></span> <span class='ocrx_word' id='word_1_503' title='bbox 1472 3558 1555 3616; x_wconf 87' lang='lat' dir='ltr'><strong>est</strong></span> <span class='ocrx_word' id='word_1_504' title='bbox 1573 3559 1731 3631; x_wconf 76' lang='lat' dir='ltr'><strong>juxta</strong></span> <span class='ocrx_word' id='word_1_505' title='bbox 1755 3555 2089 3620; x_wconf 84' lang='lat' dir='ltr'><strong>Jerusalem,</strong></span> 
     </span>
    </p>
   </div>
   <div class='ocr_carea' id='block_1_67' title="bbox 2161 3554 3775 3637">
    <p class='ocr_par' dir='ltr' id='par_1_67' title="bbox 2195 3554 3775 3637">
     <span class='ocr_line' id='line_1_67' title="bbox 2195 3554 3775 3637; baseline -0.011 -14"><span class='ocrx_word' id='word_1_506' title='bbox 2195 3570 2290 3623; x_wconf 86' lang='grc' dir='ltr'><strong>σθε</strong></span> <span class='ocrx_word' id='word_1_507' title='bbox 2351 3568 2517 3622; x_wconf 81' lang='grc' dir='ltr'>αὐτὸν</span> <span class='ocrx_word' id='word_1_508' title='bbox 2545 3565 2912 3637; x_wconf 84' lang='grc' dir='ltr'>πορευόμενον</span> <span class='ocrx_word' id='word_1_509' title='bbox 2936 3566 3016 3628; x_wconf 89' lang='grc' dir='ltr'><strong>είς</strong></span> <span class='ocrx_word' id='word_1_510' title='bbox 3038 3563 3134 3617; x_wconf 80' lang='grc' dir='ltr'><strong>τὸν</strong></span> <span class='ocrx_word' id='word_1_511' title='bbox 3181 3559 3432 3632; x_wconf 71' lang='grc' dir='ltr'>οὐρανόν.</span> <span class='ocrx_word' id='word_1_512' title='bbox 3468 3558 3607 3610; x_wconf 86' lang='grc' dir='ltr'>Τότε</span> <span class='ocrx_word' id='word_1_513' title='bbox 3668 3554 3775 3607; x_wconf 80' lang='grc' dir='ltr'><strong>ὕπ-</strong></span> 
     </span>
    </p>
   </div>
   <div class='ocr_carea' id='block_1_68' title="bbox 513 3646 2127 3733">
    <p class='ocr_par' dir='ltr' id='par_1_68' title="bbox 513 3653 1121 3711">
     <span class='ocr_line' id='line_1_68' title="bbox 513 3653 1121 3711; baseline -0.005 0"><span class='ocrx_word' id='word_1_514' title='bbox 513 3653 737 3711; x_wconf 87' lang='lat' dir='ltr'><strong>Sabbati</strong></span> <span class='ocrx_word' id='word_1_515' title='bbox 767 3653 976 3710; x_wconf 80' lang='lat' dir='ltr'><strong>habens</strong></span> <span class='ocrx_word' id='word_1_516' title='bbox 998 3653 1121 3710; x_wconf 89' lang='lat' dir='ltr'><strong>iter.</strong></span> 
     </span>
    </p>
   </div>
   <div class='ocr_carea' id='block_1_69' title="bbox 2160 3646 3774 3733">
    <p class='ocr_par' dir='ltr' id='par_1_69' title="bbox 2193 3646 3774 3733">
     <span class='ocr_line' id='line_1_69' title="bbox 2193 3646 3774 3733; baseline -0.011 -18"><span class='ocrx_word' id='word_1_517' title='bbox 2193 3660 2464 3733; x_wconf 71' lang='grc' dir='ltr'>έστρεψαν</span> <span class='ocrx_word' id='word_1_518' title='bbox 2483 3661 2533 3713; x_wconf 77' lang='lat' dir='ltr'><strong>oi</strong></span> <span class='ocrx_word' id='word_1_519' title='bbox 2563 3658 2853 3712; x_wconf 84' lang='grc' dir='ltr'>ἀπόστολοι</span> <span class='ocrx_word' id='word_1_520' title='bbox 2884 3657 2967 3720; x_wconf 87' lang='grc' dir='ltr'><strong>είς</strong></span> <span class='ocrx_word' id='word_1_521' title='bbox 3033 3651 3409 3726; x_wconf 79' lang='grc' dir='ltr'>Ἰερουσαλὴμ,</span> <span class='ocrx_word' id='word_1_522' title='bbox 3438 3648 3548 3704; x_wconf 78' lang='grc' dir='ltr'>ἀπὸ</span> <span class='ocrx_word' id='word_1_523' title='bbox 3608 3646 3774 3717; x_wconf 71' lang='grc' dir='ltr'>ὅρους</span> 
     </span>
    </p>
   </div>
   <div class='ocr_carea' id='block_1_70' title="bbox 2194 3740 3776 3824">
    <p class='ocr_par' dir='ltr' id='par_1_70' title="bbox 2194 3740 3776 3824">
     <span class='ocr_line' id='line_1_70' title="bbox 2194 3740 3776 3824; baseline -0.013 -13"><span class='ocrx_word' id='word_1_524' title='bbox 2194 3755 2291 3812; x_wconf 80' lang='grc' dir='ltr'>τοῦ</span> <span class='ocrx_word' id='word_1_525' title='bbox 2326 3754 2664 3824; x_wconf 74' lang='grc' dir='ltr'>καλουμένου</span> <span class='ocrx_word' id='word_1_526' title='bbox 2694 3749 3006 3814; x_wconf 80' lang='grc' dir='ltr'>Ἐλαιῶνος,</span> <span class='ocrx_word' id='word_1_527' title='bbox 3029 3747 3058 3803; x_wconf 82' lang='grc' dir='ltr'>ὅ</span> <span class='ocrx_word' id='word_1_528' title='bbox 3097 3749 3242 3801; x_wconf 86' lang='grc' dir='ltr'>ἐστιν</span> <span class='ocrx_word' id='word_1_529' title='bbox 3274 3744 3441 3814; x_wconf 78' lang='grc' dir='ltr'>ἐγγὺς</span> <span class='ocrx_word' id='word_1_530' title='bbox 3497 3740 3776 3812; x_wconf 82' lang='grc' dir='ltr'>Ἰερουσα-</span> 
     </span>
    </p>
   </div>
   <div class='ocr_carea' id='block_1_71' title="bbox 1003 3844 2971 3921">
    <p class='ocr_par' dir='ltr' id='par_1_71' title="bbox 1003 3844 2971 3921">
     <span class='ocr_line' id='line_1_71' title="bbox 1003 3844 2971 3921; baseline -0.007 -9"><span class='ocrx_word' id='word_1_531' title='bbox 1003 3909 1006 3912; x_wconf 83' lang='lat'><strong>.</strong></span> <span class='ocrx_word' id='word_1_532' title='bbox 2198 3851 2329 3921; x_wconf 86' lang='grc' dir='ltr'>λὴμ,</span> <span class='ocrx_word' id='word_1_533' title='bbox 2369 3847 2652 3902; x_wconf 76' lang='grc' dir='ltr'>Σαϐϐάτου</span> <span class='ocrx_word' id='word_1_534' title='bbox 2681 3845 2802 3917; x_wconf 76' lang='grc' dir='ltr'>ἕχον</span> <span class='ocrx_word' id='word_1_535' title='bbox 2829 3844 2971 3898; x_wconf 81' lang='grc' dir='ltr'>ὁδόν.</span> 
     </span>
    </p>
   </div>
   <div class='ocr_carea' id='block_1_72' title="bbox 1022 3933 3124 3995">
    <p class='ocr_par' dir='ltr' id='par_1_72' title="bbox 1022 3933 3124 3995">
     <span class='ocr_line' id='line_1_72' title="bbox 1022 3933 3124 3995; baseline -0.002 -2"><span class='ocrx_word' id='word_1_536' title='bbox 1022 3936 1595 3995; x_wconf 76' lang='lat' dir='ltr'><strong>COMMENTARIUS.</strong></span> <span class='ocrx_word' id='word_1_537' title='bbox 2744 3933 3124 3991; x_wconf 81' lang='lat' dir='ltr'><strong>EPMHNEIA.</strong></span> 
     </span>
    </p>
   </div>
   <div class='ocr_carea' id='block_1_73' title="bbox 586 4016 2200 4105">
    <p class='ocr_par' dir='ltr' id='par_1_73' title="bbox 586 4030 2093 4102">
     <span class='ocr_line' id='line_1_73' title="bbox 586 4030 2093 4102; baseline -0.002 -13"><span class='ocrx_word' id='word_1_538' title='bbox 586 4033 645 4090; x_wconf 95' lang='lat' dir='ltr'><strong>In</strong></span> <span class='ocrx_word' id='word_1_539' title='bbox 681 4033 1004 4091; x_wconf 86' lang='lat' dir='ltr'><strong>memoriam</strong></span> <span class='ocrx_word' id='word_1_540' title='bbox 1052 4030 1361 4101; x_wconf 77' lang='lat' dir='ltr'><strong>Theophila</strong></span> <span class='ocrx_word' id='word_1_541' title='bbox 1404 4039 1628 4087; x_wconf 86' lang='lat' dir='ltr'><strong>revocat</strong></span> <span class='ocrx_word' id='word_1_542' title='bbox 1668 4030 2027 4102; x_wconf 73' lang='lat' dir='ltr'><strong>Evangelium</strong></span> <span class='ocrx_word' id='word_1_543' title='bbox 2063 4047 2093 4086; x_wconf 90' lang='lat' dir='ltr'><strong>a</strong></span> 
     </span>
    </p>
   </div>
   <div class='ocr_carea' id='block_1_74' title="bbox 2163 4016 3777 4105">
    <p class='ocr_par' dir='ltr' id='par_1_74' title="bbox 2299 4016 3777 4105">
     <span class='ocr_line' id='line_1_74' title="bbox 2299 4016 3777 4105; baseline -0.014 -15"><span class='ocrx_word' id='word_1_544' title='bbox 2299 4028 2724 4105; x_wconf 75' lang='grc' dir='ltr'>Αναμιμνή’σκει</span> <span class='ocrx_word' id='word_1_545' title='bbox 2782 4030 2877 4082; x_wconf 82' lang='grc' dir='ltr'><strong>τὸν</strong></span> <span class='ocrx_word' id='word_1_546' title='bbox 2937 4026 3201 4095; x_wconf 81' lang='grc' dir='ltr'>Θεόφιλον</span> <span class='ocrx_word' id='word_1_547' title='bbox 3258 4023 3355 4077; x_wconf 83' lang='grc' dir='ltr'>τοῦ</span> <span class='ocrx_word' id='word_1_548' title='bbox 3411 4016 3777 4088; x_wconf 79' lang='grc' dir='ltr'>Εὗαγγελίου,</span> 
     </span>
    </p>
   </div>
   <div class='ocr_carea' id='block_1_75' title="bbox 516 4109 2130 4199">
    <p class='ocr_par' dir='ltr' id='par_1_75' title="bbox 516 4124 2095 4199">
     <span class='ocr_line' id='line_1_75' title="bbox 516 4124 2095 4199; baseline -0.005 -12"><span class='ocrx_word' id='word_1_549' title='bbox 516 4147 577 4187; x_wconf 83' lang='lat' dir='ltr'><strong>se</strong></span> <span class='ocrx_word' id='word_1_550' title='bbox 605 4129 1009 4199; x_wconf 81' lang='lat' dir='ltr'><strong>conscriptum,</strong></span> <span class='ocrx_word' id='word_1_551' title='bbox 1044 4133 1104 4179; x_wconf 90' lang='lat' dir='ltr'><strong>ut</strong></span> <span class='ocrx_word' id='word_1_552' title='bbox 1138 4124 1339 4180; x_wconf 79' lang='lat' dir='ltr'><strong>exinde</strong></span> <span class='ocrx_word' id='word_1_553' title='bbox 1393 4133 1706 4180; x_wconf 83' lang='lat' dir='ltr'><strong>accuratam</strong></span> <span class='ocrx_word' id='word_1_554' title='bbox 1755 4124 2095 4194; x_wconf 81' lang='lat' dir='ltr'><strong>diligentiam</strong></span> 
     </span>
    </p>
   </div>
   <div class='ocr_carea' id='block_1_76' title="bbox 2171 4109 3785 4199">
    <p class='ocr_par' dir='ltr' id='par_1_76' title="bbox 2201 4109 3785 4197">
     <span class='ocr_line' id='line_1_76' title="bbox 2201 4109 3785 4197; baseline -0.015 -14"><span class='ocrx_word' id='word_1_555' title='bbox 2201 4128 2345 4183; x_wconf 85' lang='grc' dir='ltr'>ὥστε</span> <span class='ocrx_word' id='word_1_556' title='bbox 2374 4128 2475 4197; x_wconf 81' lang='grc' dir='ltr'>τὴν</span> <span class='ocrx_word' id='word_1_557' title='bbox 2508 4122 2716 4179; x_wconf 75' lang='grc' dir='ltr'>οἰκείαν</span> <span class='ocrx_word' id='word_1_558' title='bbox 2753 4120 3038 4194; x_wconf 76' lang='grc' dir='ltr'>ἀκρίϐειαν</span> <span class='ocrx_word' id='word_1_559' title='bbox 3089 4112 3449 4182; x_wconf 75' lang='grc' dir='ltr'>ἐνδείξασθαι.</span> <span class='ocrx_word' id='word_1_560' title='bbox 3493 4112 3602 4166; x_wconf 73' lang='grc' dir='ltr'><strong>Καὶ</strong></span> <span class='ocrx_word' id='word_1_561' title='bbox 3664 4109 3785 4180; x_wconf 80' lang='grc' dir='ltr'>γὰρ</span> 
     </span>
    </p>
   </div>
   <div class='ocr_carea' id='block_1_77' title="bbox 516 4202 2130 4295">
    <p class='ocr_par' dir='ltr' id='par_1_77' title="bbox 516 4214 2098 4289">
     <span class='ocr_line' id='line_1_77' title="bbox 516 4214 2098 4289; baseline -0.005 -10"><span class='ocrx_word' id='word_1_562' title='bbox 516 4240 674 4280; x_wconf 81' lang='lat' dir='ltr'><strong>suam</strong></span> <span class='ocrx_word' id='word_1_563' title='bbox 708 4221 985 4277; x_wconf 89' lang='lat' dir='ltr'><strong>ostendat.</strong></span> <span class='ocrx_word' id='word_1_564' title='bbox 1018 4218 1307 4289; x_wconf 86' lang='lat' dir='ltr'><strong>Siquidem</strong></span> <span class='ocrx_word' id='word_1_565' title='bbox 1341 4217 1502 4272; x_wconf 91' lang='lat' dir='ltr'><strong>initio</strong></span> <span class='ocrx_word' id='word_1_566' title='bbox 1527 4217 1678 4273; x_wconf 87' lang='lat' dir='ltr'><strong>illius</strong></span> <span class='ocrx_word' id='word_1_567' title='bbox 1709 4217 1913 4287; x_wconf 87' lang='lat' dir='ltr'><strong>operis,</strong></span> <span class='ocrx_word' id='word_1_568' title='bbox 1949 4237 1968 4269; x_wconf 75' lang='grc' dir='ltr'><strong>ι</strong></span> <span class='ocrx_word' id='word_1_569' title='bbox 2008 4214 2098 4271; x_wconf 79' lang='lat' dir='ltr'><strong>Vi-</strong></span> 
     </span>
    </p>
   </div>
   <div class='ocr_carea' id='block_1_78' title="bbox 2165 4202 3779 4295">
    <p class='ocr_par' dir='ltr' id='par_1_78' title="bbox 2199 4202 3779 4295">
     <span class='ocr_line' id='line_1_78' title="bbox 2199 4202 3779 4295; baseline -0.015 -17"><span class='ocrx_word' id='word_1_570' title='bbox 2199 4223 2501 4295; x_wconf 84' lang='grc' dir='ltr'>ἀρχόμενος</span> <span class='ocrx_word' id='word_1_571' title='bbox 2527 4219 2744 4286; x_wconf 82' lang='grc' dir='ltr'>ἐκείνης</span> <span class='ocrx_word' id='word_1_572' title='bbox 2772 4216 2871 4286; x_wconf 80' lang='grc' dir='ltr'>τῆς</span> <span class='ocrx_word' id='word_1_573' title='bbox 2900 4210 3282 4284; x_wconf 79' lang='grc' dir='ltr'>πραγματείας</span> <span class='ocrx_word' id='word_1_574' title='bbox 3317 4206 3504 4278; x_wconf 71' lang='grc' dir='ltr'><strong>φησιν’</strong></span> <span class='ocrx_word' id='word_1_575' title='bbox 3535 4223 3555 4256; x_wconf 80' lang='grc' dir='ltr'><strong>ι</strong></span> <span class='ocrx_word' id='word_1_576' title='bbox 3584 4202 3779 4295; x_wconf 71' lang='grc' dir='ltr'>Ἔδοξε</span> 
     </span>
    </p>
   </div>
   <div class='ocr_carea' id='block_1_79' title="bbox 515 4292 2129 4386">
    <p class='ocr_par' dir='ltr' id='par_1_79' title="bbox 515 4307 2099 4386">
     <span class='ocr_line' id='line_1_79' title="bbox 515 4307 2099 4386; baseline -0.006 -16"><span class='ocrx_word' id='word_1_577' title='bbox 515 4332 636 4370; x_wconf 83' lang='lat' dir='ltr'><strong>sum</strong></span> <span class='ocrx_word' id='word_1_578' title='bbox 670 4323 777 4378; x_wconf 84' lang='lat' dir='ltr'><strong>est,</strong></span> <span class='ocrx_word' id='word_1_579' title='bbox 816 4312 1019 4386; x_wconf 81' lang='lat' dir='ltr'><strong>inquit,</strong></span> <span class='ocrx_word' id='word_1_580' title='bbox 1060 4320 1115 4367; x_wconf 90' lang='lat' dir='ltr'><strong>et</strong></span> <span class='ocrx_word' id='word_1_581' title='bbox 1150 4309 1283 4364; x_wconf 83' lang='lat' dir='ltr'><strong>mihi</strong></span> <span class='ocrx_word' id='word_1_582' title='bbox 1313 4319 1567 4363; x_wconf 84' lang='lat' dir='ltr'><strong>assecnlo</strong></span> <span class='ocrx_word' id='word_1_583' title='bbox 1599 4308 1783 4362; x_wconf 82' lang='lat' dir='ltr'><strong>omnia</strong></span> <span class='ocrx_word' id='word_1_584' title='bbox 1819 4324 1850 4361; x_wconf 86' lang='lat' dir='ltr'><strong>a</strong></span> <span class='ocrx_word' id='word_1_585' title='bbox 1891 4307 2099 4375; x_wconf 79' lang='lat' dir='ltr'><strong>princi-</strong></span> 
     </span>
    </p>
   </div>
   <div class='ocr_carea' id='block_1_80' title="bbox 2163 4292 3777 4386">
    <p class='ocr_par' dir='ltr' id='par_1_80' title="bbox 2203 4292 3777 4385">
     <span class='ocr_line' id='line_1_80' title="bbox 2203 4292 3777 4385; baseline -0.015 -15"><span class='ocrx_word' id='word_1_586' title='bbox 2203 4292 2378 4385; x_wconf 72' lang='grc' dir='ltr'>κάμοὶ</span> <span class='ocrx_word' id='word_1_587' title='bbox 2439 4305 2952 4381; x_wconf 78' lang='grc' dir='ltr'>παρηκολουθηκότι</span> <span class='ocrx_word' id='word_1_588' title='bbox 3003 4302 3232 4367; x_wconf 76' lang='grc' dir='ltr'>ἀνωθεν,</span> <span class='ocrx_word' id='word_1_589' title='bbox 3268 4319 3292 4353; x_wconf 68' lang='grc' dir='ltr'><strong>τ</strong></span> <span class='ocrx_word' id='word_1_590' title='bbox 3352 4298 3451 4353; x_wconf 74' lang='grc' dir='ltr'>καὶ</span> <span class='ocrx_word' id='word_1_591' title='bbox 3500 4294 3569 4351; x_wconf 84' lang='grc' dir='ltr'>τὰ</span> <span class='ocrx_word' id='word_1_592' title='bbox 3622 4292 3777 4362; x_wconf 77' lang='grc' dir='ltr'>ἑξῆς.</span> 
     </span>
    </p>
   </div>
   <div class='ocr_carea' id='block_1_81' title="bbox 520 4389 2134 4478">
    <p class='ocr_par' dir='ltr' id='par_1_81' title="bbox 520 4399 2097 4478">
     <span class='ocr_line' id='line_1_81' title="bbox 520 4399 2097 4478; baseline -0.001 -20"><span class='ocrx_word' id='word_1_593' title='bbox 520 4408 609 4478; x_wconf 83' lang='lat' dir='ltr'><strong>pio</strong></span> <span class='ocrx_word' id='word_1_594' title='bbox 630 4407 672 4468; x_wconf 81' lang='grc'><strong>⁸.</strong></span> <span class='ocrx_word' id='word_1_595' title='bbox 701 4424 720 4459; x_wconf 74' lang='grc' dir='ltr'><strong>ι</strong></span> <span class='ocrx_word' id='word_1_596' title='bbox 756 4416 866 4461; x_wconf 75' lang='lat' dir='ltr'><strong>etc.</strong></span> <span class='ocrx_word' id='word_1_597' title='bbox 906 4403 1153 4459; x_wconf 81' lang='lat' dir='ltr'><strong>Meminit</strong></span> <span class='ocrx_word' id='word_1_598' title='bbox 1190 4402 1358 4472; x_wconf 83' lang='lat' dir='ltr'><strong>igitur</strong></span> <span class='ocrx_word' id='word_1_599' title='bbox 1386 4399 1536 4455; x_wconf 86' lang='lat' dir='ltr'><strong>illius</strong></span> <span class='ocrx_word' id='word_1_600' title='bbox 1567 4401 1750 4470; x_wconf 90' lang='lat' dir='ltr'><strong>operis</strong></span> <span class='ocrx_word' id='word_1_601' title='bbox 1780 4412 1835 4454; x_wconf 84' lang='lat' dir='ltr'><strong>et</strong></span> <span class='ocrx_word' id='word_1_602' title='bbox 1862 4401 2097 4469; x_wconf 70' lang='lat' dir='ltr'><strong>diligen-</strong></span> 
     </span>
    </p>
   </div>
   <div class='ocr_carea' id='block_1_82' title="bbox 2167 4389 3781 4478">
    <p class='ocr_par' dir='ltr' id='par_1_82' title="bbox 2205 4389 3781 4474">
     <span class='ocr_line' id='line_1_82' title="bbox 2205 4389 3781 4474; baseline -0.014 -14"><span class='ocrx_word' id='word_1_603' title='bbox 2205 4407 2497 4474; x_wconf 83' lang='grc' dir='ltr'>Μέμνηται</span> <span class='ocrx_word' id='word_1_604' title='bbox 2517 4398 2612 4455; x_wconf 77' lang='grc' dir='ltr'><strong>οὖν</strong></span> <span class='ocrx_word' id='word_1_605' title='bbox 2641 4400 2742 4469; x_wconf 81' lang='grc' dir='ltr'>τῆς</span> <span class='ocrx_word' id='word_1_606' title='bbox 2768 4395 3152 4469; x_wconf 80' lang='grc' dir='ltr'>πραγματείας</span> <span class='ocrx_word' id='word_1_607' title='bbox 3187 4392 3425 4462; x_wconf 85' lang='grc' dir='ltr'>ἐκείνης,</span> <span class='ocrx_word' id='word_1_608' title='bbox 3463 4390 3562 4460; x_wconf 82' lang='grc' dir='ltr'><strong>τῆς</strong></span> <span class='ocrx_word' id='word_1_609' title='bbox 3597 4389 3781 4441; x_wconf 81' lang='grc' dir='ltr'>ἐκεῖσε</span> 
     </span>
    </p>
   </div>
   <div class='ocr_carea' id='block_1_83' title="bbox 519 4478 2133 4569">
    <p class='ocr_par' dir='ltr' id='par_1_83' title="bbox 519 4494 2094 4569">
     <span class='ocr_line' id='line_1_83' title="bbox 519 4494 2094 4569; baseline -0.004 -13"><span class='ocrx_word' id='word_1_610' title='bbox 519 4504 630 4565; x_wconf 72' lang='lat' dir='ltr'><strong>tiae,</strong></span> <span class='ocrx_word' id='word_1_611' title='bbox 659 4517 767 4569; x_wconf 87' lang='lat' dir='ltr'><strong>qua</strong></span> <span class='ocrx_word' id='word_1_612' title='bbox 796 4501 848 4553; x_wconf 92' lang='lat' dir='ltr'><strong>in</strong></span> <span class='ocrx_word' id='word_1_613' title='bbox 889 4512 956 4553; x_wconf 91' lang='lat' dir='ltr'><strong>eo</strong></span> <span class='ocrx_word' id='word_1_614' title='bbox 984 4494 1389 4551; x_wconf 86' lang='lat' dir='ltr'><strong>ennscribeudo</strong></span> <span class='ocrx_word' id='word_1_615' title='bbox 1417 4508 1554 4549; x_wconf 90' lang='lat' dir='ltr'><strong>usus</strong></span> <span class='ocrx_word' id='word_1_616' title='bbox 1597 4504 1703 4559; x_wconf 87' lang='lat' dir='ltr'><strong>est,</strong></span> <span class='ocrx_word' id='word_1_617' title='bbox 1743 4502 1800 4548; x_wconf 89' lang='lat' dir='ltr'><strong>ut</strong></span> <span class='ocrx_word' id='word_1_618' title='bbox 1825 4510 2010 4564; x_wconf 84' lang='lat' dir='ltr'><strong>parem</strong></span> <span class='ocrx_word' id='word_1_619' title='bbox 2041 4497 2094 4550; x_wconf 93' lang='lat' dir='ltr'><strong>in</strong></span> 
     </span>
    </p>
   </div>
   <div class='ocr_carea' id='block_1_84' title="bbox 2171 4478 3785 4569">
    <p class='ocr_par' dir='ltr' id='par_1_84' title="bbox 2204 4478 3785 4567">
     <span class='ocr_line' id='line_1_84' title="bbox 2204 4478 3785 4567; baseline -0.015 -14"><span class='ocrx_word' id='word_1_620' title='bbox 2204 4496 2643 4567; x_wconf 83' lang='grc' dir='ltr'>ἀναμιμνήσκων</span> <span class='ocrx_word' id='word_1_621' title='bbox 2663 4491 2973 4557; x_wconf 81' lang='grc' dir='ltr'>ἀκριϐείας,</span> <span class='ocrx_word' id='word_1_622' title='bbox 3005 4489 3088 4542; x_wconf 82' lang='grc' dir='ltr'>ἴνα</span> <span class='ocrx_word' id='word_1_623' title='bbox 3116 4488 3213 4559; x_wconf 82' lang='grc' dir='ltr'>τὴν</span> <span class='ocrx_word' id='word_1_624' title='bbox 3280 4484 3450 4554; x_wconf 81' lang='grc' dir='ltr'>αὐτὴν</span> <span class='ocrx_word' id='word_1_625' title='bbox 3503 4482 3596 4536; x_wconf 83' lang='grc' dir='ltr'><strong>καὶ</strong></span> <span class='ocrx_word' id='word_1_626' title='bbox 3646 4478 3785 4549; x_wconf 76' lang='grc' dir='ltr'>περὶ</span> 
     </span>
    </p>
   </div>
   <div class='ocr_carea' id='block_1_85' title="bbox 522 4569 2136 4660">
    <p class='ocr_par' dir='ltr' id='par_1_85' title="bbox 522 4584 2136 4656">
     <span class='ocr_line' id='line_1_85' title="bbox 522 4584 2136 4656; baseline -0.002 -10"><span class='ocrx_word' id='word_1_627' title='bbox 522 4594 628 4646; x_wconf 90' lang='lat' dir='ltr'><strong>hoc</strong></span> <span class='ocrx_word' id='word_1_628' title='bbox 660 4591 803 4644; x_wconf 89' lang='lat' dir='ltr'><strong>libro</strong></span> <span class='ocrx_word' id='word_1_629' title='bbox 840 4589 1143 4656; x_wconf 87' lang='lat' dir='ltr'><strong>impensam</strong></span> <span class='ocrx_word' id='word_1_630' title='bbox 1206 4598 1330 4639; x_wconf 82' lang='lat' dir='ltr'><strong>esse</strong></span> <span class='ocrx_word' id='word_1_631' title='bbox 1382 4584 1584 4647; x_wconf 84' lang='lat' dir='ltr'><strong>sciens,</strong></span> <span class='ocrx_word' id='word_1_632' title='bbox 1643 4584 1713 4640; x_wconf 89' lang='lat' dir='ltr'><strong>iis</strong></span> <span class='ocrx_word' id='word_1_633' title='bbox 1770 4601 1892 4654; x_wconf 69' lang='lat' dir='ltr'><strong>quae</strong></span> <span class='ocrx_word' id='word_1_634' title='bbox 1934 4588 1986 4640; x_wconf 90' lang='lat' dir='ltr'><strong>in</strong></span> <span class='ocrx_word' id='word_1_635' title='bbox 2031 4601 2136 4653; x_wconf 62' lang='lat' dir='ltr'><strong>eo:</strong></span> 
     </span>
    </p>
   </div>
   <div class='ocr_carea' id='block_1_86' title="bbox 2167 4569 3781 4660">
    <p class='ocr_par' dir='ltr' id='par_1_86' title="bbox 2167 4569 3781 4656">
     <span class='ocr_line' id='line_1_86' title="bbox 2167 4569 3781 4656; baseline -0.014 -14"><span class='ocrx_word' id='word_1_636' title='bbox 2167 4616 2175 4654; x_wconf 67' lang='grc' dir='ltr'>ι</span> <span class='ocrx_word' id='word_1_637' title='bbox 2206 4588 2299 4642; x_wconf 84' lang='grc' dir='ltr'>τοῦ</span> <span class='ocrx_word' id='word_1_638' title='bbox 2324 4585 2594 4656; x_wconf 86' lang='grc' dir='ltr'>παρόντος</span> <span class='ocrx_word' id='word_1_639' title='bbox 2621 4581 2828 4653; x_wconf 75' lang='grc' dir='ltr'>βιϐλίου</span> <span class='ocrx_word' id='word_1_640' title='bbox 2859 4579 3106 4648; x_wconf 82' lang='grc' dir='ltr'>κατέχων</span> <span class='ocrx_word' id='word_1_641' title='bbox 3135 4578 3233 4646; x_wconf 85' lang='grc' dir='ltr'>τὴν</span> <span class='ocrx_word' id='word_1_642' title='bbox 3251 4569 3781 4643; x_wconf 80' lang='grc' dir='ltr'>διάνοιαν,προσέχῃ</span> 
     </span>
    </p>
   </div>
   <div class='ocr_carea' id='block_1_87' title="bbox 518 4661 2132 4752">
    <p class='ocr_par' dir='ltr' id='par_1_87' title="bbox 518 4680 2089 4749">
     <span class='ocr_line' id='line_1_87' title="bbox 518 4680 2089 4749; baseline -0.004 -10"><span class='ocrx_word' id='word_1_643' title='bbox 518 4685 896 4746; x_wconf 85' lang='lat' dir='ltr'><strong>continentur,</strong></span> <span class='ocrx_word' id='word_1_644' title='bbox 948 4680 1194 4733; x_wconf 90' lang='lat' dir='ltr'><strong>animum</strong></span> <span class='ocrx_word' id='word_1_645' title='bbox 1254 4693 1418 4749; x_wconf 87' lang='lat' dir='ltr'><strong>quam</strong></span> <span class='ocrx_word' id='word_1_646' title='bbox 1463 4680 1698 4735; x_wconf 81' lang='lat' dir='ltr'><strong>maxime</strong></span> <span class='ocrx_word' id='word_1_647' title='bbox 1761 4681 2089 4740; x_wconf 85' lang='lat' dir='ltr'><strong>adverteret.</strong></span> 
     </span>
    </p>
   </div>
   <div class='ocr_carea' id='block_1_88' title="bbox 2164 4661 3778 4752">
    <p class='ocr_par' dir='ltr' id='par_1_88' title="bbox 2212 4661 3778 4752">
     <span class='ocr_line' id='line_1_88' title="bbox 2212 4661 3778 4752; baseline -0.015 -16"><span class='ocrx_word' id='word_1_648' title='bbox 2212 4682 2450 4752; x_wconf 85' lang='grc' dir='ltr'>μάλιστα</span> <span class='ocrx_word' id='word_1_649' title='bbox 2483 4680 2597 4740; x_wconf 78' lang='grc' dir='ltr'>τοῖς</span> <span class='ocrx_word' id='word_1_650' title='bbox 2617 4675 3010 4747; x_wconf 78' lang='grc' dir='ltr'>γραφομένοις.</span> <span class='ocrx_word' id='word_1_651' title='bbox 3062 4671 3160 4725; x_wconf 89' lang='grc' dir='ltr'><strong>Διὰ</strong></span> <span class='ocrx_word' id='word_1_652' title='bbox 3181 4666 3238 4723; x_wconf 79' lang='grc' dir='ltr'><strong>δέ</strong></span> <span class='ocrx_word' id='word_1_653' title='bbox 3267 4668 3328 4722; x_wconf 85' lang='grc' dir='ltr'>τδ</span> <span class='ocrx_word' id='word_1_654' title='bbox 3379 4666 3583 4734; x_wconf 74' lang='grc' dir='ltr'>ἄτυφον</span> <span class='ocrx_word' id='word_1_655' title='bbox 3626 4661 3778 4752; x_wconf 58' lang='grc' dir='ltr'>[οὐκ]</span> 
     </span>
    </p>
   </div>
   <div class='ocr_carea' id='block_1_89' title="bbox 519 4747 2133 4845">
    <p class='ocr_par' dir='ltr' id='par_1_89' title="bbox 519 4747 2094 4845">
     <span class='ocr_line' id='line_1_89' title="bbox 519 4747 2094 4845; baseline 0 -16"><span class='ocrx_word' id='word_1_656' title='bbox 519 4775 788 4838; x_wconf 69' lang='lat' dir='ltr'><strong>Cmterum</strong></span> <span class='ocrx_word' id='word_1_657' title='bbox 819 4787 930 4843; x_wconf 70' lang='lat' dir='ltr'><strong>pra:</strong></span> <span class='ocrx_word' id='word_1_658' title='bbox 959 4770 1225 4826; x_wconf 74' lang='lat' dir='ltr'><strong>modestia</strong></span> <span class='ocrx_word' id='word_1_659' title='bbox 1272 4747 1401 4826; x_wconf 69' lang='lat' dir='ltr'><strong>non</strong></span> <span class='ocrx_word' id='word_1_660' title='bbox 1442 4772 1580 4826; x_wconf 74' lang='lat' dir='ltr'><strong>dixit</strong></span> <span class='ocrx_word' id='word_1_661' title='bbox 1616 4790 1630 4826; x_wconf 87' lang='lat'><strong>:</strong></span> <span class='ocrx_word' id='word_1_662' title='bbox 1669 4771 1913 4828; x_wconf 81' lang='lat' dir='ltr'><strong>Primum</strong></span> <span class='ocrx_word' id='word_1_663' title='bbox 1967 4777 2094 4845; x_wconf 90' lang='lat' dir='ltr'><strong>qni-</strong></span> 
     </span>
    </p>
   </div>
   <div class='ocr_carea' id='block_1_90' title="bbox 2169 4747 3783 4845">
    <p class='ocr_par' dir='ltr' id='par_1_90' title="bbox 2209 4747 3783 4842">
     <span class='ocr_line' id='line_1_90' title="bbox 2209 4747 3783 4842; baseline -0.013 -14"><span class='ocrx_word' id='word_1_664' title='bbox 2209 4747 2327 4829; x_wconf 78' lang='grc' dir='ltr'>εῐπε</span> <span class='ocrx_word' id='word_1_665' title='bbox 2357 4789 2372 4805; x_wconf 76' lang='grc' dir='ltr'><strong>ο</strong></span> <span class='ocrx_word' id='word_1_666' title='bbox 2400 4772 2476 4828; x_wconf 84' lang='grc' dir='ltr'><strong>Τδ</strong></span> <span class='ocrx_word' id='word_1_667' title='bbox 2511 4771 2614 4842; x_wconf 78' lang='grc' dir='ltr'>μὲν</span> <span class='ocrx_word' id='word_1_668' title='bbox 2662 4769 2881 4837; x_wconf 83' lang='grc' dir='ltr'>πρῶτον</span> <span class='ocrx_word' id='word_1_669' title='bbox 2940 4763 3272 4834; x_wconf 80' lang='grc' dir='ltr'>Εὐαγγέλιον</span> <span class='ocrx_word' id='word_1_670' title='bbox 3344 4758 3709 4828; x_wconf 79' lang='grc' dir='ltr'>ἐποιησάμην,</span> <span class='ocrx_word' id='word_1_671' title='bbox 3733 4747 3783 4807; x_wconf 83' lang='grc' dir='ltr'><strong>ὦ</strong></span> 
     </span>
    </p>
   </div>
   <div class='ocr_carea' id='block_1_91' title="bbox 519 4845 2133 4937">
    <p class='ocr_par' dir='ltr' id='par_1_91' title="bbox 519 4862 2098 4937">
     <span class='ocr_line' id='line_1_91' title="bbox 519 4862 2098 4937; baseline 0.001 -15"><span class='ocrx_word' id='word_1_672' title='bbox 519 4869 643 4922; x_wconf 83' lang='lat' dir='ltr'><strong>dem</strong></span> <span class='ocrx_word' id='word_1_673' title='bbox 700 4864 1053 4929; x_wconf 71' lang='lat' dir='ltr'><strong>Evangelium</strong></span> <span class='ocrx_word' id='word_1_674' title='bbox 1110 4862 1248 4929; x_wconf 82' lang='lat' dir='ltr'><strong>feci,</strong></span> <span class='ocrx_word' id='word_1_675' title='bbox 1293 4880 1329 4920; x_wconf 93' lang='lat' dir='ltr'><strong>o</strong></span> <span class='ocrx_word' id='word_1_676' title='bbox 1390 4864 1709 4935; x_wconf 84' lang='lat' dir='ltr'><strong>TheOphile.</strong></span> <span class='ocrx_word' id='word_1_677' title='bbox 1764 4865 2098 4937; x_wconf 86' lang='lat' dir='ltr'><strong>Theophilus</strong></span> 
     </span>
    </p>
   </div>
   <div class='ocr_carea' id='block_1_92' title="bbox 2167 4845 3781 4937">
    <p class='ocr_par' dir='ltr' id='par_1_92' title="bbox 2205 4845 3781 4935">
     <span class='ocr_line' id='line_1_92' title="bbox 2205 4845 3781 4935; baseline -0.014 -14"><span class='ocrx_word' id='word_1_678' title='bbox 2205 4864 2453 4935; x_wconf 78' lang='grc' dir='ltr'>Θεόφιλε.</span> <span class='ocrx_word' id='word_1_679' title='bbox 2502 4858 2673 4923; x_wconf 72' lang='grc' dir='ltr'>Οὗτος</span> <span class='ocrx_word' id='word_1_680' title='bbox 2703 4860 2757 4913; x_wconf 84' lang='grc' dir='ltr'><strong>δὲ</strong></span> <span class='ocrx_word' id='word_1_681' title='bbox 2783 4854 2864 4922; x_wconf 74' lang='grc' dir='ltr'>εἷς</span> <span class='ocrx_word' id='word_1_682' title='bbox 2893 4854 2962 4931; x_wconf 77' lang='grc' dir='ltr'>ἦν</span> <span class='ocrx_word' id='word_1_683' title='bbox 3009 4856 3119 4910; x_wconf 86' lang='grc' dir='ltr'><strong>τῶν</strong></span> <span class='ocrx_word' id='word_1_684' title='bbox 3172 4850 3593 4925; x_wconf 76' lang='grc' dir='ltr'>κατηχηθέντων</span> <span class='ocrx_word' id='word_1_685' title='bbox 3647 4845 3781 4916; x_wconf 79' lang='grc' dir='ltr'>παρ’</span> 
     </span>
    </p>
   </div>
   <div class='ocr_carea' id='block_1_93' title="bbox 521 4952 2135 5027">
    <p class='ocr_par' dir='ltr' id='par_1_93' title="bbox 521 4952 2097 5027">
     <span class='ocr_line' id='line_1_93' title="bbox 521 4952 2097 5027; baseline 0.002 -18"><span class='ocrx_word' id='word_1_686' title='bbox 521 4970 654 5021; x_wconf 68' lang='lat' dir='ltr'><strong>vero</strong></span> <span class='ocrx_word' id='word_1_687' title='bbox 683 4954 788 5009; x_wconf 88' lang='lat' dir='ltr'><strong>iste</strong></span> <span class='ocrx_word' id='word_1_688' title='bbox 820 4967 962 5007; x_wconf 90' lang='lat' dir='ltr'><strong>unus</strong></span> <span class='ocrx_word' id='word_1_689' title='bbox 994 4967 1059 5007; x_wconf 76' lang='lat' dir='ltr'><strong>ex</strong></span> <span class='ocrx_word' id='word_1_690' title='bbox 1091 4952 1157 5007; x_wconf 89' lang='lat' dir='ltr'><strong>iis</strong></span> <span class='ocrx_word' id='word_1_691' title='bbox 1184 4964 1301 5010; x_wconf 87' lang='lat' dir='ltr'><strong>erat</strong></span> <span class='ocrx_word' id='word_1_692' title='bbox 1329 4954 1422 5025; x_wconf 90' lang='lat' dir='ltr'><strong>qui</strong></span> <span class='ocrx_word' id='word_1_693' title='bbox 1455 4954 1525 5009; x_wconf 87' lang='lat' dir='ltr'><strong>ab</strong></span> <span class='ocrx_word' id='word_1_694' title='bbox 1554 4954 1676 5025; x_wconf 89' lang='lat' dir='ltr'><strong>ipso</strong></span> <span class='ocrx_word' id='word_1_695' title='bbox 1704 4956 1926 5026; x_wconf 89' lang='lat' dir='ltr'><strong>pietatis</strong></span> <span class='ocrx_word' id='word_1_696' title='bbox 1957 4972 2097 5027; x_wconf 76' lang='lat' dir='ltr'><strong>pra:-</strong></span> 
     </span>
    </p>
   </div>
   <div class='ocr_carea' id='block_1_94' title="bbox 1208 4952 2822 5027">
    <p class='ocr_par' dir='ltr' id='par_1_94' title="bbox 1208 4953 2822 5027">
     <span class='ocr_line' id='line_1_94' title="bbox 1208 4953 2822 5027; baseline -0.001 -20"><span class='ocrx_word' id='word_1_697' title='bbox 1208 4964 1301 5010; x_wconf 69' lang='grc' dir='ltr'>ιτιιι</span> <span class='ocrx_word' id='word_1_698' title='bbox 1329 4954 1422 5025; x_wconf 90' lang='lat' dir='ltr'><strong>qui</strong></span> <span class='ocrx_word' id='word_1_699' title='bbox 1455 4954 1525 5009; x_wconf 88' lang='lat' dir='ltr'><strong>ab</strong></span> <span class='ocrx_word' id='word_1_700' title='bbox 1554 4954 1676 5025; x_wconf 90' lang='lat' dir='ltr'><strong>ipso</strong></span> <span class='ocrx_word' id='word_1_701' title='bbox 1704 4956 1926 5026; x_wconf 86' lang='lat' dir='ltr'><strong>pietatis</strong></span> <span class='ocrx_word' id='word_1_702' title='bbox 1957 4972 2097 5027; x_wconf 69' lang='lat' dir='ltr'><strong>prte-</strong></span> <span class='ocrx_word' id='word_1_703' title='bbox 2204 4957 2373 5015; x_wconf 76' lang='grc' dir='ltr'>αὐτοῦ</span> <span class='ocrx_word' id='word_1_704' title='bbox 2392 4958 2494 5027; x_wconf 77' lang='grc' dir='ltr'><strong>τὴν</strong></span> <span class='ocrx_word' id='word_1_705' title='bbox 2521 4953 2822 5008; x_wconf 76' lang='grc' dir='ltr'>εὐσέϐειαν.</span> 
     </span>
    </p>
   </div>
   <div class='ocr_carea' id='block_1_95' title="bbox 520 5044 1200 5120">
    <p class='ocr_par' dir='ltr' id='par_1_95' title="bbox 520 5044 1200 5120">
     <span class='ocr_line' id='line_1_95' title="bbox 520 5044 1200 5120; baseline -0.003 -17"><span class='ocrx_word' id='word_1_706' title='bbox 520 5047 695 5120; x_wconf 79' lang='lat' dir='ltr'><strong>ceptis</strong></span> <span class='ocrx_word' id='word_1_707' title='bbox 732 5045 925 5102; x_wconf 88' lang='lat' dir='ltr'><strong>imbuti</strong></span> <span class='ocrx_word' id='word_1_708' title='bbox 963 5044 1200 5102; x_wconf 79' lang='lat' dir='ltr'><strong>fuerant.</strong></span> 
     </span>
    </p>
   </div>
   <div class='ocr_carea' id='block_1_96' title="bbox 596 5130 2210 5211">
    <p class='ocr_par' dir='ltr' id='par_1_96' title="bbox 596 5137 2100 5208">
     <span class='ocr_line' id='line_1_96' title="bbox 596 5137 2100 5208; baseline 0.005 -18"><span class='ocrx_word' id='word_1_709' title='bbox 596 5157 615 5190; x_wconf 73' lang='grc' dir='ltr'><strong>ι</strong></span> <span class='ocrx_word' id='word_1_710' title='bbox 651 5137 783 5204; x_wconf 69' lang='lat' dir='ltr'><strong>Quae</strong></span> <span class='ocrx_word' id='word_1_711' title='bbox 810 5137 997 5206; x_wconf 75' lang='lat' dir='ltr'><strong>cmpit.</strong></span> <span class='ocrx_word' id='word_1_712' title='bbox 1037 5157 1056 5189; x_wconf 74' lang='grc' dir='ltr'><strong>ι</strong></span> <span class='ocrx_word' id='word_1_713' title='bbox 1089 5137 1350 5193; x_wconf 79' lang='lat' dir='ltr'><strong>Miraeula</strong></span> <span class='ocrx_word' id='word_1_714' title='bbox 1386 5138 1597 5193; x_wconf 83' lang='lat' dir='ltr'><strong>scilicet</strong></span> <span class='ocrx_word' id='word_1_715' title='bbox 1625 5146 1681 5194; x_wconf 86' lang='lat' dir='ltr'><strong>et</strong></span> <span class='ocrx_word' id='word_1_716' title='bbox 1709 5139 2007 5208; x_wconf 85' lang='lat' dir='ltr'><strong>doctrinas,</strong></span> <span class='ocrx_word' id='word_1_717' title='bbox 2044 5150 2100 5197; x_wconf 92' lang='lat' dir='ltr'><strong>et</strong></span> 
     </span>
    </p>
   </div>
   <div class='ocr_carea' id='block_1_97' title="bbox 2166 5130 3780 5211">
    <p class='ocr_par' dir='ltr' id='par_1_97' title="bbox 2280 5130 3780 5211">
     <span class='ocr_line' id='line_1_97' title="bbox 2280 5130 3780 5211; baseline -0.009 -17"><span class='ocrx_word' id='word_1_718' title='bbox 2280 5160 2300 5194; x_wconf 79' lang='grc' dir='ltr'><strong>ι</strong></span> <span class='ocrx_word' id='word_1_719' title='bbox 2339 5136 2440 5194; x_wconf 82' lang='grc' dir='ltr'>Ὦν</span> <span class='ocrx_word' id='word_1_720' title='bbox 2469 5140 2694 5211; x_wconf 69' lang='grc' dir='ltr'>ἤρξατο.</span> <span class='ocrx_word' id='word_1_721' title='bbox 2729 5156 2746 5187; x_wconf 76' lang='grc' dir='ltr'><strong>ι</strong></span> <span class='ocrx_word' id='word_1_722' title='bbox 2775 5138 2855 5191; x_wconf 83' lang='grc' dir='ltr'>Τἀ</span> <span class='ocrx_word' id='word_1_723' title='bbox 2889 5134 3142 5205; x_wconf 73' lang='grc' dir='ltr'>Θαύματα</span> <span class='ocrx_word' id='word_1_724' title='bbox 3174 5132 3268 5188; x_wconf 68' lang='grc' dir='ltr'><strong>καὶ¹</strong></span> <span class='ocrx_word' id='word_1_725' title='bbox 3297 5133 3397 5197; x_wconf 80' lang='grc' dir='ltr'>τὰς</span> <span class='ocrx_word' id='word_1_726' title='bbox 3429 5130 3780 5191; x_wconf 77' lang='grc' dir='ltr'>διδασκαλίας</span> 
     </span>
    </p>
   </div>
   <div class='ocr_carea' id='block_1_98' title="bbox 521 5223 2135 5306">
    <p class='ocr_par' dir='ltr' id='par_1_98' title="bbox 521 5228 2097 5300">
     <span class='ocr_line' id='line_1_98' title="bbox 521 5228 2097 5300; baseline 0.004 -19"><span class='ocrx_word' id='word_1_727' title='bbox 521 5239 787 5298; x_wconf 67' lang='lat' dir='ltr'><strong>praeterea</strong></span> <span class='ocrx_word' id='word_1_728' title='bbox 826 5229 980 5300; x_wconf 86' lang='lat' dir='ltr'><strong>quod</strong></span> <span class='ocrx_word' id='word_1_729' title='bbox 1046 5228 1301 5284; x_wconf 79' lang='lat' dir='ltr'><strong>faciendo</strong></span> <span class='ocrx_word' id='word_1_730' title='bbox 1349 5228 1602 5283; x_wconf 80' lang='lat' dir='ltr'><strong>docuerit</strong></span> <span class='ocrx_word' id='word_1_731' title='bbox 1638 5245 1652 5284; x_wconf 89' lang='lat'><strong>:</strong></span> <span class='ocrx_word' id='word_1_732' title='bbox 1690 5245 1800 5285; x_wconf 91' lang='lat' dir='ltr'><strong>non</strong></span> <span class='ocrx_word' id='word_1_733' title='bbox 1831 5235 1976 5287; x_wconf 91' lang='lat' dir='ltr'><strong>enim</strong></span> <span class='ocrx_word' id='word_1_734' title='bbox 2007 5234 2097 5289; x_wconf 91' lang='lat' dir='ltr'><strong>ille</strong></span> 
     </span>
    </p>
   </div>
   <div class='ocr_carea' id='block_1_99' title="bbox 2163 5223 3777 5306">
    <p class='ocr_par' dir='ltr' id='par_1_99' title="bbox 2206 5223 3777 5306">
     <span class='ocr_line' id='line_1_99' title="bbox 2206 5223 3777 5306; baseline -0.01 -19"><span class='ocrx_word' id='word_1_735' title='bbox 2206 5233 2395 5306; x_wconf 83' lang='grc' dir='ltr'>φησίν.</span> <span class='ocrx_word' id='word_1_736' title='bbox 2433 5234 2508 5284; x_wconf 78' lang='grc' dir='ltr'><strong>Οὐ</strong></span> <span class='ocrx_word' id='word_1_737' title='bbox 2536 5230 2695 5283; x_wconf 83' lang='grc' dir='ltr'>τοῦτο</span> <span class='ocrx_word' id='word_1_738' title='bbox 2717 5231 2770 5285; x_wconf 73' lang='grc' dir='ltr'><strong>δὲ</strong></span> <span class='ocrx_word' id='word_1_739' title='bbox 2802 5230 2980 5300; x_wconf 68' lang='grc' dir='ltr'>μόνον,</span> <span class='ocrx_word' id='word_1_740' title='bbox 3041 5225 3158 5280; x_wconf 80' lang='grc' dir='ltr'>ἀλλ’</span> <span class='ocrx_word' id='word_1_741' title='bbox 3188 5226 3271 5280; x_wconf 84' lang='grc' dir='ltr'>ὅτι</span> <span class='ocrx_word' id='word_1_742' title='bbox 3325 5225 3421 5278; x_wconf 74' lang='grc' dir='ltr'><strong>καὶ</strong></span> <span class='ocrx_word' id='word_1_743' title='bbox 3474 5223 3554 5295; x_wconf 84' lang='grc' dir='ltr'>τῷ</span> <span class='ocrx_word' id='word_1_744' title='bbox 3602 5224 3777 5275; x_wconf 85' lang='grc' dir='ltr'>ποιεῖν</span> 
     </span>
    </p>
   </div>
   <div class='ocr_carea' id='block_1_100' title="bbox 523 5314 2137 5395">
    <p class='ocr_par' dir='ltr' id='par_1_100' title="bbox 523 5321 2096 5395">
     <span class='ocr_line' id='line_1_100' title="bbox 523 5321 2096 5395; baseline 0.007 -25"><span class='ocrx_word' id='word_1_745' title='bbox 523 5321 706 5376; x_wconf 78' lang='lat' dir='ltr'><strong>verbis</strong></span> <span class='ocrx_word' id='word_1_746' title='bbox 731 5331 942 5378; x_wconf 82' lang='lat' dir='ltr'><strong>tantum</strong></span> <span class='ocrx_word' id='word_1_747' title='bbox 980 5321 1270 5386; x_wconf 85' lang='lat' dir='ltr'><strong>suadebat,</strong></span> <span class='ocrx_word' id='word_1_748' title='bbox 1303 5322 1397 5376; x_wconf 86' lang='lat' dir='ltr'><strong>sed</strong></span> <span class='ocrx_word' id='word_1_749' title='bbox 1438 5324 1719 5391; x_wconf 88' lang='lat' dir='ltr'><strong>operando</strong></span> <span class='ocrx_word' id='word_1_750' title='bbox 1757 5328 2096 5395; x_wconf 84' lang='lat' dir='ltr'><strong>provocabat</strong></span> 
     </span>
    </p>
   </div>
   <div class='ocr_carea' id='block_1_101' title="bbox 2160 5314 3774 5395">
    <p class='ocr_par' dir='ltr' id='par_1_101' title="bbox 2205 5314 3774 5393">
     <span class='ocr_line' id='line_1_101' title="bbox 2205 5314 3774 5393; baseline -0.01 -12"><span class='ocrx_word' id='word_1_751' title='bbox 2205 5327 2507 5381; x_wconf 83' lang='grc' dir='ltr'>ἐδίδασκεν.</span> <span class='ocrx_word' id='word_1_752' title='bbox 2533 5326 2607 5377; x_wconf 84' lang='grc' dir='ltr'><strong>Οὐ</strong></span> <span class='ocrx_word' id='word_1_753' title='bbox 2632 5325 2739 5393; x_wconf 70' lang='grc' dir='ltr'><strong>γὰρ</strong></span> <span class='ocrx_word' id='word_1_754' title='bbox 2772 5323 2916 5392; x_wconf 83' lang='grc' dir='ltr'>λόγῳ</span> <span class='ocrx_word' id='word_1_755' title='bbox 2963 5322 3060 5392; x_wconf 86' lang='grc' dir='ltr'><strong>μέν</strong></span> <span class='ocrx_word' id='word_1_756' title='bbox 3095 5320 3369 5392; x_wconf 80' lang='grc' dir='ltr'>ἐπέτρεπε</span> <span class='ocrx_word' id='word_1_757' title='bbox 3422 5320 3535 5381; x_wconf 84' lang='grc' dir='ltr'>τοῖς</span> <span class='ocrx_word' id='word_1_758' title='bbox 3594 5314 3774 5377; x_wconf 83' lang='grc' dir='ltr'>ἄλλοις</span> 
     </span>
    </p>
   </div>
   <div class='ocr_carea' id='block_1_102' title="bbox 597 5456 985 5513">
    <p class='ocr_par' dir='ltr' id='par_1_102' title="bbox 597 5456 985 5513">
     <span class='ocr_line' id='line_1_102' title="bbox 597 5456 985 5513; baseline 0 -2"><span class='ocrx_word' id='word_1_759' title='bbox 597 5456 781 5513; x_wconf 74' lang='lat' dir='ltr'><strong>’Luc.</strong></span> <span class='ocrx_word' id='word_1_760' title='bbox 839 5475 877 5513; x_wconf 83' lang='grc' dir='ltr'><strong>ι.</strong></span> <span class='ocrx_word' id='word_1_761' title='bbox 931 5459 985 5512; x_wconf 80' lang='lat'><strong>5.</strong></span> 
     </span>
    </p>
   </div>
   <div class='ocr_carea' id='block_1_103' title="bbox 862 5501 2589 5603">
    <p class='ocr_par' dir='ltr' id='par_1_103' title="bbox 862 5501 2589 5603">
     <span class='ocr_line' id='line_1_103' title="bbox 862 5501 1927 5525; baseline 0.016 -23"><span class='ocrx_word' id='word_1_762' title='bbox 862 5501 877 5525; x_wconf 73' lang='grc'><em>,</em></span> <span class='ocrx_word' id='word_1_763' title='bbox 931 5501 985 5512; x_wconf 66' lang='grc' dir='ltr'>ν,</span> <span class='ocrx_word' id='word_1_764' title='bbox 1924 5516 1927 5519; x_wconf 74' lang='grc'><strong>,</strong></span> 
     </span>
     <span class='ocr_line' id='line_1_104' title="bbox 1706 5531 2589 5603; baseline 0 -11"><span class='ocrx_word' id='word_1_765' title='bbox 1706 5531 1905 5593; x_wconf 77' lang='lat' dir='ltr'><strong>Varite</strong></span> <span class='ocrx_word' id='word_1_766' title='bbox 1948 5532 2254 5598; x_wconf 85' lang='lat' dir='ltr'><strong>lectiones</strong></span> <span class='ocrx_word' id='word_1_767' title='bbox 2298 5538 2360 5597; x_wconf 82' lang='lat' dir='ltr'><strong>et</strong></span> <span class='ocrx_word' id='word_1_768' title='bbox 2406 5539 2589 5603; x_wconf 73' lang='lat' dir='ltr'><strong>notae.</strong></span> 
     </span>
    </p>
   </div>
   <div class='ocr_carea' id='block_1_104' title="bbox 597 5646 3770 5729">
    <p class='ocr_par' dir='ltr' id='par_1_104' title="bbox 597 5646 3770 5729">
     <span class='ocr_line' id='line_1_105' title="bbox 597 5646 3770 5729; baseline -0.004 -20"><span class='ocrx_word' id='word_1_769' title='bbox 597 5655 674 5724; x_wconf 88' lang='grc' dir='ltr'><strong>(ι)</strong></span> <span class='ocrx_word' id='word_1_770' title='bbox 704 5655 777 5709; x_wconf 84' lang='lat' dir='ltr'><strong>Ita</strong></span> <span class='ocrx_word' id='word_1_771' title='bbox 814 5666 965 5729; x_wconf 84' lang='lat' dir='ltr'><strong>verto</strong></span> <span class='ocrx_word' id='word_1_772' title='bbox 988 5662 1161 5729; x_wconf 75' lang='lat' dir='ltr'><strong>magis</strong></span> <span class='ocrx_word' id='word_1_773' title='bbox 1190 5672 1376 5726; x_wconf 68' lang='lat' dir='ltr'><strong>presse</strong></span> <span class='ocrx_word' id='word_1_774' title='bbox 1399 5659 1464 5711; x_wconf 85' lang='lat' dir='ltr'><strong>ad</strong></span> <span class='ocrx_word' id='word_1_775' title='bbox 1498 5664 1705 5713; x_wconf 81' lang='lat' dir='ltr'><strong>textum</strong></span> <span class='ocrx_word' id='word_1_776' title='bbox 1734 5659 2006 5718; x_wconf 63' lang='lat' dir='ltr'><strong>Graveum,</strong></span> <span class='ocrx_word' id='word_1_777' title='bbox 2037 5672 2097 5716; x_wconf 80' lang='grc' dir='ltr'><strong>ιιι</strong></span> <span class='ocrx_word' id='word_1_778' title='bbox 2207 5660 2529 5729; x_wconf 60' lang='lat' dir='ltr'><strong>exscripsit,</strong></span> <span class='ocrx_word' id='word_1_779' title='bbox 2561 5674 2656 5724; x_wconf 83' lang='lat' dir='ltr'><strong>pro</strong></span> <span class='ocrx_word' id='word_1_780' title='bbox 2687 5673 2784 5713; x_wconf 88' lang='lat' dir='ltr'><strong>sua</strong></span> <span class='ocrx_word' id='word_1_781' title='bbox 2813 5656 3092 5729; x_wconf 67' lang='lat' dir='ltr'><strong>diligentia</strong></span> <span class='ocrx_word' id='word_1_782' title='bbox 3137 5652 3425 5729; x_wconf 78' lang='lat' dir='ltr'><strong>annotavit</strong></span> <span class='ocrx_word' id='word_1_783' title='bbox 3450 5649 3613 5729; x_wconf 73' lang='lat' dir='ltr'><strong>verba</strong></span> <span class='ocrx_word' id='word_1_784' title='bbox 3643 5646 3770 5711; x_wconf 80' lang='lat' dir='ltr'><strong>ista,</strong></span> 
     </span>
    </p>
   </div>
   <div class='ocr_carea' id='block_1_105' title="bbox 528 5719 3773 5803">
    <p class='ocr_par' dir='ltr' id='par_1_105' title="bbox 528 5719 3773 5803">
     <span class='ocr_line' id='line_1_106' title="bbox 528 5719 3773 5803; baseline -0.002 -26"><span class='ocrx_word' id='word_1_785' title='bbox 528 5719 1457 5803; x_wconf 38' lang='lat' dir='ltr'><strong>continentatoris.animadversioni</strong></span> <span class='ocrx_word' id='word_1_786' title='bbox 1492 5728 1561 5781; x_wconf 84' lang='lat' dir='ltr'><strong>sit</strong></span> <span class='ocrx_word' id='word_1_787' title='bbox 1603 5731 1779 5786; x_wconf 87' lang='lat' dir='ltr'><strong>locus.</strong></span> <span class='ocrx_word' id='word_1_788' title='bbox 1812 5729 1971 5801; x_wconf 81' lang='lat' dir='ltr'><strong>Vulg.</strong></span> <span class='ocrx_word' id='word_1_789' title='bbox 1999 5733 2092 5785; x_wconf 84' lang='lat' dir='ltr'><strong>ha-</strong></span> <span class='ocrx_word' id='word_1_790' title='bbox 2205 5731 2368 5803; x_wconf 81' lang='grc' dir='ltr'>Τέλος</span> <span class='ocrx_word' id='word_1_791' title='bbox 2389 5719 2484 5783; x_wconf 72' lang='grc' dir='ltr'>τοῦ</span> <span class='ocrx_word' id='word_1_792' title='bbox 2518 5719 2730 5798; x_wconf 62' lang='grc' dir='ltr'><strong>Πάσχα,</strong></span> <span class='ocrx_word' id='word_1_793' title='bbox 2755 5728 2875 5796; x_wconf 78' lang='lat' dir='ltr'><strong>ﬁnis</strong></span> <span class='ocrx_word' id='word_1_794' title='bbox 2898 5726 3134 5794; x_wconf 68' lang='lat' dir='ltr'><strong>Pascitur,</strong></span> <span class='ocrx_word' id='word_1_795' title='bbox 3165 5740 3288 5780; x_wconf 83' lang='lat' dir='ltr'><strong>esse</strong></span> <span class='ocrx_word' id='word_1_796' title='bbox 3323 5723 3375 5777; x_wconf 91' lang='lat' dir='ltr'><strong>in</strong></span> <span class='ocrx_word' id='word_1_797' title='bbox 3410 5719 3600 5776; x_wconf 77' lang='lat' dir='ltr'><strong>cedite</strong></span> <span class='ocrx_word' id='word_1_798' title='bbox 3627 5734 3658 5771; x_wconf 93' lang='lat' dir='ltr'><strong>a</strong></span> <span class='ocrx_word' id='word_1_799' title='bbox 3687 5730 3773 5772; x_wconf 77' lang='lat' dir='ltr'><strong>re-</strong></span> 
     </span>
    </p>
   </div>
   <div class='ocr_carea' id='block_1_106' title="bbox 529 5790 2784 5860">
    <p class='ocr_par' dir='ltr' id='par_1_106' title="bbox 529 5790 2784 5860">
     <span class='ocr_line' id='line_1_107' title="bbox 529 5790 2784 5860; baseline -0.003 -13"><span class='ocrx_word' id='word_1_800' title='bbox 529 5792 621 5847; x_wconf 75' lang='lat' dir='ltr'><strong>Let</strong></span> <span class='ocrx_word' id='word_1_801' title='bbox 663 5808 676 5842; x_wconf 90' lang='lat'><strong>:</strong></span> <span class='ocrx_word' id='word_1_802' title='bbox 711 5790 885 5860; x_wconf 79' lang='lat' dir='ltr'><strong>Igitur</strong></span> <span class='ocrx_word' id='word_1_803' title='bbox 903 5794 990 5860; x_wconf 83' lang='lat' dir='ltr'><strong>qui</strong></span> <span class='ocrx_word' id='word_1_804' title='bbox 1015 5807 1382 5848; x_wconf 76' lang='lat' dir='ltr'><strong>conuenerant.</strong></span> <span class='ocrx_word' id='word_1_805' title='bbox 1919 5790 1948 5801; x_wconf 63' lang='grc' dir='ltr'>ν</span> <span class='ocrx_word' id='word_1_806' title='bbox 2200 5790 2434 5855; x_wconf 50' lang='lat' dir='ltr'><strong>tenuare</strong></span> <span class='ocrx_word' id='word_1_807' title='bbox 2462 5790 2784 5853; x_wconf 67' lang='grc' dir='ltr'>αιναιηὲηιό,</span> 
     </span>
    </p>
   </div>
   <div class='ocr_carea' id='block_1_107' title="bbox 603 5859 2087 5928">
    <p class='ocr_par' dir='ltr' id='par_1_107' title="bbox 603 5859 2087 5928">
     <span class='ocr_line' id='line_1_108' title="bbox 603 5859 2087 5928; baseline 0.009 -17"><span class='ocrx_word' id='word_1_808' title='bbox 603 5860 680 5928; x_wconf 71' lang='grc'><strong>(2)</strong></span> <span class='ocrx_word' id='word_1_809' title='bbox 704 5859 806 5923; x_wconf 78' lang='lat' dir='ltr'><strong>Qui</strong></span> <span class='ocrx_word' id='word_1_810' title='bbox 834 5859 979 5914; x_wconf 91' lang='lat' dir='ltr'><strong>hunc</strong></span> <span class='ocrx_word' id='word_1_811' title='bbox 1010 5869 1463 5919; x_wconf 84' lang='lat' dir='ltr'><strong>commentarium</strong></span> <span class='ocrx_word' id='word_1_812' title='bbox 1510 5883 1573 5922; x_wconf 76' lang='lat' dir='ltr'><strong>ex</strong></span> <span class='ocrx_word' id='word_1_813' title='bbox 1606 5870 1793 5925; x_wconf 86' lang='lat' dir='ltr'><strong>codice</strong></span> <span class='ocrx_word' id='word_1_814' title='bbox 1823 5870 2087 5926; x_wconf 80' lang='lat' dir='ltr'><strong>Vaticano</strong></span> 
     </span>
    </p>
   </div>
  </div>
