4088 6206
393 310 498 374 853

1065 310 1599 376 EXPOSITIONIS
1637 313 1719 375 IN
1757 314 1946 376 ACTA
1983 314 2280 375 TEXTUS
2314 315 2580 375 ALTER.
2620 312 2687 351 -έ
2715 317 2878 377 CAP.
2917 317 2966 377 Ι.

3530 323 3639 388 854

321 471 329 499 .
396 424 680 495 πράττειν,
718 423 881 486 αὐτὸς
917 424 973 478 δέ
1004 425 1104 479 οὐκ
1135 418 1395 498 ἔπραττε.
1428 429 1526 485 Διά
1546 426 1704 482 τοῦτο
1734 427 1966 498 παρῄνει
1997 450 2010 482 έ

2113 439 2282 485 mnes,
2335 434 2394 480 ttt
2428 427 2495 482 ad
2546 418 2910 483 imitationem
2941 427 3162 483 virtutis
3215 443 3333 485 sesc
3366 432 3634 497 transfer:

398 519 477 580 εἰς
516 516 748 585 μίμησιν
772 517 976 589 ἀρετῆς
1007 502 1412 588 μετατίθεσθαι.

474 626 495 659 ι
528 608 691 679 Ἀχρι
719 601 808 679 ἦς.
837 627 854 660 ι
907 607 969 661 ἸΙ
998 607 1249 675 σύνταξις
1289 609 1465 663 οὕτω·
1514 630 1531 662 ι
1569 609 1669 664 Διά
1712 609 1966 680 Πνεύμα-

394 713 484 759 τος
502 697 662 765 ἀγίου
686 699 1118 768 ἐντειλάμενος,ι
1138 701 1403 767 τουτέστι,
1425 701 1812 770 πνευματικῶς
1831 702 1968 773 πρὸς

397 790 597 855 αὐτοὺς
626 790 797 844 είπὼν
822 792 887 845 τὰ
906 793 1146 864 ῥήματα,
1174 794 1329 847 οὐδὲν
1382 792 1786 866 ἀνθρώπινον...
1826 796 1859 862 ἢ
1889 796 1970 849 ὅτι

398 883 583 946 αὐτοῖς
616 883 674 934 ἐν
697 883 1323 954 Πνεύματιένετείλατο.
1359 886 1531 941 Ἔνθα
1574 886 1683 958 γάρ
1739 889 1768 941 ό
1832 888 1971 951 Υἱός

399 992 450 1027 τι
480 974 894 1045 διαπράττεται,
930 976 1122 1029 ἐκείτὸ
1150 977 1377 1047 Πνεῦμα
1413 977 1488 1040 ὡς
1528 977 1767 1049 ὁμοφυές
1822 979 1974 1048 ἐνερ-

400 1069 489 1134 γεῖ
509 1068 602 1119 καὶ
630 1067 997 1136 συμπάρεστι.
1043 1068 1109 1120 Τί
1133 1069 1189 1122 δὲ
1216 1069 1520 1125 ἐνετείλατο
1550 1089 1565 1137 ;
1599 1089 1616 1122 t
1673 1069 1973 1141 Πορευθέν-

403 1175 492 1221 τες
509 1156 887 1229 μαθητεύσατε
919 1161 1096 1214 πάντα
1124 1161 1193 1213 τὰ
1219 1160 1368 1232 ἔθνη,
1400 1183 1418 1214 ι
1449 1162 1546 1217 καὶ
1584 1163 1650 1216 τὰ
1686 1161 1833 1231 ἑξῆς.

484 1451 502 1482 ι
532 1430 639 1491 Οὓς
694 1429 996 1497 ἐξελέξατο.
1033 1449 1053 1482 ι
1092 1432 1207 1485 Οὔκ
1259 1429 1380 1485 εἷπε
1443 1433 1522 1500 δέ,
1565 1434 1732 1503 ἀνέϐη
1765 1474 1781 1501 ,
1831 1436 1970 1502 ἀλλ’,

420 1545 437 1576 ι
461 1523 760 1596 ἁνελήφθη¹
800 1542 819 1575 ι
850 1524 930 1576 ἐτι
948 1525 1056 1594 γὰρ
1077 1524 1150 1588 ὡς
1184 1528 1311 1596 περὶ
1337 1525 1625 1598 ἀνθρώπου
1651 1528 1975 1597 διαλέγεται.

410 1616 599 1669 Ἰναδέ
635 1614 709 1686 μὴ
731 1615 981 1685 νομίσῃς,
1004 1615 1086 1669 ὅτι
1103 1614 1193 1684 ὑφ’
1214 1615 1415 1685 ἐτέρων
1432 1617 1627 1688 ἀρετῇ,
1657 1617 1936 1690 ἐπήγαγεν
1963 1634 1978 1650 ·

397 1728 435 1760 -t
485 1703 580 1772 Οἷς
613 1707 711 1763 καὶ
732 1711 1078 1779 παρέστησεν
1100 1708 1295 1763 ἐαυτὸν
1359 1708 1562 1774 ζῶντα.
1599 1729 1618 1763 ι
1647 1707 1781 1767 Εἷτά
1805 1730 1936 1784 φησι
1967 1730 1979 1745 ’

2074 531 2213 575 rent-

2149 628 2172 662 ι
2208 609 2394 676 Usque
2453 610 2507 664 in
2547 610 2713 665 diem.
2757 629 2775 662 ι
2810 610 2958 666 Ordo
3019 612 3309 668 verborum
3362 622 3443 669 est
3487 614 3635 669 iste:

2081 722 2101 754 ι
2138 703 2240 756 Per
2260 701 2523 772 Spiritum
2551 713 2805 758 sanctum
2827 708 3176 777 prmeipieus.
3221 728 3239 761 ι
3270 708 3372 763 hoc
3399 721 3481 765 est
3522 712 3637 779 spi-

2076 793 2348 848 ritualiter
2376 795 2443 847 ad
2496 794 2644 865 ipsos
2675 798 2836 851 verba
2879 800 3105 861 faciens,
3161 799 3406 867 nihilque
3455 802 3640 854 immi-

2078 900 2240 941 scens
2274 885 2518 941 humani.
2574 885 2667 942 Vel
2713 891 2841 957 quia
2893 890 3026 959 ipsis
3082 890 3134 943 in
3189 889 3393 959 Spiritu
3448 901 3641 946 sancto

2079 977 2337 1046 praecepit
2372 993 2385 1030 :
2416 977 2507 1031 ubi
2529 978 2675 1031 enim
2706 977 2877 1034 Filius
2898 979 3413 1050 aliquid‘operatur,
3441 981 3639 1033 ibidem

2085 1063 2329 1134 Spiritus
2360 1074 2586 1121 sanctus
2637 1066 2862 1136 (quippe
2901 1068 3144 1132 ejusdem
3198 1083 3322 1121 cum
3374 1070 3493 1138 ipso
3541 1085 3641 1122 na-

2083 1156 2238 1220 tura)
2272 1155 2433 1210 simul
2458 1165 2512 1210 et
2535 1152 2790 1220 operatur
2818 1173 2871 1211 et
2896 1159 3068 1213 adest.
3105 1157 3245 1224 Quid
3276 1172 3405 1213 vero
3439 1176 3640 1226 praece-

2084 1246 2162 1315 pit
2188 1247 2211 1299 ?
2240 1245 2440 1312 Nempe
2471 1250 2534 1302 εἰ
2569 1249 2793 1312 Euntes,
2814 1252 2997 1305 docete
3023 1266 3213 1306 onmcs
3233 1261 3430 1322 gentes
3459 1252 3504 1317 ⁸,
3538 1270 3556 1303 ι
3585 1260 3640 1305 et

2084 1352 2205 1408 (1⁸³33
2226 1348 2553 1409 sequuntur.
2958 1329 3021 1363 ρ.

2163 1468 2182 1503 ι
2218 1449 2365 1517 Quos
2417 1452 2597 1523 elegit.
2651 1474 2668 1506 ι
2723 1454 2839 1508 Non
2900 1455 3082 1520 dixit,
3142 1455 3440 1520 Ascendit,
3509 1454 3601 1510 scd
3636 1497 3649 1518 ,

2094 1559 2113 1592 ι
2156 1543 2496 1612 Assumptus
2535 1552 2619 1598 est
2653 1561 2669 1598 :
2717 1563 2735 1597 ι
2763 1548 2942 1600 adhuc
2976 1546 3119 1599 enim
3150 1552 3406 1615 tanquam
3456 1544 3522 1598 de
3554 1545 3653 1597 ho-

2091 1634 2242 1687 mine
2294 1632 2642 1703 loquebatur.
2698 1636 2775 1690 Ne
2827 1652 2958 1691 vero
3000 1637 3126 1705 quis
3182 1636 3544 1698 existimaret,
3602 1635 3652 1687 id

2091 1723 2271 1778 aliena
2306 1723 2514 1779 factum
2555 1740 2679 1779 esse
2724 1727 2944 1789 virtute,
3007 1726 3337 1794 subjunxit:
3385 1744 3403 1776 ι
3445 1724 3655 1791 Quibus

421 1820 438 1852 ι
469 1800 547 1852 Δι’
614 1798 838 1870 ἡμερῶν
866 1799 1277 1870 τεσσαράκοντα
1301 1800 1671 1872 ὀπτανόμενος
1704 1803 1921 1867 αὐτοῖς’
1957 1823 1976 1855 ι

2113 1825 2145 1868 :t
2180 1815 2414 1885 prwbuit
2451 1817 2692 1884 seipsum
2741 1788 2942 1868 vivum.
2982 1835 3000 1865 ι
3039 1788 3241 1870 Deinde
3289 1818 3413 1871 ait:
3557 1815 3658 1869 Ρυι·

415 1893 529 1946 ἀλλ’
552 1894 672 1959 οὐκ,
700 1895 757 1946 ἐν
814 1893 1047 1963 ἡμέραις
1101 1888 1530 1967 τεσσαράκοντα.
1557 1897 1631 1950 Οὐ
1663 1897 1772 1967 γὰρ
1803 1898 1990 1967 ὥσπερ

417 1987 522 2056 πρὸ
544 1987 644 2055 τῆς
689 1986 1039 2050 ἀναστάσεως
1094 1988 1332 2059 συνεχῶς
1382 1989 1567 2053 αὐτοῖς
1618 1989 1821 2057 συνῆν,
1848 1989 1991 2043 οὕτω

419 2084 513 2136 καὶ
542 2082 683 2148 τότε,
715 2081 830 2136 ἀλλ’
854 2082 1133 2152 ἐφίστατο,
1182 2083 1276 2137 καὶ
1301 2083 1568 2153 ἀφίστατο
1597 2083 1783 2138 πάλιν.

495 2281 515 2314 ι
554 2263 665 2316 Καὶ⁸
692 2262 1164 2331 συναλιζόμενος,ι
1196 2263 1444 2317 τουτέστι
1479 2263 1752 2318 κοινωνῶν
1778 2262 1990 2335 τραπέ-

421 2347 541 2417 ζης.
572 2366 591 2399 ι
617 2347 1010 2418 παρήγγειλεν,
1034 2348 1142 2402 ἀπὸ
1185 2347 1575 2421 Ἰεροσολύμων
1635 2352 1710 2424 μὴ
1770 2353 1997 2422 χωρίζε-

424 2440 571 2497 σθαι.
602 2460 622 2493 ι
656 2442 879 2512 Πρῶτον
913 2442 1013 2512 μέν
1036 2442 1143 2513 γὰρ
1170 2443 1366 2507 αὐτοὺς
1394 2443 1696 2508 δεδοικότας
1744 2445 1841 2498 καὶ
1874 2442 2000 2515 τρέ-

427 2550 627 2602 μοντας
647 2535 729 2599 είς
754 2534 859 2606 τὴν
879 2533 1173 2589 Γαλιλαίαν
1201 2534 1494 2605 ἐξήγαγεν,
1534 2537 1621 2590 ίνα
1648 2536 1787 2608 μετά
1813 2537 1998 2602 ἀδείας

425 2623 702 2679 ἀκούσωσι
771 2625 883 2680 τῶν
964 2625 1297 2698 λεγομένων.
1386 2623 1520 2681 Εἶτα
1577 2628 1764 2699 ἐπειδὴ
1828 2628 1999 2699 ηκου-

428 2732 549 2781 σαν,
611 2718 704 2769 καὶ
747 2718 1156 2788 τεσσαράκοντα
1210 2717 1483 2790 διέτριψεν
1540 2718 1784 2790 ἡμέρας,
1852 2736 1997 2790 παρ-

430 2809 689 2877 ἤγγειλεν
713 2809 820 2863 ἀπὸ
860 2809 1252 2881 Ἰεροσολύμων
1315 2811 1390 2881 μὴ
1437 2811 1786 2881 χωρίζεσθαι.
1821 2810 1895 2865 re
1944 2811 2001 2865 δέ

430 2899 686 2971 δεύτερόν
712 2917 800 2969 γε,
832 2901 914 2954 ὅτι
945 2901 1199 2971 καθάπερ
1230 2902 1383 2964 τινας
1405 2901 1741 2973 στρατιώτας
1781 2902 2006 2972 μέλλον-

434 3007 529 3054 τας
559 2992 640 3054 είς
659 2992 721 3045 τὸ
749 2991 954 3063 πλῆθος
983 2991 1299 3063 ἐμπίπτειν,
1362 2992 1538 3056 οὐδεὶς
1592 2993 1813 3064 ἀφίεται
1861 2992 2006 3059 ἐξελ-

2095 1905 2214 1959 dies
2247 1907 2619 1975 quadraginta
2669 1922 2942 1976 apparens
2975 1907 3055 1962 eis
3090 1924 3103 1961 :
3147 1925 3165 1957 ι
3200 1918 3253 1960 at
3294 1924 3400 1961 non
3456 1907 3658 1976 inquit,

2099 2011 2119 2045 ι
2164 1994 2363 2048 Diebus
2395 1996 2811 2063 quadraginta,»
2847 1999 3103 2066 quoniam
3135 2014 3241 2052 non
3268 1998 3507 2060 assidue,
3545 2000 3658 2050 sic-

2094 2095 2151 2138 ut
2205 2094 2329 2137 ante
2392 2086 2888 2151 resurrectionem,
2939 2104 3061 2141 cum
3124 2087 3258 2157 ipsis
3298 2086 3660 2146 versabatur;

2094 2174 2187 2229 sed
2226 2188 2324 2242 per
2355 2173 2635 2227 intervalla
2668 2177 2964 2230 acer-debat
2992 2185 3042 2228 et
3075 2176 3379 2229 recedebat.

2173 2283 2192 2316 ι
2226 2263 2291 2317 Ει
2331 2278 2692 2320 convesrens.
2729 2285 2747 2317 ι
2813 2265 2925 2319 lloc
2982 2274 3085 2330 est,
3129 2280 3472 2320 communem
3539 2279 3660 2315 cunt

2097 2354 2207 2411 illis
2232 2368 2477 2409 mensam
2503 2355 2730 2419 habens,
2767 2358 3019 2425 praecepit
3054 2356 3157 2418 cis,
3194 2375 3212 2407 ι
3249 2359 3316 2408 ah
3348 2354 3659 2424 llierosoly-

2097 2447 2204 2502 mis
2245 2463 2314 2503 ne
2341 2446 2707 2503 discederent.
2739 2424 3026 2509 rScilictH,
3066 2446 3243 2515 primo
3269 2447 3510 2516 quidem,
3539 2461 3663 2497 cum
3764 2424 3769 2437 ’

2101 2540 2179 2595 illi
2210 2540 2440 2594 nimium
2473 2539 2835 2609 trepidarent,
2870 2538 2925 2593 in
2959 2537 3239 2593 Galilaeam
3286 2553 3380 2592 eos
3415 2535 3664 2597 adduxit,

2102 2639 2161 2686 ιιι
2190 2631 2399 2701 absque
2434 2646 2660 2700 pavore,
2694 2646 2815 2701 qua:
2844 2629 2981 2701 ipsis
3029 2631 3283 2683 dictttrus
3337 2639 3475 2691 erat,
3514 2626 3670 2680 audi—

2101 2734 2266 2779 rent:
2301 2724 2520 2791 deinde,
2552 2732 2839 2795 postquam
2869 2721 3182 2787 audierunt,
3219 2739 3283 2777 ac
3310 2721 3667 2790 quadraginta

2102 2815 2274 2884 elapsi
2326 2823 2454 2869 sunt
2482 2816 2620 2877 dies,
2652 2832 2671 2865 ι
2712 2816 2987 2886 prtecepit,
3032 2813 3099 2866 ab
3155 2811 3549 2882 Hierosolymis
3602 2827 3669 2862 ne

2105 2904 2472 2961 discederent.
2513 2924 2532 2957 ι
2571 2902 3037 2971 Quemadmodum
3086 2903 3231 2957 enim
3267 2902 3423 2971 192
3454 2901 3673 2966 sapiens

2106 2998 2215 3051 dux
2249 2997 2468 3062 milites,
2504 2999 2597 3065 qui
2650 2996 2702 3050 in
2739 2996 2941 3050 multos
2989 2995 3259 3049 incursuri
3294 3000 3425 3048 sunt
3459 2994 3667 3063 1ιοςιοε,

439 3082 551 3135 θεῖν
572 3082 677 3143 ἕως
705 3082 771 3137 ἂν
790 3084 1124 3138 όπλὶσωνται
1157 3100 1172 3115 ο
1200 3083 1343 3138 οὕτω
1371 3084 1436 3153 δὴ
1496 3084 1589 3138 καὶ
1643 3085 1841 3147 αὐτοὺς
1899 3084 2005 3155 πρὸ

2113 3087 2252 3142 haud
2292 3084 2445 3158 prius
2498 3088 2649 3141 exire
2683 3087 2970 3157 permittit,
3002 3102 3163 3155 quam
3213 3084 3384 3138 armis
3424 3096 3674 3141 (ommu-

438 3173 538 3242 τῆς
570 3172 666 3227 τοῦ
686 3173 1003 3243 Πνεύματος
1034 3174 1266 3229 καθόδου
1298 3176 1538 3246 φανῆναι
1565 3174 1661 3228 ἐπὶ
1679 3176 1779 3245 τῆς
1831 3192 2009 3247 παρα-

437 3264 641 3330 τάξεως
663 3267 763 3321 οὐκ
788 3266 959 3337 ἠφίει,
985 3266 1129 3321 ὥστε
1154 3267 1230 3339 μὴ
1260 3267 1513 3336 γενέσθαι
1543 3266 1901 3338 εὐχειρώτους
1919 3267 2011 3322 καὶ

440 3357 742 3429 ἁλωσίμους
772 3363 885 3422 τοῖς
914 3359 1131 3424 πολλοῖς
1157 3376 1169 3389 ·
1205 3360 1266 3413 ού
1297 3359 1457 3414 τοῦτο
1477 3359 1536 3414 δέ
1565 3359 1749 3430 μόνον,
1792 3358 1909 3414 ἀλλ’
1929 3359 2007 3412 ὅτι

444 3450 535 3503 καὶ
560 3449 742 3503 πολλοὶ
764 3444 908 3522 ἦσαν
936 3450 986 3503 oi
1006 3449 1293 3520 μέλλοντες
1352 3449 1633 3504 πιστεύειν
1661 3449 1870 3504 αὐτόθι.
1904 3449 2013 3503 Καὶ.

439 3540 644 3610 τρίτον,
680 3542 766 3594 ἴνα
820 3543 895 3612 μὴ
938 3540 1141 3609 λέγωσί
1176 3558 1357 3608 τινες,
1400 3542 1483 3594 ὅτι
1531 3541 1660 3604 τοὺς
1703 3539 2014 3611 γνωρίμους

444 3634 696 3703 ἀφέντες,
731 3634 882 3704 παρά
911 3637 1020 3695 τοῖς
1053 3633 1223 3697 ξένοις
1242 3628 1408 3705 ἦλθον
1442 3634 1747 3703 κομπάσαι.
1787 3650 1808 3683 ι
1854 3630 2017 3684 Ἀλλά

449 3726 783 3796 περιμένειν.
823 3745 842 3777 ι
879 3726 1010 3779 Τότε
1038 3725 1287 3797 ηκουσαν
1351 3726 1450 3795 τὴν
1518 3722 1873 3792 ἐπαγγελίαν,
1927 3723 2017 3776 ὅτε

448 3818 599 3884 ἐλεγέ
622 3835 637 3850 ·
672 3837 690 3871 ι
726 3818 912 3889 Συμτρέ
922 3836 1005 3889 ρει
1050 3820 1177 3887 ὑμῖν
1233 3819 1323 3874 ἵνα
1366 3818 1478 3887 ἐγὼ
1505 3818 1722 3872 ἀπέλθω
1750 3834 1765 3848 ·
1793 3818 1886 3871 ἐὰν
1910 3819 2019 3887 γὰρ

452 3910 561 3977 ἐγὼ
589 3909 664 3981 μὴ
698 3909 938 3974 ἀπέλθω,
960 3910 988 3962 ό
1011 3909 1368 3980 Παράκλητος
1416 3911 1518 3962 οὒκ
1563 3908 1844 3962 ἐλεύσεται
1885 3907 2020 3974 πρὸς

455 4000 621 4067 ὑμᾶς.
660 4017 679 4051 ι
718 4000 850 4069 Οὐχὶ
876 4000 1138 4070 παρόντος
1197 3999 1254 4052 δέ
1302 3999 1488 4060 αὐτοῦ,
1552 3998 1673 4053 οὐδὲ
1699 3998 2023 4062 ἀπελθόντος

457 4090 660 4153 εὐθέως
688 4090 1038 4161 παρεγένετο,
1062 4090 1200 4146 ἀλλά
1230 4092 1367 4161 μετά
1388 4091 1521 4145 δέκα
1550 4092 1760 4162 ἡμέρας
1788 4108 1802 4123 ο
1836 4091 1859 4144 ί
1889 4108 1924 4145 α
1966 4092 2025 4144 ἐν

456 4182 719 4254 ἐπιθυμίᾳ
749 4183 1055 4252 γενόμενοι,
1085 4182 1231 4236 οὕτω
1263 4181 1472 4234 λάΰωσι
1505 4180 1603 4251 τὴν
1633 4180 1813 4251 χάριν.
1876 4181 1942 4234 Εί
1968 4179 2024 4232 δὲ

458 4274 726 4344 παρόντος
756 4274 966 4327 ἐκείνου
1013 4274 1073 4327 τὸ
1121 4273 1347 4344 Πνεῦμα
1400 4272 1623 4341 ἐπέστη,
1678 4273 1774 4325 καὶ
1830 4273 1859 4324 ό
1928 4271 2027 4341 μὲν

459 4363 690 4434 ἀπῆλθε,
720 4363 781 4417 τὸ
813 4364 871 4418 δέ
922 4364 1135 4433 ἔμεινεν
1169 4403 1185 4431 ,
1221 4362 1325 4415 οὐκ
1356 4356 1424 4427 ἦν
1471 4359 1724 4413 τοσοῦτον
1757 4358 1900 4430 [τῆς]
1923 4376 2029 4412 παο

2109 3180 2340 3245 uiverit;
2377 3179 2451 3233 ita
2482 3185 2533 3231 ιιι
2575 3177 2838 3231 Dominus
2884 3186 3011 3231 ante
3065 3178 3304 3246 Spiritus
3355 3173 3531 3228 sancti
3568 3170 3676 3225 de-—

2109 3286 2385 3337 scensum,
2415 3270 2564 3339 ipsos
2598 3269 2651 3322 in
2679 3270 2850 3323 acient
2877 3269 2956 3322 ire
2992 3284 3100 3321 non
3134 3266 3261 3321 sivit
3287 3280 3394 3330 ,ne
3438 3263 3676 3318 hostium

2112 3360 2475 3415 multitudine
2533 3358 2695 3414 facile
2735 3369 3182 3429 expugnarentur
3227 3365 3282 3412 et
3330 3360 3678 3426 caperentur.

2113 3451 2219 3507 Sed
2254 3460 2308 3506 et
2339 3452 2442 3505 alia
2467 3458 2551 3506 est
2586 3449 2817 3520 hujusce
2844 3451 3103 3519 praecepti
3140 3448 3301 3512 ratio,
3334 3461 3527 3515 nempe
3551 3444 3680 3514 quia

2116 3543 2341 3609 ibidem,
2366 3558 2461 3598 seu
2493 3540 2909 3613 Hierosolymis,
2937 3543 3090 3595 multi
3122 3541 3380 3595 credituri
3412 3545 3586 3594 erant.
3617 3534 3684 3589 Ει

2117 3634 2302 3696 tertio,
2338 3648 2406 3685 ne
2453 3630 2625 3700 aliqui
2662 3631 2928 3690 dicet-rm,
2959 3647 3088 3693 eos,
3110 3620 3355 3686 dimissis
3419 3627 3584 3688 uotis,
3619 3626 3685 3678 ad

2119 3731 2438 3783 extraneos,
2467 3719 2858 3774 ostentationis
2890 3735 3078 3779 causa,
3129 3718 3492 3772 contendisse.
3527 3733 3546 3766 ι
3578 3714 3689 3770 Sed

2120 3818 2526 3882 exspectarent.
2567 3828 2587 3863 ι
2618 3808 3041 3864 Promissiuncm
3077 3809 3390 3877 huiusmodi
3430 3818 3559 3863 tunc
3590 3821 3688 3860 au-

2121 3902 2363 3963 dierunt,
2389 3916 2513 3955 eum
2562 3899 2700 3954 dixit
2746 3899 2854 3953 illis
2887 3917 2901 3953 :
2945 3918 2975 3951 ι-
3003 3901 3235 3968 Ισῖκρυόιι
3284 3899 3458 3961 vobis,
3494 3907 3553 3951 ιιι
3588 3912 3690 3965 ego

2122 3995 2359 4058 vadam;
2395 3994 2439 4049 si
2467 3992 2612 4048 enim
2649 4008 2758 4048 non
2786 3994 2973 4047 abiero
3026 3991 3339 4045 Paraclctus
3371 4006 3478 4044 non
3514 3990 3693 4043 veniet

2125 4088 2312 4161 advos
2327 4085 2371 4143 ⁸.
2408 4103 2429 4138 ι
2468 4070 2537 4140 At
2567 4100 2702 4140 vero
2732 4101 2837 4140 non
2863 4085 2953 4139 illo
2994 4082 3171 4137 adhuc
3201 4095 3485 4152 pratscnte,
3519 4095 3695 4150 neque

2127 4174 2315 4229 statim
2349 4188 2412 4228 ac
2442 4172 2694 4236 recessit,
2731 4173 2951 4227 advenit
2986 4170 3227 4240 Spiritus
3286 4178 3516 4223 sanctus
3545 4185 3560 4234 ;
3595 4167 3694 4223 sed

2131 4274 2252 4335 post
2281 4265 2467 4320 decem
2500 4265 2617 4320 dies
2654 4304 2669 4329 ,
2704 4271 2765 4317 ut
2810 4262 3087 4317 desiderio
3144 4259 3421 4314 ferventes
3464 4258 3694 4327 gratiam

2132 4357 2277 4411 illam
2316 4356 2640 4427 reciperent.
2669 4354 2725 4409 Si
2755 4355 2924 4417 enim,
2985 4354 3079 4407 illo
3119 4360 3408 4422 prmscnte,
3461 4349 3699 4418 Spiritus

468 4456 742 4527 ραμυθίας
774 4473 789 4487 ’
825 4457 917 4509 καὶ
947 4454 1057 4526 γὰρ
1087 4450 1293 4526 σφόδρα
1346 4453 1511 4507 αὐτοῦ
1557 4441 2010 4514 δυσαποσπάστως

2134 4459 2360 4505 sanctus
2391 4448 2724 4510 advenisset,
2759 4448 2862 4510 vel,
2903 4446 2993 4500 illo
3028 4447 3287 4508 abeunte,
3319 4459 3442 4496 cum
3475 4442 3583 4496 illis
3612 4457 3701 4495 re-

463 4542 628 4618 εἶχον.
653 4547 743 4598 Διὸ
774 4546 971 4609 ἄνεισι,
1029 4546 1126 4600 καὶ
1199 4547 1300 4599 οὐκ
1374 4543 1577 4606 εὐθέως
1630 4544 1887 4613 ἐπιφοιτᾷ
1968 4541 2028 4595 τὸ

468 4637 708 4705 Πνεῦμα,
733 4638 821 4691 ἵνα
853 4638 1047 4709 μικρόν
1098 4636 1502 4707 ἀθυμήσαντες,
1531 4636 1780 4705 καθαρὰν
1838 4634 2029 4701 δέξων-

464 4747 552 4784 ται
600 4731 700 4799 τὴν
734 4731 828 4782 ἐπὶ
850 4733 916 4801 τῇ
970 4729 1245 4800 παρουσίᾳ
1285 4728 1500 4799 ἡδονήν.
1554 4744 1573 4779 t
1606 4728 1731 4781 Ὅτι
1776 4728 2031 4795 Ἰωάννης

470 4822 587 4891 μέν.
637 4822 882 4875 Δεικνύει
922 4822 1111 4875 λοιπὸν
1158 4820 1219 4873 τὸ
1248 4820 1412 4890 μέσον
1442 4817 1607 4873 αὑτοῦ
1631 4836 1690 4871 τε
1722 4819 1819 4871 καὶ
1852 4817 2035 4871 ’ῐωάνο

468 4932 558 4967 νου
576 4931 591 4946 ’
623 4914 717 4968 καὶ
747 4915 809 4967 οὐ
839 4914 998 4966 τοῦτο
1025 4912 1204 4983 μόνον,
1235 4910 1351 4965 ἀλλ’
1370 4912 1449 4964 ὅτι
1472 4912 1564 4963 καὶ
1588 4910 1782 4973 αὐτοὺς
1797 4909 1894 4978 ἤδη
1918 4909 2033 4979 μεί-

469 5008 593 5071 ζους
632 5007 1031 5076 γεγενημένους
1064 5005 1310 5058 Ἰωάννου
1332 5016 1347 5031 ·
1371 5003 1482 5070 εῐγε
1509 5002 1601 5054 καὶ
1635 5001 1791 5054 αὐτοὶ
1810 5000 2034 5069 ἔμελλον

471 5096 749 5167 βαπτίζειν
784 5098 842 5148 ἐν
875 5096 1150 5163 [Ῑνεύματι
1177 5092 1336 5162 ἁγίῳ.
1375 5091 1486 5145 Οὐκ
1513 5087 1633 5145 εΐπε
1669 5089 1748 5154 δὲ,
1782 5087 2037 5142 Βαπτίσω

472 5183 615 5251 ὑμᾶς
693 5183 753 5234 ἐν
809 5180 1086 5250 Πνεύμαετι
1151 5180 1314 5249 ἁγίῳ,
1374 5175 2035 5245 ἀλλὰ,Βαπτισθήσεσθε⁶

474 5272 752 5343 πανταχοῦ
780 5275 880 5343 τῆς
904 5269 1409 5343 ταπεινοφροσύνης
1471 5269 1644 5341 μέτρα
1692 5268 1789 5322 καὶ
1831 5267 2039 5328 τύπους

473 5362 902 5432 καταλιμπάνων
929 5354 1089 5430 ἡμῖν.
1118 5358 1289 5413 Τοῦτο
1311 5363 1421 5429 γὰρ
1442 5357 1550 5411 ἀπὸ
1596 5357 1699 5427 τῆς
1730 5357 2041 5427 μαρτυρίας

488 5453 739 5507 Ἰωάννου
769 5452 929 5522 δῆλον
965 5449 1056 5523 ἦν,
1080 5453 1161 5506 ὅτι
1188 5450 1349 5513 αὐτὸς
1376 5445 1445 5521 ἦν
1481 5451 1509 5503 ὁ
1543 5447 1844 5518 βαπτίζων.
1887 5466 1905 5499 ι
1931 5449 2040 5501 Αύ-

477 5546 567 5608 τὸς
599 5545 727 5614 γὰρ,
762 5563 779 5596 ι
815 5546 1003 5615 φησιν,
1039 5563 1057 5595 ι
1123 5544 1267 5613 ὑμᾶς
1333 5539 1585 5611 βαπτίσει
1652 5542 1710 5594 ἐν
1764 5539 2042 5609 Πνεύματι

556 5722 574 5754 ⁸
606 5719 794 5776 Matth.
831 5736 1019 5788 x-xvnt,
1052 5720 1135 5777 l9.
1214 5722 1233 5752 '
1263 5720 1419 5776 Joan.
1480 5736 1585 5786 xvt,
1621 5720 1666 5780 7,

2131 4540 2471 4605 mansisset,
2515 4552 2623 4592 non
2686 4546 2849 4592 tantae
2917 4551 3007 4591 res
3061 4535 3225 4590 fuiset
3283 4531 3700 4588 consolationis.

2135 4627 2593 4696 Quandoquidem
2632 4642 2762 4680 vero
2807 4641 2916 4680 non
2961 4626 3065 4680 nisi
3096 4638 3238 4695 a’gre
3269 4623 3339 4677 ab
3374 4623 3467 4674 illo
3520 4619 3704 4675 diveili

2136 4727 2424 4790 poterant,
2485 4716 2667 4772 differt
2714 4717 2991 4788 paulisper
3046 4715 3281 4787 Spiritus
3316 4724 3568 4777 sanctus,
3605 4726 3707 4766 nec

2134 4808 2320 4862 statim
2352 4806 2585 4870 accedit,
2626 4816 2685 4859 ut
2715 4807 2996 4876 paululum
3031 4802 3362 4864 contristati,
3387 4811 3441 4855 et
3475 4799 3705 4867 promis-

2139 4900 2313 4955 sionis
2360 4899 2635 4955 desiderio
2669 4898 2943 4963 succensi,
3000 4899 3275 4967 puriorem
3338 4893 3709 4966 majoremqne

2140 4984 2207 5045 ex
2260 4990 2376 5059 ejus
2433 4990 2668 5043 adventu
2726 4989 3072 5058 perciperent
3125 4987 3476 5055 voluptatem.
3514 5000 3533 5032 ι
3571 4979 3707 5045 Quia

2142 5078 2406 5135 Joannes.
2451 5098 2469 5130 ι
2510 5077 2760 5133 Declarat
2789 5077 2989 5131 deinde
3039 5083 3301 5145 quantum
3352 5073 3468 5141 ipse
3511 5068 3709 5124 Joauni

2142 5160 2430 5243 praestaret
2463 5189 2477 5226 :
2511 5185 2573 5224 ac
2601 5179 2858 5240 praéterea
2880 5169 3158 5238 apostolos
3193 5161 3564 5235 ipsosJoanne
3596 5174 3712 5209 nta-

2149 5265 2300 5332 jorcs
2354 5277 2477 5316 esse
2528 5260 2805 5318 ostendit:
2863 5259 3129 5329 siquidem
3162 5265 3214 5309 et
3244 5252 3345 5323 ipsi
3383 5247 3712 5321 baptizaturi

2149 5354 2383 5409 erantin
2413 5351 2621 5422 Spiritu
2654 5364 2867 5407 sancto.
2900 5350 3015 5405 Non
3078 5347 3221 5403 dixit
3264 5351 3468 5401 autem.
3528 5342 3711 5411 Bapti-

2148 5446 2286 5500 zabo
2325 5460 2422 5500 vos
2448 5445 2501 5499 in
2534 5444 2741 5513 Spirittt
2771 5451 2984 5507 saneto,
3024 5439 3143 5503 sed,
3182 5456 3198 5487 ι
3226 5433 3660 5503 Baptizabimini,
3690 5452 3707 5484 ι

2153 5540 2354 5607 ubique
2394 5536 2553 5592 nobis
2592 5536 2918 5591 humilitatis
2942 5531 3189 5599 exempla
3236 5527 3570 5597 relinquens.
3605 5525 3716 5583 Ali-
