4088 6206
410 218 518 282 855

1331 218 1904 280 THEOPHYLACTI
1947 221 2356 284 BULGARI/E
2393 223 2746 284 ARCHIEP.

3537 223 3644 290 856

417 330 562 386 unde
596 346 724 386 vero
757 345 821 383 ex
858 329 1171 384 testimonio
1198 326 1426 384 Joannis
1463 339 1649 384 notum
1695 339 1799 392 est,
1832 348 1961 399 quor

2081 334 2221 406 ἁγίῳ
2247 335 2342 388 καὶ
2387 335 2542 407 πυρί.
2567 363 2633 377 -—
2667 335 2730 388 Οί
2773 335 2872 405 μὲν
2913 333 3024 388 οὖν.
3070 352 3089 387 ι
3147 335 3315 389 Ὅταν
3376 336 3645 407 μέλλωσιν

413 427 529 492 ipse
558 423 934 491 baptizaturus
963 427 1081 474 erat
1110 438 1123 472 :
1161 439 1180 470 ι
1212 420 1331 488 lpse
1351 421 1517 481 enim,
1555 441 1573 473 ι
1618 423 1710 488 ait,
1756 442 1772 474 ι
1805 424 1961 492 bapti-

2077 428 2309 498 ἐρωτᾷν,
2349 427 2482 497 ὁμοῦ
2512 427 2932 498 προσέρχονται,
2961 426 3047 478 ἵνα
3073 425 3151 495 τῷ
3167 426 3364 497 πλήθει
3384 427 3641 499 δυσωπή-

413 517 557 570 zahit
573 529 668 568 vos
691 514 741 565 in
767 512 970 582 Spiritu
992 520 1204 577 saneto,
1224 523 1278 567 et
1297 513 1419 582 igne
1436 514 1476 567 ⁸.
1490 532 1616 565 ›-ο
1643 515 1805 584 Igitur
1821 519 1935 584 qui.
1952 535 1969 565 ι

412 608 547 660 Cum
588 606 928 673 interrogare
963 604 1172 664 volunt,
1199 605 1362 661 simul
1400 607 1688 666 accedunt,
1743 617 1802 661 ut
1837 608 1975 661 ιιιιιι-
2004 666 2009 671 .

413 696 643 752 titudine
678 696 1052 764 impetrarent.
1080 695 1350 751 Noveram
1369 699 1510 752 enim
1545 699 1676 753 illud
1708 700 1851 768 quod
1879 715 1974 752 an-

415 799 496 844 tea
525 788 603 851 eis
640 785 850 840 dixerat
892 803 906 839 :
949 802 968 834 ι
1025 785 1098 841 De
1146 785 1233 842 die
1275 787 1364 840 illa
1399 802 1556 843 nemo
1610 789 1778 855 scit",
1811 809 1829 842 ι
1862 804 1969 842 non

410 876 735 950 ignorantis,
764 875 858 930 sed
895 875 1226 945 repellentis,
1269 891 1331 931 ac
1357 878 1767 947 responsimiem
1815 878 1968 933 αισθ-

408 973 576 1032 rentis
608 967 774 1022 fuisse
806 985 820 1022 :
860 967 1066 1022 idcirco
1099 969 1280 1021 denuo
1313 969 1673 1038 interrogant.
1705 967 1847 1034 Quid
1871 987 1968 1024 au-

407 1071 514 1126 tem
550 1060 630 1115 eis
666 1057 999 1128 respondet?
1038 1078 1056 1110 ι
1091 1058 1210 1113 Νοη
1245 1067 1328 1114 est
1360 1069 1598 1113 vestrum
1639 1074 1799 1114 nosse
1830 1072 1969 1114 tem-

407 1167 560 1224 pora,
591 1151 672 1206 vel
708 1160 1003 1205 momenta.
1042 1169 1060 1202 ι
1101 1150 1371 1220 Tempora
1397 1151 1502 1204 illis
1537 1160 1661 1206 nota
1687 1166 1789 1204 non
1815 1152 1966 1214 facit.

405 1225 528 1296 cum
553 1240 688 1296 alias
709 1254 803 1295 eos
832 1239 1004 1294 multo
1023 1240 1228 1306 majora
1254 1240 1534 1296 domuisset
1567 1257 1581 1294 :
1609 1240 1734 1308 quia
1759 1241 1970 1296 scilicet

404 1332 634 1396 volebat,
673 1338 731 1384 ut
765 1329 1048 1400 vigilantes
1071 1337 1288 1395 essent;
1320 1341 1371 1384 et
1401 1331 1620 1385 aliunde
1649 1332 1780 1385 nihil
1815 1333 1968 1399 igno-

405 1423 544 1476 ratio
565 1424 669 1478 ista
695 1423 775 1490 eis
804 1422 1052 1480 nocebat.
1086 1421 1200 1476 Non
1258 1423 1422 1478 etiam
1465 1423 1758 1496 respondet
1793 1423 1856 1480 ad
1888 1424 1962 1490 id,

403 1515 472 1569 de
499 1529 609 1582 quo
666 1513 1074 1582 interrogabant
1104 1529 1117 1565 :
1155 1514 1411 1582 quoniam
1451 1515 1693 1582 magistri
1725 1524 1826 1575 est.
1857 1531 1962 1569 non

402 1622 523 1674 qua}
553 1605 855 1674 discipulus
885 1605 1053 1676 cupit,
1096 1605 1189 1659 sed
1227 1621 1347 1674 qua:
1377 1606 1514 1660 scire
1567 1607 1666 1674 ipsi
1722 1608 1962 1676 prodest,

400 1713 524 1752 i-utn
549 1697 766 1752 docere.
802 1697 865 1750 Et
898 1696 1018 1751 ideo
1052 1697 1128 1750 ait
1161 1715 1173 1751 :
1209 1717 1226 1747 ι
1272 1697 1387 1756 Non
1421 1706 1506 1752 est
1534 1708 1769 1752 vestrum
1799 1713 1962 1753 nesse

401 1799 668 1860 tempora,
699 1789 780 1843 vel
812 1796 1105 1842 momenta.
1143 1807 1161 1840 ι
1198 1787 1419 1851 Deinde,
1477 1805 1542 1841 ne
1570 1797 1819 1857 putarent
1850 1789 1964 1845 fore

403 1889 460 1932 ut
500 1881 552 1933 in
588 1879 755 1933 multa
783 1878 1086 1934 inciderent
1118 1878 1380 1949 pericula,
1424 1879 1784 1947 propinquam
1817 1894 1957 1943 esse,

399 1973 477 2024 ait
527 1970 767 2039 ipsorum
795 1985 823 2022 a
857 1969 1069 2024 cunctis
1097 1968 1507 2025 difﬁcultatibus
1562 1969 1958 2023 liberationem.

402 2081 420 2114 ι
459 2062 752 2131 Accipietis
789 2080 807 2113 ι
863 2061 1028 2127 enim,
1091 2061 1289 2132 inquit,
1331 2079 1349 2112 ι
1383 2061 1636 2115 virtutem
1694 2080 1712 2112 ›
1748 2077 1812 2115 ex
1853 2061 1960 2114 alto

403 2175 421 2206 ι
462 2156 895 2224 supervenientis
925 2155 1163 2226 Spiritus
1198 2156 1371 2211 sancti
1401 2155 1454 2209 in
1488 2171 1605 2208 vos.
1638 2173 1656 2206 ι
1689 2153 1957 2220 Quoniam

401 2248 556 2321 193
588 2259 764 2303 autem
822 2248 971 2318 prius
1019 2247 1276 2301 dixeratII
1329 2263 1343 2299 :
1385 2263 1404 2298 ι
1449 2244 1504 2299 1η
1542 2245 1681 2300 viam
1715 2244 1957 2314 gentium

399 2359 467 2395 ne
498 2342 768 2403 abieritis.
808 2359 826 2391 ι
861 2340 1009 2410 quod
1046 2339 1202 2394 vellet
1245 2339 1487 2398 omnium
1521 2338 1711 2408 primis
1754 2336 1959 2404 Judteis

396 2432 743 2502 Evangelium
778 2431 1119 2495 annuntiari,
1159 2437 1216 2483 at
1270 2438 1402 2485 tunc
1449 2443 1543 2500 per
1574 2437 1744 2484 totum
1787 2437 1958 2482 terra-

399 2538 514 2576 rutn
555 2523 744 2577 orbem
779 2520 1053 2592 Evangelii
1088 2519 1401 2590 prmdicatio
1430 2519 1784 2575 diﬂ'uudenda
1810 2528 1952 2580 erat.

395 2627 636 2682 congrue
667 2611 850 2666 subdit
881 2628 893 2664 :
931 2628 949 2661 ι
995 2609 1056 2662 Et
1088 2609 1142 2664 in
1175 2608 1362 2665 Judzea
1386 2619 1440 2664 et
1479 2609 1722 2666 Samaria
1767 2617 1821 2662 et
1860 2623 1956 2662 us-

397 2719 502 2773 que
540 2703 606 2758 ad
642 2703 889 2757 ultimum
925 2711 1100 2757 terrae.
1137 2720 1156 2754 ι
1189 2731 1258 2740 -
1287 2719 1306 2752 ι
1348 2700 1482 2756 Cum
1524 2701 1638 2756 haec
1671 2708 1848 2755 autem
1875 2699 1957 2754 di-

397 2797 586 2862 xisset,
654 2815 673 2848 ι
732 2810 799 2850 ne
850 2809 1042 2850 rursus
1091 2810 1214 2849 eum
1289 2793 1708 2863 interrogarent,
1768 2793 1954 2847 statim

397 2907 416 2940 ι
456 2896 768 2958 assumptus
816 2895 919 2952 est,
969 2895 1023 2942 et
1059 2887 1231 2942 nubes
1280 2887 1523 2954 suscepit
1572 2902 1720 2949 eum,
1762 2904 1779 2935 ι
1820 2901 1956 2955 quo-

394 2981 536 3033 niam
584 2981 675 3033 illa
717 2980 930 3049 signum
991 2988 1073 3033 est
1123 2977 1416 3034 Dominicze
1471 2978 1669 3031 divinae
1713 2977 1952 3032 virtutis.

398 3085 418 3118 ι
454 3065 550 3120 lle
577 3066 758 3131 Jesus,
787 3067 879 3134 qui
913 3074 1227 3133 assumptus
1251 3074 1355 3119 est.
1390 3084 1408 3115 ι
1451 3065 1698 3119 Dietione
1721 3065 1952 3119 demon-

393 3157 617 3214 strativa
665 3157 748 3210 usi
797 3163 946 3218 sunt,
995 3157 1241 3215 dicentes
1283 3174 1296 3209 :
1336 3176 1354 3207 ι
1399 3153 1496 3208 llic
1541 3155 1702 3210 Jesus
1741 3156 1831 3223 qui
1869 3171 1956 3208 as-

395 3255 646 3314 sumptus
673 3253 757 3299 cst
787 3245 839 3299 in
874 3245 1097 3306 coelum,
1147 3246 1228 3298 sic
1263 3245 1465 3304 veniet,
1512 3264 1530 3296 ι
1573 3260 1786 3314 netnpe.
1827 3258 1953 3298 eum

393 3352 638 3408 corpore.
671 3339 747 3391 Ac
779 3335 940 3390 etiam
971 3376 985 3396 .
1041 3335 1164 3404 quia
1211 3335 1556 3404 judicaturus
1618 3338 1798 3390 veniet
1839 3354 1856 3386 ι
1901 3336 1955 3388 in

394 3431 558 3484 nube.
593 3448 611 3480 ι
647 3427 807 3483 Viros
843 3440 972 3480 vero
1033 3440 1128 3481 eos
1163 3434 1362 3490 vocat,
1420 3425 1544 3494 quia
1603 3425 1738 3478 tales
1779 3424 1956 3479 oculis

395 3519 770 3591 apparebant:
813 3517 1088 3587 siquidem
1116 3516 1290 3586 angeli
1331 3516 1407 3569 illi
1466 3531 1535 3571 ne
1562 3524 1829 3592 terrorem
1866 3513 1955 3568 in-

395 3615 667 3672 cuterent,
703 3609 938 3662 virorum
990 3605 1216 3659 formam
1272 3614 1462 3660 exacte
1519 3611 1950 3675 assumpserant.

397 3705 510 3761 Duo
539 3708 721 3756 autem
749 3706 1141 3763 accesserunt,
1175 3706 1234 3753 ut
1281 3699 1578 3754 testimonii
1645 3698 1953 3753 (inuitatem

394 3791 720 3846 indicarent.
757 3789 1007 3846 Dicentes
1032 3806 1194 3845 vero:
1226 3809 1244 3841 ι
1276 3789 1418 3855 Quid
1441 3791 1597 3844 statis
1625 3790 1955 3860 aspicientes

394 3900 446 3936 in
478 3882 722 3938 coelum?
755 3901 775 3935 ι
813 3897 910 3938 eos
932 3889 1283 3948 monuerunt,
1321 3897 1387 3938 ne
1417 3882 1624 3938 diutius
1663 3897 1727 3936 eo
1750 3881 1803 3935 in
1837 3883 1957 3937 loco

392 3985 693 4035 manerent.
733 3991 865 4030 neve
898 3983 1280 4045 exspectarent
1337 3975 1489 4044 illum
1532 3989 1725 4029 rursus
1750 3975 1953 4030 videre.

398 4091 415 4121 ι
443 4069 594 4124 Tunc
620 4068 822 4124 reversi
855 4077 1002 4122 sunt.
1043 4084 1064 4119 ι
1090 4097 1159 4108 --
1190 4087 1208 4118 ι
1238 4067 1416 4130 Tune,
1447 4085 1468 4120 ι
1498 4066 1695 4136 inquit,
1719 4068 1953 4131 scilicet,

390 4177 514 4214 rum
542 4161 654 4214 hare
694 4159 994 4224 audissent,
1037 4158 1240 4213 reversi
1266 4169 1415 4212 sunt.
1476 4156 1744 4212 Videntur
1801 4173 1952 4222 vero,

395 4254 505 4304 haec
552 4251 640 4303 die
701 4249 918 4304 Sabbati
979 4249 1298 4320 contigisse,
1353 4263 1420 4303 eo
1459 4249 1604 4318 quod
1661 4248 1828 4310 dicat,
1865 4267 1883 4298 ι
1914 4249 1955 4302 Α

2078 536 2260 572 σωσιν.
2281 519 2534 588 ᾝδεισαν
2555 517 2684 588 γὰρ,
2715 519 2797 570 ὃτι
2819 518 2880 571 τὸ
2909 515 3098 586 πρώην
3120 517 3429 587 εἰρημένον,
3456 529 3458 532 '
3483 535 3643 572 τουτ-

2074 612 2240 673 έστιν,
2273 631 2292 662 ε
2317 610 2504 674 Οὐδεὶς
2531 605 2640 663 οἶδε
2658 609 2756 679 τὴν
2785 607 3020 678 ἡμέραν,
3052 627 3070 660 ι
3103 609 3526 678 διακρουομένου
3546 605 3640 680 ἦν,

2073 705 2174 756 οὐκ
2197 702 2542 771 ἀγνοοῦντος,
2573 700 2688 755 ἀλλ’
2713 701 3150 770 ἀναϐαλλομένου
3181 700 3320 760 τέως
3351 701 3450 770 τὴν
3500 703 3641 756 ἀπό-

2075 812 2272 863 κρισιν.
2305 795 2403 850 Διὰ
2431 795 2588 848 τοῦτο
2613 793 2773 847 πάλιν
2797 794 3094 865 ἐρωτῶσιν.
3147 791 3213 844 Τί
3266 787 3361 845 οὗν
3421 809 3588 862 φησιν
3616 810 3633 824 ο

2080 904 2098 936 ι
2127 887 2236 954 Οὐχ
2263 887 2414 955 ὑμῶν
2435 887 2550 939 ἐστι
2597 886 2798 953 γνῶναι
2861 885 3085 954 χρόνους
3119 883 3151 954 ἢ
3183 884 3427 953 καιροὺς,
3468 903 3488 938 ι
3545 886 3640 938 καὶ

2070 977 2138 1030 τά
2161 977 2306 1046 ἑξῆς.
2339 977 2414 1030 Οὐ
2448 976 2670 1044 λέγειδέ
2709 966 2890 1038 αὐτοῖς
2922 976 3012 1028 τὸν
3081 975 3294 1045 καιρὸν,
3335 975 3403 1028 τὰ
3455 974 3636 1045 πολλῷ

2073 1068 2293 1138 μείζονα
2341 1068 2578 1132 διδάξας,
2609 1068 2694 1120 ἵνα
2723 1067 3082 1136 ἐγρηγορότες
3102 1060 3204 1118 ὦσι
3232 1081 3248 1096 '
3283 1065 3378 1119 καὶ
3411 1065 3520 1136 γὰρ
3543 1066 3638 1118 ού-

2071 1161 2160 1214 δὲν
2187 1161 2515 1215 ἐϐλάπτοντο
2547 1159 2620 1231 μὴ
2647 1159 2867 1222 εἰδότες.
2898 1159 2972 1210 Oti
3015 1159 3150 1228 πρὸς
3181 1157 3209 1210 ὃ
3236 1157 3294 1210 δέ
3339 1158 3636 1228 ἠρώτησαν

2070 1252 2366 1322 ἀπεκρίθη.
2429 1250 2600 1305 Τοῦτο
2656 1251 2765 1319 γὰρ
2820 1249 3140 1303 διδασκάλου
3198 1247 3368 1313 ἐστὶν,
3417 1248 3499 1316 τὸ,
3536 1251 3636 1320 οὐχ

2068 1343 2104 1397 ἃ
2133 1343 2380 1414 βούλεται
2413 1343 2441 1395 ό
2475 1341 2742 1412 μαθητὴς,
2770 1340 2885 1393 ἀλλ’
2915 1339 2950 1394 ἃ
2982 1337 3251 1408 συμφέρει
3293 1337 3504 1408 μαθεῖν,
3556 1339 3635 1391 δι-

2067 1436 2308 1490 δάσκειν.
2335 1436 2426 1488 Διό
2453 1451 2614 1505 φησιν
2642 1451 2654 1464 °
2681 1452 2699 1485 t
2727 1435 2837 1503 Ούχ
2860 1432 3013 1502 ὑμῶν
3037 1432 3152 1484 ἐστι
3181 1430 3377 1500 γνῶναι
3410 1430 3634 1502 χρόνους

2069 1526 2373 1597 ῆκαιροὺς,
2407 1544 2424 1577 ι
2467 1525 2563 1580 καὶ
2616 1523 2683 1576 τὰ
2713 1520 2858 1593 ἑξῆς.
2897 1517 3030 1575 Εἶτα
3078 1519 3168 1574 ἵνα
3211 1519 3286 1590 μὴ
3328 1519 3626 1589 νομίσωσιν

2068 1618 2150 1671 ὅτι
2183 1616 2397 1678 πολλοῖς
2429 1612 2858 1685 περιπεσοῦνται
2887 1610 3293 1676 κινδύνοις,τὴν
3310 1608 3632 1677 ἀπαλλαγὴν

2068 1709 2176 1762 τῶν
2205 1707 2478 1778 δυσχερῶν
2504 1707 2728 1776 πλησίον
2775 1704 2911 1757 εἶναι
2935 1704 3104 1772 λέγει.
3150 1722 3168 1754 t
3205 1701 3451 1772 Λὴψεσθε
3502 1703 3630 1772 γάρ,

2069 1794 2243 1869 φησὶ,
2287 1799 2519 1869 δύναμιν
2569 1797 2628 1863 ἐξ
2683 1796 2850 1866 ὕψους
2881 1835 2896 1860 ,
2961 1795 3278 1858 ἐπελθόντος
3338 1793 3432 1847 τοῦ
3477 1794 3630 1860 ἁγίου

2063 1893 2383 1964 Πνεύματος
2407 1892 2667 1962 ἐφ’ὐμᾶς.
2705 1910 2723 1942 ι
2770 1889 2986 1959 Ἐπειδὴ
3014 1889 3070 1941 δὲ
3095 1886 3402 1957 ἔμπροσθεν
3419 1886 3627 1952 ἔλεγεν,

2073 2006 2092 2039 r
2150 1986 2241 2047 Εἰς
2260 1984 2376 2037 ὁδὸν
2406 1983 2576 2036 ἐθνῶν
2627 1982 2702 2052 μὴ
2760 1981 3054 2050 ἀπέλθητε,
3093 1998 3112 2030 ι
3151 1978 3472 2048 βουλόμενος
3518 1978 3630 2038 τοῖς

2079 2071 2350 2132 Ἰουδαίοις
2376 2069 2590 2138 πρῶτον
2617 2068 2707 2122 τὸν
2737 2068 2893 2135 λόγον
2953 2067 3318 2139 κηρυχθῆναι,
3349 2067 3441 2119 νῦν
3468 2065 3525 2119 δὲ
3549 2067 3629 2128 είς

2064 2165 2164 2235 τὴν
2200 2161 2522 2232 οἰκουμένην
2549 2161 2654 2214 ἔδει
2679 2160 2740 2214 τὸ
2763 2162 3026 2230 κήρυγμα
3071 2159 3333 2229 χεθῆναι·
3391 2158 3628 2224 εὐλόγως

2065 2256 2160 2310 νῦν
2188 2253 2535 2325 προστίθησι,
2570 2251 2662 2305 καί
2695 2267 2858 2320 φησιν
2889 2269 2901 2281 ·
2950 2270 2967 2301 ι
3001 2251 3098 2303 Ἕν
3130 2267 3189 2302 τε
3250 2248 3477 2318 Ἰουδαίᾳ
3534 2248 3629 2300 καὶ

2065 2341 2368 2413 Σαμαρείᾳ,
2396 2341 2489 2394 καὶ
2511 2339 2614 2402 ἓως
2632 2341 2858 2408 ἐσχάτου
2890 2337 2987 2407 τῆς
3040 2340 3160 2406 γῆς.
3203 2355 3220 2386 ι
3248 2331 3382 2388 Εἶτα
3427 2335 3516 2388 ἴνα
3551 2335 3627 2404 μὴ

2064 2434 2226 2488 πάλιν
2303 2431 2469 2485 αὑτὸν
2521 2429 2819 2500 ἐρωτῶσιν,
2858 2447 2878 2481 ι
2910 2429 3114 2491 εὐθέως
3171 2426 3470 2497 ἀνελήφθη.
3527 2425 3630 2478 Νε-

2063 2526 2198 2596 φέλη
2252 2524 2307 2577 δέ
2352 2523 2512 2577 αύτόν
2567 2522 2854 2587 ὑπέλαϐεν,
2891 2539 2910 2573 ι
2946 2519 3132 2590 ἐπειδὴ
3189 2518 3457 2588 σύμϐολόν
3507 2519 3628 2572 ἐστι

2063 2618 2159 2686 τῆς
2185 2613 2523 2682 Δεσποτικῆς
2555 2612 2703 2676 θείας
2728 2613 3028 2680 δυνάμεως.
3066 2630 3086 2662 ι
3141 2603 3313 2672 Οὗτος
3351 2611 3378 2661 ὁ
3405 2606 3623 2678 Ἰησοῦς

2061 2710 2088 2763 6
2113 2705 2462 2775 ἁναληφθείς.
2499 2723 2517 2756 ι
2549 2705 2848 2767 Δεικτικῶς
2879 2705 3182 2774 ἐχρήσαντο
3232 2705 3298 2771 τῇ
3332 2701 3474 2765 λέξει
3535 2699 3626 2751 εί·-

2359 2816 2378 2850 t
2415 2792 2586 2862 Οὗτος
2625 2799 2653 2850 ὁ
2703 2795 2906 2866 Ἰησοῦς
2961 2796 2989 2847 ό
3026 2793 3356 2864 ἀναληφθεὶς
3399 2793 3481 2855 εἰς
3530 2790 3624 2843 τὸν

3332 2883 3469 2954 μετὰ
3515 2880 3624 2934 σῶ-

2062 2817 2253 2863 ποντες
2277 2816 2292 2829 ⁸

2061 2891 2288 2964 οὑρανδν
2357 2888 2529 2952 οὕτως
2597 2887 2906 2950 ἐλεύσεται,
2941 2904 2959 2938 ι
3002 2887 3248 2939 τουτέστι

2065 2999 2234 3053 ματος
2258 2999 2274 3014 ⁸
2305 2984 2398 3036 καὶ
2421 2981 2602 3045 πάλιν,
2626 2982 2707 3034 ὅτι
2739 2974 2895 3042 οὗτος
2921 2977 3040 3049 ἣξει
3094 2979 3151 3030 ἐν
3198 2977 3262 3046 τῇ
3307 2974 3490 3046 κρίσει
3529 2972 3623 3025 ἐπὶ

2062 3073 2314 3142 νεφέλης.
2349 3073 2579 3142 Ἀνδρας
2625 3071 2682 3124 δέ
2709 3071 2909 3130 αὐτοὺς
2937 3069 3110 3134 καλεῖ,
3135 3068 3201 3120 τὸ
3248 3065 3477 3135 ἐναργὲς
3523 3065 3624 3134 τῆς

2059 3162 2234 3229 ὅψεως
2271 3159 2444 3229 δηλῶν
2472 3177 2486 3193 ο
2518 3161 2611 3213 καὶ
2643 3161 2752 3230 γὰρ
2783 3162 2860 3223 εἰς
2890 3159 3089 3231 ἄνδρας
3117 3158 3346 3220 ἑαυτοὺς
3376 3158 3426 3209 οἱ
3455 3154 3622 3224 ἄγγε-

2057 3248 2138 3300 λοι
2166 3246 2408 3316 ἀκριϐῶς
2433 3247 2880 3308 ἑναπετύπωσαν,
2917 3245 3058 3300 ὥστε
3118 3246 3191 3316 μὴ
3225 3243 3483 3314 πτοῆσαι.
3519 3240 3624 3293 Δύο

2057 3336 2117 3399 δέ
2184 3336 2533 3406 παρέστησαν
2589 3335 2647 3389 τὸ
2707 3335 2924 3405 βέϐαιον
2989 3337 3090 3406 τῆς
3178 3333 3484 3404 μαρτυρίας
3533 3333 3627 3401 δη-

2058 3425 2297 3489 λοῦντες.
2371 3426 2626 3488 Εἰπόντες
2700 3426 2755 3490 δέ
2789 3440 2803 3456 ⁸
2863 3445 2883 3484 ς
2926 3426 2991 3482 Τί
3075 3426 3343 3494 ἑστήκατε
3426 3423 3625 3494 ἐμϐλέ-

2061 3534 2254 3581 ποντες
2282 3519 2362 3574 εἰς
2411 3517 2502 3570 τὸν
2539 3517 2804 3588 ούρανόνς
2842 3536 2860 3568 ι
2912 3517 3009 3570 οὐκ
3059 3515 3139 3569 ἔτι
3183 3514 3373 3568 εἴασαν
3427 3513 3625 3577 αὐτοὺς

2061 3610 2486 3677 προσκαρτερεῖν
2527 3609 2585 3659 ἐν
2611 3607 2688 3676 τῷ
2718 3609 2888 3674 τόπῳ,
2945 3607 3039 3661 καὶ
3096 3605 3402 3676 προσδοκᾷν
3460 3603 3625 3657 αὑτὸν

2061 3698 2290 3769 ὄψεσθαι
2323 3700 2504 3755 πάλιν.
2548 3717 2566 3751 ι
2595 3700 2726 3752 Τότε
2787 3699 3149 3769 ὑπέστρεψαν.
3185 3717 3204 3750 ι
3232 3699 3387 3764 Τότε,
3439 3697 3621 3767 φησὶν,

2058 3787 2146 3840 ὅτε
2189 3788 2427 3858 ἥκουσαν
2481 3788 2674 3854 ταῦτα,
2729 3789 3100 3858 ὑπέστρεψαν.
3123 3790 3282 3843 Δοκεῖ
3306 3787 3365 3842 δέ
3410 3787 3504 3855 καὶ
3565 3787 3624 3838 ἐν

2058 3878 2320 3950 Σαϐϐάτῳ
2393 3879 2674 3948 γεγονέναι
2719 3879 2909 3945 ταῦτα,
2955 3878 3125 3932 ἐκτοῦ
3186 3879 3393 3932 εἰπεῖν’
3431 3895 3450 3928 ι
3489 3876 3626 3929 Ἀπὸ

2057 3972 2215 4043 ὅρους
2237 3973 2330 4024 τοῦ
2361 3974 2700 4042 καλουμένου
2744 3973 3056 4034 Ἐλαιῶνος,
3095 3972 3122 4026 ὅ
3149 3975 3296 4024 ἐστιν
3326 3970 3493 4038 ἐγγὺς
3523 3970 3621 4022 Ἰε-

2062 4065 2356 4136 ρουσαλὴμ,
2391 4066 2666 4118 Σαϐϐάτου
2693 4064 2812 4135 ἔχον
2837 4064 2974 4117 ὁδόν.
3005 4084 3024 4114 ι
3058 4064 3166 4117 Καὶ
3195 4065 3302 4132 γὰρ
3324 4061 3626 4132 ὡρισμένον

2058 4159 2118 4211 τὸ
2159 4162 2334 4229 μῆκος
2355 4159 2666 4229 ὁδοιπορίας
2717 4160 2835 4224 ἐξὸν
2856 4157 2924 4230 ἦν
2943 4159 3176 4228 βαδίζειν
3209 4160 3320 4216 τοῖς
3352 4154 3620 4214 Ἰουδαίοις

2060 4252 2116 4303 ἐν
2139 4253 2204 4322 τῇ
2235 4253 2418 4323 ἡμέρᾳ
2446 4251 2541 4305 τοῦ
2565 4250 2846 4305 Σαϐϐάτου
2868 4268 2881 4282 ·
2939 4250 3186 4304 τουτέστι
3214 4248 3404 4302 στάδια
3441 4248 3618 4301 πέντε.

397 4354 578 4398 nnmte
607 4343 699 4409 qui
738 4351 821 4398 cst
845 4343 998 4412 juxta
1055 4343 1378 4407 Jerusalem,
1436 4341 1659 4396 Sabbati
1699 4341 1903 4396 habens
1938 4343 2039 4396 iter
2072 4361 2125 4395 ε»
2173 4345 2390 4399 delinita
2422 4358 2656 4412 namque
2701 4353 2820 4397 erat
2877 4340 3154 4412 longitudo
3201 4339 3437 4404 itineris,
3478 4334 3622 4408 quod

391 4435 590 4492 Jud.eis
614 4436 850 4493 Sabbato
868 4438 1137 4494 coniicere
1170 4435 1365 4490 licebat
1390 4448 1406 4500 ;
1434 4449 1625 4504 nempe
1648 4433 1821 4489 stad;a
1859 4432 2122 4503 quinque.

1792 4541 1837 4570 ο

1003 4569 1227 4625 CAPUT
1269 4569 1330 4623 ll.

396 4675 538 4731 Γειιὶ
574 4693 742 4731 sermo
773 4677 842 4731 ad
877 4677 1161 4747 discipulos
1193 4678 1257 4733 de
1293 4688 1456 4733 morte
1494 4691 1544 4733 et
1588 4678 1954 4747 reprobatione

458 4771 615 4825 Juda’
639 4771 946 4842 proditoris,
979 4788 1040 4824 ac
1070 4773 1132 4826 de
1161 4775 1532 4843 subrogatione
1562 4770 1824 4834 Mauhiw,
1857 4785 1950 4823 su-

456 4881 547 4936 per
575 4880 724 4934 quem
752 4879 866 4919 sors
897 4865 1078 4919 cecidit
1108 4865 1202 4920 Dei
1229 4867 1401 4936 gratia
1435 4881 1528 4936 per
1559 4864 1874 4919 orationem.

581 5069 733 5125 Feria
768 5069 1006 5125 secunda
1033 5068 1384 5125 hebdomade
1410 5067 1690 5123 Paschalis
1711 5070 1752 5120 ³.

2651 4565 2900 4621 ΚΕΦΔΛ.
2941 4565 3017 4620 B’.

2061 4675 2591 4753 Πετρουδιὰλογος
2629 4693 2778 4750 προς
2805 4679 2947 4748 τοὺς
2971 4679 3454 4751 μαθητωθέντας
3487 4671 3624 4742 περί

2131 4790 2192 4825 τε
2215 4769 2474 4826 θανάτου
2495 4771 2592 4824 καὶ
2615 4769 2923 4838 ἀποϐολῆς
2947 4770 3132 4825 Ἰούδα
3158 4769 3266 4826 τοῦ
3289 4766 3584 4837 προδότου
3599 4779 3615 4795 ⁸

2126 4862 2195 4914 ἐν
2217 4854 2266 4927 ᾧ
2287 4861 2418 4928 περὶ
2444 4859 2885 4929 ἁντεισαγωγῆς
2896 4859 3183 4923 Ματθίου,
3211 4853 3623 4925 κληρωθέντος

2127 4953 2321 5022 χάριτι
2349 4951 2447 5005 διὰ
2471 4949 2840 5022 προσευχῆς.

2368 5066 2448 5137 Τῇ
2481 5066 2710 5136 δευτέρᾳ
2740 5064 2837 5135 τῆς
2852 5063 3302 5136 Διακαινησίμου.

459 5242 478 5271 ⁸
506 5239 693 5293 Matth.
729 5255 812 5302 ιιι,
855 5238 940 5294 Η.
1017 5239 1036 5267 ⁷
1063 5235 1252 5290 Matth.
1295 5252 1441 5300 xxiv,
1474 5236 1563 5289 '56.
1640 5235 1661 5266 ⁸
1692 5234 1881 5290 Matth.
1927 5250 1982 5300 Χ,
2013 5233 2067 5288 5.

1542 5350 1738 5411 Variae
1779 5349 2082 5412 lectiones
2125 5355 2186 5412 et
2224 5355 2416 5412 notae.

458 5453 477 5481 ³
517 5451 572 5504 In
615 5453 804 5507 (itaet)
856 5453 1118 5515 habetur.
1167 5450 1396 5504 secunda
1439 5450 1655 5520 (nempe
1687 5450 1800 5520 die.
1857 5452 1941 5505 vel

386 5520 540 5588 feria)
581 5520 993 5586 Diakainesimi;
1017 5524 1097 5576 sic
1117 5522 1261 5575 enim
1283 5519 1674 5574 hebdomadam
1701 5519 1940 5572 Poscim-

385 5591 505 5652 lem,
537 5605 790 5658 seuqua:
836 5593 980 5644 diem
1019 5591 1302 5645 Paschalis
1343 5591 1728 5658 subsequitur.
1767 5588 1940 5644 Graeci

385 5667 601 5712 vocant.
643 5657 738 5712 E51
789 5670 968 5716 autem
1014 5660 1154 5730 apud
1196 5659 1413 5715 Gt‘tncos
1454 5657 1784 5716 recentiores
1827 5659 1941 5714 δια-

2045 5450 2367 5520 καινήσιμος
2401 5449 2542 5520 idem
2583 5445 3017 5520 aeotaxaivqct‘;
3038 5487 3051 5509 ,
3099 5458 3292 5520 nempe
3322 5442 3613 5520 ratioratio.

2048 5523 2126 5572 Ita
2173 5510 2301 5572 vero
2351 5510 2471 5572 eam
2527 5510 2926 5570 hebdomadam
2969 5510 3278 5584 appellant,
3327 5510 3472 5580 quod
3525 5525 3618 5576 per

2047 5588 2248 5641 Christi
2287 5588 2744 5656 resurrectionem
2776 5602 2954 5656 genus
2989 5586 3280 5656 iLﬂltlallilm
3315 5589 3615 5636 renovetur.

2051 5657 2132 5710 Du
2174 5657 2372 5730 Gange,
2405 5655 2582 5710 Gloss.
2622 5655 2758 5710 med.
2783 5653 2837 5709 'et
2873 5654 2970 5724 inf.
3002 5653 3169 5709 Gra’c.
