4088 6206
386 330 491 395 857
1055 333 1600 400 EXPOSITIONIS
1627 340 1712 401 IN
1752 342 1939 404 ACTA
1979 346 2283 410 TEXTUS
2320 353 2594 417 ALTER.
2635 383 2706 395 --
2740 358 2900 419 CAP.
2940 359 2988 419 Ῑ.

981 445 1372 504 ΚΕΙΜΕΝΟΝ.

2705 470 3007 527 TEXTUS.

472 535 563 590 ‘Ev
594 536 714 601 ταῖς
772 536 1005 609 ἡμέραις
1063 539 1303 605 ἐκείναις
1336 542 1685 614 ὑπέστρεψαν
1733 547 1783 599 οἱ
1824 548 1961 601 ἀπδ-

2133 552 2178 619 Ι,
2203 553 2471 611 1236.12»
2505 559 2696 615 diebus
2728 562 2835 616 illis
2855 562 3060 618 reversi
3089 564 3644 639 suutJerosolymam,

388 630 564 717 ρτολοι
597 629 678 694 είς
723 627 1073 702 Ἰερουσαλὴμ
1118 630 1226 685 ἀπὸ
1276 631 1438 703 ὅρους
1489 634 1583 687 τοῦ
1623 635 1959 704 καλουμένου

2070 659 2094 698 a
2122 660 2305 700 monte
2323 648 2416 717 qui
2441 659 2661 705 vocatur
2689 652 2905 717 Oliveti,
2927 654 3020 724 qui
3044 664 3126 710 est
3144 656 3297 723 juxta
3318 627 3645 726 Jerusalem,

3536 364 3649 429 858

186 704 712 841 /‘Elat6)vog,
761 724 790 776 δ
838 724 990 777 ἐστιν
1036 724 1205 793 ἐγγὺς
1255 724 1632 796 Ἰερουσαλὴμ,
1680 728 1958 784 Σαὸϐἀτου

186 840 197 841 ,
389 815 644 841 guns”.
690 817 794 841 I!_\
826 816 911 841 ι--
939 815 1186 841 -..εωω
1227 817 1585 841 ιηιεηηη-.-
1611 820 1659 841 Α
1697 823 1763 841 ,κν
1840 823 1866 836 -

2070 736 2288 792 Sabbati
2333 739 2540 794 habens
2582 742 2703 797 iter.
2733 743 2797 799 Et
2835 761 2960 799 cum
3006 746 3334 806 introissent
3365 750 3419 804 in
3451 704 3644 806 omna-,-

144 832 197 865 ν

389 816 511 885 ἕχον
525 815 663 870 ὁδόν.
690 817 799 869 Kal.
823 816 913 869 ὅτε
937 815 1208 885 εἰσῆλθον,
1222 817 1493 889 ἀνέϐησαν
1507 822 1585 883 εἰς
1606 820 1667 874 τὸ
1689 823 1961 893 ὑπερῷον,

2070 829 2269 893 culum,
2297 833 2663 889 ascenderunt
2692 835 2784 890 ubi
2836 837 3130 892 manebant
3170 839 3362 897 Petrus
3393 851 3449 897 et
3474 841 3664 897 ἔσθει-⁷

387 900 448 961 οῦ
480 902 620 977 ἦσαν
671 905 1071 987 καταμένοντες
1125 909 1154 961 ὅ
1196 924 1255 961 τε
1286 909 1514 974 Πέτρος,
1544 910 1639 964 καὶ
1682 911 1961 979 ⁹Ιάκω6ος,

390 997 485 1048 καὶ
512 994 787 1064 Ἰωάννης,
817 996 911 1050 καὶ
960 998 1234 1070 Ἀνδρέας,
1266 1001 1358 1054 καὶ
1392 1003 1682 1068 Φίλιππος,
1725 1008 1817 1058 καὶ
1845 1005 1963 1058 Θω-

393 1089 518 1155 μᾶς,
550 1087 977 1158 Βαρθολομαῖος,
1034 1092 1128 1144 καὶ
1172 1091 1475 1160 Ματθαῖος,
1529 1095 1784 1159 Ἰάκωϐος
1844 1096 1964 1153 Ἀλ-

391 1179 571 1248 φαίου,
601 1179 694 1232 καὶ
728 1178 933 1248 Σίμων,
965 1180 1060 1237 καὶ
1094 1180 1296 1246 Ἰούδας
1332 1182 1609 1240 Ἰακώϐου.
1640 1180 1798 1240 Οῦτοι
1829 1185 1964 1238 πάν-

389 1289 478 1333 τες
505 1267 648 1352 ἦσαν
677 1273 1213 1345 προσκαρτεροῦντες
1228 1276 1568 1346 ὁμοθυμαδὸν
1597 1281 1660 1348 τῇ
1682 1280 1961 1351 προσευχῇ

392 1365 488 1419 καὶ
512 1367 576 1435 τῇ
609 1365 787 1435 δεήσει
813 1368 911 1419 σὺν
932 1365 1149 1433 γυναιξὶ
1198 1369 1295 1421 καὶ
1332 1368 1522 1440 Μαρίᾳ
1558 1372 1622 1439 τῇ
1657 1370 1825 1440 μητρὶ
1864 1369 1958 1423 τοῦ

406 1456 602 1529 Ἰησοῦ,
639 1457 733 1512 καὶ
779 1457 877 1513 σὺν
928 1461 1045 1521 τοῖς
1102 1459 1352 1528 ἀδελφοῖς
1385 1460 1577 1516 αὐτοῦ.
1627 1462 1735 1516 Καὶ
1762 1463 1819 1515 ὲν
1846 1464 1967 1525 ταῖς

2062 939 2194 988 nes,
2235 922 2474 981 Jacobus
2518 936 2573 982 et
2616 927 2902 996 Andreas,
2953 931 3237 1002 Philippus
3274 945 3330 991 et
3378 936 3640 1001 Thomas.

2064 1013 2493 1081 Bartholomreus
2552 1026 2607 1074 et
2665 1019 2990 1086 Marthaeus,
3037 1021 3278 1079 Jacobus
3330 1026 3537 1095 Alphaei
3587 1037 3645 1082 et

2067 1105 2257 1163 Simon
2303 1108 2518 1166 Zelotes
2570 1120 2625 1167 et
2663 1111 2839 1168 Judas
2876 1113 3087 1169 Jacobi.
3142 1113 3209 1169 Hi
3257 1131 3450 1173 omnes
3486 1125 3645 1173 erant

2065 1211 2480 1266 perseverantes
2509 1203 2841 1257 unanimiter
2870 1204 2920 1258 in
2956 1205 3207 1261 oratione
3239 1222 3365 1260 cum
3398 1208 3646 1261 mulieri-

2066 1288 2170 1344 bus
2214 1301 2266 1343 et
2301 1290 2469 1351 Maria
2503 1291 2678 1348 Mater
2712 1292 2840 1348 Jesu
2872 1303 2927 1350 ct
2959 1294 3223 1351 fratribus
3258 1297 3397 1366 ejus.
3436 1297 3497 1351 In
3528 1297 3644 1353 die-

2067 1381 2172 1437 bus
2213 1381 2320 1438 illis
2356 1398 2657 1454 exsurgens
2691 1384 2886 1441 Petrus
2933 1386 2987 1439 in
3021 1385 3201 1440 medio
3233 1386 3458 1440 fratrum
3506 1387 3643 1441 dixit

2070 1474 2209 1544 (erat
2225 1482 2403 1530 autem
2419 1477 2571 1529 turba
2594 1474 2754 1548 195.
2770 1477 3047 1531 hominum
3074 1477 3241 1532 simul
3292 1476 3403 1532 fere
3422 1486 3641 1533 centum

392 1549 630 1620 ήμέραις
692 1546 917 1614 ταύταις
969 1550 1206 1615 ἀναστὰς
1263 1553 1467 1651 Πέτρος
1532 1554 1590 1608 ἐν
1654 1554 1805 1627 μέσῳ
1858 1555 1966 1608 τῶν

2070 1565 2283 1636 viginti)
2311 1582 2322 1618 :
2350 1564 2460 1621 Viri
2502 1546 2739 1630 fratres,
2781 1577 2997 1637 oportet
3040 1568 3255 1638 impleri
3300 1567 3639 1637 Scripturam

398 1642 679 1713 μαθητῶν,
704 1638 854 1697 εἶπεν
891 1638 979 1715 (ἦν
1012 1661 1070 1697 τε
1110 1643 1265 1714 δχλος
1317 1638 1597 1717 ὀνομάτων
1626 1648 1723 1701 ἐπὶ
1752 1646 1811 1701 τδ
1836 1646 1966 1701 αὐτὸ

2070 1672 2232 1728 quam
2276 1657 2526 1728 prmdixit
2565 1658 2810 1728 Spiritus
2855 1668 3083 1714 sanctus
3124 1675 3219 1729 per
3257 1675 3319 1714 os
3360 1658 3527 1712 David
3575 1658 3644 1712 de

393 1735 523 1789 ὡσεὶ
551 1735 743 1790 ἑκατὸν
775 1736 969 1806 εῐκοσι)
994 1751 1009 1767 ο
1052 1737 1279 1809 ’Ἄνδρες
1319 1738 1563 1807 ἀδελφοὶ,
1594 1739 1704 1793 ἔδει
1736 1739 1963 1812 πληρω-

2070 1748 2230 1812 Iuda,
2252 1749 2344 1818 qui
2376 1749 2479 1803 fuit
2503 1749 2613 1804 dux
2647 1764 2835 1803 eorum
2867 1749 2959 1817 qui
2994 1748 3524 1817 comprehenderunt
3552 1746 3639 1801 Je-

395 1823 549 1895 θῆναι
570 1825 668 1897 τὴν
702 1826 926 1896 Γραφὴν
953 1799 1198 1896 ταύτην..
1221 1828 1289 1899 ῆν
1330 1799 1561 1899 προείπε
1581 1831 1640 1883 τὸ
1661 1799 1886 1900 Πνεῦμα
1906 1831 1965 1883 τὸ

2072 1855 2214 1897 sum.
2248 1838 2351 1905 Qui
2390 1845 2821 1897 connumeratus
2852 1846 2974 1893 erat
3006 1838 3061 1891 in
3101 1838 3292 1901 nobis,
3324 1846 3380 1893 et
3409 1840 3642 1895 sortitus

394 1917 549 1985 ἅγιον
575 1916 664 1971 διὰ
701 1917 967 1988 στόματος
998 1919 1165 1972 Δασὶδ
1190 1919 1317 1990 περὶ
1353 1920 1522 1974 Ἰούδα
1541 1920 1633 1974 τοῦ
1669 1923 1963 1993 γενομένου

2070 1939 2154 1985 est
2181 1941 2385 1987 sortem
2416 1929 2708 1985 ministerii
2742 1928 2926 1999 hujus.
2963 1927 3031 1983 Et
3078 1929 3167 1984 hic
3202 1930 3421 2000 quidem
3452 1945 3644 1999 possc-

395 2010 590 2079 ὁδηγοῦ
619 2012 731 2074 τοῖς
760 2010 1084 2064 συλλαόοὕσι
1122 2011 1213 2065 τὸν
1242 2012 1472 2080 Ἰησοῦν,
1512 2014 1595 2067 δτι
1629 2015 1970 2084 κατηριθμη-

401 2102 560 2173 μένος
586 2098 653 2173 ἦν
685 2104 780 2156 σὺν
809 2104 962 2174 ἡμῖν,
1000 2103 1097 2175 καὶ
1153 2102 1313 2174 ἔλαχε
1351 2104 1444 2157 τὸν
1469 2104 1666 2174 κλῆρον
1697 2108 1799 2175 τῆς
1847 2106 1965 2159 δια-

399 2194 582 2256 κονίας
602 2195 804 2263 ταύτης
831 2196 923 2248 καὶ
969 2195 1295 2265 ἀποστολῆς.
1337 2190 1507 2258 Οὗτος
1552 2198 1652 2266 μὲν
1677 2195 1768 2250 οῦν
1804 2198 1968 2267 ἐκτή-

400 2302 529 2340 σατο
551 2286 748 2356 χωρίον
778 2287 842 2338 ἐκ
865 2287 958 2340 τοῦ
991 2288 1184 2358 μισθοῦ
1225 2287 1322 2359 τῆς
1368 2287 1604 2349 ἀδικίας,
1632 2288 1724 2341 καὶ
1753 2288 1965 2359 πρηνὴς

400 2378 687 2449 γενόμενος
747 2380 980 2448 ὲλάκησε
1037 2378 1223 2451 μέσος,
1277 2378 1370 2432 καὶ
1412 2378 1642 2448 ἐξεχύθη
1692 2378 1965 2431 πάντατὰ

398 2472 606 2540 ἔγκατα
665 2469 853 2524 αὑτοῦ.
910 2471 1019 2525 Καὶ
1077 2469 1315 2537 γνωστὸν
1377 2469 1596 2538 ἐγένετο
1647 2470 1782 2521 πᾶσι
1852 2471 1963 2532 τοῖς

332 2558 335 2559 ν
399 2563 742 2617 κατοικοῦσιν
791 2564 849 2616 ἐν
919 2561 1290 2633 Ἰερουσαλὴμ,
1351 2560 1494 2614 ὥστε
1582 2559 1849 2628 κληθῆναι
1903 2558 1965 2611 τὸ

401 2653 595 2723 χωρίον
616 2652 792 2705 ὲκείνο
847 2653 914 2720 τῇ
954 2651 1059 2720 ἰδίᾳ
1105 2650 1371 2719 διαλέκτῳ
1400 2648 1579 2703 αὐτῶν
1626 2648 1958 2715 Ἀκελδαμὰ,

399 2746 644 2798 τουτέστι
688 2744 887 2815 χωρίον
932 2744 1183 2813 αἵματος.
1222 2743 1535 2810 Γέγραπται
1562 2740 1671 2812 γὰρ
1702 2743 1759 2792 ὲν
1796 2739 1964 2811 βίϐλῳ

399 2837 646 2907 Ψαλμῶν
700 2851 733 2908 ’⁸
767 2835 1056 2906 Γενηθήτω
1112 2839 1145 2899 ἠ
1207 2834 1431 2895 ἔπαυλις
1488 2830 1653 2885 αὐτοῦ
1724 2830 1949 2901 ἔρημος,

2068 2022 2149 2083 dit
2200 2036 2390 2090 agrum
2449 2020 2518 2076 de
2569 2021 2820 2077 mercede
2871 2020 3208 2090 iniquitatis,
3253 2031 3307 2076 et
3343 2036 3645 2090 suspensus

2067 2114 2278 2184 crepuit
2309 2113 2541 2178 medius,
2572 2123 2628 2169 et
2655 2113 2849 2169 dilfusa
2879 2122 3008 2168 sunt
3040 2114 3224 2169 omnia
3259 2115 3468 2168 viscera
3496 2113 3640 2181 ejus.

2067 2206 2133 2265 Et
2166 2212 2353 2261 notum
2382 2204 2583 2259 factum
2618 2213 2705 2259 est
2729 2204 2986 2258 omnibus
3013 2203 3388 2258 habitantibus
3416 2200 3641 2256 Jerusa-

2066 2297 2194 2360 lem,
2224 2296 2296 2350 ita
2326 2304 2384 2351 ut
2405 2295 2771 2365 appellaretur
2805 2309 2931 2363 ager
2958 2293 3048 2348 ille
3087 2293 3265 2364 lingua
3306 2307 3493 2345 eorum
3532 2290 3643 2345 lia-

2065 2386 2339 2452 celdama,
2384 2387 2486 2440 hoc
2528 2394 2616 2441 est
2683 2400 2814 2454 ager
2865 2385 3167 2444 sanguinis.
3220 2383 3496 2453 Scriptum
3557 2388 3643 2435 cst

2064 2476 2209 2530 enim
2241 2476 2292 2528 in
2325 2476 2465 2530 libro
2493 2474 2831 2530 Psalmorum
2867 2493 2880 2528 :
2915 2474 3032 2528 Fiat
3063 2474 3420 2529 commoratio
3450 2487 3639 2528 eorum

2064 2566 2303 2627 deserta.
2333 2574 2388 2620 et
2418 2580 2525 2620 non
2557 2565 2628 2620 sit
2664 2565 2756 2635 qui
2790 2564 3056 2618 inhabitet
3092 2563 3147 2617 in
3179 2578 3241 2618 ea
3271 2599 3289 2624 ,
3337 2571 3385 2614 et
3424 2562 3643 2630 episco-

2066 2664 2250 2727 patum
2279 2656 2400 2724 ejus
2431 2657 2666 2726 accipiat
2687 2657 2846 2711 alter.
2877 2655 3100 2726 Oportet
3127 2670 3258 2725 ergo
3279 2670 3343 2709 ex
3371 2653 3457 2709 his
3488 2652 3640 2717 viris,

2065 2749 2158 2817 qui
2184 2749 2471 2803 uobiscum
2500 2759 2627 2803 sunt
2650 2747 2964 2819 congregati
2992 2747 3046 2801 in
3071 2747 3218 2801 omni
3243 2755 3508 2816 tempore,
3533 2759 3644 2815 quo

2065 2839 2292 2894 intravit
2332 2848 2385 2894 ct
2427 2840 2595 2895 exivit
2637 2840 2781 2894 inter
2822 2854 2923 2895 nos
2958 2838 3222 2893 Dominus
3265 2837 3458 2902 Jesus,
3504 2836 3644 2890 inci-

399 2928 492 2982 καὶ
535 2927 613 2999 μὴ
650 2927 790 2981 έστω
816 2929 844 2980 0
874 2927 1142 2979 κατοικῶν
1166 2928 1223 2979 ὲν
1251 2927 1387 2994 αὐτῇ
1414 2941 1427 2955 ο
1458 2924 1571 2989 καὶ,
1600 2923 1711 2993 Τὴν
1738 2924 1964 2976 ἐπισκο-

2070 2932 2221 3000 piens
2271 2944 2301 2983 a
2349 2930 2676 2999 baptismate
2724 2927 2953 2986 Joannis
2994 2944 3173 2999 usque
3215 2929 3267 2983 in
3316 2927 3490 2990 diem,
3538 2942 3644 2995 qua

401 3018 508 3091 πήν
558 3018 723 3072 αὐτοῦ
776 3015 915 3086 λάϐῃ
962 3015 1170 3084 ἕτερος.
1222 3015 1314 3066 Δεῖ
1351 3011 1441 3066 οῦν
1468 3012 1574 3065 τῶν
1604 3010 1963 3064 συνελθόντων

2070 3030 2383 3086 assumptus
2418 3026 2502 3073 cst
2541 3032 2569 3070 a
2605 3018 2799 3081 nobis,
2837 3027 3030 3073 testem
3073 3017 3498 3073 resurrectionis
3526 3016 3647 3084 ejus

400 3114 532 3183 ἡμῖν
562 3108 771 3180 ἀνδρῶν
795 3109 852 3161 ἐν
896 3107 1055 3159 πειντλ⁵
1107 3106 1304 3177 χρόνῳ,
1340 3106 1397 3157 ὲν
1424 3097 1469 3171 ᾧ
1506 3102 1724 3172 εἰσῆλοε
1748 3101 1843 3155 καὶ
1877 3101 1965 3165 ἐξ·

2070 3108 2350 3162 nobiscmn
2384 3106 2496 3161 fieri
2536 3122 2700 3160 unum
2733 3124 2798 3162 ex
2833 3108 2975 3162 istis.
3028 3107 3094 3161 Et
3124 3114 3437 3163 statuerunt
3467 3105 3630 3170 duos,

400 3201 564 3273 ἢλθεν
606 3202 692 3268 ἐφ’
728 3200 875 3270 ἡμᾶς
927 3199 956 3250 0
997 3196 1200 3268 Κύριος
1240 3195 1469 3266 Ἰησοῦς,
1508 3195 1814 3265 ἀρξάμενος
1855 3191 1963 3245 ἀπὸ

2070 3198 2284 3264 loseph,
2322 3199 2413 3267 qui
2455 3200 2752 3254 vocabatur
2788 3200 3076 3263 Barsabas,
3110 3200 3203 3270 qui
3225 3197 3647 3268 cognominatus
3742 3202 3749 3221 ‘

399 3293 493 3349 τοῦ
554 3292 932 3363 βαπτίσματος
1000 3290 1267 3353 Ἰωάννου,
1307 3288 1437 3359 ἄχρι
1487 3287 1586 3357 τῆς
1617 3285 1848 3357 ἡμέρας,
1895 3278 1963 3361 ἧς

2070 3300 2146 3344 est
2171 3290 2364 3346 Justus
2386 3329 2399 3352 ,
2441 3300 2496 3343 et
2525 3290 2825 3347 Matthiam.
2855 3291 2921 3346 Et
2950 3301 3172 3349 orantes
3205 3291 3462 3345 dixerunt
3494 3306 3505 3341 :
3543 3287 3646 3351 Tu,

403 3385 676 3456 ἀνελήφθη
709 3385 801 3453 ἀφ’
828 3381 1007 3453 ήμῶν,
1039 3381 1290 3453 μάρτυρα
1316 3379 1771 3450 τῆςάναστάσεως
1796 3377 1962 3431 αὑτοῦ

2070 3379 2312 3446 Domine,
2361 3381 2453 3451 qui
2473 3382 2633 3436 corda
2654 3380 3319 3448 nostiomnium,ostende
3358 3394 3517 3449 quem
3536 3378 3648 3432 elc-

400 3478 654 3548 γενέσθαι
683 3478 780 3530 σὺν
834 3476 965 3545 ἡμῖν
1024 3474 1119 3527 ἕνα
1143 3471 1366 3526 τούτων.
1423 3471 1534 3523 Καὶ
1584 3468 1818 3538 ἔστησαν
1848 3468 1962 3533 δύο,

2074 3474 2217 3543 geris
2254 3489 2323 3528 ex
2357 3474 2441 3529 his
2473 3474 2685 3530 duobus
2728 3490 2900 3528 unum
2954 3475 3199 3543 accipere
3251 3475 3430 3527 locum
3489 3469 3649 3523 mini-

414 3568 609 3637 Ἰωσὴφ
671 3565 763 3619 τὸν
808 3564 1138 3633 καλούμενον
1190 3560 1479 3632 Βαρσαᾶἱν
1507 3600 1521 3621 ,
1569 3557 1629 3621 ὃς
1688 3556 1966 3626 ἐπεκλήθη

2075 3565 2228 3621 sterii
2259 3564 2420 3633 hujus
2466 3573 2520 3619 et
2542 3567 2903 3634 apostolatus,
2933 3566 3000 3619 de
3021 3581 3130 3634 quo
3154 3567 3543 3634 praevaricatus
3565 3569 3650 3617 est

416 3659 665 3723 Ἰοῦστος,
699 3658 793 3712 καὶ
831 3657 1099 3711 Ματθίαν.
1134 3655 1246 3709 Καὶ
1293 3650 1724 3723 προσευξάμενοι
1777 3645 1966 3701 εἷπονο

2075 3654 2266 3718 Jndas,
2293 3664 2353 3709 ut
2378 3656 2552 3710 abiret
2584 3656 2636 3710 in
2662 3655 2839 3710 locum
2874 3670 3056 3710 smrm.
3083 3655 3148 3709 Et
3175 3656 3442 3710 dederunt
3468 3663 3648 3707 sortes

404 3753 498 3819 Σὺ,
552 3752 747 3820 Κύριε,
796 3748 1205 3823 καρδιογνῶστα
1270 3746 1523 3805 πάντων,
1580 3741 1856 3807 ἀνάδειξον
1912 3740 1966 3794 ὃν

2079 3744 2180 3807 eis,
2204 3753 2254 3798 et
2278 3744 2475 3817 cecidit
2500 3759 2620 3800 sors
2646 3759 2811 3813 super
2836 3743 3137 3808 Mattbiam,
3167 3752 3220 3799 et
3250 3754 3647 3799 autmtueraltts

405 3845 632 3913 ἐξελέξω
653 3846 717 3898 ὲκ
776 3842 982 3898 τούτων
1010 3842 1117 3895 τῶν
1169 3840 1263 3895 δύο
1310 3840 1406 3892 ἕνα
1436 3837 1629 3900 ¹λαϐεῖν
1651 3836 1740 3889 τὸν
1773 3835 1966 3904 κλῆρον

2081 3843 2166 3891 est
2195 3851 2319 3889 cum
2352 3835 2603 3890 undecim
2634 3836 2915 3905 apoStolis.

402 3939 503 4007 τῆς
548 3937 822 4001 διακονίας
848 3936 1051 4007 ταύτης
1081 3937 1179 3990 καὶ
1221 3931 1549 4000 ἀποστολῆς,
1575 3930 1635 3995 ὲξ
1655 3924 1722 4000 ἦς
1755 3928 1966 3998 παρέϐη
2020 3928 2243 3992 Ἰούδας,
2308 3928 2643 4000 πορευθῆναι
2699 3929 2782 3990 είς
2834 3928 2928 3981 τὸν
2979 3928 3144 3981 τόπον
3204 3926 3295 3980 τὸν
3324 3926 3474 3980 ἴδιον.
3540 3926 3649 3981 Καὶ

404 4028 614 4091 ἔδωκαν
674 4027 908 4098 κλήρους
951 4027 1153 4093 αὐτῶν,
1197 4026 1295 4080 καὶ
1343 4024 1540 4079 ἔπεσεν
1616 4025 1645 4078 0
1690 4024 1890 4094 κλῆρος
1957 4023 2051 4077 ἐπὶ
2085 4022 2359 4089 Ματθίαν,
2416 4023 2513 4077 καὶ
2564 4021 3237 4093 συγκατεψηφίσθηιμετᾶ
3293 4021 3400 4074 τῶν
3459 4019 3651 4073 ἕνδεκα

403 4119 738 4176 ἀποστόλων.

1000 4211 1243 4275 ΕΡΜΗΝ
1253 4210 1385 4266 ΕΙΛ.
2574 4203 3151 4262 COMMENTARIUS.

481 4320 500 4353 ι
532 4300 627 4365 Ei;
654 4300 716 4353 τὸ
766 4300 1013 4372 ὑπερῷον
1064 4301 1352 4370 ἀνέϐησαν.
1393 4319 1411 4351 ι
1441 4300 1832 4355 Ἐδεδοίκειταν
1860 4299 1966 4370 γὰρ

2150 4320 2168 4351 ι
2214 4300 2270 4354 In
2311 4299 2655 4354 rmnacnlum
2706 4300 3102 4357 ascenderunt.
3150 4317 3167 4347 ι
3209 4313 3274 4352 eo
3307 4297 3450 4366 quod
3495 4297 3648 4353 timeo

405 4395 463 4447 ὲν
486 4394 554 4465 τῇ
581 4392 731 4446 πόλει
754 4392 1061 4462 φαίνεσθαι,
1088 4391 1224 4445 ῶστε
1249 4392 1323 4463 μὴ
1348 4392 1717 4464 συλληφθῆναι
1750 4392 1966 4454 αὐτούς.

2074 4392 2229 4455 b-rnt,
2264 4407 2332 4445 ne
2363 4391 2406 4445 si
2438 4390 2756 4445 viderentur
2779 4389 2832 4442 in
2861 4389 3099 4450 civitate,
3115 4400 3459 4455 caperentur.
3482 4387 3649 4442 Recte

407 4485 605 4548 Καλῶς
632 4484 690 4538 δὲ
715 4483 1091 4555 ἐμνημόνευσε
1146 4483 1255 4537 τῶν
1309 4483 1567 4555 μαθητῶν
1593 4499 1607 4513 ·
1641 4483 1827 4551 ἐπειδὴ
1861 4482 1966 4553 γὰρ

2076 4495 2255 4538 amem
2304 4483 2372 4538 de
2414 4481 2701 4549 discipulis
2749 4479 3080 4541 mentionem
3129 4479 3259 4535 facit
3307 4497 3320 4533 :
3366 4479 3651 4547 quoniam,

409 4581 439 4631 0
488 4576 588 4646 μὲν
632 4574 967 4647 προύδωκεν,
1009 4577 1038 4628 0
1084 4576 1143 4629 δὲ
1186 4577 1480 4646 ἠρνήσατο,
1511 4577 1540 4628 0
1584 4576 1641 4629 δὲ
1675 4575 1966 4645 ἠπίστησε,

2077 4590 2200 4629 cum
2236 4590 2299 4630 ex
2335 4574 2442 4629 illis
2472 4589 2615 4628 unus
2646 4573 2868 4642 quidem
2902 4572 3087 4628 Jesum
3127 4570 3482 4641 prodidisset,
3514 4571 3653 4625 alter

411 4670 680 4746 δείκνυσιν
704 4667 786 4721 ὅτι
816 4666 954 4739 πλὴν
991 4666 1082 4720 τοῦ
1117 4667 1377 4737 προδότου
1410 4669 1610 4730 πάντες
1636 4663 1775 4736 ἦσαν
1811 4666 1970 4719 σῶοι.

414 4757 569 4816 Εἷτα’
608 4780 628 4814 ι
662 4761 1171 4832 Προσκατεροῦντες
1202 4764 1271 4831 τῇ
1316 4763 1593 4831 προσευχῇ
1625 4761 1720 4814 σὺν
1758 4759 1975 4827 γυναιξὶ

412 4851 509 4904 καὶ
534 4849 720 4922 Μαρίᾳ
746 4853 812 4923 τῇ
844 4851 1010 4922 μητρὶ
1052 4849 1145 4903 τοῦ
1175 4850 1375 4919 Ἰησοῦ,
1413 4850 1506 4904 καὶ
1551 4851 1647 4903 σὺν
1683 4852 1798 4913 τοῖς
1822 4848 1974 4903 ἀδελ-

414 4946 533 5011 φοῖς
556 4943 744 5008 αὐτοῦ,
769 4940 910 5014 ἦσαν
943 4944 1307 5014 ὁμοθυμαδὸν.
1350 4962 1368 4996 ι
1401 4946 1467 4998 Ὃ
1503 4942 1685 4996 τοίνυν
1717 4943 1844 5012 περὶ
1876 4942 1973 5013 τῆς

417 5020 637 5111 μητρὸς.
657 5039 832 5113 Ἰησοῦ
863 5042 1102 5113 εἴρηται,
1129 5042 1210 5094 ὅτι
1237 5060 1256 5093 ι
1285 5040 1513 5093 Ἔλαϐεν
1541 5038 1712 5110 αὐτὴν
1739 5042 1767 5092 0
1799 5039 1975 5109 μαθη-

2080 4674 2355 4735 negasset,
2393 4665 2532 4719 alius
2557 4665 2794 4721 infidelis
2827 4663 3060 4729 fuisset,
3098 4664 3203 4719 sibi
3241 4663 3647 4719 ostemlendum

2081 4757 2284 4826 putavit
2309 4794 2326 4821 ,
2367 4770 2476 4808 uno
2508 4764 2736 4822 excepto
2770 4755 3086 4831 proditore.
3127 4769 3317 4820 omnes
3345 4752 3651 4811 incolumes

2080 4850 2270 4905 fuisse.
2319 4847 2520 4904 Subdit
2560 4865 2573 4901 :
2626 4864 2647 4899 ι
2700 4844 2764 4900 lli
2804 4860 2997 4905 omnes
3041 4855 3198 4902 erant
3237 4855 3654 4917 perseverantes

2082 4940 2414 4995 unanimiter
2453 4939 2505 4992 in
2539 4938 2820 5000 oratione,
2863 4952 2986 4992 cum
3035 4939 3365 4996 mulieribus
3402 4951 3455 4993 et
3484 4938 3652 4991 Maria

2082 5029 2251 5084 Matre
2277 5025 2429 5092 Jesu,
2448 5035 2501 5081 et
2522 5025 2780 5081 fratribus
2798 5023 2973 5093 ejus’.
2989 5042 3007 5074 ι
3030 5022 3184 5089 Quod
3204 5025 3368 5095 igitur
3390 5024 3459 5078 de
3486 5023 3654 5077 Matre

412 5130 511 5200 τὴς
527 5131 607 5194 είς
643 5130 713 5185 τὰ
744 5130 873 5197 ίδια,
900 5149 919 5184 ι
951 5131 1103 5187 οὐδέν
1149 5134 1295 5185 ἐστιν
1335 5130 1594 5186 ἐναντίον.
1637 5131 1700 5184 Et
1743 5130 1851 5200 γὰρ
1884 5129 1966 5182 καὶ

2080 5120 2210 5177 Jesu
2236 5120 2441 5176 dictum
2463 5125 2568 5179 cst,
2598 5136 2616 5169 ι
2648 5116 2899 5185 Suscepit
2922 5130 3040 5170 eam
3076 5117 3378 5186 discipulus
3401 5117 3454 5169 in
3477 5130 3593 5171 sua.
3627 5132 3645 5163 ι

413 5218 575 5283 αὐτὸς
601 5221 807 5284 ἐκεῖνος
829 5221 859 5273 0
886 5220 1133 5292 μαθητὴς
1172 5220 1357 5291 συνῆν,
1388 5220 1541 5274 οὐδὲν
1568 5216 1636 5289 ἦν
1662 5219 1724 5273 τὸ
1762 5217 1972 5272 κωλύον

421 5311 517 5367 καὶ
543 5311 714 5381 αὐτὴν
750 5304 1140 5384 συμπαρεῖναι.
1174 5331 1192 5365 ι
1234 5314 1340 5367 Καὶ
1393 5314 1449 5364 ἐν
1508 5314 1625 5374 ταῖς
1647 5311 1901 5382 ἡμέραις.
1950 5329 1969 5361 ι

412 5401 616 5472 Πέτρος
641 5402 717 5463 ὡς
745 5403 943 5475 θερμὸς
974 5404 1095 5475 [καὶ
1126 5404 1224 5476 ὡς]
1250 5405 1633 5473 ὲμπιστευθτῖς
1661 5403 1809 5474 παρὰ
1842 5404 1975 5472 Χρι-

326 5514 335 5521 ·
415 5495 541 5549 στοῦ
569 5496 671 5565 τὴν
732 5495 991 5567 ποίμνην,
1039 5496 1158 5569 [καὶ
1206 5498 1281 5561 ὠς
1306 5498 1398 5550 τοῦ
1434 5496 1597 5568 χοροῦ
1636 5495 1842 5565 πρῶτος
1888 5495 1976 5545 ἀεὶ

411 5588 639 5657 ἄρχεται
668 5584 762 5639 τοῦ
796 5585 979 5658 λόγου]
1017 5589 1421 5659 παραμυθεῖται
1470 5587 1664 5648 αὐτοὺς
1716 5584 1823 5639 ἀπὸ
1875 5584 1976 5652 τῆς

483 5767 503 5798 ⁹
535 5763 693 5820 Joan.
737 5780 846 5832 xix,
869 5764 959 5819 27.

2077 5216 2419 5279 contrarium
2454 5211 2606 5268 nullo
2644 5209 2805 5267 modo
2838 5216 2942 5266 est.
2985 5210 3041 5266 Si
3075 5212 3220 5267 enim
3257 5211 3373 5279 ipse
3409 5207 3652 5274 discipu-

2078 5307 2162 5362 lus
2186 5307 2258 5363 ibi
2287 5306 2495 5369 aderat,
2521 5303 2596 5357 nil
2623 5302 2867 5372 prohibet
2907 5312 2962 5358 et
2999 5303 3220 5357 Matrem
3248 5302 3420 5367 ipsam
3448 5296 3647 5349 ibidem

2074 5400 2333 5454 adfuisse.
2380 5417 2398 5448 ι
2435 5397 2497 5450 Et
2530 5396 2583 5450 in
2617 5395 2830 5451 diebus.
2862 5414 2881 5447 ι
2917 5394 3133 5455 Petrus,
3186 5393 3331 5445 velut
3375 5389 3648 5443 charitate

2076 5492 2320 5553 fervens,
2363 5503 2427 5542 ac
2471 5488 2595 5550 ille,
2633 5488 2720 5540 cui
2767 5502 2897 5556 grex
2955 5501 2985 5538 a
3029 5484 3249 5538 Christo
3297 5480 3646 5536 concrcditus

2076 5590 2212 5645 erat,
2238 5598 2297 5637 ac
2330 5580 2482 5635 chori
2516 5578 2747 5649 primus,
2774 5591 2992 5645 semper
3023 5577 3173 5644 prior
3207 5575 3471 5645 loquitur.
3505 5575 3646 5627 (Ion-
