4088 6206
435 386 534 452 8ἴῑ1

1110 394 1650 458 ΕΧΡΟΒὲΤΙΟΝΙΞ
1694 399 1774 458 IN
1816 400 2005 460 ACTA
2045 403 2348 466 TEXTUS
2382 408 2652 469 ALTER.
2693 436 2756 445 ·-
2783 403 2942 474 CAP.
2985 414 3062 473 ll.

3597 420 3702 483 862

449 503 767 573 Ἐπλὴρωσε
829 504 920 558 τὸν
977 506 1158 576 χορὸν,
1217 509 1310 561 καὶ
1344 509 1616 578 άπήρτισε
1666 509 1768 579 τὴν
1790 509 1942 574 τάξιν
1987 511 2014 562 ό

2130 510 2177 564 Si
2227 513 2413 579 enim,
2463 517 2554 570 ubi
2607 533 2784 587 neque
2835 523 3012 573 oraiio
3064 521 3261 586 (iebat,
3316 540 3490 594 neque
3543 525 3700 597 probi

435 596 794 666 ἀναδειχθείς.
848 600 939 651 Δεῖ
966 600 1146 653 τοίνυν
1184 601 1277 654 τὸν
1318 602 1670 674 κληρωθέντα
1727 603 1817 654 τὸν
1853 602 2018 655 τόπον

436 691 600 762 ἔχειν,
640 691 699 744 δι)
727 692 1038 765 ἐκληρώθη,
1083 696 1175 748 καὶ
1213 698 1290 768 μὴ
1332 696 1768 759 κατασκευάζειν
1794 695 1969 765 ἐαυτῷ
2001 712 2015 727 ·

436 784 498 835 ού
529 783 638 853 γὰρ
675 784 742 838 ἂν
773 784 858 854 εἴη
892 786 1094 856 κλῆρος
1129 785 1290 840 τοῦτο
1311 803 1326 820 ο
1353 789 1490 858 μήτε
1520 788 1744 855 φεύγειν
1773 787 2013 840 δοθέντα.

437 875 501 929 El
541 877 647 946 γὰρ
672 876 738 930 τὰ
768 875 863 932 τοῦ
904 877 1108 949 κλήρου
1142 878 1330 950 κύρια,
1375 878 1556 949 πολλῷ
1594 880 1794 949 μᾶλλον
1833 880 1896 932 τά
1924 877 2016 930 τοῦ

437 968 596 1033 Θεοῦ,
631 971 762 1022 ὅταν
795 973 823 1024 ὁ
842 971 975 1034 Θεὸς
1003 972 1284 1042 κληρὼσῃ.
1316 973 1406 1024 Δεῖ
1429 973 1485 1025 δὲ
1514 973 1607 1026 καὶ
1645 972 1737 1025 τὸν
1762 971 2020 1024 ποιοῦντα

438 1061 812 1130 ἀπροσπαθῶν
843 1064 863 1094 ¹
886 1067 1080 1118 ποιεῖν.
1106 1064 1276 1116 Τοῦτο
1308 1064 1415 1133 γὰρ
1442 1064 1662 1134 κλῆρος.
1705 1063 1777 1132 μὴ
1803 1064 1861 1115 ὃν
1894 1061 2020 1131 βούο

438 1151 588 1202 λεται
610 1150 792 1214 αὐτὸς,
825 1150 942 1204 ἀλλ’
997 1152 1057 1205 ὃν
1087 1154 1120 1222 ἡ
1155 1155 1315 1222 χάρις
1367 1152 1600 1206 δίδωσιν.
1625 1151 1769 1214 Ἕως
1804 1151 1900 1219 μὲν
1929 1151 2020 1204 οῦν

439 1244 755 1312 Πνεύματος
773 1244 989 1313 ἄμοιροι
1007 1240 1146 1314 ἦσαν
1171 1247 1221 1296 οἱ
1241 1244 1552 1308 ἀπόστολοι,
1577 1246 1762 1312 κλήρῳ
1786 1244 1851 1295 τά
1879 1242 1988 1312 πρά
2010 1271 2021 1282 ο

439 1353 626 1403 γματα
665 1335 967 1404 ἐπέτρεπον
995 1353 1008 1366 ·
1060 1336 1291 1406 ὕστερον
1345 1335 1402 1388 δὲ
1444 1337 1536 1388 καὶ
1577 1335 1654 1403 τῷ
1683 1334 1897 1400 πλήθει,
1927 1335 2022 1387 καὶ

438 1427 502 1492 τῇ
540 1424 717 1494 οἰκεία
745 1425 951 1494 χάριτι.
983 1423 1206 1495 Ἐπειδὴ
1237 1424 1292 1478 δὲ
1331 1424 1546 1476 πολλῶν
1605 1425 1774 1476 δντων
1813 1425 2020 1487 πάντας

439 1515 772 1584 κληροῦσθαι
798 1517 899 1569 ούκ
927 1516 1031 1584 ἐνι,
1065 1517 1291 1580 εἰκότως
1317 1517 1383 1570 ἐκ
1408 1514 1621 1569 πολλῶν
1644 1515 1862 1584 ὀλίγους
1896 1516 2017 1568 ἐπιο

439 1604 730 1673 λεγόμεθα.

2121 614 2274 655 erant
2317 605 2565 661 homines
2613 611 2692 678 (ut
2729 627 2894 679 super
2927 612 3108 683 Jnna).
3139 615 3298 684 196
3356 619 3492 670 adeo
3520 628 3700 674 tamen

2124 707 2247 746 sors
2295 695 2500 760 valuit,
2549 701 2694 768 quod
2740 712 2887 756 recta
2939 707 3246 761 intentione
3296 709 3482 775 fieret;
3533 714 3704 766 multo

2123 785 2297 855 magis
2332 786 2420 840 hic
2456 791 2652 844 merito
2687 795 2916 862 replevit
2945 799 3198 860 chorum,
3227 809 3279 853 et
3309 801 3557 856 ordinem
3585 819 3706 870 per-

2123 874 2272 940 fecit,
2307 878 2401 948 qui
2432 881 2532 934 hac
2565 883 2780 938 ratione
2814 896 3150 943 monstratus
3183 890 3302 945 fuit.
3337 891 3518 956 Quare
3541 911 3706 961 opor—

2124 976 2197 1021 tet
2247 985 2691 1044 unumquemque
2743 985 2928 1034 tenere
2993 982 3206 1047 locum,
3259 1001 3420 1053 quem
3475 988 3704 1041 sortitus

2123 1068 2238 1126 est,
2279 1077 2343 1117 ac
2377 1080 2475 1121 nec
2497 1069 2597 1122 sibi
2630 1087 2928 1138 procurare
2978 1074 3108 1137 (non
3133 1076 3276 1128 enim
3312 1092 3433 1131 sors
3459 1077 3509 1131 id
3536 1079 3701 1147 esset)

2126 1168 2226 1207 nec
2269 1156 2522 1226 refugere
2555 1179 2701 1229 eum,
2733 1166 2825 1235 qui
2856 1166 3016 1220 datus
3051 1176 3154 1222 est.
3188 1167 3244 1221 Si
3280 1170 3425 1223 enim
3464 1179 3576 1229 rata
3610 1171 3706 1224 lia-

2125 1243 2322 1300 belllur
2343 1288 2356 1311 ν
2406 1265 2526 1319 quae
2559 1264 2688 1309 sunt
2716 1273 2744 1309 a
2786 1267 2957 1324 sorte,
2985 1258 3156 1313 multo
3193 1261 3364 1328 magis
3385 1277 3507 1329 qua:
3535 1276 3561 1312 a
3597 1261 3705 1312 Deo

2126 1346 2277 1401 sunt,
2315 1353 2410 1394 seu
2443 1358 2566 1398 cum
2607 1349 2746 1402 Deus
2776 1351 2946 1420 eligit.
2983 1351 3221 1406 Necesse
3257 1368 3386 1405 vero
3421 1361 3525 1413 est,
3565 1359 3706 1404 utet

2125 1427 2192 1492 ίει
2238 1430 2330 1499 qui
2379 1434 2562 1504 eligit,
2612 1439 2662 1493 id
2713 1442 2832 1496 sine
2866 1445 3102 1513 partium
3152 1443 3334 1498 studio
3381 1446 3565 1497 faciat.
3614 1443 3704 1496 Illa

2127 1522 2271 1576 enim
2315 1540 2438 1581 vera
2464 1544 2586 1586 sors
2616 1541 2718 1596 est,
2750 1551 2858 1589 non
2898 1552 3059 1604 quam
3097 1537 3210 1588 vult
3244 1538 3382 1604 ipse,
3415 1535 3507 1589 sed
3541 1550 3703 1603 quam

2129 1613 2302 1679 gratia
2337 1619 2671 1676 moderatur.
2705 1626 2949 1694 Apostnli
2985 1630 3168 1696 igitur,
3207 1636 3500 1694 antequam
3533 1625 3706 1690 Spiri-

443 1711 557 1754 tnm
584 1709 830 1754 seni-tum
866 1699 1193 1769 reciperent,
1231 1707 1380 1754 sorte
1415 1702 1630 1770 negotia
1669 1698 2026 1753 administrah

2155 1717 2389 1774 :postea
2452 1730 2580 1768 vero
2617 1724 2669 1768 et
2708 1718 3092 1778 multitudine,
3164 1727 3218 1770 et
3287 1715 3508 1786 propria
3580 1721 3707 1783 ‘8’“-

444 1800 538 1850 t'a.
591 1795 859 1862 Quoniam
905 1810 1074 1863 vero,
1123 1798 1348 1866 quando
1397 1795 1554 1850 multi
1599 1805 1773 1860 sunt,
1833 1808 2025 1850 omnes
2063 1808 2210 1852 sorte
2235 1805 2484 1873 accipere
2520 1825 2626 1863 non
2661 1812 2808 1873 licet,
2841 1813 2968 1866 hinc
3000 1820 3144 1865 recte
3177 1827 3243 1865 ex
3320 1811 3505 1864 multis
3571 1825 3707 1880 pau-

447 1906 546 1947 cos
580 1889 881 1957 seligimu‘s.

1046 1981 1300 2036 ΚΕΦΑΛ.
1341 1979 1417 2036 Γ.

444 2075 582 2144 Περὶ
613 2072 724 2143 τῆς
761 2075 927 2140 θείας
967 2076 1075 2130 τοῦ
1105 2077 1277 2145 ἁγίου
1322 2076 1667 2145 Πνεύματος
1723 2065 2024 2140 ἐπιφοιτή-

512 2185 670 2235 σεως
703 2167 779 2236 τῇ
816 2167 1008 2237 ἡμέρᾳ
1036 2166 1164 2236 ’τῆς
1214 2167 1646 2239 Πεντηκοστῆς
1698 2163 2026 2238 γενομένης

517 2261 602 2328 είς
631 2260 774 2327 τοὺς
801 2259 1208 2326 ἀποστόλους.

823 2350 1082 2420 Κυριακὴ
1108 2353 1210 2417 τῆς
1252 2348 1656 2422 Πεντηκοστῆς.

1043 2440 1434 2496 ΚΕΙΜΕΝΟΝ.

518 2533 626 2589 Καὶ
653 2536 713 2588 ἐν
737 2533 816 2604 τῷ
850 2532 1304 2604 συμπληροῦσθαι
1331 2533 1429 2604 τὴν
1460 2533 1676 2605 ἡμέραν
1692 2534 1792 2603 τῆς
1820 2535 2025 2600 Πεντη·

449 2631 674 2699 κοστῆς,
711 2622 850 2698 ἦσαν
892 2627 1131 2689 ἅπαντες
1163 2626 1214 2679 οἱ
1245 2626 1534 2681 ἀπόστολοι
1563 2626 1910 2698 ὁμοθυμαδὸν
1934 2626 2027 2678 ἐπὶ

450 2719 510 2774 τὸ
539 2719 690 2773 αὑτό.
723 2719 835 2772 Καὶ
876 2719 1095 2788 ἐγένετο
1154 2717 1311 2788 ἄφνω
1357 2720 1420 2772 ἐκ
1452 2717 1546 2772 τοῦ
1601 2719 1832 2790 ούρανοῦ
1870 2713 2021 2788 ἦχος,

449 2811 639 2882 ὥσπερ
693 2811 1002 2882 φερομένης
1053 2812 1222 2878 πνοῆς
1273 2807 1474 2878 βιαίας.
1542 2811 1655 2864 Καὶ
1710 2808 2027 2879 ἐπλήρωσεν

449 2904 570 2957 ὅλον
603 2904 695 2956 τὸν
743 2901 890 2956 οἷκον
949 2894 1010 2955 οῦ
1039 2898 1178 2974 ἦσαν
1225 2903 1549 2974 καθήμενοι.
1619 2902 1725 2955 Καὶ
1765 2900 2027 2968 ὤφθησαν

451 2999 632 3062 αὐτοῖς
656 2996 1099 3068 διαμεριζόμενοι
1124 2996 1370 3065 γλῶσσαι
1393 2996 1524 3049 ὡσεὶ
1552 2995 1741 3065 πυρός.
1773 2994 2025 3048 Ἐκάθισέ

452 3110 511 3146 τε
553 3095 636 3160 ἐφ’
667 3093 764 3145 ἕνα
795 3092 1029 3145 ἕκαστον
1063 3089 1265 3144 αὐτῶν.
1306 3090 1418 3142 Καὶ
1471 3089 1824 3159 ἐπλήσθησαν
1855 3089 2027 3142 ἀπαν-

454 3201 545 3246 τες
577 3183 892 3252 Πνεύματος
928 3182 1107 3250 ἁγίου,
1164 3180 1259 3234 καλ⁸
1309 3180 1544 3251 ἧρξαντο
1593 3180 1778 3232 λαλεῖν
1808 3179 2026 3248 ἑτέραις

452 3277 748 3344 γλώσσαις,
785 3274 966 3336 καθὼς
991 3273 1054 3326 τὸ
1080 3272 1305 3343 Πνεῦμα
1335 3272 1507 3324 ἐδίδου
1539 3272 1722 3332 αὐτοῖς
1745 3269 2027 3337 ἀποφθέγ-

451 3366 663 3436 γεσθαι.
695 3361 876 3418 ἿΙσαν
903 3364 959 3418 δὲ
981 3366 1038 3416 ἐν
1075 3364 1437 3435 Ἰερουσαλὴμ
1479 3361 1856 3423 κατοικοῦντες
1887 3361 2025 3413 Ἰου-

449 3461 590 3514 δαῖοι
653 3459 844 3529 ἄνδρες
886 3456 1132 3518 εὐλαϐεῖς
1189 3455 1298 3510 ἀπὸ
1341 3456 1541 3519 παντὸς
1576 3455 1763 3518 ἔθνους
1786 3455 1892 3505 τῶν
1925 3454 2028 3504 ὑπὸ

450 3552 543 3604 τὸν
570 3549 820 3620 οὐρανόν.
848 3549 1154 3617 Γενομένης
1184 3547 1238 3600 δὲ
1283 3548 1381 3617 τῆς
1404 3550 1586 3616 φωνῆς
1638 3547 1861 3615 ταύτης,
1906 3564 2031 3600 συν-

452 3640 655 3709 ῆλθετὸ
673 3639 894 3708 πλῆθος,
923 3639 1016 3691 καὶ
1044 3637 1330 3706 συνεχύθη,
1361 3637 1441 3689 ὅτι
1465 3637 1664 3707 ἢκουον
1690 3630 1770 3697 εἷς
1801 3635 2029 3698 ἕκαστος

453 3737 522 3804 τῇ
567 3732 672 3802 ἰδίᾳ
715 3731 980 3802 διαλέκτῳ
1039 3729 1344 3786 λαλούντων
1390 3731 1589 3783 αὐτῶν.
1629 3730 1942 3793 Ἐξίσταντο
1972 3729 2029 3780 δὲ

455 3827 676 3890 πάντες,
712 3823 810 3876 καὶ
833 3821 1142 3893 ἐθαύμαζον
1166 3822 1415 3889 λέγοντες
1435 3821 1572 3891 πρὸς
1600 3820 1864 3891 ἀλλήλους
1882 3837 1894 3849 ·
1916 3821 2030 3874 Ούκ

459 3917 567 3971 ιδοὺ
598 3917 798 3978 πάντες
822 3907 968 3968 οὗτοι
994 3917 1132 3968 εἰσιν
1165 3916 1214 3968 οἱ
1249 3914 1538 3976 λαλοῦντες
1568 3913 1876 3979 Γαλιλαῖοι;
1918 3913 2031 3965 Καὶ

456 4007 576 4071 πῶς
611 4009 772 4078 ἡμεῖς
801 4007 1072 4078 ἀκούομεν
1085 4008 1315 4070 ἕκαστος
1338 4009 1403 4077 τῇ
1443 4007 1549 4075 ἰδία
1581 4005 1847 4074 διαλέκτῳ
1875 4005 2031 4074 ἡμῶν

453 4103 513 4154 ἐν
617 4099 1022 4172 ἐγεννήθημεν;
1073 4099 1314 4170 Πάρθοι,
1354 4101 1450 4152 καὶ
1490 4099 1701 4167 Μῆδοι,
1742 4101 1838 4151 καὶ
1877 4098 2032 4150 Ἐλα-

457 4196 632 4264 μῖται,
691 4195 786 4247 καὶ
838 4195 887 4247 oi
953 4192 1339 4257 κατοικοῦντες
1387 4191 1487 4263 τὴν
1548 4191 2026 4261 Μεσοποταμίαν,

465 4287 725 4345 Ἰουδαίαν
751 4305 811 4340 τε
847 4287 944 4341 καὶ
997 4285 1419 4348 Καππαδοκίαν,
1469 4287 1669 4339 Πόντον
1699 4303 1758 4338 τε
1795 4285 1890 4338 καὶ
1933 4286 2032 4354 τὴν

466 4376 678 4440 Ἀσίαν,
703 4379 949 4449 Φρυγίαν
972 4395 1032 4431 τε
1078 4379 1174 4431 καὶ
1218 4376 1568 4447 Παμφυλίαν,
1609 4377 1904 4446 Αἴγυπτον,
1938 4377 2032 4429 καὶ

455 4470 526 4525 τὰ
551 4471 690 4541 μέρη
723 4471 821 4540 τῆς
849 4470 1056 4540 Λιϐύης
1087 4471 1189 4542 τῆς
1219 4471 1360 4524 κατά
1399 4471 1679 4542 Κυρήνην,
1713 4472 1807 4524 καὶ
1845 4471 2032 4540 ἐπιδη-

463 4561 690 4630 μοῦντες
757 4564 1048 4632 Ῥωμαῖοι,
1090 4563 1333 4616 Ἰουδαῖοί
1403 4579 1463 4615 τε
1506 4563 1601 4616 καὶ
1656 4545 2027 4633 προσήλυτοί,

458 4656 696 4724 Κρῆτες,

456 4752 574 4812 ταῖς
597 4751 892 4821 ἡμετέραις
918 4751 1196 4821 γλώσσαις
1219 4753 1286 4804 τὰ
1324 4750 1585 4820 μεγαλεῖα
1613 4750 1708 4804 τοῦ
1731 4749 1890 4805 Θεοῦ.

1055 4841 1438 4895 ΕΡΜΙῙΝΕΙΑ.

531 4933 811 4993 Τοντέστι,
841 4931 951 5003 [ού]
985 4933 1089 5004 πρὸ
1118 4933 1218 5002 τῆς
1251 4932 1650 5002 Πεντηκοστῆς,
1685 4931 1866 5006 [ἀλλὰ]
1902 4935 2029 5005 περὶ

458 5023 649 5088 αὐτὴν,
683 5024 757 5084 ὡς
781 5024 978 5087 εἰπεῖν,
1013 5025 1112 5094 τὴν
1143 5025 1333 5096 ἑορτήν
1358 5024 1556 5078 ’.Ἔδει
1579 5025 1687 5096 γὰρ
1716 5027 1907 5096 ἑορτῆς
1941 5027 2032 5080 ob-

461 5130 558 5182 σης
598 5113 770 5165 ταῦτα
798 5113 1065 5179 γίνεσθαι,
1095 5114 1182 5166 ἵνα
1207 5115 1256 5166 οἱ
1285 5115 1548 5182 παρόντες
1577 5114 1655 5184 τῷ
1695 5117 1911 5188 σταυρῴ
1938 5118 2030 5170 τοῦ

457 5206 696 5274 Χριστοῦ
743 5208 906 5259 πάλιν
972 5205 1280 5259 καὶταῦτα
1336 5207 1536 5259 ἴδωσιν.
1582 5209 1799 5279 Ἐπειδὴ
1854 5212 2034 5264 τοίνυν

456 5293 514 5346 ἐν
545 5295 609 5364 τῇ
636 5295 821 5364 ἡμέρᾳ
851 5296 950 5365 τῆς
976 5293 1357 5363 Πεντηκοστῆς
1410 5295 1563 5366 ἐδόθη
1597 5299 1624 5349 ό
1660 5298 1824 5366 νόμος
1847 5301 1873 5352 ὁ
1929 5316 2031 5352 παι

457 5383 631 5450 λαιὸς,
665 5386 785 5438 κατ’
813 5386 982 5456 αὐτὴν
1011 5386 1118 5438 ἔδει
1149 5386 1366 5454 δοθῆναι
1406 5387 1504 5454 τὴν
1535 5388 1627 5440 τοῦ
1663 5390 1819 5455 ἁγίου
1856 5393 2030 5445 Πνεύ-

460 5492 627 5544 ματος
657 5477 818 5546 χάριν
847 5492 858 5505 ⁸
913 5479 1008 5529 καὶ
1064 5476 1151 5529 ἴνα
1196 5476 1382 5546 δειχθῇ
1445 5477 1747 5548 ἀδιαίρετος
1781 5483 1813 5548 ἠ
1870 5483 2030 5550 φύσις

456 5569 555 5638 τῆς
580 5568 930 5630 ὑποστάσεως
949 5569 1050 5639 τῆς
1079 5569 1286 5639 θεῖκῆς,
1327 5572 1384 5623 ἐν
1416 5570 1622 5642 Παλαιᾷ
1653 5575 1746 5627 καὶ
1767 5576 1904 5644 Νέᾳ,
1939 5579 2031 5627 καὶ

456 5659 738 5730 διαφόροις
762 5661 974 5731 χρόνοις
997 5661 1125 5731 μίαν
1185 5661 1528 5732 ἐργαζομένη
1563 5666 1661 5722 τὴν
1713 5669 2036 5734 συμφωνίαν

2054 1975 2102 2034 Β

745 4659 838 4708 καὶ
871 4656 1134 4724 Ἄραϐες,
1159 4656 1436 4726 ἀκούομεν
1490 4655 1796 4709 λαλούντων
1853 4656 2030 4709 αὐτῶν
2069 4660 2110 4715 D

2714 1987 2942 2043 CAPUT
2984 1985 3074 2044 lll.

2131 2075 2206 2130 De
2239 2077 2417 2131 divino
2470 2079 2704 2148 Spiritu:
2761 2083 2942 2135 sancti
3003 2085 3057 2135 in
3132 2082 3402 2152 apostolos
3452 2082 3704 2136 descensu

2683 2171 2770 2225 die
2803 2170 3154 2228 I’enlecosles.

2577 2339 2859 2396 Dominica
2892 2343 3259 2398 Pentecostes.

2757 2447 3058 2502 TEXTUS.

2201 2541 2262 2604 ll,
2295 2543 2444 2595 l-ll.
2479 2542 2540 2594 Et
2571 2557 2692 2594 cum
2733 2542 3142 2611 cmnplerentur
3163 2541 3278 2594 dies
3310 2539 3665 2595 Pentecostes
3687 2579 3703 2603 ,

2129 2642 2286 2688 erant
2331 2650 2520 2687 (mines
2560 2635 2762 2702 pariter
2797 2633 2848 2686 in
2881 2632 3069 2688 eodem
3109 2632 3250 2686 loco.
3295 2631 3361 2685 Et
3401 2629 3578 2685 factus
3624 2639 3708 2684 cst

2131 2735 2354 2794 repente
2373 2725 2438 2776 de
2467 2727 2608 2778 cuzlo
2627 2741 2814 2786 sonus,
2830 2735 3089 2793 tanquam
3118 2722 3459 2778 advenientis
3482 2721 3708 2790 spiritus

2130 2815 2491 2877 vehementis,
2529 2826 2582 2868 et
2606 2816 2834 2879 replevit
2868 2824 3034 2868 totam
3065 2813 3286 2867 domum
3322 2813 3410 2866 ubi
3437 2822 3595 2866 erant
3618 2827 3707 2865 se-

2129 2907 2344 2962 dentes.
2373 2906 2438 2960 Et
2478 2920 2844 2977 amnn'uerunl
2887 2908 2996 2960 illis
3031 2905 3332 2976 dispertita;
3358 2905 3555 2973 lingua:
3589 2913 3709 2956 tan~

2129 3017 2294 3070 quam
2346 3001 2521 3067 ignis,
2570 2999 2819 3068 seditque
2865 3016 3028 3066 supra
3083 2998 3328 3067 singulos
3384 3011 3596 3050 eorum.
3644 2994 3710 3047 Et

2129 3093 2319 3161 repleti
2372 3101 2499 3146 sunt
2552 3106 2744 3146 omnes
2793 3091 3001 3160 Spiritu
3049 3099 3276 3150 sancto,
3326 3096 3382 3142 et
3426 3094 3710 3154 cii-perunt

2131 3185 2280 3254 loqui
2318 3183 2484 3237 variis
2526 3183 2760 3252 linguis,
2809 3192 2969 3251 prout
3013 3181 3254 3252 Spiritus
3289 3185 3514 3232 sanctus
3542 3176 3710 3231 dabat

2130 3277 2313 3346 eloqui
2353 3277 2481 3332 illis.
2527 3277 2698 3331 Erant
2738 3286 2920 3329 autem
2957 3275 3010 3327 in
3050 3272 3359 3328 Jerusalem
3397 3270 3708 3324 habitantes

2130 3366 2327 3431 .ludzei,
2368 3367 2468 3420 viri
2499 3366 2739 3436 religiosi
2770 3381 2835 3420 ex
2868 3366 3015 3418 omni
3051 3364 3272 3418 natione
3293 3378 3412 3433 qua:
3438 3361 3542 3416 sub
3565 3360 3706 3415 coelo
3756 3385 3760 3391 -

2130 3469 2236 3516 est.
2264 3460 2426 3513 Facta
2462 3459 2786 3512 autem-hac
2834 3474 2965 3512 voce
3023 3458 3277 3512 convenit
3307 3453 3615 3517 nmltitudo,
3652 3461 3706 3508 et

2131 3561 2312 3606 mente
2337 3552 2568 3606 confusa
2605 3562 2718 3617 est,
2750 3551 3006 3620 quoniam
3040 3549 3297 3602 audiebat
3327 3546 3706 3614 unusquisque

2129 3645 2311 3716 lingua
2345 3660 2441 3698 sua
2470 3645 2593 3697 illos
2619 3645 2920 3712 loquentes.
2950 3642 3249 3711 Stupebant
3281 3648 3459 3693 autem
3518 3653 3708 3692 omnes

2130 3742 2185 3790 et
2219 3735 2594 3800 mirabantur,
2637 3734 2884 3788 dicentes
2914 3751 2926 3786 :
2963 3731 3155 3785 Nonne
3195 3745 3325 3784 ecce
3360 3745 3552 3783 omnes
3588 3729 3704 3790 isti,

2131 3826 2224 3898 qui
2267 3826 2596 3895 loquuntur,
2628 3823 2834 3879 ϐειΙὶιωί
2869 3823 3022 3878 sunt?
3064 3822 3126 3875 Et
3164 3821 3440 3888 quomodo
3470 3835 3570 3874 nos
3604 3835 3706 3871 au-

2132 3919 2374 3974 divimus
2409 3915 2790 3985 unusquiSque
2819 3915 3055 3983 linguam
3089 3919 3357 3970 nostram,
3382 3911 3434 3961 in
3462 3925 3569 3977 qua
3595 3908 3706 3960 nati

2136 4009 2374 4066 sumus?
2403 4006 2592 4062 Parthi
2624 4047 2638 4071 ,
2666 4015 2719 4060 et
2751 4005 2916 4066 Medi,
2951 4013 3004 4058 et
3038 4003 3306 4062 Elamiue,
3341 4009 3394 4051 ct
3427 3999 3519 4067 qui
3554 3998 3709 4051 babi-

2134 4115 2255 4162 tant
2344 4104 2834 4174 Mesopmamiam,
2882 4099 3124 4154 Judaeam
3177 4106 3230 4152 ct
3280 4092 3705 4164 Cappadociam,

2133 4199 2366 4254 Pontum
2442 4207 2494 4251 et
2543 4183 2782 4254 Asiam,"
2823 4193 3111 4263 Phrygiam
3176 4196 3232 4242 et
3315 4182 3706 4252 Pamphyliam,

2133 4289 2429 4360 Egyptum
2467 4296 2520 4342 et
2551 4295 2733 4357 partes
2771 4283 2950 4354 Libya:
2977 4297 3098 4351 qua:
3135 4288 3219 4334 cst
3248 4279 3394 4332 circa
3434 4276 3705 4345 Cyrenen,

2135 4386 2189 4434 et
2211 4381 2434 4434 advena:
2470 4377 2718 4430 lioinani.
2753 4374 2924 4428 Judaei
2981 4387 3197 4441 quoque
3241 4378 3293 4424 et
3331 4367 3486 4437 197
3522 4381 3710 4434 prose-

2135 4469 2261 4540 lyti,
2293 4468 2511 4530 Cretes,
2555 4477 2609 4522 et
2665 4466 2872 4519 Arabes
2923 4483 2936 4518 :
2973 4462 3226 4517 audimus
3270 4475 3365 4516 eos
3429 4459 3712 4526 loquentes

2138 4563 2343 4619 nostris
2373 4561 2576 4631 linguis
2609 4559 2875 4630 :nagnalia
2917 4557 3032 4611 Dei.

2639 4826 3207 4886 COMMENTARIUS.

2215 4933 2327 4988 Hoc
2361 4939 2462 4992 est,
2496 4943 2602 4982 non
2636 4935 2760 4979 ante
2793 4941 2811 4975 ι
2843 4923 3222 4985 Pentecosten,
3278 4939 3297 4972 ι
3334 4919 3426 4976 scd
3458 4919 3600 4975 circa
3627 4918 3714 4986 ip.

2143 5045 2281 5095 sam,
2319 5036 2377 5080 ut
2406 5025 2480 5078 ita
2523 5021 2721 5082 dicam,
2751 5017 3127 5071 festivitatem.
3189 5013 3423 5068 Docebat
3457 5016 3621 5072 enim,
3658 5019 3715 5061 ut

2145 5125 2246 5178 ista
2284 5119 2478 5175 festivo
2519 5124 2767 5182 tempore
2801 5110 3200 5179 contingerent,
3245 5115 3302 5159 ut
3370 5105 3462 5173 qui
3509 5101 3712 5156 Christi

2145 5209 2486 5270 crucifixioni
2534 5215 2829 5277 prmsentrs
2881 5203 3114 5260 fuerant.
3150 5203 3256 5254 ista
3303 5209 3516 5266 quoque
3562 5192 3714 5244 vide~

2147 5315 2285 5362 rent.
2318 5301 2587 5370 Quoniam
2617 5301 2784 5370 igitur
2821 5296 2908 5350 die
2936 5294 3291 5349 Pentecosles
3323 5290 3404 5340 lex
3441 5294 3598 5338 vetns
3629 5290 3714 5336 est

2144 5671 2342 5735 Veteri,
2381 5681 2495 5724 tum
2531 5667 2582 5721 in
2613 5663 2762 5718 Novo
2801 5659 3046 5725 Fwdere,
3083 5673 3144 5714 ae
3171 5656 3404 5713 diversis
3453 5648 3712 5722 temporis

1624 5783 1822 5846 Variae
1874 5787 2178 5852 lectiones
2223 5794 2280 5848 cl
2329 5791 2517 5845 nota).

527 5878 550 5912 π
579 5879 664 5934 ισ.
710 5879 1096 5952 ἀπροσπαθῶς.
1177 5881 1196 5911 ³
1225 5882 1622 5955 Πεντηκοστην.
