4088 6206
369 394 477 459 863
1284 388 1861 450 TIIEOPHYLACTI
1901 390 2312 451 BUI.GARLE
2355 393 2713 454 ARCHIEP.
3505 386 3609 451 864

369 511 495 574 bus,
533 507 830 579 perfectum
866 503 1031 559 efficit
1074 503 1385 559 divinorum
1432 504 1779 559 oraculorum
1810 519 1942 557 ron-
1965 548 1983 596 Α

1999 508 2150 597 ,τῶν
2180 507 2338 560 θείων
2372 507 2567 575 λόγων.
2604 507 2817 577 Ὥσπερ
2856 504 2963 576 γὰρ
2994 507 3023 559 ό
3051 505 3245 576 Σωτὴρ
3291 504 3501 576 μέλλων
3551 507 3613 558 τὸ

370 610 604 658 centum.
622 596 1088 667 Quemadmodum
1109 597 1254 654 enim
1283 596 1533 653 Salvator
1550 606 1777 651 mortem
1804 597 1908 652 sub
1924 628 1937 638 -

2002 596 2013 597 ί
2047 600 2214 663 πάθος
2246 600 2535 663 ἐπιτελεῖν,
2566 599 2687 653 καθ’
2718 599 2777 651 ὃν
2810 599 2999 668 καιρὸν
3025 597 3216 651 ἐθύετο
3244 598 3305 651 τὸ
3341 597 3614 669 πρόϐατον

368 693 568 759 iturus,
624 706 690 747 eo
739 700 983 761 tempore
1041 691 1151 762 pati
1222 691 1412 754 voluit,
1453 708 1563 761 quo
1604 706 1777 761 agnus
1824 708 1940 744 ma-

2045 692 2225 755 τοῦτο,
2260 694 2542 762 ἠνέσγετο.
2577 693 2663 746 ἵνα
2724 691 2802 761 τῷ
2858 691 3007 756 αὐτῷ
3055 690 3212 761 τύπῳ
3258 690 3474 762 συνάψῃ
3520 691 3615 760 τὴν

370 785 508 840 ctari
539 792 595 840 et
619 783 800 840 olIerri
830 782 1061 849 solebat,
1090 792 1150 837 ut
1188 783 1294 853 ipsi
1315 792 1438 854 typo
1476 784 1826 852 conjungeret
1850 800 1933 834 ve-

2046 784 2343 852 ἁλήθειαν·
2391 784 2533 838 οὕτω
2567 785 2664 837 καὶ
2703 786 2735 852 ἠ
2785 783 2884 837 τοῦ
2939 783 3100 852 ἁγίου
3151 781 3467 852 Πνεῦματος
3497 784 3616 837 ἐπι·

372 880 627 943 ritatem;
673 876 755 931 sic
794 884 846 929 et
866 873 1115 944 Spiritus
1151 875 1326 929 sancti
1383 875 1652 929 adventus
1706 889 1795 935 eo.
1831 889 1940 942 quo

2047 874 2320 943 φοίτησις,
2351 875 2472 928 καθ’
2498 874 2557 928 ὃν
2604 875 2795 944 καιρὸν
2823 875 2976 941 ἐδόοη
3002 876 3032 927 ό
3057 874 3219 941 νόμος
3260 874 3498 939 ἐγένετο,
3528 873 3616 925 ἵνα

372 969 453 1023 lex
479 969 602 1023 data
633 974 739 1033 est,
763 975 1004 1035 tempore
1032 965 1289 1035 contigit.
1323 971 1383 1019 ut
1412 965 1587 1034 palam
1632 964 1807 1026 ﬁeret,
1830 964 1940 1018 sic-

2045 967 2254 1038 δειχθῇ.
2286 969 2368 1023 ὅτι
2405 968 2500 1022 καὶ
2533 968 2654 1022 τότε
2677 969 2773 1021 καὶ
2804 966 2899 1019 νῦν
2930 966 2991 1019 εδ
3017 966 3169 1033 ἅγιον
3194 964 3417 1035 Πνεῦμα
3456 981 3616 1032 νομο-

305 1118 322 1141 I
369 1060 447 1116 uti
486 1058 774 1114 Mosaicam
807 1058 978 1128 legem
1006 1098 1023 1124 ,
1076 1057 1148 1112 ita
1181 1066 1235 1115 et
1260 1057 1635 1127 Evangelicam
1671 1072 1701 1110 a
1733 1055 1918 1124 Spiritu

2047 1058 2212 1114 θετεῖ.
2245 1059 2439 1122 Καλῶς
2462 1060 2517 1114 δὲ
2547 1059 2644 1112 τὸν
2675 1057 2806 1130 ἦχον
2836 1061 2900 1111 ὲκ
2928 1059 3023 1112 τοῦ
3072 1057 3306 1127 οὐρανοῦ
3359 1055 3613 1123 γενέσθαι

372 1160 564 1206 sancto
612 1164 756 1206 esse.
801 1148 968 1204 Recte
1020 1144 1200 1204 autem
1234 1167 1254 1201 ι
1290 1164 1486 1205 suumn
1535 1147 1603 1201 de
1650 1145 1793 1201 cmlo
1853 1146 1939 1201 fa-

2048 1152 2181 1221 φησι
2206 1167 2220 1182 ·
2252 1151 2440 1221 ἐπειδὴ
2465 1152 2559 1205 καὶ
2583 1151 2703 1204 τότε
2738 1152 2770 1219 ή
2804 1151 2956 1220 φωνὴ
2990 1149 3083 1202 τοῦ
3114 1148 3249 1201 Θεοῦ
3279 1150 3338 1203 ὲν
3363 1148 3441 1217 τῷ
3496 1149 3615 1219 ϐρει

373 1252 522 1298 ctum
555 1258 680 1299 esse
743 1260 762 1294 ι
816 1242 924 1306 ait;
982 1241 1420 1311 quandoquidem
1470 1248 1524 1295 et
1568 1255 1671 1294 vox
1742 1238 1832 1293 Dei
1884 1238 1938 1293 in

2048 1245 2112 1297 ὲκ
2138 1243 2231 1297 τοῦ
2277 1242 2509 1314 οὐρανοῦ
2565 1241 2803 1307 ἐγένετο.
2839 1240 2934 1294 καὶ
2976 1239 3097 1292 τότε
3159 1256 3179 1289 ι
3208 1237 3319 1308 πῦρ
3364 1239 3556 1305 ἐφάνη,
3591 1257 3609 1287 ι

370 1342 553 1386 monte
574 1331 640 1387 de
666 1332 805 1387 coelo
844 1330 985 1386 facta
1030 1340 1113 1385 est
1146 1332 1229 1386 ":
1273 1340 1327 1386 et
1357 1340 1487 1386 tunc
1538 1350 1557 1383 ι
1597 1330 1737 1400 ignis
1771 1345 1939 1400 appa-

2047 1336 2134 1389 ἶνα
2164 1333 2529 1405 καὶήάρχαία
2552 1333 2672 1402 ὄψις
2702 1332 2852 1403 δείξῃ
2882 1332 3043 1385 αὑτὸν
3074 1329 3228 1390 Θεὸν,
3256 1329 3347 1382 καὶ
3378 1329 3496 1381 τότε
3521 1329 3615 1379 καὶ

368 1426 477 1480 ruit
508 1425 550 1456 “
580 1444 600 1478 ι
635 1433 694 1479 ut
721 1426 884 1479 etiam
914 1425 1134 1494 antiqua
1167 1424 1303 1481 visio
1342 1423 1591 1479 eumdem
1649 1431 1701 1478 et
1728 1433 1857 1478 tunc
1886 1430 1939 1478 et

2046 1429 2141 1481 νῦν
2168 1428 2617 1496 ὲπιφοιτήσαντα.
2659 1443 2679 1477 ι
2720 1424 2862 1477 Ὦσεὶ
2894 1423 3063 1491 πυρὸς
3090 1441 3111 1475 s
3149 1422 3225 1486 δὲ,
3277 1420 3444 1489 φησὶ,
3477 1420 3615 1488 μετὰ

369 1516 531 1571 modo
593 1516 849 1572 advenire
905 1516 1326 1572 demonstraret.
1370 1533 1389 1567 ι
1421 1517 1702 1581 Tanquam
1734 1515 1874 1584 ignis
1915 1532 1932 1567 ι

2055 1519 2373 1590 προσθήκης
2399 1518 2517 1583 τοῦ,
2544 1519 2643 1583 ὡς,
2676 1518 2766 1571 ἴνα
2823 1517 2992 1588 μηδὲν
3048 1514 3312 1584 αἰσθητὸν
3340 1512 3470 1581 περὶ
3518 1511 3613 1564 τοῦ

369 1623 498 1662 vero
527 1607 621 1672 alt,
657 1607 838 1663 addita
896 1607 1108 1663 scilicet
1136 1606 1398 1673 particula
1432 1625 1451 1658 ι
1500 1614 1780 1676 tanquam,
1817 1624 1837 1657 ι
1874 1619 1940 1659 ne

2047 1611 2365 1681 Πνεὺματος
2392 1612 2586 1684 νομίσῃ
2621 1627 2737 1675 τις·
2777 1613 2870 1664 καὶ
2906 1630 2924 1663 ι
2964 1609 3097 1663 ὡσεὶ
3136 1606 3271 1677 πνοή
3302 1622 3317 1637 '
3350 1625 3369 1658 ι
3405 1605 3467 1658 οὐ
3506 1605 3614 1675 γὰρ

370 1713 688 1767 corporeum
736 1697 1034 1767 quidquam
1065 1699 1131 1753 de
1181 1696 1387 1767 Spiritu
1421 1707 1609 1751 sancto
1668 1695 1937 1767 suspicari

2047 1700 2247 1769 ἄνεμος
2273 1695 2361 1770 ἦν.
2397 1717 2418 1751 ι
2448 1699 2699 1753 Ἔκάθισέ
2754 1717 2816 1752 τε
2844 1738 2858 1760 ,
2890 1717 2909 1750 ι
2953 1697 3202 1752 τουτέστι
3258 1695 3613 1765 παρέμεινεν.

367 1790 491 1857 quis
512 1796 715 1858 posset.
765 1788 1059 1850 Aitetiam,
1098 1808 1116 1841 ι
1175 1796 1432 1857 tanquam
1476 1789 1747 1858 spiritus:
1788 1806 1807 1839 ι
1846 1802 1941 1841 ne-

2048 1793 2489 1849 ἐπανεπαὺσατο.
2539 1794 2613 1846 Τὸ
2651 1794 2765 1863 γὰρ
2814 1791 3039 1847 καθίσαι
3088 1788 3187 1844 τοῦ
3228 1787 3442 1858 ἑδραὶου
3499 1786 3614 1839 ἐστὶ

372 1897 475 1950 que
506 1882 648 1935 enim
697 1887 890 1934 ventus
928 1886 1069 1934 erat.
1128 1897 1147 1930 ι
1205 1878 1481 1949 Seditque,
1517 1884 1653 1936 »Ξιοο
1707 1892 1791 1937 est
1820 1898 1943 1952 per-
1975 1899 1986 1954 ι

2000 1902 2014 1953 ι
2048 1884 2402 1955 σημαντικὸν,
2462 1885 2558 1938 καὶ
2591 1883 2686 1938 τοῦ
2727 1884 2930 1952 μεῖναι.
2960 1881 3074 1934 Οὐκ
3108 1880 3203 1935 ἐπὶ
3250 1879 3377 1940 τοὺς
3408 1875 3614 1930 δώδεκα

371 1974 590 2039 mansit,
629 1972 915 2043 requievit.
957 1991 975 2023 ι
1038 1972 1239 2027 Sedere
1281 1992 1301 2025 ι
1349 1974 1492 2028 enim
1551 1974 1861 2030 ﬁrmitatem
1887 1984 1942 2030 et

2046 1978 2229 2048 μόνον,
2262 1976 2399 2031 ἀλλὰ
2436 1976 2531 2030 καὶ
2561 1977 2652 2029 ἐπὶ
2678 1975 3211 2045 τοὺςὲϐδομήκοντα,
3244 1971 3338 2025 καὶ
3373 1972 3465 2023 ἐπὶ
3500 1969 3610 2025 sub:

374 2067 806 2143 pertnaueutiam
839 2066 1083 2122 denotat.
1108 2065 1225 2121 Non
1258 2074 1438 2121 autem
1468 2082 1629 2136 supra
1653 2066 1940 2121 duodecim

2051 2089 2070 2122 ι
2097 2070 2290 2124 ἑκατὸν
2310 2069 2481 2123 εῐκοσι
2504 2088 2522 2121 ι
2557 2070 2618 2123 τὸ
2644 2068 2871 2135 Πνεῦμα
2903 2064 3342 2123 ὲπανεπάυσατο.
3379 2063 3490 2116 Οὐκ
3523 2061 3615 2114 ἐπὶ

372 2165 604 2219 tantum,
643 2158 736 2211 sed
785 2156 952 2211 etiam
1005 2172 1171 2227 supra
1212 2157 1559 2227 septuaginta
1617 2158 1939 2227 discipulos,

2043 2161 2140 2215 τοῦ
2172 2161 2441 2231 στόματος
2493 2160 2551 2213 δὲ
2584 2159 2833 2227 ἐδέξαντο
2947 2157 3047 2222 τὰς
3083 2155 3355 2225 γλώσσας,
3382 2153 3495 2208 ἀλλ’
3522 2154 3614 2206 ἐπὶ

371 2243 501 2312 quin
558 2257 723 2310 supra
755 2243 1001 2313 singulos
1063 2262 1083 2296 ι
1147 2253 1368 2299 centum
1417 2245 1605 2315 v’ginti
1644 2263 1664 2298 ι
1701 2246 1942 2316 Spiritus

2041 2251 2141 2321 τῆς
2172 2249 2416 2319 κεφαλῆς
2440 2248 2721 2311 ἐὶκότως.
2760 2248 2833 2301 Οὐ
2878 2247 2985 2316 γὶιρ
3028 2246 3108 2307 tl;
3159 2243 3340 2312 τὸτῆς
3403 2241 3614 2310 φύσεως

372 2341 594 2389 sanctus
626 2334 841 2388 resedit.
871 2333 1121 2405 Congrue
1180 2350 1311 2391 vero
1351 2349 1459 2389 non
1491 2336 1544 2390 in
1575 2351 1689 2401 ure,
1727 2336 1820 2391 sed
1849 2352 1942 2391 su-

2042 2340 2275 2410 ὄργανον
2310 2338 2461 2407 ἐδόοη
2513 2338 2572 2392 τὸ
2624 2337 2867 2408 Πνεῦμα,
2908 2337 2996 2391 ἵνα
3050 2336 3125 2405 μὴ
3183 2332 3509 2402 νομισθῶσιν
3551 2332 3612 2382 ἐκ

372 2440 468 2493 pra
502 2433 663 2494 caput
695 2425 907 2492 linguas
931 2435 1290 2497 receperunt;
1336 2442 1441 2481 non
1476 2428 1620 2481 enim
1678 2429 1731 2482 iu
1767 2437 1932 2482 natu-

2041 2430 2136 2484 τοῦ
2180 2429 2309 2482 ἰδίου
2365 2428 2632 2498 στόματος
2696 2427 2994 2497 προφέρειν
3045 2424 3082 2479 ἃ
3138 2423 3211 2493 μὴ
3258 2418 3423 2491 εἶχον.
3474 2420 3611 2472 Ἀἰνλέ

372 2517 486 2570 rale
540 2531 805 2587 organum
859 2516 1078 2574 infusus
1142 2528 1229 2573 est
1284 2518 1552 2588 Spiritus;
1603 2535 1671 2575 ne
1710 2535 1773 2574 es
1812 2536 1941 2589 prn-

2043 2520 2232 2590 ῶσπερ
2281 2522 2310 2573 ό
2346 2519 2456 2590 ἀὴρ
2505 2519 2525 2552 ⁸
2557 2519 2617 2584 ἐξ
2672 2516 2902 2588 οὐρανοῦ
2960 2517 3053 2569 ἐπὶ
3106 2514 3205 2578 τὰς
3234 2512 3477 2584 κορυφὰς
3505 2511 3612 2565 τῶν

369 2606 490 2675 prio
512 2620 607 2658 ore
633 2621 717 2668 ea.
753 2622 874 2676 qum
910 2622 1017 2661 non
1054 2607 1345 2672 habebant,
1381 2625 1439 2665 sc
1473 2609 1716 2679 proferre
1754 2611 1943 2665 existi-

2042 2612 2213 2682 ὀρέων
2243 2611 2634 2680 καταφέρεται,
2666 2611 2758 2663 καὶ
2787 2608 2895 2661 ἀπὸ
2919 2606 3025 2660 τῶν
3072 2605 3384 2687 ὑψωμάνῖων
3406 2603 3495 2656 ἐπὶ
3516 2604 3613 2663 τὰς

371 2705 602 2750 marent.
642 2695 770 2761 Sed,
806 2696 949 2751 sicut
975 2712 1116 2767 aqua
1175 2714 1207 2754 e
1233 2701 1374 2754 cmlo
1428 2700 1650 2756 veniens
1680 2700 1745 2754 ad
1789 2717 1944 2755 mou-

2045 2703 2343 2772 φάραγγας
2372 2716 2385 2729 ·
2412 2698 2559 2753 οὕτω
2592 2700 2694 2767 τὴν
2725 2698 2968 2770 κορυφὴν
3022 2696 3099 2761 ὡς
3152 2696 3276 2766 ὅρος
3336 2695 3616 2761 καταλαμ-

376 2788 513 2842 tium
554 2788 789 2857 primum
839 2792 1154 2857 cacumina,
1203 2801 1258 2847 et
1290 2792 1487 2849 exinde
1552 2793 1606 2848 in
1667 2793 1944 2864 subjectas

2045 2793 2285 2848 ϐάνουσα
2342 2794 2376 2862 ἡ
2435 2790 2530 2845 τοῦ
2589 2789 2903 2859 Πνέυματος
2972 2788 3154 2858 χάρις,
3204 2788 3615 2858 ἐπιχορηγείται

373 2879 542 2934 valles
573 2879 850 2947 defertur;
880 2881 981 2947 sic,
1017 2882 1277 2938 verticem
1301 2883 1449 2939 velut
1474 2893 1714 2939 montem
1747 2900 1944 2951 quem-

2043 2885 2232 2939 λοιπὸν
2261 2883 2370 2939 ἀπὸ
2398 2883 2498 2952 τῆς
2524 2882 2766 2952 κεφαλῆς
2785 2881 2863 2951 τῷ
2898 2880 3209 2950 ὲγκεςάλιι),
3236 2874 3356 2933 εἶτα
3384 2879 3463 2949 τῷ
3490 2879 3583 2931 στό

370 2974 494 3022 dam
526 2972 706 3024 statim
738 2986 1013 3041 occupans
1051 2970 1286 3041 Spiritus
1316 2973 1490 3027 sancti
1522 2975 1719 3044 gratia,
1750 2974 1946 3029 deinde

2048 2995 2180 3048 ματι
2212 2977 2305 3032 καὶ⁸
2338 2978 2404 3049 τῇ
2433 2974 2652 3047 καρδίᾳ,
2681 2975 2774 3029 καὶ
2800 2975 2921 3028 ὅλον
2946 2972 3012 3027 δι’
3040 2972 3162 3026 ὅλου
3190 2973 3281 3026 τὸν
3332 2972 3614 3038 ἄνθρωπον

370 3075 434 3113 ex
469 3061 643 3125 capite
683 3062 736 3114 iu
768 3062 1071 3125 cerebrum,
1105 3076 1169 3114 ac
1214 3072 1402 3131 postea
1427 3063 1480 3116 in
1508 3077 1570 3119 os
1620 3074 1675 3118 et
1737 3077 1835 3117 cor
1881 3078 1942 3119 se

2047 3068 2365 3138 ἐπλήρωσεν
2392 3066 2500 3122 ἀπὸ
2530 3067 2628 3136 τῆς
2665 3065 2925 3135 κεφαλῆς.
2969 3063 3177 3127 ’Δλλως
3205 3079 3286 3117 τε·
3317 3061 3536 3130 Ἐπειδὴ
3562 3062 3613 3113 οἱ

370 3149 618 3214 effundit,
644 3157 926 3218 totumque
972 3150 1269 3216 hominem,
1301 3161 1519 3221 smnpto
1549 3167 1579 3206 a
1629 3152 1812 3221 capite
1837 3152 1944 3206 ini-

2045 3159 2331 3213 ἀπόστολοι
2359 3154 2792 3227 ὲχειροτονοῦντο
2823 3156 2923 3224 τῆς
2982 3152 3308 3223 οἰκουμένης
3360 3151 3614 3204 διδάσκα-

373 3242 469 3304 tio,
498 3240 685 3308 replet.
720 3240 892 3295 Aliter
926 3241 1233 3307 :Quoniam
1273 3243 1503 3311 apostoli
1535 3243 1702 3298 totius
1748 3244 1936 3298 mundi
1966 3230 1987 3286 (

1996 3231 2008 3283 ἶ
2041 3251 2162 3317 λοι,
2190 3248 2494 3321 χειροτονία
2540 3247 2597 3303 δὲ
2631 3248 2807 3310 ἄλλως
2847 3247 2907 3299 οὐ
2932 3246 3168 3314 γίνεται.
3195 3246 3244 3299 ει
3299 3244 3375 3314 μὴ
3424 3245 3482 3296 ἐν
3545 3244 3610 3312 τῇ

371 3332 625 3388 doctores
648 3331 1044 3387 ordinabantur
1064 3371 1079 3396 ,
1107 3332 1382 3388 ordinatio
1412 3339 1595 3388 autem
1625 3347 1731 3387 non
1754 3333 1934 3398 aliter,

2042 3341 2252 3411 κεφαλῇ
2274 3339 2525 3403 ἐἰκότως
2552 3339 2644 3393 ἐπὶ
2660 3338 2759 3409 τῆς
2783 3355 2845 3391 κε
2855 3339 3022 3407 φαλῆς
3048 3338 3294 3405 ἐδέξαντο
3313 3336 3412 3392 τὰς
3430 3335 3613 3404 γλῶσ-

372 3438 534 3492 quam
567 3438 730 3493 supra
767 3430 927 3492 caput
959 3422 1054 3491 lit;
1088 3436 1331 3493 congrue
1376 3422 1479 3494 ipsi
1522 3423 1736 3495 linguas
1765 3439 1935 3495 supra

2044 3451 2162 3496 σας.
2195 3429 2405 3487 ιἾισαν
2429 3432 2486 3488 δὲ
2515 3432 2573 3486 ἐν
2617 3430 3028 3502 ἰερουσαημδ
3057 3431 3175 3484 Ἵνα
3213 3429 3380 3500 δείξῃ,
3412 3429 3493 3483 δτι
3521 3426 3617 3497 τὴν

372 3526 533 3585 caput
563 3524 908 3585 receperunt.
943 3533 965 3568 ι
999 3514 1162 3571 Erant
1202 3525 1385 3572 autem
1445 3516 1499 3572 in
1543 3514 1872 3572 Jerusalem.
1910 3536 1929 3570 ι

2058 3527 2321 3595 σύγχυσιν
2347 3524 2644 3595 εἰργάσατο
2668 3525 2697 3576 ό
2729 3523 2912 3593 φόϐος,
2954 3523 3049 3576 καὶ
3077 3522 3139 3575 τὸ
3172 3519 3320 3587 ξένον
3366 3518 3461 3575 τοῦ
3493 3520 3617 3572 θεά-

378 3606 444 3665 Ut
499 3607 855 3671 ostenderet,
896 3607 1271 3664 confusionem
1325 3623 1355 3662 a
1384 3609 1580 3664 timore
1635 3616 1689 3663 et
1727 3617 1942 3678 specta-

2045 3615 2429 3688 pato;,1léyat'
2466 3614 2875 3683 «Συνεχύθησαν
2902 3613 2977 3683 τῷ
3002 3613 3170 3685 φόϐῳ·
3198 3632 3216 3665 ι
3251 3612 3344 3666 καὶ
3374 3611 3613 3671 εἰκότως.

373 3700 480 3756 culi
516 3699 758 3755 novi'ate
815 3714 935 3755 esse
986 3709 1187 3763 ortam,
1225 3700 1302 3755 ait
1332 3718 1348 3756 :
1382 3719 1402 3754 ι
1437 3699 1661 3758 Conlusi
1716 3710 1847 3756 sunt
1872 3702 1940 3756 ti-

2058 3708 2339 3778 Ἐνόμιζον
2371 3707 2478 3777 γὰρ
2517 3705 2698 3760 αὐτῶν
2748 3705 2902 3767 τέλος
2946 3703 3094 3774 ἔχειν
3126 3704 3184 3756 τδ
3240 3705 3495 3771 πρᾶγμα,
3531 3700 3618 3753 διὰ

374 3809 546 3848 inore.
573 3812 592 3846 ι
637 3792 701 3847 Et
726 3792 944 3862 quidem
971 3792 1185 3849 merito.
1215 3791 1490 3848 Putabant
1516 3793 1661 3848 enim
1697 3792 1939 3863 ipsorum

2045 3802 2147 3870 τὴν
2172 3801 2474 3870 γενομένην
2501 3798 2708 3865 τόλμαν
2740 3797 2883 3852 κατὰ
2927 3796 3021 3851 τοῦ
3070 3795 3334 3866 Χριστοῦ.
3386 3793 3461 3848 Τδ
3511 3798 3618 3863 γὰρ

378 3884 541 3953 198
572 3884 800 3940 exitium
835 3899 948 3938 rem
980 3884 1139 3940 istam
1184 3884 1508 3955 portemlere
1559 3884 1631 3938 ob
1659 3884 1833 3940 audax
1865 3884 1943 3937 la-

2048 3892 2290 3956 συνειδδς
2318 3891 2632 3946 κατέσεισεν
2664 3890 2684 3923 ⁸
2709 3890 2891 3944 αὐτῶν
2920 3889 3017 3953 τὰς
3070 3888 3272 3962 ψυχὰς,
3325 3888 3383 3942 ὲν
3410 3879 3618 3957 ’χερσῗν

372 3975 551 4039 ciuus,
587 3973 729 4043 qttod
793 3983 983 4028 contra
1059 3972 1337 4028 Christum
1417 3980 1717 4043 patrarant.
1778 3971 1944 4043 lgitur

2047 3984 2127 4038 ἔτι
2151 3983 2319 4054 οὔσης
2346 3983 2446 4053 τῆς
2480 3981 2717 4052 σφαγῆς,
2743 3982 2836 4036 καὶ
2867 3981 3041 4038 πάντα
3066 3980 3259 4043 αὐτοὺς
3291 3979 3494 4038 ὲπτόει,
3522 3976 3619 4031 καὶ

374 4065 714 4120 conscientia
768 4065 1012 4134 ipsorum
1066 4065 1278 4121 animas
1343 4065 1718 4130 concutiebat,
1797 4066 1943 4133 quod

2047 4076 2256 4139 δειλοὺς
2301 4076 2394 4128 καὶ
2446 4074 2857 4145 πεφοϐημένους
2906 4072 3099 4127 ἐποίει.
3138 4092 3157 4125 ι
3186 4073 3309 4125 Ὀτι
3359 4070 3613 4141 ἢκουον.»

380 4172 574 4213 recens
598 4158 780 4213 adhuc
818 4157 1046 4213 essetin
1088 4157 1338 4218 manibus
1386 4172 1576 4212 eorum
1644 4157 1816 4217 aedes
1840 4156 1945 4210 Do-

2048 4165 2258 4220 Τούτου
2290 4165 2455 4237 χάριν
2480 4164 2585 4237 πρὸ
2624 4164 2735 4218 τῶν
2785 4162 2959 4219 ἄλλων
3015 4162 3372 4233 χαρισμάτων
3417 4160 3479 4211 τὸ
3512 4157 3618 4211 τῶν

376 4249 554 4304 mini:
588 4266 760 4321 quare
816 4251 963 4321 ipsos
1011 4250 1191 4305 omnia
1256 4249 1549 4314 terrebant,
1602 4264 1663 4302 ac
1717 4248 1943 4319 pavidos

2048 4258 2310 4327 γλωσσῶν
2358 4257 2551 4315 ἔλαϐον
2588 4258 2637 4309 οἱ
2696 4256 2985 4313 ἀπόστολοι
3011 4294 3027 4317 ,
3092 4253 3282 4322 ἐπειδὴ
3343 4249 3614 4320 πανταχοῦ

375 4339 723 4410 trepidosque
755 4342 1127 4396 reddebant..¢
1177 4339 1450 4409 Quoniam
1480 4341 1734 4394 audiebat
1771 4356 1942 4395 unus-

2047 4348 2356 4423 διέρχεσθαι
2390 4346 2637 4419 ἔμελλον.
2685 4347 2791 4400 Καὶ
2842 4345 3028 4418 ῶσπερ
3071 4346 3127 4401 ὲν
3171 4345 3247 4414 τῷ
3292 4341 3468 4412 καιρῷ
3521 4341 3618 4410 τῆς

375 4431 631 4499 quisque.
664 4449 683 4483 ι
725 4429 932 4486 Idcirco
959 4439 1084 4487 ante
1134 4442 1326 4486 caetera
1370 4430 1676 4499 linguarum
1740 4431 1942 4485 donum

2051 4440 2423 4512 πυργοποιῐας
2476 4440 2510 4509 ἡ
2572 4438 2668 4507 μία
2700 4436 2916 4505 γλῶττα
2970 4439 3046 4500 εἰς
3081 4435 3279 4499 πολλὰς
3310 4434 3615 4502 διενὲμετο’

374 4531 706 4592 acceperunt
740 4525 996 4594 apostoli,
1023 4524 1154 4597 qula
1197 4523 1265 4577 ad
1314 4523 1496 4577 omnia
1553 4524 1669 4578 loca
1696 4537 1755 4578 se
1812 4538 1946 4575 cnu—
1982 4575 1988 4626 l

2003 4578 2022 4621 ι
2051 4534 2192 4588 οὓτω
2216 4533 2336 4586 τότε
2363 4532 2419 4585 αἱ
2438 4530 2628 4586 πολλαὶ
2653 4529 2894 4605 γλῶσσαι
2915 4529 2991 4594 εἷς
3019 4528 3117 4583 ἕνα
3140 4529 3424 4596 ἄνθρωπον
3448 4526 3616 4579 ἵεσαν·

376 4612 520 4668 ferre
544 4614 833 4670 debebant.
871 4614 937 4669 Et
967 4616 1154 4681 sicuti,
1178 4616 1345 4669 turris
1380 4613 1645 4669 Babelicac
1678 4623 1937 4684 letnpurc,
1982 4612 1990 4626 '

2009 4612 2018 4621 ’
2051 4622 2145 4675 καὶ
2171 4623 2197 4674 ὁ
2228 4619 2390 4681 αὐτὸς
2442 4620 2541 4673 καὶ
2593 4621 2658 4690 τῇ
2703 4617 3007 4688 Ῥωμαίων,
3031 4618 3125 4671 καὶ
3151 4618 3227 4688 ζτῇ
3259 4616 3507 4686 Περσῶν,
3530 4614 3623 4666 καὶ

377 4716 505 4768 una,
532 4719 652 4773 qua:
683 4714 815 4759 tunc
857 4716 976 4761 erat
1003 4706 1184 4776 lingua
1209 4708 1260 4761 in
1295 4707 1493 4762 multas
1519 4707 1695 4762 divisa
1718 4717 1836 4772 est;
1867 4706 1940 4760 ita

2054 4716 2120 4782 τῇ
2153 4712 2352 4777 Ἰνδῶν,
2380 4712 2474 4765 καὶ
2505 4711 2722 4781 ἑτέραις
2753 4710 2974 4774 πολλαῖς
3006 4709 3276 4777 διελέγετο
3320 4705 3615 4776 γλώσσαις,

375 4807 523 4849 nunc
556 4796 736 4851 multa:
758 4797 1026 4868 linguaain
1048 4813 1214 4853 unum
1238 4799 1511 4855 hominem
1540 4801 1935 4861 conﬂuxerunt.

2053 4803 2367 4873 Πνεύματος
2401 4802 2722 4872 ὲνηχοῦντος
2770 4801 2955 4865 αὑτὸν,
2986 4801 3078 4855 καὶ
3106 4800 3170 4852 τδ
3202 4799 3446 4869 χάρισμα
3494 4798 3619 4847 ἐκα-

375 4894 437 4941 ιιι
464 4886 604 4942 idem
637 4887 753 4955 ipse
776 4897 828 4943 et
850 4889 1059 4953 Latine.
1091 4899 1146 4946 et
1169 4890 1401 4953 [δανείου.
1430 4891 1702 4956 etlndice,
1738 4901 1792 4947 et
1820 4892 1943 4946 aliis

2048 4893 2191 4947 λεῖτο
2226 4913 2244 4947 ι
2282 4893 2572 4968 [χάρισμα]
2596 4893 2881 4960 γλωσσῶν,
2910 4912 2930 4945 ι
2970 4889 3155 4962 ἐπειδὴ
3183 4889 3445 4959 ⁴ῆδὺναντο
3495 4884 3624 4940 πολ-

378 4978 632 5047 plurimis
661 4979 879 5050 linguis,
908 4983 1113 5051 Spiritu
1164 4994 1356 5039 sancta
1408 4986 1558 5039 intus
1615 4985 1936 5049 insonante,

1024 4983 1113 5037 'ittt
1164 4994 1356 5039 sancta
1408 4986 1558 5039 intus
1615 4985 1936 5049 insonante,
2048 4985 2170 5048 λαῖς
2200 4985 2383 5039 λαλεῖν
2410 4987 2638 5054 φωναῖς.

375 5082 737 5145 ιιιιιυετριιιιοι
802 5076 945 5132 unde
1000 5078 1101 5134 hoc
1156 5080 1358 5134 donum
1404 5099 1421 5130 ι
1465 5083 1766 5151 linguarum
1826 5082 2031 5136 donum
2068 5101 2087 5135 ι
2129 5083 2447 5145 vocabatur,
2487 5082 2612 5150 quia
2670 5079 2857 5159 multis
2898 5078 3098 5152 linguis
3158 5076 3305 5149 loqui
3347 5082 3617 5146 poterant.

625 5169 778 5224 Feria
812 5171 968 5226 tertia
1012 5172 1114 5226 hcb
1137 5173 1362 5228 lomadae
1390 5173 1689 5230 Paschalis.

1615 5176 1689 5230 iis.
2430 5175 2509 5245 Τῇ
2544 5172 2590 5244 7’
2649 5174 2752 5244 τῆς
2774 5171 3229 5243 Διακαινησίμου.

594 5260 738 5317 Petri
757 5263 857 5318 Ιιαιο
886 5266 949 5318 de
979 5280 1032 5318 re
1057 5265 1333 5319 instructio
1351 5280 1417 5318 ea:
1444 5264 1729 5334 praplzetis.
2049 5268 2208 5335 Πέτρε

2049 5268 2274 5335 Πέτρου
2295 5264 2629 5336 κατήχησις
2645 5264 2781 5332 περὶ
2805 5264 3021 5321 τούτου
3045 5264 3114 5317 ἐκ
3132 5262 3250 5318 τῶν
3273 5258 3619 5331 προφητᾶν.

1013 5377 1194 5433 ΤΕΧΤ
1205 5378 1311 5434 US.
2613 5377 2627 5429 1

2613 5376 2788 5431 ΚΕΙΜ
2799 5375 3004 5430 ΕΝΟΝ.

450 5474 518 5538 ll,
544 5475 729 5530 12-21.
765 5476 1065 5546 Stupebant
1094 5482 1276 5527 autem
1310 5486 1501 5526 oumcs
1532 5477 1587 5526 et
1605 5469 1945 5525 mirabantur

2122 5470 2436 5537 Ἔξίσταντο
2463 5469 2520 5522 δὲ
2563 5468 2764 5531 πάντες
2813 5471 2906 5521 καὶ
2931 5468 3243 5538 διηπόρουν,
3286 5466 3443 5531 ἄλλος
3485 5467 3621 5535 πρὸς

384 5565 449 5618 ad
478 5566 702 5619 imicem
733 5566 976 5622 dicentes
1025 5582 1040 5619 :
1065 5563 1334 5631 Quidnam
1359 5564 1472 5616 vult
1500 5563 1604 5618 hoc
1644 5561 1810 5617 esse?
1836 5561 1945 5616 Alii

2053 5563 2210 5618 ἄλλον
2244 5562 2516 5631 λέγοντες·
2548 5561 2614 5615 'l‘i
2643 5560 2711 5616 ἂν
2742 5560 2886 5616 Θέλοι
2917 5560 3073 5617 τοῦτο
3095 5556 3267 5626 εἷναι;
3311 5560 3526 5630 Ἕτεροι
3563 5557 3620 5612 δὲ

451 5683 495 5714 ¹⁶
535 5681 871 5747 ΜαιιΙιΑιίι,
896 5683 947 5737 5.
985 5682 1023 5714 ἰ
1049 5682 1215 5737 Exod.
1248 5697 1330 5748 ιιι,
1353 5681 1407 5734 2.

696 5697 871 5747 ι.ιιίι,
896 5683 947 5737 5.
985 5682 1023 5714 ἰ
1049 5682 1215 5737 Exod.
1248 5697 1330 5748 ιιι,
1353 5681 1407 5734 2.
2294 5670 2310 5676 ’

1551 5774 1750 5836 Variae
1791 5772 2095 5835 lectiones
2139 5781 2197 5835 et
2240 5776 2424 5831 notm.

465 5867 483 5897 ⁸
516 5869 574 5921 τὸ
612 5868 773 5936 ὓδωρ.
848 5873 867 5901 ⁸
902 5870 1197 5927 κατέσειεν.
