4088 6206
410 226 517 291 8ύ5

1051 225 1588 289 EXPOSITIUNIS
1623 224 1704 285 1N
1743 224 1931 285 ACTA
1971 222 1990 284 Ἴ

2090 218 2273 286 K’I‘US
2311 220 2586 291 ALTER.
2640 252 2705 266 -δ
2733 231 2889 293 CAP.
2925 233 3010 295 II.

3556 237 3665 303 866

410 336 761 408 χλευάζοντες
804 334 990 405 ἔλεγον
1017 378 1033 403 ,
1089 338 1172 390 ὅτι
1244 335 1509 399 Γλεύκους
1571 333 1983 406 μεμεστωμένοι

2090 345 2266 391 autem
2297 335 2595 394 irridentes
2628 339 2879 393 dicebant
2913 338 3080 409 :qu'ra
3122 339 3298 397 Musm
3334 342 3477 412 pleni
3504 355 3651 404 Sunt.

411 430 536 485 εἰσί.
571 427 790 491 Σταθεὶς
836 428 895 482 δὲ
926 430 954 480 ὁ
991 429 1193 497 Πέτρος
1225 428 1321 481 σὺν
1359 428 1473 489 τοῖς
1530 426 1745 490 ἕνδεκα,
1806 425 1980 494 ἐπῆρε

2086 425 2251 485 Stans
2295 437 2481 486 autem
2529 427 2724 484 Petrus
2759 441 2882 484 rum
2911 431 3163 486 undecim
3216 432 3414 488 levavit
3474 444 3658 491 vocent

410 521 510 590 τὴν
539 516 724 588 φωνὴν
758 517 925 570 αὑτοῦ
957 517 1053 570 καὶ
1084 515 1463 585 ἀπεφθέγξατο
1491 515 1675 578 αὐτοῖς
1699 530 1712 545 ·
1756 514 1983 585 Ἀνδρες

2090 534 2262 583 suam,
2288 531 2348 577 et
2371 524 2587 577 locutus
2608 530 2695 577 est
2710 523 2820 577 eis:
2851 520 3174 588 ViriJudaei,
3206 531 3259 577 et
3292 524 3382 592 qui
3404 524 3661 583 habitatis

413 609 657 664 Ἰουδαῖοι
686 608 782 661 καὶ
802 610 850 661 οί
881 607 1264 671 κατοικοῦντες
1312 606 1669 676 Ἰερουσαλὴμ
1719 607 1981 671 ἅπαντες,

410 700 566 753 τοῦτο
606 699 737 768 ὑμῖν
768 699 1010 768 γνωστὸν
1038 697 1200 765 ἔστω,
1231 698 1324 751 καί⁵
1357 697 1686 750 ἐνωτίσασθε
1710 697 1780 750 τὰ
1807 695 1984 769 ῥήμα-

411 792 480 846 τά
529 810 654 863 μου.
688 792 764 845 Οὐ
821 791 952 862 γὰρ,
1011 790 1089 853 ὡς
1144 789 1303 858 ὑμεῖς
1339 788 1778 859 ὑπολαμϐάνετε,
1835 783 1988 845 οὗτοι

413 883 705 951 μεθύουσιν
729 899 744 913 ο
781 882 897 935 ἔστι
923 883 1031 952 γὰρ
1065 880 1183 952 ὥρα
1219 881 1374 951 τρίτη
1405 881 1503 950 τῆς
1557 881 1771 951 ἡμέρας
1798 898 1811 913 '
1844 881 1987 938 ἀλλὰ

409 974 567 1027 τοῦτό
600 977 718 1027 ἐστι
756 974 818 1027 τὸ
864 973 1155 1043 εἰρημένον
1208 972 1296 1025 διὰ
1324 972 1420 1026 τοῦ
1470 974 1747 1044 προφήτου
1792 973 1989 1046 Ἰωήλο

420 1067 561 1119 ιΚαὶ
581 1064 735 1117 ἔσται
768 1064 907 1135 μετὰ
947 1064 1118 1118 ταῦτα
1169 1065 1227 1116 ὲν
1282 1066 1401 1126 ταῖς
1436 1065 1697 1133 ἐσχάταις
1732 1068 1989 1139 ἡμέραις,

410 1158 560 1227 λέγει
591 1157 619 1209 ὁ
644 1156 798 1222 Θεὸς,
852 1156 1027 1226 ἐκχεῶ
1090 1156 1201 1208 ἀπὸ
1254 1140 1349 1209 τοῦ
1410 1157 1733 1225 Πνεύμκλτός
1764 1176 1866 1227 μου
1893 1158 1991 1212 ἐπὶ

411 1252 591 1303 πᾶσαν
643 1248 844 1320 σάρκα,
905 1248 1002 1301 καὶ
1052 1247 1523 1317 προφητεύσουσιν
1595 1252 1644 1303 οι
1691 1251 1796 1303 υἱοὶ
1834 1249 2011 1319 ὑμῶν

410 1340 505 1391 καὶ
539 1338 596 1391 αἱ
622 1335 919 1406 θυγατέρες
942 1335 1096 1405 ὑμῶν
1118 1351 1130 1364 ·
1155 1336 1249 1389 καί⁵
1273 1337 1323 1388 οί
1353 1336 1630 1392 νεανίσκοι
1663 1338 1821 1409 ὑμῶν
1844 1339 1986 1410 ὁρά-

414 1446 526 1494 σεις
557 1429 800 1499 δέκονται,
850 1428 945 1480 καὶ
995 1428 1045 1481 οί
1104 1427 1469 1497 πρεσόἐτεροι
1511 1431 1665 1500 ὑμῶν
1717 1431 1991 1494 ἐνυπνίοις

411 1520 954 1590 ἐνυπνιασθήσονται.
987 1518 1095 1573 Καί
1125 1537 1189 1587 γε
1222 1520 1314 1573 ἐπὶ
1348 1523 1479 1586 τοὺς
1503 1522 1724 1586 δούλους
1755 1540 1858 1593 μου
1886 1523 1982 1575 καὶ

412 1613 630 1689 ἑπὶιτὰς
654 1612 846 1676 δούλας
873 1630 976 1684 μου
1015 1613 1072 1666 ὲν
1095 1615 1216 1677 ταῖς
1257 1611 1498 1684 ἡμέραις
1535 1616 1771 1679 ἐκείναις
1814 1614 1989 1686 ἐκχεῶ

2081 609 2393 666 Jerusalem
2422 614 2684 675 unitersl,
2707 613 2812 667 hoc
2840 613 2993 667 vobis
3014 620 3202 667 uotum
3228 615 3321 678 sit,
3354 624 3408 669 et
3433 617 3660 672 auribus

2086 704 2357 774 percipite
2380 706 2544 757 verba
2571 718 2714 759 mea.
2743 704 2861 758 Non
2879 705 3046 769 enim,
3065 706 3204 759 sicut
3228 719 3326 760 vos
3350 707 3658 771 mstimatis,

2094 796 2147 850 hi
2180 796 2320 851 ebrii
2354 804 2507 859 sunt,
2535 811 2661 849 cum
2681 795 2752 849 sit
2783 797 2913 849 hora
2941 795 3049 850 dici
3073 796 3228 850 tertia
3254 810 3269 849 :
3302 799 3396 851 sed
3426 798 3526 851 hoc
3554 809 3659 865 est,

2091 888 2237 961 quod
2268 889 2476 943 dictum
2542 894 2625 942 est
2688 900 2783 956 per
2811 886 3129 955 prophetam
3151 884 3266 942 Joel
3296 905 3311 941 :
3349 888 3414 942 Et
3471 889 3575 943 erit
3604 890 3659 942 in

2091 978 2410 1034 novissimis
2476 977 2666 1031 diebus
2723 976 2879 1048 (dicit
2926 976 3210 1045 Dominus)
3256 976 3527 1033 eﬂ‘undam
3590 979 3659 1035 de

2092 1069 2298 1139 Spiritu
2324 1082 2444 1122 meo
2472 1082 2637 1136 super
2663 1081 2878 1121 omnem
2895 1080 3112 1121 carnem
3140 1085 3154 1122 :
3184 1079 3239 1123 et
3258 1069 3659 1139 prophetabunt

2091 1161 2186 1214 lilii
2221 1161 2387 1215 vestri
2437 1168 2490 1214 et
2524 1159 2648 1213 lilia:
2673 1168 2865 1214 vestra:
2897 1177 2911 1214 :
2946 1168 2998 1213 et
3042 1159 3271 1227 juvenes
3305 1161 3468 1216 vestri
3503 1162 3660 1218 visio-

2090 1268 2190 1308 nes
2216 1251 2493 1316 videbunt,
2524 1262 2578 1306 et
2597 1253 2839 1306 seniores
2877 1253 3041 1307 vest-ri
3072 1252 3281 1306 somnia
3309 1253 3657 1308 somnabuut.

2091 1343 2157 1398 Et
2181 1345 2400 1414 quidem
2426 1360 2589 1413 super
2648 1358 2837 1397 servus
2901 1358 3052 1398 meos
3109 1354 3161 1398 et
3202 1359 3368 1413 super
3433 1346 3662 1399 ant-illas

2092 1446 2266 1499 meas,
2290 1434 2343 1487 in
2374 1434 2566 1488 diebus
2622 1433 2729 1488 illis
2761 1433 3035 1487 etIundam
3070 1435 3136 1488 de
3160 1434 3365 1504 Spiritu
3408 1448 3549 1498 meo,
3609 1444 3663 1490 et

2091 1527 2492 1597 prephetabnnt
2528 1545 2541 1580 :
2571 1537 2626 1579 et
2658 1526 2797 1578 dabo
2851 1526 3095 1596 prodigia
3145 1527 3200 1581 in
3232 1527 3373 1582 etelo
3420 1541 3660 1591 sursum,

2093 1627 2145 1674 et
2176 1620 2328 1689 signa
2361 1620 2413 1672 in
2451 1627 2596 1671 terra
2641 1618 2919 1684 deorsum,
2956 1618 3275 1687 sanguinem
3303 1624 3356 1672 ct
3403 1618 3582 1687 ignem
3608 1626 3663 1672 et

412 1704 635 1757 ἀπὸτοῦ
674 1702 988 1773 Πνεύματός
1033 1721 1156 1776 μου,
1198 1707 1292 1757 καὶ
1341 1707 1786 1777 προφητεύσουσι
1816 1747 1830 1762 .
1884 1707 1990 1760 Καὶ

2094 1722 2352 1781 vaporem
2385 1706 2540 1764 fumi.
2576 1709 2667 1763 Sol
2701 1718 3051 1763 t'onvertetur
3086 1709 3141 1761 in
3172 1708 3449 1773 tenebras,
3488 1717 3544 1762 ot
3573 1707 3661 1761 lu-

412 1797 570 1850 δώσω
611 1797 815 1867 τέρατα
849 1797 907 1849 ὲν
942 1796 1020 1866 τῷ
1060 1795 1275 1867 ούρανῷ
1328 1797 1463 1861 ἄνω,
1497 1800 1588 1852 καὶ
1647 1801 1849 1869 σημεῖα
1898 1799 1990 1852 ἐπὶ

2096 1817 2166 1856 na
2196 1802 2249 1855 in
2278 1802 2633 1871 sanguinem,
2692 1809 2984 1869 antequam
3021 1799 3203 1852 veniat
3265 1797 3384 1852 dies
3444 1795 3659 1851 Domini

412 1888 512 1958 τῆς
550 1889 654 1958 γῆς
682 1888 855 1954 κάτω,
882 1882 1022 1959 αἷμα
1063 1890 1157 1942 xei.
1186 1889 1316 1959 πῦρ.
1364 1890 1463 1944 καὶ
1500 1890 1703 1960 ἀτμίδα
1756 1888 1986 1945 καπνοῦ.

2097 1903 2325 1960 magnus
2353 1896 2408 1943 et
2444 1889 2787 1943 manifestus.
2835 1889 2898 1944 Et
2928 1891 3034 1943 erit
3066 1928 3082 1954 ,
3136 1888 3315 1943 omnis
3348 1887 3660 1958 quicunque

423 1980 484 2033 '0
514 1980 666 2050 ἧλιος
697 1981 1216 2051 μεταστραφήσεται
1248 1984 1329 2045 είς
1350 1983 1565 2045 σκότος,
1601 1983 1696 2035 καὶ
1724 1983 1758 2054 ὴ
1788 1982 1987 2052 σελήνη

2096 1980 2432 2036 invocaverit
2464 1994 2658 2035 nomen
2691 1979 2926 2046 Domini,
2946 1981 3128 2035 salvus
3159 1980 3284 2035 erit.

414 2075 494 2136 εἰς
522 2066 681 2144 αἷμα,
716 2073 847 2143 πρὶν
877 2073 910 2144 ἢ
942 2072 1117 2127 ἐλθεῖν
1143 2074 1242 2144 τὴν
1271 2074 1483 2144 ἡμέραν
1514 2075 1718 2146 Κυρίου
1750 2073 1847 2145 τὴν
1875 2074 2118 2146 μεγάλην
2148 2072 2244 2127 καὶ
2276 2074 2538 2146 ἐπιφανῆ.
2567 2075 2674 2130 Καὶ
2740 2076 2910 2137 ἔσται,
2981 2073 3088 2136 πᾶς
3148 2071 3205 2137 ὃς
3266 2071 3335 2127 ἄν
3408 2069 3662 2125 ἐπικαλέ-

416 2184 577 2238 σηται
602 2169 659 2221 τὸ
683 2168 855 2241 ὀνομα
889 2168 1116 2238 Κυρίου,
1150 2168 1478 2240 σωθήσεται.

966 2284 1354 2341 ΕΡΜΗΝΕΙΑ.

486 2398 614 2451 Ὅτι
647 2397 747 2467 μὲν
781 2396 843 2449 οὗ
873 2394 1184 2467 μεθύουσιν,
1219 2395 1466 2469 [εὐθέωςι
1496 2396 1605 2451 ἀπὸ
1662 2396 1760 2467 τῆς
1800 2398 1985 2468 φωνῆς

414 2480 680 2558 ἐδήλωσεν
709 2502 724 2517 ⁸
754 2487 840 2539 ὅτι
865 2486 920 2539 δὲ
949 2486 1049 2540 ούκ
1082 2484 1402 2556 ἐξεστὴκασι
1447 2475 1700 2559 καθάπερ
1746 2488 1796 2540 οί
1847 2487 1984 2558 μάνι

414 2592 551 2643 τεις,
583 2576 679 2632 xal.
712 2576 891 2640 τοῦτο,
933 2577 1015 2630 ότι
1063 2577 1165 2630 οὐκ
1222 2578 1437 2648 ἀνάγκῃ
1537 2578 1873 2647 κατείχοντο.
1917 2576 1986 2631 Τί

416 2670 473 2723 δέ
509 2673 645 2734 ἐστι,
684 2688 701 2720 ι
727 2671 821 2723 σὺν
858 2671 969 2731 τοῖς
1000 2669 1235 2735 ἓνδεκας
1272 2689 1290 2721 ι
1327 2669 1586 2723 Τουτέστι
1616 2670 1805 2740 κοινὴν
1851 2687 1985 2742 προ-

416 2755 903 2831 εϐά).οντο“φωνὴν,
933 2760 1025 2812 καὶ
1045 2759 1263 2813 πάντων
1296 2757 1503 2830 [αὐτὸς]
1523 2757 1590 2832 ἧν
1614 2759 1810 2830 στόμα,
1843 2777 1986 2831 παρ·

416 2854 679 2923 εστήκασι
711 2824 787 2906 δὲ
836 2824 884 2904 oi
919 2850 1109 2904 ἕνδεκα
1152 2824 1558 2923 μαρτυροῦντες
1601 2824 1725 2914 τοῖς*
1754 2824 1987 2919 λεγομε-
2014 2824 2059 2884 c

417 2962 549 3009 νοις.
595 2944 879 3013 Σκό-ιτησον
900 2944 957 2997 δὲ
984 2943 1088 2997 τῶν
1118 2943 1430 2997 ἀποστόλων
1460 2942 1559 3013 τὴν
1580 2942 1854 3013 ὁμόνοιαν.
1882 2940 1988 2996 Δύο

416 3035 502 3089 τοὶ
530 3034 889 3104 παρεχώρουν
921 3031 1118 3106 [αὐτῷ]
1151 3032 1220 3086 τὰ
1245 3036 1343 3103 τῆς
1368 3033 1707 3104 δημηγορίας
1740 3048 1755 3063 ’
1792 3033 1852 3085 οὐ
1881 3032 1989 3102 γὰρ

419 3125 527 3178 ἔδει
554 3126 762 3188 πάντας
790 3124 1145 3193 φθέγγεσθαι.
1175 3124 1246 3177 Τδ
1276 3124 1332 3178 δὲ
1365 3125 1422 3177 ἓν
1448 3125 1610 3197 τρίτῃ
1635 3124 1756 3195 ὥρᾳ
1811 3124 1990 3176 ταῦτα

421 3212 693 3283 γενέσθαι,
718 3214 1036 3285 ούχὰπλῶς.
1068 3214 1200 3267 Τότε
1218 3214 1326 3283 γὰρ
1342 3214 1402 3266 τὸ
1428 3213 1680 3284 λαμπρὸν
1703 3211 1798 3265 τοῦ
1821 3214 1988 3282 πυρὸς

419 3307 714 3367 δείκνυται,
744 3306 865 3357 τότε
891 3305 1018 3371 περὶ
1053 3304 1188 3374 ἔργα
1221 3303 1506 3375 τρέχουσιν
1536 3306 1557 3337 ⁸
1580 3304 1631 3357 0i
1678 3303 1987 3374 ἄνθρωποι,

420 3398 656 3468 ὃτεπερὶ
677 3399 697 3429 ⁷
727 3396 970 3464 ἄριστον,
996 3396 1084 3448 ὅτε
1114 3396 1344 3467 λαμπρὰ
1368 3398 1401 3466 ἡ
1435 3394 1641 3467 ἡμέρα,
1667 3396 1755 3449 ὅτε
1786 3395 1989 3459 πάντες

423 3489 667 3544 είσὶνὲπ’
688 3490 917 3559 ἀγορᾶς.
938 3507 956 3540 ι
984 3488 1091 3540 Καὶ
1121 3486 1275 3540 ἔσται
1300 3487 1436 3557 μετὰ
1464 3486 1989 3541 ταῦτα.›Δείκνυσιν

422 3580 618 3642 αὐτοὺς
648 3578 1095 3647 εὐδοκιμηκότας,
1147 3574 1244 3630 ἅτε
1271 3575 1700 3641 καταξανθέντας
1750 3577 1852 3646 τῆς
1892 3575 1987 3629 τοῦ

424 3670 691 3736 παναγίου
723 3668 1037 3738 Πνεύματος
1067 3668 1311 3740 χάριτοςο
1346 3672 1440 3722 καὶ
1463 3670 1551 3723 διὰ
1575 3667 1670 3722 τοῦ
1705 3667 1986 3740 προφήτου

423 3760 921 3829 κατεπαγγέλλεται
985 3760 1169 3830 σαφῶς
1199 3775 1213 3789 °
1253 3761 1350 3830 τὴν
1386 3758 1473 3814 διὰ
1515 3759 1613 3813 τοῦ
1667 3761 1990 3830 Πνεύματος

427 3850 620 3921 δαψιλῆ
678 3851 960 3920 χορηγίαν,
1020 3853 1086 3921 ὴν
1109 3850 1201 3903 καὶ
1259 3849 1514 3921 ἀπαρχὴν
1570 3850 1760 3922 ὥσπερ
1805 3852 1991 3914 αὐτοῖς

429 3940 766 4010 ἐδωρήσατο.
840 3938 1276 4008 Ἀπεφθέγγοντο
1351 3942 1463 4010 γὰρ
1530 3941 1989 4013 προφητεύοντες,

428 4031 598 4100 ἡγουν
623 4028 893 4093 συνιέντες
922 4044 981 4082 τε
1010 4030 1104 4084 καὶ
1138 4028 1412 4098 λέγοντες,
1442 4030 1511 4083 τὶ
1564 4030 1652 4085 διὰ
1705 4031 1815 4084 τῶν
1851 4042 1990 4101 προ-

2500 2284 2659 2354 199
2684 2270 3253 2338 COMMENTARIUS.

2162 2400 2358 2455 Statim
2399 2408 2516 2469 post
2548 2398 2750 2453 editam
2830 2412 3018 2451 vocem
3042 2393 3284 2450 ostendit
3329 2392 3524 2450 Petrus
3551 2432 3569 2461 ,
3600 2410 3661 2451 se

2092 2488 2380 2564 sociosque
2400 2507 2527 2547 suos
2542 2491 2722 2546 ebrios
2747 2503 2857 2543 non
2879 2504 3019 2554 esse,
3045 2502 3143 2542 nec
3175 2488 3359 2543 furore
3376 2494 3660 2556 correptos
3710 2478 3715 2487 ’

2092 2589 2266 2642 instar
2289 2574 2471 2639 vatum
2501 2585 2577 2653 (6)
2612 2597 2787 2652 neque
2814 2582 2920 2635 ulla
2950 2581 3277 2635 necessitate
3304 2578 3535 2634 detineri
3559 2580 3657 2650 (Ἰ).

2089 2682 2157 2732 At
2182 2678 2310 2748 quid
2360 2677 2460 2731 sibi
2494 2676 2625 2731 illud
2664 2675 2799 2742 vult,
2835 2692 2853 2726 ι
2890 2689 3011 2727 eum
3039 2672 3328 2728 undecim?
3374 2690 3394 2724 ι
3438 2671 3660 2727 Scilicet

2092 2783 2434 2822 eomnmncm
2489 2765 2812 2821 emittebant
2870 2779 3081 2829 vocem,
3107 2772 3161 2818 et
3187 2764 3302 2833 ipse
3329 2777 3393 2818 os
3415 2762 3657 2816 omnium

2093 2870 2206 2914 erat
2234 2875 2250 2924 ;
2282 2858 2532 2913 astabant
2558 2857 2820 2927 siquidem
2874 2855 3147 2920 undecim,
3180 2854 3494 2910 testimonio
3535 2866 3658 2916 suo,

2090 2967 2209 3021 quae
2244 2951 2312 3003 ab
2340 2951 2460 3019 ipso
2495 2949 2834 3012 dicebantur,
2890 2947 3297 3001 continuantes.
3354 2942 3657 2999 Considera

2089 3057 2221 3098 vero
2259 3040 2629 3110 apostolorum
2704 3038 3079 3092 concordiam.
3130 3032 3505 3089 Concionandi
3540 3047 3662 3084 mu-

2089 3149 2195 3188 nus
2223 3132 2383 3186 Petro
2405 3131 2636 3193 cedunt;
2671 3143 2845 3197 neque
2876 3127 3022 3181 enim
3086 3125 3313 3179 decebat
3365 3138 3557 3178 omnes
3588 3122 3663 3175 si-

2094 3225 2204 3277 mul
2249 3223 2415 3292 loqui.
2454 3220 2609 3286 Quod
2648 3235 2776 3273 vero
2809 3219 2920 3272 haec
2973 3217 3130 3271 tertia
3183 3215 3290 3269 diei
3334 3214 3465 3268 hora
3518 3211 3659 3265 facta

2092 3315 2222 3376 sint,
2255 3314 2395 3367 haud
2434 3316 2641 3366 ratione
2701 3320 2852 3364 caret
2892 3327 2905 3363 :
2955 3318 3080 3362 tunc
3139 3308 3282 3362 enim
3312 3305 3455 3375 ignis
3485 3303 3661 3373 fulgor

2091 3414 2336 3474 apparet.
2381 3412 2508 3455 tunc
2539 3414 2605 3453 eo
2643 3399 2709 3452 ad
2745 3414 2928 3467 Opera,
2954 3405 3008 3451 et
3046 3395 3110 3449 ad
3151 3394 3434 3465 prandium
3463 3407 3661 3463 parar-

2091 3495 2221 3550 dum
2255 3501 2482 3547 utuntur
2534 3492 2800 3553 homines,
2835 3498 2963 3542 tunc
2994 3488 3141 3541 clara
3196 3497 3280 3541 est
3329 3484 3468 3550 dies,
3529 3491 3658 3537 tunc

2092 3599 2282 3639 omnes
2327 3583 2383 3636 iu
2418 3582 2535 3635 foro
2567 3587 2875 3633 versantur.
2909 3595 2928 3628 ι
2962 3575 3025 3629 Ει
3052 3577 3150 3630 erit
3182 3584 3303 3645 post
3335 3576 3450 3630 haec
3479 3573 3532 3629 in
3563 3589 3660 3628 no-

2091 3671 2354 3728 vissimis.
2392 3687 2411 3722 ι
2447 3668 2692 3723 Ostendit
2725 3681 2819 3721 eos
2860 3676 3043 3735 gratos
3092 3670 3457 3734 probatusque
3487 3678 3606 3719 esse
3644 3699 3663 3728 ,

2093 3762 2291 3832 quippe
2325 3759 2417 3829 qui
2452 3756 2685 3826 Spiritus
2707 3755 2880 3809 sancti
2912 3754 3085 3824 gratia
3116 3752 3263 3822 digni
3322 3752 3446 3806 facti
3471 3765 3599 3806 sunt
3644 3768 3659 3805 :

2092 3861 2147 3908 et
2167 3868 2230 3908 ex
2265 3848 2526 3921 propheta
2555 3848 2704 3901 clare
2751 3843 3043 3899 annuntiat
3091 3840 3327 3912 Spiritus
3374 3840 3660 3894 abundan-

2096 3944 2248 4010 tiam,
2277 3956 2439 4012 quam
2473 3940 2581 3995 illis
2630 3949 2889 4007 tanquam
2941 3932 3211 4005 primitias
3265 3930 3528 4001 elargitus
3554 3939 3659 3983 est.

2091 4032 2505 4090 Annuntiahant
2552 4038 2733 4084 autem
2767 4046 2786 4080 ι
2826 4026 3212 4098 pr0phetantes
3243 4043 3261 4077 ι
3310 4018 3436 4097 (hoc
3463 4029 3548 4076 est
3580 4021 3663 4073 in-

427 4119 613 4189 φητὼν
647 4119 743 4172 ἐπὶ
808 4119 1027 4189 Χριστῷ
1083 4121 1385 4191 μυστήρια.
1420 4120 1585 4184 Υἱοὺς
1650 4121 1761 4192 γὰρ
1810 4120 1989 4174 αὐτῶν

2099 4108 2427 4196 telligentes,
2482 4136 2602 4192 qua:
2630 4120 2902 4190 dicebant)
2943 4114 3147 4174 Christi
3201 4115 3484 4188 mysteria,
3533 4129 3658 4182 quae

425 4214 553 4274 τοὺς
584 4210 915 4273 ἀποστόλους
963 4209 1222 4264 ἐκάλεσεν
1245 4212 1274 4264 ό
1303 4212 1609 4281 προφήτης,
1668 4208 1857 4280 ὥσπερ
1895 4209 1990 4264 καὶ

2100 4217 2382 4289 propheta:
2413 4212 2801 4284 praedixerant.
2838 4228 2857 4261 ι
2897 4206 3332 4277 Filiosipsorum
3386 4223 3406 4257 ι
3445 4212 3664 4273 aposto-

424 4305 453 4354 ό
482 4300 673 4370 Σωτὴρ
701 4300 903 4355 είπ.ἷ›ν·
941 4318 960 4353 t
993 4300 1055 4355 Ei
1116 4299 1230 4370 ἑγὼ
1276 4302 1336 4354 ὲν
1366 4296 1696 4364 Βεελζεὸοὺλ
1749 4298 1990 4355 ἐκϐάλλω

2094 4310 2178 4364 los
2205 4307 2498 4377 appellavit
2529 4303 2813 4375 propheta,
2866 4297 3323 4371 quemadmodum
3388 4304 3441 4352 et
3468 4293 3661 4350 Salva-

423 4392 492 4445 ﬂ
517 4390 792 4461 δαιμόνια,
825 4391 876 4443 οἱ
908 4392 1014 4444 υἱοὶ
1044 4390 1199 4460 ὑμῶν
1248 4392 1311 4444 ἐν
1344 4390 1451 4445 τίνι
1475 4390 1795 4445 ἐκϐάλλουσι
1825 4409 1839 4457 ;
1871 4409 1890 4443 ι
1927 4391 1990 4444 Τί

2096 4405 2207 4456 tor.
2235 4402 2359 4450 eunt
2413 4393 2549 4446 dixit
2582 4412 2594 4445 :
2627 4409 2644 4442 ι
2681 4386 2737 4445 Si
2793 4397 2893 4459 ego
2924 4390 2978 4441 in
3013 4384 3315 4441 Beelzebub
3355 4384 3515 4454 cjicio
3549 4383 3663 4437 dae-

429 4481 485 4533 es
515 4482 608 4534 καὶ
649 4481 954 4551 θυγατέρας
986 4482 1363 4553 προφητεῦσαι
1399 4482 1572 4536 εἰπεῖν
1628 4481 1870 4536 δείκνυσι
1936 4482 1990 4535 τὲ

2096 4487 2300 4547 ntunia‘,
2321 4483 2413 4536 lilii
2446 4481 2627 4537 vestri
2651 4480 2703 4534 in
2737 4492 2843 4549 quo
2876 4478 3103 4549 ejiciunt
3134 4476 3215 4530 “‘2
3240 4495 3260 4529 ι
3297 4475 3407 4532 οἱοί
3428 4474 3535 4529 ndo
3561 4490 3663 4527 au-

429 4572 528 4641 τῆς
555 4572 776 4641 χάριτος
799 4571 1042 4640 δαψιλές.
1093 4574 1471 4644 Προεφήτευον
1500 4575 1558 4626 δὲ
1596 4574 1691 4626 καὶ
1736 4572 1990 4641 γυναῖκες

2101 4586 2206 4631 tem
2244 4584 2297 4629 ct
2335 4592 2353 4624 ι
2389 4568 2524 4626 tilias
2565 4589 2583 4623 ι
2638 4572 3013 4640 prophetasse‘,
3042 4567 3279 4623 ostendit
3338 4566 3523 4637 gratia:
3553 4565 3663 4619 lar-

431 4663 658 4718 ἐπὶτῶν
699 4663 1035 4727 ἀποστόλων,
1070 4658 1145 4717 ὧν
1174 4659 1319 4736 ἦσαν
1369 4665 1465 4717 καὶ
1496 4662 1555 4716 αί
1583 4662 1678 4716 τοῦ
1714 4663 1990 4727 Φιλίππου

2099 4668 2339 4738 gitatem.
2373 4662 2777 4732 Prophetabant
2810 4666 2989 4714 autem
3039 4656 3203 4714 etiam
3246 4660 3502 4712 mulieres
3531 4662 3665 4724 apo;

436 4776 454 4808 ι
483 4759 745 4828 τέσσαρες
775 4757 1072 4829 θυγατέρες
1103 4759 1573 4830 προφητεύουσαι.
1602 4776 1622 4810 ι
1683 4755 1990 4829 ιιρεσὸυτέ-

2099 4757 2364 4814 stolorum
2397 4760 2664 4824 tempore,
2692 4760 2759 4807 cx
2792 4753 2990 4821 quibus
3015 4758 3173 4807 erant
3208 4768 3226 4802 ι
3266 4756 3501 4821 quatuor
3534 4746 3662 4802 Phi-

434 4865 559 4917 ρους
582 4847 638 4900 δὲ
666 4850 940 4913 ἐνυπνίοις
964 4848 1493 4921 ὲνυπνιασθήσεσθαί
1526 4865 1681 4919 φησι,
1707 4848 1804 4902 καὶ
1855 4848 1989 4920 όράο

2100 4848 2235 4918 lippi
2258 4842 2381 4901 tiliae
2412 4845 2823 4917 prophetantes.
2856 4838 3052 4897 Subdit
3087 4858 3106 4894 ι
3153 4840 3398 4897 seniores
3449 4836 3662 4895 somnia

505 5013 548 5043 "
567 5011 756 5068 Matth.
785 5027 884 5079 ιιι,
910 5011 1002 5065 27.

1585 5167 1791 5231 Varia:
1836 5166 2145 5232 lectiones
2188 5174 2251 5232 et
2288 5172 2476 5232 nota.

504 5314 524 5345 ⁸
547 5312 632 5366 τσ.
665 5310 899 5382 ῑκουσιν.
976 5313 996 5345 ⁷
1022 5312 1110 5367 Ζσ.
1141 5310 1284 5368 τῦτε.

2181 5498 2256 5569 (7)
2271 5496 2485 5554 Scilicet
2518 5496 2752 5568 apostoli
2775 5497 2941 5552 libere
2956 5495 3257 5569 agebantet
3274 5493 3661 5569 loquebantur,

505 5494 821 5572 (6)_Nempe
863 5499 1169 5571 gentilium,
1217 5500 1309 5572 qui
1350 5496 1593 5559 furentes
1640 5499 1866 5557 oracula
1902 5514 1998 5557 sua

2107 5567 2253 5635 quod
2283 5576 2368 5624 est
2397 5567 2672 5638 proprium
2706 5573 3020 5623 sanctorqu
3046 5567 3458 5635 prophetarum.
3490 5586 3493 5589 ·

433 5565 754 5626 fundebant.
