4088 6206
459 296 561 360 δτι

1349 280 1922 344 TIIEOPHYLACTI
1970 276 2383 340 BULGARIIE
2422 274 2778 337 ARCHIEP.

3609 262 3715 336 872

460 412 563 469 dit.
622 410 805 467 Deitas
870 406 1015 461 enim
1077 413 1132 458 et
1201 414 1327 457 ante
1388 399 1843 464 incarnationem,
1884 395 2032 452 etin

2145 395 2368 448 πάντοτε
2411 390 2546 448 οὖσα
2598 393 2692 447 καὶ
2743 391 2917 446 είσαεὶ
2969 390 3319 462 διαμένουσα.
3389 391 3478 446 Ἐν
3524 393 3582 448 δὲ
3637 396 3715 466 τῷ

462 518 651 565 carne,
684 510 739 555 et
773 506 896 568 post
919 494 1234 564 passionem
1268 506 1485 560 semper
1536 490 1726 543 eodem
1785 486 1947 541 modo
1976 501 2035 542 se

466 591 665 655 habet;
699 588 845 658 quod
885 594 1004 642 erat
1058 595 1215 638 antea
1268 592 1461 635 natura
1505 596 1606 636 sua
1655 594 1872 647 semper
1891 580 2036 633 exsi-

464 691 643 744 atens,
696 686 752 735 et
798 679 852 732 in
909 687 1226 747 perpetumn
1267 688 1645 744 perseverans.
1687 671 1744 724 In
1779 670 2034 739 passione

464 777 670 831 autem,
703 781 824 835 quae
855 765 1109 818 humana:
1139 774 1346 816 natura:
1404 762 1521 822 fuit,
1574 759 2034 830 dispensationem

469 875 566 930 pro
592 858 750 913 nobis
806 856 1074 925 implevit,
1100 856 1338 908 animam
1394 870 1424 908 a
1473 869 1702 924 corpore
1727 866 1990 921 sepatans
2022 868 2035 915 ;

466 967 497 1004 a
534 958 734 1003 neutro
759 956 944 1020 autem
1006 946 1246 1009 illorum,
1281 947 1484 1015 quilus
1538 945 1706 999 semel
1732 945 1883 997 unita
1915 944 2035 1008 t'uit,

469 1052 705 1108 unquam
733 1036 933 1101 divisa,
973 1036 1255 1103 sejunctas
1285 1042 1467 1104 partes
1491 1035 1688 1088 iterum
1742 1033 2037 1102 copulavit,

471 1136 530 1181 ut
560 1127 777 1180 modum
823 1134 877 1179 et
915 1124 1134 1177 initium
1195 1122 1622 1177 resurrectionis
1680 1136 1747 1175 ex
1808 1120 2040 1176 mortuis

471 1220 741 1272 universa:
766 1216 1019 1268 humanm
1063 1222 1274 1268 natura:
1338 1213 1536 1277 daret;
1569 1220 1732 1283 atque
1774 1220 1832 1265 ut
1880 1226 2041 1266 omne

477 1330 494 1362 ι
533 1307 890 1376 corruptibile
923 1306 1178 1360 indueret
1209 1302 1699 1373 incorruptionem,
1730 1313 1782 1356 et
1811 1302 2041 1357 mortale

476 1402 635 1471 202
701 1400 1165 1454 immortalitatem
1197 1397 1264 1461 ³⁸,
1308 1415 1326 1447 ι
1363 1395 1680 1466 primordiis
1741 1396 1943 1449 uosuis
1971 1395 2042 1448 ob

473 1491 919 1561 coniunctionem
973 1504 1096 1543 cmn
1129 1485 1237 1541 Deo
1267 1486 1321 1540 in
1359 1486 1599 1540 divinam
1626 1495 1874 1538 naturam
1902 1498 2040 1553 quo-

471 1582 765 1638 damtnodo
801 1580 1107 1635 translatis.
1165 1578 1346 1645 Quare
1387 1575 1521 1630 illud
1556 1594 1568 1629 :
1612 1594 1630 1627 ι
1683 1574 2039 1630 Providebatn

2140 489 2322 553 πάθει,
2354 488 2432 557 τῷ
2461 488 2558 558 τῆς
2586 485 2930 558 ἀνθρωπίνης
2964 484 3197 555 φύσεως,
3219 484 3319 557 τὴν
3364 485 3505 558 ὑπὲρ
3557 487 3714 557 ἡμῶν

2137 579 2445 649 οἰκονομίαν
2486 578 2791 648 ἐπλήρωσε,
2831 576 3159 642 διαζεύξασα
3194 576 3296 648 τήν
3328 576 3507 648 ψυχὴν
3532 577 3600 630 ἐκ
3620 576 3714 631 τοῦ

2140 670 2409 739 σώματος.
2438 669 2767 741 χωρισθεῖσα
2793 668 2848 722 δὲ
2871 668 2983 721 οὐδ’
3012 667 3200 738 ἑτέρου
3228 665 3304 730 ὡς
3331 667 3477 736 ἅπαξ
3508 667 3714 740 ήνώθη,

2139 764 2233 816 καὶ
2265 762 2426 815 πάλιν
2458 761 2527 815 τά
2558 760 2822 814 διεστῶτα
2862 758 3165 829 συνάψασα,
3218 759 3358 813 ὥστε
3391 759 3716 813 ἀκολουθίαν

2140 855 2231 904 ναὶ
2262 853 2435 923 ἀρχὴν
2468 851 2649 906 δοῦναι
2684 854 2752 922 τῇ
2790 851 3109 924 ἀνθρωπίνῃ
3143 849 3303 920 φύσει
3330 851 3478 921 πάσῃ
3510 852 3609 922 τῆς
3650 852 3717 904 ὲκ

2139 944 2347 1014 νεκρῶν
2380 944 2750 1009 ἀναστάσεως,
2786 944 2872 997 ῖνα
2922 961 2940 995 ι
2978 944 3041 998 τὸ
3088 943 3329 1014 φθαρτὸν
3376 944 3523 998 ἅπαν
3563 942 3714 997 ἐνδύ-

2141 1052 2299 1105 σηται
2326 1035 2653 1107 ἀφθαρσίαν,
2702 1036 2797 1088 καὶ
2828 1035 2889 1088 τὸ
2933 1034 3125 1105 θνητὸν
3175 1034 3276 1106 τήν
3334 1032 3655 1099 ἀθανασίαν,
3689 1053 3708 1085 ι

2139 1127 2239 1196 τῆς
2273 1127 2530 1198 ἀπαρχῆς
2555 1126 2714 1197 ήμῶν
2755 1127 2844 1179 διᾶι
2885 1129 2985 1197 τῆς
3030 1125 3166 1197 πρὸς
3202 1124 3336 1178 Θεὸν
3364 1123 3717 1196 ἀνακράσεως

2141 1221 2223 1283 είς
2279 1219 2429 1273 θείαν
2485 1218 2645 1288 φύσιν
2701 1218 3178 1289 μεταποιηθείσης.
3233 1216 3398 1270 Ὥστε
3459 1216 3521 1270 τὸ
3592 1215 3716 1284 μὲν,

2149 1330 2165 1362 ι
2198 1310 2553 1382 Προωρὼμην
2581 1312 2674 1364 τὸν
2702 1310 2906 1381 Κύριον
2936 1310 3164 1363 ἐνώπιόν
3188 1325 3288 1378 μου
3312 1307 3402 1363 διὰ
3442 1308 3664 1372 παντὸς,
3691 1326 3711 1359 ι

2141 1404 2203 1456 τὸ
2253 1404 2553 1475 ἀχώριστον
2590 1402 2689 1473 τῆς
2742 1402 2991 1472 θεότητος
3050 1400 3144 1454 τοῦ
3210 1399 3531 1472 μονογενοῦς
3584 1398 3718 1453 Υῑοῦ

2142 1495 2293 1565 δηλοῖ
2321 1497 2420 1565 τῆς
2439 1494 2575 1565 πρὸς
2602 1493 2693 1547 τὸν
2722 1493 2976 1563 Χριστόν.
3006 1492 3080 1545 Τὸ
3107 1491 3162 1545 δὲ
3195 1493 3261 1546 ὲκ
3286 1491 3475 1557 δεξιῶν
3497 1493 3720 1547 ἑστάναι

2142 1584 2395 1654 λέγεσθαι
2432 1585 2523 1637 τὸν
2569 1583 2786 1655 Πατέρα
2825 1582 2919 1636 τοῦ
2959 1583 3092 1636 Υίοῦ
3142 1582 3258 1647 νῦν,
3299 1583 3429 1636 ποτὲ
3466 1582 3523 1637 δὲ
3557 1584 3720 1637 πάλιν

470 1673 761 1727 Dominum
828 1672 880 1724 in
946 1677 1243 1739 conspectu
1295 1682 1414 1721 meo
1465 1681 1701 1734 semper,
1741 1684 1759 1716 ι
1812 1650 2034 1718 deitatis

2146 1650 2226 1728 ὲκ⁷
2263 1673 2451 1738 δεξιῶν
2525 1650 2749 1727 καθίσαι
2816 1674 2910 1728 τοῦ
2973 1673 3186 1746 Πατρὸς
3224 1673 3314 1727 τὸν
3347 1673 3498 1737 Υίόν,
3566 1674 3720 1727 οὐδὲν

473 1765 733 1836 unigeniti
760 1762 882 1816 Filii
913 1760 1434 1828 inseparabilitatetn
1460 1778 1486 1809 ει
1505 1758 1724 1817 Christo
1743 1757 2039 1826 signiﬁcat.

2145 1765 2327 1836 ἕτερον
2374 1763 2408 1835 ἢ
2452 1763 2549 1833 τὴν
2607 1763 2826 1835 ἰσότητα
2892 1764 3022 1834 ἡμῖν
3081 1762 3356 1833 σημαίνει.
3405 1762 3609 1833 Κύριον
3661 1763 3720 1816 ἃ

471 1856 631 1924 Quod
659 1864 837 1910 autem
868 1854 973 1909 hoc
1005 1854 1124 1906 loco
1155 1850 1316 1905 Pater
1350 1867 1369 1900 ι
1411 1864 1440 1902 a
1467 1849 1677 1904 dextris
1717 1849 1843 1903 Filii
1868 1856 2037 1912 stare,

473 1952 604 2006 alibi
628 1966 758 2005 vero
796 1949 968 2003 Filius
996 1963 1025 2001 a
1060 1945 1269 2001 dextris
1309 1942 1487 1998 Patris
1510 1944 1701 1998 sedere
1743 1961 1761 1993 ι
1800 1942 2038 2007 dicatur,

474 2042 608 2095 nihil
644 2038 789 2093 aliud
823 2038 929 2093 nisi
964 2038 1251 2106 utriusque
1272 2036 1635 2104 aequalitatem
1672 2032 1828 2087 nobis
1857 2039 2042 2086 osten-

474 2135 575 2189 dit.
640 2134 852 2187 Patrem
912 2146 1040 2184 vero
1125 2128 1415 2181 Dominum
1481 2126 1656 2196 ipsitts
1738 2123 2040 2193 apppellat,

478 2232 761 2294 propterea
787 2222 930 2294 quod
965 2240 982 2270 ι
1012 2221 1239 2274 fortnam
1264 2218 1407 2273 servi
1437 2216 1650 2284 accepit
1675 2216 1742 2268 ι’.
1773 2234 1791 2264 ι
1818 2211 2040 2278 Deinde,

480 2325 536 2368 ιιι
574 2315 742 2368 dixit:
774 2330 792 2364 ι
829 2309 946 2364 Non
984 2311 1139 2364 dabis
1179 2318 1429 2363 sanctum
1466 2316 1617 2360 tuum
1676 2303 1860 2358 videre
1916 2316 2042 2357 cor-

478 2407 810 2476 ruptionem,
841 2422 860 2455 ι
894 2401 1216 2474 subjungit:
1260 2419 1278 2452 ι
1317 2400 1484 2455 Notas
1539 2396 1670 2451 mihi
1704 2395 1879 2450 iecisti
1924 2394 2042 2448 vias

476 2500 596 2554 vitai
636 2516 648 2552 :
687 2518 706 2549 ι
739 2513 844 2552 non
891 2497 1033 2551 enim
1086 2496 1168 2549 l‘as
1245 2502 1328 2550 est
1390 2491 1592 2556 dieare,
1620 2503 1839 2544 carnem
1861 2485 2044 2542 Verbo

479 2588 1050 2657 unitamcorruptioni
1110 2585 1408 2641 obnoxiam
1454 2595 1599 2646 esse,
1658 2589 1751 2634 aut
1804 2578 2042 2634 divinam

479 2684 714 2736 animant
743 2682 914 2749 portis
942 2677 1139 2733 inferni
1189 2675 1444 2731 concludi
1510 2688 1693 2744 posse.
1725 2670 1905 2736 Quare
1925 2677 2046 2740 post

477 2781 588 2827 tres
613 2772 727 2826 dies
748 2769 1064 2830 resurrexit,
1091 2786 1110 2819 ι
1128 2767 1283 2838 juxta
1316 2766 1459 2834 quod
1492 2764 1828 2834 impossibile
1852 2771 1993 2825 erat,
2017 2778 2035 2811 ι

478 2862 749 2933 cum,qui
808 2862 918 2917 vita
980 2876 1075 2931 per
1130 2866 1377 2912 naturam
1428 2857 1761 2917 esl,mortis
1815 2854 2047 2909 vinculis

485 2972 503 3005 ι
570 2954 764 3008 teneri.
801 2971 821 3005 ι
877 2954 969 3006 Ait
1023 2966 1153 3005 vero
1181 2968 1194 3004 :
1224 2968 1241 3001 ι
1272 2948 1529 3018 Replebis
1576 2963 1661 3002 me
1700 2945 2046 3015 iucunditate

2140 1854 2305 1910 αὐτοῦ
2339 1856 2429 1908 τὸν
2470 1855 2699 1926 Πατέρα
2736 1854 2912 1921 καλεῖ,
2963 1855 3051 1909 διά
3101 1871 3165 1923 γε
3209 1854 3271 1908 τὸ
3328 1854 3511 1909 λαϐεῖν
3559 1856 3720 1910 αὑτὸν

2148 1967 2167 2000 ι
2208 1947 2391 2001 δούλου
2436 1948 2673 2018 μορφήν.
2712 1967 2730 1998 ι
2772 1943 2924 2010 Εἶτα,
2975 1946 3165 2011 εἰπὼν,
3200 1967 3219 1999 ι
3271 1948 3345 2001 Οὐ
3388 1947 3580 2011 δώσεις
3627 1948 3718 2000 τὸν

2140 2041 2286 2094 ὅσιόν
2342 2056 2436 2093 σου
2496 2039 2627 2093 ἰδεῖν
2686 2038 3003 2109 διαφθορὰν,
3043 2056 3062 2089 ι
3127 2038 3326 2102 εὐθέως
3401 2040 3716 2109 ἐπήγαγεν·

2148 2152 2167 2185 ι
2198 2131 2533 2203 Ἐγνὼρισάς
2565 2150 2654 2204 μοι
2682 2133 2833 2196 ὁδοὺς
2854 2132 3017 2202 ζωῆς.
3054 2149 3073 2183 ι
3107 2132 3180 2185 Οὐ
3204 2132 3305 2201 γὰρ
3335 2132 3491 2202 θέμις
3526 2131 3721 2199 εἰπεῖν,

2145 2224 2319 2295 φθορᾷ
2350 2225 2448 2294 μὲν
2468 2223 2729 2277 δύνασθαί
2758 2238 2887 2276 ποτε
2929 2221 3247 2292 κρατεῖσθαι
3278 2222 3376 2293 τὴν
3429 2222 3725 2277 ἑνωθεῖσαν

2142 2317 2221 2386 τῷ
2248 2316 2408 2388 Λόγῳ
2435 2317 2633 2388 σάρκα,
2679 2316 2907 2385 κάτοχον
2944 2313 3001 2368 δὲ
3048 2316 3169 2377 ταῖς
3212 2312 3339 2384 ᾅδου
3378 2312 3576 2375 πύλαις
3623 2313 3727 2384 τήν

2145 2408 2295 2462 θείαν
2359 2406 2610 2475 γενέσθαι
2673 2406 2871 2477 ψυχήν.
2948 2406 3258 2477 Τριήμερος
3333 2403 3441 2476 γὰρ
3500 2404 3721 2459 ἀνεϐίωυ

2150 2521 2168 2553 ι
2203 2502 2392 2555 καθότι
2420 2501 2517 2554 οὐκ
2561 2496 2631 2572 ἦν
2661 2498 2904 2563 δυνατὸν,
2952 2517 2971 2551 ι
3024 2496 3169 2570 ζωήν
3211 2497 3341 2552 ὄντα
3373 2498 3516 2552 κατά
3561 2496 3726 2567 φύσιν

2143 2593 2329 2658 αὐτὸν,
2389 2594 2501 2655 τοῖς
2557 2591 2649 2645 τοῦ
2711 2590 2938 2645 θανάτου
3001 2607 3019 2641 ι
3055 2588 3426 2661 κρατεῖσθαι»
3477 2589 3723 2659 δεσμοῖς.

2144 2686 2219 2738 Τὸ
2242 2685 2319 2748 δὲ,
2359 2703 2376 2736 ι
2409 2682 2720 2753 Πληρώσεις
2758 2698 2822 2751 με
2851 2681 3187 2752 εὐφροσύνης
3228 2679 3364 2753 μετά
3403 2680 3498 2734 τοῦ
3555 2697 3729 2751 προσ-

2144 2778 2297 2829 ώπου
2341 2792 2459 2840 σου,
2592 2750 2777 2842 φησιν,
2832 2750 3010 2825 ἐκεῖνο
3057 2750 3343 2836 διδάσκων,
3393 2770 3475 2824 δτι
3511 2771 3573 2824 τὸ
3604 2750 3728 2842 τῆς

2145 2867 2583 2938 ἀνθρωπότητος,
2661 2866 2799 2935 ἔχων
2876 2863 3169 2933 πρόσωπον
3251 2860 3326 2925 ὡς
3405 2860 3531 2916 καθ’
3578 2861 3726 2933 ήμᾶς

2147 2954 2406 3026 γεγονὼς,
2433 2957 2558 3017 τοὺς
2587 2955 2717 3022 ἡμῖν
2749 2950 2948 3022 μᾶλλον
2973 2950 3066 3003 καὶ
3094 2951 3197 3003 οὐκ
3223 2948 3374 3020 αὐτῷ
3395 2949 3727 3022 πρέποντας,

479 3062 601 3097 ι·ιιιιι
661 3043 800 3097 facie
856 3052 966 3106 tua,
1007 3066 1022 3091 ι
1067 3040 1203 3093 illud
1249 3039 1474 3102 docens,
1502 3037 1648 3105 quod
1683 3035 2040 3089 humanitatis

2149 3045 2283 3101 καθὸ
2325 3046 2524 3099 νοεῖται
2566 3042 2719 3105 Θεὸς,
2769 3040 2954 3111 ἀνίησι
3003 3040 3216 3107 λόγους,
3258 3038 3334 3103 ὡς
3381 3037 3467 3107 ἐφ’
3510 3038 3726 3103 ἑαυτοῦ,

479 3137 689 3190 habens
753 3134 1197 3202 faciem,quippe
1248 3131 1442 3184 similis
1463 3130 1621 3184 nobis
1658 3130 1836 3183 factus
1880 3128 2041 3181 nobis

484 3230 692 3295 utique,
729 3234 783 3278 et
836 3240 944 3276 non
969 3223 1094 3285 sibi,
1147 3230 1422 3289 quatenus
1488 3217 1631 3273 Deus
1696 3217 2040 3287 intelligitur,

479 3317 868 3374 convenientes
911 3326 1215 3373 Sermones,
1246 3309 1392 3363 velut
1447 3310 1500 3362 in
1532 3323 1592 3362 se
1640 3308 1762 3377 ipso
1807 3307 2040 3377 prinmm

483 3413 772 3472 Lautorum,
802 3408 855 3459 in
889 3419 989 3460 nos
1017 3404 1320 3460 cmicstimu
1370 3401 1637 3455 bonorum
1680 3400 2043 3470 participatio-

481 3517 604 3556 nem
648 3497 896 3554 eﬂ‘undit.
920 3494 1090 3551 'Velut
1116 3496 1257 3550 enim
1286 3494 1387 3551 sibi
1416 3494 1602 3549 datum
1628 3494 1848 3557 asserit,
1884 3493 2044 3562 quid-

479 3591 611 3661 quid
669 3589 908 3645 hominis
963 3596 1172 3641 naturae
1228 3585 1501 3640 attribuit.
1542 3602 1560 3635 ι
1594 3583 1708 3639 Viri
1758 3584 1975 3639 fratres.
2017 3602 2035 3636 ι

485 3684 564 3738 Ita
594 3682 691 3743 ait,
719 3692 774 3733 ut
799 3679 990 3733 saltem
1042 3677 1096 3731 in
1156 3677 1324 3741 illius,
1358 3691 1456 3731 seu
1514 3674 1757 3737 Davidis,
1816 3676 2044 3745 ejusque

479 3773 700 3842 generis
736 3772 1021 3834 honorem,
1051 3782 1355 3823 sermonem
1418 3768 1485 3822 de
1539 3768 1745 3822 Christi
1795 3784 2040 3822 resurre-

482 3866 667 3922 Ctione
694 3862 989 3934 recipiant,
1025 3859 1192 3929 quod,
1223 3859 1269 3914 si
1303 3858 1377 3915 ita
1411 3875 1518 3913 non
1551 3856 1710 3923 foret,
1740 3872 1865 3912 cum
1916 3874 2042 3927 pru-

483 3956 683 4025 phetiae
703 3954 960 4025 dignitas,
986 3964 1097 4008 tum
1122 3966 1399 4023 congruas
1431 3951 1510 4005 illi
1532 3951 1706 4005 honor
1735 3950 2043 4005 laederetur.

482 4045 831 4115 Rursusque,
862 4041 1007 4114 quod
1034 4043 1344 4097 mirandum
1375 4049 1517 4108 erat,
1549 4040 1808 4111 proponit
1833 4041 2042 4095 dicens:

2145 3140 2237 3191 καὶ
2271 3137 2560 3208 πρόσωπον
2581 3135 2624 3167 ¹³
2688 3132 2868 3186 καλῶν
2913 3130 3021 3203 [ἐφ’
3049 3127 3239 3202 ἡμᾶς]
3272 3130 3374 3201 τήν
3420 3130 3531 3184 τῶν
3559 3130 3727 3201 οὐρα-

2144 3230 2270 3281 νέων
2338 3225 2560 3294 ἀγαθῶν
2633 3223 2885 3293 μέθεξινο
2950 3222 3027 3285 ὡς
3079 3220 3188 3292 γὰρ
3245 3221 3425 3291 ἐαυτῷ
3483 3220 3725 3275 δεδόσθαι

2144 3317 2298 3386 φησὶ,
2322 3318 2388 3386 τῇ
2419 3314 2512 3368 τοῦ
2547 3310 2836 3382 ἀνθρώπου
2884 3311 3048 3381 φύσει
3079 3310 3398 3383 προσνέμει.
3437 3330 3458 3362 ι
3493 3310 3729 3378 ’Δνδρες

2142 3405 2383 3475 ἀδελφοί.
2416 3421 2437 3456 ι
2472 3402 2658 3457 Ταῦτα
2704 3403 2853 3471 λέγει
2898 3403 2986 3457 ῖνα
3010 3402 3115 3456 κᾶν
3144 3402 3231 3457 διὰ
3259 3402 3358 3470 τῆς
3392 3402 3473 3466 είς
3517 3403 3730 3456 ἐκεῖνον

2153 3498 2319 3569 τιμῆς
2357 3497 2450 3551 καὶ
2486 3497 2547 3549 τὸ
2569 3496 2745 3562 γένος,
2780 3495 3040 3562 δέξωνται
3083 3494 3174 3548 τὸν
3217 3497 3347 3566 περὶ
3379 3495 3730 3558 ἀναστάσεως

2143 3589 2236 3642 τοῦ
2265 3589 2500 3659 Χριστοῦ
2525 3587 2703 3655 λόγον,
2750 3587 2826 3651 ὼς
2854 3587 2950 3640 καὶ⁵
2985 3588 3088 3657 τῆς
3128 3588 3462 3658 προφητείας
3496 3587 3732 3659 βλαπτο-

2148 3657 2334 3749 μένης,
2378 3681 2428 3731 εί
2465 3678 2539 3749 μὴ
2562 3679 2718 3732 τοῦτο
2766 3678 2853 3746 εῖη
2902 3679 2998 3731 καὶ
3036 3681 3134 3749 τῆς
3175 3657 3276 3742 είς
3301 3657 3504 3732 αὑτὸν
3540 3657 3727 3748 τιμῆς.

2148 3772 2256 3824 Καὶ
2315 3770 2473 3822 τοῦτο
2530 3767 2691 3822 πάλιν
2729 3767 2792 3821 τὸ
2833 3769 3144 3839 θαυμαστὸν
3193 3770 3464 3824 δείκνυσιν
3525 3770 3728 3825 εἰπών’

2152 3880 2170 3913 ι
2210 3861 2330 3913 ’Ότι
2361 3861 2421 3913 οὗ
2449 3859 2772 3929 κατελείφθη
2801 3862 2833 3930 ή
2864 3861 3011 3933 ψυχή
3049 3862 3214 3917 αὐτοῦ
3278 3865 3358 3925 εἰς
3407 3863 3542 3934 ᾅδην
3562 3880 3577 3894 ·
3641 3862 3704 3916 οὗ
3730 3896 3733 3903 μ

2144 3952 2199 4004 δὲ
2231 3948 2420 4021 ήσάρξ
2448 3949 2614 4003 αὑτοῦ
2648 3947 2755 4004 εἶδε
2782 3951 3094 4022 διαφθοράν.
3130 3972 3150 4005 ι
3184 3953 3259 4007 Oti
3288 3954 3398 4024 γάρ
3425 3955 3586 4022 ὁμοία
3616 3956 3731 4018 τοῖς

2152 4038 2336 4102 ἀλλοις
2383 4033 2452 4108 ἦν
2486 4040 2520 4107 ή
2553 4039 2844 4103 ἀνάστασις
2866 4054 2884 4073 ο
2919 4041 3213 4111 κατέσχετο
3260 4044 3357 4113 μὲν
3406 4044 3588 4109 αὑτὸν,
3628 4044 3732 4098 οὐκ

485 4154 505 4187 ι
530 4135 667 4201 Quia
690 4149 866 4203 neque
884 4132 1144 4188 derelicta
1155 4137 1239 4186 est
1266 4129 1447 4184 anima
1477 4127 1598 4199 ejus
1618 4128 1673 4183 in
1695 4125 1930 4193 inferno,
1952 4143 2040 4181 nc-

2147 4130 2441 4199 εἴργάσατο
2496 4129 2555 4182 δὲ
2610 4130 2674 4183 τὸ
2706 4130 2871 4185 αὑτοῦ
2918 4132 3038 4185 τότε
3067 4135 3096 4185 ό
3135 4133 3383 4197 θάνατος.
3436 4134 3622 4187 Πάντα
3668 4135 3732 4188 δὲ

479 4240 587 4295 que
606 4239 736 4280 caro
755 4224 887 4279 vidit
909 4222 1337 4293 corruptionem.
1356 4237 1376 4272 ι
1403 4218 1524 4274 Non
1538 4218 1682 4275 enim
1704 4217 1901 4272 similis
1925 4217 2040 4271 aliis

2149 4223 2434 4291 ἀνατίθησι
2490 4221 2569 4292 τῷ
2622 4223 2820 4294 Πατρὶ,
2874 4223 2964 4277 ῖνα
3015 4224 3270 4288 δέξωνται
3317 4226 3387 4280 τὰ
3437 4225 3732 4296 λεγόμενα.

482 4315 587 4370 fuit
636 4316 783 4371 illius
826 4315 1190 4370 resurrectio:
1232 4326 1356 4366 nam
1390 4310 1803 4381 comprehendit
1829 4310 2040 4380 quidem

2154 4329 2173 4362 ι
2211 4312 2287 4381 Τῇ
2322 4310 2472 4380 δεξιᾷ
2511 4309 2625 4364 οῦν.
2667 4329 2686 4362 ι
2730 4310 2838 4364 Τοῦ
2875 4311 3172 4366 ἀποστόλου
3219 4313 3430 4383 Πέτρου
3481 4314 3732 4383 λέγοντος

481 4419 607 4459 eum
631 4420 774 4459 mors
805 4434 829 4470 ,ν
849 4413 903 4457 at
927 4402 1158 4460 suumiu
1177 4416 1301 4457 eum
1331 4401 1617 4472 imperium
1655 4414 1909 4454 exercere
1935 4413 2040 4453 nou

2148 4403 2239 4455 τὸν
2268 4403 2501 4472 Χριστὸν
2531 4421 2550 4453 ι
2586 4402 2754 4473 ἄνδρα
2784 4402 2892 4456 ἀπὸ
2939 4402 3036 4456 τοῦ
3094 4403 3228 4458 Θεοῦ
3258 4405 3730 4475 ἀποδεδειγμένον,

486 4498 672 4552 valmt.
698 4495 893 4549 Omnia
919 4508 1048 4548 vero
1065 4494 1128 4547 ad
1150 4491 1364 4546 Patrem
1412 4492 1603 4557 refert,
1644 4500 1740 4560 λιιι,
1785 4507 1906 4561 quae
1931 4492 2040 4545 illis

2146 4495 2406 4563 δυνάμεσι
2453 4494 2550 4546 καὶ
2592 4493 2803 4564 τέρασι,
2858 4495 2950 4546 καὶ
2999 4495 3267 4565 σημείοις,
3298 4490 3381 4558 οἷς
3412 4497 3666 4564 ἐποίησεν
3702 4496 3733 4547 ὁ

485 4581 994 4648 dicebat,ltbentius
1013 4581 1377 4649 exciperenta
1413 4579 1642 4636 Dextera
1662 4581 1882 4650 igitur.»
1907 4579 2040 4634 Cum

2147 4584 2279 4647 Θεὸς
2321 4584 2583 4637 διἀὐτοῦ
2606 4599 2624 4616 ⁸
2654 4603 2672 4636 ι
2710 4584 2825 4649 καὶ,
2862 4605 2881 4637 ι
2915 4585 2976 4639 ὃν
3022 4588 3050 4640 ὁ
3074 4586 3207 4649 Θεὸς
3252 4587 3549 4657 ἀνέστησεο
3582 4606 3599 4637 ι
3636 4592 3736 4644 καὶ

483 4675 758 4742 apostolus
771 4672 962 4727 Petrus
1008 4671 1083 4724 ait
1105 4669 1381 4725 Christum
1425 4669 1588 4725 fuisse
1609 4689 1628 4722 ι
1653 4670 1827 4725 virum
1850 4684 2040 4740 appro-

2151 4672 2332 4733 πάλιν,
2365 4689 2384 4723 ι
2424 4672 2624 4726 Τοῦτον
2664 4674 2758 4727 τὸν
2807 4675 3012 4746 Ἰησοῦν
3057 4676 3359 4747 ἀνέστησεν
3416 4679 3444 4730 ὁ
3496 4677 3661 4740 Θεός·
3703 4696 3726 4730 ι

485 4768 668 4817 hatum
692 4780 722 4817 a
749 4762 857 4818 Deo
878 4762 1191 4828 virtutibus,
1215 4762 1475 4833 prodigiis
1492 4773 1545 4817 et
1564 4761 1757 4830 signis,
1778 4778 1897 4830 quae
1920 4760 2040 4816 fecit

2150 4763 2244 4817 καὶ
2269 4762 2353 4814 ὃτι
2395 4782 2412 4812 ι
2452 4762 2655 4832 Κύριον
2687 4764 2780 4817 κα)⁸
2805 4764 3038 4834 Χριστὸν
3081 4760 3127 4818 δ’
3148 4767 3282 4831 Θεὸς
3312 4767 3473 4821 αὐτὸν
3504 4767 3732 4837 ἐποίησε

2152 4854 2339 4908 τοῦτον
2384 4855 2478 4908 τὸν
2523 4854 2752 4926 Ἰησοῦν,
2812 4856 2871 4909 ὃν
2918 4859 3073 4928 ὑμεῖς
3124 4860 3526 4931 ἐσταυρώσατε,
3565 4878 3586 4912 ι
3635 4847 3731 4912 κειι

2152 4948 2252 5000 ὅσα
2281 4948 2525 5001 τοιαῦτα·
2557 4948 2618 5000 οὐ
2652 4948 2809 5002 τοῦτό
2855 4965 3040 5019 φησιν,
3080 4952 3165 5004 ὃτι
3196 4951 3271 5015 ὡς
3307 4952 3589 5022 ἄνθρωπος
3623 4951 3728 5002 ὑπὸ

2155 5037 2305 5100 θείας
2374 5038 2674 5108 δυνάμεως,
2751 5040 3180 5112 συνεργούμενος
3244 5041 3417 5095 ταῦτα
3485 5042 3724 5111 ἐνήργει,

2154 5130 2335 5196 ἀπαγε
2361 5131 2374 5183 l
2411 5129 2545 5182 ἀλλά
2600 5130 2773 5184 ταῦτα
2807 5131 2949 5185 οὕτω
2978 5134 3113 5201 φησὶ
3138 5132 3226 5188 διὰ
3252 5133 3313 5185 τὸ
3367 5132 3722 5204 ἀνθρώπινον,

2153 5220 2602 5286 συγκαταϐαίνων
2653 5224 2719 5292 τῇ
2765 5221 3020 5294 ἀσθενείᾳ
3060 5223 3168 5277 τῶν
3203 5225 3527 5290 ἀκουόντων,
3577 5225 3726 5285 ὅπως

2148 5311 2552 5380 εὐπαράιδεκτον
2598 5312 2800 5384 ποιήσῃ
2854 5312 2946 5366 τὸν
3007 5313 3185 5382 λόγον.
3242 5316 3351 5370 Καὶ
3392 5317 3605 5380 δεικνὺς
3642 5316 3725 5370 ὅτι

484 4852 624 4907 Deus
655 4867 750 4922 per
782 4852 933 4907 illum
967 4889 983 4916 ,
1016 4859 1070 4908 et
1095 4868 1254 4922 quem
1287 4853 1428 4907 Deus
1459 4850 1741 4907 suscitavit
1772 4890 1789 4916 ,
1814 4861 1867 4906 et
1917 4853 2045 4921 quia

484 4942 769 4997 Dominmn
792 4951 845 4998 et
872 4943 1147 5000 Christum
1172 4942 1295 4998 fecit
1324 4942 1462 4997 Deus
1486 4943 1629 4997 hunc
1653 4940 1858 5007 Jesum,
1885 4957 2046 5011 quem

481 5051 578 5091 vos
609 5034 980 5100 cruciﬁxistis,
1022 5054 1041 5087 ι
1072 5042 1125 5090 et
1155 5035 1258 5088 alia
1288 5033 1597 5103 huiusmodi
1625 5051 1640 5100 ;
1687 5048 1796 5086 non
1844 5033 2049 5087 idcirco

483 5128 599 5183 haec
648 5127 800 5192 dicit,
830 5127 972 5197 quod
1002 5127 1047 5182 is
1079 5128 1225 5181 velut
1247 5140 1426 5180 merus
1458 5125 1618 5179 homo
1643 5122 1823 5178 divina
1850 5124 2049 5179 virtute

482 5216 790 5283 roboratus,
816 5216 918 5270 ista
969 5224 1233 5283 patraret,
1303 5214 1484 5268 absitl
1538 5211 1633 5266 sed
1678 5213 1749 5265 ita
1806 5212 2047 5281 loquitur

481 5312 840 5367 humanitatis
888 5311 1084 5380 gratia,
1115 5320 1172 5363 ut
1196 5308 1534 5363 audientium
1572 5324 1629 5362 se
1652 5311 2040 5362 accommoda-

550 5490 596 5524 “
628 5488 649 5543 l
678 5489 803 5544 Cor.
849 5503 939 5553 xv,
977 5487 1065 5542 53.
1132 5486 1174 5519 ¹⁹
1201 5484 1436 5559 Philipp.
1469 5501 1526 5551 ll,
1563 5487 1615 5539 7.

1633 5580 1835 5643 Varize
1885 5581 2194 5646 lectiones
2239 5590 2302 5646 et
2345 5592 2537 5648 nolm.

559 5684 603 5714 ¹⁵
622 5682 852 5752 πρῶτον.
