4088 6206
400 307 509 370 873

1067 274 1605 375 EXPOSlTlONlS
1641 296 1938 376 macra
1982 317 2282 379 TEXTUS
2318 320 2583 379 ALTER.
2617 344 2683 353 -—
2721 320 2875 379 car.
2919 320 2995 378 II.

3547 326 3652 389 87:1

401 443 503 495 οὐκ
575 437 639 511 ἦν
692 438 936 502 ἀντίθεος
1000 442 1028 493 ὁ
1091 442 1345 509 Χριστὸς,
1424 444 1537 497 ἀλλ’
1597 445 1710 508 ἴσος
1759 444 1834 499 ὢν
1885 446 1974 500 καὶ

2085 436 2163 482 ret
2184 428 2557 493 imbecillitati,
2593 436 2646 482 et
2674 442 2980 483 sermonem
3010 444 3166 483 suum
3260 432 3509 490 redderet
3538 438 3657 493 laci.

401 531 700 601 δειοοὺσιος,
734 533 829 584 καὶ
858 530 1162 603 ἀχώριστος
1199 533 1298 602 τῆς
1323 535 1510 598 οὐσίας
1540 535 1631 588 τοῦ
1662 537 1871 605 Πατρός
1901 537 1976 599 ὡς

400 626 546 689 Υἱὸς,
625 628 719 679 καὶ
797 628 935 696 μετὰ
1006 626 1065 679 τὸ
1136 627 1388 694 γενέσθαι
1460 629 1768 699 ἄνθρωπος,
1826 630 1977 683 οὐδὲν

397 722 666 790 ἐνήργησε
725 719 832 774 τῶν
884 722 1220 792 θεοπρεπῶν,
1276 725 1402 778 ἄνευ
1459 723 1560 794 τῆς
1609 725 1704 776 τοῦ
1765 723 1978 795 Πατρός

395 811 614 874 οὐσίας·
656 812 789 864 ἀλλά
822 813 987 882 συνῆν
1014 812 1161 883 αὐτῷ
1188 814 1276 867 ἀεὶ
1307 814 1402 867 καὶ
1455 815 1716 886 συνήργει
1778 815 1976 879 πάντα,

397 902 473 966 ὡς
519 904 619 955 οὐκ
677 903 940 967 ἀντίθεος,
997 904 1114 957 ἁλλ’
1164 906 1411 977 όμοφυὴς
1466 909 1557 961 καὶ
1616 908 1977 980 ὁμοδύναμος.

402 1013 421 1044 ι
460 993 535 1046 Οὐ
563 995 667 1065 γὰρ
696 995 877 1046 Δαίὶίδ.
917 1012 936 1044 ι
983 994 1266 1061 Ἐνταῦθα,
1306 997 1407 1049 οὐκ
1452 995 1534 1050 ἔτι
1582 997 1702 1067 μεθ’
1753 998 1980 1051 ὑποστο-

394 1084 493 1152 λῆς
561 1085 730 1152 λέγει,
786 1084 924 1155 ἔχων
974 1087 1032 1138 το
1083 1087 1190 1139 ἀπὸ
1241 1085 1348 1140 τῶν
1400 1088 1705 1159 εἰρημένων
1758 1088 1978 1158 Θάρσος,

393 1177 490 1229 καὶ
540 1176 600 1228 οὐ
635 1174 806 1243 λέγει,
841 1195 858 1226 ι
901 1175 1051 1240 Ἐξὸν
1110 1180 1303 1244 εἰπεῖν,
1344 1198 1362 1231 ι
1414 1181 1508 1232 καὶ
1562 1181 1662 1233 ὅσα
1715 1180 1977 1233 τοιαῦτα·

394 1264 532 1319 ἀλλὰ
598 1265 942 1337 θαρρούντως
972 1267 1181 1332 λοιπὸν,
1224 1271 1363 1340 μετά
1395 1270 1492 1342 τὴν
1540 1271 1635 1325 τοῦ
1665 1271 1981 1341 Πνεύματος

394 1356 563 1420 δόσιν,
644 1358 738 1411 καὶ
826 1360 957 1430 περὶ
1045 1359 1142 1429 τῆς
1214 1363 1295 1425 είς
1361 1362 1590 1433 οὐρανὸν
1661 1363 1983 1433 ἀναλήψεως

395 1445 737 1515 διαλέγεται·
805 1450 898 1502 καὶ
936 1450 1034 1520 οὐχ
1088 1449 1293 1515 ἀπλῶς,
1342 1450 1478 1504 ἀλλὰ
1525 1453 1619 1504 καὶ
1680 1451 1844 1505 πάλιν
1892 1452 1982 1505 τὸν

399 1539 654 1609 μάρτυρα
684 1539 1044 1609 παραγαγὼν,
1104 1543 1200 1594 καὶ
1240 1541 1481 1604 ἐκείνους
1522 1544 1978 1613 ἀναμιμνήσκων,

397 1628 529 1696 περ)⁸
591 1624 649 1683 οὗ
692 1631 784 1681 καὶ
838 1630 865 1681 ό
915 1630 1148 1700 Χριστὸς
1196 1627 1336 1684 εἷπε.
1396 1632 1559 1700 Λέγει
1608 1632 1719 1703 γὰρ
1776 1632 1979 1695 αὐτός·

402 1737 419 1767 ι
451 1716 618 1771 Εἶπεν
655 1721 683 1773 ό
706 1721 905 1790 Κύριος
938 1722 1015 1793 τῷ
1061 1723 1251 1794 Κυρίῳ
1277 1740 1378 1794 μου
1399 1741 1412 1755 ·
1447 1723 1630 1779 Κάθου
1685 1726 1748 1777 ἐκ
1793 1724 1981 1789 δεξιῶν

398 1828 524 1880 μου,
573 1811 676 1873 ἕως
719 1811 784 1864 ἂν
833 1811 909 1864 θῶ
948 1815 1075 1876 τοὺς
1113 1814 1342 1885 ἐχθροὺς
1398 1832 1491 1868 σου
1533 1816 1821 1871 ὑποπόδιον
1869 1817 1977 1871 τῶν

393 1899 573 1952 ποδῶν
604 1918 717 1954 σου.
768 1922 784 1953 ι
822 1903 1087 1958 Ἐνταῦθα
1125 1906 1218 1959 καὶ
1257 1906 1421 1974 φόϐον
1473 1907 1644 1976 μέγαν
1705 1907 1976 1977 ἐπέστησε

393 1986 709 2064 [καθάπερ]
754 1996 810 2046 ἐν
859 1997 925 2065 τῇ
962 1996 1127 2066 ἀρχῇ.
1175 1995 1358 2049 Εἰπὼν
1387 1996 1517 2065 γὰρ,
1565 2016 1585 2050 ι
1636 1998 1780 2060 Ἕως
1804 1996 1868 2050 ἂν
1900 1996 1978 2048 θῶ

393 2082 519 2145 τοὺς
545 2083 771 2157 ἐχθρούς
801 2104 893 2139 σου
926 2087 1215 2141 ὑποπόδιον
1251 2089 1359 2141 τῶν
1392 2089 1566 2143 ποδῶν
1591 2106 1706 2152 σου,
1745 2108 1761 2140 ι
1798 2086 1980 2150 καλῶς

392 2174 626 2229 ἐνταῦθα
654 2170 809 2249 ἔληξε
838 2169 1088 2232 διασείων
1112 2180 1292 2259 at):th
1335 2179 1432 2252 τὴν
1468 2179 1731 2235 διάνοιαν.

2008 1768 2058 1827 Β

2082 519 2307 583 liorem;
2362 529 2640 589 praeterea,
2681 528 2741 574 ut
2794 520 3103 575 estendcret
3146 521 3421 578 Christum
3478 529 3656 583 nulla-

2086 620 2247 667 tenus
2311 612 2418 667 Dee
2453 614 2793 668 contrarium
2852 630 2993 679 esse,
3033 618 3148 681 sed,
3196 632 3320 672 cum
3348 622 3575 690 aequalis
3600 632 3658 677 et

2082 705 2573 759 consubstantialis
2633 716 2688 761 et
2729 706 2994 761 iudivisus
3040 723 3070 761 a
3127 710 3435 765 substantia
3480 713 3658 771 Patris

2085 799 2157 848 sit
2233 805 2491 867 tanquam
2563 797 2769 867 Filius,
2837 802 3001 855 etiam
3056 813 3409 872 pestcaquam
3477 806 3658 863 factus

2083 899 2167 943 est
2225 890 2421 955 homo,
2483 890 2620 944 nihil
2688 907 2878 946 eorum
2965 908 3088 963 qua:
3160 893 3328 948 Deum
3392 896 3659 954 decebant

2086 982 2293 1050 absque
2316 982 2475 1036 Patre
2495 989 2784 1052 mperatum
2817 998 2973 1039 esse:
3009 983 3104 1038 sed
3133 998 3348 1053 semper
3378 1002 3501 1040 cum
3535 989 3657 1058 ipso

2087 1088 2230 1135 esse,
2259 1082 2312 1126 ct
2339 1073 2502 1127 simul
2539 1089 2662 1126 eum
2703 1078 2823 1144 ipso
2845 1075 3050 1141 omnia,
3084 1075 3232 1130 velut
3294 1077 3402 1132 Deo
3434 1080 3658 1136 minime

2089 1166 2452 1229 contrarium,
2471 1166 2567 1220 sed
2588 1168 3110 1223 consubstantialem
3149 1178 3201 1222 et
3226 1170 3472 1239 ejusdem
3493 1173 3655 1243 203

2088 1273 2213 1312 cum
2250 1260 2371 1328 ipso
2418 1259 2700 1327 potentiae,
2736 1261 2975 1331 operari.
3017 1279 3035 1311 ι
3067 1260 3182 1315 Non
3211 1263 3357 1317 enim
3390 1263 3582 1319 David.
3628 1284 3650 1315 ι

2090 1346 2211 1413 llic,
2248 1350 2599 1419 sumptojam
2634 1366 2698 1405 ex
2739 1353 3013 1422 praedictis
3042 1354 3248 1417 animo,
3294 1355 3432 1409 haud
3466 1356 3659 1413 timide

2088 1441 2353 1511 loquitur,
2377 1457 2553 1512 neque
2572 1443 2668 1511 ait,
2696 1462 2713 1495 ι
2736 1443 3173 1509 Liceatdicerc,»
3198 1446 3279 1499 vel
3297 1447 3424 1516 quid
3447 1448 3657 1515 simile;

2088 1534 2180 1591 sed
2240 1535 2597 1600 contidenter,
2642 1546 2933 1607 postquam
2993 1538 3122 1592 doni
3193 1539 3428 1608 Spiritus
3484 1542 3662 1595 sancti

2088 1626 2361 1692 meminit,
2385 1628 2554 1683 etiam
2587 1629 2654 1683 de
2689 1630 3011 1685 ascensione
3044 1631 3097 1684 in
3147 1633 3346 1686 coelum
3397 1632 3658 1687 disserit:

2088 1728 2266 1773 etnon
2295 1720 2514 1789 quidem
2546 1729 2848 1789 utcunque,
2879 1721 2973 1775 sed
3000 1738 3193 1776 rursus
3216 1733 3406 1777 testem
3460 1722 3663 1791 produ-

2087 1810 2211 1873 cit,
2271 1821 2325 1864 et
2379 1810 2489 1864 illis
2543 1808 2612 1862 ad
2670 1810 2989 1863 memoriam
3057 1820 3277 1862 revocat
3344 1811 3395 1864 id
3455 1811 3657 1879 ipsum,

2086 1901 2230 1971 quod
2281 1900 2533 1956 Christus
2576 1900 2630 1954 in
2678 1898 2973 1971 Evangelio
3024 1900 3268 1968 protulit.
3330 1902 3418 1955 Ait
3465 1902 3655 1955 enim:

2092 2011 2110 2043 ι
2148 1991 2296 2045 Dixit
2358 1990 2626 2046 Dominus
2680 1990 2912 2046 Domino
2972 1977 3143 2048 meo:
3197 1992 3336 2047 Sede
3386 2008 3417 2047 a
3450 1991 3661 2047 dextris

2090 2085 2247 2149 meis,
2276 2084 2451 2139 donec
2478 2098 2675 2151 ponam
2707 2084 2960 2139 inimicos
2982 2094 3106 2139 tuos
3126 2085 3425 2141 scabelluin
3458 2083 3656 2154 pedum

2092 2173 2402 2230 tuorum”.
2446 2192 2464 2225 ι
2492 2172 2593 2228 Hie
2634 2189 2889 2244 pavorem
2935 2189 3195 2245 magnum
3224 2176 3408 2245 injecit
3431 2176 3572 2230 sicut
3601 2172 3659 2227 in

403 2268 710 2339 principio;
738 2271 929 2327 dicens
959 2287 1215 2342 namque,
1252 2290 1271 2323 ι
1309 2270 1493 2328 Donec
1526 2287 1726 2342 ponam
1763 2271 2016 2328 inimicos
2065 2279 2191 2325 tuos
2244 2266 2545 2325 scabellum
2591 2267 2785 2336 pedum
2834 2277 3097 2334 tuorum,
3124 2287 3143 2320 ι
3180 2269 3406 2338 pulchra
3424 2266 3659 2323 conclu-

397 2360 554 2415 sione
578 2377 709 2416 usus
731 2371 834 2429 est,
866 2362 1110 2433 ipsorum
1143 2371 1377 2419 mentem
1408 2365 1755 2420 concutiens.

743 2453 822 2524 Τῇ
875 2455 1100 2526 πέμπτῃ
1149 2455 1598 2527 Διακαινησίμου.

393 2542 533 2609 Περὶ
594 2542 855 2609 πίστεως
911 2543 1030 2597 τῶν
1085 2547 1401 2614 παρόντων
1447 2545 1683 2616 καὶτῆς
1737 2546 1836 2602 διὰ
1861 2546 1971 2602 τοῦ

692 2632 1115 2702 βαπτίσματος
1136 2633 1336 2690 αὐτῶν
1357 2638 1676 2705 σωτηρίας.

984 2725 1367 2782 ΚΕΙΜΕΝΟΝ.

492 2815 837 2879 Ακούσαντες
867 2816 943 2878 δὲ,
982 2820 1366 2889 κατενύγησαν
1411 2822 1478 2892 τῇ
1534 2821 1757 2895 καρδίᾳ,
1817 2818 1971 2877 εἶπόν

395 2922 453 2956 τε
486 2907 622 2974 πρὸς
652 2907 742 2959 τὸν
805 2907 1011 2978 Πέτρον
1045 2910 1138 2962 καὶ
1180 2910 1306 2975 τοὺς
1334 2911 1557 2976 λοιποὺς
1592 2913 1921 2980 ἀποστόλους
1954 2932 1968 2945 ·

2304 2453 2465 2508 Feria
2505 2452 2696 2524 quinta
2732 2451 3088 2507 hchdomada:
3138 2451 3443 2508 Paschalis.

2080 2541 2158 2597 De
2187 2559 2369 2598 eorum
2398 2544 2489 2615 qui
2519 2542 2774 2598 astabant
2797 2542 2903 2611 ﬁde
2931 2552 2980 2595 et
3011 2541 3204 2606 salute,
3239 2558 3332 2610 per
3364 2541 3652 2611 baptisma.

2724 2722 3023 2779 TEXTUS.

2145 2813 2214 2879 11,
2256 2813 2450 2869 5745.
2494 2811 2590 2869 llis
2631 2813 2869 2878 auditis,
2899 2814 3210 2883 compuncti
3275 2821 3402 2869 sunt
3462 2814 3650 2881 corde,

2071 2917 2126 2963 et
2165 2908 2420 2962 dixerunt
2469 2907 2537 2961 ad
2587 2905 2807 2961 Petrum
2841 2914 2897 2960 et
2924 2905 2990 2960 ad
3036 2906 3276 2976 reliquos
3328 2908 3652 2977 apostolos:

396 2998 463 3050 Τί
496 2997 815 3069 ποιήσομεν,
840 2998 1033 3070 ἄνδρες
1081 3001 1338 3072 ἀδελφοί;
1380 3004 1588 3074 Πέτρος
1618 3005 1675 3059 δὲ
1707 3005 1811 3078 ἔφη
1835 3008 1972 3077 πρὸς

2082 2998 2208 3066 Quid
2239 2998 2527 3064 faciemus,
2560 2996 2662 3052 viri
2720 2996 2959 3052 fratres?
2990 2998 3181 3052 Petrus
3229 3014 3356 3054 vero
3386 2999 3452 3053 ad
3482 2999 3604 3054 illos
3634 3014 3652 3053 :

398 3090 595 3155 αὺτούς
627 3108 642 3122 ·
675 3092 1067 3162 Μετανοήσατε
1098 3134 1112 3158 ,
1182 3095 1278 3148 καὶ
1329 3095 1683 3167 βαπτισθήτω
1735 3098 1969 3163 ἕκαστος

2071 3091 2481 3155 Paenitentiam,
2516 3090 2711 3160 inquit,
2748 3090 2912 3159 agite,
2931 3097 2985 3145 et
3008 3089 3314 3160 baptizetur
3359 3094 3656 3160 unusquis-

399 3181 554 3233 ὐίὦν
615 3183 707 3235 ἐπὶ
734 3183 811 3253 τῷ
848 3160 1072 3252 ὀνόματι
1142 3160 1600 3258 Ἰησοῦ-Χριστοθ
1652 3189 1732 3252 είς
1774 3160 1968 3256 ἄφεσιν

2085 3199 2192 3253 que
2215 3196 2452 3239 vestrum
2480 3184 2535 3237 in
2554 3184 2770 3237 nomine
2789 3181 2919 3238 Jesu
2938 3183 3165 3248 Christi,
3188 3184 3240 3237 in
3268 3184 3655 3239 remissionem

398 3272 701 3344 ἁμαρτιῶν,
734 3276 827 3326 κα)⁵
857 3273 1094 3345 λήψεσθε
1128 3273 1225 3345 τὴν
1247 3275 1456 3346 δωρεὰν
1490 3275 1582 3329 τοῦ
1606 3276 1762 3345 ἁγίου
1799 3277 1975 3332 Πνεύο

400 3382 590 3433 ματος.
631 3365 790 3436 Ὑμῖν
848 3367 958 3438 γάρ
995 3367 1204 3439 ἐστινὴ
1243 3367 1545 3436 ἐπαγγελία
1597 3370 1691 3423 καὶ
1748 3372 1858 3433 τοῖς
1887 3373 1975 3424 τέ-

397 3472 548 3518 κνοις
596 3456 768 3526 ὑμῶν,
820 3460 915 3510 καὶ
961 3459 1096 3512 πᾶσι
1138 3459 1250 3521 τοῖς
1303 3462 1382 3523 εἰς
1447 3459 1686 3531 μακρὰν,
1723 3463 1882 3526 ὅσους
1908 3462 1973 3515 ἂν

398 3545 835 3615 προσκαλέσηται
894 3545 1098 3617 Κύριος
1125 3548 1154 3600 ό
1194 3548 1327 3612 Θεὸς
1373 3549 1554 3620 ἡμῶν.
1623 3548 1865 3621 Ἑτέροις
1913 3569 1973 3606 τε

397 3633 578 3701 λόγοις
615 3635 823 3689 πλείοσι
848 3638 1273 3710 διεμαρτύρατο,
1298 3641 1397 3693 καὶ
1427 3640 1728 3713 παρεκάλει
1760 3642 1936 3712 λέγων
1957 3661 1971 3675 ·

400 3720 617 3795 Σώθητε
650 3726 757 3779 ἀπὸ
790 3728 889 3796 τῆς
939 3730 1131 3794 γενεᾶς
1164 3729 1366 3799 ταύτης
1389 3729 1490 3798 τῆς
1513 3731 1750 3794 σκολιᾶς.
1779 3730 1841 3785 Oi
1875 3732 1975 3802 μὲν

398 3811 767 3886 οὗνάσμένως
821 3818 1214 3890 ὑποδεξάμενοι
1266 3820 1542 3889 τὸνλόγον
1585 3822 1786 3884 αὐτῶν,
1841 3824 1971 3875 ὲϐα-

402 3907 726 3977 πτίσθησαν,
755 3912 849 3964 καὶ
900 3912 1311 3981 προσετέθησαν
1336 3914 1400 3982 τῇ
1428 3912 1613 3984 ἡμέρᾳ
1661 3914 1843 3984 ἐκείνῃ
1867 3914 1972 3982 ψυ-

401 4000 496 4067 χαὶ
568 4000 699 4052 ὡσεὶ
749 4002 1065 4071 τρισχίλιαι.
1119 3997 1304 4057 ’Ἦσαν
1339 4003 1396 4057 δὲ
1430 4004 1972 4075 προσκαρτεροῦντες

398 4093 466 4160 τῇ
496 4090 681 4160 διδαχῇ
706 4093 812 4145 τῶν
845 4094 1183 4160 ἀποστόλων,
1232 4096 1325 4149 καὶ
1357 4098 1424 4166 τῇ
1479 4096 1758 4165 κοινωνίᾳ,
1789 4095 1881 4148 καὶ
1902 4097 1968 4164 τῇ

402 4179 590 4233 κλάσει
614 4182 706 4233 τοῦ
746 4181 933 4251 ἄρτου,
961 4186 1054 4238 καὶ
1090 4187 1211 4249 ταῖς
1244 4188 1597 4256 προσευχαῖς.
1645 4184 1893 4253 Ἐγένετο
1914 4186 1970 4238 δὲ

406 4272 550 4342 πάσῃ
605 4273 749 4343 ψυχῇ
798 4275 961 4343 φόϐος
995 4293 1008 4306 σ
1060 4276 1230 4329 πολλά
1262 4294 1321 4329 τε
1371 4277 1575 4349 τέρατα
1640 4281 1735 4349 καὶ
1770 4278 1970 4347 σημεῖα

397 4360 484 4414 διὶι
511 4363 618 4416 τῶν
650 4366 966 4420 ἀποστόλων
996 4370 1213 4433 ἐγένετο
1242 4369 1299 4420 ἐν
1335 4346 1693 4440 Ἰερουσαλήμ

1001 4458 1379 4514 ΕΡΜΗΝΕΙΑ.

480 4543 821 4609 Ἀξιόπιστος
852 4547 878 4598 ὁ
905 4546 1061 4615 λόγος
1104 4546 1185 4616 (ἐξ
1214 4543 1288 4600 ὦν
1339 4549 1503 4601 αὑτὸν
1542 4548 1779 4619 ἔλαϐον),
1834 4551 1971 4612 τέως

396 4634 452 4686 δὲ
478 4637 536 4687 τὸ
556 4635 776 4689 εῦκολον
804 4637 974 4706 λέγει,
1012 4639 1210 4709 πολλὴν
1234 4640 1355 4711 ἔχον
1381 4641 1611 4712 δωρεὰν,
1648 4644 1740 4694 καί
1777 4659 1907 4695 ποτε
1928 4644 1972 4672 ¹⁸

402 4732 491 4782 ἐπὶ
525 4732 615 4784 τὸν
647 4732 761 4801 βίον
800 4732 942 4801 ἄγει.
991 4734 1273 4798 Ὑπόθεσις
1320 4737 1425 4806 γὰρ
1457 4736 1640 4798 αὐτοῖς
1678 4735 1831 4788 ἔσται
1880 4735 1972 4788 καὶ

404 4821 606 4891 σπουδὴ
642 4825 700 4875 τὸ
732 4824 831 4895 ἤδη
889 4825 1190 4893 γεύσασθαι
1246 4826 1357 4879 τῶν
1407 4824 1679 4895 τοσούτων
1731 4826 1972 4893 ἀγαθῶν.

413 4912 633 4984 Ἐπειδὴ
661 4917 717 4968 δὲ
746 4918 931 4971 ἐπόθει
963 4921 991 4971 ό
1019 4920 1325 4990 ἀκροατὴς,
1358 4917 1410 4969 τι
1433 4916 1503 4991 ἦν
1545 4918 1606 4970 τὸ
1627 4918 1732 4970 τῶν
1784 4919 1969 4972 πλειόο

401 5019 511 5053 νων
537 5004 712 5071 λόγων
746 5008 1073 5076 κεφάλαιονο
1111 5010 1282 5064 Τοῦτό
1325 5011 1461 5076 ἐστι,
1493 5009 1645 5079 φησὶ,
1678 5008 1855 5079 δωρεὰ
1878 5007 1971 5061 τοῦ

402 5093 558 5158 ἁγίου
604 5096 935 5166 Πνεύματος.
995 5104 1102 5157 «Οἱ
1154 5102 1252 5172 μὲν
1317 5098 1430 5154 οὖν.
1469 5118 1488 5150 ι
1541 5099 1844 5171 Ἐπῄνεσαν
1903 5100 1972 5151 τὰ

400 5184 678 5253 λεχθέντα,
731 5191 910 5245 καίτοι
972 5194 1139 5262 φόϐου
1183 5193 1422 5265 γέμοντα
1453 5234 1468 5259 ,
1531 5194 1623 5246 καὶ
1677 5193 1815 5264 μετὰ
1875 5189 1972 5260 τὴν

403 5278 797 5346 συγκατάθεσιν
845 5285 970 5336 τότε
1026 5286 1202 5340 ἑπὶτὸ
1230 5286 1513 5356 βάπτισμα
1542 5285 1810 5355 ἔρχονται.
1855 5282 1970 5334 Ἐν-

398 5367 574 5421 ταῦθα
614 5372 707 5422 καὶ
750 5372 1063 5443 πληροῦται
1108 5377 1141 5446 ἡ
1184 5375 1278 5428 τοῦ
1345 5376 1566 5428 Ἡσαΐου
1616 5372 1923 5444 προφητεία
1950 5388 1963 5401 ·

407 5477 424 5508 ι
454 5460 551 5524 Τίς
609 5462 811 5533 ῆκουσε
852 5465 1093 5519 τοιοῦτον
1118 5484 1133 5533 ;
1160 5469 1256 5521 καὶ
1278 5468 1362 5530 τίς
1393 5466 1638 5537 ἑώρακεν
1660 5465 1866 5529 οὓτως;
1910 5464 1971 5514 Ei

508 5574 553 5603 ὀ
588 5573 779 5628 Matth.
816 5592 952 5641 ιλιι,
989 5578 1078 5631 40.

2084 3288 2435 3346 peccatorum
2467 3284 2805 3338 vestrorum,
2842 3282 2898 3328 et
2929 3274 3216 3344 accipietis
3245 3275 3445 3329 donum
3470 3274 3652 3346 Spiri-

2084 3375 2172 3421 tus
2195 3366 2398 3422 sancti.
2442 3367 2607 3421 Vobis
2637 3365 2782 3419 enim
2838 3373 2923 3421 est
2983 3367 3362 3436 repromissio,
3413 3375 3469 3421 et
3522 3367 3652 3422 ﬁliis

2082 3457 2307 3521 vestris,
2339 3468 2394 3510 et
2450 3456 2705 3511 omnibus
2757 3456 2850 3525 qui
2886 3456 3046 3526 longe
3093 3466 3245 3524 sunt,
3294 3471 3655 3525 quoscunque

2083 3545 2430 3600 advocaverit
2487 3546 2747 3599 Dominus
2814 3546 2955 3600 Deus
3012 3557 3220 3602 noster.
3289 3546 3431 3601 Aliis
3487 3549 3650 3601 etiam

2083 3637 2268 3691 verbis
2333 3636 2584 3705 plurimis
2638 3638 2970 3691 testiﬁcatus
3014 3648 3120 3701 est,
3151 3648 3204 3693 et
3257 3639 3654 3694 exhortabatur

2081 3744 2176 3783 eos
2216 3729 2445 3782 dicens:
2504 3725 2807 3781 Salvamini
2870 3741 2900 3778 a
2931 3730 3283 3796 generatione
3323 3732 3426 3783 ista
3460 3746 3648 3799 prava.

2082 3815 2183 3884 Qui
2248 3833 2380 3888 ergo
2436 3825 2760 3888 receperunt
2817 3832 3124 3872 sermonem
3185 3820 3344 3887 ejus,
3388 3821 3651 3890 baptizati

2081 3921 2246 3966 sunt:
2273 3921 2328 3966 et
2357 3911 2618 3982 apposita:
2648 3918 2779 3965 sunt
2817 3910 2907 3966 die
2941 3909 3029 3964 illa
3066 3910 3261 3965 anima:
3299 3912 3520 3966 circiter
3547 3913 3650 3967 tria

2082 4003 2275 4056 millia.
2312 4002 2481 4056 Erant
2511 4014 2692 4057 autem
2743 4013 3164 4072 perseverantes
3196 4003 3247 4055 in
3307 4002 3562 4057 doctrina
3593 4015 3650 4058 et

2079 4095 2581 4150 communicatione
2644 4095 2930 4150 fractionis
2988 4096 3147 4164 panis
3194 4104 3247 4150 et
3278 4095 3646 4152 orationibus.

2079 4184 2268 4239 Ficbat
2297 4194 2477 4240 autem
2505 4186 2653 4240 omni
2688 4187 2886 4240 anima:
2947 4188 3142 4241 timor:
3202 4189 3371 4240 multa
3433 4203 3649 4257 quoque

2079 4277 2328 4348 prodigia
2390 4286 2444 4332 et
2504 4278 2657 4348 signa
2736 4294 2833 4348 per
2889 4280 3168 4348 apostolos
3234 4282 3285 4334 in
3339 4280 3645 4335 Jerusalem

2080 4369 2299 4423 ﬁebant.
3504 4361 3528 4373 ’

2571 4459 3147 4516 COMMENTARIUS.

2153 4555 2284 4609 Fide
2312 4554 2509 4624 dignus
2533 4565 2651 4609 erat
2712 4571 2893 4609 sermo
2922 4556 3068 4611 Petri
3121 4572 3187 4609 ex
3219 4557 3285 4612 iis
3317 4574 3436 4625 qua:
3485 4568 3643 4612 antea

2080 4653 2424 4716 acceperant.
2481 4644 2706 4699 Interim
2765 4645 2818 4699 id
2869 4647 3011 4716 quod
3050 4646 3208 4702 facile
3243 4655 3345 4712 est,
3382 4656 3437 4701 et
3495 4650 3642 4720 quod

2078 4752 2337 4802 magnum
2403 4735 2567 4791 habet
2619 4736 2847 4799 donum,
2880 4738 3050 4803 dicit;
3094 4747 3147 4792 et
3201 4750 3330 4794 tunc
3358 4741 3425 4795 ad
3474 4742 3642 4796 vitam

2079 4828 2250 4882 ducit.
2284 4827 2421 4893 Quia
2465 4842 2594 4882 vero
2618 4828 2915 4897 cupiebant
2966 4829 3248 4885 auditores
3290 4833 3455 4898 seire,
3486 4850 3639 4904 qua:-

2077 4936 2205 4973 nam
2247 4928 2393 4972 esset
2428 4928 2537 4971 tam
2572 4919 2958 4988 multiplicium
2989 4921 3280 4976 verborum
3305 4923 3469 4994 204
3489 4939 3642 4991 sum-

2080 5026 2165 5063 ma
2217 5030 2229 5062 :
2299 5008 2420 5064 lla-c
2487 5021 2594 5075 est,
2653 5011 2852 5081 inquit,
2907 5012 3108 5067 donum
3149 5013 3388 5083 Spiritus
3437 5016 3637 5070 sancti.

2082 5115 2099 5145 ι
2148 5094 2251 5162 Qui
2282 5112 2432 5165 ergo.
2472 5116 2491 5147 ι
2526 5095 2778 5152 Laudant
2815 5099 2960 5153 dicta
3004 5103 3359 5171 quantumvis
3411 5104 3632 5156 terribi-

2072 5187 2164 5251 lia,
2190 5198 2243 5242 et
2278 5197 2566 5257 postquam
2594 5204 2879 5244 assensum
2911 5192 2978 5245 iis
3008 5200 3333 5261 prwstttere,
3369 5194 3637 5262 baptisma

2073 5280 2409 5347 suscipiunt.
2440 5280 2541 5333 llic
2574 5296 2700 5335 vero
2724 5283 2942 5353 impleta
2982 5292 3065 5337 est
3101 5284 3191 5337 illa
3221 5284 3371 5336 Isaia:
3396 5285 3634 5352 prophe-

2073 5373 2144 5421 tia
2177 5388 2191 5424 ;
2233 5390 2249 5419 ‹
2272 5370 2407 5435 Quis
2435 5371 2637 5427 audivit
2666 5390 2904 5441 unquam
2940 5374 3086 5428 tale?
3123 5381 3175 5427 et
3199 5373 3321 5440 quis
3342 5373 3476 5427 vidit
3508 5375 3634 5429 huic

2084 5462 2292 5515 simile?
2345 5461 2600 5532 Nunquid
2643 5466 2874 5534 parturit
2928 5472 3071 5517 terra
3121 5464 3175 5515 in
3225 5463 3310 5517 die
3341 5465 3483 5519 una?
3539 5475 3631 5520 aut

1553 5649 1753 5710 Varim
1799 5647 2104 5710 lectiones
2148 5652 2207 5705 et
2252 5656 2421 5706 norm

472 5745 511 5772 ³
551 5745 637 5799 ίσ.
690 5747 831 5797 τότε.

714 5840 988 5900 ΡΑτιιοι..
1021 5840 1137 5899 Gn.
1174 5837 1417 5901 CXXV.

3229 5839 3302 5899 28
