4088 6206
458 365 575 431 859

1393 368 1968 429 THEOPHYLACTI
2010 369 2103 428 BU
2115 370 2415 429 LGAlildi
2454 372 2810 431 ARCHIEP.

3594 368 3701 433 δ’[θ

455 482 667 535 solatur
696 492 822 534 vero
849 492 945 534 eos
971 493 1034 533 ex
1068 477 1423 548 praedictione
1452 480 1520 533 de
1547 478 1706 534 Juda.
1737 496 1754 529 ι
1794 478 2024 548 Oporte-

2151 481 2484 550 τροῤῥήσεως
2514 481 2641 551 περὶ
2684 478 2878 533 Ἰούδα.
2918 497 2936 530 t
2970 478 3121 532 Ἔδει
3146 478 3271 546 γὶρ,
3302 478 3457 545 gandi,
3486 478 3704 547 πληρω-

457 573 555 627 bat
581 573 761 635 enim,
795 568 999 638 inquit,
1035 568 1244 639 impleri
1289 568 1660 639 Seripturam,
1693 585 1853 640 quam
1886 586 2026 639 pra!-

458 664 597 718 dixit
630 662 873 731 Spiritus
905 669 1130 717 sanctus
1161 676 1258 731 per
1285 676 1347 717 os
1374 661 1544 717 David
1578 663 1645 717 de
1676 662 1833 733 195
1867 662 2027 729 Juda,

456 758 551 824 qui
583 755 685 809 fuit
714 754 822 809 dux
856 767 1047 808 eorum
1074 754 1166 823 qui
1193 755 1734 824 comprehenderunt
1761 755 1973 811 Jesum.
2006 775 2025 809 ι

462 847 667 902 Deinde
702 864 722 896 σ
763 845 884 909 llic,
919 864 937 896 ι
973 845 1170 914 inquit,
1220 863 1240 898 ι
1283 847 1531 916 possedit
1563 861 1753 917 agrum
1789 848 1857 902 de
1888 838 2033 901 mer-

459 939 595 995 cede
620 938 947 1008 iniquitatis.
987 955 1007 987 »
1037 935 1155 992 Non
1187 939 1364 1008 inquit
1394 956 1411 993 :
1443 938 1615 994 Judaei
1649 940 2032 1010 possederunt,

461 1029 583 1093 sed,
613 1045 631 1078 ι
671 1028 787 1097 ipse
818 1027 1113 1097 possedit,»
1149 1036 1203 1083 et
1228 1030 1447 1098 quidem
1476 1045 1712 1100 congrue
1740 1047 1754 1083 :
1786 1045 1909 1085 nam
1940 1032 2035 1101 qui

462 1120 697 1188 pretium
734 1127 944 1187 erogat,
978 1119 1197 1174 etiamsi
1230 1119 1320 1172 alii
1348 1129 1571 1184 emant,
1602 1120 1692 1175 ille
1729 1121 2037 1177 censendus

463 1217 547 1263 est
595 1209 872 1263 dominus.
924 1208 989 1263 Et
1038 1223 1169 1265 sane
1204 1210 1460 1278 pretium
1518 1210 1639 1280 ejus
1685 1221 1841 1278 erat,
1890 1212 2038 1282 quod

471 1314 490 1347 ι
531 1296 775 1365 possedit
804 1297 871 1351 de
901 1298 1153 1353 mercede
1183 1306 1442 1353 extrema:
1472 1299 1799 1370 iniquitatis.
1841 1319 1860 1351 ι
1898 1301 2040 1358 Sub—

466 1386 584 1440 dit:
618 1406 637 1437 ι
681 1387 744 1441 Et
774 1403 1076 1457 suspensus
1114 1391 1331 1457 crepuit
1361 1391 1594 1454 medius,
1628 1400 1682 1446 et
1712 1392 1883 1447 effusa
1911 1402 2040 1449 sunt

466 1476 652 1532 omnia
700 1478 908 1532 \iseera
958 1478 1098 1548 ejus.
1160 1498 1179 1533 ι
1228 1480 1342 1537 Hoc
1389 1482 1602 1539 scilicet
1648 1485 1723 1538 ait
1763 1483 1833 1539 de
1879 1501 2040 1555 paena

467 1583 631 1636 quam
666 1576 795 1624 tunc
819 1570 1079 1625 sustinuit
1107 1570 1300 1629 Judas.
1331 1591 1349 1623 ι
1387 1572 1455 1626 Et
1476 1575 1782 1645 appellatus
1810 1584 1895 1631 est
1916 1590 2043 1647 ager

470 1661 561 1715 ille
605 1662 788 1732 lingua
836 1679 1025 1717 eorum
1075 1663 1430 1732 llaceldama,
1465 1666 1567 1721 hoc
1600 1674 1715 1730 est,
1761 1682 1891 1738 ager
1916 1683 2044 1723 san-

470 1755 672 1825 guinis.
717 1774 734 1807 ι
768 1756 940 1811 «ΙιιιΙευί
974 1757 1075 1810 hoc
1109 1756 1329 1812 nomine
1359 1773 1484 1813 eum
1516 1760 1863 1829 appellarunt
1884 1800 1897 1823 .
1932 1775 2040 1815 non

470 1856 696 1917 propter
722 1849 923 1917 ipsum,
956 1848 1049 1902 sed
1087 1857 1307 1919 prepter
1336 1847 1553 1903 Judam.
1585 1850 1650 1903 Et
1677 1852 1896 1919 quidem
1932 1851 2042 1906 Lu-

472 1952 566 1993 cas
591 1938 677 1993 ad.
708 1938 809 1992 hoc
843 1939 1197 1993 astrueudum
1255 1938 1307 1993 id
1343 1940 1533 2005 refert,
1566 1950 1731 1998 testes
1761 1942 2046 2013 proferens

474 2028 624 2098 ipsos
669 2029 887 2095 hostes,
926 2030 1073 2100 quod
1117 2045 1179 2085 ea
1221 2030 1289 2086 de
1328 2047 1493 2087 causa
1538 2033 1805 2101 ejusmodi
1848 2050 2046 2089 nomen

474 2135 607 2190 agro
628 2120 700 2173 illi
730 2120 1131 2191 imposuerint:
1158 2122 1389 2178 dicendo
1415 2124 1586 2189 enim,
1644 2143 1662 2176 ι
1695 2127 1913 2195 propria
1946 2127 2051 2180 lin-

474 2225 578 2281 gua
611 2226 819 2277 eorum,
882 2232 903 2264 ι
939 2214 1043 2267 hoc
1076 2212 1212 2267 satis
1243 2214 1440 2268 innttit.
1483 2214 1620 2269 Illud
1660 2231 1788 2271 vero
1822 2234 1837 2271 :
1870 2235 1889 2269 ι
1928 2215 2053 2272 Fiat

474 2304 836 2359 commoratio
871 2305 1046 2375 ipsius
1084 2304 1302 2361 deserta
1328 2348 1342 2373 ,
1375 2315 1429 2361 et
1465 2323 1572 2362 non
1607 2308 1678 2363 sit
1709 2313 1802 2380 qui
1834 2310 2053 2365 inhabi-

478 2403 553 2447 tet
594 2395 648 2447 in
687 2410 785 2459 ea,
829 2413 847 2447 ι
884 2404 994 2450 tam
1040 2397 1107 2451 de
1151 2413 1321 2467 agro,
1366 2414 1528 2466 quam
1568 2400 1639 2455 de
1676 2400 1838 2457 domo
1879 2402 2054 2474 ipsius

478 2487 683 2543 dictum
709 2501 812 2545 est.
842 2487 897 2545 In
920 2505 986 2544 eo
1011 2499 1214 2556 autem,
1244 2510 1261 2542 ι
1287 2490 1348 2546 Ει
1369 2493 1741 2561 episcopatum
1760 2493 1879 2563 ejus
1907 2495 2053 2549 acci-

480 2580 595 2646 piat
632 2580 791 2643 alter,
830 2598 848 2631 ι
893 2594 989 2648 per
1024 2598 1044 2630 ι
1082 2582 1452 2653 episc0patum
1493 2603 1511 2636 ι
1550 2584 1792 2655 intrllige
1847 2585 2055 2655 princi-

481 2679 667 2738 patum
701 2683 794 2725 seu
820 2670 1211 2727 sacerdotium.
1248 2675 1345 2729 Est
1373 2691 1503 2728 vero
1532 2678 1622 2744 qui
1660 2677 1828 2740 dicat,
1859 2674 2053 2732 Judam

484 2760 906 2831 haudquaquam
966 2762 1159 2833 laqueo
1207 2766 1376 2819 vitam
1425 2765 1673 2827 fiuiisse.
1724 2769 1820 2821 sed
1866 2784 2058 2837 super-

483 2854 705 2921 vixisse,
738 2856 882 2926 quod
906 2856 1192 2926 depositus
1224 2856 1410 2920 fuerit.
1442 2871 1733 2929 antequam
1764 2861 2060 2930 perimere-

485 2957 596 3001 tnr.
622 2946 755 3003 item
794 2950 935 3004 lianc
968 2949 1184 3005 caeteris
1213 2950 1419 3005 clarius
1450 2960 1637 3005 narrat
1669 2952 1864 3022 Papias
1895 2950 2065 3007 Joau-s

484 3041 574 3094 nis
612 3041 945 3112 discipulus,
1002 3043 1087 3097 bis
1128 3043 1347 3098 verbis:
1401 3062 1419 3095 ι
1461 3044 1711 3114 Magnum
1761 3045 2059 3112 impietatis

2135 570 2294 638 θῆναι
2321 569 2419 636 τὴν
2448 568 2668 639 Γραφὴν
2697 570 2926 637 ταύτην,
2953 567 3020 638 ἢν
3053 570 3277 637 προεῖπε
3307 567 3366 619 τὸ
3392 567 3614 638 Πνεῦμα
3646 570 3706 622 τὸ

2129 658 2284 726 ἆγιον
2308 660 2394 713 διὰ
2421 661 2686 728 στόματος
2719 659 2880 712 Δαὸὶδ
2906 658 3033 728 περὶ
3083 658 3251 710 ’ἰούδα
3288 657 3382 711 τοῦ
3412 659 3704 728 γενομένου

2130 750 2325 820 ὁδηγοῦ
2355 754 2466 814 τοῖς
2500 750 2823 804 συλλαϐοῦσι
2854 751 2946 803 τὸν
2996 749 3227 819 Ἰησοῦν,
3264 768 3282 801 ι
3331 753 3425 802 καὶ
3460 750 3530 803 τὰ
3556 749 3703 818 ἐξῆς.

2132 838 2286 906 Εῐτα,
2323 862 2341 894 ι
2382 837 2574 909 Οὗτος,
2636 843 2788 910 φησὶ,
2828 840 3097 911 ἐκτήσατο
3158 841 3357 911 χωρίον
3395 844 3461 895 ἐκ
3494 842 3586 895 τοῦ
3615 860 3705 911 μι-

2134 934 2263 987 σθοῦ
2290 915 2387 1003 της
2411 935 2649 997 ἀδικίας.
2700 954 2719 986 ι
2759 935 2834 987 Οὐ
2893 934 3066 1003 λέγει,
3122 935 3204 988 ὅτι
3262 935 3507 989 Ἰουδαῖοι
3554 937 3709 1007 ἐκτή⁶

2135 1044 2318 1088 σαντο,
2346 1026 2461 1080 ἀλλ’
2498 1045 2518 1078 ἰ
2554 1026 2726 1090 Λύτδς
2757 1028 3027 1097 ἐκτήσατο
3048 1042 3061 1057 ο
3094 1044 3113 1078 ι
3144 1026 3392 1090 εἰκότως.
3433 1029 3491 1080 ὐ
3517 1028 3624 1097 γὰρ
3650 1029 3711 1081 τὸ

2134 1119 2733 1199 τίμημακαταδαλὼν,
2777 1121 2825 1172 εί
2866 1121 2961 1173 καὶ
3002 1120 3183 1189 ἕτεροι
3214 1120 3550 1189 ήγορακότες
3577 1116 3709 1178 εἷεν.

2137 1213 2301 1271 αὐτὸς
2335 1212 2402 1266 ἂν
2448 1212 2534 1281 εἴη
2590 1212 2906 1279 λογίζεσθαι
2940 1211 3153 1282 κύριος.
3206 1210 3382 1264 Αὐτοῦ
3406 1213 3513 1282 γὰρ
3554 1207 3621 1282 ἦν
3653 1212 3712 1264 to

2139 1305 2377 1375 τίμημα,
2422 1303 2450 1356 ὅ
2481 1304 2751 1373 ἐκτήσατο
2798 1304 2861 1355 ἐκ
2930 1301 3025 1355 τοῦ
3087 1300 3281 1371 μισθοῦ
3344 1302 3441 1369 τῆς
3480 1301 3715 1371 ἐσχάτης

2139 1397 2376 1460 ἀδικίας.
2436 1391 2570 1449 Εἶτά
2645 1411 2817 1465 φησι’
2875 1414 2894 1447 ι
2944 1395 3054 1447 Καὶ
3141 1393 3355 1463 πρηνὴς
3431 1393 3716 1461 γενόμενος

2140 1491 2374 1561 ἐλάκτισε
2416 1489 2604 1559 μέσος,
2651 1491 2745 1542 καὶ
2798 1484 3033 1557 ἐξεχύθη
3083 1486 3263 1539 πάντα
3316 1486 3385 1537 τὰ
3437 1485 3718 1553 σπλάγχνα

2144 1580 2330 1635 αὑτοῦ.
2371 1599 2389 1632 ι
2431 1579 2601 1633 Τοῦτο
2625 1578 2682 1631 δέ
2722 1595 2855 1649 φησι
2889 1576 3147 1646 περὶτῆς
3198 1576 3379 1646 δίκης,
3407 1572 3475 1648 ἧς
3518 1575 3718 1628 ἔδωκεν

2155 1671 2355 1735 Ἰούδας
2388 1672 2533 1725 τότε.
2572 1688 2590 1721 ι
2635 1670 2743 1723 Καὶ
2798 1668 3003 1737 ἐκλήθη
3051 1666 3113 1720 τδ
3169 1666 3367 1736 χωρίον
3423 1668 3599 1718 ἐκεῖνο
3647 1666 3714 1733 τῇ

2147 1765 2255 1835 ἰδίᾳ
2277 1764 2540 1830 διαλέκτῳ
2578 1762 2759 1815 αὐτῶν
2790 1759 3122 1829 Ἁκελδαμά,
3172 1758 3203 1811 δ
3234 1758 3349 1810 ἐστι
3415 1756 3613 1827 χωρίον
3636 1756 3719 1807 αἰ-

2150 1873 2338 1925 ματος.
2369 1874 2387 1907 ι
2424 1856 2486 1906 Οί
2524 1855 2623 1923 μὲν
2651 1849 2744 1907 οὖν
2770 1852 3020 1906 Ἰουδαῖοι
3056 1849 3230 1921 ταύτῃ
3274 1852 3340 1920 τῇ
3382 1849 3722 1918 προσηγορῖᾳ

2146 1949 2411 2002 ἐκάλεσαν
2442 1948 2593 2009 αὐτὸ,
2626 1947 2687 2000 ού
2725 1945 2814 1999 διὰ
2873 1943 3054 2010 τοῦτο,
3090 1941 3226 1997 ἀλλὰ
3257 1945 3344 1995 διά
3369 1942 3460 1994 τὸν
3491 1940 3716 1993 Ἰούδαν.

2147 2033 2313 2103 Οὗτος
2338 2039 2394 2092 δέ
2456 2039 2535 2102 είς
2559 2036 2719 2090 τοῦτο
2744 2035 2875 2089 αὐτὸ
2901 2036 3198 2105 μετήγαγε,
3228 2034 3510 2103 μάρτυρας
3539 2030 3721 2098 φέρων

2146 2132 2270 2189 τοὺς
2304 2130 2554 2198 ἐχθροὺς,
2591 2128 2659 2182 δι’
2696 2121 2770 2181 ὧν
2813 2126 3095 2195 ὠνόμασε.
3138 2124 3253 2178 Καὶ
3287 2123 3396 2192 γὰρ
3436 2122 3495 2174 ⁸ιδ)
3526 2121 3718 2183 εἰπεῖν,

2154 2238 2173 2271 t
2226 2221 2291 2289 τῇ
2321 2218 2427 2289 ἰδίᾳ
2456 2217 2723 2288 διαλέκτῳ
2764 2215 2967 2282 αὐτῶν,
2999 2232 3020 2268 ι
3050 2213 3209 2268 τοῦτο
3245 2209 3609 2284 βούλεται.τῦ
3640 2209 3718 2273 δὲ,

2157 2329 2176 2362 ι
2225 2310 2570 2381 Γενηθήτῳή
2612 2307 2837 2371 ἔπαυλις
2870 2306 3035 2360 αὐτοῦ
3077 2306 3305 2378 ἔρημος,
3351 2305 3443 2356 καὶ
3477 2303 3550 2372 μὴ
3586 2301 3739 2353 ἔστω

2150 2405 2177 2456 ὁ
2207 2403 2478 2455 κατοικῶν
2538 2403 2597 2455 ἐν
2636 2402 2798 2472 αὐτῇ,
2829 2418 2848 2453 ι
2883 2400 3015 2470 περὶ
3050 2398 3247 2469 χωρίου
3283 2397 3479 2451 τούτου
3512 2395 3725 2462 καὶτῆς

2151 2495 2327 2558 οἰκίας
2356 2494 2523 2548 αὑτοῦ
2556 2495 2793 2565 εἴρηται.
2817 2492 2893 2547 Τὸ
2916 2493 2996 2555 δὲ,
3026 2512 3044 2543 ι
3085 2492 3197 2562 Τὴν
3231 2490 3535 2561 ἐπισκοπὴν
3558 2488 3725 2542 αὑτοῦ

2152 2587 2305 2641 λάϐοι
2336 2587 2548 2657 ἔτερος,
2582 2604 2601 2637 ι
2635 2586 2888 2640 τουτέστι
2917 2585 3017 2654 τὴν
3046 2583 3244 2655 ἀρχὴν,
3273 2584 3371 2652 τὴν
3400 2582 3723 2652 ἱερωσύνην.

2159 2676 2348 2741 ’Ἄλλος
2368 2679 2423 2731 δέ
2458 2695 2642 2746 φησιν,
2677 2679 2760 2732 ὅτι
2785 2678 2885 2730 οὐκ
2921 2677 3161 2730 ἀπέθανε
3197 2679 3264 2745 τῇ
3290 2674 3494 2743 ἀγχόνῃ
3526 2676 3554 2726 ὁ
3592 2671 3727 2725 Ἰού-

2154 2769 2267 2829 δας,
2302 2769 2416 2821 ἀλλ’
2449 2768 2666 2821 ἐπεϐίω.
2691 2767 3037 2837 καθαιρεθεὶς
3062 2766 3168 2837 πρὸ
3195 2765 3287 2818 τοῦ
3332 2763 3725 2832 ἀποπνιγῆναι.

2156 2860 2325 2912 Τοῦτο
2342 2860 2396 2913 δὲ
2416 2861 2749 2929 σαφέστερον
2780 2860 2985 2929 ἱστορεῖ
3005 2856 3222 2919 Παπίας
3244 2853 3534 2911 ὁῚωάννου
3555 2852 3730 2924 μαθηο

2154 2952 2256 3023 τὴς
2286 2952 2458 3019 λέγων
2483 2967 2499 2982 ⁸
2549 2971 2568 3003 ι
2624 2952 2782 3020 Μέγα
2837 2950 2896 3004 δέ
2946 2948 3202 3012 ἀσεϐείας
3236 2948 3541 3018 ὑπόδειγμα
3569 2948 3626 2999 ὲν
3654 2944 3734 3015 τῷ

2157 3044 2346 3115 κόσμῳ
2376 3042 2547 3112 τούτῳ
2580 3042 2984 3113 περιεπάτησεν
3018 3044 3046 3095 ὁ
3087 3040 3311 3103 Ἰούδας,
3345 3038 3610 3109 πρησθεὶς
3635 3037 3731 3090 ἐπὶ

484 3133 795 3200 exemptum
823 3133 876 3186 in
921 3134 1025 3186 hoc
1062 3135 1267 3189 mundo
1305 3135 1404 3188 fuit
1442 3132 1643 3201 Iudas,
1687 3143 1873 3205 utpote
1904 3137 2049 3204 cujus

2166 3135 2418 3189 τοσοῦτον
2446 3136 2544 3205 τὴν
2581 3137 2778 3205 σάρκα,
2820 3134 2961 3189 ὥστε
3015 3134 3149 3204 μηδὲ
3187 3132 3385 3186 ὁπόθεν
3410 3130 3597 3201 ἅμαξα
3635 3132 3733 3199 ρᾳ-

486 3233 691 3288 corpus
722 3221 858 3274 adeo
892 3221 1176 3287 intumuit,
1207 3231 1265 3275 ut
1305 3238 1499 3292 neque,
1530 3238 1639 3293 qua
1671 3240 1866 3280 currus
1900 3224 2059 3282 facile

490 3313 707 3377 transit,
736 3312 852 3374 ille.
887 3313 996 3365 imo
1031 3327 1207 3382 neque
1246 3314 1422 3367 solum
1455 3315 1575 3383 ejus
1604 3323 1787 3384 caput,
1822 3318 2059 3373 transire

490 3412 714 3473 posset:
749 3411 804 3458 et
838 3402 1054 3472 quidem
1086 3403 1368 3458 oculorum
1402 3405 1691 3475 palpebras
1732 3408 1870 3463 adeo
1892 3425 2060 3463 enor-

493 3496 652 3549 miter
698 3494 777 3550 illi
819 3495 1146 3551 intumuisse
1192 3496 1393 3561 ferunt,
1435 3505 1493 3551 ut
1539 3513 1638 3553 nec
1711 3499 1830 3570 ipse
1882 3502 2058 3556 lucem

490 3583 702 3640 videret
724 3625 740 3651 ,
783 3601 884 3640 nec
921 3587 1071 3641 oculi
1105 3587 1278 3657 ipsius
1312 3590 1393 3643 \‘el
1422 3589 1681 3645 adhibitis
1724 3593 2059 3647 medicormn

491 3675 721 3744 dioptris
784 3678 953 3733 videri
986 3688 1209 3748 possent
1237 3698 1249 3734 :
1285 3681 1422 3735 adeo
1450 3682 1662 3737 scilicet
1697 3684 1967 3753 profunde
1995 3686 2063 3741 ab

491 3778 716 3823 externa
758 3770 1042 3840 superficie
1080 3782 1444 3827 recesserant.
1491 3770 1736 3828 \‘erenda
1769 3777 2062 3846 autemip-

492 3859 607 3915 sius
630 3861 777 3915 omni
808 3863 1144 3931 turpitudine
1166 3863 1497 3919 deformiore
1528 3864 1666 3918 facta
1694 3865 1883 3928 fuisse.
1915 3868 2062 3937 quod

493 3952 674 4006 sanies
703 3962 755 4007 et
782 3968 996 4009 vermes
1018 3969 1048 4009 e
1077 3963 1189 4009 toto
1219 3955 1338 4023 ejus
1367 3971 1599 4025 corpore
1624 3966 1907 4012 manantes
1939 3968 2064 4012 tan-

493 4045 776 4099 tummodo
810 4060 904 4114 per
940 4045 1080 4111 illas,
1111 4049 1455 4103 necessarias
1484 4049 1748 4117 alioquin,
1785 4058 1967 4119 partes
1994 4051 2061 4106 ad

2163 3225 2290 3286 δῖως
2318 3226 2614 3295 διέρχεται,
2655 3228 2861 3278 ἐκεῖνον
2884 3224 3143 3278 δύνασθαι
3163 3223 3410 3288 διελθεῖν,
3438 3221 3571 3275 ἀλλὰ
3596 3219 3733 3290 μηδὲ

2166 3314 2330 3367 αὐτὸν
2365 3315 2522 3385 μόνον
2560 3314 2648 3368 τὸν
2677 3315 2777 3384 τῆς
2810 3315 3049 3386 κεφαλῆς
3090 3314 3255 3368 αὐτοῦ
3296 3314 3460 3382 δγκον
3485 3325 3502 3341 ⁶
3535 3313 3603 3365 τὰ
3636 3312 3732 3381 μὲν

2166 3406 2277 3478 γὰρ
2313 3406 2556 3477 βλέφαρα
2608 3406 2715 3461 τῶν
2748 3406 3041 3478 ὀξθαλμῶν
3070 3406 3236 3460 αὐτοῦ
3273 3403 3529 3459 τοσοῦτόν
3570 3420 3735 3470 φασιν

2167 3499 2466 3569 ἐξοιδῆσαι,
2506 3500 2579 3563 ὼς
2635 3499 2797 3553 αὐτὸν
2843 3499 2944 3568 μὲν
3004 3498 3235 3552 καθόλου
3272 3496 3332 3549 τὸ
3361 3496 3476 3567 φῶς
3507 3495 3582 3568 μή
3616 3495 3737 3565 βλέ-

2168 3608 2293 3644 πειν
2318 3633 2334 3657 ,
2366 3593 2492 3654 τοὺς
2557 3591 2869 3659 ὀφθαλμοὺς
2902 3590 2958 3643 δὲ
3007 3590 3172 3644 αὑτοῦ
3233 3589 3368 3659 μηδέ
3412 3588 3515 3641 ὑπὸ
3549 3586 3735 3655 ἰατροῦ

2168 3684 2429 3754 διόπτρας
2474 3683 2736 3753 ὀφθῆναι·
2796 3683 3048 3736 τοσοῦτον
3104 3682 3267 3751 βάθος
3308 3676 3452 3751 εἶχον
3504 3679 3610 3732 ἀπ’)
3637 3680 3736 3747 τῆς

2170 3776 2369 3842 ἔξωθεν
2402 3776 2721 3844 ἐπιφανείας
2746 3793 2757 3804 ·
2792 3774 2853 3827 τὸ
2893 3774 2949 3828 δὲ
2981 3774 3178 3828 αἰδοῖον
3206 3772 3373 3827 αὑτοῦ
3428 3771 3605 3839 πάσης
3638 3769 3737 3839 μὲν

2170 3866 2553 3937 ἀσχημοσύνης
2603 3864 2933 3935 ἀηδέστερον
2983 3864 3294 3933 φαίνεσθαι,
3328 3863 3414 3913 διὰ
3469 3862 3566 3928 τίς
3611 3859 3736 3919 τοὺς

2174 3959 2235 4024 ἐξ
2272 3959 2512 4022 ἅπαντος
2544 3959 2708 4013 αὐτοῦ
2741 3956 2832 4011 τοῦ
2866 3957 3117 4026 σώματος
3149 3956 3475 4027 συρρέοντας
3535 3954 3736 4021 Excipi;

2169 4069 2227 4104 τε
2268 4052 2364 4106 καὶ
2412 4050 2704 4120 σκώληκας
2768 4052 2846 4108 εἰς
2886 4048 3045 4118 ὓϐριν
3087 4047 3152 4100 δι’
3199 4048 3377 4100 αὐτῶν
3413 4046 3589 4115 μόνων
3631 4045 3736 4094 τῶν

493 4134 756 4205 majorem
788 4138 1140 4208 ignominiam
1177 4137 1477 4195 emuerent.
1518 4159 1537 4191 ι
1575 4140 1699 4195 ιιειευ
1729 4143 1950 4212 quidem
1986 4146 2063 4198 ait

494 4223 585 4281 ille
642 4225 697 4280 in
747 4236 947 4295 quarto
1003 4229 1407 4299 explanationis
1470 4232 1759 4287 verborum
1825 4233 2049 4290 Domini.

2184 4232 2527 4304 Ἑξηγήσεως
2553 4230 2660 4284 τῶν
2689 4227 2981 4297 Κυριακῶν
3029 4227 3202 4294 λόγων
3226 4242 3240 4253 ·
3275 4244 3294 4277 ι
3329 4225 3484 4279 Μετὰ
3541 4222 3738 4284 πολλὰς

499 4334 520 4367 ι
561 4317 690 4373 Post
725 4318 925 4375 multos
956 4334 1085 4376 vero
1125 4321 1407 4377 cruciatus
1434 4330 1489 4377 et
1522 4337 1731 4392 poenas,
1767 4325 1967 4389 subdit,
1998 4341 2049 4380 et

2172 4325 2441 4396 βασάνους
2470 4324 2563 4375 καὶ
2586 4320 2880 4392 τιμωρίας,
2911 4321 2968 4371 ἐν
3000 4320 3135 4389 ίδίῳ,
3170 4317 3326 4388 φησὶ,
3349 4314 3532 4387 χωρίῳ
3555 4312 3741 4367 τελεο-

496 4407 549 4461 in
580 4410 799 4479 proprio
833 4426 964 4482 agro
1009 4422 1257 4479 mortuo,
1286 4429 1479 4484 agrum
1521 4416 1719 4484 ipsum,
1761 4432 1866 4486 qua
1900 4418 2049 4471 etian

2169 4420 2456 4488 τὴσαντος,
2481 4415 2660 4469 καὶτὸ
2689 4414 2797 4467 ἀπὸ
2830 4412 2929 4482 τῆς
2967 4411 3086 4467 ὁδοῦ
3117 4413 3321 4483 ἔρημον
3362 4410 3456 4463 καὶ
3487 4408 3741 4475 ἀοίκητον

495 4511 650 4571 parte
674 4502 890 4574 longius
919 4505 1074 4561 abest
1090 4522 1119 4560 a
1135 4508 1219 4562 via
1248 4506 1347 4577 (ι),
1367 4507 1638 4563 desertmn
1658 4517 1710 4565 et
1738 4511 2049 4567 inhabitabi-

2172 4510 2234 4563 τὸ
2259 4510 2456 4580 χωρίον
2481 4506 2642 4576 μέχρι
2672 4505 2766 4559 τοῦ
2794 4505 2889 4558 νῦν
2941 4505 3194 4574 γενέσθαι
3219 4520 3233 4535 ·
3261 4502 3377 4557 ἀλλ’
3426 4501 3546 4555 ούδέ
3580 4498 3741 4569 μέχρι

496 4593 603 4647 lem
630 4594 697 4648 ad
729 4610 976 4665 presens
1003 4611 1177 4666 usque
1220 4607 1433 4667 tempus
1464 4601 1709 4656 evasisse
1736 4619 1749 4655 :
1783 4602 1892 4657 imo
1922 4619 2049 4658 nunt

2176 4604 2418 4672 σήμερον
2450 4598 2709 4652 δύνασθαί
2729 4615 2851 4651 τινα
2883 4598 2975 4651 τὸν
3009 4598 3172 4651 τόπον
3194 4597 3399 4649 ἐκεῖνον
3429 4590 3736 4662 παρελθεῖν,

497 4685 663 4739 etiam
711 4688 982 4743 nemiuem
1028 4704 1127 4759 per
1168 4690 1345 4745 locum
1389 4693 1605 4762 ipsum,
1647 4696 1755 4750 nisi
1798 4696 2049 4752 obturati:

2175 4697 2272 4750 ἐὰν
2299 4694 2371 4765 μή
2422 4692 2522 4756 τὰς
2587 4693 2737 4761 ῥῖνας
2787 4692 2907 4752 ταῖς
2942 4690 3131 4759 χερσὶν
3176 4686 3342 4742 αὐτοῦ
3393 4681 3739 4754 περιφράξῃο

498 4777 763 4843 naribus,
810 4780 1049 4835 transire
1092 4796 1273 4851 posse.
1319 4781 1549 4838 Tantum
1602 4788 1811 4843 scilicet
1847 4804 1969 4843 eum
2014 4790 2049 4844 it

2176 4786 2413 4855 τοσαύτη
2438 4785 2527 4837 διὰ
2553 4784 2654 4853 τῆς
2688 4784 2889 4852 σαρκὸς
2936 4782 3103 4836 αὐτοῦ
3154 4782 3249 4835 καὶ
3296 4781 3387 4833 ἐπὶ
3426 4779 3527 4848 γῆς
3562 4777 3742 4850 κρίσις

499 4886 663 4927 carne
706 4871 879 4941 ipsius
902 4875 1063 4930 etiam
1087 4891 1249 4944 supra
1284 4883 1485 4932 terram
1506 4879 1770 4949 judicium
1803 4882 1886 4953 (5)
1918 4897 2049 4937 comi

2169 4881 2437 4953 ἐχώρησε.
2472 4896 2595 4929 ι-ι
2621 4879 2713 4930 Δεῖ
2736 4871 2829 4930 οῦν
2850 4874 3010 4929 τῶν.»
3036 4872 3258 4944 Ἐπειδὴ
3281 4872 3492 4927 οὐδέπω
3522 4868 3744 4938 Πνεῦμα

499 4963 807 5033 prehendit.
838 4984 963 5019 ι--ι
989 4966 1355 5040 Oportetergo
1388 4985 1454 5025 ex
1481 4970 1619 5026 bis.»
1647 4971 1912 5037 Quoniam
1931 4988 2049 5029 non

2170 4970 2261 5044 ἦν,
2306 4971 2401 5024 καὶ
2428 4969 2581 5023 οὔπω
2626 4968 2852 5029 ἑαυτοὺς
2877 4966 3062 5031 ἀξίους
3093 4964 3323 5037 ἡγοῦντο
3354 4960 3493 5017 εἶναι
3530 4962 3622 5015 τοῦ
3649 4960 3741 5029 ἀφ’

502 5058 631 5113 dum
657 5056 898 5129 Spiritus
925 5060 1238 5122 advenerat.
1261 5077 1440 5132 neque
1464 5062 1501 5117 ii
1524 5077 1582 5117 se
1603 5063 1818 5133 dignos.
1854 5065 1942 5120 vel
1959 5066 2048 5120 ido

2175 5062 2389 5117 ἑαυτῶν
2446 5062 2510 5114 τὸ
2547 5061 2780 5131 πρᾶγμα
2816 5057 3127 5126 ἐπιτρέψαι,
3158 5055 3414 5110 αἰτοῦντα
3453 5056 3467 5084 ¹
3498 5053 3586 5106 διά
3602 5068 3742 5111 τινος

503 5164 637 5206 neos
652 5150 1082 5217 arbitrabantur,
1107 5155 1247 5224 quia
1264 5168 1326 5208 se
1346 5153 1657 5222 ipsisltocce
1681 5157 1954 5224 negotium
1982 5158 2048 5211 ad

2181 5153 2406 5224 σημείου
2435 5152 2645 5222 μαθεῖν.
2696 5151 2758 5203 Εί
2798 5149 2908 5219 γὰρ
2939 5147 3068 5201 ἔνθα
3106 5147 3231 5200 οὔτε
3260 5144 3421 5216 εὐχὴ,
3443 5144 3566 5196 οὔτε
3595 5141 3743 5206 ἀξιό-

503 5244 986 5310 ministrarent,vel
1011 5259 1108 5315 per
1130 5244 1348 5314 aliquod
1368 5244 1609 5315 signum,
1629 5246 1850 5315 quinam
1873 5246 2045 5318 eligen

2179 5247 2327 5315 λογοι
2355 5244 2570 5314 ἄνδρες,
2614 5242 2867 5296 τοσοῦτον
2919 5241 3141 5311 ἴσχυσεν
3204 5238 3295 5291 ἐπὶ
3322 5237 3416 5291 τοῦ
3447 5235 3622 5296 Ἰωνᾶ,
3654 5234 3744 5285 διὰ

503 5334 606 5391 dus
650 5342 836 5402 esset,
878 5335 1252 5402 addiscerem,
1296 5352 1316 5387 ι
1356 5332 1625 5389 dederunt
1676 5345 1852 5391 sortes
1900 5338 2003 5391 eis.
2047 5358 2049 5389 ;

2176 5341 2239 5392 τὸ
2262 5337 2319 5403 ἐξ
2344 5336 2511 5408 ὀρθῆς
2526 5334 2776 5405 γενέσθαι
2798 5333 3044 5406 γνώμης,
3065 5330 3246 5403 πολλῷ
3271 5329 3470 5401 μᾶλλον
3486 5324 3744 5380 ἐνταῦθα.

1656 5449 1859 5511 Variis
1903 5449 2213 5517 lectiones
2256 5462 2317 5515 et
2361 5461 2552 5515 noue.

2170 4144 2503 4211 ἀναγκαίων,
2545 4161 2562 4194 ι
2607 4140 2793 4195 Ταῦτα
2841 4139 2896 4193 δέ
2954 4155 3118 4208 φησιν
3154 4141 3211 4190 ἐν
3253 4137 3327 4206 τῷ
3370 4135 3613 4206 τετάρτῳ
3644 4135 3736 4200 τῖς

579 5549 596 5581 ¹
625 5550 714 5606 ισ.
769 5552 1072 5609 αἰτοῦνται.

577 5667 654 5741 (αξ)
678 5667 920 5741 Sifanius
948 5671 1036 5741 hic
1055 5672 1235 5735 vertit,
1273 5671 1447 5735 abiis,
1467 5670 1725 5741 quijuxta
1752 5668 1902 5723 illam
1934 5672 2071 5724 viam

508 5737 839 5849 bgbt’gbgut,
870 5740 1015 5810 quod
1046 5742 1231 5810 legerit
1263 5741 1317 5797 in
1349 5758 1449 5798 suo
1469 5737 1678 5808 codice,
1717 5742 1810 5795 καὶ
1843 5742 1954 5805 τοῖς
1979 5741 2071 5794 ἐπὶ

508 5824 604 5849 τις
645 5825 765 5849 .nu,

507 5824 604 5876 της
629 5824 769 5861 οοον.

2250 5673 2327 5743 (5)
2371 5671 2522 5743 Apud
2561 5669 2825 5743 Sifnninm
2849 5683 2945 5737 pro
2983 5668 3182 5743 κρίσις,
3206 5666 3509 5738 judicium,
3565 5668 3744 5718 exstat

2180 5739 2430 5813 ικρυςσςξ
2452 5741 2652 5810 ﬂuxus,
2696 5740 2925 5794 fortasse
2960 5739 3180 5792 rectius.
