4088 6206
438 399 536 464 8111

1111 407 1652 470 ΕΧΡΟΞΓΓΙΟΝΙΞ
1694 411 1775 471 IN
1816 413 2005 472 ACTA
2045 415 2350 477 TEXTUS
2382 420 2653 481 ALTER.
2694 448 2756 457 --
2783 414 2943 486 CAP.
2987 427 3062 486 ll.

3599 433 3702 496 862

453 517 769 586 Ἐπλήρωσε
831 517 923 571 τὸν
979 519 1159 589 χορὸν,
1219 521 1310 574 καὶ
1344 522 1618 591 ἀπήρτισε
1667 522 1768 592 τὴν
1791 523 1943 587 τάξιν
1987 523 2015 575 ὁ

2131 523 2178 577 51
2229 526 2414 591 enim,
2464 529 2555 582 ubi
2608 545 2786 600 neque
2837 535 3014 585 018110
3065 534 3262 599 (iebat,
3316 552 3491 607 neque
3543 538 3701 610 probi

439 609 796 680 ἀναδειχθείς.
850 613 941 664 Δεῖ
968 613 1148 666 τοίνυν
1185 615 1278 667 τὸν
1318 615 1671 686 κ).ηρωθέντα
1727 616 1818 667 τὸν
1854 615 2019 668 τόπον

441 704 603 774 ἔχειν,
642 704 700 757 δι)
729 705 1040 778 ἐκληρώθη,
1085 709 1176 761 καὶ
1215 710 1292 780 μὴ
1333 709 1769 772 κατασκευάζειν
1795 708 1969 777 ἐαυτῷ
2001 725 2016 740 °

439 796 502 848 ού
532 796 640 865 γὰρ
677 797 743 850 ἂν
775 797 860 867 εἴη
894 798 1095 868 κλῆρος
1131 799 1292 853 τοῦτο
1311 816 1327 832 ο
1354 801 1491 870 μήτε
1521 801 1746 868 φεύγειν
1774 800 2014 853 δοθέντα.

440 887 504 941 El
544 889 650 958 γὰρ
675 889 741 942 τὰ
770 889 865 945 τοῦ
906 890 1110 961 κλήρου
1144 890 1331 962 κύρια,
1377 891 1558 961 πολλῷ
1595 892 1795 961 μᾶλλον
1834 892 1898 944 τὰ
1925 889 2018 942 τοῦ

441 981 599 1045 Θεοῦ,
634 984 765 1035 ὅταν
797 986 824 1037 ὁ
845 985 977 1047 Θεὸς
1005 984 1285 1054 κληρώσῃ.
1317 985 1486 1037 Δεῖδέ
1515 985 1610 1037 καὶ
1648 984 1739 1036 τὸν
1764 982 2022 1036 ποιοῦντα

441 1075 815 1142 ἀπροσπαθῶν
846 1077 865 1107 ²
888 1073 1082 1130 ποιεῖν.
1108 1076 1278 1128 Τοῦτο
1309 1075 1416 1144 γὰρ
1444 1076 1664 1145 κλῆρος,
1707 1075 1780 1143 μὴ
1805 1075 1863 1126 ὃν
1895 1073 2021 1142 βού-

441 1163 591 1215 λεται
614 1163 794 1227 αὐτὸς,
827 1163 944 1216 ἀλλ’
999 1165 1058 1217 ὃν
1089 1167 1121 1234 ή
1157 1167 1317 1234 χάρις
1367 1164 1602 1217 δίδωσιν.
1627 1163 1772 1225 Ἕως
1806 1163 1902 1230 μὲν
1930 1161 2022 1215 οῦν

442 1255 758 1324 Πνεύματος
775 1257 991 1326 ἄμοιροι
1008 1253 1148 1327 ἦσαν
1173 1259 1223 1309 οἱ
1243 1255 1554 1320 ἀπόστολοι,
1579 1257 1764 1324 κλήρῳ
1788 1255 1854 1307 τὰ
1881 1254 1991 1323 πρά
2012 1283 2022 1294 ο

441 1364 628 1414 γματα
667 1347 968 1417 ἐπέτρεπον
997 1365 1009 1379 ο
1061 1348 1292 1418 ὕστερον
1346 1348 1404 1400 δὲ
1446 1349 1537 1400 καὶ
1579 1347 1656 1414 τῷ
1685 1346 1899 1413 πλήθει,
1929 1347 2024 1398 καὶ

439 1438 504 1504 τῇ
541 1437 718 1506 οἰκεία
747 1437 952 1507 χάριτι.
985 1436 1206 1507 Ἐπειδὴ
1238 1436 1294 1490 δὲ
1333 1436 1547 1489 πολλῶν
1606 1437 1776 1489 ὄντων
1816 1437 2022 1499 πάντας

439 1526 773 1596 κληροῦσθαι
799 1530 900 1582 οὐκ
928 1529 1032 1596 ἐνι,
1066 1530 1292 1593 εἰκότως
1319 1530 1385 1582 ἐκ
1410 1527 1623 1582 πολλῶν
1646 1528 1864 1596 ὀλίγους
1897 1527 2020 1579 ἐπιο

441 1615 731 1685 λεγόμεθα.

2121 626 2275 668 erant
2318 617 2567 673 homines
2615 625 2694 690 (nt
2731 639 2894 691 super
2927 624 3109 695 Jona).
3140 627 3299 696 196
3357 631 3492 682 adeo
3520 640 3701 686 tamen

2125 719 2248 760 sors
2296 709 2501 772 valuit,
2550 714 2695 780 quod
2741 724 2888 767 recta
2940 719 3247 772 intentione
3297 721 3482 788 ﬁeret;
3534 726 3705 778 multo

2124 799 2298 868 magis
2333 799 2421 853 hic
2457 803 2653 856 merito
2688 807 2916 874 replevit
2946 811 3198 873 elmrnm,
3227 821 3279 865 et
3310 813 3556 867 ordinem
3587 831 3706 882 per-

2124 887 2274 953 fecit,
2308 891 2402 959 qui
2433 893 2533 947 hac
2565 896 2781 951 ratione
2816 909 3151 954 monstratus
3183 903 3302 957 fuit.
3338 903 3520 969 Quare
3543 922 3707 973 opor-

2125 988 2199 1033 tet
2248 997 2692 1056 unumquemque
2745 998 2928 1046 tenere
2995 995 3207 1059 locum,
3259 1013 3420 1065 quem
3475 1000 3704 1053 sortitus

2125 1079 2240 1138 est,
2281 1089 2344 1129 ac
2378 1093 2476 1133 nec
2497 1082 2598 1134 sibi
2631 1099 2929 1150 procurare
2979 1087 3109 1149 (non
3133 1089 3277 1140 enim
3312 1104 3433 1144 sors
3459 1089 3509 1143 id
3537 1091 3702 1159 esset}

2128 1180 2228 1218 nec
2272 1167 2524 1238 refugere
2556 1190 2702 1241 eum,
2735 1179 2826 1247 qui
2857 1179 3017 1232 datus
3052 1188 3154 1233 est.
3189 1179 3245 1233 Si
3281 1182 3425 1234 cnim
3464 1190 3576 1240 rata
3610 1184 3706 1236 ba-

2126 1254 2324 1312 bentur
2345 1299 2358 1323 ,
2408 1277 2528 1330 quae
2561 1275 2690 1320 sunt
2717 1284 2746 1321 a
2787 1278 2958 1335 sorte,
2986 1270 3157 1324 multo
3194 1272 3364 1339 magis
3386 1289 3507 1341 qua:
3535 1287 3561 1324 a
3599 1272 3706 1324 Deo

2129 1358 2279 1413 ευηῐ,
2317 1366 2412 1405 seu
2445 1369 2567 1408 cum
2609 1359 2748 1413 licus
2778 1361 2948 1431 eligit.
2986 1363 3222 1417 Necesse
3257 1380 3386 1416 vero
3421 1373 3525 1424 cst,
3565 1373 3622 1416 111
3652 1371 3706 1416 et

2128 1439 2195 1503 is,
2240 1442 2332 1510 qui
2381 1445 2564 1516 eligit,
2614 1450 2665 1504 id
2715 1453 2833 1506 sine
2868 1455 3104 1523 partium
3153 1455 3336 1508 studio
3382 1457 3565 1508 faciat.
3613 1454 3705 1508 Illa

2129 1534 2273 1586 enim
2317 1551 2440 1591 vera
2465 1555 2588 1596 sors
2618 1552 2720 1608 est,
2752 1561 2860 1599 non
2899 1562 3060 1615 quam
3099 1548 3212 1600 vult
3245 1548 3384 1615 ipse.
3416 1545 3506 1599 sed
3542 1561 3703 1614 quam

2132 1623 2304 1690 81³118
2339 1629 2672 1686 IIIOderatnr.
2707 1637 2950 1704 Apostoli
2987 1641 3169 1706 igitur,
3209 1647 3500 1705 antequam
3534 1636 3706 1702 Spiri-

444 1723 558 1766 tnm
585 1721 830 1766 sani-tum
867 1712 1194 1781 reciperent,
1231 1720 1382 1766 sorte
1416 1714 1632 1781 negotia
1670 1709 2128 1764 administrabant
2157 1731 2172 1768 :
2206 1727 2390 1784 postea
2453 1739 2581 1778 νο,νο
2619 1736 2670 1779 οι
2709 1728 3092 1789 "nmmunne’
3165 1738 3218 1782 ει
3288 1727 3508 1797 propria
3580 1733 3708 1794 gm-

444 1811 538 1862 t'a.
591 1807 859 1873 Quoniam
906 1821 1074 1874 vero,
1123 1809 1350 1878 quando
1399 1805 1555 1860 multi
1601 1816 1730 1860 sunt
1759 1845 1775 1870 ,
1835 1819 2028 1860 omnes
2065 1819 2212 1863 sorte
2237 1816 2485 1884 accipere
2520 1835 2627 1874 non
2661 1823 2808 1885 licet,
2841 1823 2968 1877 hinc
3000 1832 3144 1877 recte
3177 1839 3242 1877 ex
3320 1822 3506 1876 multis
3572 1837 3706 1891 pan-

448 1917 546 1958 cos
580 1901 881 1968 seligimu‘s.

1047 1991 1302 2046 ΚΕΦΑΛ.
1343 1988 1420 2044 Γ.

443 2085 582 2153 Περὶ
614 2082 725 2152 τῆς
763 2085 928 2150 θείας
968 2085 1076 2139 τοῦ
1105 2086 1278 2155 ἁγίου
1322 2085 1668 2155 Πνεύματος
1724 2076 2026 2150 ἐπιφοιτή-

513 2194 672 2244 σεως
704 2176 780 2246 τῇ
817 2176 1008 2247 ἡμέρᾳ
1037 2176 1164 2247 ’τῆς
1213 2177 1646 2250 Πεντηκοστῆς
1699 2174 2027 2248 γενομένης

517 2271 602 2338 εις
631 2269 773 2336 τοὺς
801 2269 1207 2337 ἀποστόλους.

822 2360 1082 2430 Κυριακὴ
1107 2363 1209 2428 τῆς
1252 2358 1657 2432 Πεντηκοστῆς.

1042 2450 1435 2516 KEIMENON.

517 2543 624 2598 Καὶ
653 2545 712 2598 ἐν
737 2543 816 2614 τῷ
850 2543 1304 2614 συμπληροῦσθαι
1331 2544 1430 2614 τήν
1461 2543 1677 2614 ἡμέραν
1693 2544 1794 2613 τῆς
1821 2545 2026 2610 Πεντη·

447 2640 674 2708 κοστῆς,
710 2631 849 2708 ἦσαν
891 2636 1130 2699 ἅπαντες
1163 2636 1213 2690 οἱ
1244 2636 1534 2691 ἀπόστολοι
1564 2636 1910 2707 ὁμοθυμαδὸν
1935 2636 2028 2688 ἐπὶ

449 2728 509 2782 τὺ
539 2728 690 2781 αὑτό.
722 2728 834 2780 Καὶ
875 2728 1094 2797 ἐγένετο
1153 2727 1310 2798 ἄφνω
1356 2730 1420 2782 ἐκ
1452 2727 1547 2782 τοῦ
1601 2729 1833 2800 ούρανοῦ
1870 2723 2023 2797 ἦχος,

449 2819 639 2889 ὥσπερ
692 2820 1001 2890 φερομένης
1053 2822 1221 2889 πνοῆς
1273 2817 1475 2888 βιαίας.
1543 2821 1655 2874 Καὶ
1711 2818 2028 2890 ἐπλήρωσεν

449 2911 571 2965 ὅλον
603 2911 696 2964 τὸν
744 2909 890 2964 οἷκον
950 2903 1011 2964 οῦ
1039 2907 1178 2983 ἦσαν
1225 2913 1550 2984 καθήμενοι.
1618 2913 1726 2965 Καὶ
1766 2911 2028 2979 ὤφθησαν

452 3007 634 3069 αὐτοῖς
657 3003 1100 3076 διαμεριζόμενοι
1125 3006 1370 3074 γλῶσσαι
1394 3006 1524 3059 ὡσεὶ
1553 3006 1742 3076 πυρός.
1773 3005 2026 3058 Ἐκάθισέ

452 3117 510 3154 τε
554 3103 637 3168 ἐφ’
668 3100 765 3153 ἕνα
797 3101 1030 3153 ἕκαστον
1065 3099 1266 3153 αὐτῶν.
1307 3100 1420 3152 Καὶ
1471 3099 1825 3168 ἐπλήσθησαν
1856 3100 2028 3152 ἅπαν-

452 3210 543 3254 τες
577 3191 894 3260 Πνεύματος
929 3191 1108 3258 ἁγίου,
1164 3189 1259 3242 καὶ
1309 3189 1544 3259 ἤρξαντο
1593 3189 1778 3240 λαλεῖν
1808 3188 2026 3256 ἑτέραις

451 3285 747 3352 γλώσσαις,
785 3281 966 3343 καθὼς
991 3281 1053 3334 τὸ
1081 3280 1304 3350 Πνεῦμα
1335 3279 1506 3332 ἐδίδου
1537 3279 1721 3340 αὐτοῖς
1744 3277 2027 3344 ἀποφθέγ-

450 3373 662 3442 γεσθαι.
695 3368 876 3426 ἿΙσαν
902 3371 958 3424 δέ
979 3373 1037 3424 ἐν
1074 3370 1436 3443 Ἰερουσαλὴμ
1479 3369 1856 3430 κατοικοῦντες
1887 3369 2024 3420 Ἰου-

449 3467 588 3521 δαῖοι
652 3465 844 3536 ἄνδρες
885 3463 1130 3526 εύλαῦεῖς
1187 3463 1296 3517 ἀπὸ
1339 3463 1539 3526 παντὸς
1575 3463 1762 3526 ἔθνους
1785 3462 1892 3512 τῶν
1924 3461 2027 3513 one

449 3559 542 3612 τὸν
569 3557 819 3628 οὐρανόν.
847 3556 1152 3626 Γενομένης
1183 3555 1237 3608 δὲ
1282 3557 1380 3625 τῆς
1403 3558 1585 3625 φωνῆς
1637 3556 1860 3623 ταύτης,
1905 3573 2031 3608 συν-

452 3647 654 3716 ἣλθε’τὸ
673 3646 893 3716 πλῆθος,
923 3647 1015 3698 καὶ
1042 3645 1329 3715 συνεχύθη,
1359 3646 1440 3698 ὅτι
1463 3645 1664 3716 ἤκουον
1689 3639 1770 3706 εἷς
1801 3644 2029 3707 ἕκαστος

454 3743 523 3811 τῇ
567 3739 672 3810 ίδὶᾳ
714 3738 979 3809 διαλέκτῳ
1038 3737 1342 3794 λαλούντων
1389 3739 1588 3792 αὐτῶν.
1629 3738 1942 3802 Ἐξίσταντο
1972 3737 2029 3789 δὲ

454 3833 676 3896 πάντες,
712 3831 810 3883 καὶ
832 3829 1140 3899 ἐθαύμαζον
1165 3829 1414 3896 λέγοντες
1434 3829 1571 3898 πρὸς
1600 3829 1864 3899 ἀλλήλους
1881 3845 1893 3858 ·
1915 3829 2029 3882 Οὐκ

458 3924 566 3977 ἰδοὺ
597 3923 797 3984 πάντες
821 3914 968 3974 οὗτοί
993 3923 1132 3974 εἰσιν
1164 3923 1214 3974 οί
1247 3921 1537 3984 λαλοῦντες
1567 3920 1836 3974 Γαλιλαῖοι
1861 3939 1876 3988 ;
1917 3921 2030 3974 Καὶ

455 4014 573 4077 πῶς
608 4016 770 4085 ήμεῖς
799 4013 1314 4084 ἀκούομενὲκαστος
1336 4016 1402 4084 τῇ
1442 4013 1548 4082 ίδξᾳ
1580 4013 1847 4082 διαλέκτῳ
1874 4013 2030 4082 ήμῶν

453 4109 512 4161 ἐν
614 4105 1021 4178 ἐγεννήθημεν;
1073 4106 1313 4176 Πάρθοι,
1353 4107 1449 4160 καὶ
1489 4107 1701 4175 Μῆδοι,
1742 4108 1837 4159 καὶ
1877 4107 2032 4159 Ἐλα-

457 4202 630 4270 μῖται,
689 4202 784 4254 καὶ
837 4201 886 4254 οἱ
953 4198 1338 4264 κατοικοῦντες
1386 4199 1486 4270 τὴν
1547 4200 2026 4270 Μεσοποταμίαν,

465 4293 724 4352 Ἰουδαίαν
749 4311 811 4346 τε
847 4293 942 4347 καὶ
997 4292 1418 4356 Καππαδοκίαν,
1467 4294 1668 4346 Πόντον
1697 4311 1757 4345 τε
1794 4293 1889 4346 καὶ
1933 4295 2032 4362 τὴν

465 4383 678 4446 Ἀσίαν,
702 4385 947 4456 Φρυγίαν
971 4401 1032 4437 τε
1078 4385 1173 4438 κα1⁵
1217 4384 1567 4454 Παμφυλίαν,
1608 4385 1904 4453 Δῐγυπτον,
1938 4384 2031 4436 καὶ

453 4477 525 4532 τὰ
550 4478 690 4548 μέρη
722 4478 820 4546 τῆς
848 4476 1054 4545 Λιϐύης
1087 4477 1187 4547 τῆς
1218 4477 1358 4530 κατὰ
1397 4478 1677 4549 Κυρήνην,
1711 4479 1806 4532 καὶ
1843 4479 2032 4548 ἐπιδη-

461 4567 689 4637 μοῦντες
755 4570 1048 4638 Ῥωμαῖοι,
1090 4569 1332 4621 Ἰουδαῖοί
1401 4586 1461 4621 τε
1505 4570 1599 4623 καὶ
1654 4552 2026 4640 προσήλυτοι,

456 4663 694 4732 Κρῆτες,

454 4758 572 4818 ταῖς
595 4757 891 4827 ἡμετέραις
917 4756 1196 4826 γλώσσαις
1218 4757 1285 4808 τὰ
1323 4757 1584 4826 μεγαλεῖα
1612 4757 1706 4811 τοῦ
1730 4757 1889 4812 Θεοῦ.

1054 4847 1436 4901 EPMHNEIA.

531 4938 809 5002 Τουτέστι,
839 4939 950 5011 [οὐ]
982 4939 1087 5011 πρὸ
1116 4939 1215 5008 τῆς
1249 4939 1649 5010 Πεντηκοστῆς,
1684 4939 1864 5013 [ἀλλὰ]
1899 4943 2027 5012 περὶ

460 5027 650 5090 αὐτὴν,
683 5029 756 5090 ὡς
781 5032 976 5094 εἰπεῖν,
1009 5032 1110 5101 τήν
1139 5032 1331 5102 ἑορτήν
1355 5031 1554 5084 ’.Ἔδει
1577 5032 1685 5102 γὰρ
1713 5035 1905 5104 ἑορτῆς
1938 5035 2029 5088 οὖ-

434 5184 435 5187 ‘
462 5133 561 5184 σης
600 5117 770 5169 ταῦτα
798 5121 1062 5184 γίνεσθαι,
1092 5120 1178 5174 ἵνα
1203 5122 1252 5173 οἱ
1281 5122 1546 5188 παρόντες
1575 5121 1654 5191 τῷ
1692 5125 1909 5195 σταυρῷ
1935 5125 2027 5178 τοῦ

458 5208 699 5278 Χριστοῦ
744 5212 906 5262 πάλιν
970 5212 1277 5265 καὶταῦτα
1333 5214 1534 5266 ἴδωσιν.
1580 5215 1796 5286 Ἐπειδὴ
1852 5219 2032 5271 τοίνυν

456 5297 514 5350 ιν
638 5297 822 5367 ἡμέρᾳ
851 5300 950 5368 τῆς
975 5300 1354 5369 Πεντηκοστῆς
1407 5301 1561 5372 ἐδόθη
1595 5305 1622 5355 ό
1658 5304 1822 5373 νόμος
1844 5309 1871 5359 ό
1927 5323 2029 5359 ’πα⁴

456 5388 631 5455 λαιὸς,
666 5390 786 5442 κατ’
814 5389 981 5459 αὐτὴν
1009 5390 1115 5442 ἔδει
1147 5391 1363 5459 δοθῆναι
1403 5393 1501 5460 τὴν
1533 5395 1625 5446 τοῦ
1661 5397 1817 5462 ἁγίου
1854 5400 2027 5452 Πνεύ-

459 5497 626 5549 ματος
658 5481 858 5550 χάρινο
912 5482 1006 5532 καὶ
1063 5479 1149 5532 ἵνα
1194 5481 1380 5551 δειχθῇ
1442 5484 1745 5554 ἀδιαίρετος
1779 5491 1810 5554 ή
1867 5490 2028 5558 φύσις

455 5574 554 5644 τῆς
579 5573 928 5634 ὑποστάσεως
947 5573 1048 5642 τῆς
1077 5571 1284 5642 θεῖκῆς,
1324 5576 1382 5627 ἐν
1413 5576 1619 5649 Παλαιᾷ
1651 5582 1743 5634 καὶ
1765 5583 1902 5652 Νέᾳ,
1936 5586 2028 5635 καὶ

454 5663 736 5735 διαφόροις
761 5665 972 5736 χρόνοις
995 5663 1123 5735 μίαν
1183 5666 1525 5738 ἐργαζομένη
1561 5672 1658 5729 τὴν
1710 5677 2032 5742 συμφωνίαν

743 4664 837 4714 καὶ
871 4661 1134 4729 Ἀρασες,
1159 4661 1434 4731 ἀκούομεν
1488 4661 1794 4716 λαλούντων
1851 4664 2030 4716 αὐτῶν
2067 4669 2108 4723 ι)

2713 1998 2942 2054 CAPUT
2983 1997 3074 2056 111.

2131 2085 2207 2141 De
2239 2088 2416 2142 divino
2470 2090 2704 2159 Spiritu:
2761 2095 2942 2146 sancti
3003 2096 3058 2146 1η
3132 2095 3402 2164 apostolos
3452 2093 3704 2148 descensu

2684 2182 2772 2235 die
2803 2181 3154 2238 I’emecosles.

2579 2350 2860 2407 Dominica
2893 2353 3260 2409 Pentecostes.

2759 2458 3060 2512 TEXTUS.

2202 2551 2265 2614 11,
2297 2552 2446 2605 1-11.
2480 2551 2542 2604 Et
2572 2567 2694 2604 cum
2735 2551 3280 2621 coinplerrnturtlies
3311 2549 3666 2606 Pentecostes
3687 2590 3703 2614 ,

2131 2653 2288 2698 erant
2333 2660 2521 2697 (11111108
2561 2645 2764 2712 pariter
2798 2644 2848 2697 in
2881 2643 3070 2698 eodem
3110 2643 3251 2698 loco.
3297 2641 3362 2695 Et
3401 2640 3578 2696 factus
3625 2650 3708 2694 est

2132 2745 2356 2804 repente
2375 2735 2440 2787 de
2469 2737 2609 2788 111110
2628 2745 3090 2804 sonns.tanqnam
3118 2733 3460 2789 advenientis
3482 2732 3709 2801 spiritus

2131 2825 2492 2887 vehementis,
2531 2836 2583 2878 et
2608 2827 2835 2889 replevit
2869 2835 3035 2878 totam
3066 2824 3287 2878 domum
3323 2823 3411 2878 ubi
3438 2832 3596 2876 erant
3619 2837 3707 2876 se-

2131 2918 2345 2972 dentes.
2375 2916 2439 2970 Et
2479 2931 2846 2986 apparuerunt
2889 2919 2996 2970 illis
3032 2916 3333 2987 dispertita:
3359 2916 3556 2984 lingua:
3589 2924 3709 2967 tan-

2131 3027 2295 3080 quam
2347 3012 2522 3077 ignis,
2571 3009 2820 3080 seditque
2866 3027 3029 3076 supra
3084 3010 3329 3078 singulos
3385 3023 3597 3062 eorum.
3644 3005 3710 3058 Et

2130 3103 2319 3170 repleti
2373 3111 2500 3156 sunt
2553 3116 2746 3156 onmes
2795 3102 3002 3170 Spiritu
3050 3110 3277 3160 sancto,
3327 3107 3382 3152 et
3427 3105 3710 3165 (111-1113111111

2131 3193 2280 3262 loqui
2318 3193 2484 3246 variis
2526 3193 2760 3262 linguis,
2808 3202 2970 3260 prout
3013 3191 3254 3260 Spiritus
3289 3196 3515 3242 sanctus
3543 3187 3710 3242 dabat

2130 3285 2313 3354 eloqui
2353 3285 2481 3340 illis.
2526 3285 2698 3339 Erant
2739 3295 2920 3337 autem
2957 3284 3009 3336 in
3049 3281 3360 3336 Jerusalem
3397 3280 3708 3334 habitantes

2129 3373 2326 3439 Judaei,
2367 3375 2468 3428 viri
2499 3374 2739 3444 religiosi
2770 3390 2834 3428 ex
2867 3375 3013 3427 omni
3050 3373 3271 3427 natione
3293 3387 3414 3442 quae
3439 3371 3542 3425 sub
3566 3371 3706 3425 coelo
3755 3396 3760 3401 ·

2129 3476 2236 3524 est.
2263 3468 2425 3521 Facta
2461 3467 2786 3521 autem-hac
2833 3482 2964 3521 voce.
3022 3466 3277 3520 convenit
3307 3463 3616 3528 multitudo,
3653 3471 3706 3518 et

2130 3569 2312 3614 mente
2336 3561 2566 3614 confusa
2603 3570 2718 3626 est,
2749 3560 3005 3628 quoniam
3038 3557 3298 3612 audiebat
3328 3555 3706 3624 unusquisque

2129 3654 2312 3724 lingua
2345 3669 2440 3707 sua
2469 3653 2592 3706 illos
2617 3655 2920 3721 loquentes.
2949 3650 3248 3720 Stupebant
3280 3659 3460 3703 autem
3519 3663 3708 3702 omnes

2131 3750 2185 3799 et
2219 3744 2592 3809 mirabantur,
2637 3743 2883 3797 dicentes
2914 3760 2926 3795 :
2964 3739 3155 3795 Nonne
3195 3755 3325 3794 ecce
3360 3755 3552 3793 omnes
3589 3739 3704 3800 isti,

2131 3835 2224 3906 qui
2266 3835 2594 3905 loquuntur,
2627 3833 2834 3888 Galilaji
2869 3832 3022 3887 sunt?
3063 3832 3126 3884 Et
3163 3831 3440 3898 quomodo
3470 3845 3570 3883 nos
3604 3845 3704 3881 an-

2131 3928 2375 3983 divimus
2409 3925 2789 3995 unusquisque
2819 3924 3055 3993 linguam
3090 3929 3357 3980 nostram,
3382 3921 3434 3972 in
3463 3934 3570 3987 qua
3595 3918 3707 3970 nati

2135 4019 2374 4076 smnus?
2403 4015 2590 4072 Parthi
2622 4057 2636 4081 ,
2665 4025 2718 4070 et
2749 4014 2915 4074 Medi.
2951 4022 3004 4067 et
3037 4012 3306 4073 Elamitze,
3341 4019 3395 4062 et
3427 4009 3519 4076 qui
3554 4008 3708 4061 babi-

2134 4124 2255 4172 tant
2343 4114 2832 4183 Mesopotamiam,
2880 4109 3122 4164 Judmam
3177 4115 3229 4161 et
3280 4102 3704 4174 Cappadociam,

2134 4209 2366 4262 Pontum
2441 4217 2492 4260 et
2541 4191 2782 4263 Asiam:
2821 4203 3110 4273 Phrygiam
3175 4206 3230 4251 et
3315 4192 3706 4262 Pamphyliam,

2133 4297 2428 4368 JEgyptnm
2466 4304 2519 4350 ct
2550 4304 2732 4366 partes
2769 4293 2948 4364 Libya:
2975 4307 3097 4362 qua:
3133 4298 3218 4344 est
3247 4290 3393 4342 circa
3433 4286 3705 4356 Cyrenen,

2135 4394 2188 4442 et
2211 4389 2434 4441 advena:
2468 4386 2718 4438 1101118111.
2752 4384 2922 4436 Judaei
2979 4397 3196 4451 quoque
3239 4388 3292 4434 et
3330 4377 3485 4447 197
3521 4391 3709 4444 prose-

2135 4477 2260 4548 lyti,
2292 4477 2509 4538 Cretes,
2553 4486 2607 4530 et
2663 4475 2870 4528 Arabes
2921 4492 2934 4528 :
2971 4473 3225 4527 audimus
3269 4485 3364 4526 cos
3428 4469 3711 4536 loquentes

2137 4571 2342 4628 nostris
2371 4570 2574 4640 linguis
2607 4568 2873 4639 :nagnalia
2917 4567 3030 4621 Dei.

2637 4835 3205 4895 COMMENTARIUS.

2214 4941 2326 4996 Hoc
2360 4948 2460 5001 est,
2494 4952 2600 4991 non
2633 4944 2758 4988 ante
2791 4951 2808 4984 1
2839 4933 3220 4994 Pentecostcn,
3276 4947 3294 4981 1
3332 4928 3424 4984 sed
3456 4928 3597 4984 circa
3624 4927 3712 4996 ip.

2141 5053 2280 5102 sam,
2317 5045 2375 5088 111
2404 5033 2477 5086 ita
2520 5030 2718 5091 dicam,
2749 5025 3124 5080 festivitatem.
3187 5021 3421 5076 Dccebat
3454 5024 3619 5081 enim,
3656 5030 3713 5071 nt

2143 5133 2245 5185 ista
2282 5127 2476 5182 festivo
2517 5132 2764 5191 tempore
2798 5119 3197 5188 contingerent,
3242 5124 3299 5169 nt
3368 5115 3460 5182 qui
3507 5110 3710 5166 Christi

2143 5217 2484 5277 crncitixioni
2531 5223 2826 5284 prmsentes
2878 5213 3111 5271 fuerant,
3147 5212 3252 5264 ista
3300 5218 3514 5276 quoque
3560 5201 3713 5253 vide-

2145 5322 2283 5368 rent.
2315 5308 2584 5377 Quoniam
2613 5308 2780 5377 igitur
2817 5305 2904 5360 die
2933 5303 3287 5359 Pentecosms
3321 5300 3400 5350 lex
3438 5303 3596 5348 vetns
3627 5299 3713 5346 est

2141 5407 2287 5468 data,
2315 5416 2618 5472 congruum
2657 5407 2798 5464 erat,
2833 5407 2888 5453 ut
2921 5396 3108 5450 eadem
3152 5392 3238 5444 die
3265 5388 3502 5454 Spiritus
3535 5385 3709 5440 sancti

2141 5499 2314 5569 gratia
2345 5497 2568 5550 daretur
2596 5510 2612 5546 :
2645 5508 2706 5546 ac
2735 5498 2995 5560 praetcrea
3029 5493 3085 5538 111
3133 5481 3326 5537 divina:
3357 5487 3548 5533 natura
3581 5479 3710 5569 sub-

2134 5566 2347 5644 stantiae
2374 5585 2756 5642 ostenderetur
2791 5579 3066 5634 indivisa:
3103 5574 3301 5644 quippe
3330 5586 3451 5640 quae
3503 5579 3613 5622 111111
3651 5566 3704 5620 111

2141 5678 2338 5743 Veteri,
2377 5688 2490 5732 tum
2526 5676 2577 5730 in
2609 5672 2759 5729 Novo
2797 5669 3044 5734 Ftedere,
3081 5682 3140 5722 ac
3167 5664 3400 5722 diversis
3449 5657 3709 5730 tempori-

1622 5791 1820 5852 Varice
1871 5794 2174 5859 lectiones
2221 5802 2278 5858 cl
2326 5801 2512 5855 110181.

525 5882 662 5938 ⁸111.
708 5884 1091 5957 ἀπροσπαθῶς.
1173 5886 1192 5917 ³
1221 5887 1618 5962 Πεντήκοστήν.
