4088 6206
372 396 481 460 863

374 612 608 660 centum.
625 597 1092 668 Quemadmodum
1113 598 1256 655 enim
1286 597 1536 653 Salvator
1553 606 1781 652 mortem
1807 598 1912 653 sub
1928 628 1941 638 -

373 695 572 760 iturus,
627 707 693 748 eo
743 700 987 761 tempore
1044 692 1155 763 pali
1226 691 1415 755 voluit,
1456 708 1566 762 quo
1607 707 1781 761 agnus
1828 708 1944 744 Ina-

373 787 511 842 ctari
542 793 598 841 et
622 784 804 841 oﬂ'erri
833 784 1064 851 solebat,
1093 792 1154 838 ut
1191 784 1297 853 ipsi
1319 793 1442 855 typo
1480 784 1829 853 coniungeret
1854 800 1937 834 vo-

376 881 631 945 ritatem;
677 877 759 933 sic
797 886 850 931 et
870 875 1119 945 Spiritus
1154 876 1330 930 sancti
1387 876 1656 929 adventus
1711 889 1799 935 eo,
1835 890 1944 942 quo

376 971 457 1024 lex
483 970 606 1024 data
636 975 743 1034 est,
766 976 1007 1037 tempore
1036 966 1293 1035 contigit.
1326 972 1387 1020 ut
1417 966 1590 1035 palam
1636 964 1812 1027 ﬁeret,
1834 964 1944 1018 sic-

310 1120 327 1143 ,
373 1062 451 1117 uti
490 1060 777 1116 Mosaicam
810 1060 982 1130 legem
1010 1099 1027 1125 ,
1079 1058 1152 1113 ita
1185 1066 1239 1115 et
1264 1057 1639 1128 Evangelicam
1675 1072 1705 1111 a
1737 1055 1941 1124 Spiritu

376 1161 568 1207 sancto
617 1166 759 1208 esse.
804 1150 972 1206 Recte
1024 1146 1205 1205 autem
1238 1168 1257 1201 ι
1293 1164 1490 1205 sonum
1538 1148 1607 1202 de
1654 1146 1797 1201 cmlo
1857 1147 1943 1201 fa-

377 1254 526 1299 ctum
559 1259 684 1301 esse
747 1262 766 1295 ι
820 1244 927 1308 ait;
985 1242 1424 1312 quandoquidem
1474 1249 1527 1296 et
1572 1256 1675 1295 vox
1746 1238 1837 1293 Dei
1889 1238 1943 1293 in

375 1344 557 1388 monte
578 1333 644 1391 de
670 1334 809 1388 coelo
848 1332 989 1387 facta
1034 1341 1117 1387 est
1149 1333 1232 1387 "z
1277 1341 1331 1388 et
1360 1341 1490 1387 tunc
1542 1351 1561 1383 ι
1601 1331 1741 1401 ignis
1775 1345 1943 1400 appa-

372 1427 482 1482 ruit
512 1427 553 1459 ιι
585 1445 604 1479 ι
639 1434 698 1481 ιιι
725 1427 888 1481 etiam
918 1426 1138 1496 antiqua
1170 1425 1306 1481 visio
1346 1424 1594 1483 etnndem
1653 1432 1705 1479 et
1733 1433 1861 1480 tunc
1890 1430 1944 1478 et

372 1518 536 1573 modo
598 1518 853 1574 advenire
909 1517 1330 1573 demonstraret.
1374 1534 1393 1567 ι
1425 1517 1706 1582 Tanquam
1737 1515 1878 1585 ignis
1919 1533 1937 1567 ι

373 1624 503 1664 vero
531 1609 625 1673 ait,
661 1609 841 1664 addita
900 1609 1112 1665 scilicet
1139 1608 1402 1674 particula
1436 1625 1455 1660 ι
1504 1615 1784 1677 tanquam,
1821 1624 1840 1658 ι
1878 1620 1944 1660 ne

374 1715 692 1769 corporeum
740 1699 1038 1768 quidquam
1069 1700 1135 1754 de
1185 1698 1391 1768 Spiritu
1425 1708 1613 1752 sancto
1673 1695 1942 1768 suspicari

371 1792 496 1859 quis
517 1796 719 1860 posset.
770 1791 859 1851 Ait
877 1790 1064 1851 etiam,
1102 1809 1120 1842 ι
1179 1796 1436 1858 tanquam
1481 1790 1752 1859 Spiritus:
1793 1807 1811 1839 ι
1850 1802 1945 1842 nc-

1287 389 1865 451 TIIEOPHYLACTI
1905 391 2316 452 BUI.GAR[.E
2359 392 2717 454 ARClllEP.

309 543 313 546 ~
373 513 498 575 bus,
536 508 834 580 perfectum
869 504 1034 561 edicit
1078 504 1388 561 divinorum
1435 504 1782 560 oraculorum
1814 520 1946 558 con-
1968 533 2021 597 Δ

3508 385 3612 450 864

2046 508 2153 562 τῶν
2184 506 2342 561 θείων
2376 508 2570 575 λόγων.
2608 507 2820 577 Ὠσπερ
2860 504 2967 576 γὰρ
2997 506 3026 558 ὁ
3054 504 3248 575 Σωτὴρ
3294 502 3504 575 μέλλων
3554 505 3617 557 τὸ

2051 600 2218 663 πάθος
2249 600 2538 663 ἐπιτελεῖν,
2570 599 2690 653 καθ’
2722 598 2781 651 ὃν
2814 598 3002 668 καιρὸν
3029 596 3219 650 ὶθύετο
3247 597 3307 649 τὸ
3343 596 3618 667 πρόϐατον

2048 692 2229 754 τοῦτο,
2263 694 2546 762 ἠνέσχετο,
2581 692 2667 745 ἵνα
2728 691 2806 761 τῷ
2861 690 3010 755 αὐτῷ
3058 690 3214 760 τύπῳ
3261 688 3477 761 συνάψῃ
3522 690 3619 759 τὴν

2050 784 2308 853 ἀλήθειαν
2333 801 2347 817 ο
2394 784 2537 837 οὕτω
2571 784 2667 837 καὶ
2706 786 2739 852 ἡ
2789 783 2888 836 τοῦ
2943 783 3103 851 ἁγίου
3154 781 3469 851 Πνεΰματος
3499 784 3619 835 ἐπες

2051 875 2324 944 φοίτησις,
2356 875 2477 928 καθ’
2502 874 2561 928 ὃν
2608 875 2799 944 καιρὸν
2826 874 2980 941 ἐδόθη
3005 875 3036 926 ὀ
3060 873 3222 941 νόμος
3262 872 3502 938 ἐγένετο,
3530 872 3620 924 ἵνα

2049 968 2258 1039 δειχθῇ,
2290 970 2371 1023 ὅτι
2409 969 2504 1022 καὶ
2536 968 2657 1022 τότε
2681 969 2777 1021 καὶ
2808 966 2903 1019 νῦν
2933 966 2994 1019 τδ
3021 966 3172 1032 ἅγιον
3198 962 3420 1034 Πνεῦμα
3459 980 3619 1030 νομο-

2052 1058 2216 1115 θετεῖ.
2248 1059 2443 1122 Καλῶς
2466 1060 2521 1114 δὲ
2551 1059 2648 1112 τὸν
2679 1056 2810 1129 ἦχον
2839 1060 2904 1110 ὲκ
2932 1058 3026 1112 τοῦ
3075 1056 3309 1126 οὐρανοῦ
3361 1054 3616 1122 γενέσθαι

2052 1152 2185 1222 φησί
2210 1167 2224 1182 ⁸
2256 1151 2444 1221 ἐπειδὴ
2469 1152 2563 1205 καὶ
2586 1152 2707 1204 τότε
2742 1152 2774 1219 ὴ
2808 1150 2959 1220 φωνὴ
2994 1148 3086 1201 τοῦ
3117 1146 3252 1200 Θεοῦ
3282 1148 3341 1202 ἒν
3366 1146 3444 1216 τῷ
3500 1148 3618 1218 δρει

2052 1246 2117 1298 ὲκ
2142 1243 2235 1297 τοῦ
2281 1242 2513 1313 οὐρανοῦ
2569 1241 2807 1307 ἐγένετο.
2843 1240 2938 1293 καὶ
2979 1238 3101 1292 τότε
3162 1255 3182 1288 ι
3211 1237 3322 1307 πῦρ
3367 1237 3559 1304 ἐφάνη,
3594 1256 3612 1286 ι

2052 1336 2138 1390 ἵνα
2168 1333 2533 1406 καὶήάρχαία
2556 1333 2676 1401 ὄψις
2706 1332 2856 1403 δείξῃ
2886 1330 3047 1384 αὐτὸν
3078 1329 3231 1389 Θεὸν,
3259 1329 3351 1381 καὶ
3381 1328 3500 1381 τότε
3525 1328 3619 1379 καὶ

2049 1429 2146 1482 νῦν
2173 1428 2621 1497 ὲπιφοιτὴσαντα.
2663 1443 2683 1477 ι
2725 1420 2866 1476 Ὠσεὶ
2898 1422 3066 1490 πυρὸς
3094 1441 3114 1474 ο
3153 1421 3228 1486 δὲ,
3281 1419 3447 1488 φησὶ.
3481 1418 3619 1488 μετὰ

2059 1520 2378 1590 προσθήκης
2404 1518 2522 1582 τοῦ,
2548 1518 2648 1583 ὡς,
2681 1518 2770 1571 ἵνα
2827 1516 2996 1587 μηδὲν
3051 1513 3316 1583 αἰσθητὸν
3343 1511 3474 1579 περὶ
3521 1510 3617 1563 τοῦ

2052 1612 2369 1682 [Ινεύματος
2397 1612 2591 1685 νομίσῃ
2626 1626 2741 1674 τις⁶
2781 1612 2875 1663 καὶ
2910 1630 2928 1662 ι
2968 1608 3101 1661 ὡσεὶ
3140 1606 3275 1676 πνοή
3305 1621 3321 1636 ·
3353 1624 3372 1657 ι
3409 1605 3471 1658 οὐ
3509 1604 3619 1674 γὰρ

2051 1700 2251 1770 ἄνεμος
2277 1695 2365 1771 ἦν.
2402 1718 2424 1752 t
2453 1699 2704 1754 Ἐκάθισέ
2759 1716 2820 1752 τε
2849 1737 2862 1759 ,
2894 1717 2913 1750 ι
2957 1697 3206 1751 τουτέστι
3262 1694 3618 1765 παρέμεινεν,

2053 1794 2493 1850 ἐπανεπαύσατο.
2543 1794 2618 1847 Τὸ
2655 1794 2769 1863 γὰρ
2818 1790 3043 1847 καθίσαι
3093 1788 3191 1843 τοῦ
3232 1786 3446 1858 ἑδραίου
3504 1785 3619 1838 ἐστὶ

376 1898 480 1952 que
510 1883 653 1937 enim
703 1888 895 1935 ventus
934 1887 1073 1935 erat.
1133 1898 1152 1931 ι
1209 1878 1486 1949 Seditque,
1521 1885 1658 1936 ihoc
1711 1892 1795 1937 cst
1825 1899 1945 1952 per-

2052 1885 2407 1955 σημαντικδν,
2467 1885 2562 1938 καὶ
2596 1883 2690 1937 τοῦ
2732 1883 2934 1952 μεῖναι.
2965 1880 3079 1934 Οὐκ
3113 1879 3206 1933 ἐπὶ
3254 1878 3381 1940 τοὺς
3413 1874 3619 1930 δώδεκα

376 1975 595 2039 mansit,
634 1973 920 2044 requievit.
961 1992 980 2024 ι
1043 1972 1244 2028 Sedere
1286 1992 1305 2026 ι
1354 1974 1497 2028 enim
1555 1974 1866 2030 tirmitatem
1892 1983 1947 2030 et

379 2067 811 2143 permanentiam
845 2066 1088 2122 denotat.
1113 2065 1230 2120 Non
1263 2074 1442 2121 autem
1473 2082 1634 2136 supra
1657 2066 1945 2121 duodecim

378 2166 609 2220 tantum,
648 2158 741 2212 scd
790 2156 956 2211 etiam
1010 2172 1176 2228 supra
1216 2157 1564 2227 septuaginta
1622 2158 1944 2227 discipulos,

376 2244 506 2313 quin
563 2258 728 2310 supra
759 2243 1005 2313 singulos
1068 2262 1088 2297 ι
1152 2254 1373 2300 centum
1422 2245 1610 2316 v’ginti
1649 2263 1668 2298 ›
1706 2246 1947 2316 Spiritus

376 2342 599 2389 sanctus
630 2334 1126 2405 resedit..Congrue
1185 2350 1316 2391 vero
1356 2349 1463 2390 non
1496 2336 1549 2390 in
1579 2351 1694 2401 ore,
1732 2336 1825 2392 sed
1854 2353 1947 2391 su-

377 2441 473 2494 pra
507 2434 668 2495 caput
700 2426 911 2493 linguas
936 2436 1294 2497 receperunt;
1340 2442 1446 2481 non
1480 2429 1626 2482 enim
1683 2429 1736 2481 in
1772 2437 1937 2482 natu-

376 2518 491 2571 rale
545 2532 810 2588 organum
864 2517 1083 2575 infusus
1147 2528 1234 2573 est
1288 2518 1556 2589 Spiritus;
1607 2535 1677 2575 ne
1714 2536 1778 2575 et
1817 2536 1946 2589 pro-

375 2607 495 2676 prio
517 2621 612 2659 ore
638 2621 722 2668 ea,
758 2622 879 2676 quae
914 2622 1022 2662 non
1059 2608 1350 2673 habebant,
1386 2625 1443 2665 se
1477 2609 1721 2679 proferre
1759 2611 1948 2666 existi-

376 2706 608 2750 marent.
648 2695 776 2762 Sed,
811 2697 954 2752 sicut
981 2713 1122 2768 aqua
1180 2714 1212 2754 e
1238 2701 1378 2754 cmlo
1432 2700 1656 2755 veniens
1685 2700 1750 2754 ad
1794 2717 1950 2755 mon-

381 2788 519 2843 tium
560 2789 795 2858 primum
844 2792 1159 2857 cacumina,
1208 2801 1263 2846 et
1295 2793 1492 2849 exinde
1557 2794 1611 2848 in
1672 2794 1949 2865 subiectas

378 2880 547 2935 valles
578 2880 854 2947 defertur;
885 2882 986 2948 sic,
1022 2882 1282 2938 verticem
1306 2882 1455 2939 velut
1480 2893 1720 2939 montem
1752 2900 1949 2952 quem-

376 2974 499 3023 dam
531 2972 711 3024 statim
744 2986 1018 3041 occupans
1056 2970 1291 3041 Spiritus
1321 2973 1495 3027 sancti
1528 2975 1725 3043 gratia,
1755 2973 1952 3029 deinde

376 3076 440 3113 cx
475 3062 649 3126 capite
688 3062 741 3114 in
774 3063 1076 3125 cerebrum,
1110 3076 1173 3114 ac
1220 3072 1407 3131 postea
1433 3063 1486 3116 in
1513 3077 1576 3118 os
1625 3073 1680 3117 et
1743 3077 1841 3117 cor
1887 3078 1948 3118 se

375 3150 624 3215 eﬂ'nndit,
650 3158 932 3218 totumque
977 3151 1275 3217 hominem,
1307 3160 1525 3221 sumpto
1556 3167 1586 3205 a
1635 3152 1817 3220 capite
1843 3152 1950 3205 ini-

2051 1978 2235 2048 μόνον,
2267 1976 2404 2032 ἀλλὰ
2441 1976 2537 2030 καὶ
2566 1977 2656 2029 ἐπὶ
2682 1976 2807 2038 τοὺς
2824 1974 3215 2044 ἑϐδομήκοντα,
3248 1970 3342 2025 καὶ
3377 1972 3470 2022 ἐπὶ
3505 1968 3615 2024 si}:

2056 2089 2076 2122 ‹
2102 2070 2296 2124 έκατδν
2316 2070 2486 2123 εἰκοσι
2509 2088 2528 2121 ι
2563 2069 2622 2122 τὸ
2649 2067 2876 2135 Πνεῦμα
2908 2064 3347 2122 ineundum-ro.
3383 2062 3495 2115 οὐκ
3528 2059 3620 2113 ἐπὶ

2049 2160 2145 2215 τοῦ
2177 2161 2446 2231 στόματος
2498 2159 2556 2212 δὲ
2589 2158 2838 2225 ἐδέξαντο
2952 2156 3052 2221 τὰς
3088 2154 3360 2224 γλώσσας,
3387 2153 3501 2207 ἀλλ’
3528 2153 3620 2204 ἐπὶ

2046 2250 2146 2321 τῆς
2178 2248 2421 2319 κεφαλῆς
2445 2248 2726 2311 ἐἰκότως.
2765 2247 2839 2300 Οὐ
2883 2246 2991 2315 γὰρ
3034 2245 3113 2306 είς
3164 2242 3344 2310 τὸτῆς
3408 2240 3620 2308 φύσεως

2047 2340 2281 2409 ὄργανον
2315 2337 2465 2407 ἐδόθη
2518 2337 2577 2391 τὸ
2630 2336 2872 2407 Πνεῦμα,
2913 2336 3002 2390 ἵνα
3056 2335 3131 2403 μὴ
3187 2331 3514 2401 νομισθῶσιν
3556 2331 3619 2381 ἐκ

2046 2429 2141 2483 τοῦ
2185 2428 2315 2482 ίδίου
2370 2427 2637 2498 στόματος
2701 2426 3000 2496 προφέρειν
3052 2423 3087 2478 ἃ
3144 2422 3217 2492 μὴ
3263 2417 3428 2489 εἶχον.
3479 2417 3618 2470 'AZJ.‘

2048 2519 2237 2591 ὥσπερ
2286 2521 2315 2573 ὀ
2351 2519 2462 2589 ἀὴρ
2511 2518 2530 2551 ⁸
2562 2518 2622 2583 ἐξ
2676 2516 2907 2587 οὐρανοῦ
2966 2515 3059 2568 ἐπὶ
3113 2513 3211 2577 τὰς
3240 2510 3481 2582 κορυφὰς
3510 2510 3619 2564 τῶν

2048 2612 2218 2682 ὀρέων
2248 2610 2639 2680 καταφέρεται,
2672 2610 2763 2662 καὶ
2792 2607 2900 2660 ἀπὸ
2924 2605 3031 2659 τῶν
3077 2604 3388 2686 ὑψωμάξων
3411 2602 3500 2654 ἐπὶ
3521 2602 3621 2661 τὰς

2050 2703 2348 2771 φάραγγας
2377 2716 2391 2729 ’
2417 2697 2564 2753 οὕτω
2598 2699 2699 2767 τὴν
2731 2697 2974 2769 κορυφὴν
3027 2695 3104 2761 ὡς
3157 2695 3282 2765 ὅρος
3342 2693 3622 2759 καταλαμ-

2050 2793 2291 2848 ϐάνουσα
2347 2794 2381 2862 ἠ
2440 2790 2536 2844 τοῦ
2595 2789 2909 2859 Πνέυματος
2978 2787 3160 2857 χάρις,
3211 2786 3622 2856 ἐπιχορηγεῖται

2049 2885 2238 2939 λοιπον
2267 2884 2376 2939 ἀπὸ
2404 2882 2504 2952 τῆς
2530 2882 2771 2951 κεφαλῆς
2791 2881 2869 2950 τῷ
2904 2880 3215 2949 ἐγκεφάλῳ,
3241 2873 3361 2931 εἶτα
3390 2877 3469 2947 τῷ
3496 2878 3589 2929 στό

2054 2994 2185 3048 ματι
2217 2977 2310 3031 καὶ
2344 2978 2409 3048 τῇ
2438 2974 2658 3047 καρδίᾳ,
2687 2974 2780 3028 καὶ
2806 2974 2927 3027 ὅλον
2952 2972 3018 3026 δι’
3046 2971 3168 3026 ὅλου
3196 2971 3287 3024 τὸν
3338 2970 3622 3037 ἄνθρωπον

2053 3067 2371 3137 ἐπλήρωσεν
2398 3066 2506 3120 ἀπὸ
2535 3067 2634 3136 τῆς
2672 3064 2930 3135 κεφαλῆς.
2975 3062 3183 3125 ’Δλλως
3211 3078 3292 3114 τε·
3322 3059 3542 3128 Ἐπειδὴ
3569 3060 3620 3111 oi

2051 3158 2338 3212 ἀπόστολοι
2365 3154 2798 3227 ἐχειροτονοῦντο
2829 3155 2930 3223 τῆς
2989 3151 3314 3222 οἰκουμένης
3366 3149 3622 3202 διδάσκα-

378 3243 476 3305 tio,
505 3239 691 3309 replet.
727 3240 898 3295 Aliter
932 3242 1240 3307 :Qnoniam
1279 3242 1510 3311 apostoli
1541 3242 1708 3297 totius
1754 3244 1943 3298 mundi

2051 3250 2169 3316 λοι,
2196 3247 2501 3320 χειροτονία
2546 3247 2604 3301 δὲ
2637 3247 2813 3309 ἄλλως
2854 3247 2914 3298 οὐ
2939 3245 3173 3313 γίνεται.
3200 3245 3250 3297 εί
3305 3243 3381 3312 μὴ
3431 3244 3489 3295 ὲν
3551 3242 3618 3311 τῇ

377 3333 632 3388 doctores
654 3331 1051 3387 ordinabantnr
1071 3370 1087 3395 ,
1114 3332 1389 3388 ordinatio
1418 3339 1601 3388 autem
1632 3347 1738 3386 non
1761 3332 1942 3397 aliter,

378 3438 541 3503 quam
573 3438 737 3493 supra
774 3431 934 3492 caput
966 3422 1060 3490 lit;
1095 3436 1337 3492 congrue
1382 3422 1486 3494 ipsi
1529 3422 1743 3493 linguas
1772 3438 1942 3494 supra

378 3525 539 3585 caput
570 3524 914 3585 receperunt.
950 3533 971 3568 ι
1007 3514 1169 3570 Erant
1209 3525 1391 3571 autem
1452 3514 1505 3571 in
1550 3513 1879 3571 Jerusalem.
1917 3535 1936 3569 ι

383 3606 450 3665 Ut
506 3607 842 3671 ostenderet,
903 3606 1278 3664 confusionem
1332 3608 1586 3663 atimore
1641 3616 1696 3661 et
1733 3616 1948 3677 specta-

380 3701 487 3756 culi
523 3699 765 3755 novi'ate
822 3714 942 3755 esse
992 3708 1193 3762 ortam,
1231 3700 1308 3754 ait
1339 3718 1354 3755 :
1388 3718 1408 3753 ι
1443 3698 1667 3757 Conlnsi
1722 3709 1854 3755 sunt
1878 3700 1947 3755 ti-

381 3809 552 3849 more.
580 3812 599 3846 ι
644 3792 707 3847 Ει
733 3792 951 3863 quidem
977 3792 1191 3847 merito.
1221 3790 1496 3848 Putabant
1523 3792 1668 3847 enim
1703 3791 1946 3861 ipsorum

384 3884 547 3953 198
579 3884 806 3943 exitium
842 3899 955 3938 rem
986 3884 1145 3939 istam
1190 3883 1514 3955 portendere
1566 3884 1637 3937 ob
1665 3883 1839 3939 audax
1871 3884 1950 3937 fa-

379 3975 558 4039 cinus,
594 3973 735 4043 quod
799 3982 990 4027 contra
1067 3972 1343 4027 Christum
1423 3979 1724 4043 patrarant.
1784 3970 1951 4042 igitur

381 4065 721 4122 conscientia
774 4065 1018 4134 ipsormn
1072 4064 1284 4120 animas
1350 4065 1725 4129 concutiebat,
1804 4065 1949 4132 quod

387 4172 581 4213 recens
605 4158 786 4213 adhuc
824 4167 969 4213 esset
998 4156 1052 4212 in
1095 4156 1344 4216 manibus
1394 4171 1583 4212 corum
1651 4156 1823 4215 cmdes
1847 4156 1952 4209 Do-

384 4250 561 4304 mini:
595 4265 766 4320 quare
822 4250 969 4320 ipsos
1017 4249 1198 4304 onmia
1262 4249 1555 4312 terrebant,
1608 4263 1670 4302 ac
1724 4247 1950 4319 pavidos

382 4338 730 4410 trepidosque
762 4341 1078 4395 reddebant.
1114 4358 1133 4391 ι
1185 4338 1456 4408 Quoniam
1486 4339 1741 4393 audiebat
1778 4355 1948 4394 unus-

2049 3340 2259 3410 κεφαλῇ
2280 3338 2531 3402 ἐἰκότως
2558 3337 2651 3391 ἐπὶ
2666 3337 2765 3407 τῆς
2789 3355 2851 3391 κε
2862 3338 3028 3406 φαλῆς
3054 3337 3300 3404 ἐδέξαντο
3319 3335 3418 3391 τὰς
3436 3334 3620 3403 γλώσ-

2052 3450 2168 3495 σας.
2201 3428 2412 3486 ιἾισαν
2436 3431 2493 3486 δὲ
2522 3431 2580 3485 ὲν
2624 3429 3034 3502 Ἰερουσααμδ
3063 3430 3181 3483 Ἵνα
3220 3428 3386 3499 δείξῃ,
3418 3428 3499 3482 ὅτι
3527 3425 3623 3496 τὴν

2064 3526 2328 3595 σύγχυσιν
2355 3523 2651 3594 είργάσατο
2675 3524 2703 3576 ὁ
2735 3522 2918 3592 φόϐος,
2960 3521 3055 3575 καὶ
3083 3521 3145 3574 τὸ
3179 3518 3326 3585 ξένον
3372 3517 3467 3573 τοῦ
3500 3518 3625 3571 θεά-

2051 3615 2436 3687 ματοςδλέγεν
2473 3613 2882 3683 ιΣυνεχύθησαν
2908 3612 2983 3682 τῷ
3009 3612 3177 3684 φαίδιμ’
3205 3632 3223 3663 ι
3258 3611 3350 3664 καὶ
3380 3610 3620 3670 εἰκότως.

2065 3708 2346 3777 Ἐνόμιζον
2378 3707 2484 3776 γὰρ
2523 3704 2704 3759 αὐτῶν
2754 3703 2908 3766 τέλος
2954 3702 3101 3773 ἔχειν
3132 3702 3191 3755 τδ
3247 3704 3502 3770 πρᾶγμα,
3537 3698 3625 3752 διὲ

2052 3801 2152 3870 τὴν
2179 3800 2480 3869 γενομένην
2507 3797 2714 3865 τόλμαν
2747 3796 2889 3851 κατᾶ
2933 3795 3027 3850 τοῦ
3078 3794 3340 3865 Χριστοῦ.
3393 3791 3467 3847 To
3518 3797 3625 3862 γὰρ

2055 3892 2297 3955 συνειδὸς
2324 3890 2639 3945 κατέσεισεν
2670 3890 2691 3922 ⁸
2716 3889 2897 3943 αὐτῶν
2927 3888 3024 3953 τὰς
3077 3887 3278 3960 ψυχὰς,
3331 3886 3389 3941 ὲν
3416 3878 3625 3956 ’χερσῖν

2053 3984 2134 4037 ἔτι
2157 3983 2325 4054 οὔσης
2353 3982 2452 4052 τῆς
2486 3980 2724 4051 σφαγῆς,
2749 3981 2843 4035 καὶ
2873 3980 3047 4037 πάντα
3073 3978 3266 4041 αὐτοὺς
3297 3978 3501 4036 ὲπτόει.
3529 3974 3626 4029 καὶ

2054 4075 2263 4138 δειλοὺς
2307 4075 2401 4127 καὶ
2451 4073 2864 4145 πεφοϐημένους
2912 4072 3105 4126 ἐποίει.
3145 4090 3164 4124 ι
3193 4071 3315 4123 Ὀτι
3366 4068 3619 4139 ἤκουον.»

2055 4164 2264 4220 Τούτου
2295 4164 2461 4236 χάριν
2486 4163 2592 4236 πρὸ
2630 4163 2741 4217 τῶν
2791 4161 2966 4218 ἄλλων
3022 4160 3378 4235 χαρισμάτων
3424 4158 3486 4210 τὸ
3519 4155 3625 4210 τῶν

2055 4257 2316 4326 γλωσσῶν
2365 4256 2557 4313 ἔλαϐον
2595 4257 2643 4308 oi
2702 4254 3032 4316 ἀπόστολοι.
3098 4252 3288 4320 ἐπειδὴ
3348 4248 3621 4318 πανταχοῦ

2054 4347 2362 4423 διέρχεσθαι
2396 4346 2643 4417 ἔμελλον.
2691 4346 2798 4399 Καὶ
2848 4344 3034 4417 ὥσπερ
3078 4345 3134 4400 ἐν
3178 4344 3253 4413 τῷ
3298 4340 3474 4412 καιρῷ
3527 4339 3625 4409 τῆς

382 4430 637 4499 quiSque.
671 4449 690 4482 ι
732 4429 938 4486 Idcirco
966 4438 1092 4486 ante
1140 4441 1334 4485 canem
1378 4430 1683 4498 linguarum
1748 4430 1945 4484 donum

2058 4439 2429 4511 πυργοποιίας
2483 4440 2516 4508 ἠ
2579 4438 2675 4507 μία
2706 4436 2923 4504 γλῶττα
2976 4438 3053 4498 εἰς
3088 4434 3286 4497 πολλὰς
3316 4432 3622 4501 διενέμετο·

382 4531 713 4591 acceperunt
746 4524 1003 4593 apostoli,
1030 4523 1162 4593 qnla
1205 4523 1272 4576 ad
1321 4523 1504 4576 omnia
1560 4522 1675 4576 loca
1703 4536 1762 4577 se
1819 4537 1945 4574 coir-

2058 4533 2199 4586 οὕτω
2222 4531 2343 4585 τότε
2370 4531 2427 4584 αἱ
2444 4530 2635 4585 πολλαὶ
2660 4528 2900 4598 γλῶσσαι
2921 4529 2997 4595 εἰς
3025 4528 3124 4582 ἕνα
3146 4527 3431 4594 ἄνθρωπον
3455 4526 3624 4578 ἵεσαν·

382 4572 841 4669 ferrerdebehanrt.
879 4614 944 4667 Et
974 4572 1163 4679 sie-uti,
1186 4615 1352 4668 turris
1388 4612 1653 4668 Bahelica:
1685 4623 1943 4683 tempore,

2058 4620 2152 4675 xui.
2178 4622 2204 4672 6
2234 4617 2397 4680 αὐτὸς
2450 4619 2548 4673 καὶ
2600 4572 2682 4689 ’τῇ⁸
2710 4572 3014 4688 Ῥωμαίων,
3038 4617 3131 4671 καὶ
3157 4618 3234 4687 [cf]
3266 4615 3513 4684 Περσῶν,
3536 4612 3631 4665 καὶ

384 4715 513 4768 una,
540 4718 659 4772 qua:
691 4714 822 4758 tunc
864 4714 984 4759 erat
1011 4705 1192 4776 lingua
1216 4706 1269 4760 in
1303 4706 1500 4761 multas
1526 4706 1703 4762 divisa
1725 4717 1844 4772 cst;
1874 4706 1945 4760 ita

2061 4714 2127 4781 τῇ
2159 4710 2359 4776 Ἰνδῶν,
2387 4710 2480 4764 καὶ
2512 4710 2728 4780 ἑτέραις
2759 4709 2980 4773 πολλαῖς
3013 4708 3283 4777 διελέγετο
3326 4705 3623 4774 γλώσσαις,

383 4808 530 4849 ιιιιιιο
564 4795 744 4850 multa:
765 4796 1034 4867 linguaein
1056 4813 1221 4853 unum
1246 4798 1518 4854 hominen
1547 4800 1942 4861 conﬂuxerunt,

2060 4801 2374 4872 Πνεύματος
2408 4800 2728 4870 ἑνηχοῦντος
2776 4801 2962 4865 αὑτὸν,
2992 4801 3085 4855 καὶ
3114 4800 3176 4852 τὸ
3209 4799 3453 4868 χάρισμα
3500 4797 3628 4845 ἐκα-

383 4894 445 4940 ιιι
472 4885 612 4941 idem
644 4886 760 4954 ipse
783 4897 836 4943 et
858 4888 1068 4952 Latine.
1100 4900 1153 4945 et
1176 4889 1408 4952 Persice,
1438 4891 1709 4954 ctlndicc.
1746 4900 1800 4946 ct
1827 4891 1945 4945 aliis

2054 4891 2198 4946 λείτο
2233 4911 2250 4945 ι
2289 4891 2579 4966 [χάρισμα]
2603 4891 2887 4959 γλωσσῶν,
2917 4911 2936 4944 ι
2976 4888 3163 4961 ἐπειδὴ
3190 4888 3451 4959 ἠδύναντο
3501 4883 3633 4939 πολε

385 4978 640 5047 plurimis
668 4978 887 5049 linguis,
916 4982 1120 5051 Spiritu
1171 4993 1363 5039 saneto
1417 4985 1565 5039 intus
1622 4984 1944 5048 insonante,

2055 4984 2177 5046 λαῖς
2207 4984 2391 5037 λαλεῖν
2418 4986 2645 5052 φωναῖς.

381 5081 745 5145 ιυιιιιειεῑιιτε
810 5075 953 5131 unde
1007 5077 1108 5133 hoe
1164 5080 1365 5133 donmn
1413 5099 1430 5130 ι
1473 5082 1774 5150 linguarum
1834 5080 2037 5135 donum
2075 5100 2094 5134 ι
2136 5081 2454 5145 vocabatur,
2493 5080 2618 5147 quia
2677 5078 2864 5158 multis
2904 5077 3105 5150 linguis
3166 5076 3312 5147 loqui
3354 5082 3623 5146 poterant.

632 5168 786 5224 Feria
819 5171 974 5226 tertia
1019 5172 1122 5226 heh
1144 5172 1370 5227 lomadtc
1399 5173 1696 5229 Paschalis.

2437 5174 2515 5243 Τῇ
2550 5170 2597 5241 Υ
2656 5172 2757 5242 τῆς
2780 5170 3238 5242 Διακαινησίμου.

601 5259 746 5316 Petri
765 5263 864 5318 Ιιαι·
893 5266 956 5317 de
986 5280 1039 5318 re
1064 5264 1341 5318 instructio
1360 5280 1425 5319 ex
1450 5263 1736 5334 prophetis.

2057 5266 2281 5334 Πέτρου
2302 5263 2636 5334 κατήχησις
2652 5262 2787 5331 περὶ
2811 5263 3028 5318 τούτου
3053 5263 3121 5317 ἐκ
3138 5261 3258 5317 τῶν
3281 5257 3628 5330 προφητῶν.

1019 5378 1319 5434 ΤΕΧΤυδ.
2620 5374 2794 5429 ΚΕΙΜ
2805 5374 3012 5429 ΕΝΟΝ.

457 5473 525 5537 ll,
551 5474 737 5529 ΙΞ-ΞΙ.
773 5474 1073 5544 Stupebant
1103 5482 1284 5527 autem
1318 5486 1509 5525 onmes
1539 5478 1594 5526 et
1612 5470 1945 5526 mirabantur

2130 5469 2443 5536 Ἐξίσταντο
2471 5468 2527 5520 δὲ
2570 5468 2770 5529 πάντες
2819 5469 2913 5519 καὶ
2938 5467 3250 5537 διηπόρουν,
3293 5465 3451 5531 ἄλλος
3493 5464 3629 5534 πρὸς

391 5565 457 5618 ad
485 5566 710 5619 invicem
740 5564 985 5620 dicentes
1034 5581 1048 5617 :
1074 5563 1341 5630 Quidnam
1367 5563 1479 5616 vult
1507 5563 1612 5618 hoe
1651 5561 1816 5618 esse?
1842 5560 1945 5616 Alii

2060 5562 2217 5618 ἄλλον
2251 5561 2523 5630 λέγοντες*
2555 5559 2621 5614 Τί
2651 5558 2718 5614 ἂν
2749 5559 2892 5613 θέλοι
2924 5559 3080 5615 τοῦτο
3103 5556 3275 5625 εἷναις
3317 5559 3533 5629 Ἐτιροι
3571 5556 3629 5610 δὲ

459 5683 502 5713 ’⁸
542 5680 879 5745 ΜοιιΙι.ιιίι,
904 5681 955 5736 5.
993 5680 1031 5713 ⁸⁸
1058 5681 1223 5735 Exod.
1256 5696 1337 5746 ιιι,
1360 5681 1415 5733 ‘2.

1534 5766 1756 5834 W'arim
1797 5770 2101 5834 lectiones
2146 5780 2201 5833 et
2247 5775 2431 5831 notio.

472 5869 491 5899 ‘
523 5869 581 5921 τὺ
620 5868 781 5937 ὕδωρ.
856 5873 875 5902 ³
910 5870 1205 5927 κατέσειεν.
