  <div class='ocr_page' id='page_1' title='image "/cluster/home/n/w/nwhite01/storage/ocr_20150623/125/hvd.32044073502429/468.png"; bbox 0 0 4088 6206; ppageno 0'>
   <div class='ocr_carea' id='block_1_1' title="bbox 423 220 531 285">
    <p class='ocr_par' dir='ltr' id='par_1_1' title="bbox 423 220 531 285">
     <span class='ocr_line' id='line_1_1' title="bbox 423 220 531 285; baseline 0 0"><span class='ocrx_word' id='word_1_1' title='bbox 423 220 531 285; x_wconf 78' lang='grc' dir='ltr'><strong>8όὸ</strong></span> 
     </span>
    </p>
   </div>
   <div class='ocr_carea' id='block_1_2' title="bbox 1063 211 3023 286">
    <p class='ocr_par' dir='ltr' id='par_1_2' title="bbox 1063 211 3023 286">
     <span class='ocr_line' id='line_1_2' title="bbox 1063 211 3023 286; baseline 0.002 -3"><span class='ocrx_word' id='word_1_2' title='bbox 1063 219 1601 283; x_wconf 74' lang='lat' dir='ltr'><strong>EXPOSlTlONIS</strong></span> <span class='ocrx_word' id='word_1_3' title='bbox 1636 218 1716 278; x_wconf 86' lang='lat' dir='ltr'><strong>1N</strong></span> <span class='ocrx_word' id='word_1_4' title='bbox 1755 217 1944 278; x_wconf 72' lang='lat' dir='ltr'><strong>ACTA</strong></span> <span class='ocrx_word' id='word_1_5' title='bbox 1982 211 2284 278; x_wconf 75' lang='lat' dir='ltr'><strong>TEXTUS</strong></span> <span class='ocrx_word' id='word_1_6' title='bbox 2324 219 2597 281; x_wconf 76' lang='lat' dir='ltr'><strong>ALTER.</strong></span> <span class='ocrx_word' id='word_1_7' title='bbox 2652 242 2715 258; x_wconf 65' lang='grc' dir='ltr'><strong>-έ</strong></span> <span class='ocrx_word' id='word_1_8' title='bbox 2745 223 2902 285; x_wconf 79' lang='lat' dir='ltr'><strong>CAP.</strong></span> <span class='ocrx_word' id='word_1_9' title='bbox 2938 224 3023 286; x_wconf 86' lang='lat' dir='ltr'><strong>II.</strong></span> 
     </span>
    </p>
   </div>
   <div class='ocr_carea' id='block_1_3' title="bbox 3568 229 3676 294">
    <p class='ocr_par' dir='ltr' id='par_1_3' title="bbox 3568 229 3676 294">
     <span class='ocr_line' id='line_1_3' title="bbox 3568 229 3676 294; baseline 0.037 -4"><span class='ocrx_word' id='word_1_10' title='bbox 3568 229 3676 294; x_wconf 87' lang='lat'><strong>866</strong></span> 
     </span>
    </p>
   </div>
   <div class='ocr_carea' id='block_1_4' title="bbox 423 326 2001 404">
    <p class='ocr_par' dir='ltr' id='par_1_4' title="bbox 423 326 1995 402">
     <span class='ocr_line' id='line_1_4' title="bbox 423 326 1995 402; baseline -0.004 -17"><span class='ocrx_word' id='word_1_11' title='bbox 423 330 774 402; x_wconf 67' lang='grc' dir='ltr'><strong>χλευάζοντες</strong></span> <span class='ocrx_word' id='word_1_12' title='bbox 817 330 1002 400; x_wconf 82' lang='grc' dir='ltr'>ἔλεγον</span> <span class='ocrx_word' id='word_1_13' title='bbox 1029 372 1045 397; x_wconf 85' lang='grc'><strong>,</strong></span> <span class='ocrx_word' id='word_1_14' title='bbox 1101 332 1184 384; x_wconf 82' lang='grc' dir='ltr'>ὅτι</span> <span class='ocrx_word' id='word_1_15' title='bbox 1255 328 1522 393; x_wconf 77' lang='grc' dir='ltr'><strong>Γλεύκους</strong></span> <span class='ocrx_word' id='word_1_16' title='bbox 1584 326 1995 400; x_wconf 75' lang='grc' dir='ltr'><strong>μεμεστωμένοι</strong></span> 
     </span>
    </p>
   </div>
   <div class='ocr_carea' id='block_1_5' title="bbox 2105 326 3663 404">
    <p class='ocr_par' dir='ltr' id='par_1_5' title="bbox 2105 327 3663 404">
     <span class='ocr_line' id='line_1_5' title="bbox 2105 327 3663 404; baseline 0.007 -22"><span class='ocrx_word' id='word_1_17' title='bbox 2105 337 2279 383; x_wconf 87' lang='lat' dir='ltr'><strong>autem</strong></span> <span class='ocrx_word' id='word_1_18' title='bbox 2309 327 2606 385; x_wconf 72' lang='lat' dir='ltr'><strong>irridentes</strong></span> <span class='ocrx_word' id='word_1_19' title='bbox 2641 330 2891 384; x_wconf 77' lang='lat' dir='ltr'><strong>dicebant</strong></span> <span class='ocrx_word' id='word_1_20' title='bbox 2925 329 3093 400; x_wconf 77' lang='lat' dir='ltr'><strong>:qu&#39;ra</strong></span> <span class='ocrx_word' id='word_1_21' title='bbox 3134 330 3310 388; x_wconf 83' lang='lat' dir='ltr'><strong>Musto</strong></span> <span class='ocrx_word' id='word_1_22' title='bbox 3346 333 3490 404; x_wconf 89' lang='lat' dir='ltr'><strong>pleni</strong></span> <span class='ocrx_word' id='word_1_23' title='bbox 3516 346 3663 394; x_wconf 84' lang='lat' dir='ltr'><strong>sunt.</strong></span> 
     </span>
    </p>
   </div>
   <div class='ocr_carea' id='block_1_6' title="bbox 425 417 1993 491">
    <p class='ocr_par' dir='ltr' id='par_1_6' title="bbox 425 417 1993 491">
     <span class='ocr_line' id='line_1_6' title="bbox 425 417 1993 491; baseline -0.006 -12"><span class='ocrx_word' id='word_1_24' title='bbox 425 425 550 479; x_wconf 87' lang='grc' dir='ltr'>εἰσί.</span> <span class='ocrx_word' id='word_1_25' title='bbox 584 422 803 486; x_wconf 74' lang='grc' dir='ltr'>Σταθεὶς</span> <span class='ocrx_word' id='word_1_26' title='bbox 850 423 908 476; x_wconf 82' lang='grc' dir='ltr'>δὲ</span> <span class='ocrx_word' id='word_1_27' title='bbox 938 424 966 475; x_wconf 85' lang='grc' dir='ltr'>ὁ</span> <span class='ocrx_word' id='word_1_28' title='bbox 1003 423 1205 491; x_wconf 77' lang='grc' dir='ltr'><strong>Πέτρος</strong></span> <span class='ocrx_word' id='word_1_29' title='bbox 1236 421 1334 474; x_wconf 68' lang='grc' dir='ltr'><strong>σὺν</strong></span> <span class='ocrx_word' id='word_1_30' title='bbox 1371 421 1487 483; x_wconf 86' lang='grc' dir='ltr'>τοῖς</span> <span class='ocrx_word' id='word_1_31' title='bbox 1544 418 1758 483; x_wconf 72' lang='grc' dir='ltr'>ἕνδεκα,</span> <span class='ocrx_word' id='word_1_32' title='bbox 1819 417 1993 487; x_wconf 73' lang='grc' dir='ltr'>ἐπῆρε</span> 
     </span>
    </p>
   </div>
   <div class='ocr_carea' id='block_1_7' title="bbox 2098 417 3669 481">
    <p class='ocr_par' dir='ltr' id='par_1_7' title="bbox 2098 417 3669 481">
     <span class='ocr_line' id='line_1_7' title="bbox 2098 417 3669 481; baseline 0.004 -7"><span class='ocrx_word' id='word_1_33' title='bbox 2098 418 2263 476; x_wconf 91' lang='lat' dir='ltr'><strong>Stans</strong></span> <span class='ocrx_word' id='word_1_34' title='bbox 2307 428 2493 477; x_wconf 75' lang='lat' dir='ltr'><strong>autem</strong></span> <span class='ocrx_word' id='word_1_35' title='bbox 2541 417 2737 475; x_wconf 77' lang='lat' dir='ltr'><strong>Petrus</strong></span> <span class='ocrx_word' id='word_1_36' title='bbox 2772 434 2894 474; x_wconf 70' lang='lat' dir='ltr'><strong>eum</strong></span> <span class='ocrx_word' id='word_1_37' title='bbox 2924 422 3175 476; x_wconf 75' lang='lat' dir='ltr'><strong>undecim</strong></span> <span class='ocrx_word' id='word_1_38' title='bbox 3229 423 3427 478; x_wconf 86' lang='lat' dir='ltr'><strong>levavit</strong></span> <span class='ocrx_word' id='word_1_39' title='bbox 3486 436 3669 481; x_wconf 84' lang='lat' dir='ltr'><strong>vocent</strong></span> 
     </span>
    </p>
   </div>
   <div class='ocr_carea' id='block_1_8' title="bbox 425 507 2001 584">
    <p class='ocr_par' dir='ltr' id='par_1_8' title="bbox 425 507 1995 584">
     <span class='ocr_line' id='line_1_8' title="bbox 425 507 1995 584; baseline -0.005 -18"><span class='ocrx_word' id='word_1_40' title='bbox 425 515 524 584; x_wconf 78' lang='grc' dir='ltr'>τὴν</span> <span class='ocrx_word' id='word_1_41' title='bbox 553 511 738 583; x_wconf 84' lang='grc' dir='ltr'>φωνὴν</span> <span class='ocrx_word' id='word_1_42' title='bbox 771 510 938 565; x_wconf 82' lang='grc' dir='ltr'>αὐτοῦ</span> <span class='ocrx_word' id='word_1_43' title='bbox 970 511 1065 564; x_wconf 77' lang='grc' dir='ltr'><strong>καὶ</strong></span> <span class='ocrx_word' id='word_1_44' title='bbox 1096 508 1476 579; x_wconf 74' lang='grc' dir='ltr'><strong>ἀπεφθέγξατο</strong></span> <span class='ocrx_word' id='word_1_45' title='bbox 1504 508 1688 571; x_wconf 77' lang='grc' dir='ltr'>αὐτοῖς</span> <span class='ocrx_word' id='word_1_46' title='bbox 1712 522 1725 537; x_wconf 76' lang='grc'><strong><em>⁸</em></strong></span> <span class='ocrx_word' id='word_1_47' title='bbox 1769 507 1995 578; x_wconf 76' lang='grc' dir='ltr'>’Ἄνδρες</span> 
     </span>
    </p>
   </div>
   <div class='ocr_carea' id='block_1_9' title="bbox 2105 507 3673 584">
    <p class='ocr_par' dir='ltr' id='par_1_9' title="bbox 2105 511 3673 583">
     <span class='ocr_line' id='line_1_9' title="bbox 2105 511 3673 583; baseline 0.004 -17"><span class='ocrx_word' id='word_1_48' title='bbox 2105 527 2272 575; x_wconf 82' lang='lat' dir='ltr'><strong>suam,</strong></span> <span class='ocrx_word' id='word_1_49' title='bbox 2300 522 2359 569; x_wconf 77' lang='lat' dir='ltr'><strong>et</strong></span> <span class='ocrx_word' id='word_1_50' title='bbox 2383 515 2599 567; x_wconf 83' lang='lat' dir='ltr'><strong>locutus</strong></span> <span class='ocrx_word' id='word_1_51' title='bbox 2621 514 2833 567; x_wconf 86' lang='lat' dir='ltr'><strong>esteis:</strong></span> <span class='ocrx_word' id='word_1_52' title='bbox 2863 511 3186 578; x_wconf 66' lang='lat' dir='ltr'><strong>ViriJudzsi,</strong></span> <span class='ocrx_word' id='word_1_53' title='bbox 3218 521 3271 567; x_wconf 85' lang='lat' dir='ltr'><strong>et</strong></span> <span class='ocrx_word' id='word_1_54' title='bbox 3304 514 3394 583; x_wconf 83' lang='lat' dir='ltr'><strong>q‘ni</strong></span> <span class='ocrx_word' id='word_1_55' title='bbox 3416 514 3673 573; x_wconf 75' lang='lat' dir='ltr'><strong>habitatis</strong></span> 
     </span>
    </p>
   </div>
   <div class='ocr_carea' id='block_1_10' title="bbox 427 600 1994 671">
    <p class='ocr_par' dir='ltr' id='par_1_10' title="bbox 427 600 1994 671">
     <span class='ocr_line' id='line_1_10' title="bbox 427 600 1994 671; baseline -0.003 -15"><span class='ocrx_word' id='word_1_56' title='bbox 427 603 671 657; x_wconf 80' lang='grc' dir='ltr'>Ἰουδαῖοι</span> <span class='ocrx_word' id='word_1_57' title='bbox 699 603 796 655; x_wconf 73' lang='grc' dir='ltr'>καὶ</span> <span class='ocrx_word' id='word_1_58' title='bbox 814 604 863 655; x_wconf 83' lang='grc' dir='ltr'>οί</span> <span class='ocrx_word' id='word_1_59' title='bbox 894 601 1276 665; x_wconf 75' lang='grc' dir='ltr'>κατοικοῦντες</span> <span class='ocrx_word' id='word_1_60' title='bbox 1324 600 1682 671; x_wconf 74' lang='grc' dir='ltr'>Ἰερουσαλὴμ</span> <span class='ocrx_word' id='word_1_61' title='bbox 1733 600 1994 664; x_wconf 75' lang='grc' dir='ltr'>ἅπαντες,</span> 
     </span>
    </p>
   </div>
   <div class='ocr_carea' id='block_1_11' title="bbox 425 688 1997 763">
    <p class='ocr_par' dir='ltr' id='par_1_11' title="bbox 425 688 1997 763">
     <span class='ocr_line' id='line_1_11' title="bbox 425 688 1997 763; baseline -0.003 -17"><span class='ocrx_word' id='word_1_62' title='bbox 425 694 581 747; x_wconf 83' lang='grc' dir='ltr'>τοῦτο</span> <span class='ocrx_word' id='word_1_63' title='bbox 620 692 750 763; x_wconf 78' lang='grc' dir='ltr'>ὑμῖν</span> <span class='ocrx_word' id='word_1_64' title='bbox 782 693 1023 762; x_wconf 74' lang='grc' dir='ltr'>γνωστὸν</span> <span class='ocrx_word' id='word_1_65' title='bbox 1051 690 1212 760; x_wconf 78' lang='grc' dir='ltr'>ἔστω,</span> <span class='ocrx_word' id='word_1_66' title='bbox 1243 692 1337 745; x_wconf 74' lang='grc' dir='ltr'>καὶ</span> <span class='ocrx_word' id='word_1_67' title='bbox 1370 691 1699 744; x_wconf 76' lang='grc' dir='ltr'><strong>ἐνωτίσασθε</strong></span> <span class='ocrx_word' id='word_1_68' title='bbox 1723 690 1794 743; x_wconf 77' lang='grc' dir='ltr'>τὰ</span> <span class='ocrx_word' id='word_1_69' title='bbox 1820 688 1997 762; x_wconf 77' lang='grc' dir='ltr'>ῥήμα-</span> 
     </span>
    </p>
   </div>
   <div class='ocr_carea' id='block_1_12' title="bbox 426 776 2001 857">
    <p class='ocr_par' dir='ltr' id='par_1_12' title="bbox 426 776 2001 857">
     <span class='ocr_line' id='line_1_12' title="bbox 426 776 2001 857; baseline -0.002 -17"><span class='ocrx_word' id='word_1_70' title='bbox 426 786 495 840; x_wconf 77' lang='grc' dir='ltr'>τά</span> <span class='ocrx_word' id='word_1_71' title='bbox 544 803 668 857; x_wconf 90' lang='grc' dir='ltr'>μου.</span> <span class='ocrx_word' id='word_1_72' title='bbox 702 786 777 839; x_wconf 80' lang='grc' dir='ltr'><strong>Οὐ</strong></span> <span class='ocrx_word' id='word_1_73' title='bbox 834 785 965 856; x_wconf 82' lang='grc' dir='ltr'>γὰρ,</span> <span class='ocrx_word' id='word_1_74' title='bbox 1024 784 1101 847; x_wconf 86' lang='grc' dir='ltr'>ὼς</span> <span class='ocrx_word' id='word_1_75' title='bbox 1156 784 1316 852; x_wconf 78' lang='grc' dir='ltr'>ὑμεῖς</span> <span class='ocrx_word' id='word_1_76' title='bbox 1352 782 1792 853; x_wconf 78' lang='grc' dir='ltr'>ὑπολαμϐάνετε,</span> <span class='ocrx_word' id='word_1_77' title='bbox 1849 776 2001 837; x_wconf 71' lang='grc' dir='ltr'>οὗτοι</span> 
     </span>
    </p>
   </div>
   <div class='ocr_carea' id='block_1_13' title="bbox 429 874 2000 946">
    <p class='ocr_par' dir='ltr' id='par_1_13' title="bbox 429 874 2000 946">
     <span class='ocr_line' id='line_1_13' title="bbox 429 874 2000 946; baseline 0.001 -18"><span class='ocrx_word' id='word_1_78' title='bbox 429 876 719 945; x_wconf 80' lang='grc' dir='ltr'><strong>μεθύουσιν</strong></span> <span class='ocrx_word' id='word_1_79' title='bbox 743 893 758 907; x_wconf 92' lang='grc'><strong>·</strong></span> <span class='ocrx_word' id='word_1_80' title='bbox 794 876 910 929; x_wconf 75' lang='grc' dir='ltr'>ἔστι</span> <span class='ocrx_word' id='word_1_81' title='bbox 936 876 1044 946; x_wconf 78' lang='grc' dir='ltr'><strong>γὰρ</strong></span> <span class='ocrx_word' id='word_1_82' title='bbox 1078 874 1196 946; x_wconf 80' lang='grc' dir='ltr'>ὥρα</span> <span class='ocrx_word' id='word_1_83' title='bbox 1232 875 1388 945; x_wconf 83' lang='grc' dir='ltr'>τρίτη</span> <span class='ocrx_word' id='word_1_84' title='bbox 1418 875 1516 944; x_wconf 86' lang='grc' dir='ltr'>τῆς</span> <span class='ocrx_word' id='word_1_85' title='bbox 1571 875 1784 945; x_wconf 77' lang='grc' dir='ltr'>ἡμέρας</span> <span class='ocrx_word' id='word_1_86' title='bbox 1812 891 1825 905; x_wconf 76' lang='grc'>³</span> <span class='ocrx_word' id='word_1_87' title='bbox 1858 874 2000 930; x_wconf 76' lang='grc' dir='ltr'>ἀλλὰ</span> 
     </span>
    </p>
   </div>
   <div class='ocr_carea' id='block_1_14' title="bbox 424 965 2002 1039">
    <p class='ocr_par' dir='ltr' id='par_1_14' title="bbox 424 965 2002 1039">
     <span class='ocr_line' id='line_1_14' title="bbox 424 965 2002 1039; baseline -0.001 -18"><span class='ocrx_word' id='word_1_88' title='bbox 424 968 582 1022; x_wconf 76' lang='grc' dir='ltr'>τοῦτό</span> <span class='ocrx_word' id='word_1_89' title='bbox 614 971 732 1022; x_wconf 75' lang='grc' dir='ltr'>ἐστι</span> <span class='ocrx_word' id='word_1_90' title='bbox 770 969 832 1021; x_wconf 80' lang='grc' dir='ltr'><strong>τὸ</strong></span> <span class='ocrx_word' id='word_1_91' title='bbox 878 967 1169 1037; x_wconf 74' lang='grc' dir='ltr'><strong>εἰρημένον</strong></span> <span class='ocrx_word' id='word_1_92' title='bbox 1221 966 1311 1020; x_wconf 77' lang='grc' dir='ltr'>διὰ</span> <span class='ocrx_word' id='word_1_93' title='bbox 1338 965 1433 1019; x_wconf 81' lang='grc' dir='ltr'><strong>τοῦ</strong></span> <span class='ocrx_word' id='word_1_94' title='bbox 1483 968 1760 1037; x_wconf 75' lang='grc' dir='ltr'>προφήτου</span> <span class='ocrx_word' id='word_1_95' title='bbox 1806 966 2002 1039; x_wconf 81' lang='grc' dir='ltr'>Ἰωήλ’</span> 
     </span>
    </p>
   </div>
   <div class='ocr_carea' id='block_1_15' title="bbox 435 1058 2002 1131">
    <p class='ocr_par' dir='ltr' id='par_1_15' title="bbox 435 1058 2002 1131">
     <span class='ocr_line' id='line_1_15' title="bbox 435 1058 2002 1131; baseline 0.001 -20"><span class='ocrx_word' id='word_1_96' title='bbox 435 1062 576 1113; x_wconf 75' lang='grc' dir='ltr'><strong>«Καὶ</strong></span> <span class='ocrx_word' id='word_1_97' title='bbox 596 1058 749 1112; x_wconf 73' lang='grc' dir='ltr'>ἔσται</span> <span class='ocrx_word' id='word_1_98' title='bbox 782 1058 921 1129; x_wconf 81' lang='grc' dir='ltr'><strong>μετὰ</strong></span> <span class='ocrx_word' id='word_1_99' title='bbox 961 1058 1132 1113; x_wconf 83' lang='grc' dir='ltr'>ταῦτα</span> <span class='ocrx_word' id='word_1_100' title='bbox 1183 1060 1241 1110; x_wconf 78' lang='grc' dir='ltr'><strong>ὲν</strong></span> <span class='ocrx_word' id='word_1_101' title='bbox 1295 1060 1414 1120; x_wconf 83' lang='grc' dir='ltr'>ταῖς</span> <span class='ocrx_word' id='word_1_102' title='bbox 1449 1058 1710 1126; x_wconf 73' lang='grc' dir='ltr'>ἐσχάταις</span> <span class='ocrx_word' id='word_1_103' title='bbox 1746 1060 2002 1131; x_wconf 76' lang='grc' dir='ltr'><strong>ἡμέραις,</strong></span> 
     </span>
    </p>
   </div>
   <div class='ocr_carea' id='block_1_16' title="bbox 425 1134 2003 1221">
    <p class='ocr_par' dir='ltr' id='par_1_16' title="bbox 425 1134 2003 1221">
     <span class='ocr_line' id='line_1_16' title="bbox 425 1134 2003 1221; baseline 0.001 -17"><span class='ocrx_word' id='word_1_104' title='bbox 425 1152 575 1221; x_wconf 79' lang='grc' dir='ltr'>λέγει</span> <span class='ocrx_word' id='word_1_105' title='bbox 605 1151 633 1203; x_wconf 81' lang='grc' dir='ltr'><strong>ὁ</strong></span> <span class='ocrx_word' id='word_1_106' title='bbox 659 1150 813 1217; x_wconf 74' lang='grc' dir='ltr'>Θεὸς,</span> <span class='ocrx_word' id='word_1_107' title='bbox 866 1151 1041 1221; x_wconf 82' lang='grc' dir='ltr'>ἐκχεῶ</span> <span class='ocrx_word' id='word_1_108' title='bbox 1104 1151 1215 1203; x_wconf 76' lang='grc' dir='ltr'><strong>ἀπὸ</strong></span> <span class='ocrx_word' id='word_1_109' title='bbox 1268 1134 1363 1203; x_wconf 72' lang='grc' dir='ltr'><strong>τοῦ</strong></span> <span class='ocrx_word' id='word_1_110' title='bbox 1424 1150 1746 1218; x_wconf 74' lang='grc' dir='ltr'>Πνεύμυιτός</span> <span class='ocrx_word' id='word_1_111' title='bbox 1777 1168 1879 1220; x_wconf 90' lang='grc' dir='ltr'><strong>μου</strong></span> <span class='ocrx_word' id='word_1_112' title='bbox 1905 1151 2003 1205; x_wconf 74' lang='grc' dir='ltr'>ἐπὶ</span> 
     </span>
    </p>
   </div>
   <div class='ocr_carea' id='block_1_17' title="bbox 425 1241 2002 1315">
    <p class='ocr_par' dir='ltr' id='par_1_17' title="bbox 425 1241 2002 1315">
     <span class='ocr_line' id='line_1_17' title="bbox 425 1241 2002 1315; baseline 0.001 -19"><span class='ocrx_word' id='word_1_113' title='bbox 425 1246 605 1296; x_wconf 76' lang='grc' dir='ltr'>πᾶσαν</span> <span class='ocrx_word' id='word_1_114' title='bbox 658 1243 859 1315; x_wconf 81' lang='grc' dir='ltr'>σάρκα,</span> <span class='ocrx_word' id='word_1_115' title='bbox 919 1243 1016 1296; x_wconf 75' lang='grc' dir='ltr'><strong>καὶ</strong></span> <span class='ocrx_word' id='word_1_116' title='bbox 1066 1241 1537 1312; x_wconf 76' lang='grc' dir='ltr'><strong>προφητεύσουσιν</strong></span> <span class='ocrx_word' id='word_1_117' title='bbox 1608 1245 1657 1296; x_wconf 89' lang='grc' dir='ltr'><strong>οί</strong></span> <span class='ocrx_word' id='word_1_118' title='bbox 1704 1245 1808 1296; x_wconf 73' lang='grc' dir='ltr'><strong>υἱοὶ</strong></span> <span class='ocrx_word' id='word_1_119' title='bbox 1847 1242 2002 1312; x_wconf 82' lang='grc' dir='ltr'>ὑμῶν</span> 
     </span>
    </p>
   </div>
   <div class='ocr_carea' id='block_1_18' title="bbox 424 1330 1998 1403">
    <p class='ocr_par' dir='ltr' id='par_1_18' title="bbox 424 1330 1998 1403">
     <span class='ocr_line' id='line_1_18' title="bbox 424 1330 1998 1403; baseline 0.001 -19"><span class='ocrx_word' id='word_1_120' title='bbox 424 1333 519 1384; x_wconf 76' lang='grc' dir='ltr'><strong>καὶ</strong></span> <span class='ocrx_word' id='word_1_121' title='bbox 553 1331 610 1385; x_wconf 89' lang='grc' dir='ltr'><strong>αί</strong></span> <span class='ocrx_word' id='word_1_122' title='bbox 636 1330 933 1401; x_wconf 81' lang='grc' dir='ltr'>θυγατέρες</span> <span class='ocrx_word' id='word_1_123' title='bbox 957 1330 1111 1400; x_wconf 78' lang='grc' dir='ltr'>ὑμῶν</span> <span class='ocrx_word' id='word_1_124' title='bbox 1132 1346 1144 1358; x_wconf 90' lang='grc'><strong>·</strong></span> <span class='ocrx_word' id='word_1_125' title='bbox 1169 1331 1265 1383; x_wconf 78' lang='grc' dir='ltr'>καὶ</span> <span class='ocrx_word' id='word_1_126' title='bbox 1286 1331 1337 1383; x_wconf 77' lang='grc' dir='ltr'>οἱ</span> <span class='ocrx_word' id='word_1_127' title='bbox 1366 1330 1643 1386; x_wconf 71' lang='grc' dir='ltr'>νεανίσκοι</span> <span class='ocrx_word' id='word_1_128' title='bbox 1675 1332 1833 1402; x_wconf 78' lang='grc' dir='ltr'>ὑμῶν</span> <span class='ocrx_word' id='word_1_129' title='bbox 1857 1332 1998 1403; x_wconf 81' lang='grc' dir='ltr'>ὁρά-</span> 
     </span>
    </p>
   </div>
   <div class='ocr_carea' id='block_1_19' title="bbox 427 1421 2004 1493">
    <p class='ocr_par' dir='ltr' id='par_1_19' title="bbox 427 1421 2004 1493">
     <span class='ocr_line' id='line_1_19' title="bbox 427 1421 2004 1493; baseline 0.001 -18"><span class='ocrx_word' id='word_1_130' title='bbox 427 1440 539 1487; x_wconf 88' lang='grc' dir='ltr'>σεις</span> <span class='ocrx_word' id='word_1_131' title='bbox 572 1423 814 1493; x_wconf 66' lang='grc' dir='ltr'>ὖψονται,</span> <span class='ocrx_word' id='word_1_132' title='bbox 864 1422 959 1475; x_wconf 76' lang='grc' dir='ltr'><strong>καὶ</strong></span> <span class='ocrx_word' id='word_1_133' title='bbox 1010 1422 1059 1475; x_wconf 79' lang='grc' dir='ltr'>οἱ</span> <span class='ocrx_word' id='word_1_134' title='bbox 1118 1421 1483 1492; x_wconf 63' lang='grc' dir='ltr'>πρεσὸᾇτεροι</span> <span class='ocrx_word' id='word_1_135' title='bbox 1525 1424 1678 1493; x_wconf 78' lang='grc' dir='ltr'>ὑμῶν</span> <span class='ocrx_word' id='word_1_136' title='bbox 1730 1424 2004 1487; x_wconf 69' lang='grc' dir='ltr'>ἐνυπνίοις</span> 
     </span>
    </p>
   </div>
   <div class='ocr_carea' id='block_1_20' title="bbox 425 1512 1995 1586">
    <p class='ocr_par' dir='ltr' id='par_1_20' title="bbox 425 1512 1995 1586">
     <span class='ocr_line' id='line_1_20' title="bbox 425 1512 1995 1586; baseline 0.001 -20"><span class='ocrx_word' id='word_1_137' title='bbox 425 1514 968 1584; x_wconf 74' lang='grc' dir='ltr'>ἐνυπνιασθήσονται.</span> <span class='ocrx_word' id='word_1_138' title='bbox 1001 1512 1109 1567; x_wconf 84' lang='grc' dir='ltr'>Καί</span> <span class='ocrx_word' id='word_1_139' title='bbox 1139 1532 1203 1582; x_wconf 88' lang='grc' dir='ltr'><strong>γε</strong></span> <span class='ocrx_word' id='word_1_140' title='bbox 1236 1515 1328 1567; x_wconf 67' lang='grc' dir='ltr'><strong>ἐπὶ</strong></span> <span class='ocrx_word' id='word_1_141' title='bbox 1361 1518 1493 1579; x_wconf 66' lang='grc' dir='ltr'>τοὺς</span> <span class='ocrx_word' id='word_1_142' title='bbox 1516 1516 1736 1579; x_wconf 82' lang='grc' dir='ltr'><strong>δούλους</strong></span> <span class='ocrx_word' id='word_1_143' title='bbox 1768 1532 1871 1586; x_wconf 89' lang='grc' dir='ltr'><strong>μου</strong></span> <span class='ocrx_word' id='word_1_144' title='bbox 1899 1516 1995 1568; x_wconf 66' lang='grc' dir='ltr'>καὶ</span> 
     </span>
    </p>
   </div>
   <div class='ocr_carea' id='block_1_21' title="bbox 426 1605 2002 1683">
    <p class='ocr_par' dir='ltr' id='par_1_21' title="bbox 426 1605 2002 1683">
     <span class='ocr_line' id='line_1_21' title="bbox 426 1605 2002 1683; baseline 0 -24"><span class='ocrx_word' id='word_1_145' title='bbox 426 1606 644 1683; x_wconf 40' lang='grc' dir='ltr'>ἔπὶθτὰς</span> <span class='ocrx_word' id='word_1_146' title='bbox 669 1606 861 1670; x_wconf 82' lang='grc' dir='ltr'>δούλας</span> <span class='ocrx_word' id='word_1_147' title='bbox 887 1624 989 1677; x_wconf 90' lang='grc' dir='ltr'><strong>μου</strong></span> <span class='ocrx_word' id='word_1_148' title='bbox 1029 1606 1087 1660; x_wconf 81' lang='grc' dir='ltr'><strong>ὲν</strong></span> <span class='ocrx_word' id='word_1_149' title='bbox 1109 1609 1230 1670; x_wconf 66' lang='lat' dir='ltr'><strong>11E;</strong></span> <span class='ocrx_word' id='word_1_150' title='bbox 1271 1605 1511 1677; x_wconf 72' lang='grc' dir='ltr'>ἡμέραις</span> <span class='ocrx_word' id='word_1_151' title='bbox 1548 1609 1785 1671; x_wconf 74' lang='grc' dir='ltr'>ἐκείναις</span> <span class='ocrx_word' id='word_1_152' title='bbox 1827 1606 2002 1678; x_wconf 77' lang='grc' dir='ltr'><strong>ἐκχεῶ</strong></span> 
     </span>
    </p>
   </div>
   <div class='ocr_carea' id='block_1_22' title="bbox 2093 602 3673 668">
    <p class='ocr_par' dir='ltr' id='par_1_22' title="bbox 2093 602 3673 668">
     <span class='ocr_line' id='line_1_22' title="bbox 2093 602 3673 668; baseline 0.003 -11"><span class='ocrx_word' id='word_1_153' title='bbox 2093 602 2404 658; x_wconf 77' lang='lat' dir='ltr'><strong>Jerusalem</strong></span> <span class='ocrx_word' id='word_1_154' title='bbox 2433 604 2696 665; x_wconf 66' lang='lat' dir='ltr'><strong>unixersl,</strong></span> <span class='ocrx_word' id='word_1_155' title='bbox 2720 603 2824 658; x_wconf 76' lang='lat' dir='ltr'><strong>huc</strong></span> <span class='ocrx_word' id='word_1_156' title='bbox 2853 603 3005 657; x_wconf 89' lang='lat' dir='ltr'><strong>vobis</strong></span> <span class='ocrx_word' id='word_1_157' title='bbox 3027 610 3215 657; x_wconf 83' lang='lat' dir='ltr'><strong>notum</strong></span> <span class='ocrx_word' id='word_1_158' title='bbox 3241 606 3334 668; x_wconf 86' lang='lat' dir='ltr'><strong>sit,</strong></span> <span class='ocrx_word' id='word_1_159' title='bbox 3366 614 3420 659; x_wconf 92' lang='lat' dir='ltr'><strong>et</strong></span> <span class='ocrx_word' id='word_1_160' title='bbox 3445 608 3673 662; x_wconf 78' lang='lat' dir='ltr'><strong>auribus</strong></span> 
     </span>
    </p>
   </div>
   <div class='ocr_carea' id='block_1_23' title="bbox 2097 694 3670 767">
    <p class='ocr_par' dir='ltr' id='par_1_23' title="bbox 2097 694 3670 767">
     <span class='ocr_line' id='line_1_23' title="bbox 2097 694 3670 767; baseline 0.001 -17"><span class='ocrx_word' id='word_1_161' title='bbox 2097 696 2368 767; x_wconf 79' lang='lat' dir='ltr'><strong>percipite</strong></span> <span class='ocrx_word' id='word_1_162' title='bbox 2391 698 2556 749; x_wconf 88' lang='lat' dir='ltr'><strong>verba</strong></span> <span class='ocrx_word' id='word_1_163' title='bbox 2583 710 2727 750; x_wconf 85' lang='lat' dir='ltr'><strong>mea.</strong></span> <span class='ocrx_word' id='word_1_164' title='bbox 2755 694 3059 759; x_wconf 77' lang='lat' dir='ltr'><strong>Noncnim,</strong></span> <span class='ocrx_word' id='word_1_165' title='bbox 3078 695 3217 750; x_wconf 81' lang='lat' dir='ltr'><strong>sicut</strong></span> <span class='ocrx_word' id='word_1_166' title='bbox 3240 710 3339 750; x_wconf 85' lang='lat' dir='ltr'><strong>vos</strong></span> <span class='ocrx_word' id='word_1_167' title='bbox 3363 697 3670 761; x_wconf 65' lang='lat' dir='ltr'><strong>aestimatis,</strong></span> 
     </span>
    </p>
   </div>
   <div class='ocr_carea' id='block_1_24' title="bbox 2106 785 3671 855">
    <p class='ocr_par' dir='ltr' id='par_1_24' title="bbox 2106 785 3671 855">
     <span class='ocr_line' id='line_1_24' title="bbox 2106 785 3671 855; baseline -0.003 -13"><span class='ocrx_word' id='word_1_168' title='bbox 2106 788 2158 842; x_wconf 93' lang='lat' dir='ltr'><strong>hi</strong></span> <span class='ocrx_word' id='word_1_169' title='bbox 2191 788 2331 843; x_wconf 81' lang='lat' dir='ltr'><strong>ebrii</strong></span> <span class='ocrx_word' id='word_1_170' title='bbox 2365 797 2519 851; x_wconf 82' lang='lat' dir='ltr'><strong>sunt,</strong></span> <span class='ocrx_word' id='word_1_171' title='bbox 2547 803 2673 841; x_wconf 86' lang='lat' dir='ltr'><strong>eum</strong></span> <span class='ocrx_word' id='word_1_172' title='bbox 2693 787 2765 841; x_wconf 90' lang='lat' dir='ltr'><strong>sit</strong></span> <span class='ocrx_word' id='word_1_173' title='bbox 2795 787 2926 840; x_wconf 87' lang='lat' dir='ltr'><strong>hora</strong></span> <span class='ocrx_word' id='word_1_174' title='bbox 2954 785 3062 841; x_wconf 85' lang='lat' dir='ltr'><strong>diei</strong></span> <span class='ocrx_word' id='word_1_175' title='bbox 3086 787 3241 841; x_wconf 89' lang='lat' dir='ltr'><strong>tertia</strong></span> <span class='ocrx_word' id='word_1_176' title='bbox 3266 801 3282 839; x_wconf 92' lang='lat'><strong>:</strong></span> <span class='ocrx_word' id='word_1_177' title='bbox 3314 789 3409 841; x_wconf 83' lang='lat' dir='ltr'><strong>sed</strong></span> <span class='ocrx_word' id='word_1_178' title='bbox 3439 788 3537 841; x_wconf 94' lang='lat' dir='ltr'><strong>hoc</strong></span> <span class='ocrx_word' id='word_1_179' title='bbox 3566 800 3671 855; x_wconf 78' lang='lat' dir='ltr'><strong>est,</strong></span> 
     </span>
    </p>
   </div>
   <div class='ocr_carea' id='block_1_25' title="bbox 2103 870 3672 952">
    <p class='ocr_par' dir='ltr' id='par_1_25' title="bbox 2103 870 3672 952">
     <span class='ocr_line' id='line_1_25' title="bbox 2103 870 3672 952; baseline 0 -19"><span class='ocrx_word' id='word_1_180' title='bbox 2103 879 2249 952; x_wconf 89' lang='lat' dir='ltr'><strong>quod</strong></span> <span class='ocrx_word' id='word_1_181' title='bbox 2280 870 2488 935; x_wconf 85' lang='lat' dir='ltr'><strong>dictum</strong></span> <span class='ocrx_word' id='word_1_182' title='bbox 2554 887 2637 934; x_wconf 78' lang='lat' dir='ltr'><strong>est</strong></span> <span class='ocrx_word' id='word_1_183' title='bbox 2701 892 2796 949; x_wconf 86' lang='lat' dir='ltr'><strong>per</strong></span> <span class='ocrx_word' id='word_1_184' title='bbox 2822 878 3142 946; x_wconf 80' lang='lat' dir='ltr'><strong>prophetam</strong></span> <span class='ocrx_word' id='word_1_185' title='bbox 3164 875 3280 932; x_wconf 82' lang='lat' dir='ltr'><strong>Joel</strong></span> <span class='ocrx_word' id='word_1_186' title='bbox 3309 895 3323 932; x_wconf 89' lang='lat'><strong>:</strong></span> <span class='ocrx_word' id='word_1_187' title='bbox 3362 878 3427 932; x_wconf 85' lang='lat' dir='ltr'><strong>Et</strong></span> <span class='ocrx_word' id='word_1_188' title='bbox 3483 880 3588 933; x_wconf 87' lang='lat' dir='ltr'><strong>erit</strong></span> <span class='ocrx_word' id='word_1_189' title='bbox 3617 881 3672 933; x_wconf 86' lang='lat' dir='ltr'><strong>in</strong></span> 
     </span>
    </p>
   </div>
   <div class='ocr_carea' id='block_1_26' title="bbox 2103 967 3672 1040">
    <p class='ocr_par' dir='ltr' id='par_1_26' title="bbox 2103 967 3672 1040">
     <span class='ocr_line' id='line_1_26' title="bbox 2103 967 3672 1040; baseline 0.001 -16"><span class='ocrx_word' id='word_1_190' title='bbox 2103 970 2422 1026; x_wconf 83' lang='lat' dir='ltr'><strong>novissimis</strong></span> <span class='ocrx_word' id='word_1_191' title='bbox 2488 970 2678 1023; x_wconf 81' lang='lat' dir='ltr'><strong>diebus</strong></span> <span class='ocrx_word' id='word_1_192' title='bbox 2735 968 2892 1040; x_wconf 84' lang='lat' dir='ltr'><strong>(dicit</strong></span> <span class='ocrx_word' id='word_1_193' title='bbox 2938 967 3223 1035; x_wconf 85' lang='lat' dir='ltr'><strong>Dominus)</strong></span> <span class='ocrx_word' id='word_1_194' title='bbox 3269 967 3540 1023; x_wconf 80' lang='lat' dir='ltr'><strong>eﬂ‘undani</strong></span> <span class='ocrx_word' id='word_1_195' title='bbox 3603 970 3672 1026; x_wconf 86' lang='lat' dir='ltr'><strong>de</strong></span> 
     </span>
    </p>
   </div>
   <div class='ocr_carea' id='block_1_27' title="bbox 2104 1060 3673 1130">
    <p class='ocr_par' dir='ltr' id='par_1_27' title="bbox 2104 1060 3673 1130">
     <span class='ocr_line' id='line_1_27' title="bbox 2104 1060 3673 1130; baseline 0 -15"><span class='ocrx_word' id='word_1_196' title='bbox 2104 1060 2310 1130; x_wconf 90' lang='lat' dir='ltr'><strong>Spiritu</strong></span> <span class='ocrx_word' id='word_1_197' title='bbox 2336 1074 2456 1113; x_wconf 89' lang='lat' dir='ltr'><strong>meo</strong></span> <span class='ocrx_word' id='word_1_198' title='bbox 2484 1074 2649 1127; x_wconf 85' lang='lat' dir='ltr'><strong>super</strong></span> <span class='ocrx_word' id='word_1_199' title='bbox 2675 1074 2891 1113; x_wconf 87' lang='lat' dir='ltr'><strong>omnem</strong></span> <span class='ocrx_word' id='word_1_200' title='bbox 2907 1072 3125 1112; x_wconf 83' lang='lat' dir='ltr'><strong>carnem</strong></span> <span class='ocrx_word' id='word_1_201' title='bbox 3153 1076 3167 1113; x_wconf 91' lang='lat'><strong>:</strong></span> <span class='ocrx_word' id='word_1_202' title='bbox 3197 1069 3252 1112; x_wconf 92' lang='lat' dir='ltr'><strong>et</strong></span> <span class='ocrx_word' id='word_1_203' title='bbox 3272 1060 3673 1129; x_wconf 81' lang='lat' dir='ltr'><strong>prophetabunt</strong></span> 
     </span>
    </p>
   </div>
   <div class='ocr_carea' id='block_1_28' title="bbox 2104 1150 3673 1217">
    <p class='ocr_par' dir='ltr' id='par_1_28' title="bbox 2104 1150 3673 1217">
     <span class='ocr_line' id='line_1_28' title="bbox 2104 1150 3673 1217; baseline 0 -11"><span class='ocrx_word' id='word_1_204' title='bbox 2104 1153 2198 1206; x_wconf 85' lang='lat' dir='ltr'><strong>lilii</strong></span> <span class='ocrx_word' id='word_1_205' title='bbox 2233 1152 2400 1206; x_wconf 84' lang='lat' dir='ltr'><strong>vestri</strong></span> <span class='ocrx_word' id='word_1_206' title='bbox 2449 1159 2503 1205; x_wconf 81' lang='lat' dir='ltr'><strong>et</strong></span> <span class='ocrx_word' id='word_1_207' title='bbox 2538 1151 2660 1204; x_wconf 72' lang='lat' dir='ltr'><strong>lilize</strong></span> <span class='ocrx_word' id='word_1_208' title='bbox 2685 1160 2877 1205; x_wconf 66' lang='lat' dir='ltr'><strong>vestra:</strong></span> <span class='ocrx_word' id='word_1_209' title='bbox 2909 1169 2924 1205; x_wconf 88' lang='lat'><strong>:</strong></span> <span class='ocrx_word' id='word_1_210' title='bbox 2959 1159 3011 1204; x_wconf 91' lang='lat' dir='ltr'><strong>et</strong></span> <span class='ocrx_word' id='word_1_211' title='bbox 3055 1150 3285 1217; x_wconf 75' lang='lat' dir='ltr'><strong>juvenes</strong></span> <span class='ocrx_word' id='word_1_212' title='bbox 3318 1150 3482 1206; x_wconf 82' lang='lat' dir='ltr'><strong>vestri</strong></span> <span class='ocrx_word' id='word_1_213' title='bbox 3516 1152 3673 1208; x_wconf 75' lang='lat' dir='ltr'><strong>visio-</strong></span> 
     </span>
    </p>
   </div>
   <div class='ocr_carea' id='block_1_29' title="bbox 2102 1242 3671 1307">
    <p class='ocr_par' dir='ltr' id='par_1_29' title="bbox 2102 1242 3671 1307">
     <span class='ocr_line' id='line_1_29' title="bbox 2102 1242 3671 1307; baseline -0.001 -8"><span class='ocrx_word' id='word_1_214' title='bbox 2102 1259 2201 1300; x_wconf 88' lang='lat' dir='ltr'><strong>nes</strong></span> <span class='ocrx_word' id='word_1_215' title='bbox 2228 1243 2506 1307; x_wconf 82' lang='lat' dir='ltr'><strong>videbuut,</strong></span> <span class='ocrx_word' id='word_1_216' title='bbox 2537 1253 2591 1296; x_wconf 91' lang='lat' dir='ltr'><strong>et</strong></span> <span class='ocrx_word' id='word_1_217' title='bbox 2610 1244 2852 1297; x_wconf 81' lang='lat' dir='ltr'><strong>seniores</strong></span> <span class='ocrx_word' id='word_1_218' title='bbox 2890 1243 3055 1297; x_wconf 81' lang='lat' dir='ltr'><strong>vestri</strong></span> <span class='ocrx_word' id='word_1_219' title='bbox 3085 1242 3294 1296; x_wconf 89' lang='lat' dir='ltr'><strong>somnia</strong></span> <span class='ocrx_word' id='word_1_220' title='bbox 3323 1243 3671 1298; x_wconf 64' lang='lat' dir='ltr'><strong>somnabunt.</strong></span> 
     </span>
    </p>
   </div>
   <div class='ocr_carea' id='block_1_30' title="bbox 2103 1335 3676 1406">
    <p class='ocr_par' dir='ltr' id='par_1_30' title="bbox 2103 1335 3676 1406">
     <span class='ocr_line' id='line_1_30' title="bbox 2103 1335 3676 1406; baseline -0.001 -16"><span class='ocrx_word' id='word_1_221' title='bbox 2103 1336 2169 1390; x_wconf 86' lang='lat' dir='ltr'><strong>Et</strong></span> <span class='ocrx_word' id='word_1_222' title='bbox 2193 1336 2414 1406; x_wconf 87' lang='lat' dir='ltr'><strong>quidem</strong></span> <span class='ocrx_word' id='word_1_223' title='bbox 2439 1351 2603 1404; x_wconf 88' lang='lat' dir='ltr'><strong>super</strong></span> <span class='ocrx_word' id='word_1_224' title='bbox 2661 1349 2850 1387; x_wconf 79' lang='lat' dir='ltr'><strong>servos</strong></span> <span class='ocrx_word' id='word_1_225' title='bbox 2914 1346 3065 1388; x_wconf 85' lang='lat' dir='ltr'><strong>meos</strong></span> <span class='ocrx_word' id='word_1_226' title='bbox 3122 1343 3175 1388; x_wconf 90' lang='lat' dir='ltr'><strong>et</strong></span> <span class='ocrx_word' id='word_1_227' title='bbox 3216 1348 3382 1403; x_wconf 87' lang='lat' dir='ltr'><strong>super</strong></span> <span class='ocrx_word' id='word_1_228' title='bbox 3447 1335 3676 1389; x_wconf 81' lang='lat' dir='ltr'><strong>ancillas</strong></span> 
     </span>
    </p>
   </div>
   <div class='ocr_carea' id='block_1_31' title="bbox 2104 1423 3677 1494">
    <p class='ocr_par' dir='ltr' id='par_1_31' title="bbox 2104 1423 3677 1494">
     <span class='ocr_line' id='line_1_31' title="bbox 2104 1423 3677 1494; baseline -0.001 -15"><span class='ocrx_word' id='word_1_229' title='bbox 2104 1438 2279 1491; x_wconf 37' lang='lat' dir='ltr'><strong>meas,</strong></span> <span class='ocrx_word' id='word_1_230' title='bbox 2303 1426 2357 1478; x_wconf 93' lang='lat' dir='ltr'><strong>in</strong></span> <span class='ocrx_word' id='word_1_231' title='bbox 2387 1425 2580 1479; x_wconf 85' lang='lat' dir='ltr'><strong>diebus</strong></span> <span class='ocrx_word' id='word_1_232' title='bbox 2636 1424 2742 1479; x_wconf 88' lang='lat' dir='ltr'><strong>illis</strong></span> <span class='ocrx_word' id='word_1_233' title='bbox 2775 1423 3048 1477; x_wconf 82' lang='lat' dir='ltr'><strong>ell‘uudam</strong></span> <span class='ocrx_word' id='word_1_234' title='bbox 3083 1425 3149 1478; x_wconf 89' lang='lat' dir='ltr'><strong>de</strong></span> <span class='ocrx_word' id='word_1_235' title='bbox 3173 1424 3379 1494; x_wconf 84' lang='lat' dir='ltr'><strong>Spiritu</strong></span> <span class='ocrx_word' id='word_1_236' title='bbox 3421 1438 3563 1487; x_wconf 86' lang='lat' dir='ltr'><strong>meo,</strong></span> <span class='ocrx_word' id='word_1_237' title='bbox 3622 1432 3677 1479; x_wconf 86' lang='lat' dir='ltr'><strong>et</strong></span> 
     </span>
    </p>
   </div>
   <div class='ocr_carea' id='block_1_32' title="bbox 2104 1516 3673 1589">
    <p class='ocr_par' dir='ltr' id='par_1_32' title="bbox 2104 1516 3673 1589">
     <span class='ocr_line' id='line_1_32' title="bbox 2104 1516 3673 1589; baseline -0.003 -17"><span class='ocrx_word' id='word_1_238' title='bbox 2104 1518 2506 1589; x_wconf 80' lang='lat' dir='ltr'><strong>prophetabunt</strong></span> <span class='ocrx_word' id='word_1_239' title='bbox 2542 1536 2554 1571; x_wconf 88' lang='lat'><strong>:</strong></span> <span class='ocrx_word' id='word_1_240' title='bbox 2585 1527 2639 1570; x_wconf 88' lang='lat' dir='ltr'><strong>et</strong></span> <span class='ocrx_word' id='word_1_241' title='bbox 2671 1517 2810 1568; x_wconf 82' lang='lat' dir='ltr'><strong>dabo</strong></span> <span class='ocrx_word' id='word_1_242' title='bbox 2864 1516 3109 1587; x_wconf 76' lang='lat' dir='ltr'><strong>prodigia</strong></span> <span class='ocrx_word' id='word_1_243' title='bbox 3159 1516 3214 1571; x_wconf 92' lang='lat' dir='ltr'><strong>in</strong></span> <span class='ocrx_word' id='word_1_244' title='bbox 3245 1517 3387 1572; x_wconf 62' lang='lat' dir='ltr'><strong>caelo</strong></span> <span class='ocrx_word' id='word_1_245' title='bbox 3433 1530 3673 1582; x_wconf 91' lang='lat' dir='ltr'><strong>sursum,</strong></span> 
     </span>
    </p>
   </div>
   <div class='ocr_carea' id='block_1_33' title="bbox 2106 1608 3676 1681">
    <p class='ocr_par' dir='ltr' id='par_1_33' title="bbox 2106 1608 3676 1681">
     <span class='ocr_line' id='line_1_33' title="bbox 2106 1608 3676 1681; baseline -0.001 -16"><span class='ocrx_word' id='word_1_246' title='bbox 2106 1619 2158 1666; x_wconf 89' lang='lat' dir='ltr'><strong>et</strong></span> <span class='ocrx_word' id='word_1_247' title='bbox 2188 1611 2341 1681; x_wconf 77' lang='lat' dir='ltr'><strong>signa</strong></span> <span class='ocrx_word' id='word_1_248' title='bbox 2374 1610 2427 1663; x_wconf 91' lang='lat' dir='ltr'><strong>in</strong></span> <span class='ocrx_word' id='word_1_249' title='bbox 2464 1618 2609 1662; x_wconf 87' lang='lat' dir='ltr'><strong>terra</strong></span> <span class='ocrx_word' id='word_1_250' title='bbox 2654 1609 2932 1675; x_wconf 86' lang='lat' dir='ltr'><strong>deorsum,</strong></span> <span class='ocrx_word' id='word_1_251' title='bbox 2969 1609 3288 1678; x_wconf 79' lang='lat' dir='ltr'><strong>sanguinem</strong></span> <span class='ocrx_word' id='word_1_252' title='bbox 3316 1612 3370 1663; x_wconf 88' lang='lat' dir='ltr'><strong>et</strong></span> <span class='ocrx_word' id='word_1_253' title='bbox 3416 1608 3596 1677; x_wconf 78' lang='lat' dir='ltr'><strong>ignem</strong></span> <span class='ocrx_word' id='word_1_254' title='bbox 3622 1617 3676 1663; x_wconf 85' lang='lat' dir='ltr'><strong>et</strong></span> 
     </span>
    </p>
   </div>
   <div class='ocr_carea' id='block_1_34' title="bbox 426 1695 2001 1772">
    <p class='ocr_par' dir='ltr' id='par_1_34' title="bbox 426 1696 2001 1769">
     <span class='ocr_line' id='line_1_34' title="bbox 426 1696 2001 1769; baseline -0.001 -18"><span class='ocrx_word' id='word_1_255' title='bbox 426 1698 649 1751; x_wconf 77' lang='grc' dir='ltr'>ἀπὸτοῦ</span> <span class='ocrx_word' id='word_1_256' title='bbox 687 1696 1002 1767; x_wconf 85' lang='grc' dir='ltr'>Πνεύματός</span> <span class='ocrx_word' id='word_1_257' title='bbox 1047 1715 1170 1769; x_wconf 88' lang='grc' dir='ltr'>μου,</span> <span class='ocrx_word' id='word_1_258' title='bbox 1212 1701 1306 1750; x_wconf 76' lang='grc' dir='ltr'><strong>καὶ</strong></span> <span class='ocrx_word' id='word_1_259' title='bbox 1354 1698 1800 1769; x_wconf 83' lang='grc' dir='ltr'>προφητεύσουσι</span> <span class='ocrx_word' id='word_1_260' title='bbox 1829 1737 1844 1752; x_wconf 94' lang='grc'><strong>.</strong></span> <span class='ocrx_word' id='word_1_261' title='bbox 1897 1698 2001 1751; x_wconf 70' lang='grc' dir='ltr'><strong>Καὶ</strong></span> 
     </span>
    </p>
   </div>
   <div class='ocr_carea' id='block_1_35' title="bbox 2105 1695 3675 1772">
    <p class='ocr_par' dir='ltr' id='par_1_35' title="bbox 2108 1696 3675 1772">
     <span class='ocr_line' id='line_1_35' title="bbox 2108 1696 3675 1772; baseline -0.003 -16"><span class='ocrx_word' id='word_1_262' title='bbox 2108 1716 2364 1772; x_wconf 80' lang='lat' dir='ltr'><strong>vaporem</strong></span> <span class='ocrx_word' id='word_1_263' title='bbox 2397 1696 2553 1754; x_wconf 78' lang='lat' dir='ltr'><strong>fumi.</strong></span> <span class='ocrx_word' id='word_1_264' title='bbox 2589 1700 2679 1754; x_wconf 85' lang='lat' dir='ltr'><strong>Sol</strong></span> <span class='ocrx_word' id='word_1_265' title='bbox 2713 1709 3064 1755; x_wconf 86' lang='lat' dir='ltr'><strong>eonvertetur</strong></span> <span class='ocrx_word' id='word_1_266' title='bbox 3098 1700 3153 1752; x_wconf 92' lang='lat' dir='ltr'><strong>in</strong></span> <span class='ocrx_word' id='word_1_267' title='bbox 3184 1699 3461 1764; x_wconf 87' lang='lat' dir='ltr'><strong>tenebras,</strong></span> <span class='ocrx_word' id='word_1_268' title='bbox 3501 1708 3557 1753; x_wconf 88' lang='lat' dir='ltr'><strong>ot</strong></span> <span class='ocrx_word' id='word_1_269' title='bbox 3587 1698 3675 1752; x_wconf 85' lang='lat' dir='ltr'><strong>lu-</strong></span> 
     </span>
    </p>
   </div>
   <div class='ocr_carea' id='block_1_36' title="bbox 425 1788 2003 1861">
    <p class='ocr_par' dir='ltr' id='par_1_36' title="bbox 425 1788 2003 1861">
     <span class='ocr_line' id='line_1_36' title="bbox 425 1788 2003 1861; baseline -0.001 -18"><span class='ocrx_word' id='word_1_270' title='bbox 425 1790 584 1843; x_wconf 84' lang='grc' dir='ltr'>δὼσω</span> <span class='ocrx_word' id='word_1_271' title='bbox 625 1791 829 1861; x_wconf 81' lang='grc' dir='ltr'>τέρατα</span> <span class='ocrx_word' id='word_1_272' title='bbox 863 1791 921 1842; x_wconf 82' lang='grc' dir='ltr'><strong>ὲν</strong></span> <span class='ocrx_word' id='word_1_273' title='bbox 956 1789 1034 1859; x_wconf 82' lang='grc' dir='ltr'><strong>τῷ</strong></span> <span class='ocrx_word' id='word_1_274' title='bbox 1074 1788 1289 1859; x_wconf 78' lang='grc' dir='ltr'>οὐρανῷ</span> <span class='ocrx_word' id='word_1_275' title='bbox 1342 1788 1477 1852; x_wconf 78' lang='grc' dir='ltr'>ἄνω,</span> <span class='ocrx_word' id='word_1_276' title='bbox 1511 1790 1601 1842; x_wconf 72' lang='grc' dir='ltr'><strong>καὶ</strong></span> <span class='ocrx_word' id='word_1_277' title='bbox 1661 1791 1862 1859; x_wconf 82' lang='grc' dir='ltr'>σημεῖα</span> <span class='ocrx_word' id='word_1_278' title='bbox 1911 1790 2003 1843; x_wconf 71' lang='grc' dir='ltr'><strong>ἐπὶ</strong></span> 
     </span>
    </p>
   </div>
   <div class='ocr_carea' id='block_1_37' title="bbox 427 1875 1999 1952">
    <p class='ocr_par' dir='ltr' id='par_1_37' title="bbox 427 1875 1999 1952">
     <span class='ocr_line' id='line_1_37' title="bbox 427 1875 1999 1952; baseline 0.001 -19"><span class='ocrx_word' id='word_1_279' title='bbox 427 1882 526 1951; x_wconf 81' lang='grc' dir='ltr'>τῆς</span> <span class='ocrx_word' id='word_1_280' title='bbox 564 1882 667 1952; x_wconf 75' lang='grc' dir='ltr'><strong>γῆς</strong></span> <span class='ocrx_word' id='word_1_281' title='bbox 696 1881 870 1946; x_wconf 82' lang='grc' dir='ltr'>κάτω,</span> <span class='ocrx_word' id='word_1_282' title='bbox 897 1875 1037 1951; x_wconf 75' lang='grc' dir='ltr'>αἷμα</span> <span class='ocrx_word' id='word_1_283' title='bbox 1077 1882 1171 1933; x_wconf 72' lang='grc' dir='ltr'>καὶ</span> <span class='ocrx_word' id='word_1_284' title='bbox 1200 1880 1330 1950; x_wconf 78' lang='grc' dir='ltr'>πῦρ,</span> <span class='ocrx_word' id='word_1_285' title='bbox 1378 1881 1477 1935; x_wconf 71' lang='grc' dir='ltr'><strong>καὶ</strong></span> <span class='ocrx_word' id='word_1_286' title='bbox 1514 1881 1717 1951; x_wconf 83' lang='grc' dir='ltr'>ἀτμίδα</span> <span class='ocrx_word' id='word_1_287' title='bbox 1769 1880 1999 1936; x_wconf 81' lang='grc' dir='ltr'>καπνοῦ.</span> 
     </span>
    </p>
   </div>
   <div class='ocr_carea' id='block_1_38' title="bbox 438 1972 2001 2046">
    <p class='ocr_par' dir='ltr' id='par_1_38' title="bbox 438 1972 2001 2046">
     <span class='ocr_line' id='line_1_38' title="bbox 438 1972 2001 2046; baseline -0.001 -21"><span class='ocrx_word' id='word_1_288' title='bbox 438 1973 498 2025; x_wconf 85' lang='grc'><strong>’0</strong></span> <span class='ocrx_word' id='word_1_289' title='bbox 528 1973 679 2042; x_wconf 83' lang='grc' dir='ltr'>ἧλιος</span> <span class='ocrx_word' id='word_1_290' title='bbox 711 1972 1230 2043; x_wconf 83' lang='grc' dir='ltr'>μεταστραφήσεται</span> <span class='ocrx_word' id='word_1_291' title='bbox 1262 1975 1342 2035; x_wconf 88' lang='grc' dir='ltr'><strong>είς</strong></span> <span class='ocrx_word' id='word_1_292' title='bbox 1364 1973 1578 2036; x_wconf 84' lang='grc' dir='ltr'>σκότος,</span> <span class='ocrx_word' id='word_1_293' title='bbox 1614 1975 1709 2026; x_wconf 65' lang='grc' dir='ltr'><strong>καὶ⁵</strong></span> <span class='ocrx_word' id='word_1_294' title='bbox 1738 1974 1771 2046; x_wconf 78' lang='grc' dir='ltr'>ἡ</span> <span class='ocrx_word' id='word_1_295' title='bbox 1801 1974 2001 2044; x_wconf 78' lang='grc' dir='ltr'>σελήνη</span> 
     </span>
    </p>
   </div>
   <div class='ocr_carea' id='block_1_39' title="bbox 2110 1787 3672 1862">
    <p class='ocr_par' dir='ltr' id='par_1_39' title="bbox 2110 1787 3672 1862">
     <span class='ocr_line' id='line_1_39' title="bbox 2110 1787 3672 1862; baseline -0.003 -15"><span class='ocrx_word' id='word_1_296' title='bbox 2110 1808 2179 1847; x_wconf 87' lang='lat' dir='ltr'><strong>na</strong></span> <span class='ocrx_word' id='word_1_297' title='bbox 2208 1794 2261 1847; x_wconf 92' lang='lat' dir='ltr'><strong>in</strong></span> <span class='ocrx_word' id='word_1_298' title='bbox 2290 1793 2637 1862; x_wconf 79' lang='lat' dir='ltr'><strong>sanguinem,</strong></span> <span class='ocrx_word' id='word_1_299' title='bbox 2704 1800 2996 1860; x_wconf 84' lang='lat' dir='ltr'><strong>antequam</strong></span> <span class='ocrx_word' id='word_1_300' title='bbox 3033 1791 3215 1844; x_wconf 89' lang='lat' dir='ltr'><strong>veniat</strong></span> <span class='ocrx_word' id='word_1_301' title='bbox 3277 1788 3396 1844; x_wconf 87' lang='lat' dir='ltr'><strong>dies</strong></span> <span class='ocrx_word' id='word_1_302' title='bbox 3457 1787 3672 1843; x_wconf 90' lang='lat' dir='ltr'><strong>Domini</strong></span> 
     </span>
    </p>
   </div>
   <div class='ocr_carea' id='block_1_40' title="bbox 2109 1879 3673 1952">
    <p class='ocr_par' dir='ltr' id='par_1_40' title="bbox 2109 1879 3673 1952">
     <span class='ocr_line' id='line_1_40' title="bbox 2109 1879 3673 1952; baseline -0.001 -17"><span class='ocrx_word' id='word_1_303' title='bbox 2109 1895 2335 1952; x_wconf 72' lang='lat' dir='ltr'><strong>magnus</strong></span> <span class='ocrx_word' id='word_1_304' title='bbox 2364 1888 2420 1934; x_wconf 92' lang='lat' dir='ltr'><strong>et</strong></span> <span class='ocrx_word' id='word_1_305' title='bbox 2456 1881 2799 1935; x_wconf 76' lang='lat' dir='ltr'><strong>manifestus.</strong></span> <span class='ocrx_word' id='word_1_306' title='bbox 2846 1881 2910 1935; x_wconf 87' lang='lat' dir='ltr'><strong>Et</strong></span> <span class='ocrx_word' id='word_1_307' title='bbox 2940 1883 3046 1935; x_wconf 90' lang='lat' dir='ltr'><strong>erit</strong></span> <span class='ocrx_word' id='word_1_308' title='bbox 3078 1920 3094 1945; x_wconf 89' lang='lat'><strong>,</strong></span> <span class='ocrx_word' id='word_1_309' title='bbox 3148 1880 3328 1935; x_wconf 88' lang='lat' dir='ltr'><strong>omnis</strong></span> <span class='ocrx_word' id='word_1_310' title='bbox 3360 1879 3673 1949; x_wconf 80' lang='lat' dir='ltr'><strong>quicunque</strong></span> 
     </span>
    </p>
   </div>
   <div class='ocr_carea' id='block_1_41' title="bbox 2108 1971 3296 2038">
    <p class='ocr_par' dir='ltr' id='par_1_41' title="bbox 2108 1971 3296 2038">
     <span class='ocr_line' id='line_1_41' title="bbox 2108 1971 3296 2038; baseline -0.002 -13"><span class='ocrx_word' id='word_1_311' title='bbox 2108 1972 2443 2027; x_wconf 88' lang='lat' dir='ltr'><strong>invocaverit</strong></span> <span class='ocrx_word' id='word_1_312' title='bbox 2475 1987 2670 2027; x_wconf 88' lang='lat' dir='ltr'><strong>nomen</strong></span> <span class='ocrx_word' id='word_1_313' title='bbox 2704 1971 2938 2038; x_wconf 66' lang='lat' dir='ltr'><strong>Domini,</strong></span> <span class='ocrx_word' id='word_1_314' title='bbox 2958 1973 3141 2027; x_wconf 76' lang='lat' dir='ltr'><strong>salvus</strong></span> <span class='ocrx_word' id='word_1_315' title='bbox 3170 1972 3296 2026; x_wconf 87' lang='lat' dir='ltr'><strong>erit.</strong></span> 
     </span>
    </p>
   </div>
   <div class='ocr_carea' id='block_1_42' title="bbox 429 2058 3674 2138">
    <p class='ocr_par' dir='ltr' id='par_1_42' title="bbox 429 2058 3674 2138">
     <span class='ocr_line' id='line_1_42' title="bbox 429 2058 3674 2138; baseline -0 -22"><span class='ocrx_word' id='word_1_316' title='bbox 429 2066 507 2127; x_wconf 78' lang='grc' dir='ltr'>εἰς</span> <span class='ocrx_word' id='word_1_317' title='bbox 535 2058 695 2135; x_wconf 80' lang='grc' dir='ltr'>αἷμα,</span> <span class='ocrx_word' id='word_1_318' title='bbox 730 2064 863 2134; x_wconf 70' lang='grc' dir='ltr'>πρὶν</span> <span class='ocrx_word' id='word_1_319' title='bbox 893 2064 925 2135; x_wconf 82' lang='grc' dir='ltr'>ἢ</span> <span class='ocrx_word' id='word_1_320' title='bbox 957 2062 1131 2117; x_wconf 79' lang='grc' dir='ltr'>ἐλθεῖν</span> <span class='ocrx_word' id='word_1_321' title='bbox 1157 2064 1255 2135; x_wconf 74' lang='grc' dir='ltr'><strong>τὴν</strong></span> <span class='ocrx_word' id='word_1_322' title='bbox 1284 2064 1497 2135; x_wconf 79' lang='grc' dir='ltr'>ἡμέραν</span> <span class='ocrx_word' id='word_1_323' title='bbox 1526 2067 1731 2138; x_wconf 78' lang='grc' dir='ltr'>Κυρίου</span> <span class='ocrx_word' id='word_1_324' title='bbox 1763 2065 1859 2137; x_wconf 76' lang='grc' dir='ltr'>τὴν</span> <span class='ocrx_word' id='word_1_325' title='bbox 1888 2066 2129 2137; x_wconf 76' lang='grc' dir='ltr'>μεγάλην</span> <span class='ocrx_word' id='word_1_326' title='bbox 2159 2064 2255 2119; x_wconf 78' lang='grc' dir='ltr'>καὶ</span> <span class='ocrx_word' id='word_1_327' title='bbox 2287 2067 2550 2138; x_wconf 80' lang='grc' dir='ltr'>ἐπιφανῆ.</span> <span class='ocrx_word' id='word_1_328' title='bbox 2579 2067 2687 2121; x_wconf 72' lang='grc' dir='ltr'><strong>Καὶ</strong></span> <span class='ocrx_word' id='word_1_329' title='bbox 2752 2068 2923 2129; x_wconf 73' lang='grc' dir='ltr'>ἔσται,</span> <span class='ocrx_word' id='word_1_330' title='bbox 2993 2065 3100 2127; x_wconf 82' lang='grc' dir='ltr'><strong>πᾶς</strong></span> <span class='ocrx_word' id='word_1_331' title='bbox 3160 2062 3217 2128; x_wconf 77' lang='grc' dir='ltr'><strong>ὃς</strong></span> <span class='ocrx_word' id='word_1_332' title='bbox 3278 2063 3348 2117; x_wconf 83' lang='grc' dir='ltr'><strong>ἇν</strong></span> <span class='ocrx_word' id='word_1_333' title='bbox 3421 2058 3674 2116; x_wconf 73' lang='grc' dir='ltr'>ἐπικαλέε-</span> 
     </span>
    </p>
   </div>
   <div class='ocr_carea' id='block_1_43' title="bbox 430 2158 1490 2232">
    <p class='ocr_par' dir='ltr' id='par_1_43' title="bbox 430 2158 1490 2232">
     <span class='ocr_line' id='line_1_43' title="bbox 430 2158 1490 2232; baseline 0.005 -22"><span class='ocrx_word' id='word_1_334' title='bbox 430 2175 591 2229; x_wconf 86' lang='grc' dir='ltr'>σηται</span> <span class='ocrx_word' id='word_1_335' title='bbox 618 2160 674 2213; x_wconf 82' lang='grc' dir='ltr'>τὸ</span> <span class='ocrx_word' id='word_1_336' title='bbox 698 2159 869 2232; x_wconf 78' lang='grc' dir='ltr'>ὄνομα</span> <span class='ocrx_word' id='word_1_337' title='bbox 904 2158 1130 2230; x_wconf 84' lang='grc' dir='ltr'>Κυρίου,</span> <span class='ocrx_word' id='word_1_338' title='bbox 1163 2159 1490 2231; x_wconf 82' lang='grc' dir='ltr'>σωθήσεται.</span> 
     </span>
    </p>
   </div>
   <div class='ocr_carea' id='block_1_44' title="bbox 979 2262 2001 2345">
    <p class='ocr_par' dir='ltr' id='par_1_44' title="bbox 979 2275 1366 2333">
     <span class='ocr_line' id='line_1_44' title="bbox 979 2275 1366 2333; baseline 0.01 -4"><span class='ocrx_word' id='word_1_339' title='bbox 979 2275 1366 2333; x_wconf 76' lang='grc' dir='ltr'><strong>ΕΡΜΗΝΕΙΔ.</strong></span> 
     </span>
    </p>
   </div>
   <div class='ocr_carea' id='block_1_45' title="bbox 2105 2262 3267 2345">
    <p class='ocr_par' dir='ltr' id='par_1_45' title="bbox 2513 2262 3267 2345">
     <span class='ocr_line' id='line_1_45' title="bbox 2513 2262 3267 2345; baseline -0.007 -14"><span class='ocrx_word' id='word_1_340' title='bbox 2513 2275 2674 2345; x_wconf 81' lang='lat'><strong>199</strong></span> <span class='ocrx_word' id='word_1_341' title='bbox 2698 2262 3267 2329; x_wconf 68' lang='lat' dir='ltr'><strong>COMMENTARIUS.</strong></span> 
     </span>
    </p>
   </div>
   <div class='ocr_carea' id='block_1_46' title="bbox 501 2383 2001 2460">
    <p class='ocr_par' dir='ltr' id='par_1_46' title="bbox 501 2385 1998 2460">
     <span class='ocr_line' id='line_1_46' title="bbox 501 2385 1998 2460; baseline -0.001 -18"><span class='ocrx_word' id='word_1_342' title='bbox 501 2389 628 2442; x_wconf 86' lang='grc' dir='ltr'>Ὅτι</span> <span class='ocrx_word' id='word_1_343' title='bbox 660 2388 762 2458; x_wconf 71' lang='grc' dir='ltr'>μὲν</span> <span class='ocrx_word' id='word_1_344' title='bbox 796 2387 858 2440; x_wconf 74' lang='grc' dir='ltr'><strong>οὗ</strong></span> <span class='ocrx_word' id='word_1_345' title='bbox 886 2385 1197 2458; x_wconf 83' lang='grc' dir='ltr'>μεθύουσιν,</span> <span class='ocrx_word' id='word_1_346' title='bbox 1232 2387 1478 2460; x_wconf 73' lang='grc' dir='ltr'>[εὐθέως]</span> <span class='ocrx_word' id='word_1_347' title='bbox 1509 2388 1618 2442; x_wconf 73' lang='grc' dir='ltr'>ἀπὸ</span> <span class='ocrx_word' id='word_1_348' title='bbox 1675 2389 1773 2458; x_wconf 84' lang='grc' dir='ltr'><strong>τῆς</strong></span> <span class='ocrx_word' id='word_1_349' title='bbox 1813 2388 1998 2458; x_wconf 79' lang='grc' dir='ltr'>φωνῆς</span> 
     </span>
    </p>
   </div>
   <div class='ocr_carea' id='block_1_47' title="bbox 2105 2383 3674 2460">
    <p class='ocr_par' dir='ltr' id='par_1_47' title="bbox 2175 2383 3674 2460">
     <span class='ocr_line' id='line_1_47' title="bbox 2175 2383 3674 2460; baseline -0.003 -15"><span class='ocrx_word' id='word_1_350' title='bbox 2175 2390 2372 2445; x_wconf 86' lang='lat' dir='ltr'><strong>Statim</strong></span> <span class='ocrx_word' id='word_1_351' title='bbox 2413 2399 2530 2460; x_wconf 89' lang='lat' dir='ltr'><strong>post</strong></span> <span class='ocrx_word' id='word_1_352' title='bbox 2562 2388 2764 2444; x_wconf 79' lang='lat' dir='ltr'><strong>editam</strong></span> <span class='ocrx_word' id='word_1_353' title='bbox 2843 2402 3030 2442; x_wconf 81' lang='lat' dir='ltr'><strong>vocem</strong></span> <span class='ocrx_word' id='word_1_354' title='bbox 3055 2384 3298 2441; x_wconf 81' lang='lat' dir='ltr'><strong>ostendit</strong></span> <span class='ocrx_word' id='word_1_355' title='bbox 3344 2383 3538 2440; x_wconf 80' lang='lat' dir='ltr'><strong>Petrus</strong></span> <span class='ocrx_word' id='word_1_356' title='bbox 3565 2423 3582 2451; x_wconf 89' lang='lat'><strong>,</strong></span> <span class='ocrx_word' id='word_1_357' title='bbox 3613 2400 3674 2441; x_wconf 84' lang='lat' dir='ltr'><strong>se</strong></span> 
     </span>
    </p>
   </div>
   <div class='ocr_carea' id='block_1_48' title="bbox 429 2470 2001 2554">
    <p class='ocr_par' dir='ltr' id='par_1_48' title="bbox 429 2472 1997 2549">
     <span class='ocr_line' id='line_1_48' title="bbox 429 2472 1997 2549; baseline -0.001 -19"><span class='ocrx_word' id='word_1_358' title='bbox 429 2472 694 2549; x_wconf 70' lang='grc' dir='ltr'>ἐδήλωσεν</span> <span class='ocrx_word' id='word_1_359' title='bbox 723 2493 738 2508; x_wconf 89' lang='grc'><strong>·</strong></span> <span class='ocrx_word' id='word_1_360' title='bbox 768 2478 853 2531; x_wconf 84' lang='grc' dir='ltr'>ὅτι</span> <span class='ocrx_word' id='word_1_361' title='bbox 879 2477 933 2530; x_wconf 77' lang='grc' dir='ltr'>δὲ</span> <span class='ocrx_word' id='word_1_362' title='bbox 962 2478 1063 2530; x_wconf 78' lang='grc' dir='ltr'>οὐκ</span> <span class='ocrx_word' id='word_1_363' title='bbox 1096 2475 1416 2547; x_wconf 71' lang='grc' dir='ltr'>ὲξεστήκασι</span> <span class='ocrx_word' id='word_1_364' title='bbox 1461 2477 1713 2549; x_wconf 75' lang='grc' dir='ltr'>καθάπερ</span> <span class='ocrx_word' id='word_1_365' title='bbox 1758 2478 1809 2531; x_wconf 81' lang='lat' dir='ltr'><strong>oi</strong></span> <span class='ocrx_word' id='word_1_366' title='bbox 1860 2477 1997 2548; x_wconf 83' lang='grc' dir='ltr'>μάν·</span> 
     </span>
    </p>
   </div>
   <div class='ocr_carea' id='block_1_49' title="bbox 2105 2470 3727 2554">
    <p class='ocr_par' dir='ltr' id='par_1_49' title="bbox 2105 2470 3727 2554">
     <span class='ocr_line' id='line_1_49' title="bbox 2105 2470 3727 2554; baseline -0.004 -15"><span class='ocrx_word' id='word_1_367' title='bbox 2105 2478 2394 2554; x_wconf 87' lang='lat' dir='ltr'><strong>sociosque</strong></span> <span class='ocrx_word' id='word_1_368' title='bbox 2414 2497 2541 2536; x_wconf 89' lang='lat' dir='ltr'><strong>suos</strong></span> <span class='ocrx_word' id='word_1_369' title='bbox 2556 2481 2737 2536; x_wconf 88' lang='lat' dir='ltr'><strong>ebrios</strong></span> <span class='ocrx_word' id='word_1_370' title='bbox 2761 2494 2869 2534; x_wconf 93' lang='lat' dir='ltr'><strong>non</strong></span> <span class='ocrx_word' id='word_1_371' title='bbox 2892 2494 3033 2545; x_wconf 85' lang='lat' dir='ltr'><strong>esse,</strong></span> <span class='ocrx_word' id='word_1_372' title='bbox 3058 2493 3157 2533; x_wconf 87' lang='lat' dir='ltr'><strong>nec</strong></span> <span class='ocrx_word' id='word_1_373' title='bbox 3189 2478 3372 2533; x_wconf 82' lang='lat' dir='ltr'><strong>furore</strong></span> <span class='ocrx_word' id='word_1_374' title='bbox 3389 2485 3673 2547; x_wconf 85' lang='lat' dir='ltr'><strong>correptos</strong></span> <span class='ocrx_word' id='word_1_375' title='bbox 3722 2470 3727 2479; x_wconf 78' lang='grc'>’</span> 
     </span>
    </p>
   </div>
   <div class='ocr_carea' id='block_1_50' title="bbox 429 2564 2001 2643">
    <p class='ocr_par' dir='ltr' id='par_1_50' title="bbox 429 2566 1999 2638">
     <span class='ocr_line' id='line_1_50' title="bbox 429 2566 1999 2638; baseline -0.001 -16"><span class='ocrx_word' id='word_1_376' title='bbox 429 2582 564 2634; x_wconf 73' lang='grc' dir='ltr'>ταις,</span> <span class='ocrx_word' id='word_1_377' title='bbox 597 2568 693 2623; x_wconf 71' lang='grc' dir='ltr'><strong>καὶ</strong></span> <span class='ocrx_word' id='word_1_378' title='bbox 725 2567 904 2631; x_wconf 78' lang='grc' dir='ltr'>τοῦτο,</span> <span class='ocrx_word' id='word_1_379' title='bbox 946 2568 1028 2621; x_wconf 83' lang='grc' dir='ltr'>ὅτι</span> <span class='ocrx_word' id='word_1_380' title='bbox 1077 2568 1179 2621; x_wconf 79' lang='grc' dir='ltr'>οὐκ</span> <span class='ocrx_word' id='word_1_381' title='bbox 1235 2568 1451 2638; x_wconf 81' lang='grc' dir='ltr'><strong>ἀνάγκῃ</strong></span> <span class='ocrx_word' id='word_1_382' title='bbox 1551 2568 1886 2637; x_wconf 78' lang='grc' dir='ltr'>κατείχοντο.</span> <span class='ocrx_word' id='word_1_383' title='bbox 1931 2566 1999 2621; x_wconf 87' lang='grc' dir='ltr'>Τί</span> 
     </span>
    </p>
   </div>
   <div class='ocr_carea' id='block_1_51' title="bbox 2105 2564 3670 2643">
    <p class='ocr_par' dir='ltr' id='par_1_51' title="bbox 2105 2564 3670 2643">
     <span class='ocr_line' id='line_1_51' title="bbox 2105 2564 3670 2643; baseline -0.007 -11"><span class='ocrx_word' id='word_1_384' title='bbox 2105 2579 2280 2632; x_wconf 88' lang='lat' dir='ltr'><strong>instar</strong></span> <span class='ocrx_word' id='word_1_385' title='bbox 2303 2564 2485 2629; x_wconf 53' lang='lat' dir='ltr'><strong>vatu&#39;m</strong></span> <span class='ocrx_word' id='word_1_386' title='bbox 2515 2575 2590 2643; x_wconf 86' lang='lat'><strong>(6)</strong></span> <span class='ocrx_word' id='word_1_387' title='bbox 2626 2588 2801 2642; x_wconf 88' lang='lat' dir='ltr'><strong>neque</strong></span> <span class='ocrx_word' id='word_1_388' title='bbox 2828 2573 2933 2625; x_wconf 89' lang='lat' dir='ltr'><strong>ulla</strong></span> <span class='ocrx_word' id='word_1_389' title='bbox 2962 2572 3290 2626; x_wconf 85' lang='lat' dir='ltr'><strong>necessitate</strong></span> <span class='ocrx_word' id='word_1_390' title='bbox 3317 2569 3670 2640; x_wconf 61' lang='lat' dir='ltr'><strong>detineri”).</strong></span> 
     </span>
    </p>
   </div>
   <div class='ocr_carea' id='block_1_52' title="bbox 430 2659 2001 2738">
    <p class='ocr_par' dir='ltr' id='par_1_52' title="bbox 430 2659 1998 2731">
     <span class='ocr_line' id='line_1_52' title="bbox 430 2659 1998 2731; baseline 0 -19"><span class='ocrx_word' id='word_1_391' title='bbox 430 2661 487 2713; x_wconf 78' lang='grc' dir='ltr'>δέ</span> <span class='ocrx_word' id='word_1_392' title='bbox 524 2664 659 2725; x_wconf 73' lang='grc' dir='ltr'>ἐστι,</span> <span class='ocrx_word' id='word_1_393' title='bbox 697 2680 715 2712; x_wconf 75' lang='grc' dir='ltr'><strong>ι</strong></span> <span class='ocrx_word' id='word_1_394' title='bbox 740 2662 834 2715; x_wconf 82' lang='grc' dir='ltr'><strong>σὺν</strong></span> <span class='ocrx_word' id='word_1_395' title='bbox 871 2663 983 2723; x_wconf 81' lang='grc' dir='ltr'>τοῖς</span> <span class='ocrx_word' id='word_1_396' title='bbox 1013 2660 1249 2726; x_wconf 69' lang='grc' dir='ltr'>ἓνδεκας</span> <span class='ocrx_word' id='word_1_397' title='bbox 1286 2679 1304 2711; x_wconf 76' lang='lat' dir='ltr'><strong>i</strong></span> <span class='ocrx_word' id='word_1_398' title='bbox 1340 2659 1599 2713; x_wconf 82' lang='grc' dir='ltr'>Τουτέστι</span> <span class='ocrx_word' id='word_1_399' title='bbox 1630 2660 1818 2730; x_wconf 84' lang='grc' dir='ltr'>κοινὴν</span> <span class='ocrx_word' id='word_1_400' title='bbox 1864 2677 1998 2731; x_wconf 77' lang='grc' dir='ltr'>προ-</span> 
     </span>
    </p>
   </div>
   <div class='ocr_carea' id='block_1_53' title="bbox 2105 2659 3673 2738">
    <p class='ocr_par' dir='ltr' id='par_1_53' title="bbox 2105 2662 3673 2738">
     <span class='ocr_line' id='line_1_53' title="bbox 2105 2662 3673 2738; baseline -0.004 -16"><span class='ocrx_word' id='word_1_401' title='bbox 2105 2672 2171 2722; x_wconf 84' lang='grc' dir='ltr'><strong>Δῑ</strong></span> <span class='ocrx_word' id='word_1_402' title='bbox 2196 2668 2324 2738; x_wconf 89' lang='lat' dir='ltr'><strong>quid</strong></span> <span class='ocrx_word' id='word_1_403' title='bbox 2374 2666 2475 2721; x_wconf 84' lang='lat' dir='ltr'><strong>sibi</strong></span> <span class='ocrx_word' id='word_1_404' title='bbox 2508 2666 2640 2721; x_wconf 90' lang='lat' dir='ltr'><strong>illud</strong></span> <span class='ocrx_word' id='word_1_405' title='bbox 2679 2665 2813 2732; x_wconf 76' lang='lat' dir='ltr'><strong>vult,</strong></span> <span class='ocrx_word' id='word_1_406' title='bbox 2848 2682 2867 2717; x_wconf 80' lang='grc' dir='ltr'><strong>ι</strong></span> <span class='ocrx_word' id='word_1_407' title='bbox 2904 2679 3023 2717; x_wconf 88' lang='lat' dir='ltr'><strong>cum</strong></span> <span class='ocrx_word' id='word_1_408' title='bbox 3051 2662 3341 2719; x_wconf 79' lang='lat' dir='ltr'><strong>undecim?</strong></span> <span class='ocrx_word' id='word_1_409' title='bbox 3387 2681 3407 2715; x_wconf 74' lang='grc' dir='ltr'><strong>ι</strong></span> <span class='ocrx_word' id='word_1_410' title='bbox 3451 2662 3673 2717; x_wconf 84' lang='lat' dir='ltr'><strong>Scilicet</strong></span> 
     </span>
    </p>
   </div>
   <div class='ocr_carea' id='block_1_54' title="bbox 431 2746 1999 2822">
    <p class='ocr_par' dir='ltr' id='par_1_54' title="bbox 431 2746 1999 2822">
     <span class='ocr_line' id='line_1_54' title="bbox 431 2746 1999 2822; baseline 0 -19"><span class='ocrx_word' id='word_1_411' title='bbox 431 2746 917 2821; x_wconf 60' lang='lat' dir='ltr'><strong>66d).0wo‘gpmvl;v,</strong></span> <span class='ocrx_word' id='word_1_412' title='bbox 946 2750 1039 2803; x_wconf 76' lang='grc' dir='ltr'><strong>καὶ</strong></span> <span class='ocrx_word' id='word_1_413' title='bbox 1059 2751 1277 2803; x_wconf 64' lang='grc' dir='ltr'>πάντων</span> <span class='ocrx_word' id='word_1_414' title='bbox 1310 2748 1516 2821; x_wconf 72' lang='grc' dir='ltr'>[αὐτὸς]</span> <span class='ocrx_word' id='word_1_415' title='bbox 1537 2747 1604 2822; x_wconf 81' lang='grc' dir='ltr'><strong>ἦν</strong></span> <span class='ocrx_word' id='word_1_416' title='bbox 1628 2748 1823 2819; x_wconf 86' lang='grc' dir='ltr'>στόμα,</span> <span class='ocrx_word' id='word_1_417' title='bbox 1856 2767 1999 2821; x_wconf 76' lang='grc' dir='ltr'>παρ-</span> 
     </span>
    </p>
   </div>
   <div class='ocr_carea' id='block_1_55' title="bbox 432 2840 2000 2913">
    <p class='ocr_par' dir='ltr' id='par_1_55' title="bbox 432 2840 2000 2913">
     <span class='ocr_line' id='line_1_55' title="bbox 432 2840 2000 2913; baseline -0.002 -19"><span class='ocrx_word' id='word_1_418' title='bbox 432 2844 694 2913; x_wconf 82' lang='grc' dir='ltr'>εστήκασι</span> <span class='ocrx_word' id='word_1_419' title='bbox 742 2841 801 2895; x_wconf 71' lang='grc' dir='ltr'>δὲ</span> <span class='ocrx_word' id='word_1_420' title='bbox 850 2844 898 2894; x_wconf 89' lang='grc' dir='ltr'><strong>οί</strong></span> <span class='ocrx_word' id='word_1_421' title='bbox 932 2840 1123 2895; x_wconf 67' lang='grc' dir='ltr'>ἕνδεκα</span> <span class='ocrx_word' id='word_1_422' title='bbox 1166 2840 1572 2913; x_wconf 81' lang='grc' dir='ltr'>μαρτυροῦντες</span> <span class='ocrx_word' id='word_1_423' title='bbox 1614 2843 1729 2905; x_wconf 85' lang='grc' dir='ltr'>τοῖς</span> <span class='ocrx_word' id='word_1_424' title='bbox 1767 2840 2000 2909; x_wconf 78' lang='grc' dir='ltr'>λεγομέ-</span> 
     </span>
    </p>
   </div>
   <div class='ocr_carea' id='block_1_56' title="bbox 433 2924 2002 3002">
    <p class='ocr_par' dir='ltr' id='par_1_56' title="bbox 433 2924 2002 3002">
     <span class='ocr_line' id='line_1_56' title="bbox 433 2924 2002 3002; baseline -0.003 -15"><span class='ocrx_word' id='word_1_425' title='bbox 433 2951 564 2998; x_wconf 73' lang='grc' dir='ltr'>νοις.</span> <span class='ocrx_word' id='word_1_426' title='bbox 611 2924 893 3002; x_wconf 66' lang='grc' dir='ltr'>Σιώπησον</span> <span class='ocrx_word' id='word_1_427' title='bbox 915 2933 971 2986; x_wconf 76' lang='grc' dir='ltr'>δὲ</span> <span class='ocrx_word' id='word_1_428' title='bbox 998 2933 1102 2987; x_wconf 84' lang='grc' dir='ltr'><strong>τῶν</strong></span> <span class='ocrx_word' id='word_1_429' title='bbox 1132 2933 1446 2986; x_wconf 76' lang='grc' dir='ltr'>ἀποστόλων</span> <span class='ocrx_word' id='word_1_430' title='bbox 1474 2932 1573 3002; x_wconf 76' lang='grc' dir='ltr'>τὴν</span> <span class='ocrx_word' id='word_1_431' title='bbox 1594 2932 1867 3002; x_wconf 70' lang='grc' dir='ltr'>ὁμόνοιαν.</span> <span class='ocrx_word' id='word_1_432' title='bbox 1895 2930 2002 2985; x_wconf 70' lang='lat' dir='ltr'><strong>A6-</strong></span> 
     </span>
    </p>
   </div>
   <div class='ocr_carea' id='block_1_57' title="bbox 432 3021 2003 3094">
    <p class='ocr_par' dir='ltr' id='par_1_57' title="bbox 432 3021 2003 3094">
     <span class='ocr_line' id='line_1_57' title="bbox 432 3021 2003 3094; baseline -0.002 -17"><span class='ocrx_word' id='word_1_433' title='bbox 432 3025 517 3078; x_wconf 69' lang='grc' dir='ltr'>τοὶ</span> <span class='ocrx_word' id='word_1_434' title='bbox 545 3023 905 3093; x_wconf 82' lang='grc' dir='ltr'>παρεχώρουν</span> <span class='ocrx_word' id='word_1_435' title='bbox 935 3021 1132 3094; x_wconf 72' lang='grc' dir='ltr'>[αὐτῷ]</span> <span class='ocrx_word' id='word_1_436' title='bbox 1165 3022 1235 3076; x_wconf 84' lang='grc' dir='ltr'>τὰ</span> <span class='ocrx_word' id='word_1_437' title='bbox 1260 3027 1358 3094; x_wconf 81' lang='grc' dir='ltr'><strong>τῆς</strong></span> <span class='ocrx_word' id='word_1_438' title='bbox 1383 3023 1722 3094; x_wconf 83' lang='grc' dir='ltr'>δημηγορίας</span> <span class='ocrx_word' id='word_1_439' title='bbox 1754 3038 1769 3053; x_wconf 83' lang='grc'><em>’</em></span> <span class='ocrx_word' id='word_1_440' title='bbox 1806 3023 1865 3075; x_wconf 83' lang='grc' dir='ltr'>οὐ</span> <span class='ocrx_word' id='word_1_441' title='bbox 1894 3022 2003 3091; x_wconf 78' lang='grc' dir='ltr'><strong>γὰρ</strong></span> 
     </span>
    </p>
   </div>
   <div class='ocr_carea' id='block_1_58' title="bbox 433 3112 2003 3186">
    <p class='ocr_par' dir='ltr' id='par_1_58' title="bbox 433 3112 2003 3186">
     <span class='ocr_line' id='line_1_58' title="bbox 433 3112 2003 3186; baseline 0 -20"><span class='ocrx_word' id='word_1_442' title='bbox 433 3114 541 3167; x_wconf 71' lang='grc' dir='ltr'>ἔδει</span> <span class='ocrx_word' id='word_1_443' title='bbox 567 3115 776 3176; x_wconf 65' lang='grc' dir='ltr'>πάντας</span> <span class='ocrx_word' id='word_1_444' title='bbox 805 3112 1159 3182; x_wconf 77' lang='grc' dir='ltr'>φθέγγεσθαι.</span> <span class='ocrx_word' id='word_1_445' title='bbox 1189 3114 1261 3166; x_wconf 77' lang='grc' dir='ltr'><strong>Τὸ</strong></span> <span class='ocrx_word' id='word_1_446' title='bbox 1290 3114 1347 3168; x_wconf 82' lang='grc' dir='ltr'>δὲ</span> <span class='ocrx_word' id='word_1_447' title='bbox 1378 3114 1437 3166; x_wconf 75' lang='grc' dir='ltr'>ἐν</span> <span class='ocrx_word' id='word_1_448' title='bbox 1462 3115 1624 3186; x_wconf 83' lang='grc' dir='ltr'>τρίτῃ</span> <span class='ocrx_word' id='word_1_449' title='bbox 1649 3113 1769 3184; x_wconf 72' lang='grc' dir='ltr'><strong>ὥρᾳ</strong></span> <span class='ocrx_word' id='word_1_450' title='bbox 1825 3114 2003 3166; x_wconf 80' lang='grc' dir='ltr'>ταῦτα</span> 
     </span>
    </p>
   </div>
   <div class='ocr_carea' id='block_1_59' title="bbox 434 3201 2001 3273">
    <p class='ocr_par' dir='ltr' id='par_1_59' title="bbox 434 3201 2001 3273">
     <span class='ocr_line' id='line_1_59' title="bbox 434 3201 2001 3273; baseline -0.001 -18"><span class='ocrx_word' id='word_1_451' title='bbox 434 3201 705 3271; x_wconf 77' lang='grc' dir='ltr'>γενέσθαι,</span> <span class='ocrx_word' id='word_1_452' title='bbox 731 3202 827 3272; x_wconf 74' lang='grc' dir='ltr'>οὐχ</span> <span class='ocrx_word' id='word_1_453' title='bbox 842 3203 1048 3265; x_wconf 77' lang='grc' dir='ltr'>ἁπλῶς.</span> <span class='ocrx_word' id='word_1_454' title='bbox 1082 3203 1213 3255; x_wconf 81' lang='grc' dir='ltr'>Τότε</span> <span class='ocrx_word' id='word_1_455' title='bbox 1231 3203 1339 3271; x_wconf 82' lang='grc' dir='ltr'><strong>γὰρ</strong></span> <span class='ocrx_word' id='word_1_456' title='bbox 1355 3203 1416 3255; x_wconf 80' lang='grc' dir='ltr'>τὸ</span> <span class='ocrx_word' id='word_1_457' title='bbox 1442 3203 1693 3273; x_wconf 80' lang='grc' dir='ltr'>λαμπρὸν</span> <span class='ocrx_word' id='word_1_458' title='bbox 1716 3201 1811 3254; x_wconf 83' lang='grc' dir='ltr'>τοῦ</span> <span class='ocrx_word' id='word_1_459' title='bbox 1834 3202 2001 3271; x_wconf 77' lang='grc' dir='ltr'>πυρὸς</span> 
     </span>
    </p>
   </div>
   <div class='ocr_carea' id='block_1_60' title="bbox 432 3291 1999 3363">
    <p class='ocr_par' dir='ltr' id='par_1_60' title="bbox 432 3291 1999 3363">
     <span class='ocr_line' id='line_1_60' title="bbox 432 3291 1999 3363; baseline -0.002 -16"><span class='ocrx_word' id='word_1_460' title='bbox 432 3294 727 3354; x_wconf 75' lang='grc' dir='ltr'>δείκνυται,</span> <span class='ocrx_word' id='word_1_461' title='bbox 757 3293 877 3344; x_wconf 81' lang='grc' dir='ltr'>τότε</span> <span class='ocrx_word' id='word_1_462' title='bbox 903 3293 1029 3359; x_wconf 77' lang='grc' dir='ltr'>περὶ</span> <span class='ocrx_word' id='word_1_463' title='bbox 1064 3291 1200 3361; x_wconf 78' lang='grc' dir='ltr'>ἔργα</span> <span class='ocrx_word' id='word_1_464' title='bbox 1232 3291 1519 3363; x_wconf 71' lang='grc' dir='ltr'>τρέχουσιν</span> <span class='ocrx_word' id='word_1_465' title='bbox 1549 3294 1570 3325; x_wconf 82' lang='grc'><strong>⁸</strong></span> <span class='ocrx_word' id='word_1_466' title='bbox 1593 3293 1644 3345; x_wconf 75' lang='grc' dir='ltr'>οἱ</span> <span class='ocrx_word' id='word_1_467' title='bbox 1691 3291 1999 3363; x_wconf 73' lang='grc' dir='ltr'>ἄνθρωποι,</span> 
     </span>
    </p>
   </div>
   <div class='ocr_carea' id='block_1_61' title="bbox 432 3382 2001 3455">
    <p class='ocr_par' dir='ltr' id='par_1_61' title="bbox 432 3382 2001 3455">
     <span class='ocr_line' id='line_1_61' title="bbox 432 3382 2001 3455; baseline -0.002 -16"><span class='ocrx_word' id='word_1_468' title='bbox 432 3385 668 3455; x_wconf 70' lang='grc' dir='ltr'>ὃτεπερὶ</span> <span class='ocrx_word' id='word_1_469' title='bbox 690 3384 710 3416; x_wconf 83' lang='grc'><strong>⁷</strong></span> <span class='ocrx_word' id='word_1_470' title='bbox 740 3383 982 3451; x_wconf 69' lang='grc' dir='ltr'>ἄριστον,</span> <span class='ocrx_word' id='word_1_471' title='bbox 1008 3384 1095 3436; x_wconf 77' lang='grc' dir='ltr'><strong>ὅτε</strong></span> <span class='ocrx_word' id='word_1_472' title='bbox 1125 3383 1357 3455; x_wconf 79' lang='grc' dir='ltr'>λαμπρὰ</span> <span class='ocrx_word' id='word_1_473' title='bbox 1381 3386 1414 3454; x_wconf 76' lang='grc' dir='ltr'>ἡ</span> <span class='ocrx_word' id='word_1_474' title='bbox 1447 3382 1654 3455; x_wconf 79' lang='grc' dir='ltr'>ἡμέρα,</span> <span class='ocrx_word' id='word_1_475' title='bbox 1680 3385 1767 3437; x_wconf 83' lang='grc' dir='ltr'><strong>δτε</strong></span> <span class='ocrx_word' id='word_1_476' title='bbox 1799 3384 2001 3447; x_wconf 83' lang='grc' dir='ltr'>πάντες</span> 
     </span>
    </p>
   </div>
   <div class='ocr_carea' id='block_1_62' title="bbox 435 3474 2001 3546">
    <p class='ocr_par' dir='ltr' id='par_1_62' title="bbox 435 3474 2001 3546">
     <span class='ocr_line' id='line_1_62' title="bbox 435 3474 2001 3546; baseline -0.001 -16"><span class='ocrx_word' id='word_1_477' title='bbox 435 3479 573 3531; x_wconf 77' lang='grc' dir='ltr'>εἰσὶν</span> <span class='ocrx_word' id='word_1_478' title='bbox 590 3475 679 3531; x_wconf 66' lang='grc' dir='ltr'><strong>ἐπ’</strong></span> <span class='ocrx_word' id='word_1_479' title='bbox 700 3476 929 3546; x_wconf 73' lang='grc' dir='ltr'>ἀγορᾶς.</span> <span class='ocrx_word' id='word_1_480' title='bbox 950 3494 968 3527; x_wconf 76' lang='grc' dir='ltr'><strong>ι</strong></span> <span class='ocrx_word' id='word_1_481' title='bbox 995 3475 1103 3528; x_wconf 76' lang='grc' dir='ltr'><strong>Καὶ</strong></span> <span class='ocrx_word' id='word_1_482' title='bbox 1134 3475 1288 3528; x_wconf 78' lang='grc' dir='ltr'>ἔσται</span> <span class='ocrx_word' id='word_1_483' title='bbox 1313 3475 1449 3546; x_wconf 78' lang='grc' dir='ltr'>μετὰ</span> <span class='ocrx_word' id='word_1_484' title='bbox 1478 3475 1669 3529; x_wconf 81' lang='grc' dir='ltr'>ταῦτα.</span> <span class='ocrx_word' id='word_1_485' title='bbox 1684 3493 1703 3527; x_wconf 71' lang='grc' dir='ltr'><strong>ι</strong></span> <span class='ocrx_word' id='word_1_486' title='bbox 1718 3474 2001 3529; x_wconf 79' lang='grc' dir='ltr'>Δείκνυσιν</span> 
     </span>
    </p>
   </div>
   <div class='ocr_carea' id='block_1_63' title="bbox 435 3562 2000 3635">
    <p class='ocr_par' dir='ltr' id='par_1_63' title="bbox 435 3562 2000 3635">
     <span class='ocr_line' id='line_1_63' title="bbox 435 3562 2000 3635; baseline -0.002 -15"><span class='ocrx_word' id='word_1_487' title='bbox 435 3567 630 3629; x_wconf 75' lang='grc' dir='ltr'>αὐτοὺς</span> <span class='ocrx_word' id='word_1_488' title='bbox 660 3565 1108 3635; x_wconf 73' lang='grc' dir='ltr'>εὐδοκιμηκότας,</span> <span class='ocrx_word' id='word_1_489' title='bbox 1160 3562 1256 3618; x_wconf 77' lang='grc' dir='ltr'>ἆτε</span> <span class='ocrx_word' id='word_1_490' title='bbox 1283 3562 1713 3630; x_wconf 79' lang='grc' dir='ltr'>καταξιωθέντας</span> <span class='ocrx_word' id='word_1_491' title='bbox 1763 3565 1864 3635; x_wconf 81' lang='grc' dir='ltr'><strong>τῆς</strong></span> <span class='ocrx_word' id='word_1_492' title='bbox 1904 3563 2000 3618; x_wconf 81' lang='grc' dir='ltr'><strong>τοῦ</strong></span> 
     </span>
    </p>
   </div>
   <div class='ocr_carea' id='block_1_64' title="bbox 436 3655 1999 3728">
    <p class='ocr_par' dir='ltr' id='par_1_64' title="bbox 436 3655 1999 3728">
     <span class='ocr_line' id='line_1_64' title="bbox 436 3655 1999 3728; baseline -0.001 -18"><span class='ocrx_word' id='word_1_493' title='bbox 436 3657 704 3724; x_wconf 82' lang='grc' dir='ltr'>παναγίου</span> <span class='ocrx_word' id='word_1_494' title='bbox 735 3656 1049 3726; x_wconf 82' lang='grc' dir='ltr'>Πνεύματος</span> <span class='ocrx_word' id='word_1_495' title='bbox 1080 3657 1323 3728; x_wconf 80' lang='grc' dir='ltr'>χάριτος·</span> <span class='ocrx_word' id='word_1_496' title='bbox 1359 3660 1453 3710; x_wconf 64' lang='grc' dir='ltr'><strong>καὶ</strong></span> <span class='ocrx_word' id='word_1_497' title='bbox 1476 3658 1564 3711; x_wconf 75' lang='grc' dir='ltr'>διὰ</span> <span class='ocrx_word' id='word_1_498' title='bbox 1588 3655 1682 3710; x_wconf 86' lang='grc' dir='ltr'><strong>τοῦ</strong></span> <span class='ocrx_word' id='word_1_499' title='bbox 1718 3655 1999 3728; x_wconf 80' lang='grc' dir='ltr'>προφήτου</span> 
     </span>
    </p>
   </div>
   <div class='ocr_carea' id='block_1_65' title="bbox 436 3746 2003 3819">
    <p class='ocr_par' dir='ltr' id='par_1_65' title="bbox 436 3746 2003 3819">
     <span class='ocr_line' id='line_1_65' title="bbox 436 3746 2003 3819; baseline -0.001 -17"><span class='ocrx_word' id='word_1_500' title='bbox 436 3748 934 3817; x_wconf 81' lang='grc' dir='ltr'>κατεπαγγέλλεται</span> <span class='ocrx_word' id='word_1_501' title='bbox 998 3749 1181 3819; x_wconf 78' lang='grc' dir='ltr'>σαφῶς</span> <span class='ocrx_word' id='word_1_502' title='bbox 1212 3763 1226 3777; x_wconf 93' lang='grc'><strong>·</strong></span> <span class='ocrx_word' id='word_1_503' title='bbox 1266 3749 1363 3818; x_wconf 83' lang='grc' dir='ltr'><strong>τὴν</strong></span> <span class='ocrx_word' id='word_1_504' title='bbox 1399 3746 1486 3802; x_wconf 78' lang='grc' dir='ltr'><strong>διὰ</strong></span> <span class='ocrx_word' id='word_1_505' title='bbox 1528 3747 1626 3800; x_wconf 81' lang='grc' dir='ltr'><strong>τοῦ</strong></span> <span class='ocrx_word' id='word_1_506' title='bbox 1680 3749 2003 3818; x_wconf 84' lang='grc' dir='ltr'>Πνεύματος</span> 
     </span>
    </p>
   </div>
   <div class='ocr_carea' id='block_1_66' title="bbox 439 3836 2005 3910">
    <p class='ocr_par' dir='ltr' id='par_1_66' title="bbox 439 3836 2005 3910">
     <span class='ocr_line' id='line_1_66' title="bbox 439 3836 2005 3910; baseline -0.001 -19"><span class='ocrx_word' id='word_1_507' title='bbox 439 3838 631 3908; x_wconf 67' lang='grc' dir='ltr'>δαψιλῆ</span> <span class='ocrx_word' id='word_1_508' title='bbox 690 3838 973 3909; x_wconf 77' lang='grc' dir='ltr'>χορηγίαν,</span> <span class='ocrx_word' id='word_1_509' title='bbox 1033 3841 1099 3910; x_wconf 70' lang='grc' dir='ltr'>ἣν</span> <span class='ocrx_word' id='word_1_510' title='bbox 1122 3839 1214 3891; x_wconf 79' lang='grc' dir='ltr'>καὶ</span> <span class='ocrx_word' id='word_1_511' title='bbox 1271 3836 1526 3909; x_wconf 79' lang='grc' dir='ltr'>ἀπαρχὴν</span> <span class='ocrx_word' id='word_1_512' title='bbox 1583 3837 1774 3909; x_wconf 85' lang='grc' dir='ltr'>ὥσπερ</span> <span class='ocrx_word' id='word_1_513' title='bbox 1819 3840 2005 3902; x_wconf 80' lang='grc' dir='ltr'>αὐτοῖς</span> 
     </span>
    </p>
   </div>
   <div class='ocr_carea' id='block_1_67' title="bbox 440 3927 2003 4000">
    <p class='ocr_par' dir='ltr' id='par_1_67' title="bbox 440 3927 2003 4000">
     <span class='ocr_line' id='line_1_67' title="bbox 440 3927 2003 4000; baseline 0.001 -20"><span class='ocrx_word' id='word_1_514' title='bbox 440 3928 777 3998; x_wconf 72' lang='grc' dir='ltr'>ἐδωρήσατο.</span> <span class='ocrx_word' id='word_1_515' title='bbox 852 3927 1289 3996; x_wconf 79' lang='grc' dir='ltr'>Ἀπεφθέγγοντο</span> <span class='ocrx_word' id='word_1_516' title='bbox 1364 3929 1476 3998; x_wconf 80' lang='grc' dir='ltr'><strong>γὰρ</strong></span> <span class='ocrx_word' id='word_1_517' title='bbox 1542 3928 2003 4000; x_wconf 78' lang='grc' dir='ltr'>προφητεύοντες,</span> 
     </span>
    </p>
   </div>
   <div class='ocr_carea' id='block_1_68' title="bbox 440 4017 2004 4090">
    <p class='ocr_par' dir='ltr' id='par_1_68' title="bbox 440 4017 2004 4090">
     <span class='ocr_line' id='line_1_68' title="bbox 440 4017 2004 4090; baseline 0 -19"><span class='ocrx_word' id='word_1_518' title='bbox 440 4018 609 4088; x_wconf 61' lang='lat' dir='ltr'><strong>{now</strong></span> <span class='ocrx_word' id='word_1_519' title='bbox 634 4018 904 4080; x_wconf 73' lang='grc' dir='ltr'>συνιέντες</span> <span class='ocrx_word' id='word_1_520' title='bbox 934 4032 993 4070; x_wconf 83' lang='grc' dir='ltr'><strong>τε</strong></span> <span class='ocrx_word' id='word_1_521' title='bbox 1023 4018 1117 4071; x_wconf 74' lang='grc' dir='ltr'>καὶ</span> <span class='ocrx_word' id='word_1_522' title='bbox 1151 4017 1424 4086; x_wconf 81' lang='grc' dir='ltr'>λέγοντες,</span> <span class='ocrx_word' id='word_1_523' title='bbox 1455 4018 1523 4070; x_wconf 62' lang='grc' dir='ltr'>τὰ</span> <span class='ocrx_word' id='word_1_524' title='bbox 1577 4018 1667 4072; x_wconf 70' lang='grc' dir='ltr'>διὰ</span> <span class='ocrx_word' id='word_1_525' title='bbox 1720 4019 1829 4073; x_wconf 84' lang='grc' dir='ltr'>τῶν</span> <span class='ocrx_word' id='word_1_526' title='bbox 1864 4031 2004 4090; x_wconf 81' lang='grc' dir='ltr'>προ-</span> 
     </span>
    </p>
   </div>
   <div class='ocr_carea' id='block_1_69' title="bbox 2105 2753 3671 2824">
    <p class='ocr_par' dir='ltr' id='par_1_69' title="bbox 2105 2753 3671 2824">
     <span class='ocr_line' id='line_1_69' title="bbox 2105 2753 3671 2824; baseline -0.005 -11"><span class='ocrx_word' id='word_1_527' title='bbox 2105 2773 2448 2813; x_wconf 86' lang='lat' dir='ltr'><strong>communem</strong></span> <span class='ocrx_word' id='word_1_528' title='bbox 2504 2756 2826 2812; x_wconf 77' lang='lat' dir='ltr'><strong>emittebant</strong></span> <span class='ocrx_word' id='word_1_529' title='bbox 2884 2769 3094 2821; x_wconf 76' lang='lat' dir='ltr'><strong>vocem,</strong></span> <span class='ocrx_word' id='word_1_530' title='bbox 3120 2762 3175 2809; x_wconf 89' lang='lat' dir='ltr'><strong>et</strong></span> <span class='ocrx_word' id='word_1_531' title='bbox 3202 2754 3316 2824; x_wconf 88' lang='lat' dir='ltr'><strong>ipse</strong></span> <span class='ocrx_word' id='word_1_532' title='bbox 3343 2768 3406 2808; x_wconf 91' lang='lat' dir='ltr'><strong>os</strong></span> <span class='ocrx_word' id='word_1_533' title='bbox 3428 2753 3671 2807; x_wconf 82' lang='lat' dir='ltr'><strong>omnium</strong></span> 
     </span>
    </p>
   </div>
   <div class='ocr_carea' id='block_1_70' title="bbox 2106 2844 3671 2917">
    <p class='ocr_par' dir='ltr' id='par_1_70' title="bbox 2106 2844 3671 2917">
     <span class='ocr_line' id='line_1_70' title="bbox 2106 2844 3671 2917; baseline -0.008 -13"><span class='ocrx_word' id='word_1_534' title='bbox 2106 2859 2220 2904; x_wconf 85' lang='lat' dir='ltr'><strong>erat</strong></span> <span class='ocrx_word' id='word_1_535' title='bbox 2248 2865 2264 2914; x_wconf 90' lang='lat'><strong>;</strong></span> <span class='ocrx_word' id='word_1_536' title='bbox 2296 2849 2547 2903; x_wconf 78' lang='lat' dir='ltr'><strong>astabant</strong></span> <span class='ocrx_word' id='word_1_537' title='bbox 2572 2847 2834 2917; x_wconf 81' lang='lat' dir='ltr'><strong>siquidem</strong></span> <span class='ocrx_word' id='word_1_538' title='bbox 2888 2846 3161 2911; x_wconf 85' lang='lat' dir='ltr'><strong>undecim,</strong></span> <span class='ocrx_word' id='word_1_539' title='bbox 3195 2844 3508 2901; x_wconf 87' lang='lat' dir='ltr'><strong>testimonio</strong></span> <span class='ocrx_word' id='word_1_540' title='bbox 3549 2856 3671 2907; x_wconf 84' lang='lat' dir='ltr'><strong>suo,</strong></span> 
     </span>
    </p>
   </div>
   <div class='ocr_carea' id='block_1_71' title="bbox 2104 2933 3671 3011">
    <p class='ocr_par' dir='ltr' id='par_1_71' title="bbox 2104 2933 3671 3011">
     <span class='ocr_line' id='line_1_71' title="bbox 2104 2933 3671 3011; baseline -0.004 -18"><span class='ocrx_word' id='word_1_541' title='bbox 2104 2957 2224 3011; x_wconf 62' lang='lat' dir='ltr'><strong>qum</strong></span> <span class='ocrx_word' id='word_1_542' title='bbox 2259 2942 2326 2995; x_wconf 90' lang='lat' dir='ltr'><strong>ab</strong></span> <span class='ocrx_word' id='word_1_543' title='bbox 2356 2942 2475 3009; x_wconf 89' lang='lat' dir='ltr'><strong>ipso</strong></span> <span class='ocrx_word' id='word_1_544' title='bbox 2509 2940 2848 3002; x_wconf 89' lang='lat' dir='ltr'><strong>dicebantur,</strong></span> <span class='ocrx_word' id='word_1_545' title='bbox 2904 2938 3310 2992; x_wconf 84' lang='lat' dir='ltr'><strong>eonlirmantes.</strong></span> <span class='ocrx_word' id='word_1_546' title='bbox 3368 2933 3671 2990; x_wconf 79' lang='lat' dir='ltr'><strong>Considera</strong></span> 
     </span>
    </p>
   </div>
   <div class='ocr_carea' id='block_1_72' title="bbox 2104 3023 3676 3100">
    <p class='ocr_par' dir='ltr' id='par_1_72' title="bbox 2104 3023 3676 3100">
     <span class='ocr_line' id='line_1_72' title="bbox 2104 3023 3676 3100; baseline -0.01 -13"><span class='ocrx_word' id='word_1_547' title='bbox 2104 3047 2234 3087; x_wconf 90' lang='lat' dir='ltr'><strong>vero</strong></span> <span class='ocrx_word' id='word_1_548' title='bbox 2273 3030 2644 3100; x_wconf 87' lang='lat' dir='ltr'><strong>apostolorum</strong></span> <span class='ocrx_word' id='word_1_549' title='bbox 2719 3028 3093 3082; x_wconf 87' lang='lat' dir='ltr'><strong>concordiam.</strong></span> <span class='ocrx_word' id='word_1_550' title='bbox 3144 3023 3519 3079; x_wconf 88' lang='lat' dir='ltr'><strong>Concionandi</strong></span> <span class='ocrx_word' id='word_1_551' title='bbox 3554 3037 3676 3074; x_wconf 86' lang='lat' dir='ltr'><strong>mn-</strong></span> 
     </span>
    </p>
   </div>
   <div class='ocr_carea' id='block_1_73' title="bbox 2103 3112 3677 3186">
    <p class='ocr_par' dir='ltr' id='par_1_73' title="bbox 2103 3112 3677 3186">
     <span class='ocr_line' id='line_1_73' title="bbox 2103 3112 3677 3186; baseline -0.008 -9"><span class='ocrx_word' id='word_1_552' title='bbox 2103 3137 2208 3178; x_wconf 89' lang='lat' dir='ltr'><strong>nus</strong></span> <span class='ocrx_word' id='word_1_553' title='bbox 2237 3122 2396 3175; x_wconf 84' lang='lat' dir='ltr'><strong>Petro</strong></span> <span class='ocrx_word' id='word_1_554' title='bbox 2419 3121 2650 3183; x_wconf 89' lang='lat' dir='ltr'><strong>cedunt;</strong></span> <span class='ocrx_word' id='word_1_555' title='bbox 2685 3132 2859 3186; x_wconf 89' lang='lat' dir='ltr'><strong>neque</strong></span> <span class='ocrx_word' id='word_1_556' title='bbox 2890 3117 3036 3170; x_wconf 90' lang='lat' dir='ltr'><strong>enim</strong></span> <span class='ocrx_word' id='word_1_557' title='bbox 3100 3115 3326 3169; x_wconf 87' lang='lat' dir='ltr'><strong>decebat</strong></span> <span class='ocrx_word' id='word_1_558' title='bbox 3379 3128 3571 3168; x_wconf 88' lang='lat' dir='ltr'><strong>omnes</strong></span> <span class='ocrx_word' id='word_1_559' title='bbox 3602 3112 3677 3166; x_wconf 83' lang='lat' dir='ltr'><strong>si-</strong></span> 
     </span>
    </p>
   </div>
   <div class='ocr_carea' id='block_1_74' title="bbox 2106 3202 3673 3280">
    <p class='ocr_par' dir='ltr' id='par_1_74' title="bbox 2106 3202 3673 3280">
     <span class='ocr_line' id='line_1_74' title="bbox 2106 3202 3673 3280; baseline -0.008 -14"><span class='ocrx_word' id='word_1_560' title='bbox 2106 3214 2217 3266; x_wconf 88' lang='lat' dir='ltr'><strong>mul</strong></span> <span class='ocrx_word' id='word_1_561' title='bbox 2262 3212 2428 3280; x_wconf 83' lang='lat' dir='ltr'><strong>loqui.</strong></span> <span class='ocrx_word' id='word_1_562' title='bbox 2466 3209 2622 3275; x_wconf 83' lang='lat' dir='ltr'><strong>Quod</strong></span> <span class='ocrx_word' id='word_1_563' title='bbox 2661 3224 2789 3262; x_wconf 85' lang='lat' dir='ltr'><strong>vero</strong></span> <span class='ocrx_word' id='word_1_564' title='bbox 2822 3208 2933 3261; x_wconf 64' lang='lat' dir='ltr'><strong>haec</strong></span> <span class='ocrx_word' id='word_1_565' title='bbox 2986 3206 3144 3260; x_wconf 87' lang='lat' dir='ltr'><strong>tertia</strong></span> <span class='ocrx_word' id='word_1_566' title='bbox 3197 3205 3303 3259; x_wconf 89' lang='lat' dir='ltr'><strong>diei</strong></span> <span class='ocrx_word' id='word_1_567' title='bbox 3346 3204 3478 3258; x_wconf 85' lang='lat' dir='ltr'><strong>hora</strong></span> <span class='ocrx_word' id='word_1_568' title='bbox 3532 3202 3673 3256; x_wconf 81' lang='lat' dir='ltr'><strong>facta</strong></span> 
     </span>
    </p>
   </div>
   <div class='ocr_carea' id='block_1_75' title="bbox 2104 3293 3675 3365">
    <p class='ocr_par' dir='ltr' id='par_1_75' title="bbox 2104 3293 3675 3365">
     <span class='ocr_line' id='line_1_75' title="bbox 2104 3293 3675 3365; baseline -0.008 -5"><span class='ocrx_word' id='word_1_569' title='bbox 2104 3302 2235 3365; x_wconf 86' lang='lat' dir='ltr'><strong>sint,</strong></span> <span class='ocrx_word' id='word_1_570' title='bbox 2268 3302 2407 3355; x_wconf 82' lang='lat' dir='ltr'><strong>haud</strong></span> <span class='ocrx_word' id='word_1_571' title='bbox 2447 3304 2655 3354; x_wconf 80' lang='lat' dir='ltr'><strong>ratione</strong></span> <span class='ocrx_word' id='word_1_572' title='bbox 2714 3309 2865 3353; x_wconf 80' lang='lat' dir='ltr'><strong>caret</strong></span> <span class='ocrx_word' id='word_1_573' title='bbox 2905 3316 2918 3352; x_wconf 91' lang='lat'><strong>:</strong></span> <span class='ocrx_word' id='word_1_574' title='bbox 2967 3308 3093 3351; x_wconf 89' lang='lat' dir='ltr'><strong>tunc</strong></span> <span class='ocrx_word' id='word_1_575' title='bbox 3152 3297 3294 3351; x_wconf 88' lang='lat' dir='ltr'><strong>enim</strong></span> <span class='ocrx_word' id='word_1_576' title='bbox 3325 3295 3467 3365; x_wconf 80' lang='lat' dir='ltr'><strong>ignis</strong></span> <span class='ocrx_word' id='word_1_577' title='bbox 3499 3293 3675 3363; x_wconf 75' lang='lat' dir='ltr'><strong>fulgor</strong></span> 
     </span>
    </p>
   </div>
   <div class='ocr_carea' id='block_1_76' title="bbox 2103 3384 3675 3463">
    <p class='ocr_par' dir='ltr' id='par_1_76' title="bbox 2103 3384 3675 3463">
     <span class='ocr_line' id='line_1_76' title="bbox 2103 3384 3675 3463; baseline -0.01 -16"><span class='ocrx_word' id='word_1_578' title='bbox 2103 3402 2348 3463; x_wconf 83' lang='lat' dir='ltr'><strong>apparet,</strong></span> <span class='ocrx_word' id='word_1_579' title='bbox 2393 3401 2521 3443; x_wconf 88' lang='lat' dir='ltr'><strong>tunc</strong></span> <span class='ocrx_word' id='word_1_580' title='bbox 2553 3402 2619 3441; x_wconf 89' lang='lat' dir='ltr'><strong>eo</strong></span> <span class='ocrx_word' id='word_1_581' title='bbox 2655 3388 2722 3441; x_wconf 87' lang='lat' dir='ltr'><strong>ad</strong></span> <span class='ocrx_word' id='word_1_582' title='bbox 2758 3402 2942 3456; x_wconf 80' lang='lat' dir='ltr'><strong>Opera,</strong></span> <span class='ocrx_word' id='word_1_583' title='bbox 2966 3393 3021 3440; x_wconf 93' lang='lat' dir='ltr'><strong>et</strong></span> <span class='ocrx_word' id='word_1_584' title='bbox 3059 3384 3124 3438; x_wconf 90' lang='lat' dir='ltr'><strong>ad</strong></span> <span class='ocrx_word' id='word_1_585' title='bbox 3164 3384 3447 3454; x_wconf 85' lang='lat' dir='ltr'><strong>prandium</strong></span> <span class='ocrx_word' id='word_1_586' title='bbox 3477 3397 3675 3452; x_wconf 73' lang='lat' dir='ltr'><strong>parar-</strong></span> 
     </span>
    </p>
   </div>
   <div class='ocr_carea' id='block_1_77' title="bbox 2104 3474 3672 3543">
    <p class='ocr_par' dir='ltr' id='par_1_77' title="bbox 2104 3474 3672 3543">
     <span class='ocr_line' id='line_1_77' title="bbox 2104 3474 3672 3543; baseline -0.007 -5"><span class='ocrx_word' id='word_1_587' title='bbox 2104 3484 2234 3539; x_wconf 88' lang='lat' dir='ltr'><strong>dum</strong></span> <span class='ocrx_word' id='word_1_588' title='bbox 2267 3489 2495 3535; x_wconf 88' lang='lat' dir='ltr'><strong>utuntur</strong></span> <span class='ocrx_word' id='word_1_589' title='bbox 2547 3480 2813 3543; x_wconf 86' lang='lat' dir='ltr'><strong>homines,</strong></span> <span class='ocrx_word' id='word_1_590' title='bbox 2848 3487 2976 3531; x_wconf 89' lang='lat' dir='ltr'><strong>tunc</strong></span> <span class='ocrx_word' id='word_1_591' title='bbox 3007 3477 3155 3530; x_wconf 84' lang='lat' dir='ltr'><strong>clara</strong></span> <span class='ocrx_word' id='word_1_592' title='bbox 3209 3486 3293 3530; x_wconf 90' lang='lat' dir='ltr'><strong>est</strong></span> <span class='ocrx_word' id='word_1_593' title='bbox 3342 3474 3481 3540; x_wconf 87' lang='lat' dir='ltr'><strong>dies,</strong></span> <span class='ocrx_word' id='word_1_594' title='bbox 3542 3481 3672 3527; x_wconf 89' lang='lat' dir='ltr'><strong>tunc</strong></span> 
     </span>
    </p>
   </div>
   <div class='ocr_carea' id='block_1_78' title="bbox 2105 3563 3673 3634">
    <p class='ocr_par' dir='ltr' id='par_1_78' title="bbox 2105 3563 3673 3634">
     <span class='ocr_line' id='line_1_78' title="bbox 2105 3563 3673 3634; baseline -0.006 -7"><span class='ocrx_word' id='word_1_595' title='bbox 2105 3587 2294 3627; x_wconf 84' lang='lat' dir='ltr'><strong>omnes</strong></span> <span class='ocrx_word' id='word_1_596' title='bbox 2340 3571 2396 3624; x_wconf 90' lang='lat' dir='ltr'><strong>in</strong></span> <span class='ocrx_word' id='word_1_597' title='bbox 2431 3570 2549 3624; x_wconf 79' lang='lat' dir='ltr'><strong>foro</strong></span> <span class='ocrx_word' id='word_1_598' title='bbox 2582 3576 2889 3623; x_wconf 85' lang='lat' dir='ltr'><strong>versantur.</strong></span> <span class='ocrx_word' id='word_1_599' title='bbox 2923 3585 2941 3618; x_wconf 85' lang='grc'><em>‹</em></span> <span class='ocrx_word' id='word_1_600' title='bbox 2975 3565 3037 3618; x_wconf 83' lang='grc' dir='ltr'>Ει</span> <span class='ocrx_word' id='word_1_601' title='bbox 3064 3566 3162 3621; x_wconf 86' lang='lat' dir='ltr'><strong>erit</strong></span> <span class='ocrx_word' id='word_1_602' title='bbox 3195 3574 3316 3634; x_wconf 84' lang='lat' dir='ltr'><strong>post</strong></span> <span class='ocrx_word' id='word_1_603' title='bbox 3348 3566 3463 3619; x_wconf 64' lang='lat' dir='ltr'><strong>haec</strong></span> <span class='ocrx_word' id='word_1_604' title='bbox 3492 3563 3545 3618; x_wconf 90' lang='lat' dir='ltr'><strong>in</strong></span> <span class='ocrx_word' id='word_1_605' title='bbox 3576 3578 3673 3618; x_wconf 81' lang='lat' dir='ltr'><strong>no-</strong></span> 
     </span>
    </p>
   </div>
   <div class='ocr_carea' id='block_1_79' title="bbox 2103 3658 3676 3724">
    <p class='ocr_par' dir='ltr' id='par_1_79' title="bbox 2103 3658 3676 3724">
     <span class='ocr_line' id='line_1_79' title="bbox 2103 3658 3676 3724; baseline -0.007 -7"><span class='ocrx_word' id='word_1_606' title='bbox 2103 3660 2366 3717; x_wconf 77' lang='lat' dir='ltr'><strong>vissimis.</strong></span> <span class='ocrx_word' id='word_1_607' title='bbox 2406 3677 2424 3711; x_wconf 71' lang='grc' dir='ltr'><strong>ι</strong></span> <span class='ocrx_word' id='word_1_608' title='bbox 2461 3658 2706 3712; x_wconf 88' lang='lat' dir='ltr'><strong>Ostendit</strong></span> <span class='ocrx_word' id='word_1_609' title='bbox 2738 3670 2833 3711; x_wconf 80' lang='lat' dir='ltr'><strong>eos</strong></span> <span class='ocrx_word' id='word_1_610' title='bbox 2874 3667 3056 3724; x_wconf 80' lang='lat' dir='ltr'><strong>gratos</strong></span> <span class='ocrx_word' id='word_1_611' title='bbox 3104 3660 3471 3723; x_wconf 88' lang='lat' dir='ltr'><strong>probatosque</strong></span> <span class='ocrx_word' id='word_1_612' title='bbox 3499 3668 3619 3708; x_wconf 89' lang='lat' dir='ltr'><strong>esse</strong></span> <span class='ocrx_word' id='word_1_613' title='bbox 3656 3689 3676 3717; x_wconf 85' lang='lat'><strong>,</strong></span> 
     </span>
    </p>
   </div>
   <div class='ocr_carea' id='block_1_80' title="bbox 2107 3742 3672 3822">
    <p class='ocr_par' dir='ltr' id='par_1_80' title="bbox 2107 3742 3672 3822">
     <span class='ocr_line' id='line_1_80' title="bbox 2107 3742 3672 3822; baseline -0.006 -18"><span class='ocrx_word' id='word_1_614' title='bbox 2107 3751 2305 3822; x_wconf 88' lang='lat' dir='ltr'><strong>quippe</strong></span> <span class='ocrx_word' id='word_1_615' title='bbox 2338 3747 2430 3818; x_wconf 88' lang='lat' dir='ltr'><strong>qui</strong></span> <span class='ocrx_word' id='word_1_616' title='bbox 2466 3745 2699 3815; x_wconf 87' lang='lat' dir='ltr'><strong>Spiritus</strong></span> <span class='ocrx_word' id='word_1_617' title='bbox 2721 3744 2894 3799; x_wconf 89' lang='lat' dir='ltr'><strong>sancti</strong></span> <span class='ocrx_word' id='word_1_618' title='bbox 2926 3744 3099 3813; x_wconf 80' lang='lat' dir='ltr'><strong>gratia</strong></span> <span class='ocrx_word' id='word_1_619' title='bbox 3129 3743 3277 3812; x_wconf 79' lang='lat' dir='ltr'><strong>(ligni</strong></span> <span class='ocrx_word' id='word_1_620' title='bbox 3334 3742 3459 3796; x_wconf 84' lang='lat' dir='ltr'><strong>facti</strong></span> <span class='ocrx_word' id='word_1_621' title='bbox 3484 3754 3612 3795; x_wconf 70' lang='lat' dir='ltr'><strong>sunt</strong></span> <span class='ocrx_word' id='word_1_622' title='bbox 3658 3757 3672 3794; x_wconf 89' lang='lat'><strong>:</strong></span> 
     </span>
    </p>
   </div>
   <div class='ocr_carea' id='block_1_81' title="bbox 2106 3830 3673 3911">
    <p class='ocr_par' dir='ltr' id='par_1_81' title="bbox 2106 3830 3673 3911">
     <span class='ocr_line' id='line_1_81' title="bbox 2106 3830 3673 3911; baseline -0.01 -14"><span class='ocrx_word' id='word_1_623' title='bbox 2106 3850 2160 3897; x_wconf 92' lang='lat' dir='ltr'><strong>et</strong></span> <span class='ocrx_word' id='word_1_624' title='bbox 2180 3858 2244 3897; x_wconf 81' lang='lat' dir='ltr'><strong>ex</strong></span> <span class='ocrx_word' id='word_1_625' title='bbox 2279 3838 2539 3911; x_wconf 82' lang='lat' dir='ltr'><strong>prepheta</strong></span> <span class='ocrx_word' id='word_1_626' title='bbox 2568 3837 2717 3890; x_wconf 87' lang='lat' dir='ltr'><strong>clare</strong></span> <span class='ocrx_word' id='word_1_627' title='bbox 2764 3832 3053 3889; x_wconf 84' lang='lat' dir='ltr'><strong>antluutiat</strong></span> <span class='ocrx_word' id='word_1_628' title='bbox 3105 3830 3340 3902; x_wconf 83' lang='lat' dir='ltr'><strong>Spiritus</strong></span> <span class='ocrx_word' id='word_1_629' title='bbox 3387 3830 3673 3884; x_wconf 88' lang='lat' dir='ltr'><strong>abundan-</strong></span> 
     </span>
    </p>
   </div>
   <div class='ocr_carea' id='block_1_82' title="bbox 2109 3919 3672 4000">
    <p class='ocr_par' dir='ltr' id='par_1_82' title="bbox 2109 3919 3672 4000">
     <span class='ocr_line' id='line_1_82' title="bbox 2109 3919 3672 4000; baseline -0.009 -14"><span class='ocrx_word' id='word_1_630' title='bbox 2109 3933 2262 3998; x_wconf 84' lang='lat' dir='ltr'><strong>tiam,</strong></span> <span class='ocrx_word' id='word_1_631' title='bbox 2290 3945 2453 4000; x_wconf 83' lang='lat' dir='ltr'><strong>quam</strong></span> <span class='ocrx_word' id='word_1_632' title='bbox 2487 3928 2595 3983; x_wconf 90' lang='lat' dir='ltr'><strong>illis</strong></span> <span class='ocrx_word' id='word_1_633' title='bbox 2644 3938 2901 3995; x_wconf 89' lang='lat' dir='ltr'><strong>tanquam</strong></span> <span class='ocrx_word' id='word_1_634' title='bbox 2954 3922 3224 3994; x_wconf 89' lang='lat' dir='ltr'><strong>primitias</strong></span> <span class='ocrx_word' id='word_1_635' title='bbox 3278 3919 3541 3991; x_wconf 81' lang='lat' dir='ltr'><strong>elargitus</strong></span> <span class='ocrx_word' id='word_1_636' title='bbox 3567 3928 3672 3973; x_wconf 88' lang='lat' dir='ltr'><strong>est.</strong></span> 
     </span>
    </p>
   </div>
   <div class='ocr_carea' id='block_1_83' title="bbox 2106 4006 3676 4086">
    <p class='ocr_par' dir='ltr' id='par_1_83' title="bbox 2106 4006 3676 4086">
     <span class='ocr_line' id='line_1_83' title="bbox 2106 4006 3676 4086; baseline -0.01 -9"><span class='ocrx_word' id='word_1_637' title='bbox 2106 4021 2519 4078; x_wconf 82' lang='lat' dir='ltr'><strong>Annuntiahant</strong></span> <span class='ocrx_word' id='word_1_638' title='bbox 2565 4026 2747 4072; x_wconf 86' lang='lat' dir='ltr'><strong>autem</strong></span> <span class='ocrx_word' id='word_1_639' title='bbox 2780 4035 2799 4068; x_wconf 77' lang='grc' dir='ltr'><strong>ι</strong></span> <span class='ocrx_word' id='word_1_640' title='bbox 2839 4012 3225 4086; x_wconf 82' lang='lat' dir='ltr'><strong>pmphetantes</strong></span> <span class='ocrx_word' id='word_1_641' title='bbox 3255 4032 3275 4065; x_wconf 73' lang='grc' dir='ltr'><strong>ι</strong></span> <span class='ocrx_word' id='word_1_642' title='bbox 3323 4006 3450 4086; x_wconf 89' lang='lat' dir='ltr'><strong>(hoc</strong></span> <span class='ocrx_word' id='word_1_643' title='bbox 3477 4019 3561 4065; x_wconf 91' lang='lat' dir='ltr'><strong>est</strong></span> <span class='ocrx_word' id='word_1_644' title='bbox 3594 4010 3676 4063; x_wconf 88' lang='lat' dir='ltr'><strong>in-</strong></span> 
     </span>
    </p>
   </div>
   <div class='ocr_carea' id='block_1_84' title="bbox 440 4102 2001 4201">
    <p class='ocr_par' dir='ltr' id='par_1_84' title="bbox 440 4107 2001 4181">
     <span class='ocr_line' id='line_1_84' title="bbox 440 4107 2001 4181; baseline 0.002 -21"><span class='ocrx_word' id='word_1_645' title='bbox 440 4108 624 4177; x_wconf 83' lang='grc' dir='ltr'>φητὼν</span> <span class='ocrx_word' id='word_1_646' title='bbox 658 4108 754 4160; x_wconf 75' lang='grc' dir='ltr'><strong>επὶ</strong></span> <span class='ocrx_word' id='word_1_647' title='bbox 820 4107 1040 4177; x_wconf 81' lang='grc' dir='ltr'>Χριστῷ</span> <span class='ocrx_word' id='word_1_648' title='bbox 1097 4108 1398 4178; x_wconf 83' lang='grc' dir='ltr'>μυστήρια.</span> <span class='ocrx_word' id='word_1_649' title='bbox 1432 4108 1598 4171; x_wconf 81' lang='grc' dir='ltr'>Υἱοὺς</span> <span class='ocrx_word' id='word_1_650' title='bbox 1664 4109 1775 4181; x_wconf 83' lang='grc' dir='ltr'>γὰρ</span> <span class='ocrx_word' id='word_1_651' title='bbox 1823 4109 2001 4163; x_wconf 84' lang='grc' dir='ltr'>αὐτῶν</span> 
     </span>
    </p>
   </div>
   <div class='ocr_carea' id='block_1_85' title="bbox 2105 4102 3671 4201">
    <p class='ocr_par' dir='ltr' id='par_1_85' title="bbox 2113 4102 3671 4184">
     <span class='ocr_line' id='line_1_85' title="bbox 2113 4102 3671 4184; baseline -0.008 -17"><span class='ocrx_word' id='word_1_652' title='bbox 2113 4114 2440 4184; x_wconf 78' lang='lat' dir='ltr'><strong>telligentes,</strong></span> <span class='ocrx_word' id='word_1_653' title='bbox 2495 4124 2615 4180; x_wconf 80' lang='lat' dir='ltr'><strong>quae</strong></span> <span class='ocrx_word' id='word_1_654' title='bbox 2644 4108 2915 4179; x_wconf 82' lang='lat' dir='ltr'><strong>dicebant)</strong></span> <span class='ocrx_word' id='word_1_655' title='bbox 2956 4102 3159 4163; x_wconf 85' lang='lat' dir='ltr'><strong>Christi</strong></span> <span class='ocrx_word' id='word_1_656' title='bbox 3214 4104 3498 4177; x_wconf 86' lang='lat' dir='ltr'><strong>mysteria,</strong></span> <span class='ocrx_word' id='word_1_657' title='bbox 3548 4119 3671 4172; x_wconf 76' lang='lat' dir='ltr'><strong>qua:</strong></span> 
     </span>
    </p>
   </div>
   <div class='ocr_carea' id='block_1_86' title="bbox 438 4195 2001 4277">
    <p class='ocr_par' dir='ltr' id='par_1_86' title="bbox 438 4196 2001 4269">
     <span class='ocr_line' id='line_1_86' title="bbox 438 4196 2001 4269; baseline 0.002 -19"><span class='ocrx_word' id='word_1_658' title='bbox 438 4202 565 4262; x_wconf 72' lang='grc' dir='ltr'>τοὺς</span> <span class='ocrx_word' id='word_1_659' title='bbox 595 4198 931 4261; x_wconf 69' lang='grc' dir='ltr'>ἀποστόλους</span> <span class='ocrx_word' id='word_1_660' title='bbox 977 4197 1235 4251; x_wconf 68' lang='grc' dir='ltr'>ἐκάλεσεν</span> <span class='ocrx_word' id='word_1_661' title='bbox 1257 4200 1286 4252; x_wconf 75' lang='grc' dir='ltr'><strong>ὁ</strong></span> <span class='ocrx_word' id='word_1_662' title='bbox 1316 4200 1622 4269; x_wconf 81' lang='grc' dir='ltr'>προφήτης,</span> <span class='ocrx_word' id='word_1_663' title='bbox 1682 4196 1871 4269; x_wconf 75' lang='grc' dir='ltr'>ὥσπερ</span> <span class='ocrx_word' id='word_1_664' title='bbox 1908 4198 2001 4253; x_wconf 66' lang='grc' dir='ltr'><strong>καί</strong></span> 
     </span>
    </p>
   </div>
   <div class='ocr_carea' id='block_1_87' title="bbox 2105 4195 3676 4277">
    <p class='ocr_par' dir='ltr' id='par_1_87' title="bbox 2112 4195 3676 4277">
     <span class='ocr_line' id='line_1_87' title="bbox 2112 4195 3676 4277; baseline -0.01 -16"><span class='ocrx_word' id='word_1_665' title='bbox 2112 4206 2396 4277; x_wconf 63' lang='lat' dir='ltr'><strong>prophetae</strong></span> <span class='ocrx_word' id='word_1_666' title='bbox 2426 4200 2814 4273; x_wconf 63' lang='lat' dir='ltr'><strong>praadiierant.</strong></span> <span class='ocrx_word' id='word_1_667' title='bbox 2851 4217 2870 4251; x_wconf 72' lang='grc' dir='ltr'><strong>ι</strong></span> <span class='ocrx_word' id='word_1_668' title='bbox 2911 4195 3344 4265; x_wconf 85' lang='lat' dir='ltr'><strong>Filiosipsorum</strong></span> <span class='ocrx_word' id='word_1_669' title='bbox 3399 4211 3419 4245; x_wconf 73' lang='grc' dir='ltr'><strong>ι</strong></span> <span class='ocrx_word' id='word_1_670' title='bbox 3458 4201 3676 4262; x_wconf 87' lang='lat' dir='ltr'><strong>aposto-</strong></span> 
     </span>
    </p>
   </div>
   <div class='ocr_carea' id='block_1_88' title="bbox 438 4285 2009 4358">
    <p class='ocr_par' dir='ltr' id='par_1_88' title="bbox 438 4285 2009 4358">
     <span class='ocr_line' id='line_1_88' title="bbox 438 4285 2009 4358; baseline -0.001 -16"><span class='ocrx_word' id='word_1_671' title='bbox 438 4292 466 4342; x_wconf 82' lang='grc' dir='ltr'><strong>ὁ</strong></span> <span class='ocrx_word' id='word_1_672' title='bbox 494 4288 686 4358; x_wconf 79' lang='grc' dir='ltr'>Σωτὴρ</span> <span class='ocrx_word' id='word_1_673' title='bbox 714 4289 917 4343; x_wconf 77' lang='grc' dir='ltr'>είπ.τ›ν’</span> <span class='ocrx_word' id='word_1_674' title='bbox 955 4305 973 4340; x_wconf 81' lang='lat' dir='ltr'><strong>t</strong></span> <span class='ocrx_word' id='word_1_675' title='bbox 1007 4288 1069 4342; x_wconf 81' lang='lat' dir='ltr'><strong>Ei</strong></span> <span class='ocrx_word' id='word_1_676' title='bbox 1130 4287 1243 4358; x_wconf 64' lang='grc' dir='ltr'><strong>ἐγὼ</strong></span> <span class='ocrx_word' id='word_1_677' title='bbox 1288 4290 1348 4342; x_wconf 78' lang='grc' dir='ltr'><strong>ὲν</strong></span> <span class='ocrx_word' id='word_1_678' title='bbox 1378 4285 1711 4352; x_wconf 75' lang='grc' dir='ltr'>Βεελζεΰοὺλ</span> <span class='ocrx_word' id='word_1_679' title='bbox 1762 4287 2009 4344; x_wconf 77' lang='grc' dir='ltr'>ἐκϐάλλω</span> 
     </span>
    </p>
   </div>
   <div class='ocr_carea' id='block_1_89' title="bbox 435 4378 2014 4448">
    <p class='ocr_par' dir='ltr' id='par_1_89' title="bbox 435 4378 2014 4448">
     <span class='ocr_line' id='line_1_89' title="bbox 435 4378 2014 4448; baseline -0.001 -15"><span class='ocrx_word' id='word_1_680' title='bbox 435 4381 505 4434; x_wconf 65' lang='grc' dir='ltr'>τὶ</span> <span class='ocrx_word' id='word_1_681' title='bbox 530 4378 806 4448; x_wconf 81' lang='grc' dir='ltr'>δαιμόνια,</span> <span class='ocrx_word' id='word_1_682' title='bbox 839 4378 890 4431; x_wconf 83' lang='grc' dir='ltr'><strong>οί</strong></span> <span class='ocrx_word' id='word_1_683' title='bbox 922 4379 1028 4431; x_wconf 76' lang='grc' dir='ltr'>υίοὶ</span> <span class='ocrx_word' id='word_1_684' title='bbox 1058 4379 1211 4447; x_wconf 79' lang='grc' dir='ltr'>ὑμῶν</span> <span class='ocrx_word' id='word_1_685' title='bbox 1261 4379 1321 4432; x_wconf 70' lang='grc' dir='ltr'><strong>ἑν</strong></span> <span class='ocrx_word' id='word_1_686' title='bbox 1356 4378 1463 4432; x_wconf 87' lang='grc' dir='ltr'>τίνι</span> <span class='ocrx_word' id='word_1_687' title='bbox 1486 4378 1809 4433; x_wconf 68' lang='grc' dir='ltr'>ἐκϐάλλουσι</span> <span class='ocrx_word' id='word_1_688' title='bbox 1838 4398 1852 4447; x_wconf 90' lang='grc'><strong>;</strong></span> <span class='ocrx_word' id='word_1_689' title='bbox 1884 4397 1903 4432; x_wconf 68' lang='grc' dir='ltr'><strong>υ</strong></span> <span class='ocrx_word' id='word_1_690' title='bbox 1940 4379 2014 4432; x_wconf 80' lang='grc' dir='ltr'><strong>Τὸ</strong></span> 
     </span>
    </p>
   </div>
   <div class='ocr_carea' id='block_1_90' title="bbox 440 4468 2011 4539">
    <p class='ocr_par' dir='ltr' id='par_1_90' title="bbox 440 4468 2011 4539">
     <span class='ocr_line' id='line_1_90' title="bbox 440 4468 2011 4539; baseline 0.002 -18"><span class='ocrx_word' id='word_1_691' title='bbox 440 4470 498 4522; x_wconf 72' lang='grc' dir='ltr'><strong>δὲ</strong></span> <span class='ocrx_word' id='word_1_692' title='bbox 528 4471 620 4522; x_wconf 81' lang='grc' dir='ltr'>καὶ</span> <span class='ocrx_word' id='word_1_693' title='bbox 662 4469 968 4539; x_wconf 79' lang='grc' dir='ltr'>θυγατέρας</span> <span class='ocrx_word' id='word_1_694' title='bbox 1000 4468 1376 4539; x_wconf 81' lang='grc' dir='ltr'>προφητεῦσαι</span> <span class='ocrx_word' id='word_1_695' title='bbox 1411 4470 1585 4523; x_wconf 80' lang='grc' dir='ltr'>εἰπεῖν</span> <span class='ocrx_word' id='word_1_696' title='bbox 1641 4469 1883 4524; x_wconf 86' lang='grc' dir='ltr'>δείκνυσι</span> <span class='ocrx_word' id='word_1_697' title='bbox 1949 4471 2011 4524; x_wconf 86' lang='grc' dir='ltr'><strong>τὸ</strong></span> 
     </span>
    </p>
   </div>
   <div class='ocr_carea' id='block_1_91' title="bbox 441 4558 2006 4631">
    <p class='ocr_par' dir='ltr' id='par_1_91' title="bbox 441 4558 2006 4631">
     <span class='ocr_line' id='line_1_91' title="bbox 441 4558 2006 4631; baseline 0.001 -19"><span class='ocrx_word' id='word_1_698' title='bbox 441 4560 540 4629; x_wconf 82' lang='grc' dir='ltr'>τῆς</span> <span class='ocrx_word' id='word_1_699' title='bbox 567 4561 788 4630; x_wconf 83' lang='grc' dir='ltr'>χάριτος</span> <span class='ocrx_word' id='word_1_700' title='bbox 813 4559 1055 4629; x_wconf 70' lang='grc' dir='ltr'>δαψιλές.</span> <span class='ocrx_word' id='word_1_701' title='bbox 1106 4561 1484 4631; x_wconf 84' lang='grc' dir='ltr'>Προεφήτευον</span> <span class='ocrx_word' id='word_1_702' title='bbox 1513 4563 1571 4613; x_wconf 79' lang='grc' dir='ltr'>δὲ</span> <span class='ocrx_word' id='word_1_703' title='bbox 1609 4562 1704 4614; x_wconf 79' lang='grc' dir='ltr'><strong>καὶ</strong></span> <span class='ocrx_word' id='word_1_704' title='bbox 1749 4558 2006 4629; x_wconf 79' lang='grc' dir='ltr'>γυναῖκες</span> 
     </span>
    </p>
   </div>
   <div class='ocr_carea' id='block_1_92' title="bbox 444 4645 2005 4722">
    <p class='ocr_par' dir='ltr' id='par_1_92' title="bbox 444 4645 2005 4722">
     <span class='ocr_line' id='line_1_92' title="bbox 444 4645 2005 4722; baseline -0.001 -17"><span class='ocrx_word' id='word_1_705' title='bbox 444 4655 535 4707; x_wconf 70' lang='grc' dir='ltr'>ἐπὶ</span> <span class='ocrx_word' id='word_1_706' title='bbox 561 4652 670 4706; x_wconf 86' lang='grc' dir='ltr'>τῶν</span> <span class='ocrx_word' id='word_1_707' title='bbox 712 4651 1049 4714; x_wconf 82' lang='grc' dir='ltr'>ἀποστόλων,</span> <span class='ocrx_word' id='word_1_708' title='bbox 1083 4645 1159 4704; x_wconf 79' lang='grc' dir='ltr'>ὢν</span> <span class='ocrx_word' id='word_1_709' title='bbox 1187 4646 1334 4722; x_wconf 80' lang='grc' dir='ltr'>ἦσαν</span> <span class='ocrx_word' id='word_1_710' title='bbox 1383 4652 1477 4704; x_wconf 63' lang='grc' dir='ltr'><strong>καὶ⁵</strong></span> <span class='ocrx_word' id='word_1_711' title='bbox 1510 4650 1568 4704; x_wconf 90' lang='grc' dir='ltr'><strong>αί</strong></span> <span class='ocrx_word' id='word_1_712' title='bbox 1596 4650 1691 4704; x_wconf 78' lang='grc' dir='ltr'>τοῦ</span> <span class='ocrx_word' id='word_1_713' title='bbox 1737 4651 2005 4706; x_wconf 81' lang='grc' dir='ltr'>Φιλίππου</span> 
     </span>
    </p>
   </div>
   <div class='ocr_carea' id='block_1_93' title="bbox 450 4744 2007 4818">
    <p class='ocr_par' dir='ltr' id='par_1_93' title="bbox 450 4744 2007 4818">
     <span class='ocr_line' id='line_1_93' title="bbox 450 4744 2007 4818; baseline 0 -20"><span class='ocrx_word' id='word_1_714' title='bbox 450 4764 468 4797; x_wconf 80' lang='grc' dir='ltr'><strong>ι</strong></span> <span class='ocrx_word' id='word_1_715' title='bbox 496 4748 758 4817; x_wconf 76' lang='grc' dir='ltr'>τέσσαρες</span> <span class='ocrx_word' id='word_1_716' title='bbox 787 4745 1086 4817; x_wconf 76' lang='grc' dir='ltr'>θυγατέρες</span> <span class='ocrx_word' id='word_1_717' title='bbox 1116 4745 1585 4817; x_wconf 81' lang='grc' dir='ltr'>προφητεύουσαι.</span> <span class='ocrx_word' id='word_1_718' title='bbox 1615 4764 1635 4799; x_wconf 74' lang='grc' dir='ltr'><strong>ι</strong></span> <span class='ocrx_word' id='word_1_719' title='bbox 1697 4744 2007 4818; x_wconf 77' lang='grc' dir='ltr'>Πρεσσυτέ-</span> 
     </span>
    </p>
   </div>
   <div class='ocr_carea' id='block_1_94' title="bbox 448 4836 2002 4909">
    <p class='ocr_par' dir='ltr' id='par_1_94' title="bbox 448 4836 2002 4909">
     <span class='ocr_line' id='line_1_94' title="bbox 448 4836 2002 4909; baseline 0.003 -21"><span class='ocrx_word' id='word_1_720' title='bbox 448 4852 573 4903; x_wconf 86' lang='grc' dir='ltr'>ρους</span> <span class='ocrx_word' id='word_1_721' title='bbox 595 4836 651 4888; x_wconf 81' lang='grc' dir='ltr'>δὲ</span> <span class='ocrx_word' id='word_1_722' title='bbox 679 4839 954 4902; x_wconf 72' lang='grc' dir='ltr'>ἐνυπνίοις</span> <span class='ocrx_word' id='word_1_723' title='bbox 977 4836 1507 4909; x_wconf 79' lang='grc' dir='ltr'>ἐνυπνιασθήσεσθαί</span> <span class='ocrx_word' id='word_1_724' title='bbox 1539 4854 1694 4909; x_wconf 89' lang='grc' dir='ltr'>φησι,</span> <span class='ocrx_word' id='word_1_725' title='bbox 1720 4837 1817 4891; x_wconf 81' lang='grc' dir='ltr'>καὶ</span> <span class='ocrx_word' id='word_1_726' title='bbox 1868 4837 2002 4908; x_wconf 80' lang='grc' dir='ltr'><strong>ὁρά-</strong></span> 
     </span>
    </p>
   </div>
   <div class='ocr_carea' id='block_1_95' title="bbox 522 4996 1015 5066">
    <p class='ocr_par' dir='ltr' id='par_1_95' title="bbox 522 4996 1015 5066">
     <span class='ocr_line' id='line_1_95' title="bbox 522 4996 1015 5066; baseline 0.012 -18"><span class='ocrx_word' id='word_1_727' title='bbox 522 4997 565 5027; x_wconf 83' lang='grc'>¹¹</span> <span class='ocrx_word' id='word_1_728' title='bbox 583 4996 772 5054; x_wconf 76' lang='lat' dir='ltr'><strong>Matth.</strong></span> <span class='ocrx_word' id='word_1_729' title='bbox 800 5015 898 5066; x_wconf 73' lang='lat' dir='ltr'><strong>sn,</strong></span> <span class='ocrx_word' id='word_1_730' title='bbox 924 5000 1015 5054; x_wconf 72' lang='lat'><strong>27.</strong></span> 
     </span>
    </p>
   </div>
   <div class='ocr_carea' id='block_1_96' title="bbox 2108 4282 3674 4366">
    <p class='ocr_par' dir='ltr' id='par_1_96' title="bbox 2108 4282 3674 4366">
     <span class='ocr_line' id='line_1_96' title="bbox 2108 4282 3674 4366; baseline -0.009 -15"><span class='ocrx_word' id='word_1_731' title='bbox 2108 4298 2191 4353; x_wconf 87' lang='lat' dir='ltr'><strong>los</strong></span> <span class='ocrx_word' id='word_1_732' title='bbox 2218 4296 2512 4366; x_wconf 69' lang='lat' dir='ltr'><strong>appellavit</strong></span> <span class='ocrx_word' id='word_1_733' title='bbox 2541 4292 2827 4364; x_wconf 72' lang='lat' dir='ltr'><strong>propheta,</strong></span> <span class='ocrx_word' id='word_1_734' title='bbox 2880 4285 3336 4359; x_wconf 86' lang='lat' dir='ltr'><strong>quemadmodum</strong></span> <span class='ocrx_word' id='word_1_735' title='bbox 3401 4293 3455 4341; x_wconf 77' lang='lat' dir='ltr'><strong>et</strong></span> <span class='ocrx_word' id='word_1_736' title='bbox 3482 4282 3674 4339; x_wconf 53' lang='lat' dir='ltr'><strong>Salva.</strong></span> 
     </span>
    </p>
   </div>
   <div class='ocr_carea' id='block_1_97' title="bbox 2109 4371 3675 4448">
    <p class='ocr_par' dir='ltr' id='par_1_97' title="bbox 2109 4371 3675 4448">
     <span class='ocr_line' id='line_1_97' title="bbox 2109 4371 3675 4448; baseline -0.01 -9"><span class='ocrx_word' id='word_1_737' title='bbox 2109 4394 2220 4445; x_wconf 85' lang='lat' dir='ltr'><strong>tor.</strong></span> <span class='ocrx_word' id='word_1_738' title='bbox 2249 4390 2371 4439; x_wconf 82' lang='lat' dir='ltr'><strong>cum</strong></span> <span class='ocrx_word' id='word_1_739' title='bbox 2426 4382 2561 4435; x_wconf 76' lang='lat' dir='ltr'><strong>dixit</strong></span> <span class='ocrx_word' id='word_1_740' title='bbox 2594 4401 2606 4435; x_wconf 73' lang='grc' dir='ltr'><strong>ι</strong></span> <span class='ocrx_word' id='word_1_741' title='bbox 2639 4398 2657 4431; x_wconf 77' lang='grc' dir='ltr'><strong>ι</strong></span> <span class='ocrx_word' id='word_1_742' title='bbox 2694 4378 2750 4433; x_wconf 86' lang='lat' dir='ltr'><strong>Si</strong></span> <span class='ocrx_word' id='word_1_743' title='bbox 2807 4392 2906 4448; x_wconf 81' lang='lat' dir='ltr'><strong>ego</strong></span> <span class='ocrx_word' id='word_1_744' title='bbox 2938 4380 2991 4430; x_wconf 90' lang='lat' dir='ltr'><strong>in</strong></span> <span class='ocrx_word' id='word_1_745' title='bbox 3027 4373 3328 4429; x_wconf 83' lang='lat' dir='ltr'><strong>Beelzebub</strong></span> <span class='ocrx_word' id='word_1_746' title='bbox 3369 4372 3529 4442; x_wconf 79' lang='lat' dir='ltr'><strong>ejicio</strong></span> <span class='ocrx_word' id='word_1_747' title='bbox 3563 4371 3675 4425; x_wconf 67' lang='lat' dir='ltr'><strong>die-</strong></span> 
     </span>
    </p>
   </div>
   <div class='ocr_carea' id='block_1_98' title="bbox 2110 4463 3675 4538">
    <p class='ocr_par' dir='ltr' id='par_1_98' title="bbox 2110 4463 3675 4538">
     <span class='ocr_line' id='line_1_98' title="bbox 2110 4463 3675 4538; baseline -0.009 -9"><span class='ocrx_word' id='word_1_748' title='bbox 2110 4476 2313 4536; x_wconf 81' lang='lat' dir='ltr'><strong>ntonia’,</strong></span> <span class='ocrx_word' id='word_1_749' title='bbox 2334 4472 2427 4525; x_wconf 85' lang='lat' dir='ltr'><strong>lilii</strong></span> <span class='ocrx_word' id='word_1_750' title='bbox 2458 4470 2640 4525; x_wconf 70' lang='lat' dir='ltr'><strong>veslri‘</strong></span> <span class='ocrx_word' id='word_1_751' title='bbox 2664 4469 2715 4523; x_wconf 90' lang='lat' dir='ltr'><strong>in</strong></span> <span class='ocrx_word' id='word_1_752' title='bbox 2750 4482 2857 4538; x_wconf 86' lang='lat' dir='ltr'><strong>quo</strong></span> <span class='ocrx_word' id='word_1_753' title='bbox 2890 4467 3115 4537; x_wconf 71' lang='lat' dir='ltr'><strong>ejiéiunt</strong></span> <span class='ocrx_word' id='word_1_754' title='bbox 3146 4464 3228 4519; x_wconf 79' lang='lat' dir='ltr'><strong>&quot;‘l</strong></span> <span class='ocrx_word' id='word_1_755' title='bbox 3253 4483 3273 4517; x_wconf 72' lang='grc' dir='ltr'><strong>ι</strong></span> <span class='ocrx_word' id='word_1_756' title='bbox 3311 4463 3421 4520; x_wconf 67' lang='grc' dir='ltr'><strong>οἱοί</strong></span> <span class='ocrx_word' id='word_1_757' title='bbox 3441 4463 3549 4518; x_wconf 87' lang='lat' dir='ltr'><strong>udo</strong></span> <span class='ocrx_word' id='word_1_758' title='bbox 3574 4479 3675 4516; x_wconf 87' lang='lat' dir='ltr'><strong>an-</strong></span> 
     </span>
    </p>
   </div>
   <div class='ocr_carea' id='block_1_99' title="bbox 2114 4554 3676 4629">
    <p class='ocr_par' dir='ltr' id='par_1_99' title="bbox 2114 4554 3676 4629">
     <span class='ocr_line' id='line_1_99' title="bbox 2114 4554 3676 4629; baseline -0.008 -9"><span class='ocrx_word' id='word_1_759' title='bbox 2114 4576 2219 4620; x_wconf 87' lang='lat' dir='ltr'><strong>tem</strong></span> <span class='ocrx_word' id='word_1_760' title='bbox 2257 4573 2309 4618; x_wconf 86' lang='lat' dir='ltr'><strong>et</strong></span> <span class='ocrx_word' id='word_1_761' title='bbox 2348 4580 2367 4613; x_wconf 75' lang='grc' dir='ltr'><strong>ι</strong></span> <span class='ocrx_word' id='word_1_762' title='bbox 2402 4556 2536 4614; x_wconf 81' lang='lat' dir='ltr'><strong>tilias</strong></span> <span class='ocrx_word' id='word_1_763' title='bbox 2577 4578 2595 4612; x_wconf 77' lang='grc' dir='ltr'><strong>ι</strong></span> <span class='ocrx_word' id='word_1_764' title='bbox 2650 4561 3025 4629; x_wconf 79' lang='lat' dir='ltr'><strong>proplietasse‘,</strong></span> <span class='ocrx_word' id='word_1_765' title='bbox 3054 4555 3292 4612; x_wconf 82' lang='lat' dir='ltr'><strong>ostendit</strong></span> <span class='ocrx_word' id='word_1_766' title='bbox 3351 4554 3536 4626; x_wconf 74' lang='lat' dir='ltr'><strong>gratia:</strong></span> <span class='ocrx_word' id='word_1_767' title='bbox 3566 4554 3676 4607; x_wconf 91' lang='lat' dir='ltr'><strong>lar-</strong></span> 
     </span>
    </p>
   </div>
   <div class='ocr_carea' id='block_1_100' title="bbox 2112 4645 3678 4726">
    <p class='ocr_par' dir='ltr' id='par_1_100' title="bbox 2112 4645 3678 4726">
     <span class='ocr_line' id='line_1_100' title="bbox 2112 4645 3678 4726; baseline -0.006 -18"><span class='ocrx_word' id='word_1_768' title='bbox 2112 4656 2352 4726; x_wconf 70' lang='lat' dir='ltr'><strong>gitatem.</strong></span> <span class='ocrx_word' id='word_1_769' title='bbox 2386 4650 2790 4721; x_wconf 78' lang='lat' dir='ltr'><strong>Prophetabant</strong></span> <span class='ocrx_word' id='word_1_770' title='bbox 2823 4655 3002 4702; x_wconf 78' lang='lat' dir='ltr'><strong>autem</strong></span> <span class='ocrx_word' id='word_1_771' title='bbox 3052 4645 3216 4703; x_wconf 87' lang='lat' dir='ltr'><strong>etiam</strong></span> <span class='ocrx_word' id='word_1_772' title='bbox 3259 4650 3515 4701; x_wconf 84' lang='lat' dir='ltr'><strong>mulieres</strong></span> <span class='ocrx_word' id='word_1_773' title='bbox 3544 4651 3678 4713; x_wconf 61' lang='lat' dir='ltr'><strong>apo;</strong></span> 
     </span>
    </p>
   </div>
   <div class='ocr_carea' id='block_1_101' title="bbox 2112 4736 3673 4812">
    <p class='ocr_par' dir='ltr' id='par_1_101' title="bbox 2112 4736 3673 4812">
     <span class='ocr_line' id='line_1_101' title="bbox 2112 4736 3673 4812; baseline -0.008 -10"><span class='ocrx_word' id='word_1_774' title='bbox 2112 4746 2377 4802; x_wconf 78' lang='lat' dir='ltr'><strong>stolarum</strong></span> <span class='ocrx_word' id='word_1_775' title='bbox 2410 4750 2676 4812; x_wconf 75' lang='lat' dir='ltr'><strong>tempore,</strong></span> <span class='ocrx_word' id='word_1_776' title='bbox 2705 4750 2771 4795; x_wconf 79' lang='lat' dir='ltr'><strong>ex</strong></span> <span class='ocrx_word' id='word_1_777' title='bbox 2804 4742 3002 4809; x_wconf 85' lang='lat' dir='ltr'><strong>quibus</strong></span> <span class='ocrx_word' id='word_1_778' title='bbox 3028 4747 3185 4796; x_wconf 90' lang='lat' dir='ltr'><strong>erant</strong></span> <span class='ocrx_word' id='word_1_779' title='bbox 3221 4758 3239 4791; x_wconf 77' lang='grc' dir='ltr'><strong>ι</strong></span> <span class='ocrx_word' id='word_1_780' title='bbox 3278 4746 3514 4810; x_wconf 85' lang='lat' dir='ltr'><strong>quatuor</strong></span> <span class='ocrx_word' id='word_1_781' title='bbox 3546 4736 3673 4791; x_wconf 88' lang='lat' dir='ltr'><strong>Phi-</strong></span> 
     </span>
    </p>
   </div>
   <div class='ocr_carea' id='block_1_102' title="bbox 2112 4825 3675 4907">
    <p class='ocr_par' dir='ltr' id='par_1_102' title="bbox 2112 4825 3675 4907">
     <span class='ocr_line' id='line_1_102' title="bbox 2112 4825 3675 4907; baseline -0.006 -16"><span class='ocrx_word' id='word_1_782' title='bbox 2112 4832 2247 4907; x_wconf 77' lang='lat' dir='ltr'><strong>lippi</strong></span> <span class='ocrx_word' id='word_1_783' title='bbox 2270 4832 2393 4889; x_wconf 79' lang='lat' dir='ltr'><strong>tiliae</strong></span> <span class='ocrx_word' id='word_1_784' title='bbox 2424 4834 2836 4906; x_wconf 77' lang='lat' dir='ltr'><strong>prophetantes.</strong></span> <span class='ocrx_word' id='word_1_785' title='bbox 2869 4828 3065 4886; x_wconf 83' lang='lat' dir='ltr'><strong>Subdit</strong></span> <span class='ocrx_word' id='word_1_786' title='bbox 3099 4848 3118 4883; x_wconf 73' lang='grc' dir='ltr'><strong>ι</strong></span> <span class='ocrx_word' id='word_1_787' title='bbox 3165 4830 3410 4886; x_wconf 79' lang='lat' dir='ltr'><strong>seniores</strong></span> <span class='ocrx_word' id='word_1_788' title='bbox 3461 4825 3675 4884; x_wconf 83' lang='lat' dir='ltr'><strong>somnia</strong></span> 
     </span>
    </p>
   </div>
   <div class='ocr_carea' id='block_1_103' title="bbox 1597 5153 2489 5219">
    <p class='ocr_par' dir='ltr' id='par_1_103' title="bbox 1597 5153 2489 5219">
     <span class='ocr_line' id='line_1_103' title="bbox 1597 5153 2489 5219; baseline -0.004 0"><span class='ocrx_word' id='word_1_789' title='bbox 1597 5156 1804 5219; x_wconf 70' lang='lat' dir='ltr'><strong>Varia:</strong></span> <span class='ocrx_word' id='word_1_790' title='bbox 1848 5153 2157 5219; x_wconf 85' lang='lat' dir='ltr'><strong>lectiones</strong></span> <span class='ocrx_word' id='word_1_791' title='bbox 2200 5162 2263 5219; x_wconf 87' lang='lat' dir='ltr'><strong>et</strong></span> <span class='ocrx_word' id='word_1_792' title='bbox 2301 5160 2489 5219; x_wconf 61' lang='lat' dir='ltr'><strong>nota.</strong></span> 
     </span>
    </p>
   </div>
   <div class='ocr_carea' id='block_1_104' title="bbox 520 5295 1298 5367">
    <p class='ocr_par' dir='ltr' id='par_1_104' title="bbox 520 5295 1298 5367">
     <span class='ocr_line' id='line_1_104' title="bbox 520 5295 1298 5367; baseline 0.003 -15"><span class='ocrx_word' id='word_1_793' title='bbox 520 5298 541 5330; x_wconf 82' lang='grc'><strong>⁸</strong></span> <span class='ocrx_word' id='word_1_794' title='bbox 563 5297 648 5351; x_wconf 79' lang='lat' dir='ltr'><strong>la’.</strong></span> <span class='ocrx_word' id='word_1_795' title='bbox 682 5295 916 5367; x_wconf 73' lang='grc' dir='ltr'>ἔχουσιν.</span> <span class='ocrx_word' id='word_1_796' title='bbox 992 5297 1011 5329; x_wconf 82' lang='grc'><strong>⁷</strong></span> <span class='ocrx_word' id='word_1_797' title='bbox 1037 5296 1124 5352; x_wconf 82' lang='grc' dir='ltr'>ισ.</span> <span class='ocrx_word' id='word_1_798' title='bbox 1155 5297 1298 5354; x_wconf 69' lang='grc' dir='ltr'>τότε.</span> 
     </span>
    </p>
   </div>
   <div class='ocr_carea' id='block_1_105' title="bbox 521 5481 2011 5558">
    <p class='ocr_par' dir='ltr' id='par_1_105' title="bbox 521 5481 2011 5558">
     <span class='ocr_line' id='line_1_105' title="bbox 521 5481 2011 5558; baseline 0.003 -22"><span class='ocrx_word' id='word_1_799' title='bbox 521 5481 836 5558; x_wconf 70' lang='lat' dir='ltr'><strong>(6)_Nempe</strong></span> <span class='ocrx_word' id='word_1_800' title='bbox 878 5483 1183 5558; x_wconf 79' lang='lat' dir='ltr'><strong>gentilium,</strong></span> <span class='ocrx_word' id='word_1_801' title='bbox 1232 5485 1323 5555; x_wconf 88' lang='lat' dir='ltr'><strong>qui</strong></span> <span class='ocrx_word' id='word_1_802' title='bbox 1363 5481 1607 5543; x_wconf 80' lang='lat' dir='ltr'><strong>furentes</strong></span> <span class='ocrx_word' id='word_1_803' title='bbox 1654 5485 1879 5543; x_wconf 88' lang='lat' dir='ltr'><strong>oracula</strong></span> <span class='ocrx_word' id='word_1_804' title='bbox 1914 5502 2011 5544; x_wconf 88' lang='lat' dir='ltr'><strong>sua</strong></span> 
     </span>
    </p>
   </div>
   <div class='ocr_carea' id='block_1_106' title="bbox 449 5552 769 5612">
    <p class='ocr_par' dir='ltr' id='par_1_106' title="bbox 449 5552 769 5612">
     <span class='ocr_line' id='line_1_106' title="bbox 449 5552 769 5612; baseline 0.003 -3"><span class='ocrx_word' id='word_1_805' title='bbox 449 5552 769 5612; x_wconf 74' lang='lat' dir='ltr'><strong>fundebant.</strong></span> 
     </span>
    </p>
   </div>
   <div class='ocr_carea' id='block_1_107' title="bbox 2194 5482 3675 5558">
    <p class='ocr_par' dir='ltr' id='par_1_107' title="bbox 2194 5482 3675 5558">
     <span class='ocr_line' id='line_1_107' title="bbox 2194 5482 3675 5558; baseline 0.004 -21"><span class='ocrx_word' id='word_1_806' title='bbox 2194 5485 2270 5558; x_wconf 83' lang='lat'><strong>(7)</strong></span> <span class='ocrx_word' id='word_1_807' title='bbox 2284 5483 2497 5540; x_wconf 88' lang='lat' dir='ltr'><strong>Scilicet</strong></span> <span class='ocrx_word' id='word_1_808' title='bbox 2531 5484 2764 5556; x_wconf 85' lang='lat' dir='ltr'><strong>apostoli</strong></span> <span class='ocrx_word' id='word_1_809' title='bbox 2787 5484 2953 5540; x_wconf 88' lang='lat' dir='ltr'><strong>libere</strong></span> <span class='ocrx_word' id='word_1_810' title='bbox 2967 5484 3269 5558; x_wconf 75' lang='lat' dir='ltr'><strong>agebantet</strong></span> <span class='ocrx_word' id='word_1_811' title='bbox 3285 5482 3675 5558; x_wconf 70' lang='lat' dir='ltr'><strong>loquebantur,</strong></span> 
     </span>
    </p>
   </div>
   <div class='ocr_carea' id='block_1_108' title="bbox 2120 5555 3470 5625">
    <p class='ocr_par' dir='ltr' id='par_1_108' title="bbox 2120 5555 3470 5625">
     <span class='ocr_line' id='line_1_108' title="bbox 2120 5555 3470 5625; baseline 0.002 -16"><span class='ocrx_word' id='word_1_812' title='bbox 2120 5556 2267 5624; x_wconf 87' lang='lat' dir='ltr'><strong>quod</strong></span> <span class='ocrx_word' id='word_1_813' title='bbox 2297 5564 2381 5612; x_wconf 85' lang='lat' dir='ltr'><strong>est</strong></span> <span class='ocrx_word' id='word_1_814' title='bbox 2410 5555 2684 5625; x_wconf 77' lang='lat' dir='ltr'><strong>proprium</strong></span> <span class='ocrx_word' id='word_1_815' title='bbox 2718 5562 3031 5611; x_wconf 86' lang='lat' dir='ltr'><strong>sanctorum</strong></span> <span class='ocrx_word' id='word_1_816' title='bbox 3058 5555 3470 5625; x_wconf 85' lang='lat' dir='ltr'><strong>prophetarum.</strong></span> 
     </span>
    </p>
   </div>
  </div>
