4088 6206
403 283 509 348 861

1330 256 1909 326 THEOPHYLAC’I‘I
1947 251 2359 318 BULGARUE
2401 247 2763 311 ARCHIEP.

3548 240 3657 305 868

399 392 795 455 somniaturos,
825 393 880 443 et
921 387 1152 457 juvenes
1178 380 1423 437 visiones
1441 380 1659 435 visuros
1690 377 1772 421 ⁸³η
1796 375 2004 431 senio--

2108 387 2202 434 rat;
2225 367 2455 439 ὄψεσθαι
2482 365 2608 428 τοὺς
2636 362 2949 425 νεανίσκους
2974 378 2987 393 ο
3019 357 3391 432 πρεσϐυτικὴν
3442 357 3661 429 ἡλικίαν

397 505 514 543 rem
545 496 757 543 :etatem
789 497 990 538 vocans
1009 494 1153 544 eam,
1190 492 1311 549 qua:
1334 473 1717 545 magnitudine
1760 468 1984 525 virtutis

401 589 656 652 provecta
713 584 798 633 est
837 590 900 629 ac
941 573 1374 644 prteccllens,et
1400 566 1565 622 veluti
1587 564 1754 620 claris
1782 562 1989 616 facino-

400 673 555 726 ribus
584 667 825 723 canescit
853 684 866 719 :
894 664 1237 734 juventutem
1285 674 1415 715 vero
1461 673 1580 713 eam
1605 696 1621 722 ,
1651 670 1772 726 quae
1800 654 1853 707 in
1884 652 1988 706 fide

400 762 559 817 fortis
590 767 673 814 est
702 767 757 813 et
823 756 889 811 ad
929 756 1136 810 bonum
1188 753 1408 811 alacris.
1456 749 1560 803 Sed
1612 754 1794 818 po'est
1822 744 1984 796 etiam

401 855 469 909 de
499 860 655 908 aetate
687 849 999 904 senioribus
1044 854 1099 900 et
1125 844 1441 915 junioribus
1469 841 1571 896 hoc
1629 835 1853 903 intelligi
1898 834 1987 886 ὡς

409 955 581 999 clunt.
617 963 634 994 ι
679 943 743 995 Ει
766 941 907 994 dabo
942 936 1213 1009 prodigia.
1249 955 1268 987 ι
1303 933 1426 988 Hanc
1460 934 1526 986 tle
1560 930 1747 985 futuro
1777 922 1988 994 judicio

404 1050 458 1092 ιι
483 1040 547 1091 ale
581 1035 884 1090 Jerusalem
927 1037 1004 1086 ait
1039 1041 1093 1085 et
1123 1029 1189 1084 de
1206 1027 1453 1081 Romana
1483 1022 1799 1092 captivitate
1835 1033 1848 1068 :
1882 1013 1986 1077 vel,

406 1143 528 1198 qua:
555 1124 824 1179 (ιι-ιιιιὶίίχο
853 1120 1080 1175 Domino
1122 1126 1385 1172 eventura
1430 1119 1609 1169 erant,
1640 1107 1903 1164 declarat,
1927 1116 1990 1156 ac

406 1233 490 1280 ea,
539 1231 659 1286 qua:
709 1224 931 1285 propter
985 1213 1164 1280 ipsum
1229 1206 1439 1261 Jlltiiﬂis
1491 1219 1555 1256 ex
1615 1201 1988 1255 [tertianorum

408 1309 551 1363 bello
576 1306 827 1361 accidere
853 1303 1152 1357 debebant.
1179 1298 1316 1350 Nam
1341 1304 1395 1349 et
1420 1305 1659 1362 tem,ore
1682 1285 1992 1343 crueiiixio-

412 1382 519 1463 nis,
557 1398 626 1452 ob
661 1396 1021 1464 impietatem,
1075 1380 1236 1461 Quam
1272 1388 1324 1440 in
1371 1385 1655 1440 Christum
1687 1389 1992 1453 exercuere

407 1491 604 1552 Judaei,
627 1491 740 1557 ipsa
774 1488 1194 1543 elementormn,
1228 1496 1291 1534 ac
1348 1478 1500 1542 solis,
1527 1483 1581 1529 et
1618 1474 1757 1526 inme
1797 1478 1991 1522 natura

408 1593 705 1649 aegrescere
737 1585 790 1631 et
820 1574 1090 1644 indignari
1116 1573 1230 1625 visa
1258 1578 1380 1632 est;
1417 1578 1466 1618 et
1497 1564 1695 1618 bellum
1728 1555 1992 1612 Romanis

411 1646 600 1723 contra
626 1669 774 1737 ipsos
796 1665 1134 1736 gerentibus,
1183 1660 1351 1713 multa
1387 1651 1702 1724 hujusmodi
1746 1652 1798 1703 in
1852 1646 1993 1702 coelo

2086 464 2261 532 λέγων
2306 461 2407 534 τήν
2440 458 2784 529 ὲποσότητι,⁸
2808 456 3012 525 ἀρετῆς
3061 453 3411 525 προύχουσὼι
3456 470 3515 506 τε
3568 456 3665 507 καὶ

2091 552 2518 623 ὑπερκειμένην,
2550 550 2644 603 καὶ
2697 546 2864 601 οἱονεὶ
2922 546 3198 617 λαμπροῖς
3248 543 3666 613 πεπολιωμὲνην

2087 642 2477 715 κατορθώμασι
2504 658 2517 672 ·
2545 640 2776 710 νεότητα
2804 638 2884 700 δὲ,
2910 637 3009 707 τὴν
3038 639 3096 690 ἐν
3144 636 3325 689 πίστει
3362 636 3514 705 ίσχὺν
3570 636 3667 687 καὶ

2087 735 2449 805 ἀκμάζουσαν
2478 735 2558 797 είς
2592 734 2651 786 τὸ
2682 730 2908 801 ἀγαθόν.
2939 730 3177 782 Δύναται
3230 728 3287 781 δὲ
3341 731 3435 781 καὶ
3466 728 3664 797 αἰσθη-

2088 831 2195 890 τώς
2259 828 2352 879 ἐπὶ
2411 824 2799 895 πρεσὸυτέρων
2850 822 2946 876 καὶ
2997 821 3282 889 νεωτέρων
3325 818 3563 872 νοεῖσθαι
3604 820 3666 872 τὸ

2094 918 2275 990 ῥητόν.
2315 918 2455 970 ιΚαὶ
2483 914 2638 969 δώσω
2664 916 2924 986 τέρατα.»
2954 911 3140 966 Ταῦτα
3158 911 3289 983 περὶ
3317 910 3417 978 τῆς
3444 910 3670 980 μελλού-

2094 1027 2195 1080 σης
2230 1009 2470 1080 κρίσεως
2495 1007 2592 1060 καὶ
2629 1007 2758 1077 περὶ
2781 1004 2892 1058 τῶν
2929 1001 3324 1074 Ἰεροσολύμων
3358 1002 3516 1072 φησὶ,
3574 1004 3670 1056 καὶ

2091 1106 2187 1175 τῆς
2222 1102 2328 1155 ὑπὸ
2376 1098 2670 1171 Ῥωμαίων
2697 1094 3099 1168 αἰχμαλωσίας,
3129 1096 3247 1166 ἦτοι
3313 1093 3383 1147 τὰ
3436 1094 3529 1146 ἐπὶ
3592 1094 3672 1163 τῷ

2095 1196 2318 1265 σταυρῷ
2348 1193 2442 1247 τοῦ
2474 1190 2714 1263 Χριστοῦ
2746 1189 3088 1259 γενησόμενα
3144 1187 3314 1257 δηλοῖ,
3344 1187 3442 1240 καὶ
3482 1186 3552 1239 τὰ
3601 1186 3670 1241 δι’

2094 1287 2258 1343 αὐτὸν
2283 1289 2399 1348 τοῖς
2433 1283 2719 1345 Ἰουδαίοις
2756 1265 3127 1353 συμϐαίνοντα
3157 1279 3245 1332 διὰ
3262 1278 3356 1333 τοῦ
3381 1279 3670 1350 Ῥωμαίων

2096 1380 2360 1449 πολέμου.
2385 1377 2495 1430 Καὶ
2527 1377 2634 1446 γὰρ
2657 1375 2755 1427 καὶ
2785 1374 2878 1427 ἐπὶ
2906 1372 3000 1425 τοῦ
3036 1371 3274 1442 σταυροῦ
3298 1372 3391 1425 ἐπὶ
3417 1374 3536 1434 ταῖς
3563 1370 3672 1424 τῶν

2096 1448 2368 1523 Ἰουδαίων
2391 1465 2733 1528 δυσσεϐείαις
2749 1466 2868 1526 ταῖς
2898 1464 2979 1526 είς
3004 1463 3241 1535 Χριστὸν
3260 1448 3685 1533 γεγενομέναιςξ

2098 1560 2345 1630 καὶαύτὴ
2378 1561 2486 1612 τῶν
2514 1558 2793 1627 στοιχείων
2824 1556 3224 1626 δεδυστξόρηκεν
3254 1554 3287 1624 ή
3314 1553 3494 1623 φύσις,
3522 1552 3673 1624 ἡλίου

2098 1654 2192 1707 καὶ
2224 1653 2474 1723 σελήνης.
2501 1651 2732 1718 Λέγεται
2750 1648 2806 1701 δὲ
2834 1649 2928 1701 ἐπὶ
2952 1647 3046 1700 τοῦ
3083 1647 3372 1716 Ῥωμαίων
3399 1647 3663 1715 πολέμου,

416 1762 740 1831 contigisse,
770 1758 1045 1825 Jusephns
1091 1751 1390 1805 historicus
1450 1746 1636 1800 tradit.
1674 1740 1765 1796 Vel
1795 1741 1896 1795 hoc
1924 1754 1989 1794 ex

2108 1743 2277 1796 πολλὰ
2301 1741 2530 1795 τοιαῦτα
2555 1737 2886 1808 γεγενῆσθαι
2922 1740 2979 1791 ὲν
3004 1738 3239 1809 οὐρανῷ,
3275 1736 3456 1799 καθὼς
3482 1734 3677 1806 Ἰώση⁴

414 1829 702 1905 affectione
757 1860 971 1904 eorum,
1013 1856 1133 1911 qua:
1166 1838 1466 1907 patiuntur,
1508 1833 1723 1886 accidit.
1764 1848 1782 1880 ι
1843 1829 1989 1882 Diem

417 1953 594 1997 autem
620 1940 832 1995 Domini
869 1949 1125 2004 magnum
1157 1939 1212 1984 et
1255 1926 1606 1983 manifestum
1644 1942 1662 1973 ι
1722 1923 1865 1976 diem
1903 1935 1990 1972 re.

416 2027 776 2083 snrreetionis
805 2020 1078 2092 intelligit.
1129 2015 1264 2071 Illud
1300 2028 1451 2079 vero,
1484 2031 1503 2064 ι
1544 2009 1735 2066 Omnis
1755 2007 1992 2077 quicun-

417 2136 522 2192 que
553 2115 888 2173 invocaverit
939 2126 1138 2166 nomen
1169 2104 1406 2168 Domini,
1435 2103 1622 2157 salvus
1653 2100 1779 2162 erit,
1829 2114 1847 2148 ι
1885 2111 1993 2149 non

418 2189 489 2265 de
519 2208 662 2262 nuda
704 2220 768 2260 ac
797 2202 1038 2273 simplici
1086 2197 1436 2252 invocatione
1468 2191 1631 2261 200
1688 2189 1997 2257 intelligen-

422 2304 552 2357 dutn
574 2343 590 2368 ,
621 2300 717 2355 sed
747 2299 814 2352 de
843 2312 929 2363 ea,
960 2307 1082 2365 quae
1104 2291 1160 2346 ﬁt
1188 2305 1310 2346 cum
1348 2288 1564 2368 allecto,
1594 2292 1741 2339 recta
1766 2284 1898 2338 'vila
1936 2294 2000 2335 ac

420 2409 661 2466 congrua
690 2390 909 2447 ﬁducia.
966 2408 985 2441 ι
1015 2387 1135 2441 Non
1165 2386 1311 2441 enim
1353 2362 1532 2437 omnis
1562 2379 1655 2449 qui
1686 2379 1815 2433 dicit
1843 2375 1997 2441 mihi,

420 2465 671 2549 Domine,
696 2468 944 2545 Domine,
980 2476 1207 2533 intrabit
1243 2475 1299 2529 in
1329 2486 1554 2543 regnum
1581 2470 1874 2532 caelorum,
1903 2465 2000 2521 sed

419 2576 512 2646 qui
530 2575 659 2629 facit
679 2576 1012 2628 voluntatem
1041 2567 1221 2621 Patris
1249 2565 1376 2631 mei,
1400 2563 1492 2633 qui
1520 2561 1752 2636 incmjis
1774 2557 1942 2615 eat“.
1973 2574 1992 2608 ι

671 2760 826 2815 Feria
851 2765 1045 2829 quarta
1084 2753 1430 2809 hebdomath
1455 2751 1754 2807 Paschalis.

426 2856 502 2911 De
530 2855 798 2926 passione,
867 2850 1248 2904 resurrectione
1297 2857 1345 2900 et
1395 2847 1699 2899 ascensione
1717 2841 1915 2898 Christi
1954 2849 2004 2895 et

850 2943 1100 2994 missione
1123 2937 1353 3006 Spiritus
1384 2937 1579 2995 s..ncti.

1061 3124 1362 3181 TEXTUS.

500 3224 563 3289 ll,
590 3222 775 3278 22-56.
798 3219 854 3275 In
878 3221 1071 3276 tlichus
1095 3219 1358 3272 iliisdixit
1386 3218 1577 3272 Petrus
1611 3217 1676 3269 ad
1709 3217 1965 3285 populum
1992 3234 2008 3271 :

432 3317 545 3372 Viri
571 3315 846 3381 Israelitze,
867 3313 1053 3367 audite
1079 3312 1242 3366 verba
1266 3311 1377 3364 hinc
1408 3326 1422 3363 :
1451 3305 1635 3363 Jesurn
1667 3307 2009 3362 Nazarcnutn

428 3410 603 3463 virum
630 3406 986 3477 approbatum
1014 3419 1043 3455 a
1066 3402 1172 3456 Deo
1201 3400 1256 3454 in
1285 3399 1465 3465 vobis,
1493 3400 1788 3454 virtutibus
1810 3408 1864 3453 et
1885 3414 2012 3468 pro-

429 3501 595 3572 digiis
619 3509 673 3553 et
699 3497 873 3567 signis
895 3510 1019 3564 qua:
1046 3493 1177 3547 fecit
1212 3492 1353 3546 Deus
1390 3506 1485 3561 per
1540 3491 1689 3544 illum
1752 3490 1806 3543 in
1834 3488 2012 3544 medio

432 3592 624 3653 vestri,
648 3592 793 3644 sicut
815 3596 867 3641 ct
892 3602 990 3642 vos
1045 3584 1218 3649 scitis,
1249 3584 1394 3638 hunc
1452 3583 1675 3637 deﬁnito
1712 3581 1939 3637 consilio
1962 3590 2016 3635 et

431 3681 778 3756 praescientia
811 3678 904 3734 Dei
956 3679 1247 3743 traditum,
1302 3693 1398 3747 per
1454 3692 1649 3731 manus
1698 3676 2011 3746 iniquorum

436 3779 711 3849 adigentes
738 3774 1115 3829 intercmistis.
1157 3775 1328 3838 Quem
1362 3772 1502 3824 Deus
1534 3772 1842 3833 suscitavit,
1874 3771 2016 3825 soln-

437 3871 509 3925 tis
537 3868 821 3924 doloribus
848 3864 1071 3930 inferni,
1095 3864 1250 3931 juxta
1265 3861 1412 3932 quod
1434 3862 1774 3930 impossibile
1793 3870 1909 3915 erat
1939 3870 2017 3914 te-

436 3964 552 4018 neri
583 3963 734 4016 illutn
764 3960 831 4014 ab
852 3972 936 4013 eo.
962 3955 1131 4011 David
1153 3953 1452 4022 enitndicit
1485 3954 1687 4007 ineunt
1717 3953 1789 4006 ης
1832 3971 1850 4003 ι
1885 3952 2017 4006 Pro-

436 4056 682 4110 videham
718 4052 1006 4106 Dominum
1044 4049 1096 4102 in
1129 4053 1431 4116 conspectu
1458 4059 1581 4098 meo
1607 4058 2013 4113 sernperzqno.

436 4154 581 4203 niam
608 4164 636 4200 a
685 4145 896 4202 dextris
939 4150 1023 4197 est
1043 4140 1175 4195 tnihi
1222 4154 1291 4194 ne
1324 4152 1696 4192 commovear.
1730 4155 1748 4188 ι
1788 4134 2019 4205 Propter

440 4245 544 4296 hoc
567 4241 806 4294 la-tatum
829 4247 914 4293 est
967 4250 1062 4291 cor
1124 4248 1331 4303 meum,
1378 4240 1430 4287 et
1479 4229 1775 4285 exsultavit
1833 4229 2015 4298 lingua

440 4347 579 4397 mea,
600 4331 825 4399 insuper
856 4338 1060 4383 etearo
1086 4339 1203 4379 mea
1241 4323 1549 4394 requiescet
1602 4320 1657 4375 in
1697 4314 1794 4390 spe
1826 4336 1841 4372 :
1876 4333 2017 4387 quo-

2101 1853 2201 1899 πος
2230 1837 2454 1906 ἱστορεῖ.
2500 1834 2657 1886 Ἤτοι
2684 1832 2791 1885 ἀπὸ
2813 1833 2910 1900 τῆς
2941 1830 3236 1893 διαθέσεως
3285 1831 3391 1882 τῶν
3446 1831 3679 1900 πασχὸν·

2099 1943 2208 1980 των
2236 1926 2394 1980 τοῦτο
2427 1926 2654 1991 γίνεται.
2722 1945 2738 1974 ι
2776 1924 3025 1995 Ἡμέραν
3058 1923 3115 1977 δὲ
3163 1923 3371 1995 Κυρίου
3421 1924 3665 1993 μεγὶλην

2102 2018 2200 2071 καὶ
2264 2018 2501 2087 ἐπιφανῆ
2533 2036 2550 2069 ι
2594 2018 2693 2087 τὴν
2724 2018 2824 2086 τῆς
2878 2014 3224 2076 ἀναστάσεως
3261 2018 3415 2084 φησι.
3471 2014 3545 2068 Τὸ
3590 2014 3673 2080 δὲ,

2110 2129 2129 2162 ι
2165 2110 2278 2172 Πᾶς
2304 2109 2363 2171 ὃς
2390 2108 2457 2161 ἂν
2496 2108 2895 2178 ἁπικαλέσηται
2927 2106 2986 2159 τὸ
3011 2105 3181 2177 ὄνομα
3239 2105 3445 2176 Κυρίου
3501 2105 3648 2174 σωθὴ

2108 2219 2279 2267 σεται,
2312 2220 2331 2254 ι
2364 2201 2486 2271 οὐχι
2525 2200 2585 2253 τὸ
2613 2200 2800 2265 ἁπλῶς
2845 2197 3274 2252 ἐπικαλέσασθαι
3327 2216 3514 2269 φησιν,
3542 2198 3678 2251 ἀλλὰ

2106 2295 2167 2348 τὺ
2199 2294 2337 2364 μετὰ
2366 2291 2684 2357 διαθέσεως,
2714 2291 2852 2362 μετὰ
2909 2290 3024 2362 βίου
3064 2290 3312 2359 ἀρίστου,
3352 2290 3491 2361 μετά
3541 2292 3681 2361 παῤ-

2111 2385 2310 2457 ρησίας
2364 2386 2457 2452 τῆς
2498 2383 2904 2453 προσηκούσης.
2944 2401 2963 2434 ι
2990 2376 3065 2435 σὺ
3101 2382 3210 2453 γὰρ
3252 2382 3280 2433 ὁ
3311 2381 3485 2450 λέγων
3539 2398 3629 2451 μοι
3658 2421 3676 2445 ,

2109 2477 2303 2547 Κύριε,
2339 2474 2534 2546 Κύριε,
2588 2474 3061 2537 είσελεύσεταιεὶς
3109 2474 3208 2544 τὴν
3263 2471 3676 2542 βασιλείαν“τῶν

2107 2567 2374 2639 οὐρανῶν,
2441 2566 2555 2619 ἀλλ’
2578 2568 2606 2620 ὁ
2661 2565 2830 2619 ποιῶν
2863 2565 2924 2619 τὸ
2963 2565 3173 2636 Θέλημα
3211 2564 3303 2618 τοῦ
3338 2564 3546 2634 Πατρός
3577 2579 3682 2633 μου

2108 2660 2204 2714 τοῦ
2234 2661 2289 2712 ὲν
2313 2661 2582 2729 οὐρανοῖς.
2611 2678 2629 2708 ι

2396 2752 2475 2821 Τῇ
2518 2751 2755 2821 τετάρτῃ
2783 2749 2881 2820 τῆς
2913 2748 3368 2820 Διακαινησίμου.

2111 2839 2251 2908 Περί
2313 2840 2542 2904 πάθους
2591 2840 2687 2891 καὶ
2730 2837 3146 2904 ἀναστάσεως,
3178 2839 3275 2893 καί
3325 2836 3688 2906 ἀναλήψεως

2182 2931 2289 2986 τοῦ
2337 2919 2633 3002 Χριστοῦ,
2674 2930 2894 3000 δωρεᾶς
2925 2949 2990 2986 τε
3039 2932 3145 2987 τοῦ
3197 2932 3372 3002 ἁγίου
3424 2932 3693 3001 Ιιγεύμα·

2184 3040 2308 3089 τος.

2721 3115 3114 3172 KEIMENON.
3290 3164 3317 3182 ,

2184 3207 2275 3260 Ἐν
2304 3207 2421 3270 ταῖς
2449 3206 2685 3279 ἡμέραις
2730 3208 2990 3273 ἐκείναις,
3039 3204 3158 3262 εἷπε
3190 3208 3396 3281 Πέτρας
3429 3206 3566 3279 πρὸς
3597 3206 3688 3261 τὸν

2113 3298 2243 3352 λαόν
2281 3314 2298 3330 ο
2355 3299 2584 3368 ’Ἄνδρες
2626 3300 2980 3370 Ἰσραηλῖται,
3031 3300 3301 3354 ἀκούσατε
3343 3301 3471 3365 τοὺς
3500 3300 3690 3368 λόγους

2117 3390 2376 3454 τούτους·
2425 3390 2637 3462 Ἰησοῦν
2697 3389 2790 3444 τὸν
2847 3390 3195 3461 Ναζωραῖον,
3232 3391 3402 3462 ἄνδρα
3443 3390 3552 3446 ἀπὸ
3596 3389 3690 3444 τοῦ

2114 3482 2252 3536 Θεοῦ
2282 3482 2739 3553 ἀποδεδειγμένον
2766 3483 2846 3547 είς
2880 3483 3024 3552 ὑμᾶς
3059 3483 3324 3552 δυνάμεσι
3362 3482 3457 3537 καὶ
3504 3485 3694 3552 τέρασι

2115 3574 2211 3629 καὶ
2250 3573 2519 3645 σημείοις,
2548 3571 2628 3639 οἷς
2655 3575 2881 3644 ἐποίησε
2915 3576 2981 3628 δι’
3020 3574 3185 3628 αὐτοῦ
3218 3579 3246 3630 ὁ
3278 3576 3410 3638 Θεὸς
3440 3577 3497 3627 ὲν
3542 3576 3694 3644 μέσῳ

2116 3666 2292 3736 ὑμῶν,
2325 3667 2505 3728 καθὼς
2537 3667 2631 3720 καὶ
2665 3668 2822 3720 αὐτοὶ
2859 3667 3061 3731 οἴδατε,
3094 3667 3285 3721 τοῦτον
3312 3672 3378 3739 τῇ
3410 3670 3692 3739 ὡρισμένῃ

2118 3758 2280 3830 βουλῇ
2322 3761 2416 3813 καὶ
2474 3759 2782 3829 προγνώσει
2825 3759 2919 3813 τοῦ
2975 3759 3111 3813 θεοῦ
3168 3760 3382 3814 ἔκδοτον
3413 3761 3691 3822 λαϐόντες,

2114 3851 2201 3902 διὰ
2229 3849 2430 3919 χειρῶν
2469 3849 2689 3920 ἀνόμων
2731 3848 3150 3919 προσπήξαντες
3210 3848 3477 3902 ἀνείλετε.
3523 3850 3619 3898 Ὃν
3663 3848 3692 3898 ὁ

2115 3942 2246 4000 θεὸς
2276 3941 2564 4012 ἀνέστησε,
2624 3941 2793 4005 λύσας
2849 3941 2946 4002 τὰς
3009 3941 3202 4004 ὠδῖνας
3279 3940 3374 3994 τοῦ
3436 3940 3690 4005 θανάτου,

2118 4033 2305 4086 καθότι
2330 4034 2431 4086 οὐκ
2459 4029 2526 4104 ἦν
2542 4033 2770 4086 δύνατἰν
2804 4034 3126 4102 κρατεῖσθαι
3177 4033 3341 4086 αὐτὸν
3369 4033 3463 4086 ὑπ’
3495 4032 3689 4087 αὐτοῦ.

2118 4127 2281 4180 Δαὸὶδ
2317 4128 2425 4196 γὰρ
2451 4125 2602 4193 λέγει
2624 4127 2702 4187 είς
2735 4124 2931 4177 αὐτόν*
2966 4125 3322 4195 Προωρώμην
3372 4126 3466 4177 τὸν
3488 4122 3692 4194 Κύριον

2120 4219 2350 4272 ἐνώπιόν
2410 4235 2511 4286 μου
2567 4217 2654 4269 διὰ
2686 4217 2908 4281 παντὸς,
2936 4217 3019 4269 ὅτι
3049 4218 3113 4269 ὲκ
3149 4215 3342 4280 δεξιῶν
3387 4216 3488 4286 μού
3522 4219 3691 4280 ἐστιν,

2124 4312 2210 4363 ἵνα
2248 4309 2324 4379 μὴ
2357 4306 2624 4360 σαλευθῶ.
2657 4307 2756 4359 Διὰ
2779 4305 3250 4377 τοῦτοεύφράνθη
3280 4310 3316 4376 ὴ
3344 4309 3539 4379 καρδία
3567 4326 3691 4378 μου,

441 4425 585 4478 niam
609 4438 715 4476 non
742 4419 1089 4487 derelinques
1106 4416 1346 4471 animam
1364 4428 1540 4469 meam
1576 4412 1631 4465 in
1656 4410 1893 4473 inferno,
1918 4425 2004 4463 net

2123 4402 2217 4455 καὶ
2243 4398 2610 4468 ἠγαλλιάσατο
2639 4398 2673 4468 ή
2713 4397 2935 4465 γλῶσσά
2968 4415 3093 4465 μου.
3129 4398 3249 4450 Ἐτι
3273 4399 3330 4451 δὲ
3362 4401 3455 4453 καὶ
3488 4402 3518 4468 ή
3556 4400 3695 4469 σάρξ

442 4513 596 4567 dabis
638 4519 890 4567 sanetum
924 4519 1077 4562 tuum
1121 4505 1306 4560 videre
1360 4504 1790 4568 corruptionem.
1853 4497 2023 4552 Notas

445 4604 577 4656 mihi
617 4602 796 4657 fecisti
855 4600 977 4653 vias
1010 4599 1133 4651 vitae
1166 4612 1181 4648 :
1217 4603 1272 4647 et
1299 4592 1531 4662 rcplebis
1561 4607 1647 4646 me
1681 4591 2023 4661 jucunditate

445 4711 568 4748 cum
609 4695 746 4746 tacie
777 4689 1027 4745 tua.Viri
1054 4687 1281 4751 fratres,
1324 4686 1484 4740 liceat
1539 4684 1808 4739 audenter
1841 4682 2024 4737 dicere

446 4787 514 4839 ad
549 4799 644 4837 vos
662 4782 729 4836 de
764 4781 1071 4852 patriarcha
1099 4778 1289 4844 David,
1327 4778 1596 4848 quoniam
1627 4775 1919 4831 defunctus
1941 4783 2026 4828 est

446 4860 813 4944 ebsepuitus,
857 4882 911 4928 et
947 4872 1261 4943 sepulcrum
1285 4871 1407 4942 ejus
1440 4876 1524 4925 est
1553 4867 1696 4939 apud
1714 4882 1816 4922 nos
1848 4879 2021 4935 usque

446 4968 502 5021 in
535 4965 862 5021 hodiernum
903 4964 1069 5019 diem.
1100 4961 1370 5032 Propheta
1404 4959 1570 5029 igitur
1599 4972 1725 5012 cum
1748 4956 1935 5019 'esset,
1968 4962 2023 5009 et

447 5060 633 5123 sciret,
663 5057 792 5128 quia
813 5055 1173 5128 jurejurando
1199 5055 1443 5125 jurasset
1465 5050 1541 5104 illi
1562 5046 1808 5111 Deus,de
1842 5044 2022 5100 fructu

450 5150 620 5205 lumbi
648 5149 771 5219 ejus
802 5150 996 5204 sedere
1027 5162 1193 5217 super
1211 5144 1398 5201 sedem
1453 5143 1594 5208 ejus,
1615 5135 1906 5208 providens
1946 5134 2025 5190 lo-

450 5253 612 5298 cutus
638 5251 720 5297 est
746 5242 814 5297 de
835 5238 1255 5295 resurrectione
1289 5231 1518 5296 Christi,
1549 5229 1675 5299 quia
1716 5242 1894 5296 neque
1928 5225 2021 5282 de-

452 5335 678 5389 relictus
700 5340 785 5388 est
814 5332 867 5386 in
895 5328 1128 5394 inferno,
1174 5340 1349 5394 neque
1380 5335 1512 5377 caro
1542 5322 1662 5389 ejus
1684 5317 1814 5371 vidit
1833 5331 2025 5372 corru-

526 5494 570 5526 "
600 5494 724 5548 Act.
761 5503 869 5557 xxI,
917 5490 974 5545 9.
1054 5486 1098 5520 ιδ
1134 5483 1324 5541 Matth.
1362 5483 1571 5551 vn,9.l.

1678 5483 1720 5514 ¹⁵
1749 5481 1891 5536 Psal.
1920 5497 2007 5546 xv,
2037 5481 2094 5535 8.

2127 4508 2230 4560 μου
2268 4485 2691 4556 κατασκηνώσει
2724 4487 2811 4538 ἐπ’
2851 4487 3062 4540 ἐλπίδιο
3098 4487 3181 4540 ὅτι
3222 4489 3323 4540 οὐκ
3372 4489 3695 4557 ἐγκαταλεί-

2119 4583 2240 4652 ψεις
2268 4580 2369 4650 τὴν
2407 4579 2588 4649 ψυχήν
2622 4596 2723 4649 μου
2759 4581 2836 4641 είς
2865 4578 3020 4650 ᾅδην,
3053 4580 3173 4633 οὐδὲ
3211 4579 3402 4643 δώσεις
3425 4581 3516 4633 τὸν
3548 4581 3696 4633 ὅσιόν

2124 4690 2218 4726 σου
2262 4673 2391 4725 ίδεῖν
2430 4670 2749 4741 διαφθοράν.
2795 4672 3129 4741 Ἐγνώρισάς
3178 4691 3267 4743 μοι
3302 4675 3456 4737 ὁδοὺς
3513 4671 3695 4743 ζωῆς·

2121 4764 2434 4836 πληρώσεις
2467 4782 2534 4835 με
2569 4764 2913 4835 εὐφροσύνης
2946 4766 3083 4835 μετὰ
3109 4767 3203 4820 τοῦ
3232 4768 3530 4836 προσώπου
3573 4783 3694 4819 σου.

2124 4857 2349 4929 ’Ἄνδρες
2378 4856 2619 4925 ἀδελφοὶ,
2655 4854 2773 4920 ἐξὸν
2808 4856 2980 4908 εἰπεῖν
3011 4856 3149 4926 μετὰ
3202 4857 3522 4928 παρρησίας
3560 4858 3699 4930 πρὸς

2121 4945 2427 5018 ὑμᾶς’περὶ
2459 4948 2554 5000 τοῦ
2584 4948 2928 5019 πατριάρχου
2963 4948 3152 5012 Δαόὶδ,
3200 4950 3282 5002 ὅτι
3328 4952 3424 5004 καὶ
3470 4951 3701 5003 ἐτελεύ-

2122 5057 2277 5111 τησε,
2314 5041 2411 5093 καὶ
2436 5039 2637 5109 ἐτάφη,
2661 5040 2757 5092 καὶ
2784 5039 2845 5093 τὸ
2874 5038 3065 5109 μνῆμα
3094 5040 3259 5093 αὐτοῦ
3290 5042 3438 5095 ἐστιν
3475 5044 3533 5094 ὲν
3571 5043 3699 5112 ὑμῖν

2124 5131 2252 5202 ἄχρι
2277 5132 2374 5199 τῆς
2403 5131 2617 5200 ἡμέρας
2678 5129 2904 5200 ταύτης.
2962 5132 3263 5202 Προφήτης
3293 5134 3386 5187 οὖν
3437 5133 3700 5205 ὑπάρχων

2127 5225 2224 5276 καὶ
2253 5221 2408 5286 erat»;
2443 5223 2523 5276 ὅτι
2552 5224 2698 5293 ὅρκῳ
2727 5221 2958 5293 ὥμωσεν
2984 5222 3136 5294 αὐτῷ
3161 5226 3190 5278 ὁ
3212 5224 3347 5289 Θεὸς
3386 5225 3451 5280 ὲκ
3482 5227 3700 5296 καρποῦ

2127 5316 2230 5386 τῆς
2264 5315 2467 5385 ὀσφύος
2496 5314 2663 5370 αὑτοῦ
2716 5315 2781 5368 τὸ
2819 5314 2962 5369 κατὰ
3001 5300 3193 5388 σάρκα
3229 5317 3559 5388 ἀναστήσειν
3607 5317 3702 5371 τὸν

1514 5592 1518 5595 ⁷
1605 5601 1805 5664 Varia:
1849 5602 2153 5664 lectiones
2200 5604 2261 5661 et
2306 5603 2496 5660 notae.

527 5714 550 5744 ’⁸
581 5710 670 5764 ἷσ.
715 5712 807 5764 ἐπὶ
850 5711 1111 5781 ὁσιότητι.
