4088 6206
414 257 519 323 847

1326 246 1901 309 THEOPHYLACTI
1940 244 2351 307 Εἰ]ιῦΑῆῐῶ
2389 244 2769 322 ARCHIEP._

3545 244 3655 308 848

479 365 641 421 Vens.
663 363 754 420 29.
784 360 849 416 Et
877 378 994 415 eum
1019 360 1129 415 hac
1160 358 1250 414 ille
1269 357 1505 423 dixisset,
1534 357 1709 413 Judwi
1741 355 1975 411 abierunt

2152 356 2261 410 Kal
2335 355 2522 410 ταῦτα
2604 356 2793 413 αὐτοῦ
2870 358 3166 425 είκόντος,
3246 353 3527 425 ἀπῆλθον
3609 367 3668 418 οι

407 466 630 512 nmltttm
658 458 794 511 inter
813 470 926 509 sese
956 453 1323 521 disceptantes.

478 633 744 691 Fecerunt
771 630 897 693 hoc,
924 629 1121 700 inquit,
1143 627 1366 682 auribus
1383 625 1673 689 obturatis,
1707 632 1763 679 et
1807 623 1979 678 oculis

406 726 657 781 occlusis.
719 721 1008 791 Nequando
1073 728 1445 774 conuertantur
1505 727 1555 773 et
1622 733 1803 771 sonent
1867 733 1976 770 eos.

409 819 680 887 Insignem
746 828 936 869 eorum
992 826 1056 867 ac
1103 812 1481 877 vehementem
1541 810 1812 881 signiﬁcat
1868 809 1972 862 im-

408 910 756 980 probitatem,
813 919 1015 974 eosque
1067 903 1248 958 dedita
1312 918 1477 972 opera
1527 917 1591 956 ac
1635 901 1817 955 studio
1858 914 1978 953 sese

408 999 689 1053 avertisse.
721 996 898 1065 Atque
932 996 1032 1049 hoc
1078 995 1231 1057 dicit,
1256 996 1531 1047 attrahere
1569 1007 1663 1045 eos
1690 1006 1753 1044 ac
1783 1004 1980 1059 provo-

410 1106 532 1145 care
553 1090 756 1151 volcns,
787 1099 842 1141 et
870 1086 1179 1148 ostendere,
1204 1085 1246 1139 si
1274 1100 1393 1138 sese
1418 1083 1806 1145 C(lllVL‘l’lt'l’llll,
1830 1080 1979 1134 futu-

410 1197 527 1235 rum
560 1191 618 1235 ut
660 1188 923 1234 sanentur
966 1179 1034 1232 ab
1071 1178 1210 1247 ipso.
1245 1177 1605 1230 lncrassatum
1644 1182 1718 1227 est
1756 1174 1893 1226 enim
1928 1182 1976 1226 et

406 1270 727 1324 obstructum
754 1285 843 1322 cor
870 1266 1236 1337 populi/udus.
1273 1264 1389 1318 Non
1416 1264 1558 1335 quod
1592 1262 1730 1318 Deus
1756 1277 1974 1332 operam

407 1363 581 1422 daret,
608 1376 675 1415 ne
697 1360 962 1421 viderent,
998 1359 1101 1412 hoe
1138 1358 1337 1411 dicitur
1362 1374 1374 1410 :
1396 1371 1520 1409 nam
1544 1355 1633 1411 ille
1654 1370 1844 1409 omnes
1865 1370 1978 1412 ser-

409 1453 522 1508 vari
552 1453 686 1514 vult,
730 1461 785 1507 et
815 1453 879 1505 ad
907 1451 1235 1522 agnitionem
1272 1448 1747 1503 veritatiS't'cuire
1770 1455 1820 1513 γ,
1868 1458 1976 1516 qua

408 1544 451 1598 si
502 1543 776 1599 inridente
820 1559 890 1597 ne
923 1542 1109 1612 utique
1151 1540 1442 1609 aliquando
1483 1539 1973 1608 obtemperarent:

408 1634 501 1689 sed
532 1634 634 1688 hoc
659 1635 822 1687 etiam
858 1648 957 1702 pro
989 1646 1140 1685 more
1177 1631 1360 1685 dicere
1400 1628 1641 1683 solemus
1675 1627 1744 1682 de
1768 1625 1837 1681 iis
1879 1625 1975 1697 qui

2081 446 2381 511 Ἰουδαῖοι,
2456 449 2703 518 πολλὴν
2776 448 3027 519 ἔχοντες
3106 449 3180 503 ἐν
3241 446 3482 516 ἑαυτοῖς
3551 461 3667 505 συ-

2079 536 2350 606 ζήτησιν.

2160 626 2453 697 Ἐποίησαν
2502 624 2681 693 τοῦτο,
2726 629 2879 698 φησὶ.
2912 629 2980 682 τά
3040 621 3157 683 ὦτα
3206 627 3489 698 βύσαντες,
3566 618 3663 680 καὶ

2078 716 2205 780 τοὺς
2227 717 2551 788 Ιὸφοαλμοίις
2605 720 3017 790 καμμύσαντες.
3076 721 3320 789 Μήποτε
3385 720 3661 790 ἐπιστρέ-

2078 810 2262 876 ψωσι,
2355 811 2454 863 καί
2522 811 2777 877 tricolum
2843 812 2888 845 ³⁸
2937 814 3181 881 quaeq,
3269 814 3663 885 ἐπιτεταμένην

2079 899 2261 952 αὐτῶν
2315 900 2489 968 λέγων
2538 904 2824 975 πονηρίαν,
2893 905 2987 959 καὶ
3043 903 3142 975 τὴν
3218 904 3356 975 μετὰ
3427 904 3660 974 σπουδῆς

2079 987 2455 1059 ἀποστροφήν.
2494 991 2602 1045 Καὶ
2643 993 2803 1046 τοῦτο
2837 992 3006 1061 λέγει,
3051 993 3412 1064 ἐφελκόμενος
3464 995 3660 1057 αὐτοὺς

2079 1079 2176 1132 καὶ
2219 1079 2498 1151 ἐρεθίζων,
2541 1080 2636 1135 καὶ
2689 1082 2902 1146 δεικνὺς
2958 1084 3041 1137 ὅτι
3089 1083 3185 1137 ἐὰν
3239 1084 3659 1155 ἐπιστρέψωσιν,

2083 1170 2291 1224 ἰάσεται
2335 1171 2558 1235 αὐτούς.
2631 1174 2966 1243 Ἐπαχύνθη
3022 1174 3134 1243 γὰρ
3190 1174 3230 1243 ἠ
3282 1174 3497 1242 καρδία
3552 1174 3662 1230 τοῦ

2075 1262 2233 1316 λαοῦ
2276 1263 2513 1318 τούτου.
2554 1263 2666 1335 Οὐχ
2693 1264 2769 1328 ὼς
2796 1264 2891 1318 τοῦ
2927 1265 3060 1318 Θεοῦ
3123 1264 3511 1330 σπουδάζοντος
3565 1264 3659 1319 τοῦ

2080 1352 2157 1424 μὴ
2212 1353 2339 1409 ἰδεῖν
2383 1356 2581 1420 αὐτοὺς
2634 1356 2793 1411 τοῦτο
2850 1351 3090 1427 λέγὲται,
3163 1357 3260 1413 τοῦ
3334 1358 3658 1430 βουλομένου

2078 1444 2285 1507 πάντας
2320 1445 2581 1515 σωθῆναι,
2615 1448 2709 1501 καὶ
2736 1450 2817 1513 είς
2847 1450 3141 1517 ἐπίγνωσιν
3174 1449 3429 1522 ἀληθείας
3463 1451 3658 1516 ἐλθεῖν,

2076 1531 2267 1605 ὥσπερ
2326 1536 2644 1604 φθονοῦντος
2713 1537 2790 1609 μὴ
2869 1539 2977 1610 ἄρα
3051 1557 3156 1595 που
3220 1541 3658 1596 κατακούσωσινο

2077 1624 2214 1677 ἀλλὰ
2248 1625 2409 1678 τοῦτο
2446 1627 2550 1679 κάν
2598 1629 2664 1696 τῇ
2710 1627 2965 1699 συνηθείᾳ
3009 1628 3188 1695 λέγειν
3236 1628 3509 1699 εἰώθαμεν
3563 1629 3660 1682 ἐπὶ

409 1725 596 1795 procul
633 1724 865 1795 fugiunt,
905 1732 958 1777 et
989 1724 1174 1776 audire
1204 1722 1396 1774 nolunt
1421 1708 1725 1775 orationem
1766 1719 1973 1775 saluta-

2076 1714 2185 1769 τῶν
2214 1716 2404 1788 πόρρω
2443 1716 2772 1787 φευγόντων.
2804 1720 2898 1772 καὶ
2932 1721 3007 1790 μὴ
3050 1719 3386 1790 βουλομένων
3424 1718 3657 1774 ιὶκονῗισαι

412 1830 522 1868 rem
545 1832 559 1869 :
581 1813 676 1868 Hic
698 1814 860 1867 homo
876 1813 1013 1866 adeo
1036 1808 1192 1880 fugit,
1209 1817 1263 1863 et
1286 1822 1447 1863 aures
1466 1817 1701 1872 amovet,
1729 1816 1980 1863 metuens

410 1902 697 1971 nequando
726 1902 888 1957 etiam
947 1900 1131 1954 audiat
1164 1897 1463 1952 orationem
1491 1937 1507 1960 ,
1544 1912 1654 1967 qua
1694 1906 1981 1952 converta-

412 2001 500 2045 tur
520 2002 575 2047 et
612 1992 815 2048 malitia
842 1991 961 2061 ejus
983 1998 1299 2046 coercentur
1320 1998 1482 2059 atque
1505 1988 1848 2045 cohibeatur.

482 2148 643 2203 Vens.
687 2147 777 2202 50.
819 2145 1016 2201 Mansit
1051 2159 1228 2200 autem
1259 2145 1462 2201 Paulus
1494 2147 1761 2201 biennium
1809 2154 1977 2201 totum

410 2244 467 2295 in
493 2258 586 2296 suo
608 2243 858 2295 conducto
891 2240 1189 2307 domicilio,
1225 2249 1275 2295 et
1317 2240 1632 2296 admittebat
1679 2255 1858 2295 omnes
1883 2242 1979 2313 qui

408 2332 723 2386 accedebant
750 2331 819 2385 ad
834 2331 1031 2399 ipsum,

482 2423 623 2479 Vens
672 2423 761 2478 5|.
785 2422 1093 2477 Prcdicnns
1125 2437 1189 2476 ac
1212 2422 1487 2494 divulgans
1514 2437 1732 2494 regnum
1769 2420 1886 2486 Dei,
1911 2438 1977 2478 ae

410 2517 595 2570 docens
625 2531 685 2570 ea
704 2510 826 2586 qua
840 2516 1096 2584 pertinent
1120 2514 1190 2569 ad
1212 2513 1490 2568 Dominum
1513 2513 1688 2569 Iesum
1711 2510 1975 2570 Christum

411 2623 529 2660 cum
563 2621 768 2659 summa
802 2604 1061 2671 libertate,
1091 2607 1294 2661 nemine
1313 2607 1639 2675 prohibente.

480 2695 598 2753 Non
627 2696 1084 2767 quemadmodum
1112 2696 1432 2768 Sinopensis
1466 2709 1490 2737 ι
1528 2698 1639 2764 ille,
1690 2697 1783 2770 qui
1833 2713 1976 2771 pan-

410 2788 495 2842 nis
525 2791 759 2844 amictus
784 2798 920 2852 erat,
946 2805 1011 2845 ac
1037 2789 1244 2845 dolium
1271 2805 1371 2861 pro
1384 2792 1662 2848 domicilio
1689 2792 1925 2851 habebat
1954 2812 1970 2850 :

408 2881 499 2951 qui
528 2897 651 2938 cum
685 2883 971 2956 nihilopus
998 2893 1143 2939 esset
1165 2884 1362 2940 multos
1383 2885 1601 2955 quidem
1615 2885 1974 2946 admiratione

2078 1806 2235 1875 λόγον
2298 1809 2600 1879 σωτηρίας*
2687 1809 2745 1863 '0
2795 1811 3082 1881 ἄνθρωπος
3175 1805 3329 1875 οὗτος
3398 1811 3654 1865 τοσοῦτον

2078 1897 2271 1966 φεύγει
2303 1900 2398 1953 καὶ
2436 1900 2640 1968 ἀπάγει
2681 1900 2781 1971 τὴν
2813 1901 3003 1972 ἀκοὴν,
3062 1901 3393 1973 φοϐούμενος
3443 1902 3651 1974 μήποτε

2075 1989 2169 2042 καὶ
2232 1989 2440 2063 ἀκούσῃ
2504 1991 2663 2061 λόγον
2729 1993 3125 2063 ἐπιστρέφοντα
3202 1994 3298 2047 καὶ
3376 1994 3653 2064 ἀναχαιτί-

2076 2077 2239 2142 ζοντα
2268 2080 2367 2151 τῆς
2405 2083 2603 2146 κακίας
2628 2082 2809 2138 αὐτόν.

2151 2172 2387 2239 Ἔμεινε
2438 2171 2509 2226 δὲ
2540 2176 2573 2227 ὁ
2624 2174 2863 2240 Παῦλος
2918 2173 3147 2230 διετίαν
3199 2174 3356 2244 ὅλην
3402 2174 3473 2230 ἐν
3526 2173 3655 2241 ιδιφ

2070 2262 2425 2332 μισθώματι,
2498 2265 2601 2319 καί
2650 2265 2978 2336 ἀπεδέχετο
3032 2265 3266 2333 πάντας
3325 2266 3467 2333 τοὺς
3526 2268 3655 2321 εισ-

2075 2355 2522 2424 πορευομένους
2593 2356 2747 2425 πρὸς
2816 2359 3024 2413 αὐτόν.

2143 2445 2480 2513 Κηρύσσων
2554 2445 2669 2515 τὴν
2730 2446 3063 2513 ,βασιλείαν
3123 2447 3234 2502 τοῦ
3307 2447 3479 2515 θεοῦ,
3551 2451 3653 2504 καί

2073 2534 2379 2589 διδάσκων
2418 2536 2492 2590 τὰ
2521 2536 2656 2605 περί
2706 2537 2812 2592 τοῦ
2838 2538 3059 2608 Κυρίου
3092 2538 3297 2608 Ἰησοῦ
3324 2541 3582 2610 χριστοῦ
3608 2542 3655 2575 ⁸⁸

2073 2626 2220 2696 μετὰ
2278 2626 2483 2695 πάσης
2527 2628 2574 2660 ³⁸
2640 2630 2979 2699 παρῤησιας
3033 2631 3373 2700 ἀκωλύτως.

2146 2717 2223 2771 ού
2276 2715 2528 2790 καθάπερ
2564 2720 2595 2773 ὀ
2633 2720 2908 2785 Σινωπεὺς
2946 2722 3152 2787 ἐκτίνος
3203 2722 3235 2776 δ
3298 2722 3444 2795 ῥάκη
3495 2739 3654 2796 περι-

2076 2808 2408 2881 σεδλημένος
2469 2811 2566 2866 καὶ
2615 2810 2775 2867 πίθον
2818 2813 3021 2869 οἰκῶν·
3073 2814 3133 2879 δς
3184 2816 3337 2870 ούδέν
3407 2816 3525 2873 δέον
3574 2818 3656 2884 ἐξ-

2076 2900 2280 2972 έπληξε
2340 2902 2441 2971 μὲν
2496 2901 2745 2970 πολλοὺς,
2807 2905 3059 2975 ὠφέλησε
3096 2905 3153 2961 δὲ
3217 2907 3429 2962 οὐδένα.
3486 2910 3547 2962 '0
3594 2910 3654 2964 δέ

408 2974 491 3028 sui
551 2974 810 3030 attonitos
862 2975 1142 3040 reddebat,
1196 2976 1291 3031 sed
1332 2976 1540 3032 nemini
1596 2977 1970 3047 adiumentum

2078 2993 2289 3057 Παῦλος
2337 2992 2542 3049 τούτων
2577 2995 2676 3065 μὲν
2726 2974 2881 3051 οὐδὲν
2917 2996 3126 3053 ἐποίει·
3190 2998 3313 3053 οὐδέ
3363 2999 3472 3071 γὰρ
3515 3000 3652 3071 πρὸς

408 3065 689 3121 atl'erebat.
709 3065 907 3123 Paulus
928 3075 1109 3123 autem
1133 3067 1271 3122 nihil
1303 3068 1517 3125 illarum
1545 3069 1760 3139 quidem
1793 3085 1971 3126 rerum

2079 3054 2392 3154 φιλοτιμίαν
2429 3054 2656 3139 ἔϐλεπεν
2676 3102 2692 3117 ·
2734 3087 2874 3142 ἀλλὰ
2900 3090 2992 3143 καὶ
3039 3089 3230 3161 ἱμάτια
3267 3054 3652 3162 ωρέεέέελῆτι]

407 3156 642 3211 faciebat
671 3173 687 3215 :
716 3172 891 3228 neque
944 3159 1092 3213 enim
1146 3160 1367 3215 honoris
1408 3161 1650 3215 studium
1696 3160 1775 3215 illi
1822 3161 1973 3215 cordi

408 3254 523 3299 erat
545 3261 560 3300 :
584 3245 829 3315 quinimo
856 3247 1238 3302 honestissime
1264 3263 1481 3319 quoque
1504 3250 1733 3305 vestitus
1755 3259 1895 3313 erat,
1919 3260 1976 3307 et

410 3338 465 3388 in
498 3334 707 3392 aedibus
740 3345 1010 3407 perpetuo
1047 3337 1343 3404 habitabat,
1376 3355 1442 3397 ac
1467 3340 1607 3395 nihil
1640 3342 1974 3411 pratermit-

412 3429 579 3491 tebat,
612 3428 757 3499 quod
787 3428 855 3483 ad
898 3428 1135 3498 reliquas
1175 3430 1404 3487 virtutes
1434 3431 1741 3503 pertinebat
1775 3450 1790 3487 :
1837 3448 1975 3503 quas

408 3517 645 3588 Cynicus
696 3520 788 3575 ille
837 3519 1177 3590 despiciebat
1218 3521 1348 3577 dum
1390 3522 1682 3579 libidinose
1732 3525 1972 3591 vivebat,

409 3618 576 3679 atque
602 3610 657 3664 in
688 3612 905 3681 publico
936 3628 1057 3670 sese
1084 3615 1314 3684 turpiter
1333 3615 1519 3681 dabat,
1551 3626 1607 3672 et
1633 3618 1827 3674 insano
1859 3620 1976 3690 glo-

409 3702 507 3757 riae
534 3704 716 3760 studio
735 3705 1056 3763 ducebatur.
1082 3708 1221 3763 Nam
1240 3709 1287 3765 si
1306 3709 1428 3780 quis
1443 3719 1786 3783 quaeratqune
1811 3727 1973 3769 causa

409 3788 576 3845 fuerit
602 3805 702 3847 cur
742 3792 800 3847 in
827 3792 974 3849 dolio
994 3793 1300 3862 habitaret,
1326 3796 1530 3852 nullam
1555 3798 1716 3854 aliam
1751 3815 1972 3856 causam

410 3881 669 3947 inveniet,
707 3892 870 3954 atque
920 3884 1161 3941 studium
1199 3903 1352 3944 vana:
1406 3889 1591 3961 glorias
1653 3893 1851 3948 solum.
1902 3894 1974 3951 At

408 3972 610 4029 Paulus
639 3978 805 4032 etiam
841 3979 1147 4035 mercedem
1172 3981 1448 4052 praebebat
1485 3983 1973 4060 habitationis,qus

407 4066 592 4124 Romae
626 4070 901 4129 utebatur.

2082 3174 2222 3243 μετὰ
2292 3176 2473 3246 πάσης
2560 3176 2994 3249 εὐσχημοσύνης,
3078 3181 3172 3234 καὶ
3260 3180 3437 3236 οἰκίαν
3514 3181 3649 3252 ᾤκει

2076 3263 2364 3334 διηνεκῶς,
2430 3267 2526 3321 καὶ
2591 3267 2690 3339 τὴν
2765 3269 3051 3340 ἀκρίϐειαν
3114 3270 3332 3327 ἃπασαν
3394 3273 3489 3327 ἐπὶ
3549 3274 3653 3345 τῆς

2078 3355 2246 3428 ἄλλης
2278 3360 2477 3430 ἀρετῆς
2502 3361 2862 3418 ἐπεδείκνυτο·
2894 3358 2962 3436 ἦς
2989 3367 3018 3419 6
3040 3365 3276 3431 Κυνικὸς
3326 3366 3652 3438 κατεφρόνει

2079 3446 2188 3510 ζῶν
2242 3449 2507 3518 ἀσελγῶς,
2554 3453 2649 3506 καὶ
2705 3453 2940 3529 δημοσίᾳ
3000 3457 3347 3529 ἀσχημονῶν.
3401 3460 3496 3513 καὶ
3544 3460 3653 3514 ύπδ

2071 3537 2176 3606 τῆς
2225 3538 2356 3611 περί
2409 3539 2506 3612 τὴν
2554 3543 2711 3609 δόξαν
2768 3546 2967 3617 μανίας
3024 3549 3343 3619 συρόμενος.
3384 3550 3481 3604 Ἂν
3539 3550 3651 3621 γὰρ

2075 3629 2266 3701 ἔρηταί
2317 3648 2403 3697 τις
2468 3633 2568 3704 τῆς
2618 3635 2713 3689 τοῦ
2769 3637 2926 3692 πίοου
2980 3641 3249 3710 οἰκήσεως
3287 3640 3385 3712 την
3445 3642 3645 3708 αἰτίαν,

2074 3722 2329 3794 οὐδεμίαν
2377 3726 2571 3796 ἑτέραν
2622 3727 2801 3783 αἰτίαν
2851 3730 3157 3801 εὖρήσειεν,
3220 3731 3337 3787 ἀλλ’
3385 3732 3420 3805 ἢ
3494 3750 3648 3788 κενο-

2073 3811 2256 3878 δοξίαν
2300 3814 2491 3889 μόνην.
2553 3816 2613 3871 '0
2657 3818 2714 3873 δὲ
2769 3820 2981 3887 Παῦλος
3031 3823 3125 3878 καὶ
3172 3824 3365 3896 μισθὸν
3420 3827 3646 3896 παρεῖχε

2075 3903 2174 3975 τῆς
2230 3906 2431 3974 οἰκίας,
2472 3902 2597 3983 ἐνῇ
2636 3908 2936 3982 κατέμενεν
2979 3913 3023 3946 ³³
3056 3914 3117 3968 ἐν
3169 3915 3237 3986 τῇ
3252 3913 3461 3986 Ῥώμη.

1574 4263 1776 4326 Varias
1816 4267 2126 4332 lectiones
2170 4277 2233 4333 et
2270 4281 2459 4338 notae.

404 4430 541 4477 erat.

467 4544 497 4587 !
523 4536 732 4594 Videtur
772 4542 918 4598 locus
957 4553 1238 4614 corruptus
1260 4555 1309 4602 et
1345 4549 1585 4606 mutilas.

478 4351 524 4461 ἲς
555 4351 776 4424 ἰάσομαι
804 4363 940 4410 erat.
1039 4356 1084 4390 ³⁸
1108 4359 1344 4431 Χριστοῦ
1376 4362 1708 4422 desideratur
1750 4371 1804 4424 in
1843 4371 1975 4444 vulgi

2078 4412 2092 4426 .
2192 4375 2238 4408 ”
2281 4376 2465 4446 πάσης
2491 4380 2819 4441 desideratur
2867 4386 2923 4439 in
2970 4383 3169 4458 aliquo.
3270 4387 3318 4424 ⁸⁸
3346 4387 3642 4461 κατέμενεν

1683 4562 1705 4591 ι
1743 4553 2025 4626 Diogenem
2074 4557 2324 4629 Cynicum
2351 4563 2620 4637 intelligit.
