4088 6206
406 311 511 375 853

1076 310 1611 375 EXPOSITIONIS
1648 311 1731 372 IN
1768 311 1958 373 ACTA
1995 310 2291 371 TEXTUS
2325 310 2592 371 ALTER.
2631 306 2698 345 --'
2727 309 2890 369 CAP.
2928 308 2977 368 Ι.

3543 316 3651 381 854

337 472 344 481 .
411 426 693 497 πράττειν,
731 425 893 488 αὐτὸς
928 426 984 480 δὲ
1015 426 1116 479 οὐκ
1147 425 1407 498 ἔπραττε.
1440 427 1538 484 Διὰ
1558 425 1716 480 τοῦτο
1746 424 1977 494 παρῄνει
2008 422 2032 479 .4

2137 435 2294 481 ones.
2348 430 2406 475 ιιι
2440 422 2506 476 ad
2558 410 2915 476 itttit:ttiottem
2953 420 3174 476 virtutis
3228 436 3347 478 sese
3380 424 3647 489 transfer:

414 520 493 582 εἰς
530 509 761 587 μίμησιν
785 519 988 590 ἀρετῆς
1020 501 1425 588 μετατίθεσθαι.

489 628 510 663 ι
542 611 705 680 Ἀχρι
732 602 820 680 ἧς.
850 627 867 661 ι
919 608 981 660 ἸΙ
1012 608 1261 676 σύνταξις
1301 609 1477 663 οῦτω’
1526 628 1543 660 ι
1581 608 1681 663 Διὰ
1724 606 1978 677 Πνεῦμα-

411 716 499 763 τος
517 699 675 767 ἁγίου
699 700 1099 769 ἐντειλάμενος,
1113 719 1131 753 ι
1151 700 1416 766 τουτέστι,
1438 699 1823 768 πνευματικῶς
1843 699 1980 770 πρὸς

2086 527 2225 571 rcttt-

2160 624 2183 657 r
2220 605 2406 671 Usque
2465 605 2519 659 in
2559 604 2724 659 diem.
2769 622 2787 655 ι
2821 602 2970 658 Ordo
3031 604 3323 660 verborum
3376 615 3458 662 est
3501 607 3649 662 iSte:

2093 718 2113 750 ι
2150 698 2251 752 Per
2272 697 2535 767 Spiritum
2563 706 2816 752 sanctum
2839 700 3189 769 pr:ccipiens,
3235 720 3253 754 ι
3285 702 3386 757 hoc
3414 714 3495 758 est
3536 704 3651 772 spi-

413 793 611 857 αὐτοὺς
640 792 811 845 εἰπὼν
835 793 902 846 τὰ
920 794 1159 865 ῥήματα,
1188 793 1341 846 οὐδὲν
1394 791 1799 865 ἀνθρώπινον...
1838 793 1871 858 ἢ
1901 793 1983 845 ὅτι

2142 788 2360 843 tualiter
2387 791 2455 842 ad
2508 789 2656 860 ipsos
2687 791 2848 844 verba
2891 792 3118 854 faciens,
3175 792 3419 861 nihilque
3469 794 3653 846 immi-

413 886 598 948 αὐτοῖς
631 885 688 937 ὲν
710 885 989 955 Πνεύματι
1016 885 1337 939 ἐνετείλατο.
1372 885 1543 939 Ἔνθα
1586 884 1695 956 γὰρ
1751 887 1785 955 ὁ,
1845 884 1984 948 Υἱός

2133 896 2252 936 rens
2286 881 2530 936 humani.
2587 879 2680 936 Vel
2726 884 2855 951 quia
2906 883 3039 952 ipsis
3096 884 3147 936 in
3203 882 3408 953 Spiritu
3462 893 3655 939 sancto

414 994 465 1028 τι
496 975 909 1046 διαπράττεται.
945 975 1136 1030 ὲκεὶτδ
1164 975 1391 1046 Πνεῦμα
1426 976 1501 1038 ὡς
1541 975 1780 1045 ὁμοφυὲς
1835 977 1988 1045 ἐνερ-

416 1070 504 1134 γεῖ
524 1070 618 1120 καὶ
645 1068 1012 1138 συμπάρεστι.
1057 1068 1124 1120 Τί
1148 1068 1203 1120 δὲ
1230 1068 1534 1123 ἐνετείλατο
1564 1087 1578 1135 ;
1612 1087 1630 1120 ι
1686 1066 1987 1138 Πορευθέν-

417 1176 507 1222 τες
525 1158 902 1230 μαθητεύσατε
933 1161 1111 1215 πάντα
1138 1160 1206 1213 τὰ
1233 1160 1382 1231 ἔθνη,
1414 1182 1432 1213 ι
1464 1160 1560 1216 καὶ
1598 1160 1664 1214 τὰ
1700 1158 1847 1229 ἑξῆς.

498 1452 517 1482 ι
546 1430 654 1492 Οὓς
709 1430 1011 1498 ἐξελέξατο.
1048 1449 1067 1482 ι
1107 1432 1222 1484 Οὔκ
1273 1427 1395 1485 εἷπε
1458 1431 1536 1499 δὲ,
1580 1433 1746 1501 ἀνέϐη
1779 1472 1795 1498 ,
1845 1433 1983 1500 ἀλλ’,

435 1545 452 1575 ι
476 1523 774 1595 ἀνελήφθη·
814 1543 833 1575 ι
864 1524 944 1576 ἔτι
963 1525 1071 1594 γὰρ
1091 1524 1165 1587 ὼς
1199 1526 1325 1595 περὶ
1351 1523 1640 1596 ἀνθρώπου
1666 1525 1989 1595 διαλέγεται.

426 1616 545 1669 Ἰνα
558 1615 615 1669 δὲ
650 1613 724 1686 μὴ
747 1615 995 1686 νομίσῃς,
1018 1615 1101 1669 ὅτι
1117 1614 1429 1685 ὑφήἑτέρων
1446 1616 1641 1686 ἀρετῇ,
1672 1615 1950 1686 ἐπήγαγεν
1978 1630 1992 1646 ·

434 1728 451 1759 ι
500 1703 595 1773 Οἷς
629 1708 726 1762 καὶ
747 1711 1092 1779 παρέστησεν
1114 1708 1309 1763 ἑαυτὸν
1373 1707 1577 1772 ζῶντα.
1615 1726 1634 1759 ι
1662 1704 1796 1762 Εἶτά
1820 1725 1952 1779 φησι
1982 1727 1995 1741 ο

2093 973 2350 1042 praecepit
2384 989 2397 1026 :
2428 972 2520 1026 ubi
2542 973 2689 1026 enim
2719 970 2891 1027 Filius
2912 972 3118 1040 aliquid
3141 983 3426 1043 operatur,
3456 974 3653 1027 ibidem

2098 1059 2342 1130 Spiritus
2374 1068 2599 1116 sanctus
2650 1060 2876 1131 (quippe
2915 1061 3158 1127 ejusdem
3212 1077 3335 1115 cum
3388 1063 3506 1131 ipso
3555 1078 3655 1114 na-

2097 1152 2252 1216 turae)
2287 1150 2447 1205 simul
2472 1160 2526 1204 et
2549 1146 2804 1215 operatur
2832 1166 2884 1204 et
2911 1153 3083 1205 adest.
3119 1151 3258 1217 Quid
3290 1166 3419 1207 vero
3452 1168 3655 1219 prmce-

2097 1241 2175 1312 pit
2201 1243 2225 1294 'l
2254 1241 2454 1307 Nempe
2487 1244 2549 1296 :‘t
2584 1243 2808 1305 Euntes.
2829 1246 3012 1298 docete
3038 1260 3227 1299 euntes
3258 1254 3444 1316 gentes
3474 1245 3518 1310 ⁵,
3552 1264 3571 1296 ι
3600 1253 3655 1298 et

2098 1348 2219 1404 quae
2241 1342 2568 1404 sequuntur.
2973 1322 3035 1355 πη.

2177 1464 2196 1498 ι
2232 1444 2380 1512 Quos
2432 1447 2613 1517 elegit.
2667 1468 2684 1499 ι
2740 1447 2854 1501 Non
2916 1447 3099 1511 dixit,
3158 1448 3455 1514 Ascendit,
3524 1448 3616 1504 sed
3651 1490 3664 1512 ,

2108 1555 2128 1587 ι
2170 1538 2512 1606 Assumptus
2551 1546 2635 1592 est
2669 1555 2685 1592 :
2733 1556 2751 1591 ι
2779 1539 2959 1592 adhuc
2992 1538 3136 1591 cnim
3166 1545 3421 1607 tanquam
3471 1537 3538 1592 de
3570 1539 3669 1591 lto-

2105 1629 2256 1682 tnine
2310 1627 2657 1697 loquebatur.
2713 1629 2791 1684 Ne
2843 1644 2974 1683 vero
3017 1629 3143 1698 quis
3198 1629 3559 1692 existimaret,
3618 1629 3668 1681 id

2106 1718 2286 1773 aliena
2322 1717 2531 1773 factum
2572 1735 2695 1774 esse
2740 1721 2961 1784 virtute,
3023 1719 3352 1789 subjunxit:
3401 1737 3419 1770 ι
3460 1718 3670 1785 Quibus

437 1819 454 1851 ι
485 1799 562 1852 Δι’
630 1799 854 1870 ἡμερῶν
882 1799 1292 1869 τεσσαράκοντα
1315 1798 1688 1868 ὀπτανόμενος
1721 1798 1936 1861 αὐτοῖς·
1973 1818 1992 1851 ι

2133 1819 2160 1861 τι
2195 1810 2430 1879 praebuit
2468 1812 2708 1881 seipsum
2757 1783 2958 1865 rivum.
2998 1830 3016 1861 ι
3055 1783 3257 1866 Deinde
3304 1812 3428 1866 ait:
3572 1810 3673 1864 Per

431 1892 545 1946 ἀλλ’
569 1894 689 1959 ούκ,
716 1895 773 1946 ὲν
830 1892 1063 1962 ἡμέραις
1117 1888 1546 1962 τεσσαράκοντα.
1574 1892 1647 1945 Οὐ
1680 1892 1788 1962 γὰρ
1819 1893 2005 1964 ὥσπερ

2133 1900 2230 1956 lies
2262 1904 2634 1973 quadraginta
2685 1919 2957 1974 apparens
2991 1904 3071 1959 eis
3107 1921 3119 1957 :
3163 1921 3180 1954 ι
3215 1913 3268 1957 at
3309 1919 3416 1957 non
3472 1902 3673 1970 inquit,

434 1986 540 2056 πρλ
562 1986 661 2053 τῆς
708 1983 1055 2045 ἀναστάσεως
1110 1983 1347 2054 συνεχῶς
1398 1984 1583 2048 αὐτοῖς
1635 1985 1799 2052 συνῆν
1822 2026 1837 2052 ,
1863 1985 2005 2040 οὕτω

2179 1990 2378 2047 Diebus
2410 1994 2826 2063 quadraginta”
2863 1996 3119 2063 quoniam
3151 2010 3256 2048 non
3283 1992 3523 2054 assidue,
3560 1995 3673 2044 sic-

437 2082 529 2133 καὶ
558 2080 702 2145 τότε,
733 2077 848 2133 ἀλλ’
872 2078 1150 2148 ἐφίστατο,
1198 2079 1291 2133 καὶ
1316 2078 1584 2149 ἀφίστατο
1614 2079 1798 2135 πάλιν.

514 2278 533 2310 ι
572 2259 683 2312 Kal.
710 2258 1180 2327 συναλιζόμενος,ι
1212 2261 1460 2314 τουτέστι
1495 2260 1768 2315 κοινωνῶν
1794 2260 2006 2332 τραπέ-

439 2343 559 2413 ζης,
590 2363 609 2395 ι
635 2344 1027 2414 παρήγγειλεν,
1050 2345 1158 2398 ἀπὸ
1201 2344 1590 2417 Ἰεροσολύμων
1652 2349 1728 2420 μὴ
1786 2350 2014 2419 χωρίζε-

443 2437 588 2492 σθαι.
620 2457 639 2490 ι
674 2438 896 2508 Πρῶτον
931 2438 1029 2507 μὲν
1052 2438 1159 2508 γὰρ
1187 2439 1383 2502 αὐτοὺς
1411 2439 1713 2503 δεδοικότας
1761 2441 1858 2493 καὶ
1892 2438 2017 2510 τρέ-

445 2545 644 2598 μοντας
665 2531 746 2594 είς
772 2530 876 2601 τὴν
897 2529 1190 2585 Γαλιλαίαν
1218 2530 1512 2600 ἐξήγαγεν,
1551 2532 1638 2586 ἴνα
1666 2531 1805 2603 μετὰ
1831 2533 2015 2597 ἀδείας

443 2619 719 2675 ἀκούσωσι
789 2620 900 2675 τῶν
982 2620 1314 2693 λεγομένων.
1403 2618 1538 2676 Εἶτα
1595 2622 1782 2694 ἐπειδὴ
1846 2624 2017 2693 ἥκου-

446 2728 566 2776 σιν,
628 2714 722 2765 καὶ
764 2713 1174 2784 τεσσαράκοντα
1227 2712 1501 2785 διέτριψεν
1557 2713 1801 2785 ἡμέρας,
1870 2731 2015 2785 παρα

447 2804 704 2872 ἤγγειλεν
731 2806 838 2858 ἀπὸ
877 2805 1269 2877 Ἰεροσολύμων
1333 2806 1407 2877 μὴ
1454 2806 1803 2877 χωρίζεσθαι.
1838 2805 1913 2860 Τὸ
1962 2806 2020 2859 δὲ

448 2894 705 2965 δεύτερόν
731 2913 818 2964 γε,
851 2897 933 2950 ὅτι
964 2897 1217 2967 καθάπερ
1248 2898 1401 2960 τινας
1422 2896 1759 2968 στρατιώτας
1799 2897 2025 2967 μέλλον-

453 3002 548 3049 τας
579 2987 660 3049 είς
678 2986 740 3039 τὸ
768 2987 973 3058 πλῆθος
1002 2987 1318 3059 ἐμπίπτειν,
1380 2988 1557 3052 οὐδεὶς
1611 2988 1831 3059 ἀφίεται
1879 2987 2025 3053 ἐξελ-

2109 2093 2166 2136 ιιι
2220 2093 2345 2136 ante
2407 2083 2904 2148 resurrretioncm,
2956 2101 3077 2137 cum
3141 2083 3274 2153 ipsis
3313 2081 3675 2141 verSabatur;

2108 2172 2203 2227 sed
2242 2186 2340 2240 per
2371 2172 2651 2224 itttcrt'alla
2685 2173 2980 2226 acct‘debat
3009 2181 3059 2223 et
3092 2171 3395 2223 recedebat.

2189 2281 2208 2313 ι
2242 2261 2308 2314 Ει
2348 2276 2709 2315 conveSecns.
2745 2281 2764 2312 ι
2830 2260 2942 2314 lloc
2999 2268 3102 2324 est,
3146 2274 3489 2313 communem
3555 2274 3676 2309 (‘Ilttt

2113 2351 2224 2407 illis
2249 2364 2493 2405 mensam
2520 2351 2748 2414 habens,
2784 2353 3036 2420 pratcepit
3072 2350 3174 2410 eis,
3210 2369 3229 2400 ι
3266 2353 3333 2402 ab
3366 2348 3676 2417 "ieroson-

2114 2443 2222 2498 mis
2263 2459 2332 2499 ue
2358 2441 2725 2499 discederent.
2756 2460 2776 2494 ι
2804 2441 3044 2502 Scilicet,
3085 2440 3261 2508 primo
3287 2440 3528 2509 quidem,
3557 2454 3680 2490 cum
3782 2418 3787 2429 I

2118 2535 2197 2590 illi
2228 2535 2458 2590 nimium
2491 2533 2852 2604 trepidarent,
2888 2532 2943 2587 in
2977 2531 3257 2586 Galila-am
3304 2546 3398 2586 eos
3433 2529 3682 2590 adduxit,

2121 2634 2180 2680 ιιι
2208 2626 2417 2696 absque
2452 2640 2677 2695 pavore,
2711 2640 2832 2694 quae
2862 2623 2998 2695 ipsis
3047 2625 3301 2678 dicturus
3354 2633 3492 2685 erat,
3531 2619 3687 2673 andi—

2120 2729 2285 2774 rcnt:
2319 2719 2537 2785 deinde,
2570 2726 2856 2789 postquam
2887 2716 3200 2782 audierunt,
3236 2733 3300 2771 ac
3327 2714 3685 2785 quadraginta

2121 2809 2293 2879 elapsi
2345 2818 2472 2863 sunt
2499 2810 2638 2871 dies,
2669 2826 2689 2859 ι
2729 2811 3004 2879 prmcepit,
3050 2808 3117 2861 ab
3173 2805 3567 2876 Hierosolymis
3620 2820 3688 2856 ne

2124 2899 2490 2956 discederent.
2531 2918 2550 2950 ι
2589 2897 3055 2965 Quemadmodum
3105 2897 3249 2951 enim
3285 2896 3442 2965 192
3472 2895 3691 2960 sapiens

2125 2992 2234 3046 dux
2268 2991 2487 3056 milites,
2522 2993 2615 3059 qui
2668 2989 2721 3044 in
2756 2991 2959 3045 multos
3007 2989 3278 3043 incursut'i
3313 2993 3443 3042 sunt
3478 2987 3685 3059 boues,

457 3076 570 3130 θεῖν
592 3077 697 3139 ἕως
725 3077 792 3132 ἂν
811 3079 1143 3133 ὁπλίσωνται
1177 3096 1191 3111 ο
1219 3079 1362 3133 οὕτω
1389 3079 1454 3148 δὴ
1515 3079 1608 3133 καὶ
1661 3079 1860 3142 αὐτοὺς
1917 3078 2023 3150 πρὸ

2133 3080 2271 3136 haud
2310 3082 2464 3151 prius
2515 3083 2667 3135 exire
2701 3082 2987 3151 permittit,
3020 3096 3181 3149 quam
3231 3078 3402 3132 armis
3442 3090 3692 3134 (Ommu-

455 3169 555 3237 τῆς
588 3167 685 3222 τοῦ
707 3168 1022 3237 Πνεύματος
1053 3169 1285 3223 καθόδου
1316 3171 1555 3240 φανῆναι
1583 3169 1679 3222 ἐπὶ
1698 3171 1797 3239 τῆς
1848 3187 2026 3241 παρα-

2127 3173 2359 3238 triverit;
2397 3172 2551 3225 itaet
2593 3171 2856 3225 Dominus
2902 3180 3028 3225 ante
3083 3172 3322 3240 Spiritus
3374 3167 3549 3223 sancti
3586 3164 3695 3218 de-

455 3260 659 3326 τάξεως
682 3262 781 3315 οὐκ
807 3261 978 3330 ἠφίει,
1004 3260 1147 3314 ὥστε
1171 3261 1248 3333 μὴ
1277 3261 1530 3329 γενέσθαι
1560 3259 1918 3331 εὐχειρώτους
1936 3260 2028 3314 καὶ

2133 3279 2403 3329 scensum,
2433 3262 2583 3332 ipsos
2617 3263 2669 3315 in
2697 3263 2868 3316 aciem
2895 3262 2973 3315 ire
3009 3278 3117 3314 non
3152 3260 3278 3314 sivit
3305 3274 3412 3323 ,ne
3455 3256 3695 3311 hostium

458 3352 761 3423 ἁλωσίμους
790 3357 907 3417 τοῖς
932 3353 1148 3417 πολλοξς
1174 3370 1186 3383 ·
1222 3352 1283 3406 ού
1314 3352 1474 3406 τοῦτο
1493 3352 1552 3406 δὲ
1583 3352 1767 3422 μόνον,
1809 3351 1927 3406 ἀλλ’
1945 3352 2024 3405 ὅτι

2133 3353 2493 3408 multitudine
2551 3351 2713 3406 facile
2752 3362 3200 3422 expugnarentur
3245 3358 3299 3405 et
3348 3353 3696 3418 caperentur.

462 3445 553 3497 καὶ
578 3443 761 3497 πολλοὶ
782 3437 926 3515 ἦσαν
954 3445 1004 3497 οἱ
1024 3442 1309 3513 μέλλοντες
1368 3441 1650 3497 πιστεύειν
1679 3442 1887 3496 αὐτόθι.
1921 3442 2030 3496 Καὶ

2133 3444 2236 3500 Sed
2271 3452 2326 3499 et
2357 3444 2460 3498 alia
2484 3450 2569 3498 est
2603 3441 2835 3511 hujusce
2862 3445 3121 3512 prarcepti
3158 3441 3319 3504 ratio,
3352 3453 3546 3507 nempe
3569 3437 3698 3507 quia

458 3535 663 3605 τρίτον,
698 3536 784 3589 ἵνα
838 3537 913 3606 μὴ
957 3532 1158 3603 λέγωσί
1194 3550 1373 3601 τινες,
1416 3535 1500 3588 ὅτι
1548 3534 1678 3597 τοὺς
1720 3532 2032 3604 γνωρίμους

462 3629 714 3698 ἀφέντες.
749 3628 901 3698 παρὰ
929 3631 1039 3689 τοῖς
1071 3627 1241 3691 ξένοις
1260 3622 1425 3699 ἦλθον
1459 3627 1765 3697 κομπάσαι.
1806 3643 1827 3676 ι
1873 3623 2035 3676 Ἀλλὰ

468 3721 802 3790 περιμένειν.
842 3738 860 3771 ι
898 3720 1029 3772 Τότε
1057 3719 1304 3790 ἧκουσαν
1368 3719 1468 3788 τὴν
1537 3715 1892 3786 ἐπαγγελίαν,
1946 3716 2036 3768 ὅτε

467 3813 617 3879 ἔλεγε
641 3828 656 3844 ·
691 3831 709 3864 ι
745 3812 1024 3883 Συμτρέρει
1068 3814 1195 3881 ὑμῖν
1251 3812 1341 3867 ἵνα
1384 3811 1496 3880 ἐγὼ
1523 3811 1741 3866 ἀπέλθω
1768 3827 1783 3842 ·
1810 3812 1904 3864 ἐὰν
1929 3812 2037 3879 γὰρ

470 3905 579 3972 ἐγὼ
608 3903 683 3975 μὴ
717 3903 957 3969 ἀπέλθω,
979 3904 1007 3956 ὁ
1030 3903 1386 3973 Πιράκλητος
1435 3904 1536 3955 οὐκ
1581 3902 1862 3955 ἐλεύσεται
1904 3900 2040 3966 πρὸς

473 3995 638 4062 ὑμᾶς.
678 4012 697 4046 ι
736 3994 869 4063 Οὐχὶ
895 3994 1157 4063 παρόντος
1216 3992 1273 4045 δὲ
1320 3992 1506 4053 αὐτοῦ,
1571 3992 1691 4045 οὐδὲ
1718 3991 2042 4053 ἀπελθόντος

474 4085 679 4147 εὐθέως
706 4083 1057 4155 παρεγένετο,
1080 4083 1220 4138 ἀλλὰ
1248 4084 1386 4153 μετὰ
1407 4084 1539 4138 δέκα
1569 4085 1780 4155 ἡμέρας
1807 4100 1821 4116 ο
1855 4084 1878 4136 ἵ
1908 4101 1943 4137 α
1985 4085 2044 4136 ὲν

475 4176 738 4247 ἐπιθυμίᾳ
767 4176 1074 4245 γενόμενοι,
1105 4175 1250 4229 οὕτω
1282 4174 1490 4227 λάϐωσι
1523 4173 1622 4244 τὴν
1652 4173 1833 4244 χάριν.
1895 4173 1961 4227 Et
1987 4171 2044 4225 δὲ

477 4268 745 4338 παρόντος
775 4266 985 4320 ἐκείνου
1032 4267 1092 4320 τὸ
1140 4266 1366 4337 Πνεῦμα
1419 4265 1643 4335 ἐπέστη,
1697 4266 1793 4319 καὶ
1849 4265 1878 4317 ὁ
1947 4264 2046 4334 μὲν

477 4356 710 4428 ἀπῆλθε,
739 4357 801 4410 τὸ
832 4357 890 4410 δὲ
942 4356 1154 4427 ἔμεινεν
1187 4396 1204 4425 ,
1240 4355 1344 4408 οὐκ
1375 4350 1444 4421 ἦν
1490 4353 1744 4407 τοσοῦτον
1776 4351 1919 4424 [τῆς]
1943 4368 2049 4404 πα-

2134 3536 2358 3602 ibidem,
2384 3551 2479 3591 seu
2511 3533 2926 3605 Hierosolymis,
2955 3535 3108 3587 multi
3141 3533 3397 3588 credituri
3430 3538 3605 3588 erant.
3636 3526 3702 3581 Et

2136 3627 2321 3689 tertio,
2356 3640 2424 3678 ne
2471 3623 2643 3692 aliqui
2680 3623 2947 3683 dicerent,
2977 3640 3105 3686 eos,
3128 3612 3372 3677 dimissis
3437 3619 3602 3681 notis,
3637 3619 3702 3671 ad

2138 3723 2456 3776 extraneos,
2485 3711 2877 3767 ostentationis
2909 3728 3097 3771 Causa,
3148 3710 3510 3765 contendisse.
3545 3726 3564 3759 ι
3596 3706 3708 3763 Sed

2138 3810 2545 3874 exspectarent.
2586 3820 2605 3855 ι
2636 3801 3061 3857 Promissioucm
3095 3801 3409 3869 bujusmotli
3449 3810 3577 3854 tunc
3608 3813 3707 3853 au-

2139 3894 2381 3956 dierunt,
2408 3908 2532 3947 cum
2580 3891 2719 3946 dixit
2765 3891 2873 3945 ths
2906 3909 2920 3945 :
2964 3910 2994 3943 ιο
3022 3894 3254 3961 Expedit
3303 3890 3477 3954 vobis,
3512 3899 3571 3944 ιιι
3606 3905 3709 3958 ego

2142 3987 2378 4051 vadam;
2413 3986 2458 4041 si
2486 3985 2631 4040 enim
2668 4000 2777 4040 non
2805 3986 2992 4039 abiero
3044 3984 3358 4038 Paraclctus
3389 3998 3496 4038 non
3532 3984 3712 4037 veniet

2144 4078 2390 4152 ad_vos’.
2426 4095 2448 4131 ι
2486 4062 2555 4132 At.
2587 4092 2722 4133 vero
2752 4093 2857 4132 non
2881 4077 2971 4132 illo
3012 4075 3191 4130 adhuc
3220 4088 3504 4144 praesente,
3537 4089 3713 4144 neque

2146 4166 2334 4221 statim
2368 4180 2431 4220 ac
2461 4165 2714 4229 recessit,
2750 4166 2969 4219 advenit
3004 4162 3245 4232 Spiritus
3305 4171 3535 4217 sanctus
3564 4179 3579 4227 ;
3614 4161 3713 4217 sed

2150 4266 2271 4327 post
2300 4257 2486 4313 decem
2518 4257 2636 4312 dies
2673 4296 2689 4321 ,
2723 4263 2785 4310 ut
2830 4255 3106 4309 desiderio
3163 4252 3441 4307 ferventes
3483 4252 3713 4320 gratiam

2151 4349 2296 4403 illam
2335 4349 2660 4419 reciperent.
2688 4347 2744 4402 Si
2775 4347 2943 4409 enim,
3004 4346 3098 4399 illo
3138 4353 3428 4415 praesente,
3480 4342 3718 4410 Spiritus

487 4449 762 4520 ραμυθίας
794 4466 808 4481 ’
845 4450 938 4503 καί
967 4448 1077 4520 γὰρ
1106 4446 1312 4519 σφόδρα
1365 4446 1530 4501 αὑτοῦ
1576 4434 2032 4507 δυσαποσπάστως

2154 4451 2379 4497 sanctus
2411 4440 2744 4503 advenisset,
2778 4440 2882 4501 vel,
2921 4439 3012 4492 illo
3047 4440 3307 4501 abeunte,
3338 4452 3461 4489 cttm
3495 4435 3602 4488 illis
3631 4450 3720 4487 rc-

482 4536 649 4613 εἶχον.
674 4540 764 4592 Διὸ
795 4539 993 4603 ἄνεισι,
1049 4539 1146 4593 καὶ
1218 4540 1319 4593 οὐκ
1393 4537 1596 4599 εὐθέως
1649 4536 1906 4606 ἐπιφοιτᾷ
1988 4534 2047 4587 τὸ

487 4632 729 4700 Πνεῦμα,
755 4632 843 4685 ἵνα
875 4631 1068 4701 μικρδν
1119 4630 1522 4701 ἀθυμήσαντες,
1550 4629 1798 4698 καθαρὰν
1857 4626 2049 4693 δέξων-

484 4742 572 4780 ται
621 4726 721 4795 τὴν
756 4723 849 4777 ἐπὶ
872 4726 937 4795 τῇ
991 4722 1265 4793 παρουσίᾳ
1305 4722 1520 4791 ἡδονήν.
1573 4738 1592 4772 ι
1626 4721 1750 4774 Ὀτι
1795 4719 2051 4787 Ἰωάννης

491 4817 608 4885 μέν.
658 4816 903 4870 Δεικνύει
944 4815 1132 4868 λοιπὸν
1179 4813 1240 4866 τὸ
1268 4813 1431 4882 μέσον
1462 4809 1627 4865 αὑτοῦ
1651 4828 1709 4863 τε
1742 4812 1839 4864 καὶ
1871 4810 2055 4864 Ἰωάν-

490 4925 613 4960 νουο
644 4909 738 4962 καὶ
768 4911 830 4963 οὐ
859 4908 1018 4961 τοῦτο
1045 4906 1224 4977 μόνον,
1255 4903 1371 4958 ἀλλ’
1390 4904 1469 4956 ὅτι
1493 4904 1585 4956 καὶ
1608 4902 1801 4966 αὐτοὺς
1816 4902 1914 4971 ἤδη
1938 4902 2054 4972 μεί-

494 5001 616 5063 ζους
655 5003 1051 5071 γεγενημένους
1084 4998 1329 5052 Ἰωάννου
1351 5009 1366 5025 ⁶
1390 4996 1502 5065 εῐγε
1529 4996 1621 5049 καὶ
1655 4994 1811 5048 αὐτοὶ
1831 4993 2054 5063 ἔμελλον

496 5089 772 5159 βαπτίζειν
807 5093 864 5142 ἐν
896 5091 1169 5158 Πνεύματι
1196 5087 1356 5157 ἁγίῳ.
1394 5086 1506 5140 Οὐκ
1532 5081 1652 5139 εἷπε
1689 5082 1768 5147 δὲ,
1802 5080 2057 5135 Βαπτίσω

497 5175 640 5242 ὑμᾶς
717 5175 776 5225 ὲν
831 5174 1107 5243 Πνεύμαητι
1171 5174 1334 5244 ἁγίῳ,
1394 5168 2056 5238 ἀλλὰ,Βαπτισθήσεσθε·

498 5263 775 5335 πανταχοῦ
803 5267 901 5335 τῆς
926 5264 1429 5337 ταπεινοφροσύνης
1491 5263 1664 5334 μέτρα
1712 5262 1810 5315 κον.)⁵
1852 5259 2061 5320 τύπους

496 5352 924 5424 κατιλιμπάνων
952 5355 1104 5421 ἡμῖν.
1139 5350 1310 5406 Τοῦτο
1332 5357 1441 5422 γὰρ
1462 5351 1571 5404 ἀπὸ
1616 5350 1719 5420 τῆς
1751 5349 2063 5419 μαρτυρίας

511 5445 761 5499 Ἰωάννου
792 5444 951 5514 δῆλον
987 5440 1077 5515 ἦν,
1102 5444 1183 5497 ὅτι
1210 5443 1370 5504 αὐτὸς
1397 5439 1466 5513 ἦν
1501 5444 1530 5495 ὁ
1563 5440 1865 5511 βαπτίζων.
1909 5458 1926 5491 ι
1953 5440 2062 5492 Αὑ-

500 5539 589 5600 τδς
621 5537 750 5606 γὰρ,
784 5556 801 5588 ι
838 5537 1025 5606 φησιν,
1062 5555 1079 5587 ι
1146 5536 1289 5604 ὑμᾶς
1355 5531 1605 5604 βαπτίσει
1673 5534 1731 5586 ἐν
1785 5531 2065 5602 Πνεύματι

578 5715 596 5747 ⁸
628 5713 816 5769 Matth.
853 5729 1042 5781 x-xrtu,
1076 5711 1157 5768 19.
1235 5714 1254 5744 ⁸
1285 5712 1440 5769 Joau.
1499 5728 1606 5778 xw,
1642 5712 1688 5772 7,

2152 4532 2491 4596 mansisset,
2534 4544 2643 4583 non
2706 4538 2869 4584 tanta:
2937 4543 3026 4583 res
3081 4528 3245 4583 fuiset
3302 4524 3719 4580 consolationis.

2155 4619 2613 4688 Quandoquidem
2652 4634 2782 4672 vero
2827 4633 2936 4672 non
2981 4618 3084 4673 nisi
3117 4630 3258 4687 agre
3290 4615 3359 4669 ab
3394 4615 3487 4667 illo
3540 4612 3722 4667 divoili

2155 4719 2444 4782 poterant,
2506 4707 2687 4763 dide-rt
2735 4709 3010 4780 paulisper
3066 4707 3301 4778 Spiritus
3336 4717 3587 4768 sanctus,
3624 4717 3725 4758 nec

2155 4801 2340 4855 statim
2373 4798 2605 4862 accedit,
2647 4808 2706 4852 ut
2736 4799 3015 4868 paululmu
3050 4794 3383 4856 contristati,
3407 4803 3461 4847 et
3495 4790 3724 4859 promis-

2159 4894 2334 4948 sionis
2382 4892 2655 4947 desiderio
2689 4889 2963 4954 succensi,
3020 4889 3296 4958 puriorem
3359 4885 3728 4957 majoremque

2162 4976 2228 5037 es
2280 4982 2397 5051 ejus
2453 4982 2689 5035 adventu
2746 4980 3092 5050 perciperent
3144 4978 3496 5046 voluptatem.
3534 4991 3552 5024 ι
3591 4971 3727 5037 Quia

2163 5070 2426 5128 Joannes.
2471 5090 2489 5123 ι
2530 5069 2781 5125 Declarat
2810 5068 3009 5122 deinde
3059 5074 3323 5135 quantum
3373 5064 3488 5132 ipse
3531 5060 3731 5116 Joanni

2164 5154 2451 5236 praestaret
2483 5180 2497 5216 :
2531 5176 2593 5214 ac
2621 5170 2879 5230 prmterea
2901 5160 3179 5229 apostolos
3214 5160 3360 5226 ipsos
3374 5153 3584 5208 Joanne
3617 5169 3733 5204 ma-

2170 5257 2321 5325 jores
2375 5269 2497 5307 esse
2548 5250 2826 5307 ostendit:
2884 5249 3150 5318 siqttidem
3183 5256 3236 5300 et
3266 5244 3368 5314 ipsi
3405 5241 3733 5311 baptizaturi

2170 5345 2402 5401 erantin
2433 5342 2641 5412 Spiritu
2675 5353 2887 5396 sancto.
2920 5339 3036 5393 Non
3100 5338 3243 5394 dixit
3286 5343 3490 5394 autem.
3550 5334 3732 5404 Bapti-

2171 5437 2307 5491 zabo
2345 5450 2442 5489 vos
2468 5435 2521 5488 in
2554 5433 2762 5503 Spiritu
2792 5439 3005 5497 sancto,
3046 5430 3166 5494 sed,
3205 5447 3221 5478 ι
3248 5425 3682 5495 Baptizabimini,
3711 5444 3729 5477 ι

2172 5532 2373 5599 ubique
2414 5527 2573 5582 nobis
2612 5524 2939 5581 humilitatis
2964 5521 3210 5590 exempla
3259 5519 3592 5589 relinquens.
3626 5517 3737 5574 Ali-
