4088 6206
408 234 519 300 855
1329 234 1903 297 THEQPHYLACTI
1945 237 2355 301 BULGARIIE
2390 238 2746 301 ARCHIEP.

416 346 562 404 unde
595 362 724 403 vero
755 361 820 400 ex
856 345 1171 403 testimonio
1196 342 1425 401 Joannis
1461 354 1649 401 notum
1692 355 1798 409 est,
1830 364 1958 416 quor

2079 350 2221 423 ἁγίῳ
2245 352 2341 405 καὶ
2384 351 2633 424 πυρί.--
2666 351 2730 405 Oi
2771 351 2871 422 μὲν
2911 349 3024 405 οὖν.
3069 369 3089 404 3
3146 352 3316 406 Ὅταν
3375 353 3646 425 μέλλωσιν

412 443 529 510 ipse
557 439 934 508 baptizaturus
962 444 1080 492 erat
1108 455 1121 490 :
1160 455 1179 487 ι
1210 437 1330 505 Ipse
1349 438 1516 498 enim.
1554 457 1572 490 3
1616 440 1709 504 ait,
1754 458 1772 491 ι
1804 440 1958 510 bapti-

2076 444 2309 514 ἐρωτᾷν,
2347 444 2481 514 ὁμοῦ
2510 443 2931 514 προσέρχονται,
2959 443 3046 496 ἶνα
3072 442 3151 512 τῷ
3166 443 3364 515 πλήθει
3383 443 3642 518 δυσωπή-

413 533 557 587 zahit
573 546 668 586 vos
690 531 740 582 iu
766 528 970 599 Spiritu
991 536 1203 594 saneto,
1221 538 1277 584 et
1295 529 1418 599 igne
1434 530 1615 584 ’.μ-ι
1639 530 1805 601 igitur
1821 535 1958 602 qtti.1

2076 552 2260 589 σωσιν.
2280 535 2534 605 ᾝδεισαν
2554 534 2683 605 γὰρ,
2713 535 2796 587 δτι
2818 534 2879 588 τὸ
2908 531 3098 604 πρώην
3118 534 3429 605 εἰρημένον,
3456 546 3459 551 ⁷
3483 552 3643 591 τουτ-

412 624 547 677 Cum
587 622 928 690 interrOgare
962 621 1172 682 volunt,
1198 621 1361 679 simul
1399 624 1688 684 accedunt,
1742 633 1801 678 ut
1836 625 1958 678 mul-

2073 628 2240 690 ἐστιν,
2272 647 2292 679 ι
2316 626 2504 691 Οὐδεὶς
2529 622 2639 680 οἶδε
2657 624 2755 696 τὴν
2783 624 3020 695 ἡμέραν,
3050 643 3070 678 3
3103 625 3527 703 διακρουομένου
3546 622 3641 699 ἦν,

413 712 643 769 titudine
676 713 1051 781 impetrarent.
1078 711 1350 768 Noveram
1368 714 1510 769 enim
1544 715 1676 770 illud
1707 717 1850 784 quod
1878 731 1974 769 an-

415 814 497 861 tra
525 805 604 868 eis
640 802 850 857 dixerat
891 819 905 856 :
947 818 967 852 ι
1024 801 1099 857 De
1145 802 1232 858 die
1272 802 1363 859 illa
1397 818 1555 860 nemo
1608 805 1778 872 scit',
1809 824 1829 859 3
1862 820 1969 858 non

410 893 734 969 ignorantis,
764 891 859 947 scil
893 892 1226 962 repellentis,
1268 907 1331 957 ac
1356 895 1767 964 responsioiiem
1814 894 1967 949 dide-

408 988 577 1050 rcutis
607 984 774 1039 fuisse
805 1002 820 1039 :
859 983 1066 1038 idcirco
1099 984 1280 1038 denuo
1312 984 1672 1055 intermgant.
1704 983 1847 1051 Quid
1870 1002 1968 1041 au-

406 1087 514 1143 tem
550 1076 631 1132 eis
665 1073 999 1146 reSpondet?
1036 1094 1056 1127 ι
1090 1074 1210 1130 Νοη
1244 1083 1329 1131 est
1360 1084 1597 1130 vestrum
1637 1089 1798 1131 nosse
1828 1088 1968 1131 tem-

405 1183 561 1245 pora,
591 1167 673 1222 vel
707 1175 1003 1222 momenta.
1041 1184 1060 1219 3
1101 1166 1370 1237 Tempora
1396 1166 1502 1221 illis
1535 1176 1661 1223 nota
1685 1182 1788 1221 non
1814 1167 1966 1231 facit,

405 1273 530 1312 cum
552 1256 688 1312 alias
708 1270 804 1312 eos
831 1256 1004 1310 multo
1022 1256 1228 1323 majora
1253 1256 1533 1315 docuisset
1565 1273 1581 1311 :
1608 1256 1734 1324 quia
1758 1257 1969 1313 scilicet

404 1347 635 1413 volebat,
671 1354 731 1401 ut
764 1346 1047 1417 vigilantes
1070 1353 1287 1412 essent;
1318 1356 1371 1400 et
1400 1347 1619 1402 aliunde
1648 1347 1781 1402 nihil
1813 1349 1967 1416 igno-

405 1438 544 1492 ratio
564 1439 669 1495 ista
695 1438 775 1513 eis
802 1428 1052 1497 nocebat.
1085 1437 1201 1493 Non
1257 1438 1421 1495 etiam
1463 1439 1757 1513 respondet
1791 1439 1857 1496 ad
1887 1439 1962 1507 id,

403 1530 473 1586 de
499 1544 610 1598 quo
665 1528 1073 1600 interrogabant
1103 1544 1117 1582 :
1153 1530 1411 1599 quoniam
1450 1530 1692 1599 magistri
1724 1539 1826 1592 est,
1857 1546 1962 1586 non

401 1638 523 1690 quin
552 1621 855 1693 discipulus
884 1621 1053 1692 cupit,
1095 1621 1189 1676 sed
1225 1636 1345 1690 quae
1375 1622 1514 1676 scire
1564 1622 1665 1690 ipsi
1720 1623 1962 1692 prodest,

400 1729 524 1773 cum
549 1713 766 1768 docere.
802 1713 867 1767 Et
897 1712 1019 1768 ideo
1051 1712 1127 1767 ait
1159 1731 1173 1767 :
1208 1732 1226 1763 ι
1271 1712 1386 1775 Non
1420 1722 1505 1768 cst
1533 1723 1768 1769 vestrum
1797 1728 1961 1769 nasse

401 1813 669 1876 ten‘pora,
698 1804 782 1859 vel
812 1812 1106 1859 momenta.
1142 1823 1161 1857 3
1196 1802 1419 1867 Deinde.
1476 1821 1541 1857 ne
1569 1811 1818 1873 putarent
1848 1805 1962 1861 fore

402 1904 461 1948 ut
500 1896 553 1949 in
588 1895 755 1950 multa
782 1894 1087 1950 inciderent
1118 1894 1380 1966 pericula,
1423 1894 1784 1963 propinquam
1815 1909 1956 1961 esse,

398 1987 476 2040 ait
526 1985 767 2055 ipsorum
794 2001 823 2039 a
855 1985 1070 2040 cunctis
1096 1983 1507 2041 dillicultatibus
1561 1984 1956 2040 liberationem.

401 2096 420 2129 ι
459 2077 752 2146 Accipietis
788 2096 807 2130 3
862 2077 1029 2144 enim,
1090 2077 1289 2148 inquit,
1330 2094 1348 2128 ι
1382 2077 1636 2131 virtutem
1692 2094 1712 2127 3
1746 2091 1811 2130 ex
1852 2076 1960 2130 alto

402 2189 421 2221 ι
461 2171 896 2240 supervenientis
923 2170 1163 2242 Spiritus
1197 2171 1370 2227 sancti
1399 2170 1454 2224 in
1488 2186 1605 2224 vos.
1636 2188 1655 2221 3
1688 2168 1956 2235 Quoniam

400 2263 556 2337 193
587 2274 764 2319 autem
820 2263 972 2334 prius
1019 2262 1276 2318 dixerat8
1327 2278 1342 2315 :
1383 2278 1403 2317 ι
1449 2259 1504 2315 1η
1541 2259 1680 2327 viam
1712 2258 1956 2330 gentium

397 2373 467 2410 ne
497 2356 769 2418 abieritis,
806 2374 826 2407 3
860 2355 1008 2426 quod
1045 2354 1203 2410 vellet
1244 2354 1486 2425 omnium
1519 2352 1710 2425 primis
1752 2350 1958 2419 Judceis

395 2446 743 2517 Evangelium
778 2446 1119 2511 annuntiari,
1159 2452 1216 2499 at
1268 2453 1402 2500 tunc
1447 2458 1542 2517 per
1572 2450 1742 2499 totum
1785 2451 1957 2497 terra-

398 2552 515 2597 rutn
555 2536 745 2591 orbem
779 2534 1054 2607 Evangelii
1088 2534 1401 2605 praedicatio
1429 2532 1783 2589 dill'undenda
1808 2542 1952 2595 erat,

394 2640 638 2695 congrue
667 2624 853 2680 subdit
882 2642 894 2677 :
932 2642 951 2675 ι
996 2623 1057 2677 Et
1088 2624 1144 2678 in
1176 2622 1362 2679 Judzea
1385 2632 1440 2679 et
1478 2622 1722 2680 Samaria
1766 2631 1821 2676 et
1858 2637 1955 2677 us-

397 2731 502 2786 que
540 2716 607 2772 ad
643 2716 890 2771 ultimum
926 2725 1101 2770 teme.
1137 2733 1157 2768 3
1189 2744 1259 2754 —
1287 2732 1306 2766 ι
1348 2713 1481 2771 Cum
1523 2714 1637 2770 lltl‘c
1669 2722 1847 2769 autem
1873 2713 1956 2769 di-

397 2809 586 2873 xisset,
652 2827 674 2860 3
728 2822 800 2871 ne
850 2822 1042 2863 rursus
1090 2822 1213 2862 eum
1287 2806 1706 2877 interrogarent,
1767 2807 1952 2862 statim

396 2919 416 2952 ι
456 2907 767 2973 assumptus
815 2907 918 2964 est,
968 2907 1023 2954 et
1058 2899 1230 2955 nubes
1278 2899 1521 2969 suscepit
1570 2916 1719 2965 eum,
1759 2918 1777 2951 3
1817 2915 1954 2970 quo-

393 2993 535 3046 niam
583 2991 674 3045 illa
715 2990 929 3062 signum
989 3000 1072 3046 est
1120 2989 1414 3048 Dominicaa
1469 2992 1668 3045 divina:
1710 2991 1950 3047 virtutis.

397 3096 418 3132 ι
453 3078 550 3134 lic
576 3078 757 3145 Jesus,
786 3079 878 3148 qui
910 3087 1224 3149 assumptus
1248 3088 1353 3136 est.
1387 3098 1406 3131 3
1449 3079 1697 3135 Dictione
1718 3080 1950 3135 demon-

391 3171 618 3235 strativa
663 3170 748 3225 usi
795 3178 945 3236 sunt,
992 3172 1239 3233 dicentes
1280 3190 1294 3227 :
1333 3191 1351 3224 ι
1396 3169 1493 3226 llic
1538 3172 1700 3228 .Iesus
1737 3171 1829 3241 qui
1866 3187 1953 3225 as-

393 3271 646 3331 sumptus
673 3269 757 3316 cst
785 3261 837 3316 in
872 3262 1094 3326 ccelum,
1144 3263 1224 3316 sic
1259 3262 1462 3323 veniet,
1508 3280 1528 3314 3
1569 3277 1784 3332 nempe,
1823 3275 1950 3315 cum

391 3369 636 3425 corpore.
668 3356 745 3409 Ac
777 3353 938 3409 etiam
968 3395 982 3416 ,
1038 3353 1162 3423 quia
1207 3353 1553 3423 iudicaturus
1614 3354 1796 3408 veniet
1835 3371 1853 3404 ι
1896 3353 1952 3407 in

391 3447 557 3502 nube.
590 3464 610 3497 3
646 3443 805 3500 Viros
840 3458 970 3499 vero
1030 3458 1126 3499 eos
1160 3452 1359 3508 vocat,
1416 3442 1542 3513 quia
1600 3442 1736 3495 tales
1776 3441 1954 3497 oculis

393 3536 770 3608 apparebant:
811 3535 1087 3606 siquidem
1113 3534 1288 3605 angeli
1328 3533 1405 3587 illi
1463 3549 1532 3589 ne
1559 3541 1827 3611 terrorem
1863 3531 1953 3587 in-

393 3631 666 3689 cuterent,
701 3625 937 3679 virorum
987 3623 1214 3678 formam
1269 3632 1461 3678 exacte
1516 3628 1948 3694 assumpserant.

395 3720 509 3777 l),uo
538 3723 721 3775 autem
747 3724 1138 3781 accesserunt,
1173 3723 1232 3771 ut
1278 3716 1576 3772 testimonii
1642 3716 1951 3772 ﬁrmitatem

392 3806 719 3863 indicarent.
755 3806 1005 3867 Dicentes
1029 3823 1192 3863 vero:
1224 3826 1242 3859 ι
1274 3808 1415 3874 Quid
1439 3808 1595 3864 statis
1622 3807 1955 3877 aspicientes

392 3901 447 3953 in
477 3899 720 3957 coelum?
753 3917 774 3953 3
811 3913 908 3957 eos
930 3907 1281 3966 monuerunt,
1317 3915 1385 3959 ne
1415 3899 1622 3969 diutius
1660 3898 1800 3953 eoin
1834 3899 1955 3954 loco

391 4001 692 4053 manerent.
731 4008 863 4047 neve
896 4000 1278 4063 exspectarent
1335 3992 1487 4059 illum
1530 4004 1723 4064 rursus
1748 3989 1951 4045 videre.

397 4105 414 4136 ι
442 4084 594 4141 Tunc
618 4085 821 4141 reversi
852 4093 1001 4161 sunt.
1041 4101 1063 4137 3
1088 4114 1157 4126 —
1187 4103 1206 4136 ι
1236 4083 1414 4146 Tunc,
1445 4099 1466 4135 3
1495 4080 1694 4151 inquit,
1716 4082 1951 4147 scilicet,

390 4176 653 4233 runthzce
692 4176 993 4242 audissent,
1035 4174 1238 4231 reversi
1263 4182 1413 4227 sunt.
1473 4170 1742 4237 Videntur
1798 4187 1951 4238 vero,

394 4269 504 4321 haec
550 4267 639 4321 die
699 4266 919 4322 Sabbati
977 4265 1296 4336 contigisse.
1350 4278 1419 4319 eo
1457 4263 1602 4333 quod
1658 4263 1826 4327 dicat,
1862 4282 1881 4315 ι
1911 4265 1953 4321 Α

2072 721 2173 773 οὐκ
2195 718 2541 789 ἀγνοοῦντος,
2571 716 2687 772 ἀλλ’
2712 717 3149 787 ἀναϐαλλομένου
3180 717 3320 778 τέως
3351 718 3451 793 τὴν
3502 720 3643 775 ἀπό-

2073 828 2271 879 κρισιν,
2303 811 2402 868 Διά
2430 811 2587 865 τοῦτο
2611 809 2772 864 πάλιν
2795 810 3093 882 ἐρωτῶσιν.
3146 808 3213 862 Τί
3265 805 3361 863 οὖν
3422 827 3590 880 φησιν
3617 828 3635 843 ·

2079 920 2097 952 ι
2125 903 2236 971 Οὐχ
2261 903 2413 971 ὑμῶν
2434 903 2549 957 ἐστι
2595 902 2798 970 γνῶναι
2860 900 3084 971 χρόνους
3118 900 3151 971 ἢ
3182 902 3428 971 καιροὺς,
3468 920 3489 956 3
3544 904 3638 956 καὶ

2069 993 2137 1047 τὰ
2159 992 2305 1063 ἑξῆς.
2337 993 2414 1048 Οὐ
2446 992 2669 1061 λέγειδὲ
2708 982 2890 1055 αὐτοῖς
2921 992 3013 1045 τὸν
3079 992 3294 1062 καιρὸν,
3334 993 3403 1046 τὰ
3456 991 3637 1064 πολλῷ

2072 1083 2292 1155 μείζονα
2340 1084 2578 1149 διδάξας,
2608 1084 2694 1137 ἵνα
2722 1083 3082 1153 ἐγρηγορότες
3100 1076 3204 1136 ὦσι
3231 1098 3247 1114 ο
3282 1082 3378 1136 καὶ
3411 1083 3521 1154 γὰρ
3542 1084 3637 1136 οὒ-

2070 1177 2161 1231 δὲν
2186 1177 2515 1232 ἐϐλάπτοντο
2545 1175 2619 1248 μὴ
2646 1175 2867 1239 εἰδότες.
2896 1175 2972 1228 Οὐ
3014 1175 3150 1245 πρὸς
3180 1174 3209 1228 δ
3235 1175 3294 1228 δὲ
3338 1175 3635 1246 ἠρώτησαν

2069 1268 2366 1339 ἀπεκρίθη.
2427 1266 2600 1322 Τοῦτο
2654 1266 2764 1336 γὰρ
2819 1266 3140 1320 διδασκάλου
3197 1264 3368 1331 ἐστὶν,
3417 1265 3499 1334 τδ,
3535 1268 3635 1338 οὐχ

2066 1358 2103 1414 ἃ
2132 1359 2380 1431 βούλεται
2412 1359 2441 1411 ό
2474 1357 2741 1429 μαθητὴς,
2769 1356 2885 1410 ἀλλ’
2913 1356 2950 1411 ἀ
2981 1355 3250 1426 συμφέρει
3292 1354 3505 1425 μαθεῖν,
3554 1356 3633 1409 δι-

2065 1452 2307 1509 δάσκειν.
2334 1451 2426 1505 Διό
2451 1467 2613 1522 φησιν
2641 1466 2654 1481 ·
2680 1468 2698 1501 ι
2725 1451 2837 1520 Οὐχ
2859 1448 3012 1520 ὑμῶν
3036 1449 3152 1501 ὲστι
3180 1446 3377 1517 γνῶναι
3410 1448 3633 1520 χρόνους

2068 1540 2371 1613 ἧκαιροῦς,
2405 1560 2424 1594 3
2465 1541 2563 1596 καὶ
2615 1539 2683 1593 τὰ
2712 1530 2858 1610 ἑξῆς.
2896 1533 3029 1591 Εἶτα
3077 1536 3168 1591 ἵνα
3210 1536 3286 1607 μὴ
3326 1536 3626 1607 νομίσωσιν

2067 1633 2149 1686 ὃτι
2182 1631 2397 1695 πολλοῖς
2427 1628 2857 1701 περιπεσοῦνται
2885 1626 3173 1690 κινδύνοις,
3190 1629 3293 1693 τὴν
3309 1625 3631 1695 ἀπαλλαγὴν

2066 1724 2174 1778 τῶν
2203 1722 2477 1794 δυσχερῶν
2503 1722 2728 1793 πλησίον
2774 1720 2910 1774 εἶναι
2933 1720 3103 1788 λέγει.
3149 1738 3168 1771 ι
3203 1719 3449 1789 Λήψεσθε
3500 1719 3629 1790 γὰρ,

2067 1810 2242 1885 φήσὶ,
2285 1815 2518 1885 δύναμιν
2568 1813 2628 1879 ἐξ
2682 1812 2849 1883 ὕψους
2879 1851 2895 1877 ,
2960 1811 3278 1875 ἐπελθόντος
3337 1809 3430 1864 τοῦ
3473 1811 3628 1878 ἁγίου

2061 1908 2383 1979 Πνεύματος
2405 1907 2666 1977 ἐφ’ὑμᾶς.
2704 1926 2722 1959 3
2769 1905 2986 1976 Ἐπειδὴ
3012 1905 3069 1958 δὲ
3094 1902 3401 1974 ἔμπροσθεν
3416 1902 3626 1969 ἔλεγεν,

2071 2020 2090 2055 ι
2148 2001 2240 2062 Εἰς
2258 1999 2375 2053 ὁδὸν
2405 1998 2575 2052 ἐθνῶν
2626 1997 2702 2068 μὴ
2758 1996 3053 2066 ἀπέλθητε,
3092 2014 3111 2047 3
3150 1994 3471 2065 βουλόμενος
3517 1995 3631 2055 τοῖς

2077 2086 2350 2148 Ἰουδαίοις
2375 2084 2590 2154 πρῶτον
2616 2084 2706 2138 τὸν
2735 2083 2893 2151 λόγον
2952 2084 3317 2156 κηρυχθῆναι,
3346 2083 3441 2137 νῦν
3467 2082 3526 2136 δὲ
3548 2084 3629 2145 είς

2063 2180 2163 2250 τὴν
2198 2177 2522 2248 οἰκουμένην
2548 2176 2654 2230 ἔδει
2678 2176 2739 2230 τὸ
2762 2177 3025 2247 κήρυγμα
3069 2175 3298 2246 χεθῆναι
3316 2191 3331 2205 ⁸
3390 2175 3628 2242 εὐλόγως

2064 2271 2159 2325 νῦν
2186 2268 2535 2341 προστίθησι,
2568 2266 2661 2321 καί
2694 2283 2858 2336 φησιν
2888 2285 2901 2298 ·
2949 2286 2967 2318 ι
3000 2267 3097 2320 Ἔν
3129 2283 3188 2319 τε
3248 2264 3477 2335 Ἰουδαίᾳ
3533 2264 3629 2318 καὶ

2063 2356 2367 2428 Σαμαρείᾳ.
2395 2355 2488 2410 καὶ
2509 2355 2613 2419 ἕως
2630 2356 2857 2423 ἐσχάτου
2889 2354 2986 2423 τῆς
3039 2356 3160 2423 γῆς.
3201 2371 3219 2404 3
3246 2347 3381 2406 Εἶτα
3426 2352 3516 2405 ἶνα
3550 2352 3626 2421 μὴ

2062 2448 2225 2509 πάλιν
2301 2445 2468 2501 αὐτὸν
2518 2445 2818 2516 ἐρωτῶσιν,
2856 2463 2877 2498 ι
2908 2444 3114 2507 εὐθέως
3169 2442 3470 2515 ἀνελήφθη.
3525 2441 3628 2496 Νε-

2061 2541 2198 2612 φέλη
2250 2538 2307 2593 δὲ
2350 2538 2511 2594 αὐτὸν
2565 2537 2852 2604 ὑπέλαϐεν,
2889 2555 2909 2589 3
2943 2536 3131 2607 έπειδὴ
3187 2535 3456 2605 σύμϐολόν
3505 2536 3627 2589 ἐστι

2061 2632 2159 2701 τῆς
2183 2628 2522 2697 Δεσποτικῆς
2553 2628 2702 2697 θείας
2725 2628 3027 2698 δυνάμεως.
3064 2646 3085 2679 ι
3139 2619 3311 2689 Οὗτος
3348 2628 3377 2679 ό
3403 2623 3621 2695 Ἰησοῦς

2058 2724 2087 2781 6
2111 2719 2461 2791 ἀναληφθείς.
2497 2739 2515 2771 3
2547 2720 2846 2783 Δεικτικῶς
2876 2721 3180 2791 ἐχρήσαντο
3230 2721 3297 2788 τῇ
3330 2717 3473 2782 λέξει
3532 2715 3625 2768 εί·-

2060 2814 2251 2878 πόντες
2275 2830 2291 2844 ο
2357 2831 2376 2866 ι
2412 2806 2584 2877 Οὗτος
2622 2815 2651 2866 ό
2700 2811 2905 2883 Ἰησοῦς
2957 2812 2987 2864 ό
3023 2809 3354 2881 ἀναληφθεὶς
3396 2809 3479 2872 εἰς
3528 2806 3622 2860 τδν

2058 2906 2286 2979 οὐρανὸν
2355 2902 2527 2968 οὕτως
2594 2902 2904 2967 ἐλεύσεται,
2938 2920 2957 2954 3
2999 2902 3246 2956 τουτέστι
3329 2899 3467 2972 μετά
3512 2896 3622 2951 σώ-

2062 3013 2232 3068 ματος
2255 3013 2271 3029 ο
2302 2998 2396 3051 καὶ
2419 2995 2600 3060 πάλιν,
2623 2997 2705 3050 ὅτι
2736 2989 2892 3058 οὗτος
2918 2992 3037 3064 ἥξει
3091 2994 3149 3047 ἐν
3195 2993 3260 3063 τῇ
3304 2989 3489 3063 κρίσει
3526 2988 3620 3041 ἐπὶ

2059 3087 2312 3161 νεφέλης.
2345 3088 2577 3158 ’Δνδρας
2623 3087 2680 3142 δὲ
2706 3086 2907 3147 αὐτοὺς
2934 3084 3108 3151 καλεῖ,
3132 3084 3198 3137 τὸ
3245 3081 3475 3152 ἐναργὲς
3521 3082 3621 3151 τῆς

2055 3177 2232 3246 ὅψεως
2268 3175 2442 3246 δηλῶν
2469 3194 2484 3210 ο
2514 3177 2609 3231 καὶ
2641 3176 2750 3247 γὰρ
2779 3178 2857 3241 είς
2886 3175 3087 3248 ἄνδρας
3113 3175 3344 3238 ἑαυτοὺς
3373 3174 3423 3226 οἱ
3451 3170 3618 3241 ἀγγε-

2054 3264 2136 3318 λοι
2163 3263 2406 3334 ἀκριϐῶς
2431 3264 2877 3326 ἐναπετύπωσαν,
2914 3261 3055 3316 ὥστε
3115 3262 3188 3332 μὴ
3222 3260 3480 3332 πτοῆσαι.
3515 3256 3621 3310 Δύο

2054 3353 2115 3418 δὲ
2181 3353 2530 3424 παρέστησαν
2585 3352 2645 3409 τὸ
2704 3351 2922 3423 βέϐαιον
2987 3353 3087 3422 τῆς
3175 3349 3482 3422 μαρτυρίας
3529 3349 3623 3418 δη-

2055 3443 2295 3507 λοῦντες.
2367 3443 2624 3505 Εἰπόντες
2697 3442 2753 3509 δέ
2786 3456 2800 3473 ⁸
2860 3462 2881 3501 ι
2923 3442 2989 3499 Τί
3071 3443 3341 3511 ἑστήκατε
3422 3439 3621 3510 ἐμϐλέ-

2058 3551 2251 3598 ποντες
2278 3536 2361 3592 εἰς
2408 3533 2500 3588 τὸν
2537 3534 2802 3604 οὐρανόνς
2839 3552 2858 3585 3
2908 3533 3007 3587 οὐκ
3056 3532 3137 3586 ἔτι
3179 3531 3370 3585 εἴασαν
3424 3530 3622 3594 αὐτοὺς

2058 3626 2484 3694 προσκαρτερεῖν
2524 3625 2583 3675 ὲν
2608 3623 2686 3693 τῷ
2715 3624 2886 3691 τόπῳ,
2941 3623 3037 3678 καὶ
3093 3622 3400 3693 προσδοκᾷν
3457 3620 3621 3674 αὐτὸν

2058 3714 2288 3786 ὄψεσθαι
2320 3715 2502 3770 πάλιν.
2545 3732 2565 3767 ι
2592 3715 2725 3769 Τότε
2784 3715 3147 3786 ὑπέστρεψαν.
3182 3733 3202 3767 3
3229 3716 3385 3781 Τότε,
3436 3713 3619 3784 φησιν,
3726 3716 3753 3724 ’

2055 3804 2144 3857 ὅτε
2186 3804 2424 3874 ἥκουσαν
2478 3803 2672 3870 ταῦτα,
2726 3803 3363 3875 ὐπέστρεψαν.Δοκεϊδὲ
3407 3803 3502 3875 καὶ
3562 3804 3622 3855 έν

2056 3893 2317 3969 Σαϐϐάτῳ
2390 3895 2672 3965 γεγονέναι
2717 3895 2907 3962 ταῦτα,
2953 3894 3122 3949 ἑκτοῦ
3183 3895 3390 3948 εἰπεῖν·
3429 3912 3448 3944 ι
3487 3892 3623 3946 ’Δπδ

2053 3987 2212 4059 όρους
2232 3988 2327 4040 τοῦ
2358 3989 2699 4059 καλουμένου
2741 3989 3054 4052 Ἐλαιῶνος,
3091 3989 3120 4042 ὅ
3146 3991 3294 4041 ἐστιν
3323 3986 3491 4055 ἐγγὺς
3519 3986 3620 4039 Ἰε-

2058 4080 2354 4152 ρουσαλὴμ,
2388 4081 2664 4135 Σαϐϐάτου
2690 4079 2810 4151 ἔχον
2834 4081 2971 4134 ὁδόν.
3003 4100 3022 4130 3
3055 4080 3164 4134 Kal.
3192 4081 3300 4149 γὰρ
3320 4077 3624 4150 ὡρισμένον

2055 4174 2115 4228 τὸ
2155 4178 2331 4245 μῆκος
2352 4174 2665 4245 ὁδοιπορίας
2714 4176 2833 4241 ἐξὸν
2854 4172 2922 4246 ἧν
2941 4174 3174 4245 βαδίζειν
3206 4176 3317 4232 τοῖς
3349 4170 3619 4231 Ἰουδαίοις

2057 4267 2113 4319 ὲν
2135 4269 2201 4338 τῇ
2231 4267 2416 4338 ἡμέρᾳ
2443 4266 2539 4320 τοῦ
2562 4266 2845 4321 Σαϐϐάτου
2866 4284 2880 4298 ·
2936 4266 3184 4320 τουτέστι
3211 4264 3402 4319 στάδια
3438 4264 3617 4318 πέντε.

397 4371 578 4417 iimnte
604 4360 698 4427 qui
736 4368 821 4417 est
843 4360 998 4430 juxta
1053 4358 1376 4422 Jerusalem,
1434 4355 1657 4412 Sahbati
1696 4356 1901 4412 habens
1935 4358 2037 4415 iter
2069 4376 2122 4411 :3
2169 4360 2389 4415 delinita
2419 4373 2655 4428 namque
2699 4368 2819 4413 erat
2874 4355 3153 4429 longitudo
3198 4355 3436 4420 itineris,
3475 4350 3620 4424 quod

390 4453 589 4511 Jud.eis
612 4454 849 4515 Sabbato
866 4453 1136 4525 coniicere
1168 4450 1364 4507 licebat
1388 4463 1405 4517 ;
1431 4464 1623 4520 nempe
1645 4449 1819 4505 stadLa
1855 4448 2118 4519 quinque.

1001 4585 1226 4641 CAPUT
1267 4584 1329 4640 II.

392 4695 537 4750 Γοιιὶ
572 4711 741 4749 sermo
772 4695 841 4748 ad
875 4694 1161 4764 discipulos
1192 4693 1256 4751 de
1291 4703 1455 4749 morte
1492 4706 1542 4750 et
1584 4694 1951 4764 reprobalionc

456 4789 614 4843 Juda’
636 4788 944 4861 proditoris,
977 4804 1039 4841 ac
1068 4788 1132 4842 de
1159 4789 1530 4859 subrogatione
1558 4785 1822 4849 Matthire,
1854 4800 1947 4838 su-

454 4896 546 4951 per
573 4896 724 4951 quem
750 4896 864 4935 sors
895 4881 1076 4936 cecidit
1106 4880 1200 4937 Dei
1227 4882 1400 4952 gratia
1433 4896 1526 4951 per
1556 4879 1871 4935 orationem.

580 5083 733 5140 Feria
767 5084 1006 5140 secunda
1031 5083 1384 5141 hebdomadas
1408 5080 1687 5137 Paschalis
1708 5083 1750 5134 ³.

2647 4580 2898 4638 ΚΕΦΔΔ.
2939 4580 3015 4637 Β⁹.

2057 4689 2589 4765 Πετροαδιάλοτος
2626 4708 2777 4765 προς
2802 4695 2946 4764 τοὺς
2968 4695 3451 4767 μαθητωθέντας
3485 4686 3623 4758 περί

2128 4805 2190 4841 τε
2213 4784 2473 4842 θανάτου
2494 4787 2591 4840 καὶ
2612 4785 2922 4855 ἀποϐολῆς
2945 4785 3130 4841 Ἰούδα
3154 4785 3265 4843 τοῦ
3287 4782 3613 4854 προδότουο

2123 4876 2193 4931 ἐν
2215 4870 2263 4944 ᾧ
2284 4876 2416 4945 περὶ
2441 4874 2883 4946 ἀντεισαγωγῆς
2895 4875 3181 4940 Ματθίου,
3208 4869 3621 4942 κληρωθέντος

2126 4968 2318 5038 χάριτι
2346 4967 2445 5021 διὰ
2468 4965 2839 5039 προσευχῆς.

2365 5082 2445 5154 Τῇ
2477 5082 2708 5153 δευτέρᾳ
2737 5080 2835 5151 τῆς
2849 5079 3300 5153 Διακαινησίμου.

458 5257 477 5288 ⁸
504 5254 694 5308 Matth.
729 5269 813 5318 ιιι,
854 5252 941 5309 ll.
1016 5253 1036 5283 ⁷
1061 5250 1252 5305 Matth.
1293 5267 1439 5316 sxw,
1471 5249 1562 5304 36.
1637 5248 1660 5280 '
1690 5248 1879 5306 Matth.
1925 5265 1980 5316 κ,
2010 5248 2065 5305 5.

1540 5364 1736 5428 νεικείω
1774 5364 2080 5429 lectiones
2122 5371 2184 5428 et
2221 5370 2412 5427 notua.

456 5470 477 5499 ³
516 5467 571 5522 In
614 5469 804 5524 Gnaeo
855 5468 1117 5532 habetur,
1165 5466 1395 5521 secunda
1437 5466 1653 5536 (nempe
1684 5466 1798 5530 die,
1855 5468 1939 5522 vel

385 5537 539 5606 feria)
580 5537 957 5592 Diakaincsimi
974 5556 993 5604 ,°
1016 5540 1097 5593 sic
1115 5539 1259 5592 enim
1281 5534 1672 5591 hebdomadam
1698 5536 1938 5606 Pascha-

384 5604 790 5675 Iem,seurquaa
835 5609 979 5662 diem
1017 5606 1301 5663 Paschalis
1341 5607 1727 5675 subsequitur.
1764 5604 1938 5675 Graeci

384 5684 601 5730 vocant.
642 5674 738 5731 Est
787 5686 968 5734 autem
1012 5677 1154 5748 apud
1194 5675 1411 5732 Graecos
1451 5674 1783 5733 recemiorcs
1824 5674 1939 5729 δια-

2042 5466 2365 5535 καινήσιμος
2397 5463 2539 5535 idem
2580 5460 3016 5535 αολδιακαίνησιλς
3036 5502 3050 5524 ,
3096 5473 3290 5535 nempe
3319 5456 3609 5535 "uacatio.

2044 5539 2123 5588 Ita
2170 5525 2298 5587 vero
2346 5525 2468 5587 eam
2523 5525 2924 5586 hebdomadaur
2967 5525 3277 5601 appellant,
3325 5525 3469 5596 quod
3520 5540 3614 5591 per

2044 5603 2246 5657 Christi
2284 5602 2741 5671 resurrectionem
2773 5616 2953 5671 genus
2986 5600 3278 5671 hyuauam
3312 5602 3611 5652 renovetur.

2047 5673 2129 5726 Du
2171 5672 2368 5746 Gange,
2401 5669 2579 5726 Gloss.
2618 5670 2755 5725 med.
2779 5668 2834 5724 Et
2869 5668 2968 5737 inf.
2999 5668 3166 5723 Gra'c.
