4088 6206
397 335 501 401 857
1065 338 1609 403 EXPOSITIONIS
1636 344 1721 405 IN
1760 345 1949 406 ACTA
1988 348 2292 412 TEXTUS
2329 354 2603 417 ALTER.
2644 384 2715 394 —
2749 358 2910 420 CAP.
2949 360 2998 419 1.

990 451 1381 508 KEIMENUN.

2715 470 3016 528 TEXTUS.

484 541 573 597 Ἐν
604 544 723 609 ταῖς
781 542 1015 616 ἡμέραις
1073 545 1312 610 ἐκείναις
1345 546 1694 618 ὑπέστρεψαν
1742 551 1791 602 οἱ
1832 552 1970 604 ἁπόε

2143 555 2186 622 l,
2213 555 2402 612 12-26.
2425 559 2479 612 lu
2515 559 2706 616 diebus
2738 562 2843 618 illis
2864 564 3069 620 reversi
3098 566 3654 641 suntJerosolymam,

402 636 575 691 στολοι
607 636 688 700 είς
732 634 1083 708 Ἰερουσαλὴμ
1127 635 1235 689 ἀπὸ
1285 636 1446 707 ὄρους
1498 638 1591 690 τοῦ
1632 639 1967 708 καλουμένου

2081 662 2102 701 a
2130 662 2314 702 monte
2332 649 2425 719 qui
2450 660 2670 706 vocatur
2698 653 2915 718 Oliveti,
2935 656 3029 725 qui
3053 665 3135 712 est
3153 658 3307 725 juxta
3328 634 3654 728 Jerusalem,

414 729 722 795 Ἐλαιῶνος,
771 730 799 782 6
848 730 999 783 ἐστιν
1045 728 1215 797 ἐγγὺς
1264 728 1641 800 Ἰερουσαλήμ,
1688 732 1967 788 Σαϐϐάτου

2081 738 2297 795 Sabbati
2342 741 2550 797 habens
2591 744 2713 798 iter.
2743 745 2807 799 Et
2845 762 2970 801 cum
3016 748 3343 809 introissent
3374 752 3429 806 in
3461 767 3654 808 cama-

402 822 522 891 ἒχον
537 822 674 876 ὀδόν.
700 823 810 875 Καὶ
833 822 922 875 ὅτε
946 820 1594 893 είσῆλθον,ἀνέϐησανείς
1615 823 1676 878 τὸ
1698 826 1970 897 ὑπερῷον,

2081 832 2278 896 culum,
2306 835 2673 890 ascenderunt
2702 837 2794 892 ubi
2846 838 3139 894 manebant
3179 840 3372 899 Petrus
3403 853 3458 898 et
3484 843 3652 899 Ioan-

400 906 460 967 οὗ
491 908 631 982 ἦσαν
682 912 1081 993 καταμένοντες
1135 914 1163 966 ὃ
1205 928 1264 965 τε
1295 914 1523 978 Πέτρος.
1553 914 1648 967 καὶ
1692 915 1971 981 Ἰάκωϐος,

2081 941 2204 990 nes,
2245 925 2484 983 Iacobus
2527 939 2583 985 et
2626 929 2911 997 Andreas,
2963 931 3246 1004 Philippus
3285 947 3339 993 et
3388 938 3649 1002 Thomas.

402 1002 496 1053 καὶ
524 1001 798 1071 Ἰωάννης,
828 1003 921 1056 καὶ
970 1003 1243 1076 Ἀνδρέας,
1275 1005 1368 1060 καὶ
1402 1007 1692 1071 Φίλιππος,
1735 1011 1826 1061 καὶ
1855 1008 1974 1061 Θω-

2081 1016 2503 1083 Bartholomaeus
2562 1029 2618 1076 et
2674 1021 3000 1087 Mattlueus,
3047 1001 3287 1081 Iacobus
3339 1028 3546 1097 Alpluei
3598 1001 3655 1083 et

2077 1108 2268 1166 Simon
2314 1110 2529 1168 Zelotes
2581 1122 2636 1168 ct
2673 1112 2846 1169 Iudas
2886 1113 3097 1170 Jacobi.
3153 1114 3219 1170 Hi
3267 1132 3461 1174 omnes
3498 1127 3655 1174 erant

3540 365 3659 430 .858

406 1094 531 1159 μᾶς,
562 1093 987 1164 Βαρθολομαῖος,
1044 1097 1138 1151 καὶ
1182 1096 1485 1164 Ματθαῖος,
1539 1098 1794 1163 Ἰάκωϐος
1855 1100 1974 1157 Ἀλ-

403 1184 583 1252 φαίου,
613 1185 707 1238 καὶ
741 1186 944 1255 Σίμων,
975 1186 1070 1240 καὶ
1104 1187 1306 1251 Ἰούδας
1342 1187 1619 1244 Ἰακώϐου.
1650 1183 1808 1243 Οὗτοι
1839 1188 1975 1242 πᾶν·

2081 1213 2491 1269 perseverantcs
2520 1204 2851 1258 unanimiter
2880 1205 2931 1258 in
2967 1206 3217 1262 oratione
3250 1223 3375 1262 cum
3409 1209 3656 1262 mulieri-

402 1294 490 1339 τες
518 1273 660 1349 ἦσαν
689 1279 1223 1351 προσκαρτεροῦντες
1238 1281 1578 1350 ὁμοθυμαδὸν
1606 1284 1670 1352 τῇ
1693 1283 1972 1355 προσευχῇ

2081 1291 2181 1347 bus
2224 1304 2277 1347 et
2312 1293 2479 1353 Maria
2514 1293 2689 1349 Mater
2723 1293 2850 1349 Iesu
2883 1303 2937 1350 et
2970 1295 3234 1352 fratribus
3270 1298 3409 1367 ejus.
3447 1299 3508 1352 In
3539 1299 3655 1355 die-

404 1370 500 1423 καὶ
524 1372 588 1440 τῇ
620 1370 798 1441 δεήσει
825 1374 922 1425 σὺν
944 1371 1160 1439 γυναιξὶ
1209 1374 1305 1427 καὶ
1342 1373 1531 1445 Μαρίᾳ
1566 1376 1632 1443 τῇ
1666 1375 1835 1444 μητρὶ
1874 1372 1968 1427 τοῦ

2081 1384 2182 1443 bus
2223 1384 2330 1440 illis
2367 1400 2669 1456 exsurgens
2703 1386 2898 1441 Petrus
2944 1386 2998 1439 in
3032 1386 3212 1441 medio
3244 1387 3470 1441 fratrum
3516 1388 3655 1442 dixit

417 1460 613 1533 Ἰησοῦ,
650 1462 745 1517 καὶ
790 1463 888 1519 σὺν
939 1467 1055 1527 τοῖς
1112 1464 1361 1533 ἀδελφοῖς
1395 1464 1587 1520 αὐτοῦ.
1636 1466 1745 1520 Kal
1772 1466 1829 1519 ὲν
1857 1467 1977 1528 ταῖς

2081 1476 2220 1547 (erat
2235 1485 2414 1533 autem
2430 1479 2583 1533 turba
2606 1476 2765 1549 194
2783 1477 3058 1532 hominum
3085 1478 3251 1532 simul
3304 1478 3415 1533 fere
3434 1487 3652 1534 centum

403 1553 640 1624 ἡμέραις
703 1553 928 1620 ταύταις
979 1555 1216 1620 ἀναστὰς
1273 1558 1477 1639 Πέτρος
1541 1559 1600 1611 ὲν
1663 1558 1816 1631 μέσῳ
1869 1558 1977 1611 τῶν

2081 1567 2294 1638 viginti)
2322 1585 2334 1620 :
2361 1566 2472 1623 Viri
2513 1569 2745 1632 fratres,
2792 1576 3009 1637 oportet
3052 1569 3267 1639 impleri
3311 1569 3650 1639 Scripturam

409 1646 689 1717 μαθητῶν,
714 1643 864 1702 εἷπεν
901 1643 988 1720 (ἦν
1021 1665 1079 1702 τε
1119 1648 1274 1719 δχλος
1326 1638 1606 1720 ὀνομάτων
1635 1651 1734 1705 ἐπὶ
1763 1650 1822 1704 τδ
1847 1648 1977 1703 αὐτὸ

2081 1675 2243 1731 quam
2288 1660 2537 1731 praedixit
2577 1660 2822 1730 Spiritus
2866 1669 3094 1715 sanctus
3135 1638 3229 1731 per
3268 1676 3330 1715 os
3372 1638 3539 1715 David
3587 1661 3655 1716 de

404 1738 533 1793 ὡσεὶ
562 1740 752 1795 ἑκατὸν
784 1741 978 1811 εἴκοσι)
1004 1756 1018 1772 ·
1061 1742 1289 1813 ’Ἄνδρες
1329 1742 1574 1810 ἀδελφοὶ,
1605 1741 1715 1796 ἔδει
1747 1741 1975 1814 πληρω-

2081 1750 2241 1815 Iuda.
2263 1752 2355 1821 qui
2387 1751 2490 1806 fuit
2514 1752 2623 1808 dux
2659 1766 2846 1807 eormn
2878 1751 2970 1821 qui
3005 1750 3535 1821 comprehenderunt
3563 1750 3650 1805 Ie-

406 1827 559 1899 θῆναι
580 1830 678 1901 τὴν
711 1830 936 1901 Γραφὴν
962 1801 1207 1900 ’ταύτηνί
1341 1801 1572 1901 προεζίπε
1592 1833 1652 1885 τὸ
1673 1801 1898 1902 Πνεῦμα
1917 1833 1977 1885 τὸ

2082 1801 2241 1815 --___,
2266 1801 2355 1821 η.--
2518 1801 2623 1808 _.__
2664 1801 2845 1807 πη---
3010 1801 3065 1806 η
3098 1801 3103 1802 κ
3133 1801 3534 1821 Γηηνηη---
3566 1801 3583 1805 ,
3609 1801 3622 1805 ,

2083 1857 2226 1899 sum.
2259 1840 2362 1909 Qui
2401 1850 2832 1903 connumeratus
2863 1852 2984 1898 erat
3018 1843 3071 1896 in
3112 1843 3302 1906 nobis,
3334 1851 3390 1897 et
3420 1844 3653 1897 sortitus

405 1920 560 1989 ἅγιον
586 1921 674 1975 διὰ
711 1922 977 1993 στόματος
1009 1922 1175 1975 Δασὶδ
1200 1922 1328 1992 περὶ
1364 1922 1533 1977 Ἰούδα
1552 1923 1644 1977 τοῦ
1680 1926 1974 1995 γενομένου

2081 1943 2164 1991 est
2193 1946 2395 1995 sortem
2426 1936 2718 1992 ministerii
2752 1934 2937 2005 hujus.
2974 1932 3041 1988 Et
3089 1935 3178 1989 hic
3213 1934 3432 2004 quidem
3462 1949 3654 2003 possc-

407 2013 600 2082 ὁδηγοῦ
629 2016 742 2076 τοῖς
772 2012 1095 2066 συλλαϐοῦσι
1133 2013 1223 2067 τὸν
1252 2014 1483 2083 Ἰησοῦν,
1523 2017 1605 2070 ὅτι
1641 2018 1871 2087 κατηριθ
1882 2038 1977 2089 μη-

2081 2027 2158 2087 dit
2210 2042 2400 2098 agrum
2459 2027 2528 2083 de
2579 2028 2830 2081 mercede
2881 2026 3219 2095 iniquitatis.
3262 2036 3317 2081 et
3353 2040 3655 2093 suspensus

413 2105 570 2174 μένος
597 2100 664 2175 ἦν
696 2105 792 2158 σὺν
821 2106 973 2175 ἡμῖν,
1011 2106 1108 2177 καὶ
1163 2105 1323 2178 ἔλαχε
1361 2107 1454 2160 τὸν
1480 2108 1677 2178 κλῆρον
1708 2112 1810 2181 τῆς
1858 2111 1975 2165 δια-

411 2196 594 2258 κονίας
614 2197 815 2265 ταύτης
842 2198 934 2250 καὶ
980 2197 1304 2269 ἀποστολῆς.
1347 2194 1516 2264 Οὗτος
1562 2203 1662 2271 μὲν
1687 2201 1780 2255 οὖν
1815 2203 1978 2271 ἐκτή-

411 2304 541 2341 σατο
563 2287 760 2358 χωρίον
789 2289 853 2340 ἐκ
877 2290 969 2342 τοῦ
1002 2291 1194 2361 μισθοῦ
1234 2291 1332 2363 τῆς
1377 2291 1614 2354 ἀδικίας.
1642 2294 1735 2346 καὶ
1765 2293 1977 2363 πρηνὴς

411 2380 698 2450 γενόμενος
758 2381 991 2450 ὲλάκησε
1048 2382 1233 2453 μέσος,
1287 2382 1381 2435 καὶ
1423 2382 1653 2452 ἐξεχύθη
1704 2382 1880 2434 πάντα
1906 2384 1976 2434 τὰ

410 2473 616 2542 ἔγκατα
676 2471 865 2526 αὐτοῦ.
921 2474 1030 2528 Kal
1088 2472 1326 2540 γνωστὸν
1388 2472 1606 2540 ἐγένετο
1658 2473 1793 2524 πᾶσι
1863 2474 1974 2534 τοῖς

409 2565 753 2619 κατοικοῦσιν
802 2566 860 2618 ὲν
930 2563 1301 2635 Ἰερουσαλὴμ,
1362 2562 1504 2616 ὥστε
1593 2562 1860 2630 κληθῆναι
1914 2561 1976 2613 τὸ

410 2655 606 2724 χωρίον
627 2654 802 2707 έκεῖνο
858 2655 924 2722 τῇ
964 2653 1070 2723 ίδεᾳ.
1115 2652 1381 2722 διαλέκτῳ
1410 2651 1590 2705 αὐτῶν
1637 2650 1969 2718 Ἀκελόαμὰ,

409 2747 655 2799 τουτέστι
699 2745 897 2816 χωρίον
943 2746 1193 2815 αἵματος.
1232 2745 1545 2813 Γέγραπται
1573 2743 1681 2814 γὰρ
1713 2745 1770 2795 ἐν
1807 2742 1975 2813 βίϐλῳ

410 2837 658 2908 Ψαλμῶν
711 2852 745 2909 '_
778 2837 1067 2908 Γενηθήτω
1123 2841 1156 2902 ή
1218 2836 1441 2898 ἑπαυλις
1499 2832 1663 2887 αὐτοῦ
1735 2832 1960 2903 ἔρημος,

411 2929 505 2982 καὶ
548 2927 625 2999 μὴ
663 2928 801 2982 ἔστω
828 2929 856 2981 6
885 2928 1153 2980 κατοικῶν
1176 2929 1233 2980 ἐν
1262 2929 1398 2997 αὐτῇ
1425 2943 1438 2956 ·
1469 2926 1582 2991 καὶ,
1611 2925 1723 2995 Τὴν
1748 2926 1975 2978 ἐπισκοο

413 3018 521 3090 πὴν
570 3017 735 3072 αὐτοῦ
788 3016 926 3087 λάϐῃ
974 3016 1182 3085 ἕτερος.
1234 3016 1325 3067 Δεῖ
1362 3013 1453 3068 οῦν
1480 3014 1585 3067 τῶν
1615 3012 1975 3067 συνελθόντων

2077 2121 2287 2190 crepuit
2319 2120 2551 2184 medius,
2583 2129 2638 2174 et
2665 2119 2859 2173 ditfusa
2889 2126 3020 2172 sunt
3051 2118 3235 2172 omnia
3271 2120 3479 2171 viscera
3507 2116 3651 2184 ejus.

2078 2212 2143 2266 Et
2176 2219 2362 2264 uotum
2392 2209 2593 2264 factum
2628 2217 2714 2263 est
2739 2208 2996 2261 omnibus
3024 2206 3399 2260 habitantibus
3428 2203 3652 2259 Jerusao

2076 2302 2206 2363 lem,
2235 2300 2307 2353 ita
2337 2308 2394 2353 ιιι
2415 2299 2782 2369 appellaretur
2815 2312 2943 2365 ager
2969 2296 3059 2350 ille
3098 2296 3277 2366 lingua
3319 2309 3505 2347 eorum
3545 2292 3654 2347 lla-

2076 2389 2351 2455 celdama,
2396 2390 2497 2443 hoc
2540 2396 2627 2443 est
2694 2403 2825 2457 ager
2876 2387 3179 2447 sanguinis.
3233 2385 3507 2454 Scriptum
3569 2390 3655 2437 est

2077 2478 2221 2532 enim
2253 2478 2304 2530 in
2334 2478 2476 2532 libro
2504 2476 2842 2532 Psalmormu
2878 2494 2891 2530 :
2926 2475 3044 2530 Fiat
3075 2476 3432 2531 commoratio
3462 2489 3651 2530 eorum

2074 2569 2315 2629 deserta.
2344 2576 2399 2622 et
2428 2583 2535 2622 non
2568 2568 2639 2623 sit
2676 2567 2767 2636 qui
2800 2566 3068 2621 inhabitet
3104 2564 3159 2620 in
3191 2580 3253 2619 ea
3282 2602 3301 2626 ,
3349 2573 3397 2617 et
3436 2564 3655 2632 episco-

2077 2666 2262 2730 patum
2291 2659 2412 2726 ejus
2442 2659 2676 2729 accipiat
2699 2660 2857 2715 alter.
2889 2657 3111 2729 Oportet
3138 2672 3269 2728 ergo
3291 2672 3354 2711 ex
3382 2655 3469 2711 his
3499 2654 3651 2719 viris,

2076 2752 2169 2820 qui
2196 2752 2482 2806 uobiscum
2511 2761 2637 2805 sunt
2661 2750 2975 2822 cougregati
3002 2750 3056 2804 in
3082 2750 3229 2804 omni
3254 2758 3520 2820 tempore,
3544 2762 3655 2818 quo

2076 2842 2303 2897 intravit
2343 2851 2397 2896 et
2438 2843 2605 2897 exivit
2648 2843 2792 2897 inter
2834 2857 2935 2897 nos
2969 2841 3233 2896 Dominus
3276 2840 3470 2904 Iesus,
3516 2838 3655 2894 inci-

2075 2934 2233 3002 piens
2283 2947 2312 2985 a
2361 2933 2687 3001 baptismate
2735 2930 2965 2989 Ioannis
3005 2947 3185 3002 usque
3227 2931 3279 2985 in
3328 2930 3502 2993 diem,
3549 2944 3655 2997 qua

2076 3032 2394 3088 assumptus
2429 3028 2513 3074 cst
2552 3034 2581 3072 a
2616 3021 2774 3076 uobis
2796 3060 2811 3083 ,
2848 3030 3041 3076 testem
3085 3020 3509 3076 resurrectionis
3538 3018 3658 3086 ejus

412 3113 543 3182 ἡμῖν
574 3108 783 3181 ἀνδρῶν
806 3110 863 3162 ὲν
907 3108 1066 3161 παντὶ
1118 3107 1316 3178 χρόνῳ,
1351 3108 1409 3159 ὲν
1435 3100 1480 3173 ᾧ
1518 3105 1735 3173 εἰσῆλθε
1758 3104 1855 3157 καὶ
1888 3103 1976 3166 ἑξ-

2081 3110 2360 3163 nobiscum
2395 3108 2507 3162 fieri
2547 3123 2710 3162 unum
2743 3126 2809 3165 ex
2845 3110 2986 3165 istis.
3040 3109 3105 3162 Et
3135 3116 3448 3164 statuerunt
3479 3107 3640 3172 duos,

412 3201 574 3273 ἦλθεν
617 3202 703 3269 ἐφ’
740 3200 886 3270 ἡμᾶς
939 3199 967 3250 ὁ
1009 3197 1211 3268 Κύριος
1252 3197 1480 3267 Ἰησοῦζ,
1519 3196 1825 3266 ἀρξάμενος
1866 3193 1974 3247 ἀπὸ

2081 3199 2294 3265 Ioseph.
2332 3201 2424 3268 qui
2466 3201 2762 3255 vocabatur
2799 3202 3087 3263 Barsabas,
3121 3201 3213 3271 qui
3235 3199 3657 3270 cognominatus
3753 3204 3760 3223 '

409 3293 503 3348 τοῦ
565 3292 942 3362 βαπτίσματος
1010 3289 1278 3352 Ἰωάννου,
1317 3288 1447 3358 ἄχρι
1497 3288 1596 3357 τῆς
1627 3286 1858 3356 ἡμέρας,
1905 3279 1973 3361 ἧς

414 3384 687 3455 ἀνελήφθη
720 3384 812 3452 ἀφ’
838 3381 1016 3452 ήμῶν,
1048 3381 1300 3452 μάρτυρα
1326 3378 1781 3450 τῆςάναστάσεως
1806 3377 1972 3431 αὐτοῦ

411 3477 665 3547 γενέσθαι
693 3476 791 3529 σὺν
844 3475 974 3544 ἡμῖν
1033 3473 1129 3526 ἕνα
1153 3470 1376 3525 τούτων.
1433 3470 1544 3523 Kal
1595 3468 1828 3537 ἔστησαν
1857 3468 1972 3534 δίο,

425 3567 620 3636 Ἰωσὴφ
682 3565 774 3619 τὸν
818 3563 1148 3632 καλούμενον
1200 3560 1490 3632 Βαρσαϐἄν
1518 3600 1532 3620 .
1580 3556 1639 3621 ὃς
1698 3557 1977 3628 ἐπεκλήθη

428 3659 677 3722 Ἰοῦστος,
711 3656 803 3710 καὶ
842 3656 1109 3711 Ματθίαν.
1144 3654 1256 3708 Kal
1304 3649 1736 3723 προσευξάμενοι
1789 3646 1975 3702 εἶπον·

416 3752 509 3819 Σὺ,
563 3751 758 3819 Κύριε,
807 3749 1214 3822 καρδιογνῶστα
1280 3746 1534 3806 πάντων,
1591 3741 1868 3806 ἀνάδειξον
1922 3740 1981 3794 ὃν

416 3845 642 3912 ἐξελέξω
664 3845 728 3898 ὲκ
786 3842 992 3898 τούτων
1021 3842 1127 3895 τῶν
1179 3840 1273 3895 δύο
1319 3839 1418 3891 ἕνα
1447 3837 1641 3900 ,λαϐεῖν
1663 3837 1751 3890 τὸν
1785 3835 1984 3905 κλῆρον

2074 3300 2155 3345 est
2181 3290 2374 3346 Iustus
2395 3329 2409 3353 ,
2451 3300 2505 3343 ct
2534 3290 2835 3348 Matthiam.
2865 3292 2931 3347 Et
2960 3302 3182 3349 orantes
3215 3293 3472 3346 dixerunt
3504 3308 3516 3343 :
3554 3289 3657 3354 Tu,

2074 3379 2321 3446 Domine,
2370 3381 2642 3451 quicorda
2663 3382 3329 3450 nostiomnium,osteude
3368 3396 3527 3451 quem
3547 3380 3658 3434 ele-

2083 3474 2226 3543 geris
2263 3489 2331 3528 ex
2366 3474 2451 3529 his
2483 3474 2694 3531 duobus
2737 3490 2909 3529 unum
2963 3476 3209 3544 accipere
3261 3476 3439 3529 locum
3499 3472 3660 3525 mini-

2084 3564 2236 3621 sterii
2268 3564 2430 3633 hujus
2476 3573 2529 3619 et
2552 3568 2913 3634 apostolatus,
2942 3567 3010 3621 de
3031 3583 3141 3636 quo
3163 3568 3552 3636 prmvaricalus
3575 3571 3660 3619 cst

2084 3654 2276 3718 Iudas,
2302 3665 2363 3709 ut
2388 3656 2563 3710 abiret
2594 3656 2646 3710 in
2672 3657 2850 3711 locum
2884 3671 3065 3711 stmm.
3094 3657 3157 3711 Et
3185 3657 3452 3711 dederunt
3478 3665 3658 3709 sortes

2087 3744 2189 3808 eis,
2213 3754 2263 3799 et
2287 3744 2486 3818 cecidit
2510 3759 2630 3801 sors
2656 3760 2821 3814 super
2846 3744 3147 3809 Mattbiam,
3177 3752 3230 3800 et
3260 3755 3657 3800 ammmeratus

2089 3843 2175 3891 est
2203 3852 2327 3890 cum
2360 3836 2613 3890 undecim
2644 3836 2925 3905 apostolis.

412 3938 513 4007 τῆς
558 3937 832 4001 διακονίας
857 3935 1062 4006 ταύτης
1092 3937 1188 3990 καὶ
1231 3930 1560 4002 ἀποστολῆς,
1587 3931 1647 3996 ἐξ
1666 3925 1733 4002 ἧς
1766 3928 1975 3998 παρέϐη
2029 3928 2251 3993 Ἰούδας,
2316 3929 2652 4001 πορευθῆναι
2709 3929 2791 3990 εἰς
2844 3928 2938 3982 τὸν
2989 3929 3154 3982 τόπον
3214 3928 3305 3982 τὸν
3334 3928 3483 3981 ἴδιον.
3551 3928 3659 3981 Καὶ

414 4028 622 4091 ἔδωκαν
683 4027 918 4098 κλήρους
961 4027 1164 4092 αὐτῶν,
1208 4026 1305 4080 καὶ
1354 4024 1552 4079 ἔπεσεν
1627 4027 1656 4079 6
1700 4025 1900 4094 κλῆρος
1966 4023 2059 4077 ἐπὶ
2093 4022 2368 4090 Ματθίαν,
2426 4024 2521 4078 καὶ
2573 4022 3248 4095 συγκατεψηφίσθηιμετὲ
3303 4022 3410 4075 τῶν
3469 4021 3661 4075 ἕνδεκα

413 4120 757 4176 ἀποστόλων.·

1010 4210 1396 4275 ΕΡΜΗΝΕΙΛ.

492 4320 511 4352 ι
543 4300 637 4365 Είς
664 4301 726 4353 τδ
776 4300 1024 4373 ὑπερῷον
1076 4301 1362 4369 ἀνέϐησαν.
1403 4318 1421 4350 ι
1452 4300 1843 4354 Ἐδεδοίκεισαν
1870 4298 1978 4369 γὰρ

416 4395 474 4447 έν
497 4395 564 4465 τῇ
591 4393 742 4447 πόλει
765 4391 1071 4462 φαίνεσθαι,
1098 4390 1235 4445 ὥστε
1259 4392 1333 4462 μὴ
1358 4392 1727 4463 συλληφθῆναι
1760 4391 1976 4453 αὐτούς.

419 4485 615 4549 Καλῶς
642 4484 701 4538 δὲ
726 4483 1100 4555 ἐμνημόνευσε
1157 4482 1265 4535 τῶν
1318 4481 1576 4554 μαθητῶν
1602 4498 1616 4511 ·
1651 4483 1836 4550 ἐπειδὴ
1870 4482 1981 4552 γὰρ

2583 4204 3161 4262 COMMENTARIUS.

2160 4320 2177 4351 ι
2222 4301 2279 4354 1η
2320 4299 2665 4355 cmnaculum
2716 4300 3111 4359 ascenderunt,
3159 4318 3176 4348 ι
3218 4314 3284 4353 eo
3318 4298 3459 4367 quod
3505 4299 3658 4355 time.

2084 4392 2238 4456 bunt,
2273 4406 2341 4445 ne
2371 4391 2414 4444 si
2448 4391 2765 4446 viderentur
2788 4390 2842 4443 iu
2870 4390 3108 4452 civitate,
3124 4402 3469 4457 caperentur.
3492 4389 3659 4445 Recte

2086 4495 2264 4538 ament
2312 4483 2380 4538 de
2423 4481 2710 4548 discipulis
2758 4480 3089 4541 mentionem
3138 4481 3269 4537 facit
3316 4499 3329 4535 :
3376 4481 3659 4549 quoniam,

419 4582 448 4633 6
498 4578 598 4648 μὲν
642 4574 977 4647 προῦδωκεν,
1019 4576 1048 4627 6
1095 4574 1154 4627 δὲ
1196 4576 1489 4644 ήρνήσατο,
1521 4575 1549 4627 6
1593 4575 1651 4628 δὲ
1685 4574 1977 4644 ἠπίστησε,

2086 4590 2209 4629 cum
2244 4590 2309 4629 ex
2342 4574 2450 4629 illis
2480 4589 2624 4628 unus
2655 4574 2878 4642 quidem
2910 4573 3097 4629 Iesum
3136 4572 3492 4643 prodidisset,
3523 4573 3662 4627 alter

421 4672 690 4748 δείκνυσιν
714 4668 797 4722 ὅτι
826 4665 965 4737 πλὴν
1000 4664 1093 4718 τοῦ
1128 4665 1386 4735 προδότου
1419 4667 1619 4729 πάντες
1645 4662 1784 4736 ἦσαν
1820 4665 1980 4719 σῶοι.

424 4759 579 4817 Εἷτα’
619 4782 638 4815 ι
673 4759 1182 4832 Προσκατεροῦντες
1214 4761 1281 4830 τῇ
1326 4762 1603 4830 προσευχῇ
1634 4760 1729 4813 σὺν
1768 4760 1985 4827 γυναιξὶ

423 4851 520 4904 καὶ
544 4851 729 4923 Μαρίᾳ
755 4852 821 4922 τῇ
852 4850 1018 4922 μητρὶ
1061 4848 1155 4903 τοῦ
1184 4849 1385 4919 Ἰησοῦ,
1423 4849 1516 4904 καὶ
1560 4850 1657 4902 σὺν
1692 4852 1808 4913 τοῖς
1832 4849 1984 4903 ἀδελ-

428 4944 546 5007 φοῖς
569 4943 754 5027 αὐτοῦ,
778 4940 918 5014 ἦσαν
951 4944 1316 5015 ὁμοθυμαδὸν.
1358 4962 1377 4995 ι
1411 4946 1476 4998 '0
1512 4942 1694 4996 τοίνυν
1726 4943 1854 5013 περὶ
1886 4943 1983 5013 τῆς

432 5038 634 5107 μητρὸς
669 5037 843 5110 Ἰησοῦ
873 5042 1111 5113 εἴρηται,
1138 5042 1219 5095 ὅτι
1245 5060 1264 5093 ι
1294 5040 1522 5095 Ἔλαϐεν
1550 5038 1722 5109 αὐτὴν
1749 5042 1777 5093 6
1809 5039 1985 5109 μαθη-

2089 4674 2363 4735 negasset,
2400 4665 2540 4719 alius
2566 4665 2803 4721 inﬁdelis
2836 4662 3069 4729 fuisset,
3108 4665 3212 4720 sibi
3251 4664 3655 4720 ostemlendum

2091 4758 2333 4827 putarit,
2374 4770 2485 4808 uno
2516 4763 2745 4823 excepto
2779 4755 3059 4832 proditore
3080 4794 3095 4817 ,
3136 4768 3326 4815 omnes
3355 4752 3660 4815 incolumes

2090 4850 2278 4906 fuisse.
2326 4847 2528 4903 Subdit
2569 4866 2582 4902 :
2635 4865 2656 4899 ι
2708 4845 2772 4901 Hi
2813 4861 3007 4905 omnes
3049 4855 3207 4902 erant
3246 4856 3662 4919 perseverantes

2092 4940 2422 4995 uuanimitcr
2461 4939 2513 4992 in
2547 4938 2829 5000 oratione,
2871 4953 2995 4993 cum
3045 4939 3374 4995 mulieribus
3411 4952 3464 4994 ct
3492 4938 3661 4992 Maria

2091 5028 2259 5083 Matre
2285 5025 2436 5093 Iesu,
2455 5035 2508 5081 et
2530 5025 2789 5081 fratribus
2806 5024 2981 5094 ejus’.
2998 5042 3015 5075 ι
3038 5023 3193 5089 Quod
3212 5026 3377 5095 igitur
3399 5025 3468 5079 de
3494 5024 3662 5078 Matre

426 5127 525 5197 τὴς
541 5128 620 5191 είς
656 5127 726 5181 τὰ
756 5128 884 5195 ῐδια,
910 5148 930 5182 ι
961 5132 1112 5186 οὐδέν
1158 5135 1304 5187 ἐστιν
1343 5130 1603 5186 ἐναντίον.
1646 5132 1710 5185 El
1752 5130 1860 5199 γὰρ
1893 5129 1977 5181 καὶ

2089 5120 2218 5176 Iesu
2244 5120 2448 5176 dictum
2469 5125 2577 5180 cst.
2607 5136 2624 5169 ι
2657 5116 2907 5186 Suscepit
2930 5130 3048 5171 eam
3084 5117 3387 5186 discipulus
3409 5117 3462 5170 in
3485 5131 3602 5172 sua.
3635 5133 3654 5165 ι

426 5214 589 5279 αὐτὸς
615 5217 820 5281 ἐκεῖνος
842 5219 871 5269 6
898 5219 1143 5291 μαθητὴς
1181 5220 1365 5290 συνῆν,
1396 5220 1549 5275 οὐδὲν
1578 5216 1645 5291 ἦν
1672 5221 1735 5274 τὸ
1771 5217 1981 5272 κωλύον

434 5307 529 5365 καὶ
555 5308 728 5378 αὐτὴν
763 5303 1150 5381 συμπαρεῖναι.
1182 5329 1201 5363 ι
1242 5312 1349 5364 Kal
1401 5314 1457 5364 ἐν
1516 5315 1634 5375 ταῖς
1656 5311 1909 5382 ήμέραις.
1959 5328 1977 5360 ι

423 5398 627 5472 Πέτρος
653 5399 729 5461 ὡς
757 5399 955 5472 θερμὸς
986 5401 1105 5472 [καὶ
1136 5401 1234 5473 ὡς]
1259 5404 1642 5470 ὲμπιστευθεῖς
1669 5402 1817 5474 παρὰ
1850 5403 1983 5472 Χρι-

338 5512 345 5521 “
426 5494 552 5549 στοῦ
580 5494 681 5565 τὴν
744 5493 1001 5564 ποίμνην,
1049 5492 1168 5565 [καὶ
1216 5495 1290 5557 ὡς
1314 5496 1407 5546 τοῦ
1443 5494 1606 5566 χοροῦ
1644 5494 1850 5565 πρῶτος
1896 5494 1984 5545 ἀεὶ

422 5587 649 5657 ἄρχεται
678 5583 773 5639 τοῦ
807 5583 989 5655 λόγου]
1026 5585 1431 5655 παραμυθεῖται
1480 5586 1673 5648 αὐτοὺς
1724 5584 1831 5638 ἀπὸ
1883 5583 1984 5651 τῆς

495 5766 514 5797 '
546 5761 702 5819 Joan.
745 5778 855 5830 arx,
878 5762 968 5817 27.

2086 5215 2426 5275 contrarium
2460 5212 2614 5268 nullo
2653 5210 2813 5266 modo
2846 5217 2950 5267 est.
2992 5211 3049 5265 Si
3083 5212 3230 5267 enim
3266 5211 3382 5279 ipse
3418 5208 3660 5276 discipu-

2086 5306 2171 5361 lus
2195 5306 2266 5363 ibi
2294 5306 2502 5370 aderat,
2528 5304 2603 5358 nil
2631 5302 2875 5373 prohibet
2914 5311 2969 5357 et
3006 5303 3229 5357 Matrem
3257 5302 3429 5366 ipsam
3457 5297 3655 5351 ibidem

2083 5399 2341 5453 adfuisse.
2388 5416 2406 5449 ι
2443 5397 2504 5450 Ει
2537 5397 2590 5450 in
2623 5396 2838 5451 diebus.
2871 5414 2889 5446 ι
2926 5393 3141 5455 Petrus,
3194 5393 3340 5445 velut
3384 5390 3656 5444 charitate

2084 5491 2328 5553 fervens,
2371 5503 2435 5541 ac
2479 5488 2602 5549 ille,
2639 5487 2727 5540 cui
2776 5500 2905 5554 grex
2964 5500 2993 5539 a
3036 5484 3257 5538 Christo
3305 5480 3655 5537 conci-editus

2083 5589 2220 5645 mat,
2245 5598 2305 5637 ac
2338 5579 2489 5635 chori
2524 5577 2753 5647 primus,
2780 5592 3000 5645 semper
3031 5577 3181 5645 prior
3215 5575 3479 5646 loquitur.
3513 5576 3654 5628 (Iou-
