4088 6206
440 368 555 435 859

1374 370 1949 432 ΤΗΕΟΡΙΙΥΙΑΕΤΙ
1992 370 2396 430 BULGAlll.E
2436 373 2792 431 ARCHIEP.

3578 367 3685 434 8Γο

438 485 648 539 solatur
676 496 803 537 vero
831 495 926 537 eos
952 497 1016 536 ex
1049 480 1405 551 praedictione
1434 482 1502 535 de
1529 481 1688 536 .lnda.
1718 498 1737 532 ι
1776 480 2006 549 Oporte-
2034 527 2037 534 .

2139 482 2322 551 εροῤῥῆ
2337 498 2466 544 σεως
2496 481 2624 551 π;ρ“ι
2666 478 2860 533 Ἰούδα.
2900 496 2917 530 ι
2952 479 3103 532 Ἔδει
3128 478 3253 546 γὶρ,
3284 478 3440 546 gms",
3468 478 3687 547 πληρω-

440 576 537 631 bat
563 576 743 638 enim,
777 571 981 642 inquit,
1017 572 1226 642 impleri
1270 571 1642 642 Scripturam,
1675 587 1835 642 quam
1868 587 2008 641 pra!-

441 667 578 722 dixit
612 665 856 734 Spiritus
887 672 1112 720 sanctus
1143 679 1241 733 per
1267 679 1329 720 os
1356 663 1525 720 David
1560 664 1627 720 de
1658 664 1814 735 195
1848 664 2009 729 Juda,

439 761 534 827 qui
566 759 667 812 fuit
696 758 805 813 dux
838 771 1029 811 eorum
1056 757 1149 826 qui
1176 757 1716 827 comprehenderunt
1743 757 1955 813 Jesum.
1988 776 2008 810 ι

444 850 649 906 Deinde
685 867 705 900 ι
746 848 866 912 llic,
902 868 920 899 ι
955 848 1153 917 inquit,
1203 866 1223 900 ι
1265 850 1514 919 possedit
1545 864 1735 919 agrmn
1771 850 1839 903 de
1870 840 2016 903 mer-

442 942 577 997 cede
603 941 931 1011 iniquitatis.
970 958 989 991 ι
1019 938 1138 995 Non
1169 942 1346 1011 inquit
1376 959 1393 996 :
1425 941 1598 996 διιόωί
1632 942 2015 1011 possederunt,

444 1032 567 1096 sed,
596 1048 615 1082 ι
654 1032 771 1100 ipse
800 1031 1095 1101 possedim
1131 1040 1187 1086 et
1211 1032 1429 1101 quidem
1459 1047 1695 1102 congrue
1722 1049 1737 1085 :
1769 1047 1892 1087 nam
1922 1033 2018 1102 qui

446 1123 680 1190 pretium
717 1131 926 1190 erngat,
961 1122 1180 1177 etiamsi
1213 1122 1302 1175 alii
1331 1132 1553 1186 emant,
1586 1122 1674 1177 ille
1713 1123 2019 1178 censendus

446 1220 531 1266 est
578 1213 854 1267 dominus.
908 1211 972 1266 Et
1020 1226 1152 1268 sane
1186 1212 1442 1282 pretium
1501 1212 1621 1282 ejus
1667 1222 1824 1280 erat,
1873 1214 2021 1283 quod

454 1316 474 1350 ι
515 1299 758 1367 possedit
787 1300 853 1354 de
883 1302 1136 1356 mercede
1166 1309 1426 1356 extrema:
1455 1301 1782 1372 iniquitatis.
1825 1320 1843 1352 I
1881 1302 2024 1359 Sub-

449 1388 567 1442 dit:
601 1408 621 1439 ι
665 1390 727 1443 Et
757 1406 1059 1460 suspensus
1097 1394 1314 1461 crepuit
1344 1393 1577 1456 medius,
1611 1402 1665 1448 et
1696 1394 1866 1449 ell‘usa
1894 1403 2023 1451 sunt

449 1478 635 1534 omnia
684 1481 890 1535 tiscera
940 1481 1080 1551 ejus.
1143 1501 1163 1535 ι
1210 1483 1325 1539 lloc
1373 1484 1586 1541 scilicet
1631 1486 1707 1539 ait
1746 1485 1816 1541 de
1863 1502 2024 1556 paena

451 1585 614 1638 quam
649 1578 779 1627 tunc
802 1572 1062 1628 sustinuit
1090 1573 1283 1632 ludas.
1314 1593 1333 1626 ι
1371 1574 1438 1629 Ει
1460 1577 1765 1647 appellatus
1794 1586 1878 1631 est
1900 1591 2027 1647 ager

454 1662 545 1717 ille
589 1664 772 1734 lingua
819 1681 1009 1720 eorum
1057 1667 1414 1733 llaceldama,
1448 1668 1552 1724 hoc
1584 1677 1699 1731 est,
1745 1683 1875 1739 ager
1900 1684 2027 1723 san-

454 1757 656 1826 guinis.
701 1776 718 1808 ι
752 1758 923 1813 Judaei
957 1759 1059 1812 hoc
1094 1758 1313 1814 nomine
1342 1774 1467 1815 eum
1500 1762 1882 1830 appellarunt,
1915 1777 2024 1816 non

454 1857 679 1919 propter
706 1850 907 1918 ipsum,
941 1849 1033 1903 sed
1071 1858 1291 1919 propter
1320 1848 1538 1904 ludam.
1570 1851 1634 1905 Et
1661 1853 1880 1920 quidem
1915 1852 2027 1907 Lu-

456 1953 550 1993 cas
575 1939 662 1994 ad.
692 1939 794 1993 ltoc
828 1940 1182 1994 astruendum
1240 1939 1292 1994 id
1328 1940 1518 2006 refert,
1552 1951 1716 1999 testes
1746 1943 2030 2013 proferens

458 2028 609 2098 ipsos
652 2030 872 2095 hostes,
911 2031 1059 2100 quod
1102 2046 1163 2086 ea
1206 2031 1274 2087 de
1313 2047 1477 2088 causa
1522 2034 1790 2103 ejusmodi
1833 2050 2031 2090 nomen

458 2134 591 2189 agro
612 2120 684 2173 illi
714 2120 1116 2191 imposuerint:
1143 2122 1374 2178 dicendo
1400 2125 1571 2189 enim,
1629 2144 1647 2176 ι
1681 2127 1897 2195 propria
1930 2127 2035 2180 lin-

458 2225 563 2280 gua
595 2225 804 2276 eorum,
867 2231 887 2263 ι
924 2213 1028 2266 ltoc
1061 2212 1197 2267 satis
1228 2214 1425 2268 innuit.
1468 2214 1605 2269 Illud
1644 2231 1773 2271 vero
1806 2234 1821 2271 :
1854 2235 1873 2269 ι
1912 2215 2037 2272 Fiat

458 2304 821 2358 commoratio
855 2304 1031 2374 ipsius
1068 2304 1286 2361 deserta
1312 2348 1327 2373 ,
1359 2314 1414 2361 et
1449 2322 1557 2362 non
1592 2308 1662 2363 sit
1694 2313 1786 2379 qui
1819 2310 2037 2365 inhabi-

462 2402 538 2446 tet
578 2394 632 2446 in
672 2409 770 2459 ea,
813 2412 832 2445 ι
868 2403 979 2450 tam
1024 2396 1092 2451 de
1135 2413 1305 2466 agro,
1350 2414 1512 2466 quam
1552 2400 1623 2455 de
1660 2400 1823 2457 domo
1863 2402 2038 2474 ipsius

461 2486 667 2542 dictum
694 2500 796 2543 est.
826 2486 881 2543 In
905 2504 970 2544 eo
995 2499 1198 2555 autem,
1228 2509 1246 2541 ι
1271 2490 1333 2545 Ει
1353 2493 1725 2561 episcopatum
1744 2492 1863 2563 ejus
1891 2494 2038 2549 acci-

465 2579 579 2645 piat
616 2580 775 2642 alter,
814 2597 832 2631 ι
877 2594 973 2649 per
1009 2597 1028 2631 ι
1066 2581 1436 2652 episcOpatum
1478 2601 1496 2635 ι
1535 2584 1775 2654 intellige
1830 2585 2039 2655 princi-

465 2678 651 2738 patum
685 2683 778 2724 seu
804 2670 1195 2727 sacerdotium.
1232 2674 1329 2728 Est
1357 2690 1488 2727 vero
1516 2677 1606 2744 qui
1644 2676 1812 2739 dicat,
1843 2674 2037 2732 ludam

468 2759 889 2831 haudquaquam
950 2762 1143 2833 laqueo
1192 2766 1360 2818 vitam
1410 2765 1657 2826 liniisse.
1708 2769 1803 2819 sed
1850 2783 2042 2837 super-

467 2853 690 2920 vixisse,
722 2855 866 2925 quod
890 2855 1176 2925 depositus
1208 2856 1394 2919 fuerit.
1426 2870 1717 2928 antequam
1747 2861 2043 2929 perimere-

469 2956 579 3000 tur.
607 2944 739 3001 Item
778 2949 920 3003 hanc
952 2948 1168 3004 caeteris
1196 2949 1403 3004 clarius
1434 2958 1621 3004 narrat
1652 2951 1848 3021 Papias
1879 2950 2049 3006 Joaua

468 3040 558 3093 nis
597 3040 929 3110 discipulus,
987 3042 1070 3096 liis
1112 3042 1331 3097 verbis:
1385 3062 1403 3093 ι
1443 3043 1694 3113 Magnum
1745 3044 2043 3112 impietatis

2118 571 2276 639 οῆναι
2302 570 2401 636 τὴν
2430 569 2650 639 Γραφὴν
2680 569 2908 637 ταύτην,
2935 567 3002 638 ἢν
3034 569 3261 637 προεῖπε
3290 567 3349 619 τὸ
3375 567 3598 638 Πνεῦμα
3629 571 3690 621 τδ

2111 660 2266 727 ἅγιον
2290 660 2377 713 διὰ
2403 662 2668 729 στόματος
2702 659 2862 712 Δαδὶδ
2888 658 3015 728 περὶ
3065 658 3234 710 Ἰούδα
3272 657 3365 711 τοῦ
3395 659 3688 728 γενομένου

2113 752 2307 822 ὁδηγοῦ
2338 755 2449 815 τοῖς
2482 751 2806 805 συλλαϐοῦσι
2836 751 2927 803 τὸν
2979 749 3211 819 Ἰησοῦν,
3248 768 3266 801 ι
3315 753 3409 802 καὶ
3444 751 3513 803 τά
3540 749 3688 819 ἑξῆς.

2115 839 2269 907 Εἶτα,
2305 862 2322 895 ι
2365 838 2556 910 Οὗτος,
2618 844 2770 911 φησὶ,
2811 841 3080 911 ἐκτήσατο
3140 841 3340 911 χωρίον
3378 843 3445 895 ὲκ
3478 842 3570 895 τοῦ
3600 860 3690 912 μι-

2117 935 2246 988 σθοῦ
2273 916 2369 1004 τῆς
2394 936 2632 997 ἀδικίας.
2683 954 2702 986 ι
2741 935 2816 987 Οὐ
2875 934 3049 1003 λέγει,
3105 935 3187 988 δτι
3245 935 3491 989 Ἰουδαῖοι
3538 938 3694 1007 ὲκτή⁹

2118 1045 2301 1089 σαντο,
2329 1027 2445 1081 ἀλλ’
2481 1045 2500 1078 ι
2537 1026 2708 1090 Αὐτὸς
2740 1028 3010 1097 ἐκτήσατο
3030 1042 3044 1057 ο
3077 1044 3097 1078 ι
3128 1026 3376 1090 εἰκότως.
3416 1028 3475 1079 '0
3501 1028 3609 1098 γάρ
3636 1030 3695 1081 τὸ

2116 1119 2716 1199 τίμημακαταδαλὼν,
2760 1121 2808 1172 εί
2849 1122 2944 1173 καὶ
2985 1119 3166 1189 ἕτεροι
3198 1120 3535 1189 ὴγορακᾶτες
3562 1116 3693 1178 εἷεν.

2121 1213 2284 1271 αὐτὸς
2319 1213 2385 1267 ἂν
2432 1212 2517 1281 εἴη
2573 1212 2890 1279 λογίζεσθαι
2924 1211 3137 1282 κύριος.
3190 1211 3366 1264 Αὑτοῦ
3390 1213 3497 1282 γὰρ
3539 1207 3605 1282 ἦν
3638 1212 3696 1264 τδ

2122 1306 2360 1376 τίμημα,
2405 1304 2434 1356 ὃ
2464 1304 2734 1373 ἐκτήσατο
2781 1304 2844 1355 ὲκ
2914 1301 3009 1355 τοῦ
3070 1300 3264 1371 μισθοῦ
3327 1302 3425 1369 τῆς
3464 1300 3699 1371 ἐσχάτης

2122 1398 2359 1461 ἀδικίας.
2420 1391 2553 1450 Εἶτά
2629 1411 2801 1465 φησι*
2858 1414 2877 1447 ι
2928 1396 3037 1447 Καὶ
3124 1393 3339 1463 πρηνὴς
3413 1393 3701 1461 γενόμενος

2123 1491 2357 1561 ὲλάκησε
2400 1490 2587 1559 μέσος,
2635 1492 2728 1542 καὶ
2782 1485 3016 1557 ἐξεχύθη
3066 1486 3246 1539 πάντα
3300 1486 3369 1538 τὰ
3421 1485 3702 1553 σπλάγχνα

2127 1580 2313 1635 αὐτοῦ.
2354 1599 2373 1633 ι
2414 1579 2584 1633 Τοῦτο
2608 1579 2665 1632 δέ
2706 1595 2839 1649 φησι
2872 1577 3131 1646 περὶτῆς
3181 1576 3362 1646 δίκης,
3390 1572 3459 1648 ἦς
3502 1575 3702 1628 ἔδωκεν

2139 1672 2339 1735 Ἰούδας
2372 1672 2517 1724 τότε.
2556 1688 2573 1722 ι
2619 1670 2727 1723 Καὶ
2782 1668 2986 1737 ἐκλήθη
3034 1666 3097 1719 τὸ
3153 1666 3350 1736 χωρίον
3407 1668 3584 1718 ἐκεῖνο
3631 1666 3698 1734 τῇ

2131 1765 2239 1835 ίδῖᾳ
2261 1764 2524 1829 διαλέκτῳ
2561 1762 2742 1815 αὐτῶν
2774 1759 3105 1829 ⁸Λκελδαμά,
3156 1757 3185 1811 δ
3219 1758 3333 1810 ἐστι
3399 1756 3597 1827 χωρίον
3621 1756 3703 1807 αἴ-

2134 1873 2322 1926 ματος.
2352 1874 2371 1906 ι
2408 1856 2471 1906 0i
2508 1854 2607 1923 μὲν
2635 1848 2728 1906 οὖν
2755 1851 3005 1906 Ἰουδαῖοι
3040 1849 3214 1921 ταύτῃ
3257 1852 3324 1919 τῇ
3366 1849 3705 1918 προσηγορῐᾳ

2130 1948 2395 2002 ἐκάλεσαν
2426 1947 2577 2008 αὐτὸ.
2610 1947 2671 1999 οὒ
2709 1944 2799 1998 διὰ
2857 1943 3038 2010 τοῦτο,
3074 1941 3210 1997 ἀλλά
3240 1945 3329 1995 διὰ
3354 1942 3443 1993 τὸν
3475 1940 3699 1993 Ἰούδαν.

2131 2033 2297 2103 Οὗτος
2322 2039 2378 2091 δὲ
2440 2039 2520 2101 εῑς
2543 2036 2703 2090 τοῦτο
2728 2035 2860 2090 αὐτὸ
2885 2036 3183 2105 μετήγαγε,
3211 2034 3493 2104 μάρτυρας
3524 2031 3705 2098 φέρων

2130 2132 2254 2189 τοὺς
2288 2129 2538 2199 ἐχθροὺς,
2575 2128 2644 2182 δι’
2681 2121 2755 2182 ὧν
2798 2126 3077 2196 ὠνόμασε.
3123 2124 3237 2178 Καὶ
3271 2123 3380 2193 γὰρ
3420 2123 3479 2174 τ’)
3510 2121 3702 2184 εἰπεῖν,

2138 2238 2157 2271 ι
2211 2221 2275 2290 τῇ
2306 2218 2410 2289 ἰδίᾳ
2441 2217 2708 2288 διαλέκτῳ
2748 2215 2951 2282 αὐτῶν,
2984 2233 3005 2268 ι
3034 2212 3193 2268 τοῦτο
3229 2212 3503 2283 βούλεται.
3522 2209 3594 2262 τὸ
3625 2210 3702 2273 δὲ,

2141 2329 2160 2362 ι
2209 2310 2555 2381 Γενηθήτῳὴ
2596 2308 2821 2372 ἔπαυλις
2854 2306 3020 2360 αὑτοῦ
3061 2306 3289 2377 ἕρημος,
3334 2305 3427 2356 καὶ
3460 2303 3534 2373 μὴ
3570 2301 3723 2353 ἔστω.

2134 2406 2162 2456 ὁ
2191 2404 2462 2456 κατοικῶν
2523 2403 2581 2455 ὲν
2619 2402 2782 2472 αὐτῇ,
2813 2419 2833 2453 ι
2867 2399 2999 2470 περὶ
3034 2398 3231 2469 χωρίου
3267 2396 3463 2451 τούτου
3497 2396 3589 2449 καὶ
3610 2395 3709 2462 τῆς

2135 2495 2311 2558 οἰκῖας
2340 2494 2508 2548 αὐτοῦ
2540 2495 2778 2565 εἴρηται.
2802 2492 2877 2547 Τὸ
2901 2493 2981 2555 δὲ,
3010 2511 3028 2544 ι
3069 2491 3181 2562 Τὴν
3215 2490 3519 2561 ἐπισκοπὴν
3543 2488 3708 2542 αὑτοῦ

2136 2587 2289 2641 λάϐοι
2320 2587 2532 2657 ἔτερος,
2567 2605 2584 2638 ι
2620 2586 2872 2640 τουτέστι
2902 2585 3001 2654 τὴν
3030 2583 3229 2655 ἀρχὴν,
3257 2584 3355 2651 τὴν
3384 2582 3707 2652 ἱερωσύνην.

2143 2675 2332 2741 ’Ἄλλος
2352 2679 2407 2731 δέ
2442 2695 2627 2746 φησιν,
2662 2678 2744 2731 ὅτι
2770 2678 2869 2730 οὐκ
2905 2676 3145 2730 ἀπέθανε
3182 2679 3248 2745 τῇ
3274 2674 3479 2743 ἀγχόνῃ
3510 2676 3537 2726 ὁ
3576 2672 3711 2725 Ἰού-

2138 2769 2251 2829 δας,
2287 2768 2400 2821 ἀλλ’
2433 2768 2650 2821 ἐπεδῖω.
2675 2767 3021 2837 καθαιρεθεὶς
3046 2766 3152 2837 πρὸ
3180 2765 3270 2819 τοῦ
3316 2763 3708 2832 ἀποπνιγῆναι.

2140 2860 2309 2912 Τοῦτο
2326 2860 2381 2913 δὲ
2400 2860 2733 2929 σαφέστερον
2764 2860 2969 2929 ἱστορεῖ
2989 2855 3206 2920 Παπίας
3228 2853 3518 2911 ὀἸωάννου
3539 2852 3713 2924 μαθηο

2138 2951 2240 3023 τὴς
2270 2952 2443 3019 λέγων
2467 2967 2483 2982 ο
2533 2971 2553 3003 ι
2608 2951 2766 3019 Μέγα
2821 2950 2881 3004 δὲ
2930 2948 3186 3012 ἀσεϐείας
3221 2947 3524 3017 ὑπόδειγμα
3554 2948 3610 2999 ὲν
3638 2944 3718 3015 τῷ

2141 3044 2330 3114 κόσμῳ
2360 3042 2531 3112 τούτῳ
2564 3042 2967 3114 περιεπάτησεν
3002 3043 3030 3095 ὁ
3070 3040 3295 3103 Ἰούδας,
3329 3038 3594 3109 πρησθεὶς
3619 3038 3715 3090 ἐπὶ

468 3132 780 3199 exemplum
807 3132 860 3185 in
905 3132 1009 3186 hoc
1045 3134 1252 3188 mundo
1289 3134 1388 3188 fuit
1425 3132 1627 3200 Iudas,
1671 3142 1857 3204 utpote
1887 3136 2037 3204 cujus

2150 3135 2401 3189 τοσοῦτον
2430 3136 2528 3205 τὴν
2564 3136 2762 3205 σάρκα,
2803 3134 2945 3188 ὥστε
2999 3134 3133 3204 μηδὲ
3171 3132 3369 3186 ὁπόθεν
3394 3130 3581 3201 ἅμαξα
3619 3132 3716 3199 ρᾳ-

470 3232 674 3287 corpus
706 3220 842 3274 adeo
875 3221 1159 3286 intumuit,
1191 3230 1249 3274 ut
1289 3238 1483 3291 neque,
1514 3238 1623 3292 qua
1655 3240 1849 3280 currus
1884 3224 2037 3282 facile

2146 3225 2273 3286 δῖως
2302 3226 2597 3294 διέρχεται,
2639 3227 2844 3278 ἐκεῖνον
2868 3224 3128 3278 δύνασθαι
3146 3222 3394 3288 διελθεῖν,
3421 3221 3555 3275 ἀλλὰ
3581 3219 3717 3291 μηδὲ

473 3312 691 3376 transit,
720 3311 835 3373 ille,
871 3313 980 3365 imo
1014 3327 1191 3381 neque
1229 3314 1405 3367 solum
1438 3315 1558 3383 ejus
1587 3323 1771 3384 caput,
1806 3318 2043 3373 transire

473 3412 698 3472 posset:
734 3410 788 3457 et
821 3402 1037 3472 quidem
1070 3402 1351 3457 oculorum
1386 3405 1675 3475 palpebras
1716 3408 1853 3463 adeo
1876 3425 2043 3463 enor-

476 3495 636 3548 miter
682 3493 761 3549 illi
802 3494 1129 3551 intumuisse
1175 3495 1377 3561 ferunt,
1418 3505 1477 3551 ut
1522 3514 1622 3552 nec
1694 3499 1813 3570 ipse
1865 3502 2041 3556 lucem

473 3582 724 3649 videret,
767 3600 867 3640 nec
905 3587 1052 3641 oeuli
1089 3587 1262 3656 ipsius
1295 3589 1377 3642 xei
1405 3589 1665 3644 adhibitis
1708 3593 2041 3647 medicorum

474 3674 705 3744 dioptris
767 3676 936 3733 videri
969 3688 1192 3747 possent
1220 3698 1233 3733 :
1269 3681 1406 3735 adeo
1434 3682 1645 3737 scilicet
1680 3684 1951 3752 profunde
1979 3686 2047 3741 ab

474 3778 698 3823 externa
742 3770 1026 3839 superficie
1063 3782 1427 3827 recesserant.
1474 3770 1719 3828 Verenda
1752 3785 1934 3830 autem
1953 3777 2046 3846 ,ἰρ-

474 3858 590 3914 sius
612 3860 761 3915 omni
791 3862 1127 3931 turpitudine
1149 3863 1480 3918 deformiora
1511 3864 1649 3918 facta
1677 3866 1866 3927 fuisse.
1898 3868 2045 3937 quod

476 3951 657 4006 sanies
685 3961 738 4006 et
765 3968 980 4008 vermes
1002 3969 1031 4009 e
1061 3962 1172 4008 toto
1202 3954 1321 4022 ejus
1350 3970 1582 4024 corpore
1607 3966 1890 4012 manantes
1922 3967 2047 4013 tan-

476 4044 759 4098 tummodo
794 4059 888 4114 per
923 4044 1063 4110 illas,
1094 4048 1438 4102 necessarias
1467 4048 1731 4117 alioquin,
1768 4059 1951 4119 partes
1977 4051 2044 4106 ad

476 4134 738 4205 majorem
771 4137 1123 4207 ignominiam
1160 4136 1460 4195 efﬂuerent.
1501 4159 1520 4191 ι
1558 4139 1682 4195 llaec
1712 4143 1934 4212 quidem
1969 4146 2046 4198 ait

477 4223 568 4281 ille
625 4225 680 4280 in
731 4235 930 4295 quarto
986 4228 1390 4298 explanationis
1453 4232 1741 4286 verborum
1809 4233 2043 4291 Domini.

482 4333 502 4367 ι
544 4317 673 4373 Post
707 4318 909 4374 multos
940 4334 1069 4375 vero
1108 4322 1390 4377 cruciatus
1418 4330 1472 4378 et
1505 4337 1715 4391 poenas,
1750 4325 1951 4389 subdit,
1982 4341 2047 4380 eo

479 4405 532 4459 in
563 4410 783 4479 proprio
816 4425 948 4482 agro
992 4421 1240 4479 mortuo,
1269 4428 1462 4484 agrum
1504 4416 1702 4484 ipsum,
1744 4432 1849 4487 qua
1883 4418 2044 4471 etiam

2150 3314 2314 3368 αὑτὸν
2349 3315 2506 3385 μόνον
2543 3315 2632 3369 τὸν
2660 3315 2760 3384 τῆς
2793 3315 3033 3386 κεφαλῆς
3074 3314 3239 3368 αὑτοῦ
3280 3314 3444 3382 ὄγκον
3469 3325 3485 3341 ⁸
3518 3313 3587 3366 τὰ
3620 3312 3717 3381 μὲν

2149 3407 2260 3478 γὰρ
2296 3406 2540 3477 βλέφαρα
2591 3406 2699 3461 τῶν
2732 3406 3025 3478 ὀφθαλμῶν
3053 3406 3220 3460 αὐτοῦ
3256 3404 3513 3459 τοσοῦτόν
3553 3421 3719 3471 φασιν

2151 3499 2451 3569 ὲξοιδῆσαι,
2490 3501 2563 3563 ὡς
2618 3499 2780 3553 αὐτὸν
2827 3500 2927 3568 μὲν
2988 3499 3218 3552 καθόλου
3256 3497 3315 3550 τὸ
3345 3496 3459 3567 φῶς
3491 3495 3565 3568 μὴ
3600 3495 3720 3566 βλέ-

2152 3608 2276 3645 πειν
2302 3633 2317 3657 ,
2349 3592 2475 3654 τοὺς
2540 3591 2852 3659 ὀφθαλμοὺς
2885 3591 2941 3643 δὲ
2990 3590 3155 3644 αὐτοῦ
3217 3589 3351 3660 μηδὲ
3395 3589 3498 3641 ὑπὸ
3533 3586 3719 3657 ἰατροῦ

2152 3684 2412 3754 διόπτρας
2458 3684 2720 3753 ὀφθῆναι·
2779 3683 3032 3736 τοσοῦτον
3088 3682 3251 3751 βάθος
3292 3676 3435 3751 εἶχον
3487 3680 3595 3732 ἀπ’)
3621 3680 3719 3747 τῆς

2154 3776 2353 3841 ἔξωθεν
2386 3776 2704 3844 ἐπιφανείας
2730 3792 2741 3804 ·
2776 3774 2836 3828 τὸ
2875 3774 2933 3828 δὲ
2964 3774 3161 3828 αἰδοῖον
3190 3772 3356 3827 αὐτοῦ
3411 3771 3589 3839 πάσης
3621 3769 3721 3839 μὲν

2153 3866 2536 3937 ἀσχημοσύνης
2586 3865 2917 3935 ἀηδέστερον
2966 3864 3277 3932 φαίνεσθαι,
3311 3863 3398 3914 διζκ
3453 3862 3550 3929 τῇ
3595 3860 3719 3920 τοὺς

2158 3960 2218 4024 ἐξ
2256 3959 2495 4022 ἅπαντος
2526 3959 2691 4013 αὐτοῦ
2724 3956 2815 4011 τοῦ
2849 3957 3101 4026 σώματος
3132 3956 3459 4027 συρρέοντας
3520 3954 3719 4021 ξχσῖιράς

2152 4069 2211 4103 τε
2252 4052 2347 4105 καὶ
2396 4050 2688 4119 σκώληκας
2751 4052 2828 4108 εἰς
2870 4047 3028 4118 ὓϐριν
3070 4047 3135 4100 δι’
3182 4048 3361 4101 αὐτῶν
3397 4046 3573 4114 μόνων
3616 4045 3720 4095 τῶν

2153 4144 2487 4210 ἀναγκαίων.
2528 4161 2546 4193 ι
2590 4140 2776 4194 Ταῦτα
2824 4139 2879 4193 δέ
2937 4156 3101 4209 φησιν
3137 4141 3194 4190 ἐν
3236 4137 3311 4206 τῷ
3354 4136 3598 4206 τετάρτῳ
3630 4136 3719 4201 τῇς

2167 4232 2510 4304 Ἐξηγήσεως
2537 4230 2643 4285 τῶν
2672 4227 2964 4298 Κυριακῶν
3012 4227 3185 4295 λόγων
3209 4242 3223 4253 ·
3259 4245 3278 4278 ι
3312 4225 3467 4280 Μετὰ
3525 4223 3721 4285 πολλὰς

2156 4324 2424 4395 βασάνους
2454 4323 2546 4376 καὶ
2570 4320 2863 4391 τιμωρίας,
2894 4321 2951 4371 ὲν
2983 4320 3118 4389 ἰδίῳ,
3154 4317 3309 4389 φησὶ,
3333 4315 3515 4387 χωρίῳ
3538 4312 3725 4368 τελεοο

2153 4419 2439 4488 τήσαντος,
2465 4415 2644 4469 καὶτὸ
2672 4414 2780 4467 ἀπὸ
2814 4412 2913 4483 τῆς
2950 4412 3069 4467 ὁδοῦ
3100 4413 3305 4483 ἔρημον
3345 4410 3439 4463 καὶ
3470 4408 3724 4476 ἀοίκητον

478 4510 633 4569 parte
657 4502 874 4573 longius
902 4504 1057 4560 abest
1074 4521 1103 4559 a
1119 4507 1203 4560 via
1231 4506 1331 4577 (4),
1350 4506 1621 4563 desertmn
1640 4517 1693 4565 et
1721 4511 2037 4568 inhabitabi-

2156 4511 2217 4563 τδ
2243 4510 2439 4580 χωρίον
2465 4506 2625 4576 μέχρι
2656 4505 2749 4559 τοῦ
2777 4505 2872 4558 νῦν
2924 4506 3178 4574 γενέσθαι
3203 4520 3217 4535 ⁸
3244 4502 3360 4557 ἀλλ’
3409 4501 3529 4554 οὐδὲ
3563 4499 3725 4569 μέχρι

481 4591 586 4645 lem
613 4593 680 4647 ad
712 4609 960 4663 presens
986 4611 1160 4665 usque
1203 4606 1417 4667 tempus
1447 4601 1691 4656 evasisse
1719 4619 1732 4655 :
1767 4603 1875 4657 imo
1906 4619 2054 4660 nunc

481 4684 646 4738 etiam
694 4687 966 4741 nemiuem
1012 4704 1110 4757 per
1151 4689 1329 4746 locum
1373 4693 1588 4763 ipsum,
1630 4695 1738 4750 nisi
1782 4697 2053 4754 obturatis

482 4776 746 4842 naribus,
793 4778 1032 4834 transire
1076 4796 1257 4851 posse.
1303 4781 1532 4839 Tantum
1585 4787 1794 4842 scilicet
1830 4805 1952 4843 eum
1998 4790 2053 4843 in

483 4885 647 4927 carne
690 4871 863 4941 ipsius
886 4874 1047 4930 etiam
1070 4891 1232 4944 supra
1267 4883 1467 4933 terram
1488 4879 1754 4949 judicium
1787 4881 1869 4952 (5)
1902 4896 2054 4937 eom-

482 4963 790 5033 prehendit.
822 4984 947 5020 ι-ι
972 4966 1338 5041 Oportetergo
1370 4986 1437 5026 ex
1464 4970 1603 5026 his.»
1630 4972 1895 5037 Quoniam
1914 4988 2055 5029 non-

485 5058 614 5112 dum
640 5056 881 5129 Spiritus
908 5061 1221 5123 advenerat.
1244 5078 1423 5133 neque
1448 5063 1483 5117 ii
1506 5078 1566 5118 se
1586 5064 1801 5133 dignos.
1836 5066 1925 5119 vel
1942 5066 2059 5121 ido-

485 5164 619 5206 neos
634 5151 1065 5218 arbitrabantur,
1090 5155 1230 5224 quia
1247 5169 1308 5208 se
1328 5154 1639 5223 ipsishoece
1664 5157 1937 5223 negotium
1966 5158 2062 5211 ad-

485 5244 969 5311 ministrarent,vel
994 5260 1091 5315 per
1113 5244 1332 5314 aliquod
1351 5244 1591 5315 signum,
1612 5245 1833 5315 quinam
1856 5246 2056 5319 eligen-

485 5334 588 5392 dus
632 5343 817 5402 esset,
861 5335 1235 5402 addiscerent,
1279 5352 1299 5387 ι
1339 5332 1607 5389 dederunt
1659 5344 1835 5391 sortes
1883 5337 1986 5391 eis.
2029 5356 2048 5389 ι

2159 4605 2402 4673 σήμερον
2433 4597 2692 4653 δύνασθαί
2713 4615 2834 4651 τινα
2865 4597 2958 4651 τὸν
2992 4598 3156 4651 τόπον
3177 4597 3383 4649 ἐκεῖνον
3412 4590 3720 4662 παρελθεῖν,

2158 4697 2255 4750 ἐὰν
2282 4695 2355 4765 μὴ
2405 4693 2505 4756 τὰς
2570 4693 2720 4761 ῥῖνας
2770 4692 2890 4752 ταῖς
2925 4689 3114 4759 χερσὶν
3159 4686 3325 4742 αὐτοῦ
3376 4682 3722 4753 περιφράξῃο

2160 4786 2396 4855 τοσαύτη
2421 4785 2510 4838 διά
2537 4784 2637 4852 τῆς
2670 4785 2872 4852 σαρκὸς
2919 4782 3086 4836 αὐτοῦ
3138 4782 3232 4835 καὶ
3279 4781 3370 4833 ἐπὶ
3409 4779 3510 4848 γῆς
3545 4777 3726 4850 κρίσις

2152 4881 2420 4953 ἐχώρησε.
2455 4896 2579 4929 ›-‹
2604 4879 2696 4929 Δεῖ
2719 4871 2812 4930 οῦν
2832 4875 2993 4930 τῶν.)
3019 4872 3241 4943 Ἐπειδὴ
3264 4872 3474 4926 οὐδέπω
3504 4868 3727 4939 Πνεῦμα

2153 4970 2245 5044 ἦν,
2289 4971 2383 5024 καὶ
2411 4969 2565 5023 οὔπω
2609 4968 2835 5029 ἑαυτοὺς
2861 4966 3045 5032 ἀξίους
3077 4964 3306 5037 ἡγοῦντο
3337 4958 3476 5016 εἶναι
3513 4961 3606 5014 τοῦ
3634 4959 3724 5027 ἀφ’

2158 5063 2372 5117 ἑαυτῶν
2430 5062 2493 5114 τὸ
2531 5062 2764 5130 πρᾶγμα
2800 5057 3109 5127 ἐπιτρέψαι,
3141 5054 3397 5109 αἰτοῦντα
3436 5055 3449 5083 ¹
3481 5052 3569 5106 διά
3586 5067 3726 5111 τινος

2164 5153 2389 5225 σημείου
2419 5152 2629 5221 μαθεῖν.
2679 5151 2741 5202 Εί
2781 5149 2892 5219 γὰρ
2922 5147 3051 5201 ἔνθα
3089 5146 3213 5200 οὗτε
3243 5144 3404 5215 εὐχὴ,
3426 5144 3549 5197 οὔτε
3578 5141 3727 5207 ἀξιό-

2163 5246 2311 5314 λογοι
2338 5244 2553 5314 ἄνδρες,
2597 5242 2850 5295 τοσοῦτον
2902 5240 3124 5310 ἴσχυσεν
3186 5238 3278 5291 ἐπὶ
3305 5237 3400 5290 τοῦ
3430 5235 3606 5296 Ἰωνᾶ,
3638 5234 3729 5285 διὰ

2127 5341 2134 5348 ’
2159 5341 2222 5392 τὸ
2244 5336 2302 5404 ἐξ
2328 5336 2493 5408 ὀρθῆς
2509 5334 2759 5404 γενέσθαι
2781 5333 3028 5406 γνώμης,
3049 5329 3228 5403 πολλῷ
3254 5329 3454 5401 μᾶλλον
3470 5324 3726 5381 ἐνταῦθα.

1639 5448 1842 5511 Varia:
1887 5449 2196 5516 lectiones
2239 5462 2300 5515 et
2344 5461 2535 5515 notae.

561 5549 578 5581 ¹
606 5550 696 5605 Ῑσ.
752 5551 1056 5607 αἰτοῦνται.

558 5667 636 5741 (ξ)
659 5666 902 5741 Sifanius
930 5670 1019 5741 hic
1037 5671 1218 5735 vertit,
1255 5671 1429 5736 abiis,
1450 5669 1708 5741 quijuxta
1735 5668 1884 5723 illaut
1917 5671 2054 5724 viam

490 5737 822 5849 ὲρὸίέρὸέιηι,
854 5739 997 5810 quod
1029 5740 1213 5811 legerit
1245 5741 1299 5797 in
1332 5758 1433 5798 suo
1453 5737 1661 5808 codice,
1701 5741 1793 5795 καὶ
1826 5742 1937 5805 τοῖς
1962 5741 2054 5794 ἐπὶ

490 5823 541 5849 εν
560 5824 586 5849 ρ
627 5824 749 5849 ..οηιε

488 5823 586 5876 της
612 5823 752 5860 occa.

2233 5673 2310 5742 (ii)
2354 5672 2505 5747 Apud
2544 5669 2807 5747 Silanium
2831 5684 2928 5738 pro
2966 5668 3166 5747 κρίσις,
3189 5666 3455 5737 judicium
3480 5705 3494 5730 ,
3550 5666 3727 5718 exstat

2163 5740 2413 5813 ἔκρυστςξ
2436 5742 2635 5810 ﬂuxus,
2679 5740 2908 5795 fortasse
2942 5740 3181 5811 rectius.
