4088 6206
435 412 535 477 861

996 423 1001 427 “
1108 414 1650 476 EKPOSiTIONIS
1691 414 1773 476 IN
1814 414 2003 475 ACTA
2042 415 2048 436 '

2149 415 2346 476 XTUS
2379 416 2649 476 ALTER.
2691 442 2753 451 —
2780 406 2942 479 CAP.
2982 419 3061 478 ll.

3596 421 3701 486 862

451 528 767 599 Ἐπλήρωσε
827 527 921 581 τὸν
976 527 1158 598 χορὸν,
1217 527 1310 581 καὶ
1343 527 1617 597 ἀπήρτισε
1666 525 1767 595 τὴν
1788 524 1941 589 τάξιν
1985 524 2048 584 ό,

2149 523 2176 576 Li
2226 523 2411 589 enim,
2460 524 2553 578 ubi
2604 539 2784 594 neque
2833 526 3012 579 oratio
3063 524 3261 591 fiebat,
3314 542 3491 598 neque
3542 526 3700 599 probi

438 621 794 692 ἁναδειχθείς.
847 622 939 674 Δεῖ
966 621 1147 675 τοίνυν
1184 621 1279 674 τὸν
1319 620 1671 692 κληρωθέντα
1726 618 1817 670 τὸν
1853 616 2018 669 τόπον

2154 624 2274 666 rant
2316 614 2565 670 homines
2612 619 2693 685 (ut
2728 633 2893 686 super
2925 616 3108 688 Jona).
3138 618 3299 689 196
3356 620 3492 674 adeo
3520 629 3701 675 tamen

439 716 602 788 ἔχειν,
640 716 699 769 δι)
728 715 1040 787 ἐκληρώθη,
1085 716 1177 769 καὶ
1215 717 1293 787 μὴ
1333 712 1769 776 κατασκευάζειν
1793 708 1969 778 ἑαυτῷ
2000 724 2016 740 ’

440 809 502 861 ού
531 808 640 878 γὰρ
675 808 742 863 ἂν
773 808 861 878 εἴη
892 807 1096 878 κλῆρος
1132 806 1293 861 τοῦτο
1312 822 1328 840 ·
1354 806 1492 876 μήτε
1521 804 1746 873 φεύγειν
1773 801 2015 856 δοθέντα.

441 900 506 954 El
544 901 650 971 γὰρ
674 900 741 954 τὰ
770 899 865 957 τοῦ
905 899 1112 971 κλήρου
1145 898 1333 970 κύρια,
1378 896 1559 966 πολλῷ
1596 895 1796 965 μᾶλλον
1835 893 1900 946 τά
1926 890 2019 943 τοῦ

442 992 601 1058 Θεοῦ,
635 996 766 1047 ὅταν
798 996 826 1048 ὁ
845 994 978 1057 Θεὸς
1005 992 1288 1062 κληρῶσῃ.
1320 991 1410 1043 Δεῖ
1432 990 1490 1042 δὲ
1518 988 1612 1041 καὶ
1648 987 1741 1040 τὸν
1765 983 2024 1038 ποιοῦντα

443 1086 817 1156 ἀπροσπαθῶν
847 1088 867 1118 ²
890 1080 1086 1139 ποιεῖν.
1110 1083 1281 1137 Τοῦτο
1312 1081 1420 1151 γὰρ
1447 1081 1668 1150 κλῆρος,
1709 1077 1782 1146 μὴ
1807 1077 1866 1129 ὃν
1898 1074 2024 1145 βού-

443 1176 595 1229 λεται
616 1175 798 1240 αὐτὸς,
829 1173 947 1229 ἀλλ’
1002 1174 1062 1228 ὃν
1092 1175 1125 1244 ἡ
1160 1174 1320 1243 χάρις
1371 1169 1606 1222 δίδωσιν.
1629 1165 1774 1228 Ἕως
1809 1165 1905 1233 μὲν
1933 1162 2025 1216 οὖν

445 1269 762 1338 Πνεύματος
778 1268 995 1338 ἄμοιροι
1011 1263 1152 1337 ἦσαν
1176 1266 1227 1317 ol
1247 1260 1558 1324 ἀπόστολοι,
1582 1260 1768 1327 κλήρῳ
1791 1257 1857 1309 τὰ
1884 1255 1995 1324 πρά
2015 1283 2027 1294 -

445 1378 634 1428 γμάτα
672 1360 973 1430 ἐπέτρεπον
1000 1375 1014 1390 ο
1065 1357 1298 1427 ὕστερον
1350 1353 1409 1406 δὲ
1450 1352 1542 1406 καὶ
1583 1350 1661 1419 τῷ
1688 1347 1904 1415 πλήθει,
1933 1347 2028 1399 καὶ

341 1482 345 1485 -
444 1452 509 1519 τῇ
546 1449 724 1520 οἰκείᾳ
751 1449 957 1520 χάριτι.
989 1446 1211 1516 Ἐπειδὴ
1242 1443 1299 1497 δὲ
1338 1440 1552 1494 πολλῶν
1610 1440 1782 1493 ὄντων
1820 1437 2028 1499 πάντας

445 1540 780 1610 κληροῦσθαι
804 1542 907 1594 οὐκ
933 1539 1037 1607 ενι,
1070 1538 1297 1600 εἰκότως
1324 1535 1390 1588 ὲκ
1414 1530 1628 1587 πολλῶν
1651 1531 1870 1598 ὀλίγους
1903 1528 2025 1581 ἐπι⁴

446 1629 738 1698 λεγόμεθα.

2123 718 2246 758 sors
2293 705 2500 770 valuit,
2548 709 2693 776 quod
2738 717 2887 762 recta
2938 711 3247 765 intentione
3297 712 3482 779 fieret;
3533 715 3706 767 multo

2123 796 2298 866 magis
2331 796 2422 851 hic
2456 798 2652 853 merito
2686 801 2917 869 replevit
2945 803 3199 865 chorum,
3228 812 3281 856 et
3310 803 3558 859 ordinem
3586 820 3708 873 per-

2124 886 2275 951 fecit,
2308 888 2403 958 qui
2432 890 2535 944 hac
2566 891 2781 946 ratione
2815 901 3153 948 monstratus
3184 894 3304 949 fuit.
3339 894 3520 960 Quare
3543 912 3708 963 opor-

2126 988 2202 1033 tet
2249 995 2693 1053 unumquemque
2745 991 2930 1040 tenere
2995 987 3210 1052 locum,
3261 1003 3423 1057 quem
3477 990 3707 1044 sortitus

2127 1078 2243 1138 est,
2283 1087 2348 1127 ac
2379 1089 2479 1130 uec
2500 1077 2600 1131 sibi
2631 1094 2931 1147 procurare
2981 1079 3111 1142 (non
3136 1080 3279 1132 enim
3314 1095 3436 1135 sors
3461 1078 3512 1134 id
3539 1080 3704 1148 esset)

2131 1178 2232 1218 nec
2274 1165 2527 1235 refugere
2559 1186 2705 1236 eum,
2737 1172 2830 1242 qui
2860 1171 3020 1226 datus
3055 1180 3158 1226 est.
3192 1170 3248 1226 Si
3283 1172 3429 1226 enim
3467 1180 3580 1232 rata
3613 1172 3710 1226 ha-

2129 1254 2328 1310 bentur
2348 1297 2362 1321 ,
2412 1274 2532 1328 qua:
2564 1270 2694 1316 sunt
2721 1278 2750 1316 a
2791 1271 2962 1329 sorte,
2990 1262 3161 1317 multo
3197 1263 3369 1331 magis
3390 1278 3511 1332 quae
3539 1277 3566 1314 a
3601 1261 3710 1315 Deo

2132 1356 2283 1413 sunt,
2320 1363 2417 1403 seu
2449 1366 2573 1406 cum
2612 1355 2753 1409 Deus
2782 1355 2953 1425 eligit.
2989 1354 3227 1410 Necesse
3262 1370 3391 1408 vero
3425 1363 3530 1415 est,
3569 1362 3627 1406 ut
3656 1360 3711 1407 et

2132 1438 2200 1503 is,
2244 1440 2337 1510 qui
2384 1443 2570 1513 eligit,
2619 1444 2671 1499 id
2720 1447 2839 1501 sine
2872 1447 3109 1517 partium
3158 1446 3341 1501 studio
3387 1447 3572 1500 faciat.
3619 1443 3711 1498 Illa

2135 1532 2279 1585 enim
2321 1550 2446 1589 vera
2471 1551 2594 1593 sors
2623 1546 2726 1603 est,
2757 1554 2866 1593 non
2905 1555 3066 1608 quant
3104 1539 3218 1592 vult
3251 1540 3390 1607 ipse.
3421 1536 3513 1591 sed
3548 1551 3709 1606 quam

2138 1623 2310 1690 gratia
2344 1626 2680 1683 moderatur.
2712 1632 2957 1700 Apostoli
2992 1632 3176 1701 igitur,
3214 1638 3508 1698 antequam
3541 1626 3714 1693 Spiri-

451 1737 565 1779 ltltll
590 1734 837 1779 sant-tum
872 1722 1199 1792 reciperent,
1236 1726 1388 1774 sorte
1421 1718 1640 1787 negotia
1677 1712 2135 1769 administrabant
2163 1730 2178 1769 ζ
2211 1726 2398 1784 ροςιείι
2459 1737 2588 1777 vero
2626 1732 2679 1777 cl
2717 1722 3101 1784 multitudine,
3172 1730 3226 1776 et
3294 1718 3516 1791 propria
3588 1722 3716 1787 gra‘

452 1824 545 1875 t'a.
598 1818 867 1886 Quoniam
912 1832 1082 1886 vero,
1128 1816 1358 1888 quando
1405 1811 1564 1867 multi
1609 1819 1740 1866 sunt
1767 1849 1784 1875 ,
1844 1819 2036 1864 omnes
2072 1818 2219 1864 sorte
2244 1815 2494 1885 accipere
2528 1834 2636 1874 non
2669 1820 2818 1883 licet,
2849 1819 2978 1875 hinc
3008 1826 3153 1873 recte
3185 1832 3252 1873 ex
3328 1815 3514 1871 multis
3580 1828 3716 1884 pan-

456 1929 555 1971 cos
588 1913 890 1980 seligitnus.

1055 1999 1311 2054 ΚΕΦᾹΛ.
1351 1995 1429 2052 Γ.

453 2095 594 2165 Περὶ
624 2093 736 2163 τῆς
773 2094 939 2159 θείας
978 2094 1086 2149 τοῦ
1114 2094 1287 2164 ἁγίου
1331 2092 1679 2162 Πνεύματος
1734 2080 2035 2156 ἐπιφοιτήο

524 2205 684 2255 σεως
716 2187 792 2256 τῇ
828 2185 1019 2256 ἡμέρᾳ
1046 2184 1175 2255 ’τῆς
1223 2182 1658 2258 Πεντηκοστῆς
1710 2178 2037 2254 γενομένης

529 2282 616 2349 είς
644 2279 787 2347 τοὺς
814 2278 1219 2345 ἀποστόλους.

835 2368 1095 2439 Κυριακὴ
1119 2370 1221 2435 τῆς
1263 2364 1669 2439 Πεντηκοστῆς.

1055 2456 1448 2521 KEIMENON.

531 2553 639 2610 Kal
667 2556 727 2608 ἐν
751 2552 830 2624 τῷ
863 2549 1318 2622 συμπληροῦσθαι
1343 2549 1443 2620 τὴν
1473 2547 1690 2619 ἡμέραν
1706 2547 1807 2617 τῆς
1834 2547 2040 2612 ΠενττΓ

462 2651 688 2719 κοστῆς,
724 2641 864 2718 ἦσαν
906 2644 1145 2706 ἅπαντες
1177 2641 1227 2696 οἱ
1257 2640 1549 2696 ἀπόστολοι
1577 2639 1925 2712 ὁμοθυμαδὸν
1949 2637 2043 2690 ἐπὶ

464 2740 524 2795 τὸ
554 2738 706 2793 αύτδ.
737 2737 850 2791 Kal
890 2736 1108 2806 ἐγένετο
1167 2733 1325 2804 ἄφνω
1370 2735 1435 2787 ὲκ
1466 2732 1562 2787 τοῦ
1615 2732 1848 2804 ούρανοῦ
1885 2725 2038 2800 ἦχος.

464 2830 655 2901 ὥσπερ
708 2828 1017 2900 φερομένης
1068 2827 1237 2895 πνοῆς
1287 2822 1490 2895 βιαίας.
1557 2824 1670 2879 Καὶ
1725 2821 2044 2893 ἐπλήρωσεν

465 2923 588 2978 ὅλον
619 2922 712 2975 τὸν
759 2919 906 2974 οἷκον
965 2910 1027 2973 οὗ
1055 2915 1194 2990 ἦσαν
1240 2918 1566 2990 καθήμενοι.
1634 2916 1742 2969 Kal
1781 2913 2044 2982 ὤφθησαν

467 3018 650 3080 αὐτοῖς
673 3012 1117 3086 διαμεριζόμενοι
1140 3011 1386 3081 γλῶσσαι
1410 3011 1542 3065 ὡσεὶ
1569 3008 1760 3079 πυρός.
1790 3006 2043 3061 Ἐκάθισέ

469 3128 528 3166 τε
570 3113 654 3179 ἐφ’
684 3110 783 3163 ἕνα
813 3109 1047 3162 ἕκαστον
1080 3105 1283 3160 αὐτῶν.
1322 3105 1437 3158 Kal
1488 3102 1843 3172 ἐπλήσθησαν
1873 3101 2045 3154 ἄπαν-

469 3220 561 3267 τες
593 3201 911 3270 Πνεύματος
946 3198 1125 3266 ἁγίου,
1181 3194 1276 3250 καὶ
1326 3194 1562 3265 ἤρξαντο
1611 3192 1796 3245 λαλεῖν
1825 3190 2044 3259 ἑτέραις

468 3296 765 3364 γλώσσαις,
803 3289 985 3352 καθὼς
1009 3288 1071 3342 τὸ
1097 3286 1323 3357 Πνεῦμα
1353 3284 1525 3338 ἐδίδου
1556 3284 1740 3344 αὐτοῖς
1763 3278 2046 3347 ἀποφθέγ-
2071 3321 2115 3383 C

468 3384 681 3455 γεσθαι.
712 3378 895 3437 Ἦσαν
921 3379 977 3434 δὲ
999 3380 1056 3433 ὲν
1092 3377 1456 3450 Ἰερουσαλὴμ
1498 3373 1876 3434 κατοικοῦντες
1906 3372 2044 3423 Ἰου-

468 3479 609 3533 δαῖοι
671 3475 863 3546 ἄνδρες
904 3472 1150 3535 εὐλαϐεῖς
1206 3470 1316 3526 ἀπὸ
1359 3467 1560 3532 παντὸς
1594 3466 1782 3530 ἔθνους
1804 3464 1913 3516 τῶν
1944 3463 2047 3515 {me

469 3570 563 3624 τὸν
589 3566 839 3639 οὐρανόν.
866 3564 1173 3634 Γενομένης
1203 3562 1258 3615 δὲ
1302 3563 1401 3632 τῆς
1423 3563 1606 3630 φωνῆς
1657 3558 1882 3627 ταύτης,
1925 3574 2051 3610 συν-

472 3657 676 3728 ῆλθε’τὸ
693 3655 914 3727 πλῆθος,
943 3655 1036 3707 καὶ
1063 3651 1351 3722 συνεχύθη,
1380 3652 1461 3705 ὅτι
1484 3650 1685 3722 ἤκουον
1710 3642 1791 3711 εἷς
1821 3647 2050 3709 ἕκαστος

475 3755 545 3823 τῇ
588 3750 694 3821 ἰδίᾳ
735 3747 1001 3819 διαλέκτῳ
1058 3744 1365 3804 λαλούντων
1411 3745 1611 3798 αὐτῶν.
1650 3742 1964 3807 Ἐξίσταντο
1993 3738 2051 3791 δὲ

476 3844 699 3907 πάντες,
733 3840 832 3894 καὶ
853 3839 985 3893 ὲθαύ
995 3837 1164 3910 μαζον
1186 3837 1438 3905 λέγοντες
1456 3835 1594 3905 πρὸς
1621 3832 1885 3904 ἀλλήλους
1903 3847 1915 3861 ·
1937 3831 2051 3885 Οὐκ

480 3935 589 3989 ίδοὺ
619 3934 821 3995 πάντες
844 3924 991 3985 οὗτοί
1016 3932 1155 3984 εἰσιν
1187 3930 1237 3982 oi
1270 3927 1561 3989 λαλοῦντες
1589 3924 1859 3977 Γαλιλαῖοι
1883 3942 1899 3991 ς
1938 3923 2053 3976 Kal

478 4024 598 4090 πῶς
631 4026 793 4097 ἡμεῖς
821 4021 1339 4094 άκούομενὲκαστος
1360 4021 1426 4091 τῇ
1465 4018 1572 4088 ίδίᾳ
1603 4016 1870 4085 διαλέκτῳ
1897 4015 2054 4085 ἡμῶν

476 4121 536 4174 ὲν
638 4115 1046 4188 ὲγεννήθημενς
1096 4113 1338 4184 Πάρθοι,
1377 4113 1474 4166 καὶ
1512 4111 1724 4179 Μῆδοι,
1764 4110 1862 4163 καὶ
1900 4107 2057 4161 Ἐλα-

482 4214 655 4283 μῐται,
713 4212 810 4265 καὶ
862 4210 912 4264 οί
978 4205 1363 4270 κατοικοῦντες
1410 4204 1511 4276 τὴν
1571 4201 2051 4273 Μεσοποταμίαν,

490 4304 750 4363 Ἰουδαίαν
775 4320 837 4357 τε
872 4301 968 4357 καὶ
1021 4298 1444 4362 Καππαδοκίαν,
1492 4298 1693 4351 Πόντον
1722 4314 1782 4349 τε
1818 4296 1915 4349 καὶ
1958 4295 2057 4364 τὴν

492 4394 705 4457 Ἀσίαν,
728 4394 973 4465 Φρυγίαν
997 4408 1058 4446 τε
1103 4391 1199 4445 καὶ
1242 4388 1593 4460 Παμφυλίαν,
1633 4389 1930 4457 Αίγυπτον,
1963 4385 2057 4438 καὶ

480 4487 553 4547 τὰ
578 4487 718 4557 μέρη
749 4487 847 4556 τῆς
874 4484 1082 4554 Λισύης
1113 4484 1214 4554 τῆς
1244 4483 1385 4536 κατὰ
1423 4482 1703 4554 Κυρήνην,
1736 4481 1833 4535 καὶ
1870 4479 2059 4557 ἐπιδη-

488 4553 718 4648 μοῦντες
783 4553 1075 4646 Ῥωμαῖοι,
1116 4553 1360 4629 Ἰουδαῖοί
1428 4591 1489 4627 τε
1531 4574 1627 4629 καὶ
1674 4553 2054 4644 προσήλυτοι,

484 4673 724 4743 Κρῆτες,
772 4672 867 4723 καὶ
898 4668 1163 4737 ιἌραϐες,
1187 4667 1463 4739 ἀκούομεν
1516 4665 1822 4721 λαλούντων
1878 4665 2058 4719 αὐτῶν
2095 4668 2136 4724 D

483 4769 602 4830 ταῖς
624 4766 921 4838 ἡμετέραις
946 4763 1225 4836 γλώσσαις
1246 4764 1314 4816 τὰ
1352 4762 1612 4833 μεγαλεῖα
1639 4761 1734 4816 τοῦ
1757 4760 1917 4816 Θεοῦ.

1083 4854 1466 4908 EPMHNEIA.

561 4949 840 5012 Τουτέστι,
869 4946 981 5020 [ού]
1013 4946 1118 5019 πρὸ
1146 4945 1247 5015 τῆς
1278 4944 1678 5015 Πεντηκοστῆς,
1712 4943 1894 5016 [ἀλλὰ]
1929 4944 2058 5015 περλ¹

490 5038 682 5103 αὐτὴν,
714 5040 788 5101 ὡς
812 5041 1007 5102 εἰπεῖν,
1041 5038 1142 5109 τὴν
1171 5038 1362 5109 ἑορτήν
1385 5036 1585 5090 ’.Ἔδει
1607 5037 1715 5107 γὰρ
1743 5037 1936 5108 ἑορτῆς
1969 5036 2061 5090 οὕ-

466 5198 469 5199 ,
494 5145 593 5197 σης
631 5129 803 5181 ταῦτα
830 5128 1095 5195 γίνεσθαι,
1124 5127 1211 5181 ἵνα
1236 5127 1285 5179 οί
1313 5127 1578 5195 παρόντες
1605 5125 1684 5197 τῷ
1723 5126 1940 5198 σταυρῷ
1966 5126 2059 5180 τοῦ

490 5220 731 5291 Χριστοῦ
776 5221 938 5274 πάλιν
1002 5222 1098 5273 καὶ
1136 5217 1310 5272 ταῦτα
1365 5219 1567 5271 ἴδωσιν.
1611 5219 1829 5289 Ἐπειδὴ
1883 5220 2063 5273 τοίνυν

489 5309 548 5362 ιν
669 5308 855 5378 ἡμέρᾳ
884 5309 983 5378 τῆς
1007 5305 1387 5376 Πεντηκοστῆς
1440 5306 1594 5376 ἐδόθη
1627 5309 1655 5360 ὁ
1689 5307 1854 5377 νόμος
1876 5311 1903 5361 ὁ
1959 5325 2061 5361 παι

489 5400 665 5467 λαιός,
699 5399 819 5453 κατ’
846 5398 1015 5469 αὐτὴν
1043 5397 1149 5451 ἔδει
1180 5398 1399 5465 δοθῆναι
1436 5398 1535 5465 τὴν
1566 5398 1658 5450 τοῦ
1694 5400 1850 5466 ἁγίου
1885 5401 2060 5454 Πνεύ-

491 5508 660 5562 ματος
691 5491 892 5561 χάριν·
946 5490 1042 5542 καὶ
1097 5487 1184 5540 ἵνα
1228 5487 1415 5556 δειχθῇ
1477 5488 1779 5559 ἀδιαίρετος
1811 5493 1844 5557 ἠ
1900 5490 2060 5559 φύσις

488 5586 588 5656 τῆς
613 5584 963 5644 ὑποστάσεως
982 5581 1084 5651 τῆς
1112 5579 1319 5650 θεῖκῆς,
1359 5581 1418 5633 ὲν
1448 5580 1654 5653 Παλαιᾷ
1684 5585 1777 5638 καὶ
1798 5585 1936 5654 Νέᾳ,
1969 5587 2063 5636 καὶ

488 5675 772 5747 διαφόροις
796 5675 1008 5747 χρόνοις
1030 5671 1158 5743 μίαν
1217 5671 1561 5743 ἐργαζομένη
1596 5676 1693 5734 τὴν
1745 5678 2067 5745 συμφωνίαν

2064 1987 2112 2049 Β
2134 2000 2137 2011 .

2723 1996 2950 2053 CAPUT
2992 1993 3084 2052 lll.

2139 2089 2217 2145 De
2248 2092 2427 2146 divino
2479 2092 2714 2161 Spiritu:
2770 2091 2952 2144 sancti
3012 2092 3068 2143 in
3142 2089 3412 2159 apostolos
3463 2086 3715 2140 descensu

2694 2180 2782 2234 die
2812 2178 3166 2235 Pentecosm.

2590 2347 2872 2405 Dominica
2903 2349 3272 2404 Pentecostes.

2770 2453 3073 2509 TEXTUS.

2214 2551 2278 2614 ll,
2308 2551 2459 2605 i-il.
2493 2548 2555 2603 Et
2584 2564 2707 2601 cum
2747 2548 3157 2617 complerentur
3177 2544 3293 2599 dies
3324 2542 3680 2598 Pentecostes
3701 2580 3717 2605 ,

2144 2652 2301 2699 erant
2346 2657 2535 2696 omnes
2575 2642 2777 2710 pariter
2811 2640 2862 2694 in
2895 2638 3084 2695 eodem
3123 2637 3265 2692 loco.
3309 2634 3376 2689 Et
3414 2632 3592 2689 factus
3638 2640 3722 2686 cst

2144 2745 2370 2804 repente
2388 2734 2454 2786 de
2482 2734 2623 2787 ('on
2642 2747 2830 2793 sonus,
2845 2740 3104 2800 tanquam
3132 2726 3474 2783 advenientis
3496 2723 3724 2793 spiritus

2145 2824 2507 2886 vehementis,
2544 2833 2598 2877 et
2622 2822 2850 2886 replevit
2883 2829 3050 2873 totam
3081 2818 3303 2872 domum
3337 2816 3427 2871 ubi
3453 2823 3611 2869 erant
3633 2828 3723 2867 se-

2146 2918 2361 2973 dentes.
2389 2915 2455 2969 Et
2494 2926 2862 2985 apparuerunt
2903 2914 3012 2967 illis
3047 2910 3349 2981 dispertita:
3374 2908 3572 2977 lingua:
3604 2914 3725 2958 tan~

2146 3027 2311 3080 quam
2363 3010 2539 3077 ignis,
2587 3006 2837 3077 seditque
2881 3021 3046 3072 supra
3100 3002 3346 3073 singulos
3401 3013 3613 3054 eorum.
3660 2995 3727 3049 Et

2146 3102 2337 3170 repleti
2390 3109 2517 3155 sunt
2569 3113 2761 3153 omnes
2810 3097 3019 3167 Spiritu
3066 3103 3294 3155 sancto,
3344 3099 3400 3145 et
3443 3094 3728 3157 cu-peruut

2148 3194 2298 3263 loqui
2335 3191 2502 3246 variis
2543 3190 2777 3260 linguis,
2824 3198 2987 3258 prout
3029 3186 3272 3256 Spiritus
3306 3187 3532 3235 sanctus
3559 3177 3727 3233 dabat

2148 3285 2331 3356 eloqui
2370 3285 2499 3341 illis.
2543 3284 2716 3338 Erant
2755 3292 2937 3335 autem
2972 3279 3027 3333 in
3066 3276 3378 3332 Jerusalem
3415 3271 3726 3327 habitantes

2148 3374 2346 3440 Judaei,
2385 3374 2485 3428 viri
2516 3371 2758 3443 religiosi
2787 3387 2853 3426 ex
2885 3370 3033 3424 omni
3069 3368 3290 3422 natione
3311 3380 3432 3436 qua:
3457 3362 3561 3418 sub
3584 3361 3726 3417 coelo
3773 3385 3780 3392 -

2149 3476 2256 3525 est.
2281 3467 2444 3521 Facta
2480 3464 2805 3520 autem-hac
2851 3478 2984 3518 voce.
3042 3460 3296 3516 convenit
3325 3454 3636 3519 multitudo,
3672 3461 3726 3510 et

2150 3568 2332 3615 mente
2356 3559 2587 3614 confusa
2622 3568 2737 3624 est,
2768 3555 3025 3626 quoniam
3058 3551 3318 3607 audiebat
3347 3547 3726 3617 unusquisque

2150 3654 2333 3725 lingua
2365 3667 2462 3706 sua
2489 3651 2612 3705 illos
2636 3652 2941 3718 loquentes.
2969 3645 3270 3715 Stupebant
3301 3651 3480 3696 autem
3539 3653 3728 3694 omnes

2151 3750 2207 3800 et
2239 3742 2614 3806 mirabantur,
2657 3740 2905 3795 dicentes
2934 3756 2947 3791 :
2984 3734 3177 3789 Nonne
3216 3747 3346 3789 ecce
3381 3746 3573 3785 omnes
3609 3729 3725 3791 isti,

2152 3835 2246 3908 qui
2288 3835 2616 3904 loquuntur,
2648 3828 2855 3886 ϐειιίιωὶ
2890 3827 3044 3884 sunt?
3085 3826 3148 3879 Et
3185 3822 3461 3892 quomodo
3490 3836 3592 3875 nos
3625 3836 3727 3872 an-

2154 3928 2396 3984 divimus
2430 3921 2812 3992 unusquisque
2840 3919 3077 3988 linguam
3111 3923 3379 3973 nostram,
3403 3913 3456 3965 in
3484 3926 3592 3980 qua
3617 3908 3728 3962 uati

2158 4018 2397 4077 sumus?
2424 4013 2615 4070 Parthi
2645 4053 2661 4078 ,
2688 4020 2741 4067 et
2773 4010 2939 4071 Medi,
2973 4016 3027 4063 et
3060 4006 3329 4065 Elamitte,
3362 4011 3417 4055 et
3449 4000 3542 4069 qui
3575 3998 3731 4053 babi-

2158 4123 2279 4172 tant
2365 4110 2857 4181 Mesopotamiam,
2904 4104 3147 4159 Judaeam
3200 4108 3253 4155 et
3303 4093 3727 4167 Cappadociam,

2156 4209 2391 4263 Pontum
2464 4214 2517 4259 et
2565 4187 2809 4260 Asiam:
2845 4197 3135 4268 Phrygiam
3199 4197 3255 4245 et
3337 4183 3729 4254 Pamphyliam,

2158 4297 2453 4368 Egyptum
2490 4302 2544 4350 et
2574 4301 2757 4364 partes
2794 4288 2973 4359 Libya:
3000 4299 3123 4356 quae
3158 4290 3243 4337 est
3272 4282 3418 4336 circa
3457 4277 3729 4347 Cyrenen,

2160 4394 2214 4443 et
2236 4388 2459 4442 advena:
2494 4383 2743 4438 Romani.
2777 4379 2948 4434 Judaei
3005 4390 3221 4446 quoque
3264 4380 3318 4428 ct
3354 4369 3510 4440 197
3545 4380 3734 4436 prose-

2161 4477 2287 4549 lyti,
2317 4476 2536 4537 Cretes,
2579 4483 2634 4529 et
2688 4472 2897 4525 Arabes
2946 4487 2961 4524 :
2998 4466 3251 4522 audimus
3294 4476 3390 4519 eos
3452 4461 3737 4528 loquentes

2163 4571 2370 4628 nostris
2398 4567 2602 4639 linguis
2632 4564 2900 4636 :nagualia
2942 4561 3058 4616 Dei.

2665 4828 3234 4893 COMMENTARIUS.

2243 4941 2356 4996 Hoc
2388 4946 2490 4999 est,
2522 4949 2630 4990 non
2662 4940 2787 4985 ante
2819 4946 2838 4980 ι
2868 4928 3249 4987 Pentecosten,
3305 4939 3325 4974 ι
3361 4918 3454 4977 sed
3485 4918 3627 4975 circa
3653 4918 3741 4986 ip.

2171 5051 2310 5101 sam,
2346 5044 2405 5088 ut
2433 5031 2508 5084 ita
2549 5026 2749 5088 dicam,
2778 5020 3154 5076 festivitatem,
3216 5014 3451 5069 Docebat
3484 5015 3650 5073 enim,
3686 5020 3744 5063 nt

2172 5132 2276 5186 ista
2312 5125 2507 5182 festivo
2547 5130 2795 5188 tempore
2828 5113 3229 5183 contingerent,
3272 5116 3331 5162 nt
3398 5106 3490 5175 qui
3537 5102 3742 5158 Christi

2174 5215 2516 5278 (ξιιιοίίὶχὶοηί
2562 5219 2858 5282 praesentes
2908 5206 3143 5265 fuerant.
3177 5205 3285 5257 ista
3331 5210 3546 5268 quoque
3591 5193 3745 5246 vidc-

2176 5322 2315 5369 rent.
2347 5306 2616 5377 Quoniam
2645 5305 2812 5375 igitur
2848 5300 2936 5354 die
2964 5298 3320 5353 Peutecostes
3352 5291 3433 5342 lex
3470 5294 3628 5340 vetus
3659 5290 3745 5337 est

2173 5408 2321 5467 data,
2348 5413 2652 5472 congruum
2689 5403 2830 5462 erat,
2864 5402 2923 5448 ut
2953 5388 3141 5444 eadem
3185 5384 3272 5437 die
3297 5379 3537 5446 Spiritus
3569 5376 3742 5431 sancti

2174 5497 2350 5570 gratia
2379 5468 2602 5549 daretur
2629 5506 2645 5543 :
2677 5504 2740 5542 ac
2768 5491 3029 5555 praeterea
3061 5486 3118 5533 ut
3165 5474 3361 5531 divinae
3391 5478 3582 5525 natura
3615 5468 3743 5566 sub-

2168 5555 2383 5645 stantiae
2408 5580 2789 5641 ostenderetur
2825 5571 3099 5628 indivisa:
3136 5567 3336 5638 quippe
3364 5578 3485 5633 qua:
3537 5569 3647 5613 tum
3682 5555 3738 5610 iu

2175 5677 2375 5741 Veteri,
2411 5685 2525 5729 tum
2560 5671 2613 5725 in
2642 5666 2793 5723 Novo
2830 5662 3080 5729 Fcedere,
3115 5675 3175 5716 ae
3201 5655 3435 5715 diversis
3484 5647 3744 5722 tempori-

1656 5794 1855 5855 Varize
1905 5795 2210 5860 lectiones
2255 5800 2315 5857 et
2361 5796 2547 5852 notio.

561 5893 584 5927 "
612 5894 699 5950 ιον.
745 5892 1127 5968 ἀπροσπαθῶς.
1208 5893 1227 5925 ³
1256 5894 1657 5965 Πεντηκοστήν.
