4088 6206
369 394 477 457 863
1285 387 1861 448 THEOPHYLACTI
1902 389 2094 450 BUI.G
2105 393 2148 449 Α
2161 391 2206 449 R
2219 392 2239 449 l
2252 391 2312 450 RE
2355 393 2558 451 ARCl-I
2571 392 2588 450 l
2602 393 2713 453 ΕΡ.
3505 386 3609 450 864

370 511 494 572 bus,
533 506 830 577 perfectum
866 502 1031 558 cllicit
1076 502 1384 558 divinorum
1433 503 1778 558 oraculorum
1811 519 1984 596 ron-1

1998 507 2150 596 γτῶν
2181 507 2338 559 θείων
2373 507 2566 574 λόγων.
2605 507 2817 576 Ὠσπερ
2857 504 2963 575 γὰρ
2995 507 3022 558 ὁ
3051 505 3244 574 Σωτὴρ
3291 503 3500 575 μέλλων
3552 506 3612 557 τὸ

371 609 604 656 centum.
622 595 1088 664 Quemadmodum
1111 596 1253 652 enim
1283 595 1533 650 Salvator
1551 606 1776 650 mortem
1804 597 1908 650 sub
1925 628 1937 636 -

2005 595 2008 596 ν
2048 600 2214 661 πάθος
2246 599 2534 662 ἐπιτελεῖν,
2566 599 2686 652 καθ’
2718 598 2776 650 ὃν
2811 598 2998 667 καιρδν
3026 596 3216 649 ἐθύετο
3245 598 3304 649 τὸ
3341 597 3613 667 πρόϐατον

370 692 568 757 iturus,
624 705 689 745 eo
740 698 982 758 tempore
1042 689 1151 760 pati
1223 690 1412 753 voluit,
1453 707 1562 760 quo
1605 705 1777 759 agnus
1825 708 1939 742 ma-

2045 691 2225 752 τοῦτο,
2260 693 2541 761 ἠνέσχετο,
2577 693 2662 744 ἵνα
2725 691 2802 760 τῷ
2859 691 3006 754 αὐτῷ
3055 689 3211 760 τύπῳ
3259 689 3472 761 συνάψῃ
3520 691 3613 759 τὴν

370 784 506 838 ctari
539 791 594 838 et
619 781 800 838 oﬂ'erri
829 781 1061 848 solebat,
1090 791 1150 835 ut
1189 782 1294 851 ipsi
1315 792 1438 852 typo
1477 783 1826 851 Conjttngeret
1851 799 1932 832 ve-

2047 784 2343 851 ἀλήθειαν·
2391 784 2533 836 οὕτω
2568 785 2663 836 καὶ
2703 786 2734 850 ἡ
2786 782 2884 835 τοῦ
2940 783 3098 850 ἁγίου
3151 781 3465 850 Πνεΰματος
3497 784 3615 834 sm-

372 879 626 940 ritatem;
673 875 754 930 sic
794 883 846 927 et
875 873 1116 942 Spiritus
1152 874 1326 927 sancti
1385 875 1652 927 adventus
1707 889 1794 933 eo,
1832 889 1940 940 quo

2047 874 2320 942 φοίτησις,
2352 875 2472 927 καθ’
2499 875 2557 926 ὃν
2605 875 2794 942 καιρὸν
2823 874 2976 940 ὲδόθη
3003 875 3031 925 δ
3057 873 3218 940 νόμος
3260 873 3498 938 ἐγένετο,
3528 873 3615 924 ἵνα

373 968 453 1021 lex
479 968 602 1021 data
633 973 739 1030 est,
762 973 1004 1034 tempore
1033 964 1289 1032 contigit.
1324 970 1382 1017 ut
1413 965 1586 1033 palam
1633 963 1808 1025 ﬁeret,
1830 964 1940 1016 sic-

2045 967 2254 1037 δειχθῇ,
2287 969 2367 1022 ὅτι
2405 969 2500 1020 καὶ
2533 968 2653 1020 τότε
2677 969 2772 1020 καὶ
2805 966 2898 1018 νῦν
2930 966 2990 1018 τδ
3018 967 3168 1032 ἆγιον
3193 963 3416 1034 Πνεῦμα
3456 981 3614 1030 νομο-

307 1117 322 1138 I
370 1060 446 1114 uti
486 1057 773 1113 Mosaicam
807 1057 978 1127 legem
1006 1097 1022 1122 ,
1077 1057 1148 1110 ita
1182 1065 1234 1112 et
1262 1055 1635 1125 Evangelicam
1672 1071 1701 1109 a
1734 1055 1918 1122 Spit‘itt

2047 1058 2212 1113 θετεῖ.
2244 1058 2438 1120 Καλῶς
2463 1059 2517 1113 δὲ
2547 1059 2644 1111 τὸν
2675 1056 2805 1128 ἦχον
2836 1060 2900 1109 ἐκ
2929 1058 3022 1111 τοῦ
3072 1056 3304 1126 οὐρανοῦ
3358 1055 3611 1122 γενέσθαι

373 1159 563 1204 sancto
613 1163 754 1204 esse.
801 1148 968 1202 Recte
1021 1144 1200 1202 autem
1234 1166 1253 1199 ι
1291 1163 1486 1203 sonum
1535 1147 1602 1199 de
1650 1145 1792 1199 etnlo
1853 1146 1938 1198 fa-

2047 1151 2180 1220 φησί
2206 1167 2219 1181 ο
2252 1151 2439 1220 ἐπειδὴ
2465 1151 2558 1204 καὶ
2583 1151 2702 1203 τότε
2739 1151 2770 1217 ἡ
2804 1151 2954 1218 φωνὴ
2991 1148 3082 1200 τοῦ
3113 1147 3248 1200 Θεοῦ
3279 1149 3336 1201 ἐν
3362 1147 3440 1216 τῷ
3496 1149 3613 1218 δρει

373 1251 522 1295 ctum
555 1257 680 1297 esse
743 1260 761 1291 ι
817 1242 923 1304 ait;
982 1240 1420 1309 quandoquidem
1471 1247 1524 1293 et
1569 1254 1671 1292 vox
1743 1237 1832 1292 Dei
1885 1237 1938 1291 in

2048 1244 2112 1296 ἐκ
2138 1242 2230 1296 τοῦ
2277 1241 2508 1312 οὐρανοῦ
2566 1240 2803 1306 ἐγένετο,
2840 1240 2933 1292 καὶ
2976 1239 3096 1291 τότε
3159 1255 3178 1288 ι
3207 1237 3317 1306 πῦρ
3363 1238 3555 1305 ἐφάνη,
3591 1257 3607 1286 ι

371 1341 552 1384 monte
573 1330 639 1386 de
666 1331 804 1384 ecelo
844 1329 984 1384 facta
1030 1339 1112 1383 est
1146 1331 1228 1384 ¹⁰ι
1273 1339 1326 1384 et
1357 1339 1486 1384 tunc
1538 1349 1556 1381 ι
1597 1329 1736 1398 ignis
1771 1343 1938 1398 appa-

2047 1335 2134 1388 ἵνα
2164 1333 2528 1404 καὶήάρχαία
2552 1332 2672 1401 ὄψις
2702 1331 2851 1401 δείξῃ
2883 1331 3042 1383 αὑτὸν
3074 1329 3226 1388 Θεὸν,
3255 1329 3345 1380 καὶ
3378 1328 3495 1380 τότε
3521 1329 3613 1378 καὶ

369 1424 477 1477 ruit
507 1425 548 1455 ”
580 1443 598 1476 ι
635 1432 692 1477 ιιι
721 1425 883 1478 etiam
914 1424 1133 1492 antiqua
1166 1423 1303 1478 visio
1343 1422 1590 1476 eumdem
1649 1430 1700 1476 et
1729 1432 1856 1476 tunc
1886 1429 1940 1476 et

2045 1428 2141 1480 νῦν
2169 1427 2616 1495 ἐπιφοιτήσαντα.
2660 1443 2678 1476 ι
2721 1423 2861 1475 Ὠσεὶ
2895 1422 3061 1489 πυρὸς
3091 1441 3110 1474 ο
3148 1421 3223 1484 δὲ,
3277 1419 3443 1488 φησὶ,
3478 1419 3614 1488 μετὰ

368 1515 530 1570 modo
593 1515 848 1570 advenire
905 1515 1325 1570 demonstraret.
1370 1531 1388 1565 ι
1421 1516 1701 1579 Tanquam
1733 1513 1873 1582 ignis
1915 1532 1932 1564 ι

2055 1519 2373 1589 προσθήκης
2399 1518 2517 1581 τοῦ,
2544 1518 2643 1582 ὡς,
2677 1518 2766 1570 ἵνα
2823 1516 2992 1586 μηδὲν
3047 1514 3311 1582 αἰσθητὸν
3340 1512 3470 1580 περὶ
3518 1511 3612 1563 τοῦ

368 1621 497 1660 vero
527 1606 620 1670 ait,
657 1607 836 1660 addita
896 1607 1107 1661 scilicet
1135 1605 1397 1672 particula
1432 1623 1450 1656 ι
1500 1613 1779 1674 tanquam,
1817 1623 1835 1656 ι
1874 1618 1940 1658 ne

2047 1611 2365 1680 ῐΙνεὺματος
2392 1612 2586 1684 νομίσῃ
2621 1626 2736 1674 τις·
2777 1612 2870 1663 καὶ
2906 1630 2922 1661 ι
2963 1609 3096 1660 ὡσεὶ
3136 1606 3269 1676 πνοή
3301 1622 3316 1636 ⁸
3349 1625 3367 1658 ι
3405 1605 3466 1658 οὐ
3506 1605 3613 1674 γὰρ

369 1712 686 1765 corporeum
735 1696 1033 1765 quidquam
1065 1698 1130 1751 de
1181 1695 1386 1764 Spiritu
1421 1705 1608 1749 saneto
1669 1694 1936 1766 suspicari

2047 1699 2246 1768 ἄνεμος
2273 1694 2360 1769 ἦν.
2398 1717 2418 1750 ι
2449 1699 2698 1752 Ἐκάθισὲ
2755 1716 2814 1751 τε
2844 1737 2857 1758 ,
2890 1717 2908 1749 ι
2954 1697 3200 1750 τουτέστι
3258 1695 3612 1764 παρέμεινεν.

367 1789 490 1855 quis
513 1794 714 1856 posset.
767 1789 853 1840 Ait
873 1787 1059 1848 etiam,
1097 1807 1115 1838 ι
1175 1794 1431 1856 tanquam
1477 1788 1746 1856 Spiritus:
1788 1805 1806 1837 ι
1845 1801 1940 1839 ne-

2048 1793 2488 1848 ὲπανεπαύσατο.
2539 1794 2612 1846 Τὸ
2651 1794 2762 1862 γὰρ
2813 1790 3037 1846 καθίσαι
3088 1788 3184 1842 τοῦ
3228 1787 3440 1857 ἑδραῖον
3499 1786 3613 1838 ἐστὶ

372 1896 474 1948 que
505 1880 647 1933 enim
698 1886 890 1932 ventus
929 1885 1068 1932 erat.
1129 1895 1147 1928 ι
1205 1877 1481 1946 Seditque,
1517 1883 1653 1933 thoe
1707 1891 1790 1935 est
1820 1897 1941 1950 per-
1975 1898 1986 1952 ι

1996 1901 2014 1952 3
2048 1884 2402 1953 σημαντικὸν,
2462 1884 2556 1936 καὶ
2591 1882 2684 1936 τοῦ
2727 1883 2929 1951 μεῖναι.
2960 1880 3074 1933 Οὐκ
3108 1880 3202 1933 ἐπὶ
3249 1879 3376 1939 τοὺς
3408 1875 3610 1930 δώδεκα

371 1972 589 2035 mansit,
629 1971 914 2041 requievit.
957 1989 974 2020 ι
1038 1971 1239 2025 Sedere
1282 1990 1300 2023 ι
1349 1973 1492 2026 enim
1551 1973 1860 2028 ﬁrmitatem
1887 1983 1942 2028 et

2047 1977 2229 2046 μόνον,
2262 1976 2398 2030 ἀλλὰ
2436 1975 2531 2028 καὶ
2561 1977 2651 2028 ἐπὶ
2678 1975 3210 2043 τοὺςὲϐδομήκοντα,
3244 1971 3336 2024 καὶ
3373 1972 3464 2022 ἐπὶ
3500 1969 3606 2024 ys}:

374 2065 806 2140 permanentiam
839 2065 1083 2119 denotat.
1109 2063 1224 2118 Non
1258 2073 1437 2119 autem
1469 2081 1628 2134 supra
1653 2065 1939 2120 duodecim

2051 2088 2070 2120 ι
2097 2069 2290 2122 ἑκατὸν
2311 2069 2481 2122 είκοσι
2505 2088 2522 2120 ι
2558 2069 2617 2121 τὸ
2645 2067 2870 2133 Πνεῦμα
2903 2064 3341 2120 ὲπανεπάυσατο.
3379 2062 3489 2115 Οὐκ
3523 2061 3613 2113 ἐπὶ

373 2163 604 2216 tantum,
643 2156 736 2208 sed
785 2154 950 2208 etiam
1005 2170 1170 2225 supra
1213 2156 1559 2225 septuaginta
1617 2156 1938 2225 discipulos,

2043 2159 2139 2213 τοῦ
2172 2160 2441 2229 στόματος
2493 2159 2550 2211 δὲ
2585 2158 2832 2223 ἐδέξαντο
2947 2157 3046 2220 τὰς
3083 2155 3354 2224 γλώσσας,
3382 2153 3494 2207 ἀλλ’
3523 2153 3613 2204 ἐπὶ

371 2242 500 2309 quin
558 2256 722 2307 supra
755 2241 1000 2310 singulos
1063 2260 1083 2293 ι
1147 2251 1367 2297 centum
1417 2243 1604 2313 v‘ginti
1644 2261 1663 2296 ι
1701 2245 1941 2314 Spiritus

2041 2250 2140 2319 τῆς
2173 2247 2720 2317 κεφαλῆςέἰκότως.
2760 2248 2833 2299 Οὐ
2877 2247 2985 2314 γάρ
3029 2245 3108 2306 είς
3159 2243 3220 2294 τὸ
3244 2243 3338 2310 τῆς
3402 2241 3613 2308 φύσεως

371 2340 593 2386 sanctus
626 2333 840 2385 resedit.
871 2331 1121 2402 Congrue
1181 2349 1310 2388 vero
1351 2348 1457 2387 non
1491 2335 1544 2387 in
1574 2349 1688 2398 ore,
1727 2335 1819 2389 sed
1849 2351 1942 2388 su-

2042 2339 2274 2408 ὄργανον
2309 2337 2459 2405 ἐδόθη
2513 2337 2571 2390 τὸ
2624 2336 2866 2406 Πνεῦμα,
2908 2336 2995 2389 ἵνα
3051 2335 3125 2403 μὴ
3183 2332 3508 2401 νομισθῶσιν
3551 2331 3610 2381 ἐκ

372 2438 467 2491 pra
502 2431 661 2491 caput
695 2423 906 2490 linguas
931 2434 1288 2494 receperunt;
1335 2440 1440 2478 non
1475 2427 1620 2479 enim
1679 2427 1730 2479 in
1767 2436 1930 2480 natu-

2041 2429 2135 2481 τοῦ
2180 2427 2308 2480 ἰδίου
2365 2427 2631 2496 στόματος
2696 2426 2993 2495 προφέρειν
3046 2423 3082 2477 ἃ.
3138 2422 3211 2491 μὴ
3259 2417 3421 2489 εἶχον.
3474 2419 3611 2470 Ἀλλ’

372 2515 485 2567 rale
539 2530 804 2584 organum
859 2514 1077 2572 infusus
1142 2527 1228 2571 est
1283 2517 1551 2586 Spiritus;
1603 2534 1670 2572 ne
1709 2534 1772 2572 ev
1812 2535 1940 2588 pro-

2043 2518 2231 2589 ῶσπερ
2281 2521 2309 2572 ὁ
2346 2519 2455 2588 ἀὴρ
2506 2517 2524 2549 ’⁵
2557 2517 2616 2582 ἐξ
2671 2516 2901 2586 οὖρανοῦ
2960 2515 3052 2567 ἐπὶ
3107 2513 3205 2576 τὰς
3235 2511 3474 2583 κορυφὰς
3505 2511 3611 2564 τῶν

370 2604 489 2672 prio
512 2618 606 2656 ore
633 2619 716 2664 ea.
753 2620 873 2673 qum
910 2620 1017 2658 non
1055 2605 1344 2670 habebant,
1381 2624 1438 2662 se
1472 2607 1715 2676 proferre
1753 2610 1942 2663 existi-

2043 2611 2212 2680 ὀρέων
2243 2610 2633 2678 καταφέρεται,
2666 2610 2757 2662 καὶ
2787 2607 2893 2660 ἀπ’)
2919 2605 3024 2658 τῶν
3072 2604 3382 2686 ὑψωμάξων
3406 2603 3494 2654 ἐπὶ
3516 2603 3612 2661 τὰς

372 2703 602 2747 marent.
642 2692 769 2757 Sed,
806 2694 948 2748 sicut
975 2711 1116 2764 aqua
1175 2711 1205 2751 e
1233 2699 1372 2752 caelo
1427 2699 1649 2753 veniens
1680 2698 1744 2752 ad
1789 2716 1943 2753 mon-

2045 2703 2342 2770 φάραγγας
2372 2715 2384 2727 ·
2412 2697 2557 2751 οὕτω
2592 2698 2693 2766 τὴν
2725 2697 2967 2768 κορυφὴν
3022 2695 3098 2760 ὡς
3151 2695 3275 2764 ὅρος
3336 2693 3614 2758 καταλαμ-

376 2786 512 2838 tium
555 2786 788 2854 primum
839 2790 1153 2854 cacumina,
1203 2799 1257 2844 et
1290 2791 1486 2846 exinde
1551 2792 1605 2845 in
1667 2792 1942 2862 subjectas

2045 2792 2284 2846 ϐάνουσα
2341 2793 2374 2860 ἡ
2435 2789 2528 2843 τοῦ
2589 2789 2902 2858 Πνέυματος
2973 2787 3153 2856 χάρις,
3205 2787 3613 2856 ἐπιχορηγεῑται

373 2877 540 2930 valles
572 2877 848 2944 defertur;
880 2879 980 2944 sic,
1017 2879 1276 2935 verticem
1301 2881 1448 2937 velut
1475 2891 1713 2936 montem
1747 2899 1942 2950 quein-

2043 2884 2232 2937 λοιπὴν
2261 2883 2370 2936 ἀπὸ
2398 2882 2498 2950 τῆς
2524 2882 2765 2950 κεφαλῆς
2785 2881 2862 2950 τῷ
2898 2880 3208 2949 ἐγκεφάλῳ,
3236 2873 3355 2931 εἶτα
3384 2878 3462 2946 τῷ
3491 2878 3581 2929 στό

371 2971 493 3018 dam
525 2970 704 3020 statim
738 2983 1012 3038 occupans
1051 2969 1285 3038 Spiritus
1315 2971 1489 3024 sancti
1522 2973 1719 3041 gratia,
1749 2972 1944 3026 deinde

2048 2994 2178 3046 ματι
2211 2977 2304 3029 καὶ
2337 2977 2403 3046 τῇ
2433 2974 2651 3046 καρδίᾳ,
2681 2974 2773 3027 καὶ⁸
2801 2974 2920 3026 ὅλον
2946 2972 3012 3026 δι’
3039 2971 3161 3024 ὅλου
3190 2972 3280 3024 τὸν
3332 2970 3614 3036 ἄνθρωπον

370 3073 433 3110 ex
469 3059 641 3122 capite
682 3059 735 3111 in
767 3060 1070 3122 cerebrum,
1105 3074 1167 3111 ac
1215 3070 1400 3128 postea
1427 3061 1479 3114 in
1507 3075 1569 3116 os
1619 3073 1674 3114 et
1737 3075 1834 3114 cor
1881 3076 1941 3116 se

2047 3067 2364 3136 ἐπλήρωσεν
2392 3066 2499 3120 ἀπὸ
2530 3067 2626 3134 τῆς
2665 3064 2924 3134 κεφαλῆς.
2969 3062 3176 3125 Ἄλλως
3205 3078 3285 3114 τε·
3317 3059 3535 3128 Ἐπειδὴ
3562 3061 3611 3111 οι

369 3147 617 3211 effundit,
644 3155 924 3214 totumque
972 3149 1269 3213 hominem,
1301 3159 1519 3218 sumpto
1549 3165 1580 3203 a
1629 3151 1811 3218 capite
1838 3150 1943 3202 ini-

2045 3157 2330 3210 ἀπόστολοι
2359 3154 2791 3225 ἐχειροτονοῦντο
2823 3155 2923 3222 τῆς
2983 3152 3306 3221 οἰκουμένης
3360 3150 3613 3202 διδάσκα-

373 3240 468 3301 tio,
499 3237 684 3306 replet.
721 3238 891 3291 Aliter
926 3240 1233 3304 :Quoniam
1273 3241 1503 3308 apostoli
1535 3241 1702 3295 totius
1749 3243 1936 3295 mundi
1967 3228 1987 3283 (

1995 3229 2008 3280 ἶ
2041 3249 2162 3314 λοι,
2190 3247 2494 3318 χειροτονία
2540 3247 2596 3300 δὲ
2631 3247 2806 3308 ἄλλως
2847 3247 2906 3298 οὐ
2932 3246 3166 3312 γίνεται,
3193 3245 3242 3297 εἰ
3299 3243 3373 3312 μὴ
3424 3244 3482 3294 ὲν
3545 3243 3609 3311 τῇ

371 3330 624 3385 doctores
648 3329 1044 3384 ordinabantur
1065 3369 1080 3393 ,
1109 3329 1382 3385 ordinatio
1411 3338 1594 3385 autem
1627 3345 1730 3384 non
1755 3331 1934 3395 aliter,

2043 3340 2252 3408 κεφαλῇ
2274 3338 2524 3401 ἐἰκότως
2552 3337 2644 3390 ἐπὶ
2659 3337 2758 3406 τῆς
2783 3338 3020 3405 κεφαλῆς
3048 3337 3292 3402 ἐδέξαντο
3312 3336 3410 3390 τὰς
3430 3334 3611 3402 γλώσ-

372 3436 534 3488 quam
567 3435 729 3490 supra
768 3429 927 3489 caput
959 3419 1053 3487 llt;
1089 3434 1330 3489 congrue
1376 3420 1478 3491 ipsi
1523 3421 1736 3491 linguas
1766 3437 1934 3492 snpra

2045 3449 2161 3493 σας.
2195 3427 2404 3485 «Ἶισαν
2429 3431 2485 3485 δὲ
2516 3431 2573 3484 ἐν
2617 3429 3026 3500 Ἰερουσαλήμ.»
3057 3430 3174 3482 Ἵνα
3212 3428 3378 3498 δείξῃ,
3411 3429 3492 3481 δτι
3521 3425 3615 3495 τὴν

372 3523 532 3582 caput
563 3522 907 3582 receperunt.
943 3531 964 3565 ι
1000 3512 1162 3567 Erant
1202 3523 1384 3568 autem
1445 3513 1498 3568 in
1543 3512 1871 3569 Jerusalem.
1911 3534 1928 3567 ι

2058 3525 2321 3593 σύγχυσιν
2348 3523 2643 3592 εἰργάσατο
2668 3523 2696 3574 ὁ
2729 3521 2910 3591 φόϐος,
2953 3521 3047 3574 καὶ
3076 3521 3137 3573 τὸ
3171 3518 3319 3585 ξένον
3365 3517 3458 3572 τοῦ
3493 3519 3615 3571 θεά·

377 3603 442 3660 Ut
499 3605 834 3668 ostenderet,
896 3605 1271 3661 confusionem
1325 3606 1579 3660 atimore
1635 3614 1688 3659 et
1727 3615 1941 3675 specta-

2045 3614 2428 3685 ματος,ξλέγει’
2466 3612 2874 3682 ιΣυνεχύθησαν
2902 3611 2976 3682 τῷ
3003 3612 3169 3682 φὸὃῳ·
3198 3631 3215 3663 ι
3251 3611 3343 3664 καὶ
3373 3611 3611 3669 εἰκότως.

373 3698 479 3752 culi
516 3696 757 3752 novitate
815 3712 934 3752 esse
985 3706 1186 3759 ortam,
1225 3697 1300 3751 ait
1332 3715 1346 3752 :
1382 3716 1400 3750 ι
1437 3697 1660 3754 Conlusi
1715 3709 1846 3753 sunt
1871 3699 1939 3752 ti-

2058 3707 2339 3776 Ἐνόμιζον
2370 3706 2476 3775 γάρ
2517 3704 2696 3758 αὐτῶν
2747 3703 2900 3765 τέλος
2947 3702 3092 3772 ἔχειν
3125 3702 3183 3754 τὸ
3240 3704 3494 3769 πρᾶγμα,
3531 3699 3616 3751 διὰ

374 3806 545 3845 inore.
573 3809 592 3842 ι
637 3790 700 3844 Et
726 3789 943 3859 quidem
970 3790 1183 3845 merito.
1215 3788 1489 3844 Putabant
1517 3790 1660 3844 enim
1696 3789 1938 3859 ipsarum

2045 3801 2144 3868 τὴν
2172 3799 2472 3868 γενομένην
2501 3797 2706 3863 τόλμαν
2740 3795 2882 3850 κατα
2927 3795 3019 3848 τοῦ
3070 3794 3332 3864 Χριστοῦ.
3385 3792 3460 3846 Τὸ
3511 3797 3617 3862 γάρ

378 3881 540 3950 198
572 3881 799 3936 exitium
835 3896 947 3934 rem
979 3882 1138 3936 istam
1183 3881 1506 3952 portendere
1559 3882 1629 3934 ob
1658 3882 1830 3936 audax
1864 3881 1942 3934 la-

2049 3891 2289 3953 συνειδὸς
2317 3890 2631 3944 κατέσεισεν
2663 3889 2683 3920 ⁸
2709 3888 2889 3942 αὐτῶν
2920 3887 3016 3951 τὰς
3070 3887 3270 3960 ψυχάς,
3324 3887 3382 3940 ὲν
3411 3879 3616 3955 ’χερσν

373 3972 550 4034 ciuus,
587 3970 728 4039 quod
793 3981 981 4024 contra
1059 3970 1336 4024 Christum
1417 3978 1716 4040 patrarant.
1777 3969 1943 4040 Igitur

2047 3983 2126 4035 ἔτι
2151 3981 2317 4052 οὔσης
2345 3981 2444 4050 τῆς
2479 3980 2716 4050 σφαγῆς,
2742 3981 2834 4033 καὶ
2867 3980 3040 4035 πάντα
3066 3979 3258 4040 αὐτοὺς
3290 3978 3492 4035 ἐπτόει.
3522 3975 3617 4028 καὶ

374 4062 713 4118 conscientia
767 4063 1011 4131 ipsorum
1065 4063 1276 4117 animas
1343 4063 1717 4126 concutiebat,
1796 4064 1941 4130 quod

2047 4074 2255 4136 δειλοὺς
2300 4074 2393 4126 καὶ
2445 4072 2856 4142 πεφοϐημένους
2905 4071 3097 4125 ἐποίει.
3137 4089 3155 4122 ι
3186 4071 3307 4122 ’Ὁτι
3359 4068 3611 4138 ἤκουον.»

380 4169 573 4209 recens
598 4155 778 4210 adhuc
818 4155 1044 4210 essetin
1088 4154 1336 4212 manibus
1386 4169 1576 4208 eorum
1643 4155 1815 4212 (aedes
1839 4154 1942 4207 Du-

2048 4163 2256 4218 Τούτου
2289 4163 2453 4234 χάριν
2479 4162 2584 4235 πρὸ
2623 4162 2733 4214 τῶν
2784 4161 2958 4216 ἄλλων
3015 4161 3370 4232 χαρισμάτων
3417 4159 3478 4209 τὸ
3512 4155 3617 4209 τῶν

376 4247 552 4300 mini:
587 4263 759 4317 quare
815 4248 962 4318 ipsos
1011 4247 1190 4300 omnia
1255 4247 1548 4309 terrebant,
1601 4261 1661 4299 ac
1717 4245 1942 4316 pavidos

2047 4256 2309 4324 γλωσσῶν
2357 4255 2549 4310 ἔλαϐον
2587 4257 2635 4307 οἱ
2694 4254 3025 4314 ἀπόστολοι,
3092 4252 3279 4320 ἐπειδὴ
3341 4248 3612 4317 πανταχοῦ

374 4337 722 4406 trepidosque
755 4339 1125 4392 reddebant..c
1177 4336 1448 4405 Quoniam
1479 4337 1732 4390 audiebat
1770 4354 1940 4391 unus-

2047 4346 2354 4420 διέρχεσθαι
2389 4345 2635 4415 ἔμελλον.
2684 4346 2790 4396 Καὶ
2841 4344 3026 4416 ῶσπερ
3071 4345 3126 4398 ἐν
3170 4344 3244 4412 τῷ
3291 4341 3466 4410 καιρῷ
3520 4340 3615 4408 τῆς

374 4428 629 4496 quiSquc.
663 4447 681 4480 ›
724 4427 931 4482 Idcirco
959 4436 1084 4482 ante
1133 4439 1324 4482 caetera
1370 4428 1674 4495 linguarum
1739 4429 1941 4482 donum

2051 4439 2422 4509 πυργοποιίας
2476 4439 2508 4506 ἡ
2571 4436 2666 4504 μία
2699 4435 2914 4503 γλῶττα
2969 4438 3045 4498 εἰς
3080 4434 3278 4496 πολλὰς
3308 4432 3613 4500 διενὲμετο·

374 4529 704 4588 acceperunt
738 4521 995 4590 apostoli,
1023 4521 1152 4590 qula
1197 4520 1263 4573 ad
1313 4521 1495 4574 omnia
1552 4521 1666 4574 loca
1695 4535 1753 4575 se
1811 4535 1944 4572 eun-
1981 4572 1988 4623 l

2002 4575 2019 4617 ι
2049 4532 2191 4584 οὕτω
2215 4531 2335 4583 τότε
2363 4530 2418 4582 αἱ
2437 4529 2627 4582 πολλαὶ
2652 4527 2892 4596 γλῶσσαι
2914 4529 2990 4592 εἷς
3017 4528 3116 4581 ἕνα
3138 4527 3423 4593 ἄνθρωπον
3447 4526 3487 4577 ίῖ
3499 4536 3614 4573 σαν·

375 4609 518 4665 ferre
543 4611 832 4666 debebant.
871 4612 935 4664 Et
967 4613 1153 4676 sicuti,
1177 4613 1344 4665 turris
1380 4611 1644 4666 Babcliea:
1677 4621 1935 4681 tempore,
1981 4609 1989 4623 '

2006 4609 2016 4617 ’
2050 4619 2143 4672 καὶ
2170 4621 2196 4671 ὁ
2227 4617 2389 4678 αὐτὸς
2442 4618 2540 4670 καὶ
2592 4619 2656 4687 τῇ
2702 4616 3005 4686 Ῥωμαίων,
3030 4617 3123 4669 καὶ
3150 4618 3225 4687 ιτῇ
3258 4615 3504 4684 Περσῶν,
3529 4613 3620 4664 καὶ¹

376 4714 504 4764 una,
531 4716 651 4770 qua:
683 4711 813 4755 tunc
857 4713 976 4756 erat
1003 4703 1183 4772 lingua
1209 4704 1260 4757 in
1295 4704 1492 4758 nmltas
1518 4705 1693 4759 divisa
1717 4715 1835 4768 est;
1866 4704 1937 4757 ita

2053 4713 2118 4779 τῇ
2151 4709 2350 4774 Ἰνδῶν,
2380 4709 2472 4763 καὶ
2505 4709 2720 4779 ἑτέραις
2752 4708 2971 4772 πολλαῖς
3005 4709 3274 4775 διελέγετο
3318 4705 3613 4774 γλώσσαις,

375 4805 522 4846 nunc
556 4793 734 4847 multa:
757 4794 954 4864 lingua:
972 4794 1024 4850 in
1048 4809 1212 4848 unum
1238 4796 1509 4851 hominen
1538 4799 1934 4858 conﬂuxerunt,

2053 4801 2366 4870 Ιῖνεὺματος
2400 4799 2720 4869 ὲνηχοῦντος
2767 4801 2953 4863 αὐτὸν,
2984 4800 3076 4854 καὶ
3106 4800 3168 4851 τὸ
3201 4799 3444 4868 χάρισμα
3492 4797 3617 4845 ἐκα-

375 4891 436 4936 υι
465 4883 602 4938 idem
636 4883 751 4950 ipse
775 4895 826 4939 et
849 4886 1058 4949 Latine,
1091 4896 1144 4942 et
1169 4886 1399 4948 Persice,
1429 4889 1700 4951 ctludice,
1737 4897 1790 4942 et
1819 4890 1941 4943 aliis

2047 4890 2189 4943 λεῖτο
2225 4911 2241 4944 ι
2281 4891 2570 4964 [χάρισμα]
2595 4891 2878 4957 γλωσσῶν,
2909 4911 2927 4943 ι
2968 4888 3154 4960 ἐπειδὴ
3182 4888 3442 4958 ⁴ὴδὺναντο
3493 4883 3623 4938 πολε

378 4975 630 5042 plurimis
660 4976 878 5046 linguis,
907 4980 1111 5047 Spiritu
1163 4991 1354 5036 saneta
1408 4983 1556 5036 intus
1614 4982 1935 5045 insonante,

1021 4980 1111 5032 ⁸ἱιιι
1163 4991 1354 5036 saneta
1408 4983 1556 5036 intus
1614 4982 1935 5045 insonante,
2047 4983 2168 5044 λαῖς
2199 4983 2382 5035 λαλεῖν
2409 4985 2635 5051 φωναῖς.

374 5079 736 5140 ιιιιιιιθτοιυιι
801 5072 943 5127 unde
999 5075 1099 5129 hoc
1155 5077 1356 5130 donum
1403 5096 1420 5127 ι
1463 5080 1764 5148 linguarum
1825 5079 2028 5133 donum
2067 5099 2085 5132 ο
2128 5081 2445 5142 vocabatur,
2485 5080 2610 5146 quia
2669 5077 2854 5156 multis
2897 5077 3096 5148 linguis
3157 5076 3303 5147 loqui
3346 5082 3614 5145 poterant.

624 5166 776 5220 Feria
811 5168 966 5222 tertia
1011 5169 1112 5222 hch
1137 5169 1360 5224 lomada:
1390 5169 1687 5226 Paschalis.

1614 5173 1687 5226 is.
2428 5173 2506 5241 Τῇ
2543 5170 2588 5240 γ’
2647 5171 2749 5240 τῆς
2773 5169 3228 5240 Διακαινησίμου.

593 5256 736 5312 Petri
757 5260 854 5313 hac
884 5263 947 5314 de
977 5277 1030 5314 re
1056 5261 1331 5314 instructio
1351 5277 1415 5315 ea:
1442 5261 1726 5330 prop/telis.
2047 5265 2207 5332 Πέτρε

2047 5265 2272 5332 Πέτρου
2294 5263 2627 5332 κατήχησις
2644 5261 2778 5330 περὶ
2802 5263 3019 5317 τούτου
3044 5263 3112 5315 ἐκ
3130 5261 3248 5316 τῶν
3273 5257 3617 5329 προφητοῖν.

1011 5375 1309 5430 ΤΕΧΤΟΞ.
2612 5373 2785 5427 ΚΕΙΜ
2797 5373 3002 5428 ΕΝΟΝ.

449 5471 516 5534 ll,
543 5472 727 5526 ιὲ-ΞΙ.
764 5471 1064 5540 Stupebant
1093 5480 1274 5524 autem
1309 5484 1499 5523 omnes
1532 5475 1585 5522 et
1605 5467 1942 5522 mirabantur

2122 5467 2433 5533 Ἐξίσταντο
2461 5467 2518 5520 δὲ
2562 5467 2761 5528 πάντες
2810 5469 2904 5518 καὶ
2929 5467 3240 5536 διηπόρουν,
3285 5465 3442 5530 ἄλλος
3485 5465 3618 5534 πρὸς

383 5562 447 5614 ad
477 5563 700 5615 invicem
731 5563 975 5616 dicentes
1025 5578 1038 5614 :
1065 5560 1331 5627 Quidnam
1358 5562 1470 5614 vult
1499 5561 1601 5614 hoc
1642 5559 1807 5614 esse?
1834 5559 1942 5614 Alii

2051 5561 2207 5614 ἄλλον
2242 5559 2514 5628 λέγοντες*
2546 5559 2610 5613 Τί
2642 5558 2707 5614 ἂν
2740 5558 2883 5612 θέλοι
2915 5559 3070 5614 τοῦτο
3093 5555 3265 5624 εἷναι;
3310 5559 3524 5628 ’Ἐτεροι
3562 5557 3618 5610 δὲ

451 5680 492 5709 '°
533 5678 870 5744 Mattthtt,
895 5680 946 5734 5.
985 5680 1021 5710 “
1049 5680 1213 5732 Exod.
1247 5694 1327 5743 ιιι,
1351 5679 1405 5730 ΕΞ.

1549 5771 1747 5832 Variae
1789 5769 2092 5832 lectiones
2137 5779 2190 5831 et
2238 5775 2422 5828 notae.

464 5867 481 5894 ‘
515 5867 572 5918 τὸ
611 5866 771 5934 ὕδωρ.
847 5870 865 5898 ³
901 5868 1195 5923 κατέσειεν.
