4088 6206
437 224 544 289 865

1077 222 1614 287 EXPOSITIONIS
1649 221 1730 281 1N
1769 219 1957 282 ACTA
1997 214 2298 281 TEXTUS
2338 214 2612 285 ALTER.
2666 244 2730 261 -δ
2759 227 2916 288 CAP.
2950 228 3036 290 II.

3582 232 3690 297 866

438 334 788 406 χλευάζοντες
831 332 1016 403 ἔλεγον
1044 375 1059 401 ,
1116 336 1198 388 ὅτι
1270 332 1535 396 Γλεύκους
1596 330 2008 403 μεμεστωμένοι

2120 340 2293 386 autem
2323 330 2621 389 irridentes
2654 333 2905 387 dicebam
2939 333 3107 403 :quia
3148 333 3324 391 Musto
3360 336 3504 407 pleni
3530 349 3677 398 sunt.

439 428 563 482 εἰσί.
598 426 817 489 Σταθεὶς
864 426 922 480 δὲ
952 428 980 478 ὁ
1017 426 1219 495 Πέτρος
1251 425 1347 478 σὺν
1385 425 1499 486 τοῖς
1557 422 1772 487 ἕνδεκα,
1832 421 2007 491 ἐπῆρε

2120 421 2276 480 Stans
2321 431 2507 480 autem
2555 421 2751 479 Petrus
2786 436 2908 478 eum
2938 426 3189 479 muleeim
3242 426 3440 482 levavit
3499 438 3684 485 vocent

439 518 538 588 τὴν
567 514 751 586 φωνὴν
785 514 952 568 αὐτοῦ
984 515 1079 567 καὶ
1110 511 1490 582 ἀπεφθέγξατο
1518 512 1701 575 αὐτοῖς
1725 526 1739 541 '
1782 511 2009 581 ’Ἄνδρες

2120 530 2287 578 suam,
2314 526 2374 572 et
2398 520 2613 572 locutus
2635 524 2721 571 est
2736 518 2847 571 eis:
2877 515 3200 582 Virthtthi,
3232 525 3286 571 et
3318 518 3408 586 qui
3430 518 3687 576 habitatis

441 607 684 662 Ἰουδαῖοι
712 607 809 659 καὶ
829 608 877 658 οί
907 604 1290 667 κατοικοῦντες
1339 603 1696 673 Ἰερουσαλὴμ
1746 604 2008 667 ἅπαντες,

439 698 595 751 τοῦτο
634 694 764 766 ὑμῖν
795 696 1037 766 γνωστὸν
1064 694 1226 763 ἔστω,
1257 695 1352 748 καὶ
1384 693 1712 747 ἐνωτίσασθε
1736 693 1807 747 τὰ
1834 692 2011 765 ῥήμα-

441 790 508 844 τά
557 808 681 861 μου.
715 790 790 843 Ού
848 789 978 860 γὰρ,
1038 788 1116 851 ὼς
1170 787 1330 856 ὑμεῖς
1365 785 1805 856 ὑπολαμϐάνετε,
1862 779 2015 841 οὗτοι

443 881 733 950 μεθύουσιν
756 897 771 912 ο
807 880 923 933 ἔστι
950 881 1058 950 γὰρ
1092 878 1210 950 ὥρα
1245 879 1401 949 τρίτη
1432 878 1530 947 τῆς
1584 877 1799 947 ἡμέρας
1826 893 1839 908 ·
1872 876 2014 933 ἀλλὰ

439 973 595 1026 τοῦτό
628 975 745 1026 ἐστι
783 973 846 1025 τὸ
892 972 1181 1042 εἰρημένον
1234 970 1323 1023 διὰ
1351 969 1448 1023 τοῦ
1496 970 1775 1040 προφήτου
1819 968 2016 1042 Ἰωήλο

448 1066 589 1117 «Καὶ
610 1063 763 1116 ἔσται
796 1062 933 1132 μετὰ
974 1061 1145 1116 ταῦτα
1196 1063 1254 1114 ὲν
1308 1063 1428 1124 ταῖς
1463 1061 1725 1130 ἐσχάταις
1760 1063 2016 1134 ἡμέραις,

438 1156 588 1225 λέγει
619 1154 826 1220 ὀΘεὸς,
880 1154 1054 1224 ἐκχεῶ
1118 1154 1228 1206 ἀπὸ
1281 1136 1376 1207 τόδ
1437 1154 1761 1222 meum;
1791 1171 1893 1223 μου
1919 1154 2017 1208 ἐπὶ

439 1249 619 1301 πᾶσαν
671 1246 872 1318 σάρκα,
932 1246 1029 1299 καὶ
1080 1244 1550 1315 προφητεύσουσιν
1621 1248 1671 1300 οί
1717 1247 1823 1298 uici.
1862 1244 2016 1315 ὑμῶν

439 1337 532 1388 καὶ
567 1336 623 1389 αί
650 1333 946 1404 θυγατέρες
970 1333 1124 1404 ὑμῶν
1145 1349 1156 1361 ·
1182 1334 1277 1387 καὶ
1300 1334 1350 1386 οί
1380 1333 1656 1389 νεανίσκοι
1689 1335 1847 1405 ὑμῶν
1871 1335 2013 1406 ὁρά-

442 1444 553 1491 σεις
585 1426 827 1496 ὕψονται,
877 1426 972 1479 καὶ
1023 1425 1072 1479 οί
1130 1424 1495 1495 πρεσὸἆτεροι
1537 1427 1692 1496 ὑμῶν
1744 1427 2019 1491 ἐνυπνίοις

440 1518 981 1588 ἐνυπνιασθήσονται.
1015 1517 1122 1571 Καί
1152 1534 1216 1585 γε
1249 1518 1340 1570 ini
1374 1520 1506 1582 rein;
1529 1519 1750 1582 δούλους
1782 1536 1885 1589 μου
1914 1519 2010 1572 καὶ

440 1610 657 1686 ἐπλητὰς
682 1610 873 1674 δούλας
900 1628 1003 1681 μου
1042 1611 1100 1663 ὲν
1122 1612 1243 1674 ταῖς
1283 1608 1525 1680 ἡμέραις
1562 1612 1799 1674 ἐκείναις
1842 1609 2017 1681 ἐκχεῶ

2107 605 2419 662 Jerusalem
2448 608 2710 669 unixersi,
2734 607 2839 661 hoc
2867 607 3020 661 vobis
3040 614 3228 661 notum
3255 609 3348 671 sit,
3380 617 3434 663 et
3460 611 3687 665 auribus

2111 700 2383 770 percipite
2405 702 2570 753 verba
2598 714 2740 754 mea.
2770 698 2887 753 Non
2905 699 3072 762 enim,
3091 699 3230 753 sicut
3254 713 3352 754 vos
3377 700 3685 765 aestimatis,

2120 792 2173 846 hi
2205 791 2345 847 ebrii
2380 800 2532 854 sunt,
2562 805 2687 844 cum
2707 790 2778 844 sit
2809 791 2940 844 hora
2968 789 3075 845 diei
3100 790 3255 844 tertia
3281 804 3295 843 :
3328 792 3423 845 scd
3453 791 3552 845 hoc
3580 802 3685 858 est,

2118 882 2263 955 quod
2294 874 2502 939 dictum
2568 890 2651 938 cst
2715 896 2810 952 per
2836 882 3156 950 prophetam
3178 878 3294 936 Joel
3322 899 3337 935 :
3376 881 3441 935 Et
3497 883 3602 937 erit
3632 884 3687 936 in

2119 974 2436 1029 novissimis
2503 973 2693 1026 diebus
2750 971 2906 1043 (dicit
2951 971 3237 1039 Dominus)
3283 971 3555 1027 eﬂ‘undam
3617 974 3687 1029 de

2118 1064 2324 1133 Spiritu
2350 1077 2471 1117 meo
2499 1078 2663 1130 super
2690 1076 3139 1117 omnemcarnem
3166 1079 3181 1117 :
3211 1073 3267 1116 et
3285 1063 3687 1132 prophetabunt

2119 1156 2213 1210 lilii
2247 1156 2414 1210 vestri
2464 1162 2517 1208 et
2552 1154 2675 1207 ﬁlia:
2700 1164 2892 1209 vestra:
2924 1172 2938 1209 :
2973 1163 3024 1207 et
3069 1154 3298 1221 juvenes
3332 1155 3495 1209 vestri
3529 1155 3688 1211 visio-

2117 1263 2216 1303 nes
2242 1247 2520 1310 \'idebunt,
2552 1247 2867 1300 etseniorcs
2905 1247 3069 1300 vestri
3099 1246 3309 1299 sonmia
3337 1246 3684 1301 sonmahunl.

2119 1339 2184 1393 Et
2208 1339 2428 1410 quidem
2453 1354 2617 1407 super
2676 1352 2865 1391 servus
2929 1350 3080 1391 meos
3137 1347 3188 1391 ct
3229 1352 3395 1407 super
3461 1338 3690 1393 ancillas

2119 1443 2294 1495 meas,
2318 1430 2371 1482 in
2402 1429 2594 1483 diebus
2650 1427 2758 1481 illis
2790 1427 3063 1480 ell‘mnlam
3097 1428 3164 1481 de
3187 1428 3392 1497 Spiritu
3435 1441 3577 1491 meo,
3636 1437 3691 1483 ct

2119 1521 2519 1593 prophetabunt
2556 1539 2568 1573 :
2599 1531 2653 1573 ct
2686 1520 2825 1571 dabo
2879 1519 3123 1590 prodigia
3174 1520 3227 1574 in
3259 1521 3400 1575 ccelo
3446 1535 3687 1585 sursum,

2120 1622 2173 1669 et
2203 1614 2356 1684 signa
2388 1614 2441 1667 in
2479 1622 2623 1666 terra
2668 1612 2946 1678 deorsum,
2983 1612 3302 1682 sanguinem
3330 1619 3383 1666 et
3430 1612 3609 1681 ignem
3635 1620 3690 1666 et

440 1700 663 1754 ἀπὸτοῦ
700 1700 1015 1771 Πνεύματός
1060 1719 1183 1773 μου,
1225 1705 1318 1754 καὶ
1366 1702 1814 1773 προφητεύσουσι
1844 1741 1858 1756 .
1911 1702 2015 1754 Καὶ

2123 1716 2379 1775 vaporem
2412 1698 2567 1758 fumi.
2603 1704 2693 1758 Sol
2727 1712 3078 1757 convertctur
3113 1703 3168 1755 in
3198 1703 3475 1767 tenebras,
3514 1711 3570 1756 οι
3600 1701 3689 1755 lu-

439 1793 598 1846 δώσω
638 1794 842 1864 τέρατα
876 1795 934 1846 ὲν
969 1793 1047 1863 τῷ
1087 1792 1301 1863 οὐρανῷ
1354 1792 1490 1856 ἄνω,
1525 1794 1615 1846 καὶ
1675 1795 1877 1863 σημεῖα
1925 1793 2018 1846 ἐπὶ

440 1885 539 1955 τῆς
578 1886 681 1955 γῆς
710 1885 883 1949 κάτω,
910 1879 1050 1953 αἷμα
1090 1885 1185 1937 καὶ
1213 1884 1343 1953 πῦρ,
1390 1885 1490 1939 καὶ
1527 1885 1732 1955 ἀτμίδα
1784 1883 2013 1940 καπνοῦ.

451 1977 512 2029 ’0
541 1976 694 2046 ἥλιος
725 1976 1243 2047 μεταστραφήσεται
1275 1979 1356 2039 είς
1378 1978 1592 2041 σκότος,
1627 1979 1723 2031 καὶ
1752 1979 1785 2049 ή
1815 1977 2013 2047 σελήνη

2124 1811 2193 1851 na
2223 1797 2276 1850 in
2304 1796 2651 1866 sanguinem,
2719 1804 3010 1863 antequam
3047 1794 3229 1847 veniat
3291 1791 3410 1846 dies
3471 1790 3687 1845 Domini

2124 1898 2351 1955 magnus
2380 1891 2435 1938 et
2471 1884 2814 1938 manifestus.
2861 1884 2924 1939 Et
2954 1886 3060 1938 erit
3092 1922 3108 1949 ,
3162 1883 3342 1938 omnis
3374 1881 3687 1952 quicunque

2122 1975 2458 2031 invocaverit
2491 1990 2684 2031 nomen
2718 1974 2952 2041 Dotnini,
2973 1976 3154 2030 Salvus
3184 1974 3310 2029 erit.

442 2069 521 2131 εἰς
549 2061 709 2139 αἷμα,
743 2067 875 2137 πρὶν
906 2067 938 2139 ἢ
970 2066 1144 2121 ἐλθεῖν
1171 2068 1269 2139 τὴν
1298 2068 1510 2139 ἡμέραν
1540 2070 1745 2141 Κυρίου
1777 2069 1873 2141 τὴν
1901 2069 2144 2141 μεγάλην
2174 2068 2270 2123 καὶ
2303 2069 2564 2141 ἐπιφανῆ.
2593 2069 2701 2124 Καὶ
2767 2070 2937 2132 ἔσται,
3008 2068 3114 2130 πᾶς
3174 2064 3231 2131 ὃς
3292 2065 3361 2120 ἂν
3434 2062 3688 2119 ἐπικαλέ-

444 2179 605 2233 σηται
631 2163 688 2217 τὸ
711 2163 883 2235 ὄνομα
917 2162 1143 2233 Κυρίου,
1177 2163 1504 2235 σωθήσεται.

993 2278 1380 2336 ΕΡΜΗΝΕΙΔ.

514 2392 641 2444 Ὅτι
674 2391 777 2461 μὲν
809 2390 871 2443 οὓ
900 2388 1211 2461 μεθύουσιν,
1246 2390 1493 2463 [εὐθέως]
1523 2391 1632 2445 ἀπὸ
1689 2392 1787 2462 τῆς
1827 2392 2012 2462 φωνῆς

442 2474 708 2552 ἐδήλωσεν
736 2496 751 2512 ⁸
782 2481 867 2534 ὅτι
893 2480 947 2533 δὲ
976 2481 1076 2534 ούκ
1109 2479 1430 2550 ἐξεστῂκασι
1475 2470 1728 2553 καθάπερ
1773 2482 1824 2534 οί
1874 2481 2011 2551 μανι

442 2587 577 2637 ταις,
610 2571 706 2626 καὶ
738 2570 918 2634 τοῦτο,
960 2571 1042 2624 ὅτι
1090 2572 1193 2624 οὐκ
1250 2572 1466 2641 ἀνάγκῃ
1565 2571 1900 2640 κατείχοντο.
1945 2570 2013 2624 Τί

443 2664 500 2717 δέ
537 2667 672 2729 ἔστι,
711 2682 728 2715 ι
753 2665 848 2717 σὺν
885 2666 997 2726 τοῖς
1027 2663 1263 2729 ἕνδεκας
1300 2683 1317 2715 ι
1354 2662 1614 2717 Τουτὲστι
1644 2664 1832 2734 κοινὴν
1878 2681 2012 2735 προ-

445 2749 931 2825 εὸά).οντο“φωνὴν,
960 2754 1053 2807 καὶ
1072 2754 1291 2807 πάντων
1324 2751 1530 2824 [αὐτὸς]
1551 2750 1618 2825 ἦν
1642 2752 1837 2823 στόμα,
1870 2770 2013 2824 παρ-

445 2846 707 2917 εστήκασι
756 2845 815 2898 δὲ
864 2846 912 2897 οί
946 2844 1137 2898 ἕνδεκα
1181 2844 1586 2917 μαρτυροῦντες
1629 2846 1744 2908 τοῖς
1781 2844 2015 2912 λεγομέ-

446 2954 578 3001 ven.
624 2937 907 3006 Σκόπησον
929 2937 986 2990 δὲ
1012 2937 1117 2990 τῶν
1147 2937 1459 2990 ἀποστόλων
1488 2936 1587 3006 τὴν
1608 2935 1882 3007 ὁμόνοιαν.
1910 2933 2016 2989 Αύ-

445 3029 530 3081 τοὶ
558 3026 919 3097 παρεχώρουν
949 3025 1147 3098 [αὐτῷ]
1180 3025 1249 3080 τὰ
1274 3030 1372 3097 τῆς
1397 3027 1737 3098 δημηγορίας
1768 3041 1784 3056 °
1820 3026 1880 3078 ού
1909 3025 2016 3094 γὰρ

447 3118 554 3171 ἔδει
581 3118 790 3180 πάντας
819 3116 1173 3185 φθέγγεσθαι.
1204 3117 1275 3169 Τὸ
1304 3117 1361 3171 δὲ
1393 3118 1450 3170 ἐν
1476 3118 1638 3188 τρίτῃ
1663 3117 1783 3187 ὥρᾳ
1839 3117 2017 3169 ταῦτα

447 3204 719 3275 γενέσθαι,
745 3206 1063 3276 aeuum;
1096 3206 1228 3259 Τότε
1245 3206 1353 3274 γὰρ
1369 3206 1430 3258 τὸ
1456 3205 1707 3276 λαμπρὸν
1730 3204 1825 3257 τοῦ
1848 3205 2015 3274 πυρὸς

446 3298 741 3358 δείκνυται,
771 3297 891 3348 τότε
917 3296 1044 3362 περὶ
1079 3295 1215 3365 ἔργα
1247 3294 1533 3366 τρέχουσιν
1563 3297 1585 3328 ⁶
1607 3296 1657 3348 0i
1705 3294 2013 3366 ἄνθρωποι,

447 3390 539 3443 ὅτε
552 3389 682 3459 περὶ
704 3389 724 3420 ⁷
754 3388 996 3455 ἄριστον,
1022 3387 1110 3439 ὅτε
1140 3387 1371 3458 λαμπρὰ
1394 3389 1429 3457 ή
1461 3385 1667 3458 ἡμέρα,
1693 3387 1781 3440 ὅτε
1813 3386 2015 3450 πάντες

450 3483 587 3535 εἰσὶν
604 3480 693 3535 ἐπ’
714 3480 943 3551 ἀγορᾶς.
964 3497 982 3531 ι
1009 3479 1117 3532 Καὶ
1147 3478 1302 3531 ἔσται
1326 3478 1463 3549 μετὰ
1491 3477 1716 3532 ταῦτα.»
1733 3477 2016 3532 Δείκνυσιν

449 3571 644 3633 αὐτοὺς
675 3569 1122 3638 εὐδοκιμηκότας,
1175 3564 1270 3622 am
1298 3566 1726 3633 καταξιωθέντας
1777 3569 1879 3638 τῆς
1918 3566 2014 3620 τοῦ

451 3661 718 3728 παναγίου
749 3659 1064 3730 Πνεύματος
1094 3660 1337 3732 χάριτος·
1372 3664 1466 3713 καὶ
1490 3661 1578 3714 διὰ
1602 3659 1696 3713 τοῦ
1732 3659 2014 3731 προφήτου

449 3751 948 3820 κατεπαγγέλλεται
1012 3752 1195 3821 σαφῶς
1226 3767 1240 3781 ο
1280 3752 1377 3821 τὴν
1413 3750 1500 3805 διὰ
1542 3751 1640 3804 τοῦ
1693 3752 2017 3822 Πνεύματος

453 3842 646 3912 δαψιλῆ
704 3841 987 3912 χορηγίαν,
1047 3844 1113 3912 ἧν
1135 3842 1228 3894 καὶ
1285 3840 1541 3912 ἀπαρχήν
1597 3841 1788 3913 ὥσπερ
1833 3844 2018 3906 αὐτοῖς

455 3932 791 4002 ἐδωρήσατο.
866 3930 1303 3999 Ἀπεφθέγτοντο
1378 3933 1490 4002 γὰρ
1556 3932 2016 4004 προφητεύοντες,

454 4022 623 4091 ήγουν
648 4021 919 4084 συνιέντες
948 4036 1007 4074 τε
1036 4021 1132 4075 καὶ
1165 4018 1438 4089 λέγοντες,
1469 4022 1537 4073 ci:
1590 4021 1680 4075 διὰ
1733 4022 1843 4076 τῶν
1878 4033 2018 4093 προ-

2528 2277 2688 2349 199
2712 2265 3280 2332 COMMENTARIUS.

2189 2394 2386 2449 Statim
2427 2402 2544 2463 post
2576 2391 2779 2447 editam
2858 2405 3045 2445 vocem
3070 2387 3312 2444 ostendit
3357 2386 3551 2444 Petrus
3578 2426 3595 2454 ,
3627 2403 3688 2444 se

2119 2482 2408 2557 sociosque
2428 2501 2556 2540 suos
2571 2485 2751 2539 ebrios
2776 2497 2883 2537 non
2907 2497 3047 2548 esse,
3072 2496 3171 2536 nec
3203 2482 3386 2536 furore
3403 2488 3687 2550 correptos
3736 2472 3743 2481 ’

2120 2582 2294 2635 instar
2317 2568 2500 2633 vatum
2530 2578 2605 2647 (6)
2641 2591 2814 2645 neque
2842 2576 2948 2629 ulla
2977 2575 3304 2629 necessitate
3331 2572 3562 2627 detineri
3585 2573 3683 2643 (7).

2117 2675 2185 2725 At
2211 2672 2339 2741 quid
2388 2670 2489 2725 sibi
2523 2669 2654 2724 illud
2693 2668 2827 2735 vult,
2862 2685 2881 2719 ι
2918 2682 3038 2720 cum
3065 2665 3355 2721 undecim?
3400 2684 3420 2717 ι
3465 2664 3686 2720 Scilicet

2120 2777 2463 2816 communem
2518 2758 2841 2814 emittebant
2900 2772 3109 2823 vocem,
3134 2766 3188 2812 et
3215 2757 3329 2826 ipse
3356 2771 3420 2811 os
3441 2755 3684 2809 omnium

2120 2862 2234 2908 crat
2262 2869 2278 2917 ;
2311 2852 2561 2906 astabant
2587 2850 2849 2921 siquidem
2902 2848 3175 2914 undecim,
3208 2847 3521 2903 testimonio
3562 2858 3685 2909 suo,

2118 2960 2238 3014 qum
2273 2944 2340 2997 ab
2370 2945 2489 3012 ipso
2524 2943 2862 3006 dicebantur,
2918 2940 3324 2994 conlinnantes.
3382 2936 3684 2993 Considera

2118 3049 2248 3090 vero
2286 3034 2657 3102 apostolorum
2732 3031 3107 3085 concordiam.
3158 3025 3532 3082 Concionandi
3567 3040 3689 3077 nm-

2118 3140 2222 3180 nus
2251 3124 2410 3177 Pelro
2433 3124 2664 3185 cedunt;
2699 3136 2872 3189 neque
2904 3120 3049 3174 enim
3114 3118 3340 3172 decebat
3392 3130 3583 3170 omnes
3615 3115 3691 3168 si-

2121 3216 2231 3269 mul
2276 3210 2443 3283 loqui.
2481 3212 2637 3278 Quod
2675 3227 2803 3265 vero
2836 3211 2947 3264 haec
3000 3209 3158 3263 tertia
3210 3207 3317 3261 diei
3360 3207 3492 3261 hora
3544 3204 3687 3258 facta

2119 3305 2249 3368 sint,
2282 3305 2422 3359 haud
2462 3308 2669 3357 ratione
2729 3311 2878 3356 caret
2918 3319 2932 3355 :
2981 3310 3107 3354 tunc
3166 3299 3308 3354 enim
3339 3298 3481 3367 ignis
3512 3296 3688 3366 fulgor

2118 3405 2363 3466 apparet,
2408 3404 2535 3446 tunc
2567 3406 2633 3444 eo
2669 3390 2736 3443 ad
2772 3405 2955 3459 opera,
2980 3396 3034 3444 et
3072 3388 3137 3441 ad
3178 3387 3461 3458 prandium
3490 3400 3688 3456 parur-

2119 3487 2248 3542 dum
2282 3493 2509 3538 utuntur
2560 3483 2827 3545 homines,
2861 3490 2989 3534 tunc
3020 3480 3168 3533 clara
3222 3488 3306 3533 est
3356 3476 3495 3542 dies,
3555 3484 3685 3530 tunc

2119 3590 2309 3630 omnes
2355 3574 2411 3627 in
2445 3572 2563 3626 foro
2595 3578 2903 3625 versantur.
2937 3587 2955 3619 ι
2989 3567 3051 3621 Et
3078 3569 3177 3623 erit
3209 3576 3330 3636 post
3361 3567 3476 3621 haec
3505 3566 3558 3621 in
3589 3582 3686 3621 no-

2118 3662 2381 3720 vissimis.
2420 3679 2438 3714 ι
2474 3660 2719 3714 Ostendit
2752 3673 2846 3713 eos
2888 3669 3070 3727 gratos
3119 3662 3484 3725 probatusque
3512 3670 3633 3711 esse
3670 3691 3689 3720 ,

2121 3754 2319 3824 quippe
2353 3750 2445 3820 qui
2479 3748 2712 3818 Spiritus
2735 3747 2907 3801 sancti
2940 3746 3112 3816 gratia
3143 3744 3290 3815 digni
3348 3744 3473 3797 lacti
3498 3757 3625 3798 sunt
3671 3761 3685 3797 :

2120 3853 2174 3900 et
2195 3860 2259 3900 ex
2293 3840 2553 3913 propheta
2582 3840 2731 3893 clare
2779 3835 3069 3891 annuntiat
3118 3833 3354 3904 Spiritus
3401 3832 3687 3887 abundau-

2124 3937 2276 4001 tiam,
2304 3940 2467 4003 quam
2501 3931 2608 3986 illis
2658 3934 2916 3998 tanquam
2967 3924 3238 3997 primitias
3292 3922 3554 3994 elargitus
3580 3931 3686 3976 est.

2120 4023 2533 4081 Annnntiahant
2580 4030 2760 4075 autem
2794 4038 2813 4072 ι
2854 4016 3239 4089 prophetantcs
3270 4035 3289 4068 ι
3338 4012 3463 4089 (hoc
3490 4021 3574 4068 est
3607 4013 3690 4065 in-

454 4111 639 4181 φητών
673 4111 768 4164 ἐπὶ
834 4111 1053 4180 Χριστῷ
1111 4111 1411 4181 μυστήρια.
1446 4111 1611 4175 Υἱοὺς
1677 4112 1788 4184 γὰρ
1836 4112 2015 4166 αὐτῶν

2127 4098 2456 4188 telligentcs,
2509 4128 2629 4183 qua:
2658 4111 2928 4181 dicebant)
2969 4106 3173 4165 Christi
3228 4107 3511 4180 mysteria,
3560 4121 3685 4175 qua:

452 4206 580 4266 τοὺς
610 4202 941 4265 ἀποστόλους
990 4200 1249 4255 ἐκάλεσεν
1272 4203 1301 4254 ὁ
1330 4204 1635 4272 προφήτης,
1695 4200 1884 4272 ὥσπερ
1922 4201 2015 4256 καί

2128 4209 2410 4280 propheta:
2441 4202 2828 4276 prmdixerant.
2865 4219 2884 4253 ι
2924 4198 3358 4269 Filiosipsorum
3413 4215 3433 4249 ι
3471 4204 3690 4266 aposto—

452 4296 480 4347 ὀ
509 4292 700 4362 Σωτὴρ
728 4292 931 4346 amav-
969 4309 989 4343 ι
1020 4291 1089 4347 Ei.
1143 4290 1257 4361 ἐγὼ
1303 4293 1363 4345 ὲν
1392 4288 1723 4355 Βεελζεῦοὺλ
1776 4290 2023 4347 ἐκϐάλλω

450 4384 519 4437 τὰ
544 4382 820 4453 δαιμόνια,
853 4383 904 4435 οί
935 4383 1043 4435 elei.
1071 4382 1225 4451 ὑμῶν
1275 4382 1337 4434 ἑν
1371 4380 1477 4436 τίνι
1500 4381 1822 4435 ἐκϐάλλουσι
1852 4401 1866 4449 ;
1898 4400 1917 4435 ι
1954 4382 2028 4435 Τὸ

455 4473 512 4526 δὲ
543 4476 634 4527 καὶ
676 4473 981 4543 θυγατέρας
1014 4472 1390 4544 προφητεῦσαι
1425 4473 1599 4526 εἰπεῖν
1655 4472 1897 4527 δείκνυσι
1962 4474 2026 4526 τὸ

456 4566 555 4634 τῆς
582 4565 802 4635 χάριτος
826 4563 1069 4632 δαψιλές.
1120 4566 1498 4635 Προεφήτευον
1527 4566 1584 4617 δὲ
1623 4565 1717 4617 καὶ
1762 4562 2020 4632 γυναῖκες

458 4660 549 4711 ἐπὶ
575 4656 684 4709 τῶν
725 4655 1063 4717 ἀποστόλων,
1097 4649 1172 4708 ὧν
1201 4650 1345 4725 ἦσαν
1396 4656 1491 4708 καὶ
1523 4654 1582 4707 αί
1609 4653 1704 4707 τοῦ
1749 4654 2019 4708 Φιλίππου

464 4768 482 4801 ι
509 4751 771 4820 τέσσαρες
801 4748 1100 4820 θυγατέρες
1130 4749 1599 4820 προφητεύουσαι.
1629 4768 1648 4802 ι
1710 4746 2021 4821 119306011-

462 4856 586 4906 ρους
609 4839 664 4892 δὲ
692 4842 968 4905 ἐνυπνίοις
992 4840 1520 4913 ἐνυπνιασθήσεσθαί
1551 4857 1707 4912 φησι,
1733 4840 1830 4895 καὶ
1881 4841 2016 4912 ὁρά-

536 5001 579 5031 ¹²
598 5001 785 5059 Matth.
815 5020 913 5071 xu,
939 5004 1029 5058 27.

2123 4301 2205 4356 los
2232 4299 2526 4369 appellavit
2556 4295 2840 4366 propheta,
2893 4288 3350 4362 quemadmodum
3415 4296 3469 4344 et
3494 4286 3687 4342 Salvao

2123 4397 2234 4447 tor,
2263 4396 2386 4441 cum
2440 4384 2576 4438 dixit
2609 4404 2621 4437 :
2654 4401 2672 4434 ι
2708 4378 2764 4437 Si
2820 4390 2920 4451 ego
2952 4381 3006 4433 in
3041 4377 3342 4433 Beelzebub
3382 4376 3542 4447 ejicio
3576 4376 3689 4429 da:-

2125 4479 2327 4539 ntouia’,
2348 4475 2441 4528 lilii
2473 4472 2654 4528 vestri'
2679 4472 2729 4525 in
2763 4484 2870 4541 quo
2902 4470 3130 4540 ejiciunt
3160 4469 3242 4523 "Y
3267 4488 3287 4522 ι
3324 4467 3561 4524 υἱοιιιιιιο
3587 4483 3689 4520 an-

2128 4578 2237 4623 tem
2271 4576 2324 4620 et
2362 4583 2381 4616 t
2416 4562 2551 4617 filias
2592 4581 2610 4614 ι
2665 4563 3040 4631 propliclasse',
3069 4559 3305 4615 ostendit
3364 4558 3549 4629 gratia:
3579 4557 3689 4611 lar-

2126 4659 2367 4729 gitatem.
2401 4653 2804 4723 Proplietabaut
2837 4658 3017 4705 autem
3066 4648 3230 4705 etiam
3273 4652 3528 4704 mulieres
3557 4653 3691 4716 apo;

2126 4749 2391 4806 stolarum
2424 4752 2690 4815 tempore,
2719 4752 2786 4797 ex
2818 4744 3016 4812 quibus
3043 4748 3199 4798 erant
3235 4760 3253 4792 ι
3292 4748 3527 4812 quatuor
3560 4738 3687 4793 Phi-

2126 4840 2259 4911 lippi
2284 4834 2407 4893 tiliae
2439 4836 2850 4908 prophetante‘s.
2883 4829 3079 4888 Su'bdit
3114 4850 3132 4885 ι
3180 4832 3423 4888 seniores
3475 4828 3689 4886 somnia

1609 5160 1818 5223 Varia;
1861 5158 2171 5223 lectiones
2213 5165 2278 5222 et
2315 5162 2502 5222 natm.

535 5303 556 5336 ⁸
578 5303 663 5357 Ia.
696 5300 930 5371 ικουσιν.
1005 5302 1025 5332 ⁷
1050 5301 1137 5355 ιον.
1168 5301 1311 5356 tite.

535 5484 850 5560 (G)_Nempe
891 5486 1197 5560 gentilium,
1246 5489 1336 5559 qui
1376 5486 1619 5547 furenies
1666 5489 1891 5546 oracula
1927 5505 2024 5547 sua

462 5554 783 5613 fundebant.

2206 5488 2282 5558 (7)
2296 5486 2512 5544 Scilicet
2545 5487 2778 5559 apostoli
2801 5488 2967 5543 libere
2981 5486 3283 5560 agebantet
3300 5485 3687 5560 loquebantur,

2132 5557 2279 5627 quad
2309 5566 2395 5615 est
2424 5557 2699 5629 proprium
2733 5557 3046 5614 sanctorum
3073 5557 3483 5627 prophetarum.
3514 5576 3519 5581 ‘
