4088 6206
402 263 509 328 867

1329 246 1908 313 THEOPHYLACTI
1946 244 2358 309 BULGARUE
2400 243 2762 306 ARCHIEP.

3548 242 3657 309 868

397 372 793 438 somniaturos,
823 377 877 426 et
918 370 1150 440 juvenes
1175 366 1421 423 visiones
1438 368 1658 421 visuros
1689 365 1770 411 ’⁸.·
1795 365 1980 420 senio-

2087 379 2200 426 σεις
2223 360 2453 432 ὄψεσθαι
2481 361 2606 423 τοὺς
2633 359 2947 422 νεανίσκους
2972 376 2985 391 ο
3016 358 3389 432 πρεσϐυτικὴν
3441 360 3661 430 ἠλικίαν

395 486 511 524 rem
542 479 755 524 aetatem
787 480 987 521 vocans
1006 478 1149 529 eam,
1188 478 1308 534 quae
1331 461 1714 532 magnitudine
1759 459 1981 514 virtutis

398 571 653 632 provecta
710 568 795 615 est
833 572 896 613 ac
938 558 1292 627 praecellens,
1315 563 1370 609 et
1397 553 1562 609 veluti
1584 552 1751 609 claris
1778 551 1985 606 facino-

396 653 551 707 ribus
580 649 821 705 canescit
849 666 862 702 :
890 648 1232 718 juventutem
1281 660 1411 702 vero
1457 660 1576 700 eam
1600 684 1617 710 ,
1648 659 1768 715 quae
1797 643 1849 696 in
1881 642 1983 697 [ide

396 743 554 797 fortis
585 749 668 795 est
698 749 751 795 et
818 740 884 794 ad
924 740 1131 794 bonum
1183 739 1403 794 alacris.
1451 736 1555 791 Sed
1607 735 1980 806 po'estctiam

395 835 464 889 de
493 842 650 888 aetate
681 832 994 887 senioribus
1038 839 1093 884 et
1119 831 1435 899 junioribus
1463 829 1566 883 hoe
1624 826 1847 893 intelligi
1893 825 1981 876 di-

404 935 575 979 ctum.
611 944 629 976 ι
674 925 737 976 Et
759 923 900 976 dabo
936 921 1206 993 prodigia.
1243 940 1262 973 ›
1297 920 1420 974 Ιιαξο
1454 922 1520 974 de
1553 918 1740 972 futuro
1771 914 1982 984 judicio

397 1029 451 1072 ιι
477 1021 541 1072 ale
574 1016 877 1072 Jerusalem
920 1021 998 1070 ait
1032 1024 1086 1069 et
1115 1015 1183 1069 de
1200 1012 1447 1066 Romana
1476 1010 1793 1080 captivitate
1828 1022 1842 1058 :
1876 1004 1979 1068 vel,

399 1124 521 1177 qua:
548 1106 816 1160 crucilixo
845 1104 1072 1158 Domino
1115 1112 1378 1156 eventura
1422 1108 1602 1157 erant,
1633 1096 1895 1155 declarat,
1920 1107 1983 1147 ac

398 1213 482 1260 ca,
530 1212 651 1266 qua:
701 1206 923 1266 propter
977 1196 1156 1263 ipsum
1221 1192 1431 1246 Judzeis
1483 1206 1547 1243 ex
1607 1189 1979 1242 Romanorum

400 1289 543 1344 bello
567 1288 819 1343 accidere
844 1286 1143 1340 debebant.
1171 1283 1307 1336 Nam
1333 1290 1386 1335 et
1412 1291 1651 1349 tempore
1673 1275 1983 1331 crueitixio-

402 1360 523 1443 nis,
548 1379 617 1432 ob
652 1379 1012 1446 impietatem,
1065 1389 1227 1444 quam
1263 1373 1315 1425 in
1363 1372 1645 1426 Christum
1677 1381 1983 1441 exercuere

397 1471 593 1533 Judaei,
617 1472 731 1539 ipsa
763 1470 1185 1527 elementorum,
1218 1481 1280 1518 ac
1338 1465 1490 1528 solis,
1517 1471 1571 1517 et
1609 1462 1748 1514 luuze
1787 1468 1981 1511 natura

398 1574 694 1629 aagrescere
726 1566 779 1612 et
810 1557 1079 1627 indignari
1105 1558 1220 1610 visa
1249 1563 1369 1618 est;
1407 1564 1456 1605 et
1486 1551 1685 1605 bellmn
1718 1546 1981 1601 Romanis

399 1659 589 1702 contra
615 1649 762 1718 ipsos
784 1647 1123 1718 gerentibus,
1172 1646 1339 1698 multa
1376 1640 1690 1711 hujusmodi
1735 1641 1787 1692 in
1841 1636 1981 1692 cmlo

2084 455 2259 524 λέγων
2303 455 2404 527 τὴν
2438 454 2782 525 estadd-squ,“
2805 454 3010 524 ἀρετῆς
3059 454 3408 525 προῦχουσάν
3454 473 3513 509 τε
3567 459 3664 511 καὶ

2087 546 2515 616 ὑπερκειμένην,
2546 545 2640 598 καὶ
2694 542 2860 597 οἱονεὶ
2919 544 3195 615 λαμπροῖς
3245 545 3663 617 πεπολιωμένην

2084 635 2473 707 κατορθώμασι
2500 652 2514 666 ⁶
2541 635 2772 706 νεότητα
2800 635 2880 697 δὲ,
2907 635 3004 704 τὴν
3034 637 3092 689 ἐν
3141 635 3322 689 πίστει
3359 637 3512 707 ίσχὺν
3568 639 3664 690 καὶ

2082 728 2444 798 ἀκμάζουσαν
2474 729 2554 791 είς
2588 730 2646 781 τὸ
2677 728 2904 797 ἀγαθόν.
2933 729 3173 781 Δύναται
3227 728 3282 781 δὲ
3338 732 3430 783 καὶ
3462 731 3660 801 αἰσθη-

2083 822 2189 882 τῶς
2254 821 2346 871 ἐπὶ
2406 818 2794 891 πρεσϐυτέρων
2845 820 2941 873 καὶ
2992 821 3277 889 νεωτέρων
3321 820 3558 874 νοεῖσθαι
3600 823 3661 876 τὸ

2087 910 2269 981 ῥητόν.
2309 912 2449 964 ιΚαὶ
2477 909 2632 963 δώσω
2658 912 2918 981 τέρατα.»
2948 910 3135 964 Ταῦτα
3153 912 3284 983 περὶ
3311 911 3411 979 τῆς
3439 912 3664 981 μελλού-

2087 1019 2189 1071 σης
2224 1002 2463 1072 κρίσεως
2487 1001 2585 1055 καὶ
2622 1001 2885 1072 περὶτῶν
2922 1001 3318 1073 Ἰεροσολύμων
3353 1004 3510 1073 φησὶ,
3569 1008 3663 1059 καὶ

2083 1099 2180 1167 τῆς
2215 1094 2320 1147 ὑπὸ
2369 1093 2663 1164 Ῥωμαίων
2690 1093 3091 1164 αἰχμαλωσίας,
3121 1095 3239 1165 ήτοι
3306 1094 3376 1148 τὰ
3430 1096 3523 1150 ἐπὶ
3585 1097 3664 1167 τῷ

2087 1188 2310 1257 σταυρῷ
2340 1187 2433 1241 τοῦ
2466 1185 2706 1259 Χριστοῦ
2739 1187 3080 1257 γενησόμενα
3137 1187 3306 1257 δηλοῖ,
3337 1188 3434 1241 καὶ
3474 1189 3545 1242 τὰ
3594 1189 3663 1243 δι’

2085 1279 2249 1334 αὑτὸν
2275 1282 2390 1342 τοῖς
2425 1278 2709 1341 Ἰουδαίοις
2747 1261 3119 1349 συμϐαίνοντα
3148 1279 3236 1332 διὰ
3253 1279 3347 1333 τοῦ
3372 1282 3661 1352 Ῥωμαίων

2086 1372 2351 1442 πολέμου.
2376 1372 2485 1424 Καὶ
2517 1372 2625 1441 γὰρ
2648 1372 2746 1423 καὶ
2775 1371 2875 1424 ἐπὶ
2897 1371 2991 1423 τοῦ
3028 1371 3265 1442 σταυροῦ
3289 1372 3381 1425 ἐπὶ
3407 1376 3527 1436 ταῖς
3554 1373 3663 1427 τῶν

2086 1460 2357 1515 Ἰουδαίων
2381 1461 2723 1524 δυσσεϐείαις
2738 1463 2859 1523 ταῖς
2888 1461 2969 1524 είς
2994 1462 3230 1533 Χριστὸν
3250 1452 3675 1535 γεγενομέναιςξ

2087 1553 2334 1623 καὶαύτὴ
2367 1555 2475 1606 τῶν
2504 1553 2781 1622 στοιχείων
2813 1552 3213 1625 δεδυσντςόρηκεν
3243 1555 3276 1624 ἡ
3303 1555 3483 1624 φύσις,
3512 1554 3661 1627 ἡλίου

2086 1646 2181 1698 καὶ
2212 1646 2462 1717 σελήνης.
2489 1645 2720 1713 Λέγεται
2737 1645 2795 1698 δὲ
2822 1646 2916 1698 ἐπὶ
2941 1645 3034 1698 τοῦ
3071 1646 3360 1716 Ῥωμαίων
3387 1648 3650 1717 πολέμςυ,

403 1709 727 1813 εοιιιίεἰειέο,
758 1709 1033 1809 Iosephus
1080 1737 1378 1790 historicus
1438 1733 1623 1787 tradit.
1662 1729 1752 1785 Vel
1783 1730 1884 1784 hoc
1912 1744 1977 1784 ex

2092 1735 2264 1788 πολλὰ
2289 1735 2517 1788 τοιαῦτα
2543 1734 2873 1804 γεγενῆσθαι
2909 1738 2967 1788 ὲν
2992 1737 3227 1808 οὐρανῷ,
3263 1738 3443 1801 καθὼς
3470 1737 3664 1809 Ἰώση-

401 1832 689 1886 alieetione
745 1844 959 1888 eorum,
1001 1841 1120 1895 qua:
1152 1824 1453 1892 patiuntur,
1496 1822 1710 1874 accidit.
1751 1836 1769 1868 ι
1830 1818 1977 1872 Diem

404 1934 581 1977 autem
606 1922 819 1977 Domini
855 1934 1111 1988 magnum
1143 1924 1199 1970 et
1242 1913 1593 1969 manifestum
1630 1930 1649 1962 ι
1708 1912 1850 1965 diem
1890 1925 1976 1963 re.

402 2010 762 2063 sm-reetionis
791 2004 1064 2076 intelligit.
1115 2002 1251 2056 Illud
1287 2016 1437 2068 vero,
1470 2018 1488 2052 ι
1530 1998 1720 2054 Omnis
1740 1996 1977 2067 quicun-

402 2117 508 2172 que
539 2098 874 2153 invocaverit
925 2111 1123 2150 nomen
1154 2091 1391 2155 Domini,
1420 2091 1606 2145 salvus
1638 2090 1764 2151 erit,
1814 2104 1833 2138 ι
1870 2102 1978 2140 non

403 2190 474 2245 de
504 2189 647 2244 nuda
689 2202 753 2243 ac
782 2186 1023 2257 simplici
1071 2183 1420 2237 invocatione
1453 2180 1615 2250 200
1672 2179 1981 2248 intelligen-

406 2284 536 2337 dum
559 2324 575 2349 ,
605 2282 701 2337 sed
731 2281 798 2335 de
827 2294 912 2346 ea,
944 2292 1065 2349 qua:
1087 2276 1143 2330 lit
1172 2291 1294 2331 cum
1331 2275 1548 2337 atl‘eetu,
1578 2282 1725 2328 recta
1749 2273 1882 2328 ‘vita
1920 2286 1984 2326 ac

403 2391 644 2447 congrua
674 2374 893 2429 liducia.
949 2392 968 2425 ι
997 2370 1118 2427 Νοιι
1148 2371 1294 2426 enim
1336 2350 1515 2424 omnis
1545 2369 1637 2437 qui
1669 2368 1798 2422 dicit
1826 2366 1980 2432 mihi,

402 2466 653 2531 Domine,
678 2449 926 2529 Domine,
962 2461 1189 2517 intrabit
1226 2460 1281 2515 in
1311 2474 1536 2530 regnum
1562 2460 1856 2522 cmlorum,
1886 2457 1982 2512 sed

401 2557 493 2626 qui
513 2556 641 2610 facit
660 2557 993 2610 voluntatem
1022 2551 1202 2607 Patris
1230 2552 1358 2617 mei,
1382 2551 1473 2621 qui
1502 2551 1734 2626 incmjis
1756 2558 1840 2604 est
1856 2548 1924 2602 “.
1954 2565 1974 2599 ι

650 2742 805 2799 Feria
830 2750 1025 2813 quarta
1063 2741 1410 2796 hrbdmnatlze
1434 2739 1734 2795 Paschalis.

406 2836 482 2891 De
508 2838 777 2907 passione,
845 2836 1227 2889 resurrectione
1276 2845 1324 2887 et
1373 2836 1678 2888 ascensione
1697 2831 1895 2888 Christi
1933 2841 1985 2886 et

829 2929 1079 2980 missione
1101 2924 1332 2994 Spiritus
1362 2925 1559 2984 s..ncti.

1039 3110 1340 3166 TEXTUS.

477 3203 540 3269 II,
566 3203 752 3257 22-56.
776 3201 832 3256 in
856 3204 1049 3257 diebus
1073 3204 1181 3256 illis
1198 3205 1336 3256 dixit
1363 3204 1554 3258 Petrus
1589 3204 1655 3256 ad
1687 3206 1943 3273 p0puluut
1970 3224 1985 3261 :

407 3295 520 3351 Viri
547 3295 824 3359 Israelitze,
844 3295 1031 3348 audite
1057 3295 1219 3347 verba
1244 3295 1354 3348 haze
1386 3311 1400 3348 :
1429 3291 1612 3349 Jesum
1645 3295 1986 3351 Nazarcnum

405 3388 579 3442 virum
606 3386 963 3456 approbatum
991 3400 1019 3436 ιι
1042 3383 1150 3437 Deo
1179 3382 1232 3437 in
1262 3383 1441 3450 Vobis,
1470 3387 1764 3442 virtutibus
1786 3396 1840 3441 et
1860 3403 1988 3457 pro-

404 3480 569 3550 digiis
594 3488 648 3531 et
674 3476 848 3547 signis
870 3490 994 3545 qua:
1022 3474 1153 3528 fecit
1186 3474 1328 3529 Deus
1365 3491 1461 3545 per
1515 3477 1664 3530 illum
1728 3478 1781 3531 in
1810 3479 1988 3534 medio

406 3571 597 3634 vestri,
622 3571 766 3624 sicut
789 3577 841 3621 et
866 3582 965 3622 vos
1020 3565 1193 3631 scitis,
1223 3567 1368 3622 hunc
1427 3568 1650 3624 delinito
1687 3570 1913 3625 consilio
1935 3581 1989 3625 et

404 3661 751 3734 praescientia
783 3660 876 3715 Dei
930 3661 1220 3725 traditum,
1276 3677 1372 3731 per
1427 3678 1621 3716 manus
1671 3663 1984 3735 iniquorum

407 3758 682 3827 adigentes
710 3754 1087 3809 interetnistis.
1129 3757 1300 3820 Quem
1333 3755 1474 3810 Deus
1505 3759 1813 3822 suscitavit,
1846 3761 1992 3814 salu:

408 3850 480 3903 tis
508 3848 792 3902 doloribus
820 3845 1042 3912 inferni,
1066 3846 1221 3912 juxta
1237 3846 1383 3915 quod
1405 3848 1745 3916 impossibile
1764 3858 1881 3903 erat
1910 3860 1988 3903 te-

406 3943 522 3996 neri
553 3941 704 3995 illum
735 3939 801 3993 ab
822 3953 906 3993 eo.
932 3937 1101 3992 David
1124 3937 1422 4006 enim_dicit
1455 3939 1508 3993 in
1533 3955 1657 3993 eum
1687 3941 1759 3994 “z
1802 3959 1820 3991 ι
1856 3941 1988 3995 Pro-

405 4034 651 4088 videbam
688 4031 975 4086 Dominum
1013 4030 1066 4084 in
1098 4038 1400 4100 conspectu
1428 4045 1550 4085 meo
1576 4046 1985 4101 semperzquo‘

404 4131 550 4180 niam
576 4142 604 4178 a
654 4125 864 4180 dextris
907 4131 991 4178 est
1011 4123 1144 4177 mihi
1190 4138 1259 4179 ne
1292 4138 1665 4178 commovear.
1699 4142 1718 4175 ι
1756 4122 1988 4193 Propter

409 4219 881 4273 hocla-tatumcst
935 4232 1030 4272 cor
1092 4232 1298 4287 meum,
1345 4224 1399 4271 et
1447 4216 1743 4270 exsultavit
1802 4217 1983 4287 lingua

407 4309 792 4378 mea,insuper
823 4318 1027 4363 etearo
1054 4322 1170 4362 mea
1208 4307 1517 4377 requiescet
1570 4306 1625 4361 in
1664 4302 1761 4377 spe
1794 4324 1807 4360 :
1844 4322 1984 4376 quo-

2089 1845 2188 1891 πος
2218 1829 2441 1899 ἱστορεῖ.
2488 1829 2644 1880 Ἤτοι
2670 1828 2778 1881 ἀπὸ
2800 1830 2899 1897 τῆς
2928 1828 3222 1893 διαθέσεως
3272 1831 3379 1883 τῶν
3433 1834 3665 1903 πασχόν-

2085 1935 2194 1973 των
2222 1919 2380 1972 τοῦτο
2413 1920 2640 1985 γίνεται.
2707 1941 2725 1971 ι
2762 1920 3011 1992 Ἱίμέραν
3045 1922 3101 1975 δὲ
3150 1923 3357 1995 Κυρίου
3407 1926 3649 1996 μεγάλην

2088 2011 2185 2063 καὶ
2249 2012 2535 2081 ἐπιφανῆ»
2579 2013 2679 2082 τὴν
2709 2014 2809 2083 τῆς
2864 2013 3210 2076 ἁναστάσεώς
3246 2018 3401 2085 φησι.
3456 2017 3531 2069 Τὸ
3575 2017 3656 2082 δὲ,

2095 2122 2113 2154 ι
2150 2103 2263 2165 Πᾶς
2289 2102 2347 2165 ὃς
2375 2102 2441 2156 ἂν
2480 2104 2880 2175 ἁπικαλέσηται
2912 2105 2971 2157 τὸ
2995 2103 3166 2177 ὄνομα
3224 2106 3430 2176 Κυρίου
3486 2108 3634 2177 σωθὴ
3660 2148 3663 2149 ν

2092 2212 2263 2261 σεταιυ,
2296 2213 2315 2247 ι
2349 2195 2470 2265 οὐχὶ
2509 2195 2569 2248 τὸ
2596 2197 2785 2261 ἁπλῶς
2829 2196 3259 2251 ἑπικαλέσασθαί
3311 2217 3498 2270 φησιν,
3527 2201 3662 2254 ἀλλὰ

2090 2286 2151 2340 τὸ
2182 2287 2320 2356 μετὰ
2349 2286 2668 2352 διαθέσεως,
2697 2288 2836 2358 μετὰ
2893 2287 3008 2360 βίου
3047 2289 3296 2358 ἀρίστου,
3334 2292 3474 2362 μετὰ
3525 2295 3665 2364 παρ-

2093 2378 2293 2449 ρησίας
2347 2380 2439 2447 τῆς
2480 2379 2887 2448 προσηκούσης.
2927 2399 2945 2432 ι
2973 2374 3048 2434 σὺ
3084 2381 3193 2453 γὰρ
3235 2382 3263 2434 ὁ
3294 2381 3468 2451 λέγων
3522 2400 3612 2454 μοι
3642 2425 3659 2449 ,

2091 2469 2285 2540 Κύριε,
2322 2469 2517 2540 Κύριε,
2571 2470 2939 2525 είσε>.εὐσεται
2965 2474 3043 2535 εἰς
3091 2473 3190 2544 τὴν
3245 2472 3658 2542 βασιλείαν“τῶν

2089 2561 2355 2631 οὐρανῶν,
2422 2560 2538 2613 ἀλλ’
2560 2563 2588 2615 ὁ
2645 2562 2812 2616 ποιῶν
2845 2562 2906 2616 τὸ
2944 2563 3155 2635 θέλημα
3193 2564 3285 2618 τοῦ
3318 2566 3528 2636 Πατρός
3559 2582 3663 2636 μου

2090 2653 2185 2706 τοῦ
2215 2654 2270 2705 ἐν
2294 2655 2562 2723 οὐρανοῖς.
2592 2673 2611 2703 ι

2376 2745 2455 2815 Τῇ
2498 2747 2735 2817 τετάρτῃ
2764 2746 2862 2817 τῆς
2894 2748 3348 2819 Διακαινησίμου.

2091 2832 2230 2901 Περί
2293 2833 2522 2898 πάθους
2570 2836 2667 2887 καί
2710 2835 3125 2903 ἀναστάσεως,
3157 2839 3255 2893 καί
3304 2838 3668 2908 ἀναλήψεως

2161 2924 2268 2979 τοῦ
2315 2914 2611 2995 Χριστοῦ,
2653 2927 2873 2997 δωρεᾶς
2905 2947 2969 2984 τε
3018 2932 3125 2987 τοῦ
3177 2931 3351 3002 ἁγίου
3402 2935 3672 3005 Πνεῦμα-

2163 3033 2285 3082 τος.
2942 3075 2944 3077 .

2699 3113 3091 3170 κειΜεΝοΝ.
3266 3164 3293 3183 ,

2162 3198 2251 3252 Ἐν
2281 3201 2398 3264 ταῖς
2426 3201 2663 3275 ἡμέραις
2706 3205 2967 3271 ἐκείναις,
3015 3202 3135 3261 εἷπε
3168 3208 3374 3281 Πέτρας
3406 3209 3543 3282 πρὸς
3573 3209 3665 3264 τὸν

2090 3289 2220 3343 λαόν
2257 3307 2274 3324 ο
2332 3293 2561 3363 Ἄνδρες
2603 3296 2956 3367 Ἰσραηλῖται,
3007 3299 3277 3354 ἀκούσατε
3319 3302 3446 3367 τοὺς
3476 3303 3666 3371 λόγους

2093 3382 2352 3447 τούτουςο
2401 3385 2612 3456 Ἰησοῦν
2672 3385 2765 3441 τὸν
2823 3387 3169 3459 Ναζωραῖον,
3207 3391 3377 3464 ἄνδρα
3418 3392 3526 3447 ἀπὸ
3571 3393 3666 3448 τοῦ

2089 3473 2227 3528 Θεοῦ
2257 3476 2713 3548 ἀποδεδειγμένον
2740 3480 2820 3543 είς
2853 3481 2998 3550 ὑμᾶς
3033 3482 3299 3552 δυνάμεσι
3337 3484 3431 3539 καὶ
3478 3487 3669 3554 τέρασι

2089 3566 2185 3620 καὶ
2223 3568 2492 3638 σημείοις,
2522 3565 2603 3634 οἷς
2629 3571 2855 3640 εποίησε
2889 3573 2955 3627 δι’
2993 3574 3159 3628 αὐτοῦ
3192 3579 3220 3630 δ
3252 3577 3383 3639 Θεδς
3413 3579 3471 3630 ἐν
3516 3579 3668 3647 μέσῳ

2089 3658 2264 3727 ὑμῶν,
2298 3661 2478 3722 καθὼς
2510 3661 2604 3714 καὶ
2638 3664 2796 3716 αὐτοὶ⁸
2832 3664 3034 3731 οἴδατε,
3067 3667 3258 3721 τοῦτον
3286 3673 3351 3741 τῇ
3383 3661 3667 3743 ὡρισμένῃ

2089 3750 2252 3822 βουλῇ
2294 3754 2388 3805 καὶ
2446 3755 2754 3823 προγνώσει
2797 3756 2891 3810 τοῦ
2947 3758 3083 3812 Θεοῦ
3140 3760 3354 3815 ἔκδοτον
3385 3764 3665 3827 λαϐόντες,

2086 3842 2173 3893 διὰ
2201 3842 2402 3911 χειρῶν
2440 3843 2661 3914 ἀνόμων
2702 3847 3122 3916 προσπήξαντες
3180 3850 3448 3903 ἀνείλετε.
3494 3853 3591 3902 ⁸ον
3635 3852 3665 3902 ό

2086 3933 2216 3992 θεὸς
2247 3935 2535 4006 ἀνέστησε,
2596 3936 2764 4001 λύσας
2820 3939 2917 3999 τὰς
2979 3939 3172 4004 ὠδῖνας
3249 3940 3344 3995 τοῦ
3406 3942 3662 4010 θανάτου,

2087 4025 2274 4078 καθότι
2300 4027 2400 4080 οὐκ
2427 4023 2496 4098 ἦν
2511 4028 2739 4082 δυνατὶν
2774 4032 3095 4099 κρατεῖσθαι
3147 4034 3310 4086 αὑτὸν
3339 4034 3433 4087 ὑπ’
3464 4036 3660 4090 αὐτοῦ.

2087 4120 2250 4172 Δαϐὶδ
2286 4122 2393 4190 γὰρ
2420 4120 2571 4187 λέγει
2593 4122 2671 4183 εἰς
2704 4121 2900 4175 αὐτόν·
2935 4123 3290 4194 Προωρώμην
3342 4127 3434 4178 τὸν
3457 4125 3662 4197 Κύριον

2088 4212 2319 4265 ἐνώπιόν
2378 4200 2479 4279 μου
2535 4212 2622 4264 διὰ
2654 4214 2876 4279 παντὸς,
2904 4215 2987 4267 ὅτι
3017 4216 3081 4268 ἐκ
3117 4215 3310 4280 δεξιῶν
3355 4218 3457 4288 μού
3490 4221 3659 4283 ἐστιν,

2091 4303 2177 4354 ἵνα
2216 4301 2291 4371 μὴ
2324 4301 2591 4355 σαλευθῶ.
2624 4304 2723 4355 Διά
2747 4302 3217 4377 τοῦτοεὺφράνθη
3248 4311 3283 4377 ή
3310 4311 3507 4380 καρδία
3535 4329 3658 4381 μου,

407 4401 551 4454 uiam
576 4416 681 4454 non
708 4399 1055 4468 derelinques
1073 4398 1312 4453 animam
1331 4413 1506 4453 meam
1543 4398 1598 4452 in
1624 4397 1860 4461 inferno,
1883 4414 1983 4453 nec

2089 4393 2184 4446 καὶ
2209 4391 2576 4460 ἠγαλλιάσατο
2606 4394 2639 4464 ἡ
2680 4394 2900 4461 γλῶσσά
2934 4413 3059 4465 μου.
3096 4399 3215 4450 Ἔτι
3240 4399 3297 4452 δὲ
3328 4403 3421 4454 καὶ
3455 4404 3484 4470 ή
3524 4404 3661 4472 σάρξ

407 4490 561 4543 dabis
603 4498 857 4545 sanetum
891 4499 1042 4543 tuum
1086 4488 1271 4542 videre
1325 4490 1756 4553 corruptionem.
1820 4485 1988 4542 Notas

409 4581 541 4632 mihi
580 4580 760 4635 fecisti
819 4580 941 4633 vias
974 4580 1097 4633 vita:
1131 4595 1145 4631 :
1182 4587 1236 4630 et
1264 4577 1496 4646 replebis
1525 4593 1611 4633 me
1646 4580 1987 4647 jucunditate

409 4688 532 4725 cum
574 4674 709 4726 taeie
741 4682 856 4725 tua.
880 4670 990 4724 Viri
1018 4669 1245 4734 fratres,
1288 4670 1449 4724 liceat
1503 4670 1772 4727 audenter
1805 4671 1988 4726 dicere

409 4764 477 4815 ad
512 4777 607 4816 vos
624 4761 691 4815 de
727 4762 1035 4831 patriarcha
1062 4760 1251 4828 David,
1291 4763 1559 4832 quoniam
1590 4762 1882 4817 defunctus
1904 4773 1989 4818 est

408 4840 776 4922 et'sepultus.
819 4864 873 4909 et
909 4854 1224 4924 sepulcrum
1247 4856 1369 4926 ejus
1402 4861 1486 4910 est
1515 4854 1658 4925 apud
1676 4870 1779 4910 nos
1812 4868 1984 4924 usque

408 4944 463 4998 in
497 4944 823 4999 hodiernum
865 4944 1031 4999 diem.
1062 4943 1331 5015 Propheta
1366 4943 1532 5014 igitur
1561 4958 1686 4998 cum
1710 4942 1896 5008 'esset,
1930 4952 1985 4998 et

408 5036 594 5100 sciret,
624 5037 753 5107 quia
774 5037 1134 5109 jurejurando
1160 5036 1405 5106 jurasset
1427 5035 1501 5089 illi
1523 5034 1769 5098 Deus,de
1804 5032 1982 5088 fructu

410 5127 581 5182 lumbi
608 5128 731 5197 ejus
762 5129 956 5185 sedere
987 5144 1153 5200 super
1171 5127 1358 5183 sedem
1413 5128 1554 5193 ejus,
1574 5123 1867 5193 providens
1906 5124 1985 5180 lo-

409 5230 572 5275 cutus
598 5229 678 5275 est
706 5221 773 5276 de
810 5220 1214 5275 resurrectione
1248 5216 1477 5282 Christi,
1509 5215 1635 5285 quia
1675 5230 1854 5284 neque
1887 5215 1980 5271 de-

410 5312 636 5367 relictus
658 5319 744 5367 est
773 5312 825 5366 in
853 5309 1087 5377 inferno,
1134 5323 1308 5378 neque
1339 5321 1471 5362 caro
1500 5310 1620 5376 ejus
1642 5306 1773 5359 vidit
1792 5319 1983 5360 corru-

483 5470 527 5503 ¹³
558 5472 681 5526 Act.
719 5482 827 5537 ut,
875 5472 931 5526 9.
1012 5469 1055 5503 "‘
1091 5466 1282 5525 Matth.
1320 5469 1529 5538 vu,2|.

1635 5471 1677 5502 ¹⁸
1706 5469 1848 5523 Psal.
1877 5486 1964 5534 xv,
1994 5472 2052 5525 8.

2092 4499 2196 4551 μου
2233 4479 2657 4551 κατασκηνώσει
2690 4483 2777 4535 ἐπ’
2816 4485 3027 4539 ἐλπίδι·
3063 4486 3146 4539 ὅτι
3188 4489 3289 4542 οὐκ
3338 4491 3660 4558 ἐγκαταλεί-

2084 4574 2205 4644 ψεις
2232 4573 2334 4642 τὴν
2372 4572 2553 4643 ψυχήν
2587 4592 2689 4644 μου
2724 4578 2801 4638 είς
2830 4576 2985 4647 ᾅδην,
3017 4580 3137 4632 οὐδὲ
3174 4580 3367 4644 δώσεις
3391 4582 3481 4635 τὸν
3513 4584 3660 4637 ὅσιόν

2088 4681 2182 4716 σου
2226 4666 2355 4718 ίδεῖν
2394 4665 2713 4736 διαφθοράν.
2760 4669 3093 4740 Ἐγνώρισάς
3142 4690 3231 4743 μοι
3266 4676 3421 4739 ὀδοὺς
3476 4674 3658 4746 ζωῆς’

2084 4756 2398 4828 πληρώσεις
2431 4776 2498 4829 με
2532 4760 2877 4832 εὐφροσύνης
2909 4765 3047 4833 μετὰ
3072 4767 3167 4819 τοῦ
3196 4768 3492 4837 προσώπου
3535 4786 3657 4822 σου.

2086 4849 2313 4921 Ἀνδρες
2340 4849 2581 4920 ἀδελφοὶ,
2618 4850 2736 4916 ἐξὸν
2770 4853 2943 4905 εἰπεῖν
2974 4856 3111 4924 μετὰ
3165 4859 3485 4929 παρρησίας
3522 4862 3661 4932 πρὸς

2083 4937 2389 5012 ὑμᾶς’περὶ
2421 4943 2516 4995 τοῦ
2545 4945 2890 5014 πατριάρχου
2925 4947 3114 5011 Δασὶδ,
3162 4950 3244 5002 ὅτι
3291 4953 3386 5005 καὶ
3431 4953 3661 5006 ἐτελεύ-

2083 5049 2239 5102 τησε,
2275 5034 2372 5086 καὶ
2398 5033 2598 5104 ἐτάφη,
2622 5036 2718 5088 καὶ
2746 5036 2807 5089 τὸ
2835 5037 3026 5107 μνῆμα
3054 5039 3221 5093 αὐτοῦ
3251 5043 3400 5097 ἐστιν
3437 5046 3495 5096 ὲν
3532 5046 3659 5115 ὑμῖν

2084 5122 2213 5193 ἄχρι
2237 5124 2335 5192 τῆς
2364 5124 2578 5194 ἡμέρας
2639 5126 2864 5197 ταύτης.
2922 5130 3224 5202 Προφήτης
3253 5135 3347 5187 οὖν
3398 5135 3660 5208 ὑπάρχων

2087 5216 2183 5268 καὶ
2213 5214 2368 5278 εἰδὼς
2403 5216 2483 5270 ὅτι
2511 5218 2658 5288 ὅρκῳ
2687 5217 2917 5290 ὥμωσεν
2944 5221 3096 5293 αὐτῷ
3121 5225 3150 5277 ὁ
3173 5224 3306 5290 Θεὸς
3346 5226 3411 5281 ἐκ
3442 5231 3658 5299 καρποῦ

2086 5307 2189 5376 τῆς
2223 5308 2426 5377 ὀσφύος
2454 5308 2622 5363 αὑτοῦ
2675 5311 2740 5364 τὸ
2778 5312 2922 5367 κατὰ
2959 5315 3143 5388 σάρκα
3187 5317 3519 5389 ἀναστήσειν
3567 5319 3659 5374 τὸν

1563 5588 1761 5669 Variae
1806 5591 2109 5654 lectiones
2156 5596 2217 5654 et
2263 5596 2453 5654 note).

482 5692 506 5721 '
537 5687 626 5741 τσ.
671 5690 762 5742 ἐπὶ
805 5690 1067 5762 ὁσιότητι.
