4088 6206
437 281 540 345 8'31

1328 256 1900 324 TIIEOPHYLACTI
1947 249 2360 316 BULGARIIE
2399 244 2756 309 ARCHIEP.

3587 224 3692 298 872

439 397 543 454 dit.
602 394 785 449 Deitas
849 388 994 444 enim
1057 396 1111 440 et
1180 393 1306 437 ante
1367 377 1821 441 incarnationem,
1862 371 2011 429 etin

2142 370 2346 423 πάντοτε
2390 363 2524 420 οὖσα
2577 363 2671 418 καὶ
2722 359 2897 416 είσαεὶ
2935 357 3297 430 διαμένουσα.
3367 355 3456 410 Ἐν
3503 356 3561 411 δὲ
3615 357 3693 428 τῷ

442 502 632 549 carne,
664 493 719 538 et
754 489 876 551 post
898 475 1215 547 passionem
1248 485 1465 540 st-mper
1516 468 1705 523 eodem
1764 463 1926 518 modo
1955 478 2015 518 se

446 577 646 640 habet;
680 571 825 642 quod
866 577 985 625 erat
1038 576 1195 619 antea
1248 572 1442 616 natura
1486 575 1585 615 sua
1636 572 1852 626 semper
1871 556 2016 610 exsi-

447 676 624 729 ltens,
678 670 734 719 et
779 663 833 716 in
891 669 1208 729 perpetuum
1249 667 1626 725 perseverans.
1667 650 1725 702 In
1760 648 2015 718 passione

446 762 653 815 autem,
686 765 806 820 qua:
837 749 1091 801 humanae
1120 756 1327 798 naturas
1387 742 1503 801 fuit,
1556 737 2015 809 dispensationem

451 860 548 916 pro
574 842 733 898 nobis
790 840 1057 909 implevit,
1084 837 1321 891 animam
1377 850 1407 888 a
1455 848 1685 903 corpore
1710 842 1971 899 separaris
2004 844 2018 890 ;

450 953 480 990 a
516 943 718 989 neutro
743 939 927 1004 autem
990 928 1230 991 illorum,
1265 926 1467 996 quibus
1521 923 1688 978 semel
1715 922 1867 974 unita
1898 919 2017 983 l'uit,

453 1038 690 1093 unquam
718 1020 918 1085 divisa,
958 1019 1238 1085 sejunctas
1269 1023 1451 1085 partes
1475 1015 1672 1067 iterum
1725 1009 2020 1079 copulavit,

456 1122 514 1167 ut
545 1111 762 1166 modum
808 1118 862 1163 et
902 1106 1119 1160 initium
1179 1101 1607 1158 resurrectionis
1664 1113 1732 1153 ex
1791 1095 2025 1151 mortuis

456 1206 727 1259 universae
752 1200 1005 1252 humanae
1048 1205 1259 1251 natura:
1322 1194 1521 1256 daret;
1554 1198 1717 1260 atque
1758 1197 1818 1242 ut
1864 1202 2025 1241 omne

462 1317 481 1349 ‹
520 1290 877 1361 corruptibile
911 1289 1164 1343 indueret
1196 1282 1685 1352 incorruptionem,
1716 1290 1769 1333 et
1797 1278 2026 1333 mortale

463 1388 623 1457 202
687 1382 1152 1440 immortalitatem
1184 1379 1250 1442 ⁸⁸,
1294 1396 1313 1428 ι
1349 1373 1667 1446 primordiis
1728 1372 1929 1426 nosuis
1958 1370 2028 1423 ob

460 1476 907 1547 conjunctionem
961 1487 1084 1526 cum
1116 1467 1224 1522 Deo
1255 1467 1308 1521 in
1347 1466 1586 1519 divinam
1613 1472 1861 1516 naturam
1889 1472 2028 1529 quo-

459 1568 753 1624 dammodo
790 1564 1095 1619 translatis.
1152 1559 1333 1626 Quare
1375 1554 1509 1610 illud
1544 1572 1556 1608 ε
1600 1572 1618 1605 ι
1672 1551 2027 1607 Providebatu

460 1660 750 1714 Dominum
817 1657 871 1709 it:
935 1658 1232 1720 conspectu
1284 1662 1403 1701 meo
1454 1659 1690 1712 semper,
1730 1661 1748 1693 ι
1801 1626 2023 1695 deitatis

2120 463 2301 527 πάθει,
2333 461 2411 530 τῷ
2440 460 2538 529 τῆς
2565 455 2909 528 ἀνθρωπίνης
2943 452 3177 523 φύσεως,
3198 449 3297 522 τὴν
3344 449 3484 521 ὑπὲρ

2118 552 2425 623 οἰκονομίαν
2466 550 2770 619 ἐπλήρωσε,
2812 543 3139 609 διαζεύξασα
3174 542 3276 614 τὴν
3308 540 3487 612 ψυχὴν
3512 540 3579 593 ἐκ
3600 538 3694 593 τοῦ

2120 644 2389 714 σώματος,
2419 639 2748 713 χωρισθεῖσα
2774 636 2828 691 δὲ
2851 635 2964 689 οὐδ’
2993 634 3180 704 ἐτέρου
3208 631 3284 696 ὡς
3311 631 3458 699 ἅπαξ
3489 629 3695 702 ήνὼθη,

2121 738 2214 789 καὶ
2247 735 2408 788 πάλιν
2439 733 2508 786 τὰ
2539 730 2804 784 διεστῶτα
2843 725 3147 796 συνάψασα,
3200 724 3339 777 ὥστε
3373 721 3697 777 ἀκολουθίαν

2122 829 2212 879 ναὶ
2243 825 2418 895 ἀρχὴν
2450 823 2631 876 δοῦναι
2667 824 2734 892 τῇ
2772 819 3092 891 ἀνθρωπίνῃ
3125 814 3284 887 φύσει
3312 815 3460 885 πάσῃ
3492 815 3591 884 τῆς
3631 814 3699 866 ἐκ

2121 918 2330 988 νεκρῶν
2362 915 2733 978 ἀναστάσεως,
2769 913 2855 966 ἵνα
2904 930 2923 963 ι
2960 911 3024 965 τὸ
3071 908 3311 979 φθαρτὸν
3359 908 3506 961 ἅπαν
3545 904 3695 959 ὲνδύ-

2124 1026 2283 1079 σηται
2309 1007 2636 1078 ἀφθαρσίαν,
2685 1003 2872 1057 καὶτὸ
2916 1000 3108 1073 θνητὸν
3157 1000 3259 1071 τὴν
3318 996 3638 1061 ἀθανασίαν,
3672 1015 3691 1047 ι

2123 1101 2224 1170 τῆς
2257 1099 2514 1171 ἀπαρχῆς
2539 1096 2698 1167 ἡμῶν
2739 1095 2829 1148 διὰ
2869 1096 2969 1163 τῆς
3014 1091 3150 1163 πρὸς
3186 1089 3320 1143 θεὸν
3347 1087 3701 1159 ἀνακράσεως

2126 1196 2208 1257 είς
2265 1193 2415 1245 θείαν
2470 1189 2630 1259 φύσιν
2685 1184 3164 1259 μεταποιηθείσης.
3218 1182 3383 1235 Ὥστε
3444 1180 3505 1234 τὸ
3577 1178 3700 1247 μὲν,

2135 1304 2151 1336 ι
2184 1282 2539 1355 Προωρώμην
2565 1282 2659 1334 τὸν
2688 1279 2891 1349 Κύριον
2921 1276 3151 1329 ἐνώπιόν
3174 1290 3273 1343 μου
3298 1271 3388 1327 διὰ
3427 1270 3649 1334 παντὸς,
3676 1289 3695 1321 ι

2127 1378 2190 1430 τὸ
2239 1376 2539 1447 ἀχώριστον
2576 1373 2675 1443 τῆς
2729 1371 2978 1440 θεότητος
3036 1366 3130 1420 τοῦ
3197 1363 3517 1437 μονογενοῦς
3569 1360 3704 1416 Υίοῦ

2130 1469 2281 1539 δηλοῖ
2309 1469 2407 1537 τῆς
2427 1465 2562 1537 πρὸς
2589 1463 2680 1517 τὸν
2710 1460 2962 1532 Χριστόν.
2992 1459 3068 1512 Τὸ
3094 1458 3149 1511 δὲ
3182 1459 3249 1512 ὲκ
3274 1455 3462 1521 δεξιῶν
3485 1456 3706 1509 ἑστάναι

2130 1556 2384 1627 λέγεσθαι
2420 1557 2512 1608 τὸν
2558 1553 2774 1625 Πατέρα
2813 1551 2907 1604 τοῦ
2947 1549 3080 1603 Υἱοῦ
3130 1547 3246 1612 νῦν,
3288 1546 3417 1601 ποτὲ
3455 1546 3511 1600 δὲ
3545 1545 3707 1600 πάλιν

2134 1648 2199 1701 ὲκ
2252 1646 2440 1711 δεξιῶν
2515 1643 2738 1698 καθίσαι
2804 1642 2899 1696 τοῦ
2963 1639 3174 1712 Πατρὺς
3213 1639 3302 1692 τὸν
3336 1637 3487 1700 Υίόν,
3555 1636 3708 1690 οὐδὲν

464 1749 724 1822 unigeniti
751 1746 873 1800 Filii
904 1740 1424 1810 inseparabilitatetn
1450 1757 1476 1789 ει
1495 1736 1713 1795 Christo
1733 1733 2028 1802 significat.

2142 1739 2317 1810 ἓτερον
2364 1736 2398 1807 ἥ
2442 1734 2539 1804 τὴν
2596 1733 2815 1804 ἰσότητα
2882 1732 3011 1802 ἡμῖν
3071 1728 3345 1800 σημαίνει.
3394 1725 3599 1796 Κύριον
3649 1725 3709 1778 ἃ

462 1843 621 1910 Quod
650 1848 828 1894 autem
860 1837 965 1892 hoc
996 1837 1115 1888 loco
1147 1831 1307 1885 Pater
1341 1846 1360 1880 ι
1401 1844 1431 1881 a
1457 1827 1667 1882 dextris
1708 1825 1834 1879 Filii
1858 1832 2027 1887 stare,

465 1938 595 1992 alibi
619 1950 749 1990 vero
788 1932 960 1985 Filius
989 1944 1017 1983 a
1051 1925 1261 1982 dextris
1300 1922 1479 1977 Patris
1502 1921 1692 1976 sedere
1734 1938 1753 1969 ι
1793 1918 2029 1981 dicatur,

467 2027 601 2081 nihil
637 2022 781 2078 aliud
815 2020 921 2076 nisi
957 2019 1243 2086 utriusque
1265 2015 1628 2083 aequalitatem
1665 2008 1821 2064 nobis
1849 2014 2035 2061 osten-

468 2120 568 2174 dit.
633 2118 845 2171 Patrem
905 2127 1034 2165 vero
1119 2109 1408 2161 Dominum
1474 2104 1648 2174 ipsitts
1731 2098 2033 2169 apppellat,

470 2217 755 2279 propterea
780 2204 923 2276 quod
958 2222 976 2252 ι
1005 2201 1233 2255 formam
1258 2197 1401 2253 servi
1431 2194 1643 2261 accepit
1668 2193 1735 2245 η.
1767 2209 1785 2241 ›
1811 2186 2033 2252 Deinde,

473 2310 531 2353 ut
568 2298 736 2353 dixit:
768 2314 787 2348 t
822 2292 941 2347 Non
978 2291 1134 2346 dabis
1175 2297 1423 2343 sanctum
1460 2293 1612 2338 tuum
1670 2280 1854 2334 videre
1910 2291 2037 2332 cor-

472 2392 804 2461 ruptionem,
836 2404 855 2438 i
889 2381 1211 2455 snhjnngit:
1255 2399 1273 2432 ι
1312 2378 1479 2434 Notas
1533 2373 1665 2429 tnihi
1698 2370 1873 2426 iecisti
1918 2369 2037 2423 vias

470 2460 591 2539 vitae
630 2501 643 2537 :
683 2501 701 2533 ι
734 2496 840 2535 non
886 2479 1029 2534 enim
1081 2476 1164 2529 l‘as
1241 2481 1324 2529 est
1385 2470 1588 2533 ἀίοντα,
1616 2460 2040 2520 earnemVerbo

475 2570 1046 2640 tmitamcorruptioni
1107 2564 1406 2621 obnoxiam
1451 2575 1595 2622 esse,
1654 2564 1747 2610 aut
1800 2554 2038 2609 divinam

476 2669 711 2721 animam
740 2664 911 2733 portis
939 2658 1136 2714 inferni
1187 2653 1442 2711 concludi
1508 2665 1691 2722 posse.
1722 2646 1901 2713 Quare
1922 2651 2044 2714 post

474 2767 585 2812 tres
610 2757 724 2810 dies
746 2751 1062 2811 resurrexit,
1088 2766 1108 2800 ι
1127 2747 1281 2818 juxta
1313 2744 1458 2813 quod
1490 2740 1826 2811 impossibile
1850 2745 1991 2800 erat,
2016 2752 2034 2786 ι

476 2846 747 2917 cum,qui
807 2845 917 2900 vita
978 2857 1073 2912 per
1129 2847 1376 2893 natutam
1426 2845 1539 2895 est,
1570 2833 1760 2887 mortis
1812 2828 2045 2883 vinculis

483 2958 502 2991 ι
569 2938 762 2992 teneri.
800 2954 819 2987 ι
876 2936 968 2988 Ait
1022 2946 1152 2987 vero
1180 2948 1193 2984 :
1223 2948 1240 2981 ι
1271 2927 1529 2997 Replebis
1575 2940 1661 2978 tne
1699 2920 2045 2992 jucunditate

2130 1827 2295 1883 αὑτοῦ
2330 1829 2420 1881 τὸν
2461 1826 2691 1897 Πατέρα
2726 1824 2902 1889 καλεῖ,
2954 1822 3042 1876 διά
3092 1837 3156 1889 τε
3199 1819 3261 1873 τδ
3318 1818 3501 1873 λαϐεῖν
3549 1818 3709 1872 αὑτὸν

2140 1941 2158 1974 ι
2199 1920 2383 1974 δούλου
2428 1918 2663 1989 μορφήν.
2704 1937 2721 1968 ι
2762 1911 2914 1978 Εἶτα,
2965 1912 3156 1977 εἰπὼν,
3191 1932 3209 1965 ι
3262 1913 3336 1966 Οὐ
3378 1911 3570 1974 δώσεις
3616 1910 3708 1963 τὸν

2133 2014 2278 2068 ὅσιόν
2334 2028 2427 2065 σου
2489 2010 2619 2064 ίδεῖν
2678 2006 2995 2077 διαφθορὰν,
3035 2022 3055 2056 ι
3119 2003 3318 2066 εὐθέως
3393 2002 3708 2072 ἐπήγαγεν·

2142 2125 2160 2158 ι
2191 2104 2527 2175 Ἐγνώρισάς
2558 2120 2647 2175 μοι
2675 2103 2827 2165 ὁδοὺς
2846 2100 3010 2169 ζωῆς.
3047 2116 3067 2150 ι
3099 2097 3173 2152 Οὐ
3196 2098 3298 2166 γάρ
3327 2095 3484 2165 θέμις
3519 2094 3714 2160 είπεῖν,

2126 2198 2313 2268 ’φθορᾷ
2344 2197 2441 2267 μὲν
2462 2193 2721 2248 δύνασθαί
2752 2208 2882 2245 ποτε
2922 2187 3240 2260 κρατεῖσθαι
3271 2186 3369 2257 τὴν
3422 2185 3718 2239 ὲνωθεῖσαν

2136 2290 2216 2359 τῷ
2243 2289 2402 2359 Λόγῳ
2429 2288 2628 2359 σάρκα,
2673 2285 2901 2354 κάτοχον
2938 2281 2996 2335 δὲ
3043 2282 3163 2343 ταῖς
3207 2277 3333 2350 ᾅδου
3371 2275 3570 2337 πύλαις
3617 2275 3720 2346 τὴν

2140 2380 2290 2435 θείαν
2354 2377 2605 2446 γενέσθαι
2667 2375 2866 2445 ψυχήν.
2943 2373 3253 2444 Τριήμερος
3327 2367 3436 2440 γὰρ
3494 2366 3716 2422 ἀνεσίων

2146 2493 2164 2526 ι
2199 2473 2388 2527 καθότι
2416 2472 2513 2525 οὐκ
2556 2465 2625 2541 ἦν
2656 2466 2900 2531 δυνατὸν,
2949 2485 2966 2518 ι
3020 2463 3164 2536 ζωὴν
3207 2462 3336 2516 ὅντα
3369 2461 3511 2516 κατά
3556 2458 3721 2529 φύσιν

2140 2565 2325 2630 αὐτὸν,
2386 2565 2498 2626 τοῖς
2553 2561 2645 2614 τοῦ
2708 2559 2935 2613 θανάτου
2997 2574 3016 2608 ι
3051 2552 3369 2626 κρατεῖσθαι
3403 2571 3422 2604 ι
3474 2551 3719 2622 δεσμοῖς.

2141 2658 2216 2710 Τὸ
2239 2658 2316 2720 δὲ,
2356 2675 2374 2707 ι
2406 2652 2717 2724 Πληρὼσεις
2755 2667 2819 2720 με
2849 2649 3184 2719 εὐφροσύνης
3225 2643 3361 2724 μετά
3400 2643 3495 2697 τοῦ
3551 2658 3725 2713 προσ-

2143 2714 2313 2801 ιίισιιου⁷
2340 2763 2457 2811 σου,
2591 2714 2775 2812 φησὶν,
2830 2714 3008 2792 ἐκεῖνο
3056 2714 3341 2800 διδάσκων,
3391 2733 3472 2788 ὅτι
3508 2733 3570 2787 τδ
3623 2734 3727 2804 τῆς

2144 2838 2582 2910 ἀνθρωπότητος,
2660 2835 2798 2904 ἔχων
2874 2830 3167 2900 πρόσωπον
3249 2826 3324 2889 ὼς
3403 2823 3529 2880 καθ’
3577 2823 3724 2895 ἡμᾶς

2146 2925 2406 2999 γεγονὼς,
2432 2927 2558 2986 τοὺς
2587 2924 2716 2991 ήμῐν
2749 2917 2948 2990 μᾶλλον
2972 2917 3066 2970 καὶ
3094 2916 3195 2968 οὐκ
3222 2912 3373 2984 αὐτῷ
3393 2912 3725 2986 πρέποντας,

478 3046 601 3082 rum
661 3027 800 3081 facie
855 3035 967 3088 tua,
1007 3047 1023 3073 ο
1066 3020 1202 3074 illud
1249 3018 1475 3080 docens,
1503 3014 1648 3082 qttod
1682 3009 2038 3065 humanitatis

2150 3017 2283 3073 καθὸ
2324 3018 2524 3070 νοεῖται
2567 3011 2719 3074 Θεὸς,
2769 3008 2955 3078 ἀνίησι
3003 3006 3216 3072 λόγους,
3259 3003 3334 3067 ὡς
3381 3001 3466 3071 ἐφ’
3509 3000 3725 3065 ἑαυτοῦ,

479 3122 690 3176 habens
753 3115 1198 3183 faciem,qnippe
1250 3110 1443 3163 similis
1465 3107 1622 3160 nobis
1659 3106 1837 3158 factus
1881 3103 2042 3156 nobis

485 3216 694 3279 utique,
731 3217 786 3262 et
838 3223 945 3259 non
971 3204 1096 3266 sibi,
1149 3209 1424 3270 quatenus
1491 3195 1634 3249 Deus
1698 3193 2042 3262 intelligitur,

481 3300 870 3360 convenientes
915 3306 1218 3354 sermones,
1248 3288 1395 3342 velut
1450 3288 1595 3340 inse
1644 3284 1766 3354 ipso
1810 3282 2044 3353 primttm

485 3399 776 3456 honorum,
805 3391 859 3442 iu
893 3402 993 3443 nos
1021 3383 1323 3440 cmlestium
1374 3379 1640 3433 bonorum
1683 3375 2047 3446 participatio-

485 3502 607 3541 nem
651 3481 900 3539 ell‘undit.
924 3478 1095 3531 'Velut
1120 3476 1261 3530 enim
1291 3474 1392 3529 sibi
1421 3472 1605 3527 datum
1633 3469 1852 3533 asserit,
1888 3467 2048 3536 quid-

484 3576 615 3646 quid
672 3572 913 3628 hominis
968 3577 1177 3623 natura:
1233 3562 1505 3619 attribuit.
1546 3579 1565 3612 ι
1600 3559 1712 3615 Viri
1762 3559 1980 3613 fratres.
2022 3576 2040 3609 ι

490 3669 570 3723 lta
599 3666 696 3727 ait,
724 3675 779 3716 ut
804 3661 997 3716 saltem
1047 3657 1101 3711 in
1161 3656 1330 3720 illius,
1364 3669 1461 3709 seu
1519 3650 1762 3712 Davidis,
1821 3651 2050 3720 ejusque

485 3757 706 3828 generis
743 3755 1027 3815 honorem,
1057 3761 1360 3803 sermonem
1423 3745 1492 3800 de
1545 3743 1752 3798 Christi
1801 3758 2045 3796 resurre-

488 3851 673 3907 ctione
701 3845 995 3917 recipiant,
1031 3839 1199 3910 quod,
1230 3839 1276 3893 si
1310 3837 1384 3893 ita
1417 3852 1524 3891 non
1557 3834 1716 3898 foret,
1747 3848 1871 3887 cum
1922 3848 2048 3901 pro-

490 3941 689 4010 phetiae
711 3937 967 4008 dignitas,
992 3946 1104 3988 tum
1129 3944 1407 4002 congruus
1439 3928 1518 3982 illi
1539 3928 1713 3982 honor
1742 3925 2049 3979 latderetur.

488 4030 839 4098 Rursusque,
870 4023 1015 4096 quod
1042 4022 1353 4078 mirandum
1383 4026 1525 4085 erat,
1556 4014 1816 4087 proponit
1841 4015 2049 4069 dicens:

2146 3112 2238 3164 καὶ
2271 3109 2561 3180 πρόσωπον
2582 3105 2625 3136 ¹³
2688 3100 2869 3155 καλῶν
2914 3097 3022 3171 [ἐφ’
3050 3092 3241 3167 ἡμᾶς]
3273 3094 3374 3165 τὴν
3420 3092 3531 3147 τῶν
3560 3093 3725 3163 οὖρα-

2145 3202 2272 3254 νεων
2339 3195 2561 3265 ἀγαθῶν
2636 3192 2887 3262 μέθεξιν
2952 3189 3029 3252 ὡς
3080 3186 3189 3257 γάρ
3247 3184 3426 3255 ἑαυτῷ
3484 3182 3726 3236 δεδόσθαι

2147 3289 2301 3359 φησὶ,
2324 3289 2391 3356 τῇ
2421 3284 2514 3338 τοῦ
2549 3278 2839 3351 ἀνθρώπου
2887 3279 3050 3349 φύσει
3081 3275 3400 3350 προσνέμει.
3438 3293 3459 3326 ι
3494 3272 3729 3340 ’Δνδρες

2146 3377 2385 3447 ἀδελφοί.
2419 3392 2440 3427 ι
2474 3372 2661 3426 Ταῦτα
2707 3371 2857 3440 λέγει
2901 3370 2990 3424 ίνα
3013 3368 3118 3423 κᾶν
3147 3367 3234 3421 διὰ
3262 3367 3361 3434 τῆς
3395 3366 3475 3428 είς
3519 3364 3731 3417 ἐκεῖνον

2156 3470 2323 3540 τιμῆς
2361 3467 2454 3522 καὶ
2488 3467 2551 3520 τὸ
2573 3466 2749 3532 γένος,
2785 3462 3043 3530 δέξωνται
3086 3459 3178 3514 τὸν
3221 3460 3350 3530 περὶ
3382 3457 3732 3519 ἀναστάσεως

2148 3562 2241 3614 τοῦ
2270 3559 2504 3630 Χριστοῦ
2529 3557 2707 3624 λόγον,
2755 3555 2831 3619 ὼς
2858 3554 2955 3608 καὶ
2990 3554 3092 3623 τῆς
3132 3551 3465 3623 προφητείας
3500 3549 3735 3629 plaeto-

2153 3619 2340 3722 μένης,
2383 3650 2434 3701 εί
2470 3648 2544 3719 μὴ
2566 3619 2724 3701 τοῦτο
2771 3646 2858 3714 είη
2906 3646 3004 3699 κα)⁵
3041 3619 3140 3715 τῆς
3177 3619 3280 3706 ⁷είς
3303 3619 3509 3696 αὑτὸν
3545 3619 3731 3710 τιμῆς.

2154 3744 2261 3796 Καὶ
2320 3740 2478 3793 τοῦτο
2536 3737 2697 3791 πάλιν
2735 3734 2798 3789 τὸ
2839 3736 3151 3806 θαυμαστὸν
3198 3735 3470 3789 δείκνυσιν
3531 3732 3731 3787 εἰπών’

2158 3852 2176 3884 ι
2215 3834 2336 3885 Ὀτι
2368 3832 2428 3885 ob
2456 3829 2779 3898 κατελείφθη
2807 3830 2840 3898 ἡ
2870 3828 3018 3899 ψυχὴ
3055 3827 3220 3883 αὐτοῦ
3283 3829 3364 3889 εἰς
3413 3826 3583 3897 ᾅδηνο
3646 3823 3739 3877 oti.

2151 3923 2206 3977 δὲ
2238 3925 2271 3993 ἠ
2291 3919 2427 3992 σὰρξ
2457 3919 2621 3973 αὑτοῦ
2655 3916 2763 3973 εἶδε
2789 3919 3101 3989 διαφθοράν.
3137 3936 3157 3970 ι
3191 3917 3266 3972 Οὐ
3295 3917 3404 3987 γάρ
3431 3916 3593 3985 όμοία
3623 3916 3737 3978 τοῖς

2160 4010 2344 4074 ἄλλοις
2391 4004 2460 4079 ἦν
2494 4010 2528 4077 ἡ
2560 4008 2852 4071 ἀνάστασις
2874 4022 2893 4041 σ
2927 4007 3221 4077 κατέσχετο
3268 4009 3365 4077 μὲν
3413 4007 3596 4070 αὐτὸν,
3636 4005 3738 4058 οὐκ

494 4139 513 4173 ι
538 4119 675 4185 Quia
699 4095 874 4185 neque
892 4095 1152 4169 derelicta
1164 4116 1248 4165 est
1275 4107 1455 4162 anima
1485 4104 1607 4175 ejus
1627 4104 1682 4159 in
1704 4100 1939 4167 inferno,
1960 4116 2038 4155 nc-

2156 4102 2449 4171 είργάσατο
2505 4099 2564 4152 δὲ
2619 4100 2682 4153 τὸ
2714 4098 2879 4153 αὐτοῦ
2926 4099 3046 4151 τότε
3076 4100 3104 4152 ό
3143 4098 3391 4162 θάνατος.
3445 4097 3630 4150 Πάντα
3676 4095 3739 4148 δὲ

488 4225 596 4280 que
615 4222 745 4264 caro
764 4205 896 4261 vidit
919 4201 1347 4273 corruptionem.
1366 4216 1386 4250 ι
1412 4196 1533 4251 Non
1547 4195 1691 4251 enim
1714 4192 1910 4248 similis
1934 4191 2038 4244 alii:

2157 4194 2444 4263 ἀνατίθησι
2498 4191 2577 4280 τῷ
2631 4191 2829 4262 Πατρὶ,
2883 4191 2974 4244 ἵνα
3024 4190 3279 4254 δέξωνται
3326 4190 3395 4243 τὰ
3446 4188 3740 4258 λεγόμενα.

492 4277 598 4355 fuit
647 4299 793 4354 illius
836 4295 1200 4351 resurrectio:
1242 4305 1366 4345 nam
1400 4286 1813 4358 comprehendit
1839 4284 2038 4355 quiden

2164 4302 2183 4334 ι
2221 4283 2298 4352 Τῇ
2332 4281 2483 4351 δεξιᾷ.
2521 4279 2635 4334 οὖν.
2677 4297 2696 4331 ι
2740 4278 2848 4333 Τοῦ
2885 4278 3181 4332 ἀποστόλου
3230 4277 3438 4347 Πέτρου
3490 4277 3739 4344 λέγοντος

492 4405 617 4446 eum
641 4403 784 4442 mors
815 4426 831 4453 ,
859 4395 913 4439 at
937 4399 1095 4441 suum
1114 4382 1168 4436 in
1188 4395 1311 4436 etim
1342 4379 1628 4450 imperium
1666 4389 1919 4430 exercere
1947 4387 2038 4426 n0t

2158 4376 2250 4427 τὸν
2278 4374 2511 4444 Χριστὸν
2541 4391 2560 4424 ι
2596 4372 2764 4442 ἄνδρα
2794 4370 2903 4424 ἀπὸ
2949 4369 3046 4424 τοῦ
3103 4368 3239 4423 Θεοῦ
3268 4368 3739 4437 ἀποδεδειγμένον,

496 4484 683 4535 valuit.
709 4479 903 4533 Omnia
929 4489 1059 4529 vero
1076 4475 1139 4528 ad
1162 4471 1376 4526 Patrem
1424 4468 1615 4533 refert,
1656 4476 1752 4536 ⁵ιιι,
1796 4482 1917 4536 quae
1942 4466 2038 4519 illis

2158 4467 2417 4535 δυνάμεσι
2464 4465 2561 4517 καὶ
2603 4463 2814 4534 τέρασι,
2868 4462 2961 4514 καὶ
3010 4461 3279 4530 σημείοις,
3310 4454 3392 4521 οἷς
3422 4459 3677 4526 ἐποίησεν
3711 4457 3743 4508 ό

496 4564 1005 4632 dicebat,libentius
1024 4562 1389 4631 exciperenta
1424 4558 1654 4613 Dextera
1674 4556 1894 4625 igitur.»
1919 4553 2053 4608 Cum

496 4660 770 4728 apostolus
783 4656 974 4711 Petrus
1020 4654 1095 4707 ait
1117 4651 1393 4707 Christum
1438 4647 1601 4703 fuisse
1622 4665 1641 4699 ι
1666 4646 1840 4701 virum
1863 4658 2059 4713 appro-

497 4755 681 4803 batum
704 4764 735 4802 a
762 4747 870 4803 Deo
891 4745 1204 4809 virtutibus,
1228 4740 1489 4812 prodigiis
1505 4750 1558 4794 et
1578 4738 1770 4807 signis,
1791 4752 1910 4805 quae
1933 4734 2061 4790 fecit

498 4838 639 4892 Deus
668 4852 764 4906 per
796 4837 945 4892 illum
980 4874 996 4900 ,
1030 4842 1084 4890 et
1109 4848 1268 4903 quem
1301 4832 1442 4885 Deus
1474 4827 1755 4884 suscitavit
1786 4865 1803 4891 ,
1827 4835 1881 4881 et
1932 4826 2060 4895 quia

498 4927 783 4982 Dominum
806 4935 859 4982 et
886 4926 1161 4982 Christum
1187 4922 1310 4977 fecit
1338 4921 1476 4976 Deus
1500 4921 1643 4974 hunc
1668 4917 1873 4981 Jesum,
1900 4931 2061 4986 quem

497 5037 594 5076 vos
625 5018 995 5083 cruciﬁxistis,
1037 5035 1056 5069 ι
1088 5023 1142 5071 et
1170 5015 1274 5068 alia
1303 5010 1655 5082 huiusmodi;
1703 5024 1811 5062 non
1859 5008 2064 5062 idcirco

499 5113 615 5167 ha’c
665 5111 816 5175 dicit,
846 5110 988 5179 quod
1018 5108 1064 5163 is
1095 5107 1241 5162 velut
1263 5119 1442 5158 merus
1475 5103 1635 5155 homo
1658 5099 1839 5153 divina
1866 5098 2065 5153 virtute

499 5201 808 5265 roboratus,
833 5199 936 5252 ista
986 5203 1251 5264 patraret,
1321 5191 1501 5246 absit!
1555 5187 1649 5243 sed
1694 5189 1766 5242 ita
1822 5187 2063 5257 loquitur

499 5295 859 5352 humanitatis
906 5291 1102 5362 gratia,
1133 5300 1191 5344 ut
1214 5286 1552 5343 audientium
1589 5300 1647 5338 se
1669 5285 2057 5337 accommoda-

569 5476 615 5510 "
647 5473 668 5529 l
698 5472 823 5528 Cor.
868 5486 958 5536 xv,
997 5468 1085 5524 55.
1151 5467 1193 5500 ¹⁹
1221 5464 1456 5537 Philipp.
1488 5479 1545 5529 ll,
1582 5464 1634 5516 7.
1707 5432 1709 5434 η

2159 4557 2291 4620 Θεὸς
2333 4554 2595 4610 διἀὐτοῦ
2617 4569 2635 4586 ο
2665 4573 2684 4605 ι
2720 4553 2836 4618 καὶ,
2874 4572 2892 4605 t
2926 4553 2988 4605 ὃν
3033 4555 3061 4606 ό
3086 4552 3218 4614 Θεὸς
3263 4550 3560 4619 ἀνέστησε·
3593 4567 3611 4599 ι
3647 4552 3747 4605 καὶ

2164 4644 2344 4705 πάλιν.
2377 4661 2397 4695 ι
2436 4643 2637 4698 Τοῦτον
2676 4643 2770 4696 τὸν
2818 4642 3025 4714 Ἰησοῦν
3069 4641 3370 4711 ἀνέστησεν
3428 4642 3457 4693 ό
3508 4639 3673 4701 Θεόςο
3714 4656 3737 4690 ι

2162 4735 2258 4789 καὶ
2282 4734 2366 4786 ὅτι
2407 4753 2426 4783 ι
2465 4732 2667 4802 Κύριον
2699 4733 2792 4785 καὶ
2817 4731 3051 4802 Χριστὸν
3093 4725 3140 4784 δ’
3160 4731 3294 4795 Θεὸς
3324 4730 3485 4784 αὐτὸν
3517 4728 3745 4797 ἐποίησε

2166 4825 2352 4879 τοῦτον
2398 4825 2492 4878 τὸν
2536 4823 2765 4894 Ἰησοῦν,
2824 4824 2884 4877 ὃν
2931 4825 3085 4894 ὑμεῖς
3137 4822 3539 4895 ἐσταυρώσατε,
3579 4840 3599 4872 ι
3649 4807 3745 4873 κσ.ὶ

2167 4920 2266 4972 ὅσα
2295 4918 2539 4971 τοιαῦτα’
2571 4917 2632 4968 οὐ
2666 4916 2823 4970 τοῦτό
2868 4933 3054 4986 φησιν,
3094 4917 3178 4969 ὅτι
3209 4915 3284 4979 ὡς
3322 4914 3605 4985 ἄνθρωπος
3638 4912 3743 4964 ὑπὸ

2169 5009 2320 5071 θείας
2389 5009 2689 5078 δυνάμεως,
2766 5006 3194 5079 συνεργούμενος
3259 5005 3431 5060 ταῦτα
3501 5004 3741 5072 ὲνήρχει,

2170 5102 2350 5168 ἄπαγε
2376 5102 2390 5154 i
2426 5100 2561 5153 ἀλλὰ
2615 5098 2788 5152 ταῦτα
2822 5098 2964 5152 οὓτω
2993 5100 3127 5168 φησὶ
3153 5098 3242 5152 διὰ
3268 5098 3330 5150 τὸ
3382 5096 3740 5167 ἀνθρώπινον,

2170 5191 2618 5258 συγκαταϐαίνων
2669 5193 2755 5260 τῇ,
2781 5188 3037 5260 ἀσθενείᾳ
3076 5188 3183 5242 τῶν
3219 5189 3544 5252 ἀκουόντων,
3593 5187 3744 5247 ὅπως

2165 5281 2569 5351 εὐπαρὰδεκτον
2614 5280 2816 5352 ποιήσῃ
2871 5280 2962 5333 τὸν
3023 5279 3200 5348 λόγον.
3258 5280 3369 5334 Καὶ
3410 5278 3623 5342 δεικνὺς
3661 5277 3745 5331 ὅτι

1653 5555 1854 5619 Varias
1904 5555 2214 5619 lectiones
2258 5562 2321 5617 et
2364 5563 2555 5618 noue.

579 5672 624 5703 ³³
644 5669 872 5740 πρῶτον.
