4088 6206
404 308 511 370 873

1069 274 1607 373 EXPOSITIONIS
1644 314 1722 373 IN
1754 315 1941 374 ACTA
1984 315 2284 377 TEXTUS
2318 318 2585 377 ALTER.
2618 342 2685 351 ο-
2722 318 2877 376 CAP.
2920 318 2998 375 II.

3548 322 3653 385 8ἷηὶ

404 443 505 495 οὐκ
578 437 643 511 ἦν
695 439 938 503 ἀντίθεος
1002 441 1030 493 ό
1093 442 1348 509 Χριστὸς,
1426 443 1538 496 ἀλλ’
1599 444 1713 506 ἴσος
1762 442 1837 498 ὢν
1888 445 1978 498 καὶ

2088 434 2166 480 rct
2186 425 2560 491 imbecillitati,
2595 433 2647 480 et
2676 440 2983 480 sermonem
3012 441 3169 480 suum
3262 429 3511 486 redderet
3540 433 3657 489 laci.

405 532 703 601 ὀειοούσιος,
737 533 831 584 καὶ
861 530 1165 602 ἀχώριςτος
1201 533 1301 602 τῆς
1326 534 1513 598 οὐσίας
1543 535 1634 587 τοῦ
1665 536 1874 604 Πατρός
1903 535 1979 599 ὡς

404 626 549 690 Υἱὸς,
628 628 723 679 καὶ
800 628 937 695 μετά
1008 626 1068 678 τὸ
1138 627 1391 694 γενέσθαι
1463 628 1770 698 ἄνθρωπος,
1828 629 1979 681 οὐδὲν

402 722 669 790 ἐνήργησε
728 719 835 772 τῶν
887 721 1223 792 θεοπρεπῶν,
1279 723 1406 777 ἄνευ
1462 723 1564 793 τῆς
1611 725 1706 776 τοῦ
1767 722 1980 794 Πατρός

400 811 617 874 οὐσίας·
660 811 792 864 ἀλλά
824 812 990 881 συνῆν
1016 812 1164 883 αὑτῷ
1192 814 1278 866 ἀεὶ
1310 814 1405 866 καὶ
1458 814 1719 885 συνήργει
1780 814 1979 878 πάντα,

402 902 477 966 ὡς
524 904 623 955 οὐκ
680 903 943 967 ἀντίθεος,
1000 904 1117 957 ἀλλ’
1168 905 1415 976 όμοφυὴς
1469 908 1560 961 καὶ
1619 906 1980 978 όμοδύναμος.

407 1013 425 1044 ι
465 994 540 1046 Οὐ
568 996 671 1065 γὰρ
700 995 880 1046 Δαῦἱδ.
921 1012 939 1044 ι
986 994 1269 1060 Ἐνταῦθα,
1309 997 1410 1048 οὐκ
1456 995 1537 1049 ἔτι
1586 995 1706 1066 μεθ’
1756 997 1983 1050 ὑποστορ-

399 1084 498 1152 λῆς
567 1086 735 1152 λέγει,
791 1084 928 1156 ἔχων
978 1088 1036 1139 τδ
1086 1087 1193 1139 ἀπὸ
1244 1085 1351 1140 τῶν
1403 1087 1708 1158 εἰρημένων
1761 1086 1981 1157 Θάρσος,

399 1177 495 1229 καὶ
545 1176 605 1228 οὐ
640 1175 810 1244 λέγει,
846 1196 863 1228 ι
905 1177 1055 1242 Ἔξδν
1114 1180 1306 1244 εἰπεῖν,
1348 1198 1365 1230 ι
1418 1180 1512 1231 καὶ
1565 1180 1664 1233 ὅσα
1718 1178 1980 1233 τοιαῦτα⁶

399 1264 536 1319 ἀλλά
602 1266 946 1338 θαρρούντως
977 1267 1184 1333 λοιπὸν,
1227 1271 1366 1341 μετά
1398 1269 1495 1342 τὴν
1543 1270 1638 1324 τοῦ
1667 1270 1984 1341 Πνεῦματος

398 1356 565 1421 δόςιν,

398 1445 739 1514 διαλέγεται·
808 1451 902 1502 καὶ
939 1451 1038 1520 οὐχ
1091 1450 1297 1514 ἁπλῶς,
1346 1450 1481 1503 ἀλλὰ
1528 1452 1623 1504 καὶ
1683 1451 1846 1504 πάλιν
1895 1451 1985 1504 τὸν

403 1540 654 1609 μάρτυρα
685 1540 1048 1610 παραγαγὼν,
1108 1543 1204 1595 καὶ
1243 1541 1485 1605 ἐκείνους
1525 1543 1981 1612 ἀναμιμνήσκων,

400 1629 529 1697 περὶ
592 1624 650 1684 οὗ
693 1631 785 1682 καὶ
839 1631 867 1681 ό
918 1631 1152 1700 Χριστὸς
1199 1627 1340 1684 εἷπε.
1400 1632 1563 1699 Λέγει
1612 1632 1723 1702 γάρ
1780 1630 1983 1693 αὐτός’

406 1737 422 1767 ι
454 1716 620 1772 Εἶπεν
656 1721 685 1774 ό
709 1722 908 1791 Κύριος
941 1723 1019 1794 τῷ
1064 1724 1255 1794 Κυρίῳ
1280 1740 1382 1794 μου
1403 1740 1416 1755 ο
1451 1723 1633 1777 Κάθου
1689 1725 1753 1775 ἐκ
1796 1722 1985 1787 δεξιῶν

402 1828 527 1881 μου,
576 1812 678 1875 ἓως
723 1813 787 1865 ἂν
836 1812 913 1866 θῶ
952 1816 1079 1876 τοὺς
1117 1814 1346 1885 ἐχθροὺς
1402 1831 1496 1867 σου
1536 1814 1825 1868 ὑποπόδιον
1873 1815 1982 1869 τῶν

398 1900 577 1953 ποδῶν
607 1920 721 1955 σου.
771 1923 789 1954 ι
826 1903 1091 1957 Ἐνταῦθα
1129 1905 1221 1957 καὶ
1262 1904 1425 1972 φόϐον
1476 1905 1649 1974 μέγαν
1710 1905 1979 1975 ἐπέστησε

398 1988 715 2063 [καθάπερ]
759 1996 814 2045 ἐν
863 1996 930 2063 τῇ
966 1994 1131 2063 ἀρχῇ.
1179 1993 1363 2048 Εἰπὼν
1392 1994 1520 2064 γὰρ,
1570 2014 1589 2048 ι
1641 1996 1784 2059 Ἕως
1808 1994 1871 2048 ἂν
1905 1994 1981 2048 θῶ

398 2082 523 2144 τοὺς
550 2082 776 2156 ἐχθρούς
806 2103 898 2138 σου
931 2085 1218 2139 ὑποπόδιον
1255 2088 1364 2139 τῶν
1396 2087 1569 2142 ποδῶν
1595 2105 1710 2151 σου,
1749 2107 1764 2139 ι
1803 2085 1983 2150 καλῶς

397 2174 630 2229 ἐνταῦθα
659 2168 814 2247 ἔληξε
843 2168 1092 2231 διασείων
1115 2179 1296 2258 αὑτῷν
1338 2177 1436 2250 τὴν
1472 2179 1733 2234 διάνοιαν.

648 1358 742 1411 καὶ⁸
831 1361 962 1430 περὶ
1049 1360 1145 1430 τῆς
1219 1363 1298 1425 εἰς
1365 1362 1594 1433 οὐρανὸν
1664 1362 1987 1432 ἀναλήψεως

2011 1766 2062 1825 Β

2084 517 2309 582 liorem;
2364 526 2643 587 praeterea,
2682 525 2744 572 ut
2796 518 3105 572 ostenderet
3148 518 3422 574 Christum
3480 525 3658 580 nulla-

2088 619 2249 665 tenus
2313 610 2420 665 Deo
2456 612 2795 666 contrarium
2854 628 2996 676 esse,
3035 616 3150 679 sed,
3199 629 3322 668 cum
3350 618 3577 685 :equalis
3603 628 3660 673 et

2085 703 2575 757 consubstantialis
2635 714 2690 759 et
2731 704 2997 758 indivisus
3042 720 3073 758 a
3128 706 3438 762 substantia
3481 709 3660 767 Patris

2087 797 2159 847 sit
2235 803 2493 865 tanquam
2565 796 2771 864 leius,
2839 800 3003 853 etiam
3057 810 3411 869 pestcaquam
3480 802 3661 859 factus

2085 898 2169 941 est
2228 888 2423 954 homo,
2486 889 2623 942 nihil
2690 905 2881 945 eorum
2967 905 3091 960 qua:
3162 889 3331 945 Deum
3395 894 3661 951 decebant

2089 981 2296 1048 absque
2318 980 2785 1050 Patreuperatum
2820 996 2975 1036 esse:
3011 980 3106 1036 sed
3135 995 3350 1050 semper
3381 999 3504 1037 cum
3538 985 3660 1054 ipso

2090 1086 2233 1134 esse,
2262 1080 2315 1123 et
2341 1071 2505 1125 simul
2542 1088 2664 1124 rum
2705 1077 2825 1142 ipso
2848 1073 3053 1138 Omnia,
3087 1072 3235 1127 velut
3297 1074 3405 1129 Dco
3437 1076 3660 1132 minime

2092 1163 2455 1226 contrarium,
2474 1164 2569 1218 sed
2591 1166 3112 1220 consubstantialem
3151 1174 3204 1218 et
3228 1166 3475 1235 ejusdem
3496 1169 3658 1240 203

2091 1272 2215 1311 cum
2253 1258 2374 1326 ipso
2422 1257 2703 1326 potentiae,
2739 1259 2978 1328 operari.
3019 1276 3037 1309 ι
3070 1257 3184 1312 Non
3214 1259 3360 1313 enim
3392 1260 3585 1315 David.
3632 1281 3653 1311 ι

2094 1345 2214 1412 llic,
2251 1355 2470 1416 sumptu
2492 1348 2603 1417 jam
2637 1364 2702 1402 ex
2742 1350 3015 1418 praedictis
3046 1351 3250 1413 animo,
3296 1352 3435 1406 haud
3469 1352 3662 1409 timide

2092 1439 2356 1509 loquitur,
2381 1455 2556 1510 ncque
2575 1441 2672 1508 ait,
2700 1460 2717 1492 ι
2739 1440 3175 1506 ιίεοοιάίρενο,ι
3201 1444 3282 1496 vel
3300 1444 3426 1513 quid
3451 1444 3660 1512 simile;

2092 1533 2184 1588 sed
2244 1532 2600 1597 conﬁdenter,
2646 1542 2937 1604 postquam
2996 1534 3124 1589 doni
3196 1536 3432 1605 Spiritus
3487 1538 3665 1591 sancti

2092 1624 2365 1689 meminit,
2389 1625 2558 1680 etiam
2591 1625 2658 1680 de
2693 1627 3014 1691 ascensione
3047 1628 3100 1681 in
3150 1630 3350 1683 coelum
3400 1628 3661 1683 disserit:

2092 1727 2145 1771 et
2165 1732 2270 1771 non
2298 1717 2517 1787 quidem
2549 1725 2851 1787 utcunque,
2882 1719 2977 1772 sed
3004 1735 3195 1773 rursus
3219 1729 3410 1774 testem
3463 1720 3667 1788 produ-

2091 1807 2214 1871 cit,
2275 1818 2327 1862 et
2383 1807 2492 1862 illis
2546 1806 2616 1859 ad
2674 1807 2992 1860 memoriam
3060 1816 3280 1860 revocat
3346 1808 3398 1861 id
3458 1808 3661 1876 ipsum,

2090 1899 2233 1969 quod
2284 1898 2535 1954 Christus
2578 1897 2633 1952 in
2680 1896 2976 1968 Evangelio
3026 1898 3271 1991 protulit.
3333 1899 3421 1952 Ait
3468 1899 3658 1952 enim:

2096 2011 2114 2042 ι
2153 1990 2299 2044 Dixit
2361 1988 2629 2044 Dominus
2683 1988 2915 2045 Domino
2975 1987 3146 2045 meo:
3200 1989 3340 2045 Sede
3388 2004 3420 2044 a
3453 1987 3665 2043 dextris

2092 2084 2250 2148 meis,
2278 2082 2453 2137 donec
2480 2096 2677 2149 ponam
2709 2083 2963 2137 inimicos
2985 2092 3109 2137 tuos
3129 2082 3429 2138 scabellqu
3461 2080 3660 2151 pedum

2095 2172 2404 2229 tuorum”.
2448 2190 2467 2224 ι
2495 2170 2596 2226 Hic
2638 2187 2892 2243 pavorem
2939 2186 3198 2242 maguum
3226 2172 3410 2241 injecit
3434 2173 3575 2226 sicut
3605 2169 3662 2223 iu

409 2268 714 2338 principio;
742 2271 933 2326 dicens
964 2286 1219 2341 namque,
1256 2288 1275 2322 ι
1313 2269 1496 2327 Donec
1530 2287 1729 2343 ponam
1766 2270 2019 2326 inimicos
2068 2278 2195 2323 tuos
2247 2265 2548 2322 scabellum
2595 2265 2789 2334 pedum
2837 2274 3101 2331 tuorum,
3128 2284 3147 2317 ι
3183 2265 3409 2335 pulchra
3428 2262 3663 2319 conclu-

401 2360 558 2415 sione
582 2376 713 2416 usus
735 2371 837 2428 est,
870 2361 1114 2432 ipsorum
1146 2370 1380 2418 mentem
1411 2364 1758 2419 concutiens.

747 2453 825 2524 Τῇ
878 2454 1104 2525 πέμπτῃ
1153 2454 1602 2526 Διακαινησίμου.

398 2542 536 2610 Περὶ
598 2541 858 2608 πίστεως
914 2542 1035 2596 τῶν
1089 2544 1405 2612 παρόντων
1451 2546 1551 2599 καὶ
1577 2544 1687 2614 τῆς
1742 2544 1840 2600 διὰ
1866 2544 1975 2601 τοῦ

695 2632 1119 2702 ,βαπτίσματος
1140 2632 1340 2688 αὐτῶν
1361 2637 1679 2704 σωτηρίας.

987 2724 1371 2781 KEIMENON.

496 2813 840 2879 Ακοῦσαντες
870 2816 946 2877 δὲ,
985 2819 1370 2889 κατενύγησαν
1416 2821 1484 2891 τῇ
1540 2820 1762 2893 καρδίᾳ,
1823 2817 1975 2874 εῖπόν

400 2919 459 2954 τε
491 2905 627 2971 πρὸς
657 2906 747 2957 τὸν
810 2906 1015 2978 Πέτρον
1049 2910 1143 2961 καὶ
1186 2910 1311 2973 τοὺς
1339 2910 1562 2974 λοιποὺς
1597 2912 1927 2978 ἀποστόλους
1959 2930 1973 2943 ·

2309 2450 2470 2506 Feria
2508 2450 2700 2521 quinta
2736 2448 3093 2504 hebdomade
3143 2447 3447 2504 Paschalis.

2083 2539 2163 2595 De
2191 2557 2374 2596 eorum
2403 2542 2494 2612 qui
2524 2540 2778 2596 astabant
2801 2539 2907 2608 ﬁde
2935 2548 2985 2592 et
3015 2538 3209 2602 salute,
3244 2554 3337 2607 per
3369 2537 3656 2607 baptisma.

2728 2718 3028 2775 TEXTUS.

2150 2811 2220 2877 Il,
2261 2811 2455 2866 3745.
2499 2809 2595 2866 llis
2635 2810 2873 2875 auditis,
2903 2810 3214 2880 compuncti
3280 2818 3406 2865 sunt
3467 2810 3655 2877 corde,

2076 2914 2131 2961 et
2170 2905 2426 2960 dixerunt
2474 2904 2542 2958 ad
2592 2902 2811 2958 Petrum
2846 2910 2901 2957 et
2928 2901 2995 2956 ad
3040 2901 3282 2973 reliquos
3333 2904 3657 2974 apostolos:

400 2995 467 3047 Τί
500 2996 820 3067 ποιήσομεν,
846 2998 1037 3069 ἀνδρες
1085 2999 1344 3071 ἀδελφοί;
1385 3002 1593 3072 Πέτρος
1623 3003 1680 3057 δὲ
1712 3003 1815 3077 ἔφη
1841 3006 1977 3076 πρὸς

2086 2996 2213 3064 Quid
2244 2996 2532 3061 faciemus,
2564 2994 2666 3048 viri
2725 2993 2964 3049 fratres?
2994 2994 3186 3049 Petrus
3234 3011 3361 3050 vero
3391 2995 3456 3049 ad
3488 2995 3609 3051 illos
3639 3010 3657 3049 :

402 3088 600 3152 αὐτούς
632 3105 648 3120 ο
680 3090 1071 3161 Μετανοήσατε
1102 3134 1116 3156 ,
1188 3094 1283 3147 καὶ
1334 3093 1688 3165 βαπτισθήτω
1740 3096 1974 3159 ἕκαστος

2077 3088 2486 3152 Paenitentiam,
2521 3087 2715 3156 inquit,
2753 3087 2917 3156 agite,
2936 3095 2989 3141 et
3013 3085 3319 3156 baptizetur
3364 3090 3660 3157 unusquis-

402 3178 557 3231 ὐτιῶν
619 3180 712 3232 ἐπὶ
740 3180 817 3249 τῷ
854 3157 1076 3249 ὀνόματι
1146 3157 1606 3255 Ἰησοῦ-Χριστοῦ
1657 3187 1737 3248 εἰς
1780 3157 1974 3253 ἄφεσιν

2090 3196 2196 3249 que
2220 3192 2457 3235 vestrmn
2484 3180 2540 3232 in
2558 3180 2774 3233 nomine
2794 3178 2923 3235 Jesu
2942 3180 3170 3245 Christi,
3192 3180 3245 3233 in
3273 3179 3659 3235 remissionem

402 3269 705 3341 ἁμαρτιῶν,
739 3273 831 3322 καὶ
861 3270 1098 3341 λήψεσθε
1132 3271 1229 3342 τὴν
1251 3272 1461 3343 δωρεὰν
1494 3271 1586 3326 τοῦ
1611 3272 1766 3341 ἁγίου
1804 3273 1980 3328 Πνεύο

404 3379 593 3429 ματος.
635 3361 793 3432 Ὑμῖν
851 3364 961 3434 γάρ
998 3363 1208 3435 ἐστινὴ
1246 3363 1548 3433 ἐπαγγελία
1601 3366 1695 3418 καὶ
1752 3369 1863 3429 τοῖς
1892 3369 1979 3419 τέ-

400 3469 550 3514 κνοις
599 3452 772 3523 ὑμῶν,
824 3456 919 3506 καὶ
966 3455 1099 3508 πᾶσι
1141 3454 1254 3518 τοῖς
1306 3459 1385 3519 είς
1451 3455 1690 3527 μακρὰν,
1727 3459 1886 3521 ὅσους
1912 3458 1977 3512 ἂν

401 3541 840 3611 προσκαλέσηται
898 3541 1102 3613 Κύριος
1129 3544 1158 3596 ό
1198 3544 1331 3609 Θεὸς
1376 3545 1558 3617 ἡμῶν.
1627 3546 1870 3617 Ἐτέροις
1917 3565 1977 3602 τε

401 3629 582 3697 λόγοις
618 3632 827 3685 πλείοσι
852 3634 1277 3706 διεμαρτύρατο,
1302 3637 1400 3690 καὶ
1431 3637 1733 3709 παρεκάλει
1764 3639 1941 3707 λέγων
1961 3656 1975 3672 ο

406 3716 622 3791 Σώθητε
655 3722 762 3774 ἀπὸ
796 3724 893 3792 τῆς
943 3726 1135 3791 γενεᾶς
1168 3726 1370 3796 ταύτης
1392 3726 1494 3795 τῆς
1518 3727 1755 3790 σκολιᾶς.
1784 3728 1846 3781 Οί
1880 3728 1979 3798 μὲν

402 3807 495 3865 οῦν
521 3813 773 3882 ἁσμένως
827 3814 1218 3886 ὑποδεξάμενοι
1270 3817 1547 3885 τὸνλόγον
1590 3817 1792 3881 αὐτῶν,
1846 3820 1977 3871 ἐϐα-

406 3904 730 3975 πτίσθησαν,
760 3908 854 3959 καὶ
905 3908 1314 3978 προσετέθησαν
1339 3910 1405 3977 τῇ
1431 3908 1618 3980 ἡμέρᾳ
1666 3909 1848 3979 ἐκείνῃ
1872 3910 1978 3978 ψυ-

404 3997 499 4063 χαὶ
571 3996 703 4049 ὡσεὶ
753 3998 1070 4068 τρισχίλιαι.
1125 3992 1309 4051 Ἶισαν
1344 3998 1401 4053 δὲ
1436 3999 1977 4070 προσκαρτεροῦντες

402 4089 470 4157 τῇ
498 4088 685 4158 διδαχῇ
710 4090 816 4141 τῶν
849 4089 1188 4155 ἀποστόλων,
1236 4091 1330 4144 καὶ
1362 4093 1429 4162 τῇ
1484 4092 1763 4161 κοινωνίᾳ,
1794 4091 1887 4144 καὶ
1907 4093 1974 4159 τῇ

406 4176 594 4229 κλάσαι
618 4179 710 4229 τοῦ
752 4178 939 4247 ἄρτου,
966 4181 1059 4233 καὶ
1095 4182 1216 4244 ταῖς
1248 4184 1602 4251 προσευχαῖς.
1650 4181 1899 4249 Ἐγένετο
1919 4182 1976 4234 δὲ

411 4269 555 4339 πάσῃ
609 4269 755 4339 ψυχῇ
804 4270 965 4338 φόϐος
1000 4289 1013 4302 ·
1066 4271 1235 4325 πολλά
1267 4289 1326 4324 τε
1377 4273 1580 4343 τέρατα
1645 4276 1740 4353 καὶ
1775 4274 1975 4343 σημεῖα

401 4357 489 4411 διὰ
516 4359 624 4412 τῶν
656 4362 972 4415 ἀποστόλων
1001 4365 1218 4429 ἐγένετο
1246 4364 1304 4416 ἐν
1340 4363 1699 4434 Ἰερουσαλήμ

1006 4454 1384 4510 ΕΡΜΗΝΕΙΑ.

2089 3284 2439 3342 peccatorum
2471 3280 2809 3334 vestrorum,
2846 3278 2902 3324 et
2933 3271 3219 3340 accipietis
3249 3271 3449 3325 donum
3474 3269 3657 3341 Spiri-

2089 3371 2176 3416 tus
2199 3362 2402 3417 sancti.
2444 3362 2612 3416 Vobis
2640 3360 2786 3415 enim
2842 3369 2928 3417 est
2987 3362 3366 3431 repromissio,
3417 3371 3473 3417 et
3527 3362 3656 3418 ﬁliis

2087 3452 2311 3516 vestris,
2343 3463 2398 3506 et
2454 3451 2709 3506 omnibus
2762 3453 2855 3520 qui
2890 3452 3049 3521 longe
3096 3461 3249 3519 sunt,
3298 3467 3659 3520 quoscunque

2088 3540 2435 3596 advocaverit
2491 3541 2751 3594 Dominus
2819 3541 2960 3595 Deus
3016 3552 3224 3597 noster.
3293 3541 3435 3596 Aliis
3490 3544 3654 3596 etiam

2088 3633 2273 3686 verbis
2338 3632 2588 3701 plurimis
2643 3633 2974 3686 testiﬁcatus
3019 3643 3124 3696 est,
3155 3642 3208 3687 et
3261 3633 3658 3689 exhortabatur

2087 3740 2181 3779 eos
2221 3725 2450 3778 dicens:
2508 3720 2812 3776 Salvamini
2875 3736 2905 3773 a
2936 3725 3287 3791 generatione
3327 3727 3430 3778 ista
3465 3741 3652 3794 prava.

2087 3812 2189 3880 Qui
2253 3829 2385 3885 ergo
2440 3821 2765 3883 receperunt
2822 3828 3128 3867 sermmtem
3190 3814 3348 3882 ejus,
3394 3816 3656 3885 baptizati

2087 3918 2251 3962 sunt:
2278 3917 2333 3962 et
2361 3907 2623 3978 appositae
2653 3913 2783 3960 sunt
2822 3905 2911 3961 die
2946 3904 3034 3959 illa
3071 3905 3266 3960 anima:
3304 3907 3525 3961 circiter
3551 3909 3655 3979 tria

2088 3999 2281 4052 millia.
2317 3998 2486 4052 Erant
2515 4009 2697 4052 autem
2747 4008 3170 4067 perseverantes
3200 3998 3252 4051 in
3312 3997 3568 4052 doctrina
3598 4010 3655 4053 et

2086 4090 2585 4145 communicatione
2648 4090 2936 4146 fractionis
2994 4091 3152 4159 panis
3199 4100 3251 4146 ct
3283 4090 3652 4148 orationibus.

2084 4179 2273 4234 Flebat
2302 4189 2481 4236 autem
2510 4181 2658 4235 omni
2693 4182 2891 4236 animm
2952 4184 3147 4236 timor:
3208 4184 3376 4236 multa
3438 4198 3654 4253 quoque

2085 4272 2333 4343 prodigia
2395 4282 2450 4328 et
2508 4274 2661 4343 signa
2740 4289 2838 4343 per
2894 4275 3173 4343 apostolos
3239 4278 3290 4329 in
3345 4275 3650 4330 Jerusalem

2085 4364 2304 4418 licbant.
3510 4356 3533 4367 ’

2576 4454 3152 4511 COMMENTARIUS.

486 4540 828 4606 Ἀξιόπιστος
857 4543 885 4594 ό
910 4542 1066 4610 λόγος
1109 4541 1190 4611 (ἐξ
1219 4538 1293 4596 ὧν
1345 4545 1508 4597 αὑτὸν
1546 4543 1785 4614 ἔλαϐον),
1838 4546 1975 4608 τέως

2158 4550 2289 4603 Fide
2316 4550 2513 4619 dignus
2538 4560 2656 4603 crat
2716 4566 2899 4604 sermo
2928 4551 3072 4606 Petri
3126 4567 3192 4604 ex
3224 4552 3290 4607 iis
3322 4569 3441 4621 qua:
3490 4562 3649 4607 antea

402 4631 458 4684 δὲ
483 4634 543 4685 τὸ
562 4632 782 4685 εὔκολον
810 4633 978 4701 λέγει,
1017 4635 1217 4703 πολλὴν
1240 4634 1360 4705 ἕχον
1387 4636 1616 4707 δωρεὰν,
1653 4638 1746 4689 καί
1782 4654 1911 4689 ποτε
1933 4639 1976 4668 ¹⁶

408 4730 497 4780 ἐπὶ
531 4729 621 4781 τὸν
652 4729 766 4798 βίον
806 4728 947 4797 ἄγει.
996 4728 1281 4792 ’Υπὸθεσις
1326 4731 1430 4801 γάρ
1462 4731 1645 4794 αὐτοῖς
1683 4730 1836 4783 ἔσται
1885 4731 1977 4783 καὶ

412 4818 611 4889 σπουδὴ
647 4822 706 4873 τὸ
737 4820 836 4892 ἤδη
894 4820 1197 4889 γεύσασθαι
1254 4821 1363 4873 τῶν
1412 4819 1684 4889 τοσούτων
1736 4821 1977 4888 ἀγαθῶν.

421 4908 638 4981 Ἐπειδὴ
666 4915 722 4965 δὲ
752 4915 936 4968 ἐπόθει
969 4917 997 4968 ὁ
1025 4916 1329 4986 ἀκροατὴς,
1362 4913 1414 4966 τί
1437 4912 1507 4986 ἦν
1549 4914 1611 4966 τὸ
1632 4914 1737 4967 τῶν
1789 4914 1974 4967 πλειό·

410 5013 519 5047 νων
545 4999 717 5067 λόγων
752 5005 1078 5073 κεφάλαιον·
1117 5005 1288 5060 Τοῦτό
1330 5008 1464 5072 ἐστι,
1497 5004 1649 5075 φησί,
1683 5003 1860 5074 δωρεὰ
1882 5002 1976 5056 τοῦ

410 5087 565 5153 ἁγίου
613 5091 941 5161 Πνεύματος.
1001 5099 1108 5152 «Oi
1160 5098 1257 5168 μὲν
1321 5094 1434 5151 οὖν.
1474 5114 1493 5146 ι
1546 5095 1849 5166 Ἐπῄνεσαν
1908 5095 1977 5146 τά

408 5178 685 5247 λεχθέντα,
738 5185 916 5239 καίτοι
978 5189 1144 5257 φόὸου
1188 5188 1426 5259 γέμοντα
1458 5229 1473 5254 ,
1536 5189 1627 5241 καὶ
1681 5187 1820 5259 μετά
1880 5184 1978 5256 τὴν

410 5273 804 5341 συγκατάθεσιν
852 5279 976 5330 τότε
1031 5282 1125 5335 ἐπὶ
1150 5281 1207 5334 τὸ
1236 5280 1518 5350 βάπτισμα
1548 5281 1815 5351 ἔρχονται.
1860 5278 1976 5327 Ἐν-

405 5362 581 5417 ταῦθα
621 5366 715 5417 καὶ
758 5366 1071 5436 πληροῦται
1114 5371 1146 5439 ἡ
1190 5370 1283 5422 τοῦ
1350 5370 1571 5422 Ἡσαΐου
1622 5367 1929 5439 προφητεία
1955 5382 1968 5396 ⁸

413 5474 431 5505 ι
460 5455 558 5519 Τίς
616 5457 818 5528 ἤκουσε
858 5457 1100 5511 τοιοῦτον
1125 5477 1140 5526 ;
1166 5463 1262 5514 καὶ
1284 5461 1368 5524 τίς
1399 5460 1642 5531 ἑώρακεν
1665 5459 1872 5525 οὓτως;
1916 5458 1977 5509 Et

515 5569 560 5599 ²⁰
595 5568 787 5623 Matth.
824 5585 959 5635 χχιι,
995 5570 1085 5624 40.

2085 4648 2429 4710 acceperant.
2486 4639 2711 4694 Interim
2770 4640 2823 4694 id
2873 4641 3016 4711 quod
3055 4641 3213 4696 facile
3248 4651 3351 4707 est,
3387 4650 3442 4696 et
3500 4644 3647 4714 quod

2083 4747 2341 4797 magnum
2408 4730 2571 4786 habet
2624 4730 2852 4795 donum,
2885 4733 3054 4797 dicit;
3099 4742 3152 4787 ct
3206 4744 3335 4789 tunc
3364 4736 3430 4789 ad
3478 4736 3647 4791 vitam

2083 4824 2256 4877 ducit.
2289 4822 2426 4889 Quia
2470 4838 2599 4877 vero
2623 4824 2919 4892 cupiebant
2971 4823 3253 4880 auditores
3295 4828 3459 4892 scire,
3490 4844 3644 4899 qua:-

2082 4931 2209 4968 nam
2252 4923 2398 4968 esset
2433 4924 2542 4967 tam
2577 4914 2963 4984 multiplicium
2994 4917 3285 4972 verborum
3310 4918 3474 4990 20a
3494 4934 3646 4987 sutu-

2085 5021 2170 5058 ma
2222 5025 2233 5057 :
2304 5003 2425 5059 llaec
2492 5016 2599 5070 est,
2658 5006 2856 5077 inquit,
2912 5007 3112 5062 donum
3154 5008 3392 5078 Spiritus
3442 5011 3641 5066 sancti.

2087 5110 2105 5141 ι
2153 5089 2257 5157 Qui
2287 5107 2437 5160 ergo.
2476 5111 2495 5143 ι
2531 5090 2783 5147 Laudant
2821 5094 2965 5148 dicta
3009 5098 3364 5166 quantumvis
3415 5099 3637 5151 terribi~

2076 5183 2168 5247 lia,
2195 5193 2249 5237 et
2284 5192 2571 5252 postquam
2599 5200 2884 5240 assensum
2916 5187 2983 5240 iis
3012 5196 3339 5257 praestitere,
3374 5189 3642 5257 baptisma

2078 5276 2414 5343 suscipiunt.
2445 5275 2546 5329 llic
2579 5291 2704 5331 vero
2729 5278 2947 5347 impleta
2987 5287 3069 5333 est
3106 5280 3195 5332 illa
3227 5279 3376 5332 Isaia:
3401 5280 3639 5347 prophe-

2078 5368 2149 5417 tia
2182 5383 2196 5419 :
2238 5385 2254 5414 ι
2277 5365 2413 5430 Quis
2440 5367 2643 5422 audivit
2671 5384 2909 5436 unquam
2945 5369 3091 5423 tale?
3128 5377 3180 5422 et
3204 5369 3326 5436 quis
3346 5368 3481 5421 vidit
3514 5370 3639 5424 huic

2088 5457 2297 5509 simile?
2350 5456 2605 5527 Nunquid
2648 5460 2879 5529 parturit
2933 5468 3076 5512 terra
3125 5459 3181 5510 in
3230 5459 3316 5512 die
3346 5460 3489 5515 una?
3544 5470 3636 5515 aut

1560 5645 1757 5707 Variae
1805 5643 2109 5707 lectiones
2153 5648 2212 5702 et
2257 5652 2425 5701 notae

477 5743 517 5771 ²¹⁸
558 5741 645 5795 τσ.
697 5743 838 5793 τότε.

720 5836 993 5895 Ριιτιιοι..
1026 5835 1142 5893 Gn.
1180 5833 1424 5897 CXXV.

3234 5834 3307 5895 28
