4088 6206
437 227 551 291 875

1365 225 1468 284 ΤΗ
1478 225 1937 285 EOPHYLACTI
1979 228 2389 290 BUI.GARM§
2427 228 2780 291 ARCHIEP.

3593 230 3702 299 876

435 341 687 413 parietur
720 353 852 412 gens
874 336 1060 402 simul,
1091 335 1217 407 quia
1250 337 1543 408 parturivit
1568 344 1623 392 et
1645 339 1856 409 peperit
1881 338 2006 394 Sion

2120 340 2277 397 ὥδινε
2323 344 2462 412 γυνὴ
2486 344 2528 376 ⁸⁸
2555 345 2614 397 ὲν
2659 346 2757 416 μιᾷ
2803 343 3023 416 ἡμέρας
3055 343 3104 397 εί
3148 341 3343 415 ὲτέχθη
3413 343 3566 409 έονος
3619 352 3703 412 είς

446 432 587 486 tilios
659 428 826 485 suos?
905 427 1019 499 Ego
1086 438 1267 482 autem
1342 426 1468 482 dedi
1542 430 2013 498 exspectationem

439 527 598 579 istam
632 524 717 576 η’.
753 539 774 573 ι
814 521 985 575 Porro
1021 520 1167 591 quod
1203 519 1386 576 verbis
1416 522 1680 601 propheta
1727 523 2015 594 praedixit,

440 619 571 673 illud
627 617 791 672 modo
849 614 1184 686 experientia
1248 616 1580 686 completum
1650 616 2014 673 demonstrat.

447 733 465 763 ι
512 711 740 766 l‘iebaut
793 718 998 765 autem.
1040 727 1058 761 ο
1124 706 1262 775 Quia
1291 710 1490 766 Petrus
1539 711 1708 767 multa
1757 713 2017 783 superius

443 807 679 869 dixerat,
714 817 777 857 ac
806 801 1206 873 promissioncs
1262 813 1316 856 et
1370 817 1434 857 ea
1472 818 1593 874 qua:
1634 812 1821 875 postea
1853 820 2019 863 even-

440 909 563 953 tura
592 905 751 953 erant
797 894 1140 962 ostenderat,
1188 896 1382 952 timore
1414 899 1655 966 correpti
1706 906 1861 965 sunt,
1892 912 2015 953 cer-

441 999 632 1044 nentes
666 998 778 1043 tum
814 987 1077 1043 miracula
1100 1002 1221 1057 qua:
1248 987 1399 1044 dicta
1435 988 1862 1055 conﬁrmabant,
1899 999 2013 1044 tum

438 1094 626 1132 eorum
661 1078 755 1148 qui
781 1088 915 1133 tunc
954 1076 1303 1134 crediderant
1336 1086 1543 1134 tantam
1571 1086 1623 1135 et
1655 1085 1766 1133 tam
1813 1094 2011 1150 repen-

440 1170 608 1222 tinam
640 1168 1029 1223 mutationem.

448 1256 521 1312 lle
554 1258 840 1312 concordia
872 1260 942 1313 ad
973 1275 1302 1314 communem
1330 1259 1636 1328 utilitatem,
1673 1259 1837 1332 deque
1857 1270 2014 1316 aucto

924 1367 1140 1408 nurnero
1170 1352 1523 1407 credentium.

1071 1439 1372 1496 TEXTUS.

509 1531 570 1595 ll,
599 1531 787 1587 44-47.
811 1531 1013 1588 Omnes
1041 1533 1207 1587 etiam
1233 1533 1326 1603 qui
1354 1532 1653 1589 credebant
1683 1541 1842 1589 erant
1864 1534 2013 1605 pari-

2122 431 2292 501 ἀπαξ,
2325 433 2408 487 ὅτι
2435 433 2591 487 eam
2626 435 2721 488 καὶ
2752 432 2906 487 ἔτεκε
2931 435 2975 466 ⁸⁸
3000 434 3070 488 τὰ
3095 434 3280 488 παιδία
3305 435 3473 507 αὐτῆς
3505 454 3520 502 ;
3558 438 3702 507 Ἐγὼ

2121 522 2179 576 δὲ
2214 522 2391 577 ἔδωκα
2432 524 2530 596 τὴν
2563 524 2897 597 προσδοκίαν
2918 524 3143 597 ταύτην·
3176 544 3195 578 ι
3228 526 3380 581 καὶά
3400 527 3490 580 διὰ
3522 529 3697 598 λόγων

2119 614 2149 665 ὁ
2197 614 2487 685 προφήτης
2541 614 2778 681 ἐδίδαξεν
2809 656 2823 678 ,
2883 615 3119 669 ἐνταῦθα
3184 619 3350 688 πείρα
3425 616 3701 673 δείκνυσιν

2121 703 2393 774 ἐναργῶς.
2439 723 2458 757 t
2498 705 2749 774 Ἐγένετο
2775 705 2854 760 δέ.
2877 724 2896 758 ι
2943 706 3164 777 Ἐπειδὴ
3194 704 3402 761 ἀνωθεν
3436 702 3505 779 ἦν
3529 708 3697 772 πολὺς

2121 795 2261 868 ῥέων
2294 796 2323 849 δ
2356 797 2587 868 Πέτρος,
2621 799 2722 851 καὶ
2750 797 2962 852 ἐδείκνυ
2996 797 3095 863 τάς
3150 799 3484 868 ἐπαγγελίας
3516 801 3610 855 καὶ
3631 803 3701 855 τά

2122 888 2412 961 μέλλοντα,
2466 892 2697 956 εἰκότως
2738 891 3042 964 ἐξέστησαν
3073 892 3156 963 τῷ
3189 892 3359 965 φόϐῳ,
3396 894 3492 948 καὶ
3517 895 3695 965 ἐμαρ-

2119 981 2273 1055 τύρει
2303 987 2417 1049 τοῖς
2458 984 2778 1057 λεγομένοις
2805 985 2876 1041 τὰ
2910 985 3188 1057 θαύματα,
3226 988 3320 1041 καὶ
3348 986 3458 1041 τῶν
3487 987 3582 1043 νῦν
3607 1007 3697 1042 πιε-

2119 1076 2462 1131 στευσάντων
2508 1077 2778 1148 δηλονότι,
2834 1078 3105 1150 τοσαύτην
3164 1076 3470 1150 μεταϐολὴν
3497 1079 3696 1150 ἀθρόον

2121 1165 2363 1221 ἰδόντων.

2119 1258 2261 1326 Περι
2291 1259 2570 1329 ὁμονοίας
2599 1261 3028 1329 κοινωφελοῦς,
3058 1260 3154 1315 καί
3184 1258 3542 1330 προσθήκης
3580 1257 3697 1313 τῶν

2694 1352 3126 1406 πιστευόντων.

2696 1443 3091 1498 ΚΕΙΜΕΝΟΝ.

2187 1534 2399 1597 Πάντες
2417 1534 2474 1588 δὲ
2503 1536 2551 1589 oi
2584 1535 2977 1599 πιστεύσαντες
3016 1532 3158 1607 ἦσαν
3189 1535 3283 1589 ἐπὶ
3319 1534 3382 1588 τί)
3415 1535 3568 1599 αὐτὸ,
3595 1539 3694 1591 καὶ

432 1634 519 1676 ter
546 1633 597 1677 et
629 1624 900 1678 habebant
949 1624 1133 1678 omnia
1189 1625 1520 1679 communia.
1554 1624 1934 1682 Possessiones
1961 1635 2006 1681 et

2117 1620 2264 1695 εἶχον
2283 1626 2498 1680 ἅπαντα
2512 1627 2687 1681 κοινά’
2709 1626 2805 1681 καὶ
2818 1625 2885 1680 τά
2904 1627 3180 1698 κτήματα,
3203 1625 3298 1680 καὶ
3317 1628 3412 1688 τὰς
3430 1625 3692 1696 ὑπάρξεις

437 1714 775 1770 substantias
831 1715 1142 1771 vendebant
1173 1725 1228 1771 et
1259 1715 1577 1772 dividebant
1606 1717 1697 1771 illa
1727 1719 2006 1783 omnibus,

2118 1716 2485 1785 ἐπίπρασκον,
2520 1716 2617 1769 καὶ
2674 1716 2982 1786 διεμέριζον
3023 1714 3163 1768 αὐτὰ
3188 1717 3344 1779 πᾶσι,
3368 1716 3488 1768 καθ’
3516 1716 3597 1768 ὅτι
3626 1719 3693 1769 ἀν

429 1816 598 1876 «prout
623 1808 822 1877 cuique
862 1822 1002 1876 opus
1054 1816 1189 1861 erat.
1232 1808 1487 1872 Quotidie
1536 1825 1756 1880 quoque
1809 1809 2011 1880 perdu-

440 1906 624 1953 rantes
656 1899 991 1973 unanimiter
1020 1899 1072 1952 in
1103 1899 1326 1969 templo,
1380 1909 1433 1954 et
1490 1900 1806 1969 frangentes
1862 1902 2009 1956 circa

428 1986 634 2041 'dotnos
666 2002 882 2056 panem,
918 1986 1209 2042 sumebant
1247 1988 1429 2040 cibum
1466 2002 1589 2053 cum
1643 1989 2012 2044 exsultatione

431 2089 492 2131 et
557 2078 910 2149 simplicitate
958 2079 1193 2143 cordis,
1277 2079 1655 2135 collaudantcs
1723 2080 1889 2134 Deum
1956 2088 2011 2135 ct

442 2173 707 2227 habentes
762 2172 990 2242 gratiam
1045 2171 1112 2226 ad
1160 2186 1378 2228 omnem
1440 2173 1674 2243 plebem.
1738 2173 2007 2229 Dominus

432 2272 618 2319 autem
669 2264 941 2336 augebat,
990 2263 1098 2335 ‘qui
1150 2264 1288 2321 salvi
1349 2265 1564 2332 tierent,
1641 2265 1892 2336 quotidie
1952 2266 2008 2322 itt

438 2359 697 2429 idipsum.

938 2448 1514 2508 COMMENTARIUS.

506 2544 623 2600 Non
656 2541 1174 2616 quomodocunque,
1211 2542 1674 2614 quemadmodum
1707 2540 1991 2615 gentilium

438 2636 775 2708 philosophi,
831 2650 1064 2707 quorum
1111 2634 1201 2690 alii
1258 2635 1646 2705 relinquebant
1694 2649 1879 2706 agros,
1915 2633 2006 2688 alii

437 2744 629 2781 aurum
660 2729 714 2782 in
774 2743 928 2783 mare
978 2724 1356 2797 projiciebaut.
1408 2723 1523 2780 Hoc
1566 2741 1695 2781 vero
1760 2740 1869 2779 non
1914 2732 2001 2781 est

438 2821 726 2876 laudabilis
759 2818 1077 2875 divitiarum
1110 2826 1464 2890 contemptus
1488 2857 1503 2883 ,
1559 2819 1653 2873 sed
1703 2816 1918 2872 insania
1951 2826 2007 2872 ct

436 2912 694 2965 amentia.
724 2911 951 2981 Semper
978 2910 1124 2967 enim
1157 2917 1212 2965 et
1249 2908 1452 2979 ubique
1515 2908 1764 2965 diabolus
1797 2907 2007 2964 studuit

2113 1824 2198 1869 τις
2222 1793 2415 1878 χρεἱαν
2464 1804 2578 1879 εἶχε
2602 1824 2616 1839 °
2648 1808 2972 1879 καθημέραν
3003 1807 3111 1881 [τε]
3153 1809 3690 1881 προσκαρτεροῦντες

2113 1898 2457 1969 ὁμοθυμαδὸν
2501 1902 2561 1953 ὲν
2601 1899 2683 1971 τῷ
2721 1898 2874 1970 ίερῷ,
2925 1898 3158 1964 κλῶντές
3186 1916 3246 1952 τε
3273 1900 3397 1953 κατ’
3425 1893 3572 1952 οἷκον
3596 1900 3690 1952 τὸν

2113 1989 2296 2059 ἄρτον,
2322 1991 2417 2043 καὶ
2447 1990 2964 2061 μεταλαμϐάνοντες
3006 1990 3215 2063 τροφὴν
3255 1993 3315 2045 ὲν
3367 1993 3689 2061 ἀγαλλιάσει

2112 2082 2208 2134 καὶ
2232 2082 2528 2154 ἀφελότητι
2550 2084 2797 2155 καρδίας,
2816 2084 3093 2150 αἰνοῦντες
3114 2086 3205 2140 τὸν
3230 2086 3386 2150 Θεὸν,
3418 2086 3512 2138 καὶ
3537 2085 3685 2157 ἕχον-

2110 2189 2202 2233 τες
2234 2173 2398 2244 χάριν
2441 2174 2582 2245 πρὸς
2608 2174 2730 2229 ὅλον
2778 2175 2871 2230 τὸν
2897 2175 3044 2230 λαόν.
3091 2175 3150 2230 Ὃ
3180 2176 3237 2230 δὲ
3268 2176 3471 2248 Κύριος
3507 2194 3677 2248 προτ-

2112 2268 2452 2336 ετίοει-τοὺς.
2471 2268 2818 2343 διωξομένους
2844 2269 3165 2345 κώημὲραν
3185 2273 3254 2345 τῇ
3295 2270 3611 2346 Ἐκκλησία.

2692 2459 3075 2514 ΕΡΜΗΝΕΙΔ.

2180 2550 2292 2620 Ούχ
2325 2548 2533 2615 ἁπλῶς,
2570 2549 2823 2621 καθάπερ
2852 2551 2900 2603 οἱ
2930 2547 3063 2620 παρ’
3095 2549 3326 2622 Ἕλλησι
3357 2552 3511 2621 σοφοὶ
3531 2553 3596 2619 ’⁷,
3631 2554 3685 2607 oi

2112 2642 2213 2713 μὲν
2239 2643 2451 2713 ἀνῆκαν
2489 2643 2588 2715 τὴν
2614 2641 2741 2712 γῆν,
2771 2644 2819 2697 οἱ
2844 2643 2900 2698 δὲ
2930 2644 3014 2706 είς
3060 2642 3341 2699 θάλασσαν
3367 2645 3596 2718 ἔρριψαν
3623 2652 3686 2700 ab

2108 2737 2354 2808 χρυσίον.
2402 2737 2574 2790 Τοῦτο
2594 2737 2651 2791 δὲ
2694 2737 2791 2807 οὐχ
2852 2737 3123 2809 ὑπεροψία
3168 2739 3489 2811 χρημάτων,
3547 2740 3686 2794 ἀλλὰ

2112 2827 2292 2899 μωρία
2320 2829 2414 2881 καὶ
2467 2824 2643 2884 ἄνοιὰ.
2679 2827 3013 2900 [Πανταχοῦ]
3036 2828 3147 2900 γὰρ
3175 2828 3505 2892 ἐσπούδαζεν
3539 2827 3677 2901 [ἀεὶ]

2108 2922 2137 2974 ὁ
2160 2919 2405 2984 διάϐολος
2430 2920 2525 2972 τοῦ
2562 2920 2697 2974 Θεοῦ
2723 2921 2791 2974 τὰ
2815 2919 3092 2990 κτίσματα
3123 2919 3447 2986 διαϐάλλειν,
3477 2920 3552 2984 ὡς
3581 2922 3684 2973 οὐκ

438 3002 528 3058 Dei
565 3010 851 3058 creaturas
879 3001 1229 3068 calumniari,
1263 3001 1427 3072 quasi
1477 2999 1597 3057 ﬁeri
1637 3017 1742 3056 non
1796 3011 2004 3071 posset,

2111 3012 2229 3066 ένδν
2253 3010 2434 3076 καλῶς
2460 3011 2770 3083 χρήσασθαι
2800 3013 3096 3083 χρήμασιν.
3134 3011 3404 3066 Ἐνταῦθα
3420 3011 3479 3064 δὲ
3505 3012 3684 3073 οὐδεὶς

435 3101 495 3150 at
525 3094 648 3162 quis
677 3094 930 3162 pecuniis
963 3093 1196 3148 honeste
1225 3102 1493 3148 uteretur.
1539 3091 1640 3148 llic
1670 3108 1802 3148 vero
1842 3108 2005 3147 nemo

434 3185 607 3239 altero
646 3184 769 3253 plus
796 3183 1067 3248 habebat;
1098 3192 1152 3237 et
1185 3182 1374 3239 statim
1404 3182 1567 3237 simul
1602 3193 2004 3251 convenerunt,

435 3281 495 3330 nt
518 3273 778 3331 omnibus
836 3273 1152 3328 necessaria
1198 3273 1635 3344 suppeditarent.
1692 3272 1864 3330 Porro
1894 3276 2008 3331 haec

432 3373 516 3421 cst
546 3364 855 3436 respublica
880 3364 1150 3436 angelica,
1181 3365 1274 3421 ubi
1317 3382 1480 3422 nemo
1540 3365 1841 3437 quidquam
1874 3383 2004 3439 pro-

435 3458 612 3528 prium
646 3457 752 3513 sibi
784 3472 908 3514 esse
954 3457 1188 3514 dicebat.
1233 3457 1433 3515 Dicens
1472 3474 1599 3516 vero
1624 3461 2008 3518 tantummodo

386 3594 387 3597 η
438 3564 631 3620 panem
667 3551 722 3604 in
748 3549 931 3603 cibum
962 3548 1183 3618 habere,
1213 3550 1345 3605 mihi
1383 3551 1602 3607 videtur
1647 3553 1734 3608 hic
1765 3560 1820 3608 et
1859 3552 2007 3625 jeju-

436 3642 585 3692 nium
614 3646 669 3693 et
694 3645 970 3694 austeram
1018 3638 1238 3694 illorum
1269 3640 1434 3696 vitam
1487 3642 1764 3711 indicare;
1796 3644 2007 3701 scilicet

433 3731 615 3786 cibum
674 3729 986 3799 sumebant,
1029 3746 1143 3787 non
1187 3732 1435 3789 delicias.
1493 3733 1791 3806 Postquam
1841 3735 2001 3805 dixit,

438 3840 458 3872 ε
499 3821 632 3877 Cum
662 3822 1046 3890 exsultatione,
1081 3841 1102 3875 t
1129 3822 1302 3893 addit,
1338 3842 1357 3872 ι
1400 3834 1455 3884 et
1484 3825 1835 3899 simplicitate
1860 3834 2002 3898 ,‘cor-

431 3918 549 3981 dis;
584 3934 602 3969 ι
654 3915 792 3987 quia
857 3930 981 3975 esse
1050 3933 1160 3975 non
1217 3928 1399 3991 potest
1457 3922 1751 3980 exsultatio
1798 3921 2004 3993 absque

432 4008 686 4080 simplici:
699 4019 807 4068 ate.

926 4105 1087 4176 205
1132 4103 1363 4162 CAPUT
1413 4106 1504 4163 tv.

432 4195 509 4250 De
541 4197 717 4251 claudi
757 4214 789 4251 a
828 4200 1116 4253 ‘nativitate
1168 4201 1440 4256 curatione
1474 4217 1507 4254 a
1539 4201 1755 4256 Christo
1813 4201 1996 4272 facta,

499 4294 661 4361 deque
719 4302 908 4362 arguta
987 4292 1137 4348 Petri
1210 4294 1557 4349 instructions
1617 4293 1686 4348 ad
1772 4297 2000 4351 salutem

503 4395 694 4434 tuatua.

560 4396 694 4434 atus.

523 4396 557 4449 Ρ
675 4472 834 4527 Furia
867 4482 1021 4531 sexta
1054 4475 1409 4533 hebdomada:
1439 4475 1749 4534 Paschalis.

1064 4566 1368 4624 TEXTUS.

501 4657 720 4722 lll,l-8.
758 4659 952 4716 Petrus
985 4672 1165 4715 autem
1200 4668 1252 4715 et
1278 4658 1521 4718 Joannes
1543 4662 1910 4719 ascendebant
1943 4663 1997 4715 in

428 4752 795 4820 templum,ad
822 4754 1012 4808 horam
1034 4753 1300 4810 orationis
1317 4770 1536 4810 nouam.
1565 4754 1628 4808 Et
1647 4756 1867 4826 quidam
1895 4756 2000 4821 vir,

429 4839 523 4909 qui
556 4849 673 4894 erat
694 4842 927 4899 claudus
948 4857 1011 4898 ex
1043 4849 1199 4898 utero
1223 4846 1416 4901 matris
1447 4861 1583 4908 suae,
1603 4846 1994 4914 bajulabatur:

428 4946 588 5003 quem
623 4933 895 5003 ponebant
939 4935 1185 5005 quOtidie
1230 4935 1299 4990 ad
1354 4946 1567 5006 portam
1619 4937 1829 5006 templi,
1875 4951 1998 5007 quae

426 5024 632 5079 dicitur
712 5023 998 5095 Speciosa,
1050 5035 1110 5081 ut
1173 5034 1381 5097 peteret
1457 5026 1863 5095 elecmosynam
1928 5029 1996 5082 ab

326 5190 327 5193 η
429 5115 838 5170 iutroeuutilnts
869 5114 922 5168 in
953 5112 1309 5184 tetuplutn.ls
1348 5129 1474 5169 cum
1499 5113 1727 5169 vidisset
1774 5114 1996 5169 Petrum

428 5216 482 5261 et
518 5204 784 5264 Joannem
818 5205 1142 5274 incipientes
1173 5205 1404 5260 introire
1437 5206 1491 5259 in
1519 5206 1802 5275 templum,
1834 5220 1995 5277 roga-

429 5298 520 5352 bat
559 5306 618 5353 ut
646 5292 1052 5367 elecmosynant
1104 5295 1401 5367 acciperet.
1432 5296 1655 5350 lutueus
1709 5309 1891 5351 autem
1940 5299 1997 5351 in

497 5482 563 5513 ’θ’
597 5480 757 5535 Joan.
790 5495 938 5546 uvr,
980 5480 1032 5544 8,
1067 5482 1124 5534 9.

2111 3104 2198 3159 ἓτε
2212 3122 2301 3175 ρος
2333 3104 2521 3176 ἑτέρου
2574 3105 2756 3158 πλεῖον
2782 3099 2914 3175 εἶχε,
2944 3105 3037 3158 καὶ
3064 3104 3275 3176 ταχέως
3298 3098 3460 3176 ἦλθον
3491 3103 3586 3157 ἐπὶ
3623 3100 3686 3157 τὸ

2111 3195 2282 3259 αὐτὸ,
2336 3197 2430 3251 ἐπὶ
2476 3195 2536 3250 τὸ
2598 3198 2731 3249 πᾶσι
2785 3195 3129 3266 μεταδοῦναι.
3211 3193 3384 3249 Τοῦτο
3437 3194 3684 3248 πολιτεία

2110 3288 2379 3360 ἀγγελικῆ
2416 3327 2430 3353 ,
2493 3287 2660 3360 μηδὲν
2732 3287 2898 3342 αὐτὸν
2949 3286 3128 3357 λέγειν
3188 3287 3322 3341 ἴδιον
3363 3280 3526 3341 εἶναι.
3578 3287 3681 3339 Τὸν

2109 3380 2272 3451 ἄρτον
2319 3381 2377 3435 δὲ
2461 3380 2621 3451 μόνον
2649 3380 2853 3451 τροφὴν
2882 3379 3026 3450 ἔχειν
3049 3379 3246 3449 λέγων,
3285 3379 3435 3433 δοκεῖ
3474 3382 3682 3450 μοικαὶ

2108 3473 2363 3544 νηστείαν
2392 3472 2627 3526 ἐνταῦθα
2659 3471 2950 3542 σημαίνειν
2986 3471 3081 3525 κα)⁸
3104 3471 3341 3542 σκληρὸν
3376 3471 3492 3542 βίον
3515 3487 3531 3502 ·
3556 3488 3683 3541 τροο

2109 3564 2218 3635 φῆς
2248 3565 2379 3636 γαρ,
2410 3563 2473 3617 ού
2514 3562 2725 3635 τρυφῆς
2791 3560 3230 3633 μετελάμϐανον.
3280 3561 3484 3625 Είπίὶν,
3533 3578 3554 3613 t
3594 3561 3684 3613 Ἐν

2107 3654 2451 3724 ἀγαλλιάσει,
2476 3673 2495 3706 ι
2528 3656 2803 3725 ἐπήγαγε,
2867 3670 2886 3705 t
2922 3652 3032 3706 Καὶ
3060 3652 3351 3723 ἀφελότητι
3375 3650 3625 3721 καρδίας.
3657 3669 3678 3703 ι

2106 3747 2183 3802 Ού
2220 3747 2331 3819 γὰρ
2360 3732 2440 3802 ἔνι
2460 3745 2635 3812 ἄλλως
2661 3743 2914 3817 γενέσθαι
2934 3743 3281 3816 ἀγαλλίασιν,
3314 3743 3394 3818 μὴ
3420 3743 3682 3815 ἀφελείας

2106 3838 2294 3911 οὔσης.

2707 4105 2963 4160 ΚΕΦΑΛ.
3004 4107 3042 4158 Δ
3061 4141 3079 4158 .

2107 4198 2274 4270 Περί,
2304 4198 2416 4268 τῆς
2449 4198 2519 4253 ἐν
2550 4198 2791 4267 Χριστῷ
2849 4197 3164 4267 θεραπείας
3202 4197 3308 4252 τοῦ
3336 4198 3404 4252 ἐκ
3434 4197 3683 4268 γενετῆς

2177 4292 2402 4363 χωλοῦ,
2423 4291 2651 4360 Πέτρου
2672 4308 2735 4345 τε
2760 4291 3153 4360 κατηχήσεως
3166 4290 3513 4362 ἐλεγκτικῆς
3532 4291 3683 4359 πρὸς

2033 4373 2074 4427 θ
2175 4384 2480 4453 σωτηρίαν
2502 4383 2712 4441 αὐτοῦ.

2374 4476 2452 4548 Τῇ
2482 4478 2805 4548 παρασκευῇ
2835 4476 2935 4547 τῆς
2960 4475 3414 4547 Διακαινησίμου.

2698 4567 3083 4624 KEIMENON.

2189 4657 2317 4712 Ἐπὶ
2346 4657 2407 4710 τὸ
2434 4658 2568 4712 αὐτὸ
2612 4657 2669 4711 δὲ
2707 4658 2911 4729 Πέτρος
2964 4660 3060 4712 καὶ
3105 4658 3359 4729 Ἰωάννης
3397 4656 3677 4728 ἀνέϐησαν

2106 4751 2186 4813 εἱς
2218 4749 2278 4803 τὸ
2301 4750 2445 4820 ἱερὸν
2467 4749 2559 4804 ἐπὶ
2587 4749 2685 4820 τὴν
2733 4749 2884 4822 ὥραν
2932 4750 3032 4821 τῆς
3063 4754 3378 4823 προσευχῆς
3402 4750 3499 4821 τὴν
3529 4752 3684 4804 ἐννά-

2103 4857 2226 4912 την.
2282 4840 2389 4894 Καί
2423 4857 2508 4902 τις
2564 4840 2705 4911 ἀνὴρ
2736 4839 2909 4911 χωλὸς
2933 4841 2998 4893 ὲκ
3027 4840 3238 4902 κοιλίας
3285 4838 3489 4909 μητρὸς
3514 4836 3684 4890 αὑτοῦ

2107 4932 2369 5003 ὑπάρχων
2417 4933 2770 4999 ἐϐαστάζετο,
2806 4931 2866 4985 δν
2896 4930 3111 4985 ἐτίθουν
3146 4930 3271 4984 καθ’
3303 4931 3515 5002 ἡμέραν
3541 4927 3679 4999 πρὸς

2103 5023 2202 5094 τὴν
2263 5024 2431 5096 θύραν
2483 5023 2577 5077 τοῦ
2635 5022 2783 5096 ἱεροῦ
2837 5023 2937 5094 τὴν
2964 5021 3266 5095 λεγομένην
3305 5021 3550 5092 Ὠραίαν,
3583 5019 3677 5073 τοῦ

2106 5114 2282 5167 αἰτεῖν
2329 5113 2705 5185 ἐλεημοσύνην
2734 5113 2885 5184 παρὰ
2932 5113 3041 5165 τῶν
3101 5110 3575 5183 εἰσπορευομένων
3599 5110 3680 5172 εἰς

2106 5204 2166 5258 τὸ
2226 5206 2392 5275 ἱερόν.
2439 5206 2537 5268 Ὃς
2577 5203 2701 5257 ίδὼν
2735 5204 2939 5274 Πέτρον
2968 5203 3061 5255 καὶ
3104 5202 3359 5270 Ἰωάννην
3387 5198 3681 5270 μέλλοντας

2109 5296 2336 5350 εἰσιέναι
2374 5297 2454 5359 είς
2483 5295 2542 5349 τὸ
2584 5296 2752 5366 ἱερὸν,
2810 5292 2999 5365 ὴρὼτα
3030 5290 3426 5363 ἐλεημοσύνην.
3470 5285 3678 5341 ’Λτενί-

1588 5571 1784 5634 Variae
1828 5571 2138 5636 lectiones
2183 5581 2244 5635 ct
2290 5580 2477 5633 notas.

476 5670 518 5703 “
554 5672 640 5726 ισ.
670 5674 763 5743 γῇ.
840 5674 883 5706 ¹⁸
915 5671 1087 5731 Σιών.
1165 5674 1205 5706 ³⁷
1239 5671 1539 5743 φιλόσοφοι.
