  <div class='ocr_page' id='page_1' title='image "/cluster/home/n/w/nwhite01/storage/ocr_20150623/125/hvd.32044073502429/486.png"; bbox 0 0 4088 6206; ppageno 0'>
   <div class='ocr_carea' id='block_1_1' title="bbox 381 259 489 324">
    <p class='ocr_par' dir='ltr' id='par_1_1' title="bbox 381 259 489 324">
     <span class='ocr_line' id='line_1_1' title="bbox 381 259 489 324; baseline 0.009 -1"><span class='ocrx_word' id='word_1_1' title='bbox 381 259 489 324; x_wconf 76' lang='lat'><strong>877</strong></span> 
     </span>
    </p>
   </div>
   <div class='ocr_carea' id='block_1_2' title="bbox 1037 256 2990 325">
    <p class='ocr_par' dir='ltr' id='par_1_2' title="bbox 1037 256 2990 325">
     <span class='ocr_line' id='line_1_2' title="bbox 1037 256 2990 325; baseline -0.003 -1"><span class='ocrx_word' id='word_1_2' title='bbox 1037 259 1572 325; x_wconf 78' lang='lat' dir='ltr'><strong>EXPOSITIONIS</strong></span> <span class='ocrx_word' id='word_1_3' title='bbox 1602 260 1682 320; x_wconf 82' lang='lat' dir='ltr'><strong>IN</strong></span> <span class='ocrx_word' id='word_1_4' title='bbox 1722 259 1910 319; x_wconf 76' lang='lat' dir='ltr'><strong>ACTA</strong></span> <span class='ocrx_word' id='word_1_5' title='bbox 1939 256 2241 317; x_wconf 75' lang='lat' dir='ltr'><strong>TEXTUS</strong></span> <span class='ocrx_word' id='word_1_6' title='bbox 2281 256 2546 317; x_wconf 77' lang='lat' dir='ltr'><strong>ALTER.</strong></span> <span class='ocrx_word' id='word_1_7' title='bbox 2597 280 2653 292; x_wconf 91' lang='grc'><strong>·-</strong></span> <span class='ocrx_word' id='word_1_8' title='bbox 2681 256 2838 317; x_wconf 82' lang='lat' dir='ltr'><strong>CAP.</strong></span> <span class='ocrx_word' id='word_1_9' title='bbox 2875 257 2990 318; x_wconf 89' lang='lat' dir='ltr'><strong>III.</strong></span> 
     </span>
    </p>
   </div>
   <div class='ocr_carea' id='block_1_3' title="bbox 3515 265 3624 329">
    <p class='ocr_par' dir='ltr' id='par_1_3' title="bbox 3515 265 3624 329">
     <span class='ocr_line' id='line_1_3' title="bbox 3515 265 3624 329; baseline 0.018 -2"><span class='ocrx_word' id='word_1_10' title='bbox 3515 265 3624 329; x_wconf 87' lang='lat'><strong>878</strong></span> 
     </span>
    </p>
   </div>
   <div class='ocr_carea' id='block_1_4' title="bbox 381 365 1950 445">
    <p class='ocr_par' dir='ltr' id='par_1_4' title="bbox 381 366 1950 445">
     <span class='ocr_line' id='line_1_4' title="bbox 381 366 1950 445; baseline -0.006 -16"><span class='ocrx_word' id='word_1_11' title='bbox 381 391 483 438; x_wconf 87' lang='grc' dir='ltr'><strong>σας</strong></span> <span class='ocrx_word' id='word_1_12' title='bbox 503 373 559 428; x_wconf 79' lang='grc' dir='ltr'>δὲ</span> <span class='ocrx_word' id='word_1_13' title='bbox 584 372 786 445; x_wconf 79' lang='grc' dir='ltr'><strong>Πέτρος</strong></span> <span class='ocrx_word' id='word_1_14' title='bbox 814 373 894 437; x_wconf 80' lang='grc' dir='ltr'>εἰς</span> <span class='ocrx_word' id='word_1_15' title='bbox 927 373 1090 426; x_wconf 78' lang='grc' dir='ltr'>αὐτὸν</span> <span class='ocrx_word' id='word_1_16' title='bbox 1113 375 1210 427; x_wconf 75' lang='grc' dir='ltr'><strong>σὺν</strong></span> <span class='ocrx_word' id='word_1_17' title='bbox 1234 373 1310 443; x_wconf 80' lang='grc' dir='ltr'>τῷ</span> <span class='ocrx_word' id='word_1_18' title='bbox 1327 374 1550 444; x_wconf 77' lang='grc' dir='ltr'>Ἰωάννῃ</span> <span class='ocrx_word' id='word_1_19' title='bbox 1571 366 1713 424; x_wconf 83' lang='grc' dir='ltr'>εἷπε·</span> <span class='ocrx_word' id='word_1_20' title='bbox 1748 369 1950 438; x_wconf 69' lang='grc' dir='ltr'>Βλέψον</span> 
     </span>
    </p>
   </div>
   <div class='ocr_carea' id='block_1_5' title="bbox 2055 365 3623 445">
    <p class='ocr_par' dir='ltr' id='par_1_5' title="bbox 2055 365 3623 438">
     <span class='ocr_line' id='line_1_5' title="bbox 2055 365 3623 438; baseline 0.006 -18"><span class='ocrx_word' id='word_1_21' title='bbox 2055 383 2178 421; x_wconf 87' lang='lat' dir='ltr'><strong>cum</strong></span> <span class='ocrx_word' id='word_1_22' title='bbox 2215 366 2411 422; x_wconf 84' lang='lat' dir='ltr'><strong>Petrus</strong></span> <span class='ocrx_word' id='word_1_23' title='bbox 2444 382 2568 422; x_wconf 92' lang='lat' dir='ltr'><strong>cum</strong></span> <span class='ocrx_word' id='word_1_24' title='bbox 2596 365 2828 431; x_wconf 86' lang='lat' dir='ltr'><strong>Joanne,</strong></span> <span class='ocrx_word' id='word_1_25' title='bbox 2852 368 3027 424; x_wconf 78' lang='lat' dir='ltr'><strong>dixit:</strong></span> <span class='ocrx_word' id='word_1_26' title='bbox 3055 366 3290 438; x_wconf 86' lang='lat' dir='ltr'><strong>Respice</strong></span> <span class='ocrx_word' id='word_1_27' title='bbox 3321 371 3375 427; x_wconf 89' lang='lat' dir='ltr'><strong>in</strong></span> <span class='ocrx_word' id='word_1_28' title='bbox 3397 387 3522 431; x_wconf 85' lang='lat' dir='ltr'><strong>nos.</strong></span> <span class='ocrx_word' id='word_1_29' title='bbox 3550 379 3623 430; x_wconf 81' lang='lat' dir='ltr'><strong>At</strong></span> 
     </span>
    </p>
   </div>
   <div class='ocr_carea' id='block_1_6' title="bbox 381 463 1948 538">
    <p class='ocr_par' dir='ltr' id='par_1_6' title="bbox 381 463 1948 538">
     <span class='ocr_line' id='line_1_6' title="bbox 381 463 1948 538; baseline -0.006 -16"><span class='ocrx_word' id='word_1_30' title='bbox 381 469 463 530; x_wconf 82' lang='grc' dir='ltr'><strong>εἰς</strong></span> <span class='ocrx_word' id='word_1_31' title='bbox 488 468 656 538; x_wconf 67' lang='grc' dir='ltr'>ἡμᾶς.</span> <span class='ocrx_word' id='word_1_32' title='bbox 702 467 763 521; x_wconf 86' lang='lat'><strong>&#39;0</strong></span> <span class='ocrx_word' id='word_1_33' title='bbox 790 467 848 520; x_wconf 80' lang='grc' dir='ltr'>δὲ</span> <span class='ocrx_word' id='word_1_34' title='bbox 887 468 1104 537; x_wconf 80' lang='grc' dir='ltr'>ἐπεῖχεν</span> <span class='ocrx_word' id='word_1_35' title='bbox 1154 468 1339 529; x_wconf 80' lang='grc' dir='ltr'>αὐτοῖς</span> <span class='ocrx_word' id='word_1_36' title='bbox 1387 465 1702 534; x_wconf 80' lang='grc' dir='ltr'>προσδοκῶν</span> <span class='ocrx_word' id='word_1_37' title='bbox 1732 481 1785 516; x_wconf 89' lang='grc' dir='ltr'><strong>τι</strong></span> <span class='ocrx_word' id='word_1_38' title='bbox 1819 463 1948 532; x_wconf 73' lang='grc' dir='ltr'>παρ’</span> 
     </span>
    </p>
   </div>
   <div class='ocr_carea' id='block_1_7' title="bbox 382 551 1955 627">
    <p class='ocr_par' dir='ltr' id='par_1_7' title="bbox 382 551 1955 627">
     <span class='ocr_line' id='line_1_7' title="bbox 382 551 1955 627; baseline -0.006 -13"><span class='ocrx_word' id='word_1_39' title='bbox 382 559 564 614; x_wconf 83' lang='grc' dir='ltr'>αὐτῶν</span> <span class='ocrx_word' id='word_1_40' title='bbox 585 557 794 612; x_wconf 88' lang='grc' dir='ltr'>λαϐεῖν.</span> <span class='ocrx_word' id='word_1_41' title='bbox 829 551 966 610; x_wconf 74' lang='grc' dir='ltr'>Εἶπε</span> <span class='ocrx_word' id='word_1_42' title='bbox 993 558 1049 610; x_wconf 77' lang='grc' dir='ltr'><strong>δὲ</strong></span> <span class='ocrx_word' id='word_1_43' title='bbox 1085 557 1330 627; x_wconf 84' lang='grc' dir='ltr'>Πέτρος·</span> <span class='ocrx_word' id='word_1_44' title='bbox 1369 555 1662 627; x_wconf 78' lang='grc' dir='ltr'>’Δργύρισν</span> <span class='ocrx_word' id='word_1_45' title='bbox 1693 555 1788 607; x_wconf 75' lang='grc' dir='ltr'><strong>καὶ</strong></span> <span class='ocrx_word' id='word_1_46' title='bbox 1822 570 1955 625; x_wconf 85' lang='grc' dir='ltr'>χρυ-</span> 
     </span>
    </p>
   </div>
   <div class='ocr_carea' id='block_1_8' title="bbox 384 645 1949 719">
    <p class='ocr_par' dir='ltr' id='par_1_8' title="bbox 384 645 1949 719">
     <span class='ocr_line' id='line_1_8' title="bbox 384 645 1949 719; baseline -0.003 -18"><span class='ocrx_word' id='word_1_47' title='bbox 384 650 498 702; x_wconf 89' lang='grc' dir='ltr'>σίον</span> <span class='ocrx_word' id='word_1_48' title='bbox 545 648 646 718; x_wconf 85' lang='grc' dir='ltr'><strong>οὐχ</strong></span> <span class='ocrx_word' id='word_1_49' title='bbox 707 649 943 719; x_wconf 78' lang='grc' dir='ltr'><strong>ὑπάρχει</strong></span> <span class='ocrx_word' id='word_1_50' title='bbox 981 665 1092 716; x_wconf 85' lang='grc' dir='ltr'>μοι,</span> <span class='ocrx_word' id='word_1_51' title='bbox 1115 649 1143 701; x_wconf 90' lang='lat'><strong>6</strong></span> <span class='ocrx_word' id='word_1_52' title='bbox 1168 649 1224 701; x_wconf 78' lang='grc' dir='ltr'>δὲ</span> <span class='ocrx_word' id='word_1_53' title='bbox 1257 648 1385 719; x_wconf 74' lang='grc' dir='ltr'>ἔχω,</span> <span class='ocrx_word' id='word_1_54' title='bbox 1415 647 1573 700; x_wconf 81' lang='grc' dir='ltr'>τοῦτό</span> <span class='ocrx_word' id='word_1_55' title='bbox 1602 663 1684 698; x_wconf 91' lang='grc' dir='ltr'><strong>σοι</strong></span> <span class='ocrx_word' id='word_1_56' title='bbox 1722 645 1949 714; x_wconf 88' lang='grc' dir='ltr'>δίδωμι·</span> 
     </span>
    </p>
   </div>
   <div class='ocr_carea' id='block_1_9' title="bbox 383 736 1951 810">
    <p class='ocr_par' dir='ltr' id='par_1_9' title="bbox 383 736 1951 810">
     <span class='ocr_line' id='line_1_9' title="bbox 383 736 1951 810; baseline -0.003 -17"><span class='ocrx_word' id='word_1_57' title='bbox 383 743 440 793; x_wconf 81' lang='grc' dir='ltr'><strong>ἐν</strong></span> <span class='ocrx_word' id='word_1_58' title='bbox 497 739 575 810; x_wconf 82' lang='grc' dir='ltr'>τῷ</span> <span class='ocrx_word' id='word_1_59' title='bbox 624 739 848 808; x_wconf 86' lang='grc' dir='ltr'>ὀνόματι</span> <span class='ocrx_word' id='word_1_60' title='bbox 910 737 1081 808; x_wconf 74' lang='grc' dir='ltr'>Ἰησοῦ</span> <span class='ocrx_word' id='word_1_61' title='bbox 1145 740 1382 809; x_wconf 75' lang='grc' dir='ltr'><strong>Χριστοῦ</strong></span> <span class='ocrx_word' id='word_1_62' title='bbox 1459 737 1554 792; x_wconf 77' lang='grc' dir='ltr'>τοῦ</span> <span class='ocrx_word' id='word_1_63' title='bbox 1629 736 1951 807; x_wconf 70' lang='grc' dir='ltr'><strong>Ναζωραίου</strong></span> 
     </span>
    </p>
   </div>
   <div class='ocr_carea' id='block_1_10' title="bbox 383 825 1955 900">
    <p class='ocr_par' dir='ltr' id='par_1_10' title="bbox 383 825 1955 900">
     <span class='ocr_line' id='line_1_10' title="bbox 383 825 1955 900; baseline -0.003 -17"><span class='ocrx_word' id='word_1_64' title='bbox 383 831 563 900; x_wconf 73' lang='grc' dir='ltr'>ἔγειρε</span> <span class='ocrx_word' id='word_1_65' title='bbox 607 830 704 883; x_wconf 76' lang='grc' dir='ltr'>καὶ</span> <span class='ocrx_word' id='word_1_66' title='bbox 730 829 1044 899; x_wconf 85' lang='grc' dir='ltr'>περιπάτει.</span> <span class='ocrx_word' id='word_1_67' title='bbox 1080 831 1188 883; x_wconf 68' lang='grc' dir='ltr'>Καὶ</span> <span class='ocrx_word' id='word_1_68' title='bbox 1219 831 1421 892; x_wconf 84' lang='grc' dir='ltr'>πιάσας</span> <span class='ocrx_word' id='word_1_69' title='bbox 1454 828 1619 882; x_wconf 79' lang='grc' dir='ltr'>αὐτὸν</span> <span class='ocrx_word' id='word_1_70' title='bbox 1645 827 1744 895; x_wconf 86' lang='grc' dir='ltr'>τῆς</span> <span class='ocrx_word' id='word_1_71' title='bbox 1773 825 1955 893; x_wconf 82' lang='grc' dir='ltr'>δεξιᾶς</span> 
     </span>
    </p>
   </div>
   <div class='ocr_carea' id='block_1_11' title="bbox 381 915 1952 993">
    <p class='ocr_par' dir='ltr' id='par_1_11' title="bbox 381 915 1952 993">
     <span class='ocr_line' id='line_1_11' title="bbox 381 915 1952 993; baseline -0.004 -19"><span class='ocrx_word' id='word_1_72' title='bbox 381 923 585 993; x_wconf 67' lang='grc' dir='ltr'>χειρὸς,</span> <span class='ocrx_word' id='word_1_73' title='bbox 617 922 828 992; x_wconf 69' lang='grc' dir='ltr'>ἡγειρε.</span> <span class='ocrx_word' id='word_1_74' title='bbox 864 921 1208 992; x_wconf 78' lang='grc' dir='ltr'>Παραχρῆμα</span> <span class='ocrx_word' id='word_1_75' title='bbox 1253 921 1310 973; x_wconf 82' lang='grc' dir='ltr'><strong>δέ</strong></span> <span class='ocrx_word' id='word_1_76' title='bbox 1337 918 1758 989; x_wconf 75' lang='grc' dir='ltr'><strong>ἐστερεώθησαν</strong></span> <span class='ocrx_word' id='word_1_77' title='bbox 1788 915 1952 970; x_wconf 79' lang='grc' dir='ltr'>αὐτοῦ</span> 
     </span>
    </p>
   </div>
   <div class='ocr_carea' id='block_1_12' title="bbox 383 1006 1954 1085">
    <p class='ocr_par' dir='ltr' id='par_1_12' title="bbox 383 1006 1954 1085">
     <span class='ocr_line' id='line_1_12' title="bbox 383 1006 1954 1085; baseline -0.004 -19"><span class='ocrx_word' id='word_1_78' title='bbox 383 1015 441 1067; x_wconf 87' lang='grc' dir='ltr'><strong>αἰ</strong></span> <span class='ocrx_word' id='word_1_79' title='bbox 473 1014 658 1085; x_wconf 79' lang='grc' dir='ltr'>βάσεις</span> <span class='ocrx_word' id='word_1_80' title='bbox 695 1013 791 1066; x_wconf 72' lang='grc' dir='ltr'><strong>καὶ</strong></span> <span class='ocrx_word' id='word_1_81' title='bbox 815 1011 886 1064; x_wconf 78' lang='grc' dir='ltr'><strong>τά</strong></span> <span class='ocrx_word' id='word_1_82' title='bbox 928 1012 1130 1080; x_wconf 73' lang='grc' dir='ltr'>σφυρὰ,</span> <span class='ocrx_word' id='word_1_83' title='bbox 1167 1011 1263 1064; x_wconf 78' lang='grc' dir='ltr'>καὶ</span> <span class='ocrx_word' id='word_1_84' title='bbox 1303 1009 1662 1079; x_wconf 77' lang='grc' dir='ltr'><strong>ἐξαλλόμενος</strong></span> <span class='ocrx_word' id='word_1_85' title='bbox 1692 1007 1824 1078; x_wconf 75' lang='grc' dir='ltr'>ἔστη</span> <span class='ocrx_word' id='word_1_86' title='bbox 1859 1006 1954 1060; x_wconf 78' lang='grc' dir='ltr'>καὶ</span> 
     </span>
    </p>
   </div>
   <div class='ocr_carea' id='block_1_13' title="bbox 383 1099 1954 1174">
    <p class='ocr_par' dir='ltr' id='par_1_13' title="bbox 383 1099 1954 1174">
     <span class='ocr_line' id='line_1_13' title="bbox 383 1099 1954 1174; baseline -0.003 -19"><span class='ocrx_word' id='word_1_87' title='bbox 383 1105 706 1174; x_wconf 80' lang='grc' dir='ltr'>περιεπάτει</span> <span class='ocrx_word' id='word_1_88' title='bbox 727 1119 742 1134; x_wconf 82' lang='lat'><strong><em>°</em></strong></span> <span class='ocrx_word' id='word_1_89' title='bbox 773 1106 870 1156; x_wconf 72' lang='grc' dir='ltr'><strong>καὶ</strong></span> <span class='ocrx_word' id='word_1_90' title='bbox 896 1102 1114 1172; x_wconf 81' lang='grc' dir='ltr'>εἰσῆλθε</span> <span class='ocrx_word' id='word_1_91' title='bbox 1146 1103 1244 1154; x_wconf 82' lang='grc' dir='ltr'><strong>σὺν</strong></span> <span class='ocrx_word' id='word_1_92' title='bbox 1271 1101 1456 1163; x_wconf 82' lang='grc' dir='ltr'>αὐτοῖς</span> <span class='ocrx_word' id='word_1_93' title='bbox 1482 1102 1562 1163; x_wconf 90' lang='grc' dir='ltr'><strong>εἰς</strong></span> <span class='ocrx_word' id='word_1_94' title='bbox 1583 1100 1646 1152; x_wconf 79' lang='grc' dir='ltr'><strong>τὸ</strong></span> <span class='ocrx_word' id='word_1_95' title='bbox 1679 1099 1828 1170; x_wconf 75' lang='grc' dir='ltr'>ἱερδν</span> <span class='ocrx_word' id='word_1_96' title='bbox 1859 1114 1954 1151; x_wconf 82' lang='grc' dir='ltr'>πε-</span> 
     </span>
    </p>
   </div>
   <div class='ocr_carea' id='block_1_14' title="bbox 385 1191 1741 1264">
    <p class='ocr_par' dir='ltr' id='par_1_14' title="bbox 385 1191 1741 1264">
     <span class='ocr_line' id='line_1_14' title="bbox 385 1191 1741 1264; baseline -0.004 -17"><span class='ocrx_word' id='word_1_97' title='bbox 385 1193 652 1264; x_wconf 83' lang='grc' dir='ltr'>ριπατῶν,</span> <span class='ocrx_word' id='word_1_98' title='bbox 681 1193 777 1246; x_wconf 76' lang='grc' dir='ltr'>καὶ</span> <span class='ocrx_word' id='word_1_99' title='bbox 810 1192 1124 1261; x_wconf 82' lang='grc' dir='ltr'>ἁλλόμενος,</span> <span class='ocrx_word' id='word_1_100' title='bbox 1163 1193 1258 1246; x_wconf 71' lang='grc' dir='ltr'><strong>καὶ</strong></span> <span class='ocrx_word' id='word_1_101' title='bbox 1279 1191 1445 1246; x_wconf 84' lang='grc' dir='ltr'>αἰνῶν</span> <span class='ocrx_word' id='word_1_102' title='bbox 1472 1191 1565 1244; x_wconf 86' lang='grc' dir='ltr'><strong>τὸν</strong></span> <span class='ocrx_word' id='word_1_103' title='bbox 1586 1191 1741 1243; x_wconf 85' lang='grc' dir='ltr'>Θεὸν.</span> 
     </span>
    </p>
   </div>
   <div class='ocr_carea' id='block_1_15' title="bbox 989 1300 1367 1354">
    <p class='ocr_par' dir='ltr' id='par_1_15' title="bbox 989 1300 1367 1354">
     <span class='ocr_line' id='line_1_15' title="bbox 989 1300 1367 1354; baseline 0.005 -2"><span class='ocrx_word' id='word_1_104' title='bbox 989 1300 1367 1354; x_wconf 77' lang='grc' dir='ltr'><strong>ΕΡΜΗΝΕῙΑ.</strong></span> 
     </span>
    </p>
   </div>
   <div class='ocr_carea' id='block_1_16' title="bbox 456 1401 1952 1478">
    <p class='ocr_par' dir='ltr' id='par_1_16' title="bbox 456 1401 1952 1478">
     <span class='ocr_line' id='line_1_16' title="bbox 456 1401 1952 1478; baseline -0.003 -17"><span class='ocrx_word' id='word_1_105' title='bbox 456 1408 537 1462; x_wconf 85' lang='grc' dir='ltr'><strong>Τὰ</strong></span> <span class='ocrx_word' id='word_1_106' title='bbox 567 1406 664 1478; x_wconf 78' lang='grc' dir='ltr'><strong>μὲν</strong></span> <span class='ocrx_word' id='word_1_107' title='bbox 699 1401 793 1461; x_wconf 77' lang='grc' dir='ltr'><strong>οὖν</strong></span> <span class='ocrx_word' id='word_1_108' title='bbox 830 1406 966 1460; x_wconf 75' lang='grc' dir='ltr'>ἄλλα</span> <span class='ocrx_word' id='word_1_109' title='bbox 1002 1408 1204 1477; x_wconf 84' lang='grc' dir='ltr'>σημεῖα</span> <span class='ocrx_word' id='word_1_110' title='bbox 1259 1406 1516 1476; x_wconf 83' lang='grc' dir='ltr'>παρεῖδεν</span> <span class='ocrx_word' id='word_1_111' title='bbox 1544 1409 1572 1460; x_wconf 98' lang='lat'><strong>6</strong></span> <span class='ocrx_word' id='word_1_112' title='bbox 1604 1404 1698 1460; x_wconf 82' lang='grc' dir='ltr'>τοῦ</span> <span class='ocrx_word' id='word_1_113' title='bbox 1744 1405 1952 1476; x_wconf 76' lang='grc' dir='ltr'>βιϐλίου</span> 
     </span>
    </p>
   </div>
   <div class='ocr_carea' id='block_1_17' title="bbox 387 1495 1953 1570">
    <p class='ocr_par' dir='ltr' id='par_1_17' title="bbox 387 1495 1953 1570">
     <span class='ocr_line' id='line_1_17' title="bbox 387 1495 1953 1570; baseline -0.003 -16"><span class='ocrx_word' id='word_1_114' title='bbox 387 1499 759 1570; x_wconf 70' lang='grc' dir='ltr'>συγγραφεύς.</span> <span class='ocrx_word' id='word_1_115' title='bbox 782 1497 970 1570; x_wconf 80' lang='grc' dir='ltr'>[Λέγει</span> <span class='ocrx_word' id='word_1_116' title='bbox 983 1498 1040 1552; x_wconf 87' lang='grc' dir='ltr'>δὲ</span> <span class='ocrx_word' id='word_1_117' title='bbox 1057 1501 1302 1570; x_wconf 87' lang='grc' dir='ltr'>σημεῖον,</span> <span class='ocrx_word' id='word_1_118' title='bbox 1320 1497 1778 1563; x_wconf 79' lang='grc' dir='ltr'>ὃπάνταςέξένισε</span> <span class='ocrx_word' id='word_1_119' title='bbox 1793 1495 1953 1568; x_wconf 86' lang='lat' dir='ltr'><strong>(f0).]</strong></span> 
     </span>
    </p>
   </div>
   <div class='ocr_carea' id='block_1_18' title="bbox 379 1585 1950 1662">
    <p class='ocr_par' dir='ltr' id='par_1_18' title="bbox 379 1585 1950 1662">
     <span class='ocr_line' id='line_1_18' title="bbox 379 1585 1950 1662; baseline -0.001 -17"><span class='ocrx_word' id='word_1_120' title='bbox 379 1591 611 1645; x_wconf 69' lang='grc' dir='ltr'>Φυσικδν</span> <span class='ocrx_word' id='word_1_121' title='bbox 635 1591 696 1642; x_wconf 82' lang='grc' dir='ltr'><strong>τὸ</strong></span> <span class='ocrx_word' id='word_1_122' title='bbox 744 1589 916 1653; x_wconf 81' lang='grc' dir='ltr'>πάθος</span> <span class='ocrx_word' id='word_1_123' title='bbox 961 1585 1053 1660; x_wconf 80' lang='grc' dir='ltr'>ἦν,</span> <span class='ocrx_word' id='word_1_124' title='bbox 1107 1592 1358 1662; x_wconf 82' lang='grc' dir='ltr'>κρεῖττον</span> <span class='ocrx_word' id='word_1_125' title='bbox 1417 1589 1612 1661; x_wconf 89' lang='grc' dir='ltr'>τέχνης</span> <span class='ocrx_word' id='word_1_126' title='bbox 1674 1589 1950 1660; x_wconf 78' lang='grc' dir='ltr'>ἰατρικῆς.</span> 
     </span>
    </p>
   </div>
   <div class='ocr_carea' id='block_1_19' title="bbox 381 1675 1948 1752">
    <p class='ocr_par' dir='ltr' id='par_1_19' title="bbox 381 1675 1948 1752">
     <span class='ocr_line' id='line_1_19' title="bbox 381 1675 1948 1752; baseline -0.004 -17"><span class='ocrx_word' id='word_1_127' title='bbox 381 1681 805 1752; x_wconf 86' lang='grc' dir='ltr'>Τεσσαράκοντα</span> <span class='ocrx_word' id='word_1_128' title='bbox 835 1675 905 1752; x_wconf 77' lang='grc' dir='ltr'>ἦν</span> <span class='ocrx_word' id='word_1_129' title='bbox 953 1681 1046 1752; x_wconf 79' lang='grc' dir='ltr'><strong>ἐτη</strong></span> <span class='ocrx_word' id='word_1_130' title='bbox 1083 1680 1403 1752; x_wconf 84' lang='grc' dir='ltr'>πεποιηκὼς</span> <span class='ocrx_word' id='word_1_131' title='bbox 1428 1682 1486 1733; x_wconf 82' lang='grc' dir='ltr'><strong>ἐν</strong></span> <span class='ocrx_word' id='word_1_132' title='bbox 1509 1683 1574 1751; x_wconf 83' lang='grc' dir='ltr'>τῇ</span> <span class='ocrx_word' id='word_1_133' title='bbox 1605 1678 1866 1750; x_wconf 80' lang='grc' dir='ltr'>Γαλιλαίᾳ</span> <span class='ocrx_word' id='word_1_134' title='bbox 1885 1678 1948 1744; x_wconf 78' lang='grc'>⁸⁸,</span> 
     </span>
    </p>
   </div>
   <div class='ocr_carea' id='block_1_20' title="bbox 2061 459 3622 536">
    <p class='ocr_par' dir='ltr' id='par_1_20' title="bbox 2061 459 3622 536">
     <span class='ocr_line' id='line_1_20' title="bbox 2061 459 3622 536; baseline 0.008 -25"><span class='ocrx_word' id='word_1_135' title='bbox 2061 459 2150 514; x_wconf 84' lang='lat' dir='ltr'><strong>ille</strong></span> <span class='ocrx_word' id='word_1_136' title='bbox 2175 459 2494 513; x_wconf 87' lang='lat' dir='ltr'><strong>intemlebat</strong></span> <span class='ocrx_word' id='word_1_137' title='bbox 2524 459 2575 512; x_wconf 92' lang='lat' dir='ltr'><strong>iu</strong></span> <span class='ocrx_word' id='word_1_138' title='bbox 2610 473 2727 523; x_wconf 88' lang='lat' dir='ltr'><strong>eos,</strong></span> <span class='ocrx_word' id='word_1_139' title='bbox 2757 473 2991 529; x_wconf 82' lang='lat' dir='ltr'><strong>sperans</strong></span> <span class='ocrx_word' id='word_1_140' title='bbox 3039 473 3099 516; x_wconf 91' lang='lat' dir='ltr'><strong>se</strong></span> <span class='ocrx_word' id='word_1_141' title='bbox 3122 461 3332 530; x_wconf 89' lang='lat' dir='ltr'><strong>aliquid</strong></span> <span class='ocrx_word' id='word_1_142' title='bbox 3373 477 3622 536; x_wconf 87' lang='lat' dir='ltr'><strong>acceptu-</strong></span> 
     </span>
    </p>
   </div>
   <div class='ocr_carea' id='block_1_21' title="bbox 2057 547 3626 621">
    <p class='ocr_par' dir='ltr' id='par_1_21' title="bbox 2057 547 3626 621">
     <span class='ocr_line' id='line_1_21' title="bbox 2057 547 3626 621; baseline 0.005 -19"><span class='ocrx_word' id='word_1_143' title='bbox 2057 563 2176 602; x_wconf 91' lang='lat' dir='ltr'><strong>rum</strong></span> <span class='ocrx_word' id='word_1_144' title='bbox 2222 549 2292 602; x_wconf 91' lang='lat' dir='ltr'><strong>ab</strong></span> <span class='ocrx_word' id='word_1_145' title='bbox 2341 549 2444 603; x_wconf 89' lang='lat' dir='ltr'><strong>eis.</strong></span> <span class='ocrx_word' id='word_1_146' title='bbox 2523 547 2718 604; x_wconf 83' lang='lat' dir='ltr'><strong>Petrus</strong></span> <span class='ocrx_word' id='word_1_147' title='bbox 2774 556 2957 604; x_wconf 90' lang='lat' dir='ltr'><strong>autem</strong></span> <span class='ocrx_word' id='word_1_148' title='bbox 3007 549 3514 621; x_wconf 75' lang='lat' dir='ltr'><strong>dixit:Argentum</strong></span> <span class='ocrx_word' id='word_1_149' title='bbox 3566 562 3626 609; x_wconf 85' lang='lat' dir='ltr'><strong>et</strong></span> 
     </span>
    </p>
   </div>
   <div class='ocr_carea' id='block_1_22' title="bbox 2057 640 3620 710">
    <p class='ocr_par' dir='ltr' id='par_1_22' title="bbox 2057 640 3620 710">
     <span class='ocr_line' id='line_1_22' title="bbox 2057 640 3620 710; baseline 0.004 -17"><span class='ocrx_word' id='word_1_150' title='bbox 2057 653 2251 693; x_wconf 90' lang='lat' dir='ltr'><strong>aurum</strong></span> <span class='ocrx_word' id='word_1_151' title='bbox 2284 654 2392 694; x_wconf 93' lang='lat' dir='ltr'><strong>non</strong></span> <span class='ocrx_word' id='word_1_152' title='bbox 2421 650 2506 694; x_wconf 91' lang='lat' dir='ltr'><strong>est</strong></span> <span class='ocrx_word' id='word_1_153' title='bbox 2537 640 2708 694; x_wconf 90' lang='lat' dir='ltr'><strong>mihi:</strong></span> <span class='ocrx_word' id='word_1_154' title='bbox 2738 641 2884 710; x_wconf 90' lang='lat' dir='ltr'><strong>quod</strong></span> <span class='ocrx_word' id='word_1_155' title='bbox 2930 648 3114 696; x_wconf 90' lang='lat' dir='ltr'><strong>autem</strong></span> <span class='ocrx_word' id='word_1_156' title='bbox 3150 641 3347 708; x_wconf 84' lang='lat' dir='ltr'><strong>habeo,</strong></span> <span class='ocrx_word' id='word_1_157' title='bbox 3376 642 3480 697; x_wconf 89' lang='lat' dir='ltr'><strong>hoc</strong></span> <span class='ocrx_word' id='word_1_158' title='bbox 3525 645 3620 700; x_wconf 80' lang='lat' dir='ltr'><strong>tibi</strong></span> 
     </span>
    </p>
   </div>
   <div class='ocr_carea' id='block_1_23' title="bbox 2057 728 3619 806">
    <p class='ocr_par' dir='ltr' id='par_1_23' title="bbox 2057 728 3619 806">
     <span class='ocr_line' id='line_1_23' title="bbox 2057 728 3619 806; baseline 0.004 -23"><span class='ocrx_word' id='word_1_159' title='bbox 2057 730 2172 784; x_wconf 90' lang='lat' dir='ltr'><strong>do:</strong></span> <span class='ocrx_word' id='word_1_160' title='bbox 2216 728 2272 782; x_wconf 90' lang='lat' dir='ltr'><strong>In</strong></span> <span class='ocrx_word' id='word_1_161' title='bbox 2307 731 2530 785; x_wconf 86' lang='lat' dir='ltr'><strong>nomine</strong></span> <span class='ocrx_word' id='word_1_162' title='bbox 2583 730 2710 786; x_wconf 87' lang='lat' dir='ltr'><strong>Jesu</strong></span> <span class='ocrx_word' id='word_1_163' title='bbox 2765 730 2967 786; x_wconf 84' lang='lat' dir='ltr'><strong>Christi</strong></span> <span class='ocrx_word' id='word_1_164' title='bbox 3025 731 3289 787; x_wconf 76' lang='lat' dir='ltr'><strong>Nazareni</strong></span> <span class='ocrx_word' id='word_1_165' title='bbox 3348 748 3510 806; x_wconf 83' lang='lat' dir='ltr'><strong>surge</strong></span> <span class='ocrx_word' id='word_1_166' title='bbox 3569 748 3619 792; x_wconf 86' lang='lat' dir='ltr'><strong>et</strong></span> 
     </span>
    </p>
   </div>
   <div class='ocr_carea' id='block_1_24' title="bbox 2057 819 3618 890">
    <p class='ocr_par' dir='ltr' id='par_1_24' title="bbox 2057 819 3618 890">
     <span class='ocr_line' id='line_1_24' title="bbox 2057 819 3618 890; baseline 0.005 -19"><span class='ocrx_word' id='word_1_167' title='bbox 2057 820 2297 874; x_wconf 86' lang='lat' dir='ltr'><strong>ambula.</strong></span> <span class='ocrx_word' id='word_1_168' title='bbox 2326 819 2392 873; x_wconf 85' lang='lat' dir='ltr'><strong>Et</strong></span> <span class='ocrx_word' id='word_1_169' title='bbox 2420 821 2763 890; x_wconf 89' lang='lat' dir='ltr'><strong>apprehensa</strong></span> <span class='ocrx_word' id='word_1_170' title='bbox 2795 836 2959 874; x_wconf 88' lang='lat' dir='ltr'><strong>manu</strong></span> <span class='ocrx_word' id='word_1_171' title='bbox 2988 820 3108 889; x_wconf 83' lang='lat' dir='ltr'><strong>ejus</strong></span> <span class='ocrx_word' id='word_1_172' title='bbox 3153 823 3401 888; x_wconf 82' lang='lat' dir='ltr'><strong>dextera,</strong></span> <span class='ocrx_word' id='word_1_173' title='bbox 3426 825 3618 880; x_wconf 82' lang='lat' dir='ltr'><strong>alleva-</strong></span> 
     </span>
    </p>
   </div>
   <div class='ocr_carea' id='block_1_25' title="bbox 2055 910 3619 982">
    <p class='ocr_par' dir='ltr' id='par_1_25' title="bbox 2055 910 3619 982">
     <span class='ocr_line' id='line_1_25' title="bbox 2055 910 3619 982; baseline 0.003 -19"><span class='ocrx_word' id='word_1_174' title='bbox 2055 910 2134 964; x_wconf 79' lang='lat' dir='ltr'><strong>vit</strong></span> <span class='ocrx_word' id='word_1_175' title='bbox 2165 926 2313 972; x_wconf 88' lang='lat' dir='ltr'><strong>eum,</strong></span> <span class='ocrx_word' id='word_1_176' title='bbox 2341 921 2393 966; x_wconf 90' lang='lat' dir='ltr'><strong>et</strong></span> <span class='ocrx_word' id='word_1_177' title='bbox 2418 911 2672 980; x_wconf 84' lang='lat' dir='ltr'><strong>protinus</strong></span> <span class='ocrx_word' id='word_1_178' title='bbox 2699 911 3209 976; x_wconf 74' lang='lat' dir='ltr'><strong>cousolidataesunt</strong></span> <span class='ocrx_word' id='word_1_179' title='bbox 3242 912 3402 968; x_wconf 81' lang='lat' dir='ltr'><strong>bases</strong></span> <span class='ocrx_word' id='word_1_180' title='bbox 3427 914 3546 982; x_wconf 89' lang='lat' dir='ltr'><strong>ejus</strong></span> <span class='ocrx_word' id='word_1_181' title='bbox 3571 925 3619 970; x_wconf 89' lang='lat' dir='ltr'><strong>et</strong></span> 
     </span>
    </p>
   </div>
   <div class='ocr_carea' id='block_1_26' title="bbox 2055 1001 3621 1071">
    <p class='ocr_par' dir='ltr' id='par_1_26' title="bbox 2055 1001 3621 1071">
     <span class='ocr_line' id='line_1_26' title="bbox 2055 1001 3621 1071; baseline 0.004 -18"><span class='ocrx_word' id='word_1_182' title='bbox 2055 1001 2271 1071; x_wconf 68' lang='lat' dir='ltr'><strong>plantat.</strong></span> <span class='ocrx_word' id='word_1_183' title='bbox 2306 1001 2374 1056; x_wconf 89' lang='lat' dir='ltr'><strong>Et</strong></span> <span class='ocrx_word' id='word_1_184' title='bbox 2405 1003 2667 1058; x_wconf 78' lang='lat' dir='ltr'><strong>exsiliens</strong></span> <span class='ocrx_word' id='word_1_185' title='bbox 2699 1002 2850 1056; x_wconf 86' lang='lat' dir='ltr'><strong>stetit</strong></span> <span class='ocrx_word' id='word_1_186' title='bbox 2900 1008 2956 1056; x_wconf 90' lang='lat' dir='ltr'><strong>et</strong></span> <span class='ocrx_word' id='word_1_187' title='bbox 2987 1002 3339 1057; x_wconf 77' lang='lat' dir='ltr'><strong>ambulabat:</strong></span> <span class='ocrx_word' id='word_1_188' title='bbox 3371 1016 3425 1059; x_wconf 91' lang='lat' dir='ltr'><strong>et</strong></span> <span class='ocrx_word' id='word_1_189' title='bbox 3447 1006 3621 1060; x_wconf 87' lang='lat' dir='ltr'><strong>intra-</strong></span> 
     </span>
    </p>
   </div>
   <div class='ocr_carea' id='block_1_27' title="bbox 2055 1093 3622 1164">
    <p class='ocr_par' dir='ltr' id='par_1_27' title="bbox 2055 1093 3622 1164">
     <span class='ocr_line' id='line_1_27' title="bbox 2055 1093 3622 1164; baseline 0.004 -20"><span class='ocrx_word' id='word_1_190' title='bbox 2055 1093 2133 1152; x_wconf 77' lang='lat' dir='ltr'><strong>,vit</strong></span> <span class='ocrx_word' id='word_1_191' title='bbox 2159 1107 2284 1148; x_wconf 88' lang='lat' dir='ltr'><strong>cum</strong></span> <span class='ocrx_word' id='word_1_192' title='bbox 2326 1094 2435 1149; x_wconf 90' lang='lat' dir='ltr'><strong>illis</strong></span> <span class='ocrx_word' id='word_1_193' title='bbox 2467 1096 2520 1148; x_wconf 93' lang='lat' dir='ltr'><strong>in</strong></span> <span class='ocrx_word' id='word_1_194' title='bbox 2561 1095 2823 1164; x_wconf 82' lang='lat' dir='ltr'><strong>templum</strong></span> <span class='ocrx_word' id='word_1_195' title='bbox 2864 1094 3156 1148; x_wconf 85' lang='lat' dir='ltr'><strong>ambulans</strong></span> <span class='ocrx_word' id='word_1_196' title='bbox 3185 1101 3240 1149; x_wconf 91' lang='lat' dir='ltr'><strong>et</strong></span> <span class='ocrx_word' id='word_1_197' title='bbox 3274 1095 3540 1154; x_wconf 81' lang='lat' dir='ltr'><strong>exsiliens</strong></span> <span class='ocrx_word' id='word_1_198' title='bbox 3569 1108 3622 1151; x_wconf 89' lang='lat' dir='ltr'><strong>et</strong></span> 
     </span>
    </p>
   </div>
   <div class='ocr_carea' id='block_1_28' title="bbox 2056 1185 2516 1240">
    <p class='ocr_par' dir='ltr' id='par_1_28' title="bbox 2056 1185 2516 1240">
     <span class='ocr_line' id='line_1_28' title="bbox 2056 1185 2516 1240; baseline 0.004 -2"><span class='ocrx_word' id='word_1_199' title='bbox 2056 1185 2288 1240; x_wconf 88' lang='lat' dir='ltr'><strong>laudans</strong></span> <span class='ocrx_word' id='word_1_200' title='bbox 2324 1185 2516 1240; x_wconf 87' lang='lat' dir='ltr'><strong>Deum.</strong></span> 
     </span>
    </p>
   </div>
   <div class='ocr_carea' id='block_1_29' title="bbox 2565 1293 3135 1352">
    <p class='ocr_par' dir='ltr' id='par_1_29' title="bbox 2565 1293 3135 1352">
     <span class='ocr_line' id='line_1_29' title="bbox 2565 1293 3135 1352; baseline 0.007 -4"><span class='ocrx_word' id='word_1_201' title='bbox 2565 1293 3135 1352; x_wconf 74' lang='lat' dir='ltr'><strong>COMMENTARIUS.</strong></span> 
     </span>
    </p>
   </div>
   <div class='ocr_carea' id='block_1_30' title="bbox 2124 1404 3622 1479">
    <p class='ocr_par' dir='ltr' id='par_1_30' title="bbox 2124 1404 3622 1479">
     <span class='ocr_line' id='line_1_30' title="bbox 2124 1404 3622 1479; baseline 0.005 -22"><span class='ocrx_word' id='word_1_202' title='bbox 2124 1404 2244 1458; x_wconf 86' lang='lat' dir='ltr'><strong>Alia</strong></span> <span class='ocrx_word' id='word_1_203' title='bbox 2273 1404 2492 1475; x_wconf 81' lang='lat' dir='ltr'><strong>quidem</strong></span> <span class='ocrx_word' id='word_1_204' title='bbox 2528 1405 2684 1475; x_wconf 88' lang='lat' dir='ltr'><strong>signa</strong></span> <span class='ocrx_word' id='word_1_205' title='bbox 2714 1408 3065 1475; x_wconf 61' lang='lat' dir='ltr'><strong>pragtermisit</strong></span> <span class='ocrx_word' id='word_1_206' title='bbox 3112 1408 3236 1463; x_wconf 85' lang='lat' dir='ltr'><strong>libri</strong></span> <span class='ocrx_word' id='word_1_207' title='bbox 3295 1408 3462 1479; x_wconf 88' lang='lat' dir='ltr'><strong>hujus</strong></span> <span class='ocrx_word' id='word_1_208' title='bbox 3524 1423 3622 1464; x_wconf 84' lang='lat' dir='ltr'><strong>au-</strong></span> 
     </span>
    </p>
   </div>
   <div class='ocr_carea' id='block_1_31' title="bbox 2056 1495 3623 1567">
    <p class='ocr_par' dir='ltr' id='par_1_31' title="bbox 2056 1495 3623 1567">
     <span class='ocr_line' id='line_1_31' title="bbox 2056 1495 3623 1567; baseline 0 -15"><span class='ocrx_word' id='word_1_209' title='bbox 2056 1503 2200 1552; x_wconf 82' lang='lat' dir='ltr'><strong>ctor.</strong></span> <span class='ocrx_word' id='word_1_210' title='bbox 2232 1495 2372 1550; x_wconf 88' lang='lat' dir='ltr'><strong>Illud</strong></span> <span class='ocrx_word' id='word_1_211' title='bbox 2403 1511 2534 1550; x_wconf 88' lang='lat' dir='ltr'><strong>vero</strong></span> <span class='ocrx_word' id='word_1_212' title='bbox 2563 1506 2774 1560; x_wconf 85' lang='lat' dir='ltr'><strong>narrat,</strong></span> <span class='ocrx_word' id='word_1_213' title='bbox 2807 1501 2952 1567; x_wconf 92' lang='lat' dir='ltr'><strong>quod</strong></span> <span class='ocrx_word' id='word_1_214' title='bbox 2980 1513 3171 1554; x_wconf 85' lang='lat' dir='ltr'><strong>omnes</strong></span> <span class='ocrx_word' id='word_1_215' title='bbox 3200 1499 3255 1553; x_wconf 94' lang='lat' dir='ltr'><strong>in</strong></span> <span class='ocrx_word' id='word_1_216' title='bbox 3316 1500 3623 1555; x_wconf 54' lang='lat' dir='ltr'><strong>admiratio.</strong></span> 
     </span>
    </p>
   </div>
   <div class='ocr_carea' id='block_1_32' title="bbox 2054 1586 3621 1657">
    <p class='ocr_par' dir='ltr' id='par_1_32' title="bbox 2054 1586 3621 1657">
     <span class='ocr_line' id='line_1_32' title="bbox 2054 1586 3621 1657; baseline 0 -15"><span class='ocrx_word' id='word_1_217' title='bbox 2054 1603 2179 1642; x_wconf 85' lang='lat' dir='ltr'><strong>nent</strong></span> <span class='ocrx_word' id='word_1_218' title='bbox 2210 1588 2467 1657; x_wconf 75' lang='lat' dir='ltr'><strong>coniecit.</strong></span> <span class='ocrx_word' id='word_1_219' title='bbox 2498 1586 2778 1644; x_wconf 84' lang='lat' dir='ltr'><strong>Naturalis</strong></span> <span class='ocrx_word' id='word_1_220' title='bbox 2808 1597 2929 1644; x_wconf 89' lang='lat' dir='ltr'><strong>erat</strong></span> <span class='ocrx_word' id='word_1_221' title='bbox 2973 1591 3220 1656; x_wconf 76' lang='lat' dir='ltr'><strong>morbus,</strong></span> <span class='ocrx_word' id='word_1_222' title='bbox 3263 1599 3381 1645; x_wconf 88' lang='lat' dir='ltr'><strong>arte</strong></span> <span class='ocrx_word' id='word_1_223' title='bbox 3412 1591 3621 1646; x_wconf 87' lang='lat' dir='ltr'><strong>medica</strong></span> 
     </span>
    </p>
   </div>
   <div class='ocr_carea' id='block_1_33' title="bbox 2054 1678 3623 1751">
    <p class='ocr_par' dir='ltr' id='par_1_33' title="bbox 2054 1678 3623 1751">
     <span class='ocr_line' id='line_1_33' title="bbox 2054 1678 3623 1751; baseline 0.003 -17"><span class='ocrx_word' id='word_1_224' title='bbox 2054 1678 2290 1735; x_wconf 78' lang='lat' dir='ltr'><strong>fortior:</strong></span> <span class='ocrx_word' id='word_1_225' title='bbox 2329 1695 2501 1736; x_wconf 90' lang='lat' dir='ltr'><strong>annos</strong></span> <span class='ocrx_word' id='word_1_226' title='bbox 2529 1680 2884 1751; x_wconf 81' lang='lat' dir='ltr'><strong>quadraginta</strong></span> <span class='ocrx_word' id='word_1_227' title='bbox 2917 1682 2970 1734; x_wconf 93' lang='lat' dir='ltr'><strong>in</strong></span> <span class='ocrx_word' id='word_1_228' title='bbox 3009 1682 3409 1738; x_wconf 86' lang='lat' dir='ltr'><strong>claudicatione</strong></span> <span class='ocrx_word' id='word_1_229' title='bbox 3438 1691 3623 1739; x_wconf 68' lang='lat' dir='ltr'><strong>trans&lt;</strong></span> 
     </span>
    </p>
   </div>
   <div class='ocr_carea' id='block_1_34' title="bbox 381 1766 1950 1842">
    <p class='ocr_par' dir='ltr' id='par_1_34' title="bbox 381 1769 1949 1842">
     <span class='ocr_line' id='line_1_34' title="bbox 381 1769 1949 1842; baseline -0.004 -14"><span class='ocrx_word' id='word_1_230' title='bbox 381 1772 562 1836; x_wconf 86' lang='grc' dir='ltr'>καθὼς</span> <span class='ocrx_word' id='word_1_231' title='bbox 621 1769 826 1841; x_wconf 80' lang='grc' dir='ltr'>προῖὼν</span> <span class='ocrx_word' id='word_1_232' title='bbox 881 1787 1069 1842; x_wconf 80' lang='grc' dir='ltr'>φησιν.</span> <span class='ocrx_word' id='word_1_233' title='bbox 1131 1771 1320 1834; x_wconf 68' lang='grc' dir='ltr'>Οὐδεὶς</span> <span class='ocrx_word' id='word_1_234' title='bbox 1351 1770 1442 1824; x_wconf 76' lang='grc' dir='ltr'><strong>οὖν</strong></span> <span class='ocrx_word' id='word_1_235' title='bbox 1497 1769 1660 1824; x_wconf 74' lang='grc' dir='ltr'>αὑτὸν</span> <span class='ocrx_word' id='word_1_236' title='bbox 1685 1771 1744 1822; x_wconf 87' lang='grc' dir='ltr'><strong>ἐν</strong></span> <span class='ocrx_word' id='word_1_237' title='bbox 1784 1769 1949 1822; x_wconf 73' lang='grc' dir='ltr'>παντὶ</span> 
     </span>
    </p>
   </div>
   <div class='ocr_carea' id='block_1_35' title="bbox 2055 1766 3623 1842">
    <p class='ocr_par' dir='ltr' id='par_1_35' title="bbox 2055 1766 3623 1840">
     <span class='ocr_line' id='line_1_35' title="bbox 2055 1766 3623 1840; baseline 0 -15"><span class='ocrx_word' id='word_1_238' title='bbox 2055 1780 2256 1840; x_wconf 83' lang='lat' dir='ltr'><strong>egerat.</strong></span> <span class='ocrx_word' id='word_1_239' title='bbox 2325 1778 2385 1823; x_wconf 92' lang='lat' dir='ltr'><strong>ut</strong></span> <span class='ocrx_word' id='word_1_240' title='bbox 2450 1777 2640 1839; x_wconf 89' lang='lat' dir='ltr'><strong>postea</strong></span> <span class='ocrx_word' id='word_1_241' title='bbox 2697 1770 2892 1839; x_wconf 82' lang='lat' dir='ltr'><strong>inquit.</strong></span> <span class='ocrx_word' id='word_1_242' title='bbox 2947 1766 3122 1826; x_wconf 80' lang='lat' dir='ltr'><strong>Nemo</strong></span> <span class='ocrx_word' id='word_1_243' title='bbox 3156 1770 3307 1824; x_wconf 89' lang='lat' dir='ltr'><strong>illum</strong></span> <span class='ocrx_word' id='word_1_244' title='bbox 3365 1779 3478 1827; x_wconf 90' lang='lat' dir='ltr'><strong>toto</strong></span> <span class='ocrx_word' id='word_1_245' title='bbox 3530 1771 3623 1826; x_wconf 92' lang='lat' dir='ltr'><strong>illo</strong></span> 
     </span>
    </p>
   </div>
   <div class='ocr_carea' id='block_1_36' title="bbox 380 1859 1945 1934">
    <p class='ocr_par' dir='ltr' id='par_1_36' title="bbox 380 1859 1945 1934">
     <span class='ocr_line' id='line_1_36' title="bbox 380 1859 1945 1934; baseline -0.001 -18"><span class='ocrx_word' id='word_1_246' title='bbox 380 1865 554 1934; x_wconf 84' lang='grc' dir='ltr'>χρόνῳ</span> <span class='ocrx_word' id='word_1_247' title='bbox 603 1863 962 1934; x_wconf 83' lang='grc' dir='ltr'>ἐθεράπευσε.</span> <span class='ocrx_word' id='word_1_248' title='bbox 1012 1861 1197 1914; x_wconf 80' lang='grc' dir='ltr'>Ταῦτα</span> <span class='ocrx_word' id='word_1_249' title='bbox 1246 1863 1356 1932; x_wconf 82' lang='grc' dir='ltr'>γὰρ</span> <span class='ocrx_word' id='word_1_250' title='bbox 1416 1861 1650 1932; x_wconf 86' lang='grc' dir='ltr'>μάλιστα</span> <span class='ocrx_word' id='word_1_251' title='bbox 1707 1859 1945 1915; x_wconf 86' lang='grc' dir='ltr'>δύσκολά</span> 
     </span>
    </p>
   </div>
   <div class='ocr_carea' id='block_1_37' title="bbox 379 1950 1944 2029">
    <p class='ocr_par' dir='ltr' id='par_1_37' title="bbox 379 1950 1944 2029">
     <span class='ocr_line' id='line_1_37' title="bbox 379 1950 1944 2029; baseline -0.001 -19"><span class='ocrx_word' id='word_1_252' title='bbox 379 1959 526 2010; x_wconf 81' lang='grc' dir='ltr'>ἐστιν</span> <span class='ocrx_word' id='word_1_253' title='bbox 554 1958 696 2026; x_wconf 80' lang='grc' dir='ltr'>άπερ</span> <span class='ocrx_word' id='word_1_254' title='bbox 729 1957 794 2008; x_wconf 83' lang='grc' dir='ltr'>ἃν</span> <span class='ocrx_word' id='word_1_255' title='bbox 823 1958 886 2007; x_wconf 85' lang='grc' dir='ltr'><strong>ἐκ</strong></span> <span class='ocrx_word' id='word_1_256' title='bbox 915 1955 1138 2023; x_wconf 81' lang='grc' dir='ltr'>γενετῆς</span> <span class='ocrx_word' id='word_1_257' title='bbox 1255 1955 1550 2026; x_wconf 83' lang='grc' dir='ltr'>Ἐπίσημος</span> <span class='ocrx_word' id='word_1_258' title='bbox 1578 1956 1632 2009; x_wconf 86' lang='grc' dir='ltr'>δὲ</span> <span class='ocrx_word' id='word_1_259' title='bbox 1653 1950 1763 2027; x_wconf 79' lang='grc' dir='ltr'><strong>ἧνὸ</strong></span> <span class='ocrx_word' id='word_1_260' title='bbox 1784 1955 1944 2024; x_wconf 78' lang='grc' dir='ltr'>ἀνὴρ,</span> 
     </span>
    </p>
   </div>
   <div class='ocr_carea' id='block_1_38' title="bbox 381 2042 1948 2115">
    <p class='ocr_par' dir='ltr' id='par_1_38' title="bbox 381 2042 1948 2115">
     <span class='ocr_line' id='line_1_38' title="bbox 381 2042 1948 2115; baseline 0.001 -17"><span class='ocrx_word' id='word_1_261' title='bbox 381 2048 486 2098; x_wconf 80' lang='grc' dir='ltr'>ἀπό</span> <span class='ocrx_word' id='word_1_262' title='bbox 512 2063 570 2098; x_wconf 92' lang='grc' dir='ltr'><strong>τε</strong></span> <span class='ocrx_word' id='word_1_263' title='bbox 595 2046 688 2098; x_wconf 84' lang='grc' dir='ltr'>τοῦ</span> <span class='ocrx_word' id='word_1_264' title='bbox 741 2045 944 2115; x_wconf 82' lang='grc' dir='ltr'>τρόπου</span> <span class='ocrx_word' id='word_1_265' title='bbox 978 2045 1044 2112; x_wconf 82' lang='grc'><strong>¹⁹,</strong></span> <span class='ocrx_word' id='word_1_266' title='bbox 1085 2047 1195 2100; x_wconf 84' lang='grc' dir='ltr'>ἀπό</span> <span class='ocrx_word' id='word_1_267' title='bbox 1219 2063 1278 2100; x_wconf 90' lang='grc' dir='ltr'><strong>τε</strong></span> <span class='ocrx_word' id='word_1_268' title='bbox 1300 2047 1394 2100; x_wconf 85' lang='grc' dir='ltr'>τοῦ</span> <span class='ocrx_word' id='word_1_269' title='bbox 1452 2047 1679 2111; x_wconf 80' lang='grc' dir='ltr'>πάθους.</span> <span class='ocrx_word' id='word_1_270' title='bbox 1703 2042 1837 2101; x_wconf 80' lang='grc' dir='ltr'>Εἶτα</span> <span class='ocrx_word' id='word_1_271' title='bbox 1859 2046 1948 2100; x_wconf 82' lang='grc' dir='ltr'><strong>ἴνα</strong></span> 
     </span>
    </p>
   </div>
   <div class='ocr_carea' id='block_1_39' title="bbox 384 2134 1948 2206">
    <p class='ocr_par' dir='ltr' id='par_1_39' title="bbox 384 2134 1948 2206">
     <span class='ocr_line' id='line_1_39' title="bbox 384 2134 1948 2206; baseline 0.001 -19"><span class='ocrx_word' id='word_1_272' title='bbox 384 2135 460 2206; x_wconf 79' lang='grc' dir='ltr'>μὴ</span> <span class='ocrx_word' id='word_1_273' title='bbox 498 2134 624 2206; x_wconf 75' lang='grc' dir='ltr'>δόξῃ</span> <span class='ocrx_word' id='word_1_274' title='bbox 686 2134 794 2188; x_wconf 79' lang='grc' dir='ltr'>ἀπὸ</span> <span class='ocrx_word' id='word_1_275' title='bbox 852 2136 1193 2205; x_wconf 81' lang='grc' dir='ltr'>ταυτομάτου</span> <span class='ocrx_word' id='word_1_276' title='bbox 1235 2135 1394 2190; x_wconf 81' lang='grc' dir='ltr'>τοῦτο</span> <span class='ocrx_word' id='word_1_277' title='bbox 1419 2136 1686 2204; x_wconf 86' lang='grc' dir='ltr'>γίνεσθαι,</span> <span class='ocrx_word' id='word_1_278' title='bbox 1716 2137 1776 2188; x_wconf 83' lang='grc' dir='ltr'><strong>ού</strong></span> <span class='ocrx_word' id='word_1_279' title='bbox 1805 2135 1948 2206; x_wconf 83' lang='grc' dir='ltr'>λόγῳ</span> 
     </span>
    </p>
   </div>
   <div class='ocr_carea' id='block_1_40' title="bbox 385 2224 1948 2299">
    <p class='ocr_par' dir='ltr' id='par_1_40' title="bbox 385 2224 1948 2299">
     <span class='ocr_line' id='line_1_40' title="bbox 385 2224 1948 2299; baseline 0.001 -21"><span class='ocrx_word' id='word_1_280' title='bbox 385 2228 542 2296; x_wconf 76' lang='grc' dir='ltr'>μόνον</span> <span class='ocrx_word' id='word_1_281' title='bbox 591 2224 902 2295; x_wconf 80' lang='grc' dir='ltr'>θεραπεύει,</span> <span class='ocrx_word' id='word_1_282' title='bbox 949 2226 1088 2280; x_wconf 78' lang='grc' dir='ltr'>ἀλλὰ</span> <span class='ocrx_word' id='word_1_283' title='bbox 1149 2227 1244 2280; x_wconf 71' lang='grc' dir='ltr'><strong>καὶ</strong></span> <span class='ocrx_word' id='word_1_284' title='bbox 1305 2228 1461 2298; x_wconf 80' lang='grc' dir='ltr'><strong>«Τῆς</strong></span> <span class='ocrx_word' id='word_1_285' title='bbox 1523 2227 1704 2292; x_wconf 79' lang='grc' dir='ltr'>δεξιᾶς</span> <span class='ocrx_word' id='word_1_286' title='bbox 1763 2228 1948 2299; x_wconf 80' lang='grc' dir='ltr'>χειρὸς</span> 
     </span>
    </p>
   </div>
   <div class='ocr_carea' id='block_1_41' title="bbox 383 2319 1949 2390">
    <p class='ocr_par' dir='ltr' id='par_1_41' title="bbox 383 2319 1949 2390">
     <span class='ocr_line' id='line_1_41' title="bbox 383 2319 1949 2390; baseline -0.001 -19"><span class='ocrx_word' id='word_1_287' title='bbox 383 2319 606 2382; x_wconf 78' lang='grc' dir='ltr'>πιάσας,</span> <span class='ocrx_word' id='word_1_288' title='bbox 647 2320 866 2390; x_wconf 70' lang='grc' dir='ltr'>ἤγειρεν</span> <span class='ocrx_word' id='word_1_289' title='bbox 936 2319 1130 2383; x_wconf 77' lang='grc' dir='ltr'>αὑτὸν,</span> <span class='ocrx_word' id='word_1_290' title='bbox 1155 2338 1172 2371; x_wconf 79' lang='grc' dir='ltr'><strong>ι</strong></span> <span class='ocrx_word' id='word_1_291' title='bbox 1207 2319 1362 2389; x_wconf 76' lang='grc' dir='ltr'>φησί.</span> <span class='ocrx_word' id='word_1_292' title='bbox 1395 2321 1504 2374; x_wconf 76' lang='grc' dir='ltr'><strong>Καὶ</strong></span> <span class='ocrx_word' id='word_1_293' title='bbox 1545 2319 1704 2374; x_wconf 79' lang='grc' dir='ltr'>τοῦτο</span> <span class='ocrx_word' id='word_1_294' title='bbox 1727 2319 1949 2388; x_wconf 87' lang='grc' dir='ltr'>ἐποίησε</span> 
     </span>
    </p>
   </div>
   <div class='ocr_carea' id='block_1_42' title="bbox 380 2408 1947 2484">
    <p class='ocr_par' dir='ltr' id='par_1_42' title="bbox 380 2408 1947 2484">
     <span class='ocr_line' id='line_1_42' title="bbox 380 2408 1947 2484; baseline -0.001 -19"><span class='ocrx_word' id='word_1_295' title='bbox 380 2415 546 2484; x_wconf 82' lang='grc' dir='ltr'>δήλην</span> <span class='ocrx_word' id='word_1_296' title='bbox 575 2413 672 2484; x_wconf 84' lang='grc' dir='ltr'>τὴν</span> <span class='ocrx_word' id='word_1_297' title='bbox 710 2413 1004 2467; x_wconf 74' lang='grc' dir='ltr'>ἀνάστασιν</span> <span class='ocrx_word' id='word_1_298' title='bbox 1029 2429 1042 2443; x_wconf 89' lang='grc'><strong>·</strong></span> <span class='ocrx_word' id='word_1_299' title='bbox 1079 2415 1431 2477; x_wconf 83' lang='grc' dir='ltr'>ἀναστάσεως</span> <span class='ocrx_word' id='word_1_300' title='bbox 1468 2413 1577 2482; x_wconf 74' lang='grc' dir='ltr'>γὰρ</span> <span class='ocrx_word' id='word_1_301' title='bbox 1761 2411 1947 2465; x_wconf 83' lang='grc' dir='ltr'>εἰκών.</span> 
     </span>
    </p>
   </div>
   <div class='ocr_carea' id='block_1_43' title="bbox 381 2501 1950 2573">
    <p class='ocr_par' dir='ltr' id='par_1_43' title="bbox 381 2501 1950 2573">
     <span class='ocr_line' id='line_1_43' title="bbox 381 2501 1950 2573; baseline -0.002 -17"><span class='ocrx_word' id='word_1_302' title='bbox 381 2501 536 2556; x_wconf 77' lang='grc' dir='ltr'>Ούτω</span> <span class='ocrx_word' id='word_1_303' title='bbox 561 2503 655 2556; x_wconf 76' lang='grc' dir='ltr'><strong>καὶ</strong></span> <span class='ocrx_word' id='word_1_304' title='bbox 684 2503 712 2554; x_wconf 90' lang='lat'><strong>6</strong></span> <span class='ocrx_word' id='word_1_305' title='bbox 735 2501 966 2570; x_wconf 79' lang='grc' dir='ltr'>Χριστὸς</span> <span class='ocrx_word' id='word_1_306' title='bbox 997 2503 1222 2572; x_wconf 81' lang='grc' dir='ltr'>ἐποίησε</span> <span class='ocrx_word' id='word_1_307' title='bbox 1243 2521 1258 2534; x_wconf 75' lang='grc' dir='ltr'><strong>ο</strong></span> <span class='ocrx_word' id='word_1_308' title='bbox 1301 2503 1560 2566; x_wconf 85' lang='grc' dir='ltr'>πολλάκις</span> <span class='ocrx_word' id='word_1_309' title='bbox 1589 2503 1735 2572; x_wconf 87' lang='grc' dir='ltr'>λόγῳ</span> <span class='ocrx_word' id='word_1_310' title='bbox 1760 2501 1950 2573; x_wconf 85' lang='grc' dir='ltr'>ἐθερά-</span> 
     </span>
    </p>
   </div>
   <div class='ocr_carea' id='block_1_44' title="bbox 382 2591 1952 2664">
    <p class='ocr_par' dir='ltr' id='par_1_44' title="bbox 382 2591 1952 2664">
     <span class='ocr_line' id='line_1_44' title="bbox 382 2591 1952 2664; baseline -0.001 -18"><span class='ocrx_word' id='word_1_311' title='bbox 382 2610 571 2654; x_wconf 89' lang='grc' dir='ltr'>πευσε,</span> <span class='ocrx_word' id='word_1_312' title='bbox 593 2593 853 2655; x_wconf 84' lang='grc' dir='ltr'>πολλάκις</span> <span class='ocrx_word' id='word_1_313' title='bbox 879 2593 1045 2664; x_wconf 80' lang='grc' dir='ltr'>ἔργῳ,</span> <span class='ocrx_word' id='word_1_314' title='bbox 1075 2593 1332 2657; x_wconf 85' lang='grc' dir='ltr'>πολλάκις</span> <span class='ocrx_word' id='word_1_315' title='bbox 1353 2593 1447 2647; x_wconf 73' lang='grc' dir='ltr'><strong>καὶ</strong></span> <span class='ocrx_word' id='word_1_316' title='bbox 1465 2591 1565 2664; x_wconf 70' lang='grc' dir='ltr'>τὴν</span> <span class='ocrx_word' id='word_1_317' title='bbox 1595 2594 1754 2662; x_wconf 86' lang='grc' dir='ltr'>χεῖρα</span> <span class='ocrx_word' id='word_1_318' title='bbox 1782 2609 1952 2663; x_wconf 80' lang='grc' dir='ltr'>προσ-</span> 
     </span>
    </p>
   </div>
   <div class='ocr_carea' id='block_1_45' title="bbox 383 2679 1951 2754">
    <p class='ocr_par' dir='ltr' id='par_1_45' title="bbox 383 2679 1951 2754">
     <span class='ocr_line' id='line_1_45' title="bbox 383 2679 1951 2754; baseline -0.001 -17"><span class='ocrx_word' id='word_1_319' title='bbox 383 2684 609 2753; x_wconf 83' lang='grc' dir='ltr'>ήγαγεν,</span> <span class='ocrx_word' id='word_1_320' title='bbox 638 2685 770 2737; x_wconf 77' lang='grc' dir='ltr'>ὅπου</span> <span class='ocrx_word' id='word_1_321' title='bbox 803 2679 942 2754; x_wconf 81' lang='grc' dir='ltr'>ἦσαν</span> <span class='ocrx_word' id='word_1_322' title='bbox 992 2684 1389 2752; x_wconf 76' lang='grc' dir='ltr'>ἀσθενέστεροι.</span> <span class='ocrx_word' id='word_1_323' title='bbox 1425 2679 1560 2738; x_wconf 81' lang='grc' dir='ltr'>Εἶτα</span> <span class='ocrx_word' id='word_1_324' title='bbox 1593 2685 1621 2735; x_wconf 89' lang='lat'><strong>6</strong></span> <span class='ocrx_word' id='word_1_325' title='bbox 1647 2681 1837 2747; x_wconf 77' lang='grc' dir='ltr'>ἰαθεὶς,</span> <span class='ocrx_word' id='word_1_326' title='bbox 1890 2682 1951 2735; x_wconf 85' lang='grc' dir='ltr'><strong>ού</strong></span> 
     </span>
    </p>
   </div>
   <div class='ocr_carea' id='block_1_46' title="bbox 386 2772 1956 2846">
    <p class='ocr_par' dir='ltr' id='par_1_46' title="bbox 386 2772 1956 2846">
     <span class='ocr_line' id='line_1_46' title="bbox 386 2772 1956 2846; baseline -0.001 -18"><span class='ocrx_word' id='word_1_327' title='bbox 386 2776 546 2844; x_wconf 85' lang='grc' dir='ltr'>μόνον</span> <span class='ocrx_word' id='word_1_328' title='bbox 573 2775 756 2838; x_wconf 81' lang='grc' dir='ltr'>ἁπλῶς</span> <span class='ocrx_word' id='word_1_329' title='bbox 791 2774 1132 2846; x_wconf 85' lang='grc' dir='ltr'>περιεπάτει,</span> <span class='ocrx_word' id='word_1_330' title='bbox 1188 2775 1321 2828; x_wconf 76' lang='grc' dir='ltr'>ἀλλὰ</span> <span class='ocrx_word' id='word_1_331' title='bbox 1373 2775 1466 2828; x_wconf 72' lang='grc' dir='ltr'><strong>καὶ</strong></span> <span class='ocrx_word' id='word_1_332' title='bbox 1525 2774 1757 2843; x_wconf 78' lang='grc' dir='ltr'>ἅλμασιν</span> <span class='ocrx_word' id='word_1_333' title='bbox 1792 2772 1956 2844; x_wconf 62' lang='grc' dir='ltr'>ἐχρῆδ</span> 
     </span>
    </p>
   </div>
   <div class='ocr_carea' id='block_1_47' title="bbox 381 2864 1955 2937">
    <p class='ocr_par' dir='ltr' id='par_1_47' title="bbox 381 2864 1955 2937">
     <span class='ocr_line' id='line_1_47' title="bbox 381 2864 1955 2937; baseline -0.002 -18"><span class='ocrx_word' id='word_1_334' title='bbox 381 2883 443 2919; x_wconf 84' lang='grc' dir='ltr'><strong>το</strong></span> <span class='ocrx_word' id='word_1_335' title='bbox 485 2866 742 2936; x_wconf 76' lang='grc' dir='ltr'>σκιρτῶν,</span> <span class='ocrx_word' id='word_1_336' title='bbox 788 2864 1071 2935; x_wconf 74' lang='grc' dir='ltr'>πειράζων</span> <span class='ocrx_word' id='word_1_337' title='bbox 1108 2865 1299 2918; x_wconf 78' lang='grc' dir='ltr'>ἑαυτὸν</span> <span class='ocrx_word' id='word_1_338' title='bbox 1328 2865 1402 2937; x_wconf 76' lang='grc' dir='ltr'>μὴ</span> <span class='ocrx_word' id='word_1_339' title='bbox 1430 2864 1584 2937; x_wconf 80' lang='grc' dir='ltr'>[ἄρα]</span> <span class='ocrx_word' id='word_1_340' title='bbox 1619 2865 1803 2927; x_wconf 85' lang='grc' dir='ltr'>ἁπλῶς</span> <span class='ocrx_word' id='word_1_341' title='bbox 1839 2865 1955 2916; x_wconf 87' lang='grc' dir='ltr'>ἐστι</span> 
     </span>
    </p>
   </div>
   <div class='ocr_carea' id='block_1_48' title="bbox 383 2955 1945 3027">
    <p class='ocr_par' dir='ltr' id='par_1_48' title="bbox 383 2955 1945 3027">
     <span class='ocr_line' id='line_1_48' title="bbox 383 2955 1945 3027; baseline -0.001 -17"><span class='ocrx_word' id='word_1_342' title='bbox 383 2956 878 3025; x_wconf 69' lang='grc' dir='ltr'>τὸ,γεγονός.Τινές</span> <span class='ocrx_word' id='word_1_343' title='bbox 909 2955 965 3008; x_wconf 81' lang='grc' dir='ltr'><strong>δέ</strong></span> <span class='ocrx_word' id='word_1_344' title='bbox 996 2973 1180 3026; x_wconf 79' lang='grc' dir='ltr'>φασιν,</span> <span class='ocrx_word' id='word_1_345' title='bbox 1231 2957 1314 3010; x_wconf 83' lang='grc' dir='ltr'>ὅτι</span> <span class='ocrx_word' id='word_1_346' title='bbox 1357 2957 1541 3027; x_wconf 74' lang='grc' dir='ltr'>ἠγνόει</span> <span class='ocrx_word' id='word_1_347' title='bbox 1593 2957 1945 3026; x_wconf 79' lang='grc' dir='ltr'>περιπατεῖν.</span> 
     </span>
    </p>
   </div>
   <div class='ocr_carea' id='block_1_49' title="bbox 979 3141 1346 3196">
    <p class='ocr_par' dir='ltr' id='par_1_49' title="bbox 979 3141 1346 3196">
     <span class='ocr_line' id='line_1_49' title="bbox 979 3141 1346 3196; baseline -0.005 0"><span class='ocrx_word' id='word_1_348' title='bbox 979 3141 1346 3196; x_wconf 83' lang='grc' dir='ltr'><strong>ΚΕΙΜΕΝΟΝ</strong></span> 
     </span>
    </p>
   </div>
   <div class='ocr_carea' id='block_1_50' title="bbox 455 3252 1954 3325">
    <p class='ocr_par' dir='ltr' id='par_1_50' title="bbox 455 3252 1954 3325">
     <span class='ocr_line' id='line_1_50' title="bbox 455 3252 1954 3325; baseline 0.001 -17"><span class='ocrx_word' id='word_1_349' title='bbox 455 3255 565 3308; x_wconf 75' lang='grc' dir='ltr'><strong>Καὶ</strong></span> <span class='ocrx_word' id='word_1_350' title='bbox 615 3252 752 3307; x_wconf 79' lang='grc' dir='ltr'>εἶδεν</span> <span class='ocrx_word' id='word_1_351' title='bbox 810 3254 972 3307; x_wconf 77' lang='grc' dir='ltr'>αὐτὸν</span> <span class='ocrx_word' id='word_1_352' title='bbox 1035 3255 1344 3317; x_wconf 72' lang='grc' dir='ltr'>πᾶςὸλαὺς</span> <span class='ocrx_word' id='word_1_353' title='bbox 1386 3255 1824 3325; x_wconf 81' lang='grc' dir='ltr'>περιπατοῦντα.</span> <span class='ocrx_word' id='word_1_354' title='bbox 1857 3258 1954 3310; x_wconf 78' lang='grc' dir='ltr'>καὶ</span> 
     </span>
    </p>
   </div>
   <div class='ocr_carea' id='block_1_51' title="bbox 385 3341 1955 3415">
    <p class='ocr_par' dir='ltr' id='par_1_51' title="bbox 385 3341 1955 3415">
     <span class='ocr_line' id='line_1_51' title="bbox 385 3341 1955 3415; baseline 0.001 -15"><span class='ocrx_word' id='word_1_355' title='bbox 385 3347 638 3400; x_wconf 75' lang='grc' dir='ltr'>αἰνοῦντα</span> <span class='ocrx_word' id='word_1_356' title='bbox 674 3347 765 3398; x_wconf 82' lang='grc' dir='ltr'><strong>τδν</strong></span> <span class='ocrx_word' id='word_1_357' title='bbox 793 3345 945 3401; x_wconf 82' lang='grc' dir='ltr'>Θεόν.</span> <span class='ocrx_word' id='word_1_358' title='bbox 985 3345 1386 3415; x_wconf 82' lang='grc' dir='ltr'>Ἐπεγίνωσκόν</span> <span class='ocrx_word' id='word_1_359' title='bbox 1413 3364 1473 3399; x_wconf 85' lang='grc' dir='ltr'><strong>τε</strong></span> <span class='ocrx_word' id='word_1_360' title='bbox 1513 3347 1697 3410; x_wconf 78' lang='grc' dir='ltr'>αὑτὸν,</span> <span class='ocrx_word' id='word_1_361' title='bbox 1754 3347 1838 3400; x_wconf 86' lang='grc' dir='ltr'>ὅτι</span> <span class='ocrx_word' id='word_1_362' title='bbox 1865 3341 1955 3402; x_wconf 74' lang='grc' dir='ltr'><strong>οὗ-</strong></span> 
     </span>
    </p>
   </div>
   <div class='ocr_carea' id='block_1_52' title="bbox 385 3434 1954 3509">
    <p class='ocr_par' dir='ltr' id='par_1_52' title="bbox 385 3434 1954 3509">
     <span class='ocr_line' id='line_1_52' title="bbox 385 3434 1954 3509; baseline -0.001 -17"><span class='ocrx_word' id='word_1_363' title='bbox 385 3456 476 3502; x_wconf 81' lang='grc' dir='ltr'><strong>τος</strong></span> <span class='ocrx_word' id='word_1_364' title='bbox 531 3434 600 3508; x_wconf 78' lang='grc' dir='ltr'>ἦν</span> <span class='ocrx_word' id='word_1_365' title='bbox 627 3440 656 3491; x_wconf 87' lang='lat'><strong>6</strong></span> <span class='ocrx_word' id='word_1_366' title='bbox 689 3437 824 3508; x_wconf 71' lang='grc' dir='ltr'>πρὸς</span> <span class='ocrx_word' id='word_1_367' title='bbox 859 3437 957 3508; x_wconf 81' lang='grc' dir='ltr'><strong>τὴν</strong></span> <span class='ocrx_word' id='word_1_368' title='bbox 1009 3438 1384 3509; x_wconf 72' lang='grc' dir='ltr'>ἐλεημοσύνην</span> <span class='ocrx_word' id='word_1_369' title='bbox 1445 3437 1756 3508; x_wconf 83' lang='grc' dir='ltr'>καθήμενος</span> <span class='ocrx_word' id='word_1_370' title='bbox 1786 3440 1844 3492; x_wconf 88' lang='grc' dir='ltr'><strong>ἐν</strong></span> <span class='ocrx_word' id='word_1_371' title='bbox 1885 3442 1954 3509; x_wconf 86' lang='grc' dir='ltr'>τῇ</span> 
     </span>
    </p>
   </div>
   <div class='ocr_carea' id='block_1_53' title="bbox 397 3528 1956 3600">
    <p class='ocr_par' dir='ltr' id='par_1_53' title="bbox 397 3528 1956 3600">
     <span class='ocr_line' id='line_1_53' title="bbox 397 3528 1956 3600; baseline 0 -19"><span class='ocrx_word' id='word_1_372' title='bbox 397 3529 589 3600; x_wconf 68' lang='grc' dir='ltr'>Ὡραίᾳ.</span> <span class='ocrx_word' id='word_1_373' title='bbox 652 3530 796 3599; x_wconf 78' lang='grc' dir='ltr'>πύλῃ</span> <span class='ocrx_word' id='word_1_374' title='bbox 821 3528 913 3581; x_wconf 82' lang='grc' dir='ltr'>τοῦ</span> <span class='ocrx_word' id='word_1_375' title='bbox 943 3528 1090 3600; x_wconf 83' lang='grc' dir='ltr'><strong>ἰεροῦ</strong></span> <span class='ocrx_word' id='word_1_376' title='bbox 1113 3545 1126 3559; x_wconf 89' lang='grc'><strong>·</strong></span> <span class='ocrx_word' id='word_1_377' title='bbox 1160 3531 1254 3582; x_wconf 73' lang='grc' dir='ltr'>καὶ</span> <span class='ocrx_word' id='word_1_378' title='bbox 1309 3529 1663 3600; x_wconf 76' lang='grc' dir='ltr'>ἐπλήσθησαν</span> <span class='ocrx_word' id='word_1_379' title='bbox 1710 3529 1956 3600; x_wconf 79' lang='grc' dir='ltr'>θάμϐους</span> 
     </span>
    </p>
   </div>
   <div class='ocr_carea' id='block_1_54' title="bbox 391 3619 1645 3692">
    <p class='ocr_par' dir='ltr' id='par_1_54' title="bbox 391 3619 1645 3692">
     <span class='ocr_line' id='line_1_54' title="bbox 391 3619 1645 3692; baseline 0.002 -20"><span class='ocrx_word' id='word_1_380' title='bbox 391 3623 480 3673; x_wconf 76' lang='grc' dir='ltr'><strong>καὶ</strong></span> <span class='ocrx_word' id='word_1_381' title='bbox 503 3620 807 3683; x_wconf 81' lang='grc' dir='ltr'>ἐκστάσεως</span> <span class='ocrx_word' id='word_1_382' title='bbox 836 3621 927 3672; x_wconf 76' lang='grc' dir='ltr'><strong>ἐπὶ</strong></span> <span class='ocrx_word' id='word_1_383' title='bbox 956 3619 1033 3688; x_wconf 86' lang='grc' dir='ltr'>τῷ</span> <span class='ocrx_word' id='word_1_384' title='bbox 1073 3619 1445 3692; x_wconf 86' lang='grc' dir='ltr'>συμϐεϐηκότι</span> <span class='ocrx_word' id='word_1_385' title='bbox 1473 3619 1645 3692; x_wconf 82' lang='grc' dir='ltr'>αύτῷ.</span> 
     </span>
    </p>
   </div>
   <div class='ocr_carea' id='block_1_55' title="bbox 996 3729 1378 3785">
    <p class='ocr_par' dir='ltr' id='par_1_55' title="bbox 996 3729 1378 3785">
     <span class='ocr_line' id='line_1_55' title="bbox 996 3729 1378 3785; baseline 0.01 -4"><span class='ocrx_word' id='word_1_386' title='bbox 996 3729 1378 3785; x_wconf 78' lang='lat' dir='ltr'><strong>EPMIINEIA.</strong></span> 
     </span>
    </p>
   </div>
   <div class='ocr_carea' id='block_1_56' title="bbox 460 3835 1958 3908">
    <p class='ocr_par' dir='ltr' id='par_1_56' title="bbox 460 3835 1958 3908">
     <span class='ocr_line' id='line_1_56' title="bbox 460 3835 1958 3908; baseline 0.002 -16"><span class='ocrx_word' id='word_1_387' title='bbox 460 3839 653 3902; x_wconf 83' lang='grc' dir='ltr'>Καλῶς</span> <span class='ocrx_word' id='word_1_388' title='bbox 683 3855 868 3908; x_wconf 79' lang='grc' dir='ltr'>φησιν,</span> <span class='ocrx_word' id='word_1_389' title='bbox 892 3837 974 3891; x_wconf 83' lang='grc' dir='ltr'><strong>ὅτι</strong></span> <span class='ocrx_word' id='word_1_390' title='bbox 1005 3857 1024 3888; x_wconf 80' lang='lat' dir='ltr'><strong>t</strong></span> <span class='ocrx_word' id='word_1_391' title='bbox 1046 3838 1442 3906; x_wconf 81' lang='grc' dir='ltr'>Ἐπεγίνωσκον</span> <span class='ocrx_word' id='word_1_392' title='bbox 1477 3839 1660 3906; x_wconf 78' lang='grc' dir='ltr'>αὐτὸν,</span> <span class='ocrx_word' id='word_1_393' title='bbox 1691 3841 1772 3894; x_wconf 82' lang='grc' dir='ltr'><strong>ὅτι</strong></span> <span class='ocrx_word' id='word_1_394' title='bbox 1802 3835 1958 3903; x_wconf 67' lang='grc' dir='ltr'>οὗτος</span> 
     </span>
    </p>
   </div>
   <div class='ocr_carea' id='block_1_57' title="bbox 2055 1861 3622 1932">
    <p class='ocr_par' dir='ltr' id='par_1_57' title="bbox 2055 1861 3622 1932">
     <span class='ocr_line' id='line_1_57' title="bbox 2055 1861 3622 1932; baseline 0.003 -17"><span class='ocrx_word' id='word_1_395' title='bbox 2055 1871 2296 1932; x_wconf 88' lang='lat' dir='ltr'><strong>tempore</strong></span> <span class='ocrx_word' id='word_1_396' title='bbox 2323 1871 2642 1918; x_wconf 77' lang='lat' dir='ltr'><strong>curaverat:</strong></span> <span class='ocrx_word' id='word_1_397' title='bbox 2679 1863 2818 1916; x_wconf 87' lang='lat' dir='ltr'><strong>mala</strong></span> <span class='ocrx_word' id='word_1_398' title='bbox 2850 1861 2996 1918; x_wconf 92' lang='lat' dir='ltr'><strong>enim</strong></span> <span class='ocrx_word' id='word_1_399' title='bbox 3053 1877 3082 1916; x_wconf 90' lang='lat' dir='ltr'><strong>a</strong></span> <span class='ocrx_word' id='word_1_400' title='bbox 3142 1863 3427 1919; x_wconf 81' lang='lat' dir='ltr'><strong>nativitate</strong></span> <span class='ocrx_word' id='word_1_401' title='bbox 3481 1863 3622 1919; x_wconf 75' lang='lat' dir='ltr'><strong>ditii-</strong></span> 
     </span>
    </p>
   </div>
   <div class='ocr_carea' id='block_1_58' title="bbox 2050 1949 3626 2012">
    <p class='ocr_par' dir='ltr' id='par_1_58' title="bbox 2050 1949 3626 2012">
     <span class='ocr_line' id='line_1_58' title="bbox 2050 1949 3626 2012; baseline 0.003 -5"><span class='ocrx_word' id='word_1_402' title='bbox 2050 1953 2252 2008; x_wconf 91' lang='lat' dir='ltr'><strong>cillima</strong></span> <span class='ocrx_word' id='word_1_403' title='bbox 2287 1961 2438 2009; x_wconf 90' lang='lat' dir='ltr'><strong>sunt.</strong></span> <span class='ocrx_word' id='word_1_404' title='bbox 2467 1951 2636 2008; x_wconf 80' lang='lat' dir='ltr'><strong>Valde</strong></span> <span class='ocrx_word' id='word_1_405' title='bbox 2681 1960 2863 2008; x_wconf 88' lang='lat' dir='ltr'><strong>autem</strong></span> <span class='ocrx_word' id='word_1_406' title='bbox 2916 1949 3080 2010; x_wconf 85' lang='lat' dir='ltr'><strong>notus</strong></span> <span class='ocrx_word' id='word_1_407' title='bbox 3127 1962 3246 2008; x_wconf 87' lang='lat' dir='ltr'><strong>erat</strong></span> <span class='ocrx_word' id='word_1_408' title='bbox 3295 1955 3380 2009; x_wconf 67' lang='lat' dir='ltr'><strong>vir</strong></span> <span class='ocrx_word' id='word_1_409' title='bbox 3429 1955 3520 2012; x_wconf 91' lang='lat' dir='ltr'><strong>ille</strong></span> <span class='ocrx_word' id='word_1_410' title='bbox 3567 1963 3626 2012; x_wconf 87' lang='lat' dir='ltr'><strong>et</strong></span> 
     </span>
    </p>
   </div>
   <div class='ocr_carea' id='block_1_59' title="bbox 2050 2043 3624 2103">
    <p class='ocr_par' dir='ltr' id='par_1_59' title="bbox 2050 2043 3624 2103">
     <span class='ocr_line' id='line_1_59' title="bbox 2050 2043 3624 2103; baseline 0.002 -5"><span class='ocrx_word' id='word_1_411' title='bbox 2050 2057 2080 2098; x_wconf 88' lang='lat' dir='ltr'><strong>a</strong></span> <span class='ocrx_word' id='word_1_412' title='bbox 2112 2044 2237 2100; x_wconf 89' lang='lat' dir='ltr'><strong>loco</strong></span> <span class='ocrx_word' id='word_1_413' title='bbox 2266 2052 2321 2100; x_wconf 84' lang='lat' dir='ltr'><strong>et</strong></span> <span class='ocrx_word' id='word_1_414' title='bbox 2357 2043 2426 2099; x_wconf 89' lang='lat' dir='ltr'><strong>ab</strong></span> <span class='ocrx_word' id='word_1_415' title='bbox 2472 2044 2808 2102; x_wconf 83' lang='lat' dir='ltr'><strong>infirmitate.</strong></span> <span class='ocrx_word' id='word_1_416' title='bbox 2857 2044 3060 2101; x_wconf 84' lang='lat' dir='ltr'><strong>Deinde</strong></span> <span class='ocrx_word' id='word_1_417' title='bbox 3089 2061 3155 2102; x_wconf 89' lang='lat' dir='ltr'><strong>ne</strong></span> <span class='ocrx_word' id='word_1_418' title='bbox 3180 2047 3458 2103; x_wconf 86' lang='lat' dir='ltr'><strong>videretur</strong></span> <span class='ocrx_word' id='word_1_419' title='bbox 3518 2047 3624 2102; x_wconf 90' lang='lat' dir='ltr'><strong>hoc</strong></span> 
     </span>
    </p>
   </div>
   <div class='ocr_carea' id='block_1_60' title="bbox 2050 2135 3622 2206">
    <p class='ocr_par' dir='ltr' id='par_1_60' title="bbox 2050 2135 3622 2206">
     <span class='ocr_line' id='line_1_60' title="bbox 2050 2135 3622 2206; baseline 0.001 -14"><span class='ocrx_word' id='word_1_420' title='bbox 2050 2145 2244 2206; x_wconf 87' lang='lat' dir='ltr'><strong>sponte</strong></span> <span class='ocrx_word' id='word_1_421' title='bbox 2277 2151 2378 2192; x_wconf 90' lang='lat' dir='ltr'><strong>sua</strong></span> <span class='ocrx_word' id='word_1_422' title='bbox 2401 2135 2630 2202; x_wconf 86' lang='lat' dir='ltr'><strong>factum,</strong></span> <span class='ocrx_word' id='word_1_423' title='bbox 2666 2152 2776 2192; x_wconf 90' lang='lat' dir='ltr'><strong>non</strong></span> <span class='ocrx_word' id='word_1_424' title='bbox 2822 2137 2939 2192; x_wconf 89' lang='lat' dir='ltr'><strong>solo</strong></span> <span class='ocrx_word' id='word_1_425' title='bbox 2973 2152 3227 2193; x_wconf 78' lang='lat' dir='ltr'><strong>sermone</strong></span> <span class='ocrx_word' id='word_1_426' title='bbox 3272 2145 3466 2205; x_wconf 87' lang='lat' dir='ltr'><strong>curat;</strong></span> <span class='ocrx_word' id='word_1_427' title='bbox 3523 2140 3622 2195; x_wconf 90' lang='lat' dir='ltr'><strong>sed</strong></span> 
     </span>
    </p>
   </div>
   <div class='ocr_carea' id='block_1_61' title="bbox 2057 2229 3616 2298">
    <p class='ocr_par' dir='ltr' id='par_1_61' title="bbox 2057 2229 3616 2298">
     <span class='ocr_line' id='line_1_61' title="bbox 2057 2229 3616 2298; baseline 0.003 -18"><span class='ocrx_word' id='word_1_428' title='bbox 2057 2247 2076 2280; x_wconf 72' lang='grc' dir='ltr'><strong>ι</strong></span> <span class='ocrx_word' id='word_1_429' title='bbox 2105 2229 2458 2298; x_wconf 79' lang='lat' dir='ltr'><strong>Apprehensa</strong></span> <span class='ocrx_word' id='word_1_430' title='bbox 2487 2245 2648 2284; x_wconf 90' lang='lat' dir='ltr'><strong>manu</strong></span> <span class='ocrx_word' id='word_1_431' title='bbox 2677 2230 2800 2297; x_wconf 89' lang='lat' dir='ltr'><strong>ejus</strong></span> <span class='ocrx_word' id='word_1_432' title='bbox 2822 2229 3068 2294; x_wconf 82' lang='lat' dir='ltr'><strong>dextera,</strong></span> <span class='ocrx_word' id='word_1_433' title='bbox 3111 2231 3365 2284; x_wconf 79' lang='lat' dir='ltr'><strong>allevavit</strong></span> <span class='ocrx_word' id='word_1_434' title='bbox 3407 2246 3558 2296; x_wconf 89' lang='lat' dir='ltr'><strong>eum,</strong></span> <span class='ocrx_word' id='word_1_435' title='bbox 3596 2251 3616 2284; x_wconf 75' lang='grc' dir='ltr'><strong>ι</strong></span> 
     </span>
    </p>
   </div>
   <div class='ocr_carea' id='block_1_62' title="bbox 2054 2318 3622 2390">
    <p class='ocr_par' dir='ltr' id='par_1_62' title="bbox 2054 2318 3622 2390">
     <span class='ocr_line' id='line_1_62' title="bbox 2054 2318 3622 2390; baseline 0.003 -18"><span class='ocrx_word' id='word_1_436' title='bbox 2054 2320 2252 2390; x_wconf 89' lang='lat' dir='ltr'><strong>inquit.</strong></span> <span class='ocrx_word' id='word_1_437' title='bbox 2294 2318 2371 2374; x_wconf 82' lang='lat' dir='ltr'><strong>Ex</strong></span> <span class='ocrx_word' id='word_1_438' title='bbox 2409 2321 2513 2376; x_wconf 89' lang='lat' dir='ltr'><strong>hoc</strong></span> <span class='ocrx_word' id='word_1_439' title='bbox 2543 2321 2892 2376; x_wconf 79' lang='lat' dir='ltr'><strong>manifestam</strong></span> <span class='ocrx_word' id='word_1_440' title='bbox 2944 2320 3073 2376; x_wconf 85' lang='lat' dir='ltr'><strong>fecit</strong></span> <span class='ocrx_word' id='word_1_441' title='bbox 3124 2324 3622 2390; x_wconf 83' lang='lat' dir='ltr'><strong>resurrectionem;</strong></span> 
     </span>
    </p>
   </div>
   <div class='ocr_carea' id='block_1_63' title="bbox 2053 2411 3621 2483">
    <p class='ocr_par' dir='ltr' id='par_1_63' title="bbox 2053 2411 3621 2483">
     <span class='ocr_line' id='line_1_63' title="bbox 2053 2411 3621 2483; baseline 0.003 -18"><span class='ocrx_word' id='word_1_442' title='bbox 2053 2421 2172 2465; x_wconf 90' lang='lat' dir='ltr'><strong>erat</strong></span> <span class='ocrx_word' id='word_1_443' title='bbox 2227 2411 2432 2480; x_wconf 82' lang='lat' dir='ltr'><strong>quippe</strong></span> <span class='ocrx_word' id='word_1_444' title='bbox 2494 2411 2922 2466; x_wconf 86' lang='lat' dir='ltr'><strong>resurrectionis</strong></span> <span class='ocrx_word' id='word_1_445' title='bbox 2964 2411 3164 2483; x_wconf 82' lang='lat' dir='ltr'><strong>imago.</strong></span> <span class='ocrx_word' id='word_1_446' title='bbox 3215 2412 3340 2467; x_wconf 88' lang='lat' dir='ltr'><strong>Pari</strong></span> <span class='ocrx_word' id='word_1_447' title='bbox 3402 2415 3621 2469; x_wconf 88' lang='lat' dir='ltr'><strong>ratione</strong></span> 
     </span>
    </p>
   </div>
   <div class='ocr_carea' id='block_1_64' title="bbox 2051 2500 3621 2576">
    <p class='ocr_par' dir='ltr' id='par_1_64' title="bbox 2051 2500 3621 2576">
     <span class='ocr_line' id='line_1_64' title="bbox 2051 2500 3621 2576; baseline 0.003 -20"><span class='ocrx_word' id='word_1_448' title='bbox 2051 2500 2220 2556; x_wconf 89' lang='lat' dir='ltr'><strong>etiam</strong></span> <span class='ocrx_word' id='word_1_449' title='bbox 2245 2501 2500 2557; x_wconf 83' lang='lat' dir='ltr'><strong>Christus</strong></span> <span class='ocrx_word' id='word_1_450' title='bbox 2523 2516 2583 2557; x_wconf 93' lang='lat' dir='ltr'><strong>se</strong></span> <span class='ocrx_word' id='word_1_451' title='bbox 2612 2503 2800 2570; x_wconf 87' lang='lat' dir='ltr'><strong>gessit.</strong></span> <span class='ocrx_word' id='word_1_452' title='bbox 2839 2503 2995 2573; x_wconf 77' lang='lat' dir='ltr'><strong>Stepe</strong></span> <span class='ocrx_word' id='word_1_453' title='bbox 3022 2505 3210 2567; x_wconf 79' lang='lat' dir='ltr'><strong>verbo,</strong></span> <span class='ocrx_word' id='word_1_454' title='bbox 3267 2520 3412 2576; x_wconf 66' lang='lat' dir='ltr'><strong>saepe</strong></span> <span class='ocrx_word' id='word_1_455' title='bbox 3454 2507 3621 2561; x_wconf 86' lang='lat' dir='ltr'><strong>etiam</strong></span> 
     </span>
    </p>
   </div>
   <div class='ocr_carea' id='block_1_65' title="bbox 2056 2591 3619 2663">
    <p class='ocr_par' dir='ltr' id='par_1_65' title="bbox 2056 2591 3619 2663">
     <span class='ocr_line' id='line_1_65' title="bbox 2056 2591 3619 2663; baseline 0.006 -19"><span class='ocrx_word' id='word_1_456' title='bbox 2056 2591 2202 2645; x_wconf 86' lang='lat' dir='ltr'><strong>facto</strong></span> <span class='ocrx_word' id='word_1_457' title='bbox 2233 2593 2480 2654; x_wconf 86' lang='lat' dir='ltr'><strong>curabat,</strong></span> <span class='ocrx_word' id='word_1_458' title='bbox 2535 2603 2698 2663; x_wconf 89' lang='lat' dir='ltr'><strong>atque</strong></span> <span class='ocrx_word' id='word_1_459' title='bbox 2730 2591 3122 2650; x_wconf 83' lang='lat' dir='ltr'><strong>infirmioribus</strong></span> <span class='ocrx_word' id='word_1_460' title='bbox 3168 2609 3389 2650; x_wconf 88' lang='lat' dir='ltr'><strong>manum</strong></span> <span class='ocrx_word' id='word_1_461' title='bbox 3449 2597 3619 2654; x_wconf 86' lang='lat' dir='ltr'><strong>etiam</strong></span> 
     </span>
    </p>
   </div>
   <div class='ocr_carea' id='block_1_66' title="bbox 2056 2683 3622 2754">
    <p class='ocr_par' dir='ltr' id='par_1_66' title="bbox 2056 2683 3622 2754">
     <span class='ocr_line' id='line_1_66' title="bbox 2056 2683 3622 2754; baseline 0.003 -16"><span class='ocrx_word' id='word_1_462' title='bbox 2056 2683 2392 2754; x_wconf 81' lang='lat' dir='ltr'><strong>porrigebat.</strong></span> <span class='ocrx_word' id='word_1_463' title='bbox 2424 2684 2598 2740; x_wconf 91' lang='lat' dir='ltr'><strong>Porro</strong></span> <span class='ocrx_word' id='word_1_464' title='bbox 2633 2685 2865 2741; x_wconf 89' lang='lat' dir='ltr'><strong>claudus</strong></span> <span class='ocrx_word' id='word_1_465' title='bbox 2893 2685 2982 2742; x_wconf 90' lang='lat' dir='ltr'><strong>ille</strong></span> <span class='ocrx_word' id='word_1_466' title='bbox 3014 2694 3244 2742; x_wconf 88' lang='lat' dir='ltr'><strong>sanatus</strong></span> <span class='ocrx_word' id='word_1_467' title='bbox 3299 2702 3408 2742; x_wconf 91' lang='lat' dir='ltr'><strong>non</strong></span> <span class='ocrx_word' id='word_1_468' title='bbox 3443 2687 3622 2744; x_wconf 89' lang='lat' dir='ltr'><strong>solum</strong></span> 
     </span>
    </p>
   </div>
   <div class='ocr_carea' id='block_1_67' title="bbox 2056 2774 3628 2851">
    <p class='ocr_par' dir='ltr' id='par_1_67' title="bbox 2056 2774 3628 2851">
     <span class='ocr_line' id='line_1_67' title="bbox 2056 2774 3628 2851; baseline 0.006 -23"><span class='ocrx_word' id='word_1_469' title='bbox 2056 2774 2392 2842; x_wconf 87' lang='lat' dir='ltr'><strong>ambulabat,</strong></span> <span class='ocrx_word' id='word_1_470' title='bbox 2436 2776 2533 2832; x_wconf 90' lang='lat' dir='ltr'><strong>sed</strong></span> <span class='ocrx_word' id='word_1_471' title='bbox 2584 2777 2751 2833; x_wconf 86' lang='lat' dir='ltr'><strong>etiam</strong></span> <span class='ocrx_word' id='word_1_472' title='bbox 2805 2778 3098 2834; x_wconf 83' lang='lat' dir='ltr'><strong>cxsiliebat</strong></span> <span class='ocrx_word' id='word_1_473' title='bbox 3147 2795 3260 2850; x_wconf 70' lang='lat' dir='ltr'><strong>pra:</strong></span> <span class='ocrx_word' id='word_1_474' title='bbox 3291 2780 3515 2851; x_wconf 89' lang='lat' dir='ltr'><strong>gaudio,</strong></span> <span class='ocrx_word' id='word_1_475' title='bbox 3557 2795 3628 2837; x_wconf 76' lang='lat' dir='ltr'><strong>ac</strong></span> 
     </span>
    </p>
   </div>
   <div class='ocr_carea' id='block_1_68' title="bbox 2059 2865 3619 2932">
    <p class='ocr_par' dir='ltr' id='par_1_68' title="bbox 2059 2865 3619 2932">
     <span class='ocr_line' id='line_1_68' title="bbox 2059 2865 3619 2932; baseline 0.003 -14"><span class='ocrx_word' id='word_1_476' title='bbox 2059 2865 2361 2920; x_wconf 80' lang='lat' dir='ltr'><strong>exsiliendo</strong></span> <span class='ocrx_word' id='word_1_477' title='bbox 2407 2867 2675 2932; x_wconf 82' lang='lat' dir='ltr'><strong>tentabat,</strong></span> <span class='ocrx_word' id='word_1_478' title='bbox 2735 2882 2867 2922; x_wconf 88' lang='lat' dir='ltr'><strong>num</strong></span> <span class='ocrx_word' id='word_1_479' title='bbox 2915 2868 3139 2922; x_wconf 90' lang='lat' dir='ltr'><strong>omnino</strong></span> <span class='ocrx_word' id='word_1_480' title='bbox 3172 2879 3398 2925; x_wconf 90' lang='lat' dir='ltr'><strong>sanatus</strong></span> <span class='ocrx_word' id='word_1_481' title='bbox 3451 2880 3619 2925; x_wconf 88' lang='lat' dir='ltr'><strong>esset.</strong></span> 
     </span>
    </p>
   </div>
   <div class='ocr_carea' id='block_1_69' title="bbox 2060 2955 3622 3027">
    <p class='ocr_par' dir='ltr' id='par_1_69' title="bbox 2060 2955 3622 3027">
     <span class='ocr_line' id='line_1_69' title="bbox 2060 2955 3622 3027; baseline 0.004 -16"><span class='ocrx_word' id='word_1_482' title='bbox 2060 2955 2291 3023; x_wconf 86' lang='lat' dir='ltr'><strong>Quidam</strong></span> <span class='ocrx_word' id='word_1_483' title='bbox 2366 2967 2548 3014; x_wconf 85' lang='lat' dir='ltr'><strong>autem</strong></span> <span class='ocrx_word' id='word_1_484' title='bbox 2624 2960 2836 3027; x_wconf 88' lang='lat' dir='ltr'><strong>dicunt,</strong></span> <span class='ocrx_word' id='word_1_485' title='bbox 2910 2977 3035 3018; x_wconf 89' lang='lat' dir='ltr'><strong>eum</strong></span> <span class='ocrx_word' id='word_1_486' title='bbox 3105 2962 3360 3018; x_wconf 87' lang='lat' dir='ltr'><strong>incedere</strong></span> <span class='ocrx_word' id='word_1_487' title='bbox 3439 2963 3622 3018; x_wconf 81' lang='lat' dir='ltr'><strong>nesei-</strong></span> 
     </span>
    </p>
   </div>
   <div class='ocr_carea' id='block_1_70' title="bbox 2059 3063 2229 3104">
    <p class='ocr_par' dir='ltr' id='par_1_70' title="bbox 2059 3063 2229 3104">
     <span class='ocr_line' id='line_1_70' title="bbox 2059 3063 2229 3104; baseline 0 -2"><span class='ocrx_word' id='word_1_488' title='bbox 2059 3063 2229 3104; x_wconf 74' lang='grc' dir='ltr'>νιεερ.</span> 
     </span>
    </p>
   </div>
   <div class='ocr_carea' id='block_1_71' title="bbox 2583 3141 3091 3214">
    <p class='ocr_par' dir='ltr' id='par_1_71' title="bbox 2583 3141 3091 3214">
     <span class='ocr_line' id='line_1_71' title="bbox 2583 3141 3091 3214; baseline 0.002 -19"><span class='ocrx_word' id='word_1_489' title='bbox 2583 3142 2749 3214; x_wconf 60' lang='lat' dir='ltr'><strong>nos</strong></span> <span class='ocrx_word' id='word_1_490' title='bbox 2794 3141 3091 3202; x_wconf 76' lang='lat' dir='ltr'><strong>rsxrus.</strong></span> 
     </span>
    </p>
   </div>
   <div class='ocr_carea' id='block_1_72' title="bbox 2125 3247 3630 3322">
    <p class='ocr_par' dir='ltr' id='par_1_72' title="bbox 2125 3247 3630 3322">
     <span class='ocr_line' id='line_1_72' title="bbox 2125 3247 3630 3322; baseline 0.005 -20"><span class='ocrx_word' id='word_1_491' title='bbox 2125 3247 2214 3315; x_wconf 88' lang='lat' dir='ltr'><strong>III,</strong></span> <span class='ocrx_word' id='word_1_492' title='bbox 2253 3249 2306 3313; x_wconf 87' lang='lat'><strong>9,</strong></span> <span class='ocrx_word' id='word_1_493' title='bbox 2334 3247 2424 3306; x_wconf 82' lang='grc'><strong>10.</strong></span> <span class='ocrx_word' id='word_1_494' title='bbox 2447 3249 2514 3304; x_wconf 86' lang='lat' dir='ltr'><strong>Et</strong></span> <span class='ocrx_word' id='word_1_495' title='bbox 2544 3249 2682 3304; x_wconf 79' lang='lat' dir='ltr'><strong>vidit</strong></span> <span class='ocrx_word' id='word_1_496' title='bbox 2713 3252 2894 3306; x_wconf 90' lang='lat' dir='ltr'><strong>omnis</strong></span> <span class='ocrx_word' id='word_1_497' title='bbox 2920 3253 3152 3322; x_wconf 86' lang='lat' dir='ltr'><strong>pepulus</strong></span> <span class='ocrx_word' id='word_1_498' title='bbox 3179 3268 3302 3308; x_wconf 91' lang='lat' dir='ltr'><strong>eum</strong></span> <span class='ocrx_word' id='word_1_499' title='bbox 3337 3252 3630 3310; x_wconf 86' lang='lat' dir='ltr'><strong>ambulan-</strong></span> 
     </span>
    </p>
   </div>
   <div class='ocr_carea' id='block_1_73' title="bbox 2054 3341 3624 3416">
    <p class='ocr_par' dir='ltr' id='par_1_73' title="bbox 2054 3341 3624 3416">
     <span class='ocr_line' id='line_1_73' title="bbox 2054 3341 3624 3416; baseline 0.008 -22"><span class='ocrx_word' id='word_1_500' title='bbox 2054 3349 2162 3396; x_wconf 87' lang='lat' dir='ltr'><strong>tem</strong></span> <span class='ocrx_word' id='word_1_501' title='bbox 2215 3351 2270 3397; x_wconf 91' lang='lat' dir='ltr'><strong>et</strong></span> <span class='ocrx_word' id='word_1_502' title='bbox 2321 3341 2634 3398; x_wconf 86' lang='lat' dir='ltr'><strong>laudantem</strong></span> <span class='ocrx_word' id='word_1_503' title='bbox 2695 3343 2886 3398; x_wconf 82' lang='lat' dir='ltr'><strong>Deum.</strong></span> <span class='ocrx_word' id='word_1_504' title='bbox 2948 3345 3364 3416; x_wconf 88' lang='lat' dir='ltr'><strong>Cognoscebant</strong></span> <span class='ocrx_word' id='word_1_505' title='bbox 3439 3358 3624 3406; x_wconf 90' lang='lat' dir='ltr'><strong>autem</strong></span> 
     </span>
    </p>
   </div>
   <div class='ocr_carea' id='block_1_74' title="bbox 2055 3431 3631 3508">
    <p class='ocr_par' dir='ltr' id='par_1_74' title="bbox 2055 3431 3631 3508">
     <span class='ocr_line' id='line_1_74' title="bbox 2055 3431 3631 3508; baseline 0.006 -23"><span class='ocrx_word' id='word_1_506' title='bbox 2055 3431 2230 3499; x_wconf 89' lang='lat' dir='ltr'><strong>illum,</strong></span> <span class='ocrx_word' id='word_1_507' title='bbox 2254 3433 2401 3504; x_wconf 87' lang='lat' dir='ltr'><strong>quod</strong></span> <span class='ocrx_word' id='word_1_508' title='bbox 2436 3435 2551 3505; x_wconf 89' lang='lat' dir='ltr'><strong>ipse</strong></span> <span class='ocrx_word' id='word_1_509' title='bbox 2576 3441 2716 3499; x_wconf 88' lang='lat' dir='ltr'><strong>erat,</strong></span> <span class='ocrx_word' id='word_1_510' title='bbox 2739 3435 2830 3506; x_wconf 89' lang='lat' dir='ltr'><strong>qui</strong></span> <span class='ocrx_word' id='word_1_511' title='bbox 2860 3436 2926 3490; x_wconf 88' lang='lat' dir='ltr'><strong>ad</strong></span> <span class='ocrx_word' id='word_1_512' title='bbox 2954 3436 3355 3508; x_wconf 88' lang='lat' dir='ltr'><strong>eleemosyuam</strong></span> <span class='ocrx_word' id='word_1_513' title='bbox 3403 3439 3631 3496; x_wconf 89' lang='lat' dir='ltr'><strong>sedebat</strong></span> 
     </span>
    </p>
   </div>
   <div class='ocr_carea' id='block_1_75' title="bbox 2056 3524 3631 3599">
    <p class='ocr_par' dir='ltr' id='par_1_75' title="bbox 2056 3524 3631 3599">
     <span class='ocr_line' id='line_1_75' title="bbox 2056 3524 3631 3599; baseline 0.006 -23"><span class='ocrx_word' id='word_1_514' title='bbox 2056 3524 2123 3578; x_wconf 88' lang='lat' dir='ltr'><strong>ad</strong></span> <span class='ocrx_word' id='word_1_515' title='bbox 2165 3525 2478 3594; x_wconf 86' lang='lat' dir='ltr'><strong>Speciosam</strong></span> <span class='ocrx_word' id='word_1_516' title='bbox 2517 3535 2728 3596; x_wconf 89' lang='lat' dir='ltr'><strong>portam</strong></span> <span class='ocrx_word' id='word_1_517' title='bbox 2772 3528 2999 3597; x_wconf 85' lang='lat' dir='ltr'><strong>templi:</strong></span> <span class='ocrx_word' id='word_1_518' title='bbox 3031 3538 3086 3584; x_wconf 93' lang='lat' dir='ltr'><strong>et</strong></span> <span class='ocrx_word' id='word_1_519' title='bbox 3108 3529 3314 3599; x_wconf 89' lang='lat' dir='ltr'><strong>impleti</strong></span> <span class='ocrx_word' id='word_1_520' title='bbox 3347 3542 3478 3588; x_wconf 91' lang='lat' dir='ltr'><strong>sunt</strong></span> <span class='ocrx_word' id='word_1_521' title='bbox 3511 3541 3631 3588; x_wconf 87' lang='lat' dir='ltr'><strong>stu-</strong></span> 
     </span>
    </p>
   </div>
   <div class='ocr_carea' id='block_1_76' title="bbox 2059 3617 3410 3691">
    <p class='ocr_par' dir='ltr' id='par_1_76' title="bbox 2059 3617 3410 3691">
     <span class='ocr_line' id='line_1_76' title="bbox 2059 3617 3410 3691; baseline 0.008 -24"><span class='ocrx_word' id='word_1_522' title='bbox 2059 3629 2190 3685; x_wconf 91' lang='lat' dir='ltr'><strong>pore</strong></span> <span class='ocrx_word' id='word_1_523' title='bbox 2248 3624 2302 3670; x_wconf 87' lang='lat' dir='ltr'><strong>et</strong></span> <span class='ocrx_word' id='word_1_524' title='bbox 2342 3618 2571 3682; x_wconf 79' lang='lat' dir='ltr'><strong>exstasi,</strong></span> <span class='ocrx_word' id='word_1_525' title='bbox 2599 3617 2655 3671; x_wconf 91' lang='lat' dir='ltr'><strong>in</strong></span> <span class='ocrx_word' id='word_1_526' title='bbox 2686 3632 2752 3672; x_wconf 92' lang='lat' dir='ltr'><strong>eo</strong></span> <span class='ocrx_word' id='word_1_527' title='bbox 2782 3619 2928 3686; x_wconf 88' lang='lat' dir='ltr'><strong>quod</strong></span> <span class='ocrx_word' id='word_1_528' title='bbox 2969 3621 3277 3691; x_wconf 87' lang='lat' dir='ltr'><strong>contigerat</strong></span> <span class='ocrx_word' id='word_1_529' title='bbox 3310 3623 3410 3678; x_wconf 91' lang='lat' dir='ltr'><strong>illi.</strong></span> 
     </span>
    </p>
   </div>
   <div class='ocr_carea' id='block_1_77' title="bbox 2550 3724 3126 3784">
    <p class='ocr_par' dir='ltr' id='par_1_77' title="bbox 2550 3724 3126 3784">
     <span class='ocr_line' id='line_1_77' title="bbox 2550 3724 3126 3784; baseline 0.007 -3"><span class='ocrx_word' id='word_1_530' title='bbox 2550 3724 3126 3784; x_wconf 72' lang='lat' dir='ltr'><strong>COMMENTARIUS.</strong></span> 
     </span>
    </p>
   </div>
   <div class='ocr_carea' id='block_1_78' title="bbox 2129 3833 3626 3913">
    <p class='ocr_par' dir='ltr' id='par_1_78' title="bbox 2129 3833 3626 3913">
     <span class='ocr_line' id='line_1_78' title="bbox 2129 3833 3626 3913; baseline 0.007 -25"><span class='ocrx_word' id='word_1_531' title='bbox 2129 3834 2296 3889; x_wconf 82' lang='lat' dir='ltr'><strong>Recte</strong></span> <span class='ocrx_word' id='word_1_532' title='bbox 2340 3833 2538 3904; x_wconf 87' lang='lat' dir='ltr'><strong>inquit,</strong></span> <span class='ocrx_word' id='word_1_533' title='bbox 2573 3833 2720 3904; x_wconf 70' lang='lat' dir='ltr'><strong>quod</strong></span> <span class='ocrx_word' id='word_1_534' title='bbox 2756 3852 2774 3884; x_wconf 87' lang='grc'><strong>‹</strong></span> <span class='ocrx_word' id='word_1_535' title='bbox 2810 3834 3230 3905; x_wconf 88' lang='lat' dir='ltr'><strong>Cognoscebant</strong></span> <span class='ocrx_word' id='word_1_536' title='bbox 3278 3841 3454 3905; x_wconf 88' lang='lat' dir='ltr'><strong>illum,</strong></span> <span class='ocrx_word' id='word_1_537' title='bbox 3482 3845 3626 3913; x_wconf 89' lang='lat' dir='ltr'><strong>quod</strong></span> 
     </span>
    </p>
   </div>
   <div class='ocr_carea' id='block_1_79' title="bbox 389 3924 1950 4003">
    <p class='ocr_par' dir='ltr' id='par_1_79' title="bbox 389 3926 1950 4003">
     <span class='ocr_line' id='line_1_79' title="bbox 389 3926 1950 4003; baseline 0.004 -24"><span class='ocrx_word' id='word_1_538' title='bbox 389 3926 456 4001; x_wconf 86' lang='grc' dir='ltr'><strong>’ἦν</strong></span> <span class='ocrx_word' id='word_1_539' title='bbox 488 3933 515 3982; x_wconf 93' lang='lat'><strong>6</strong></span> <span class='ocrx_word' id='word_1_540' title='bbox 547 3931 679 4000; x_wconf 74' lang='grc' dir='ltr'>πρὸς</span> <span class='ocrx_word' id='word_1_541' title='bbox 709 3932 806 4000; x_wconf 87' lang='grc' dir='ltr'>τὴν</span> <span class='ocrx_word' id='word_1_542' title='bbox 833 3927 1211 3998; x_wconf 78' lang='grc' dir='ltr'>ἐλεημοσύνην</span> <span class='ocrx_word' id='word_1_543' title='bbox 1227 3929 1536 4000; x_wconf 82' lang='grc' dir='ltr'>καθήμενος</span> <span class='ocrx_word' id='word_1_544' title='bbox 1559 3932 1652 3983; x_wconf 82' lang='grc' dir='ltr'>ἐπὶ</span> <span class='ocrx_word' id='word_1_545' title='bbox 1680 3935 1744 4001; x_wconf 83' lang='grc' dir='ltr'>τῇ</span> <span class='ocrx_word' id='word_1_546' title='bbox 1768 3932 1950 4003; x_wconf 72' lang='grc' dir='ltr'>Ὡραίᾳ</span> 
     </span>
    </p>
   </div>
   <div class='ocr_carea' id='block_1_80' title="bbox 2055 3924 3629 4003">
    <p class='ocr_par' dir='ltr' id='par_1_80' title="bbox 2061 3924 3629 4002">
     <span class='ocr_line' id='line_1_80' title="bbox 2061 3924 3629 4002; baseline 0.007 -23"><span class='ocrx_word' id='word_1_547' title='bbox 2061 3925 2178 3994; x_wconf 91' lang='lat' dir='ltr'><strong>ipse</strong></span> <span class='ocrx_word' id='word_1_548' title='bbox 2216 3933 2358 3992; x_wconf 87' lang='lat' dir='ltr'><strong>erat,</strong></span> <span class='ocrx_word' id='word_1_549' title='bbox 2381 3924 2480 4000; x_wconf 13' lang='lat' dir='ltr'><strong>qui.</strong></span> <span class='ocrx_word' id='word_1_550' title='bbox 2511 3925 2577 3978; x_wconf 90' lang='lat' dir='ltr'><strong>ad</strong></span> <span class='ocrx_word' id='word_1_551' title='bbox 2608 3925 3011 3997; x_wconf 88' lang='lat' dir='ltr'><strong>eleemosynam</strong></span> <span class='ocrx_word' id='word_1_552' title='bbox 3053 3928 3276 3984; x_wconf 88' lang='lat' dir='ltr'><strong>sedebat</strong></span> <span class='ocrx_word' id='word_1_553' title='bbox 3311 3931 3376 3985; x_wconf 89' lang='lat' dir='ltr'><strong>ad</strong></span> <span class='ocrx_word' id='word_1_554' title='bbox 3407 3932 3629 4002; x_wconf 82' lang='lat' dir='ltr'><strong>Specio-</strong></span> 
     </span>
    </p>
   </div>
   <div class='ocr_carea' id='block_1_81' title="bbox 391 4015 1950 4094">
    <p class='ocr_par' dir='ltr' id='par_1_81' title="bbox 391 4018 1950 4094">
     <span class='ocr_line' id='line_1_81' title="bbox 391 4018 1950 4094; baseline 0.001 -23"><span class='ocrx_word' id='word_1_555' title='bbox 391 4020 534 4090; x_wconf 80' lang='grc' dir='ltr'>πύλῃ</span> <span class='ocrx_word' id='word_1_556' title='bbox 559 4035 572 4050; x_wconf 80' lang='grc'><em>’</em></span> <span class='ocrx_word' id='word_1_557' title='bbox 591 4039 608 4070; x_wconf 76' lang='grc' dir='ltr'><strong>ι</strong></span> <span class='ocrx_word' id='word_1_558' title='bbox 636 4020 696 4071; x_wconf 83' lang='grc' dir='ltr'><strong>ού</strong></span> <span class='ocrx_word' id='word_1_559' title='bbox 726 4021 833 4091; x_wconf 81' lang='grc' dir='ltr'><strong>γάρ</strong></span> <span class='ocrx_word' id='word_1_560' title='bbox 856 4036 970 4082; x_wconf 86' lang='grc' dir='ltr'><strong>πως</strong></span> <span class='ocrx_word' id='word_1_561' title='bbox 997 4019 1076 4070; x_wconf 83' lang='grc' dir='ltr'><strong>ἐτι</strong></span> <span class='ocrx_word' id='word_1_562' title='bbox 1105 4018 1428 4088; x_wconf 77' lang='grc' dir='ltr'>ἐγνωρίζετο</span> <span class='ocrx_word' id='word_1_563' title='bbox 1447 4023 1756 4089; x_wconf 80' lang='grc' dir='ltr'>μετέπειτα.</span> <span class='ocrx_word' id='word_1_564' title='bbox 1777 4019 1950 4094; x_wconf 62' lang='grc' dir='ltr'>Ταύτῃ</span> 
     </span>
    </p>
   </div>
   <div class='ocr_carea' id='block_1_82' title="bbox 2055 4015 3627 4094">
    <p class='ocr_par' dir='ltr' id='par_1_82' title="bbox 2062 4015 3627 4089">
     <span class='ocr_line' id='line_1_82' title="bbox 2062 4015 3627 4089; baseline 0.003 -17"><span class='ocrx_word' id='word_1_565' title='bbox 2062 4030 2179 4072; x_wconf 88' lang='lat' dir='ltr'><strong>sam</strong></span> <span class='ocrx_word' id='word_1_566' title='bbox 2236 4023 2450 4086; x_wconf 83' lang='lat' dir='ltr'><strong>portam</strong></span> <span class='ocrx_word' id='word_1_567' title='bbox 2522 4015 2744 4085; x_wconf 88' lang='lat' dir='ltr'><strong>templi,</strong></span> <span class='ocrx_word' id='word_1_568' title='bbox 2797 4035 2816 4068; x_wconf 76' lang='grc' dir='ltr'><strong>ι</strong></span> <span class='ocrx_word' id='word_1_569' title='bbox 2875 4019 3003 4086; x_wconf 89' lang='lat' dir='ltr'><strong>quia</strong></span> <span class='ocrx_word' id='word_1_570' title='bbox 3064 4029 3253 4088; x_wconf 85' lang='lat' dir='ltr'><strong>postea</strong></span> <span class='ocrx_word' id='word_1_571' title='bbox 3312 4034 3450 4089; x_wconf 91' lang='lat' dir='ltr'><strong>pene</strong></span> <span class='ocrx_word' id='word_1_572' title='bbox 3517 4038 3627 4078; x_wconf 92' lang='lat' dir='ltr'><strong>nou</strong></span> 
     </span>
    </p>
   </div>
   <div class='ocr_carea' id='block_1_83' title="bbox 390 4109 1950 4183">
    <p class='ocr_par' dir='ltr' id='par_1_83' title="bbox 390 4111 1950 4183">
     <span class='ocr_line' id='line_1_83' title="bbox 390 4111 1950 4183; baseline 0.001 -18"><span class='ocrx_word' id='word_1_573' title='bbox 390 4113 499 4183; x_wconf 81' lang='grc' dir='ltr'>γὰρ</span> <span class='ocrx_word' id='word_1_574' title='bbox 515 4115 578 4182; x_wconf 79' lang='grc' dir='ltr'>τῇ</span> <span class='ocrx_word' id='word_1_575' title='bbox 601 4112 743 4177; x_wconf 81' lang='grc' dir='ltr'>λέξει</span> <span class='ocrx_word' id='word_1_576' title='bbox 765 4111 1086 4182; x_wconf 84' lang='grc' dir='ltr'>κεχρήμεθα</span> <span class='ocrx_word' id='word_1_577' title='bbox 1107 4113 1196 4163; x_wconf 86' lang='grc' dir='ltr'><strong>ἐπί</strong></span> <span class='ocrx_word' id='word_1_578' title='bbox 1211 4112 1320 4163; x_wconf 83' lang='grc' dir='ltr'><strong>τῶν</strong></span> <span class='ocrx_word' id='word_1_579' title='bbox 1342 4111 1491 4182; x_wconf 88' lang='grc' dir='ltr'>μόλις</span> <span class='ocrx_word' id='word_1_580' title='bbox 1523 4113 1950 4182; x_wconf 78' lang='grc' dir='ltr'>γνωριζομένων.</span> 
     </span>
    </p>
   </div>
   <div class='ocr_carea' id='block_1_84' title="bbox 2055 4109 3631 4183">
    <p class='ocr_par' dir='ltr' id='par_1_84' title="bbox 2064 4109 3631 4180">
     <span class='ocr_line' id='line_1_84' title="bbox 2064 4109 3631 4180; baseline 0.003 -16"><span class='ocrx_word' id='word_1_581' title='bbox 2064 4109 2299 4180; x_wconf 88' lang='lat' dir='ltr'><strong>amplius</strong></span> <span class='ocrx_word' id='word_1_582' title='bbox 2320 4109 2783 4179; x_wconf 85' lang='lat' dir='ltr'><strong>dignoscebatur:</strong></span> <span class='ocrx_word' id='word_1_583' title='bbox 2825 4110 2926 4164; x_wconf 93' lang='lat' dir='ltr'><strong>hac</strong></span> <span class='ocrx_word' id='word_1_584' title='bbox 2987 4111 3132 4164; x_wconf 89' lang='lat' dir='ltr'><strong>enim</strong></span> <span class='ocrx_word' id='word_1_585' title='bbox 3170 4126 3303 4166; x_wconf 82' lang='lat' dir='ltr'><strong>voce</strong></span> <span class='ocrx_word' id='word_1_586' title='bbox 3325 4113 3534 4168; x_wconf 86' lang='lat' dir='ltr'><strong>utimur</strong></span> <span class='ocrx_word' id='word_1_587' title='bbox 3561 4114 3631 4168; x_wconf 81' lang='lat' dir='ltr'><strong>de</strong></span> 
     </span>
    </p>
   </div>
   <div class='ocr_carea' id='block_1_85' title="bbox 399 4199 1950 4274">
    <p class='ocr_par' dir='ltr' id='par_1_85' title="bbox 399 4199 1950 4274">
     <span class='ocr_line' id='line_1_85' title="bbox 399 4199 1950 4274; baseline -0.001 -17"><span class='ocrx_word' id='word_1_588' title='bbox 399 4204 598 4257; x_wconf 80' lang='grc' dir='ltr'>’ἰστέον</span> <span class='ocrx_word' id='word_1_589' title='bbox 620 4204 679 4258; x_wconf 88' lang='grc' dir='ltr'><strong>δέ</strong></span> <span class='ocrx_word' id='word_1_590' title='bbox 691 4206 771 4257; x_wconf 84' lang='grc' dir='ltr'>ὅτι</span> <span class='ocrx_word' id='word_1_591' title='bbox 795 4204 892 4256; x_wconf 82' lang='grc' dir='ltr'>καὶ</span> <span class='ocrx_word' id='word_1_592' title='bbox 915 4199 1089 4267; x_wconf 74' lang='grc' dir='ltr'>οὗτος,</span> <span class='ocrx_word' id='word_1_593' title='bbox 1118 4202 1205 4255; x_wconf 67' lang='grc' dir='ltr'><strong>διὰ</strong></span> <span class='ocrx_word' id='word_1_594' title='bbox 1231 4201 1386 4255; x_wconf 84' lang='grc' dir='ltr'>τοῦτο</span> <span class='ocrx_word' id='word_1_595' title='bbox 1417 4203 1753 4274; x_wconf 80' lang='grc' dir='ltr'>προσήδρευε</span> <span class='ocrx_word' id='word_1_596' title='bbox 1779 4206 1843 4273; x_wconf 80' lang='grc' dir='ltr'>τῇ</span> <span class='ocrx_word' id='word_1_597' title='bbox 1867 4203 1950 4256; x_wconf 72' lang='grc' dir='ltr'>τοῦ</span> 
     </span>
    </p>
   </div>
   <div class='ocr_carea' id='block_1_86' title="bbox 2055 4199 3629 4274">
    <p class='ocr_par' dir='ltr' id='par_1_86' title="bbox 2064 4203 3629 4274">
     <span class='ocr_line' id='line_1_86' title="bbox 2064 4203 3629 4274; baseline 0.001 -16"><span class='ocrx_word' id='word_1_598' title='bbox 2064 4205 2131 4258; x_wconf 91' lang='lat' dir='ltr'><strong>iis</strong></span> <span class='ocrx_word' id='word_1_599' title='bbox 2177 4204 2270 4274; x_wconf 90' lang='lat' dir='ltr'><strong>qui</strong></span> <span class='ocrx_word' id='word_1_600' title='bbox 2331 4204 2422 4257; x_wconf 79' lang='lat' dir='ltr'><strong>vix</strong></span> <span class='ocrx_word' id='word_1_601' title='bbox 2478 4210 2909 4274; x_wconf 88' lang='lat' dir='ltr'><strong>cognoscuntur.</strong></span> <span class='ocrx_word' id='word_1_602' title='bbox 2978 4203 3272 4258; x_wconf 87' lang='lat' dir='ltr'><strong>Sciendum</strong></span> <span class='ocrx_word' id='word_1_603' title='bbox 3345 4222 3474 4261; x_wconf 78' lang='lat' dir='ltr'><strong>vero</strong></span> <span class='ocrx_word' id='word_1_604' title='bbox 3545 4217 3629 4262; x_wconf 86' lang='lat' dir='ltr'><strong>est</strong></span> 
     </span>
    </p>
   </div>
   <div class='ocr_carea' id='block_1_87' title="bbox 389 4294 1950 4368">
    <p class='ocr_par' dir='ltr' id='par_1_87' title="bbox 389 4295 1950 4368">
     <span class='ocr_line' id='line_1_87' title="bbox 389 4295 1950 4368; baseline -0.001 -18"><span class='ocrx_word' id='word_1_605' title='bbox 389 4295 906 4368; x_wconf 73' lang='grc' dir='ltr'>Σολομῶντοςιστοᾷ,</span> <span class='ocrx_word' id='word_1_606' title='bbox 929 4297 1056 4358; x_wconf 73' lang='grc' dir='ltr'>ἴσως</span> <span class='ocrx_word' id='word_1_607' title='bbox 1075 4295 1316 4364; x_wconf 82' lang='grc' dir='ltr'>οἰόμενος</span> <span class='ocrx_word' id='word_1_608' title='bbox 1334 4295 1618 4360; x_wconf 78' lang='grc' dir='ltr'>τεύξεσθαί</span> <span class='ocrx_word' id='word_1_609' title='bbox 1640 4313 1780 4358; x_wconf 91' lang='grc' dir='ltr'>τινος</span> <span class='ocrx_word' id='word_1_610' title='bbox 1798 4296 1950 4366; x_wconf 90' lang='grc' dir='ltr'>θερα-</span> 
     </span>
    </p>
   </div>
   <div class='ocr_carea' id='block_1_88' title="bbox 2055 4294 3626 4368">
    <p class='ocr_par' dir='ltr' id='par_1_88' title="bbox 2063 4294 3626 4365">
     <span class='ocr_line' id='line_1_88' title="bbox 2063 4294 3626 4365; baseline 0.004 -17"><span class='ocrx_word' id='word_1_611' title='bbox 2063 4295 2270 4349; x_wconf 88' lang='lat' dir='ltr'><strong>idcirco</strong></span> <span class='ocrx_word' id='word_1_612' title='bbox 2305 4294 2542 4350; x_wconf 81' lang='lat' dir='ltr'><strong>fortasse</strong></span> <span class='ocrx_word' id='word_1_613' title='bbox 2570 4309 2694 4350; x_wconf 91' lang='lat' dir='ltr'><strong>eum</strong></span> <span class='ocrx_word' id='word_1_614' title='bbox 2713 4294 2924 4350; x_wconf 87' lang='lat' dir='ltr'><strong>sedisse</strong></span> <span class='ocrx_word' id='word_1_615' title='bbox 2954 4295 3009 4349; x_wconf 90' lang='lat' dir='ltr'><strong>in</strong></span> <span class='ocrx_word' id='word_1_616' title='bbox 3042 4297 3255 4365; x_wconf 88' lang='lat' dir='ltr'><strong>porticu</strong></span> <span class='ocrx_word' id='word_1_617' title='bbox 3298 4296 3626 4363; x_wconf 86' lang='lat' dir='ltr'><strong>Salomonis,</strong></span> 
     </span>
    </p>
   </div>
   <div class='ocr_carea' id='block_1_89' title="bbox 393 4379 1950 4458">
    <p class='ocr_par' dir='ltr' id='par_1_89' title="bbox 393 4386 1950 4458">
     <span class='ocr_line' id='line_1_89' title="bbox 393 4386 1950 4458; baseline 0.001 -18"><span class='ocrx_word' id='word_1_618' title='bbox 393 4390 551 4452; x_wconf 84' lang='grc' dir='ltr'>πείας</span> <span class='ocrx_word' id='word_1_619' title='bbox 582 4389 675 4441; x_wconf 76' lang='grc' dir='ltr'><strong>ἐπὶ</strong></span> <span class='ocrx_word' id='word_1_620' title='bbox 700 4390 764 4458; x_wconf 82' lang='grc' dir='ltr'>τῇ</span> <span class='ocrx_word' id='word_1_621' title='bbox 792 4387 884 4440; x_wconf 78' lang='grc' dir='ltr'>τοῦ</span> <span class='ocrx_word' id='word_1_622' title='bbox 918 4387 1137 4455; x_wconf 70' lang='grc' dir='ltr'>Σιλωάμ</span> <span class='ocrx_word' id='word_1_623' title='bbox 1177 4386 1554 4458; x_wconf 79' lang='grc' dir='ltr'>κολυμϐήθρᾳ,</span> <span class='ocrx_word' id='word_1_624' title='bbox 1604 4386 1786 4448; x_wconf 85' lang='grc' dir='ltr'>καθὼς</span> <span class='ocrx_word' id='word_1_625' title='bbox 1817 4388 1950 4456; x_wconf 44' lang='grc' dir='ltr'>καὶ]</span> 
     </span>
    </p>
   </div>
   <div class='ocr_carea' id='block_1_90' title="bbox 2055 4379 3627 4458">
    <p class='ocr_par' dir='ltr' id='par_1_90' title="bbox 2065 4379 3627 4456">
     <span class='ocr_line' id='line_1_90' title="bbox 2065 4379 3627 4456; baseline 0.004 -17"><span class='ocrx_word' id='word_1_626' title='bbox 2065 4385 2213 4456; x_wconf 91' lang='lat' dir='ltr'><strong>quod</strong></span> <span class='ocrx_word' id='word_1_627' title='bbox 2279 4391 2524 4455; x_wconf 82' lang='lat' dir='ltr'><strong>speraret</strong></span> <span class='ocrx_word' id='word_1_628' title='bbox 2602 4386 2896 4440; x_wconf 89' lang='lat' dir='ltr'><strong>sanitatem</strong></span> <span class='ocrx_word' id='word_1_629' title='bbox 2965 4401 3024 4440; x_wconf 89' lang='lat' dir='ltr'><strong>se</strong></span> <span class='ocrx_word' id='word_1_630' title='bbox 3085 4379 3512 4444; x_wconf 76' lang='lat' dir='ltr'><strong>conse’cuturum</strong></span> <span class='ocrx_word' id='word_1_631' title='bbox 3571 4391 3627 4445; x_wconf 92' lang='lat' dir='ltr'><strong>in</strong></span> 
     </span>
    </p>
   </div>
   <div class='ocr_carea' id='block_1_91' title="bbox 391 4448 1950 4550">
    <p class='ocr_par' dir='ltr' id='par_1_91' title="bbox 391 4477 1950 4548">
     <span class='ocr_line' id='line_1_91' title="bbox 391 4477 1950 4548; baseline 0 -16"><span class='ocrx_word' id='word_1_632' title='bbox 391 4480 688 4548; x_wconf 83' lang='grc' dir='ltr'>τριάκοντα</span> <span class='ocrx_word' id='word_1_633' title='bbox 713 4478 809 4529; x_wconf 72' lang='grc' dir='ltr'><strong>καὶ</strong></span> <span class='ocrx_word' id='word_1_634' title='bbox 837 4477 980 4530; x_wconf 85' lang='grc' dir='ltr'>όκτὼ</span> <span class='ocrx_word' id='word_1_635' title='bbox 1003 4478 1097 4545; x_wconf 77' lang='grc' dir='ltr'><strong>ἐτη</strong></span> <span class='ocrx_word' id='word_1_636' title='bbox 1125 4477 1262 4548; x_wconf 80' lang='grc' dir='ltr'>ἔχων</span> <span class='ocrx_word' id='word_1_637' title='bbox 1287 4477 1610 4546; x_wconf 89' lang='grc' dir='ltr'>παράλυτος,</span> <span class='ocrx_word' id='word_1_638' title='bbox 1632 4479 1691 4531; x_wconf 82' lang='grc' dir='ltr'>ὃν</span> <span class='ocrx_word' id='word_1_639' title='bbox 1719 4479 1906 4533; x_wconf 85' lang='grc' dir='ltr'>ἰάσατο</span> <span class='ocrx_word' id='word_1_640' title='bbox 1933 4481 1950 4532; x_wconf 72' lang='grc' dir='ltr'><strong>ἐ</strong></span> 
     </span>
    </p>
   </div>
   <div class='ocr_carea' id='block_1_92' title="bbox 2055 4448 3628 4550">
    <p class='ocr_par' dir='ltr' id='par_1_92' title="bbox 2065 4477 3628 4550">
     <span class='ocr_line' id='line_1_92' title="bbox 2065 4477 3628 4550; baseline 0.003 -18"><span class='ocrx_word' id='word_1_641' title='bbox 2065 4479 2392 4544; x_wconf 90' lang='lat' dir='ltr'><strong>natatoriis,</strong></span> <span class='ocrx_word' id='word_1_642' title='bbox 2444 4492 2540 4534; x_wconf 89' lang='lat' dir='ltr'><strong>seu</strong></span> <span class='ocrx_word' id='word_1_643' title='bbox 2603 4478 2816 4548; x_wconf 84' lang='lat' dir='ltr'><strong>piscina</strong></span> <span class='ocrx_word' id='word_1_644' title='bbox 2869 4477 3112 4543; x_wconf 77' lang='lat' dir='ltr'><strong>S‘iloe&quot;,</strong></span> <span class='ocrx_word' id='word_1_645' title='bbox 3165 4481 3628 4550; x_wconf 79' lang='lat' dir='ltr'><strong>quemadmodum</strong></span> 
     </span>
    </p>
   </div>
   <div class='ocr_carea' id='block_1_93' title="bbox 393 4553 1950 4641">
    <p class='ocr_par' dir='ltr' id='par_1_93' title="bbox 393 4553 1950 4640">
     <span class='ocr_line' id='line_1_93' title="bbox 393 4553 1950 4640; baseline 0 -18"><span class='ocrx_word' id='word_1_646' title='bbox 393 4571 604 4640; x_wconf 81' lang='grc' dir='ltr'>Σωτήρ.</span> <span class='ocrx_word' id='word_1_647' title='bbox 631 4553 725 4621; x_wconf 78' lang='grc' dir='ltr'>Ὃν</span> <span class='ocrx_word' id='word_1_648' title='bbox 744 4569 794 4620; x_wconf 83' lang='grc' dir='ltr'>οἱ</span> <span class='ocrx_word' id='word_1_649' title='bbox 823 4567 1110 4620; x_wconf 80' lang='grc' dir='ltr'>ἀπόστολοι</span> <span class='ocrx_word' id='word_1_650' title='bbox 1154 4568 1357 4637; x_wconf 82' lang='grc' dir='ltr'>Πέτρος</span> <span class='ocrx_word' id='word_1_651' title='bbox 1381 4571 1473 4622; x_wconf 65' lang='grc' dir='ltr'><strong>καί⁵</strong></span> <span class='ocrx_word' id='word_1_652' title='bbox 1502 4571 1738 4639; x_wconf 85' lang='grc' dir='ltr'>ιωάννης</span> <span class='ocrx_word' id='word_1_653' title='bbox 1768 4571 1950 4635; x_wconf 78' lang='grc' dir='ltr'>ἰδόντες</span> 
     </span>
    </p>
   </div>
   <div class='ocr_carea' id='block_1_94' title="bbox 2055 4553 3628 4641">
    <p class='ocr_par' dir='ltr' id='par_1_94' title="bbox 2063 4569 3628 4641">
     <span class='ocr_line' id='line_1_94' title="bbox 2063 4569 3628 4641; baseline 0.004 -19"><span class='ocrx_word' id='word_1_654' title='bbox 2063 4569 2395 4640; x_wconf 86' lang='lat' dir='ltr'><strong>paralyticus</strong></span> <span class='ocrx_word' id='word_1_655' title='bbox 2423 4569 2514 4624; x_wconf 92' lang='lat' dir='ltr'><strong>ille</strong></span> <span class='ocrx_word' id='word_1_656' title='bbox 2543 4571 2636 4639; x_wconf 90' lang='lat' dir='ltr'><strong>qui</strong></span> <span class='ocrx_word' id='word_1_657' title='bbox 2704 4569 2936 4624; x_wconf 87' lang='lat' dir='ltr'><strong>habebat</strong></span> <span class='ocrx_word' id='word_1_658' title='bbox 2981 4571 3205 4641; x_wconf 90' lang='lat' dir='ltr'><strong>triginta</strong></span> <span class='ocrx_word' id='word_1_659' title='bbox 3227 4581 3280 4628; x_wconf 87' lang='lat' dir='ltr'><strong>et</strong></span> <span class='ocrx_word' id='word_1_660' title='bbox 3309 4583 3432 4628; x_wconf 87' lang='lat' dir='ltr'><strong>octo</strong></span> <span class='ocrx_word' id='word_1_661' title='bbox 3450 4589 3628 4628; x_wconf 87' lang='lat' dir='ltr'><strong>annos</strong></span> 
     </span>
    </p>
   </div>
   <div class='ocr_carea' id='block_1_95' title="bbox 394 4659 1950 4732">
    <p class='ocr_par' dir='ltr' id='par_1_95' title="bbox 394 4659 1950 4732">
     <span class='ocr_line' id='line_1_95' title="bbox 394 4659 1950 4732; baseline 0.001 -19"><span class='ocrx_word' id='word_1_662' title='bbox 394 4661 456 4732; x_wconf 68' lang='grc' dir='ltr'>[ί.</span> <span class='ocrx_word' id='word_1_663' title='bbox 487 4662 612 4715; x_wconf 88' lang='lat' dir='ltr'><strong>add.</strong></span> <span class='ocrx_word' id='word_1_664' title='bbox 641 4661 738 4713; x_wconf 75' lang='grc' dir='ltr'><strong>καὶ</strong></span> <span class='ocrx_word' id='word_1_665' title='bbox 767 4659 1011 4730; x_wconf 86' lang='grc' dir='ltr'>γνόντες]</span> <span class='ocrx_word' id='word_1_666' title='bbox 1050 4660 1148 4727; x_wconf 82' lang='grc' dir='ltr'>τὴν</span> <span class='ocrx_word' id='word_1_667' title='bbox 1173 4660 1352 4713; x_wconf 79' lang='grc' dir='ltr'>αἰτίαν</span> <span class='ocrx_word' id='word_1_668' title='bbox 1378 4663 1474 4730; x_wconf 78' lang='grc' dir='ltr'>τῆς</span> <span class='ocrx_word' id='word_1_669' title='bbox 1502 4664 1847 4732; x_wconf 79' lang='grc' dir='ltr'>προσεδρίας,</span> <span class='ocrx_word' id='word_1_670' title='bbox 1881 4665 1950 4716; x_wconf 85' lang='grc' dir='ltr'>ὅτι</span> 
     </span>
    </p>
   </div>
   <div class='ocr_carea' id='block_1_96' title="bbox 2055 4659 3627 4732">
    <p class='ocr_par' dir='ltr' id='par_1_96' title="bbox 2065 4659 3627 4730">
     <span class='ocr_line' id='line_1_96' title="bbox 2065 4659 3627 4730; baseline 0.003 -17"><span class='ocrx_word' id='word_1_671' title='bbox 2065 4661 2118 4713; x_wconf 92' lang='lat' dir='ltr'><strong>in</strong></span> <span class='ocrx_word' id='word_1_672' title='bbox 2156 4659 2475 4715; x_wconf 86' lang='lat' dir='ltr'><strong>infirmitate</strong></span> <span class='ocrx_word' id='word_1_673' title='bbox 2540 4675 2662 4725; x_wconf 90' lang='lat' dir='ltr'><strong>sua,</strong></span> <span class='ocrx_word' id='word_1_674' title='bbox 2721 4675 2881 4730; x_wconf 89' lang='lat' dir='ltr'><strong>quem</strong></span> <span class='ocrx_word' id='word_1_675' title='bbox 2914 4664 3128 4717; x_wconf 89' lang='lat' dir='ltr'><strong>sanavit</strong></span> <span class='ocrx_word' id='word_1_676' title='bbox 3155 4664 3442 4720; x_wconf 87' lang='lat' dir='ltr'><strong>Dominus.</strong></span> <span class='ocrx_word' id='word_1_677' title='bbox 3472 4664 3627 4720; x_wconf 88' lang='lat' dir='ltr'><strong>Illum</strong></span> 
     </span>
    </p>
   </div>
   <div class='ocr_carea' id='block_1_97' title="bbox 394 4751 1950 4826">
    <p class='ocr_par' dir='ltr' id='par_1_97' title="bbox 394 4751 1950 4825">
     <span class='ocr_line' id='line_1_97' title="bbox 394 4751 1950 4825; baseline 0.001 -19"><span class='ocrx_word' id='word_1_678' title='bbox 394 4755 597 4823; x_wconf 85' lang='grc' dir='ltr'>καίπερ</span> <span class='ocrx_word' id='word_1_679' title='bbox 619 4751 932 4825; x_wconf 85' lang='grc' dir='ltr'>προσαιτῶν</span> <span class='ocrx_word' id='word_1_680' title='bbox 954 4752 1237 4822; x_wconf 75' lang='grc' dir='ltr'>ἐπορίζετο</span> <span class='ocrx_word' id='word_1_681' title='bbox 1254 4753 1352 4823; x_wconf 80' lang='grc' dir='ltr'>τὴν</span> <span class='ocrx_word' id='word_1_682' title='bbox 1367 4754 1596 4823; x_wconf 72' lang='grc' dir='ltr'>τροφὴν,</span> <span class='ocrx_word' id='word_1_683' title='bbox 1617 4756 1718 4806; x_wconf 82' lang='grc' dir='ltr'><strong>οὐκ</strong></span> <span class='ocrx_word' id='word_1_684' title='bbox 1743 4757 1950 4824; x_wconf 73' lang='grc' dir='ltr'>άπέγνα</span> 
     </span>
    </p>
   </div>
   <div class='ocr_carea' id='block_1_98' title="bbox 2055 4751 3632 4826">
    <p class='ocr_par' dir='ltr' id='par_1_98' title="bbox 2065 4751 3632 4826">
     <span class='ocr_line' id='line_1_98' title="bbox 2065 4751 3632 4826; baseline 0.003 -20"><span class='ocrx_word' id='word_1_685' title='bbox 2065 4767 2196 4822; x_wconf 90' lang='lat' dir='ltr'><strong>ergo</strong></span> <span class='ocrx_word' id='word_1_686' title='bbox 2225 4767 2350 4806; x_wconf 90' lang='lat' dir='ltr'><strong>cum</strong></span> <span class='ocrx_word' id='word_1_687' title='bbox 2393 4752 2658 4807; x_wconf 80' lang='lat' dir='ltr'><strong>vidissent</strong></span> <span class='ocrx_word' id='word_1_688' title='bbox 2687 4751 2884 4808; x_wconf 83' lang='lat' dir='ltr'><strong>Petrus</strong></span> <span class='ocrx_word' id='word_1_689' title='bbox 2911 4761 2967 4808; x_wconf 89' lang='lat' dir='ltr'><strong>et</strong></span> <span class='ocrx_word' id='word_1_690' title='bbox 2994 4752 3262 4818; x_wconf 84' lang='lat' dir='ltr'><strong>Joannes,</strong></span> <span class='ocrx_word' id='word_1_691' title='bbox 3292 4771 3632 4826; x_wconf 87' lang='lat' dir='ltr'><strong>causamque</strong></span> 
     </span>
    </p>
   </div>
   <div class='ocr_carea' id='block_1_99' title="bbox 396 4843 1950 4916">
    <p class='ocr_par' dir='ltr' id='par_1_99' title="bbox 396 4844 1950 4916">
     <span class='ocr_line' id='line_1_99' title="bbox 396 4844 1950 4916; baseline 0.003 -21"><span class='ocrx_word' id='word_1_692' title='bbox 396 4844 492 4912; x_wconf 79' lang='grc' dir='ltr'>τῆς</span> <span class='ocrx_word' id='word_1_693' title='bbox 526 4845 841 4912; x_wconf 83' lang='grc' dir='ltr'>θεραπείας,</span> <span class='ocrx_word' id='word_1_694' title='bbox 887 4844 1260 4915; x_wconf 85' lang='grc' dir='ltr'>ἐθεράπευσαν</span> <span class='ocrx_word' id='word_1_695' title='bbox 1292 4845 1456 4897; x_wconf 83' lang='grc' dir='ltr'>αὑτὸν</span> <span class='ocrx_word' id='word_1_696' title='bbox 1505 4847 1598 4900; x_wconf 78' lang='grc' dir='ltr'><strong>ἐπὶ</strong></span> <span class='ocrx_word' id='word_1_697' title='bbox 1629 4847 1706 4915; x_wconf 88' lang='grc' dir='ltr'>τῷ</span> <span class='ocrx_word' id='word_1_698' title='bbox 1736 4847 1950 4916; x_wconf 87' lang='grc' dir='ltr'>ὀνόματι</span> 
     </span>
    </p>
   </div>
   <div class='ocr_carea' id='block_1_100' title="bbox 2055 4843 3631 4916">
    <p class='ocr_par' dir='ltr' id='par_1_100' title="bbox 2065 4843 3631 4912">
     <span class='ocr_line' id='line_1_100' title="bbox 2065 4843 3631 4912; baseline 0.004 -17"><span class='ocrx_word' id='word_1_699' title='bbox 2065 4850 2400 4912; x_wconf 81' lang='lat' dir='ltr'><strong>compertam</strong></span> <span class='ocrx_word' id='word_1_700' title='bbox 2446 4845 2732 4909; x_wconf 89' lang='lat' dir='ltr'><strong>haberent,</strong></span> <span class='ocrx_word' id='word_1_701' title='bbox 2790 4843 2860 4898; x_wconf 91' lang='lat' dir='ltr'><strong>ob</strong></span> <span class='ocrx_word' id='word_1_702' title='bbox 2923 4858 3087 4912; x_wconf 91' lang='lat' dir='ltr'><strong>quam</strong></span> <span class='ocrx_word' id='word_1_703' title='bbox 3149 4845 3286 4900; x_wconf 90' lang='lat' dir='ltr'><strong>inibi</strong></span> <span class='ocrx_word' id='word_1_704' title='bbox 3345 4849 3631 4909; x_wconf 81' lang='lat' dir='ltr'><strong>assideret,</strong></span> 
     </span>
    </p>
   </div>
   <div class='ocr_carea' id='block_1_101' title="bbox 399 4935 1950 5008">
    <p class='ocr_par' dir='ltr' id='par_1_101' title="bbox 399 4935 1950 5008">
     <span class='ocr_line' id='line_1_101' title="bbox 399 4935 1950 5008; baseline 0.006 -25"><span class='ocrx_word' id='word_1_705' title='bbox 399 4935 491 4984; x_wconf 73' lang='grc' dir='ltr'><strong>τοῦ</strong></span> <span class='ocrx_word' id='word_1_706' title='bbox 519 4937 776 5004; x_wconf 79' lang='grc' dir='ltr'>Χριστοῦ.</span> <span class='ocrx_word' id='word_1_707' title='bbox 816 4957 834 4988; x_wconf 75' lang='grc' dir='ltr'><strong>ι</strong></span> <span class='ocrx_word' id='word_1_708' title='bbox 864 4937 1065 4989; x_wconf 79' lang='grc' dir='ltr'>Τοῦτον</span> <span class='ocrx_word' id='word_1_709' title='bbox 1094 4936 1225 5006; x_wconf 86' lang='grc' dir='ltr'>γὰρ,</span> <span class='ocrx_word' id='word_1_710' title='bbox 1253 4938 1439 5007; x_wconf 78' lang='grc' dir='ltr'>φησὶν,</span> <span class='ocrx_word' id='word_1_711' title='bbox 1477 4937 1536 4991; x_wconf 83' lang='grc' dir='ltr'>ὃν</span> <span class='ocrx_word' id='word_1_712' title='bbox 1577 4937 1831 5008; x_wconf 87' lang='grc' dir='ltr'>θεωρεῖτε</span> <span class='ocrx_word' id='word_1_713' title='bbox 1868 4939 1950 4992; x_wconf 69' lang='grc' dir='ltr'><strong>καί</strong></span> 
     </span>
    </p>
   </div>
   <div class='ocr_carea' id='block_1_102' title="bbox 2055 4935 3632 5008">
    <p class='ocr_par' dir='ltr' id='par_1_102' title="bbox 2064 4937 3632 5006">
     <span class='ocr_line' id='line_1_102' title="bbox 2064 4937 3632 5006; baseline 0.002 -15"><span class='ocrx_word' id='word_1_714' title='bbox 2064 4937 2275 4991; x_wconf 91' lang='lat' dir='ltr'><strong>scilicet</strong></span> <span class='ocrx_word' id='word_1_715' title='bbox 2315 4945 2513 4991; x_wconf 91' lang='lat' dir='ltr'><strong>utnon</strong></span> <span class='ocrx_word' id='word_1_716' title='bbox 2573 4937 2751 4991; x_wconf 91' lang='lat' dir='ltr'><strong>solum</strong></span> <span class='ocrx_word' id='word_1_717' title='bbox 2800 4938 3034 5006; x_wconf 88' lang='lat' dir='ltr'><strong>petendo</strong></span> <span class='ocrx_word' id='word_1_718' title='bbox 3080 4938 3284 4993; x_wconf 81' lang='lat' dir='ltr'><strong>victum</strong></span> <span class='ocrx_word' id='word_1_719' title='bbox 3333 4941 3434 4995; x_wconf 86' lang='lat' dir='ltr'><strong>sibi</strong></span> <span class='ocrx_word' id='word_1_720' title='bbox 3476 4956 3632 4994; x_wconf 88' lang='lat' dir='ltr'><strong>eom-</strong></span> 
     </span>
    </p>
   </div>
   <div class='ocr_carea' id='block_1_103' title="bbox 399 5021 1950 5103">
    <p class='ocr_par' dir='ltr' id='par_1_103' title="bbox 399 5021 1950 5100">
     <span class='ocr_line' id='line_1_103' title="bbox 399 5021 1950 5100; baseline 0.006 -27"><span class='ocrx_word' id='word_1_721' title='bbox 399 5021 597 5086; x_wconf 74' lang='grc' dir='ltr'>οἴδατε,</span> <span class='ocrx_word' id='word_1_722' title='bbox 660 5028 954 5097; x_wconf 81' lang='grc' dir='ltr'>ἐστερέωσε</span> <span class='ocrx_word' id='word_1_723' title='bbox 980 5030 1040 5082; x_wconf 86' lang='grc' dir='ltr'><strong>τδ</strong></span> <span class='ocrx_word' id='word_1_724' title='bbox 1059 5028 1230 5099; x_wconf 70' lang='grc' dir='ltr'>ὄνομα</span> <span class='ocrx_word' id='word_1_725' title='bbox 1281 5029 1446 5084; x_wconf 74' lang='grc' dir='ltr'>αὐτοῦ</span> <span class='ocrx_word' id='word_1_726' title='bbox 1471 5046 1486 5061; x_wconf 78' lang='grc' dir='ltr'><strong>ο</strong></span> <span class='ocrx_word' id='word_1_727' title='bbox 1524 5030 1621 5086; x_wconf 78' lang='grc' dir='ltr'>καὶ</span> <span class='ocrx_word' id='word_1_728' title='bbox 1653 5031 1688 5100; x_wconf 79' lang='grc' dir='ltr'>ἡ</span> <span class='ocrx_word' id='word_1_729' title='bbox 1720 5031 1899 5092; x_wconf 82' lang='grc' dir='ltr'>πίστις</span> <span class='ocrx_word' id='word_1_730' title='bbox 1926 5030 1950 5097; x_wconf 71' lang='grc' dir='ltr'>ἦ</span> 
     </span>
    </p>
   </div>
   <div class='ocr_carea' id='block_1_104' title="bbox 2055 5021 3628 5103">
    <p class='ocr_par' dir='ltr' id='par_1_104' title="bbox 2063 5028 3628 5103">
     <span class='ocr_line' id='line_1_104' title="bbox 2063 5028 3628 5103; baseline 0.003 -21"><span class='ocrx_word' id='word_1_731' title='bbox 2063 5036 2306 5103; x_wconf 83' lang='lat' dir='ltr'><strong>pararet,</strong></span> <span class='ocrx_word' id='word_1_732' title='bbox 2369 5028 2463 5083; x_wconf 87' lang='lat' dir='ltr'><strong>sed</strong></span> <span class='ocrx_word' id='word_1_733' title='bbox 2495 5031 2622 5099; x_wconf 90' lang='lat' dir='ltr'><strong>quia</strong></span> <span class='ocrx_word' id='word_1_734' title='bbox 2687 5029 2754 5085; x_wconf 90' lang='lat' dir='ltr'><strong>de</strong></span> <span class='ocrx_word' id='word_1_735' title='bbox 2801 5030 3040 5087; x_wconf 88' lang='lat' dir='ltr'><strong>sanitate</strong></span> <span class='ocrx_word' id='word_1_736' title='bbox 3089 5035 3460 5103; x_wconf 87' lang='lat' dir='ltr'><strong>recuperanda</strong></span> <span class='ocrx_word' id='word_1_737' title='bbox 3521 5047 3628 5086; x_wconf 90' lang='lat' dir='ltr'><strong>non</strong></span> 
     </span>
    </p>
   </div>
   <div class='ocr_carea' id='block_1_105' title="bbox 473 5196 898 5265">
    <p class='ocr_par' dir='ltr' id='par_1_105' title="bbox 473 5196 898 5265">
     <span class='ocr_line' id='line_1_105' title="bbox 473 5196 898 5265; baseline 0.005 -12"><span class='ocrx_word' id='word_1_738' title='bbox 473 5199 516 5230; x_wconf 80' lang='grc'>¹¹</span> <span class='ocrx_word' id='word_1_739' title='bbox 543 5196 702 5253; x_wconf 71' lang='lat' dir='ltr'><strong>Joan.</strong></span> <span class='ocrx_word' id='word_1_740' title='bbox 745 5217 819 5265; x_wconf 75' lang='grc' dir='ltr'>ιχ,</span> <span class='ocrx_word' id='word_1_741' title='bbox 847 5203 898 5256; x_wconf 89' lang='grc'>7.</span> 
     </span>
    </p>
   </div>
   <div class='ocr_carea' id='block_1_106' title="bbox 1548 5341 2441 5405">
    <p class='ocr_par' dir='ltr' id='par_1_106' title="bbox 1548 5341 2441 5405">
     <span class='ocr_line' id='line_1_106' title="bbox 1548 5341 2441 5405; baseline 0.002 -4"><span class='ocrx_word' id='word_1_742' title='bbox 1548 5341 1750 5404; x_wconf 79' lang='lat' dir='ltr'><strong>Variae</strong></span> <span class='ocrx_word' id='word_1_743' title='bbox 1794 5341 2099 5404; x_wconf 84' lang='lat' dir='ltr'><strong>lectiones</strong></span> <span class='ocrx_word' id='word_1_744' title='bbox 2145 5350 2208 5404; x_wconf 90' lang='lat' dir='ltr'><strong>et</strong></span> <span class='ocrx_word' id='word_1_745' title='bbox 2251 5350 2441 5405; x_wconf 70' lang='lat' dir='ltr'><strong>nota).</strong></span> 
     </span>
    </p>
   </div>
   <div class='ocr_carea' id='block_1_107' title="bbox 505 5431 1148 5505">
    <p class='ocr_par' dir='ltr' id='par_1_107' title="bbox 505 5431 1148 5505">
     <span class='ocr_line' id='line_1_107' title="bbox 505 5431 1148 5505; baseline 0.009 -20"><span class='ocrx_word' id='word_1_746' title='bbox 505 5431 551 5465; x_wconf 77' lang='grc'><strong>⁸⁸</strong></span> <span class='ocrx_word' id='word_1_747' title='bbox 583 5433 804 5505; x_wconf 69' lang='grc' dir='ltr'>χωλείᾳ.</span> <span class='ocrx_word' id='word_1_748' title='bbox 883 5434 928 5466; x_wconf 80' lang='grc'><strong>¹’</strong></span> <span class='ocrx_word' id='word_1_749' title='bbox 961 5433 1148 5491; x_wconf 85' lang='grc' dir='ltr'>τόπου.</span> 
     </span>
    </p>
   </div>
   <div class='ocr_carea' id='block_1_108' title="bbox 443 5591 1950 5713">
    <p class='ocr_par' dir='ltr' id='par_1_108' title="bbox 443 5591 1950 5713">
     <span class='ocr_line' id='line_1_108' title="bbox 443 5591 1950 5713; baseline 0.005 -70"><span class='ocrx_word' id='word_1_750' title='bbox 443 5591 622 5713; x_wconf 50' lang='grc' dir='ltr'><strong>άμεῆ⁸</strong></span> <span class='ocrx_word' id='word_1_751' title='bbox 671 5592 745 5678; x_wconf 68' lang='lat' dir='ltr'><strong>ita</strong></span> <span class='ocrx_word' id='word_1_752' title='bbox 805 5593 1018 5664; x_wconf 83' lang='lat' dir='ltr'><strong>corrigo</strong></span> <span class='ocrx_word' id='word_1_753' title='bbox 1081 5608 1149 5647; x_wconf 86' lang='lat' dir='ltr'><strong>ex</strong></span> <span class='ocrx_word' id='word_1_754' title='bbox 1221 5591 1635 5664; x_wconf 81' lang='lat' dir='ltr'><strong>Chrysostomo.</strong></span> <span class='ocrx_word' id='word_1_755' title='bbox 1699 5595 1754 5649; x_wconf 88' lang='lat' dir='ltr'><strong>In</strong></span> <span class='ocrx_word' id='word_1_756' title='bbox 1832 5597 1950 5652; x_wconf 85' lang='lat' dir='ltr'><strong>codi</strong></span> 
     </span>
     <span class='ocr_line' id='line_1_109' title="bbox 482 5679 846 5713; baseline 0.005 -2"><span class='ocrx_word' id='word_1_757' title='bbox 482 5679 578 5712; x_wconf 91' lang='grc' dir='ltr'><strong>ντα</strong></span> <span class='ocrx_word' id='word_1_758' title='bbox 607 5680 846 5713; x_wconf 79' lang='grc' dir='ltr'>εκινησε.</span> 
     </span>
    </p>
   </div>
   <div class='ocr_carea' id='block_1_109' title="bbox 2055 5591 3634 5713">
    <p class='ocr_par' dir='ltr' id='par_1_109' title="bbox 2094 5599 3634 5678">
     <span class='ocr_line' id='line_1_110' title="bbox 2094 5599 3634 5678; baseline 0.008 -28"><span class='ocrx_word' id='word_1_759' title='bbox 2094 5605 2284 5652; x_wconf 89' lang='lat' dir='ltr'><strong>nostro</strong></span> <span class='ocrx_word' id='word_1_760' title='bbox 2354 5599 2659 5656; x_wconf 80' lang='lat' dir='ltr'><strong>habebatur</strong></span> <span class='ocrx_word' id='word_1_761' title='bbox 2711 5600 2931 5668; x_wconf 84' lang='grc' dir='ltr'>λέγεται</span> <span class='ocrx_word' id='word_1_762' title='bbox 2989 5601 3046 5654; x_wconf 74' lang='grc' dir='ltr'>δὲ</span> <span class='ocrx_word' id='word_1_763' title='bbox 3119 5604 3366 5673; x_wconf 82' lang='grc' dir='ltr'>σημεῖον,</span> <span class='ocrx_word' id='word_1_764' title='bbox 3432 5604 3527 5678; x_wconf 81' lang='grc' dir='ltr'><strong>ἀφ’</strong></span> <span class='ocrx_word' id='word_1_765' title='bbox 3570 5605 3634 5666; x_wconf 74' lang='grc' dir='ltr'>οὗ</span> 
     </span>
    </p>
   </div>
   <div class='ocr_carea' id='block_1_110' title="bbox 402 5677 846 5733">
    <p class='ocr_par' dir='ltr' id='par_1_110' title="bbox 402 5677 846 5733">
     <span class='ocr_line' id='line_1_111' title="bbox 402 5677 846 5733; baseline 0.014 -22"><span class='ocrx_word' id='word_1_766' title='bbox 402 5677 578 5713; x_wconf 80' lang='grc' dir='ltr'>πάντα</span> <span class='ocrx_word' id='word_1_767' title='bbox 607 5677 846 5733; x_wconf 80' lang='grc' dir='ltr'>εκινησε.</span> 
     </span>
    </p>
   </div>
  </div>
