4088 6206
404 233 512 296 8'79

1324 222 1660 282 ΤΗΕΟΡΙΙῘ
1674 221 1887 280 LACTI
1914 220 2323 280 BULGARl/E
2351 220 2701 281 ARCIIIEP.

3539 204 3652 283 880

413 339 781 410 desperabat,
810 337 1100 392 sanitatem
1133 331 1207 386 illi
1268 331 1581 400 impertiere
1643 328 1697 383 in
1765 328 1985 383 nomine

2099 326 2150 379 5ι’
2181 327 2347 380 αὐτοῦ
2379 327 2575 380 ἔδωκεν
2606 325 2756 397 αὐτῷ
2788 325 2885 395 τὴν
2918 324 3239 397 ὁλοκληρίαν
3296 325 3500 399 ταύτην
3539 331 3652 384 ἀπε

414 430 626 486 Domini
657 428 787 485 Jesu
818 425 1044 487 Christi.
1084 441 1103 494 ᾳ
1141 421 1297 476 llunc
1337 423 1503 487 enim,
1534 423 1632 489 ait,
1677 434 1841 491 quem
1870 432 1966 474 vos

2077 419 2258 472 έναντι
2286 418 2507 473 πάντων
2533 418 2705 488 ὑμῶν.
2736 437 2753 470 ι

415 524 631 580 vidistis
652 529 705 575 ct
740 519 939 585 nostis,
966 517 1315 594 conﬁrmavit
1343 530 1540 570 nomen
1555 514 1711 584 ejus:
1739 519 1794 567 et
1813 510 1974 576 ﬁdes,
2014 524 2135 579 qua:
2168 524 2264 580 per
2291 525 2415 565 eum
2447 520 2553 577 est,
2593 508 2742 565 dedit
2808 508 3076 580 integram
3123 509 3417 568 sanitatem
3491 512 3653 569 istam

417 619 470 673 in
502 621 794 686 conspectu
837 613 1080 668 omnium
1114 623 1355 669 vestrum
1384 612 1451 665 ²¹.
1496 629 1514 662 ι

724 705 966 761 Sabbato
994 704 1350 760 hebdomadae
1380 702 1687 759 Paschalis.

1065 792 1361 849 TEXTUS.

492 894 557 949 lll
578 935 593 959 ,
632 889 820 946 11-16.
853 887 987 942 Cum
1029 896 1237 942 teneret
1266 894 1446 942 autem
1473 886 1695 941 Petrum
1725 892 1777 939 et
1821 882 1989 938 Joan-

418 1001 564 1050 nem,
600 982 844 1039 cucurrit
884 981 1064 1035 omnis
1112 979 1343 1049 populus
1374 978 1441 1033 ad
1467 994 1562 1033 eos
1609 978 1675 1030 ad
1714 975 1984 1045 porticum

419 1095 541 1150 quae
582 1075 885 1147 appellatur
935 1071 1247 1127 Salomonis
1268 1109 1283 1136 ,
1317 1079 1621 1140 stupentes.
1654 1068 1858 1125 Videas
1890 1082 1990 1120 au-
2024 1125 2036 1137 ,

421 1184 528 1229 tem
576 1172 791 1234 Petrus,
828 1167 1110 1236 respondit
1142 1166 1210 1221 ad
1236 1165 1493 1235 populum
1519 1181 1536 1218 :
1567 1161 1684 1217 Viri
1707 1161 1986 1226 Israelitae,

424 1264 555 1335 quid
578 1261 849 1318 miramini
884 1261 939 1313 in
967 1259 1092 1323 hoc,
1120 1264 1214 1312 aut
1234 1272 1335 1312 nos
1355 1256 1482 1326 quid
1503 1251 1812 1317 intuemini,
1831 1251 1989 1321 quasi

424 1363 611 1409 nostra
646 1352 843 1404 virtute
873 1355 966 1400 aut
1000 1351 1265 1415 potestate
1296 1343 1584 1398 fecerimus
1611 1342 1757 1393 hunc
1789 1337 1984 1391 ambu-

422 1443 569 1499 lare?
607 1443 746 1497 Deus
770 1440 1064 1501 Abraham,
1098 1445 1151 1492 et
1170 1437 1314 1491 Deus
1342 1435 1582 1498 lsaac,et
1620 1432 1760 1486 Deus
1794 1426 1981 1487 Jacoh,

423 1530 566 1585 Deus
588 1540 798 1599 patrum
821 1534 1131 1582 nostrorum
1161 1524 1429 1599 gloriﬁcat
1449 1534 1673 1593 puerum
1695 1518 1806 1588 (ll)
1825 1531 1984 1572 suum

2368 693 2458 763 Τῷ
2501 692 2761 761 Σαϐϐάτῳ
2796 692 2894 763 τῆς
2923 693 3373 763 Διακαινησίμου.

2672 783 3061 838 KEIMENON.

2162 874 2511 946 Κρατοῦντος
2540 873 2596 926 δὲ
2619 872 2714 926 τοῦ
2748 873 2988 936 ἰαθέντος
3014 871 3188 943 χωλοῦ
3221 872 3311 926 τὸν
3342 873 3544 945 Πέτρον
3565 876 3661 928 καὶ

2101 968 2377 1038 Ἰωάννην,
2408 966 2711 1038 συνέδραμε
2740 967 2847 1028 πᾶς
2876 966 2904 1017 ό
2925 965 3054 1026 λαὸς
3080 965 3215 1036 πρὸς
3237 966 3434 1030 αὐτοὺς
3465 968 3558 1021 ἐπὶ
3588 971 3657 1039 τῇ

2091 1059 2224 1130 στοᾷ
2255 1062 2319 1129 τῇ
2349 1058 2658 1128 καλουμένῃ
2706 1057 3050 1126 Σολομῶντος
3087 1057 3376 1128 ἔκθαμϐοι.
3423 1060 3571 1114 Ἰδὼν
3601 1062 3658 1115 δὲ

2087 1151 2313 1219 Πέτρος,
2342 1148 2679 1218 ἀπεκρίνατο
2713 1150 2850 1220 πρὸς
2881 1151 2970 1203 τὸν
3005 1149 3155 1202 λαόν·
3198 1149 3659 1223 ’ΔνδρεςἽσραη-

2086 1243 2251 1306 λίται,
2282 1242 2336 1295 τί
2368 1242 2685 1310 θαυμάζετε
2738 1241 2830 1293 ἐπὶ
2885 1238 3078 1309 τούτῷ,
3128 1241 3160 1313 ἢ
3223 1243 3433 1313 ἡμῖντί
3476 1244 3656 1296 ἀτενί-

2088 1333 2230 1400 ζετε,
2259 1334 2334 1398 ὡς
2367 1334 2472 1404 ἰδίᾳ
2537 1332 2790 1403 δυνάμει,
2824 1335 2856 1407 ἢ
2888 1332 3139 1403 εὐσεϐείᾳ
3182 1334 3511 1405 πεποιηκόσι
3567 1335 3658 1389 τοῦ

2096 1426 2425 1497 περιπατεῖν
2487 1425 2688 1493 αὖτόν;
2731 1427 2789 1479 '0
2843 1425 2975 1488 Θεὸς
3031 1424 3303 1495 ’Λόραὰμ,
3358 1426 3500 1479 καὶὸ
3528 1427 3663 1492 Θεὸς

2104 1518 2312 1583 Ἰσαὰκ,
2335 1516 2430 1572 καὶ
2453 1518 2482 1571 ό
2505 1518 2635 1581 Θεὸς
2650 1516 2864 1584 Ἰακὼϐ,
2891 1518 2920 1571 ὁ
2939 1516 3068 1579 Θεὸς
3094 1516 3204 1570 τῶν
3236 1515 3534 1589 πατέρωνὴ
3544 1519 3661 1589 μῶν

421 1624 633 1683 Jesum.
665 1635 827 1691 quem
875 1635 974 1675 vos
1008 1617 1228 1688 quidem
1295 1613 1602 1668 tradidistis
1647 1618 1703 1666 et
1747 1607 1988 1679 negastis

2099 1609 2313 1675 ὲδόξασε
2378 1610 2469 1663 τὸν
2526 1610 2700 1663 Παῖδα
2758 1608 2923 1662 αὐτοῦ
2968 1606 3194 1679 Ἰησοῦν,
3232 1606 3291 1661 ὃν
3336 1609 3492 1678 ὑμεῖς
3563 1610 3664 1680 μὲν

426 1721 552 1769 ante
600 1713 794 1767 faciem
856 1710 1039 1776 Pilati,
1089 1708 1375 1777 iudicante
1420 1705 1513 1758 illo
1577 1701 1816 1757 dimitti.
1879 1697 1992 1754 Vos

425 1813 611 1858 autem
642 1809 893 1857 sanetum
966 1809 1021 1854 et
1067 1790 1301 1867 justum'
1337 1794 1601 1864 negastis,
1674 1799 1729 1847 et
1775 1787 1993 1860 petistis

426 1898 606 1949 virum
644 1891 976 1948 homicidam
1027 1888 1222 1945 donari
1264 1886 1458 1943 vobis:
1506 1885 1803 1938 Auctorem
1865 1894 1994 1934 vero

434 1984 959 2047 vitzeinterlecistis,
1003 1996 1163 2053 (luem
1197 1982 1338 2036 Deus
1361 1976 1696 2034 suscitavita
1742 1973 1994 2036 mortuis,

427 2082 587 2150 cujus
624 2095 728 2134 nos
755 2087 923 2133 testes
966 2090 1182 2133 sumus.
1214 2074 1284 2128 Et
1314 2073 1368 2127 in
1405 2070 1510 2126 tide
1562 2068 1800 2124 nominis
1850 2065 1992 2137 ejus,

433 2176 600 2238 hunc,
662 2186 824 2242 quem
891 2183 990 2224 vos
1026 2166 1241 2221 vidistis
1293 2171 1349 2219 et
1398 2163 1598 2228 nostis,
1650 2157 1998 2216 conlirmavit

427 2280 626 2320 nomen
679 2263 835 2333 eius;
895 2264 947 2315 et
997 2257 1154 2323 ﬁdes,
1211 2270 1335 2327 quae
1382 2269 1480 2326 per
1525 2267 1649 2308 eum
1692 2259 1798 2317 cst,
1850 2247 2000 2303 dedit

429 2360 698 2427 integram
755 2353 915 2424 207
973 2350 1266 2408 sanitatem
1332 2346 1499 2427 istam
1569 2345 1623 2399 in
1700 2347 1998 2411 conspectu

430 2446 675 2501 omnium
701 2452 967 2500 vestrum.
1368 2424 1374 2433 ’

914 2618 1492 2681 COMMENTARIUS.

503 2734 526 2773 ι
567 2715 826 2780 Puerum,
866 2733 885 2767 ι
924 2729 1019 2769 seu
1061 2726 1281 2769 servum
1319 2709 1413 2765 Dei
1469 2708 1655 2765 Jesnm
1721 2706 2000 2762 Christum

432 2808 671 2881 (tametsi
705 2807 875 2863 Deum
907 2814 962 2860 et
1020 2804 1113 2859 Dei
1152 2801 1371 2874 Filium)
1396 2800 1591 2855 Petrus
1624 2798 1883 2870 appellat,
1905 2811 1997 2852 ra-

434 2904 580 2957 tione
606 2898 1001 2966 humanitatis;
1029 2895 1260 2953 formam
1292 2897 1436 2951 enim
1462 2893 1607 2950 servi
1634 2908 1757 2948 cum
1791 2892 1882 2946 ille
1911 2904 2006 2945 ac-

2095 1700 2471 1771 παρεδώκατε,
2504 1702 2601 1754 καὶ
2656 1699 2971 1772 ἠρνήσασθε
3003 1700 3165 1753 αὐτὸν
3195 1700 3338 1754 κατά
3370 1700 3666 1769 πρόσωπον

2094 1791 2328 1845 Πιλάτου
2369 1790 2656 1859 κρίναντος
2700 1790 2912 1843 ἐκείνου
2943 1788 3223 1847 ἀπολύειν.
3261 1789 3451 1860 Ὑμεῖς
3478 1791 3533 1845 δὲ
3571 1792 3668 1845 τὸν

2095 1883 2250 1951 ἅγιον
2282 1881 2376 1936 καὶ
2432 1881 2639 1935 δίκαιον
2692 1880 3028 1952 ἠρνήσασθε,
3073 1881 3167 1934 καὶ
3194 1881 3468 1955 ᾐτήσασθε
3497 1882 3665 1954 ἄνδρα

2096 1975 2264 2045 φονέα
2322 1973 2653 2046 χαρισθῆναι
2684 1974 2838 2045 ἡμῖν.
2880 1973 2985 2027 Τὸν
3014 1973 3073 2026 δὲ
3108 1972 3355 2046 ἀρχηγὸν
3387 1974 3488 2043 τῆς
3520 1974 3666 2046 ζωῆς

2096 2067 2475 2132 ἀπεκτείνατε,
2508 2066 2566 2119 ὃν
2588 2067 2616 2119 ὁ
2643 2066 2776 2129 Θεὸς
2809 2066 3032 2137 ἤγειρεν
3058 2067 3123 2120 ἐκ
3144 2066 3373 2139 νεκρῶν,
3405 2062 3465 2121 οῦ
3506 2070 3667 2138 ἡμεῖς

2097 2155 2266 2227 ἐσμὲν
2322 2156 2620 2229 μάρτυρες.
2681 2156 2793 2210 Καὶ
2830 2155 2922 2210 ἐπὶ
2944 2159 3011 2228 τῇ
3039 2157 3220 2210 πίστει
3262 2157 3357 2210 τοῦ
3403 2158 3667 2228 ὀνόματος

2099 2248 2288 2316 αὐτοῦ,
2342 2248 2532 2302 τοῦτον
2577 2248 2638 2304 ὃν
2669 2248 2924 2322 θεωρεῖτε
2978 2249 3075 2303 καὶ
3123 2248 3325 2315 οἴδατε,
3371 2250 3670 2320 ὲστερέωσε

2097 2340 2160 2394 τὸ
2188 2338 2360 2412 ὄνομα
2408 2338 2607 2394 αὐτοῦ·
2667 2340 2764 2395 καὶ
2794 2341 2828 2411 ἡ
2859 2340 3042 2404 πίστις
3076 2341 3202 2413 ηδε
3250 2340 3418 2396 αὐτοῦ
3467 2342 3668 2396 ἔδωκεν

2098 2432 2246 2504 αὐτῷ
2300 2430 2399 2503 τὴν
2463 2431 2788 2503 ὁλοκληρίαν
2840 2432 3045 2502 ταύτην
3108 2432 3373 2488 ἀπέναντι
3441 2434 3661 2488 πάντων

2102 2528 2132 2580 ὑ
2139 2526 2277 2596 μῶν.

2680 2614 3062 2675 ΕΡΜξΞΝΕὶΔῖ

2177 2730 2199 2765 ι
2222 2712 2395 2766 Παῖδα
2421 2731 2438 2763 ι
2464 2711 2624 2777 Θεοῦ,
2648 2712 2768 2783 ἦτοι
2799 2711 3003 2779 δοῦλον,
3038 2711 3128 2764 τὸν
3174 2708 3380 2782 Ἰησοῦν
3409 2712 3565 2766 καλεῖ
3587 2713 3672 2768 διὰ

2104 2804 2163 2857 τὸ
2206 2802 2564 2874 ἀνθρώπινον,
2612 2801 2745 2856 Θεὸν
2784 2799 2915 2856 ὄντα
2954 2800 3051 2855 καὶ
3081 2800 3217 2855 Θεοῦ
3252 2801 3380 2855 Υίόν
3409 2818 3424 2833 ’
3476 2803 3669 2875 ἐπειδὴ

2104 2895 2289 2950 δούλου
2325 2896 2537 2969 μορφὴν
2562 2893 2869 2963 ἀναλαϐὼν,
2908 2893 3004 2949 καὶ
3038 2895 3329 2966 γενόμενος
3359 2896 3667 2965 ἄνθρωπος.

428 2995 687 3063 cepisset,
741 2992 921 3048 factus
955 2990 1137 3052 homo,
1170 2988 1355 3043 omnia
1403 2986 1639 3041 humana
1675 2983 1864 3039 subiit.
1907 2984 1995 3037 Sic

2105 2987 2283 3043 πάντα
2305 2988 2515 3059 ὑπέστη
2538 2989 2608 3043 τὰ
2630 2987 2964 3056 ἀνθρώπινα.
3002 2984 3160 3041 Οὕτω
3193 2986 3299 3056 γὰρ
3339 2986 3431 3040 καὶ
3455 2989 3503 3040 οἱ
3534 3003 3668 3056 προ-

429 3100 554 3139 eum
592 3085 757 3138 etiam
807 3081 1083 3151 prophetae
1108 3095 1250 3148 saepe
1281 3086 1499 3133 vocant.
1540 3077 1635 3129 Vel
1664 3076 1737 3128 ita
1779 3076 1995 3128 locutus

428 3182 512 3230 est
538 3172 754 3236 Petrus,
784 3181 846 3226 ut
878 3158 1002 3225 sese
1034 3170 1350 3223 auditorum
1386 3166 1751 3225 imbecillitati
1794 3172 1999 3221 attem-

431 3270 666 3338 peraret.
692 3272 746 3318 et
766 3275 1073 3318 sermonem
1107 3273 1267 3314 suum
1304 3258 1520 3313 facilem
1584 3256 1862 3323 redderet,
1901 3255 1996 3327 qui

428 3357 499 3412 ab
523 3356 660 3427 ipsis
693 3353 1051 3425 reciperetur.

1065 3437 1364 3494 TEXTUS.

501 3534 588 3597 Ill,
621 3534 815 3599 17,18.
860 3531 923 3586 Et
956 3547 1120 3594 nunc.
1173 3530 1391 3598 fratres,
1423 3532 1538 3587 seio
1563 3532 1689 3602 quia
1720 3546 1816 3602 per
1850 3536 1998 3602 igno-

433 3626 669 3684 rantiam
726 3623 936 3680 fecistis
986 3623 1127 3677 sicut
1173 3630 1228 3677 et
1279 3621 1555 3692 principes
1599 3622 1790 3677 vestri.
1852 3623 1997 3678 Deus

433 3730 638 3783 autem,
678 3734 797 3789 quae
826 3717 1207 3789 praenuntiavit
1234 3732 1330 3787 per
1372 3731 1434 3772 os
1458 3716 1699 3772 omnium
1758 3717 1997 3787 prophe-

435 3823 611 3866 tarum
638 3810 748 3881 pati
771 3809 1051 3866 Christum
1084 3822 1270 3874 suuur,
1297 3808 1379 3863 sic
1411 3807 1679 3878 implevit.

923 3899 1500 3958 COMMENTARlUS.

500 3996 770 4063 Quoniam
803 3994 966 4049 valde
1001 4008 1095 4049 eos
1140 3992 1537 4062 perstrinxerat
1571 4001 1625 4046 et
1677 3990 1997 4047 ostenderat

428 4108 576 4153 eum,
602 4105 762 4159 quem
794 4088 896 4159 ipsi
930 4083 1337 4151 crueifixerau't,
1405 4083 1817 4149 resnrrexisse;
1855 4082 1998 4138 facta

430 4183 543 4237 illis
573 4188 842 4251 potestate
889 4176 1215 4248 paenitendi,
1249 4177 1445 4230 iterum
1490 4189 1797 4229 sermonem
1850 4173 1996 4228 miti-

431 4282 523 4344 gat
557 4283 610 4328 et
632 4272 710 4327 ait
742 4287 755 4322 :
809 4289 827 4320 ι
860 4270 923 4324 Et
953 4285 1100 4324 nunc
1128 4268 1265 4332 scio,
1299 4266 1522 4332 fratres,
1555 4267 1680 4337 quia
1712 4282 1810 4337 per
1843 4267 1996 4336 igno-

435 4364 666 4418 rantiam
709 4361 938 4425 fecistis,
965 4362 1108 4417 sicut
1142 4367 1197 4413 et
1226 4358 1501 4429 principes
1523 4360 1712 4414 vestri.
1744 4377 1761 4408 ι
1799 4357 2000 4412 Deinde

432 4470 502 4508 ne
535 4452 780 4507 dicerent
834 4447 1168 4515 :Quomodo
1229 4447 1375 4502 Deus
1432 4461 1578 4500 nunc
1615 4447 1767 4499 illum
1822 4445 2002 4501 susci-

433 4552 555 4596 tans
600 4559 628 4593 a
693 4540 946 4599 mortuis.
989 4536 1255 4607 gloriﬁcat
1286 4537 1377 4604 qui
1421 4547 1550 4591 tunc
1604 4551 1711 4591 non
1746 4536 2003 4607 adjuvit?

435 4633 732 4704 PrOphetas
761 4631 980 4683 adducit
1007 4628 1383 4690 testiﬁcantes,
1423 4629 1496 4682 ita
1523 4629 1641 4684 ﬁeri
1666 4629 1997 4699 oportuisse.

432 4725 630 4781 Postea
669 4723 929 4785 Ostendit,
986 4720 1128 4789 quod
1159 4736 1270 4774 non
1304 4721 1692 4793 prophetarum
1721 4721 2002 4790 praedimio

433 4817 489 4869 in
514 4828 680 4868 causa
710 4811 897 4876 fuerit,
930 4825 1029 4866 cur
1060 4811 1174 4864 haec
1212 4810 1283 4863 ita
1312 4809 1537 4877 ﬁerent;
1573 4810 1666 4865 sed
1707 4810 1853 4880 quod
1878 4811 2001 4871 illo-

434 4920 554 4958 rum
589 4902 829 4972 nequitia
859 4901 1155 4973 prophetas
1181 4903 1330 4970 ipsos
1378 4900 1643 4970 (Orgerit,
1685 4909 1745 4955 ut
1782 4916 1845 4952 ea
1882 4916 2002 4971 quze

432 5015 526 5069 per
547 4999 765 5053 illorum
792 4998 1125 5065 impietatem
1158 4995 1210 5046 iu
1238 4994 1515 5048 Christum
1548 4993 1797 5047 facienda
1820 5004 1998 5058 erant,

432 5088 883 5158 praenuntiarent,
917 5086 1101 5140 subdit
1141 5106 1151 5139 :

501 5202 543 5231 υ
568 5199 690 5253 Act.
734 5197 884 5254 111.(5.

2103 3081 2272 3150 φῆται
2295 3080 2566 3151 πολλαχοῦ
2611 3080 2868 3134 καλοῦσιν
2895 3079 3079 3133 αὐτόν.
3115 3079 3185 3131 Ἦ
3220 3079 3668 3145 συγκαταϐαίνων

2102 3174 2169 3242 τῇ
2213 3173 2322 3223 τῶν
2366 3172 2674 3225 ἀκουόντων
2724 3169 2999 3240 ἀσθενείᾳ,
3059 3169 3207 3234 ὃπως
3265 3169 3669 3241 εὐπαράδεκτον

2105 3264 2306 3337 ποιήσῃ
2333 3266 2426 3318 τὸν
2447 3265 2624 3334 λόγον.

2694 3450 2808 3505 ΚΕΙ
2815 3452 2866 3504 Μ
2874 3449 3080 3504 ENON.

2174 3544 2285 3600 Καὶ
2305 3544 2398 3597 νῦν
2429 3538 2565 3606 οἶδα,
2596 3543 2835 3612 ἀδελφοὶ,
2856 3544 2938 3596 ὅτι
2966 3544 3108 3596 κατὰ
3129 3542 3349 3611 ἄγνοιαν
3376 3542 3670 3614 ἐπράξατε,

2102 3634 2291 3706 ὥσπερ
2326 3636 2418 3689 καὶ
2446 3636 2494 3688 oi
2534 3635 2827 3705 ἄρχονττες
2868 3635 3042 3704 ὑμῶν.
3085 3635 3147 3689 ’0
3185 3635 3240 3689 δὲ
3275 3634 3427 3699 Θεὸς,
3470 3634 3505 3688 ἃ
3537 3651 3671 3703 προε-

2104 3728 2433 3794 κατήγγειλε
2455 3727 2542 3780 διὸ.
2566 3728 2833 3798 στόματος
2865 3728 3082 3782 πάντων
3110 3729 3219 3781 τῶν
3247 3728 3540 3798 προφητῶν
3571 3727 3669 3780 αὖ-

2103 3813 2197 3866 τοῦ
2222 3812 2415 3869 παθεῖν
2443 3812 2537 3867 τὸν
2564 3814 2820 3884 Χριστὸν,
2855 3815 3173 3886 ἐπλήρωσεν
3204 3817 3368 3870 οὓτω.

2684 3907 3064 3962 ΕΡΜΗΝΕΙΑ.

2192 3996 2412 4068 Ἐπειδὴ
2481 3998 2685 4069 σφόδρα
2736 3998 2913 4052 αὐτῶν
2965 3999 3249 4071 καθήψατο
3273 4041 3286 4065 ,
3334 4002 3426 4056 καὶ
3478 4001 3676 4066 ἔδειξεν

2103 4088 2411 4142 ἀναστάντα
2450 4089 2541 4143 τὸν
2567 4091 2971 4159 σταυρωθέντα,
3006 4091 3180 4157 διδοὺς
3211 4093 3395 4157 αὐτοῖς
3426 4092 3673 4158 ἐξουσίαν

2108 4179 2421 4245 μετανοίας,
2460 4180 2621 4233 πάλιν
2655 4180 2859 4247 ἀνίησι,
2891 4181 2985 4235 καί
3020 4182 3181 4252 φησί’
3223 4200 3242 4234 ι
3276 4183 3383 4235 Καὶ
3412 4181 3505 4235 νῦν
3533 4177 3675 4245 οἶδα,

2106 4269 2345 4336 ἀδελφοὶ,
2376 4271 2459 4323 ὅτι
2506 4270 2644 4323 κατὰ
2672 4269 2898 4337 ἄγνοιαν
2937 4269 3233 4339 ἐπράξατε,
3264 4271 3454 4341 ὥσπερ
3502 4272 3595 4325 καὶ
3623 4271 3673 4324 οἱ

2103 4358 2360 4429 ἄρχοντες
2385 4361 2560 4429 ὑμῶν.
2598 4379 2616 4410 ι
2642 4356 2794 4426 Εἶτα,
2823 4361 2999 4432 ἵναμὴ
3018 4362 3359 4429 εἵπωσιν,ὃτι
3383 4363 3501 4426 Πῶς
3531 4360 3675 4434 [νῦν]

2100 4452 2128 4503 ὁ
2162 4450 2295 4515 Θεὸς
2325 4451 2488 4504 αὑτὸν
2517 4450 2729 4516 δοξάζει
2757 4453 3069 4524 ἀναστήσας
3108 4455 3174 4508 ἐκ
3209 4455 3439 4524 νεκρῶν,
3478 4457 3507 4508 ὁ
3549 4455 3673 4508 τότε

2107 4542 2180 4612 μὴ
2216 4542 2530 4612 βοηθήσαςς
2571 4544 2809 4613 παράγει
2847 4545 2971 4607 τοὺς
3012 4546 3295 4616 προφήτας
3337 4545 3673 4618 μαρτυροῦν-

2101 4649 2239 4696 τας,
2283 4635 2363 4685 ὅτι
2411 4632 2583 4695 οὕτως
2628 4634 2734 4687 ἔδει
2784 4636 3059 4703 γενέσθαι.
3114 4633 3245 4690 Εἶτα
3294 4636 3544 4699 δεικνὺς,
3590 4637 3677 4690 ὅτι

2101 4725 2200 4794 οὐχ
2239 4725 2271 4794 ἡ
2320 4723 2429 4778 τῶν
2482 4725 2776 4795 προφητῶν
2835 4727 3262 4796 προσαγόρευσις
3287 4728 3333 4759 ὀ
3380 4727 3529 4780 αἰτία
3578 4725 3673 4780 τοῦ

2103 4817 2272 4869 ταῦτα
2293 4814 2567 4884 γενέσθαι,
2590 4816 2748 4886 ἀλλ’ἢ
2770 4816 2949 4871 αὐτῶν
2966 4816 3130 4870 κακία
3147 4820 3456 4887 ἠνάγκασεν
3477 4817 3640 4871 αὑτοῦ
3653 4833 3672 4880 ;

2099 4906 2208 4958 τῶν
2241 4907 2542 4974 μελλόντων
2573 4906 2817 4974 γίνεσθαι
2849 4907 2919 4960 δι’
2948 4908 3129 4962 αὐτῶν
3172 4910 3253 4972 εἰς
3282 4909 3517 4979 Χριστὸν
3539 4912 3671 4962 ασε-

2100 4996 2261 5048 ϐειῶν
2303 4998 2586 5066 προφήτας
2617 4996 2891 5064 γενέσθαι,
2925 4997 3153 5064 ἐπάγειο

1583 5285 1779 5348 Variae
1817 5288 2118 5354 lectiones
2155 5301 2211 5353 et
2261 5300 2447 5353 notae.

503 5372 549 5402 ’°
586 5372 671 5425 ἵσ.
704 5370 1124 5441 προαγόρευσις.

503 5497 615 5567 (ll)
653 5494 764 5549 Vox
810 5496 1104 5567 nai;,_qua_
1153 5488 1240 5542 hic
1294 5486 1467 5540 utitur
1522 5500 1676 5565 sacer
1726 5486 1987 5567 scriptor,

433 5556 647 5638 proprie
679 5581 894 5638 puerum
930 5556 1239 5638 significat;
1272 5572 1380 5626 quo
1406 5556 1624 5611 nomine
1658 5556 1985 5638 intelligitur

430 5623 756 5707 quandoque
813 5623 996 5701 ﬁlius;
1051 5623 1379 5699 quandoque
1457 5641 1654 5680 servus.
1727 5623 1987 5696 Vu'gutus

2103 5492 2374 5559 interpres
2408 5489 2589 5558 priore
2612 5503 2775 5559 sensu
2809 5487 3044 5543 reddidit
3079 5489 3298 5544 Filium.
3339 5491 3443 5545 Sed
3479 5500 3668 5545 noster

2098 5558 2832 5631 comm-uitatorposteriore
2863 5572 3029 5617 sensu
3052 5561 3338 5627 intellexit,
3369 5573 3424 5616 ut
3446 5576 3508 5615 ex
3539 5561 3665 5631 eius

2097 5631 2455 5698 explicatione
2491 5628 2679 5696 liquet.
