4088 6206
848 445 928 515 Τῇ
953 445 998 516 β’
1037 448 1136 517 τῆς
1168 450 1214 518 β’
1240 451 1556 521 ἑόδὸμαδος.

1000 537 1393 598 KEIMENON.

474 622 863 697 Μετανοήσατε
906 625 999 683 οῦν
1036 632 1129 685 καὶ
1163 633 1551 706 ἐπιστρέψατε,
1579 639 1657 701 εἰς
1686 640 1746 692 τὸ
1778 639 1982 706 ἐξαλει-

404 714 603 785 φθῆναι
642 718 797 787 ὑμῶν
823 722 919 783 τᾶς
954 723 1251 793 ἁμαρτίας,
1277 727 1422 791 ὅπως
1463 729 1528 782 ἂν
1563 730 1757 785 ἔλθωσι
1800 735 1982 805 καιροὶ

399 807 718 877 ἀναψῦξεως
756 812 863 867 ἀπὸ
908 816 1199 885 προσώπου
1263 821 1355 872 τοῦ
1411 824 1638 892 Κυρίου,
1698 827 1793 879 καὶ
1841 829 1981 881 ἁπο-

401 899 586 971 στεέλῃ
613 901 706 955 τὸν
737 910 1267 978 προκεχειρισμένον
1295 913 1427 983 ἡμῖν
1462 914 1697 983 Χριστὸν
1749 919 1977 989 Ἰησοῦν,

394 987 454 1042 ὃν
492 993 573 1044 δεῖ
613 995 843 1063 οὖρανδν
893 999 992 1069 μὲν
1022 1000 1275 1066 δέξασθαι
1306 1005 1434 1078 ἄχρι
1460 1009 1665 1077 χρόνων
1695 987 1978 1067 ἀποκατα-

398 1084 638 1150 στάσεως
670 1091 912 1152 πάντων,
945 1087 1019 1146 ὧν
1059 1096 1319 1169 ἐλάλησεν
1350 1103 1377 1153 6
1414 1101 1546 1165 Θεὸς
1587 1103 1675 1159 διὰ
1711 1107 1978 1176 στόματος

398 1177 618 1231 πάντων
663 1179 771 1233 τῶν
822 1183 993 1252 ἀγὲων
1047 1184 1212 1245 αὑτοῦ
1267 1194 1561 1263 προφητῶν
1606 1196 1700 1250 ἀπ’
1746 1199 1971 1265 αἰῶνος.

393 1264 600 1335 Μωσῆς
631 1268 731 1338 μὲν
758 1271 866 1342 γὰρ
900 1276 1035 1344 πρὸς
1077 1278 1203 1342 τοὺς
1239 1281 1487 1351 πατέρας
1521 1281 1693 1349 εἶπεν,
1725 1288 1803 1341 ὅτι
1841 1291 1976 1361 Προ-

394 1357 571 1426 φήτην
604 1360 735 1430 ὑμῖν
765 1365 1062 1437 ἀναστήσει
1095 1368 1300 1442 Κύριος
1341 1375 1369 1427 6
1402 1375 1533 1439 Θεὸς
1581 1380 1737 1449 ἡμῶν
1770 1383 1834 1435 ὲκ
1863 1357 1972 1437 τῶν

392 1447 638 1515 ἀδελφῶν
696 1452 849 1522 ὑμῶν
909 1457 984 1520 ὡς
1034 1460 1158 1530 ἐμὲ.
1229 1464 1403 1517 Αὐτοῦ
1466 1468 1764 1524 ἀκοὲσεσθε
1830 1476 1972 1530 κατὰ

392 1540 591 1605 πάντα,
622 1545 725 1598 ὅσα
755 1546 820 1599 ἂν
847 1548 1054 1622 λαλήσῃ
1100 1554 1235 1623 πρὸς
1263 1556 1429 1627 ὑμᾶς.
1463 1561 1659 1615 Ἔσται
1703 1563 1780 1629 δὲ,
1819 1569 1969 1620 πᾶσα

388 1630 557 1703 ψυχὴ,
612 1636 731 1706 ἥτις
783 1638 876 1694 ἐὰν
913 1643 987 1712 μὴ
1030 1645 1240 1719 ἀκούσῃ
1277 1650 1373 1702 τοῦ
1418 1655 1699 1724 προφήτου
1734 1658 1965 1727 ἐκείνου,

388 1723 905 1798 ὲξολοθρευθήσεται
931 1735 996 1788 ὲκ
1021 1735 1114 1789 τοῦ
1150 1739 1303 1802 λαοῦ,
1338 1743 1431 1794 καὶ
1459 1746 1655 1808 πάντες
1676 1747 1731 1800 δὲ
1759 1750 1806 1801 oi
1835 1769 1968 1821 προ-

398 1816 569 1886 φῆται
599 1819 706 1874 ἀπὸ
736 1824 993 1897 Σαμουὴλ
1015 1830 1234 1884 καὶτῶν
1265 1832 1498 1904 καθεξῆς
1529 1837 1643 1890 ὅσοι
1677 1841 1962 1910 ἐλάλησαν,

387 1910 482 1961 καὶ
508 1916 988 1984 προκατήγγειλαν
1015 1920 1114 1983 τὰς
1139 1924 1355 1995 ἡμέρας
1374 1927 1599 1992 ταύτας.
1636 1931 1821 2003 Ὑμεῖς
1843 1937 1965 1990 ἐστε

389 2000 500 2051 υἱοὶ
535 2003 645 2055 τῶν
674 2007 994 2077 προφητῶν,
1026 2010 1120 2064 καὶ
1150 2015 1245 2081 τῆς
1273 2017 1562 2089 διαθήκης,
1592 2016 1661 2093 ἧς
1693 2000 1898 2078 διέθετο
1936 2027 1964 2078 6

384 2090 516 2153 Θεὸς
540 2092 675 2162 πρὸς
699 2098 825 2161 τοὺς
857 2103 1097 2171 πατέρας
1123 2106 1297 2175 ὑμῶν,
1318 2108 1489 2175 λέγων
1522 2090 1657 2182 προς
1688 2114 1958 2188 Ἀϐρααμ*

386 2181 499 2235 Καὶ
533 2185 592 2236 ὲν
636 2186 713 2255 τῷ
758 2192 1036 2262 σπέρματί
1072 2213 1165 2250 σου
1199 2198 1657 2273 εὐλογηθήσονται
1692 2210 1863 2263 πᾶσαι
1902 2214 1958 2266 αἱ

384 2276 613 2344 πατριαὶ
644 2277 745 2342 τῆς
778 2281 901 2351 γῆς.
946 2283 1108 2356 Ὑμῖν
1132 2290 1360 2361 πρῶτον
1403 2294 1431 2345 6
1474 2294 1606 2359 Θεὸς
1650 2298 1960 2371 ἀναστήσας

383 2365 476 2419 τὸν
509 2368 681 2423 Παῐδα
732 2372 899 2428 αὐτοῦ
940 2376 1175 2447 Ἰησοῦν,
1232 2382 1551 2436 ἀπέστειλεν
1595 2387 1756 2439 αὑτὸν
1804 2391 1959 2443 εὐλο-

382 2458 582 2524 γοῦντα
631 2462 774 2532 ὑμᾶς
814 2467 874 2519 ὲν
918 2467 996 2539 τῷ
1031 2471 1399 2543 ἀποστρέφειν
1448 2474 1681 2530 ἕκαστον
1712 2480 1817 2534 ἀπὸ
1853 2483 1959 2536 τῶν

382 2554 658 2624 πονηριῶν
685 2556 713 2607 ὑ
721 2558 858 2626 μῶν.

977 2654 1220 2709 ΕΡΜΙΙΝ
1228 2658 1332 2710 EIA
1344 2697 1358 2710 .

454 2738 621 2796 Ὅταν
650 2739 742 2798 οῦν
777 2745 945 2816 λέγει,
987 2747 1205 2804 πάντων
1257 2752 1366 2806 τῶν
1415 2756 1714 2827 προφητῶν
1746 2759 1955 2829 πεπλη-

382 2835 588 2903 ρῶσθαι
616 2841 742 2904 τοὺς
777 2841 967 2910 λόγους
1004 2846 1097 2899 τοῦ
1131 2848 1385 2918 Σωτῆρος
1412 2851 1696 2917 παθόντος,
1722 2856 1780 2908 οὐ
1818 2856 1952 2909 καθ-

378 2926 527 2994 άπαξ
579 2931 786 2996 πάντας
818 2935 943 2999 τοὺς
972 2939 1257 3008 προφήτας
1291 2941 1439 3009 λέγει
1486 2945 1566 3012 (οὐ
1599 2945 1709 3016 γὰρ
1752 2948 1953 3014 πάντες

379 3022 766 3093 προεκήρυξαν
801 3026 902 3098 τὴν
949 3029 1242 3099 ἐπιδημίαν
1282 3032 1374 3086 καὶ
1418 3034 1484 3088 τὰ
1539 3037 1711 3107 πάθη,
1739 3038 1774 3093 δι
1809 3039 1950 3113 ὑπὲρ

1050 335 1584 398 EXPOSITIONIS
1621 340 1703 400 ΙΝ
1733 340 1952 401 ΑΩΤᾸ*

2057 347 2241 406 XTUS
2284 351 2551 416 ALTER.
2582 382 2645 393 -
2680 358 2837 421 ΟΜ).
2880 360 2993 421 JIi.

3560 373 3669 437 8S2

2410 460 2563 518 Fcria
2597 467 2632 519 2
2669 467 3021 525 hebdomadze
3052 474 3326 528 secundae.

2718 558 3021 617 TEXTUS.

2156 645 2243 710 ill,
2280 646 2347 700 i9
2376 648 2466 702 96.
2506 647 2854 707 Ραςηίιθιηὶιιί
2922 656 3090 726 igitur
3144 666 3199 712 et
3252 662 3657 731 convertimini,

2082 747 2142 792 ut
2176 738 2461 794 deleantur
2506 752 2724 812 peccata
2757 754 2957 803 vestra.
2993 747 3062 803 Ut
3089 764 3211 803 cum
3250 754 3499 806 venerint
3524 764 3659 810 tem-

2082 844 2216 900 pora
2248 832 2514 904 refrigerii
2551 850 2579 888 a
2615 852 2913 909 conspectu
2955 842 3191 905 Domini,
3223 851 3277 896 et
3306 844 3514 898 miserit
3536 863 3658 901 eum

2081 922 2172 991 qui
2221 925 2549 993 praedicatus
2610 938 2694 983 est
2729 931 2904 997 vobis,
2928 914 3119 986 ‘Jesum
3151 932 3460 1001 Christum,
3498 952 3656 1005 quem

2080 1025 2295 1085 Oportet
2327 1021 2547 1085 quidem
2578 1023 2779 1076 cmlum
2814 1025 3096 1094 suscipere
3122 1041 3297 1095 usque
3329 1026 3381 1079 in
3415 1040 3658 1097 tempore

2077 1107 2444 1164 restitutionis
2463 1112 2728 1178 omnium,
2753 1130 2874 1182 quae
2905 1115 3122 1169 locutus
3174 1125 3257 1170 est
3285 1117 3429 1172 Deus
3469 1135 3565 1187 per
3593 1137 3656 1174 os

2078 1205 2394 1253 Sanctorum
2441 1215 2469 1253 a
2520 1203 2721 1256 saeculo
2753 1207 3165 1274 prophetarum.
3204 1207 3650 1279 Moyscsquitlem

2078 1290 2325 1360 patribus
2365 1291 2503 1347 dixit
2527 1310 2542 1346 :
2562 1292 2892 1364 Prophetam
2912 1299 3197 1354 suseitabit
3219 1302 3371 1356 vobis
3393 1300 3654 1357 Dominus

2076 1382 2218 1436 Deus
2239 1392 2415 1439 vester
2432 1385 2500 1439 de
2520 1385 2782 1443 fratribus
2805 1391 3029 1454 vestris,
3050 1402 3307 1461 tanquam
3338 1408 3443 1455 me,
3470 1396 3646 1463 ipsum

2074 1472 2241 1543 208
2279 1474 2516 1530 audietis
2573 1477 2730 1545 juxta
2777 1481 2986 1545 omnia,
3016 1497 3358 1552 quaecunque
3432 1485 3651 1539 loeutus

2070 1563 2240 1618 fuerit
2296 1565 2475 1621 vobis.
2524 1565 2639 1620 Erit
2688 1578 2894 1635 autem,
2949 1573 3132 1629 omnis
3168 1575 3348 1628 anima
3380 1591 3499 1643 qua:
3541 1592 3647 1627 nou

2073 1652 2307 1708 audierit
2333 1656 2654 1725 prophetam
2682 1659 2869 1724 illum,
2899 1664 3352 1729 exterminabitur
3373 1666 3438 1718 de
3464 1666 3639 1732 plebe.

2070 1742 2138 1797 Et
2177 1761 2369 1804 omnes
2410 1749 2689 1818 propheta:
2710 1765 2737 1802 a
2767 1748 3013 1812 Samuel,
3044 1764 3095 1805 et
3125 1753 3384 1822 deinceps
3415 1758 3509 1825 qui
3566 1758 3646 1809 ln-

2070 1838 2179 1892 cuti
2220 1847 2371 1898 sunt.
2407 1841 2874 1894 annuntiaverunt
2905 1840 3022 1896 dies
3055 1842 3211 1899 istos.
3242 1843 3350 1898 Vos
3378 1849 3512 1901 estis
3551 1849 3643 1902 lilii

2069 1929 2462 1997 prophetarum
2487 1935 2542 1984 et
2570 1932 2904 1994 testamenti,
2929 1934 3073 2003 quod
3100 1935 3375 2005 dispo~uit
3408 1939 3551 1994 Deus
3576 1944 3643 1995 ad

2068 2027 2253 2087 patres
2289 2029 2533 2086 nostros,
2562 2021 2753 2078 dicens
2779 2024 2845 2078 ad
2880 2026 3154 2081 Abraham
3184 2044 3197 2081 :
3235 2029 3297 2082 Et
3331 2031 3387 2085 in
3429 2034 3642 2087 semine

2066 2119 2159 2164 tuo
2191 2110 2584 2166 benedicentur
2625 2128 2819 2170 omnes
2848 2115 3066 2172 fatnilite
3099 2126 3276 2176 terrae.
3309 2118 3478 2177 Vobis
3528 2125 3641 2193 pri-

2054 2208 2215 2254 mum
2238 2201 2381 2257 Deus
2407 2203 2687 2259 suscitans
2711 2204 2909 2259 Filium
2937 2221 3119 2275 suum,
3150 2210 3299 2265 misit
3322 2226 3445 2265 eum
3477 2213 3640 2269 bene-

2062 2291 2337 2346 dicentem
2402 2295 2581 2362 vobis,
2632 2303 2691 2349 ut
2737 2307 3024 2352 convertat
3067 2315 3128 2356 se
3175 2302 3554 2373 unusquisque
3607 2321 3636 2359 a

2062 2383 2305 2453 nequitia
2338 2398 2459 2439 sua.

2552 2656 3123 2719 COMMENTARIUS.

2129 2742 2267 2798 Cum
2344 2745 2420 2800 ait
2469 2742 2714 2801 omnium
2768 2748 3156 2820 prophetarum
3204 2768 3485 2811 sermones
3530 2756 3637 2812 im-

2058 2835 2232 2906 pletos
2272 2851 2395 2892 esse
2448 2837 2503 2892 in
2539 2840 2796 2909 passione
2857 2840 3094 2908 Domini,
3150 2860 3257 2899 non
3309 2845 3634 2916 simpliciter

2055 2945 2248 2986 unines
2299 2932 2588 3002 intelligit;
2616 2952 2722 2989 non
2755 2936 2904 2992 enim
2959 2954 3152 2996 omnes
3191 2944 3634 3012 pra-nuntiarunt

2054 3027 2179 3096 ejus
2228 3027 2549 3092 adventum,
2603 3045 2782 3100 neque
2830 3031 3158 3102 supplicium
3191 3036 3336 3103 quod
3375 3045 3493 3090 erat
3534 3053 3632 3104 pro

375 3111 682 3183 ἀνθρώπων
714 3115 939 3185 ἔμελλεν
968 3121 1374 3192 ἀναδέξασθαι),
1407 3126 1546 3180 ἀλλὰ
1580 3127 1785 3193 πάντας
1821 3111 1948 3197 τοὺς

2057 3113 2339 3167 hominum
2370 3116 2550 3170 salute
2581 3118 2907 3185 subiturus;
2947 3120 3043 3175 sed
3096 3121 3345 3193 intelligit
3377 3134 3627 3189 cunctos,

377 3207 950 3276 προαναφωνήσαντας
995 3211 1065 3264 τὰ
1107 3212 1197 3265 τοῦ
1235 3215 1476 3283 Χριστοῦ
1511 3217 1727 3273 ἅπαντα
1768 3240 1786 3273 t
1820 3222 1949 3293 ἄχρι

377 3294 583 3364 χρόνων
616 3297 1137 3368 ἀποκαταστάσεως.
1181 3323 1199 3355 ι
1248 3307 1318 3359 Τὸ
1345 3307 1425 3371 δὲ,
1465 3326 1483 3359 ι
1518 3311 1701 3381 Ἄχρι,
1738 3331 1757 3363 ι
1798 3315 1949 3386 παρὰ

370 3385 439 3453 τῇ
473 3383 591 3454 θεία
632 3386 847 3458 Γραφῇ,
883 3391 944 3442 οὐ
990 3392 1185 3463 χρόνον
1214 3395 1332 3449 ἐστὶ
1372 3402 1727 3469 σημαντικὸν,
1762 3383 1950 3475 ῶσπερ

371 3475 469 3529 καὶ
496 3477 576 3539 τὸ,
602 3476 727 3544 ἕως,
751 3481 869 3535 ἀλλ’
892 3483 1042 3537 ἔστιν
1065 3487 1092 3538 6
1119 3487 1242 3550 νοῦς
1267 3488 1359 3541 τοῦ
1386 3495 1747 3562 προκειμένου
1775 3497 1951 3552 τοιοῦ-

374 3584 500 3632 τος·
535 3571 731 3637 Πολλὰ,
765 3575 951 3646 φησὶν,
996 3571 1150 3630 εἷπον
1197 3580 1246 3632 ot
1281 3582 1563 3650 προφῆται
1606 3584 1871 3651 γίνεσθαι,
1912 3588 1950 3642 ἃ.

371 3658 529 3716 οῦπω
580 3665 972 3737 πεπλήρωνται
1022 3669 1223 3733 πάντα,
1283 3670 1396 3724 ἀλλ’
1448 3671 1529 3726 ἔτι
1583 3674 1822 3742 γίνονται
1855 3677 1952 3731 καὶ⁸

372 3755 690 3825 γενήσονται
740 3758 846 3823 ἕως
892 3760 993 3829 τῆς
1048 3763 1356 3823 συντελείας
1384 3764 1479 3817 τοῦ
1512 3765 1742 3836 κόσμου.
1791 3770 1948 3823 Ἀνα-

374 3847 506 3912 στάς
536 3849 628 3903 οῦν
659 3853 724 3906 ἐκ
770 3855 1003 3925 νεκρῶν,
1037 3855 1315 3926 ἀνελήφθη
1359 3858 1439 3921 είς
1487 3860 1614 3923 τοὺς
1661 3859 1946 3930 οὐρανοὺς,

371 3938 469 3991 καὶ
523 3939 672 4009 μένει
724 3943 844 3997 ἐκεῖ
889 3944 995 4005 ἕως
1040 3944 1140 4013 τῆς
1196 3943 1291 3998 τοῦ
1348 3948 1555 4016 κόσμου
1614 3952 1945 4014 συντελείας.

373 4049 394 4083 ι
448 4033 653 4101 Μωσῆς
706 4034 807 4103 μὲν
865 4037 996 4104 γάρ.
1043 4055 1065 4089 ι
1101 4037 1197 4101 T6,
1238 4056 1256 4088 ι
1294 4039 1367 4101 ὡς
1426 4040 1551 4109 ἐμὲ,
1601 4059 1619 4092 ι
1662 4041 1723 4095 τδ
1764 4043 1947 4113 σχῆμα

366 4119 469 4188 τῆς
497 4120 821 4189 νομοθεσίας
854 4123 1026 4194 δηλοῖ,
1072 4124 1131 4176 τὸ
1166 4124 1328 4193 μόνον
1361 4124 1661 4197 ἐκϐεϐηκὸς
1704 4131 1785 4193 είς
1816 4131 1949 4201 Χρι-

370 4208 517 4273 στὸν,
551 4209 647 4263 καὶ
673 4210 774 4263 οὐκ
805 4214 885 4275 είς
933 4214 1222 4284 προφήτην
1248 4214 1445 4285 ’ἑτερόν
1479 4235 1618 4274 τινα.
1672 4220 1946 4291 Πρόδηλον

365 4303 475 4370 γὰρ
505 4302 581 4367 ὡς
611 4304 698 4357 διὰ
719 4306 1003 4370 Μωῡσέως
1031 4310 1059 4360 6
1093 4308 1255 4378 νόμος
1285 4309 1469 4381 ἐδόθη,
1498 4310 1555 4364 ὃν
1587 4315 1680 4366 καὶ
1715 4318 1856 4370 κατὰ
1883 4316 1946 4369 τὸ

365 4395 789 4468 Δευτερονόμιον
836 4399 904 4451 ἐκ
954 4398 1103 4462 θείας
1157 4401 1441 4466 ἐπιπνοίας
1495 4404 1797 4459 ἐπλάτυνεο
1846 4408 1944 4462 καὶ

364 4488 657 4559 νομοθέτου
704 4489 861 4554 δόξαν
921 4491 1233 4563 ἐκαρποῦτο
1279 4498 1374 4548 καὶ
1419 4495 1610 4566 ὄνομα,
1649 4500 1941 4570 προτυπῶν

2056 3205 2150 3274 qui
2179 3207 2363 3259 omnia
2387 3205 2597 3261 Christi
2635 3227 2654 3260 ι
2681 3222 2852 3279 usque
2874 3210 2940 3265 ad
2964 3219 3209 3283 tempora
3233 3215 3625 3273 restitutionis:

2054 3296 2337 3366 prtelocuti
2385 3306 2533 3354 sunt.
2566 3298 2704 3356 lllud
2758 3312 2938 3357 autem
2976 3319 3152 3374 usque
3179 3306 3234 3360 in
3285 3322 3442 3362 saera
3477 3310 3631 3364 Scri-

2050 3393 2211 3455 ptura
2242 3386 2389 3442 haud
2428 3397 2644 3458 tempus
2677 3389 3101 3449 determinatam
3163 3396 3470 3464 signiﬁcat;
3532 3398 3627 3454 sc‘d

2054 3478 2158 3533 i5te
2189 3487 2274 3533 est
2300 3479 2401 3535 loci
2434 3481 2594 3536 istius
2624 3497 2857 3540 sensus:
2882 3484 3068 3551 Multa,
3104 3488 3314 3559 inquit,
3350 3491 3630 3561 prophetas

2052 3569 2425 3640 prwdimrunt
2454 3587 2577 3641 quae
2602 3587 2711 3627 non
2740 3576 2923 3629 omnia
2944 3577 3168 3646 impleta
3191 3589 3353 3644 sunt;
3379 3581 3476 3635 sed
3504 3598 3625 3649 qua:

2050 3661 2309 3716 eveniunt
2343 3671 2398 3716 et
2436 3664 2692 3719 evenient
2724 3680 2900 3733 usque
2937 3666 3007 3720 ad
3039 3668 3199 3724 tinem
3235 3673 3443 3728 mundi.
3486 3673 3623 3729 Cum

2051 3752 2195 3806 enim
2233 3754 2645 3820 resurrexisset,
2682 3754 2930 3810 ascendit
2957 3757 3010 3811 in
3041 3760 3259 3818 ctelum.
3297 3761 3477 3832 ibique
3507 3780 3621 3820 ma-

2050 3853 2145 3897 net
2189 3858 2366 3913 usque
2419 3844 2487 3899 ad
2537 3849 3062 3905 consummationem
3111 3854 3316 3908 saeculi.
3359 3874 3376 3908 ι
3411 3857 3622 3929 Moyses

2051 3934 2292 4003 quidem.
2332 3953 2350 3986 ι
2387 3934 2523 3991 Illud
2588 3955 2608 3989 ‹
2638 3944 2898 4010 tanquam
2954 3956 3040 3997 me
3071 3961 3088 3994 ι
3158 3947 3377 4001 modum
3415 3947 3622 4018 legisla-

2050 4024 2216 4080 tionis
2250 4025 2497 4094 denotat,
2551 4029 2643 4098 qui
2678 4030 2732 4084 in
2769 4031 2887 4086 solo
2935 4031 3156 4090 Christo
3191 4037 3369 4092 locum
3405 4039 3618 4106 habuit,

2051 4132 2157 4171 non
2193 4118 2248 4171 in
2290 4133 2618 4190 quocunque
2652 4122 2762 4177 alio
2791 4125 3077 4194 propheta.
3110 4125 3306 4183 Notum
3361 4140 3442 4185 est
3472 4135 3617 4187 enim

2052 4223 2149 4276 per
2195 4207 2417 4280 Moysen
2472 4210 2654 4265 datam
2681 4227 2805 4269 esse
2832 4214 3028 4284 legem,
3068 4231 3227 4287 quam
3261 4220 3424 4274 etiam
3464 4222 3617 4292 juxta

2050 4299 2536 4357 Deuterouomiutn
2586 4318 2651 4358 ex
2683 4305 2867 4359 divina
2902 4307 3263 4377 inspiratione
3298 4331 3316 4363 ι
3359 4317 3619 4385 οτριειιιιι-

2049 4394 2128 4449 vit
2145 4394 2214 4461 ",
2246 4413 2263 4446 ι
2285 4404 2337 4449 et
2354 4395 2682 4467 lcgislatoris
2696 4396 2926 4467 gloriam
2941 4415 3247 4473 nomenque
3260 4403 3495 4474 adeptus
3512 4420 3588 4462 ρει
3602 4452 3615 4469 ,

2048 4487 2384 4558 prxsigttzttts
2448 4505 2632 4545 verum
2689 4489 3083 4562 chislatorem
3138 4494 3462 4564 Christum,
3525 4506 3614 4570 qui

362 4579 454 4633 τὸν
493 4582 670 4653 ἀληθῆ
722 4582 1022 4652 νομοθέτην
1066 4585 1324 4652 Χριστὸν,
1376 4588 1467 4640 τὸν
1505 4590 1598 4641 καὶ
1639 4590 1730 4643 τὸν
1777 4590 1942 4659 νόμον

2057 4582 2205 4636 aliam
2233 4581 2405 4653 legem
2441 4583 2614 4653 ipsam
2648 4585 2901 4641 elocutus
2948 4593 3070 4642 est:
3112 4603 3206 4658 per
3242 4590 3419 4659 ipsum
3470 4595 3614 4648 enim

360 4672 690 4743 λαλήσαντα.
725 4676 804 4728 Δι’
833 4676 997 4730 αὑτοῦ
1045 4676 1155 4747 γὰρ
1192 4679 1286 4731 καὶ
1316 4680 1373 4732 ὲν
1420 4681 1569 4752 νόμῳ
1602 4683 1694 4736 καὶ
1722 4684 1779 4737 ὲν
1810 4702 1943 4755 προ-

363 4767 586 4835 φήταις.
626 4768 701 4832 ὡς
743 4769 832 4823 διὰ
874 4770 1006 4824 ίδίου
1047 4770 1220 4837 Λόγου
1264 4773 1587 4841 μονογενοῦς
1628 4776 1721 4828 καὶ
1750 4778 1942 4846 ὁμοθυ-

367 4855 485 4905 σίου
519 4857 616 4908 καὶ
644 4861 1013 4914 ὲνυποστάτου
1043 4858 1339 4930 λελάληκεν
1370 4865 1397 4914 6
1426 4862 1557 4925 Θεὸς
1583 4864 1677 4916 καὶ
1721 4864 1933 4937 Πατήρ.

374 4941 532 4998 Ἐπεὶ
554 4946 646 5000 οῦν
676 4951 733 5003 ὲν
764 4953 1004 5023 σχήματι
1026 4953 1318 5022 νομοθέτου
1348 4954 1508 5023 μόνος
1535 4956 1593 5008 ἐν
1623 4958 1934 5029 προφήταις

360 5036 393 5090 6
421 5038 684 5109 Μωῦσῆς,
717 5042 806 5095 διὰ
841 5044 1002 5097 τοῦτο
1030 5045 1127 5098 καὶ
1174 5045 1475 5115 μοναδικῶς
1504 5047 1639 5117 πρὸς
1677 5048 1765 5101 τὸν
1798 5051 1929 5122 Χρι-

310 5164 317 5173 ς
363 5130 490 5184 στὸν
524 5131 849 5189 ἀποϐλέπων
869 5135 1057 5204 ἐλεγευ
1096 5155 1117 5189 ι
1159 5140 1453 5208 Προφήτην
1480 5139 1606 5209 ὑμῖν
1637 5141 1931 5211 ἀναστήσει

358 5221 565 5293 Κύριος
611 5223 640 5276 6
693 5223 826 5289 Θεὸς
874 5228 1032 5296 ήμῶν
1085 5230 1150 5283 ὲκ
1185 5229 1296 5285 τῶν
1350 5231 1595 5299 ἀδελφῶν
1631 5229 1806 5301 ὑμῶν,
1855 5233 1931 5295 ὡς

357 5314 486 5383 ὲμέ.
526 5334 546 5365 ι
594 5315 709 5369 Καὶ
739 5316 848 5387 γὰρ
882 5316 1073 5388 ὥσπερ
1100 5320 1261 5382 αὐτὸς
1293 5319 1392 5391 τὴν
1416 5323 1645 5391 νομικὴν
1668 5322 1931 5395 εἰσήγαγε

358 5405 657 5473 πολιτείαν,
702 5407 843 5461 οὕτω
882 5408 979 5461 καὶ
1024 5411 1053 5462 6
1101 5410 1339 5479 Χριστὸς
1395 5413 1495 5480 τὴν
1541 5413 1922 5485 εὐαγγελικὴν,

355 5499 499 5553 κατὰ
527 5498 590 5551 τὸ
614 5499 713 5569 τῆς
739 5498 1024 5563 κενώσεως
1074 5501 1291 5571 μέτρον,
1329 5504 1555 5574 μεσίτης
1583 5504 1683 5574 τῆς
1718 5506 1928 5575 Καινῆς

354 5591 627 5663 Διαοήκης
653 5591 857 5662 καὶτῆς
879 5610 896 5643 t
920 5592 978 5646 ἐν
1003 5590 1311 5663 πνεύματι)
1342 5592 1594 5665 λατρείας
1617 5596 1923 5668 γενόμενος.

435 5770 478 5799 ³³
516 5769 666 5825 Deut.
702 5788 737 5837 ι,
897 5769 935 5801 ³³
969 5768 1122 5826 Joan.
1189 5784 1261 5837 tv,
1298 5770 1383 5826 l5.

2044 4682 2303 4745 tanquam
2364 4692 2462 4744 per
2506 4674 2741 4732 Verbum
2803 4681 3106 4750 proprium,
3162 4685 3502 4753 unigenitum
3561 4698 3614 4742 ct

2042 4768 2511 4822 eonsubstantiale
2538 4775 2592 4822 et
2629 4768 2681 4822 in
2707 4770 2889 4841 seipse
2925 4771 3251 4840 subsistens,
3280 4786 3392 4830 tum
3423 4777 3476 4831 in
3500 4780 3613 4848 It'gt:

2044 4866 2157 4911 tum
2198 4858 2253 4912 in
2287 4859 2569 4928 prepltetis
2595 4862 2813 4916 loeutus
2847 4869 2931 4917 est
2966 4862 3109 4920 Deus
3130 4864 3312 4923 Pater.
3340 4867 3610 4934 Quoniam

2038 4948 2204 5018 igitur
2241 4949 2381 5003 inter
2403 4950 2705 5020 prophetas
2729 4954 2925 5010 unicus
2950 4954 3225 5026 legislalor
3252 4959 3350 5013 fuit
3370 4954 3609 5031 Moyses,

2039 5040 2246 5095 ideirco
2290 5040 2357 5094 ad
2392 5042 2676 5096 Christum
2735 5046 3030 5114 respiciens
3083 5064 3311 5104 numero
3344 5050 3608 5120 singulari

2038 5134 2106 5189 de
2129 5149 2211 5197 se,
2241 5132 2457 5189 dicebat
2491 5151 2506 5188 :
2554 5154 2572 5187 ι
2607 5134 2933 5206 Prophetam
2997 5143 3289 5197 suseitabit
3320 5144 3472 5197 vobis
3502 5142 3607 5197 Do-

2041 5228 2221 5283 minus
2264 5227 2406 5284 Deus
2449 5237 2630 5284 vester
2676 5231 2743 5286 de
2790 5231 3055 5289 fratribus
3085 5236 3307 5297 vestris.
3347 5246 3606 5305 tauquam

2039 5335 2147 5376 me.
2182 5339 2201 5372 ι
2236 5321 2450 5376 Etenim
2478 5322 2941 5393 quemadmodum
2972 5327 3061 5380 ille
3095 5327 3265 5395 legale
3305 5326 3609 5382 introduxit

2037 5411 2374 5477 institutum,
2438 5413 2511 5466 ita
2564 5424 2617 5468 et
2671 5415 2925 5472 Christus
2977 5416 3349 5487 evangelicum
3383 5461 3396 5481 ,
3449 5420 3607 5487 juxta

2036 5505 2410 5560 evacuationis
2468 5521 2820 5572 mensuram,
2865 5509 3129 5562 mediator
3162 5508 3338 5565 factus
3376 5521 3429 5564 et
3469 5512 3605 5566 Noti

2040 5591 2379 5650 Testamenti
2435 5603 2483 5650 et
2540 5594 2631 5650 Dei
2694 5596 2875 5652 cultus
2916 5616 2934 5649 ι
2981 5598 3036 5653 in
3091 5600 3290 5670 spiritu
3313 5601 3379 5658 "'.
3421 5621 3440 5655 ι
3485 5603 3607 5670 Qua
