4088 6206
409 299 518 366 885

1007 409 1404 469 ἙΡΜΗΝΕΙΔ.

487 500 654 554 Πάλιν
675 499 1026 570 δικαστηρίου
1053 501 1294 572 σχήματι
1321 503 1382 556 τὸ
1412 506 1644 575 πρᾶγμα
1680 506 1699 574 (
1709 504 1790 573 15)
1825 521 1982 576 περι-

413 591 678 654 τιθέασιν,
710 591 795 643 ἴνα
833 591 1163 655 ὑπευθύνους
1189 595 1384 658 αὐτοὺς
1415 599 1478 666 τῇ
1507 597 1676 667 ἀδίκῳ
1711 599 1984 669 καταστή-

417 699 550 735 σωσι
580 683 784 752 κρίσει.
854 683 1131 754 Ἐνόμιζον
1174 689 1302 757 γὰρ,
1351 689 1439 742 διὰ
1481 688 1542 742 τὸ
1575 689 1775 761 πλῆθος
1810 692 1982 761 φοϐη-

416 773 608 838 θέντας
649 775 867 839 αὐτοῦς,
903 775 1162 847 ἐξάρνους
1202 779 1480 847 γενέσθαι,
1520 782 1613 836 καὶ
1651 782 1712 835 τὸ
1755 784 1863 837 πᾶν
1895 783 1983 838 διὰ

413 865 574 918 τοῦτο
604 867 1010 936 προσδοκῶντες
1043 871 1486 941 κατωρθωκέναι.
1537 873 1601 925 Τί
1649 870 1741 928 οῦν
1780 893 1980 944 φασινς

421 975 441 1007 ι
491 956 580 1011 Ἐν
621 958 756 1029 ποίῳ
808 959 1031 1029 ὀνόματι
1072 961 1362 1032 ἐποιήσατε
1391 963 1548 1018 τοῦτο
1592 965 1785 1036 ὐμεῖς;
1821 987 1840 1018 ι
1873 968 1982 1022 Καὶ

411 1047 474 1100 οὐ
503 1047 720 1117 λέγουσι
759 1053 931 1117 ποῖον,
960 1051 1096 1106 ἀλλὰ
1145 1055 1508 1123 ὲνσκιάζουσι,
1544 1060 1618 1130 μὴ
1664 1058 1980 1129 βουλόμενοι

411 1138 569 1193 τοῦτο
625 1142 819 1210 εἶπεῖν,
871 1145 1072 1216 καίπερ
1119 1147 1339 1212 είδότες,
1387 1149 1476 1204 διὰ
1518 1150 1612 1206 τὸν
1653 1151 1798 1206 λαόν.
1847 1154 1979 1208 Τότε

413 1231 621 1300 Πέτρος
677 1233 940 1303 μνησθεὶς
989 1236 1099 1290 τῶν
1130 1237 1224 1291 τοῦ
1266 1239 1472 1310 Κυρίου
1514 1241 1686 1309 λόγων
1740 1237 1816 1298 ὧν
1845 1247 1980 1314 πρὸς

411 1320 611 1384 αὐτοὺς
640 1323 876 1376 ἐποιεῖτο
929 1325 1102 1394 λέγων
1126 1342 1141 1356 ⁶
1211 1346 1230 1380 ι
1270 1329 1437 1384 Ὅταν
1480 1331 1534 1383 δὲ
1589 1331 1794 1400 ἄγωσιν
1835 1334 1980 1404 ὑμᾶς

412 1414 494 1475 εἰς
515 1412 614 1476 τὰς
641 1414 997 1486 Συναγωγᾶς,
1036 1419 1111 1490 μὴ
1153 1423 1528 1494 μεριμνήσητε
1554 1425 1690 1488 πῶς,
1732 1426 1763 1496 ἢ
1794 1427 1846 1479 τί
1879 1426 1976 1480 λα-

411 1505 606 1573 λήσετε
632 1524 646 1538 ο
683 1507 742 1560 τὸ
781 1509 892 1580 γὰρ
946 1511 1172 1582 Πνεῦμα
1209 1513 1303 1567 τοῦ
1341 1515 1552 1586 Πατρὸς
1587 1517 1742 1586 ὑμῶν
1775 1521 1891 1572 ἐστι
1919 1522 1980 1571 τὸ

410 1597 606 1652 λαλοῦν
673 1601 730 1653 ἐν
797 1602 962 1672 ὑμῖν·
1031 1624 1050 1658 ι
1117 1605 1380 1677 πλησθεὶς
1442 1609 1758 1678 Πνεύματος
1821 1612 1976 1679 ἁγίου

409 1685 531 1742 εἷπε
579 1692 713 1762 πρὸς
755 1694 987 1758 αὐτούς·
1033 1698 1283 1753 Μάλιστα
1331 1700 1429 1769 μὲν
1479 1701 1645 1770 ἐχρῆν
1679 1704 1976 1771 στεφανοῦ-

412 1779 537 1834 σθαι
565 1783 710 1851 ἡμᾶς
737 1785 829 1838 ἐπὶ
858 1785 1087 1852 τούτοις,
1125 1789 1219 1840 καὶ
1249 1788 1324 1850 ὡς
1353 1790 1644 1858 εὐεργέτας
1667 1793 1974 1862 ἀνακηρύτ-

409 1869 618 1924 τεσθαι.
670 1870 822 1926 Ἐπεὶ
855 1874 909 1926 δὲ
933 1876 1026 1928 καὶ
1059 1893 1076 1926 t
1111 1877 1413 1946 κρινόμεθα
1448 1879 1536 1933 ἐπ’
1564 1881 1853 1954 εὐεργεσίᾳ
1883 1889 1976 1938 ἁν-

404 1958 628 2027 θρώπου
653 1961 934 2026 ἀσθενοῦς,
971 1981 989 2014 ι
1025 1965 1078 2017 τί
1115 1965 1196 2020 δεῖ
1228 1973 1432 2036 ποιεῖν;
1474 1969 1570 2024 νῦν
1607 1974 1800 2045 καιρός
1829 1977 1974 2029 ἐστιν

408 2048 811 2121 ἀνακηρῦττειν
840 2055 929 2110 τὸν
959 2057 1288 2129 Εὐεργέτην.

988 2147 1376 2203 ΚΕΙΜΕΝΟΝ.

476 2225 648 2295 Οὗτός
673 2233 820 2288 ἐστιν
850 2238 878 2290 ὁ
907 2236 1052 2302 λίθος
1079 2243 1106 2294 ὁ
1148 2239 1526 2308 ὲξουδενωθεὶς
1557 2247 1648 2316 ὑφ’
1683 2249 1836 2320 ὐμῶν
1863 2251 1972 2305 τῶν

404 2320 853 2392 οίκοδομούντων,
910 2328 938 2380 δ
985 2331 1276 2402 γενόμενος
1328 2335 1409 2397 είς
1449 2337 1690 2406 κεφαλὴν
1734 2341 1969 2406 γωνίαςο

409 2413 506 2464 καὶ
536 2415 636 2468 οὐκ
669 2416 818 2470 ἐστιν
865 2420 920 2472 ἐν
973 2421 1118 2492 ἄλλῳ
1163 2423 1338 2478 οὐδενὶ
1385 2429 1648 2497 σωτηρία.
1696 2429 1834 2484 Οὔτε
1866 2435 1974 2504 γὰρ

404 2503 575 2573 ὄνομά
601 2508 749 2562 ἐστιν
782 2510 968 2580 ἕτερον
993 2512 1054 2566 τὸ
1083 2513 1365 2586 δεδομένον
1394 2520 1453 2571 ἐν
1490 2519 1817 2591 ἀνθρώποις,
1843 2524 1900 2576 ὲν

400 2593 485 2648 δεῖ
511 2598 746 2671 σωθῆναι
777 2605 942 2674 ἡμᾶς.

1009 2701 1392 2759 EPMHNEIA.

487 2784 922 2861 ’Λναμιμνήσκει
965 2793 1162 2858 αὐτοὺς
1209 2798 1452 2868 ῥήματος
1498 2800 1684 2854 ἱκανοῦ
1732 2802 1972 2872 φοϐῆσαι

405 2876 624 2942 αὐτούς.
668 2899 688 2933 ι
741 2884 850 2937 Καὶ
895 2887 922 2938 ὀ
963 2888 1144 2940 πεσὼν
1172 2889 1299 2960 γὰρ,
1341 2893 1527 2960 φησὶν,
1573 2894 1667 2947 ἐπὶ
1699 2895 1791 2949 τὸν
1827 2897 1972 2951 λίθον

403 2967 613 3037 τοῦτον,
645 2971 1103 3044 συνθλασθήσεται
1123 2994 1136 3008 ο
1171 2980 1255 3048 ἐφ’
1284 2979 1343 3035 ὃν
1369 2981 1412 3034 δ’
1437 2982 1505 3036 ἂν
1533 2985 1692 3058 πέσῃ,
1715 2986 1972 3057 λικμήσει

1092 303 1626 366 EXPOSITIONIS
1657 304 1738 366 IN
1781 304 1965 365 ACTA
1999 307 2298 371 TEXTUS
2344 307 2706 373 ALTERC—
2729 315 2883 376 CAP.
2931 317 3029 377 IV.

2007 415 2057 471 Δ

2571 422 3138 480 COMMENTARIUS.

2155 511 2356 566 Judicii
2394 511 2625 567 formam
2653 516 2870 584 negotio
2904 516 2993 570 isti
3025 528 3326 596 apponunt,
3353 531 3408 574 ut
3443 524 3649 593 injusto

2085 621 2180 660 eos
2259 605 2470 676 judicio
2538 607 2804 661 obnoxios
2869 606 3089 665 faciant.
3137 607 3440 679 Sperabant
3507 618 3660 670 enim

2086 699 2368 767 apostolos
2431 699 2784 754 multitudine
2831 701 3055 756 territos
3095 702 3294 757 factum
3340 716 3652 776 negaturos.

2085 791 2274 859 sicque
2323 805 2444 844 sese
2489 805 2604 844 rem
2663 805 2876 845 omnem
2907 793 3295 849 cmendaturos
3336 795 3471 852 fore.
3512 799 3653 864 Quid

2086 883 2250 950 igitur
2273 881 2572 952 inquiunt?
2595 903 2614 935 ι
2638 883 2693 938 ln
2719 899 2829 954 quo
2857 887 3080 940 nomine
3112 887 3322 943 fecistis
3346 892 3446 944 hoc
3479 893 3645 946 vos?»

2085 968 2294 1042 Neque,
2347 988 2453 1042 qua
2485 975 2552 1029 de
2597 990 2657 1030 re
2705 975 3021 1044 loquantur,
3055 979 3398 1047 exprimunt;
3431 983 3524 1036 sed
3561 999 3656 1037 oc-

2085 1068 2295 1121 cultant
2350 1069 2498 1136 quod
2533 1069 2730 1133 nolint,
2791 1086 3106 1140 quanquam
3155 1073 3204 1128 id
3249 1075 3416 1144 probe
3454 1078 3654 1144 sciant,

2082 1157 2285 1224 dicere,
2309 1168 2534 1229 prOpter
2566 1162 2846 1230 populum.
2868 1162 3022 1218 Tunc
3050 1165 3265 1231 Petrus,
3301 1181 3509 1221 memor
3530 1186 3648 1223 ver-

2084 1250 2276 1304 borum
2325 1267 2444 1319 qua:
2471 1251 2607 1319 ipsis
2631 1252 2770 1306 dixit
2807 1253 3102 1321 Dominus,
3136 1273 3330 1328 nempe
3353 1259 3398 1290 ³⁸
3425 1277 3438 1313 :
3471 1280 3490 1311 ι
3519 1262 3652 1316 Cum

2082 1343 2300 1396 tradent
2321 1358 2420 1397 vos
2449 1343 2505 1397 in
2529 1347 2844 1415 synagogis,
2872 1347 3040 1403 nolite
3062 1349 3324 1418 cogitare,
3353 1353 3650 1420 quomodo,

2081 1442 2176 1488 aut
2210 1434 2344 1504 quid
2385 1435 2762 1504 quuamini...
2815 1437 3054 1507 Spiritus
3083 1441 3226 1494 enim
3268 1441 3447 1499 Patris
3487 1447 3651 1500 vestri

2079 1525 2278 1596 estqui
2306 1525 2549 1595 loquitur
2597 1527 2650 1581 in
2698 1529 2876 1593 vobis,
2901 1548 2918 1580 ι
2949 1539 3111 1601 atque
3161 1533 3398 1601 repletus
3433 1535 3647 1604 Spiritu

2080 1627 2269 1672 sancto
2315 1617 2453 1671 dixit
2482 1619 2548 1673 ad
2592 1633 2688 1674 eos
2720 1638 2732 1673 :
2763 1619 3059 1676 Maximum
3123 1625 3311 1692 utique
3343 1627 3504 1681 hodie
3543 1643 3642 1682 nos

2081 1709 2361 1776 prtemium
2392 1708 2615 1775 referre,
2650 1711 2718 1764 ob
2739 1726 2803 1765 ea
2831 1727 2950 1781 qua:
2981 1711 3245 1778 fecimus,
3279 1731 3342 1770 ac
3382 1725 3643 1786 tanquam

2080 1801 2455 1856 benefactores
2489 1803 2798 1872 praedicari,
2851 1801 3101 1859 decebat.
3162 1805 3432 1872 Quoniam
3471 1819 3650 1865 autem

2082 1890 2501 1959 t‘dijudicatnur
2533 1893 2588 1947 in
2621 1892 2906 1949 benefacta
2938 1894 3176 1952 hominis
3206 1897 3431 1966 inﬁrmi,
3459 1905 3495 1953 ἰ
3521 1902 3649 1971 quid

2075 1987 2292 2048 oportet
2335 1979 2560 2037 facere?
2585 1997 2734 2037 nunc
2769 1993 2987 2054 tempus
3025 1996 3397 2058 opportunum
3431 1998 3518 2047 est
3552 1993 3650 2047 de-

2076 2071 2363 2128 nuntiandi
2401 2072 2836 2131 Benel‘actorem.

2711 2163 3017 2220 TEXTUS.

2147 2254 2238 2318 IV,
2276 2254 2364 2320 ll,
2403 2254 2492 2308 12.
2528 2253 2626 2310 llic
2649 2263 2732 2310 est
2770 2256 2910 2324 lapis
2940 2295 2955 2319 ,
2990 2256 3081 2326 qui
3123 2258 3447 2327 reprobatus
3495 2271 3576 2315 est
3618 2278 3650 2316 a

2074 2346 2231 2400 vobis
2280 2345 2700 2410 aediﬁcantibus,
2730 2347 2823 2418 qui
2849 2345 3027 2403 factus
3050 2354 3136 2403 est
3167 2348 3220 2402 in
3242 2359 3408 2420 caput
3435 2350 3642 2420 anguli.

2075 2435 2143 2489 Et
2174 2451 2282 2490 non
2335 2437 2499 2491 estin
2530 2437 2716 2508 aliquo
2764 2438 2871 2493 alio
2932 2439 3104 2495 salus.
3141 2437 3252 2494 Nec
3305 2440 3451 2496 enim
3501 2443 3647 2496 aliud

2075 2541 2272 2581 nomen
2333 2535 2416 2582 est
2471 2527 2576 2582 sub
2617 2529 2757 2583 cmlo
2813 2528 3000 2584 datum
3068 2529 3405 2598 hominibus,
3450 2530 3643 2603 inquo

2074 2626 2319 2688 oporteat
2367 2636 2467 2676 nos
2504 2621 2686 2676 salvos
2707 2621 2844 2676 ﬁeri.

2567 2709 3140 2768 COMMENTARIUS.

2144 2798 2202 2853 ln
2229 2801 2544 2855 memoriam
2581 2810 2803 2856 revocat
2825 2801 3034 2857 dictum
3067 2803 3203 2857 illud
3234 2803 3378 2873 quod
3415 2818 3509 2859 eos
3538 2814 3648 2858 ter-

2075 2906 2197 2946 rere
2235 2891 2381 2961 juste
2412 2900 2627 2962 poterat
2658 2911 2672 2947 :
2704 2911 2723 2946 ι
2755 2893 2820 2948 Ει
2858 2894 2953 2964 qui
3011 2895 3275 2951 ceciderit
3310 2911 3477 2966 super
3506 2896 3648 2965 lapiv

2075 2982 2196 3038 dem
2219 2984 2387 3037 istum
2421 2985 2799 3054 confringetur
2833 3003 2846 3039 :
2885 3001 3052 3055 super
3087 3001 3251 3058 quem
3280 3002 3410 3042 vero
3433 2987 3648 3042 cecide-

402 3059 588 3115 αὐτόν.
627 3080 646 3114 ι
704 3064 1012 3132 Τουτέστιν,
1052 3069 1130 3122 ὅτι
1157 3071 1370 3142 Σφόδρα
1420 3073 1642 3145 δόκιμός
1682 3078 1820 3142 ἐστι,
1869 3079 1972 3132 κᾶν

2080 3075 2171 3140 rit,
2197 3085 2444 3132 conteret
2472 3079 2678 3133 eum".
2707 3097 2725 3130 ι
2752 3080 2869 3133 Hoc
2904 3087 3010 3143 est,
3043 3079 3198 3134 valde
3238 3080 3500 3148 probatus
3539 3090 3644 3144 est,

401 3149 564 3218 ὑμεῖς
607 3152 809 3208 δοκεῖτε
846 3158 936 3225 ὑφ’
983 3159 1138 3226 ὑμῶν
1176 3161 1572 3226 ἐξουθενεῖσθαι
1597 3183 1610 3196 ·
1648 3167 1973 3238 βουλόμενος

406 3244 500 3295 καὶ
531 3244 764 3315 φοϐῆσαι
812 3249 1027 3316 αὐτοὺς,
1063 3251 1148 3306 ἵνα
1192 3253 1294 3307 κᾶν
1338 3254 1509 3320 οὕτως
1543 3259 1831 3332 ἀναγκάσῃ
1870 3261 1970 3315 αὐ·-

403 3350 526 3398 τους
549 3353 854 3393 πιστευσαι.

998 3434 1250 3493 ΚΕΦΑΛ.
1294 3441 1372 3496 E'.

828 3524 906 3595 Τῇ
941 3526 982 3578 δ’
1009 3526 1110 3597 τῆς
1142 3527 1188 3599 β’
1219 3531 1515 3602 ἑϐδομάδος

405 3608 545 3678 Περὶ
578 3611 696 3666 τῶν
732 3616 1050 3685 ἀρχιερέων
1089 3619 1630 3698 [προσταττόντων]
1658 3628 1739 3694 ὠς
1771 3630 1844 3682 οὐ
1881 3629 1978 3684 δεῖ

470 3705 976 3773 παρῤησιὰζεσθαι
1022 3712 1122 3766 ἐπὶ
1154 3713 1235 3780 τῷ
1265 3716 1511 3786 ὀνόματι
1541 3719 1648 3775 τοῦ
1671 3723 1931 3792 Χριστοῦ
1949 3740 1967 3759 ⁶

471 3793 570 3849 καί
595 3795 859 3867 ἀνέσεως
892 3801 1012 3856 τῶν
1041 3804 1420 3862 ἀποστόλων.

992 3894 1377 3952 ΚΕΙΜΕΝΟΝ.

477 3978 823 4048 Θεωροῦντες
855 3983 911 4034 δὲ
964 3983 1062 4053 τὴν
1096 3985 1190 4038 τοῦ
1246 3987 1452 4058 Πέτρου
1503 3993 1836 4063 παρρησίαν,
1875 3997 1978 4049 καὶ·

415 4067 688 4136 Ἰωάννου,
724 4073 815 4124 καὶ
843 4072 1273 4144 καταλαϐόμενοι
1309 4077 1390 4131 ὅτι
1421 4080 1701 4148 ἄνθρωποι
1748 4085 1968 4155 ἀγράμ-

2075 3181 2390 3236 quanquam
2431 3183 2462 3220 a
2502 3167 2653 3223 vobis
2699 3170 2978 3238 reprobari
3030 3170 3300 3224 videatur.
3337 3169 3459 3225 Vult
3497 3172 3646 3226 scili-

2073 3266 2161 3311 cet
2189 3271 2286 3311 eos
2325 3257 2781 3326 perterrefaccre,
2813 3267 2873 3312 ut
2913 3258 2996 3314 vel
3025 3258 3106 3315 sic
3140 3260 3207 3314 ad
3247 3258 3404 3314 tidem
3444 3261 3650 3330 ample-

2073 3350 2328 3405 ctendam
2368 3351 2747 3420 compelleret.

2596 3441 2755 3510 211
2790 3441 3018 3497 CAPUT
3042 3441 3108 3496 v.

2318 3530 2474 3586 Feria
2505 3543 2702 3601 quarta
2737 3532 3091 3588 hebdomadae
3116 3535 3395 3589 secunde.

2075 3626 2151 3680 De
2181 3624 2500 3696 pontificum
2533 3623 2761 3685 decreto,
2793 3638 2854 3675 ne
2908 3624 3153 3692 cuiquam
3209 3623 3390 3679 liceret
3441 3625 3505 3679 de
3556 3643 3648 3680 uo-

2145 3718 2288 3771 mine
2323 3714 2452 3769 lesu
2483 3714 2666 3782 palam
2701 3711 2843 3782 loqui
2874 3727 2894 3767 :
2919 3722 2967 3768 et
2999 3713 3062 3768 de
3100 3714 3408 3771 dimissione
3439 3727 3648 3787 aposto-

2147 3811 2340 3865 lorum.

2722 3897 3022 3956 TEXTUS.

2143 3991 2237 4061 IV,
2263 3991 2455 4047 13-22.
2486 3991 2751 4048 Videntes
2800 3999 2980 4047 autem
3036 3993 3176 4048 Petri
3205 3995 3568 4050 constantiam
3595 4006 3648 4049 et

2069 4085 2326 4152 Joannis,
2354 4094 2634 4156 comperto
2658 4085 2801 4154 quod
2829 4084 3079 4142 homines
3108 4098 3291 4142 essent
3309 4088 3428 4142 sine
3453 4088 3648 4144 litteris

410 4161 570 4229 ματοί
595 4163 701 4214 είσι
740 4165 832 4216 καὶ
875 4163 1106 4229 ἰδιῶται,
1138 4166 1446 4239 ἐθαύμαζον
1470 4188 1482 4200 '
1517 4175 1884 4242 ἐπεγίνωσκόν
1908 4197 1967 4232 τε

2080 4189 2124 4232 ct
2159 4178 2361 4243 idiotas,
2390 4177 2806 4232 admirabantur
2830 4185 2883 4231 et
2930 4178 3334 4246 cognoscebant
3366 4194 3482 4243 eos,
3513 4195 3648 4248 quo-

408 4253 628 4319 αὐτοὺς,
654 4256 734 4308 ὅτι
769 4257 865 4311 σὺν
896 4258 972 4326 τῷ
1003 4258 1179 4330 Ἰησοῦ
1228 4257 1390 4332 ἦσαν.
1433 4265 1537 4317 Τόν
1587 4284 1645 4320 τε
1681 4269 1969 4340 ἄνθρωπον

2074 4269 2220 4323 niam
2261 4283 2387 4324 cum
2419 4268 2550 4324 Jesu
2579 4268 2816 4323 fuerant.
2844 4267 3130 4322 Hominem
3159 4285 3376 4340 quoque
3398 4270 3647 4325 videntes

404 4343 694 4413 βλέποντες
723 4349 819 4401 σὺν
868 4349 1051 4414 αὐτοῖς
1097 4354 1305 4407 ἑστῶτα
1352 4354 1444 4408 τὸν
1475 4358 1964 4432 τεθεραπευμένον,

2080 4369 2315 4416 stantem
2345 4374 2470 4418 cum
2500 4359 2580 4415 eis
2625 4359 2717 4429 qui
2749 4369 2975 4414 curatus
3006 4359 3206 4427 fuerat,
3233 4361 3365 4416 nihil
3395 4371 3649 4432 poterant

403 4437 557 4490 οὐδὲν
587 4434 732 4508 εῐχον
791 4441 1086 4497 ἀντειπεῖν.
1112 4446 1485 4513 Κελεύσαντες
1533 4451 1590 4504 δὲ
1633 4453 1833 4518 αὐτοὺς
1866 4455 1971 4520 ἔξω

407 4527 502 4579 τοῦ
536 4529 812 4599 συνεδρίου
851 4532 1127 4600 ἀπελθεῖν,
1173 4537 1463 4591 συνέϐαλον
1511 4541 1647 4610 πρὸς
1685 4543 1971 4614 ἀλλήλους,

405 4617 695 4686 λέγοντεςο
746 4620 811 4673 Τί
857 4624 1159 4693 ποιήσομεν
1216 4631 1328 4691 τοῖς
1385 4630 1691 4703 ἀνθρώποις
1727 4637 1970 4705 τούτοις;

410 4711 534 4763 ’Ότι
571 4714 672 4782 μὲν
707 4715 949 4782 γνωστὸν
992 4721 1216 4787 σημεῖον
1251 4720 1440 4790 γέγονε
1491 4725 1560 4778 δι’
1605 4727 1803 4792 αὐτῶν,
1838 4735 1972 4787 πᾶσι

407 4804 520 4865 τοῖς
550 4807 897 4861 κατοικοῦσιν
933 4809 1296 4882 Ἰερουσαλὴμ
1316 4815 1570 4885 φανερὸν,
1603 4819 1699 4871 καὶ
1725 4819 1786 4872 οὐ
1815 4821 1972 4877 δυνά-

413 4892 559 4958 μεθα
591 4895 950 4965 ἀρνήσασθαι.
998 4899 1138 4954 Ἀλλ’
1174 4901 1262 4957 ἵνα
1302 4906 1379 4975 μὴ
1429 4906 1522 4958 ἐπὶ
1571 4909 1757 4964 πλεῖον
1799 4912 1974 4968 διανεο

414 4980 562 5074 Non
607 4987 686 5048 εἰς
735 4987 825 5040 τὸν
851 4989 1001 5055 λαὸν,
1045 4993 1242 5066 ἀπειλῇ
1291 4996 1722 5071 ἀπειλησώμεθα
1769 5003 1972 5074 αὐτοῖς,

414 5072 620 5168 μηκέτι
652 5074 834 5168 λαλεῖν
859 5081 954 5134 ἐπὶ
977 5083 1054 5154 τῷ
1084 5085 1310 5156 ὀνόματι
1344 5089 1522 5162 τούτῳ
1552 5094 1739 5163 μηδενὶ
1759 5072 1974 5168 ἀνθρώ-ζ

409 5180 549 5216 πων.
579 5165 690 5218 Καὶ
740 5169 1069 5238 καλέσαντες
1102 5177 1323 5244 αὐτοὺς,
1370 5183 1746 5251 παρήγγειλαν
1790 5165 1976 5253 αὐτοῖς

407 5256 471 5308 τὸ
510 5256 742 5312 καθόλου
782 5261 860 5331 μὴ
890 5263 1246 5336 φθέγγεσθαι,
1278 5271 1413 5340 μηδὲ
1453 5272 1724 5331 διδάσκειν
1767 5279 1858 5332 ἐπὶ
1898 5281 1976 5352 τῷ

478 5398 526 5429 ²⁶
546 5397 735 5456 Matth.
761 5416 818 5466 ι.
842 5402 1026 5468 18,19.
1102 5407 1148 5440 ⁸⁷
1171 5409 1367 5466 Matth.
1411 5429 1521 5478 XXI,
1552 5416 1641 5470 44.

2080 4453 2482 4509 contradicere.
2544 4450 2838 4506 Iusserunt
2897 4459 3078 4505 autem
3141 4467 3237 4506 eos
3292 4451 3443 4508 foras
3495 4463 3647 4508 extra

2080 4543 2372 4599 concilium
2428 4541 2731 4597 secedere:
2767 4549 2820 4596 ct
2874 4541 3228 4597 conferebant
3268 4543 3335 4596 ad
3393 4543 3645 4607 invicem,

2080 4637 2358 4692 dicentes:
2389 4633 2530 4700 Quid
2565 4632 2829 4689 faciemus
2860 4633 3173 4690 hominibus
3199 4634 3321 4690 istis
3344 4635 3368 4689 ?
3388 4637 3646 4705 quoniam

2081 4728 2300 4798 quidem
2337 4733 2524 4779 notum
2559 4725 2774 4794 signum
2809 4725 3012 4778 factum
3045 4733 3126 4779 cst
3150 4740 3246 4794 per
3266 4741 3362 4780 eos
3393 4727 3650 4782 omnibus

2080 4817 2453 4876 habitantibus
2503 4813 2830 4881 Jerusalem,
2895 4815 3246 4871 manifestum
3297 4831 3381 4874 est
3424 4829 3478 4874 et
3538 4835 3647 4873 non

2083 4925 2374 4983 possumus
2398 4923 2618 4979 negare.
2642 4907 2751 4963 Sed
2778 4921 2848 4962 ne
2873 4908 3106 4977 amplius
3136 4910 3441 4981 divulgetur
3465 4911 3518 4964 in
3553 4926 3650 4980 po-

2082 5003 2290 5074 pulum,
2343 5000 2746 5056 comminemur
2790 4997 2894 5062 eis,
2943 5013 3012 5051 ne
3055 4999 3197 5053 ultra
3246 5001 3541 5070 loquantur
3593 5000 3647 5052 itt

2086 5096 2311 5152 nomine
2347 5095 2447 5148 hoc
2484 5093 2577 5147 ulli
2625 5092 2932 5147 hominum.
2979 5094 3048 5148 Et
3109 5105 3370 5149 vocantes
3396 5108 3514 5157 eos,
3550 5091 3648 5146 de-

2085 5189 2498 5249 nuntiaverunt,
2554 5199 2622 5239 ne
2665 5184 2890 5239 omnino
2931 5183 3306 5255 loquerentur,
3346 5198 3520 5254 neque
3546 5182 3648 5238 do-

2085 5287 2274 5337 cerent
2329 5279 2381 5332 in
2433 5276 2653 5332 nomine
2697 5273 2847 5333 Jcsu.
2890 5275 3087 5334 Petrus
3135 5291 3264 5332 vero
3297 5285 3352 5332 et
3406 5274 3650 5334 Joannes

1593 5550 1790 5612 Varia:
1836 5553 2022 5616 lectio
2050 5571 2142 5613 res
2184 5559 2244 5612 et
2291 5559 2482 5612 notae.

484 5629 750 5722 ςιιξόλίηυιι
778 5637 993 5706 dubito,
1043 5640 1130 5696 hic
1179 5642 1488 5715 legendum,
1528 5654 1582 5700 ut
1617 5648 1773 5704 habet
1815 5653 1975 5722 Chrys

2080 5667 2258 5716 emus,
2329 5646 2682 5715 δικαστηρίου
2734 5645 2914 5715 σχῆμα
2991 5645 3069 5717 τῷ
3130 5645 3412 5718 πράγματι
3495 5666 3651 5722 περι-

406 5699 666 5759 τιθέασιν.
