4088 6206
471 276 578 341 887

1396 270 1598 330 TilEO
1609 269 1986 329 PHYLACTI
2016 268 2211 329 ΒωΑᾶ
2224 268 2352 327 Mil
2366 268 2428 327 (Ε
2468 268 2670 329 AltCH
2683 269 2829 331 [ΕΡ.

3611 270 3719 330 833

474 391 893 463 rcspbndentes,
940 386 1198 442 dixerunt
1240 383 1310 438 ad
1349 398 1486 438 eos:
1519 380 1578 436 Si
1620 383 1831 449 justum
1870 391 1955 435 est
1999 382 2052 436 in

2159 384 2380 452 ὀνόματι
2409 384 2501 436 τοῦ
2550 383 2746 452 Ἰησοῦ.
2778 382 2836 434 Ὀ
2874 381 2930 435 δὲ
2962 379 3162 451 Πέτρος
3192 382 3283 434 καὶ
3307 380 3562 449 Ἰωςὶννης
3596 384 3732 435 ἀπο-

471 492 770 554 conspectn
824 478 920 534 Dei
974 493 1071 533 vos
1141 476 1322 546 potius
1386 474 1579 528 audire
1629 488 1794 542 quam
1856 473 2048 537 Deum,

472 574 733 647 iudicate.
795 568 912 623 Non
945 568 1088 622 enim
1121 580 1418 637 possumus
1440 579 1561 634 qua:
1594 563 1830 618 vidimus
1869 572 1923 617 et
1957 577 2053 615 au-

475 670 717 725 divimus
784 680 894 718 non
938 662 1107 731 loqui.
1140 659 1210 713 At
1256 658 1337 712 illi
1376 657 1779 712 comminantes
1832 657 2054 711 dimise-

475 770 604 816 runt
635 773 750 821 eos,
807 769 917 808 non
949 752 1297 808 invenientes
1330 749 1610 821 quomodo
1643 736 1904 820 punirent
1933 763 2050 812 eos,

478 860 699 920 propter
724 844 1011 917 p0pu1um,
1045 842 1172 911 quia
1198 858 1389 896 omnes
1416 841 1791 897 clarificahant
1828 841 1878 894 id
1912 839 2052 909 quod

476 942 679 995 factum
707 939 885 991 fuerat
917 937 971 988 in
1003 950 1067 988 eo
1093 934 1236 1003 quod
1273 932 1571 989 acciderat.
1599 934 1881 987 Annorum
1907 931 2051 984 enim

484 1040 609 1089 erat
635 1027 869 1096 amplius
929 1025 1291 1094 quadraginta
1329 1025 1515 1089 homo,
1573 1025 1626 1077 in
1679 1037 1789 1092 quo
1850 1020 2051 1075 factum

475 1121 656 1178 fuerat
686 1120 898 1190 signum
935 1118 1080 1173 istud
1114 1120 1386 1172 sanitatis.

828 1193 904 1265 "*3
985 1206 1561 1264 COMMENTARIUS.

548 1304 704 1372 Quod
745 1302 907 1357 Pater
950 1302 1232 1357 Christum
1268 1316 1332 1354 ex
1374 1300 1603 1355 mortuis
1640 1298 1941 1353 suscitasse
1971 1297 2053 1350 dio

478 1404 657 1459 catur,
692 1392 765 1449 ita
822 1402 882 1448 ut
929 1394 1097 1448 etiam
1135 1392 1251 1462 ipse
1284 1390 1539 1444 Christus
1592 1388 1741 1444 circa
1776 1390 2054 1461 propriam

479 1503 702 1543 carnem
734 1496 994 1557 cperatus
1025 1484 1117 1549 sit,
1144 1499 1306 1538 nemo
1335 1482 1671 1538 dubitaverit
1703 1500 1716 1536 :
1749 1497 1873 1537 cum
1910 1497 2054 1536 enim

480 1581 603 1651 ipse
627 1580 697 1635 sit
720 1579 1003 1635 viviticans
1024 1586 1078 1631 et
1107 1576 1299 1632 ellicax
1333 1575 1512 1629 virtus
1540 1573 1739 1640 Patris,
1777 1573 2057 1645 proprium

478 1673 645 1728 etiam
681 1671 977 1726 viviiicavit
1006 1668 1266 1737 templum
1297 1684 1309 1719 :
1345 1687 1363 1718 ι
1397 1666 1604 1722 Solvite
1651 1667 1821 1730 enim,
1856 1665 2054 1736 inquit,

481 1762 742 1832 templum
786 1763 911 1825 hoc,
980 1769 1035 1815 et
1088 1761 1143 1814 in
1206 1760 1384 1815 tribus
1442 1759 1638 1815 diebus
1696 1760 1944 1815 excitabo
1993 1759 2059 1813 il-

479 1853 578 1909 lud
621 1852 687 1907 “.
726 1872 745 1907 ι
791 1853 886 1907 Est
932 1860 988 1905 et
1046 1850 1150 1906 hoc
1211 1850 1377 1919 igitur
1437 1849 1785 1904 manifestum
1835 1865 2058 1920 corpus,

486 1947 630 2017 quod
664 1945 997 2001 vivificatum
1029 1952 1133 2007 est,
1176 1958 1285 1997 non
1317 1942 1554 1996 alienum
1589 1942 1692 2011 ipsi
1750 1958 1925 2013 neque
1957 1942 2060 1995 ali-

481 2039 629 2108 quod
656 2054 718 2093 ex
750 2038 953 2092 nostris
981 2036 1170 2100 fuisse,
1205 2033 1300 2090 sed
1330 2034 1609 2103 pmprium
1630 2034 1804 2101 ipsius
1843 2032 2029 2088 Verbi.

640 2127 802 2195 212
834 2125 987 2180 Feria
1013 2126 1203 2195 quinta
1241 2124 1593 2179 ltedemada‘.
1624 2125 1895 2179 secundae.

485 2217 796 2275 Gratiarum
837 2218 979 2272 actio
1012 2216 1076 2270 ab
1126 2213 1365 2285 Ecclesia
1398 2216 1545 2285 facta
1570 2233 1666 2282 pro
1703 2216 1813 2285 ﬁda
1848 2228 2059 2283 aposto-

1037 2326 1185 2364 orum
1215 2309 1530 2362 constantia.

1122 2397 1422 2454 TEXTUS.

559 2494 843 2560 lV,2'5-31.
868 2492 1085 2548 Dimissi
1110 2499 1290 2546 autem
1322 2496 1587 2546 venerunt
1621 2490 1687 2544 ad
1715 2506 1844 2546 suos
1875 2498 1929 2545 et
1959 2505 2060 2546 an-

486 2587 883 2642 nuntiaverunt
900 2585 979 2640 eis
997 2590 1200 2653 quanta
1219 2582 1286 2637 ad
1307 2597 1401 2639 eos
1419 2580 1696 2654 principes
1711 2583 2059 2638 sacerdotum

487 2686 543 2732 et
574 2677 819 2732 seniores
845 2676 1132 2731 dixissent.
1155 2675 1259 2743 Qui
1294 2690 1419 2729 cum
1456 2675 1760 2741 audissent,
1788 2674 2062 2730 unanimi-

487 2776 574 2825 ter
596 2768 907 2825 levaverunt
929 2782 1113 2824 vocem
1136 2767 1204 2821 ad
1230 2766 1396 2821 Deum
1414 2766 1738 2823 etdixerunt
1767 2784 1782 2824 :
1813 2766 2060 2832 Domine,

490 2873 548 2916 tu
580 2877 661 2925 es,
694 2861 787 2931 qui
816 2860 990 2918 fecisti
1031 2858 1228 2916 caelum
1264 2868 1316 2914 et
1349 2868 1574 2926 terram,
1603 2873 1751 2915 mare
1797 2868 1850 2914 et
1877 2859 2061 2913 omnia

489 2969 611 3025 quae
638 2954 690 3008 in
723 2954 801 3009 eis
835 2961 1001 3007 sunt:
1032 2953 1124 3022 qui
1174 2950 1380 3021 Spiritu
1433 2959 1627 3007 sancto
1658 2966 1756 3021 per
1789 2966 1851 3006 os
1887 2950 2060 3020 patris

492 3044 668 3099 nostri
709 3044 896 3107 David,
924 3044 1078 3114 pueri
1114 3042 1213 3110 tui,
1243 3041 1429 3098 dixisti
1458 3058 1476 3101 ι
1506 3040 1686 3106 Quare
1714 3044 2059 3095 l'rernnerunt

497 3144 714 3206 gentes,
743 3145 797 3191 et
823 3136 1006 3205 populi
1039 3134 1287 3188 meditati
1321 3142 1451 3189 sunt
1494 3132 1723 3186 inania?
1755 3132 2059 3186 Astiteruat

491 3239 651 3296 reges
698 3233 878 3289 terrae,
933 3234 988 3278 et
1041 3224 1318 3293 principes
1353 3229 1732 3276 convenerunt
1777 3223 1830 3275 in
1889 3237 2059 3275 unum

491 3314 757 3371 adversus
813 3315 1103 3369 Dominutn
1153 3325 1207 3368 et
1269 3314 1535 3370 adversus
1569 3311 1845 3369 Christum
1886 3314 2061 3383 ejus?

489 3405 877 3462 Convenerunt
927 3408 1072 3462 enim
1122 3421 1246 3462 vere
1278 3405 1580 3461 incivitate
1634 3405 1739 3459 ista
1794 3404 2062 3461 adversus

490 3505 745 3553 sanctum
789 3496 1025 3552 Puerum
1084 3506 1235 3552 tuum
1266 3495 1452 3553 Jesum
1498 3511 1658 3566 quem
1694 3497 1896 3552 unxisti
1953 3496 2060 3552 Hc—

492 3591 653 3645 rodes
691 3598 746 3643 et
793 3589 1020 3644 l‘ontius
1069 3589 1298 3653 Pilatus,
1323 3604 1446 3644 cum
1480 3589 1732 3660 gentibus
1764 3597 1817 3643 et
1845 3590 2060 3660 populis

488 3680 680 3747 Israel,
713 3680 893 3737 facere
934 3697 1053 3751 qua:
1097 3696 1293 3736 manus
1334 3689 1424 3735 tua
1486 3692 1539 3736 et
1572 3681 1862 3736 consilium
1907 3691 2058 3736 tuum

489 3774 848 3830 decreverunt
869 3773 1004 3828 fieri.
1035 3775 1102 3828 Et
1119 3790 1286 3843 nunc,
1305 3775 1550 3841 Domine,
1574 3776 1777 3843 respice
1806 3775 1860 3829 in
1884 3775 2060 3829 minas

488 3880 700 3933 eorum,
741 3873 796 3921 et
839 3867 906 3921 da
943 3866 1117 3921 servis
1166 3867 1277 3922 tuis
1324 3881 1448 3920 cum
1504 3866 1651 3920 omni
1686 3865 1880 3920 ﬁducia
1910 3865 2057 3934 loqui

489 3958 717 4013 verbum
753 3967 929 4024 tuum,
983 3958 1039 4012 in
1079 3973 1145 4013 eo
1186 3957 1331 4028 quod
1365 3973 1585 4012 manum
1616 3966 1762 4011 tuam
1798 3958 2060 4013 extendas

487 4048 556 4104 ad
588 4052 852 4106 sanitates
899 4060 951 4104 et
988 4051 1144 4120 signa
1183 4059 1235 4103 et.
1278 4049 1522 4121 prodigia
1567 4049 1680 4104 fieri
1718 4066 1814 4120 per
1857 4064 2056 4103 nomen

488 4143 663 4199 sancti
695 4139 821 4196 Filii
849 4143 926 4196 tui
959 4140 1111 4198 .lesu.
1160 4140 1227 4196 Et
1287 4157 1409 4196 cum
1469 4150 1737 4206 orassent,
1768 4150 1950 4197 motus
1976 4152 2059 4197 est

489 4233 646 4289 locus
697 4234 751 4289 in
803 4250 911 4304 quo
956 4243 1115 4289 erant
1156 4235 1513 4307 congregati:
1573 4243 1628 4289 et
1682 4235 1872 4306 repleti
1929 4241 2057 4290 sunt

489 4338 681 4379 omnes
710 4321 919 4393 Spiritu
954 4334 1167 4388 sancto,
1198 4331 1252 4378 et
1289 4322 1654 4394 loquebantur
1704 4325 1929 4379 verbum
1960 4324 2057 4379 Dei

487 4431 614 4472 cum
646 4416 864 4472 ﬁducia.

988 4506 1549 4564 COMMENTARIUS.

563 4600 781 4656 Clamor
826 4599 1004 4654 factus
1046 4608 1131 4654 est
1172 4616 1235 4654 ex
1275 4601 1549 4669 voluptate
1597 4611 1652 4658 et
1680 4602 1879 4658 affectu
1938 4619 2056 4658 ma-

491 4707 705 4761 gnaque
733 4701 994 4760 concepta
1027 4691 1328 4747 alacritate.
1377 4690 1591 4748 Etenim
1626 4696 1906 4750 orationes
1936 4711 2059 4764 quae

492 4782 559 4834 de
587 4780 710 4834 istis
752 4780 916 4835 rebus
950 4787 1004 4835 et
1059 4780 1113 4833 in
1164 4780 1256 4833 tali
1306 4791 1547 4851 tempore
1613 4782 1764 4847 fiunt,
1812 4781 2057 4836 ellicaces

489 4879 640 4924 sunt.
694 4867 1016 4939 Huiusmodi
1062 4888 1191 4927 vero
1234 4882 1366 4928 sunt
1417 4890 1579 4929 voces
1610 4873 1728 4943 ejus
1765 4871 2044 4933 Ecclesim,

486 4958 633 5015 unde
655 4961 905 5015 universa
945 4961 1189 5016 Ecclesia
1236 4962 1451 5017 initium
1494 4961 1704 5017 habuit.
1734 4960 1893 5015 Tales
1920 4968 2051 5015 sunt

486 5068 654 5110 voces
711 5054 1079 5124 apostolorum
1138 5063 1192 5108 et
1247 5054 1639 5125 discipulorum
1677 5050 1903 5118 Christi,
1961 5049 2053 5120 qui

492 5156 617 5215 post
636 5147 1013 5202 ascensionem
1050 5144 1265 5200 Domini
1298 5161 1423 5200 vere
1448 5144 1673 5215 perfecti
1713 5153 1871 5198 erant
1909 5143 2054 5213 (per-

486 5233 697 5295 fecerat
745 5238 890 5294 enim
933 5253 1030 5293 eos
1072 5236 1314 5306 Spiritus
1351 5242 1598 5305 sanctus)
1630 5243 1806 5304 atque
1843 5235 2058 5288 invoca-

489 5330 624 5385 bant
652 5330 847 5396 Deum,
880 5330 971 5399 qui
1008 5349 1027 5379 ι
1065 5329 1192 5382 fecit
1224 5329 1421 5382 cmlum
1455 5337 1509 5381 et
1543 5338 1740 5381 terram
1767 5334 1821 5381 et
1847 5343 2047 5392 mare,»

488 5428 544 5475 et
564 5436 659 5489 per
693 5414 991 5490 prophetas
1022 5418 1351 5491 pradicatns
1374 5428 1479 5474 est.
1517 5417 1858 5488 Quapropter
1887 5418 2049 5473 etiam

486 5508 611 5566 illos
659 5510 868 5565 audivit
914 5510 1160 5565 omnium
1214 5509 1396 5580 opifex
1448 5510 1615 5565 Deus.
1678 5508 1907 5565 «Motus
1962 5519 2048 5564 est

563 5689 607 5721 "
636 5688 791 5743 Joan.
820 5704 878 5755 ιι,
918 5692 1003 5749 19.

2156 474 2436 546 κριθέντες
2465 474 2599 545 πρὸς
2630 472 2825 537 αὐτοὺς
2882 467 3071 524 εἷπονο
3110 473 3170 524 ει
3200 472 3408 525 δῖκαιύν
3448 473 3595 524 ἐστιν
3642 474 3734 525 ἐν-

2154 567 2325 619 ώπιον
2367 565 2460 618 τοῦ
2496 563 2630 618 Θεοῦ
2665 563 2817 635 ὑμῶν
2865 563 3082 616 ἀκούειν
3115 562 3337 631 μᾶλλον,
3373 562 3406 632 ἢ
3456 563 3547 615 τοῦ
3575 564 3733 627 Θεοῦ,

2156 656 2396 727 κρίνατε.
2453 656 2528 709 Οὐ
2579 653 2854 723 δυνάμεθα.
2910 654 3018 722 γὰρ
3054 654 3235 722 ἡμεῖς,
3291 652 3327 706 ὃ.
3384 652 3598 723 εἴδομεν
3640 656 3733 706 καὶ

2155 748 2492 818 ἠκούσαμεν,
2518 748 2591 817 μὴ
2624 746 2824 801 λαλεῖν.
2868 748 2930 798 Οἱ
2951 745 3008 797 δὲ
3031 744 3598 816 προσαπειλησάμενοι
3626 747 3738 799 ἀπ-

2157 843 2354 896 έλυσαν
2380 841 2602 905 αὐτοὺς,
2628 840 2794 909 μηδὲν
2818 840 3161 911 εὗρὶσκοντες
3181 838 3367 900 τοπιῖις
3397 837 3731 890 κολάσωνται

2155 936 2373 997 αὐτοὺς,
2391 933 2479 986 διὰ
2501 932 2591 985 τὸν
2610 932 2759 993 λαὸν,
2778 932 2856 984 ὅτι
2885 934 3082 993 πάντες
3112 930 3359 997 ἐδόξαζον
3379 931 3468 983 τὸν
3485 931 3616 983 Θεὸν
3638 934 3730 986 ἐπὶ

2156 1027 2234 1097 τῷ
2258 1025 2523 1093 γεγονότι.
2553 1024 2721 1077 Ἑτῶν
2749 1025 2856 1096 γὰρ
2882 1019 2949 1097 ἦν
2983 1023 3245 1076 πλειόνων
3273 1025 3677 1093 τεσσαράκοντα
3704 1026 3732 1076 6

2156 1121 2440 1193 ἄνθρωπος
2464 1118 2548 1188 ἐφ’
2569 1118 2627 1172 ὃν
2653 1118 2892 1187 ἐγεγόνει
2910 1116 2969 1170 τὸ
2989 1117 3211 1185 σημεῖον
3225 1114 3384 1168 τοῖ’)το
3401 1116 3497 1178 sit;
3519 1118 3730 1177 ἰάσεως.

2753 1211 3106 1265 ΕΡΜΗΝΕΙΛ
3118 1250 3133 1263 .

2230 1308 2354 1360 Ὅτι
2391 1306 2493 1376 μὲν
2539 1307 2568 1359 6
2620 1305 2810 1375 Πατὴρ
2835 1306 2899 1356 ἐκ
2931 1303 3142 1374 νεκρῶν
3173 1302 3477 1370 ἀναστῆσαι
3513 1302 3729 1367 λεγεται

2157 1398 2247 1449 τὸν
2270 1396 2527 1467 Χριστὸν,
2565 1394 2959 1467 ἐνεργουμένου
2997 1393 3241 1464 δηλονότι
3272 1393 3397 1460 περὶ
3427 1392 3524 1463 τὴν
3556 1393 3732 1461 σάρκα

2159 1484 2324 1539 αὑτοῦ
2358 1486 2451 1539 τοῦ
2485 1485 2833 1556 πράγματος,
2866 1485 2968 1537 οὐκ
2997 1484 3064 1538 ἀν
3090 1483 3382 1536 ἐνδοιάσειέ
3413 1498 3526 1546 τις·
3569 1482 3732 1544 αὐτος

2161 1590 2221 1626 τε
2264 1573 2526 1646 ὑπάρχων
2554 1576 2587 1644 ἡ
2624 1575 2885 1638 ζωοποιὸς
2915 1593 2973 1629 τε
3003 1576 3096 1628 καὶ
3129 1573 3616 1645 ἐνεργὴςεύναμις
3637 1574 3730 1626 τοῦ

2162 1669 2394 1739 Πατρδς,
2420 1668 2512 1721 τὸν
2539 1666 2668 1721 ἴδιον
2696 1668 2980 1730 ἐζωοποέει
3003 1667 3148 1721 ναόν.
3181 1686 3198 1719 ι
3223 1666 3576 1719 Καταλύσατε
3599 1667 3731 1735 γὰρ,

2166 1763 2323 1833 φησι,
2358 1761 2448 1813 τὸν
2480 1758 2606 1814 ναὸν
2628 1759 2836 1824 τοῦτον,
2866 1760 2961 1813 καὶ
2990 1761 3047 1812 ἐν
3072 1758 3252 1827 τρισὶν
3290 1758 3526 1827 ἡμέραις
3555 1759 3732 1826 ἐγερῶ

2162 1853 2347 1905 αὐτὸν.
2376 1871 2395 1902 ι
2438 1852 2551 1904 Καὶ
2584 1849 2743 1904 τοῦτο
2786 1845 2878 1904 οὖν
2926 1848 3191 1921 πρόδηλον
3235 1844 3303 1919 ἦν
3352 1849 3479 1919 ἄρα,
3510 1850 3570 1901 τὸ
3602 1842 3736 1913 ζωο-

2164 1943 2487 2012 ποιούμενον
2517 1942 2616 1996 οὐκ
2653 1941 2953 2012 ἀλλότριον,
2979 1940 3103 1995 οὔτε
3137 1941 3242 2012 μὴν
3272 1941 3381 1994 τῶν
3432 1940 3553 1993 καθ’
3589 1941 3737 2010 ἡμᾶς

2162 2033 2486 2103 ἀνθρώπων,
2515 2033 2631 2086 ἀλλ’
2668 2031 2797 2086 ἴδιον
2828 2031 2993 2085 αὐτοῦ
3026 2033 3120 2085 τοῦ
3148 2033 3324 2099 Λόγου
3357 2031 3538 2102 σῶμα.

2583 2125 2663 2195 Τῇ
2698 2124 2740 2176 ε’
2771 2125 2868 2194 τῆς
2913 2122 2956 2192 β’
2989 2123 3305 2194 ἑϐδομάδος.

2164 2216 2534 2286 Εὺχτιριστία
2559 2215 2678 2271 ἀπὸ
2704 2213 2811 2283 τῆς
2854 2218 3219 2282 Ἑκκλησίιις
3250 2218 3404 2287 ὑπὲρ
3432 2217 3586 2293 [τῆς]
3616 2217 3737 2274 τῶν

2459 2308 2818 2362 ἀποστόλων
2849 2308 3075 2375 πιστῆς
3107 2311 3438 2379 καρτερίας.

2753 2398 3138 2454 ΚΕΙΜΕΝΟΝ.

2248 2487 2635 2554 Ἀπολυθέντες
2659 2489 2715 2542 δέ
2740 2486 2903 2559 ἦλθον
2926 2490 3058 2561 πρὸς
3088 2488 3213 2556 τοὺς
3238 2491 3420 2556 ἰδξους,
3443 2492 3537 2544 καὶ
3556 2493 3738 2563 ἀπήγ-

2163 2578 2350 2646 γειλαν
2381 2579 2482 2632 ὅσα
2533 2580 2668 2649 πρὸς
2719 2580 2916 2643 αὐτοὺς
2950 2582 2997 2634 οἱ
3048 2582 3323 2653 ἀρχιερεῖς
3374 2584 3468 2636 καὶ
3514 2584 3564 2637 οἱ
3598 2601 3735 2655 πρε-

2167 2671 2420 2742 σῆύτεροι
2453 2667 2628 2727 εἷπον.
2659 2675 2721 2725 υἱ
2746 2675 2800 2727 δὲ
2834 2673 3188 2739 ἀκούσαντες,
3220 2674 3563 2744 ὁμοθυμαδὸν
3591 2672 3733 2745 ἦραν

2165 2765 2349 2835 φωνὴν
2381 2764 2516 2834 πρὸς
2540 2764 2633 2817 τὸν
2659 2764 2791 2817 Θεδν
2824 2766 2916 2818 καὶ
2940 2762 3093 2819 εἶπον
3114 2783 3128 2799 ο
3160 2766 3428 2833 Δέσποτα,
3459 2767 3523 2819 σὺ
3553 2768 3581 2819 6
3604 2767 3737 2831 Θεδς

2163 2858 2191 2908 6
2210 2856 2442 2926 ποιήσας
2463 2856 2552 2908 τὸν
2572 2857 2629 2908 οὐ
2641 2856 2820 2927 ρανδν,
2841 2857 2934 2911 καὶ
2959 2857 3057 2928 τὴν
3073 2858 3175 2927 γῆν
3199 2860 3293 2911 καὶ
3313 2860 3408 2927 τὴν
3435 2858 3732 2925 θάλασσαν,

2164 2948 2258 3002 καὶ
2287 2949 2463 3002 πάντα
2480 2949 2547 3002 τὰ
2572 2949 2629 3000 ὲν
2651 2950 2852 3012 αὐτοῖς,
2881 2952 2908 3002 6
2926 2949 3011 3002 διὰ
3037 2950 3301 3019 στόματος
3323 2949 3484 3004 Δασιδ
3499 2951 3593 3003 τοῦ
3615 2969 3741 3005 παι-

2087 3070 2131 3132 c
2162 3040 2251 3103 δῦς
2273 3057 2365 3093 σου
2388 3039 2556 3093 εἰπών
2572 3056 2585 3070 ·
2607 3041 2724 3132 ’Ὶνα
2751 3041 2801 3093 τί
2821 3040 3098 3112 ἐφρύαξαν
3126 3041 3273 3113 ἐθνη,
3295 3044 3389 3097 καὶ
3411 3044 3528 3096 λαοὶ
3554 3043 3737 3114 ἐμελέ-

2161 3148 2332 3200 τησαν
2351 3132 2519 3196 κενάς
2555 3130 2907 3201 Παρέστησαν
2935 3133 2982 3185 oi
3007 3132 3245 3202 βασιλεῖς
3280 3135 3376 3204 τῆς
3415 3135 3537 3202 γῆς,
3565 3135 3657 3188 καὶ
3684 3136 3736 3189 οι

2160 3222 2416 3291 ἄρχοντες
2442 3222 2784 3293 συνήχθησαν
2807 3224 2893 3276 ἐπὶ
2914 3224 2972 3277 τὸ
2990 3225 3118 3277 αὐτὸ
3137 3225 3275 3278 κατά
3306 3226 3398 3278 τοῦ
3426 3227 3624 3296 Κυρίου
3643 3225 3737 3281 καὶ

2162 3314 2302 3367 κατά
2328 3314 2420 3366 τοῦ
2461 3313 2697 3385 Χριστοῦ
2731 3313 2920 3367 αὐτοῦ’
2957 3315 3300 3387 συνήχθησαν
3339 3317 3447 3385 γὰρ
3482 3320 3566 3371 ἐπ’
3598 3318 3733 3389 ἀλη-

2163 3404 2313 3469 θείας
2341 3406 2434 3459 ἐπὶ
2465 3407 2556 3459 τὸν
2589 3406 2745 3474 ἅγιον
2779 3407 2951 3463 Παῖδά
2982 3426 3076 3462 σου
3134 3408 3364 3479 Ἰησοῦν,
3394 3410 3450 3463 ὃν
3486 3411 3732 3482 ἔχρισας,

2173 3498 2422 3569 Ἡρώδης
2474 3518 2533 3552 τε
2580 3501 2673 3552 καὶ
2724 3501 2948 3564 Πόντιος
2997 3502 3230 3567 Πιλᾶτος
3272 3504 3367 3556 σὺν
3413 3502 3588 3557 ἔθνεσι
3639 3508 3735 3558 καὶ

2160 3593 2312 3654 λαοῖς
2344 3590 2584 3661 Ἰσραὴλ,
2633 3590 2857 3659 ποιῆσαι
2886 3594 2987 3646 ὅσα
3021 3594 3052 3663 ἡ
3096 3594 3217 3665 χείρ
3254 3612 3345 3647 σου
3378 3596 3474 3649 καὶ
3503 3599 3533 3665 ἡ
3565 3595 3730 3666 βουλὴ

2163 3700 2256 3734 σου
2285 3683 2560 3752 προώρισε
2614 3683 2868 3750 γενέσθαι
2898 3701 2912 3715 ·
2968 3685 3064 3737 καὶ
3100 3686 3170 3739 τὰ
3204 3685 3317 3751 νῦν,
3347 3686 3537 3758 Κύριε,
3580 3685 3732 3739 ἔπιδε

2161 3773 2253 3825 ἐπὶ
2281 3773 2379 3835 τὰς
2400 3773 2628 3836 ἀπειλὰς
2661 3774 2859 3838 αὐτῶν,
2881 3777 2973 3829 καὶ
2997 3775 3084 3838 δὸς
3104 3779 3217 3839 τοῖς
3241 3776 3447 3838 δούλοις
3473 3794 3565 3831 σου
3591 3777 3733 3846 μετά

2165 3865 2479 3935 παρρησίας
2524 3867 2705 3936 πάσης
2754 3866 2933 3919 λαλεῖν
2966 3869 3055 3920 τὸν
3084 3869 3240 3936 λόγον
3266 3886 3380 3928 σου.
3417 3871 3474 3921 ἐν
3510 3869 3586 3935 τῷ
3631 3870 3731 3941 τὴν

2159 3952 2317 4022 χεῖρά
2350 3970 2444 4005 σου
2490 3954 2751 4006 ἐκτείνειν
2787 3971 2846 4007 σε
2895 3957 2975 4018 εἰς
3020 3957 3186 4019 ἴασιν,
3237 3958 3330 4009 καὶ
3371 3960 3574 4027 σημεῖα
3627 3961 3730 4013 καὶ

2157 4041 2365 4112 τέρατα
2402 4041 2647 4109 γίνεσθαι
2672 4041 2759 4095 διὰ
2797 4044 2892 4096 τοῦ
2919 4045 3181 4115 ὀνόματος
3206 4047 3300 4099 τοῦ
3350 4048 3507 4110 ἁγίου
3535 4048 3730 4113 Παιδὸς

2162 4152 2255 4187 σου
2288 4133 2487 4203 Ἰησοῦ.
2522 4136 2631 4188 Καὶ
2657 4136 2963 4207 δεηθέντων
2991 4139 3171 4192 αὐτῶν
3205 4140 3472 4209 ἐσαλεύθη
3504 4142 3532 4192 6
3563 4141 3732 4205 τόπος

2160 4229 2219 4280 ἐν
2256 4221 2300 4294 ᾧ
2337 4222 2476 4298 ἦσαν
2531 4229 2893 4298 συνηγμένον
2950 4230 3043 4283 καὶ
3096 4230 3445 4303 ἐπλήσθησαν
3491 4232 3733 4295 ἅπαντες

2161 4321 2480 4389 Πνεύματος
2531 4319 2712 4387 ἁγίου,
2748 4323 2841 4373 καὶ
2890 4321 3114 4375 ἐλάλουν
3149 4322 3243 4377 τὸν
3287 4324 3443 4395 λόγον
3471 4325 3565 4379 τοῦ
3590 4325 3732 4378 Θεοῦ

2083 4412 2139 4473 .D
2169 4412 2305 4481 μετὰ
2340 4410 2669 4483 παρρησίας.

2771 4502 3148 4561 ΕΡΜῘΞΝΕΙΑ.

2236 4594 2468 4664 Κραυγὴ
2490 4593 2715 4661 γέγονεν
2751 4595 2859 4647 ἀπὸ
2894 4596 3107 4665 ἡδονῆς,
3145 4599 3236 4651 καὶ
3278 4598 3589 4661 διαθέσεως.
3633 4601 3732 4652 καὶ

2158 4685 2395 4754 σπουδῆς
2418 4684 2648 4755 πολλῆς.
2677 4686 2743 4738 Ai
2775 4685 3021 4740 τοιαῦται
3047 4690 3155 4760 γὰρ
3184 4688 3437 4743 ἀνύουσιν
3462 4691 3637 4760 εὐχαὶ,
3670 4693 3732 4742 αἱ

2159 4778 2289 4846 περὶ
2317 4775 2574 4828 τοιούτων
2618 4776 2920 4845 γινόμεναι,
2950 4780 3044 4830 καὶ
3095 4780 3153 4832 ἐν
3198 4780 3460 4843 τοιούτοις
3487 4786 3727 4851 καιροῖς.

2156 4867 2480 4920 Τοιαῦταιδὲ
2498 4869 2671 4936 φωναὶ
2686 4868 2782 4937 τῆς
2801 4858 3152 4940 Ἐκκλησῖῦις,
3171 4872 3229 4936 ἐξ
3245 4867 3309 4942 ἦς
3336 4874 3483 4926 πᾶσα.
3494 4873 3730 4943 ἔσχηκεν

2160 4963 2194 5033 ή
2232 4962 2527 5033 Ἐκκλησία
2558 4964 2656 5034 τὴν
2677 4965 2873 5034 ἀρχήν.
2900 4960 3066 5017 Aine:
3092 4967 3147 5017 ai
3170 4969 3343 5033 (ρωναὶ
3370 4967 3479 5019 τῶν
3496 4968 3729 5021 ἀποστό-

2162 5061 2268 5106 λων
2295 5054 2390 5105 καὶ
2426 5054 2684 5123 μαθητῶν
2709 5055 2802 5107 τοῦ
2830 5055 3089 5126 Χριστοῦ,
3113 5058 3221 5108 τῶν
3247 5057 3463 5127 ἀληθῶς
3483 5059 3726 5121 τελεέων,

2169 5143 2306 5207 μετὰ
2334 5142 2432 5213 τὴν
2464 5144 2729 5215 ἀνάληψιν
2764 5145 2857 5198 τοῦ
2894 5147 3118 5218 Κυρίου,
3149 5146 3237 5199 διὰ
3284 5147 3377 5202 τοῦ
3414 5148 3729 5219 Πνεύματος

2162 5231 2580 5295 τελειωθέντων,
2634 5234 2728 5286 καὶ
2784 5224 3230 5307 ἐπικαλουμένων
3267 5237 3358 5290 τὸν
3409 5238 3573 5302 Θεὸν,
3634 5238 3729 5292 τὸν

2167 5346 2186 5378 ι
2220 5327 2523 5396 ποιήσαντα
2553 5326 2643 5379 τον
2671 5328 2920 5397 οὐρανὸν,
2956 5331 3051 5383 καὶ
3085 5328 3181 5398 τὴν
3210 5332 3332 5399 γῆν,
3376 5333 3469 5384 καὶ
3504 5331 3600 5402 τὴν
3630 5332 3732 5387 (ια-

2160 5417 2388 5482 λασσαν,
2428 5436 2447 5468 ι
2482 5416 2571 5469 τὸν
2601 5416 2691 5471 διὰ
2712 5418 2821 5470 τῶν
2852 5420 3148 5490 προφητῶν
3174 5424 3603 5493 κεκηρυγμένον.
3632 5426 3727 5479 Διὸ

2158 5508 2253 5560 καὶ
2315 5507 2623 5576 ἐπήκουσεν
2672 5507 2854 5563 αὐτῶν
2908 5509 2937 5561 6
2998 5510 3231 5582 ποιητὴς
3283 5512 3501 5566 πάντων
3566 5514 3723 5577 Θεὸς.
