4088 6206
380 230 491 294 839

1064 230 1599 292 EXPOSITIONIS
1628 233 1707 291 IN
1739 232 1927 292 ACTA
1955 232 2253 294 TEXTUS
2291 235 2562 295 ALTER.
2599 262 2667 271 —
2707 237 2861 297 CAP.
2892 237 2986 295 1V.

3509 237 3611 301 890

389 364 412 399 ι
450 344 742 415 Ἐσαλεύθη
775 347 903 416 γὰρ,
945 348 1133 416 φησιν,
1180 347 1208 398 6
1239 347 1424 410 τόπος,
1472 349 1528 399 ἐν
1565 340 1607 415 ᾧ
1653 342 1796 417 ἦσαν
1828 362 1949 397 σνν-

2070 350 2220 413 ξιιίηι,
2270 351 2476 420 inquit,
2530 352 2681 405 locus
2746 352 2799 404 in
2866 367 2970 420 quo
3014 361 3168 405 erant
3214 355 3558 421 congregati;
3591 374 3608 407 ι

381 438 633 509 ηγμένοι.
666 456 685 489 ι
724 439 1037 509 Τεκμήριον
1068 438 1162 491 τοῦ
1199 440 1531 508 ἀκουσθῆναι
1568 440 1764 502 αὐτοὺς
1790 438 1950 491 τοῦτο

382 531 623 598 γεγονός.
685 549 703 581 ι
736 530 795 582 '0
842 530 931 583 διὰ
981 530 1270 601 στόματος.
1307 551 1324 581 ι
1379 531 1647 602 Καθάπερ
1677 530 1951 600 συνθήκας

384 621 742 685 ἀπαιτοῦντες
780 622 872 676 τὸν
927 622 1083 689 Θεὸν,
1122 623 1218 692 τὴν
1271 624 1607 694 προφητείαν
1652 626 1732 685 εἰς
1787 622 1952 693 μέσον

383 712 628 781 ἄγουσιν,
663 712 780 783 ἅμα
802 715 897 768 καὶ
930 715 1157 777 ἑαυτοὺς
1188 714 1689 787 παραμυθούμενοι,
1719 716 1800 767 ὅτι
1828 714 1950 783 εικῆ

386 806 564 858 πάντα
595 823 617 857 ι
643 805 957 859 Μελετῶσιν
998 824 1017 857 ι
1056 807 1105 859 oi
1144 806 1345 877 ἐχθροί.
1397 808 1647 873 Ἐκεῖνα,
1698 806 1862 877 φησὶν
1882 806 1949 870 ⁸⁵,

384 898 465 959 είς
495 896 671 966 πέραν
692 896 865 965 ἄγαγε
899 898 992 951 καὶ
1012 898 1204 963 δεῖξον,
1231 900 1312 951 ὅτι
1339 917 1358 949 ι
1385 899 1531 952 xm
1560 900 1948 969 ὲμελέτησανί

386 985 530 1040 οὔτω
557 987 651 1041 καὶ
693 990 789 1041 νῦν
823 990 955 1042 κενά
985 989 1276 1060 μελετῆσαι
1312 992 1496 1053 αὐτοῖς
1530 991 1617 1053 δός
1638 1009 1651 1022 ·
1686 992 1951 1053 τουτέστι,

390 1079 466 1152 μὴ
515 1081 594 1143 είς
642 1081 802 1153 ἔργον
834 1082 1038 1135 ἔλθοιεν
1089 1085 1143 1136 αί
1202 1084 1421 1137 ἀπειλαὶ
1458 1084 1657 1138 αὐτῶν.
1686 1084 1870 1138 Ταῦτα
1901 1085 1955 1139 δὲ

2051 442 2195 510 quod
2230 442 2350 496 illos
2391 442 2557 496 fuisse
2588 444 2866 497 exaulitos
2909 443 3274 511 signitlctbat.
3314 465 3330 491 ι
3379 445 3478 509 Qui
3522 464 3613 514 per

2052 547 2138 586 os.
2175 552 2193 585 ι
2229 530 2401 587 Porro
2464 536 2619 603 quasi
2666 543 2819 602 pacta
2870 550 2899 587 a
2930 532 3037 586 Deo
3081 534 3381 601 exigentes,
3411 536 3464 587 iu
3501 552 3613 589 me-

2053 625 2200 679 dium
2245 623 2477 679 aﬂerunt
2530 626 2868 694 prophetiam
2926 639 3093 694 seque
3149 624 3615 692 ipsosconsolau-

2055 725 2164 778 tur,
2202 716 2345 787 quod
2374 717 2553 771 omnia
2583 716 2783 769 frustra
2815 716 3147 768 meditemur
3178 714 3403 770 inimici.
3445 716 3618 780 Istud,

2056 809 2267 863 scilicet
2303 809 2475 872 aiunt,
2510 809 2575 862 ad
2622 810 2829 862 exitum
2882 807 3075 870 deduc,
3114 816 3164 859 ct
3207 809 3451 866 ostende.
3487 824 3619 876 quo-

2056 899 2201 952 niam
2241 917 2258 949 ι
2298 899 2542 952 meditati
2576 906 2706 952 sunt
2744 898 2928 950 inania
2957 898 3002 929 ¹⁹
3037 916 3049 950 :
3083 916 3102 947 ι
3151 898 3223 950 ita
3254 905 3307 950 et
3336 913 3484 950 nunc
3516 898 3619 958 fac.

2058 996 2116 1040 ut
2153 988 2240 1042 isti
2278 988 2461 1041 inania
2486 988 2819 1041 meditentur
2851 1003 2867 1052 ;
2907 987 3009 1040 hoc
3043 996 3144 1052 est,
3185 1003 3253 1041 ne
3304 985 3370 1038 ad
3400 1000 3536 1055 opus
3571 988 3621 1040 id

2058 1079 2217 1149 213
2248 1080 2391 1149 quod
2434 1080 2841 1133 comminantur
2899 1078 3170 1132 deducere
3225 1079 3457 1148 possint.
3500 1077 3624 1132 "me

387 1168 574 1238 ἔλεγον
599 1171 697 1224 οὐκ
730 1172 885 1225 αὐτοὶ
915 1173 1342 1243 παραιτούμενοι
1369 1174 1628 1245 δυσχερές
1657 1193 1707 1226 τι
1740 1175 1953 1238 παθεῖν,

2070 1182 2238 1228 ιυιειιι
2275 1172 2547 1234 dicebant,
2578 1186 2683 1223 non
2720 1170 2865 1240 quod
2899 1170 3124 1223 molesta
3152 1170 3257 1238 pati
3290 1171 3624 1239 refugerent,

388 1259 504 1313 ἀλλ’
531 1261 674 1331 ὑπὲρ
717 1260 811 1314 τοῦ
842 1263 1219 1333 κηρύγματος.
1259 1265 1332 1317 Ού
1365 1265 1472 1334 γὰρ
1500 1264 1674 1329 εἶπον,
1707 1266 1818 1317 Καὶ
1869 1265 1957 1330 ἐξ·

389 1351 511 1405 ελοῦ
534 1355 644 1405 τῶν
673 1354 936 1406 κινδύνων
966 1356 1131 1424 ἡμᾶς,
1166 1355 1321 1417 ἀλλὰ,
1363 1356 1462 1418 Δδς
1492 1359 1601 1420 τοῖς
1627 1357 1829 1419 δούλοις
1863 1374 1955 1410 σου

393 1444 532 1511 μετὰ
574 1445 889 1515 παρρησίας
935 1463 1113 1515 πασης
1144 1446 1326 1499 λαλεῖν
1363 1447 1639 1514 τὸνλόγον
1676 1465 1790 1500 σου.
1820 1448 1960 1519 Φρύ-

390 1551 542 1604 αγμα
574 1534 629 1586 δέ
659 1536 776 1587 ἐστι
806 1535 866 1587 τὸ
898 1536 1181 1603 ἀλόγιστον
1215 1536 1439 1607 κίνημα.
1462 1539 1713 1606 Τέσσαρα
1739 1539 1795 1590 δέ
1828 1555 1959 1606 φησι

390 1625 545 1694 γένη,
578 1626 645 1678 τὰ
674 1628 950 1679 συστάντα
982 1627 1125 1680 κατά
1158 1627 1253 1679 τοῦ
1288 1628 1550 1699 Χριστοῦ,
1586 1628 1734 1696 ἔθνη,
1771 1629 1956 1693 λαοὺς,

394 1715 634 1785 βασιλεῖς
659 1734 717 1770 τε
746 1719 839 1771 καὶ
865 1720 1131 1789 ἄρχοντας
1155 1734 1168 1751 ο
1199 1719 1308 1770 τῶν
1346 1720 1445 1786 μὲν
1477 1719 1646 1771 ἐθνῶν
1678 1718 1806 1781 ἴσως
1838 1720 1959 1781 τοὺς

391 1807 705 1878 ἀλλοτρίους
749 1809 1051 1878 δηλούντων
1120 1811 1218 1877 τῆς
1272 1810 1555 1871 πίστεως.
1604 1808 1793 1879 ὥσπερ
1837 1811 1964 1872 τοῦς

394 1900 729 1970 στρατιώτας
769 1901 894 1963 τοὺς
946 1901 1297 1970 φρυάξαντας
1348 1902 1468 1953 κατ’
1521 1889 1721 1954 αὐτοῦ’·
1770 1900 1961 1953 τῶνδὲ

391 1991 536 2044 λαῶν
562 1992 688 2055 τοὺς
715 1992 779 2044 ἐκ
808 1992 1142 2060 περιτομῆς·
1182 2010 1200 2042 ι
1238 1990 1386 2046 Κενά
1413 1990 1523 2061 γὰρ
1551 1991 1905 2061 ἐμελέτησαν,
1938 2009 1956 2040 ι

393 2082 521 2145 τοὺς
560 2085 845 2153 προφήτας
877 2082 1262 2152 φονεύσαντες,
1289 2084 1383 2137 τὸν
1409 2086 1466 2136 ὲν
1510 2083 1693 2145 αὐτοῖς
1730 2082 1963 2151 Χριστὸν

398 2174 475 2245 μὴ
502 2176 829 2246 νοήσαντες·
862 2176 972 2230 τῶν
1016 2176 1073 2230 δὲ
1121 2174 1387 2245 βασιλέων
1444 2175 1544 2244 τῆς
1578 2178 1681 2245 γῆς
1714 2173 1809 2227 καὶ
1854 2174 1963 2226 τῶν

395 2267 691 2336 ἀρχόντων,
712 2266 955 2339 Ἡρώδην
981 2286 1039 2321 τε
1069 2268 1166 2320 καὶ
1189 2267 1412 2321 Πόντιον
1435 2267 1688 2327 Πιλάτον,
1715 2266 1810 2318 καὶ
1839 2266 1966 2329 τοὺς

397 2358 665 2427 ἄρχοντας
719 2358 827 2412 τῶν
874 2359 1164 2412 Ἰουδαίων.
1220 2358 1294 2412 Τὸ
1338 2358 1394 2412 δὲ
1441 2361 1784 2430 παραστῆναι
1842 2359 1967 2419 τοὺς

2058 1262 2152 1316 sed
2204 1278 2271 1315 ne
2326 1261 2602 1332 Evangelii
2669 1260 2983 1331 praedicatio
3072 1260 3448 1329 impediretur.
3511 1260 3625 1313 Non

2058 1354 2200 1408 enim
2227 1353 2449 1409 dicunt:
2492 1372 2510 1405 ι
2545 1354 2609 1407 Et
2630 1370 2760 1409 erue
2786 1369 2887 1407 nos
2917 1370 2945 1407 a
2975 1354 3252 1423 periculis,
3279 1372 3298 1403 ι
3330 1353 3462 1408 sed:
3494 1371 3513 1405 ι
3554 1352 3627 1405 Da

2063 1446 2238 1499 servis
2270 1445 2377 1500 tuis
2406 1460 2528 1499 eum
2561 1446 2709 1499 omni
2736 1446 2930 1499 liducia
2962 1444 3108 1515 loqui
3136 1446 3359 1498 verbum
3402 1452 3574 1498 tuum.
3608 1464 3626 1495 ›

2062 1535 2337 1592 Fremitus
2393 1546 2575 1591 autem
2636 1545 2719 1592 cst
2747 1548 2949 1599 motus,
2986 1552 3083 1590 Seu
3144 1544 3375 1589 conatus
3432 1537 3631 1590 rationi

2064 1628 2399 1683 contrarius.
2437 1628 2685 1692 Quatuor
2744 1642 2871 1680 vero
2916 1626 3163 1678 nominat
3208 1640 3405 1694 genera
3444 1640 3632 1679 eorum

2065 1721 2156 1789 qui
2190 1722 2480 1775 astiterunt
2516 1720 2779 1774 adversus
2806 1716 3080 1772 Christum
3130 1736 3143 1770 :
3192 1731 3387 1784 nempe
3415 1725 3632 1784 gentes,

2067 1814 2317 1883 populos,
2375 1828 2530 1881 reges
2568 1821 2619 1864 et
2680 1810 2976 1879 principes.
3026 1807 3127 1861 Per
3170 1816 3359 1875 gentes
3424 1806 3634 1862 alienos

2065 1920 2094 1956 a
2132 1904 2234 1958 fide
2268 1904 2504 1956 fortasse
2546 1901 2857 1969 signiticet,
2909 1898 3077 1953 veluti
3133 1897 3331 1951 milites
3373 1898 3466 1966 qui
3524 1897 3636 1952 frc-

2064 2005 2317 2050 muerunt
2349 1992 2614 2048 adversus
2644 1992 2948 2046 Christum.
2983 1989 3175 2057 Populi
3234 1997 3384 2055 sunt,
3429 1989 3524 2057 qui
3568 2005 3636 2043 ex

2062 2084 2529 2150 circumcisione;
2560 2082 2745 2136 inania
2773 2081 2920 2137 enim
2950 2079 3198 2134 meditati
3230 2086 3380 2142 sunt,
3407 2080 3640 2146 prophe-

2064 2190 2151 2237 tas
2178 2178 2514 2240 occidentes,
2569 2175 2958 2243 Christumque
3004 2171 3061 2225 in
3107 2171 3241 2239 ipsis
3293 2186 3401 2224 non
3432 2166 3638 2225 inte]?-

2067 2282 2277 2345 gentes.
2325 2273 2498 2341 [teges
2526 2277 2705 2323 autem
2745 2277 2903 2321 terra:
2943 2273 2995 2319 et
3043 2263 3328 2333 principes
3369 2271 3495 2317 sunt
3537 2261 3641 2316 lle-

2064 2366 2232 2420 rodes
2261 2372 2314 2418 et
2362 2361 2571 2415 Pilatus
2623 2367 2678 2412 et
2725 2356 3039 2412 Iudaeorum
3072 2354 3451 2421 magistratus.
3483 2352 3637 2417 Quod

401 2448 639 2519 βασιλεῖς
676 2450 872 2514 εἰπεῖν,
930 2451 1089 2503 τοῦτο
1143 2445 1299 2519 οἶμαι
1348 2448 1759 2516 συνεμφαίνειν,
1803 2449 1838 2520 ἢ
1886 2448 1967 2500 ὅτι

2070 2472 2201 2511 vero
2239 2469 2395 2522 reges
2454 2451 2697 2507 astitisse
2757 2448 2922 2512 dicat,
2970 2444 3309 2516 signiﬁcasse
3355 2451 3503 2512 ptttn,
3559 2441 3642 2494 vel

402 2537 907 2606 συμπεφωνήκασιν
933 2536 1205 2606 ἀλλήλοις,
1243 2536 1337 2590 καὶ
1390 2537 1469 2598 εἰς
1502 2535 1829 2605 συμδίϐασιν
1877 2538 1967 2589 καὶ

2070 2547 2219 2618 quod
2252 2545 2413 2601 simul
2439 2541 2876 2612 conspirarerint
2922 2538 3164 2607 atquein
3196 2535 3545 2589 concordiam
3587 2542 3642 2586 et

402 2626 585 2695 φιλίαν
626 2628 825 2698 ἦκασιν
859 2628 1105 2701 Ἡρώδης
1142 2645 1203 2682 τε
1245 2628 1341 2681 καὶ
1380 2627 1601 2689 Πόντιος
1628 2627 1857 2689 Πιλάτος
1892 2625 1967 2695 (ὲν

2073 2641 2368 2697 amicitiam
2408 2638 2654 2694 venerint
2687 2632 2930 2688 Ilerodes
2975 2640 3032 2685 ct
3067 2631 3279 2684 Pilatus
3308 2647 3323 2683 ι
3358 2643 3482 2682 nam
3514 2642 3641 2682 cum

403 2717 576 2791 ἔχθρᾳ
603 2720 711 2790 γὰρ
762 2719 914 2782 ὄντες
969 2720 1106 2791 πρὸς
1140 2720 1403 2791 ἀλλήλους
1443 2719 1504 2771 τὺ
1537 2718 1825 2789 πρότερον,
1870 2717 1967 2786 τῆς

2072 2739 2231 2785 antea
2279 2727 2487 2783 inimici
2536 2732 2721 2780 essent
2766 2723 2831 2777 ad
2879 2721 3140 2784 invicem.
3173 2732 3240 2775 eo
3296 2716 3642 2772 atrocissime

404 2811 791 2881 συμόιδάσεως
818 2811 998 2864 αὐτῶν
1059 2811 1161 2876 τῆς
1211 2812 1291 2873 είς
1340 2810 1543 2878 φιλίαν,
1579 2810 1641 2863 τὸ
1670 2808 1812 2863 κατά
1841 2809 1967 2879 Χρι-

2074 2833 2265 2878 contra
2327 2821 2605 2875 Christum
2666 2816 2915 2871 facinore
2975 2813 3103 2867 facti
3159 2821 3288 2867 sunt
3339 2810 3500 2865 amici
3546 2807 3639 2860 ³⁶ι

408 2904 534 2958 στὸν
564 2903 824 2973 πρόξενον
861 2907 1053 2971 γέγονε
1081 2902 1304 2973 θράσος)
1322 2919 1336 2933 ο
1365 2903 1398 2973 ἢ
1433 2903 1539 2965 δτι,
1567 2903 1744 2956 καίτοι
1772 2902 1835 2955 τδ
1882 2903 1967 2969 ἀρ·

2071 2918 2158 2973 vel
2190 2915 2355 2986 quod,
2397 2913 2610 2968 tametsi
2639 2910 2913 2981 praecipua
2941 2907 3204 2977 dignitate
3225 2904 3405 2959 ornati
3429 2909 3639 2961 essent.

406 2994 563 3064 χικδν
589 2994 806 3063 ἀξίωμα
833 2994 1234 3065 περικείμενοι,
1256 2995 1485 3059 ἑαυτοὺς
1516 2994 1866 3065 παρέστησαν
1895 2995 1967 3057 είς

2075 3026 2136 3067 se
2182 3012 2333 3081 ipsos
2384 3006 2739 3062 administros
2794 3003 3009 3056 illorum
3063 2998 3493 3059 constituerunt,
3549 2992 3644 3062 qui

410 3086 714 3156 ὑπουργίαν
757 3090 869 3150 τοῖς
896 3086 1140 3140 ἐθέλουσι
1161 3090 1464 3156 μιαιφονεῖν
1486 3087 1624 3141 κατά
1645 3088 1739 3140 τοῦ
1769 3088 1967 3157 Κυρίου

2077 3100 2225 3155 emde
2261 3097 2471 3152 Domini
2521 3102 2576 3149 et
2614 3092 2817 3149 Christi
2854 3092 2975 3159 ejus
3017 3105 3076 3144 se
3125 3086 3501 3144 contaminare
3543 3097 3641 3136 vo.

410 3181 505 3234 καὶ
534 3178 675 3233 κατά
702 3177 794 3230 τοῦ
828 3176 1062 3247 Χριστοῦ
1091 3178 1277 3231 αὐτοῦ.
1310 3177 1403 3239 Et;
1427 3178 1536 3249 ιίσ.
1558 3178 1615 3248 ἡ]
1648 3177 1755 3248 γὰρ
1787 3178 1868 3239 είς
1886 3178 1967 3230 τοι

2078 3192 2318 3245 luerunt.
2342 3186 2578 3241 Perfidia
2615 3186 2761 3239 enim
2796 3184 2847 3236 iu
2886 3180 3088 3235 Filium
3132 3179 3189 3232 in
3222 3179 3401 3246 ipsum
3432 3174 3644 3227 Patrem

409 3272 646 3342 Χριστὸν
674 3268 936 3338 ἐπιϐουλὴ
983 3268 1078 3322 καὶ
1103 3271 1185 3332 είς
1213 3269 1376 3322 αὐτὸν
1417 3271 1704 3339 ἀνατρέχει
1745 3271 1837 3322 τὸν
1876 3271 1967 3322 Παι

2076 3282 2333 3339 recurrit.
2362 3278 2496 3333 Nam
2532 3278 2578 3333 si
2614 3276 2773 3331 Pater
2812 3278 2864 3327 iu
2892 3272 3053 3337 Filio,
3088 3280 3143 3325 et
3179 3268 3348 3323 Filius
3396 3267 3448 3320 in
3490 3267 3649 3321 Patre

410 3363 563 3431 τέρα.
603 3363 664 3414 ΕΞ
693 3362 802 3431 γὰρ
825 3362 853 3413 6
890 3359 1075 3430 Πατὴρ
1103 3360 1160 3412 ἐν
1197 3358 1275 3428 τῷ
1299 3358 1434 3426 Titi),
1472 3361 1566 3414 καὶ
1594 3362 1622 3412 6
1662 3359 1791 3423 Υἱὸς
1820 3363 1879 3413 ἐν
1901 3360 1967 3430 τίς

2080 3383 2184 3439 est,
2233 3370 2510 3443 quomodo
2539 3381 2648 3424 una
2684 3366 2985 3434 eademque
3024 3361 3225 3430 injuria
3264 3360 3317 3412 iu
3359 3365 3653 3425 utrumque

412 3454 615 3525 Πατρὶ,
655 3453 772 3512 πῶς
805 3452 866 3506 ού
902 3452 999 3523 μία
1032 3452 1114 3515 είς
1145 3452 1340 3514 αὐτοὺς
1382 3451 1541 3523 ὖύρις
1573 3452 1822 3520 ὲγένετος
1857 3454 1967 3520 Χρι·

2082 3482 2189 3522 non
2237 3464 2401 3519 fuerit
2431 3461 2728 3517 ?Cbristus
2778 3472 2942 3527 porro
2990 3454 3166 3508 Patris
3228 3459 3311 3506 est
3358 3447 3595 3504 Verbum
3636 3462 3651 3499 :

414 3546 539 3608 στδς
579 3544 635 3598 δὲ
686 3544 780 3597 τοῦ
829 3544 1041 3615 [ἰατρὸς
1070 3547 1098 3598 6
1124 3546 1270 3608 Υἱός.
1331 3545 1407 3597 Οὐ
1439 3545 1723 3615 κέχρισται
1766 3547 1875 3614 γὰρ
1915 3546 1965 3598 δι

2081 3563 2283 3611 unctus
2360 3563 2443 3609 est
2516 3552 2662 3607 enim
2734 3555 2957 3619 propter
3023 3560 3126 3600 nos
3207 3558 3316 3597 non
3409 3544 3652 3596 humano

412 3638 566 3707 ἡμᾶς
614 3635 970 3705 ἀνθρωπίνως
1023 3636 1102 3707 τῷ
1146 3636 1428 3707 Πνεύματι
1472 3636 1550 3707 τῷ
1596 3639 1753 3708 ἁγίῳ,
1807 3638 1960 3691 καίτο

2086 3646 2270 3710 modo,
2301 3645 2399 3698 sed
2434 3643 2641 3712 Spiritu
2699 3648 2935 3701 saneto;
2992 3650 3100 3690 non
3148 3633 3294 3704 quod
3347 3630 3653 3688 sanctitatis

415 3729 548 3792 Θεὸς
584 3726 659 3781 ὢν
706 3728 736 3779 6
769 3728 962 3795 Λόγος,
1004 3730 1101 3799 ούχ
1129 3729 1205 3793 ὡς
1251 3730 1537 3799 ἁγιότητος
1581 3729 1801 3800 ἐπιδεὴς
1846 3729 1962 3793 (ἔστ

2088 3740 2334 3810 indigens
2406 3742 2554 3792 esset
2629 3735 2744 3805 (est
2805 3731 2949 3786 enim
3029 3727 3329 3784 secundum
3404 3733 3652 3779 naturam

417 3822 525 3889 γὰρ
554 3819 694 3873 κατά
730 3818 892 3888 φύσιν
915 3819 1093 3887 ἆγιος,
1117 3821 1209 3873 καὶ
1238 3819 1333 3872 τοῦ
1361 3821 1677 3889 Πνεύματος
1705 3820 1959 3890 χορηγὸς)

2088 3844 2336 3896 sanctus,
2364 3841 2418 3885 et
2448 3829 2685 3898 Spiritus
2722 3825 2900 3879 sancti
2927 3819 3300 3889 distributor).
3331 3819 3422 3872 sed
3453 3825 3655 3871 unctus

419 3913 531 3966 ἀλλ’
588 3913 673 3966 ὅτι
728 3910 967 3981 γεγονὼς
1024 3911 1145 3964 καθ’
1197 3913 1348 3974 ἡμᾶς
1406 3911 1714 3982 ἅνθρωπος,
1762 3914 1967 3983 ἐχρίσθι

2089 3937 2171 3982 est
2201 3923 2485 3980 nobiseum
2528 3916 2825 3973 secundum
2870 3912 3287 3968 immanitatem.
3347 3909 3467 3961 c-Et
3530 3922 3655 3961 eum

425 4008 546 4076 μεθ’
584 4006 739 4078 ήμῶν
769 4005 910 4059 κατὰ
941 4004 1003 4058 τὸ
1035 4005 1398 4073 ἀνθρώπινον.
1438 4024 1456 4055 ι
1478 4006 1587 4058 Καὶ
1612 4005 1935 4076 δεηθέντων.
1966 4025 1982 4056 ι

422 4097 596 4151 Τοῦτο
635 4097 934 4167 τεκμήριον
967 4095 1158 4163 γέγονε
1184 4095 1285 4164 τῆς
1322 4096 1666 4165 ἐπισκέψεως
1706 4097 1798 4149 τοῦ
1831 4096 1988 4161 Θεοῦ,

422 4186 516 4238 καὶ
564 4183 656 4238 τοῦ
700 4184 1037 4251 ἀκουσθῆναι
1080 4183 1299 4247 αύτούς.
1332 4184 1459 4237 Ὅτι
1506 4185 1563 4237 δὲ
1614 4185 1775 4239 τοῦτό
1820 4188 1967 4240 ἐστιν

2095 4199 2219 4253 audi
2249 4195 2606 4267 [prOphetam
2660 4190 2932 4243 dicentem
2989 4202 3006 4245 :
3063 4182 3214 4250 «Qui
3260 4180 3485 4250 respicit
3539 4189 3658 4232 ter-

421 4277 587 4332 ἄκουε
626 4276 719 4329 τοῦ
754 4277 1037 4346 προφήτου
1084 4275 1333 4343 λέγοντος
1356 4292 1371 4307 ⁸
1411 4296 1428 4327 ι
1458 4276 1515 4331 Ὀ
1560 4278 1866 4331 ἐπιϐλέπων
1899 4282 1967 4331 ἐπ

2095 4302 2210 4342 ram
2245 4293 2300 4342 et
2353 4284 2483 4338 facit
2541 4296 2661 4336 eam
2721 4289 2953 4332 tremere
2984 4276 3051 4328 ³³.
3085 4292 3104 4325 ι
3136 4272 3287 4327 Fecit
3334 4279 3511 4325 autem
3560 4269 3662 4321 hoc

421 4364 522 4435 τὴν
561 4365 664 4435 γῆν
718 4366 814 4417 καὶ
861 4365 1029 4418 ποιῶν
1078 4366 1251 4435 αὐτὴν
1308 4365 1552 4436 τρέμειν.
1591 4386 1610 4417 ι
1669 4367 1879 4420 Ἐποίει
1937 4368 1965 4421 δ

2096 4381 2240 4435 Deus
2269 4386 2323 4433 et
2352 4375 2421 4431 ad
2456 4374 2716 4443 majorem
2742 4370 2946 4427 Iudaeis
2981 4365 3356 4422 iucutiendum
3382 4366 3656 4420 timorem,

2091 4025 2362 4073 orassent.
2422 4030 2443 4066 ›
2509 4010 2623 4065 Hoc
2679 4009 2895 4078 signum
2959 4004 3064 4060 fuit
3122 4003 3320 4057 divina)
3380 3999 3657 4053 visitatio-

2090 4111 2200 4171 nis.
2232 4117 2286 4161 et
2314 4103 2460 4176 quod
2489 4101 2729 4158 exauditi
2771 4107 2978 4154 essent.
3022 4093 3179 4162 Quod
3220 4101 3400 4147 autem
3436 4089 3510 4144 ita
3561 4088 3655 4152 sit,

420 4460 582 4514 τοῦτο
619 4460 648 4512 6
671 4460 824 4523 Θεὸς,
846 4460 940 4513 καὶ
956 4460 1044 4514 διὰ
1076 4458 1242 4528 φόϐον
1267 4457 1511 4521 πλείονα,
1547 4459 1638 4513 καὶ
1667 4460 1748 4521 εἰς
1797 4459 1996 4527 θάρσος

421 4553 620 4615 αὐτοὺς
659 4552 869 4619 ὲνὰγων
907 4551 1044 4620 μετά
1091 4552 1189 4613 τὰς
1228 4550 1463 4612 ἀπειλὰς
1506 4550 1744 4613 ἐκείνας,
1786 4552 1879 4605 καὶ
1917 4554 1997 4617 είς

2098 4482 2153 4528 et
2196 4478 2256 4525 ut
2293 4468 2560 4540 apostolis
2601 4475 2724 4535 post
2756 4462 2934 4517 minas
2984 4460 3110 4515 illas
3174 4456 3452 4511 audaciam
3491 4454 3661 4520 majo.

2096 4577 2321 4632 remque
2366 4559 2620 4615 fiduciam
2680 4556 2999 4625 ingereret,
3057 4559 3113 4606 et
3172 4549 3434 4620 quoniam
3497 4545 3657 4598 initio

424 4647 742 4716 παρρησίαν
767 4643 1009 4696 πλείονα.
1056 4644 1208 4695 Ἐπεὶ
1240 4643 1347 4712 γὰρ
1383 4641 1524 4712 ἀρχὴ
1550 4637 1639 4710 ἦν,
1682 4644 1775 4695 καὶ
1803 4645 1966 4715 αξσθη

2097 4651 2342 4709 sensibili
2396 4665 2535 4720 opus
2584 4646 2857 4702 habebant
2905 4646 3084 4714 signo,
3114 4649 3175 4696 ut
3196 4640 3278 4694 eis
3324 4638 3661 4694 crederetur.

424 4734 521 4787 τοῦ
566 4734 775 4787 ἐδέοντο
826 4732 1056 4803 σημείου
1108 4732 1245 4801 πρὸς
1274 4732 1334 4785 τὸ
1373 4733 1729 4803 πιστευθῆναι
1772 4736 1939 4790 αὐτού
1956 4755 1992 4791 τ.

426 4824 586 4877 Μετὰ
650 4826 707 4878 δὲ
762 4824 954 4887 ταῦτα,
1005 4822 1243 4891 οὐδαμοῦ
1299 4824 1458 4877 τοῦτο
1507 4826 1743 4892 γίνεται.
1796 4828 1868 4879 T6
1912 4830 1989 4895 δὲ,

434 4932 454 4963 ι
503 4914 879 4986 Ἐπλήσθησαν
926 4913 1245 4984 Πνεύματος
1290 4915 1471 4982 ἀγίου,
1524 4934 1542 4966 ι
1595 4917 1752 4969 τοῦτο
1803 4917 1989 4985 δηλοῖ,

444 5001 894 5076 ’Λνεπυρώθησαν
928 5004 1005 5075 τῷ
1045 5004 1344 5075 Πνεύματι,
1373 5006 1468 5059 καὶ
1497 5005 1776 5059 ἀνεκαίετο
1801 5007 1858 5059 ἐν
1894 5012 1992 5063 a5-

431 5096 547 5156 τοῖς
574 5095 636 5148 τὸ
655 5098 912 5167 χάρισμα.

433 5190 577 5260 Περὶ
628 5190 943 5258 ὁμοψύχου
998 5191 1097 5244 καί
1138 5188 1467 5257 καθολικῆς
1520 5195 1834 5261 κοινωνίας
1884 5195 1998 5250 τῶν

977 5281 1454 5336 πιστευσάντων.

1028 5373 1409 5426 KEIMENON.

508 5464 615 5520 Τοῦ
648 5463 706 5519 δὲ
738 5461 973 5533 πλήθους
1009 5463 1118 5516 τῶν
1175 5465 1583 5520 πιστευσάντων
1627 5464 1694 5538 ἦν
1736 5471 1767 5538 ἡ
1800 5468 2000 5537 καρίαν

508 5578 555 5611 ⁸⁸
608 5577 751 5632 Psal.
786 5591 846 5643 lt,
879 5576 930 5629 1.

2097 4745 2294 4800 Postea
2328 4757 2454 4796 vero
2481 4752 2756 4807 nunquam
2788 4736 2842 4790 id
2887 4736 3089 4789 factum
3137 4741 3243 4788 est.
3294 4730 3428 4783 Illud
3482 4736 3663 4781 autem

2106 4854 2126 4886 ι
2165 4832 2375 4902 Repleti
2422 4836 2550 4883 sunt
2585 4826 2789 4895 Spiritu
2839 4831 3029 4878 sancto
3069 4842 3089 4874 ι
3130 4820 3352 4891 perinde
3398 4817 3539 4871 valet
3578 4830 3663 4877 ac,

2098 4922 2416 4980 inﬂammati
2440 4929 2568 4976 sunt
2596 4918 2819 4988 Spiritu,
2841 4924 2893 4971 et
2915 4920 3109 4970 iterum
3139 4926 3430 4971 accensum
3456 4910 3507 4962 in
3534 4906 3667 4976 ipsis

2098 5021 2182 5069 est
2211 5026 2429 5066 sacrum
2453 5009 2680 5063 donum.

2100 5196 2263 5268 214
2316 5195 2389 5249 De
2462 5193 2698 5246 unanimi
2763 5202 2812 5244 et
2888 5191 3039 5242 totnli
3110 5183 3467 5240 coutnuuuiouc
3536 5177 3667 5243 ﬁde-

2822 5284 2975 5335 lium.

2744 5372 3044 5429 TEXTUS.

2173 5469 2261 5531 IV,
2285 5470 2373 5531 52,
2398 5469 2484 5521 55.
2506 5464 2863 5520 Multitudinis
2886 5469 3064 5514 autem
3089 5456 3425 5513 credentium
3441 5463 3555 5510 erat
3575 5465 3670 5508 cor

1008 5575 1053 5606 "
1090 5574 1221 5632 Luc.
1266 5593 1416 5645 mu,
1448 5579 1533 5635 12.
1609 5582 1650 5614 ³¹
1678 5580 1818 5635 Psal.
1845 5595 1962 5642 cm,
2008 5579 2099 5632 '52.

1614 5670 1809 5730 Variae
1860 5668 2166 5731 lectiones
2214 5675 2273 5731 ct
2315 5674 2508 5731 nota).

510 5770 553 5804 “
577 5768 663 5822 ῖσ.
690 5764 873 5836 φασίν.
