4088 6206
459 290 564 357 891

1354 283 1930 344 TlIEOPllYLACTl
1973 283 2378 342 BULGARLE
2406 283 2754 342 AIlClllEl‘.

3603 271 3711 336 892

467 423 634 461 Itlllllll
681 413 734 460 et
793 403 972 456 anima
999 400 1549 467 una,necquisquam
1574 412 1761 450 eorum
1781 409 2040 464 qumpos-

2148 397 2310 466 καὶή
2363 395 2508 466 ψυχὴ
2554 395 2675 464 μία,
2712 393 2804 446 καὶ
2861 389 3034 452 οὐδείς
3098 406 3150 442 τι
3201 389 3306 442 τῶν
3355 387 3713 459 ὑπαρχόντων

465 498 738 555 sidebant,
763 491 968 560 aliquid
1014 506 1173 544 suum
1201 503 1323 544 esse
1357 489 1590 549 direbat,
1622 487 1715 541 sed
1747 497 1903 540 erant
1929 484 2034 538 illis

466 587 652 644 omnia
715 581 1048 637 communia.
1109 581 1175 634 Et
1229 579 1436 634 virtute
1497 593 1691 645 magna
1740 576 2036 632 reddebam

465 673 700 745 apostoli
735 672 1107 726 testimonium
1165 667 1589 723 resurrectionis
1629 663 1759 720 Jesu
1805 663 2031 726 Christi.

374 813 376 816 ,
468 765 684 820 Domini
731 762 929 828 nostri,
987 772 1040 816 et
1092 760 1267 830 gratia
1303 774 1498 829 magna
1533 768 1650 813 erat
1679 759 1733 812 in
1780 757 2036 810 otnnihus

468 861 596 914 illis.

958 938 1529 996 COMMENTARIUS.

536 1039 652 1093 lloe
686 1046 790 1102 est,
835 1036 1007 1106 signis
1041 1032 1490 1088 demonstrabant
1542 1031 1724 1088 Jesnm
1753 1032 2034 1086 Christum

463 1128 830 1183 resurrexisse
860 1141 875 1180 :
925 1139 1033 1178 non
1077 1122 1221 1176 enim
1257 1121 1362 1174 alia
1395 1124 1608 1177 ratione
1638 1133 1944 1178 monstrare
1982 1123 2038 1177 id

464 1227 738 1288 poterant.

1102 1305 1399 1361 TEXTUS.

535 1393 629 1460 ιν,
651 1394 846 1460 54,35.
865 1392 1051 1464 Neque
1078 1395 1220 1449 enim
1240 1395 1528 1464 quisquam
1558 1408 1722 1461 egens
1749 1395 2039 1462 erat_inter

465 1485 609 1540 illos.
632 1484 908 1554 Quotquot
927 1485 1071 1539 enim
1104 1500 1448 1554 possessores
1467 1499 1720 1553 agrorum
1741 1493 1829 1537 aut
1851 1483 2040 1537 domo-

465 1591 587 1628 rum
618 1585 797 1641 erant,
829 1575 1126 1629 vendentes
1154 1574 1453 1628 alien-bant
1494 1575 1668 1643 pretia
1697 1591 1885 1627 eorum
1917 1589 2040 1641 qme

465 1665 772 1718 vendebant
829 1673 882 1717 et
915 1664 1187 1731 ponebant
1239 1674 1365 1717 ante
1423 1664 1588 1730 pedes
1638 1664 2033 1732 apostolorum.

2141 488 2321 541 αὐτῶν
2385 489 2570 555 ἔλεγεν
2625 487 2757 540 [διον
2799 480 2962 546 εἶναι,
3017 482 3133 536 ἀλλ’
3184 478 3252 552 ἦν
3291 483 3475 541 αὐτοῖς
3536 481 3712 556 πάντα

2141 579 2314 632 κοινά.
2345 579 2456 630 Καὶ
2495 578 2708 648 μεγάλῃ
2734 574 2964 645 δυνάμει
2999 572 3284 627 ἀπεδίδουν
3311 572 3370 624 τὸ
3401 572 3711 641 μαρτύριον

2138 674 2187 724 οἰ
2238 670 2528 723 ἀπόστολοι
2581 670 2680 738 τῆς
2730 668 3077 730 ἀναστάσεως
3119 665 3215 719 τοῦ
3261 666 3469 736 Κυρίου
3505 664 3708 735 Ἰησοῦ,

2138 763 2298 833 χάρις
2325 778 2385 814 τε
2423 759 2635 831 μεγάλη
2667 755 2736 830 ἦν
2766 758 2861 812 ἐπὶ
2894 757 3104 821 πάντας
3134 755 3354 818 αὐτούς.

2730 935 3110 991 ΕΡΜΗΝΕΙΑ.

2207 1029 2489 1093 Τουτέστι,
2523 1028 2610 1082 διὰ
2643 1029 2751 1080 τῶν
2789 1028 3031 1098 σημείων
3062 1026 3361 1093 ἐδείκνυον,
3388 1025 3470 1079 ὅτι
3508 1027 3708 1097 ἀνέστη

2137 1117 2165 1169 ὁ
2197 1120 2430 1188 Χριστός
2452 1137 2465 1150 ·
2504 1119 2804 1188 οὐδαμόθεν
2843 1119 2951 1192 γὰρ
2985 1115 3132 1189 εἶχον
3164 1117 3387 1174 ἄλλοθεν
3439 1118 3706 1186 ἐπιδεῖξαι

2139 1211 2220 1263 ὅτι
2252 1209 2475 1280 ἀνέστη,
2513 1210 2625 1264 ἀλλ’
2655 1210 2687 1281 ἦ
2723 1211 2830 1263 ἀπὸ
2852 1211 2962 1262 τῶν
2999 1210 3262 1279 σημείων.

2734 1301 3116 1356 ΚΕΙΜΕΝΟΝ.

2211 1395 2399 1458 Οὐδεὶς
2441 1395 2626 1465 ἐνδεής
2658 1412 2741 1457 τις
2789 1395 3032 1464 ὑπῆρχεν
3075 1396 3132 1448 ἐν
3163 1394 3367 1456 αὐτοῖς.
3406 1394 3561 1447 Ὅσοι
3598 1394 3705 1462 γάρ

2142 1487 2401 1556 κτήτορες
2461 1487 2676 1557 χωρίων
2737 1488 2770 1555 ἥ
2825 1485 3009 1538 οἰκιῶν
3059 1485 3324 1554 ὑπῆρχον,
3402 1483 3711 1548 πωλοῦντες

2141 1577 2335 1648 ἔφερον
2364 1579 2462 1641 τὰς
2495 1578 2661 1647 τιμάς
2705 1577 2812 1631 τῶν
2851 1577 3334 1647 πιπρασκομένων,
3367 1578 3461 1629 καὶ
3500 1576 3710 1629 ἐτίθουν

2143 1667 2294 1738 παρὰ
2323 1669 2448 1730 τοὺς
2485 1669 2650 1731 πόδας
2678 1669 2786 1721 τῶν
2833 1668 3168 1722 ἀποστόλων.
3211 1667 3474 1720 Διεδίδοτο
3501 1666 3557 1720 δέ
3586 1667 3709 1721 ἐκά·

467 1753 823 1809 Dividcbatur
846 1762 1026 1806 autem
1054 1753 1281 1820 singulis
1318 1762 1479 1820 prout
1513 1755 1706 1823 cuique
1731 1770 1868 1823 opus
1894 1766 2031 1808 erat.

2144 1775 2252 1827 στῳ
2284 1757 2405 1811 καθ’
2431 1758 2459 1811 ὃ
2482 1775 2566 1821 τις
2593 1759 2782 1828 χρείαν
2807 1755 2968 1829 εἶχεν.

959 1860 1525 1918 COMMENTARIUS.

535 1973 616 2032 E;
645 1991 840 2045 magna
875 1990 982 2044 qua
1035 1975 1315 2043 apostolos
1361 1976 1832 2044 prosequebantur
1889 1991 2040 2030 reve-

469 2070 643 2123 rentia
685 2067 870 2122 ﬁdeles
907 2082 1084 2135 neque
1132 2066 1187 2119 in
1230 2081 1427 2120 manus
1459 2066 1566 2120 illis
1601 2067 1831 2121 tradere
1874 2066 2042 2120 aude-

467 2160 603 2215 bant
631 2174 814 2213 rerum
854 2157 1197 2211 venditarum
1226 2157 1428 2226 pretia,
1465 2156 1560 2210 sed
1591 2160 1655 2209 ad
1683 2157 1850 2226 pedes
1883 2157 2039 2212 defe-

469 2252 656 2306 rebant
686 2268 700 2316 ;
733 2261 786 2305 et
821 2251 965 2319 ipsos
999 2249 1384 2304 distributores
1428 2248 1792 2317 dominosque
1831 2249 2038 2303 consti-

469 2343 715 2402 tuebant,
780 2351 839 2395 ut
884 2350 1143 2409 tauquam
1189 2341 1497 2394 communia
1554 2348 1609 2394 et
1669 2340 1820 2393 nullo
1879 2340 2040 2394 modo

465 2434 682 2503 propria
755 2434 944 2488 eadem
981 2431 1373 2501 expenderent.
1445 2430 1598 2496 Quod
1663 2431 1882 2501 quidem
1932 2432 2040 2486 illis

471 2526 539 2579 ad
577 2540 770 2578 vanam
802 2525 1030 2595 gloriam
1071 2523 1381 2579 evitandum
1425 2525 1657 2578 maxime
1703 2524 2040 2579 conferebat.

541 2676 544 2680 ι
1105 2612 1408 2671 TEXTUS.

535 2707 626 2772 IV,
651 2706 742 2770 36,
771 2708 860 2761 '57.
888 2707 1086 2776 Joseph
1125 2715 1329 2770 autem,
1361 2706 1453 2775 qui
1501 2705 1919 2774 cognominatus
1957 2713 2043 2760 est

466 2797 745 2853 Barnabas
776 2798 846 2854 ab
863 2797 1148 2868 apostolis.
1177 2798 1322 2867 quod
1346 2805 1432 2852 est
1458 2797 1872 2866 interpretatum
1900 2814 1918 2847 ι
1953 2796 2043 2850 Είι

465 2888 571 2942 lius
598 2889 1011 2956 consolationis,
1052 2906 1071 2940 ι
1117 2887 1352 2954 Levites,
1371 2887 1604 2959 Cyprius
1643 2903 1876 2957 genere,
1915 2903 2039 2941 cum

468 2981 690 3035 haberet
731 2997 941 3050 agrum,
975 2980 1217 3035 vendidit
1248 2996 1394 3046 eum,
1423 2988 1478 3034 et
1504 2979 1684 3032 attulit
1706 2979 1958 3048 pretium,
1989 2987 2042 3034 et

465 3073 647 3140 posuit
695 3085 819 3126 ante
857 3073 1019 3141 pedes
1047 3075 1447 3141 apostolorum.

966 3160 1533 3218 COMMENTARIUS.

533 3250 732 3321 Ioseph
761 3252 864 3307 iste
904 3252 1049 3304 haud
1087 3253 1218 3305 mihi
1269 3254 1359 3306 ille
1401 3254 1615 3308 videtur
1657 3269 1802 3317 esse,
1843 3253 1936 3322 qui
1971 3251 2036 3305 ad

466 3344 785 3412 replendum
838 3343 1154 3398 duodenum
1211 3345 1588 3412 apostolorum
1638 3346 1889 3406 chorum.
1948 3359 2040 3398 sc-

467 3435 646 3490 lectus
703 3450 825 3488 cum
863 3434 1090 3488 Matthia
1143 3435 1265 3490 fuit.
1308 3435 1359 3490 ls
1416 3437 1562 3489 enim
1603 3443 1657 3491 et
1702 3432 1902 3502 Joseph
1955 3435 2040 3486 di-

465 3523 694 3578 cebatur
753 3532 807 3578 et
835 3523 1154 3590 Barsabas;
1206 3533 1396 3594 postea
1446 3539 1573 3578 vero
1627 3522 2040 3594 cognominatus

464 3621 551 3668 est
595 3612 805 3670 Justus.
844 3614 949 3669 Iste
991 3627 1168 3669 autem
1207 3617 1388 3671 dictus
1441 3625 1524 3670 est
1567 3615 1878 3680 Barnabas,
1935 3614 2039 3668 hoc

463 3705 628 3775 215
657 3713 741 3761 est
780 3725 797 3758 ι
838 3706 1009 3762 Filius
1057 3709 1448 3764 consolationis
1482 3726 1494 3762 :
1552 3727 1572 3762 ι
1609 3707 1754 3778 quod
1817 3706 2035 3772 quidem

466 3811 667 3850 nomen
704 3813 769 3852 ex
800 3798 1003 3853 virtute
1031 3799 1262 3854 Sortitus
1297 3801 1428 3853 tuihi
1461 3815 1583 3855 esse
1616 3800 1854 3864 videtur,
1891 3801 2038 3853 velut

460 3885 533 3941 ad
553 3889 982 3944 consolationem
1012 3889 1377 3959 praestandam
1415 3892 1615 3945 eximie
1643 3892 1890 3945 idoneus.

740 3979 897 4035 Feria
917 3989 1066 4035 sexta
1105 3981 1455 4035 bebtlomadte
1479 3981 1752 4038 secundae.

528 4070 610 4127 De
632 4072 844 4127 Anam‘a
867 4082 916 4126 et
949 4071 1200 4140 Sapkira,
1237 4089 1520 4144 earumque
1549 4076 1741 4129 acerba
1773 4085 1961 4131 morte.

1099 4245 1398 4303 TEXTUS.

530 4357 764 4424 ιιι-ιι.
794 4357 886 4414 Vir
929 4368 1106 4416 autem
1151 4362 1372 4431 quidam
1394 4361 1612 4418 nomine
1630 4364 1889 4429 Ananias,
1907 4380 2030 4420 eum

463 4448 696 4517 Saphira
735 4464 905 4505 uxore
929 4465 1050 4516 sua,
1083 4451 1328 4506 vendidit
1356 4467 1545 4522 agrum
1577 4463 1632 4509 et
1672 4454 1944 4511 fraudavit
1969 4457 2036 4513 de

364 4582 372 4596 η
457 4540 632 4610 pretio
672 4543 786 4608 agri
816 4543 1037 4596 conscia
1092 4556 1261 4595 uxore
1282 4557 1380 4597 sua
1414 4553 1508 4605 ;et
1561 4545 1796 4601 all‘erens
1830 4539 2050 4617 partem

455 4629 774 4696 quamdam,
805 4631 873 4684 ad
914 4631 1078 4699 pedes
1105 4633 1479 4699 apostolorum
1511 4637 1719 4704 posuit.
1754 4639 1904 4692 Dixit
1938 4655 2038 4693 au-

457 4729 566 4772 tem
609 4718 802 4774 Petrus
862 4738 877 4780 :
939 4721 1170 4788 Anania,
1213 4737 1312 4777 cur
1378 4728 1608 4782 tentavit
1667 4728 1899 4784 Satanas
1943 4746 2040 4785 eor

458 4819 634 4874 tuum,
669 4811 888 4865 mentiri
921 4820 976 4865 te
1019 4811 1245 4882 Spiritui
1296 4827 1514 4886 sancto,
1564 4829 1620 4874 et
1671 4820 1930 4878 fraudare
1963 4823 2033 4878 de

460 4901 637 4970 pretio
665 4903 826 4972 agri?
885 4905 1080 4960 Nonne
1114 4921 1341 4965 manens
1376 4910 1473 4965 tibi
1525 4915 1800 4978 manebat,
1852 4925 1906 4969 et
1933 4931 2028 4970 ve-

465 4993 775 5047 nundatum
810 4995 864 5049 in
897 5005 986 5051 tua
1012 5005 1132 5052 erat
1154 5001 1461 5068 potestate?
1496 5000 1677 5067 Quare
1703 5004 1933 5071 posuisti
1977 5005 2030 5058 in

455 5081 622 5138 corde
645 5092 738 5138 tuo
768 5083 909 5140 hanc
957 5087 1112 5142 rem?
1145 5087 1263 5140 Non
1291 5103 1352 5143 es
1406 5091 1671 5146 mentitus
1696 5091 2029 5160 hominibus,

456 5173 552 5228 sed
584 5175 714 5231 Deo.
743 5175 986 5234 Audiens
1024 5187 1207 5232 autem
1239 5178 1482 5235 Ananias
1509 5181 1625 5236 haec
1651 5183 1840 5246 verba.
1889 5185 2032 5239 ceci-

455 5265 536 5318 dit
562 5274 618 5320 ct
645 5268 964 5336 exspiravit.
1014 5269 1079 5322 Et
1099 5269 1276 5324 factus
1299 5280 1384 5324 est
1412 5272 1575 5328 timor
1607 5291 1834 5344 magnus
1865 5292 2032 5346 super

455 5370 646 5412 omnes
710 5359 1168 5428 qui-audierunt.
1222 5359 1520 5430 Surgentes
1557 5372 1737 5420 autem
1797 5367 2028 5436 juvenes

2731 1869 3115 1923 EPMIINEIA.

2222 1980 2317 2032 Ἐκ
2344 1979 2542 2049 πολλῆς
2558 1980 2863 2045 εὐλαϐείας,
2888 1979 3010 2034 οὔτε
3031 1982 3110 2047 εἰς
3133 1981 3234 2046 τὰς
3253 1986 3440 2054 χεῖρας
3463 1984 3706 2053 ἐτόλμων

2140 2069 2361 2130 δοῦναι,
2407 2069 2531 2122 οὔτε
2580 2072 2978 2141 τετυφωμένως
3029 2077 3315 2146 παρεῖχον·
3359 2076 3497 2129 ἀλλά
3555 2077 3704 2142 παρὰ

2140 2162 2268 2222 τοὺς
2302 2162 2467 2224 πόδας
2503 2161 2717 2232 ἔφερον,
2761 2164 2852 2216 καὶ
2884 2165 3079 2228 αὐτοὺς
3118 2167 3438 2237 οἰκονόμους
3475 2168 3705 2238 ἠφίεσαν

2140 2253 2417 2320 γενέσθαι,
2449 2257 2546 2308 καὶ
2569 2255 2790 2324 κυρίους
2829 2257 2936 2309 τῶν
2972 2258 3118 2313 ἰδίων
3147 2261 3362 2313 ἐποίουν
3381 2276 3396 2290 ⁶
3429 2261 3514 2314 ἵνα
3543 2261 3616 2322 ὡς
3641 2263 3706 2313 ἐκ

2141 2344 2337 2396 κοινῶν
2397 2345 2580 2398 λοιπὸν
2636 2347 3017 2418 ἀναλίσκηται,
3057 2352 3254 2418 μηκέτι
3290 2350 3366 2415 ὡς
3423 2353 3480 2417 ἐξ
3536 2353 3702 2406 ἰδίων.

2141 2433 2314 2486 Τοῦτο
2347 2434 2403 2487 δὲ
2433 2435 2570 2506 πρὸς
2602 2436 2694 2490 τὸν
2724 2437 3036 2503 ἀκενόδοξον
3063 2439 3246 2503 αὐτοῖς
3292 2440 3664 2495 συνεϐάλλετο.

2731 2611 3094 2664 ΚΕΙΜΕΝΟΝ

2226 2687 2500 2770 Ὶωσῆςδὲ
2539 2710 2568 2754 ο
2617 2699 2936 2769 ἐπικληθεὶς
2979 2701 3266 2774 Βαρνάϐας
3291 2702 3400 2755 ἀπὸ
3429 2703 3538 2755 τῶν
3577 2702 3707 2758 ﬁmo

2144 2789 2368 2853 στόλων,
2399 2790 2427 2842 ὃ
2466 2792 2582 2842 ἐστι
2617 2789 3182 2862 μεθερμηνευόμενον,
3221 2793 3385 2856 «Υἱὸς
3415 2792 3703 2864 παρακλή-

2144 2900 2300 2948 σεως,
2322 2902 2339 2934 ι
2365 2883 2618 2952 Λευῒτης,
2645 2882 2890 2954 Κύπριος
2909 2883 2987 2954 τῷ
3009 2885 3175 2952 γένει,
3195 2885 3530 2955 ὑπάρχοντος
3554 2886 3704 2957 αὑτῷ

2143 2974 2339 3043 ἀγροῦ,
2387 2975 2668 3044 πωλήσας,
2725 2977 2925 3046 ἤνεγκε
2971 2977 3038 3030 τὰ
3081 2978 3360 3047 χρήματα,
3390 2978 3486 3031 καὶ
3537 2977 3701 3048 Εθηκε

2067 3065 2114 3129 C
2148 3068 2300 3138 παρά
2333 3069 2460 3131 τοὺς
2480 3067 2648 3132 πόδας
2669 3069 2778 3121 τῶν
2807 3069 3139 3123 ἀποστόλων.

2735 3160 3114 3215 EPMHNEIA.

2215 3248 2289 3300 Οὐ
2321 3249 2472 3302 δοκεῖ
2497 3268 2587 3319 μοι
2616 3251 2821 3314 ἐκεῖνος
2856 3246 3017 3317 εἰναι,
3047 3251 3074 3302 ό
3107 3250 3244 3320 μετά
3287 3250 3504 3305 Ματθία
3532 3250 3703 3321 ψηφι-

2145 3341 2294 3402 σθείς
2325 3341 2404 3403 εἰς
2430 3341 2816 3411 ἀναπλήρωσιν
2847 3342 2941 3395 τοῦ
2960 3341 3120 3413 χοροῦ
3137 3343 3246 3396 τῶν
3271 3342 3496 3396 δώδεκα.
3535 3343 3705 3396 Ἐκεῖ-

2141 3449 2228 3494 νος
2250 3431 2359 3502 γὰρ
2391 3433 2486 3486 καὶ
2511 3433 2702 3502 Ἰωσῆς
2731 3433 2968 3500 ἐλέγετο,
2991 3435 3083 3487 καὶ
3115 3433 3422 3504 Βαρσαϐἄς.
3446 3435 3704 3505 Ὕστερον

2140 3523 2197 3576 δέ
2227 3524 2502 3594 ἐπεκλήθη
2549 3523 2793 3587 Ἰοῦστος.
2833 3519 3000 3588 Οὗτος
3042 3526 3098 3578 δέ
3135 3525 3442 3596 Βαρνάϐας,
3470 3529 3498 3580 ὃ
3532 3529 3702 3593 ἐστιν,

2145 3633 2165 3665 ‹
2195 3615 2319 3677 Υἱὸς
2342 3613 2758 3684 παρακλήσεως,
2782 3635 2802 3668 ο
2825 3616 2911 3669 καί
2931 3617 3078 3670 δοκεῖ
3105 3633 3215 3687 μοι,
3245 3617 3353 3671 ἀπὸ
3380 3617 3482 3687 τῆς
3502 3618 3704 3688 ἀρετῆς

2138 3706 2420 3776 εἰληφέναι
2447 3706 2508 3759 τὸ
2544 3705 2740 3778 ὄνομα,
2765 3707 2841 3773 ὼς
2871 3709 3009 3780 πρὸς
3036 3707 3195 3763 τοῦτο
3235 3709 3434 3773 ἱκανῶς
3463 3710 3556 3762 καὶ
3582 3710 3704 3764 ἐπιδ

2136 3797 2364 3869 τηδείως
2390 3798 2549 3871 ἔχων.

2440 3982 2517 4050 Τῇ
2551 3983 2877 4054 Ιιαρασκευῇ
2907 3982 3008 4052 τῆς
3045 3980 3089 4053 β’
3114 3982 3421 4054 ἑϐδομάδος.

2135 4071 2275 4139 Περί
2307 4071 2584 4128 Ἀνανίου
2618 4072 2717 4128 καὶ
2739 4075 3100 4143 Σαπφείρης,
3131 4075 3230 4130 καὶ
3263 4073 3476 4144 πικρᾶς
3506 4075 3708 4130 αὐτῶν

2763 4163 3074 4232 τελευτῆς.

2728 4256 3112 4312 ΚΕῙΜΕΝΟΝ.

2223 4363 2389 4435 Ἀνήρ
2421 4363 2478 4416 δέ
2505 4380 2590 4427 τις
2632 4364 2883 4428 Ἀνανίας
2909 4366 3157 4437 ὀνόματι,
3197 4369 3293 4421 σὺν
3323 4368 3614 4442 Σαπφείρῃ
3634 4371 3701 4440 τῇ

2141 4455 2362 4522 γυναικὶ
2392 4453 2584 4517 αὑτοῦ,
2615 4454 2864 4526 ἐπώλησε
2891 4457 3096 4528 κτῆμα,
3123 4458 3217 4512 καὶ
3245 4459 3563 4528 ἐνοσφίσατο
3594 4457 3704 4510 ἀπὸ

2139 4545 2239 4615 τῆς
2267 4546 2454 4615 τιμῆς,
2485 4546 2790 4612 συνειδυίας
2819 4547 2913 4601 καί
2957 4550 3055 4619 τῆς
3093 4549 3347 4616 γυναικὸς
3377 4547 3561 4602 αὐτοῦ.
3592 4548 3704 4602 Καὶ

2134 4639 2363 4705 ἐνέγκας
2407 4640 2570 4709 μέρος
2609 4654 2663 4691 τι
2717 4639 2866 4708 παρά
2889 4639 3016 4702 τοὺς
3047 4641 3218 4703 πόδας
3247 4640 3357 4693 τῶν
3389 4640 3703 4693 ἀποστόλων

2133 4732 2348 4802 ἔθηκεν.
2376 4728 2512 4787 Eine
2552 4733 2608 4786 δέ
2633 4732 2841 4803 Πέτρος
2873 4733 3010 4803 πρὸς
3035 4733 3198 4787 αὐτόν
3219 4750 3233 4764 ·
3273 4733 3512 4796 Ἁνανία,
3543 4732 3628 4784 διά
3650 4732 3701 4783 τί

2134 4824 2452 4896 ἐπλήρωσεν
2480 4825 2509 4876 ό
2553 4825 2796 4888 Σατανᾶς
2839 4825 2940 4894 τὴν
2985 4825 3212 4894 καρδίαν
3242 4841 3358 4888 σου,
3395 4822 3701 4893 ψεύσασθαί

2135 4933 2197 4968 σε
2259 4916 2321 4968 τὸ
2353 4915 2576 4986 Πνεῦμα
2612 4917 2674 4969 τὸ
2706 4917 2894 4985 ἅγιον,
2948 4918 3040 4969 καὶ
3084 4915 3442 4985 νοσφίσασθαι
3492 4932 3552 4968 σε
3592 4912 3702 4967 ἀπὸ

2128 5009 2231 5079 τῆς
2261 5009 2431 5079 τιμῆς
2461 5009 2554 5063 τοῦ
2601 5009 2844 5080 χωρίου;
2887 5008 3022 5078 Οὐχὶ
3067 5008 3227 5077 μένον
3272 5023 3352 5059 σοι
3389 5005 3573 5075 ἔμενε,
3606 5003 3700 5055 καὶ

2132 5100 2342 5172 πραθὲν
2387 5101 2446 5153 ἐν
2505 5103 2572 5171 τῇ
2613 5103 2678 5170 σῇ
2725 5099 2950 5170 ἐξουσίᾳ
2985 5099 3229 5168 ὐπῆρχε;
3262 5097 3327 5150 Τί
3373 5099 3455 5149 ὅτι
3485 5095 3613 5148 ἔθου
3641 5095 3699 5148 ἐν

2129 5191 2196 5259 τῇ
2243 5190 2440 5261 καρδίᾳ
2486 5207 2578 5242 σου
2624 5189 2684 5242 τὸ
2718 5190 2952 5259 πρᾶγμα
2981 5187 3173 5253 τοῦτος
3211 5187 3323 5241 Οὐκ
3352 5186 3565 5255 ἐψεύσω
3598 5186 3694 5237 ἀν-

2130 5278 2389 5350 θρώποις,
2407 5279 2543 5334 ἀλλά
2570 5280 2647 5350 τῷ
2667 5279 2786 5349 Θεῷ
2800 5281 2868 5334 ³⁸.
2887 5277 3124 5332 Ἀκούων
3148 5278 3204 5332 δὲ
3231 5279 3260 5332 ό
3297 5277 3542 5340 Ἀνανίας
3571 5275 3698 5337 τοὺς

2133 5369 2327 5439 λόγους
2376 5370 2620 5437 τούτους,
2657 5369 2840 5423 πεσὼν
2870 5369 3093 5438 ἐξέψυξε
3116 5385 3130 5401 °
3167 5369 3258 5421 καί
3289 5366 3502 5436 ἐγένετο
3536 5363 3697 5433 φόϐος

1655 5543 1851 5605 Variae
1901 5546 2205 5609 lectiones
2252 5553 2311 5609 et
2357 5553 2544 5608 notm.

533 5657 578 5689 ⁸³
601 5657 729 5719 Θεὸς
768 5658 858 5711 οὖν
897 5661 954 5712 τὸ
980 5663 1199 5733 Πνεῦμα
1241 5665 1298 5718 τὸ
1333 5665 1506 5733 ἅγιον,
1535 5664 1562 5718 ὃ
1597 5665 1866 5735 ἐψεύσατο
1898 5668 2168 5731 Ἀνανίας.
