4088 6206
480 302 586 361 695

1388 308 1930 368 ΤΙέΕΟΡΗΥΙΑΟΤ
1950 302 2404 368 ιεΒυωΑῐιιίΕ
2437 310 2789 371 ARCHIEP.

3608 312 3717 376 896

479 410 791 464 duczcorum
830 411 1014 479 repleti
1056 424 1181 467 sunt
1218 413 1360 468 zelo.
1408 416 1470 469 Et
1520 417 1819 485 injecerunt
1856 434 2048 473 tmmns

2152 419 2369 487 καίων),
2399 420 2752 491 ἐπλήσθησαν
2788 419 2983 489 ζήλου·
3028 420 3123 472 καὶ
3166 419 3432 473 ἐπέϐαλον
3483 425 3581 486 τὰς
3615 429 3723 494 χεῖ-

481 503 537 556 in
574 504 852 573 apostolos
902 513 956 558 et
996 518 1409 574 posuerunteos
1448 510 1497 562 in
1533 510 1779 563 custodia
1806 513 2044 581 publica.

478 590 721 661 Angelus
751 599 932 645 autem
966 592 1177 646 Domini
1211 610 1305 664 per
1335 606 1548 652 noctem
1582 599 1833 666 aperiens
1850 600 2048 667 jauuas

478 683 716 737 carceris
763 691 820 736 et
850 683 1090 737 educens
1119 700 1235 749 eos,
1291 688 1423 742 dixit
1454 706 1468 743 :
1499 688 1595 749 Ite,
1631 698 1683 743 et
1722 699 1932 744 stantes
1968 691 2047 742 lo-

474 773 712 844 quimini
740 775 793 827 in
828 775 1029 844 templo
1079 776 1224 845 plebi
1259 781 1437 833 omnia
1481 782 1642 835 verba
1692 782 1816 835 vitze
1861 781 2048 850 hujus.

992 953 1563 1015 COMMENTARIUS.

555 1042 681 1099 Post
729 1044 986 1114 injectum
1048 1050 1324 1118 timorem,
1359 1053 1513 1120 plura
1570 1054 1685 1124 ipse
1740 1065 1793 1110 et
1851 1055 2047 1124 reliqui

406 1204 413 1211 ο
479 1134 639 1205 signa
679 1136 970 1193 faciebant.
996 1140 1067 1194 Ex
1100 1142 1292 1197 timore
1314 1146 1458 1198 enim
1507 1145 1755 1202 Ecclesia
1804 1150 2052 1217 prolicie-

478 1226 572 1281 bat
600 1228 654 1281 in
687 1228 791 1283 llde
828 1240 883 1283 et
912 1232 1044 1287 tides
1083 1234 1149 1287 ad
1187 1236 1447 1291 miracula
1474 1240 1892 1308 cooperabatur.
1930 1238 2046 1294 Non

474 1317 624 1371 enim
659 1330 846 1389 postea
877 1321 1054 1387 facile,
1077 1335 1134 1377 ut
1193 1337 1376 1389 antea,
1401 1333 1740 1398 contemptui
1777 1332 2049 1385 habel'an-

479 1415 569 1459 tur
603 1417 703 1463 :et
753 1411 919 1466 multa
963 1424 1080 1467 erat
1111 1415 1264 1481 fides,
1300 1427 1355 1472 et
1389 1421 1563 1489 major
1611 1438 1772 1490 quam
1808 1433 2051 1493 tempore

475 1497 706 1554 Christi.
757 1501 947 1558 Simile
993 1506 1138 1560 enim
1173 1510 1388 1565 vivente
1433 1511 1656 1566 Christo
1707 1512 1907 1567 factum
1943 1530 2049 1567 non

476 1597 582 1643 est.
612 1588 957 1650 Manentibus
1006 1601 1148 1652 enim
1183 1602 1289 1655 illis
1318 1618 1416 1656 nec
1442 1604 1932 1670 circumeuntilnts,
1960 1623 2057 1659 un-

476 1679 641 1748 dique
667 1682 1038 1740 aﬂerebantur
1077 1708 1095 1738 ι
1135 1691 1333 1744 inﬁrmi
1370 1693 1422 1746 in
1482 1695 1695 1748 lectulis
1740 1710 1803 1748 ac
1853 1697 2044 1765 graba-

2155 526 2253 579 ρας
2284 510 2376 561 ἐπὶ
2409 509 2536 571 τοὺς
2572 509 2925 573 ἀποστόλους,
2955 510 3050 561 καὶ
3100 509 3285 563 ἔθεντο
3312 510 3512 575 αὐτοὺς
3545 514 3601 565 ὲν
3629 532 3728 585 τη-

2158 602 2313 670 ρήσει
2348 600 2604 672 δημοσίᾳ.
2643 602 2909 668 Ἀγγελος
2940 600 2995 654 δὲ
3032 600 3238 671 Κυρίου
3274 601 3368 654 διὰ
3396 601 3497 672 τῆς
3529 608 3727 670 νυκτὸς

2151 693 2329 761 ἧνοιξε
2357 694 2454 755 τὰς
2484 693 2657 762 θύρας
2676 693 2773 762 τῆς
2796 692 3072 762 φυλακῆς·
3104 692 3389 762 ἐξαγαγών
3418 712 3478 748 τε
3505 696 3725 761 αὐτοὺς,

2152 780 2274 837 εἶπε
2294 801 2308 814 ·
2334 784 2660 857 Πορεύεσθε,
2688 788 2782 839 καὶ
2814 784 3102 847 σταθέντες
3158 784 3369 839 λαλεῖτε
3393 787 3451 839 ἐν
3484 787 3561 859 τῷ
3597 789 3728 861 ίερῖι

2151 874 2227 944 τῷ
2254 874 2368 946 λαῷ
2403 877 2577 930 πάντα
2608 874 2675 929 τὰ
2699 876 2919 945 ῥήματα
2949 874 3049 943 τῆς
3083 870 3229 947 ζωῆς
3256 877 3478 946 ταύτης.

2751 967 3129 1023 EPMHNEIA.

2225 1059 2379 1112 Μετὰ
2411 1059 2472 1112 τὸ
2519 1057 2776 1127 γενέσθαι
2804 1061 2897 1112 τὸν
2935 1060 3101 1129 φόδον
3155 1060 3359 1124 αὖτῶν,
3385 1060 3602 1115 πλείονα
3637 1080 3733 1133 ση-

2157 1156 2282 1223 μεῖα
2315 1151 2512 1214 ἐποίει,
2554 1150 2650 1202 καὶ
2694 1150 2852 1212 αὐτὸς
2883 1152 2977 1203 καὶ
3011 1152 3062 1204 οῖ
3095 1151 3294 1205 λοιποί.
3335 1152 3467 1204 Ἀπὸ
3498 1153 3607 1223 γὰρ
3634 1154 3728 1207 τοῦ

2154 1244 2321 1311 φόϐου
2351 1242 2430 1303 είς
2462 1241 2682 1294 πλείονα
2716 1240 2899 1294 πίστιν
2937 1241 3178 1294 ἐπεδίδου
3217 1244 3250 1312 ἡ
3291 1241 3587 1312 Ἐκκλησία
3612 1261 3626 1274 ο
3649 1244 3731 1296 διὸ

2152 1338 2247 1389 καὶ
2300 1335 2332 1402 ἠ
2384 1333 2564 1395 πίστις
2604 1335 2862 1404 συνήργει
2892 1336 3003 1396 τοῖς
3033 1333 3331 1403 θαύμασιν.
3368 1336 3480 1387 Οὐκ
3504 1335 3586 1387 ἐτι
3623 1337 3730 1405 γὰρ

2151 1424 2246 1477 τοῦ
2276 1423 2465 1477 λοιποῦ
2505 1424 2973 1493 εὐκαταφρόνητοι
3011 1419 3152 1493 ἦσαν
3187 1424 3445 1494 καθάπερ
3473 1427 3567 1478 καὶ
3590 1427 3731 1493 πρό-

2153 1534 2312 1588 τερον
2333 1534 2348 1548 ⁸
2384 1517 2518 1570 ἀλλὰ
2549 1516 2774 1587 πολλὴὴ
2812 1516 2996 1579 πίστις
3030 1520 3125 1568 κοιλ⁵
3168 1515 3393 1585 μείζων,
3426 1517 3458 1587 ἢ
3496 1518 3589 1569 ἐπὶ
3633 1518 3730 1570 τοῦ

2155 1607 2413 1675 Χριστοῦ.
2454 1605 2625 1661 Τοῦτο
2661 1608 2770 1678 γὰρ
2817 1608 2912 1659 ἐπὶ
2950 1604 3046 1660 τοῦ
3101 1606 3338 1676 Χριστοῦ
3398 1608 3458 1658 οὐ
3516 1608 3728 1674 γέγονε.

2156 1696 2444 1750 Μενόντων
2479 1698 2587 1767 γὰρ
2646 1698 2848 1758 αὐτῶν,
2914 1698 3008 1750 καὶ
3056 1699 3118 1750 οὐ
3171 1696 3571 1769 περι[ι]ο5ντων,
3634 1698 3733 1750 καὶ

476 1771 571 1834 tis,
622 1790 642 1824 ι
683 1782 742 1826 ιιι
779 1790 842 1828 ex
871 1777 1064 1830 umbra
1106 1780 1253 1833 Petri
1306 1795 1654 1839 sanarentur.
1702 1784 1814 1840 Iloc
1867 1797 2046 1840 autem

2155 1787 2375 1839 ἄλλοθεν
2399 1788 2656 1856 ἐφέροντο
2685 1788 2883 1851 πάντες
2914 1788 3005 1840 ἐπὶ
3035 1787 3232 1841 κλινῶν
3260 1790 3350 1841 καὶ
3373 1805 3406 1838 κ
3415 1788 3727 1855 ραδδάτων,

476 1863 731 1933 contigit,
765 1867 1023 1933 quoniam
1059 1871 1177 1940 ipse
1221 1871 1476 1928 Christus
1509 1877 1771 1931 Dominus
1794 1879 1930 1931 dixit
1964 1882 2005 1910 "
2034 1899 2048 1934 :

482 1970 505 2005 ι
546 1951 649 2020 Qui
681 1957 854 2011 credit
896 1960 949 2012 in
986 1976 1093 2025 me,
1125 1979 1290 2031 opera
1319 1981 1442 2034 qua:
1477 1982 1577 2035 ego
1608 1966 1771 2034 facio,
1796 1979 1849 2022 et
1889 1971 2049 2041 217

476 2043 597 2113 ipse
662 2046 844 2113 laciet,
893 2059 947 2105 et
987 2054 1193 2122 majora
1235 2058 1428 2110 hormn
1468 2057 1651 2113 faciet.
1715 2078 1733 2110 ι
1782 2059 1861 2113 En
1914 2077 2042 2115 vero

476 2134 757 2208 impletum
795 2140 898 2197 hoc
926 2144 1157 2203 dictum.

801 2319 1043 2375 Sabbato
1072 2322 1427 2381 hebdomadze
1458 2331 1730 2388 secundae.

476 2406 632 2474 Quod
665 2421 880 2483 postera
901 2413 985 2467 die
1023 2418 1299 2484 pontiﬁces
1330 2436 1419 2473 eos
1463 2438 1649 2476 rursus
1710 2428 2051 2496 comprehen-

548 2516 654 2567 sos,
688 2520 754 2559 ne
782 2505 1012 2573 amplius
1055 2507 1324 2575 docerent,
1378 2512 1678 2584 ﬂagellalos
1720 2517 2045 2577 dimiserint.

1106 2683 1410 2742 TEXTUS.

544 2765 613 2836 ν,
629 2769 819 2828 21-32.
839 2772 1082 2840 Quicum
1106 2779 1408 2844 audissent,
1443 2782 1787 2841 intraverunt
1806 2788 2055 2844 diluculo

472 2850 838 2931 in'templum,
890 2874 943 2920 et
979 2866 1270 2924 docebant.
1317 2873 1629 2932 Adveniens
1686 2888 1867 2932 autem
1905 2881 2055 2950 prin-

472 2963 604 3019 ceps
653 2953 997 3010 sacerdotum
1028 2968 1082 3013 et
1111 2959 1204 3030 qui
1255 2976 1379 3016 cum
1429 2978 1496 3019 eo
1517 2978 1691 3033 erant,
1717 2984 2051 3027 convocave-

475 3054 602 3098 runt
628 3050 921 3106 concilium
947 3062 1001 3107 et
1027 3069 1220 3111 omnes
1251 3059 1497 3115 seniores
1520 3061 1755 3116 ﬁliorum
1780 3066 1967 3130 Israel,
1995 3078 2047 3124 et
2071 3097 2117 3161 ρ

474 3136 743 3193 miserunt
771 3145 838 3194 ad
860 3159 1163 3212 carcerem,
1186 3158 1244 3203 ut
1275 3150 1694 3209 adducerentur.
1713 3158 1847 3211 Cum
1867 3168 2047 3214 autem

475 3224 760 3280 venissent
796 3231 1052 3297 ministri,
1089 3245 1143 3289 et
1179 3245 1370 3305 aperto
1404 3256 1629 3298 carcere
1677 3262 1782 3299 non
1812 3249 2052 3305 invenis-

476 3324 601 3370 sent
629 3316 774 3380 illos,
808 3325 1010 3377 reversi
1060 3327 1478 3398 nuntiaverunt,
1510 3333 1749 3390 dicentes
1784 3355 1797 3390 :
1848 3339 2050 3395 Carce-

473 3422 589 3461 rem
623 3408 841 3478 quidem
872 3411 1180 3472 invenimus
1207 3418 1452 3475 clausum
1487 3439 1609 3477 cum
1640 3429 1788 3482 omni
1824 3429 2054 3500 diligent-

476 3499 573 3562 tia,
605 3508 659 3556 et
686 3505 943 3560 custodes
969 3516 1178 3565 stantes
1203 3520 1331 3566 ante
1356 3514 1591 3582 januas;
1628 3499 2050 3589 aperientesau-

474 3595 583 3642 tem
641 3595 911 3649 neminem
968 3597 1115 3653 intus
1160 3604 1489 3662 invenimus.
1532 3609 1601 3665 Ut
1640 3620 1818 3667 autem
1861 3615 2051 3671 audie-

475 3689 606 3735 runt
637 3683 736 3738 hos
765 3700 1047 3746 sermones
1096 3696 1448 3765 magistratus
1481 3702 1665 3771 templi
1689 3714 1742 3758 et
1775 3708 2047 3777 principes

473 3774 822 3830 sacerdotum
879 3783 1228 3852 ambigebant
1267 3788 1340 3843 de
1398 3791 1509 3847 illis
1558 3774 1816 3863 ‘qnidnam
1872 3774 2043 3855 ﬂeret.

472 3863 782 3926 Adveniens
812 3884 992 3928 autem
1029 3878 1250 3946 quidam
1280 3886 1553 3940 nuntiavit
1594 3890 1712 3944 eis:
1751 3890 1886 3956 Quia
1921 3908 2048 3947 ecce

471 3955 600 4022 viri,
636 3975 777 4029 quos
819 3966 1085 4034 posuistis
1122 3971 1174 4024 in
1230 3988 1532 4043 carcerem,
1577 3993 1702 4035 sunt
1759 3984 1810 4037 in
1845 3987 2047 4055 templo

470 4055 680 4103 stantes
712 4061 761 4104 et
794 4051 1055 4112 docentes
1096 4064 1379 4130 populum.
1414 4066 1569 4122 Tunc
1595 4070 1730 4125 abiit
1762 4051 2048 4143 magistra-

472 4145 562 4194 tus
587 4154 711 4194 cum
750 4144 1016 4201 ministris
1053 4159 1107 4203 et
1156 4153 1379 4209 adduxit
1431 4158 1551 4214 illos
1595 4163 1712 4217 sine
1740 4165 1787 4218 vi
1832 4182 1844 4219 :
1893 4170 2050 4221 timc-

470 4228 603 4284 bant
629 4233 776 4288 enim
808 4240 1066 4308 populum
1095 4256 1161 4295 ne
1216 4246 1608 4317 lapidarentur.
1638 4255 1846 4311 Etcum
1882 4260 2050 4313 addu-

474 4320 698 4378 xissent
725 4325 873 4394 illos,
910 4339 1218 4389 statuerunt
1247 4336 1299 4391 in
1347 4342 1604 4410 concilio,
1644 4357 1695 4399 et
1737 4347 2045 4419 interroga-

468 4408 551 4463 vit
576 4426 671 4468 eos
703 4417 958 4487 princeps
992 4425 1367 4490 sacerdotum,
1402 4429 1593 4488 dicens
1626 4450 1639 4487 :
1668 4408 2042 4509 Prmcipiendo

469 4507 832 4576 prmeepimus
863 4513 1043 4580 vobis,
1074 4533 1143 4571 ne
1172 4517 1444 4578 doceretis
1468 4523 1520 4577 in
1552 4529 1771 4584 nomine
1805 4507 1910 4588 isto
1948 4552 1960 4588 :
1990 4544 2044 4589 ct

466 4609 601 4651 ecce
652 4603 867 4668 repletis
912 4603 1215 4664 Jerusalem
1246 4613 1499 4671 doctrina
1535 4631 1738 4689 vestra,
1795 4634 1847 4677 et
1880 4628 2043 4684 vultis

472 4682 736 4742 inducere
822 4707 988 4761 super
1035 4713 1135 4752 nos
1195 4705 1511 4774 sanguinem
1582 4710 1818 4767 hominis
1862 4716 2040 4773 istius.

470 4772 831 4845 Respondeas
867 4793 1048 4840 autem
1102 4772 1389 4851 l‘etrusvet
1445 4806 1678 4871 apostoli
1728 4807 2040 4865 dixerunt:

468 4867 708 4926 Obedire
731 4885 947 4944 oportet
972 4879 1080 4937 Deo
1107 4887 1283 4956 magis
1308 4867 1492 4960 quam-
1522 4896 1861 4956 hnminibus.
1899 4903 2042 4960 Dens

469 4966 685 5028 patrum
713 4978 1023 5026 nostrorum
1071 4979 1358 5036 suscitavit
1387 4984 1598 5053 Jesnm,
1641 5008 1799 5060 quem
1831 5010 1927 5049 vos
1954 4997 2040 5049 in-

465 5054 782 5121 teremistis,
822 5065 1221 5130 suspendentes
1253 5074 1305 5127 in
1334 5076 1501 5147 ligno.
1550 5078 1703 5136 lltmc
1734 5083 2042 5155 Principem

466 5153 521 5198 et
560 5145 898 5207 Salvatorem
933 5154 1077 5215 Deus
1111 5145 1623 5226 exaltavitvdcxtera
1656 5188 1776 5238 sua,
1810 5176 1875 5229 ad
1908 5177 2041 5230 dan-

464 5238 591 5291 dam
646 5245 1021 5311 paenitentiam
1091 5252 1299 5320 lsraeli,
1363 5269 1417 5314 et
1499 5265 1873 5320 remissionem
1919 5284 2039 5337 pec-

462 5338 738 5403 catorum,
770 5346 826 5391 et
861 5356 959 5396 nos
984 5360 1174 5404 sumus
1209 5358 1375 5414 testes
1407 5350 1600 5407 horum
1624 5357 1934 5424 verborum,
1987 5370 2040 5415 et

535 5524 581 5556 "
626 5523 779 5584 Joan.
812 5548 922 5601 τιν,
954 5539 1039 5594 12.

2154 1878 2243 1929 ἵνα
2272 1877 2376 1929 ὑπὸ
2420 1877 2518 1945 τῆς
2560 1878 2719 1940 σκιᾶς
2759 1880 2852 1930 τοῦ
2884 1878 3091 1947 Πέτρου
3122 1877 3524 1947 θεραπευθῶσι.
3560 1877 3734 1929 Τοῦτο

2151 1968 2206 2021 δὲ
2259 1969 2503 2036 γέγονεν,
2553 1968 2742 2038 ἐπειδὴ
2786 1970 2815 2021 ό
2870 1968 3102 2039 Χριστὸς
3135 1969 3475 2045 ἀπεφήνατο,
3501 1969 3581 2020 ὅτι
3618 1986 3637 2017 ι
3668 1969 3735 2020 Ol

2153 2061 2552 2123 πιστεύσαντες
2606 2061 2686 2124 είς
2734 2060 2854 2130 ἐμὲ,
2892 2061 2962 2114 τὰ
3014 2060 3154 2130 ἔργα
3186 2060 3222 2115 ἃ
3252 2059 3365 2128 ἐγὼ
3390 2061 3548 2123 ποιῶ,
3577 2081 3595 2112 ι
3628 2063 3732 2112 κὰ-

2153 2156 2320 2204 κείνοι
2371 2155 2682 2221 ποιήσουσι,
2729 2152 2823 2204 καὶ
2877 2152 3102 2220 μείζονα
3149 2153 3357 2205 τούτων
3387 2153 3729 2222 ποιήσουσιν.

2154 2241 2295 2312 Ὅρα
2314 2242 2370 2294 δὲ
2387 2242 2651 2295 ἐκϐαίνων
2662 2244 2709 2275 ³⁸
2736 2243 2795 2295 τὸ
2823 2242 3128 2312 εἰρημένον.

2364 2333 2456 2402 Τῷ
2485 2332 2749 2404 Σαϐϐάτῳ
2780 2333 2881 2400 τῆς
2905 2333 3166 2402 δευτέρας
3201 2330 3516 2403 ἑϐδομάδος.

2156 2423 2287 2476 ’Ὅτι
2318 2422 2392 2490 τῇ
2427 2422 2575 2490 ἑξῆς
2603 2422 2827 2489 αὐτοὺς
2854 2425 2911 2476 οἱ
2957 2422 3257 2493 ἀρχιερεῖς
3281 2423 3468 2475 πάλιν
3488 2425 3729 2476 συλλα-

2221 2516 2479 2581 ϐόμενοι,
2520 2515 2611 2583 ἐφ’
2651 2508 2698 2581 ᾧ
2721 2513 2943 2584 μηκέτι
2969 2513 3298 2582 διδάσκειν,
3323 2515 3731 2584 μαστίξαντες

2222 2605 2567 2660 ἀπέλυσαν.

2758 2700 3147 2754 ΚΕΙΜΕΝΟΝ.

2222 2791 2589 2857 Ἀκούσαντες
2619 2792 2697 2856 δὲ,
2741 2793 2991 2862 εἰσῆλθον
3046 2792 3151 2846 ὑπὸ
3188 2791 3281 2845 τὸν
3337 2792 3533 2863 ὄρθρον
3560 2794 3642 2856 εἰς
3670 2793 3731 2847 es

2156 2882 2300 2951 ἱερὸν
2329 2884 2425 2937 καὶ
2457 2883 2753 2937 ἐδίδασκον.
2793 2883 3242 2954 Παραγενόμενος
3273 2881 3329 2934 δὲ
3362 2883 3391 2935 ό
3441 2882 3730 2953 ἀρχιερεὺς

2153 2974 2249 3027 καὶ
2279 2975 2330 3026 οῖ
2363 2975 2460 3028 σὺν
2486 2974 2653 3044 αὐτῷ,
2688 2974 3059 3028 συνεκάλεσαν
3086 2974 3146 3026 τὸ
3175 2974 3474 3041 συνέδριον,
3510 2975 3605 3027 καὶ
3627 2974 3732 3027 πᾶ-

2155 3083 2254 3120 σαν
2286 3068 2386 3137 τὴν
2419 3067 2715 3137 γερουσίαν
2738 3067 2846 3120 τῶν
2876 3066 3009 3120 υἱῶν
3045 3065 3296 3135 Ἰσραήλο
3329 3066 3422 3118 καὶ
3473 3065 3724 3118 ἀπέστεισ

2150 3159 2248 3210 λαν
2275 3162 2354 3220 εἰς
2382 3159 2442 3212 τὸ
2485 3160 2859 3229 δεσμωτήριον
2885 3157 3116 3229 ἀχθῆναι
3163 3156 3384 3219 αὐτούς.
3437 3157 3503 3210 Οἱ
3531 3156 3590 3209 δὲ
3617 3156 3724 3208 ὐπ-

2151 3267 2183 3318 η
2193 3249 2346 3318 ρέται
2390 3250 2845 3319 παραγενόμενοι,
2867 3251 2964 3320 οὐχ
2984 3242 3142 3320 εὗρον
3170 3249 3369 3313 αὐτοῖς
3389 3251 3446 3303 ἐν
3467 3250 3533 3319 τῇ
3563 3247 3731 3317 φυλα-

2151 3344 2243 3410 κῇ.
2280 3339 2712 3413 Ἀνατρέψαντες
2763 3339 2821 3394 δὲ
2864 3340 3206 3411 ἀπήγγειλαν
3230 3339 3513 3406 λέγοντες,
3538 3338 3619 3390 ὅτι
3652 3337 3729 3388 Τὸ

2156 3432 2253 3500 μὲν
2302 3431 2678 3502 δεσμωτήριον
2733 3430 2970 3502 εὕρομεν
3017 3430 3403 3501 κεκλεισμένον
3458 3429 3516 3482 ὲν
3577 3429 3728 3500 πάσῃ

2150 3522 2444 3596 ἀσφαλείᾳ,
2490 3523 2588 3578 καὶ
2639 3527 2765 3586 τοὺς
2810 3521 3057 3590 φύλακας
3089 3521 3328 3584 ἑστῶτας
3349 3520 3457 3591 πρὸ
3486 3519 3595 3573 τῶν
3631 3519 3729 3570 0)-

2154 3618 2295 3688 ρῶψ
2343 3617 2655 3684 ἀνοίξαντες
2696 3618 2775 3680 δὲ,
2829 3617 2939 3671 ἔσω
2993 3616 3181 3671 οὐδένα
3226 3615 3486 3685 εὕρομεν.
3547 3614 3638 3675 Ὠς
3670 3611 3727 3664 δὲ

2149 3710 2392 3779 ἥκουσαν
2446 3711 2573 3773 τοὺς
2634 3709 2827 3776 λόγους
2870 3706 3115 3771 τούτους,
3173 3709 3202 3760 ὃ
3247 3723 3307 3759 τε
3346 3707 3526 3775 ἱερεὺς
3568 3704 3728 3756 καὶ’ό

2150 3801 2460 3872 στρατηγὸς
2493 3801 2587 3854 τοῦ
2631 3798 2799 3871 ἱεροῦ,
2850 3800 2954 3853 καλ⁵
3016 3799 3067 3851 οἱ
3123 3798 3397 3868 ἀρχιερεῖς
3433 3794 3729 3865 διηπόρουν

2153 3895 2280 3964 περὶ
2310 3893 2514 3958 αὐτῶν,
2550 3893 2603 3946 τί
2646 3894 2712 3946 ἂν
2763 3892 2977 3960 γένοιτο
3026 3890 3220 3944 ταῦτα.
3280 3889 3731 3958 Παραγενόμενος

2148 3982 2206 4035 δὲ
2236 4003 2318 4047 τις
2353 3984 2690 4055 ἀπήγγειλεν
2724 3985 2907 4045 αὐτοῖς
2934 3983 3127 4049 λέγων,
3152 3983 3234 4034 ὅτι
3262 3981 3398 4033 Ἰδοὺ
3439 3980 3488 4031 cl
3539 3978 3730 4047 ἄνδρες

2148 4075 2241 4137 οὓς
2274 4076 2459 4128 ἔθεσθε
2490 4078 2547 4129 ἐν
2564 4078 2627 4147 τῇ
2663 4075 2901 4147 φυλακῇ,
2943 4076 3081 4127 εἰσὶν
3109 4075 3170 4125 ὲν
3203 4074 3280 4141 τῷ
3315 4072 3447 4142 ἱερῷ
3497 4071 3729 4133 ἑστῶτες

2148 4167 2243 4219 καὶ
2269 4167 2611 4230 διδάσκοντες
2643 4169 2735 4220 τον
2760 4166 2909 4223 λαόν.
2931 4167 3062 4219 Τότε
3081 4163 3335 4218 ἀπελθὼν
3367 4165 3396 4216 ό
3424 4161 3730 4232 στρατηγὸς

2152 4257 2251 4309 σὺν
2282 4260 2399 4320 τοῖς
2444 4258 2765 4327 ὑπηρέταις,
2798 4257 3007 4328 ἢγαγεν
3054 4255 3272 4319 αὐτοὺς,
3303 4256 3365 4307 οὐ
3394 4254 3533 4322 μετὰ
3562 4252 3684 4321 βίας
3710 4268 3724 4281 ·

2147 4347 2444 4417 ἐφοϐοῦντο
2501 4350 2610 4416 γὰρ
2641 4349 2733 4401 τὸν
2770 4348 2917 4411 λαὸν,
2945 4347 3028 4399 ἵνα
3072 4346 3144 4416 μὴ
3165 4345 3516 4399 λιθασθῶσιν.
3558 4345 3727 4409 Ἀγα-

2077 4434 2119 4486 Ι)
2146 4440 2335 4504 γόντες
2362 4438 2420 4491 δὲ
2451 4440 2649 4501 αὐτοὺς
2696 4437 2929 4507 ἔστησαν
2957 4439 3013 4490 ὲν
3064 4439 3139 4508 τῷ
3172 4437 3454 4507 συνεδρίῳ,
3498 4438 3593 4488 καὶ
3626 4437 3725 4487 ἐπ·

2140 4532 2430 4603 ηρώτησεν
2453 4531 2648 4595 αὐτοὺς
2675 4533 2702 4583 ό
2734 4531 3025 4601 ἀρχιερεὺς
3052 4530 3223 4598 λέγων
3241 4546 3256 4562 ο
3277 4529 3352 4582 Οὐ
3378 4526 3725 4598 παραγγελία

2143 4620 2598 4692 παρηγγείλαμεν
2636 4621 2789 4689 ὑμῖν,
2832 4620 2904 4691 μὴ
2940 4621 3214 4674 διδάσκειν
3251 4622 3341 4672 ἐπὶ
3368 4620 3445 4689 τῷ
3495 4619 3725 4687 ὀνόματι

2142 4715 2347 4785 coorto;
2377 4715 2469 4766 καὶ
2501 4715 2611 4767 ίδοὺ
2658 4714 3062 4784 πεπληρώκατε
3092 4716 3191 4779 τὴν
3232 4711 3587 4782 Ἰερουσαλὴμ
3620 4712 3723 4779 τῆς

2141 4806 2357 4876 διδαχῆς
2388 4806 2564 4876 ὑμῶν,
2594 4808 2687 4858 καὶ
2727 4805 2982 4876 βούλεσθε
3032 4807 3336 4873 ἐπαγαγεῖν
3370 4806 3455 4869 ἐφ’
3488 4806 3634 4874 ἡμᾶς
3658 4803 3724 4855 τὸ

2142 4895 2281 4970 αἷμα
2306 4898 2401 4953 τοῦ
2434 4899 2726 4970 ἀνθρώπου
2758 4899 2969 4953 τούτου.
2998 4899 3352 4969 Ἀποκριθεὶς
3378 4900 3435 4952 δὲ
3454 4899 3483 4951 ό
3516 4899 3722 4968 Πέτρος

2142 4998 2235 5050 καὶ
2257 4997 2307 5048 οἱ
2339 4978 2838 5059 ἀπόστολοι,ἐῖπον
2859 5011 2870 5024 ⁸
2903 4993 3226 5063 Πειθαρχεῖν
3253 4995 3335 5047 δεῖ
3349 4992 3467 5062 Θεῴ
3495 4993 3719 5060 μᾶλλον,

2140 5088 2172 5157 ἢ
2204 5086 2530 5157 ἀνθρώποις.
2584 5086 2642 5140 Ὀ
2678 5086 2810 5149 Θεὸς
2839 5086 2948 5139 τῶν
2979 5086 3236 5155 πατέρων
3285 5082 3443 5154 ἡμῶν
3496 5085 3719 5154 ἣγειρεν

2140 5179 2375 5248 Ἰησοῦν,
2428 5179 2487 5232 δν
2539 5180 2697 5250 ὑμεῖς
2745 5177 3139 5249 διεχειρίσασθε
3181 5177 3566 5246 κρεμάσαντες
3619 5176 3715 5227 ἐπὶ

2149 5270 2328 5335 ξύλου.
2358 5270 2559 5323 Τοῦτον
2589 5270 2618 5322 ὁ
2652 5271 2783 5335 Θεὸς
2834 5269 3077 5340 ἀρχηγὸν
3115 5269 3207 5322 καὶ
3243 5267 3473 5339 Σωτῆρα
3531 5265 3715 5336 θψωσε

2145 5366 2210 5432 τῇ
2259 5362 2407 5435 δεξιᾷ
2437 5362 2625 5430 αὑτοῦ,
2671 5362 2855 5417 δοῦναι
2897 5363 3183 5434 μετάνοιαν
3237 5360 3314 5431 τῷ
3343 5359 3583 5432 Ἰσραὴλ,
3616 5357 3714 5412 καὶ

1662 5637 1860 5700 Variae
1906 5638 2214 5705 lectiones
2262 5650 2321 5706 et
2366 5648 2533 5705 nota)

539 5713 585 5751 "
614 5715 700 5773 τσ.
750 5721 1020 5778 ἐκϐαῖνον.
