4088 6206
366 246 470 313 897
1056 252 1592 320 EXPOSITIONIS
1651 264 1727 323 ιΝ
1763 266 1947 327 ACTA
1980 270 2278 335 TEXTUS
2313 276 2581 336 ALTER.
2612 278 2852 341 -ΟΛΡ,
2903 285 2971 344 V.
3509 291 3621 357 898

366 361 559 428 ἄφεσιν
595 358 902 428 ἁμαρτιῶν.
933 362 1044 413 ικαὶ
1076 366 1235 433 ἡμεῖς
1261 366 1429 435 ἐσμεν
1461 371 1626 425 αὑτοῦ
1659 375 1903 447 μάρτυρε

2043 382 2285 452 Spiritus
2339 395 2569 441 sanctus
2618 404 2780 459 quem
2812 391 2963 445 dedit
3018 391 3161 448 Deus
3191 397 3446 455 omnibus
3480 402 3615 458 obe-

362 451 475 505 τῶν
529 450 790 520 ῥημάτων
839 451 1069 517 τούτων,
1125 457 1220 508 καὶ
1262 457 1325 511 τὸ
1356 461 1585 533 Πνεῦμα
1613 465 1673 518 τὸ
1702 466 1879 536 ἅγιον,
1911 468 1940 521 ὂ

362 540 559 599 ἔδωκεν
576 543 604 594 ό
622 540 757 605 Θεὸς
781 542 893 604 τοῖς
924 544 1320 615 πειθαρχοῦσιν
1346 552 1515 622 αὐτῷ.

959 638 1344 699 EPMHNEIA.

432 728 601 782 Πάλιν
626 728 703 799 τῷ
735 730 910 801 Πατρὶ
937 732 999 785 τὸ
1040 735 1149 786 πᾶν
1179 737 1557 806 ἀνατιθέασιν,
1592 741 1677 794 ἵνα
1708 742 1783 814 μὴ
1812 743 1938 817 δόξῃ

360 819 639 891 ἀλλότριος
688 818 830 875 εἶναι
877 822 972 874 τοῦ
1002 824 1215 893 Πατρός
1241 843 1252 855 ο
1288 826 1503 894 ἔπειτα,
1542 833 1637 884 καὶ
1666 850 1939 901 συγκατασ

358 909 558 965 ϐαίνων
586 916 650 982 τῇ
685 913 941 985 ἀσθενείᾳ
970 914 1080 968 τῶν
1112 918 1447 986 ἀκουόντων,
1481 922 1556 985 ὡς
1592 923 1657 976 ἂν
1685 924 1938 997 εὐπαρά-

357 1000 549 1055 δεκτον
596 1004 688 1056 τὸν
737 1004 894 1067 λόγον
941 1005 1266 1076 ἐργάσηται.
1317 1010 1429 1081 Ούχ
1481 1014 1667 1078 ἁπλῶς
1723 1016 1780 1068 δὲ
1837 1017 1936 1087 τὴν

355 1094 652 1147 ἀνάστασιν
685 1099 862 1165 κυροῖ,
889 1096 1025 1149 ἀλλὰ
1057 1099 1155 1151 καὶ
1181 1100 1279 1170 τὴν
1307 1098 1537 1169 ὕψωσιν,
1561 1106 1806 1159 τουτέστι
1834 1110 1934 1177 τὴν

355 1184 647 1254 ἀνάληψιν.
674 1186 783 1239 Καὶ
808 1187 893 1239 ὅτι
926 1187 1023 1256 μὲν
1055 1189 1186 1241 «ἐπὶ
1219 1190 1280 1241 τὸ
1312 1190 1499 1244 δοῦναι
1529 1196 1824 1263 μετάνοιαν
1855 1197 1932 1267 τῷ

355 1275 575 1344 Ἰσραὴλ
593 1277 684 1329 καὶ
706 1277 902 1344 ἄφεσιν
921 1278 1205 1347 ἁμαρτιῶν
1231 1302 1248 1330 ι
1290 1281 1569 1352 ἐλήλυθεν,
1602 1286 1762 1355 ἡμεῖς
1791 1305 1933 1359 μαρο

352 1365 648 1436 τυροῦμεν,
689 1367 864 1420 καὶτὸ
891 1366 1114 1437 Πνεῦμα
1147 1369 1206 1423 τὸ
1224 1369 1403 1438 ἅγιον,
1433 1372 1461 1426 ὃ
1489 1376 1588 1428 οὐκ
1616 1376 1681 1429 ἄν
1703 1378 1929 1449 ἐπῆλθε,

355 1456 429 1524 μὴ
459 1457 722 1525 πρότερον
741 1456 851 1509 τῶν
873 1458 1158 1529 ἁμαρτιῶν
1178 1458 1463 1518 λυθεισῶν.
1501 1464 1611 1518 Καὶ
1626 1467 1725 1521 ούκ
1755 1463 1928 1537 εἶπον,

358 1549 423 1599 Ὃ
447 1546 649 1601 ἔδωκεν
679 1550 835 1620 ήαῖν,
864 1549 1021 1611 ἀλλὰ,
1047 1568 1065 1601 ι
1086 1550 1213 1614 Τοῖς
1236 1553 1580 1625 πειθομένοις
1598 1573 1611 1587 ·
1631 1576 1650 1610 ι
1686 1559 1804 1629 ἅμα
1830 1560 1929 1630 μὲν

353 1640 758 1709 μετριάζοντες,
800 1641 919 1711 ἅμα
951 1641 1010 1694 δὲ
1047 1641 1142 1694 καὶ
1165 1642 1455 1714 δηλοῦντες
1496 1647 1578 1699 ὅτι
1619 1649 1712 1701 καὶ
1744 1651 1928 1715 αὐτοῖς

2040 476 2316 534 dientibus
2336 480 2462 537 sibi.

2534 663 3108 722 COMMENTARIUS.

2110 747 2258 803 Patri
2315 751 2509 806 iterum
2549 769 2660 808 rem
2684 771 2900 810 omnem
2954 760 3167 827 tribuit,
3202 778 3270 816 nc
3302 761 3609 822 Christusa

2040 838 2200 895 Patre
2230 842 2349 909 ipso
2384 845 2598 899 alienus
2631 861 2754 901 esse
2787 850 3103 915 videretur;
3143 862 3255 906 tum
3310 858 3496 919 etiam,
3547 872 3610 914 ttt

2039 930 2376 987 audientium
2415 934 2772 993 imbecillitati
2808 955 2929 996 sese
2963 948 3385 1002 accommodans
3412 988 3428 1011 ,
3488 952 3607 1004 clli-

2037 1033 2199 1077 cerct.
2230 1032 2288 1077 ut
2317 1040 2499 1080 sermo
2535 1044 2666 1083 suus
2709 1031 2924 1086 facilius
2953 1036 3308 1104 reciperetur.
3337 1039 3454 1094 Non
3511 1058 3605 1097 soo

2038 1111 2147 1165 lutn
2179 1129 2305 1168 vero
2328 1120 2784 1174 resurrectionem
2822 1124 3131 1189 conﬁrmat,
3164 1129 3329 1199 218
3358 1132 3450 1185 sed
3486 1134 3605 1202 ejus

2034 1205 2197 1256 etiam
2238 1206 2648 1274 exaltationem,
2695 1227 2793 1267 seu
2852 1214 2908 1267 in
2970 1216 3166 1270 coelum
3229 1222 3602 1276 ascensionem

2034 1291 2300 1348 declarat.
2328 1294 2394 1350 Et
2418 1298 2635 1367 quidem
2671 1318 2688 1350 ι
2717 1302 2784 1355 ad
2814 1303 3051 1359 dandam
3084 1308 3461 1376 paenitentiam
3516 1313 3601 1367 Is~

2033 1384 2145 1437 racl
2176 1392 2233 1438 et
2271 1388 2651 1446 remissionem
2676 1404 3049 1464 peccatorum,
3081 1416 3100 1448 ι
3147 1400 3320 1467 ipsum
3362 1403 3600 1468 venisse,

2039 1489 2058 1522 ι
2095 1488 2220 1539 nos,
2253 1477 2455 1547 inquit,
2486 1489 2653 1537 testes
2708 1484 2900 1539 s‘umus
2930 1495 2984 1541 et
3014 1490 3252 1558 Spiritus
3293 1501 3539 1559 sanctus,
3574 1515 3593 1547 ι

2030 1564 2122 1632 qui
2160 1564 2348 1637 utique
2371 1584 2474 1624 non
2501 1575 2761 1637 venisset,
2800 1576 2904 1632 nisi
2938 1591 3124 1633 essent
3170 1582 3321 1650 prius
3368 1584 3600 1641 remissa

2029 1664 2274 1725 peccata.
2306 1658 2421 1713 Non
2453 1662 2529 1715 ait
2568 1673 2780 1731 autem,
2833 1666 3004 1732 Quem
3034 1670 3208 1725 dedit
3253 1675 3445 1737 nobis,
3501 1676 3599 1730 sed

347 1728 572 1785 δυνατὸν
604 1731 788 1785 λαϐεῖν
818 1734 1054 1794 πίστεως
1080 1732 1266 1803 χώραν
1290 1735 1360 1801 ³ο,
1389 1737 1571 1799 αὐτοῖς
1602 1738 1906 1806 δεικνύντες

2039 1761 2057 1794 ι
2085 1745 2473 1804 Obedientibus
2500 1752 2629 1815 sibi,
2657 1771 2676 1804 ι
2701 1728 2810 1807 tum
2843 1728 2903 1808 ut
2921 1757 3167 1812 modeste
3193 1757 3260 1812 de
3286 1776 3345 1815 se
3373 1766 3598 1831 suisque

348 1820 694 1891 loqueretur,
728 1830 841 1876 tum
878 1831 939 1876 ut
981 1822 1317 1891 signiﬁcaret
1366 1824 1434 1878 ab
1468 1824 1542 1880 iis
1569 1826 1735 1882 etiam
1795 1828 2057 1901 Spiritum
2099 1846 2349 1889 sanetum
2404 1837 2576 1908 accipi
2634 1854 2799 1909 posse
2840 1858 2855 1895 :

346 1922 454 1969 tem
481 1916 741 1969 ostendit.

348 2006 663 2076 Γαμαλιὶιλ
693 2006 1017 2080 συγγνώμη
1041 2013 1086 2045 ³¹
1118 2015 1305 2084 πιστὴ
1353 2018 1489 2086 περὶ
1521 2018 1642 2074 τῶν
1667 2019 1927 2075 ἀποστό-

409 2102 538 2152 λων
561 2100 710 2169 μετά
763 2102 1258 2178 παραδειῃιὰτων
1298 2109 1479 2164 τινῶν
1522 2111 1623 2167 καὶ
1669 2112 1915 2168 ἀποδεί-

412 2192 586 2255 fetor.

920 2285 1303 2344 KEIMENON.

413 2372 475 2428 Oi
515 2373 573 2426 δὲ
629 2373 961 2439 ἀκούσαντες
1011 2377 1338 2450 διεπρίοντο,
1369 2384 1465 2438 καὶ
1516 2366 1915 2443 ἐϐουλεύσαντο

339 2464 549 2517 ἀνελεῖν
581 2464 801 2529 αὐτούς.
823 2468 1088 2532 Ἀναστὰς
1115 2469 1175 2524 δὲ
1198 2488 1284 2535 τις
1305 2473 1366 2525 ὲν
1383 2474 1460 2543 τῷ
1488 2476 1752 2549 συνεδρίῳ
1801 2481 1914 2533 Φα-

342 2555 569 2621 ρισαῖος,
606 2553 833 2624 ὀνόματι
888 2557 1194 2631 Γαμαλιὴλ,
1230 2563 1703 2632 νομοδιδάσκαλος,
1736 2568 1917 2639 τίμιος

336 2643 502 2696 παντὶ
533 2645 610 2715 τῷ
635 2646 772 2715 λαῷ,
823 2648 1113 2705 ἐκέλευσεν
1151 2651 1257 2717 ἔξω
1297 2653 1471 2726 βραχύ
1517 2674 1569 2710 τι
1604 2658 1729 2721 τοὺς
1779 2660 1916 2712 ἀπο.

336 2734 557 2799 στόλους
604 2739 852 2807 ποιῆσαι.
923 2740 1057 2803 Εἰπέ
1106 2759 1167 2795 τε
1220 2745 1358 2815 πρὸς
1402 2746 1631 2811 αὐτούς·
1690 2750 1916 2821 Ἄνδρες

337 2827 686 2899 Ἰσραηλῖται,
738 2836 1035 2906 προσέχετε
1073 2839 1166 2892 ἐπὶ
1192 2843 1308 2905 τοῖς
1341 2842 1656 2913 ἀνθρώποις
1677 2846 1910 2914 τούτοις,

331 2922 424 2972 καὶ
452 2922 692 2988 sant-0k,
731 2926 785 2978 τί
819 2927 1040 2995 μέλλετε
1094 2932 1379 3003 πράττειν.
1428 2936 1541 3007 Πρὸ
1573 2937 1682 3009 γὰρ
1706 2939 1911 2994 τούτων

330 3008 439 3095 τῶν
468 3012 695 3082 ἡμερῶν
724 3016 922 3087 ἀνέστη
949 3018 1156 3084 Θευδᾶς
1181 3022 1355 3091 λέγων
1377 3021 1517 3079 εἷναί
1547 3008 1673 3081 τινιζ
1687 3029 1907 3095 ἑαυτὸν,

2935 1844 3125 1913 sicque
3197 1846 3320 1902 tidei
3389 1853 3598 1907 utilita-

2026 2018 2337 2075 Gamalirlis
2363 2017 2518 2088 ﬁdele
2551 2018 2835 2072 consilium
2861 2019 2926 2074 de
2964 2024 3246 2090 apostolis,
3272 2031 3525 2100 exemplis
3546 2032 3596 2086 ει

2433 2112 2761 2176 argumentis
2793 2111 3191 2179 conﬁrmatum.

2655 2281 2961 2338 TEXTUS.

2083 2376 2147 2439 V.
2169 2375 2360 2430 33-42.
2393 2373 2519 2430 Haac
2580 2390 2701 2429 cum
2755 2374 3057 2441 audissent,
3097 2378 3514 2437 disseeabantur
3540 2397 3593 2440 et

2012 2463 2322 2534 cogitabant
2345 2463 2657 2517 interﬁcere
2703 2463 2843 2518 illos.
2890 2464 3133 2536 Surgens
3161 2479 3339 2524 autem
3367 2474 3587 2540 quidam

2011 2552 2064 2607 in
2095 2554 2329 2607 concilio
2361 2553 2703 2617 Phariszeus,
2736 2555 2957 2610 nomine
2989 2557 3278 2625 Gamaliel,
3318 2561 3455 2632 legis
3487 2564 3588 2616 dn-

2010 2654 2129 2698 ctor
2150 2644 2485 2700 honorabilis
2506 2645 2771 2701 universae
2791 2646 2957 2716 plebi,
2977 2648 3140 2718 jussit
3162 2651 3307 2709 foras
3334 2654 3399 2708 ad
3425 2655 3590 2712 breve

2012 2735 2260 2790 homines
2290 2734 2429 2791 fieri.
2472 2734 2726 2807 Dixitque
2753 2739 2818 2792 ad
2845 2738 2968 2795 illos
3002 2758 3016 2794 :
3057 2740 3170 2796 Viri
3197 2742 3475 2811 lsraetitac,
3502 2757 3588 2801 at-

2013 2829 2219 2884 tendite
2233 2828 2389 2884 vobis
2410 2843 2577 2897 super
2596 2829 2911 2885 hominibus
2934 2832 3075 2898 istis,
3095 2835 3220 2904 quid
3241 2838 3413 2890 acturi
3441 2840 3585 2892 sitis.

2015 2921 2155 2976 Ante
2174 2920 2271 2975 hos
2305 2922 2451 2976 enim
2484 2922 2601 2976 dies
2630 2923 2841 2977 exstitit
2865 2922 3342 2993 Theodas,dicens
3372 2944 3433 2985 se
3468 2946 3587 2986 esse

2015 3012 2248 3082 aliquem
2278 3030 2292 3067 :
2338 3012 2426 3067 cui
2462 3013 2746 3068 consensit
2797 3029 3062 3070 numerus
3095 3017 3335 3073 virorum
3367 3020 3587 3075 circiter

327 3092 372 3166 ᾧ
405 3103 813 3177 προσεκολλήθη
843 3107 1077 3177 ἀριθμὸς
1105 3113 1316 3183 ἀνδρῶν
1337 3115 1469 3168 ὡσει
1506 3092 1902 3188 τετρακοσίων,

2011 3103 2573 3172 quadringentorum,
2612 3105 2706 3172 qui
2749 3104 2970 3161 occisus
3010 3115 3128 3173 cst,
3168 3117 3221 3163 et
3273 3126 3463 3167 omnes
3492 3115 3582 3185 qui

327 3187 383 3250 ὃς
411 3191 676 3261 ἀνῃρέθη,
715 3197 805 3247 καὶ
841 3199 1043 3261 πάντες
1086 3201 1201 3254 ὅσοι
1235 3204 1512 3259 ἐπείθοντο
1548 3209 1696 3279 αύτῷ
1724 3211 1901 3264 διελύ-

326 3278 523 3349 θησαν.
549 3283 644 3334 καὶ
674 3285 926 3351 ἐγένοντο
954 3290 1035 3352 εἰς
1065 3290 1240 3345 οὐδέν.
1276 3294 1434 3347 Μετὰ
1472 3296 1668 3351 τυῦτον
1698 3300 1899 3372 ἀνέστη

322 3369 523 3434 Ἰούδας
567 3373 849 3439 Γαλιλαῖος
887 3378 947 3431 ἐν
989 3381 1110 3441 ταῖς
1143 3382 1383 3452 ἡμέραις
1417 3385 1515 3455 τῆς
1541 3369 1896 3459 ἀπογραφῆς,

320 3460 413 3512 καὶ
460 3462 742 3532 ἀπέστησε
787 3465 915 3520 λαὸν
970 3469 1154 3525 ἱκανὸν
1183 3471 1362 3527 ὀπίσω
1402 3476 1589 3529 αὑτοῦ.
1632 3479 1896 3544 Κάκεῖνος

320 3552 593 3617 ἀπώλετο,
625 3556 722 3609 καὶ
759 3558 960 3622 πάντες
1004 3560 1119 3614 ὅσοι
1150 3563 1432 3618 ἐπείθοντο
1465 3567 1612 3637 αύτῷ
1645 3568 1898 3641 διεσκορσι

321 3644 616 3714 πίσθησαν.
651 3648 761 3700 Καὶ
803 3649 872 3702 τὰ
915 3650 1011 3706 νῦν
1043 3653 1185 3722 λέγω
1239 3656 1398 3725 ὑμῖν·
1437 3657 1740 3730 ’Λπόστητε
1782 3663 1896 3716 ἀπὸ

318 3735 426 3788 τῶν
480 3735 782 3806 ἀνθρώπων
833 3741 1059 3805 τούτων,
1103 3748 1199 3798 καὶ
1248 3746 1446 3800 ἐάσατε
1516 3749 1752 3814 αὐτούς’
1814 3753 1897 3807 ὅτι

318 3828 412 3880 ἐὰν
440 3823 553 3902 ᾖὲξ
582 3830 881 3901 ἀνθρώπων
905 3834 937 3902 ἡ
962 3833 1145 3905 βουλὴ,
1181 3836 1214 3907 ἦ
1244 3837 1305 3889 τὸ
1334 3837 1495 3907 ἔργον
1524 3840 1700 3904 τοῦτο,
1729 3859 1898 3896 κατα-

316 3915 642 3987 λυθήσεταιο
694 3923 743 3974 εἰ
789 3923 847 3976 δὲ
896 3925 961 3975 ἐκ
1010 3924 1146 3977 Θεοῦ
1185 3929 1354 3992 ἐστιν,
1406 3929 1468 3982 ού
1526 3930 1823 4001 δυνήσεσθε
1850 3934 1894 3965 ³³

315 4012 616 4065 καταλῦσαι
654 4015 785 4067 αύτό
812 4030 829 4047 ⁸
880 4016 953 4086 μή
988 4033 1120 4069 ποτε
1146 4019 1251 4071 ,καὶ
1284 4019 1554 4091 Θεομάχοι
1606 4023 1891 4095 εὑρεθῆτε.

314 4100 678 4174 Ἐπείσθησαν
726 4106 781 4159 δὲ
839 4108 1012 4178 αὐτῷ,
1056 4110 1153 4162 καὶ
1213 4112 1722 4183 προσκαλεσάμενοι
1768 4117 1894 4179 τοὺς

310 4195 658 4261 ἀποστόλους,
702 4198 1002 4270 δείραντες,
1041 4202 1419 4272 παρήγγειλαν
1477 4205 1555 4276 μὴ
1588 4205 1768 4258 λαλεῖν
1800 4208 1894 4261 ἐπὶ

309 4286 387 4355 τῷ
427 4288 654 4357 ὀνόματι
693 4291 785 4343 τοῦ
848 4294 1054 4364 Κυρίου
1091 4294 1307 4365 Ἰησοῦ·
1346 4297 1438 4350 καὶ
1476 4297 1759 4360 ἀπέλυσαν
1788 4300 1891 4352 αύ-

308 4378 453 4440 τούς.
487 4380 552 4432 Οἱ
585 4381 684 4450 μὲν
712 4378 806 4434 οὖν
846 4384 1172 4455 ἐπορεύοντο
1203 4385 1488 4456 χαίροντες
1554 4388 1667 4441 ἀπὸ
1718 4407 1886 4459 προσ-

2004 3186 2303 3245 credebant
2336 3187 2406 3252 ei,
2441 3188 2691 3257 dissipati
2729 3197 2860 3243 sunt
2909 3201 2960 3246 et
2996 3195 3199 3247 redacti
3227 3197 3292 3250 ad
3327 3198 3582 3255 nihilum.

2002 3282 2133 3338 Post
2166 3281 2312 3336 hunc
2340 3282 2551 3338 exstitit
2576 3281 2746 3340 .Iudas
2778 3283 3038 3340 Galilaeus
3078 3290 3129 3342 in
3150 3290 3346 3346 diebus
3374 3293 3585 3362 profes-

2001 3375 2197 3449 sionis,
2242 3380 2297 3429 et
2343 3374 2538 3428 avertit
2578 3377 2836 3445 populum
2879 3386 3004 3447 post
3043 3395 3101 3434 se
3130 3388 3183 3434 et
3212 3380 3331 3449 ipse
3377 3386 3580 3453 periit;

2000 3446 2054 3519 et
2083 3481 2275 3521 omnes
2306 3477 2578 3537 quotquot
2617 3479 3023 3531 consenserunt
3058 3472 3107 3526 ei
3146 3472 3373 3544 dispersi
3428 3488 3578 3532 sunt.

2002 3554 2066 3608 Et
2090 3571 2236 3611 nunc
2284 3558 2488 3623 itaque,
2542 3557 2666 3613 dico
2699 3560 2873 3624 vobis,
2911 3561 3179 3618 discedite
3223 3567 3292 3621 ab
3339 3568 3578 3624 homini-

2000 3646 2104 3701 bus
2133 3647 2274 3709 istis,
2311 3655 2362 3700 et
2387 3647 2551 3701 sinite
2581 3647 2702 3702 illos
2729 3664 2744 3712 ;
2768 3651 3051 3717 quoniam.
3081 3653 3124 3705 si
3149 3663 3232 3707 est
3254 3673 3317 3710 ex
3343 3657 3580 3715 homini-

1998 3733 2100 3787 bus
2138 3734 2425 3788 consilium
2474 3734 2577 3789 hoc
2626 3744 2720 3786 aut
2750 3751 2908 3804 opus,
2939 3739 3312 3807 dissolvetur;
3358 3746 3405 3799 si
3444 3764 3578 3804 vero

1997 3838 2063 3878 ex
2105 3823 2216 3878 Deo
2243 3832 2348 3888 est,
2380 3839 2488 3876 non
2527 3825 2777 3893 poteritis
2813 3826 3115 3883 dissolvere
3148 3831 3303 3895 illud,
3336 3850 3402 3889 ue
3434 3837 3576 3894 forte

1996 3921 2048 3968 et
2080 3912 2190 3967 Deo
2224 3927 2523 3983 repugnare
2544 3913 2920 3968 inveniamini.
2956 3917 3362 3975 Consenserunt
3393 3935 3572 3979 autem

1997 4006 2103 4062 illi.
2130 4004 2195 4061 Et
2221 4015 2585 4062 convocantes
2603 4009 2899 4078 apostolos,
2922 4011 3079 4065 cazsis
3110 4012 3573 4072 denuntiaverurt

1995 4111 2063 4150 ne
2086 4097 2308 4151 ornnino
2334 4096 2692 4166 loquerentur
2724 4097 2778 4152 in
2809 4101 3029 4156 nomine
3057 4099 3210 4166 Iesu,
3242 4113 3296 4158 et
3337 4105 3567 4161 dimise-

1995 4196 2123 4242 runt
2151 4203 2266 4243 eos.
2292 4187 2359 4242 Et
2386 4188 2462 4243 illi
2497 4189 2716 4261 quidem
2758 4190 2910 4245 ibant
2941 4193 3241 4263 gaudentes
3272 4211 3301 4248 a
3331 4212 3566 4267 ωηερε-

1994 4287 2085 4333 ctu
2116 4280 2361 4345 concilii,
2389 4280 2644 4348 quoniam
2669 4279 2818 4351 digni
2853 4282 3022 4337 habiti
3056 4294 3183 4338 sunt
3216 4302 3314 4355 pro
3346 4289 3568 4344 nomine

1990 4369 2118 4426 Jesu
2166 4374 2552 4428 contumeliam
2592 4375 2727 4444 pati.
2760 4374 2921 4430 Omni
2971 4387 3151 4432 autem
3188 4380 3275 4434 die
3303 4397 3411 4436 non
3445 4398 3567 4437 ces-

417 4438 424 4440 ν
585 4438 600 4450 ι
949 4438 965 4455 ι
1203 4438 1235 4456 Λ
1302 4438 1313 4456 ι
1378 4438 1383 4439 ν
1442 4438 1486 4449 ί-
1558 4438 1659 4441 ’ν’
1725 4438 1851 4459 "r"

309 4465 461 4519 ώπου
490 4468 584 4520 τοῦ
613 4472 913 4539 συνεδρίου,
942 4475 1021 4526 ὅτι
1055 4475 1192 4543 ὑπὲρ
1216 4476 1307 4527 τοῦ
1325 4476 1586 4545 ὀνόματος
1614 4476 1709 4530 τοῦ
1745 4480 1882 4549 Χρι-

2009 4460 2205 4527 tabant,
2235 4461 2288 4515 in
2323 4462 2523 4531 templo
2544 4471 2598 4517 et
2623 4465 2770 4518 circa
2794 4463 2995 4521 domos
3033 4466 3294 4522 docentes
3320 4475 3373 4523 et
3399 4484 3564 4525 evan-

313 4558 438 4611 στού
472 4561 892 4631 κατηξιώθησαν
927 4565 1317 4635 ἀτιμασθῆναι.
1376 4568 1560 4621 Πᾶσάν
1587 4587 1645 4621 τε
1678 4571 1890 4640 ἡμέραν

309 4649 367 4699 ἐν
395 4650 470 4718 τῷ
503 4651 631 4721 ἱερῷ
661 4654 755 4706 καὶ
783 4651 1069 4708 κατόἷκον
1088 4657 1188 4708 ούκ
1227 4657 1493 4711 ἐπαύοντο
1523 4659 1885 4726 διδάσκοντες,

308 4740 402 4790 καὶ
426 4740 905 4814 εὐαγγελιζόμενοι
934 4743 1143 4815 Ἰησοῦν
1181 4746 1273 4800 τὸν
1308 4747 1567 4816 Χριστόν.

907 4832 1294 4889 ΕΡΜΗΝΕΙᾹ.

372 4918 591 4982 ’Ῑστέον,
648 4924 728 4977 ὅτι
773 4928 799 4977 ὁ
832 4925 1114 4996 Γαμαλιὴλ
1171 4926 1388 4980 Παύλου
1431 4926 1750 4995 διδάσκαλος
1782 4926 1885 5003 ἦν..

305 5009 595 5064 Ἐοίκασιν
628 5015 677 5064 οἱ
725 5016 995 5071 Γαλιλαῖοι
1044 5019 1184 5070 κατὰ
1219 5018 1343 5081 τοὺς
1393 5020 1620 5089 χρόνους
1651 5021 1882 5077 Πιλάτου

299 5102 708 5167 ὲστασιακέναι,
743 5106 1007 5175 δόγμασιν
1068 5109 1327 5178 ἑπόμενοι
1361 5109 1533 5164 Ἰούδα
1578 5113 1672 5166 τοῦ
1723 5115 1882 5168 Γαλι-

297 5190 476 5245 λαίου.
511 5187 620 5246 Ἦν
688 5194 745 5247 δὲ
809 5197 869 5248 τὸ
914 5198 1090 5268 δόγμα
1161 5199 1349 5266 αὐτοῦ,
1400 5199 1475 5264 ὡς
1511 5203 1607 5255 καὶ
1650 5201 1879 5274 Ἰώσηπα

297 5298 398 5347 πος
438 5284 499 5337 ὲν
532 5287 599 5356 τῇ
661 5286 1041 5358 Ἀρχαιολογία
1097 5289 1195 5358 τῆς
1256 5290 1556 5362 Ἰουδαϊκῆς
1612 5294 1873 5364 Ἱστορίας

294 5372 484 5441 ἔδειξε,
518 5376 825 5443 φαντασίαν
873 5377 1278 5441 ἐξαποστέλλων
1331 5381 1555 5452 πολλὴν,
1613 5382 1681 5436 δι’
1715 5386 1867 5437 εύσε-

1989 4553 2281 4621 gelizantes
2311 4552 2586 4610 Christum
2616 4554 2824 4612 Jesum.

2459 4836 3029 4901 COMMENTARIUS.

2054 4927 2349 4983 Sciendum
2385 4938 2492 4994 cst,
2521 4930 2869 4988 Gamalieletn
2908 4937 3139 5005 apostoli
3183 4937 3334 4995 Pauli
3362 4959 3561 5013 praece-

1982 5026 2197 5088 ptorem
2235 5018 2429 5075 fuisse.
2467 5019 2736 5077 Videntur
2763 5039 2893 5079 vero
2924 5024 3133 5081 Galihei
3186 5038 3429 5101 tempore
3471 5033 3561 5087 Pi-

1981 5109 2076 5163 lati
2125 5111 2450 5166 seditionem
2497 5115 2861 5171 cornrraovisse
2916 5118 2987 5172 ob
3035 5120 3343 5175 doctrinam
3403 5122 3559 5179 Iudae

1981 5201 2210 5266 Galilaei,
2243 5218 2405 5272 quam
2457 5206 2845 5273 sequebantur.
2920 5209 3050 5265 Erat
3082 5228 3210 5268 vero
3244 5215 3415 5282 ipsius
3458 5216 3559 5271 do-

1981 5309 2125 5363 gma,
2158 5294 2324 5363 219
2341 5305 2395 5348 ut
2421 5294 2891 5369 narratJoscphus
2918 5301 2971 5355 in
2996 5303 3429 5373 Antiquitatibus
3453 5302 3554 5358 Ju-

1979 5386 2175 5451 duicis,
2224 5404 2434 5459 magnae
2488 5394 2871 5451 ostentationis
2904 5404 3126 5464 propter
3182 5395 3552 5467 integritatem

1501 5542 1703 5604 Varia)
1748 5543 2052 5606 lectiones
2097 5551 2157 5606 el
2206 5554 2392 5608 notae.

362 5655 409 5690 “
431 5656 499 5710 τῦ
547 5657 759 5728 χρείαν.
836 5658 877 5690 ⁸⁸
912 5659 1000 5713 ἵσ.
1036 5659 1247 5730 γνώμη.
1333 5663 1378 5694 ³²
1433 5663 1682 5719 δύνασθε.

3802 6102 3989 6145 Α
