4088 6206
480 298 586 364 899

1320 255 2365 340 THEOPHYLACTIIBULGARI/E
2409 250 2768 315 ARCHIEP.

3620 234 3733 306 900

483 328 586 364 0W
1329 328 1356 340 .-
1376 328 1557 338 -ι--ν-
1578 328 1630 333 --
1646 328 1713 332 -ν
1919 328 1943 332 _

483 404 703 480 pietatis
731 407 892 471 quam
924 388 1269 464 praeferebat.
1296 385 1538 441 Docebat
1562 380 1713 436 enim
1756 378 1849 433 ille
1885 376 2095 480 nemiy

2194 368 2324 430 ἱείας
2371 362 2600 418 ἀπονίαν
2617 360 2687 416 ³³.
2719 355 2927 428 Κύριον
2950 328 3082 425 γὰρ,
3113 350 3246 423 μηδέ
3268 348 3433 421 μέχρι
3461 348 3737 418 στόματος

2197 475 2364 480 ημμ--
2399 457 2507 480 ’-9η
2537 469 2658 480 _.....
2691 451 2873 480 τινα...
2930 446 3068 480 ..-κι-
3091 444 3235 480 νηφῆ
3283 458 3405 480 mm
3442 441 3611 480 anim
3640 441 3737 480 νηὶ

483 466 607 554 item
631 466 811 562 neque
849 485 1075 542 honoris
1108 494 1286 549 neque
1336 472 1731 532 benevolentia:
1753 482 1948 532 causa,
1974 466 2058 522 vel

483 589 664 646 solum
693 561 827 636 voce
858 587 1041 636 tenus.
1098 570 1394 627 dicendum
1451 580 1576 620 esse
1628 561 1922 617 Dominum
1951 575 1966 614 :
2002 565 2060 614 et

485 676 780 747 nequidem
825 684 948 726 cum
1000 666 1092 735 qui
1133 661 1425 734 imperium
1457 658 1699 714 tenebat.
1759 654 1943 721 Quare
1992 665 2060 705 ex

485 741 607 841 ejus
634 762 864 821 asseelis
889 755 1236 827 multi,quod
1266 753 1539 808 Caesarem
1572 746 1862 802 Dominum
1884 741 2064 813 appel-

486 836 604 916 lare
648 856 877 916 nollent,
942 851 1130 919 plagas
1178 843 1564 900 acerbissimas
1603 836 1850 909 perpessi
1909 840 2060 889 sunt.

491 949 770 1005 Docebant
806 944 971 999 etiam
1028 939 1231 1000 nullas,
1277 945 1477 1006 praeter
1510 945 1606 986 eas
1669 942 1790 1000 quae
1852 925 1907 980 in
1947 923 2067 990 lege

493 1041 663 1096 Mosis
696 1035 1028 1108 przcseriptm
1069 1038 1219 1092 sunt,
1252 1027 1503 1081 victimas
1538 1036 1661 1077 esse
1689 1019 1799 1073 Deo
1831 1016 2069 1071 oﬂ‘eren-

493 1135 612 1187 das.
650 1127 922 1196 Quocirca
976 1119 1363 1194 prohibebant,
1404 1130 1471 1170 ne
1525 1126 1663 1183 quas
1712 1109 2069 1180 magistratus

498 1223 679 1293 populi
708 1215 1117 1288 suppeditabat,
1144 1225 1223 1267 eae
1252 1209 1584 1264 offerrentur
1610 1218 1711 1274 pro
1736 1202 2071 1271 imperatore

496 1291 550 1368 et
574 1291 785 1382 populo
819 1307 1083 1362 Romano.
1119 1303 1196 1356 Ex
1220 1314 1334 1372 quo
1367 1296 1667 1353 verisimile
1714 1294 1772 1347 tit
1820 1291 2073 1361 indigna-

500 1380 614 1457 tum
652 1380 877 1471 prepter
907 1398 1015 1451 ista
1057 1395 1314 1456 Pilatum,
1344 1389 1609 1461 iussisse,
1637 1393 1698 1440 ut
1734 1385 1879 1437 inter
1914 1380 2076 1435 victi-

501 1509 619 1549 mas
652 1507 790 1563 quas
821 1489 1106 1559 illisjuxta
1134 1486 1307 1555 legem
1339 1482 1538 1538 oll‘crre
1569 1479 1837 1550 placebat,
1860 1473 1962 1545 ipsi
1986 1472 2078 1541 ju-

503 1586 863 1655 gularcntnr:
911 1581 1048 1635 adeo
1072 1588 1130 1633 ut
1157 1596 1175 1629 ι
1214 1590 1340 1631 cum
1396 1571 1687 1628 sacriﬁciis
1727 1582 1918 1623 eorum
1943 1563 2080 1619 olle-

505 1678 735 1731 rentium
757 1686 977 1743 quoque
1008 1668 1231 1737 sanguis
1264 1667 1592 1720 misceretur
1618 1678 1632 1715 :
1674 1680 1692 1713 ι
1720 1658 2079 1732 quemadmo-

506 1767 635 1822 dum
666 1778 734 1818 ex
761 1761 924 1816 Luca:
950 1757 1248 1827 Erangelio
1285 1761 1532 1824 apparet.

582 1854 835 1910 Tbeodas
871 1862 1051 1905 autem
1080 1848 1347 1917 impostor
1381 1845 1601 1913 quidam
1640 1850 1781 1906 erat,
1810 1839 1903 1911 qui
1934 1839 2080 1892 mul-

509 1950 580 2004 tis
605 1962 638 2002 a
668 1962 727 2001 se
754 1945 999 2014 deceptis
1035 1941 1311 2011 pollicitus
1343 1939 1464 2001 luit,
1494 1934 1789 1990 Jordanem
1817 1948 1875 1989 se
1903 1932 2083 1986 disse—

512 2048 730 2092 rturum
785 2034 1146 2105 perviumque
1185 2030 1388 2100 populo
1425 2030 1698 2083 facturum
1725 2042 1744 2078 ι
1776 2022 1923 2095 quod
1958 2036 2082 2077 cum

512 2139 775 2199 praestare
802 2141 912 2178 non
947 2123 1235 2192 potuisset,
1262 2125 1578 2189 peremptus
1606 2124 1689 2169 est
1717 2114 1834 2183 ipse
1869 2125 2087 2166 omnes-

515 2235 622 2290 que.
653 2218 744 2290 qui
778 2230 902 2271 cum
938 2216 1030 2267 illo
1062 2219 1240 2268 erant.

1102 2301 1333 2359 CAPUT
1380 2302 1493 2357 VII.

777 2399 1057 2453 Dominica
1095 2397 1253 2451 tertia
1285 2392 1823 2465 Ungurntifcrarum.

806 2491 882 2545 De
915 2489 1167 2545 electione
1210 2497 1406 2557 septem
1441 2486 1809 2539 diacouurum.

767 2571 774 2578 ’
1158 2576 1461 2634 ΤΕΧΤΗΞ.

593 2673 687 2735 Vl,
724 2671 841 2728 l-7.
875 2671 934 2726 ln
978 2669 1174 2726 diebus
1202 2677 1382 2723 autem
1419 2668 1524 2723 illis
1556 2674 1840 2723 crescente
1867 2679 2097 2720 numero

525 2763 924 2835 discipulorum
950 2802 964 2826 ,
997 2760 1199 2815 factum
1254 2768 1339 2815 est
1385 2775 1633 2814 murmur
1659 2757 1970 2813 Graecorum
2002 2756 2099 2810 ad-

524 2873 718 2913 versus
741 2855 1096 2918 llebrazos,eo
1113 2853 1256 2925 quod
1275 2852 1689 2922 despicerentur
1712 2852 1764 2905 in
1791 2849 2100 2905 ministerio

526 2945 846 3016 qnotidiano
879 2946 1057 3001 viduae
1089 2957 1303 3000 eorum.
1340 2942 1720 2999 Convocantes
1747 2949 1927 2994 autem
1964 2939 2101 2993 duo-

527 3037 700 3090 decim
737 3035 1140 3089 multitudinem
1173 3031 1593 3098 discipulornm,
1631 3028 1895 3081 dixerunt
1928 3041 1943 3078 :
1977 3021 2097 3077 Non

529 3133 615 3179 est
649 3139 864 3192 aequum
896 3138 999 3178 nos
1020 3122 1403 3187 derelinquere
1436 3119 1663 3174 verbum
1701 3115 1794 3170 Dei
1847 3124 1900 3169 et
1936 3114 2102 3169 mini-

534 3223 712 3270 strare
741 3213 969 3268 mensis.
1027 3210 1390 3266 Considerate
1428 3222 1580 3279 ergo,
1611 3207 1830 3270 fratres,
1864 3206 2014 3260 viros
2039 3219 2106 3259 ex

537 3305 694 3359 vobis
727 3303 853 3358 boni
893 3301 1194 3356 testimonii
1238 3308 1469 3369 septem,
1506 3300 1698 3368 plenos
1739 3296 1949 3367 Spiritu
1981 3311 2110 3351 san-

533 3407 625 3449 cto
647 3402 701 3449 ct
729 3392 1019 3464 sapientia,
1046 3407 1185 3460 (μιοε
1199 3390 1601 3444 constituamus
1626 3403 1790 3459 super
1822 3388 1925 3442 hoc
1947 3401 2105 3455 Opus.

535 3489 646 3542 [\os
704 3501 835 3541 vero
889 3483 1129 3539 orationi
1178 3491 1232 3539 et
1289 3481 1598 3537 ministerio
1645 3480 1795 3535 verbi
1832 3480 2109 3534 instantes

537 3580 766 3634 erimus.
811 3578 876 3632 Et
903 3574 1105 3647 placuit
1135 3588 1317 3629 sermo
1341 3587 1524 3628 coram
1548 3572 1696 3627 omni
1735 3571 2106 3627 multitudine.

538 3670 603 3723 Et
636 3671 917 3739 elegerunt
953 3666 1336 3737 Stephanum,
1390 3666 1566 3719 virum
1619 3665 1840 3734 plenqu
1903 3663 2006 3717 [idt-
2054 3670 2111 3717 et

539 3763 748 3835 Spiritu
768 3769 981 3824 sancto,
1010 3770 1065 3814 et
1096 3757 1431 3828 Philippum,
1460 3764 1516 3810 et
1540 3753 1907 3816 Procltorum,
1939 3763 1994 3808 et
2017 3750 2112 3806 Ni-

542 3870 830 3916 canorem,
856 3860 906 3908 et
944 3850 1248 3916 Simonem,
1280 3859 1334 3903 et
1361 3849 1708 3910 Parmenam,
1738 3854 1793 3902 ct
1822 3844 2110 3899 Nicolaum

540 3949 805 4001 advenam
832 3942 1256 3997 Antioebcnum.
1304 3938 1416 3995 llos
1461 3946 1776 3993 statuerunt
1798 3946 1926 3992 ante
1964 3950 2114 3990 con—

543 4046 817 4108 spectum,
881 4034 1252 4104 apostolorum
1281 4039 1334 4085 et
1372 4040 1594 4083 orantes
1623 4028 2007 4097 imposuerunt
2031 4024 2113 4079 eis

543 4143 757 4182 manus.
789 4125 852 4179 Et
873 4127 1099 4180 verbum
1147 4122 1358 4177 llomini
1389 4121 1678 4177 crescebat
1725 4127 1780 4173 et
1843 4117 2113 4188 multipli-

544 4219 776 4271 cabatur
824 4228 1090 4269 numerus
1129 4212 1527 4282 discipulorum
1570 4210 1624 4262 in
1655 4206 1959 4263 Jerusalem
1994 4205 2114 4259 val-

543 4310 651 4363 dc.
731 4305 897 4360 Multa
966 4305 1130 4361 etiam
1188 4301 1350 4357 turba
1404 4298 1750 4357 sacerdotum
1826 4294 2115 4351 obcdicbat

549 4400 674 4455 litlei
686 4439 697 4456 ι

1021 4564 1587 4626 COMMENTARIUS.

618 4662 782 4732 220
803 4660 1020 4716 Graecos
1037 4674 1134 4714 seu
1164 4657 1493 4713 llellcnistas
1515 4664 1644 4726 puto
1668 4655 1758 4709 bic
1809 4652 1992 4708 vocari
2021 4666 2115 4707 eos

548 4755 642 4820 qui
665 4752 853 4807 Graece
876 4750 1239 4820 loquebantur
1266 4748 1353 4803 :bi
1386 4748 1531 4803 enim
1561 4761 1874 4817 quanquam
1903 4744 2115 4799 Hebraei

547 4853 754 4909 essent,
776 4842 963 4896 Graeca
995 4849 1175 4895 tamen
1206 4841 1390 4909 lingua
1422 4838 1764 4892 familiariter
1796 4838 2113 4891 utebantur.

548 4933 793 4988 Observa
834 4946 987 4997 vero,
1047 4933 1322 5001 quomodo
1382 4948 1401 4980 ι
1436 4929 1820 4999 quotidianum
1867 4928 2116 4980 ministe-

550 5026 691 5079 rium
721 5041 740 5075 ι
783 5031 901 5079 erat
934 5024 1111 5078 viduis
1143 5023 1431 5078 inservire.
1476 5018 1834 5074 Ministerinm
1865 5031 1993 5071 vero
2023 5030 2119 5070 vo-

549 5125 660 5182 cat,
685 5128 739 5169 et
777 5131 886 5170 non
924 5115 1345 5184 clccmosynam,
1384 5113 1484 5166 bac
1514 5112 1726 5164 ratione
1757 5118 1810 5162 ct
1842 5110 2036 5163 dantes
2065 5116 2120 5160 ct

551 5208 873 5277 recipientcs
906 5207 1192 5261 extollens.
1245 5202 1364 5258 Non
1417 5213 1600 5255 autem
1629 5217 1695 5255 cx
1730 5202 1937 5253 malitia
1974 5200 2119 5253 orie-

553 5300 730 5360 batur,
763 5297 910 5367 quod
956 5295 1266 5365 lmjusmodi
1305 5293 1478 5347 \idum
1524 5292 1960 5362 deSpicerentur,
2021 5307 2114 5347 seu

558 5390 1136 5454 praetermitterentnr;
1200 5383 1294 5438 sed
1357 5383 1588 5439 fortasse
1634 5399 1699 5438 ex
1731 5384 1902 5438 turbtc
1942 5386 2118 5454 negli-

2160 461 2365 531 ἔφασκε
2394 457 2508 511 δεῖν
2536 469 2662 508 τινα
2691 451 2894 518 λέγειν,
2930 446 3068 516 μηδὲ
3091 444 3237 499 κατὰ
3283 458 3408 494 τινα
3442 441 3611 510 τιμὴν
3640 441 3740 494 καὶ

2163 547 2591 622 φιλοφροσύνην,
2625 544 2766 615 μήτε
2792 539 2885 594 τδν
2908 535 3284 609 βασιλεύοντα.
3314 532 3428 587 Καὶ
3457 531 3643 585 πολλοί
3669 547 3739 599 γε

2161 641 2365 706 αὐτῶν,
2397 639 2528 712 περὶ
2577 634 2671 690 τοῦ
2701 632 2982 704 μὴ·είπεῖν
3026 627 3287 697 Καίσαρα
3339 626 3537 695 κύριον
3571 623 3735 694 χαλεο

2164 737 2424 799 πωτάτας
2475 731 2662 794 αἰκίας
2716 728 3040 798 ὑπέμειναν.
3092 723 3155 777 Οἳ
3188 723 3284 775 καὶ
3326 719 3629 781 ἐδίδασκον,
3663 718 3741 790 μὴ

2162 833 2276 886 δεῖν
2305 827 2460 900 παρὰ
2485 826 2584 889 τὰς
2605 818 3042 890 διατεταγμένας
3087 817 3147 871 ἐν
3178 815 3256 886 τῷ
3283 814 3564 876 Μωῦσέως
3592 814 3746 882 νόμῳ

2166 922 2361 985 θυσίας
2404 911 2776 985 ἀναφέρεσθαι
2830 908 2909 981 τῷ
2964 905 3121 976 Θεῷ’
3152 905 3342 974 διόπερ
3371 900 3609 955 ἐκώλυον
3643 900 3747 963 τὰς

2113 1007 2121 1014 ’
2167 1013 2274 1066 ύπδ
2310 1011 2412 1081 τῆς
2441 1003 2736 1077 γερουσίας
2786 1000 2882 1054 τοῦ
2929 998 3063 1053 λαοῦ
3112 992 3580 1065 παραδεδομένας,
3611 990 3751 1044 δίδοι

2172 1103 2296 1159 σθαι
2319 1099 2449 1171 περὶ⁵
2478 1098 2580 1167 τῆς
2606 1091 2885 1163 σωτηρίας
2909 1087 3007 1144 τοῦ
3039 1087 3331 1159 βασιλέως,
3357 1081 3572 1138 καὶτοῦ
3615 1081 3752 1134 Ῥω-

2175 1195 2351 1267 μαίων
2375 1193 2582 1253 ἔθνους.
2618 1185 2802 1248 Είκὼς
2827 1181 2923 1238 οὖν
2954 1182 3048 1235 ἐπὶ
3078 1178 3289 1241 τούτοις
3332 1172 3750 1245 ἀγανακτοῦντα

2173 1287 2264 1340 τὸν
2294 1284 2525 1338 Πιλᾶτον
2547 1280 2684 1353 πρὸς
2703 1277 3043 1339 Γαλιλαίους,
3074 1271 3330 1326 κελεῦσαι
3351 1267 3508 1341 [nap'
3535 1262 3750 1337 αὐταῖς]

2174 1373 2264 1441 αἷς
2321 1375 2544 1428 ἐδόκουν
2579 1372 2724 1426 κατὰ
2769 1369 2861 1423 τὸν
2914 1366 3082 1437 νόμον
3149 1363 3484 1433 προσφέρειν
3536 1356 3757 1418 θυσίαις

2177 1471 2374 1533 αὐτοὺς
2447 1463 2852 1536 ἀναιρεθῆναι,
2929 1457 3073 1512 ὥστε
3130 1452 3583 1524 «ἀναμιχθῆναι»
3636 1449 3758 1512 ταῖς

2178 1554 2653 1627 προσφερομένοις
2698 1548 2939 1611 θυσίαις,
2969 1565 2988 1598 ι
3010 1546 3071 1598 τὸ
3099 1538 3241 1614 αἷμα
3263 1562 3281 1595 ι
3312 1540 3421 1593 τῶν
3452 1537 3761 1609 προσαγόν-

2178 1663 2288 1701 των
2311 1662 2325 1676 ο
2356 1644 2508 1699 καθὰ
2536 1640 2632 1695 καὶ
2666 1641 2726 1693 ἐν
2755 1638 2834 1709 τῷ
2861 1636 3006 1692 κατὰ
3044 1637 3264 1691 Λουκᾶν
3297 1629 3620 1701 Εὐαγγελίῳ
3659 1630 3763 1699 ἐμ-

2110 1725 2153 1782 B
2184 1735 2458 1804 φαίνεται.

2259 1823 2426 1890 Οὗτος
2453 1828 2482 1879 6
2511 1822 2721 1886 Θευδᾶς
2749 1820 2949 1884 πλάνος
2967 1813 3058 1890 ἦν,
3083 1816 3182 1871 καὶ
3205 1815 3507 1878 ἀναπείσας
3530 1811 3764 1874 πολλοὺς

2189 1917 2556 1990 ἐπηγγείλατο
2602 1915 2793 1985 τεμεῖν
2843 1911 2934 1965 τὸν
2983 1910 3257 1981 Ἰορδάνην
3305 1908 3400 1962 καὶ
3434 1906 3604 1960 δίοδον
3641 1919 3765 1958 ποι-

2190 2010 2322 2080 ῆσαι
2348 2007 2429 2078 τῷ
2444 2006 2557 2077 λαῷ
2582 2021 2597 2036 ·
2624 2005 2719 2058 καὶ
2741 2001 3123 2075 διαμαρτήσας
3151 1996 3417 2071 ἀνῃρέθη,
3440 1995 3539 2051 καὶ
3567 1992 3619 2049 el
3642 1990 3764 2065 μετ’

2195 2102 2360 2158 αὑτοῦ
2391 2101 2617 2163 πάντες.

2813 2274 3061 2331 ΚΕΦΔΛ.
3108 2269 3183 2327 Ζ’.

2551 2365 2809 2439 Κυριακὴ
2835 2372 2884 2434 γ’
2913 2366 3023 2417 τῶν
3051 2358 3393 2430 Μυροφόρων

2340 2461 2482 2533 Περὶ
2514 2459 2887 2531 χειροτονίας
2923 2453 3039 2508 τῶν
3054 2450 3208 2505 ἐπι-ὰ
3237 2446 3558 2502 διακόνων.

2792 2543 3187 2602 ΚΕΙΜΕΝΟΝ.

2271 2646 2365 2700 Ἑν
2422 2642 2482 2695 δὲ
2549 2643 2674 2704 ταῖς
2739 2638 2979 2709 ἡμέραις
3057 2634 3287 2696 ταύταις
3315 2670 3332 2696 ,
3390 2625 3775 2698 πληθυνόντων

2203 2739 2315 2792 τῶν
2345 2733 2624 2807 μαθητῶν,
2662 2732 2880 2801 ἐγένετο
2898 2726 3215 2798 γογγυσμὸς
3237 2724 3346 2777 τῶν
3392 2718 3776 2790 Ἑλληνιστῶν.

2206 2832 2340 2902 πρὸς
2387 2829 2513 2890 τοὺς
2584 2823 2872 2895 Ἐϐραίους
2901 2859 2918 2885 ,
2951 2822 3035 2875 ὅτι
3088 2815 3538 2889 παρεθεωροῦντο
3593 2815 3652 2866 ἐν
3703 2813 3774 2881 τῇ

2206 2923 2458 2992 διακονίᾳ
2493 2922 2560 2992 τῇ
2605 2916 2954 2988 καθημερινῇ
2988 2913 3048 2966 αἱ
3079 2911 3248 2983 χῆραι
3273 2907 3474 2962 αὐτῶν.
3529 2908 3781 2974 Προσκα-

2208 3017 2506 3087 λεσάμενοι
2553 3013 2612 3066 δὲ
2664 3013 2715 3066 οί
2768 3010 2977 3063 δώδεκα
3023 3007 3085 3059 τὸ
3118 3004 3323 3075 πλῆθος
3353 3001 3464 3055 τῶν
3498 2997 3781 3070 μαθητῶν,

2208 3106 2364 3163 εἷπον
2394 3123 2411 3141 ·
2456 3108 2570 3160 Ούκ
2603 3103 2833 3175 ἀρεστόν
2862 3103 3012 3153 ἐστιν
3037 3100 3173 3168 ἡμῖν
3213 3093 3650 3162 καταλείψαντας
3686 3090 3782 3142 τὸν

2207 3199 2366 3267 λόγον
2399 3196 2495 3250 τοῦ
2522 3196 2679 3259 Θεοῦ,
2702 3193 2973 3248 διακονεῖν
2999 3188 3331 3262 τραπέζαις.
3376 3180 3781 3251 Ἑπισκέψασθε

2207 3286 2324 3355 οῦν,
2341 3288 2588 3356 ἀδελφοὶ,
2614 3285 2814 3356 ἄνδρας
2845 3283 2906 3348 ἐξ
2931 3282 3087 3351 ὑμῶν
3119 3275 3602 3351 μαρτυρουμένους
3636 3273 3782 3326 ἐςττᾶ

2209 3381 2437 3452 πλήρεις
2474 3378 2794 3447 Πνεύματος
2822 3377 2980 3444 ἁγίου
3011 3375 3109 3427 καὶ
3135 3371 3351 3440 σοφίας,
3379 3367 3474 3432 οὓς
3505 3365 3789 3433 καταστή-

2211 3492 2394 3545 σωμεν
2419 3474 2513 3528 ἐπὶ
2544 3473 2642 3542 τῆς
2681 3471 2874 3541 χρείας
2917 3467 3144 3529 ταύτης.
3187 3464 3378 3535 Ἡμεῖς
3410 3461 3467 3514 δὲ
3496 3462 3560 3530 τῇ
3610 3473 3785 3527 προσ-

2211 3570 2350 3638 ευχῇ
2417 3566 2514 3620 καὶ
2562 3567 2629 3634 τῇ
2683 3561 2930 3630 διακονίᾳ
2962 3559 3059 3612 τοῦ
3098 3558 3258 3624 λόγου
3297 3551 3788 3624 προσκαρτερήσο-

2216 3677 2340 3731 μεν.
2392 3661 2498 3712 Kal.
2537 3659 2738 3730 ἤρεσεν
2769 3657 2798 3708 6
2834 3654 2995 3722 λόγος
3029 3649 3262 3704 ἐνώπιον
3293 3645 3495 3708 παντὸς
3522 3643 3618 3698 τοῦ
3648 3642 3790 3711 πλή-

2214 3753 2340 3816 θους
2390 3767 2407 3785 ν
2479 3753 2577 3803 καὶ
2641 3747 2958 3813 ἐξελέξαντο
3027 3743 3303 3810 Στέφανον
3360 3740 3531 3808 ἄνδρα
3601 3736 3786 3805 πλήρη

2216 3847 2457 3906 πίστεως
2504 3842 2602 3895 καὶ
2637 3839 2958 3909 Πνεύματος
2999 3836 3181 3903 ἁγίου,
3225 3833 3320 3887 καὶ
3356 3832 3643 3893 Φίλιππον,
3692 3828 3792 3881 καὶ

2213 3935 2507 4006 Πρόχορον,
2537 3933 2632 3986 καὶ
2646 3932 2948 4000 Νικάνορα,
2970 3928 3065 3981 καὶ
3089 3926 3333 3996 Τίμωνα,
3355 3924 3447 3977 καὶ
3464 3922 3786 3992 Παρμενᾶν,

2213 4029 2309 4083 καὶ
2356 4027 2620 4081 Νικόλαον
2649 4024 2988 4094 προσήλυτον
3041 4018 3323 4089 Ἀντιοχέα
3350 4057 3366 4082 ,
3404 4015 3498 4080 οὓς
3551 4015 3789 4086 ἔστησαν

2216 4116 2450 4171 ἐνώπιον
2479 4115 2589 4169 τῶν
2617 4111 2955 4172 ἀποστόλων,
2989 4110 3086 4164 καί⁵
3110 4106 3563 4180 προσευξάμενοι,
3586 4104 3793 4173 ἐπέθη-

2215 4227 2320 4265 καν
2369 4209 2556 4272 αὐτοῖς
2614 4207 2715 4269 τὰς
2768 4208 2981 4275 χεῖρας.
3039 4203 3151 4256 Καὶ
3191 4203 3221 4254 6
3274 4201 3434 4266 λόγος
3493 4198 3588 4252 τοῦ
3649 4195 3791 4250 Θεοῦ

2216 4298 2439 4370 ηὔξανε,
2476 4299 2572 4352 καὶ
2598 4296 2933 4367 ἐπληθύνετο
2958 4298 2987 4349 6
3013 4293 3245 4365 ἀριθμὸς
3280 4293 3387 4346 τῶν
3426 4292 3684 4360 μαθητῶν
3731 4291 3794 4340 ἐν

2144 4419 2189 4474 ι)
2231 4390 2594 4462 Ἰερουσαλὴμ
2622 4389 2847 4461 σφόδρα.
2886 4387 3062 4449 Πολύς
3091 4403 3152 4439 τε
3184 4385 3343 4456 ὄχλος
3372 4384 3481 4437 τῶν
3521 4383 3794 4436 Ἰουδαίων

2217 4484 2493 4555 ὑπήκουον
2521 4484 2586 4553 τῇ
2622 4482 2831 4535 πίστει.

2810 4569 3197 4626 ΕΡΜΗΝΕῘΑ.

2297 4663 2648 4734 Ἐλληνιστὰς
2691 4661 2847 4736 οἶμαι
2889 4663 3075 4718 καλεῖν
3113 4663 3244 4726 τοὺς
3278 4660 3586 4730 Ἑλληνιστὶ
3621 4658 3796 4727 (ἔθετ’

2216 4753 2481 4824 γομένους
2506 4770 2522 4786 ·
2561 4747 2725 4835 ὀὗτοι
2770 4754 2878 4826 γὰρ
2936 4752 3241 4823 Ἑλληνιστὶ
3275 4751 3598 4819 διελέγοντο,
3664 4750 3794 4802 καί-

2214 4862 2298 4898 τοι
2356 4844 2601 4917 Ἐὁραῖοι
2669 4844 2844 4908 ὄντες.
2898 4844 3044 4916 Ὅρα
3094 4844 3174 4909 δὲ,
3233 4844 3317 4896 ὅτι
3365 4861 3385 4895 ι
3442 4841 3795 4913 καθημερινὴ

2215 4936 2462 4991 διακονία
2523 4955 2542 4988 ι
2612 4933 2681 5009 ἦν
2732 4940 2854 5001 ταῖς
2905 4939 3106 5009 χήραις
3145 4938 3461 5008 ὑπηρετεῖν.
3500 4935 3796 4989 Διακονίαν

2218 5025 2275 5078 δὲ
2301 5026 2459 5080 καλεῖ
2489 5028 2550 5080 τὸ
2597 5030 2851 5099 πρᾶγμα,
2884 5028 2981 5082 καὶ⁸
3032 5029 3092 5082 ού
3127 5029 3343 5098 ταχέως
3395 5026 3794 5096 ἐλεημοσύνην,

2217 5115 2336 5185 ἃμα
2365 5118 2460 5170 καὶ
2489 5118 2614 5181 τοὺς
2641 5118 2689 5151 ³⁸
2734 5116 3019 5182 ποιοῦντας
3069 5119 3165 5171 καὶ
3225 5118 3353 5181 τοῦς
3414 5117 3722 5187 πάσχοντας
3747 5116 3797 5145 ³⁸

2216 5208 2306 5262 διὰ
2337 5209 2529 5262 τούτου
2586 5211 2852 5280 ἐπαίρων.
2886 5210 3058 5263 Τοῦτο
3101 5210 3181 5275 δὲ,
3228 5211 3288 5263 οὐ
3338 5209 3540 5273 κακίας
3570 5204 3658 5278 ἧν,
3690 5223 3801 5261 πα·-

2222 5301 2533 5371 ρεωρᾶσθαι
2573 5302 2669 5364 τὰς
2707 5301 2960 5365 τοιαύτας
2999 5302 3197 5372 χήρας,
3240 5300 3373 5355 ἀλλὰ
3398 5302 3466 5369 τῇ
3518 5299 3611 5350 τοῦ
3656 5297 3799 5364 τελήε-

2221 5389 2346 5452 ϐονς
2412 5391 2544 5451 ἴσως
2607 5392 2870 5463 ῥᾳθυμίᾳ.
2926 5392 3025 5446 Διὰ
3094 5391 3252 5446 τοῦτο
3297 5390 3610 5464 προύθηκεν
3658 5388 3801 5442 αὐτὸ

1736 5554 1935 5615 Variae
1978 5555 2287 5619 lectiones
2332 5565 2393 5619 ct
2437 5565 2627 5621 noue.

619 5671 669 5704 ³³
696 5673 785 5729 τσο
822 5676 1085 5733 εὐτονίαν.
1202 5680 1245 5711 ³⁸
1278 5679 1535 5744 διδῧντας.
1614 5684 1656 5714 ³⁵
1702 5682 2102 5750 λαμϐάνοντας.

2922 5666 3049 5690 μισ·“
