4088 6206
347 257 453 322 9'0!

920 263 1460 327 EXPOSITIONIS
1511 267 1590 328 ΙΝ
1627 270 1814 333 ACTA
1843 272 2146 334 TEXTUS
2173 276 2437 337 ALTER.
2491 303 2559 313 —
2600 279 2756 340 CAP.
2789 279 2888 340 VI.

3487 282 3593 343 902

346 373 428 435 είς
464 373 629 442 μέσον
655 390 668 404 ·
690 373 749 425 οὗ
781 374 888 443 γάρ
919 376 1117 447 μικρὸν
1145 375 1204 429 τὸ
1228 377 1398 430 κακὸν
1421 374 1488 448 ἦν
1521 396 1533 409 ·
1567 379 1649 431 διὸ
1679 383 1773 433 καὶ
1803 381 1910 452 [ται

2026 385 2227 452 gentia.
2277 385 2487 440 Idcirco
2520 402 2649 442 vero
2681 387 2784 442 hoc
2817 387 2871 441 in
2909 387 3148 443 medium
3181 387 3436 457 protulit,
3460 391 3588 460 quia

346 463 508 540 χέως]
539 464 842 534 διιιιροὼθη.
882 486 900 517 ι
940 469 1484 543 Προσκαλεσάμενοι.
1524 489 1542 522 ρ
1599 474 1824 544 Πρῶτον
1854 476 1916 528 τὸ

345 559 544 611 ἄτοπον
595 559 810 628 τίθησιν
835 601 850 625 ,
889 560 1126 632 [δεικνὺς
1153 603 1168 626 ,
1216 563 1313 635 ὡς]
1353 565 1453 618 οὐκ
1489 567 1608 618 ἐνὸν
1637 569 1778 637 μετά
1815 571 1916 640 τῆς

345 650 515 720 αὐτῆς
547 653 783 722 σπουδῆς
815 654 1109 726 ἀμφότερα
1160 657 1407 723 γίνεσθαι
1441 674 1457 690 ο
1510 660 1632 714 ἐπεὶ
1677 661 1773 714 καὶ
1826 663 1915 716 ὅτε

342 743 432 794 τὸν
461 743 710 796 Ματθίαν
725 750 1058 815 χειροτονεῖν
1085 747 1330 818 ἔμελλον,
1357 750 1575 822 πρῶτον
1600 753 1699 823 τὴν
1725 756 1916 826 χρείαν

341 833 586 886 δεικνύοι
615 836 710 888 τοῦ
747 839 1091 907 πράγματος,
1128 840 1212 894 ὅτι
1241 859 1301 894 τε
1337 842 1520 898 ἔλιπεν
1547 840 1650 910 εἷς,
1680 847 1776 899 καὶ
1807 848 1914 902 ἔδει

343 924 597 989 γενέσθαι
643 926 850 981 δώδεκα
885 943 900 957 ·
954 931 1053 984 καὶ
1087 932 1320 987 ἐνταῦθα
1360 935 1460 1004 τὴν
1479 937 1671 1007 χρείαν
1706 939 1914 1008 ἐδήλω·

343 1033 464 1070 σαν.
519 1019 632 1071 Οὐκ
683 1019 838 1073 αὐτοὶ
883 1021 941 1074 δὲ
1001 1023 1269 1091 ποιοῦσιν,
1319 1027 1436 1081 ἀλλ’
1483 1032 1671 1093 αὐτοῖς
1701 1030 1914 1102 ἐπιτρέο

343 1126 526 1172 πουσι,
571 1111 699 1174 τοὺς
729 1113 893 1165 πᾶσιν
927 1115 1285 1183 ἀρέσκοντας,
1336 1121 1465 1184 τοὺς
1525 1122 1631 1175 ὑπὸ
1693 1122 1914 1176 πάντων

347 1201 829 1269 μαρτυρουμένους
855 1205 934 1266 είς
961 1205 1126 1274 μέσον
1146 1207 1398 1276 ἀγαγεῖν.
1423 1211 1620 1265 Καίτοι
1650 1213 1913 1282 ἠδύναντο

342 1293 497 1344 αὐτοὶ
529 1293 852 1352 ἐκλέξασθαι
889 1295 1166 1366 Πνεύματι
1197 1301 1511 1370 κινούμενοι
1549 1318 1564 1334 ο
1606 1303 1724 1356 ἀλλ’
1763 1305 1912 1374 ὅμως

343 1383 435 1434 καὶ
459 1381 556 1450 τὴν
591 1383 893 1454 μαρτυρίαν
925 1385 1208 1456 βούλονται
1233 1389 1330 1458 τὴν
1348 1391 1478 1461 παρ’
1496 1392 1694 1447 αὐτῶν.
1721 1395 1794 1448 Τὸ
1815 1396 1915 1465 μὲν

343 1472 523 1542 ὁρίσαι
552 1473 644 1525 τὸν
675 1475 940 1544 ἀριθμὸν,
973 1479 1067 1532 καὶ
1113 1479 1172 1532 τὸ
1211 1483 1611 1551 χειροτονῆσαι,
1642 1485 1736 1539 καὶ
1762 1486 1823 1539 τὸ
1856 1489 1914 1540 ἐν

345 1564 506 1634 χρείᾳ
526 1565 748 1637 τοιαύτῃ
763 1567 1082 1641 [Stat-rigat],
1105 1571 1285 1625 αὐτῶν
1301 1568 1391 1642 ἦν·
1408 1574 1468 1626 τὸ
1483 1574 1539 1627 δὲ
1558 1575 1915 1641 ἐλέσθαιτοὺς
1961 1609 1966 1612 -

344 1655 562 1724 ἄνδρας,
595 1657 822 1720 ἐκείνοις
847 1660 1260 1730 ἐπιτρέπουσιν,
1291 1665 1375 1716 ἰνα
1407 1666 1482 1736 μὴ
1511 1666 1739 1733 δόξωσιν
1758 1670 1916 1724 αὐτοὶ

2024 489 2132 526 ιιοιι
2185 489 2412 542 parvum
2460 485 2579 530 erat
2637 477 2878 540 malum;
2933 477 3178 546 adeoque
3237 485 3291 532 ct
3340 481 3592 534 celeriter

2019 573 2271 618 curatum
2309 567 2435 620 luit.
2481 584 2499 618 ι
2529 568 2928 624 Convocantes.
2959 586 2977 617 ι
3035 567 3223 621 Primo
3277 569 3590 622 absurdita-

2023 665 2130 708 tem
2160 658 2403 725 exponit,
2436 659 2731 713 ostendens
2789 657 2904 712 fieri
2937 657 3004 712 ab
3032 658 3137 713 illis
3168 675 3276 713 non
3313 675 3498 730 posse,
3530 670 3590 714 ut

2020 754 2313 816 utrumque
2351 748 2541 804 eadem
2573 749 2846 817 diligentia
2873 757 3240 819 perageretur.
3298 749 3364 803 Et
3396 766 3593 819 quem.

2017 833 2312 887 admodum
2384 851 2509 889 eum
2567 835 2844 890 Mattlriam
2880 837 3104 892 eiecturi
3146 846 3319 903 erant,
3361 839 3479 907 ejus
3515 842 3589 894 rei

2019 925 2403 981 necessitatem
2443 927 2815 993 declararunt,
2872 929 3000 997 quia
3036 931 3247 984 scilicet
3277 930 3343 984 ad
3378 931 3590 987 duode-

2018 1011 2125 1065 cim
2166 1015 2470 1082 apostolos,
2519 1032 2658 1084 quos
2687 1031 2812 1072 esse
2841 1018 3148 1087 oportebat,
3183 1034 3327 1072 unus
3358 1019 3584 1074 deerat:

2019 1104 2100 1158 sic
2130 1105 2292 1159 etiam
2320 1121 2467 1160 nunc
2499 1106 2547 1159 id
2577 1122 2715 1176 opus
2751 1121 2873 1162 esse
2903 1108 3193 1162 allirmant.
3253 1107 3371 1162 Non
3406 1120 3588 1164 autem

2019 1192 2241 1263 ipsimet
2270 1196 2504 1265 eligunt,
2551 1196 2646 1251 sed
2692 1197 2817 1252 aliis
2863 1208 3189 1267 potestatem
3233 1199 3441 1254 faciunt
3491 1216 3589 1255 eos

2017 1285 2110 1354 qui
2135 1285 2392 1338 omnibus
2427 1287 2734 1354 placuerint
2768 1299 2822 1343 et
2856 1290 3068 1358 probati
3101 1289 3305 1344 fuerint
3371 1293 3424 1344 in
3475 1309 3589 1346 tne-

2016 1374 2165 1428 dium
2198 1375 2555 1441 producendi.
2619 1376 2686 1430 Et
2717 1378 2936 1447 quidem
2964 1387 3216 1448 poterant
3244 1381 3344 1438 illi,
3375 1383 3582 1450 Spiritu

2017 1476 2208 1520 sancto
2241 1467 2562 1536 inspirante,
2597 1467 2839 1538 eligere;
2874 1479 3111 1526 attamen
3139 1473 3305 1526 etiam
3343 1474 3592 1526 testimo-

2019 1556 2169 1610 nium
2191 1558 2258 1611 ab
2277 1558 2401 1612 aliis
2426 1559 2637 1614 volunt.
2659 1557 2902 1628 Scilicet,
2923 1578 3210 1618 numerum
3231 1563 3478 1626 delinire,
3497 1581 3590 1619 or-

2018 1647 2210 1703 dinare
2230 1655 2284 1702 et
2300 1648 2565 1719 quidquid
2583 1651 2647 1704 ad
2673 1652 2816 1707 hunc
2842 1669 2996 1707 usum
3015 1656 3318 1723 spectabat,
3342 1659 3594 1725 praescri-

345 1746 686 1815 χαρίζεσθαι.
744 1751 916 1804 Ἐπτά
954 1752 1010 1804 δὲ
1056 1734 1480 1824 προϐάλλονται,
1531 1756 1633 1812 οὐκ
1683 1759 1764 1814 ἔτι
1809 1761 1910 1815 δὼ-

2018 1739 2145 1794 bcre
2175 1739 2415 1809 ipsorum
2434 1742 2623 1811 utique
2649 1753 2768 1797 erat
2783 1760 2797 1796 :
2814 1753 2869 1796 at
2895 1744 3212 1800 electionem
3233 1748 3444 1804 caeteris
3465 1763 3560 1817 per
3585 1779 3589 1784 -

342 1837 491 1892 δεκα.
517 1841 636 1892 Τῶν
662 1842 768 1914 γὰρ
790 1845 1102 1912 ἀναγκαίων
1124 1848 1190 1900 τὰ
1217 1849 1489 1918 ἀναγκαῖα
1513 1854 1906 1926 προτιμότερα.

356 1931 780 2000 ’Λπολυγοῦνται
811 1935 867 1986 δὲ
907 1937 1078 2005 ὅμως,
1119 1938 1290 1993 ὅτιού
1351 1941 1577 1997 δυνατόν
1633 1947 1783 1999 ἐστιν
1814 1949 1908 2000 ati-

341 2021 475 2081 τοῖς,
531 2023 625 2072 καὶ
673 2024 762 2074 τοῦ
817 2025 1173 2096 κηρύγματος
1227 2031 1648 2101 ἐπιμελεῖσθαι,
1685 2036 1908 2090 καὶτοῦ

342 2112 615 2166 ποιεῖσθαι
668 2116 924 2186 πρόνοιιν
958 2136 972 2151 ο
1011 2118 1086 2184 ὼς
1137 2123 1198 2174 οὐ
1253 2124 1341 2179 διὰ
1382 2126 1551 2195 τῦφον
1597 2129 1909 2194 δεικνύντες

343 2203 615 2256 ποιεῖσθαι
651 2206 748 2275 τὴν
797 2211 1128 2281 παραίτησιν
1157 2215 1255 2285 τῆς
1311 2217 1614 2285 διακονίας,
1655 2222 1794 2277 ἀλλά
1819 2225 1909 2278 διὰ

340 2295 438 2366 τὴν
467 2297 560 2348 τοῦ
581 2298 932 2368 κηρύγματος
963 2305 1302 2373 ἐπιμέλειαν.
1339 2329 1357 2362 ι
1387 2313 1493 2366 Καὶ
1526 2313 1836 2379 ἐξελέξαντο
1883 2336 1903 2370 ›

345 2387 621 2452 Ἅπαντες
667 2387 809 2460 ἦσαν
849 2394 1072 2465 πλήρεις
1120 2400 1398 2465 πίστεως,
1430 2404 1524 2463 οὒς
1557 2407 1871 2473 ἐξελέξαντο
1894 2423 1911 2438 ⁸

343 2478 430 2530 ἵνα
482 2480 557 2551 μὴ
588 2482 657 2534 τὰ
709 2485 846 2538 αύτά
893 2487 1148 2558 γένηται,
1193 2485 1282 2545 οἷα
1318 2495 1410 2546 ἐπὶ
1455 2496 1624 2550 Ἰούδα
1651 2539 1665 2561 ,
1694 2496 1785 2553 οἷα
1818 2503 1912 2555 ἐπὶ

356 2572 608 2634 Ἀνανίου
669 2578 766 2630 καὶ
796 2578 1132 2651 Σαπφείρας.
1166 2580 1298 2638 Εἶτα
1327 2587 1686 2658 ἀφορίσαντες
1711 2593 1912 2657 αὐτοὺς

341 2664 436 2716 τοῦ
478 2665 754 2736 πλήθους,
800 2669 1082 2743 «ἔστησαν
1140 2676 1374 2731 ἐνώπιον
1413 2681 1521 2732 τῶν
1571 2684 1908 2740 ἀποστόλων.

343 2757 406 2807 Oi
437 2757 516 2821 δέ,
546 2761 996 2832 προσευξάμενοι,
1021 2766 1296 2838 ἐπέθηκαν
1315 2772 1500 2836 αὐτοῖς
1532 2773 1630 2837 τὰς
1663 2779 1905 2846 χεῖρας,ι

344 2848 454 2939 καὶ,
482 2850 781 2907 ἀπέλυσαν.
818 2857 924 2908 Καὶ
967 2850 1324 2928 σημειωτέον,
1379 2865 1463 2916 ὅτι
1508 2866 1577 2918 δι’
1611 2867 1776 2939 εὐχῆς
1816 2873 1912 2925 καὶ

342 2937 645 3002 ἐπιθέσεως
677 2941 786 2994 τῶν
819 2946 1022 3014 χειρῶν
1049 2949 1157 3001 τῶν
1187 2951 1511 3021 ἡγουμένων
1553 2957 1610 3008 ἐν
1636 2937 1905 3032 τῷλόγῳ,

343 3029 375 3097 ἡ
427 3033 730 3101 χειροτονία
759 3073 774 3096 ,
821 3038 916 3088 καὶ
961 3038 992 3108 ὴ
1046 3038 1173 3103 ἀξία
1204 3041 1302 3111 τῆς
1353 3044 1632 3112 διακονίας
1672 3050 1826 3122 ἐδόθη
1853 3029 1911 3121 ἐξ
1940 3063 1980 3121 c

343 3125 520 3194 ἀρχῆς
554 3128 664 3189 τοῖς
721 3127 1011 3193 διακόνοις.
1047 3133 1156 3185 Καὶ
1186 3133 1344 3186 τοῦτο
1373 3136 1432 3189 τὸ
1461 3137 1583 3200 ἔθος
1623 3143 1783 3211 μέχρι
1816 3144 1909 3196 νῦν

345 3215 597 3277 σώζεται.
654 3219 766 3270 Καὶ
793 3220 942 3272 ἐστιν
971 3223 1168 3287 είπετν,
1209 3225 1290 3278 ὅτι
1322 3226 1448 3280 οὔτε
1489 3231 1596 3285 τῶν
1619 3232 1904 3299 διακόνων,

341 3307 463 3360 οὔτε
521 3310 630 3360 τῶν
683 3312 1072 3384 πρεσϐυτέρων
1095 3354 1110 3378 ,
1161 3319 1194 3387 ή
1233 3318 1480 3374 διακονία
1506 3323 1646 3394 αὓτη
1677 3325 1909 3398 (οὐδέπω

340 3398 449 3470 γὰρ
477 3400 651 3464 οὐδεὶς
676 3402 975 3467 ἐπίσκοπος
998 3401 1112 3476 ἦν),
1143 3408 1258 3463 ἀλλ’
1286 3411 1639 3467 οίάπόστολοι
1670 3415 1904 3490 [μόνον]·

339 3488 499 3554 ὅθεν,
551 3492 675 3579 οὔτε
724 3494 1019 3563 διακόνων,
1055 3498 1179 3553 οὔτε
1211 3504 1598 3575 πρεσϐυτέρων
1641 3506 1794 3579 οἶμαι
1845 3488 1906 3564 τ’)

340 3580 510 3651 ὄνομα
539 3577 677 3638 εἶναι
701 3584 859 3654 δῆλον
891 3588 982 3641 καὶ
1006 3593 1258 3659 φανερόν.
1298 3594 1458 3648 Ἀλλά
1482 3597 1622 3660 τέως
1651 3577 1731 3662 είς
1751 3601 1907 3655 τοῦτο

343 3674 831 3748 ἐχειροτονήθησαν
863 3681 950 3734 διὰ
985 3687 1294 3756 προσευχῆς
1340 3689 1434 3740 καὶ
1475 3690 1774 3757 ἐπιθέσεως
1802 3695 1909 3748 τῶν

341 3766 548 3837 χειρῶν
575 3769 683 3821 τῶν
712 3772 1046 3828 ἀποστόλων.
1086 3777 1417 3843 Ἐπεύξαντο
1452 3781 1563 3852 γὰρ
1587 3784 1790 3848 αὐτοῖς,
1818 3786 1911 3840 δυ-

342 3857 572 3928 νηθῆναι
608 3863 988 3931 περιγενέσθαι
1021 3866 1116 3918 τοῦ
1145 3866 1331 3937 ἔργου.
1397 3870 1568 3924 Ἑπτὰ
1611 3874 1667 3926 δὲ
1696 3875 1907 3945 ἀνδρῶν

340 3947 642 4018 ἐδεήθησαν
673 3955 753 4016 είς
775 3953 931 4007 τοῦτο
955 3969 972 3989 ο
1011 3956 1183 4010 πολλά
1225 3960 1334 4029 γὰρ
1363 3959 1590 4032 ἐπέρρει
1622 3965 1905 4034 χρήματα,

341 4040 463 4092 ἐπεὶ
493 4041 587 4094 καὶ
614 4045 798 4114 χηρῶν
825 4047 1030 4117 πλῆθος
1051 4044 1140 4120 ἦν.

341 4142 470 4188 runt
509 4137 650 4189 enim
695 4152 791 4204 pro
842 4139 996 4206 ipsis,
1046 4148 1105 4194 ut
1137 4141 1442 4210 iniunctum
1499 4159 1638 4215 opus
1677 4157 1898 4209 strenue
1937 4162 2161 4230 exsequi

2012 1833 2260 1896 mittunt,
2282 1848 2349 1886 ne
2372 1835 2628 1901 cuiquam
2657 1834 2952 1903 gratiﬁcari
2980 1835 3223 1891 voluisse
3244 1837 3587 1892 viderentur.

2013 1920 2233 1990 Septem
2265 1936 2395 1977 vero
2425 1923 2709 1994 eligendos
2738 1937 3074 1996 proponunt,
3104 1942 3212 1981 non
3254 1927 3542 1984 duodecim
3569 1947 3588 1992 ;

2011 2013 2156 2080 quod
2215 2014 2358 2067 inter
2392 2028 2454 2068 ea
2489 2015 2652 2069 etiam
2681 2055 2696 2082 ,
2747 2031 2868 2086 qum
2901 2020 3208 2074 necessaria
3271 2031 3434 2086 sunt,
3475 2021 3584 2074 alia

2012 2104 2264 2172 aliis-sint
2293 2107 2699 2175 praestantiora.
2737 2107 3153 2165 Excusationcm
3193 2121 3587 2182 tamenqnam-

2010 2189 2132 2243 dam
2168 2192 2475 2260 proferunt,
2510 2193 2771 2261 quoniam
2816 2195 2959 2248 haud
3003 2205 3122 2250 erat
3151 2195 3260 2251 illis
3289 2200 3574 2265 possibile,

2013 2281 2174 2336 simul
2216 2289 2272 2335 et
2303 2282 2710 2350 prmdicationis
2746 2301 2764 2334 ι
2793 2285 2945 2338 verbi
2975 2285 3069 2340 Del
3100 2323 3116 2349 ,
3168 2304 3186 2338 ι
3229 2297 3282 2341 et
3313 2290 3584 2356 provisio-

2013 2374 2100 2427 nis
2143 2387 2270 2442 erga
2314 2388 2580 2442 pauperes
2631 2388 2820 2428 curam
2843 2391 3076 2444 gerere:
3113 2383 3174 2430 ut
3236 2378 3589 2433 ostenderent

2011 2477 2069 2517 se
2102 2465 2422 2532 neutiquam
2473 2480 2538 2519 ex
2579 2465 2747 2518 animi
2783 2473 2996 2521 tumore
3046 2466 3578 2522 administrationem

2013 2554 2327 2622 hujusmodi
2364 2569 2662 2620 recusare;
2701 2555 2797 2612 sed
2837 2565 2894 2610 ut
2923 2557 3298 2626 prmdicationi
3347 2558 3598 2632 diligeng

2013 2643 2124 2698 tius
2161 2643 2478 2698 incumbere
2505 2652 2751 2712 possent.
2801 2663 2819 2696 ι
2860 2644 2926 2700 Et
2947 2646 3252 2716 elegerunt.
3298 2666 3316 2698 ι
3380 2647 3584 2703 Omnes

2009 2730 2169 2786 electi
2198 2738 2326 2784 sunt
2352 2731 2498 2800 pleni
2531 2732 2653 2795 lidc,
2689 2746 2760 2787 ne
2795 2731 2984 2787 eadem
3006 2748 3126 2801 quae
3155 2731 3208 2786 in
3237 2731 3402 2796 Juda,
3437 2731 3585 2786 Aua-

2011 2817 2100 2872 nia
2133 2825 2185 2871 et
2232 2815 2466 2887 Saplrira
2511 2820 2903 2886 contigerant,
2945 2831 3315 2876 recurrerent.
3376 2821 3586 2874 Deinde

2011 2918 2368 2979 scgregantes
2397 2926 2492 2966 eos
2538 2926 2568 2965 a
2627 2913 2786 2966 turba
2813 2949 2829 2974 ,
2892 2930 2911 2962 ι
2951 2921 3264 2967 statuerunt
3297 2923 3426 2973 ante
3451 2927 3585 2979 cgn-

2016 3010 2266 3068 spectum
2295 3003 2695 3072 apostolorum,
2723 3003 2814 3074 qui
2843 3015 3068 3061 orantes
3099 3007 3479 3077 imposuerunt
3503 3007 3584 3061 eis

2016 3105 2211 3146 manus
2249 3110 2266 3142 ι
2333 3103 2388 3147 et
2444 3094 2792 3149 dimiserunt.
2858 3096 2998 3150 llinc
3071 3098 3443 3151 adnotandum
3501 3107 3586 3149 est

2012 3180 2414 3234 ordinationem
2449 3190 2503 3235 et
2529 3183 2850 3248 dignitatem
2883 3184 3208 3239 diaconatus
3249 3200 3344 3254 per
3375 3187 3582 3237 oratio—

2005 3284 2126 3323 nem
2165 3278 2219 3324 et
2255 3287 2517 3325 manuum
2561 3273 2968 3342 impositionem
2999 3289 3231 3340 eorum,
3271 3278 3361 3344 qui
3397 3278 3586 3344 praesi-

2004 3361 2129 3414 dent
2159 3362 2359 3430 vcrbo,
2381 3365 2450 3419 ab
2473 3365 2628 3418 initio
2651 3365 2828 3420 datam
2854 3365 3024 3421 fuisse
3057 3384 3070 3421 :
3099 3381 3220 3436 qua:
3245 3368 3586 3421 consuetudo

2003 3451 2068 3504 ad
2108 3467 2347 3521 praesens
2383 3470 2557 3524 usque
2609 3463 2822 3525 tempus
2862 3467 3136 3510 servatur.
3191 3458 3442 3510 Attamen
3474 3457 3584 3510 dici

2003 3557 2224 3612 quoque
2273 3552 2450 3613 potest
2496 3546 2867 3600 ministerium
2930 3547 3066 3601 illud
3108 3563 3289 3617 neque
3322 3549 3584 3602 diacono-

2006 3643 2126 3680 rutn
2184 3643 2360 3692 neque
2428 3631 2872 3700 presbyterorum
2917 3631 3128 3687 fuisse:
3167 3639 3405 3687 nondum
3436 3636 3582 3687 enim

2007 3715 2152 3770 ullus
2181 3753 2196 3778 ,
2231 3719 2474 3784 exceptis
2516 3718 2784 3786 apostolis
2809 3759 2824 3783 ,
2867 3721 3161 3790 episcopus
3198 3730 3338 3775 erat.
3395 3721 3583 3787 Quare

2005 3819 2109 3856 non
2144 3814 2299 3873 puto,
2327 3805 2459 3873 quid
2491 3820 2588 3874 per
2617 3805 2974 3860 diaconornm
3028 3807 3584 3877 presbyterornmque

2003 3891 2227 3945 nomina
2264 3892 2352 3945 hic
2404 3892 2784 3962 intelligatur,
2847 3893 3197 3948 manifestum
3246 3904 3299 3950 et
3363 3897 3573 3949 clarum

2004 3992 2147 4032 esse.
2171 3979 2536 4046 Interimhvero
2566 3980 2602 4033 ii
2623 3995 2717 4049 per
2739 3980 3148 4048 orationem,'et
3177 3982 3580 4052 impositionem

2006 4084 2264 4124 manuum
2315 4071 2686 4140 apostolorum
2738 4072 2976 4127 ordinati
3003 4084 3151 4130 sunt.
3179 4075 3338 4144 221
3378 4075 3588 4128 Orave-
3664 4093 3666 4095 ’

2217 4171 2467 4231 possent.
2521 4161 2666 4220 Viris
2701 4174 2885 4219 autem
2927 4180 3034 4220 non
3115 4170 3299 4223 minus
3368 4179 3579 4238 septem

339 4247 478 4300 opus
510 4230 576 4283 ad
609 4229 660 4284 id
693 4239 850 4294 erat;
885 4233 1065 4287 multa:
1096 4234 1239 4289 enim
1273 4235 1620 4294 confluebant
1646 4245 1915 4314 pecunia,
1958 4259 2012 4305 et
2038 4229 2427 4310 vidum—multa?
2460 4265 2639 4310 erant.

953 4325 1179 4379 ΚΕΦΑΛ
1210 4329 1296 4382 H'.

2611 4349 2839 4404 CAPUT
2865 4349 2977 4404 Vill

351 4412 648 4466 Ἰουδαίων
685 4411 1120 4480 ἐπανάστασις,
1177 4419 1275 4472 καί
1329 4426 1709 4492 συκοφαντία
1751 4431 1904 4483 κατὰ

2011 4435 2318 4493 Judworum
2369 4441 2703 4508 insurrectio,
2761 4453 2810 4497 et
2867 4445 3135 4499 calumnia
3177 4447 3426 4502 adversus
3461 4449 3581 4504 Ste-

402 4503 753 4572 Στεςεὰνου,
809 4505 915 4558 τοῦ
992 4508 1176 4561 αὐτοῦ
1252 4528 1316 4565 τε
1371 4513 1698 4584 δημηγορία
1768 4521 1902 4587 περὶ

403 4595 514 4663 τῆς
565 4595 716 4662 πρὸς
761 4597 1015 4666 Ἀϐραὰμ
1069 4598 1358 4670 διαθήκης
1417 4607 1526 4661 τοῦ
1578 4610 1761 4664 Θεοῦ·
1800 4613 1900 4666 καί

407 4686 540 4754 περὶ
575 4687 692 4740 τῶν
721 4686 949 4741 δώδεκα
979 4693 1380 4761 πατριαρχῶν.

930 4780 1318 4840 ΚΕΙΜΕΝΟΝ.

407 4866 677 4936 Στέφανος
730 4871 949 4941 πλήρης
995 4872 1235 4938 πίστεως
1283 4877 1697 4951 καὶδυνάμεως
1731 4884 1902 4939 ἐποίει

338 4957 538 5026 τέρατα
567 4962 662 5013 καὶ
695 4967 899 5032 σημεῖα
934 4966 1144 5035 μεγάλα
1176 4969 1236 5021 ἐν
1266 4969 1344 5038 τῷ
1369 4971 1504 5042 λαῷ.
1567 4971 1902 5050 ’Δνέστησαν

338 5049 395 5102 δέ
428 5067 574 5112 τινες
605 5052 713 5104 τῶν
751 5057 813 5107 ἐκ
839 5058 934 5126 τῆς
963 5061 1289 5130 συναγωγῆς
1327 5065 1428 5133 τῆς
1468 5064 1769 5139 λεγομένης
1804 5071 1902 5124 Λι-

339 5140 620 5210 ϐερτίνων,
669 5145 765 5196 καὶ
806 5148 1150 5218 Κυρηναίων,
1198 5157 1292 5206 καὶ
1335 5154 1755 5228 Ἀλεξανδρέων,
1807 5163 1903 5215 καὶ

337 5233 442 5284 τῶν
466 5234 571 5285 ἀπὸ
600 5235 851 5300 Κιλικίας
886 5240 978 5291 καὶ
1026 5241 1229 5306 Ἄσίας,
1264 5245 1624 5313 συζητοῦντες
1658 5252 1736 5321 τῷ
1769 5253 1902 5304 Στε-

337 5323 491 5392 φάνῳ
513 5338 526 5351 ·
570 5328 665 5376 καί
705 5325 803 5377 οὐκ
832 5327 1016 5396 ἴσχυον
1045 5331 1364 5403 ἀντιστῆναι
1397 5340 1463 5407 τῇ
1499 5339 1663 5410 σοφία
1695 5344 1789 5395 καὶ
1824 5343 1901 5413 τῷ

337 5413 633 5483 ΙΙνεύματι,
683 5409 728 5484 ᾧ
764 5417 963 5471 ἐλάλει.
1024 5422 1156 5474 Τότε.
1192 5424 1463 5480 ὑπέϐαλον
1483 5409 1684 5500 ἄνδρας
1709 5409 1900 5502 λέγονξ

334 5522 449 5569 τας,
481 5507 561 5560 ὅτι
605 5509 950 5580 Ἀκηκόαμεν
975 5514 1141 5567 αὐτοῦ
1171 5517 1454 5583 λαλοῦντος
1483 5523 1704 5593 ῥήματα
1734 5526 1896 5596 βλάσ-

339 5611 494 5664 φημα
543 5600 621 5660 εἰς
655 5601 864 5669 Μωσῆν
887 5604 1095 5658 καὶτὸν
1123 5606 1255 5659 Θεόν
1277 5626 1290 5638 ο
1331 5614 1689 5683 συνεκίνησάν
1721 5635 1777 5670 τε
1809 5619 1898 5672 τὸν

334 5684 479 5751 λαὸν,
514 5689 749 5754 καὶτοὺς
789 5695 1216 5768 πρεσϐυτέρους,
1259 5704 1352 5754 καὶ
1377 5704 1500 5767 τοὺς
1516 5705 1890 5778 Γραμματεῖς·

2076 4530 2308 4598 phanum
2358 4548 2377 4585 :
2436 4533 2696 4602 Imjusque
2747 4536 2926 4588 concio
2962 4536 3026 4590 de
3079 4536 3172 4591 Dei
3221 4539 3414 4605 foedere
3461 4559 3579 4595 cum

2079 4621 2417 4689 Abra/tanto;
2459 4634 2507 4678 et
2547 4625 2610 4680 de
2633 4624 2908 4680 duodecth
2940 4629 3289 4696 patriarcht‘s.

2642 4803 2942 4865 TEXTUS.

2078 4891 2178 4958 \‘l,
2211 4892 2361 4949 8-15.
2427 4895 2740 4965 Stephanus
2796 4906 3004 4965 autem,
3056 4901 3247 4971 plenus
3299 4903 3471 4974 gratia
3524 4913 3578 4959 et

2005 4983 2345 5052 fortitudine,
2371 4984 2604 5044 faciebat
2636 4990 2884 5060 prodigia
2909 5000 2961 5046 et
2996 4992 3147 5063 signa
3178 5011 3368 5066 magna
3396 4997 3448 5050 in
3482 5011 3580 5065 po-

2002 5077 2150 5147 pulo.
2183 5075 2550 5133 Slirrexerunt
2583 5087 2765 5135 autem
2798 5082 3019 5151 quidam
3039 5085 3104 5139 de
3130 5085 3432 5157 Synagoga,
3453 5102 3577 5156 quae

2003 5166 2306 5236 appellatur
2334 5165 2739 5222 Libertinorum
2767 5180 2818 5224 et
2840 5171 3234 5243 Cyrenensium
3250 5187 3302 5230 et
3332 5178 3572 5231 Alexan-

2004 5254 2286 5311 drinorum
2317 5265 2370 5313 et
2400 5271 2592 5312 eorum
2626 5260 2719 5326 qui
2744 5269 2902 5315 erant
2929 5277 2958 5315 a
2979 5263 3164 5316 Cilicia
3190 5272 3242 5316 et
3271 5266 3419 5330 Asia,
3453 5265 3570 5320 dis-

2003 5356 2256 5417 putantes
2295 5364 2418 5404 cum
2484 5349 2800 5420 Stephano:
2854 5362 2913 5407 et
2959 5368 3067 5407 non
3119 5362 3369 5420 poterant
3414 5358 3563 5413 resi-

2007 5449 2149 5496 stere
2183 5444 2489 5513 sapientim,
2534 5453 2588 5500 et
2641 5444 2874 5515 Spiritui
2909 5447 3000 5516 qui
3039 5447 3382 5516 loquebatur.
3416 5449 3569 5507 Tune

2004 5535 2401 5589 summiserunt
2432 5537 2602 5603 viros,
2636 5540 2727 5607 qui
2757 5537 3000 5592 dicerent
3035 5552 3094 5592 se
3149 5538 3423 5595 audivisse
3444 5558 3570 5596 cum

2002 5623 2268 5678 dicentem
2302 5627 2464 5681 verba
2505 5627 2854 5696 blasphemia
2887 5631 2939 5681 in
2974 5628 3189 5700 Moysen
3225 5641 3277 5685 et
3309 5632 3360 5686 in
3383 5632 3569 5692 Deum.

2009 5714 2438 5774 Commoveruut
2503 5721 2687 5790 itaque
2726 5720 2933 5790 plebem
2971 5733 3023 5778 et
3055 5724 3303 5780 seniores
3333 5733 3385 5780 et
3423 5725 3573 5783 Scri-
