4088 6206
502 442 599 493 bas
654 452 667 488 :

502 533 631 581 runt
662 524 718 578 in
746 519 1039 576 concilium
1074 524 1127 571 et
1168 522 1480 570 statuerunt
1536 511 1707 567 falsos
1756 500 1925 564 testes
1977 506 2070 577 qui

506 618 800 673 dicerent:
853 608 1028 664 Homo
1077 606 1181 660 iste
1212 620 1318 657 non
1355 611 1535 657 cessat
1585 600 1732 669 loqui
1790 598 1953 652 verba
1981 597 2074 649 ad-

502 718 693 760 versus
733 702 910 754 locum
967 704 1218 752 sanctum
1249 700 1302 745 et
1335 694 1529 759 legem.
1564 688 1894 741 Audis-imus
1924 684 2072 739 enim

503 813 626 852 eum
653 794 924 848 dicentem
958 829 972 855 ,
1025 787 1285 855 quoniam
1318 782 1480 837 Jesus
1525 781 1839 833 Nazarenus
1864 778 1949 830 hic
1979 776 2067 827 de-

507 894 683 943 struet
747 884 923 935 locum
975 866 1162 937 istum,
1219 884 1273 931 et
1323 874 1554 927 mutabit
1588 871 1911 924 traditiones
1942 879 2078 934 quas

508 976 735 1033 tradidit
762 971 920 1026 nobis
951 969 1190 1040 Moyses.
1218 968 1580 1021 Etintnentes
1610 976 1733 1016 eum
1763 974 1954 1014 omnes
1985 956 2078 1025 qui

509 1064 847 1125 sedebantin
876 1060 1134 1123 concilio,
1166 1058 1420 1112 viderunt
1454 1054 1645 1109 faciem
1680 1052 1799 1120 ejus
1822 1059 2077 1117 tanquam

514 1158 698 1212 faciem
732 1152 929 1221 angeli.

581 1329 677 1391 Vl,
708 1328 815 1380 ιωι.
846 1323 987 1377 Dixit
1007 1330 1187 1375 autem
1212 1320 1461 1388 princeps
1486 1313 1827 1369 sarerdotum
1858 1309 1948 1365 :Si
1969 1312 2082 1364 haec

515 1424 587 1475 ita
609 1435 667 1473 se
690 1415 928 1469 habent?
946 1411 1047 1478 Qui
1068 1412 1142 1463 ait
1166 1426 1180 1464 :
1206 1409 1317 1463 Viri
1339 1407 1537 1461 fratres
1555 1415 1607 1460 et
1630 1412 1833 1473 patres,
1854 1402 2039 1455 audite
2068 1419 2082 1451 :

520 1513 661 1567 Deus
692 1509 875 1580 giorim
906 1505 1160 1575 apparuit
1188 1502 1323 1572 patri
1361 1507 1559 1554 nostro
1588 1496 1818 1550 Abrahae
1839 1508 1961 1547 eum
1990 1506 2082 1547 es~

1380 306 1961 368 THEOPHYLACTI
2011 300 2421 364 BULGARIE
2460 296 2810 356 ARCIIIEP.

723 439 776 486 et
804 432 1198 483 concurrentes
1246 429 1551 492 rapuerunt
1592 435 1716 474 eum
1750 428 1799 474 et
1834 418 2076 471 adduxe-

2203 413 2271 466 εαι
2306 409 2632 471 ἐπιστάντες
2683 406 3039 476 συνήρπασαν
3086 401 3267 464 αὗτδν,
3303 400 3397 453 xui
3428 397 3638 467 ἤγαγον
3668 400 3751 459 εἰς

2176 505 2235 559 τὸ
2267 502 2548 572 συνέδριον
2584 518 2597 531 ο
2643 497 2878 568 ἔστησάν
2904 513 2962 548 τε
3002 496 3286 565 μάρτυρας
3313 490 3534 559 ψευδεῖς
3561 487 3753 555 λέγονο

2176 614 2275 656 τας
2296 612 2310 627 ο
2345 594 2405 645 '0
2448 591 2733 662 ἄνθρωπος
2769 582 2926 649 οὗτος
2960 587 3021 638 οὐ
3055 583 3286 636 παύεται
3324 582 3549 651 ῥήματα
3583 578 3751 647 βλάσ-

2181 705 2247 755 φτ·
2263 705 2337 756 μα
2381 685 2560 737 λαλῶν
2600 683 2737 735 κατᾶ
2774 680 2865 733 τοῦ
2915 679 3081 731 τὸπου
3114 676 3207 727 τοῦ
3247 674 3408 740 ἁγίου
3437 671 3627 725 τούτου
3655 671 3751 723 καὶ

2183 780 2277 831 τοῦ
2320 764 2506 848 νόμου.
2572 775 2921 842 Ἀκηκόαμεν
2971 772 3080 839 γὰρ
3142 768 3306 821 αὐτοῦ
3359 767 3637 832 λέγοντος.
3669 764 3754 816 ὅτι

2181 869 2388 940 Ἰησοῦς
2433 872 2460 921 ὁ
2510 868 2829 935 Ναζισιραῖσς
2881 855 3032 924 οὗτος
3089 860 3385 913 καταλύσει
3435 857 3525 909 τὸν
3588 858 3755 907 τόπον

2168 960 2392 1023 ⁸τοῦτον,
2426 958 2520 1011 καὶ
2549 955 2769 1019 ἀλλάξει
2797 956 2866 1004 τὰ
2898 952 3020 1019 ἔθη,
3043 950 3078 1003 ἃ
3117 948 3435 1018 παρέδωκεν
3469 948 3598 1015 ἡμῖν
3628 945 3760 998 Μω-

2186 1052 2306 1119 σῆς.
2356 1052 2464 1103 Καὶ
2519 1048 2863 1106 ἀτενίσαντες
2920 1044 2999 1104 είς
3041 1042 3202 1093 αὖτὶν
3239 1037 3480 1100 ἅπαντες
3530 1038 3580 1089 oi
3617 1034 3759 1088 καθα

2188 1143 2433 1212 εζόμενοι
2498 1145 2555 1192 ἐν
2619 1138 2696 1207 τῷ
2774 1136 3074 1206 συνεδρίῳ,
3137 1129 3278 1185 εἶδον
3332 1132 3393 1184 ea
3459 1129 3757 1200 πρόσωπον

2187 1232 2352 1285 αὑτοῦ
2378 1231 2509 1283 ὡσεὶ
2541 1228 2832 1298 πρόσωπον
2861 1224 3114 1292 ἀγγέλου.

3636 282 3748 349 θθὲ

2260 1321 2395 1378 Eine
2445 1323 2502 1375 δὲ
2539 1324 2567 1375 ὁ
2609 1319 2926 1391 ἀρχιερεύς
2968 1319 3030 1370 Εἰ
3058 1313 3167 1386 ἄρα
3204 1314 3375 1367 ταῦτα
3402 1312 3571 1373 οὕτως
3603 1309 3718 1380 ἔχει
3742 1351 3759 1373 ,

2200 1417 2259 1469 Ὀ
2285 1416 2339 1467 δὲ
2367 1412 2469 1484 ἔφη
2500 1428 2515 1447 ·
2561 1412 2786 1480 ’Ἄνδρες
2810 1409 3028 1479 ἀδελφοὶ
3055 1410 3147 1460 καὶ
3176 1409 3432 1475 πατέρες,
3464 1402 3759 1457 ἀκούσατε·

2202 1506 2261 1557 ’0
2290 1504 2421 1567 Θεὸς
2446 1503 2544 1573 τῆς
2577 1502 2735 1573 δόξης
2770 1502 2924 1571 ὢιρθη
2960 1500 3038 1570 τῷ
3090 1499 3257 1568 πατρὶ
3309 1495 3466 1567 ἡμῶν
3506 1494 3764 1564 Ἀϐραὰμ

517 1615 598 1660 set
631 1606 683 1656 in
718 1596 1461 1667 Mesopotamia,priusquam
1522 1597 1838 1644 moraretur
1861 1587 1914 1639 in
1944 1586 2087 1638 Cha-

2203 1600 2303 1651 5ντι
2334 1601 2392 1651 ὲν
2422 1601 2487 1668 τῇ
2534 1594 2936 1665 Μεσοποταμίᾳ
2977 1592 3110 1664 πρὶν
3162 1591 3195 1662 ἦ
3232 1590 3563 1657 κατοικῆσαι
3596 1586 3764 1640 αὑτὸν

519 1710 641 1756 ran,
697 1700 749 1745 et
795 1690 929 1743 dixit
965 1687 1029 1739 ad
1059 1687 1209 1738 illum
1269 1702 1283 1737 :
1348 1682 1443 1735 Exi
1507 1681 1574 1735 de
1621 1691 1764 1733 terra
1818 1686 1906 1730 tua
1936 1683 1988 1730 et
2020 1674 2087 1728 de

2196 1693 2276 1755 είς
2309 1689 2559 1762 Χαρρὰν,
2600 1689 2697 1741 καὶ
2735 1683 2855 1739 εἷπε
2901 1685 3037 1755 πρὸς
3074 1683 3235 1736 αὐτόν
3258 1698 3274 1713 ο
3316 1679 3539 1745 Ἔξελθε
3569 1681 3635 1733 ὲκ
3661 1681 3766 1749 τῆς

520 1782 847 1853 regnationc
893 1787 1006 1841 tua,
1065 1784 1117 1829 et
1147 1776 1265 1827 veni
1299 1779 1350 1826 in
1386 1783 1584 1825 terram
1622 1786 1785 1840 quam
1818 1775 2089 1822 monstra-

2203 1748 2301 1853 γης
2330 1748 2557 1833 σουικαὶ,
2589 1781 2654 1832 ὲκ
2691 1779 2788 1847 τῆς
2823 1748 3144 1845 συγγενείας
3193 1790 3308 1832 σου,
3359 1773 3452 1825 καὶ
3485 1770 3644 1841 δεῦρο
3682 1748 3767 1833 είς

519 1890 651 1930 vero
702 1872 820 1925 tibi.
889 1866 1043 1922 Tune
1101 1867 1235 1918 exiit
1288 1865 1355 1917 de
1408 1876 1549 1917 terra
1600 1863 2001 1920 (thalamorum,
2039 1868 2093 1913 et

525 1963 795 2021 habitavit
836 1962 890 2014 in
923 1958 1163 2014 Charan.
1226 1955 1291 2008 Et
1343 1954 1487 2017 inde,
1524 1961 1812 2022 postquam
1843 1960 2092 2006 mortuus

523 2066 608 2110 est
645 2062 799 2124 pater
825 2052 964 2120 ejus,
1004 2048 1286 2103 transtulit
1318 2045 1472 2099 illum
1503 2045 1555 2098 in
1584 2052 1787 2098 terram
1823 2043 2008 2106 istam,
2039 2042 2093 2096 in

525 2162 631 2218 qua
658 2160 754 2200 vos
785 2158 932 2198 nunc
959 2139 1241 2195 habitatis.
1470 2192 1473 2197 γ

1026 2229 1166 2286 (ἸΟΜ
1179 2224 1597 2284 \IENTARIUS.

597 2326 908 2393 Stephanus
945 2322 1170 2389 reliquis
1205 2335 1297 2374 sex
1334 2319 1652 2388 praestabat,
1689 2328 1853 2384 atque
1877 2315 2086 2384 primas

527 2416 674 2470 inter
705 2414 827 2467 illos
864 2412 1103 2466 tenebat.
1133 2411 1457 2477 Quanquam
1478 2408 1621 2462 enim
1652 2406 1924 2461 ordinatio
1950 2421 2099 2460 coui-

532 2506 718 2560 tnnnis
770 2504 992 2569 fuerat,
1055 2503 1161 2557 iste
1218 2510 1397 2554 tamen
1449 2500 1705 2567 majorem
1745 2514 1855 2568 prze
1886 2496 2099 2551 rreteris

532 2604 865 2652 consecutus
896 2603 980 2647 est
1018 2594 1269 2662 gratiam.
1304 2591 1463 2645 Nulla
1501 2601 1680 2644 autem
1715 2600 1844 2644 ante
1877 2591 2099 2644 ordina-

533 2688 738 2739 tionem
796 2684 1040 2754 prodigia
1097 2683 1351 2746 faciebat,
1410 2692 1470 2735 ut
1529 2682 1876 2735 manifestum
1948 2681 2103 2735 ﬁeret

537 2777 768 2848 gratiam
804 2776 973 2831 solani
1009 2790 1114 2829 non
1151 2775 1312 2844 222
1338 2774 1602 2838 suﬂieere,
1636 2773 1729 2828 sed
1762 2773 2105 2828 ordinatione

534 2868 761 2936 insuper
786 2882 926 2932 opus
970 2881 1112 2930 esse,
1146 2866 1473 2930 ut,acccssio
1504 2863 1739 2934 Spiritus
1774 2864 1865 2919 flat
1894 2881 2106 2934 :quan-

536 2973 700 3026 quam
749 2956 913 3009 etiam
999 2964 1155 3011 antea
1214 2957 1358 3024 pleni
1403 2963 1562 3010 erant
1603 2954 1833 3024 Spiritu,
1891 2970 1957 3010 eo
1998 2959 2107 3010 sei-

536 3051 687 3116 licrt,
722 3052 813 3122 qui
848 3051 902 3105 in
934 3051 1153 3104 lavacro
1183 3050 1485 3105 confertur.

612 3143 872 3197 Libertini
908 3143 1168 3197 dicuntur
1200 3143 1569 3195 Romanorum
1599 3139 1802 3195 liberti.
1870 3139 2099 3196 Ilabita-

537 3230 669 3288 bant
701 3244 881 3287 autem
918 3234 990 3286 ibi
1015 3232 1176 3286 etiam
1213 3232 1302 3284 alii
1339 3232 1490 3285 multi
1528 3231 1795 3302 peregrini
1824 3246 1889 3286 ex
1917 3242 2101 3287 extra-

540 3325 661 3380 neis
692 3324 1032 3385 civitatibus,
1069 3322 1163 3392 qui
1220 3332 1272 3376 et
1319 3338 1624 3394 synagogas
1672 3320 1969 3391 habebant,
2010 3324 2102 3378 ubi

539 3420 711 3489 legem
759 3416 961 3489 perlegi
1002 3415 1313 3486 oportebat.

1176 3506 1476 3565 TEXTUS.

611 3605 703 3669 Vl,
743 3605 796 3656 5.
834 3606 901 3658 Et
938 3621 1044 3659 non
1085 3604 1235 3660 dedit
1269 3607 1343 3661 illi
1381 3605 1751 3662 luereditatem
1796 3609 1849 3662 in
1905 3623 1967 3663 ea
2010 3624 2108 3663 nec

550 3711 772 3766 passum
833 3695 986 3766 pedis
1020 3715 1032 3750 :
1063 3698 1155 3752 sed
1219 3699 1530 3767 repromisit
1581 3698 1711 3754 dare
1746 3701 1821 3753 illi
1877 3717 1994 3756 eam
2057 3702 2109 3755 in

550 3788 978 3857 possessionem,
1002 3796 1056 3842 et
1096 3789 1286 3843 semini
1319 3790 1439 3858 ejus
1463 3799 1585 3860 post
1614 3794 1814 3859 ipsum,
1848 3807 1969 3846 eum
2003 3808 2111 3869 non

549 3876 771 3932 haberet
807 3879 998 3933 filiuni.

1036 3968 1604 4026 COMMENTARIUS.

616 4058 729 4112 Cur
762 4057 927 4125 Deus,
973 4075 1097 4114 curn
1136 4060 1484 4129 promisisset
1509 4062 1638 4116 dare
1659 4063 1969 4120 Abrahamo
2001 4073 2105 4120 ter-

548 4165 665 4204 ram
698 4149 997 4205 Palzestinaz
1028 4150 1081 4203 in
1116 4151 1532 4221 possessionem,
1574 4167 1642 4205 ne
1699 4154 1989 4224 vestigium
2030 4163 2115 4209 ta-

552 4254 675 4292 men
724 4239 880 4308 pedis
935 4254 1000 4292 ex
1051 4255 1114 4293 ea
1153 4240 1226 4291 illi
1282 4239 1481 4293 dedit?
1533 4241 1774 4304 Scilicet,
1829 4243 1959 4311 quia
1991 4259 2113 4298 eum

548 4330 715 4400 paulo
752 4339 869 4399 post
915 4329 1321 4397 dissolvendus,
1360 4345 1454 4385 seu
1490 4347 1556 4386 ex
1587 4331 1689 4386 hac
1714 4333 1825 4386 vita
1856 4334 2119 4403 migratu—

2194 1878 2298 1943 γῆν
2326 1876 2390 1945 ῆν
2415 1873 2479 1927 ἄν
2506 1888 2586 1924 σοι
2608 1870 2785 1934 δείξω.
2814 1870 2949 1921 Τότε
2980 1867 3214 1932 ἐξελθὼν
3241 1868 3304 1918 ἐκ
3348 1865 3451 1934 γῆς
3480 1862 3767 1917 Χαλδαίων

2196 1982 2526 2035 κατῳκησεν
2551 1965 2631 2026 είς
2662 1962 2907 2032 Χαρράν.
2939 1946 3207 2012 Κάκεῖθεν
3229 1957 3368 2027 μετὰ
3391 1956 3453 2008 τὸ
3474 1954 3767 2009 ἀποθανεῖν

2197 2057 2288 2109 τὸν
2324 2056 2531 2125 πατέρα
2562 2054 2728 2107 αὑτοῦ
2754 2068 3056 2123 μετῳκισεν
3079 2049 3242 2116 αὐτὴν
3269 2048 3351 2111 εἰς
3379 2046 3479 2118 τὴν
3506 2046 3610 2116 γῆν
3634 2044 3767 2099 ταὺ-

2199 2166 2322 2220 την,
2353 2150 2430 2211 εἰς
2457 2148 2524 2219 ἡν
2552 2146 2647 2200 νῦν
2686 2147 2845 2217 ὑμεῖς
2874 2148 3203 2198 κατοικεῖτε.

2798 2236 3181 2290 ΕΡΜΗΝΕῘᾹ.

2276 2327 2446 2394 Οὗτος
2476 2330 2771 2402 πρόκριτος
2799 2327 2906 2380 τῶν
2931 2327 3070 2379 ἑπτὰ
3099 2321 3187 2396 ἦν,
3221 2324 3318 2378 καὶ
3336 2324 3405 2377 τὰ
3435 2322 3629 2393 πρῶτα
3655 2316 3772 2391 εἶχε

2202 2427 2332 2495 παρ’
2365 2425 2571 2487 αὐτοῖς.
2610 2424 2670 2476 Ei
2697 2424 2804 2492 γὰρ
2830 2423 2922 2475 mi.
2949 2423 2981 2491 ἡ
3013 2420 3317 2491 χειροτονία
3348 2418 3499 2489 κοινὴ
3530 2414 3617 2487 ἦν,
3654 2416 3771 2470 ἀλλ’

2203 2518 2359 2582 οὗτος
2403 2518 2680 2571 ἐπεσπᾶτο
2716 2516 2878 2586 χάριν
2918 2512 3158 2566 πλείονα.
3218 2511 3334 2565 Οὐκ
3368 2509 3542 2563 ἐποίει
3581 2509 3637 2561 δὲ
3666 2507 3773 2573 πρὸ

2204 2611 2305 2681 τῆς
2366 2610 2706 2681 χειροτονίας
2755 2612 2822 2662 τὰ
2870 2609 3076 2677 τέρατα
3108 2645 3123 2670 ,
3171 2606 3256 2658 ἵνα
3280 2604 3464 2674 δειχθῇ
3501 2645 3515 2669 ,
3561 2603 3640 2656 ὅτι
3672 2601 3775 2656 οὐκ

2206 2704 2368 2774 ἀρκεῖ
2405 2705 2564 2774 μόνον
2594 2704 2627 2772 ἡ
2654 2703 2833 2772 χάρις,
2869 2700 3007 2753 ἀλλὰ
3047 2699 3129 2752 δεῖ
3168 2697 3261 2752 καὶ
3290 2697 3389 2766 τῆς
3414 2695 3773 2766 χειροτονίας.

2208 2796 2374 2847 Ὥστε
2422 2793 2708 2865 προσθήκη
2762 2791 3080 2861 [lanius-:9;
3139 2790 3375 2855 ἐγένετο.
3441 2788 3503 2841 Εί
3541 2788 3651 2858 γὰρ
3681 2787 3777 2839 καὶ

2209 2889 2438 2959 πλήρεις
2465 2885 2781 2956 Πνεύματος
2821 2880 2964 2957 ἦσαν
3000 2884 3109 2954 πρὸ
3132 2881 3346 2947 τούτου,
3371 2880 3510 2935 ἀλλὰ
3541 2879 3635 2934 τοῦ
3669 2880 3779 2932 ἀπὸ

2210 2981 2302 3036 τοῦ
2324 2980 2555 3051 λουτροῦ
2577 2979 2839 3049 δηλονότι.

2281 3158 2587 3225 Διόερτῖνοι
2622 3197 2636 3217 ,
2674 3157 2723 3208 oi
2753 3155 2862 3208 τῶν
2895 3154 3180 3224 Ῥωμαίων
3208 3151 3563 3221 ἀπελεύθεροι
3595 3149 3782 3216 λέγον.

2209 3266 2321 3302 ται.
2362 3250 2564 3319 ᾮκουν
2590 3249 2644 3301 δὲ
2678 3250 2796 3300 ἐκεῖ
2828 3249 2921 3300 καὶ
2961 3247 3113 3301 ἄλλοι
3153 3246 3336 3298 πολλοὶ
3370 3246 3509 3311 ξένοι
3537 3241 3596 3307 ἐξ
3618 3241 3781 3305 ἁλλο-

2209 3339 2395 3392 ὂαπῶν
2434 3338 2669 3401 πόλεων,
2706 3339 2805 3391 καὶ
2835 3339 3157 3406 συναγωγὰς
3204 3332 3349 3407 εἶχον
3395 3334 3522 3389 ἔνθα
3553 3333 3658 3387 εδει
3685 3332 3781 3386 τὸν

2211 3430 2375 3501 νόμον
2400 3430 2894 3500 ἀναγινώσκεσθαι.

2804 3517 3194 3571 ΚΕΙΜΕΝΟΝ.

2287 3610 2396 3662 Καὶ
2423 3610 2523 3662 οὐκ
2550 3608 2751 3662 ἔδωκεν
2799 3609 2947 3679 αὑτῷ
2976 3609 3340 3678 κληρονομίαν
3374 3608 3431 3659 ὲν
3483 3608 3619 3678 αὐτῇ
3659 3606 3783 3660 οἱδὶ

2217 3699 2368 3769 βῆμα
2393 3699 2572 3762 ποδός.
2594 3699 2706 3752 Καὶ
2731 3699 3100 3768 ἐπηγγείλατο
3122 3699 3305 3753 δοῦναι
3333 3697 3480 3769 αὐτῷ
3505 3700 3583 3760 είς
3616 3698 3785 3752 κατά-

2218 3807 2402 3860 σχεσιν
2444 3790 2637 3862 αὐτὴν,
2672 3792 2769 3845 καὶ
2809 3791 2888 3862 τῷ
2925 3792 3206 3862 σπέρματι
3248 3790 3412 3845 αὐτοῦ
3447 3791 3561 3860 μετ’
3592 3790 3782 3851 αὑτὸν,

2213 3884 2315 3935 οὐκ
2340 3883 2492 3945 ὄντος
2520 3882 2670 3952 αὺτῷ
2700 3883 2913 3936 τέκνου.

2812 3973 3195 4029 EPMHNEIA.

2288 4063 2385 4116 Διὰ
2414 4063 2466 4116 τί
2499 4064 2527 4116 ὁ
2554 4062 2686 4127 Θεὸς
2711 4064 3179 4133 ἐπαγγειλάμενος
3221 4064 3299 4133 τῷ
3328 4063 3575 4133 Ἀϐραὰμ
3600 4060 3784 4114 δοῦναι

2217 4157 2316 4226 τὴν
2335 4156 2440 4224 γῆν
2462 4157 2560 4224 τῆς
2593 4157 2961 4226 Παλαιστίνης
2987 4158 3067 4219 εἰς
3095 4157 3444 4227 κατάσχεσιν,
3466 4158 3586 4209 οὐδὲ
3626 4158 3783 4226 βῆμα

2221 4248 2377 4310 ποδὸς
2391 4247 2620 4300 δέδωκεν
2648 4249 2707 4301 ἐν
2732 4248 2869 4317 αὐτῇ
2892 4266 2906 4314 ;
2933 4247 3154 4319 Ἐπειδὴ
3186 4250 3304 4318 μετ’
3329 4250 3508 4315 ὀλίγον
3525 4248 3787 4301 ἀναλύειν

2224 4338 2450 4409 μέλλων,
2490 4338 2606 4400 πῶς
2654 4339 2907 4408 κατέχειν
2934 4338 3203 4409 ὴδύνατος
3242 4340 3484 4404 Σώζεται
3519 4340 3624 4407 ἄρα
3651 4341 3793 4411 κλη-

549 4436 646 4475 rus
682 4429 848 4484 esset,
901 4423 1181 4490 possidere
1232 4436 1351 4476 eam
1386 4422 1476 4476 diu
1513 4437 1619 4477 non
1674 4432 1908 4492 peierat.
1953 4423 2100 4478 Salv:

2224 4405 2446 4495 ρονομία
2480 4426 2559 4494 τῷ
2614 4405 2869 4497 ’Δϐραᾶμ
2895 4405 2984 4480 διὰ
3026 4429 3119 4481 τοῦ
3151 4430 3466 4500 σπέρματος
3495 4405 3686 4495 αὐτοῦ,
3727 4405 3792 4493 ές

551 4512 721 4580 igitur
751 4510 1065 4566 Abrahamo
1113 4520 1196 4569 est
1231 4512 1522 4567 haereditas
1555 4529 1650 4583 per
1684 4530 1868 4569 semen
1922 4516 2119 4585 ipsius,

552 4602 699 4670 quod
732 4611 816 4656 est
851 4602 1142 4669 Christus;
1178 4611 1369 4671 estque
1399 4604 1500 4657 .illa
1532 4642 1548 4669 ,
1586 4624 1603 4656 ι
1634 4621 1754 4675 quze
1797 4622 2014 4661 sursum
2038 4615 2125 4661 est

551 4689 855 4747 Jerusalem
895 4694 940 4725 ³³
969 4712 987 4744 ι
1031 4695 1120 4747 ubi
1145 4694 1306 4748 simul
1341 4711 1461 4749 eum
1492 4710 1556 4751 eo
1587 4698 1895 4767 regnabant
1922 4698 2121 4763 sancti,

556 4784 776 4850 quando
825 4785 1004 4837 veniet
1039 4785 1092 4838 in
1122 4786 1290 4856 gloria
1322 4786 1504 4843 Patris
1550 4789 1656 4853 sui,
1706 4798 2035 4858 regnaturus
2069 4791 2121 4842 in

555 4888 745 4927 omnes
780 4882 967 4942 gentes
1002 4891 1121 4946 quae
1156 4893 1252 4948 per
1292 4879 1451 4935 fidem
1488 4879 1783 4934 Abrahami
1811 4879 2122 4949 justifieatm

559 4962 782 5018 fuerint.

1188 5061 1369 5117 TEXT
1381 5063 1486 5119 US.

632 5149 718 5215 Vl,
746 5150 801 5216 6,
825 5150 882 5205 7.
920 5151 1160 5209 Locutus
1207 5167 1291 5209 est
1321 5168 1500 5210 autem
1549 5156 1596 5210 ei
1657 5154 1820 5220 Deus,
1866 5153 1993 5225 quia
2020 5152 2125 5210 erit

557 5257 741 5296 semen
768 5245 886 5313 ejus
906 5248 1090 5301 accola
1133 5248 1185 5301 in
1223 5256 1367 5301 terra
1417 5248 1593 5302 aliena
1617 5288 1630 5309 ,
1661 5257 1715 5300 et
1747 5247 1997 5301 servituti
2027 5262 2122 5302 eos

558 5331 873 5399 sabjieient,
913 5342 966 5388 et
1009 5337 1149 5389 male
1176 5338 1486 5391 tractabunt
1512 5353 1608 5391 eos
1649 5337 1811 5390 anuis
1859 5336 2124 5405 quadrin-

558 5422 778 5490 gentis;
838 5434 891 5479 et
928 5434 1142 5494 gentem
1195 5429 1283 5482 cui
1345 5430 1638 5484 servierint
1684 5428 1943 5498 judirabo
2003 5443 2119 5491 eos,

562 5511 701 5565 dixit
730 5510 1008 5578 Dominus,
1040 5524 1096 5570 et
1142 5526 1267 5586 post
1327 5519 1439 5574 hanc
1487 5518 1710 5573 exibunt
1744 5558 1759 5584 ,
1785 5525 1838 5573 et
1887 5517 2125 5573 servient

559 5600 690 5653 mihi
746 5600 798 5654 in
829 5604 947 5657 loco
980 5606 1107 5661 isto.

642 5710 686 5741 ιι
726 5710 900 5767 Galat.
933 5732 1006 5783 IV,
1035 5717 1132 5776 es.

2220 4519 2335 4569 ἐστι
2357 4518 2614 4587 Χριστὸς.
2642 4519 2673 4587 ή
2705 4517 2819 4572 ἄνω
2859 4518 3241 4590 Ἰερουσαλὴμ,
3273 4523 3361 4574 ὅτε
3392 4523 3485 4574 καὶ
3516 4521 3792 4591 συμϐασι-

2219 4607 2503 4661 λεὺσουσιν
2536 4608 2685 4678 αὑτῴ
2709 4610 2757 4661 οἱ
2787 4608 2955 4677 ἅγιοι,
2986 4612 3115 4665 ὅταν
3163 4611 3295 4683 ἔλθῃ
3335 4612 3393 4663 ἐν
3425 4615 3492 4683 τῇ
3531 4611 3658 4684 δόξῃ
3688 4613 3789 4666 τοῦ

2221 4697 2434 4766 Πατρδς
2462 4697 2660 4759 αὑτοῦ,
2712 4698 2929 4752 πάντων
2958 4698 3068 4752 τῶν
3099 4701 3267 4754 ἐθνῶν
3296 4701 3385 4755 διὰ
3415 4701 3650 4765 πίστεως
3697 4703 3793 4755 ’Λ-

2224 4788 2413 4857 6ραὰμ
2436 4788 2839 4842 δικαιωθέντων
2868 4791 3302 4860 συμόασιλεύων.

2806 5052 3196 5106 ΚΕΙΜΕΝΟΝ.

2306 5145 2568 5214 Ἐλέιλησε
2603 5146 2661 5198 δὲ
2690 5145 2863 5208 οὕτως
2892 5147 2919 5197 ὁ
2945 5145 3098 5209 Θεὸς,
3144 5148 3225 5198 ὅτι
3265 5147 3454 5199 Ἔσται
3482 5146 3539 5199 τὸ
3567 5146 3794 5216 σπέρμα

2226 5240 2389 5293 αὐτοῦ
2430 5239 2694 5308 πάροικον
2743 5240 2797 5289 ὲν
2855 5238 2923 5305 γῇ
2973 5237 3249 5308 ἀλλοτρίᾳ,
3294 5239 3388 5289 καὶ
3430 5236 3794 5289 δουλώσουσιν

2224 5332 2354 5385 αὐτὸ
2383 5332 2475 5383 καὶ
2499 5328 2841 5383 κακώσουσιν
2874 5328 2972 5397 ἐτη
3016 5328 3365 5397 τετρακόσια.
3398 5328 3504 5379 Καὶ
3524 5329 3586 5381 τὸ
3614 5328 3790 5389 ἔθνος,

2224 5418 2268 5492 ᾧ
2313 5424 2407 5475 ἐὰν
2452 5421 2801 5483 δουλεύσωσι,
2846 5420 3018 5489 κρινῶ
3055 5420 3185 5488 ἐγὼ,
3222 5415 3375 5472 εἶπεν
3422 5422 3450 5471 ὁ
3480 5420 3648 5481 Θεὸς·
3695 5421 3796 5471 καὶ

2230 5518 2366 5586 μετὰ
2399 5515 2570 5567 ταῦτα
2625 5512 3001 5578 ἐξελεύσονται
3075 5516 3168 5565 καὶ
3214 5511 3572 5582 λατρεύσουσί
3611 5528 3698 5581 μοι
3732 5514 3795 5564 ἐν
3828 5536 3841 5541 -

2227 5606 2304 5659 τῶ
2329 5606 2474 5672 τόπῳ
2502 5604 2698 5671 τοῦτῳ.
