4088 6206
449 307 555 370 909

1080 303 1616 366 EXPOSITIONIS
1655 307 1737 364 IN
1779 307 1964 365 ACTA
1987 305 2283 366 TEXTUS
2315 309 2584 369 ALTER.
2627 313 2853 372 —-CAP.
2889 314 3020 374 VII.

3588 319 3692 382 910

445 423 609 482 εἴποι,
639 419 720 471 ὅτι
745 417 905 473 καλὸν
936 417 1096 469 αὐτὸν
1121 419 1164 450 ⁸³
1199 418 1412 487 μαθεῖν,
1453 418 1588 485 πρὸς
1628 418 1688 470 τὸ
1723 418 2002 489 ἀνατρέψα

2128 420 2484 475 eruditionem
2552 422 2945 476 addidicissent
3013 437 3272 491 unquam,
3349 427 3452 482 nisi
3505 429 3571 483 ad
3639 431 3691 486 id

447 511 544 572 τὰς
564 510 785 562 ἐκείνων
815 509 1052 571 ἀπάτας.

2127 511 2472 575 necessitate,
2503 527 2567 565 ac
2606 513 2948 566 dominorum
2972 513 3132 582 225
3169 514 3396 583 imperio
3424 520 3690 587 compulsi

447 605 680 658 fuissent
712 621 725 662 ;
775 618 941 672 quare
967 619 1246 673 nunquam
1278 617 1340 656 ea
1371 603 1678 657 eruditione
1717 603 1800 656 usi
1839 610 1966 656 sunt
1994 621 2007 656 :
2047 602 2152 658 nisi
2183 603 2308 673 quis
2333 604 2502 669 dicat,
2525 605 2656 660 utile
2673 604 2808 659 Mosi
2835 605 3001 659 fuisse
3023 619 3139 660 eam
3211 621 3553 677 comparare,
3623 611 3690 664 ad

441 683 819 767 Egyptiorum
851 710 1068 750 errores
1096 696 1214 760 ejus
1247 694 1499 763 praesidio
1529 693 1871 749 evertendos.

1039 813 1212 864 ΚΕΙΜ
1223 812 1426 866 ΕΝΟΝ.

510 924 623 976 Kal.
665 923 786 976 ίδών
811 941 932 976 τινα
967 923 1346 992 ἀδικούμενον,
1381 923 1647 993 ἠμύνατο,
1684 923 1779 976 καὶ
1824 922 2014 990 ἐποίηο

443 1029 532 1064 σεν
592 1013 871 1082 ἐκδίκησιν
945 1013 1024 1080 τῷ
1087 1012 1576 1082 καταπονουμένῳ,
1630 1013 1876 1077 πατάξας
1923 1012 2014 1063 τὸν

441 1105 756 1170 Αίγύπτιον.
791 1105 1037 1174 Ἐνόμιζε
1067 1104 1125 1157 δὲ
1166 1105 1408 1158 συνιέναι
1437 1105 1562 1166 τοὺς
1587 1103 1848 1172 ἀδελφοὺς
1910 1103 2012 1154 αύ-

439 1195 556 1257 τοῦ,
589 1196 671 1248 ὅτι
699 1198 728 1248 6
757 1197 886 1258 Θεὸς
914 1196 1001 1248 διὰ
1039 1197 1220 1266 χειρὺς
1250 1196 1417 1250 αὐτοῦ
1447 1195 1662 1248 δίδωσιν
1695 1195 1879 1257 αὐτοῖς
1912 1212 2015 1247 σω-

439 1286 632 1354 τηρίαν
659 1301 674 1316 ’
695 1288 744 1338 οἱ
767 1286 822 1338 δὲ
846 1287 906 1338 οὐ
949 1272 1208 1356 συνῆκαν.
1236 1288 1315 1357 Τῇ
1345 1304 1405 1340 τε
1433 1285 1663 1356 ἐπιούσῃ
1717 1285 1872 1355 ὤφθη
1918 1287 2017 1338 αὐ-

441 1377 553 1438 τοῖς
578 1376 930 1445 μαχομένοις,
955 1379 1049 1429 καὶ
1082 1378 1382 1446 συνήλασεν
1413 1378 1614 1441 αὐτοὺς
1675 1379 1754 1441 εἰς
1789 1379 2015 1447 εἰρήνην

437 1465 642 1520 εἰπών’
686 1469 935 1538 Ἀνδρες,
969 1469 1187 1537 ἀδελφοί
1219 1472 1340 1522 ἐστε
1363 1470 1520 1538 ὑμεῖς
1548 1506 1561 1521 .
1595 1469 1682 1522 ἴνα
1707 1469 1759 1521 τί
1781 1469 2014 1524 ἀδικεῖτε

440 1561 705 1630 ἀλλήλους
737 1576 753 1625 ;
789 1561 847 1612 Ὀ
876 1561 932 1612 δέ
953 1561 1156 1615 ἀδικῶν
1189 1561 1280 1614 τὸν
1314 1562 1562 1630 πλησίον,
1621 1563 1882 1614 ἀπώσατο
1915 1561 2014 1612 αὐ·

437 1651 531 1703 τὸν
560 1651 728 1704 εἰπών
757 1668 770 1681 ·
806 1652 902 1714 Τίς
933 1669 992 1704 σε
1018 1653 1358 1723 κατέστησεν
1375 1654 1616 1724 ἄρχοντα
1635 1655 1727 1704 καὶ
1753 1652 2012 1720 δικαστὴν

439 1740 525 1808 ἐφ’
556 1741 739 1809 ήμᾶς;
772 1740 848 1811 μὴ
877 1741 1088 1793 ἀνελεῖν
1121 1758 1188 1806 με
1217 1742 1280 1793 σὺ
1315 1741 1515 1803 Θέλεις,
1575 1739 1636 1792 ὃν
1687 1740 1888 1810 τρόπον
1915 1741 2012 1792 ἀν-

438 1828 576 1890 εῖλες
600 1829 725 1898 χθές
751 1830 840 1882 τὸν
873 1829 1203 1896 Αἱγύπτιον;
1241 1830 1447 1896 ’Ἑφυγε
1473 1829 1529 1881 δέ
1558 1832 1796 1900 Μωῦσῆς
1826 1833 1883 1884 ἐν
1933 1829 2011 1900 τῷ

435 1921 580 1988 λόγῳ
639 1920 836 1989 τούτῳ,
865 1921 963 1971 καὶ
1009 1921 1229 1988 ἐγένετο
1259 1919 1523 1990 πάροικος
1552 1923 1609 1974 ἐν
1643 1924 1712 1992 γῇ
1761 1921 2007 1991 Μαδιὰμ,

433 2004 498 2064 οὗ
525 2011 814 2080 ἐγέννησεν
844 2011 994 2073 υἱοὺς
1031 2011 1143 2067 δύο.

1002 2205 1382 2259 EPMHNEIA.

503 2313 707 2367 ’.ἀνεῖλε
754 2315 992 2385 Μωῦσῆς
1017 2319 1110 2370 τὸν
1138 2317 1456 2385 Αἰγύπτιον,
1515 2318 1574 2369 οὐ
1628 2317 1783 2386 θυμῷ
1841 2318 2007 2382 εἴξας,

439 2407 562 2459 οὐδὲ
591 2407 727 2477 ὀργῇ
756 2407 1020 2476 κινηθεὶς,
1054 2408 1201 2478 ζήλῳ
1229 2409 1307 2462 δέ.
1341 2411 1456 2461 Πᾶν
1490 2410 1569 2472 δέ,
1598 2409 1625 2460 ὃ
1670 2408 1736 2461 ἂν
1784 2409 2010 2476 γένηται

432 2498 515 2558 είς
540 2495 697 2562 λόγον
732 2497 888 2558 Θεοῦ,
970 2497 1224 2550 εὐσέϐειά
1272 2499 1390 2550 ἐστι
1418 2513 1433 2528 °
1464 2499 1568 2551 κᾶν
1597 2499 1759 2566 φόϐος
1788 2499 1836 2529 ’⁵⁸
1923 2499 2010 2550 διά

432 2586 588 2650 Θεδν,
617 2587 723 2640 οὐκ
757 2587 877 2639 ἐστι
909 2588 1071 2656 φόϐος
1105 2588 1168 2640 ⁸⁵.
1215 2589 1274 2640 '0
1303 2589 1433 2655 γοῦν
1480 2590 1680 2654 Φινεὲς,
1715 2588 1807 2640 δύο
1831 2590 1886 2640 ἐν
1911 2591 2010 2658 μιᾷ

435 2678 580 2746 χειρὶ
612 2677 899 2746 φονεύσας,
953 2681 1225 2749 ἤκουσεν⁶
1283 2699 1300 2729 ι
1359 2680 1591 2749 Ἀνέστη
1664 2681 1868 2744 Φινεὲς,
1917 2681 2010 2732 καὶ

434 2770 740 2834 ἐξιλάσατο,
775 2773 870 2824 καὶ
906 2772 1176 2824 ἐκόπασεν
1211 2774 1244 2842 ἡ
1279 2772 1531 2842 θραῦσις,
1595 2773 1692 2824 καὶ
1755 2771 2008 2840 ἐλογίσθη

431 2859 581 2928 αύτῷ
610 2861 688 2921 εἰς
713 2859 1085 2927 δικαιοσύνην.
1133 2879 1152 2911 ι
1179 2859 1453 2928 Διάφορος
1482 2859 1590 2930 γὰρ
1620 2861 1654 2930 ὴ
1687 2859 2008 2930 προαίρεσις

433 2954 642 3025 φονέως
676 2953 772 3005 καὶ
801 2950 1174 3016 εύσεϐοὖντος,
1206 2953 1312 3004 κᾶν
1365 2950 1426 3003 τὺ
1453 2951 1737 3020 γινόμενον
1774 2950 2009 3017 πρᾶγμα

431 3043 512 3098 ἐν.
539 3044 612 3096 Τὸ
641 3043 822 3098 τοίνυν
855 3043 1163 3114 [γινόμενον
1189 3043 1276 3095 διὰ
1326 3043 1626 3108 Μωῦσέως,
1681 3046 1904 3113 σημεῖον
1939 3036 2008 3110 ἦν

431 3137 516 3188 ὅτι
549 3134 731 3204 μέλλει
765 3137 792 3187 6
815 3133 969 3204 Θεὸς]
1001 3135 1336 3201 Αἰγυπτίους
1365 3132 1738 3198 ἀποκτείνειν,
1765 3135 1893 3193 τοὺς
1940 3131 1999 3183 δὲ

431 3224 757 3294 λεγομένους
789 3223 1130 3293 Ἰσραηλίτας
1189 3222 1405 3287 σώζειν.
1454 3223 1563 3274 Καὶ
1609 3216 1711 3276 ὧδε
1774 3221 1872 3290 μέν
1912 3217 2006 3272 οὖν

2789 806 3092 863 TEXTUS.

2185 917 2302 984 Vll,
2335 919 2527 974 24-29.
2563 919 2630 972 Et
2660 933 2782 972 cum
2818 919 3048 973 vidisset
3091 921 3380 988 quemdam
3431 924 3684 992 injuriam

2112 1009 2428 1079 patientem,
2461 1009 2754 1062 vindicavit
2787 1009 2935 1062 illum
2970 1027 2983 1062 :
3016 1017 3069 1064 et
3087 1010 3486 1067 fecitultionem
3519 1017 3565 1068 ei
3599 1019 3690 1085 qui

2115 1097 2371 1166 injuriam
2399 1099 2730 1162 sustinebat,
2749 1113 3011 1166 percusso
3033 1097 3311 1168 Egyptio.
3335 1099 3694 1159 Existimabat

2113 1198 2294 1241 autem
2321 1188 2621 1255 intelligere
2653 1187 2869 1252 fratres,
2903 1189 3158 1256 quoniam
3188 1187 3330 1241 Deus
3349 1205 3443 1258 per
3472 1207 3691 1245 manum

2117 1279 2288 1348 ipsius
2328 1279 2484 1332 daret
2511 1279 2742 1332 salutem
2786 1279 2892 1332 illis
2925 1295 2938 1330 :
2975 1288 3030 1330 at
3054 1277 3130 1330 illi
3154 1293 3262 1331 non
3285 1279 3689 1337 intellexerunt.

2113 1367 2374 1436 Sequenti
2394 1381 2520 1421 vero
2532 1367 2618 1419 die
2635 1367 2884 1436 apparuit
2904 1366 3012 1420 illis
3030 1366 3369 1436 litigantibus
3389 1386 3403 1422 :
3425 1377 3480 1424 et
3501 1385 3693 1424 recon-

2113 1458 2336 1512 ciliabat
2363 1473 2458 1512 eos
2499 1459 2550 1510 in
2582 1472 2736 1526 pace,
2763 1458 2952 1511 dicens
2984 1470 2998 1509 :
3047 1456 3182 1522 Viri,
3220 1457 3414 1512 fratres
3442 1463 3602 1524 estis,
3635 1471 3692 1514 ut

2112 1547 2242 1616 quid
2276 1548 2484 1602 nocetis
2513 1548 2877 1601 alterutrum?
2905 1547 3005 1612 Qui
3041 1556 3220 1602 autem
3247 1548 3499 1616 injuriam
3528 1551 3694 1604 facie-

2112 1636 2206 1690 bat
2245 1637 2519 1704 proximo,
2561 1637 2762 1703 repulit
2789 1651 2933 1701 eum,
2964 1636 3154 1689 dicens
3182 1653 3196 1690 :
3243 1637 3377 1702 Quis
3409 1646 3460 1689 te
3487 1640 3694 1692 constio

2113 1730 2216 1780 tuit
2257 1727 2556 1796 principem
2589 1736 2642 1779 et
2668 1725 2910 1792 judicem
2945 1741 3107 1792 super
3143 1729 3291 1780 nos?
3323 1727 3577 1798 Nunquid
3609 1731 3693 1784 in-

2113 1818 2360 1872 terﬁcere
2385 1833 2472 1870 me
2509 1824 2565 1868 tu
2593 1816 2696 1877 vis,
2726 1814 3185 1883 quemadmodum
3218 1817 3542 1874 interfecisti
3574 1821 3687 1876 lteri

2108 1911 2475 1982 Egyptium?
2523 1907 2682 1977 Fugit
2732 1916 2911 1960 autem
2968 1907 3183 1979 Moyses
3226 1909 3279 1962 in
3319 1911 3486 1965 verbo
3537 1912 3685 1966 isto:

2036 2015 2078 2069 Β
2107 2011 2158 2055 ει
2184 2001 2358 2055 factus
2381 2009 2466 2054 est
2491 1999 2698 2054 advena
2729 1999 2781 2052 in
2819 2007 2964 2053 terra
2989 1999 3203 2056 Madian
3230 2040 3246 2068 ,
3291 2002 3381 2057 ubi
3406 2005 3688 2075 generavit

2113 2092 2255 2147 filios
2285 2093 2443 2147 duos.

2639 2197 3188 2274 COMMENTARIUS
3215 2241 3229 2254 .

2185 2314 2462 2367 lutet-fecit
2486 2314 2660 2374 Moses
2677 2297 3021 2384 -}_ngptiulii,
3044 2327 3154 2365 non
3175 2311 3360 2366 furore
3385 2320 3561 2377 actus,
3593 2316 3686 2367 scd

2113 2406 2249 2460 zelo.
2283 2405 2558 2474 Quidquid
2599 2393 2730 2457 vero
2767 2412 2987 2472 propter
3021 2402 3188 2457 Deum
3234 2403 3313 2466 fit,
3354 2405 3528 2472 pietas
3557 2417 3639 2460 est
3670 2422 3688 2470 ;

2111 2507 2164 2551 et
2189 2499 2362 2551 c'edes
2393 2506 2613 2567 propter
2650 2497 2818 2549 Deum
2847 2495 3013 2560 facta,
3038 2494 3214 2550 caedes
3241 2511 3346 2548 non
3378 2505 3480 2551 cst.
3508 2496 3689 2562 Quare

2111 2589 2178 2642 de
2201 2587 2450 2651 Phinees,
2476 2588 2568 2658 qui
2593 2587 2732 2641 duos
2752 2601 2860 2639 uno
2894 2586 3005 2639 ictu
3027 2585 3288 2650 confodit,
3314 2587 3515 2640 dictum
3549 2598 3634 2642 est
3669 2605 3684 2640 :

2116 2700 2134 2731 ‹
2153 2679 2704 2735 8ιιιτεχίιΡΙιὶιιεεεει
2728 2677 2956 2747 placavit
2973 2687 3026 2731 et
3048 2679 3283 2733 cessavit
3299 2679 3611 2749 quassatio;
3633 2688 3688 2731 et
3709 2725 3712 2727 Α
3813 2699 3856 2724 ιον

2110 2781 2414 2840 reputatum
2429 2780 2512 2826 est
2526 2771 2574 2824 ei
2597 2771 2649 2824 in
2667 2770 3011 2840 justitiam".
3025 2769 3279 2824 iDiversa
3296 2769 3439 2824 enim
3459 2769 3688 2823 intentio

2108 2873 2193 2918 est
2224 2862 2530 2926 homicidae,
2570 2876 2636 2916 ac
2694 2861 2816 2930 ejus
2859 2862 2950 2932 qui
2982 2861 3200 2932 pietatis
3234 2869 3416 2914 actum
3448 2867 3684 2924 exercet,

2110 2955 2461 3025 quantumvis
2503 2967 2644 3024 Opus
2676 2962 2956 3023 peractum
2989 2951 3136 3006 idem
3171 2951 3263 3006 sit.
3309 2948 3466 3015 Quod
3520 2949 3687 3018 igitur

2107 3048 2239 3102 fecit
2267 3048 2353 3101 hic
2394 3046 2594 3108 Moses,
2627 3045 2844 3115 signum
2876 3055 3012 3109 erat,
3043 3044 3155 3114 (16)
3176 3041 3321 3112 quod
3350 3041 3492 3096 Deus
3518 3040 3685 3112 Egy-

2108 3137 2251 3204 ptios
2304 3147 2447 3190 esset
2503 3133 2914 3196 interfecturus,
2977 3147 3041 3186 ac
3094 3131 3406 3186 salvaturus
3457 3143 3553 3184 eos
3591 3128 3686 3199 qui

2107 3227 2366 3282 Israelita:
2402 3226 2767 3296 appellantur.
2821 3223 2887 3276 Et
2924 3222 3142 3292 quidem
3175 3221 3378 3274 factum
3413 3220 3579 3276 Hosis
3612 3222 3686 3275 ita

429 3315 497 3367 τὰ
519 3312 1091 3383 Μωῦσέως,ο·)εωρίας
1144 3312 1200 3364 δέ
1274 3313 1372 3382 τῆς
1428 3313 1689 3365 ἀνωτάτω
1751 3310 2004 3380 συνθήσει

2109 3333 2170 3372 se
2203 3318 2388 3370 habet.
2414 3317 2480 3369 At
2518 3330 2647 3370 vero
2673 3329 2856 3370 sermo
2894 3315 3000 3367 iste
3028 3313 3187 3367 aliam
3220 3313 3378 3366 nobis
3404 3311 3686 3367 sublimis-

433 3408 593 3461 πάλιν
617 3409 748 3475 ἡμῖν
775 3407 802 3458 6
832 3407 984 3472 λόγος
1015 3405 1114 3473 τὴν
1137 3404 1453 3473 οἰκονομίαν
1482 3404 1580 3475 τὴν
1619 3404 1713 3457 ἐπὶ
1759 3400 2000 3474 Χριστῷ.

432 3497 623 3567 Εὐρὼν
659 3497 769 3566 γὰρ
796 3501 823 3549 6
854 3497 1040 3566 Σωτὴρ
1065 3497 1246 3567 δεινὴν
1278 3495 1648 3565 ὑπομένοντας
1695 3496 1794 3564 τὴν
1844 3495 2004 3545 πλεο-

433 3589 614 3654 νεξίαν
645 3589 745 3657 τῆς
796 3588 842 3618 ⁸⁸
910 3588 1126 3658 Ἰσραήλ
1183 3589 1451 3658 (ἐπεπήδα
1516 3589 1625 3657 γὰρ
1681 3588 1761 3649 είς
1813 3585 2008 3645 αὐτοὺς

432 3680 619 3751 ὥσπερ
650 3677 949 3748 συντρίϐων
977 3681 1004 3731 6
1031 3678 1321 3748 Σατανᾶς),
1379 3679 1631 3748 ἐλεήσας,
1685 3675 2007 3746 ἐλευθεροῦν

435 3772 732 3823 ἐσκόπτετο
755 3771 822 3823 ⁸⁷.
853 3769 1194 3833 ’Λπεκτονὼς
1228 3771 1286 3822 δέ
1319 3772 1524 3841 τρόπον
1555 3769 1698 3834 τινὰ,
1749 3769 1841 3821 τὸν
1895 3767 2010 3820 ἁδι-

437 3866 549 3916 κεῖν
577 3863 874 3933 ᾑρημένον,
899 3863 1244 3932 κατέκρυψεν
1301 3864 1383 3925 είς
1436 3863 1563 3932 γῆν,
1621 3860 1898 3914 τουτέστιν
1953 3861 2010 3912 ἐν

432 3956 544 4016 τοῖς
573 3953 910 4022 ὑποχθονίοις
949 3952 1286 4006 κατακλείων
1315 3953 1360 3984 ⁸⁸
1395 3953 1477 4014 είς
1533 3952 1666 4022 ᾅδην
1716 3951 1806 4004 τὸν
1837 3951 2012 4002 Σατα-

433 4048 532 4099 νᾶν
563 4048 590 4097 ὁ
617 4045 828 4115 Σωτὴρ,
854 4043 1468 4114 δικαιοσύνηςέφαίνετο
1501 4041 1806 4114 βραϐευτὴς
1835 4043 1878 4074 ⁸⁸
1898 4044 2010 4103 τοῖς

433 4136 492 4201 ἐξ
543 4134 778 4207 Ἰσραήλ.
841 4136 904 4187 Ol
960 4136 1018 4188 δὲ
1077 4134 1162 4203 ἐφ’
1223 4130 1304 4196 οἷς
1363 4133 1586 4203 ἔμελλον
1647 4134 2009 4202 εὐχαριστεῖν,

435 4225 707 4291 ἔφασκον·
744 4243 762 4276 ι
800 4225 913 4277 Ούκ
952 4223 1205 4276 ἐκϐάλλει
1236 4222 1304 4275 τά
1349 4223 1604 4292 δαιμόνια
1636 4217 1810 4284 οὗτος,
1844 4221 1892 4271 εἰ
1935 4219 2013 4289 μὴ

437 4317 496 4367 ἐν
517 4315 595 4383 τῷ
625 4314 956 4378 Βεελςεϐοὺλ
983 4316 1205 4385 ἄρχοντι
1240 4313 1349 4367 τῶν
1385 4313 1699 4382 δαιμονίων.
1740 4331 1758 4363 ι
1812 4312 1912 4364 Διά
1931 4328 2011 4363 τοι

409 4465 414 4486 ι
436 4408 596 4461 τοῦτο
625 4407 1098 4478 μεταπεφοίτηκεν
1127 4408 1192 4459 ἐκ
1213 4406 1311 4474 τῆς
1336 4404 1597 4468 Ἰουδαίας
1633 4407 1712 4466 είς
1737 4403 1837 4473 τὴν
1858 4403 2016 4456 Γαλι-

435 4500 618 4565 λαίαν,
647 4501 900 4570 καθάπερ
915 4500 1121 4569 Μωσῆς
1155 4498 1358 4568 μετέϐη
1394 4499 1474 4561 είς
1511 4498 1614 4568 γῆν
1641 4495 1888 4567 Μαδιάμ,
1921 4494 2016 4548 καὶ

429 4591 530 4665 τὴν
557 4594 617 4658 ἐξ
660 4591 830 4646 ἐθνῶν
859 4592 1042 4645 ἐκάλει
1071 4592 1414 4660 συναγωγήν.

1065 4766 1447 4820 ΚΕΙΜΕΝΟΝ.

500 4883 613 4938 Καὶ
634 4885 1030 4956 πληρωθέντων
1063 4883 1200 4937 ἐτῶν
1219 4881 1645 4952 τεσσαράκοντα,
1679 4880 1831 4950 ὥιρθη
1853 4879 2002 4948 αύτῷ

434 4973 494 5028 ἐν
525 4977 594 5045 τῇ
623 4979 811 5047 ἐρήμῳ
836 4976 929 5028 τοῦ
984 4976 1143 5045 ὅρους
1185 4975 1313 5027 Σινᾶ
1376 4973 1606 5040 ἄγγελος
1683 4972 1889 5040 Κυρίου
1946 4973 2004 5024 ἐν

437 5065 596 5134 φλογὶ
629 5068 797 5136 πυρὸς
829 5068 1012 5136 βάτου.
1057 5067 1114 5118 '0
1145 5067 1200 5119 δέ
1226 5067 1468 5136 Μωῦσῆς
1519 5064 1663 5129 ἰδὼν,
1727 5062 2006 5133 ἐθαύμασε

431 5157 496 5210 τὸ
525 5158 726 5227 ὅραμα.
785 5157 1234 5228 Προσερχομένου
1307 5157 1364 5210 δὲ
1425 5154 1594 5209 αὑτοῦ
1652 5155 2004 5224 κατανοῆσαι,

507 5335 548 5365 ³⁷
589 5331 730 5387 Psal.
775 5347 862 5400 cv,
918 5333 1010 5387 50.
1119 5333 1163 5365 ³⁸
1190 5331 1378 5387 Matth.
1408 5347 1504 5397 xu,
1530 5331 1621 5385 24.

2106 3409 2300 3465 simam
2354 3407 2575 3462 exhibet
2633 3404 3048 3474 intelligentiam
3095 3403 3152 3457 in
3205 3403 3536 3466 (economia,
3579 3417 3676 3457 seu

2105 3497 2510 3569 dispensatione
2548 3495 2776 3551 Christi.
2818 3493 3064 3557 Scilicet,
3100 3508 3222 3548 cum
3277 3494 3572 3564 reperisset
3597 3492 3688 3546 ille

2109 3587 2389 3640 lsraelitas
2417 3583 2568 3654 gravi
2600 3597 2897 3652 oppressos
2927 3581 3154 3636 avaritia
3183 3581 3508 3652 (intraverat
3538 3582 3684 3636 enim

2108 3674 2375 3727 violenter
2423 3673 2475 3724 in
2523 3671 2644 3724 illos
2689 3668 2943 3736 Satanas)
2984 3668 3337 3725 miseratione
3389 3679 3683 3738 permotus.

2109 3767 2341 3820 liberare
2367 3780 2460 3818 eos
2489 3763 2749 3817 decrevit.
2782 3759 2996 3815 Occidit
3028 3761 3195 3829 igitur
3235 3776 3382 3826 eum,
3417 3763 3510 3830 qui
3542 3762 3686 3832 ipset:

2109 3858 2308 3912 lazdere
2336 3869 2630 3924 aggressus
2659 3853 2838 3907 fuerat
2868 3868 2883 3916 ;
2937 3851 3290 3920 occisumque
3317 3851 3602 3906 abscondit
3632 3853 3686 3905 in

2114 3959 2312 4009 terra;
2367 3947 2470 4000 hoc
2516 3953 2621 4008 est,
2658 3943 2713 3996 in
2763 3940 3161 4004 subterraneis,
3224 3956 3318 3994 seu
3367 3941 3421 3994 in
3471 3941 3686 3993 inferno

2112 4037 2385 4094 conclusit
2417 4034 2675 4090 Satanam
2712 4035 2962 4089 Salvator
2990 4040 3216 4097 noster;
3257 4030 3491 4100 indeque
3517 4031 3688 4100 justi-

2115 4133 2201 4186 tiae
2225 4131 2510 4184 ductorem
2543 4127 2806 4182 lsraelitis
2834 4141 2894 4181 se
2927 4123 3195 4180 exhibuit.
3238 4122 3319 4176 llli
3353 4133 3532 4176 autem
3562 4137 3686 4176 cum

2115 4221 2320 4290 gratias
2349 4233 2509 4288 agere
2545 4216 2886 4278 debuissent,
2915 4230 2945 4268 e
2976 4222 3167 4268 contra
3197 4211 3490 4266 dicebant:
3535 4227 3553 4259 ι
3587 4206 3687 4262 Hic

2113 4327 2222 4365 non
2250 4310 2400 4377 ejirit
2423 4307 2722 4368 Dmmonia,
2754 4306 2855 4359 nisi
2883 4305 2935 4357 in
2963 4301 3268 4357 Beelzebub
3295 4299 3540 4371 principe
3573 4296 3688 4352 Da:-

2116 4401 2425 4456 moniorum
2459 4398 2524 4450 ³⁸.
2565 4415 2585 4449 ι
2619 4395 2984 4461 Quamobrem
3011 4409 3076 4448 ex
3099 4389 3286 4446 Judaia
3317 4391 3372 4444 in
3411 4389 3687 4444 Galilaeam

2115 4488 2477 4544 transmeavit
2531 4483 3036 4556 (quemadmodum
3089 4482 3272 4536 Moses
3341 4479 3580 4549 perrexit
3625 4479 3681 4531 in
3766 4527 3768 4529 ,

2115 4591 2315 4636 terram
2343 4579 2610 4646 Madian),
2661 4592 2754 4632 seu
2783 4591 2850 4630 ex
2870 4572 3175 4629 Gentilibus
3202 4570 3500 4626 Ecclesiam
3531 4583 3688 4626 suam

2024 4689 2079 4748 D
2117 4669 2490 4741 congregavit.

2642 4756 2804 4827 223
2856 4750 3153 4807 TEXTUS.

2176 4875 2292 4941 Vll,
2323 4873 2518 4929 30-52.
2543 4871 2606 4923 Et
2645 4869 2874 4937 expletis
2918 4866 3078 4920 annis
3101 4864 3486 4934 quadraginta,
3519 4877 3685 4931 appa-

2107 4968 2218 5022 ruit
2236 4965 2312 5019 illi
2333 4966 2386 5018 in
2400 4959 2832 5018 desertomoutis
2849 4958 2981 5011 Sina
2999 4957 3223 5028 angelus
3245 4956 3296 5008 in
3316 4956 3438 5024 igne
3457 4953 3686 5019 flammai

2119 5060 2262 5114 rubi.
2301 5056 2515 5126 Moyses
2534 5062 2714 5107 autem
2735 5051 2945 5114 videns,
2977 5049 3282 5102 admiratus
3300 5055 3383 5101 est
3401 5044 3598 5108 visum,
3629 5050 3684 5093 et

2113 5149 2408 5206 accedente
2447 5147 2561 5211 illo,
2602 5155 2661 5199 ut
2684 5142 3078 5207 consideraret,
3104 5140 3247 5194 facta
3265 5135 3563 5192 estadeum
3579 5145 3686 5190 vox

1626 5420 1828 5482 Varia;
1872 5413 2186 5479 lectiones
2219 5421 2282 5476 et
2323 5422 2518 5481 notae.

503 5531 552 5566 “
579 5531 768 5601 αὐτήν.
843 5526 888 5559 ⁸⁸
920 5525 1098 5595 φόνος.
1174 5526 1219 5558 ⁸⁸
1260 5527 1438 5595 φόνος.
1514 5523 1561 5554 ⁸⁸
1593 5522 1678 5574 ἵσ.
1718 5521 1863 5582 τούς.
1936 5519 1978 5548 ⁸⁷
2001 5515 2316 5568 ἐσκέπτετο.
2394 5515 2439 5545 ⁸³
2471 5513 2831 5566 κατέκλεισεν.
2907 5510 2951 5538 ⁵⁹
2988 5502 3241 5575 βραϐεύς.

505 5690 616 5759 (15)
657 5687 860 5742 Locum
893 5684 1039 5739 hunc
1070 5698 1135 5738 ex
1181 5680 1519 5737 (Ecumenio
1549 5719 1562 5747 ,
1595 5677 1689 5748 qui
1717 5678 1867 5748 paria
1917 5673 2004 5726 hic
2045 5671 2230 5736 habet,
2263 5669 2509 5738 snpplco.

2720 5757 2807 5801 .jx
2872 5755 2922 5796 ⁸,
2968 5777 2998 5787 ..
