  <div class='ocr_page' id='page_1' title='image "/cluster/home/n/w/nwhite01/storage/ocr_20150623/125/hvd.32044073502429/503.png"; bbox 0 0 4088 6206; ppageno 0'>
   <div class='ocr_carea' id='block_1_1' title="bbox 483 362 581 426">
    <p class='ocr_par' dir='ltr' id='par_1_1' title="bbox 483 362 581 426">
     <span class='ocr_line' id='line_1_1' title="bbox 483 362 581 426; baseline -0.041 0"><span class='ocrx_word' id='word_1_1' title='bbox 483 362 581 426; x_wconf 78' lang='lat'><strong>911</strong></span> 
     </span>
    </p>
   </div>
   <div class='ocr_carea' id='block_1_2' title="bbox 1429 354 2864 415">
    <p class='ocr_par' dir='ltr' id='par_1_2' title="bbox 1429 354 2864 415">
     <span class='ocr_line' id='line_1_2' title="bbox 1429 354 2864 415; baseline 0.001 -1"><span class='ocrx_word' id='word_1_2' title='bbox 1429 356 2007 414; x_wconf 75' lang='lat' dir='ltr'><strong>TllEOPIlYLACTI</strong></span> <span class='ocrx_word' id='word_1_3' title='bbox 2041 355 2448 414; x_wconf 54' lang='lat' dir='ltr'><strong>BULGARL’E</strong></span> <span class='ocrx_word' id='word_1_4' title='bbox 2508 354 2864 415; x_wconf 74' lang='lat' dir='ltr'><strong>ARCIIIEP.</strong></span> 
     </span>
    </p>
   </div>
   <div class='ocr_carea' id='block_1_3' title="bbox 3610 353 3718 416">
    <p class='ocr_par' dir='ltr' id='par_1_3' title="bbox 3610 353 3718 416">
     <span class='ocr_line' id='line_1_3' title="bbox 3610 353 3718 416; baseline 0.009 -1"><span class='ocrx_word' id='word_1_5' title='bbox 3610 353 3718 416; x_wconf 75' lang='lat'><strong>912</strong></span> 
     </span>
    </p>
   </div>
   <div class='ocr_carea' id='block_1_4' title="bbox 486 459 2060 536">
    <p class='ocr_par' dir='ltr' id='par_1_4' title="bbox 486 464 2043 536">
     <span class='ocr_line' id='line_1_4' title="bbox 486 464 2043 536; baseline -0.007 -11"><span class='ocrx_word' id='word_1_6' title='bbox 486 472 720 532; x_wconf 78' lang='lat' dir='ltr'><strong>Domini,</strong></span> <span class='ocrx_word' id='word_1_7' title='bbox 767 468 999 523; x_wconf 83' lang='lat' dir='ltr'><strong>dicens:</strong></span> <span class='ocrx_word' id='word_1_8' title='bbox 1040 465 1150 536; x_wconf 84' lang='lat' dir='ltr'><strong>Ego</strong></span> <span class='ocrx_word' id='word_1_9' title='bbox 1179 479 1298 520; x_wconf 91' lang='lat' dir='ltr'><strong>sum</strong></span> <span class='ocrx_word' id='word_1_10' title='bbox 1341 464 1482 519; x_wconf 85' lang='lat' dir='ltr'><strong>Deus</strong></span> <span class='ocrx_word' id='word_1_11' title='bbox 1521 465 1739 518; x_wconf 81' lang='lat' dir='ltr'><strong>Patrum</strong></span> <span class='ocrx_word' id='word_1_12' title='bbox 1801 475 2043 527; x_wconf 85' lang='lat' dir='ltr'><strong>tuorum,</strong></span> 
     </span>
    </p>
   </div>
   <div class='ocr_carea' id='block_1_5' title="bbox 2163 459 3737 536">
    <p class='ocr_par' dir='ltr' id='par_1_5' title="bbox 2163 459 3737 530">
     <span class='ocr_line' id='line_1_5' title="bbox 2163 459 3737 530; baseline 0.001 -16"><span class='ocrx_word' id='word_1_13' title='bbox 2163 464 2370 530; x_wconf 68' lang='grc' dir='ltr'>ἐγένετο</span> <span class='ocrx_word' id='word_1_14' title='bbox 2401 462 2552 530; x_wconf 70' lang='grc' dir='ltr'>φωνὴ</span> <span class='ocrx_word' id='word_1_15' title='bbox 2583 459 2786 529; x_wconf 82' lang='grc' dir='ltr'>Κυρίου</span> <span class='ocrx_word' id='word_1_16' title='bbox 2820 459 2955 529; x_wconf 74' lang='grc' dir='ltr'>πρὸς</span> <span class='ocrx_word' id='word_1_17' title='bbox 2987 459 3147 512; x_wconf 83' lang='grc' dir='ltr'>αὐτόν</span> <span class='ocrx_word' id='word_1_18' title='bbox 3178 476 3192 490; x_wconf 71' lang='grc' dir='ltr'><strong>ο</strong></span> <span class='ocrx_word' id='word_1_19' title='bbox 3233 459 3377 528; x_wconf 83' lang='grc' dir='ltr'>Ἐγὼ</span> <span class='ocrx_word' id='word_1_20' title='bbox 3409 463 3435 512; x_wconf 91' lang='lat'><strong>6</strong></span> <span class='ocrx_word' id='word_1_21' title='bbox 3458 461 3587 524; x_wconf 79' lang='grc' dir='ltr'>Θεὸς</span> <span class='ocrx_word' id='word_1_22' title='bbox 3630 465 3737 516; x_wconf 86' lang='grc' dir='ltr'><strong>τῶν</strong></span> 
     </span>
    </p>
   </div>
   <div class='ocr_carea' id='block_1_6' title="bbox 489 555 1774 620">
    <p class='ocr_par' dir='ltr' id='par_1_6' title="bbox 489 555 1774 620">
     <span class='ocr_line' id='line_1_6' title="bbox 489 555 1774 620; baseline -0.005 -4"><span class='ocrx_word' id='word_1_23' title='bbox 489 565 630 618; x_wconf 86' lang='lat' dir='ltr'><strong>Deus</strong></span> <span class='ocrx_word' id='word_1_24' title='bbox 652 558 947 620; x_wconf 83' lang='lat' dir='ltr'><strong>Abraham,</strong></span> <span class='ocrx_word' id='word_1_25' title='bbox 981 556 1122 611; x_wconf 91' lang='lat' dir='ltr'><strong>Deus</strong></span> <span class='ocrx_word' id='word_1_26' title='bbox 1144 555 1297 611; x_wconf 88' lang='lat' dir='ltr'><strong>lsaac</strong></span> <span class='ocrx_word' id='word_1_27' title='bbox 1329 563 1383 608; x_wconf 90' lang='lat' dir='ltr'><strong>et</strong></span> <span class='ocrx_word' id='word_1_28' title='bbox 1420 555 1559 610; x_wconf 84' lang='lat' dir='ltr'><strong>Deus</strong></span> <span class='ocrx_word' id='word_1_29' title='bbox 1585 555 1774 611; x_wconf 84' lang='lat' dir='ltr'><strong>Jacob.</strong></span> 
     </span>
    </p>
   </div>
   <div class='ocr_carea' id='block_1_7' title="bbox 960 731 1548 788">
    <p class='ocr_par' dir='ltr' id='par_1_7' title="bbox 960 731 1548 788">
     <span class='ocr_line' id='line_1_7' title="bbox 960 731 1548 788; baseline -0.003 0"><span class='ocrx_word' id='word_1_30' title='bbox 960 731 1508 788; x_wconf 81' lang='lat' dir='ltr'><strong>COMMENTARIUS</strong></span> <span class='ocrx_word' id='word_1_31' title='bbox 1537 774 1548 786; x_wconf 93' lang='lat'><strong>.</strong></span> 
     </span>
    </p>
   </div>
   <div class='ocr_carea' id='block_1_8' title="bbox 557 821 2060 892">
    <p class='ocr_par' dir='ltr' id='par_1_8' title="bbox 557 821 2060 892">
     <span class='ocr_line' id='line_1_8' title="bbox 557 821 2060 892; baseline -0.003 -11"><span class='ocrx_word' id='word_1_32' title='bbox 557 827 753 881; x_wconf 78' lang='lat' dir='ltr'><strong>Filium</strong></span> <span class='ocrx_word' id='word_1_33' title='bbox 798 823 891 878; x_wconf 86' lang='lat' dir='ltr'><strong>Dei</strong></span> <span class='ocrx_word' id='word_1_34' title='bbox 922 838 1068 876; x_wconf 91' lang='lat' dir='ltr'><strong>nunc</strong></span> <span class='ocrx_word' id='word_1_35' title='bbox 1100 823 1336 892; x_wconf 75' lang='lat' dir='ltr'><strong>appellat</strong></span> <span class='ocrx_word' id='word_1_36' title='bbox 1381 824 1659 892; x_wconf 76' lang='lat' dir='ltr'><strong>angeium,</strong></span> <span class='ocrx_word' id='word_1_37' title='bbox 1703 821 1847 877; x_wconf 86' lang='lat' dir='ltr'><strong>sicut</strong></span> <span class='ocrx_word' id='word_1_38' title='bbox 1877 832 1929 876; x_wconf 94' lang='lat' dir='ltr'><strong>et</strong></span> <span class='ocrx_word' id='word_1_39' title='bbox 1963 824 2060 876; x_wconf 87' lang='lat' dir='ltr'><strong>ho-</strong></span> 
     </span>
    </p>
   </div>
   <div class='ocr_carea' id='block_1_9' title="bbox 488 913 2060 983">
    <p class='ocr_par' dir='ltr' id='par_1_9' title="bbox 488 913 2060 983">
     <span class='ocr_line' id='line_1_9' title="bbox 488 913 2060 983; baseline -0.006 -8"><span class='ocrx_word' id='word_1_40' title='bbox 488 923 688 976; x_wconf 88' lang='lat' dir='ltr'><strong>minem</strong></span> <span class='ocrx_word' id='word_1_41' title='bbox 747 915 898 969; x_wconf 82' lang='lat' dir='ltr'><strong>alibi.</strong></span> <span class='ocrx_word' id='word_1_42' title='bbox 944 914 1068 983; x_wconf 91' lang='lat' dir='ltr'><strong>lpse</strong></span> <span class='ocrx_word' id='word_1_43' title='bbox 1131 915 1275 969; x_wconf 89' lang='lat' dir='ltr'><strong>enim</strong></span> <span class='ocrx_word' id='word_1_44' title='bbox 1317 925 1432 968; x_wconf 90' lang='lat' dir='ltr'><strong>erat</strong></span> <span class='ocrx_word' id='word_1_45' title='bbox 1469 913 1646 983; x_wconf 81' lang='lat' dir='ltr'><strong>Magni</strong></span> <span class='ocrx_word' id='word_1_46' title='bbox 1689 913 1901 968; x_wconf 83' lang='lat' dir='ltr'><strong>consilii</strong></span> <span class='ocrx_word' id='word_1_47' title='bbox 1951 914 2060 967; x_wconf 82' lang='lat' dir='ltr'><strong>An-</strong></span> 
     </span>
    </p>
   </div>
   <div class='ocr_carea' id='block_1_10' title="bbox 489 1003 2059 1078">
    <p class='ocr_par' dir='ltr' id='par_1_10' title="bbox 489 1003 2059 1078">
     <span class='ocr_line' id='line_1_10' title="bbox 489 1003 2059 1078; baseline -0.005 -14"><span class='ocrx_word' id='word_1_48' title='bbox 489 1011 642 1078; x_wconf 77' lang='lat' dir='ltr'><strong>gelus</strong></span> <span class='ocrx_word' id='word_1_49' title='bbox 669 1006 734 1059; x_wconf 81' lang='lat'><strong>&quot;.</strong></span> <span class='ocrx_word' id='word_1_50' title='bbox 760 1004 941 1070; x_wconf 83' lang='lat' dir='ltr'><strong>Quare</strong></span> <span class='ocrx_word' id='word_1_51' title='bbox 978 1004 1138 1073; x_wconf 90' lang='lat' dir='ltr'><strong>paulo</strong></span> <span class='ocrx_word' id='word_1_52' title='bbox 1201 1011 1325 1073; x_wconf 89' lang='lat' dir='ltr'><strong>post</strong></span> <span class='ocrx_word' id='word_1_53' title='bbox 1373 1003 1594 1058; x_wconf 91' lang='lat' dir='ltr'><strong>exhibet</strong></span> <span class='ocrx_word' id='word_1_54' title='bbox 1621 1017 1742 1056; x_wconf 89' lang='lat' dir='ltr'><strong>eum</strong></span> <span class='ocrx_word' id='word_1_55' title='bbox 1791 1003 2059 1058; x_wconf 84' lang='lat' dir='ltr'><strong>dicentem</strong></span> 
     </span>
    </p>
   </div>
   <div class='ocr_carea' id='block_1_11' title="bbox 487 1093 2063 1166">
    <p class='ocr_par' dir='ltr' id='par_1_11' title="bbox 487 1093 2063 1166">
     <span class='ocr_line' id='line_1_11' title="bbox 487 1093 2063 1166; baseline -0.003 -12"><span class='ocrx_word' id='word_1_56' title='bbox 487 1102 646 1156; x_wconf 87' lang='lat' dir='ltr'><strong>heato</strong></span> <span class='ocrx_word' id='word_1_57' title='bbox 671 1098 808 1152; x_wconf 79' lang='lat' dir='ltr'><strong>Mosi</strong></span> <span class='ocrx_word' id='word_1_58' title='bbox 838 1115 854 1158; x_wconf 85' lang='lat'><strong>;</strong></span> <span class='ocrx_word' id='word_1_59' title='bbox 879 1117 897 1148; x_wconf 79' lang='grc' dir='ltr'><strong>ι</strong></span> <span class='ocrx_word' id='word_1_60' title='bbox 930 1096 1042 1166; x_wconf 85' lang='lat' dir='ltr'><strong>Ego</strong></span> <span class='ocrx_word' id='word_1_61' title='bbox 1064 1110 1182 1150; x_wconf 87' lang='lat' dir='ltr'><strong>sum</strong></span> <span class='ocrx_word' id='word_1_62' title='bbox 1208 1096 1348 1150; x_wconf 85' lang='lat' dir='ltr'><strong>Deus</strong></span> <span class='ocrx_word' id='word_1_63' title='bbox 1395 1104 1608 1165; x_wconf 85' lang='lat' dir='ltr'><strong>patrum</strong></span> <span class='ocrx_word' id='word_1_64' title='bbox 1635 1103 1875 1161; x_wconf 89' lang='lat' dir='ltr'><strong>tuorum,</strong></span> <span class='ocrx_word' id='word_1_65' title='bbox 1921 1093 2063 1149; x_wconf 89' lang='lat' dir='ltr'><strong>Deus</strong></span> 
     </span>
    </p>
   </div>
   <div class='ocr_carea' id='block_1_12' title="bbox 485 1184 2064 1252">
    <p class='ocr_par' dir='ltr' id='par_1_12' title="bbox 485 1184 2064 1252">
     <span class='ocr_line' id='line_1_12' title="bbox 485 1184 2064 1252; baseline -0.004 -8"><span class='ocrx_word' id='word_1_66' title='bbox 485 1191 780 1252; x_wconf 79' lang='lat' dir='ltr'><strong>Abraham,</strong></span> <span class='ocrx_word' id='word_1_67' title='bbox 813 1188 956 1242; x_wconf 89' lang='lat' dir='ltr'><strong>Deus</strong></span> <span class='ocrx_word' id='word_1_68' title='bbox 977 1187 1128 1242; x_wconf 84' lang='lat' dir='ltr'><strong>Isaae</strong></span> <span class='ocrx_word' id='word_1_69' title='bbox 1158 1196 1211 1241; x_wconf 88' lang='lat' dir='ltr'><strong>et</strong></span> <span class='ocrx_word' id='word_1_70' title='bbox 1245 1185 1386 1241; x_wconf 84' lang='lat' dir='ltr'><strong>Dens</strong></span> <span class='ocrx_word' id='word_1_71' title='bbox 1405 1184 1592 1240; x_wconf 84' lang='lat' dir='ltr'><strong>Jacob.</strong></span> <span class='ocrx_word' id='word_1_72' title='bbox 1617 1204 1738 1236; x_wconf 73' lang='grc' dir='ltr'>ι-ι</span> <span class='ocrx_word' id='word_1_73' title='bbox 1763 1185 1821 1238; x_wconf 86' lang='lat' dir='ltr'><strong>In</strong></span> <span class='ocrx_word' id='word_1_74' title='bbox 1848 1185 2064 1239; x_wconf 83' lang='lat' dir='ltr'><strong>ﬂamma</strong></span> 
     </span>
    </p>
   </div>
   <div class='ocr_carea' id='block_1_13' title="bbox 493 1263 2068 1351">
    <p class='ocr_par' dir='ltr' id='par_1_13' title="bbox 493 1263 2068 1351">
     <span class='ocr_line' id='line_1_13' title="bbox 493 1263 2068 1351; baseline -0.002 -15"><span class='ocrx_word' id='word_1_75' title='bbox 493 1297 619 1339; x_wconf 87' lang='lat' dir='ltr'><strong>vero</strong></span> <span class='ocrx_word' id='word_1_76' title='bbox 643 1281 784 1351; x_wconf 90' lang='lat' dir='ltr'><strong>ignis</strong></span> <span class='ocrx_word' id='word_1_77' title='bbox 819 1279 939 1332; x_wconf 91' lang='lat' dir='ltr'><strong>rubi</strong></span> <span class='ocrx_word' id='word_1_78' title='bbox 976 1297 993 1330; x_wconf 78' lang='grc' dir='ltr'><strong>ι</strong></span> <span class='ocrx_word' id='word_1_79' title='bbox 1031 1293 1151 1333; x_wconf 91' lang='lat' dir='ltr'><strong>sese</strong></span> <span class='ocrx_word' id='word_1_80' title='bbox 1187 1277 1427 1332; x_wconf 84' lang='lat' dir='ltr'><strong>ostendit</strong></span> <span class='ocrx_word' id='word_1_81' title='bbox 1470 1293 1484 1333; x_wconf 88' lang='lat'><strong>:</strong></span> <span class='ocrx_word' id='word_1_82' title='bbox 1518 1263 1955 1347; x_wconf 75' lang='lat' dir='ltr'><strong>quandoquidem</strong></span> <span class='ocrx_word' id='word_1_83' title='bbox 2012 1287 2068 1333; x_wconf 91' lang='lat' dir='ltr'><strong>et</strong></span> 
     </span>
    </p>
   </div>
   <div class='ocr_carea' id='block_1_14' title="bbox 2170 551 3734 623">
    <p class='ocr_par' dir='ltr' id='par_1_14' title="bbox 2170 551 3734 623">
     <span class='ocr_line' id='line_1_14' title="bbox 2170 551 3734 623; baseline 0 -16"><span class='ocrx_word' id='word_1_84' title='bbox 2170 555 2424 623; x_wconf 77' lang='grc' dir='ltr'><strong>πατέρων</strong></span> <span class='ocrx_word' id='word_1_85' title='bbox 2466 570 2582 616; x_wconf 87' lang='grc' dir='ltr'>σου,</span> <span class='ocrx_word' id='word_1_86' title='bbox 2614 555 2642 606; x_wconf 88' lang='lat'><strong>6</strong></span> <span class='ocrx_word' id='word_1_87' title='bbox 2678 552 2808 614; x_wconf 75' lang='grc' dir='ltr'>θεὸς</span> <span class='ocrx_word' id='word_1_88' title='bbox 2833 551 3108 623; x_wconf 77' lang='grc' dir='ltr'>Ἀϐραὰμ,</span> <span class='ocrx_word' id='word_1_89' title='bbox 3165 553 3257 604; x_wconf 75' lang='grc' dir='ltr'><strong>καὶ</strong></span> <span class='ocrx_word' id='word_1_90' title='bbox 3285 553 3314 605; x_wconf 88' lang='lat'><strong>6</strong></span> <span class='ocrx_word' id='word_1_91' title='bbox 3337 551 3469 616; x_wconf 76' lang='grc' dir='ltr'>Θεὸς</span> <span class='ocrx_word' id='word_1_92' title='bbox 3523 551 3734 619; x_wconf 74' lang='grc' dir='ltr'>Ἰσαὰκ,</span> 
     </span>
    </p>
   </div>
   <div class='ocr_carea' id='block_1_15' title="bbox 2163 642 2705 708">
    <p class='ocr_par' dir='ltr' id='par_1_15' title="bbox 2163 642 2705 708">
     <span class='ocr_line' id='line_1_15' title="bbox 2163 642 2705 708; baseline -0.004 -10"><span class='ocrx_word' id='word_1_93' title='bbox 2163 647 2256 698; x_wconf 63' lang='grc' dir='ltr'>καὶ</span> <span class='ocrx_word' id='word_1_94' title='bbox 2280 648 2306 697; x_wconf 88' lang='lat'><strong>6</strong></span> <span class='ocrx_word' id='word_1_95' title='bbox 2327 645 2458 708; x_wconf 80' lang='grc' dir='ltr'>Θεὸς</span> <span class='ocrx_word' id='word_1_96' title='bbox 2485 642 2705 698; x_wconf 75' lang='grc' dir='ltr'>Ἰακώϐ.</span> 
     </span>
    </p>
   </div>
   <div class='ocr_carea' id='block_1_16' title="bbox 2789 733 3170 788">
    <p class='ocr_par' dir='ltr' id='par_1_16' title="bbox 2789 733 3170 788">
     <span class='ocr_line' id='line_1_16' title="bbox 2789 733 3170 788; baseline 0.003 -2"><span class='ocrx_word' id='word_1_97' title='bbox 2789 733 3170 788; x_wconf 84' lang='lat' dir='ltr'><strong>EPMHNEIA.</strong></span> 
     </span>
    </p>
   </div>
   <div class='ocr_carea' id='block_1_17' title="bbox 2233 825 3742 894">
    <p class='ocr_par' dir='ltr' id='par_1_17' title="bbox 2233 825 3742 894">
     <span class='ocr_line' id='line_1_17' title="bbox 2233 825 3742 894; baseline -0.002 -14"><span class='ocrx_word' id='word_1_98' title='bbox 2233 829 2336 880; x_wconf 84' lang='grc' dir='ltr'><strong>Τὸν</strong></span> <span class='ocrx_word' id='word_1_99' title='bbox 2365 827 2492 880; x_wconf 71' lang='grc' dir='ltr'><strong>Υἰὸν</strong></span> <span class='ocrx_word' id='word_1_100' title='bbox 2521 826 2613 879; x_wconf 80' lang='grc' dir='ltr'>τοῦ</span> <span class='ocrx_word' id='word_1_101' title='bbox 2635 825 2794 890; x_wconf 76' lang='grc' dir='ltr'>Θεοῦ,</span> <span class='ocrx_word' id='word_1_102' title='bbox 2827 825 3057 893; x_wconf 81' lang='grc' dir='ltr'>ἄγγελον</span> <span class='ocrx_word' id='word_1_103' title='bbox 3110 826 3266 880; x_wconf 82' lang='grc' dir='ltr'>καλεῖ</span> <span class='ocrx_word' id='word_1_104' title='bbox 3311 826 3428 891; x_wconf 83' lang='grc' dir='ltr'>νῦν,</span> <span class='ocrx_word' id='word_1_105' title='bbox 3489 827 3742 894; x_wconf 82' lang='grc' dir='ltr'>καθάπερ</span> 
     </span>
    </p>
   </div>
   <div class='ocr_carea' id='block_1_18' title="bbox 2165 916 3742 988">
    <p class='ocr_par' dir='ltr' id='par_1_18' title="bbox 2165 916 3742 988">
     <span class='ocr_line' id='line_1_18' title="bbox 2165 916 3742 988; baseline -0.002 -16"><span class='ocrx_word' id='word_1_106' title='bbox 2165 921 2257 972; x_wconf 74' lang='grc' dir='ltr'>καὶ</span> <span class='ocrx_word' id='word_1_107' title='bbox 2287 917 2573 988; x_wconf 83' lang='grc' dir='ltr'>ἄνθρωπον</span> <span class='ocrx_word' id='word_1_108' title='bbox 2602 916 2858 987; x_wconf 79' lang='grc' dir='ltr'>ἀλλαχοῦ.</span> <span class='ocrx_word' id='word_1_109' title='bbox 2894 917 3066 980; x_wconf 77' lang='grc' dir='ltr'>Αὐτὸς</span> <span class='ocrx_word' id='word_1_110' title='bbox 3099 918 3209 988; x_wconf 85' lang='grc' dir='ltr'>γάρ</span> <span class='ocrx_word' id='word_1_111' title='bbox 3238 919 3386 970; x_wconf 77' lang='grc' dir='ltr'>ἐστιν</span> <span class='ocrx_word' id='word_1_112' title='bbox 3417 920 3445 970; x_wconf 98' lang='lat'><strong>6</strong></span> <span class='ocrx_word' id='word_1_113' title='bbox 3497 919 3742 986; x_wconf 82' lang='grc' dir='ltr'><strong>μεγάλης</strong></span> 
     </span>
    </p>
   </div>
   <div class='ocr_carea' id='block_1_19' title="bbox 2168 1008 3741 1079">
    <p class='ocr_par' dir='ltr' id='par_1_19' title="bbox 2168 1008 3741 1079">
     <span class='ocr_line' id='line_1_19' title="bbox 2168 1008 3741 1079; baseline -0.002 -16"><span class='ocrx_word' id='word_1_114' title='bbox 2168 1009 2362 1078; x_wconf 81' lang='grc' dir='ltr'>βουλῆς</span> <span class='ocrx_word' id='word_1_115' title='bbox 2386 1009 2671 1078; x_wconf 73' lang='grc' dir='ltr'>Ἄγγελος.</span> <span class='ocrx_word' id='word_1_116' title='bbox 2699 1009 2788 1062; x_wconf 80' lang='grc' dir='ltr'><strong>Διὸ</strong></span> <span class='ocrx_word' id='word_1_117' title='bbox 2812 1008 2908 1062; x_wconf 82' lang='grc' dir='ltr'>καὶ</span> <span class='ocrx_word' id='word_1_118' title='bbox 2931 1009 3048 1079; x_wconf 79' lang='grc' dir='ltr'>μετ’</span> <span class='ocrx_word' id='word_1_119' title='bbox 3071 1009 3252 1076; x_wconf 79' lang='grc' dir='ltr'><strong>ὀλίγον</strong></span> <span class='ocrx_word' id='word_1_120' title='bbox 3275 1009 3549 1062; x_wconf 86' lang='grc' dir='ltr'>δείκνυσιν</span> <span class='ocrx_word' id='word_1_121' title='bbox 3574 1009 3741 1062; x_wconf 71' lang='grc' dir='ltr'>αὐτὸν</span> 
     </span>
    </p>
   </div>
   <div class='ocr_carea' id='block_1_20' title="bbox 2165 1100 3744 1171">
    <p class='ocr_par' dir='ltr' id='par_1_20' title="bbox 2165 1100 3744 1171">
     <span class='ocr_line' id='line_1_20' title="bbox 2165 1100 3744 1171; baseline -0.001 -17"><span class='ocrx_word' id='word_1_122' title='bbox 2165 1101 2396 1169; x_wconf 84' lang='grc' dir='ltr'>λέγοντα</span> <span class='ocrx_word' id='word_1_123' title='bbox 2413 1101 2492 1170; x_wconf 81' lang='grc' dir='ltr'>τῷ</span> <span class='ocrx_word' id='word_1_124' title='bbox 2515 1103 2771 1170; x_wconf 79' lang='grc' dir='ltr'>μακαρίῳ</span> <span class='ocrx_word' id='word_1_125' title='bbox 2785 1102 2975 1171; x_wconf 79' lang='grc' dir='ltr'><strong>Μοῦσῇ</strong></span> <span class='ocrx_word' id='word_1_126' title='bbox 3000 1117 3014 1130; x_wconf 70' lang='grc' dir='ltr'>σ</span> <span class='ocrx_word' id='word_1_127' title='bbox 3041 1119 3059 1151; x_wconf 83' lang='grc' dir='ltr'><strong>ι</strong></span> <span class='ocrx_word' id='word_1_128' title='bbox 3086 1101 3274 1168; x_wconf 84' lang='grc' dir='ltr'><strong>Ἔγὼὸ</strong></span> <span class='ocrx_word' id='word_1_129' title='bbox 3290 1100 3422 1162; x_wconf 77' lang='grc' dir='ltr'>Θεὸς</span> <span class='ocrx_word' id='word_1_130' title='bbox 3442 1101 3548 1153; x_wconf 90' lang='grc' dir='ltr'><strong>τῶν</strong></span> <span class='ocrx_word' id='word_1_131' title='bbox 3571 1103 3744 1154; x_wconf 86' lang='grc' dir='ltr'>πατέ-</span> 
     </span>
    </p>
   </div>
   <div class='ocr_carea' id='block_1_21' title="bbox 2170 1191 3745 1261">
    <p class='ocr_par' dir='ltr' id='par_1_21' title="bbox 2170 1191 3745 1261">
     <span class='ocr_line' id='line_1_21' title="bbox 2170 1191 3745 1261; baseline 0 -17"><span class='ocrx_word' id='word_1_132' title='bbox 2170 1209 2278 1261; x_wconf 88' lang='grc' dir='ltr'><strong>ρων</strong></span> <span class='ocrx_word' id='word_1_133' title='bbox 2297 1209 2414 1254; x_wconf 89' lang='grc' dir='ltr'>σου,</span> <span class='ocrx_word' id='word_1_134' title='bbox 2442 1192 2470 1243; x_wconf 89' lang='lat'><strong>6</strong></span> <span class='ocrx_word' id='word_1_135' title='bbox 2488 1192 2622 1255; x_wconf 81' lang='grc' dir='ltr'>Θεὸς</span> <span class='ocrx_word' id='word_1_136' title='bbox 2639 1191 2912 1261; x_wconf 83' lang='grc' dir='ltr'>Ἀϐραὰμ,</span> <span class='ocrx_word' id='word_1_137' title='bbox 2933 1192 3028 1245; x_wconf 76' lang='grc' dir='ltr'>καὶ</span> <span class='ocrx_word' id='word_1_138' title='bbox 3049 1191 3222 1255; x_wconf 81' lang='grc' dir='ltr'>ὁΘεδς</span> <span class='ocrx_word' id='word_1_139' title='bbox 3243 1191 3448 1254; x_wconf 82' lang='grc' dir='ltr'>Ἰσαὰκ,</span> <span class='ocrx_word' id='word_1_140' title='bbox 3466 1193 3557 1244; x_wconf 67' lang='grc' dir='ltr'>καὶ</span> <span class='ocrx_word' id='word_1_141' title='bbox 3573 1193 3745 1255; x_wconf 73' lang='grc' dir='ltr'>όθεὸς</span> 
     </span>
    </p>
   </div>
   <div class='ocr_carea' id='block_1_22' title="bbox 2168 1281 3746 1352">
    <p class='ocr_par' dir='ltr' id='par_1_22' title="bbox 2168 1281 3746 1352">
     <span class='ocr_line' id='line_1_22' title="bbox 2168 1281 3746 1352; baseline 0.001 -18"><span class='ocrx_word' id='word_1_142' title='bbox 2168 1282 2383 1336; x_wconf 84' lang='grc' dir='ltr'>Ἰακώϐ.</span> <span class='ocrx_word' id='word_1_143' title='bbox 2400 1281 2615 1334; x_wconf 75' lang='grc' dir='ltr'>ι-ιἚν</span> <span class='ocrx_word' id='word_1_144' title='bbox 2635 1282 2795 1351; x_wconf 76' lang='grc' dir='ltr'>φλογὶ</span> <span class='ocrx_word' id='word_1_145' title='bbox 2810 1283 2867 1336; x_wconf 81' lang='grc' dir='ltr'>δὲ</span> <span class='ocrx_word' id='word_1_146' title='bbox 2885 1283 3052 1352; x_wconf 85' lang='grc' dir='ltr'>πυρὸς</span> <span class='ocrx_word' id='word_1_147' title='bbox 3068 1283 3232 1352; x_wconf 83' lang='grc' dir='ltr'>βάτου</span> <span class='ocrx_word' id='word_1_148' title='bbox 3247 1301 3264 1334; x_wconf 77' lang='grc' dir='ltr'><strong>ι</strong></span> <span class='ocrx_word' id='word_1_149' title='bbox 3287 1283 3668 1336; x_wconf 84' lang='grc' dir='ltr'>διαδείκνυται·</span> <span class='ocrx_word' id='word_1_150' title='bbox 3686 1287 3746 1336; x_wconf 85' lang='grc' dir='ltr'>ὲν</span> 
     </span>
    </p>
   </div>
   <div class='ocr_carea' id='block_1_23' title="bbox 487 1369 2060 1443">
    <p class='ocr_par' dir='ltr' id='par_1_23' title="bbox 487 1369 2060 1441">
     <span class='ocr_line' id='line_1_23' title="bbox 487 1369 2060 1441; baseline -0.004 -13"><span class='ocrx_word' id='word_1_151' title='bbox 487 1375 737 1428; x_wconf 80' lang='lat' dir='ltr'><strong>informa</strong></span> <span class='ocrx_word' id='word_1_152' title='bbox 787 1372 928 1441; x_wconf 80' lang='lat' dir='ltr'><strong>ignis</strong></span> <span class='ocrx_word' id='word_1_153' title='bbox 953 1369 1206 1441; x_wconf 87' lang='lat' dir='ltr'><strong>apparuit</strong></span> <span class='ocrx_word' id='word_1_154' title='bbox 1243 1370 1296 1424; x_wconf 91' lang='lat' dir='ltr'><strong>in</strong></span> <span class='ocrx_word' id='word_1_155' title='bbox 1326 1378 1509 1424; x_wconf 88' lang='lat' dir='ltr'><strong>monte</strong></span> <span class='ocrx_word' id='word_1_156' title='bbox 1550 1369 1704 1432; x_wconf 84' lang='lat' dir='ltr'><strong>Sina,</strong></span> <span class='ocrx_word' id='word_1_157' title='bbox 1737 1385 1860 1423; x_wconf 90' lang='lat' dir='ltr'><strong>eum</strong></span> <span class='ocrx_word' id='word_1_158' title='bbox 1891 1369 2060 1440; x_wconf 90' lang='lat' dir='ltr'><strong>legem</strong></span> 
     </span>
    </p>
   </div>
   <div class='ocr_carea' id='block_1_24' title="bbox 2163 1369 3746 1443">
    <p class='ocr_par' dir='ltr' id='par_1_24' title="bbox 2173 1371 3746 1443">
     <span class='ocr_line' id='line_1_24' title="bbox 2173 1371 3746 1443; baseline 0 -17"><span class='ocrx_word' id='word_1_159' title='bbox 2173 1371 2306 1428; x_wconf 75' lang='grc' dir='ltr'>εῖδει</span> <span class='ocrx_word' id='word_1_160' title='bbox 2320 1374 2428 1442; x_wconf 83' lang='grc' dir='ltr'>γὰρ</span> <span class='ocrx_word' id='word_1_161' title='bbox 2453 1373 2623 1443; x_wconf 76' lang='grc' dir='ltr'>πυρὸς</span> <span class='ocrx_word' id='word_1_162' title='bbox 2645 1373 2738 1426; x_wconf 74' lang='grc' dir='ltr'>καὶ</span> <span class='ocrx_word' id='word_1_163' title='bbox 2755 1376 2815 1426; x_wconf 82' lang='grc' dir='ltr'>ὲν</span> <span class='ocrx_word' id='word_1_164' title='bbox 2839 1373 2915 1442; x_wconf 85' lang='grc' dir='ltr'>τῷ</span> <span class='ocrx_word' id='word_1_165' title='bbox 2933 1373 3048 1440; x_wconf 81' lang='grc' dir='ltr'>δρει</span> <span class='ocrx_word' id='word_1_166' title='bbox 3069 1373 3238 1443; x_wconf 82' lang='grc' dir='ltr'>Σινᾷὸ</span> <span class='ocrx_word' id='word_1_167' title='bbox 3254 1373 3386 1436; x_wconf 82' lang='grc' dir='ltr'><strong>Θεὸς</strong></span> <span class='ocrx_word' id='word_1_168' title='bbox 3404 1374 3746 1442; x_wconf 81' lang='grc' dir='ltr'><strong>διαφαίνεται</strong></span> 
     </span>
    </p>
   </div>
   <div class='ocr_carea' id='block_1_25' title="bbox 488 1459 2060 1533">
    <p class='ocr_par' dir='ltr' id='par_1_25' title="bbox 488 1459 2060 1528">
     <span class='ocr_line' id='line_1_25' title="bbox 488 1459 2060 1528; baseline 0 -13"><span class='ocrx_word' id='word_1_169' title='bbox 488 1463 656 1517; x_wconf 86' lang='lat' dir='ltr'><strong>dedit.</strong></span> <span class='ocrx_word' id='word_1_170' title='bbox 686 1460 790 1516; x_wconf 87' lang='lat' dir='ltr'><strong>Sed</strong></span> <span class='ocrx_word' id='word_1_171' title='bbox 826 1475 1075 1528; x_wconf 76' lang='lat' dir='ltr'><strong>quamam</strong></span> <span class='ocrx_word' id='word_1_172' title='bbox 1115 1459 1276 1528; x_wconf 87' lang='lat' dir='ltr'><strong>hujus</strong></span> <span class='ocrx_word' id='word_1_173' title='bbox 1306 1459 1384 1514; x_wconf 86' lang='lat' dir='ltr'><strong>rei</strong></span> <span class='ocrx_word' id='word_1_174' title='bbox 1415 1459 1603 1514; x_wconf 87' lang='lat' dir='ltr'><strong>ratio?</strong></span> <span class='ocrx_word' id='word_1_175' title='bbox 1629 1459 1810 1514; x_wconf 72' lang='lat' dir='ltr'><strong>Sacrae</strong></span> <span class='ocrx_word' id='word_1_176' title='bbox 1847 1460 2060 1515; x_wconf 74' lang='lat' dir='ltr'><strong>Littera:</strong></span> 
     </span>
    </p>
   </div>
   <div class='ocr_carea' id='block_1_26' title="bbox 2163 1459 3748 1533">
    <p class='ocr_par' dir='ltr' id='par_1_26' title="bbox 2167 1462 3748 1533">
     <span class='ocr_line' id='line_1_26' title="bbox 2167 1462 3748 1533; baseline -0.002 -15"><span class='ocrx_word' id='word_1_177' title='bbox 2167 1465 2259 1518; x_wconf 82' lang='grc' dir='ltr'>τὸν</span> <span class='ocrx_word' id='word_1_178' title='bbox 2285 1465 2448 1533; x_wconf 85' lang='grc' dir='ltr'>νόμον</span> <span class='ocrx_word' id='word_1_179' title='bbox 2477 1463 2676 1527; x_wconf 88' lang='grc' dir='ltr'>διδούς.</span> <span class='ocrx_word' id='word_1_180' title='bbox 2703 1463 2799 1527; x_wconf 90' lang='grc' dir='ltr'>Τίς</span> <span class='ocrx_word' id='word_1_181' title='bbox 2837 1463 2931 1516; x_wconf 77' lang='grc' dir='ltr'>οὖν</span> <span class='ocrx_word' id='word_1_182' title='bbox 2958 1465 2987 1516; x_wconf 93' lang='lat'><strong>6</strong></span> <span class='ocrx_word' id='word_1_183' title='bbox 3016 1462 3171 1531; x_wconf 84' lang='grc' dir='ltr'>λόγος</span> <span class='ocrx_word' id='word_1_184' title='bbox 3196 1481 3211 1528; x_wconf 86' lang='grc'><strong>;</strong></span> <span class='ocrx_word' id='word_1_185' title='bbox 3247 1463 3388 1533; x_wconf 76' lang='grc' dir='ltr'>Πυρὶ</span> <span class='ocrx_word' id='word_1_186' title='bbox 3444 1464 3544 1532; x_wconf 82' lang='grc' dir='ltr'>τὴν</span> <span class='ocrx_word' id='word_1_187' title='bbox 3597 1464 3748 1516; x_wconf 85' lang='grc' dir='ltr'>θείαν</span> 
     </span>
    </p>
   </div>
   <div class='ocr_carea' id='block_1_27' title="bbox 487 1553 2060 1626">
    <p class='ocr_par' dir='ltr' id='par_1_27' title="bbox 487 1553 2060 1622">
     <span class='ocr_line' id='line_1_27' title="bbox 487 1553 2060 1622; baseline -0.001 -14"><span class='ocrx_word' id='word_1_188' title='bbox 487 1555 725 1608; x_wconf 78' lang='lat' dir='ltr'><strong>divinam</strong></span> <span class='ocrx_word' id='word_1_189' title='bbox 760 1562 1008 1608; x_wconf 88' lang='lat' dir='ltr'><strong>naturam</strong></span> <span class='ocrx_word' id='word_1_190' title='bbox 1034 1553 1098 1607; x_wconf 91' lang='lat' dir='ltr'><strong>ad</strong></span> <span class='ocrx_word' id='word_1_191' title='bbox 1129 1553 1554 1622; x_wconf 85' lang='lat' dir='ltr'><strong>omnipotentem</strong></span> <span class='ocrx_word' id='word_1_192' title='bbox 1585 1553 1706 1622; x_wconf 83' lang='lat' dir='ltr'><strong>ejus</strong></span> <span class='ocrx_word' id='word_1_193' title='bbox 1735 1553 2060 1608; x_wconf 84' lang='lat' dir='ltr'><strong>activitatem</strong></span> 
     </span>
    </p>
   </div>
   <div class='ocr_carea' id='block_1_28' title="bbox 2163 1553 3751 1626">
    <p class='ocr_par' dir='ltr' id='par_1_28' title="bbox 2173 1553 3751 1626">
     <span class='ocr_line' id='line_1_28' title="bbox 2173 1553 3751 1626; baseline -0.002 -18"><span class='ocrx_word' id='word_1_194' title='bbox 2173 1556 2502 1626; x_wconf 80' lang='grc' dir='ltr'><strong>παρεικάζει</strong></span> <span class='ocrx_word' id='word_1_195' title='bbox 2527 1555 2689 1624; x_wconf 83' lang='grc' dir='ltr'>φύσιν</span> <span class='ocrx_word' id='word_1_196' title='bbox 2709 1555 2770 1608; x_wconf 84' lang='grc' dir='ltr'>τὸ</span> <span class='ocrx_word' id='word_1_197' title='bbox 2803 1553 3044 1624; x_wconf 84' lang='grc' dir='ltr'>Γράμμα</span> <span class='ocrx_word' id='word_1_198' title='bbox 3069 1554 3131 1606; x_wconf 75' lang='grc' dir='ltr'>τὸ</span> <span class='ocrx_word' id='word_1_199' title='bbox 3161 1553 3325 1625; x_wconf 77' lang='grc' dir='ltr'>ἱερὸν,</span> <span class='ocrx_word' id='word_1_200' title='bbox 3350 1553 3439 1606; x_wconf 77' lang='grc' dir='ltr'>διὰ</span> <span class='ocrx_word' id='word_1_201' title='bbox 3462 1553 3525 1606; x_wconf 85' lang='grc' dir='ltr'><strong>τὺ</strong></span> <span class='ocrx_word' id='word_1_202' title='bbox 3547 1556 3751 1608; x_wconf 83' lang='grc' dir='ltr'>παναλ-</span> 
     </span>
    </p>
   </div>
   <div class='ocr_carea' id='block_1_29' title="bbox 491 1643 2060 1716">
    <p class='ocr_par' dir='ltr' id='par_1_29' title="bbox 491 1643 2060 1714">
     <span class='ocr_line' id='line_1_29' title="bbox 491 1643 2060 1714; baseline 0 -15"><span class='ocrx_word' id='word_1_203' title='bbox 491 1645 840 1711; x_wconf 75' lang='lat' dir='ltr'><strong>indicandam</strong></span> <span class='ocrx_word' id='word_1_204' title='bbox 891 1646 998 1714; x_wconf 84' lang='lat' dir='ltr'><strong>igni</strong></span> <span class='ocrx_word' id='word_1_205' title='bbox 1053 1644 1380 1710; x_wconf 87' lang='lat' dir='ltr'><strong>assimilant,</strong></span> <span class='ocrx_word' id='word_1_206' title='bbox 1410 1643 1864 1713; x_wconf 83' lang='lat' dir='ltr'><strong>quemadmodum</strong></span> <span class='ocrx_word' id='word_1_207' title='bbox 1897 1645 2060 1699; x_wconf 91' lang='lat' dir='ltr'><strong>imbe-</strong></span> 
     </span>
    </p>
   </div>
   <div class='ocr_carea' id='block_1_30' title="bbox 2163 1643 3751 1716">
    <p class='ocr_par' dir='ltr' id='par_1_30' title="bbox 2173 1644 3751 1716">
     <span class='ocr_line' id='line_1_30' title="bbox 2173 1644 3751 1716; baseline 0 -16"><span class='ocrx_word' id='word_1_208' title='bbox 2173 1647 2286 1712; x_wconf 81' lang='grc' dir='ltr'>κὲς,</span> <span class='ocrx_word' id='word_1_209' title='bbox 2313 1646 2490 1712; x_wconf 82' lang='grc' dir='ltr'><strong>ξύλοις</strong></span> <span class='ocrx_word' id='word_1_210' title='bbox 2511 1663 2568 1700; x_wconf 88' lang='grc' dir='ltr'><strong>τε</strong></span> <span class='ocrx_word' id='word_1_211' title='bbox 2591 1647 2685 1700; x_wconf 76' lang='grc' dir='ltr'>καὶ</span> <span class='ocrx_word' id='word_1_212' title='bbox 2715 1647 2874 1709; x_wconf 86' lang='grc' dir='ltr'>πόαις</span> <span class='ocrx_word' id='word_1_213' title='bbox 2894 1646 2985 1698; x_wconf 81' lang='grc' dir='ltr'>τὸν</span> <span class='ocrx_word' id='word_1_214' title='bbox 3012 1645 3119 1699; x_wconf 79' lang='grc' dir='ltr'><strong>ἀπὸ</strong></span> <span class='ocrx_word' id='word_1_215' title='bbox 3147 1647 3250 1713; x_wconf 85' lang='grc' dir='ltr'>γῆς</span> <span class='ocrx_word' id='word_1_216' title='bbox 3284 1644 3588 1716; x_wconf 79' lang='grc' dir='ltr'>ἄνθρωπον.</span> <span class='ocrx_word' id='word_1_217' title='bbox 3607 1647 3751 1716; x_wconf 75' lang='grc' dir='ltr'><strong>Φησὶ</strong></span> 
     </span>
    </p>
   </div>
   <div class='ocr_carea' id='block_1_31' title="bbox 487 1734 2060 1808">
    <p class='ocr_par' dir='ltr' id='par_1_31' title="bbox 487 1734 2060 1801">
     <span class='ocr_line' id='line_1_31' title="bbox 487 1734 2060 1801; baseline 0.003 -12"><span class='ocrx_word' id='word_1_218' title='bbox 487 1735 671 1789; x_wconf 90' lang='lat' dir='ltr'><strong>cillum</strong></span> <span class='ocrx_word' id='word_1_219' title='bbox 696 1735 971 1788; x_wconf 84' lang='lat' dir='ltr'><strong>hominem</strong></span> <span class='ocrx_word' id='word_1_220' title='bbox 992 1734 1136 1801; x_wconf 88' lang='lat' dir='ltr'><strong>ligno</strong></span> <span class='ocrx_word' id='word_1_221' title='bbox 1170 1743 1222 1787; x_wconf 92' lang='lat' dir='ltr'><strong>et</strong></span> <span class='ocrx_word' id='word_1_222' title='bbox 1248 1734 1390 1788; x_wconf 82' lang='lat' dir='ltr'><strong>feno.</strong></span> <span class='ocrx_word' id='word_1_223' title='bbox 1421 1734 1630 1790; x_wconf 85' lang='lat' dir='ltr'><strong>Dicitur</strong></span> <span class='ocrx_word' id='word_1_224' title='bbox 1656 1737 1800 1790; x_wconf 92' lang='lat' dir='ltr'><strong>cnim</strong></span> <span class='ocrx_word' id='word_1_225' title='bbox 1838 1756 1849 1789; x_wconf 94' lang='lat'>:</span> <span class='ocrx_word' id='word_1_226' title='bbox 1879 1757 1895 1788; x_wconf 83' lang='grc' dir='ltr'><strong>ι</strong></span> <span class='ocrx_word' id='word_1_227' title='bbox 1932 1738 2060 1793; x_wconf 81' lang='lat' dir='ltr'><strong>Deus</strong></span> 
     </span>
    </p>
   </div>
   <div class='ocr_carea' id='block_1_32' title="bbox 2163 1734 3749 1808">
    <p class='ocr_par' dir='ltr' id='par_1_32' title="bbox 2174 1735 3749 1808">
     <span class='ocr_line' id='line_1_32' title="bbox 2174 1735 3749 1808; baseline -0.001 -18"><span class='ocrx_word' id='word_1_228' title='bbox 2174 1738 2283 1807; x_wconf 78' lang='grc' dir='ltr'>γάρ</span> <span class='ocrx_word' id='word_1_229' title='bbox 2311 1753 2445 1790; x_wconf 89' lang='grc' dir='ltr'>που·</span> <span class='ocrx_word' id='word_1_230' title='bbox 2487 1755 2507 1790; x_wconf 80' lang='grc' dir='ltr'><strong>ι</strong></span> <span class='ocrx_word' id='word_1_231' title='bbox 2554 1739 2613 1790; x_wconf 85' lang='lat'><strong>&#39;0</strong></span> <span class='ocrx_word' id='word_1_232' title='bbox 2646 1738 2778 1801; x_wconf 74' lang='grc' dir='ltr'>Θεὸς</span> <span class='ocrx_word' id='word_1_233' title='bbox 2803 1737 2915 1808; x_wconf 79' lang='grc' dir='ltr'><strong>πῦρ</strong></span> <span class='ocrx_word' id='word_1_234' title='bbox 2937 1735 3340 1791; x_wconf 82' lang='grc' dir='ltr'><strong>καταναλίσκον</strong></span> <span class='ocrx_word' id='word_1_235' title='bbox 3400 1739 3537 1790; x_wconf 81' lang='grc' dir='ltr'>ὲστξ.</span> <span class='ocrx_word' id='word_1_236' title='bbox 3578 1758 3597 1789; x_wconf 77' lang='grc' dir='ltr'><strong>ι</strong></span> <span class='ocrx_word' id='word_1_237' title='bbox 3638 1740 3749 1792; x_wconf 78' lang='grc' dir='ltr'><strong>Καὶ</strong></span> 
     </span>
    </p>
   </div>
   <div class='ocr_carea' id='block_1_33' title="bbox 494 1823 2060 1900">
    <p class='ocr_par' dir='ltr' id='par_1_33' title="bbox 494 1824 2060 1894">
     <span class='ocr_line' id='line_1_33' title="bbox 494 1824 2060 1894; baseline 0.005 -18"><span class='ocrx_word' id='word_1_238' title='bbox 494 1833 681 1879; x_wconf 83' lang='lat' dir='ltr'><strong>noster</strong></span> <span class='ocrx_word' id='word_1_239' title='bbox 706 1824 850 1894; x_wconf 91' lang='lat' dir='ltr'><strong>ignis</strong></span> <span class='ocrx_word' id='word_1_240' title='bbox 880 1839 1215 1879; x_wconf 90' lang='lat' dir='ltr'><strong>consumens</strong></span> <span class='ocrx_word' id='word_1_241' title='bbox 1238 1832 1323 1879; x_wconf 88' lang='lat' dir='ltr'><strong>est</strong></span> <span class='ocrx_word' id='word_1_242' title='bbox 1353 1826 1418 1880; x_wconf 74' lang='grc' dir='ltr'><strong>⁸ο.</strong></span> <span class='ocrx_word' id='word_1_243' title='bbox 1461 1845 1478 1878; x_wconf 77' lang='grc' dir='ltr'><strong>ι</strong></span> <span class='ocrx_word' id='word_1_244' title='bbox 1519 1828 1586 1880; x_wconf 84' lang='grc' dir='ltr'><strong>Ει</strong></span> <span class='ocrx_word' id='word_1_245' title='bbox 1617 1843 1810 1882; x_wconf 84' lang='lat' dir='ltr'><strong>rursus</strong></span> <span class='ocrx_word' id='word_1_246' title='bbox 1856 1846 1870 1884; x_wconf 70' lang='grc' dir='ltr'><strong>ι</strong></span> <span class='ocrx_word' id='word_1_247' title='bbox 1908 1848 1926 1880; x_wconf 82' lang='grc' dir='ltr'><strong>ι</strong></span> <span class='ocrx_word' id='word_1_248' title='bbox 1965 1827 2060 1884; x_wconf 85' lang='grc'><strong>1-10-</strong></span> 
     </span>
    </p>
   </div>
   <div class='ocr_carea' id='block_1_34' title="bbox 2163 1823 3744 1900">
    <p class='ocr_par' dir='ltr' id='par_1_34' title="bbox 2172 1829 3744 1900">
     <span class='ocr_line' id='line_1_34' title="bbox 2172 1829 3744 1900; baseline 0.001 -19"><span class='ocrx_word' id='word_1_249' title='bbox 2172 1830 2352 1892; x_wconf 81' lang='grc' dir='ltr'>πάλιν,</span> <span class='ocrx_word' id='word_1_250' title='bbox 2394 1848 2411 1881; x_wconf 83' lang='grc' dir='ltr'><strong>ι</strong></span> <span class='ocrx_word' id='word_1_251' title='bbox 2448 1829 2791 1900; x_wconf 78' lang='grc' dir='ltr'>Ἀνθρωπος,</span> <span class='ocrx_word' id='word_1_252' title='bbox 2821 1829 2953 1882; x_wconf 76' lang='grc' dir='ltr'>ὡσεὶ</span> <span class='ocrx_word' id='word_1_253' title='bbox 2982 1829 3175 1898; x_wconf 86' lang='grc' dir='ltr'>χόρτος</span> <span class='ocrx_word' id='word_1_254' title='bbox 3192 1830 3475 1899; x_wconf 82' lang='grc' dir='ltr'>αἱήμέραι</span> <span class='ocrx_word' id='word_1_255' title='bbox 3507 1829 3694 1884; x_wconf 78' lang='grc' dir='ltr'>αὐτοῦ.</span> <span class='ocrx_word' id='word_1_256' title='bbox 3723 1849 3744 1882; x_wconf 70' lang='grc' dir='ltr'><strong>ι</strong></span> 
     </span>
    </p>
   </div>
   <div class='ocr_carea' id='block_1_35' title="bbox 492 1912 2069 1985">
    <p class='ocr_par' dir='ltr' id='par_1_35' title="bbox 492 1912 2069 1985">
     <span class='ocr_line' id='line_1_35' title="bbox 492 1912 2069 1985; baseline 0.001 -17"><span class='ocrx_word' id='word_1_257' title='bbox 492 1930 602 1978; x_wconf 88' lang='lat' dir='ltr'><strong>mo,</strong></span> <span class='ocrx_word' id='word_1_258' title='bbox 642 1915 786 1968; x_wconf 90' lang='lat' dir='ltr'><strong>sicut</strong></span> <span class='ocrx_word' id='word_1_259' title='bbox 821 1912 1006 1967; x_wconf 82' lang='lat' dir='ltr'><strong>fenum</strong></span> <span class='ocrx_word' id='word_1_260' title='bbox 1038 1913 1154 1968; x_wconf 88' lang='lat' dir='ltr'><strong>dies</strong></span> <span class='ocrx_word' id='word_1_261' title='bbox 1191 1913 1333 1982; x_wconf 88' lang='lat' dir='ltr'><strong>ejus.</strong></span> <span class='ocrx_word' id='word_1_262' title='bbox 1359 1914 1424 1966; x_wconf 76' lang='lat'><strong>“.</strong></span> <span class='ocrx_word' id='word_1_263' title='bbox 1466 1913 1663 1968; x_wconf 82' lang='lat' dir='ltr'><strong>Verum</strong></span> <span class='ocrx_word' id='word_1_264' title='bbox 1696 1915 1855 1970; x_wconf 90' lang='lat' dir='ltr'><strong>sicuti</strong></span> <span class='ocrx_word' id='word_1_265' title='bbox 1890 1918 2069 1985; x_wconf 85' lang='lat' dir='ltr'><strong>ignem</strong></span> 
     </span>
    </p>
   </div>
   <div class='ocr_carea' id='block_1_36' title="bbox 489 2002 2070 2072">
    <p class='ocr_par' dir='ltr' id='par_1_36' title="bbox 489 2002 2070 2072">
     <span class='ocr_line' id='line_1_36' title="bbox 489 2002 2070 2072; baseline -0.001 -14"><span class='ocrx_word' id='word_1_266' title='bbox 489 2005 664 2072; x_wconf 71' lang='lat' dir='ltr'><strong>spinas</strong></span> <span class='ocrx_word' id='word_1_267' title='bbox 689 2002 833 2057; x_wconf 81' lang='lat' dir='ltr'><strong>ferre</strong></span> <span class='ocrx_word' id='word_1_268' title='bbox 871 2015 981 2056; x_wconf 90' lang='lat' dir='ltr'><strong>non</strong></span> <span class='ocrx_word' id='word_1_269' title='bbox 1037 2011 1268 2071; x_wconf 91' lang='lat' dir='ltr'><strong>possunt</strong></span> <span class='ocrx_word' id='word_1_270' title='bbox 1298 2019 1312 2068; x_wconf 91' lang='lat'><strong>;</strong></span> <span class='ocrx_word' id='word_1_271' title='bbox 1340 2002 1414 2056; x_wconf 89' lang='lat' dir='ltr'><strong>ita</strong></span> <span class='ocrx_word' id='word_1_272' title='bbox 1449 2018 1550 2057; x_wconf 90' lang='lat' dir='ltr'><strong>nec</strong></span> <span class='ocrx_word' id='word_1_273' title='bbox 1591 2003 1846 2057; x_wconf 85' lang='lat' dir='ltr'><strong>deitatem</strong></span> <span class='ocrx_word' id='word_1_274' title='bbox 1877 2004 2070 2057; x_wconf 89' lang='lat' dir='ltr'><strong>huma-</strong></span> 
     </span>
    </p>
   </div>
   <div class='ocr_carea' id='block_1_37' title="bbox 490 2085 2069 2144">
    <p class='ocr_par' dir='ltr' id='par_1_37' title="bbox 490 2085 2069 2144">
     <span class='ocr_line' id='line_1_37' title="bbox 490 2085 2069 2144; baseline 0 -2"><span class='ocrx_word' id='word_1_275' title='bbox 490 2091 656 2144; x_wconf 89' lang='lat' dir='ltr'><strong>nitas.</strong></span> <span class='ocrx_word' id='word_1_276' title='bbox 713 2088 970 2140; x_wconf 81' lang='lat' dir='ltr'><strong>Attamen</strong></span> <span class='ocrx_word' id='word_1_277' title='bbox 1017 2086 1072 2139; x_wconf 91' lang='lat' dir='ltr'><strong>in</strong></span> <span class='ocrx_word' id='word_1_278' title='bbox 1101 2086 1324 2139; x_wconf 85' lang='lat' dir='ltr'><strong>Christo</strong></span> <span class='ocrx_word' id='word_1_279' title='bbox 1351 2085 1527 2141; x_wconf 89' lang='lat' dir='ltr'><strong>deitas</strong></span> <span class='ocrx_word' id='word_1_280' title='bbox 1566 2102 1690 2142; x_wconf 92' lang='lat' dir='ltr'><strong>cum</strong></span> <span class='ocrx_word' id='word_1_281' title='bbox 1731 2088 2069 2142; x_wconf 88' lang='lat' dir='ltr'><strong>humanitate</strong></span> 
     </span>
    </p>
   </div>
   <div class='ocr_carea' id='block_1_38' title="bbox 493 2174 2069 2246">
    <p class='ocr_par' dir='ltr' id='par_1_38' title="bbox 493 2174 2069 2246">
     <span class='ocr_line' id='line_1_38' title="bbox 493 2174 2069 2246; baseline 0 -14"><span class='ocrx_word' id='word_1_282' title='bbox 493 2179 666 2232; x_wconf 86' lang='lat' dir='ltr'><strong>amice</strong></span> <span class='ocrx_word' id='word_1_283' title='bbox 702 2176 978 2241; x_wconf 87' lang='lat' dir='ltr'><strong>convenit,</strong></span> <span class='ocrx_word' id='word_1_284' title='bbox 1014 2176 1175 2245; x_wconf 88' lang='lat' dir='ltr'><strong>eique</strong></span> <span class='ocrx_word' id='word_1_285' title='bbox 1208 2175 1508 2230; x_wconf 88' lang='lat' dir='ltr'><strong>tolerabilis</strong></span> <span class='ocrx_word' id='word_1_286' title='bbox 1543 2174 1687 2230; x_wconf 80' lang='lat' dir='ltr'><strong>facta</strong></span> <span class='ocrx_word' id='word_1_287' title='bbox 1714 2186 1818 2239; x_wconf 87' lang='lat' dir='ltr'><strong>est,</strong></span> <span class='ocrx_word' id='word_1_288' title='bbox 1871 2177 2069 2246; x_wconf 85' lang='lat' dir='ltr'><strong>quippe</strong></span> 
     </span>
    </p>
   </div>
   <div class='ocr_carea' id='block_1_39' title="bbox 493 2265 2068 2340">
    <p class='ocr_par' dir='ltr' id='par_1_39' title="bbox 493 2265 2068 2340">
     <span class='ocr_line' id='line_1_39' title="bbox 493 2265 2068 2340; baseline -0.002 -18"><span class='ocrx_word' id='word_1_289' title='bbox 493 2285 614 2340; x_wconf 76' lang='lat' dir='ltr'><strong>qua:</strong></span> <span class='ocrx_word' id='word_1_290' title='bbox 641 2281 832 2340; x_wconf 91' lang='lat' dir='ltr'><strong>puram</strong></span> <span class='ocrx_word' id='word_1_291' title='bbox 866 2266 1007 2336; x_wconf 82' lang='lat' dir='ltr'><strong>ignis</strong></span> <span class='ocrx_word' id='word_1_292' title='bbox 1047 2273 1260 2319; x_wconf 76' lang='lat' dir='ltr'><strong>natura:</strong></span> <span class='ocrx_word' id='word_1_293' title='bbox 1287 2281 1400 2319; x_wconf 70' lang='lat' dir='ltr'><strong>sua:</strong></span> <span class='ocrx_word' id='word_1_294' title='bbox 1427 2265 1758 2319; x_wconf 74' lang='lat' dir='ltr'><strong>activitatem</strong></span> <span class='ocrx_word' id='word_1_295' title='bbox 1803 2265 2068 2336; x_wconf 83' lang='lat' dir='ltr'><strong>quodam-</strong></span> 
     </span>
    </p>
   </div>
   <div class='ocr_carea' id='block_1_40' title="bbox 494 2356 2064 2428">
    <p class='ocr_par' dir='ltr' id='par_1_40' title="bbox 494 2356 2064 2428">
     <span class='ocr_line' id='line_1_40' title="bbox 494 2356 2064 2428; baseline -0.001 -17"><span class='ocrx_word' id='word_1_296' title='bbox 494 2359 654 2414; x_wconf 89' lang='lat' dir='ltr'><strong>modo</strong></span> <span class='ocrx_word' id='word_1_297' title='bbox 698 2357 929 2422; x_wconf 88' lang='lat' dir='ltr'><strong>retudit,</strong></span> <span class='ocrx_word' id='word_1_298' title='bbox 961 2365 1020 2411; x_wconf 83' lang='lat' dir='ltr'><strong>tit</strong></span> <span class='ocrx_word' id='word_1_299' title='bbox 1049 2356 1170 2426; x_wconf 90' lang='lat' dir='ltr'><strong>capi</strong></span> <span class='ocrx_word' id='word_1_300' title='bbox 1200 2369 1404 2426; x_wconf 85' lang='lat' dir='ltr'><strong>posset,</strong></span> <span class='ocrx_word' id='word_1_301' title='bbox 1450 2357 1613 2411; x_wconf 91' lang='lat' dir='ltr'><strong>sicuti</strong></span> <span class='ocrx_word' id='word_1_302' title='bbox 1645 2357 1783 2428; x_wconf 84' lang='lat' dir='ltr'><strong>ignis</strong></span> <span class='ocrx_word' id='word_1_303' title='bbox 1811 2373 1840 2410; x_wconf 83' lang='lat' dir='ltr'><strong>a</strong></span> <span class='ocrx_word' id='word_1_304' title='bbox 1873 2357 2064 2427; x_wconf 80' lang='lat' dir='ltr'><strong>Spinis.</strong></span> 
     </span>
    </p>
   </div>
   <div class='ocr_carea' id='block_1_41' title="bbox 489 2447 2067 2518">
    <p class='ocr_par' dir='ltr' id='par_1_41' title="bbox 489 2447 2067 2518">
     <span class='ocr_line' id='line_1_41' title="bbox 489 2447 2067 2518; baseline -0.002 -14"><span class='ocrx_word' id='word_1_305' title='bbox 489 2450 792 2518; x_wconf 67' lang='lat' dir='ltr'><strong>Quodyero</strong></span> <span class='ocrx_word' id='word_1_306' title='bbox 824 2462 1047 2503; x_wconf 87' lang='lat' dir='ltr'><strong>carnem</strong></span> <span class='ocrx_word' id='word_1_307' title='bbox 1074 2462 1228 2502; x_wconf 88' lang='lat' dir='ltr'><strong>suam</strong></span> <span class='ocrx_word' id='word_1_308' title='bbox 1255 2447 1407 2502; x_wconf 92' lang='lat' dir='ltr'><strong>omni</strong></span> <span class='ocrx_word' id='word_1_309' title='bbox 1435 2447 1789 2516; x_wconf 89' lang='lat' dir='ltr'><strong>corruptione</strong></span> <span class='ocrx_word' id='word_1_310' title='bbox 1813 2463 1875 2502; x_wconf 92' lang='lat' dir='ltr'><strong>su</strong></span> <span class='ocrx_word' id='word_1_311' title='bbox 1885 2448 2067 2517; x_wconf 81' lang='lat' dir='ltr'><strong>perio-</strong></span> 
     </span>
    </p>
   </div>
   <div class='ocr_carea' id='block_1_42' title="bbox 491 2538 2067 2608">
    <p class='ocr_par' dir='ltr' id='par_1_42' title="bbox 491 2538 2067 2608">
     <span class='ocr_line' id='line_1_42' title="bbox 491 2538 2067 2608; baseline -0.003 -12"><span class='ocrx_word' id='word_1_312' title='bbox 491 2556 606 2597; x_wconf 87' lang='lat' dir='ltr'><strong>rem</strong></span> <span class='ocrx_word' id='word_1_313' title='bbox 642 2539 903 2605; x_wconf 78' lang='lat' dir='ltr'><strong>eil‘ecerit,</strong></span> <span class='ocrx_word' id='word_1_314' title='bbox 951 2539 1210 2605; x_wconf 85' lang='lat' dir='ltr'><strong>ostendit,</strong></span> <span class='ocrx_word' id='word_1_315' title='bbox 1267 2539 1413 2594; x_wconf 88' lang='lat' dir='ltr'><strong>velut</strong></span> <span class='ocrx_word' id='word_1_316' title='bbox 1453 2539 1508 2592; x_wconf 89' lang='lat' dir='ltr'><strong>in</strong></span> <span class='ocrx_word' id='word_1_317' title='bbox 1560 2538 1867 2607; x_wconf 63' lang='lat' dir='ltr'><strong>aenigmate,</strong></span> <span class='ocrx_word' id='word_1_318' title='bbox 1927 2538 2067 2608; x_wconf 83' lang='lat' dir='ltr'><strong>ignis</strong></span> 
     </span>
    </p>
   </div>
   <div class='ocr_carea' id='block_1_43' title="bbox 489 2627 2064 2697">
    <p class='ocr_par' dir='ltr' id='par_1_43' title="bbox 489 2627 2064 2697">
     <span class='ocr_line' id='line_1_43' title="bbox 489 2627 2064 2697; baseline -0.003 -14"><span class='ocrx_word' id='word_1_319' title='bbox 489 2629 690 2686; x_wconf 79' lang='lat' dir='ltr'><strong>ardens</strong></span> <span class='ocrx_word' id='word_1_320' title='bbox 734 2628 791 2682; x_wconf 89' lang='lat' dir='ltr'><strong>in</strong></span> <span class='ocrx_word' id='word_1_321' title='bbox 827 2627 993 2693; x_wconf 88' lang='lat' dir='ltr'><strong>rubo,</strong></span> <span class='ocrx_word' id='word_1_322' title='bbox 1037 2629 1133 2696; x_wconf 91' lang='lat' dir='ltr'><strong>qui</strong></span> <span class='ocrx_word' id='word_1_323' title='bbox 1157 2629 1364 2696; x_wconf 87' lang='lat' dir='ltr'><strong>lignum</strong></span> <span class='ocrx_word' id='word_1_324' title='bbox 1412 2627 1632 2697; x_wconf 89' lang='lat' dir='ltr'><strong>reliquit</strong></span> <span class='ocrx_word' id='word_1_325' title='bbox 1666 2627 1916 2681; x_wconf 85' lang='lat' dir='ltr'><strong>ill:esum.</strong></span> <span class='ocrx_word' id='word_1_326' title='bbox 1953 2627 2064 2679; x_wconf 82' lang='lat' dir='ltr'><strong>llu—</strong></span> 
     </span>
    </p>
   </div>
   <div class='ocr_carea' id='block_1_44' title="bbox 490 2718 2061 2791">
    <p class='ocr_par' dir='ltr' id='par_1_44' title="bbox 490 2718 2061 2791">
     <span class='ocr_line' id='line_1_44' title="bbox 490 2718 2061 2791; baseline -0.001 -17"><span class='ocrx_word' id='word_1_327' title='bbox 490 2721 724 2776; x_wconf 88' lang='lat' dir='ltr'><strong>manitas</strong></span> <span class='ocrx_word' id='word_1_328' title='bbox 763 2721 946 2791; x_wconf 84' lang='lat' dir='ltr'><strong>itaque</strong></span> <span class='ocrx_word' id='word_1_329' title='bbox 981 2735 1155 2790; x_wconf 82' lang='lat' dir='ltr'><strong>capax</strong></span> <span class='ocrx_word' id='word_1_330' title='bbox 1185 2719 1328 2773; x_wconf 84' lang='lat' dir='ltr'><strong>facta</strong></span> <span class='ocrx_word' id='word_1_331' title='bbox 1360 2727 1443 2774; x_wconf 88' lang='lat' dir='ltr'><strong>est</strong></span> <span class='ocrx_word' id='word_1_332' title='bbox 1487 2718 1851 2787; x_wconf 72' lang='lat' dir='ltr'><strong>suscipiendae</strong></span> <span class='ocrx_word' id='word_1_333' title='bbox 1887 2728 1940 2773; x_wconf 92' lang='lat' dir='ltr'><strong>et</strong></span> <span class='ocrx_word' id='word_1_334' title='bbox 1975 2734 2061 2773; x_wconf 84' lang='lat' dir='ltr'><strong>re-</strong></span> 
     </span>
    </p>
   </div>
   <div class='ocr_carea' id='block_1_45' title="bbox 491 2807 2062 2879">
    <p class='ocr_par' dir='ltr' id='par_1_45' title="bbox 491 2807 2062 2879">
     <span class='ocr_line' id='line_1_45' title="bbox 491 2807 2062 2879; baseline 0.001 -18"><span class='ocrx_word' id='word_1_335' title='bbox 491 2809 727 2865; x_wconf 68' lang='lat' dir='ltr'><strong>tinendae</strong></span> <span class='ocrx_word' id='word_1_336' title='bbox 759 2808 1000 2875; x_wconf 86' lang='lat' dir='ltr'><strong>deitatis,</strong></span> <span class='ocrx_word' id='word_1_337' title='bbox 1041 2818 1095 2864; x_wconf 87' lang='lat' dir='ltr'><strong>et</strong></span> <span class='ocrx_word' id='word_1_338' title='bbox 1147 2810 1249 2864; x_wconf 88' lang='lat' dir='ltr'><strong>hoc</strong></span> <span class='ocrx_word' id='word_1_339' title='bbox 1285 2807 1604 2879; x_wconf 81' lang='lat' dir='ltr'><strong>mysterium</strong></span> <span class='ocrx_word' id='word_1_340' title='bbox 1639 2807 1842 2862; x_wconf 76' lang='lat' dir='ltr'><strong>factum</strong></span> <span class='ocrx_word' id='word_1_341' title='bbox 1889 2817 1972 2862; x_wconf 91' lang='lat' dir='ltr'><strong>est</strong></span> <span class='ocrx_word' id='word_1_342' title='bbox 2009 2808 2062 2862; x_wconf 90' lang='lat' dir='ltr'><strong>in</strong></span> 
     </span>
    </p>
   </div>
   <div class='ocr_carea' id='block_1_46' title="bbox 489 2901 732 2958">
    <p class='ocr_par' dir='ltr' id='par_1_46' title="bbox 489 2901 732 2958">
     <span class='ocr_line' id='line_1_46' title="bbox 489 2901 732 2958; baseline 0.008 -4"><span class='ocrx_word' id='word_1_343' title='bbox 489 2901 732 2958; x_wconf 78' lang='lat' dir='ltr'><strong>Christo.</strong></span> 
     </span>
    </p>
   </div>
   <div class='ocr_carea' id='block_1_47' title="bbox 489 2991 2059 3065">
    <p class='ocr_par' dir='ltr' id='par_1_47' title="bbox 489 2991 2059 3065">
     <span class='ocr_line' id='line_1_47' title="bbox 489 2991 2059 3065; baseline -0.003 -19"><span class='ocrx_word' id='word_1_344' title='bbox 489 2992 565 3046; x_wconf 85' lang='lat' dir='ltr'><strong>De</strong></span> <span class='ocrx_word' id='word_1_345' title='bbox 600 2993 745 3046; x_wconf 77' lang='lat' dir='ltr'><strong>exitu</strong></span> <span class='ocrx_word' id='word_1_346' title='bbox 775 3008 839 3047; x_wconf 74' lang='lat' dir='ltr'><strong>ea:</strong></span> <span class='ocrx_word' id='word_1_347' title='bbox 875 2992 1123 3065; x_wconf 62' lang='lat' dir='ltr'><strong>Egypto,</strong></span> <span class='ocrx_word' id='word_1_348' title='bbox 1149 3002 1196 3047; x_wconf 87' lang='lat' dir='ltr'><strong>et</strong></span> <span class='ocrx_word' id='word_1_349' title='bbox 1231 2995 1293 3046; x_wconf 89' lang='lat' dir='ltr'><strong>de</strong></span> <span class='ocrx_word' id='word_1_350' title='bbox 1321 2993 1483 3046; x_wconf 85' lang='lat' dir='ltr'><strong>vitulo</strong></span> <span class='ocrx_word' id='word_1_351' title='bbox 1517 2993 1581 3045; x_wconf 85' lang='lat' dir='ltr'><strong>ab</strong></span> <span class='ocrx_word' id='word_1_352' title='bbox 1608 2991 1866 3045; x_wconf 77' lang='lat' dir='ltr'><strong>Israelitis</strong></span> <span class='ocrx_word' id='word_1_353' title='bbox 1899 2991 2059 3060; x_wconf 75' lang='lat' dir='ltr'><strong>facto,</strong></span> 
     </span>
    </p>
   </div>
   <div class='ocr_carea' id='block_1_48' title="bbox 557 3077 2063 3151">
    <p class='ocr_par' dir='ltr' id='par_1_48' title="bbox 557 3077 2063 3151">
     <span class='ocr_line' id='line_1_48' title="bbox 557 3077 2063 3151; baseline -0.002 -17"><span class='ocrx_word' id='word_1_354' title='bbox 557 3081 780 3150; x_wconf 77' lang='lat' dir='ltr'><strong>aliisque</strong></span> <span class='ocrx_word' id='word_1_355' title='bbox 810 3098 971 3151; x_wconf 82' lang='lat' dir='ltr'><strong>usque</strong></span> <span class='ocrx_word' id='word_1_356' title='bbox 996 3082 1062 3134; x_wconf 87' lang='lat' dir='ltr'><strong>ad</strong></span> <span class='ocrx_word' id='word_1_357' title='bbox 1086 3077 1421 3136; x_wconf 81' lang='lat' dir='ltr'><strong>Salomonem</strong></span> <span class='ocrx_word' id='word_1_358' title='bbox 1463 3090 1509 3133; x_wconf 87' lang='lat' dir='ltr'><strong>et</strong></span> <span class='ocrx_word' id='word_1_359' title='bbox 1541 3079 1719 3146; x_wconf 77' lang='lat' dir='ltr'><strong>templi</strong></span> <span class='ocrx_word' id='word_1_360' title='bbox 1748 3079 2063 3146; x_wconf 76' lang='lat' dir='ltr'><strong>wdiﬁcatio-</strong></span> 
     </span>
    </p>
   </div>
   <div class='ocr_carea' id='block_1_49' title="bbox 559 3187 698 3224">
    <p class='ocr_par' dir='ltr' id='par_1_49' title="bbox 559 3187 698 3224">
     <span class='ocr_line' id='line_1_49' title="bbox 559 3187 698 3224; baseline -0.014 0"><span class='ocrx_word' id='word_1_361' title='bbox 559 3187 698 3224; x_wconf 84' lang='lat' dir='ltr'><strong>nem.</strong></span> 
     </span>
    </p>
   </div>
   <div class='ocr_carea' id='block_1_50' title="bbox 1125 3251 1428 3315">
    <p class='ocr_par' dir='ltr' id='par_1_50' title="bbox 1125 3251 1428 3315">
     <span class='ocr_line' id='line_1_50' title="bbox 1125 3251 1428 3315; baseline 0.013 -4"><span class='ocrx_word' id='word_1_362' title='bbox 1125 3251 1428 3315; x_wconf 80' lang='lat' dir='ltr'><strong>TEXTUS.</strong></span> 
     </span>
    </p>
   </div>
   <div class='ocr_carea' id='block_1_51' title="bbox 562 3347 2061 3423">
    <p class='ocr_par' dir='ltr' id='par_1_51' title="bbox 562 3347 2061 3423">
     <span class='ocr_line' id='line_1_51' title="bbox 562 3347 2061 3423; baseline 0.003 -19"><span class='ocrx_word' id='word_1_363' title='bbox 562 3348 676 3416; x_wconf 84' lang='lat' dir='ltr'><strong>Vll,</strong></span> <span class='ocrx_word' id='word_1_364' title='bbox 709 3348 897 3404; x_wconf 76' lang='lat'><strong>52-56.</strong></span> <span class='ocrx_word' id='word_1_365' title='bbox 916 3347 1292 3404; x_wconf 79' lang='lat' dir='ltr'><strong>Tremefactus</strong></span> <span class='ocrx_word' id='word_1_366' title='bbox 1318 3358 1495 3406; x_wconf 90' lang='lat' dir='ltr'><strong>autem</strong></span> <span class='ocrx_word' id='word_1_367' title='bbox 1516 3351 1750 3423; x_wconf 83' lang='lat' dir='ltr'><strong>Moyses,</strong></span> <span class='ocrx_word' id='word_1_368' title='bbox 1767 3369 1873 3408; x_wconf 89' lang='lat' dir='ltr'><strong>non</strong></span> <span class='ocrx_word' id='word_1_369' title='bbox 1897 3354 2061 3409; x_wconf 90' lang='lat' dir='ltr'><strong>aude-</strong></span> 
     </span>
    </p>
   </div>
   <div class='ocr_carea' id='block_1_52' title="bbox 499 3439 2063 3502">
    <p class='ocr_par' dir='ltr' id='par_1_52' title="bbox 499 3439 2063 3502">
     <span class='ocr_line' id='line_1_52' title="bbox 499 3439 2063 3502; baseline 0.003 -5"><span class='ocrx_word' id='word_1_370' title='bbox 499 3444 596 3498; x_wconf 89' lang='lat' dir='ltr'><strong>bat</strong></span> <span class='ocrx_word' id='word_1_371' title='bbox 634 3439 1012 3497; x_wconf 86' lang='lat' dir='ltr'><strong>considerare.</strong></span> <span class='ocrx_word' id='word_1_372' title='bbox 1039 3439 1384 3495; x_wconf 78' lang='lat' dir='ltr'><strong>Dixitautem</strong></span> <span class='ocrx_word' id='word_1_373' title='bbox 1415 3441 1492 3496; x_wconf 68' lang='lat' dir='ltr'><strong>lili</strong></span> <span class='ocrx_word' id='word_1_374' title='bbox 1547 3442 1806 3500; x_wconf 85' lang='lat' dir='ltr'><strong>Dominus</strong></span> <span class='ocrx_word' id='word_1_375' title='bbox 1837 3459 1852 3498; x_wconf 87' lang='lat'><strong>:</strong></span> <span class='ocrx_word' id='word_1_376' title='bbox 1900 3443 2063 3502; x_wconf 88' lang='lat' dir='ltr'><strong>Solve</strong></span> 
     </span>
    </p>
   </div>
   <div class='ocr_carea' id='block_1_53' title="bbox 493 3519 2060 3607">
    <p class='ocr_par' dir='ltr' id='par_1_53' title="bbox 493 3519 2060 3607">
     <span class='ocr_line' id='line_1_53' title="bbox 493 3519 2060 3607; baseline 0.004 -23"><span class='ocrx_word' id='word_1_377' title='bbox 493 3531 926 3584; x_wconf 87' lang='lat' dir='ltr'><strong>caleeamentum</strong></span> <span class='ocrx_word' id='word_1_378' title='bbox 952 3527 1152 3598; x_wconf 88' lang='lat' dir='ltr'><strong>pedum</strong></span> <span class='ocrx_word' id='word_1_379' title='bbox 1176 3539 1392 3585; x_wconf 89' lang='lat' dir='ltr'><strong>tuorum</strong></span> <span class='ocrx_word' id='word_1_380' title='bbox 1427 3549 1441 3588; x_wconf 83' lang='lat'><strong>;</strong></span> <span class='ocrx_word' id='word_1_381' title='bbox 1504 3519 1656 3588; x_wconf 63' lang='lat' dir='ltr'><strong>locus</strong></span> <span class='ocrx_word' id='word_1_382' title='bbox 1689 3535 1833 3589; x_wconf 89' lang='lat' dir='ltr'><strong>enim</strong></span> <span class='ocrx_word' id='word_1_383' title='bbox 1873 3537 1925 3590; x_wconf 92' lang='lat' dir='ltr'><strong>in</strong></span> <span class='ocrx_word' id='word_1_384' title='bbox 1952 3551 2060 3607; x_wconf 90' lang='lat' dir='ltr'><strong>quo</strong></span> 
     </span>
    </p>
   </div>
   <div class='ocr_carea' id='block_1_54' title="bbox 490 3621 2058 3699">
    <p class='ocr_par' dir='ltr' id='par_1_54' title="bbox 490 3621 2058 3699">
     <span class='ocr_line' id='line_1_54' title="bbox 490 3621 2058 3699; baseline 0.004 -22"><span class='ocrx_word' id='word_1_385' title='bbox 490 3631 632 3688; x_wconf 88' lang='lat' dir='ltr'><strong>stas,</strong></span> <span class='ocrx_word' id='word_1_386' title='bbox 658 3631 803 3676; x_wconf 88' lang='lat' dir='ltr'><strong>terra</strong></span> <span class='ocrx_word' id='word_1_387' title='bbox 818 3629 1008 3676; x_wconf 91' lang='lat' dir='ltr'><strong>sancta</strong></span> <span class='ocrx_word' id='word_1_388' title='bbox 1027 3630 1130 3676; x_wconf 93' lang='lat' dir='ltr'><strong>est.</strong></span> <span class='ocrx_word' id='word_1_389' title='bbox 1153 3621 1356 3678; x_wconf 80' lang='lat' dir='ltr'><strong>Videns</strong></span> <span class='ocrx_word' id='word_1_390' title='bbox 1383 3623 1493 3679; x_wconf 86' lang='lat' dir='ltr'><strong>vidi</strong></span> <span class='ocrx_word' id='word_1_391' title='bbox 1511 3625 1854 3683; x_wconf 79' lang='lat' dir='ltr'><strong>aﬂlictionem</strong></span> <span class='ocrx_word' id='word_1_392' title='bbox 1872 3631 2058 3699; x_wconf 81' lang='lat' dir='ltr'><strong>pepuli</strong></span> 
     </span>
    </p>
   </div>
   <div class='ocr_carea' id='block_1_55' title="bbox 489 3712 2060 3786">
    <p class='ocr_par' dir='ltr' id='par_1_55' title="bbox 489 3712 2060 3786">
     <span class='ocr_line' id='line_1_55' title="bbox 489 3712 2060 3786; baseline 0.004 -19"><span class='ocrx_word' id='word_1_393' title='bbox 489 3715 616 3778; x_wconf 86' lang='lat' dir='ltr'><strong>mei,</strong></span> <span class='ocrx_word' id='word_1_394' title='bbox 655 3712 747 3784; x_wconf 91' lang='lat' dir='ltr'><strong>qui</strong></span> <span class='ocrx_word' id='word_1_395' title='bbox 787 3721 870 3768; x_wconf 82' lang='lat' dir='ltr'><strong>est</strong></span> <span class='ocrx_word' id='word_1_396' title='bbox 899 3713 954 3767; x_wconf 89' lang='lat' dir='ltr'><strong>in</strong></span> <span class='ocrx_word' id='word_1_397' title='bbox 985 3712 1242 3784; x_wconf 68' lang='lat' dir='ltr'><strong>Egypto,</strong></span> <span class='ocrx_word' id='word_1_398' title='bbox 1277 3723 1332 3770; x_wconf 88' lang='lat' dir='ltr'><strong>et</strong></span> <span class='ocrx_word' id='word_1_399' title='bbox 1365 3717 1629 3786; x_wconf 87' lang='lat' dir='ltr'><strong>gemitum</strong></span> <span class='ocrx_word' id='word_1_400' title='bbox 1660 3732 1847 3773; x_wconf 90' lang='lat' dir='ltr'><strong>eorum</strong></span> <span class='ocrx_word' id='word_1_401' title='bbox 1878 3719 2060 3774; x_wconf 83' lang='lat' dir='ltr'><strong>audivi</strong></span> 
     </span>
    </p>
   </div>
   <div class='ocr_carea' id='block_1_56' title="bbox 486 3802 2058 3870">
    <p class='ocr_par' dir='ltr' id='par_1_56' title="bbox 486 3802 2058 3870">
     <span class='ocr_line' id='line_1_56' title="bbox 486 3802 2058 3870; baseline 0.005 -13"><span class='ocrx_word' id='word_1_402' title='bbox 486 3815 539 3858; x_wconf 93' lang='lat' dir='ltr'><strong>et</strong></span> <span class='ocrx_word' id='word_1_403' title='bbox 577 3803 838 3859; x_wconf 88' lang='lat' dir='ltr'><strong>descendi</strong></span> <span class='ocrx_word' id='word_1_404' title='bbox 868 3802 1100 3858; x_wconf 88' lang='lat' dir='ltr'><strong>liberare</strong></span> <span class='ocrx_word' id='word_1_405' title='bbox 1139 3818 1256 3860; x_wconf 89' lang='lat' dir='ltr'><strong>eos.</strong></span> <span class='ocrx_word' id='word_1_406' title='bbox 1300 3805 1365 3858; x_wconf 86' lang='lat' dir='ltr'><strong>Et</strong></span> <span class='ocrx_word' id='word_1_407' title='bbox 1406 3821 1554 3860; x_wconf 91' lang='lat' dir='ltr'><strong>nunc</strong></span> <span class='ocrx_word' id='word_1_408' title='bbox 1585 3807 1730 3870; x_wconf 89' lang='lat' dir='ltr'><strong>veni,</strong></span> <span class='ocrx_word' id='word_1_409' title='bbox 1757 3818 1813 3862; x_wconf 92' lang='lat' dir='ltr'><strong>et</strong></span> <span class='ocrx_word' id='word_1_410' title='bbox 1846 3809 2058 3865; x_wconf 87' lang='lat' dir='ltr'><strong>mittam</strong></span> 
     </span>
    </p>
   </div>
   <div class='ocr_carea' id='block_1_57' title="bbox 487 3894 2057 3971">
    <p class='ocr_par' dir='ltr' id='par_1_57' title="bbox 487 3894 2057 3971">
     <span class='ocr_line' id='line_1_57' title="bbox 487 3894 2057 3971; baseline 0.003 -21"><span class='ocrx_word' id='word_1_411' title='bbox 487 3905 536 3950; x_wconf 90' lang='lat' dir='ltr'><strong>te</strong></span> <span class='ocrx_word' id='word_1_412' title='bbox 568 3895 623 3949; x_wconf 92' lang='lat' dir='ltr'><strong>in</strong></span> <span class='ocrx_word' id='word_1_413' title='bbox 645 3894 961 3966; x_wconf 59' lang='lat' dir='ltr'><strong>IEgyptum.</strong></span> <span class='ocrx_word' id='word_1_414' title='bbox 981 3894 1137 3951; x_wconf 84' lang='lat' dir='ltr'><strong>Hune</strong></span> <span class='ocrx_word' id='word_1_415' title='bbox 1161 3896 1397 3966; x_wconf 84' lang='lat' dir='ltr'><strong>Moysem</strong></span> <span class='ocrx_word' id='word_1_416' title='bbox 1416 3915 1574 3968; x_wconf 87' lang='lat' dir='ltr'><strong>quem</strong></span> <span class='ocrx_word' id='word_1_417' title='bbox 1593 3911 1953 3971; x_wconf 89' lang='lat' dir='ltr'><strong>negaverunt,</strong></span> <span class='ocrx_word' id='word_1_418' title='bbox 1973 3901 2057 3954; x_wconf 87' lang='lat' dir='ltr'><strong>di-</strong></span> 
     </span>
    </p>
   </div>
   <div class='ocr_carea' id='block_1_58' title="bbox 482 3987 2058 4063">
    <p class='ocr_par' dir='ltr' id='par_1_58' title="bbox 482 3987 2058 4063">
     <span class='ocr_line' id='line_1_58' title="bbox 482 3987 2058 4063; baseline 0.001 -20"><span class='ocrx_word' id='word_1_419' title='bbox 482 3996 668 4043; x_wconf 85' lang='lat' dir='ltr'><strong>centes</strong></span> <span class='ocrx_word' id='word_1_420' title='bbox 701 4003 717 4042; x_wconf 89' lang='lat'><strong>:</strong></span> <span class='ocrx_word' id='word_1_421' title='bbox 749 3987 884 4053; x_wconf 84' lang='lat' dir='ltr'><strong>Quis</strong></span> <span class='ocrx_word' id='word_1_422' title='bbox 915 3996 967 4044; x_wconf 89' lang='lat' dir='ltr'><strong>te</strong></span> <span class='ocrx_word' id='word_1_423' title='bbox 1008 3989 1298 4045; x_wconf 90' lang='lat' dir='ltr'><strong>constituit</strong></span> <span class='ocrx_word' id='word_1_424' title='bbox 1337 3991 1640 4060; x_wconf 88' lang='lat' dir='ltr'><strong>principem</strong></span> <span class='ocrx_word' id='word_1_425' title='bbox 1688 4004 1742 4046; x_wconf 90' lang='lat' dir='ltr'><strong>et</strong></span> <span class='ocrx_word' id='word_1_426' title='bbox 1768 3993 2007 4063; x_wconf 76' lang='lat' dir='ltr'><strong>judicent</strong></span> <span class='ocrx_word' id='word_1_427' title='bbox 2035 3993 2058 4044; x_wconf 81' lang='lat'><strong>?</strong></span> 
     </span>
    </p>
   </div>
   <div class='ocr_carea' id='block_1_59' title="bbox 485 4071 2054 4152">
    <p class='ocr_par' dir='ltr' id='par_1_59' title="bbox 485 4071 2054 4152">
     <span class='ocr_line' id='line_1_59' title="bbox 485 4071 2054 4152; baseline 0.004 -21"><span class='ocrx_word' id='word_1_428' title='bbox 485 4079 630 4132; x_wconf 90' lang='lat' dir='ltr'><strong>hunc</strong></span> <span class='ocrx_word' id='word_1_429' title='bbox 659 4071 818 4148; x_wconf 70' lang='lat'><strong>227</strong></span> <span class='ocrx_word' id='word_1_430' title='bbox 842 4078 984 4133; x_wconf 87' lang='lat' dir='ltr'><strong>Deus</strong></span> <span class='ocrx_word' id='word_1_431' title='bbox 1013 4081 1312 4150; x_wconf 90' lang='lat' dir='ltr'><strong>principem</strong></span> <span class='ocrx_word' id='word_1_432' title='bbox 1348 4090 1404 4136; x_wconf 91' lang='lat' dir='ltr'><strong>et</strong></span> <span class='ocrx_word' id='word_1_433' title='bbox 1452 4084 1850 4152; x_wconf 85' lang='lat' dir='ltr'><strong>redemptorem</strong></span> <span class='ocrx_word' id='word_1_434' title='bbox 1887 4085 2054 4152; x_wconf 88' lang='lat' dir='ltr'><strong>misit,</strong></span> 
     </span>
    </p>
   </div>
   <div class='ocr_carea' id='block_1_60' title="bbox 483 4169 2058 4240">
    <p class='ocr_par' dir='ltr' id='par_1_60' title="bbox 483 4169 2058 4240">
     <span class='ocr_line' id='line_1_60' title="bbox 483 4169 2058 4240; baseline 0.006 -20"><span class='ocrx_word' id='word_1_435' title='bbox 483 4182 609 4221; x_wconf 88' lang='lat' dir='ltr'><strong>cum</strong></span> <span class='ocrx_word' id='word_1_436' title='bbox 659 4183 826 4221; x_wconf 90' lang='lat' dir='ltr'><strong>manu</strong></span> <span class='ocrx_word' id='word_1_437' title='bbox 875 4169 1079 4238; x_wconf 88' lang='lat' dir='ltr'><strong>angeli,</strong></span> <span class='ocrx_word' id='word_1_438' title='bbox 1121 4171 1213 4237; x_wconf 92' lang='lat' dir='ltr'><strong>qui</strong></span> <span class='ocrx_word' id='word_1_439' title='bbox 1265 4173 1521 4240; x_wconf 87' lang='lat' dir='ltr'><strong>apparuit</strong></span> <span class='ocrx_word' id='word_1_440' title='bbox 1557 4172 1634 4226; x_wconf 91' lang='lat' dir='ltr'><strong>illi</strong></span> <span class='ocrx_word' id='word_1_441' title='bbox 1667 4172 1719 4226; x_wconf 90' lang='lat' dir='ltr'><strong>in</strong></span> <span class='ocrx_word' id='word_1_442' title='bbox 1760 4176 1918 4228; x_wconf 90' lang='lat' dir='ltr'><strong>rubo.</strong></span> <span class='ocrx_word' id='word_1_443' title='bbox 1958 4173 2058 4229; x_wconf 79' lang='lat' dir='ltr'><strong>llic</strong></span> 
     </span>
    </p>
   </div>
   <div class='ocr_carea' id='block_1_61' title="bbox 481 4242 2056 4333">
    <p class='ocr_par' dir='ltr' id='par_1_61' title="bbox 481 4242 2056 4333">
     <span class='ocr_line' id='line_1_61' title="bbox 481 4242 2056 4333; baseline 0.006 -22"><span class='ocrx_word' id='word_1_444' title='bbox 481 4256 671 4311; x_wconf 76' lang='lat' dir='ltr'><strong>eduxit</strong></span> <span class='ocrx_word' id='word_1_445' title='bbox 726 4257 872 4321; x_wconf 85' lang='lat' dir='ltr'><strong>illos,</strong></span> <span class='ocrx_word' id='word_1_446' title='bbox 917 4259 1122 4314; x_wconf 79' lang='lat' dir='ltr'><strong>faciens</strong></span> <span class='ocrx_word' id='word_1_447' title='bbox 1186 4242 1434 4330; x_wconf 69' lang='lat' dir='ltr'><strong>prodigia</strong></span> <span class='ocrx_word' id='word_1_448' title='bbox 1497 4269 1550 4316; x_wconf 91' lang='lat' dir='ltr'><strong>et</strong></span> <span class='ocrx_word' id='word_1_449' title='bbox 1605 4264 1759 4333; x_wconf 85' lang='lat' dir='ltr'><strong>signa</strong></span> <span class='ocrx_word' id='word_1_450' title='bbox 1813 4266 1866 4318; x_wconf 92' lang='lat' dir='ltr'><strong>in</strong></span> <span class='ocrx_word' id='word_1_451' title='bbox 1908 4273 2056 4321; x_wconf 83' lang='lat' dir='ltr'><strong>terra</strong></span> 
     </span>
    </p>
   </div>
   <div class='ocr_carea' id='block_1_62' title="bbox 484 4347 2058 4425">
    <p class='ocr_par' dir='ltr' id='par_1_62' title="bbox 484 4347 2058 4425">
     <span class='ocr_line' id='line_1_62' title="bbox 484 4347 2058 4425; baseline 0.004 -23"><span class='ocrx_word' id='word_1_452' title='bbox 484 4347 728 4420; x_wconf 54' lang='lat' dir='ltr'><strong>(Egypti,</strong></span> <span class='ocrx_word' id='word_1_453' title='bbox 765 4352 889 4403; x_wconf 89' lang='lat' dir='ltr'><strong>etln</strong></span> <span class='ocrx_word' id='word_1_454' title='bbox 916 4349 1100 4405; x_wconf 79' lang='lat' dir='ltr'><strong>Rubro</strong></span> <span class='ocrx_word' id='word_1_455' title='bbox 1131 4351 1290 4414; x_wconf 90' lang='lat' dir='ltr'><strong>mari,</strong></span> <span class='ocrx_word' id='word_1_456' title='bbox 1316 4351 1447 4406; x_wconf 88' lang='lat' dir='ltr'><strong>etin</strong></span> <span class='ocrx_word' id='word_1_457' title='bbox 1479 4351 1697 4408; x_wconf 87' lang='lat' dir='ltr'><strong>deserto</strong></span> <span class='ocrx_word' id='word_1_458' title='bbox 1732 4348 1890 4410; x_wconf 81' lang='lat' dir='ltr'><strong>annis</strong></span> <span class='ocrx_word' id='word_1_459' title='bbox 1921 4371 2058 4425; x_wconf 86' lang='lat' dir='ltr'><strong>qua-</strong></span> 
     </span>
    </p>
   </div>
   <div class='ocr_carea' id='block_1_63' title="bbox 483 4438 753 4508">
    <p class='ocr_par' dir='ltr' id='par_1_63' title="bbox 483 4438 753 4508">
     <span class='ocr_line' id='line_1_63' title="bbox 483 4438 753 4508; baseline 0.011 -19"><span class='ocrx_word' id='word_1_460' title='bbox 483 4438 753 4508; x_wconf 82' lang='lat' dir='ltr'><strong>draginta.</strong></span> 
     </span>
    </p>
   </div>
   <div class='ocr_carea' id='block_1_64' title="bbox 981 4526 1553 4583">
    <p class='ocr_par' dir='ltr' id='par_1_64' title="bbox 981 4526 1553 4583">
     <span class='ocr_line' id='line_1_64' title="bbox 981 4526 1553 4583; baseline 0.003 -2"><span class='ocrx_word' id='word_1_461' title='bbox 981 4526 1553 4583; x_wconf 78' lang='lat' dir='ltr'><strong>COMMENTARIUS.</strong></span> 
     </span>
    </p>
   </div>
   <div class='ocr_carea' id='block_1_65' title="bbox 551 4617 2050 4688">
    <p class='ocr_par' dir='ltr' id='par_1_65' title="bbox 551 4617 2050 4688">
     <span class='ocr_line' id='line_1_65' title="bbox 551 4617 2050 4688; baseline 0.005 -18"><span class='ocrx_word' id='word_1_462' title='bbox 551 4617 874 4688; x_wconf 84' lang='lat' dir='ltr'><strong>Quanquam</strong></span> <span class='ocrx_word' id='word_1_463' title='bbox 918 4633 1026 4670; x_wconf 90' lang='lat' dir='ltr'><strong>non</strong></span> <span class='ocrx_word' id='word_1_464' title='bbox 1071 4618 1261 4672; x_wconf 89' lang='lat' dir='ltr'><strong>eadem</strong></span> <span class='ocrx_word' id='word_1_465' title='bbox 1300 4621 1479 4688; x_wconf 80' lang='lat' dir='ltr'><strong>quoad</strong></span> <span class='ocrx_word' id='word_1_466' title='bbox 1529 4622 1741 4678; x_wconf 80' lang='lat' dir='ltr'><strong>litteras</strong></span> <span class='ocrx_word' id='word_1_467' title='bbox 1787 4631 1965 4678; x_wconf 86' lang='lat' dir='ltr'><strong>exstet</strong></span> <span class='ocrx_word' id='word_1_468' title='bbox 1997 4625 2050 4678; x_wconf 91' lang='lat' dir='ltr'><strong>in</strong></span> 
     </span>
    </p>
   </div>
   <div class='ocr_carea' id='block_1_66' title="bbox 484 4707 2053 4785">
    <p class='ocr_par' dir='ltr' id='par_1_66' title="bbox 484 4707 2053 4785">
     <span class='ocr_line' id='line_1_66' title="bbox 484 4707 2053 4785; baseline 0.006 -25"><span class='ocrx_word' id='word_1_469' title='bbox 484 4707 672 4763; x_wconf 86' lang='lat' dir='ltr'><strong>Exodo</strong></span> <span class='ocrx_word' id='word_1_470' title='bbox 696 4724 794 4763; x_wconf 83' lang='lat' dir='ltr'><strong>vox</strong></span> <span class='ocrx_word' id='word_1_471' title='bbox 823 4727 842 4759; x_wconf 84' lang='grc' dir='ltr'><strong>ι</strong></span> <span class='ocrx_word' id='word_1_472' title='bbox 870 4708 1244 4776; x_wconf 82' lang='lat' dir='ltr'><strong>tremefactus,</strong></span> <span class='ocrx_word' id='word_1_473' title='bbox 1286 4729 1304 4762; x_wconf 75' lang='grc' dir='ltr'><strong>ι</strong></span> <span class='ocrx_word' id='word_1_474' title='bbox 1335 4721 1484 4767; x_wconf 81' lang='lat' dir='ltr'><strong>extat</strong></span> <span class='ocrx_word' id='word_1_475' title='bbox 1518 4724 1697 4771; x_wconf 88' lang='lat' dir='ltr'><strong>tamen</strong></span> <span class='ocrx_word' id='word_1_476' title='bbox 1725 4717 2053 4785; x_wconf 84' lang='lat' dir='ltr'><strong>aequivalen-</strong></span> 
     </span>
    </p>
   </div>
   <div class='ocr_carea' id='block_1_67' title="bbox 484 4796 2054 4863">
    <p class='ocr_par' dir='ltr' id='par_1_67' title="bbox 484 4796 2054 4863">
     <span class='ocr_line' id='line_1_67' title="bbox 484 4796 2054 4863; baseline 0.008 -12"><span class='ocrx_word' id='word_1_477' title='bbox 484 4805 586 4852; x_wconf 85' lang='lat' dir='ltr'><strong>ter.</strong></span> <span class='ocrx_word' id='word_1_478' title='bbox 620 4796 737 4852; x_wconf 82' lang='lat' dir='ltr'><strong>Non</strong></span> <span class='ocrx_word' id='word_1_479' title='bbox 766 4799 911 4853; x_wconf 89' lang='lat' dir='ltr'><strong>enim</strong></span> <span class='ocrx_word' id='word_1_480' title='bbox 965 4800 1192 4855; x_wconf 90' lang='lat' dir='ltr'><strong>multum</strong></span> <span class='ocrx_word' id='word_1_481' title='bbox 1241 4802 1495 4860; x_wconf 66' lang='lat' dir='ltr'><strong>diiieruut</strong></span> <span class='ocrx_word' id='word_1_482' title='bbox 1554 4809 1694 4863; x_wconf 90' lang='lat' dir='ltr'><strong>inter</strong></span> <span class='ocrx_word' id='word_1_483' title='bbox 1756 4823 1815 4863; x_wconf 90' lang='lat' dir='ltr'><strong>se</strong></span> <span class='ocrx_word' id='word_1_484' title='bbox 1865 4819 2054 4863; x_wconf 85' lang='lat' dir='ltr'><strong>treme-</strong></span> 
     </span>
    </p>
   </div>
   <div class='ocr_carea' id='block_1_68' title="bbox 483 4883 2057 4959">
    <p class='ocr_par' dir='ltr' id='par_1_68' title="bbox 483 4883 2057 4959">
     <span class='ocr_line' id='line_1_68' title="bbox 483 4883 2057 4959; baseline 0.007 -17"><span class='ocrx_word' id='word_1_485' title='bbox 483 4883 682 4959; x_wconf 69' lang='lat' dir='ltr'><strong>factus,</strong></span> <span class='ocrx_word' id='word_1_486' title='bbox 721 4905 839 4956; x_wconf 89' lang='lat' dir='ltr'><strong>seu,</strong></span> <span class='ocrx_word' id='word_1_487' title='bbox 902 4893 1266 4949; x_wconf 81' lang='lat' dir='ltr'><strong>tremebundus</strong></span> <span class='ocrx_word' id='word_1_488' title='bbox 1301 4905 1355 4951; x_wconf 90' lang='lat' dir='ltr'><strong>et</strong></span> <span class='ocrx_word' id='word_1_489' title='bbox 1403 4901 1701 4954; x_wconf 77' lang='lat' dir='ltr'><strong>exterritus.</strong></span> <span class='ocrx_word' id='word_1_490' title='bbox 1735 4920 1753 4952; x_wconf 78' lang='grc' dir='ltr'><strong>ι</strong></span> <span class='ocrx_word' id='word_1_491' title='bbox 1794 4900 2057 4955; x_wconf 90' lang='lat' dir='ltr'><strong>Dicuntur</strong></span> 
     </span>
    </p>
   </div>
   <div class='ocr_carea' id='block_1_69' title="bbox 483 4981 2051 5052">
    <p class='ocr_par' dir='ltr' id='par_1_69' title="bbox 483 4981 2051 5052">
     <span class='ocr_line' id='line_1_69' title="bbox 483 4981 2051 5052; baseline 0.008 -18"><span class='ocrx_word' id='word_1_492' title='bbox 483 4994 661 5036; x_wconf 81' lang='lat' dir='ltr'><strong>autent</strong></span> <span class='ocrx_word' id='word_1_493' title='bbox 700 4982 813 5036; x_wconf 70' lang='lat' dir='ltr'><strong>hcce</strong></span> <span class='ocrx_word' id='word_1_494' title='bbox 844 4981 911 5037; x_wconf 86' lang='lat' dir='ltr'><strong>de</strong></span> <span class='ocrx_word' id='word_1_495' title='bbox 947 4983 1157 5039; x_wconf 90' lang='lat' dir='ltr'><strong>visione</strong></span> <span class='ocrx_word' id='word_1_496' title='bbox 1197 4986 1342 5052; x_wconf 89' lang='lat' dir='ltr'><strong>rubi,</strong></span> <span class='ocrx_word' id='word_1_497' title='bbox 1372 5000 1626 5045; x_wconf 87' lang='lat' dir='ltr'><strong>manente</strong></span> <span class='ocrx_word' id='word_1_498' title='bbox 1676 4991 1864 5045; x_wconf 89' lang='lat' dir='ltr'><strong>eadem</strong></span> <span class='ocrx_word' id='word_1_499' title='bbox 1898 4990 2051 5046; x_wconf 70' lang='lat' dir='ltr'><strong>dide-</strong></span> 
     </span>
    </p>
   </div>
   <div class='ocr_carea' id='block_1_70' title="bbox 481 5071 2057 5143">
    <p class='ocr_par' dir='ltr' id='par_1_70' title="bbox 481 5071 2057 5143">
     <span class='ocr_line' id='line_1_70' title="bbox 481 5071 2057 5143; baseline 0.005 -19"><span class='ocrx_word' id='word_1_500' title='bbox 481 5071 660 5126; x_wconf 90' lang='lat' dir='ltr'><strong>rentia</strong></span> <span class='ocrx_word' id='word_1_501' title='bbox 706 5071 1048 5127; x_wconf 81' lang='lat' dir='ltr'><strong>t‘remebundi</strong></span> <span class='ocrx_word' id='word_1_502' title='bbox 1110 5089 1172 5128; x_wconf 87' lang='lat' dir='ltr'><strong>ac</strong></span> <span class='ocrx_word' id='word_1_503' title='bbox 1229 5078 1496 5143; x_wconf 85' lang='lat' dir='ltr'><strong>exterriti,</strong></span> <span class='ocrx_word' id='word_1_504' title='bbox 1556 5079 1717 5132; x_wconf 88' lang='lat' dir='ltr'><strong>etiam</strong></span> <span class='ocrx_word' id='word_1_505' title='bbox 1750 5079 1803 5132; x_wconf 91' lang='lat' dir='ltr'><strong>in</strong></span> <span class='ocrx_word' id='word_1_506' title='bbox 1863 5093 2057 5132; x_wconf 84' lang='lat' dir='ltr'><strong>narra-</strong></span> 
     </span>
    </p>
   </div>
   <div class='ocr_carea' id='block_1_71' title="bbox 483 5163 2049 5225">
    <p class='ocr_par' dir='ltr' id='par_1_71' title="bbox 483 5163 2049 5225">
     <span class='ocr_line' id='line_1_71' title="bbox 483 5163 2049 5225; baseline 0.007 -11"><span class='ocrx_word' id='word_1_507' title='bbox 483 5163 630 5217; x_wconf 90' lang='lat' dir='ltr'><strong>tione</strong></span> <span class='ocrx_word' id='word_1_508' title='bbox 678 5163 745 5219; x_wconf 92' lang='lat' dir='ltr'><strong>dc</strong></span> <span class='ocrx_word' id='word_1_509' title='bbox 790 5173 974 5220; x_wconf 88' lang='lat' dir='ltr'><strong>monte</strong></span> <span class='ocrx_word' id='word_1_510' title='bbox 1011 5167 1165 5220; x_wconf 89' lang='lat' dir='ltr'><strong>Sina.</strong></span> <span class='ocrx_word' id='word_1_511' title='bbox 1199 5168 1355 5222; x_wconf 90' lang='lat' dir='ltr'><strong>Tunc</strong></span> <span class='ocrx_word' id='word_1_512' title='bbox 1379 5169 1530 5223; x_wconf 90' lang='lat' dir='ltr'><strong>enim</strong></span> <span class='ocrx_word' id='word_1_513' title='bbox 1578 5169 1714 5223; x_wconf 81' lang='lat' dir='ltr'><strong>dixit</strong></span> <span class='ocrx_word' id='word_1_514' title='bbox 1757 5167 1935 5224; x_wconf 83' lang='lat' dir='ltr'><strong>Moses</strong></span> <span class='ocrx_word' id='word_1_515' title='bbox 1965 5170 2049 5225; x_wconf 76' lang='lat'><strong>&quot;:</strong></span> 
     </span>
    </p>
   </div>
   <div class='ocr_carea' id='block_1_72' title="bbox 489 5252 2052 5320">
    <p class='ocr_par' dir='ltr' id='par_1_72' title="bbox 489 5252 2052 5320">
     <span class='ocr_line' id='line_1_72' title="bbox 489 5252 2052 5320; baseline 0.009 -19"><span class='ocrx_word' id='word_1_516' title='bbox 489 5269 508 5301; x_wconf 79' lang='grc' dir='ltr'><strong>ι</strong></span> <span class='ocrx_word' id='word_1_517' title='bbox 543 5252 849 5308; x_wconf 87' lang='lat' dir='ltr'><strong>Exterritus</strong></span> <span class='ocrx_word' id='word_1_518' title='bbox 879 5269 1020 5316; x_wconf 88' lang='lat' dir='ltr'><strong>sum,</strong></span> <span class='ocrx_word' id='word_1_519' title='bbox 1055 5269 1117 5308; x_wconf 92' lang='lat' dir='ltr'><strong>ac</strong></span> <span class='ocrx_word' id='word_1_520' title='bbox 1159 5256 1572 5320; x_wconf 88' lang='lat' dir='ltr'><strong>tremebundus,</strong></span> <span class='ocrx_word' id='word_1_521' title='bbox 1607 5276 1624 5307; x_wconf 77' lang='grc' dir='ltr'><strong>ι</strong></span> <span class='ocrx_word' id='word_1_522' title='bbox 1658 5255 1742 5311; x_wconf 90' lang='lat' dir='ltr'><strong>his</strong></span> <span class='ocrx_word' id='word_1_523' title='bbox 1792 5257 2052 5314; x_wconf 87' lang='lat' dir='ltr'><strong>dictioni-</strong></span> 
     </span>
    </p>
   </div>
   <div class='ocr_carea' id='block_1_73' title="bbox 485 5341 2051 5420">
    <p class='ocr_par' dir='ltr' id='par_1_73' title="bbox 485 5341 2051 5420">
     <span class='ocr_line' id='line_1_73' title="bbox 485 5341 2051 5420; baseline 0.007 -24"><span class='ocrx_word' id='word_1_524' title='bbox 485 5341 587 5398; x_wconf 79' lang='lat' dir='ltr'><strong>bus</strong></span> <span class='ocrx_word' id='word_1_525' title='bbox 615 5350 873 5412; x_wconf 86' lang='lat' dir='ltr'><strong>tanquam</strong></span> <span class='ocrx_word' id='word_1_526' title='bbox 907 5345 1225 5413; x_wconf 84' lang='lat' dir='ltr'><strong>synonymis</strong></span> <span class='ocrx_word' id='word_1_527' title='bbox 1280 5354 1458 5401; x_wconf 86' lang='lat' dir='ltr'><strong>utens.</strong></span> <span class='ocrx_word' id='word_1_528' title='bbox 1505 5346 1855 5418; x_wconf 80' lang='lat' dir='ltr'><strong>Stupefactus</strong></span> <span class='ocrx_word' id='word_1_529' title='bbox 1886 5352 2051 5420; x_wconf 85' lang='lat' dir='ltr'><strong>igitur</strong></span> 
     </span>
    </p>
   </div>
   <div class='ocr_carea' id='block_1_74' title="bbox 565 5480 934 5546">
    <p class='ocr_par' dir='ltr' id='par_1_74' title="bbox 565 5480 934 5546">
     <span class='ocr_line' id='line_1_74' title="bbox 565 5480 934 5546; baseline 0 -10"><span class='ocrx_word' id='word_1_530' title='bbox 565 5480 609 5511; x_wconf 83' lang='lat'><strong>&quot;</strong></span> <span class='ocrx_word' id='word_1_531' title='bbox 649 5485 755 5536; x_wconf 82' lang='lat' dir='ltr'><strong>lsa.</strong></span> <span class='ocrx_word' id='word_1_532' title='bbox 784 5499 858 5546; x_wconf 81' lang='lat' dir='ltr'><strong>ix,</strong></span> <span class='ocrx_word' id='word_1_533' title='bbox 881 5481 934 5536; x_wconf 88' lang='lat'><em>6.</em></span> 
     </span>
    </p>
   </div>
   <div class='ocr_carea' id='block_1_75' title="bbox 1030 5482 2086 5560">
    <p class='ocr_par' dir='ltr' id='par_1_75' title="bbox 1030 5482 2086 5560">
     <span class='ocr_line' id='line_1_75' title="bbox 1030 5482 2086 5560; baseline 0.018 -28"><span class='ocrx_word' id='word_1_534' title='bbox 1030 5483 1076 5514; x_wconf 70' lang='grc' dir='ltr'><strong>⁸ο</strong></span> <span class='ocrx_word' id='word_1_535' title='bbox 1114 5482 1277 5539; x_wconf 90' lang='lat' dir='ltr'><strong>llebr.</strong></span> <span class='ocrx_word' id='word_1_536' title='bbox 1315 5501 1409 5552; x_wconf 76' lang='lat' dir='ltr'><strong>im,</strong></span> <span class='ocrx_word' id='word_1_537' title='bbox 1434 5485 1523 5542; x_wconf 75' lang='lat'><strong>29.</strong></span> <span class='ocrx_word' id='word_1_538' title='bbox 1605 5489 1645 5519; x_wconf 69' lang='grc' dir='ltr'>δι</span> <span class='ocrx_word' id='word_1_539' title='bbox 1681 5487 1827 5544; x_wconf 80' lang='lat' dir='ltr'><strong>Psal.</strong></span> <span class='ocrx_word' id='word_1_540' title='bbox 1855 5506 1951 5560; x_wconf 83' lang='lat' dir='ltr'><strong>cu,</strong></span> <span class='ocrx_word' id='word_1_541' title='bbox 1989 5494 2086 5550; x_wconf 76' lang='grc' dir='ltr'>Η.</span> 
     </span>
    </p>
   </div>
   <div class='ocr_carea' id='block_1_76' title="bbox 2173 1921 3748 1991">
    <p class='ocr_par' dir='ltr' id='par_1_76' title="bbox 2173 1921 3748 1991">
     <span class='ocr_line' id='line_1_76' title="bbox 2173 1921 3748 1991; baseline -0.001 -16"><span class='ocrx_word' id='word_1_542' title='bbox 2173 1921 2313 1975; x_wconf 81' lang='grc' dir='ltr'>Ἀλλ’</span> <span class='ocrx_word' id='word_1_543' title='bbox 2335 1921 2526 1991; x_wconf 85' lang='grc' dir='ltr'>ὥσπερ</span> <span class='ocrx_word' id='word_1_544' title='bbox 2560 1922 2708 1975; x_wconf 73' lang='grc' dir='ltr'>ἐστὶν</span> <span class='ocrx_word' id='word_1_545' title='bbox 2765 1922 2824 1974; x_wconf 86' lang='grc' dir='ltr'>οὐ</span> <span class='ocrx_word' id='word_1_546' title='bbox 2890 1921 3126 1991; x_wconf 78' lang='grc' dir='ltr'>φορητὸν</span> <span class='ocrx_word' id='word_1_547' title='bbox 3177 1921 3441 1984; x_wconf 82' lang='grc' dir='ltr'>ἀκάνθαις</span> <span class='ocrx_word' id='word_1_548' title='bbox 3498 1922 3558 1974; x_wconf 73' lang='grc' dir='ltr'>τὸ</span> <span class='ocrx_word' id='word_1_549' title='bbox 3612 1921 3748 1990; x_wconf 83' lang='grc' dir='ltr'>πῦρ,</span> 
     </span>
    </p>
   </div>
   <div class='ocr_carea' id='block_1_77' title="bbox 2169 2011 3749 2083">
    <p class='ocr_par' dir='ltr' id='par_1_77' title="bbox 2169 2011 3749 2083">
     <span class='ocr_line' id='line_1_77' title="bbox 2169 2011 3749 2083; baseline 0 -18"><span class='ocrx_word' id='word_1_550' title='bbox 2169 2014 2311 2066; x_wconf 70' lang='grc' dir='ltr'>οὕτω</span> <span class='ocrx_word' id='word_1_551' title='bbox 2353 2013 2448 2067; x_wconf 63' lang='grc' dir='ltr'><strong>καὶ⁵</strong></span> <span class='ocrx_word' id='word_1_552' title='bbox 2494 2012 2687 2082; x_wconf 83' lang='grc' dir='ltr'>θεότης</span> <span class='ocrx_word' id='word_1_553' title='bbox 2769 2011 3172 2082; x_wconf 84' lang='grc' dir='ltr'>ἁνθρωπὸτητι.</span> <span class='ocrx_word' id='word_1_554' title='bbox 3221 2011 3368 2082; x_wconf 83' lang='grc' dir='ltr'>Πλὴν</span> <span class='ocrx_word' id='word_1_555' title='bbox 3408 2013 3466 2065; x_wconf 86' lang='grc' dir='ltr'>ὲν</span> <span class='ocrx_word' id='word_1_556' title='bbox 3525 2013 3749 2083; x_wconf 79' lang='grc' dir='ltr'><strong>Χριστῷ</strong></span> 
     </span>
    </p>
   </div>
   <div class='ocr_carea' id='block_1_78' title="bbox 2172 2104 3748 2174">
    <p class='ocr_par' dir='ltr' id='par_1_78' title="bbox 2172 2104 3748 2174">
     <span class='ocr_line' id='line_1_78' title="bbox 2172 2104 3748 2174; baseline -0.001 -17"><span class='ocrx_word' id='word_1_557' title='bbox 2172 2105 2393 2174; x_wconf 82' lang='grc' dir='ltr'>συνέϐη,</span> <span class='ocrx_word' id='word_1_558' title='bbox 2420 2106 2512 2157; x_wconf 70' lang='grc' dir='ltr'>καὶ</span> <span class='ocrx_word' id='word_1_559' title='bbox 2538 2105 2762 2173; x_wconf 87' lang='grc' dir='ltr'>γέγονεν</span> <span class='ocrx_word' id='word_1_560' title='bbox 2779 2105 2936 2173; x_wconf 82' lang='grc' dir='ltr'>οίστὴ</span> <span class='ocrx_word' id='word_1_561' title='bbox 2971 2104 3134 2156; x_wconf 78' lang='grc' dir='ltr'>οἱονεὶ</span> <span class='ocrx_word' id='word_1_562' title='bbox 3162 2104 3534 2174; x_wconf 83' lang='grc' dir='ltr'><strong>περιστέλλων</strong></span> <span class='ocrx_word' id='word_1_563' title='bbox 3565 2105 3612 2136; x_wconf 87' lang='grc'><strong>³⁶</strong></span> <span class='ocrx_word' id='word_1_564' title='bbox 3651 2105 3748 2156; x_wconf 80' lang='grc' dir='ltr'><strong>τὸν</strong></span> 
     </span>
    </p>
   </div>
   <div class='ocr_carea' id='block_1_79' title="bbox 2169 2190 3746 2263">
    <p class='ocr_par' dir='ltr' id='par_1_79' title="bbox 2169 2190 3746 2263">
     <span class='ocr_line' id='line_1_79' title="bbox 2169 2190 3746 2263; baseline 0.001 -18"><span class='ocrx_word' id='word_1_565' title='bbox 2169 2192 2407 2261; x_wconf 83' lang='grc' dir='ltr'>ἄκρατον</span> <span class='ocrx_word' id='word_1_566' title='bbox 2437 2195 2536 2262; x_wconf 85' lang='grc' dir='ltr'>τῆς</span> <span class='ocrx_word' id='word_1_567' title='bbox 2591 2191 2728 2253; x_wconf 80' lang='grc' dir='ltr'>ἰδίας</span> <span class='ocrx_word' id='word_1_568' title='bbox 2768 2192 2985 2261; x_wconf 82' lang='grc' dir='ltr'>φύσεως</span> <span class='ocrx_word' id='word_1_569' title='bbox 3049 2190 3264 2262; x_wconf 82' lang='grc' dir='ltr'>[πυρὸς]</span> <span class='ocrx_word' id='word_1_570' title='bbox 3297 2192 3624 2263; x_wconf 74' lang='grc' dir='ltr'>προσϐολήν,</span> <span class='ocrx_word' id='word_1_571' title='bbox 3659 2194 3746 2246; x_wconf 80' lang='grc' dir='ltr'>ἵνα</span> 
     </span>
    </p>
   </div>
   <div class='ocr_carea' id='block_1_80' title="bbox 2169 2283 3742 2355">
    <p class='ocr_par' dir='ltr' id='par_1_80' title="bbox 2169 2283 3742 2355">
     <span class='ocr_line' id='line_1_80' title="bbox 2169 2283 3742 2355; baseline 0.001 -19"><span class='ocrx_word' id='word_1_572' title='bbox 2169 2284 2392 2352; x_wconf 87' lang='grc' dir='ltr'>γένηται</span> <span class='ocrx_word' id='word_1_573' title='bbox 2422 2284 2690 2354; x_wconf 80' lang='grc' dir='ltr'>χωρητδς,</span> <span class='ocrx_word' id='word_1_574' title='bbox 2721 2283 2975 2354; x_wconf 81' lang='grc' dir='ltr'>καθάπερ</span> <span class='ocrx_word' id='word_1_575' title='bbox 3034 2285 3130 2336; x_wconf 69' lang='grc' dir='ltr'>καὶ</span> <span class='ocrx_word' id='word_1_576' title='bbox 3176 2283 3444 2346; x_wconf 82' lang='grc' dir='ltr'><strong>ἀκάνθαις</strong></span> <span class='ocrx_word' id='word_1_577' title='bbox 3497 2286 3556 2335; x_wconf 77' lang='grc' dir='ltr'>τὸ</span> <span class='ocrx_word' id='word_1_578' title='bbox 3606 2283 3742 2355; x_wconf 75' lang='grc' dir='ltr'>πῦρ.</span> 
     </span>
    </p>
   </div>
   <div class='ocr_carea' id='block_1_81' title="bbox 2171 2375 3746 2446">
    <p class='ocr_par' dir='ltr' id='par_1_81' title="bbox 2171 2375 3746 2446">
     <span class='ocr_line' id='line_1_81' title="bbox 2171 2375 3746 2446; baseline 0 -18"><span class='ocrx_word' id='word_1_579' title='bbox 2171 2375 2292 2428; x_wconf 82' lang='grc' dir='ltr'><strong>Ὅτι</strong></span> <span class='ocrx_word' id='word_1_580' title='bbox 2313 2375 2367 2428; x_wconf 87' lang='grc' dir='ltr'>δὲ</span> <span class='ocrx_word' id='word_1_581' title='bbox 2394 2376 2494 2446; x_wconf 81' lang='grc' dir='ltr'>τὴν</span> <span class='ocrx_word' id='word_1_582' title='bbox 2512 2376 2691 2446; x_wconf 83' lang='grc' dir='ltr'>σάρκα</span> <span class='ocrx_word' id='word_1_583' title='bbox 2717 2377 2818 2444; x_wconf 82' lang='grc' dir='ltr'>τὴν</span> <span class='ocrx_word' id='word_1_584' title='bbox 2845 2375 3044 2428; x_wconf 72' lang='grc' dir='ltr'>ἑαυτοῦ</span> <span class='ocrx_word' id='word_1_585' title='bbox 3068 2375 3272 2445; x_wconf 70' lang='grc' dir='ltr'>φθορᾶς</span> <span class='ocrx_word' id='word_1_586' title='bbox 3294 2375 3544 2429; x_wconf 78' lang='grc' dir='ltr'>ἀπετέλει</span> <span class='ocrx_word' id='word_1_587' title='bbox 3569 2375 3746 2444; x_wconf 82' lang='grc' dir='ltr'>δρείτ-</span> 
     </span>
    </p>
   </div>
   <div class='ocr_carea' id='block_1_82' title="bbox 2167 2463 3741 2535">
    <p class='ocr_par' dir='ltr' id='par_1_82' title="bbox 2167 2463 3741 2535">
     <span class='ocr_line' id='line_1_82' title="bbox 2167 2463 3741 2535; baseline -0.001 -16"><span class='ocrx_word' id='word_1_588' title='bbox 2167 2483 2297 2520; x_wconf 87' lang='grc' dir='ltr'>τονα</span> <span class='ocrx_word' id='word_1_589' title='bbox 2324 2467 2404 2530; x_wconf 76' lang='grc'><strong>⁵⁸,</strong></span> <span class='ocrx_word' id='word_1_590' title='bbox 2446 2465 2760 2531; x_wconf 78' lang='grc' dir='ltr'>διαδείξειεν</span> <span class='ocrx_word' id='word_1_591' title='bbox 2812 2467 2878 2520; x_wconf 86' lang='grc' dir='ltr'>ἂν</span> <span class='ocrx_word' id='word_1_592' title='bbox 2924 2466 3338 2535; x_wconf 78' lang='grc' dir='ltr'><strong>αἰνιγματωδῶς</strong></span> <span class='ocrx_word' id='word_1_593' title='bbox 3389 2463 3449 2518; x_wconf 78' lang='grc' dir='ltr'>τὸ</span> <span class='ocrx_word' id='word_1_594' title='bbox 3525 2466 3616 2517; x_wconf 74' lang='grc' dir='ltr'><strong>ἐπὶ</strong></span> <span class='ocrx_word' id='word_1_595' title='bbox 3673 2468 3741 2534; x_wconf 81' lang='grc' dir='ltr'>τῇ</span> 
     </span>
    </p>
   </div>
   <div class='ocr_carea' id='block_1_83' title="bbox 2169 2555 3746 2628">
    <p class='ocr_par' dir='ltr' id='par_1_83' title="bbox 2169 2555 3746 2628">
     <span class='ocr_line' id='line_1_83' title="bbox 2169 2555 3746 2628; baseline -0.001 -18"><span class='ocrx_word' id='word_1_596' title='bbox 2169 2555 2315 2626; x_wconf 81' lang='grc' dir='ltr'><strong>βάτῳ</strong></span> <span class='ocrx_word' id='word_1_597' title='bbox 2355 2557 2485 2627; x_wconf 83' lang='grc' dir='ltr'>πῦρ,</span> <span class='ocrx_word' id='word_1_598' title='bbox 2516 2556 2889 2628; x_wconf 83' lang='grc' dir='ltr'>ἀδιαλώϐητον</span> <span class='ocrx_word' id='word_1_599' title='bbox 2919 2557 3198 2621; x_wconf 82' lang='grc' dir='ltr'>παντελῶς</span> <span class='ocrx_word' id='word_1_600' title='bbox 3239 2557 3487 2628; x_wconf 77' lang='grc' dir='ltr'>τηρῆσαν</span> <span class='ocrx_word' id='word_1_601' title='bbox 3540 2557 3600 2610; x_wconf 74' lang='grc' dir='ltr'>τὸ</span> <span class='ocrx_word' id='word_1_602' title='bbox 3653 2556 3746 2620; x_wconf 79' lang='grc' dir='ltr'><strong>ξύ-</strong></span> 
     </span>
    </p>
   </div>
   <div class='ocr_carea' id='block_1_84' title="bbox 2167 2648 3745 2720">
    <p class='ocr_par' dir='ltr' id='par_1_84' title="bbox 2167 2648 3745 2720">
     <span class='ocr_line' id='line_1_84' title="bbox 2167 2648 3745 2720; baseline 0 -20"><span class='ocrx_word' id='word_1_603' title='bbox 2167 2648 2277 2701; x_wconf 87' lang='grc' dir='ltr'>λον.</span> <span class='ocrx_word' id='word_1_604' title='bbox 2323 2650 2624 2720; x_wconf 87' lang='grc' dir='ltr'>Κεχώρηκε</span> <span class='ocrx_word' id='word_1_605' title='bbox 2666 2651 2772 2718; x_wconf 85' lang='grc' dir='ltr'>γὰρ</span> <span class='ocrx_word' id='word_1_606' title='bbox 2829 2651 3017 2720; x_wconf 81' lang='grc' dir='ltr'>θεότης</span> <span class='ocrx_word' id='word_1_607' title='bbox 3069 2652 3129 2703; x_wconf 79' lang='grc' dir='ltr'>ἐν</span> <span class='ocrx_word' id='word_1_608' title='bbox 3185 2649 3584 2719; x_wconf 80' lang='grc' dir='ltr'>ἀνθρωπὸτητι,</span> <span class='ocrx_word' id='word_1_609' title='bbox 3649 2657 3745 2702; x_wconf 73' lang='grc' dir='ltr'>καὶ</span> 
     </span>
    </p>
   </div>
   <div class='ocr_carea' id='block_1_85' title="bbox 2166 2740 3417 2813">
    <p class='ocr_par' dir='ltr' id='par_1_85' title="bbox 2166 2740 3417 2813">
     <span class='ocr_line' id='line_1_85' title="bbox 2166 2740 3417 2813; baseline 0.002 -21"><span class='ocrx_word' id='word_1_610' title='bbox 2166 2740 2324 2794; x_wconf 85' lang='grc' dir='ltr'>τοῦτο</span> <span class='ocrx_word' id='word_1_611' title='bbox 2354 2741 2578 2809; x_wconf 90' lang='grc' dir='ltr'>γέγονεν</span> <span class='ocrx_word' id='word_1_612' title='bbox 2612 2740 2717 2813; x_wconf 77' lang='grc' dir='ltr'><strong>[ἐν]</strong></span> <span class='ocrx_word' id='word_1_613' title='bbox 2745 2741 2968 2812; x_wconf 84' lang='grc' dir='ltr'>Χριστῷ</span> <span class='ocrx_word' id='word_1_614' title='bbox 2999 2742 3058 2794; x_wconf 84' lang='grc' dir='ltr'>τὸ</span> <span class='ocrx_word' id='word_1_615' title='bbox 3095 2743 3417 2812; x_wconf 83' lang='grc' dir='ltr'>μυστήριον.</span> 
     </span>
    </p>
   </div>
   <div class='ocr_carea' id='block_1_86' title="bbox 2165 2999 3736 3073">
    <p class='ocr_par' dir='ltr' id='par_1_86' title="bbox 2165 2999 3736 3073">
     <span class='ocr_line' id='line_1_86' title="bbox 2165 2999 3736 3073; baseline 0.001 -20"><span class='ocrx_word' id='word_1_616' title='bbox 2165 3001 2306 3068; x_wconf 79' lang='grc' dir='ltr'>Περὶ</span> <span class='ocrx_word' id='word_1_617' title='bbox 2326 2999 2433 3070; x_wconf 85' lang='grc' dir='ltr'>τῆς</span> <span class='ocrx_word' id='word_1_618' title='bbox 2470 3001 2685 3066; x_wconf 78' lang='grc' dir='ltr'><strong>ἐξόδου</strong></span> <span class='ocrx_word' id='word_1_619' title='bbox 2726 3002 2826 3055; x_wconf 77' lang='grc' dir='ltr'>καὶ</span> <span class='ocrx_word' id='word_1_620' title='bbox 2867 3003 3269 3073; x_wconf 78' lang='grc' dir='ltr'>μοσχοποιίας</span> <span class='ocrx_word' id='word_1_621' title='bbox 3322 3001 3426 3056; x_wconf 83' lang='grc' dir='ltr'>τοῦ</span> <span class='ocrx_word' id='word_1_622' title='bbox 3468 3001 3736 3070; x_wconf 67' lang='grc' dir='ltr'>Ἰσραὴλ,</span> 
     </span>
    </p>
   </div>
   <div class='ocr_carea' id='block_1_87' title="bbox 2238 3094 3738 3165">
    <p class='ocr_par' dir='ltr' id='par_1_87' title="bbox 2238 3094 3738 3165">
     <span class='ocr_line' id='line_1_87' title="bbox 2238 3094 3738 3165; baseline 0.001 -18"><span class='ocrx_word' id='word_1_623' title='bbox 2238 3094 2375 3162; x_wconf 79' lang='grc' dir='ltr'>ἄχρι</span> <span class='ocrx_word' id='word_1_624' title='bbox 2431 3094 2841 3165; x_wconf 79' lang='grc' dir='ltr'>Σολομῶντος,</span> <span class='ocrx_word' id='word_1_625' title='bbox 2890 3095 2988 3149; x_wconf 78' lang='grc' dir='ltr'><strong>καί</strong></span> <span class='ocrx_word' id='word_1_626' title='bbox 3035 3095 3146 3164; x_wconf 83' lang='grc' dir='ltr'>τῆς</span> <span class='ocrx_word' id='word_1_627' title='bbox 3198 3096 3305 3150; x_wconf 78' lang='grc' dir='ltr'>τοῦ</span> <span class='ocrx_word' id='word_1_628' title='bbox 3358 3095 3507 3150; x_wconf 76' lang='grc' dir='ltr'>ναοῦ</span> <span class='ocrx_word' id='word_1_629' title='bbox 3559 3112 3738 3148; x_wconf 79' lang='grc' dir='ltr'>κατα-</span> 
     </span>
    </p>
   </div>
   <div class='ocr_carea' id='block_1_88' title="bbox 2234 3184 2482 3252">
    <p class='ocr_par' dir='ltr' id='par_1_88' title="bbox 2234 3184 2482 3252">
     <span class='ocr_line' id='line_1_88' title="bbox 2234 3184 2482 3252; baseline 0.004 -16"><span class='ocrx_word' id='word_1_630' title='bbox 2234 3184 2482 3252; x_wconf 79' lang='grc' dir='ltr'>σκευῆς.</span> 
     </span>
    </p>
   </div>
   <div class='ocr_carea' id='block_1_89' title="bbox 2749 3273 3162 3342">
    <p class='ocr_par' dir='ltr' id='par_1_89' title="bbox 2749 3273 3162 3342">
     <span class='ocr_line' id='line_1_89' title="bbox 2749 3273 3162 3342; baseline 0.007 -14"><span class='ocrx_word' id='word_1_631' title='bbox 2749 3273 3162 3342; x_wconf 63' lang='lat' dir='ltr'><strong>KEIMENONJ</strong></span> 
     </span>
    </p>
   </div>
   <div class='ocr_carea' id='block_1_90' title="bbox 2237 3365 3741 3440">
    <p class='ocr_par' dir='ltr' id='par_1_90' title="bbox 2237 3365 3741 3440">
     <span class='ocr_line' id='line_1_90' title="bbox 2237 3365 3741 3440; baseline 0.005 -22"><span class='ocrx_word' id='word_1_632' title='bbox 2237 3365 2536 3434; x_wconf 81' lang='grc' dir='ltr'>Ἐντρομος</span> <span class='ocrx_word' id='word_1_633' title='bbox 2568 3365 2625 3418; x_wconf 82' lang='grc' dir='ltr'>δὲ</span> <span class='ocrx_word' id='word_1_634' title='bbox 2646 3367 2936 3436; x_wconf 84' lang='grc' dir='ltr'>γενόμενος</span> <span class='ocrx_word' id='word_1_635' title='bbox 2974 3369 3234 3438; x_wconf 81' lang='grc' dir='ltr'>Μωῦσῆς,</span> <span class='ocrx_word' id='word_1_636' title='bbox 3301 3371 3507 3440; x_wconf 74' lang='grc' dir='ltr'>ἐτόλμα</span> <span class='ocrx_word' id='word_1_637' title='bbox 3573 3390 3741 3426; x_wconf 88' lang='grc' dir='ltr'>κατα-</span> 
     </span>
    </p>
   </div>
   <div class='ocr_carea' id='block_1_91' title="bbox 2164 3449 3741 3534">
    <p class='ocr_par' dir='ltr' id='par_1_91' title="bbox 2164 3449 3741 3534">
     <span class='ocr_line' id='line_1_91' title="bbox 2164 3449 3741 3534; baseline 0.006 -27"><span class='ocrx_word' id='word_1_638' title='bbox 2164 3457 2370 3525; x_wconf 81' lang='grc' dir='ltr'>νοῆσαι.</span> <span class='ocrx_word' id='word_1_639' title='bbox 2393 3449 2528 3507; x_wconf 66' lang='lat' dir='ltr'><strong>Eine</strong></span> <span class='ocrx_word' id='word_1_640' title='bbox 2557 3455 2614 3508; x_wconf 85' lang='grc' dir='ltr'>δὲ</span> <span class='ocrx_word' id='word_1_641' title='bbox 2653 3456 2802 3526; x_wconf 80' lang='grc' dir='ltr'>αὐτῷ</span> <span class='ocrx_word' id='word_1_642' title='bbox 2837 3459 2864 3510; x_wconf 91' lang='lat'><strong>6</strong></span> <span class='ocrx_word' id='word_1_643' title='bbox 2897 3457 3102 3528; x_wconf 85' lang='grc' dir='ltr'>Κύριος</span> <span class='ocrx_word' id='word_1_644' title='bbox 3138 3475 3154 3491; x_wconf 80' lang='grc' dir='ltr'><strong>ο</strong></span> <span class='ocrx_word' id='word_1_645' title='bbox 3194 3460 3370 3513; x_wconf 78' lang='grc' dir='ltr'>Λῦσον</span> <span class='ocrx_word' id='word_1_646' title='bbox 3398 3461 3459 3513; x_wconf 80' lang='grc' dir='ltr'>τὸ</span> <span class='ocrx_word' id='word_1_647' title='bbox 3484 3463 3741 3534; x_wconf 75' lang='grc' dir='ltr'>ὑπόδημα</span> 
     </span>
    </p>
   </div>
   <div class='ocr_carea' id='block_1_92' title="bbox 2161 3542 3738 3622">
    <p class='ocr_par' dir='ltr' id='par_1_92' title="bbox 2161 3542 3738 3622">
     <span class='ocr_line' id='line_1_92' title="bbox 2161 3542 3738 3622; baseline 0.009 -26"><span class='ocrx_word' id='word_1_648' title='bbox 2161 3544 2270 3596; x_wconf 86' lang='grc' dir='ltr'><strong>τῶν</strong></span> <span class='ocrx_word' id='word_1_649' title='bbox 2323 3545 2497 3598; x_wconf 85' lang='grc' dir='ltr'>ποδῶν</span> <span class='ocrx_word' id='word_1_650' title='bbox 2550 3550 2739 3599; x_wconf 84' lang='grc' dir='ltr'>σου·ὁ</span> <span class='ocrx_word' id='word_1_651' title='bbox 2769 3549 2876 3616; x_wconf 76' lang='grc' dir='ltr'>γὰρ</span> <span class='ocrx_word' id='word_1_652' title='bbox 2908 3549 3072 3610; x_wconf 81' lang='grc' dir='ltr'>τόπος</span> <span class='ocrx_word' id='word_1_653' title='bbox 3137 3551 3193 3602; x_wconf 83' lang='grc' dir='ltr'>ὲν</span> <span class='ocrx_word' id='word_1_654' title='bbox 3247 3542 3291 3617; x_wconf 81' lang='grc' dir='ltr'><strong>ᾧ</strong></span> <span class='ocrx_word' id='word_1_655' title='bbox 3363 3550 3616 3621; x_wconf 76' lang='grc' dir='ltr'>ἕστηκας,</span> <span class='ocrx_word' id='word_1_656' title='bbox 3664 3553 3738 3622; x_wconf 85' lang='grc' dir='ltr'><strong>γῆ</strong></span> 
     </span>
    </p>
   </div>
   <div class='ocr_carea' id='block_1_93' title="bbox 2161 3631 3738 3710">
    <p class='ocr_par' dir='ltr' id='par_1_93' title="bbox 2161 3631 3738 3710">
     <span class='ocr_line' id='line_1_93' title="bbox 2161 3631 3738 3710; baseline 0.003 -22"><span class='ocrx_word' id='word_1_657' title='bbox 2161 3634 2291 3702; x_wconf 79' lang='grc' dir='ltr'>ἁγία</span> <span class='ocrx_word' id='word_1_658' title='bbox 2328 3637 2496 3689; x_wconf 76' lang='grc' dir='ltr'>ἐστίν.</span> <span class='ocrx_word' id='word_1_659' title='bbox 2532 3635 2681 3688; x_wconf 80' lang='grc' dir='ltr'>Ἰδὼν</span> <span class='ocrx_word' id='word_1_660' title='bbox 2707 3631 2846 3689; x_wconf 73' lang='grc' dir='ltr'>εἶδον</span> <span class='ocrx_word' id='word_1_661' title='bbox 2871 3637 2970 3705; x_wconf 83' lang='grc' dir='ltr'>τὴν</span> <span class='ocrx_word' id='word_1_662' title='bbox 2997 3636 3243 3691; x_wconf 85' lang='grc' dir='ltr'>κάκωσιν</span> <span class='ocrx_word' id='word_1_663' title='bbox 3293 3637 3387 3692; x_wconf 79' lang='grc' dir='ltr'>τοῦ</span> <span class='ocrx_word' id='word_1_664' title='bbox 3451 3639 3580 3692; x_wconf 72' lang='grc' dir='ltr'>λαοῦ</span> <span class='ocrx_word' id='word_1_665' title='bbox 3635 3658 3738 3710; x_wconf 88' lang='grc' dir='ltr'><strong>μου</strong></span> 
     </span>
    </p>
   </div>
   <div class='ocr_carea' id='block_1_94' title="bbox 2163 3725 3741 3802">
    <p class='ocr_par' dir='ltr' id='par_1_94' title="bbox 2163 3725 3741 3802">
     <span class='ocr_line' id='line_1_94' title="bbox 2163 3725 3741 3802; baseline 0.006 -25"><span class='ocrx_word' id='word_1_666' title='bbox 2163 3725 2221 3778; x_wconf 85' lang='grc' dir='ltr'>ὲν</span> <span class='ocrx_word' id='word_1_667' title='bbox 2247 3726 2512 3796; x_wconf 82' lang='grc' dir='ltr'>Αίγύπτῳ</span> <span class='ocrx_word' id='word_1_668' title='bbox 2550 3728 2646 3780; x_wconf 68' lang='grc' dir='ltr'>καὶ</span> <span class='ocrx_word' id='word_1_669' title='bbox 2675 3727 2768 3781; x_wconf 80' lang='grc' dir='ltr'>τοῦ</span> <span class='ocrx_word' id='word_1_670' title='bbox 2801 3729 3116 3799; x_wconf 81' lang='grc' dir='ltr'>στεναγμοῦ</span> <span class='ocrx_word' id='word_1_671' title='bbox 3141 3729 3322 3783; x_wconf 77' lang='grc' dir='ltr'>αὐτῶν</span> <span class='ocrx_word' id='word_1_672' title='bbox 3357 3731 3587 3802; x_wconf 73' lang='grc' dir='ltr'>ἥκουσα,</span> <span class='ocrx_word' id='word_1_673' title='bbox 3641 3733 3741 3786; x_wconf 76' lang='grc' dir='ltr'>καὶ</span> 
     </span>
    </p>
   </div>
   <div class='ocr_carea' id='block_1_95' title="bbox 2163 3817 3740 3893">
    <p class='ocr_par' dir='ltr' id='par_1_95' title="bbox 2163 3817 3740 3893">
     <span class='ocr_line' id='line_1_95' title="bbox 2163 3817 3740 3893; baseline 0.004 -23"><span class='ocrx_word' id='word_1_674' title='bbox 2163 3817 2403 3887; x_wconf 78' lang='grc' dir='ltr'>κατέϐην</span> <span class='ocrx_word' id='word_1_675' title='bbox 2428 3817 2708 3882; x_wconf 79' lang='grc' dir='ltr'>ἐξελέσθαι</span> <span class='ocrx_word' id='word_1_676' title='bbox 2740 3820 2958 3883; x_wconf 79' lang='grc' dir='ltr'>αὐτούς.</span> <span class='ocrx_word' id='word_1_677' title='bbox 2982 3822 3090 3874; x_wconf 76' lang='grc' dir='ltr'><strong>Καὶ</strong></span> <span class='ocrx_word' id='word_1_678' title='bbox 3115 3819 3208 3873; x_wconf 83' lang='grc' dir='ltr'>νῦν</span> <span class='ocrx_word' id='word_1_679' title='bbox 3243 3820 3421 3893; x_wconf 83' lang='grc' dir='ltr'>δεῦρο,</span> <span class='ocrx_word' id='word_1_680' title='bbox 3454 3823 3740 3877; x_wconf 81' lang='grc' dir='ltr'>ἀποστελῶ</span> 
     </span>
    </p>
   </div>
   <div class='ocr_carea' id='block_1_96' title="bbox 2164 3909 3740 3985">
    <p class='ocr_par' dir='ltr' id='par_1_96' title="bbox 2164 3909 3740 3985">
     <span class='ocr_line' id='line_1_96' title="bbox 2164 3909 3740 3985; baseline 0.005 -25"><span class='ocrx_word' id='word_1_681' title='bbox 2164 3925 2221 3960; x_wconf 86' lang='grc' dir='ltr'><strong>σε</strong></span> <span class='ocrx_word' id='word_1_682' title='bbox 2256 3911 2334 3972; x_wconf 84' lang='grc' dir='ltr'><strong>είς</strong></span> <span class='ocrx_word' id='word_1_683' title='bbox 2366 3911 2664 3978; x_wconf 72' lang='grc' dir='ltr'>Αἴγυπτον.</span> <span class='ocrx_word' id='word_1_684' title='bbox 2698 3909 2900 3965; x_wconf 81' lang='grc' dir='ltr'>Τοῦτον</span> <span class='ocrx_word' id='word_1_685' title='bbox 2928 3912 3022 3965; x_wconf 81' lang='grc' dir='ltr'>τὸν</span> <span class='ocrx_word' id='word_1_686' title='bbox 3044 3911 3285 3983; x_wconf 81' lang='grc' dir='ltr'><strong>Μωῦσῆν</strong></span> <span class='ocrx_word' id='word_1_687' title='bbox 3340 3913 3397 3968; x_wconf 82' lang='grc' dir='ltr'><strong>δν</strong></span> <span class='ocrx_word' id='word_1_688' title='bbox 3430 3915 3740 3985; x_wconf 70' lang='grc' dir='ltr'>ἠρνήσαντο</span> 
     </span>
    </p>
   </div>
   <div class='ocr_carea' id='block_1_97' title="bbox 2163 4001 3736 4076">
    <p class='ocr_par' dir='ltr' id='par_1_97' title="bbox 2163 4001 3736 4076">
     <span class='ocr_line' id='line_1_97' title="bbox 2163 4001 3736 4076; baseline 0.003 -23"><span class='ocrx_word' id='word_1_689' title='bbox 2163 4001 2440 4065; x_wconf 76' lang='grc' dir='ltr'>εἰπόντεςο</span> <span class='ocrx_word' id='word_1_690' title='bbox 2482 4003 2579 4064; x_wconf 89' lang='grc' dir='ltr'>Τίς</span> <span class='ocrx_word' id='word_1_691' title='bbox 2619 4019 2677 4054; x_wconf 86' lang='grc' dir='ltr'><strong>σε</strong></span> <span class='ocrx_word' id='word_1_692' title='bbox 2720 4004 3055 4074; x_wconf 83' lang='grc' dir='ltr'>κατέστησεν</span> <span class='ocrx_word' id='word_1_693' title='bbox 3074 4003 3308 4076; x_wconf 82' lang='grc' dir='ltr'>ἄρχοντα</span> <span class='ocrx_word' id='word_1_694' title='bbox 3339 4007 3433 4059; x_wconf 76' lang='grc' dir='ltr'>καὶ</span> <span class='ocrx_word' id='word_1_695' title='bbox 3472 4007 3736 4075; x_wconf 76' lang='grc' dir='ltr'>δικαστὴν</span> 
     </span>
    </p>
   </div>
   <div class='ocr_carea' id='block_1_98' title="bbox 2163 4093 3738 4166">
    <p class='ocr_par' dir='ltr' id='par_1_98' title="bbox 2163 4093 3738 4166">
     <span class='ocr_line' id='line_1_98' title="bbox 2163 4093 3738 4166; baseline 0 -20"><span class='ocrx_word' id='word_1_696' title='bbox 2163 4093 2247 4162; x_wconf 77' lang='grc' dir='ltr'><strong>ἐφ’</strong></span> <span class='ocrx_word' id='word_1_697' title='bbox 2270 4095 2414 4163; x_wconf 77' lang='grc' dir='ltr'>ἡμᾶς</span> <span class='ocrx_word' id='word_1_698' title='bbox 2442 4109 2455 4157; x_wconf 77' lang='grc' dir='ltr'><strong>ς</strong></span> <span class='ocrx_word' id='word_1_699' title='bbox 2491 4093 2682 4146; x_wconf 80' lang='grc' dir='ltr'>τοῦτον</span> <span class='ocrx_word' id='word_1_700' title='bbox 2709 4097 2736 4146; x_wconf 92' lang='lat'><strong>6</strong></span> <span class='ocrx_word' id='word_1_701' title='bbox 2769 4093 2898 4158; x_wconf 85' lang='grc' dir='ltr'>Θεὸς</span> <span class='ocrx_word' id='word_1_702' title='bbox 2924 4094 3160 4164; x_wconf 78' lang='grc' dir='ltr'>ἄρχοντα</span> <span class='ocrx_word' id='word_1_703' title='bbox 3201 4095 3292 4148; x_wconf 71' lang='grc' dir='ltr'><strong>καὶ</strong></span> <span class='ocrx_word' id='word_1_704' title='bbox 3323 4095 3598 4166; x_wconf 77' lang='grc' dir='ltr'>λυτρωτὴν</span> <span class='ocrx_word' id='word_1_705' title='bbox 3626 4094 3738 4148; x_wconf 81' lang='grc' dir='ltr'><strong>ἁπ-</strong></span> 
     </span>
    </p>
   </div>
   <div class='ocr_carea' id='block_1_99' title="bbox 2161 4184 3734 4255">
    <p class='ocr_par' dir='ltr' id='par_1_99' title="bbox 2161 4184 3734 4255">
     <span class='ocr_line' id='line_1_99' title="bbox 2161 4184 3734 4255; baseline 0 -19"><span class='ocrx_word' id='word_1_706' title='bbox 2161 4184 2400 4238; x_wconf 81' lang='grc' dir='ltr'>έστίιλεν</span> <span class='ocrx_word' id='word_1_707' title='bbox 2431 4187 2489 4237; x_wconf 83' lang='grc' dir='ltr'>ἐν</span> <span class='ocrx_word' id='word_1_708' title='bbox 2520 4186 2664 4255; x_wconf 76' lang='grc' dir='ltr'>χειρὶ</span> <span class='ocrx_word' id='word_1_709' title='bbox 2714 4186 2948 4254; x_wconf 77' lang='grc' dir='ltr'><strong>ἀγγέλου</strong></span> <span class='ocrx_word' id='word_1_710' title='bbox 2981 4187 3075 4240; x_wconf 80' lang='grc' dir='ltr'>τοῦ</span> <span class='ocrx_word' id='word_1_711' title='bbox 3125 4187 3379 4254; x_wconf 80' lang='grc' dir='ltr'>ὀφθέντος</span> <span class='ocrx_word' id='word_1_712' title='bbox 3407 4185 3554 4253; x_wconf 78' lang='grc' dir='ltr'><strong>αὺτῷ</strong></span> <span class='ocrx_word' id='word_1_713' title='bbox 3582 4189 3640 4238; x_wconf 83' lang='grc' dir='ltr'>ὲν</span> <span class='ocrx_word' id='word_1_714' title='bbox 3667 4188 3734 4253; x_wconf 81' lang='grc' dir='ltr'>τῇ</span> 
     </span>
    </p>
   </div>
   <div class='ocr_carea' id='block_1_100' title="bbox 2163 4269 3736 4348">
    <p class='ocr_par' dir='ltr' id='par_1_100' title="bbox 2163 4269 3736 4348">
     <span class='ocr_line' id='line_1_100' title="bbox 2163 4269 3736 4348; baseline 0 -20"><span class='ocrx_word' id='word_1_715' title='bbox 2163 4276 2331 4345; x_wconf 76' lang='grc' dir='ltr'>βάτῳ.</span> <span class='ocrx_word' id='word_1_716' title='bbox 2360 4269 2525 4337; x_wconf 77' lang='grc' dir='ltr'>Οὗτος</span> <span class='ocrx_word' id='word_1_717' title='bbox 2550 4276 2820 4344; x_wconf 77' lang='grc' dir='ltr'>ἐξήγαγεν</span> <span class='ocrx_word' id='word_1_718' title='bbox 2875 4278 3070 4341; x_wconf 78' lang='grc' dir='ltr'>αὐτοὺς</span> <span class='ocrx_word' id='word_1_719' title='bbox 3130 4279 3362 4347; x_wconf 86' lang='grc' dir='ltr'>ποιήσας</span> <span class='ocrx_word' id='word_1_720' title='bbox 3405 4276 3608 4348; x_wconf 85' lang='grc' dir='ltr'>τέρατα</span> <span class='ocrx_word' id='word_1_721' title='bbox 3637 4277 3736 4329; x_wconf 75' lang='grc' dir='ltr'>καὶ</span> 
     </span>
    </p>
   </div>
   <div class='ocr_carea' id='block_1_101' title="bbox 2162 4367 3733 4440">
    <p class='ocr_par' dir='ltr' id='par_1_101' title="bbox 2162 4367 3733 4440">
     <span class='ocr_line' id='line_1_101' title="bbox 2162 4367 3733 4440; baseline 0.001 -24"><span class='ocrx_word' id='word_1_722' title='bbox 2162 4369 2362 4435; x_wconf 77' lang='grc' dir='ltr'>σημεῖα</span> <span class='ocrx_word' id='word_1_723' title='bbox 2393 4367 2450 4416; x_wconf 84' lang='grc' dir='ltr'>ἐν</span> <span class='ocrx_word' id='word_1_724' title='bbox 2481 4369 2549 4435; x_wconf 70' lang='grc' dir='ltr'><strong>γῇ</strong></span> <span class='ocrx_word' id='word_1_725' title='bbox 2603 4367 2899 4435; x_wconf 74' lang='grc' dir='ltr'>Αἰγύπτου,</span> <span class='ocrx_word' id='word_1_726' title='bbox 2938 4369 3034 4421; x_wconf 73' lang='grc' dir='ltr'>καὶ</span> <span class='ocrx_word' id='word_1_727' title='bbox 3087 4369 3142 4420; x_wconf 83' lang='grc' dir='ltr'><strong>έν</strong></span> <span class='ocrx_word' id='word_1_728' title='bbox 3197 4368 3436 4440; x_wconf 82' lang='grc' dir='ltr'>Ἐρυθρᾷ</span> <span class='ocrx_word' id='word_1_729' title='bbox 3468 4369 3733 4439; x_wconf 78' lang='grc' dir='ltr'>θαλάσσῃ,</span> 
     </span>
    </p>
   </div>
   <div class='ocr_carea' id='block_1_102' title="bbox 2090 4455 3240 4531">
    <p class='ocr_par' dir='ltr' id='par_1_102' title="bbox 2090 4455 3240 4531">
     <span class='ocr_line' id='line_1_102' title="bbox 2090 4455 3240 4531; baseline 0.005 -24"><span class='ocrx_word' id='word_1_730' title='bbox 2090 4476 2134 4531; x_wconf 77' lang='lat' dir='ltr'><strong>D</strong></span> <span class='ocrx_word' id='word_1_731' title='bbox 2163 4455 2257 4508; x_wconf 71' lang='grc' dir='ltr'>καὶ</span> <span class='ocrx_word' id='word_1_732' title='bbox 2287 4458 2342 4508; x_wconf 75' lang='grc' dir='ltr'>ἐν</span> <span class='ocrx_word' id='word_1_733' title='bbox 2367 4458 2432 4525; x_wconf 78' lang='grc' dir='ltr'><strong>τῇ</strong></span> <span class='ocrx_word' id='word_1_734' title='bbox 2463 4457 2652 4526; x_wconf 74' lang='grc' dir='ltr'>ἐρήμῳ</span> <span class='ocrx_word' id='word_1_735' title='bbox 2685 4456 2780 4526; x_wconf 82' lang='grc' dir='ltr'><strong>ἔτη</strong></span> <span class='ocrx_word' id='word_1_736' title='bbox 2815 4460 3240 4529; x_wconf 84' lang='grc' dir='ltr'>τεσσαράκοντα.</span> 
     </span>
    </p>
   </div>
   <div class='ocr_carea' id='block_1_103' title="bbox 2753 4543 3132 4604">
    <p class='ocr_par' dir='ltr' id='par_1_103' title="bbox 2753 4543 3132 4604">
     <span class='ocr_line' id='line_1_103' title="bbox 2753 4543 3132 4604; baseline 0.008 -3"><span class='ocrx_word' id='word_1_737' title='bbox 2753 4543 3132 4604; x_wconf 80' lang='lat' dir='ltr'><strong>EPMHNEIA.</strong></span> 
     </span>
    </p>
   </div>
   <div class='ocr_carea' id='block_1_104' title="bbox 2227 4639 3733 4713">
    <p class='ocr_par' dir='ltr' id='par_1_104' title="bbox 2227 4639 3733 4713">
     <span class='ocr_line' id='line_1_104' title="bbox 2227 4639 3733 4713; baseline 0.001 -21"><span class='ocrx_word' id='word_1_738' title='bbox 2227 4639 2291 4692; x_wconf 83' lang='lat' dir='ltr'><strong>El</strong></span> <span class='ocrx_word' id='word_1_739' title='bbox 2341 4641 2432 4692; x_wconf 69' lang='grc' dir='ltr'><strong>καὶ</strong></span> <span class='ocrx_word' id='word_1_740' title='bbox 2475 4640 2550 4710; x_wconf 84' lang='grc' dir='ltr'><strong>μή</strong></span> <span class='ocrx_word' id='word_1_741' title='bbox 2605 4641 2796 4703; x_wconf 79' lang='grc' dir='ltr'>αὐταῖς</span> <span class='ocrx_word' id='word_1_742' title='bbox 2848 4642 2968 4704; x_wconf 84' lang='grc' dir='ltr'>ταῖς</span> <span class='ocrx_word' id='word_1_743' title='bbox 3026 4642 3206 4706; x_wconf 77' lang='grc' dir='ltr'>λέξεσι</span> <span class='ocrx_word' id='word_1_744' title='bbox 3242 4641 3472 4712; x_wconf 73' lang='grc' dir='ltr'>φέρεται</span> <span class='ocrx_word' id='word_1_745' title='bbox 3499 4645 3546 4676; x_wconf 69' lang='grc'><strong>⁸⁸</strong></span> <span class='ocrx_word' id='word_1_746' title='bbox 3579 4644 3635 4695; x_wconf 80' lang='grc' dir='ltr'>ἐν</span> <span class='ocrx_word' id='word_1_747' title='bbox 3663 4645 3733 4713; x_wconf 74' lang='grc' dir='ltr'><strong>τῇ</strong></span> 
     </span>
    </p>
   </div>
   <div class='ocr_carea' id='block_1_105' title="bbox 2168 4730 3730 4802">
    <p class='ocr_par' dir='ltr' id='par_1_105' title="bbox 2168 4730 3730 4802">
     <span class='ocr_line' id='line_1_105' title="bbox 2168 4730 3730 4802; baseline 0.003 -20"><span class='ocrx_word' id='word_1_748' title='bbox 2168 4730 2364 4801; x_wconf 74' lang='grc' dir='ltr'>Ἐξόδῳ</span> <span class='ocrx_word' id='word_1_749' title='bbox 2405 4731 2633 4800; x_wconf 85' lang='grc' dir='ltr'>κειμένη</span> <span class='ocrx_word' id='word_1_750' title='bbox 2660 4734 2692 4801; x_wconf 77' lang='grc' dir='ltr'>ἡ</span> <span class='ocrx_word' id='word_1_751' title='bbox 2723 4732 2900 4802; x_wconf 76' lang='grc' dir='ltr'>φωνή,</span> <span class='ocrx_word' id='word_1_752' title='bbox 2934 4732 3048 4785; x_wconf 81' lang='grc' dir='ltr'>ἀλλ’</span> <span class='ocrx_word' id='word_1_753' title='bbox 3073 4732 3164 4786; x_wconf 81' lang='grc' dir='ltr'>οὖν</span> <span class='ocrx_word' id='word_1_754' title='bbox 3188 4734 3506 4802; x_wconf 80' lang='grc' dir='ltr'>ίσοδύναμος</span> <span class='ocrx_word' id='word_1_755' title='bbox 3531 4735 3730 4786; x_wconf 79' lang='grc' dir='ltr'>κεῖται.</span> 
     </span>
    </p>
   </div>
   <div class='ocr_carea' id='block_1_106' title="bbox 2159 4821 3733 4893">
    <p class='ocr_par' dir='ltr' id='par_1_106' title="bbox 2159 4821 3733 4893">
     <span class='ocr_line' id='line_1_106' title="bbox 2159 4821 3733 4893; baseline 0.001 -19"><span class='ocrx_word' id='word_1_756' title='bbox 2159 4822 2234 4874; x_wconf 81' lang='grc' dir='ltr'><strong>Οὐ</strong></span> <span class='ocrx_word' id='word_1_757' title='bbox 2265 4822 2397 4874; x_wconf 83' lang='grc' dir='ltr'>πολὺ</span> <span class='ocrx_word' id='word_1_758' title='bbox 2417 4821 2523 4890; x_wconf 77' lang='grc' dir='ltr'>γὰρ</span> <span class='ocrx_word' id='word_1_759' title='bbox 2549 4823 2736 4875; x_wconf 83' lang='grc' dir='ltr'>διοίσει</span> <span class='ocrx_word' id='word_1_760' title='bbox 2758 4825 2838 4888; x_wconf 79' lang='grc' dir='ltr'>τὸ,</span> <span class='ocrx_word' id='word_1_761' title='bbox 2870 4823 3173 4893; x_wconf 77' lang='grc' dir='ltr'>ἔντρομος,</span> <span class='ocrx_word' id='word_1_762' title='bbox 3211 4824 3326 4890; x_wconf 72' lang='grc' dir='ltr'>τοῦ,</span> <span class='ocrx_word' id='word_1_763' title='bbox 3353 4825 3612 4893; x_wconf 74' lang='grc' dir='ltr'>ἔμφοϐος</span> <span class='ocrx_word' id='word_1_764' title='bbox 3638 4840 3733 4890; x_wconf 82' lang='grc' dir='ltr'>γε·</span> 
     </span>
    </p>
   </div>
   <div class='ocr_carea' id='block_1_107' title="bbox 2167 4915 3733 4986">
    <p class='ocr_par' dir='ltr' id='par_1_107' title="bbox 2167 4915 3733 4986">
     <span class='ocr_line' id='line_1_107' title="bbox 2167 4915 3733 4986; baseline 0.001 -21"><span class='ocrx_word' id='word_1_765' title='bbox 2167 4915 2416 4983; x_wconf 87' lang='grc' dir='ltr'>νὸμενος.</span> <span class='ocrx_word' id='word_1_766' title='bbox 2438 4915 2670 4983; x_wconf 85' lang='grc' dir='ltr'>Λέγεται</span> <span class='ocrx_word' id='word_1_767' title='bbox 2688 4915 2958 4982; x_wconf 77' lang='grc' dir='ltr'>δὲταῦτα,</span> <span class='ocrx_word' id='word_1_768' title='bbox 2993 4917 3123 4986; x_wconf 71' lang='grc' dir='ltr'>περὶ</span> <span class='ocrx_word' id='word_1_769' title='bbox 3149 4917 3241 4968; x_wconf 77' lang='grc' dir='ltr'>τοῦ</span> <span class='ocrx_word' id='word_1_770' title='bbox 3274 4916 3414 4968; x_wconf 81' lang='grc' dir='ltr'>κατὰ</span> <span class='ocrx_word' id='word_1_771' title='bbox 3438 4917 3538 4985; x_wconf 79' lang='grc' dir='ltr'><strong>τήν</strong></span> <span class='ocrx_word' id='word_1_772' title='bbox 3573 4916 3733 4984; x_wconf 81' lang='grc' dir='ltr'>βάτον</span> 
     </span>
    </p>
   </div>
   <div class='ocr_carea' id='block_1_108' title="bbox 2160 5004 3730 5078">
    <p class='ocr_par' dir='ltr' id='par_1_108' title="bbox 2160 5004 3730 5078">
     <span class='ocr_line' id='line_1_108' title="bbox 2160 5004 3730 5078; baseline -0.01 -6"><span class='ocrx_word' id='word_1_773' title='bbox 2160 5004 2458 5074; x_wconf 76' lang='grc' dir='ltr'>ὁράματος,</span> <span class='ocrx_word' id='word_1_774' title='bbox 2499 5007 2766 5076; x_wconf 79' lang='grc' dir='ltr'>μενούσης</span> <span class='ocrx_word' id='word_1_775' title='bbox 2814 5009 2912 5074; x_wconf 79' lang='grc' dir='ltr'>τῆς</span> <span class='ocrx_word' id='word_1_776' title='bbox 2950 5007 3121 5078; x_wconf 80' lang='grc' dir='ltr'>αὐτῆς</span> <span class='ocrx_word' id='word_1_777' title='bbox 3150 5007 3413 5076; x_wconf 69' lang='grc' dir='ltr'>διαφορᾶς</span> <span class='ocrx_word' id='word_1_778' title='bbox 3442 5005 3534 5059; x_wconf 83' lang='grc' dir='ltr'>τοῦ</span> <span class='ocrx_word' id='word_1_779' title='bbox 3567 5007 3730 5074; x_wconf 82' lang='grc' dir='ltr'>φοϐε-</span> 
     </span>
    </p>
   </div>
   <div class='ocr_carea' id='block_1_109' title="bbox 2159 5091 3728 5167">
    <p class='ocr_par' dir='ltr' id='par_1_109' title="bbox 2159 5091 3728 5167">
     <span class='ocr_line' id='line_1_109' title="bbox 2159 5091 3728 5167; baseline 0.006 -23"><span class='ocrx_word' id='word_1_780' title='bbox 2159 5091 2252 5162; x_wconf 84' lang='grc' dir='ltr'>ροῦ</span> <span class='ocrx_word' id='word_1_781' title='bbox 2283 5095 2376 5145; x_wconf 70' lang='grc' dir='ltr'>καὶ</span> <span class='ocrx_word' id='word_1_782' title='bbox 2402 5095 2665 5164; x_wconf 73' lang='grc' dir='ltr'>ὲμφὸϐου,</span> <span class='ocrx_word' id='word_1_783' title='bbox 2704 5098 2794 5149; x_wconf 75' lang='grc' dir='ltr'>καὶ</span> <span class='ocrx_word' id='word_1_784' title='bbox 2826 5098 2883 5149; x_wconf 79' lang='grc' dir='ltr'>ὲν</span> <span class='ocrx_word' id='word_1_785' title='bbox 2913 5101 2975 5167; x_wconf 82' lang='grc' dir='ltr'>τῇ</span> <span class='ocrx_word' id='word_1_786' title='bbox 3009 5097 3258 5167; x_wconf 83' lang='grc' dir='ltr'>διηγήσει</span> <span class='ocrx_word' id='word_1_787' title='bbox 3285 5099 3413 5167; x_wconf 74' lang='grc' dir='ltr'>περὶ</span> <span class='ocrx_word' id='word_1_788' title='bbox 3443 5097 3536 5150; x_wconf 82' lang='grc' dir='ltr'>τοῦ</span> <span class='ocrx_word' id='word_1_789' title='bbox 3569 5097 3728 5166; x_wconf 68' lang='grc' dir='ltr'>ὅρους</span> 
     </span>
    </p>
   </div>
   <div class='ocr_carea' id='block_1_110' title="bbox 2161 5182 3732 5257">
    <p class='ocr_par' dir='ltr' id='par_1_110' title="bbox 2161 5182 3732 5257">
     <span class='ocr_line' id='line_1_110' title="bbox 2161 5182 3732 5257; baseline 0 -22"><span class='ocrx_word' id='word_1_790' title='bbox 2161 5183 2310 5237; x_wconf 86' lang='grc' dir='ltr'>Σινᾶ.</span> <span class='ocrx_word' id='word_1_791' title='bbox 2356 5186 2470 5236; x_wconf 82' lang='grc' dir='ltr'><strong>Ἐπ’</strong></span> <span class='ocrx_word' id='word_1_792' title='bbox 2501 5187 2663 5240; x_wconf 79' lang='grc' dir='ltr'>αὑτοῦ</span> <span class='ocrx_word' id='word_1_793' title='bbox 2694 5189 2799 5257; x_wconf 81' lang='grc' dir='ltr'>γὰρ</span> <span class='ocrx_word' id='word_1_794' title='bbox 2818 5182 2936 5240; x_wconf 83' lang='grc' dir='ltr'>εἷπε</span> <span class='ocrx_word' id='word_1_795' title='bbox 2955 5190 3214 5256; x_wconf 79' lang='grc' dir='ltr'><strong>Μωῦσῆς·</strong></span> <span class='ocrx_word' id='word_1_796' title='bbox 3255 5207 3272 5239; x_wconf 85' lang='grc' dir='ltr'><strong>ι</strong></span> <span class='ocrx_word' id='word_1_797' title='bbox 3305 5186 3582 5257; x_wconf 79' lang='grc' dir='ltr'>Ἐμφοϐός</span> <span class='ocrx_word' id='word_1_798' title='bbox 3614 5188 3732 5253; x_wconf 87' lang='grc' dir='ltr'>εἰμι</span> 
     </span>
    </p>
   </div>
   <div class='ocr_carea' id='block_1_111' title="bbox 2159 5274 3729 5350">
    <p class='ocr_par' dir='ltr' id='par_1_111' title="bbox 2159 5274 3729 5350">
     <span class='ocr_line' id='line_1_111' title="bbox 2159 5274 3729 5350; baseline 0.001 -25"><span class='ocrx_word' id='word_1_799' title='bbox 2159 5275 2254 5326; x_wconf 75' lang='grc' dir='ltr'><strong>καὶ</strong></span> <span class='ocrx_word' id='word_1_800' title='bbox 2291 5274 2570 5346; x_wconf 74' lang='grc' dir='ltr'>ἔντρομος,</span> <span class='ocrx_word' id='word_1_801' title='bbox 2605 5299 2622 5330; x_wconf 77' lang='grc' dir='ltr'><strong>ι</strong></span> <span class='ocrx_word' id='word_1_802' title='bbox 2664 5279 2728 5330; x_wconf 84' lang='grc' dir='ltr'>ὲκ</span> <span class='ocrx_word' id='word_1_803' title='bbox 2760 5279 3106 5350; x_wconf 88' lang='grc' dir='ltr'>παραλλήλου</span> <span class='ocrx_word' id='word_1_804' title='bbox 3145 5281 3266 5340; x_wconf 77' lang='grc' dir='ltr'>ταῖς</span> <span class='ocrx_word' id='word_1_805' title='bbox 3309 5278 3486 5342; x_wconf 80' lang='grc' dir='ltr'>λέξεσι</span> <span class='ocrx_word' id='word_1_806' title='bbox 3517 5275 3729 5346; x_wconf 77' lang='grc' dir='ltr'>χρησα-</span> 
     </span>
    </p>
   </div>
   <div class='ocr_carea' id='block_1_112' title="bbox 2105 5367 3731 5442">
    <p class='ocr_par' dir='ltr' id='par_1_112' title="bbox 2105 5367 3731 5442">
     <span class='ocr_line' id='line_1_112' title="bbox 2105 5367 3731 5442; baseline 0.009 -26"><span class='ocrx_word' id='word_1_807' title='bbox 2105 5407 2108 5412; x_wconf 93' lang='grc'><strong>.</strong></span> <span class='ocrx_word' id='word_1_808' title='bbox 2160 5381 2341 5433; x_wconf 87' lang='grc' dir='ltr'>μενος.</span> <span class='ocrx_word' id='word_1_809' title='bbox 2387 5369 2796 5439; x_wconf 79' lang='grc' dir='ltr'>Κατατεθηπὼς</span> <span class='ocrx_word' id='word_1_810' title='bbox 2847 5372 3027 5425; x_wconf 83' lang='grc' dir='ltr'>τοίνυν</span> <span class='ocrx_word' id='word_1_811' title='bbox 3077 5375 3104 5426; x_wconf 92' lang='lat'><strong>6</strong></span> <span class='ocrx_word' id='word_1_812' title='bbox 3160 5372 3431 5442; x_wconf 80' lang='grc' dir='ltr'>μακάριος</span> <span class='ocrx_word' id='word_1_813' title='bbox 3487 5367 3731 5436; x_wconf 80' lang='grc' dir='ltr'><strong>Μωῦσῆς</strong></span> 
     </span>
    </p>
   </div>
   <div class='ocr_carea' id='block_1_113' title="bbox 2162 5499 2652 5569">
    <p class='ocr_par' dir='ltr' id='par_1_113' title="bbox 2162 5499 2652 5569">
     <span class='ocr_line' id='line_1_113' title="bbox 2162 5499 2652 5569; baseline 0.014 -16"><span class='ocrx_word' id='word_1_814' title='bbox 2162 5499 2208 5531; x_wconf 68' lang='grc' dir='ltr'><strong>δ’</strong></span> <span class='ocrx_word' id='word_1_815' title='bbox 2235 5502 2403 5557; x_wconf 86' lang='lat' dir='ltr'><strong>Hebr.</strong></span> <span class='ocrx_word' id='word_1_816' title='bbox 2439 5519 2538 5569; x_wconf 72' lang='grc' dir='ltr'>ιιι,</span> <span class='ocrx_word' id='word_1_817' title='bbox 2562 5505 2652 5560; x_wconf 69' lang='grc'><strong>21.</strong></span> 
     </span>
    </p>
   </div>
   <div class='ocr_carea' id='block_1_114' title="bbox 1697 5604 2572 5680">
    <p class='ocr_par' dir='ltr' id='par_1_114' title="bbox 1697 5604 2572 5680">
     <span class='ocr_line' id='line_1_114' title="bbox 1697 5604 2572 5680; baseline 0.019 -19"><span class='ocrx_word' id='word_1_818' title='bbox 1697 5604 1893 5666; x_wconf 61' lang='lat' dir='ltr'><strong>Varia;</strong></span> <span class='ocrx_word' id='word_1_819' title='bbox 1932 5608 2238 5676; x_wconf 88' lang='lat' dir='ltr'><strong>lectiones</strong></span> <span class='ocrx_word' id='word_1_820' title='bbox 2283 5623 2343 5678; x_wconf 91' lang='lat' dir='ltr'><strong>et</strong></span> <span class='ocrx_word' id='word_1_821' title='bbox 2385 5625 2572 5680; x_wconf 67' lang='lat' dir='ltr'><strong>nota).</strong></span> 
     </span>
    </p>
   </div>
   <div class='ocr_carea' id='block_1_115' title="bbox 552 5719 2009 5800">
    <p class='ocr_par' dir='ltr' id='par_1_115' title="bbox 552 5719 2009 5800">
     <span class='ocr_line' id='line_1_115' title="bbox 552 5719 2009 5800; baseline 0.012 -30"><span class='ocrx_word' id='word_1_822' title='bbox 552 5719 600 5754; x_wconf 80' lang='grc'><strong>⁸⁸</strong></span> <span class='ocrx_word' id='word_1_823' title='bbox 645 5719 989 5790; x_wconf 85' lang='grc' dir='ltr'>περιστέλλον</span> <span class='ocrx_word' id='word_1_824' title='bbox 1043 5739 1114 5777; x_wconf 91' lang='grc' dir='ltr'><strong>τι.</strong></span> <span class='ocrx_word' id='word_1_825' title='bbox 1191 5727 1234 5758; x_wconf 83' lang='grc'>⁸¹</span> <span class='ocrx_word' id='word_1_826' title='bbox 1269 5726 1570 5795; x_wconf 80' lang='grc' dir='ltr'>κρείττονα.</span> <span class='ocrx_word' id='word_1_827' title='bbox 1650 5733 1694 5762; x_wconf 79' lang='grc'><strong>⁵³</strong></span> <span class='ocrx_word' id='word_1_828' title='bbox 1744 5732 2009 5800; x_wconf 80' lang='grc' dir='ltr'>φαίνεται.</span> 
     </span>
    </p>
   </div>
  </div>
