4088 6206
376 301 480 367 913

1014 305 1551 369 EXPOSITIONIS
1591 307 1673 368 IN
1709 304 1899 367 ACTA
1932 304 2235 365 TEXTUS
2274 307 2542 368 ALTER.
2569 309 2811 370 --CAP.
2848 311 2976 371 VII.

3524 309 3630 372 9H

379 416 673 488 προσετίθη
720 409 926 491 ,λοιπδν
977 419 1157 472 ὲκεῖιό
1219 436 1320 472 που
1381 419 1556 488 λέγων
1609 422 1665 472 ὲν
1720 418 1900 487 ἑαυτῷ
1932 434 1944 448 °

2065 420 2246 474 beatus
2280 418 2459 475 Moses
2491 420 2623 474 illud
2655 421 2708 475 in
2739 421 2904 476 corde
2935 435 3034 476 suo
3061 421 3284 491 protulit
3307 422 3353 454 ”
3387 440 3399 475 :
3441 440 3461 474 ι
3503 421 3628 475 Va-

384 527 403 558 (
434 504 726 576 Παρελθὼν
772 508 974 579 ὄψομαι
1000 510 1059 562 τὸ
1083 511 1267 579 ὅραμα
1319 509 1477 564 τοῦτο
1498 512 1557 565 τὸ
1585 512 1749 580 μέγα,
1775 513 1828 564 τί
1860 512 1942 564 ὅτι

375 598 436 650 οὐ
468 597 823 653 κατακαίεται
858 600 894 666 ἡ
920 599 1098 669 βάτος.
1131 621 1148 651 ι
1191 600 1333 656 Ἀλλ’
1390 603 1563 673 εἴργει
1585 602 1758 670 λέγων
1783 602 1948 666 εὐθὺς

374 689 402 740 6
430 688 656 759 Κύριος,
686 707 705 739 ι
734 690 826 759 Μὴ
860 691 1089 765 ὲγγίσῃς
1113 685 1236 745 ὧδε·
1272 712 1290 743 ι
1323 694 1418 746 καὶ
1457 693 1565 749 τῶν
1600 693 1777 747 ποδῶν
1807 694 1941 747 ὑπο-

375 777 521 831 λύειν
554 781 947 849 προστάττεται
978 783 1038 835 τὸ
1063 783 1339 854 ὑπόδημα.
1357 784 1488 838 ’1δοῦ
1517 784 1575 838 ὃν
1602 785 1708 857 πρὸ
1747 784 1946 858 μικροῦ

374 868 608 937 ἄγγελον
650 866 793 937 εἷπε,
821 872 917 926 νῦν
953 873 1226 929 δείκνυσιν
1260 875 1423 931 αὑτὸν
1458 876 1664 948 Κύριον
1692 876 1822 931 ὄντα
1854 880 1948 932 καὶ

372 957 527 1015 Θεόν.
550 959 722 1025 Αὐτὸς
763 961 871 1032 γάρ
901 964 1046 1018 ἐστιν
1073 965 1101 1018 6
1128 964 1226 1035 τῆς
1254 965 1498 1038 μεγάλης
1530 965 1725 1036 βουλῆς
1747 967 1950 1034 Ἀγγε-

372 1051 482 1115 λος,
516 1052 611 1104 καὶ
643 1053 779 1106 Θεοῦ
817 1053 965 1117 Υἱός.

445 1143 512 1196 Τί
539 1139 632 1198 οὖν
663 1147 859 1200 ἔστιτὸ
881 1147 1211 1218 δηλούμενον
1236 1147 1323 1202 διὰ
1354 1147 1447 1202 τοῦ
1478 1149 1824 1218 ὑποδήματος
1847 1148 1935 1202 αίο

376 1251 570 1304 νιγμα,
609 1238 911 1305 ἀναγκαῖον
969 1240 1166 1294 εἰπεῖν.
1214 1226 1555 1311 Νεκρότητος
1608 1242 1702 1295 καὶ
1743 1242 1949 1313 φθορᾶς

372 1325 434 1377 τὸ
456 1326 708 1397 ὑπόδημά
736 1330 850 1383 ἐστι
895 1332 1143 1400 σημεῖον,
1196 1332 1355 1403 είπερ
1389 1334 1502 1385 ἐστὶ
1532 1316 1638 1386 πᾶν
1692 1333 1947 1402 ὑπόδημα

373 1415 515 1480 ζώου
576 1417 828 1488 λείψανον
868 1420 1191 1493 τεθνηκότος
1252 1424 1371 1496 ἤδη.
1421 1427 1512 1476 Δεῖ
1560 1424 1740 1478 τοίνυν
1770 1426 1951 1498 πάσης

375 1510 574 1577 νεκρᾶς
601 1509 696 1562 καὶ
729 1513 995 1582 σαρκικῆς
1016 1515 1337 1583 φαντασίας,
1366 1515 1556 1585 ὥσπερ
1584 1517 1949 1588 ὑποδημάτων

372 1596 536 1649 τινῶν
579 1598 759 1663 λῦσαι,
797 1601 888 1654 τὸν
928 1602 1023 1654 ἐπὶ
1059 1603 1167 1657 τῶν
1228 1604 1391 1658 θείων
1422 1605 1795 1677 θεωρημάτων
1821 1611 1953 1662 ἀνα-

377 1687 539 1757 ϐῆναι
575 1689 913 1759 πειρώμενος
942 1694 1087 1756 νοῦν,
1122 1697 1216 1748 καὶ
1239 1697 1300 1749 τὸ
1329 1699 1469 1751 κατὰ
1492 1699 1728 1770 Χριστὸν
1758 1701 1948 1769 νοῆσαι
1980 1723 2026 1782 Β

380 1780 697 1849 μυστήριον.
715 1781 1035 1853 ’Δπρόσιτος
1069 1787 1249 1840 τοίνυν
1268 1789 1325 1840 ὲν
1352 1790 1503 1858 νόμῳ
1537 1791 1631 1843 καὶ
1654 1794 1720 1861 τῇ
1791 1792 1949 1845 παιδ-

379 1873 643 1942 αγωγικῇ
675 1871 900 1943 λατρεία
931 1877 959 1927 6
987 1876 1241 1944 Χριστός.
1271 1876 1457 1947 Νόμου
1484 1878 1592 1949 γὰρ
1621 1881 1908 1950 πρόσωπον
1927 1882 1954 1933 ό

378 1962 638 2031 Μωῦσῆς,
665 1965 712 2015 εί
748 1964 820 2034 μὴ
842 1980 944 2016 που
978 1964 1069 2017 τὸν
1094 1966 1156 2019 ἐκ
1182 1968 1279 2037 τῆς
1311 1968 1586 2041 ἁμαρτίας
1612 1973 1951 2043 προαποτρί-

375 2049 530 2120 ψοιτο
597 2052 894 2123 μολυσμὸν,
949 2054 1042 2107 καὶ
1076 2055 1175 2126 τὴν
1208 2057 1266 2112 ἐν
1292 2057 1487 2124 τύποις
1513 2060 1593 2113 ἐτι
1632 2063 1726 2114 καὶ
1774 2066 1954 2125 σκιαῖς

379 2141 744 2213 προαπόθοιτο
808 2144 1066 2216 λατρείαν
1103 2189 1118 2212 ,
1170 2150 1231 2203 οὐ
1289 2150 1515 2204 δύναται
1588 2156 1953 2224 προσεγγίσαι

378 2233 620 2302 Χριστῷ.
656 2234 720 2286 Οἳ
764 2236 820 2289 δὲ
861 2236 1170 2308 βουληθεῖεν
1234 2241 1612 2296 ἀπολύσασθαι
1660 2245 1718 2298 τὸ
1749 2246 1951 2315 προδη·

376 2323 547 2376 λωθὲν
578 2324 852 2396 ὑπόδημα,
885 2330 1131 2397 ὲγγιοῦσι
1157 2332 1275 2385 τότε
1306 2334 1550 2405 Χριστῷ,
1572 2336 1674 2404 τὴν
1697 2336 1757 2387 ὲν
1780 2336 1954 2390 Πνεύ-

379 2431 508 2484 ματι
546 2415 640 2467 καὶ
706 2415 937 2489 ἀληθείᾳ
982 2417 1239 2491 λατρείαν
1309 2423 1630 2493 προϊέμενοι
1672 2422 1735 2494 [Ῑ.
1784 2440 1955 2492 προσ-

382 2504 633 2578 ιέμενοι].

974 2685 1363 2741 KEIMENON.

450 2772 617 2843 Οὗτός
652 2770 855 2833 kern/6
883 2781 1127 2850 Μωῡσῆς
1152 2784 1180 2835 6
1205 2783 1376 2836 εἰπὼν
1406 2785 1516 2847 τοῖς
1550 2783 1686 2848 υίοίς
1718 2785 1955 2857 Ἰσραήλδ

383 2870 674 2940 Προφήτην
731 2872 861 2942 ὑμῖν
913 2874 1216 2944 ἀναστήσει
1245 2875 1452 2947 Κύριος
1491 2878 1519 2929 6
1545 2877 1677 2940 Θεὸς
1703 2878 1860 2950 ἡμῶν
1895 2880 1957 2932 ὲκ

379 2960 488 3013 τῶν
519 2961 763 3032 ἀδελφῶν
820 2965 977 3034 ἡμῶν
1013 2964 1087 3028 ὡς
1118 2964 1247 3035 ἐμὲ·
1284 2966 1450 3020 αὑτοῦ
1496 2968 1816 3023 ἀκούσεσθε.
1848 2963 1957 3023 05-

2063 509 2212 571 dam.
2237 521 2289 564 et
2320 511 2512 566 videbo
2550 511 2815 567 visionem
2849 513 2990 565 hanc
3017 526 3289 580 magnam,
3317 527 3490 579 quare
3522 527 3630 567 non

2064 599 2423 653 comburatur
2477 600 2672 656 rubus.
2710 621 2729 654 ι
2759 603 2828 655 At
2874 600 3156 669 prohibuit
3193 615 3313 655 eum
3344 601 3626 663 Dominus,

2057 690 2238 745 statim
2271 691 2319 745 ei
2353 690 2541 747 dicens
2558 692 2645 745 διε
2680 712 2698 743 ι
2733 694 2810 747 Ne
2832 692 3118 762 appropics
3141 693 3246 745 huc
3276 708 3289 744 :
3316 710 3334 743 ι
3364 692 3632 761 iussitque

2064 781 2161 846 illi,
2195 791 2254 836 ut
2288 800 2309 834 ς
2338 783 2768 839 calceamentum
2807 784 2873 839 tle
2910 784 3141 853 pedibus
3171 784 3288 839 suis
3318 784 3571 839 solveret.
3608 804 3626 837 ι

2062 871 2204 928 Ecce
2233 889 2390 942 quem
2423 876 2584 944 paulo
2614 883 2742 929 ante
2783 876 3036 945 angelum
3067 876 3299 942 dixerat,
3348 891 3495 929 nunc
3528 876 3634 929 Do-

2063 964 2272 1019 minum
2327 981 2391 1021 ac
2442 964 2608 1021 Deum
2661 983 2785 1023 esse
2844 969 3109 1024 ostendit.
3172 968 3291 1039 Ipse
3341 968 3486 1021 enim
3550 976 3633 1023 est

2064 1058 2243 1127 magni
2272 1057 2486 1112 consilii
2513 1058 2753 1128 Angelus
2780 1068 2834 1113 et
2872 1059 2962 1114 Dei
2988 1058 3179 1115 Filius.

2134 1147 2358 1214 Verum,
2392 1148 2673 1205 declarare
2726 1158 2943 1220 Oportet
2985 1150 3112 1220 quid
3152 1166 3250 1220 per
3292 1153 3634 1207 calceamen-

2064 1250 2178 1294 tum
2219 1240 2583 1306 signiﬁcetur.
2625 1240 2976 1296 Mortalitatis
3029 1249 3084 1296 et
3140 1243 3512 1311 corruptionis
3562 1242 3639 1297 si.

2062 1345 2225 1398 gnum
2259 1341 2344 1386 est
2388 1331 2818 1386 calceamentum
2851 1349 2864 1383 :
2910 1332 3180 1400 siquidem
3222 1347 3385 1388 omne
3426 1332 3637 1386 calcea-

2064 1431 2308 1476 mentum
2373 1421 2654 1476 residuqu
2729 1421 2858 1491 quid
2930 1429 3014 1476 est
3075 1423 3275 1476 mortui
3358 1421 3633 1474 animalis.

2062 1512 2289 1581 Oportet
2337 1512 2525 1582 igitur,
2575 1520 2635 1567 ut
2664 1527 2839 1567 .tnens
2869 1528 2991 1582 quae
3017 1511 3085 1566 ad
3116 1512 3356 1566 divinam
3390 1519 3637 1565 content-

2064 1602 2358 1672 plationem
2393 1603 2690 1658 ascendere
2722 1610 2776 1657 et
2808 1602 3015 1657 Christi
3046 1602 3303 1672 mysteria
3330 1601 3637 1669 intelligere

2063 1693 2282 1759 nititur,
2312 1707 2502 1747 omnes
2534 1703 2774 1747 mortuas
2800 1692 3160 1758 carnalesque
3189 1690 3633 1760 imaginatioues.

2055 1783 2220 1835 veluti
2261 1783 2624 1836 calceamenta
2664 1781 2933 1849 quaedam.
2996 1778 3301 1834 dissolvat:
3340 1795 3445 1833 non
3483 1782 3627 1833 enim

2056 1887 2149 1940 per
2181 1872 2347 1941 legem
2376 1880 2429 1925 et
2469 1871 2916 1938 praeparatorium
2956 1871 3076 1939 ejus
3122 1870 3336 1941 cultum
3378 1871 3635 1926 accedere

2054 1962 2343 2030 quisquam
2378 1967 2557 2030 potest
2602 1959 2667 2014 ad
2718 1960 3021 2016 Christum.
3067 1959 3228 2029 Legis
3271 1961 3425 2016 enim
3451 1977 3637 2031 perso-

2056 2068 2178 2106 nam
2208 2067 2403 2123 gerens
2452 2051 2654 2118 Moses,
2712 2052 2816 2108 uisi
2860 2053 3013 2122 prius
3065 2050 3255 2107 sordes
3297 2067 3360 2107 ex
3411 2063 3635 2122 peccato

2055 2151 2375 2209 contractas
2419 2144 2716 2211 ahstergat,
2775 2144 3118 2212 cultumque,
3192 2144 3287 2213 qui
3345 2143 3522 2198 adhuc
3581 2145 3633 2197 iu

2055 2235 2201 2303 typis
2228 2240 2284 2288 et
2310 2235 2521 2290 umbris
2547 2234 2823 2300 consistit,
2859 2249 2887 2287 a
2918 2249 2977 2289 se
3010 2235 3258 2304 repellat,
3285 2234 3431 2288 haud
3459 2243 3636 2305 potest

2058 2327 2497 2396 appropinquare
2536 2328 2780 2382 Christo.
2821 2326 2924 2392 Qui
2969 2337 3150 2381 tamen
3199 2329 3411 2382 solvere
3441 2328 3633 2382 volue-

2057 2419 2167 2472 rint
2203 2417 2519 2487 praedictutn
2545 2420 2998 2483 calceumentutu,
3057 2428 3190 2473 tunc.
3227 2418 3635 2489 appropinqua-

2064 2509 2200 2563 bunt
2229 2496 2471 2573 Christo,
2527 2511 2902 2566 adorationem
2935 2512 2980 2543 "
3022 2530 3039 2562 ι
3074 2511 3127 2564 in
3157 2511 3352 2579 spiritu
3393 2520 3447 2566 et
3492 2510 3635 2566 veri-

2065 2608 2176 2653 tate
2204 2617 2222 2649 ι
2263 2598 2371 2653 Deo
2398 2590 2742 2656 exhibentes.

2075 2678 2079 2683 ”
2691 2687 2990 2745 TEXTUS.

2138 2777 2248 2843 νη,
2278 2779 2348 2835 37
2380 2779 2465 2835 42.
2504 2781 2705 2835 Hicest
2733 2780 2945 2852 Moyses
2986 2781 3078 2852 qui
3109 2782 3244 2836 dixit
3271 2781 3395 2837 ﬁliis
3426 2782 3589 2837 lsrael
3620 2798 3638 2838 :

2061 2865 2389 2937 Prophetam
2408 2868 2697 2923 suscitabit
2725 2869 2880 2924 vobis
2898 2869 3038 2925 Deus
3053 2870 3119 2926 de
3132 2869 3392 2925 fratribus
3418 2871 3635 2933 vestris,

2061 2963 2322 3026 tauquam
2348 2972 2455 3023 me,
2478 2957 2654 3025 ipsum
2682 2957 2935 3014 audietis.
2962 2958 3064 3013 Hic
3085 2966 3189 3021 est,
3210 2957 3300 3027 qui
3329 2956 3429 3011 fuit
3454 2957 3507 3011 in
3543 2954 3642 3011 Ec-

379 3054 469 3117 τός
500 3055 647 3107 ἔστιν
674 3056 703 3109 6
722 3057 1010 3126 γενόμενος
1044 3059 1101 3111 ὲν
1130 3062 1196 3130 τῇ
1235 3060 1534 3132 Ἐκκλησία
1579 3063 1637 3114 ὲν
1673 3065 1738 3133 τῇ
1765 3064 1958 3134 ἐρήμῳ

2065 3048 2227 3102 clesia
2267 3047 2320 3101 in
2353 3048 2652 3103 solitudine
2679 3063 2802 3103 cunt
2833 3051 3051 3120 angelo,
3073 3047 3639 3120 quiloquebatureiiu

384 3145 524 3215 μετὰ
574 3147 668 3200 τοῦ
698 3148 932 3217 ἀγγέλου
974 3149 1069 3203 τοῦ
1130 3150 1417 3214 λαλοῦντος
1466 3153 1616 3222 αὑτῷ
1646 3156 1704 3207 ἐν
1730 3156 1809 3225 τῷ
1837 3156 1957 3228 ὄρει

382 3236 511 3288 Σινᾶ
544 3237 635 3290 καὶ
678 3236 932 3307 πατέρων
991 3238 1169 3307 ἡμῶν,
1209 3239 1268 3301 ὃς
1300 3239 1523 3305 ἐδέξατο
1581 3241 1732 3311 λόγια
1779 3244 1958 3306 ζῶντα

379 3324 560 3378 δοῦναι
617 3326 769 3395 ἡμῖν.
823 3321 895 3398 ᾯ
929 3329 1028 3380 οὐκ
1082 3327 1356 3401 ἠθέλησαν
1412 3330 1647 3400 ὑπήκοοι
1701 3333 1957 3400 γενέσθαι

382 3418 430 3470 οἱ
451 3417 691 3487 πατέρες
741 3418 901 3487 ἡμῶν
925 3434 939 3449 ο
978 3419 1093 3473 ἀλλ’
1143 3420 1456 3484 ἀπώσαντο,
1485 3422 1581 3476 καὶ
1607 3424 1958 3495 ἐστράφησαν

381 3510 447 3578 τῇ
487 3507 686 3580 καρδίᾳ
706 3508 983 3574 αὐτῶνείς
1012 3511 1311 3579 Αἴγυπτον,
1341 3512 1590 3578 είπόντες
1611 3515 1688 3581 τῷ
1723 3516 1955 3588 Ἀαρών

386 3598 619 3667 Ποίησον
687 3599 818 3669 ἡμῖν
865 3600 1042 3666 θεοὺς,
1087 3602 1137 3654 οἳ
1182 3604 1655 3674 προπορεύσονται
1702 3608 1858 3677 ἡμῖν.
1898 3608 1959 3661 '0

383 3687 493 3758 γὰρ
544 3689 782 3757 Μωῦσῆς
836 3684 1014 3768 οὗτος,
1054 3691 1116 3754 ὃς
1142 3690 1415 3761 ἐξήγαγεν
1450 3695 1601 3764 ἡμᾶς
1636 3696 1700 3748 ὲκ
1725 3696 1830 3766 γῆς
1866 3698 1961 3750 Αί-

386 3776 615 3844 γύπτου,
650 3779 752 3832 οὐκ
778 3779 1001 3850 οίδαμεν
1030 3781 1084 3834 τί
1127 3782 1353 3849 γέγονεν
1381 3783 1555 3852 αὐτῷ.
1584 3785 1698 3837 Καὶ
1727 3787 1959 3858 ἐμοσχο-

390 3867 622 3937 ποίησαν
652 3870 711 3922 ὲν
727 3870 846 3932 ταῖς
867 3869 1107 3940 ἡμέραις
1139 3871 1400 3933 ἐκείναις,
1433 3872 1526 3923 καλ¹
1555 3872 1830 3941 ἀνήγαγον
1867 3874 1962 3928 θυ-

390 3959 510 4013 σίαν
528 3959 605 4030 τῷ
634 3957 835 4030 εἰδώλῳ
878 3961 974 4012 καὶ
1004 3960 1357 4031 εὐφραίνοντο
1379 3962 1441 4014 ἐν
1470 3963 1585 4024 τοῖς
1614 3961 1799 4036 ἔργοις
1854 3965 1962 4019 τῶν

390 4049 587 4121 χειρῶν
646 4049 846 4104 αὐτῶν.
884 4050 1157 4121 Ἔστρεψε
1183 4051 1239 4104 δὲ
1270 4051 1300 4103 6
1321 4051 1478 4117 Θεὸς,
1515 4053 1611 4107 καὶ
1643 4055 1963 4123 παρέδωκεν

390 4140 584 4203 αὐτοὺς
635 4139 920 4211 λατρεύειν
949 4143 1015 4211 τῇ
1047 4142 1279 4212 στρατιᾷ
1331 4144 1426 4196 τοῦ
1459 4143 1716 4212 οὐρανοῦ,
1777 4144 1964 4213 καθὼς

390 4230 700 4299 γέγραπται
726 4230 783 4284 ἰν
812 4228 1003 4302 βιϐλίῳ
1033 4229 1353 4302 προφητῶν
1382 4231 1475 4301 Μὴ
1508 4232 1715 4300 σφάγια
1746 4234 1840 4288 καὶ
1872 4235 1964 4289 θυ-

393 4322 513 4384 σίας
559 4323 972 4393 προσηνέγκατὲ
1030 4340 1120 4394 μοι
1174 4322 1271 4395 ἔτη
1315 4325 1726 4395 τεσσαράκοντα
1777 4328 1835 4381 ἐν
1894 4331 1961 4400 τῇ

393 4413 604 4482 ἐρήμῳ,
636 4407 783 4476 οἶκος
823 4413 1041 4484 Ἰσραήλ
1064 4431 1078 4476 ;

996 4504 1376 4559 EPMHNEIA.

463 4592 636 4646 Τοῦτο
666 4591 945 4663 ἐπήγαγεν
965 4594 993 4646 6
1016 4595 1286 4665 μακάριος
1331 4595 1608 4663 Στέφανος
1655 4598 1966 4669 αἰνιττόμε-

394 4700 482 4745 νος
519 4684 703 4747 αὐτοῖς
734 4684 795 4735 τὸ
827 4682 969 4737 κατὰ
987 4684 1223 4754 Χριστὸν
1254 4687 1573 4756 μυστήριον,
1634 4688 1729 4741 καὶ
1752 4690 1967 4754 δεικνὺς

393 4774 475 4826 ὅτι
514 4775 609 4841 καὶ
635 4775 664 4826 6
697 4774 925 4842 Μοῦσῆς
974 4775 1105 4846 περὶ
1143 4775 1308 4828 αὐτοῦ
1361 4779 1493 4849 ἡμῖν
1514 4779 1801 4847 λελάληκε.
1830 4782 1969 4851 Προ-

397 4865 673 4927 αναφωνεῖ
701 4865 809 4933 γὰρ
831 4862 997 4917 πάλαι
1024 4864 1121 4935 τὴν
1155 4864 1247 4917 τοῦ
1274 4865 1405 4918 ἰδίου
1439 4866 1604 4937 Γεννή
1614 4885 1782 4936 ματος
1814 4871 1969 4922 ἐναν-

402 4950 688 5020 θρὼπησιν
721 4955 749 5007 6
783 4955 917 5020 Θεὸς
976 4956 1071 5009 καὶ
1147 4956 1337 5028 Πατὴρ
1399 4956 1487 5011 διὰ
1547 4957 1641 5010 τοῦ
1688 4959 1966 5028 πανσόφου

396 5041 693 5108 Μωῡσέως,
747 5049 840 5099 καὶ
868 5048 948 5100 ὅτι
977 5049 1006 5100 6
1043 5047 1296 5117 δεύτερος
1359 5047 1653 5120 νομοθέτης
1684 5051 1769 5119 ἐφ’
1822 5038 1968 5121 ἡμᾶς

400 5130 847 5201 ἁναδειχθήσεται
874 5153 889 5168 ο
925 5136 1169 5207 λαλήσας
1199 5138 1297 5208 μὲν
1330 5138 1498 5192 πάλαι
1538 5142 1647 5203 τοῖς
1685 5141 1971 5211 ἀρχαιοτέ-

405 5239 521 5293 ροις
570 5224 731 5289 αὐτὸς
764 5227 827 5280 δι’
852 5228 1086 5296 ἀγγέλου
1117 5215 1165 5262 ⁸³
1214 5231 1338 5293 δοὺς
1362 5230 1455 5285 τὸν
1481 5231 1664 5302 νόμον·
1694 5234 1750 5284 ἐν
1776 5232 1831 5285 δὲ
1858 5234 1973 5296 τοῖς

401 5314 735 5381 τελευταίοις
784 5322 1019 5397 καιροῖς,
1087 5321 1388 5391 αὐτουργὸς
1436 5324 1517 5385 είς
1575 5324 1723 5393 ἡμᾶς
1783 5323 1975 5378 ἀναδε-

484 5494 530 5527 ⁸²
558 5493 728 5549 Exod.
756 5512 836 5560 Ill,
869 5497 921 5551 5.
1002 5495 1046 5528 ⁸⁸
1068 5497 1196 5554 ibid.
1235 5500 1288 5555 5.
1363 5499 1410 5532 ⁸⁸
1431 5498 1589 5556 Joan.
1613 5516 1686 5561 IV,
1712 5499 1802 5553 23.

2067 3147 2250 3195 monte
2290 3140 2441 3205 Sina,
2486 3150 2541 3193 et
2579 3155 2702 3194 cum
2750 3142 3000 3210 patribus
3033 3141 3256 3205 nostris,
3286 3139 3381 3210 qui
3427 3138 3638 3206 accepit

2066 3229 2232 3284 verba
2270 3230 2395 3284 vita
2417 3230 2545 3284 dare
2562 3231 2739 3287 nobis.
2766 3230 2863 3286 Cui
2890 3232 3185 3288 noluerunt
3212 3231 3432 3287 obedire
3460 3237 3641 3301 patres

2066 3320 2260 3387 nostri,
2281 3320 2374 3377 secl
2407 3322 2744 3390 repulerunt,
2774 3329 2827 3376 et
2845 3324 3022 3379 aversi
3048 3332 3171 3378 sunt
3199 3323 3366 3401 228
3382 3321 3639 3377 cordibus

2066 3412 2182 3466 suis
2208 3410 2264 3465 in
2310 3410 2631 3483 Egyptum.
2681 3413 2924 3469 dicentes
2953 3413 3018 3468 ad
3057 3413 3237 3469 Aaron
3278 3428 3291 3464 :
3344 3412 3452 3468 Fac
3485 3411 3642 3467 nobis

2066 3501 2200 3555 deos
2237 3501 2331 3570 qui
2386 3503 2697 3571 praecedant
2738 3518 2839 3559 nos
2876 3519 2890 3554 :
2928 3502 3141 3574 Moyses
3188 3504 3339 3577 enim
3390 3504 3503 3571 hic,
3549 3505 3638 3573 qui

2068 3593 2256 3647 eduxit
2294 3609 2397 3649 nos
2431 3594 2496 3649 de
2526 3603 2670 3649 terra
2702 3594 2948 3666 Egypti,
2977 3599 3250 3653 nescimus
3277 3596 3410 3669 quid
3440 3597 3638 3652 factum

2070 3680 2142 3735 sit
2168 3680 2241 3736 ei.
2268 3681 2331 3734 Et
2359 3682 2586 3736 vitulum
2624 3682 2867 3737 fecerunt
2898 3683 2953 3737 in
2992 3683 3188 3739 diebus
3220 3683 3356 3749 illis,
3398 3692 3454 3740 et
3483 3687 3642 3739 Olzltl-

2072 3772 2255 3826 lerunt
2284 3771 2519 3826 hostiam
2568 3773 2888 3840 simulacro,
2921 3782 2976 3828 et
3005 3772 3327 3828 laetabantur
3360 3776 3411 3829 in
3457 3776 3640 3844 operi-

2068 3862 2175 3917 bus
2221 3877 2482 3917 manuum
2520 3879 2768 3921 suarum.
2824 3863 3109 3920 Convertit
3153 3874 3333 3920 autem
3376 3865 3538 3925 Deus.
3586 3880 3641 3922 et

2071 3956 2295 4012 tradidit
2351 3973 2448 4013 eos
2499 3960 2706 4013 servire
2756 3958 2965 4013 militia:
3005 3959 3153 4024 cmh',
3192 3959 3337 4014 sicut
3374 3959 3638 4027 scriptum

2070 4060 2156 4106 est
2192 4049 2249 4104 in
2308 4049 2446 4105 libro
2500 4050 2938 4120 prophetarum:
2991 4047 3250 4119 Nunquid
3291 4047 3545 4103 victimas
3590 4058 3642 4102 et

2074 4142 2280 4198 hostias
2296 4142 2573 4197 obtulistis
2604 4140 2733 4194 mihi
2756 4142 2913 4197 annis
2933 4141 3293 4212 quadraginta
3325 4141 3378 4195 in
3402 4139 3642 4203 deserto,

2074 4230 2271 4287 domus
2303 4230 2509 4287 Israel?

2576 4497 3147 4557 COMMENTARIUS.

2149 4593 2265 4646 Hoc
2298 4591 2505 4648 addidit
2532 4592 2724 4648 beatus
2746 4592 3059 4664 Stephanus
3086 4596 3329 4650 innuens
3359 4601 3644 4667 peractum

2075 4682 2129 4736 in
2159 4681 2382 4737 Christo
2405 4683 2749 4753 mysterium,
2796 4692 2849 4739 et
2878 4684 3201 4750 ostendens,
3237 4687 3401 4741 etiam
3441 4684 3645 4740 Mosent

2076 4774 2315 4828 locutum
2353 4774 2420 4828 de
2449 4790 2514 4828 eo
2544 4774 2734 4832 fuisse.
2786 4774 2930 4830 Deus
2967 4775 3113 4831 enim
3157 4775 3317 4832 Pater
3359 4778 3470 4847 jam
3516 4779 3646 4832 olim

2076 4879 2173 4936 per
2223 4865 2691 4935 sapientissimum
2744 4864 2949 4921 Mosem
3017 4868 3413 4929 nrzenuntiarat
3466 4867 3644 4923 Geniti

2078 4959 2162 5011 sui
2200 4956 2650 5022 incarnationem,
2685 4945 2921 5029 eumque
2950 4959 3180 5015 alterum
3209 4960 3367 5017 nobis
3398 4960 3644 5014 futurum

2074 5049 2463 5119 legislatorem.
2521 5048 2657 5104 Nam
2718 5050 2857 5121 ipse,
2913 5052 3004 5122 qui
3055 5052 3255 5123 priscis
3311 5052 3646 5121 temporibus

2081 5154 2178 5210 per
2204 5141 2427 5210 angelos
2480 5140 2710 5211 loquens
2763 5142 2939 5213 legem
2992 5144 3176 5209 dedit,
3225 5145 3280 5199 in
3334 5141 3646 5198 novissimis

2083 5233 2419 5302 temporibus
2463 5249 2561 5303 per
2598 5236 2953 5306 semetipsum
2994 5236 3203 5293 Novum
3236 5237 3644 5290 Testamentum

2082 5324 2336 5386 sancivit,
2368 5325 2514 5380 velut
2569 5329 2745 5398 magni
2806 5323 3016 5385 consilii
3044 5326 3221 5382 Patris
3269 5326 3351 5381 sui
3382 5324 3643 5393 Angelus,

1601 5591 1808 5654 Variae
1857 5588 2161 5653 lectiones
2206 5595 2267 5652 et
2305 5597 2493 5652 notae.

492 5684 542 5718 ⁸³
577 5684 844 5755 ἀγγέλων.
