  <div class='ocr_page' id='page_1' title='image "/cluster/home/n/w/nwhite01/storage/ocr_20150623/125/hvd.32044073502429/505.png"; bbox 0 0 4088 6206; ppageno 0'>
   <div class='ocr_carea' id='block_1_1' title="bbox 516 364 621 433">
    <p class='ocr_par' dir='ltr' id='par_1_1' title="bbox 516 364 621 433">
     <span class='ocr_line' id='line_1_1' title="bbox 516 364 621 433; baseline -0.019 0"><span class='ocrx_word' id='word_1_1' title='bbox 516 364 621 433; x_wconf 77' lang='grc'><strong>915</strong></span> 
     </span>
    </p>
   </div>
   <div class='ocr_carea' id='block_1_2' title="bbox 517 567 2088 645">
    <p class='ocr_par' dir='ltr' id='par_1_2' title="bbox 517 567 2088 645">
     <span class='ocr_line' id='line_1_2' title="bbox 517 567 2088 645; baseline -0.011 -14"><span class='ocrx_word' id='word_1_2' title='bbox 517 590 711 645; x_wconf 82' lang='lat' dir='ltr'><strong>nempe</strong></span> <span class='ocrx_word' id='word_1_3' title='bbox 773 570 1160 639; x_wconf 80' lang='lat' dir='ltr'><strong>legislaturem.</strong></span> <span class='ocrx_word' id='word_1_4' title='bbox 1207 587 1225 618; x_wconf 72' lang='grc' dir='ltr'><strong>ι</strong></span> <span class='ocrx_word' id='word_1_5' title='bbox 1293 567 1616 636; x_wconf 81' lang='lat' dir='ltr'><strong>Propltetam</strong></span> <span class='ocrx_word' id='word_1_6' title='bbox 1690 574 1870 617; x_wconf 89' lang='lat' dir='ltr'><strong>autem</strong></span> <span class='ocrx_word' id='word_1_7' title='bbox 1933 572 2088 615; x_wconf 65' lang='lat' dir='ltr'><strong>voeat</strong></span> 
     </span>
    </p>
   </div>
   <div class='ocr_carea' id='block_1_3' title="bbox 514 651 2086 734">
    <p class='ocr_par' dir='ltr' id='par_1_3' title="bbox 514 651 2086 734">
     <span class='ocr_line' id='line_1_3' title="bbox 514 651 2086 734; baseline -0.011 -14"><span class='ocrx_word' id='word_1_8' title='bbox 514 668 691 734; x_wconf 88' lang='lat' dir='ltr'><strong>ip‘sum</strong></span> <span class='ocrx_word' id='word_1_9' title='bbox 736 659 1122 732; x_wconf 89' lang='lat' dir='ltr'><strong>prophetarum</strong></span> <span class='ocrx_word' id='word_1_10' title='bbox 1173 658 1461 713; x_wconf 88' lang='lat' dir='ltr'><strong>Dominum</strong></span> <span class='ocrx_word' id='word_1_11' title='bbox 1505 665 1724 727; x_wconf 77' lang='lat' dir='ltr'><strong>propter</strong></span> <span class='ocrx_word' id='word_1_12' title='bbox 1772 651 2086 708; x_wconf 86' lang='lat' dir='ltr'><strong>humanita-</strong></span> 
     </span>
    </p>
   </div>
   <div class='ocr_carea' id='block_1_4' title="bbox 515 767 644 811">
    <p class='ocr_par' dir='ltr' id='par_1_4' title="bbox 515 767 644 811">
     <span class='ocr_line' id='line_1_4' title="bbox 515 767 644 811; baseline -0.008 -3"><span class='ocrx_word' id='word_1_13' title='bbox 515 767 644 811; x_wconf 85' lang='lat' dir='ltr'><strong>tem.</strong></span> 
     </span>
    </p>
   </div>
   <div class='ocr_carea' id='block_1_5' title="bbox 1145 922 1443 982">
    <p class='ocr_par' dir='ltr' id='par_1_5' title="bbox 1145 922 1443 982">
     <span class='ocr_line' id='line_1_5' title="bbox 1145 922 1443 982; baseline -0.013 -2"><span class='ocrx_word' id='word_1_14' title='bbox 1145 922 1443 982; x_wconf 70' lang='lat' dir='ltr'><strong>TEXTUS.</strong></span> 
     </span>
    </p>
   </div>
   <div class='ocr_carea' id='block_1_6' title="bbox 592 1007 2085 1089">
    <p class='ocr_par' dir='ltr' id='par_1_6' title="bbox 592 1007 2085 1089">
     <span class='ocr_line' id='line_1_6' title="bbox 592 1007 2085 1089; baseline -0.008 -14"><span class='ocrx_word' id='word_1_15' title='bbox 592 1019 704 1087; x_wconf 81' lang='lat' dir='ltr'><strong>Vll,</strong></span> <span class='ocrx_word' id='word_1_16' title='bbox 739 1022 827 1077; x_wconf 66' lang='grc'><strong>45.</strong></span> <span class='ocrx_word' id='word_1_17' title='bbox 882 1018 945 1075; x_wconf 84' lang='lat' dir='ltr'><strong>Et</strong></span> <span class='ocrx_word' id='word_1_18' title='bbox 1000 1018 1323 1089; x_wconf 76' lang='lat' dir='ltr'><strong>suscepistis</strong></span> <span class='ocrx_word' id='word_1_19' title='bbox 1379 1011 1790 1070; x_wconf 90' lang='lat' dir='ltr'><strong>tabernaculum</strong></span> <span class='ocrx_word' id='word_1_20' title='bbox 1848 1007 2085 1073; x_wconf 84' lang='lat' dir='ltr'><strong>Moloch,</strong></span> 
     </span>
    </p>
   </div>
   <div class='ocr_carea' id='block_1_7' title="bbox 516 1100 2089 1178">
    <p class='ocr_par' dir='ltr' id='par_1_7' title="bbox 516 1100 2089 1178">
     <span class='ocr_line' id='line_1_7' title="bbox 516 1100 2089 1178; baseline -0.007 -12"><span class='ocrx_word' id='word_1_21' title='bbox 516 1123 568 1166; x_wconf 87' lang='lat' dir='ltr'><strong>et</strong></span> <span class='ocrx_word' id='word_1_22' title='bbox 594 1112 746 1168; x_wconf 87' lang='lat' dir='ltr'><strong>sidus</strong></span> <span class='ocrx_word' id='word_1_23' title='bbox 779 1111 871 1166; x_wconf 85' lang='lat' dir='ltr'><strong>Dei</strong></span> <span class='ocrx_word' id='word_1_24' title='bbox 907 1110 1073 1166; x_wconf 91' lang='lat' dir='ltr'><strong>vestri</strong></span> <span class='ocrx_word' id='word_1_25' title='bbox 1098 1106 1417 1178; x_wconf 79' lang='lat' dir='ltr'><strong>Rempham,</strong></span> <span class='ocrx_word' id='word_1_26' title='bbox 1449 1108 1669 1176; x_wconf 74' lang='lat' dir='ltr'><strong>iiguras,</strong></span> <span class='ocrx_word' id='word_1_27' title='bbox 1699 1117 1837 1172; x_wconf 88' lang='lat' dir='ltr'><strong>quas</strong></span> <span class='ocrx_word' id='word_1_28' title='bbox 1880 1100 2089 1156; x_wconf 80' lang='lat' dir='ltr'><strong>fecistis</strong></span> 
     </span>
    </p>
   </div>
   <div class='ocr_carea' id='block_1_8' title="bbox 521 1193 2085 1264">
    <p class='ocr_par' dir='ltr' id='par_1_8' title="bbox 521 1193 2085 1264">
     <span class='ocr_line' id='line_1_8' title="bbox 521 1193 2085 1264; baseline -0.009 -6"><span class='ocrx_word' id='word_1_29' title='bbox 521 1204 754 1258; x_wconf 88' lang='lat' dir='ltr'><strong>adorare</strong></span> <span class='ocrx_word' id='word_1_30' title='bbox 794 1218 910 1258; x_wconf 88' lang='lat' dir='ltr'><strong>eas.</strong></span> <span class='ocrx_word' id='word_1_31' title='bbox 942 1202 1005 1255; x_wconf 83' lang='lat' dir='ltr'><strong>Et</strong></span> <span class='ocrx_word' id='word_1_32' title='bbox 1037 1200 1365 1256; x_wconf 80' lang='lat' dir='ltr'><strong>transferam</strong></span> <span class='ocrx_word' id='word_1_33' title='bbox 1400 1214 1495 1252; x_wconf 83' lang='lat' dir='ltr'><strong>vos</strong></span> <span class='ocrx_word' id='word_1_34' title='bbox 1532 1205 1685 1250; x_wconf 89' lang='lat' dir='ltr'><strong>trans</strong></span> <span class='ocrx_word' id='word_1_35' title='bbox 1721 1193 2085 1264; x_wconf 84' lang='lat' dir='ltr'><strong>Babylonem.</strong></span> 
     </span>
    </p>
   </div>
   <div class='ocr_carea' id='block_1_9' title="bbox 1013 1372 1580 1435">
    <p class='ocr_par' dir='ltr' id='par_1_9' title="bbox 1013 1372 1580 1435">
     <span class='ocr_line' id='line_1_9' title="bbox 1013 1372 1580 1435; baseline -0.012 1"><span class='ocrx_word' id='word_1_36' title='bbox 1013 1372 1580 1435; x_wconf 70' lang='lat' dir='ltr'><strong>COMMENTARIUS.</strong></span> 
     </span>
    </p>
   </div>
   <div class='ocr_carea' id='block_1_10' title="bbox 593 1467 2083 1541">
    <p class='ocr_par' dir='ltr' id='par_1_10' title="bbox 593 1467 2083 1541">
     <span class='ocr_line' id='line_1_10' title="bbox 593 1467 2083 1541; baseline -0.003 -15"><span class='ocrx_word' id='word_1_37' title='bbox 593 1470 887 1541; x_wconf 80' lang='lat' dir='ltr'><strong>Postquam</strong></span> <span class='ocrx_word' id='word_1_38' title='bbox 922 1475 974 1526; x_wconf 94' lang='lat' dir='ltr'><strong>in</strong></span> <span class='ocrx_word' id='word_1_39' title='bbox 1029 1484 1265 1528; x_wconf 90' lang='lat' dir='ltr'><strong>montem</strong></span> <span class='ocrx_word' id='word_1_40' title='bbox 1317 1472 1567 1527; x_wconf 79' lang='lat' dir='ltr'><strong>ascendit</strong></span> <span class='ocrx_word' id='word_1_41' title='bbox 1616 1469 1815 1533; x_wconf 81' lang='lat' dir='ltr'><strong>Moses,</strong></span> <span class='ocrx_word' id='word_1_42' title='bbox 1851 1467 2083 1522; x_wconf 88' lang='lat' dir='ltr'><strong>vitulum</strong></span> 
     </span>
    </p>
   </div>
   <div class='ocr_carea' id='block_1_11' title="bbox 510 1562 2087 1641">
    <p class='ocr_par' dir='ltr' id='par_1_11' title="bbox 510 1562 2087 1641">
     <span class='ocr_line' id='line_1_11' title="bbox 510 1562 2087 1641; baseline -0.003 -21"><span class='ocrx_word' id='word_1_43' title='bbox 510 1564 818 1641; x_wconf 73' lang='lat' dir='ltr'><strong>conﬂarunt</strong></span> <span class='ocrx_word' id='word_1_44' title='bbox 868 1564 1145 1632; x_wconf 58' lang='lat' dir='ltr'><strong>Israelita,</strong></span> <span class='ocrx_word' id='word_1_45' title='bbox 1191 1580 1425 1632; x_wconf 86' lang='lat' dir='ltr'><strong>seseque</strong></span> <span class='ocrx_word' id='word_1_46' title='bbox 1472 1572 1746 1619; x_wconf 84' lang='lat' dir='ltr'><strong>astrorum</strong></span> <span class='ocrx_word' id='word_1_47' title='bbox 1771 1562 1923 1616; x_wconf 89' lang='lat' dir='ltr'><strong>cultu</strong></span> <span class='ocrx_word' id='word_1_48' title='bbox 1955 1576 2087 1616; x_wconf 57' lang='lat' dir='ltr'><strong>con-</strong></span> 
     </span>
    </p>
   </div>
   <div class='ocr_carea' id='block_1_12' title="bbox 511 1655 2083 1726">
    <p class='ocr_par' dir='ltr' id='par_1_12' title="bbox 511 1655 2083 1726">
     <span class='ocr_line' id='line_1_12' title="bbox 511 1655 2083 1726; baseline 0.001 -22"><span class='ocrx_word' id='word_1_49' title='bbox 511 1658 850 1710; x_wconf 85' lang='lat' dir='ltr'><strong>taminarunt</strong></span> <span class='ocrx_word' id='word_1_50' title='bbox 890 1676 901 1710; x_wconf 92' lang='lat'><strong>:</strong></span> <span class='ocrx_word' id='word_1_51' title='bbox 938 1664 1099 1726; x_wconf 85' lang='lat' dir='ltr'><strong>atque</strong></span> <span class='ocrx_word' id='word_1_52' title='bbox 1153 1658 1510 1710; x_wconf 86' lang='lat' dir='ltr'><strong>tabernaculo</strong></span> <span class='ocrx_word' id='word_1_53' title='bbox 1552 1655 1725 1717; x_wconf 78' lang='lat' dir='ltr'><strong>facto,</strong></span> <span class='ocrx_word' id='word_1_54' title='bbox 1783 1655 1987 1709; x_wconf 87' lang='lat' dir='ltr'><strong>idolum</strong></span> <span class='ocrx_word' id='word_1_55' title='bbox 2030 1655 2083 1707; x_wconf 92' lang='lat' dir='ltr'><strong>in</strong></span> 
     </span>
    </p>
   </div>
   <div class='ocr_carea' id='block_1_13' title="bbox 508 1742 2087 1815">
    <p class='ocr_par' dir='ltr' id='par_1_13' title="bbox 508 1742 2087 1815">
     <span class='ocr_line' id='line_1_13' title="bbox 508 1742 2087 1815; baseline -0.001 -18"><span class='ocrx_word' id='word_1_56' title='bbox 508 1763 575 1799; x_wconf 79' lang='lat' dir='ltr'><strong>uo</strong></span> <span class='ocrx_word' id='word_1_57' title='bbox 603 1754 937 1808; x_wconf 89' lang='lat' dir='ltr'><strong>statuerunt,</strong></span> <span class='ocrx_word' id='word_1_58' title='bbox 968 1747 1110 1815; x_wconf 88' lang='lat' dir='ltr'><strong>quod</strong></span> <span class='ocrx_word' id='word_1_59' title='bbox 1148 1746 1485 1815; x_wconf 85' lang='lat' dir='ltr'><strong>appellarunt</strong></span> <span class='ocrx_word' id='word_1_60' title='bbox 1506 1745 1715 1801; x_wconf 80' lang='lat' dir='ltr'><strong>Moloch</strong></span> <span class='ocrx_word' id='word_1_61' title='bbox 1750 1762 1763 1797; x_wconf 86' lang='lat'><strong>:</strong></span> <span class='ocrx_word' id='word_1_62' title='bbox 1792 1745 1932 1815; x_wconf 88' lang='lat' dir='ltr'><strong>quod</strong></span> <span class='ocrx_word' id='word_1_63' title='bbox 1961 1742 2087 1815; x_wconf 87' lang='lat' dir='ltr'><strong>qui-</strong></span> 
     </span>
    </p>
   </div>
   <div class='ocr_carea' id='block_1_14' title="bbox 509 1796 2163 1898">
    <p class='ocr_par' dir='ltr' id='par_1_14' title="bbox 509 1796 2163 1898">
     <span class='ocr_line' id='line_1_14' title="bbox 509 1796 2163 1898; baseline 0.001 -9"><span class='ocrx_word' id='word_1_64' title='bbox 509 1838 631 1892; x_wconf 72' lang='lat' dir='ltr'><strong>ilcm</strong></span> <span class='ocrx_word' id='word_1_65' title='bbox 693 1837 897 1891; x_wconf 79' lang='lat' dir='ltr'><strong>idolum</strong></span> <span class='ocrx_word' id='word_1_66' title='bbox 951 1846 1068 1891; x_wconf 89' lang='lat' dir='ltr'><strong>erat</strong></span> <span class='ocrx_word' id='word_1_67' title='bbox 1110 1836 1494 1898; x_wconf 86' lang='lat' dir='ltr'><strong>Moabitarum,</strong></span> <span class='ocrx_word' id='word_1_68' title='bbox 1546 1837 1756 1892; x_wconf 85' lang='lat' dir='ltr'><strong>habens</strong></span> <span class='ocrx_word' id='word_1_69' title='bbox 1811 1837 1865 1891; x_wconf 92' lang='lat' dir='ltr'><strong>in</strong></span> <span class='ocrx_word' id='word_1_70' title='bbox 1907 1796 2163 1891; x_wconf 80' lang='lat' dir='ltr'><strong>fronteB</strong></span> 
     </span>
    </p>
   </div>
   <div class='ocr_carea' id='block_1_15' title="bbox 509 1925 2088 1997">
    <p class='ocr_par' dir='ltr' id='par_1_15' title="bbox 509 1925 2088 1997">
     <span class='ocr_line' id='line_1_15' title="bbox 509 1925 2088 1997; baseline -0.001 -17"><span class='ocrx_word' id='word_1_71' title='bbox 509 1927 769 1980; x_wconf 78' lang='lat' dir='ltr'><strong>eximium</strong></span> <span class='ocrx_word' id='word_1_72' title='bbox 812 1926 1251 1995; x_wconf 89' lang='lat' dir='ltr'><strong>pellucidnmque</strong></span> <span class='ocrx_word' id='word_1_73' title='bbox 1311 1925 1539 1995; x_wconf 92' lang='lat' dir='ltr'><strong>lapidem</strong></span> <span class='ocrx_word' id='word_1_74' title='bbox 1590 1926 1645 1980; x_wconf 86' lang='lat' dir='ltr'><strong>in</strong></span> <span class='ocrx_word' id='word_1_75' title='bbox 1682 1935 1867 1997; x_wconf 88' lang='lat' dir='ltr'><strong>typum</strong></span> <span class='ocrx_word' id='word_1_76' title='bbox 1919 1926 2088 1981; x_wconf 74' lang='lat' dir='ltr'><strong>stella:</strong></span> 
     </span>
    </p>
   </div>
   <div class='ocr_carea' id='block_1_16' title="bbox 510 2015 2090 2086">
    <p class='ocr_par' dir='ltr' id='par_1_16' title="bbox 510 2015 2090 2086">
     <span class='ocr_line' id='line_1_16' title="bbox 510 2015 2090 2086; baseline 0.001 -17"><span class='ocrx_word' id='word_1_77' title='bbox 510 2015 769 2070; x_wconf 82' lang='lat' dir='ltr'><strong>Lucileri.</strong></span> <span class='ocrx_word' id='word_1_78' title='bbox 792 2015 1091 2086; x_wconf 82' lang='lat' dir='ltr'><strong>Exponitur</strong></span> <span class='ocrx_word' id='word_1_79' title='bbox 1112 2032 1241 2072; x_wconf 88' lang='lat' dir='ltr'><strong>vero</strong></span> <span class='ocrx_word' id='word_1_80' title='bbox 1274 2032 1473 2071; x_wconf 88' lang='lat' dir='ltr'><strong>nomen</strong></span> <span class='ocrx_word' id='word_1_81' title='bbox 1507 2017 1744 2082; x_wconf 77' lang='lat' dir='ltr'><strong>Molocli,</strong></span> <span class='ocrx_word' id='word_1_82' title='bbox 1773 2036 1790 2068; x_wconf 85' lang='grc' dir='ltr'><strong>ι</strong></span> <span class='ocrx_word' id='word_1_83' title='bbox 1833 2033 1922 2072; x_wconf 75' lang='lat' dir='ltr'><strong>rex</strong></span> <span class='ocrx_word' id='word_1_84' title='bbox 1943 2016 2090 2086; x_wconf 89' lang='lat' dir='ltr'><strong>ipso-</strong></span> 
     </span>
    </p>
   </div>
   <div class='ocr_carea' id='block_1_17' title="bbox 514 2106 2080 2175">
    <p class='ocr_par' dir='ltr' id='par_1_17' title="bbox 514 2106 2080 2175">
     <span class='ocr_line' id='line_1_17' title="bbox 514 2106 2080 2175; baseline 0 -17"><span class='ocrx_word' id='word_1_85' title='bbox 514 2121 666 2169; x_wconf 83' lang='lat' dir='ltr'><strong>rum;</strong></span> <span class='ocrx_word' id='word_1_86' title='bbox 694 2106 988 2175; x_wconf 77' lang='lat' dir='ltr'><strong>llcmpham</strong></span> <span class='ocrx_word' id='word_1_87' title='bbox 1008 2115 1212 2169; x_wconf 90' lang='lat' dir='ltr'><strong>autem,</strong></span> <span class='ocrx_word' id='word_1_88' title='bbox 1236 2126 1255 2158; x_wconf 76' lang='grc' dir='ltr'><strong>ι</strong></span> <span class='ocrx_word' id='word_1_89' title='bbox 1276 2108 1651 2161; x_wconf 87' lang='lat' dir='ltr'><strong>obteuehratio</strong></span> <span class='ocrx_word' id='word_1_90' title='bbox 1666 2108 2080 2161; x_wconf 60' lang='lat' dir='ltr'><strong>etobcmcatioa</strong></span> 
     </span>
    </p>
   </div>
   <div class='ocr_carea' id='block_1_18' title="bbox 509 2195 2084 2267">
    <p class='ocr_par' dir='ltr' id='par_1_18' title="bbox 509 2195 2084 2267">
     <span class='ocr_line' id='line_1_18' title="bbox 509 2195 2084 2267; baseline 0.002 -19"><span class='ocrx_word' id='word_1_91' title='bbox 509 2225 579 2237; x_wconf 88' lang='lat'><strong>-—</strong></span> <span class='ocrx_word' id='word_1_92' title='bbox 601 2214 621 2247; x_wconf 83' lang='grc' dir='ltr'><strong>ι</strong></span> <span class='ocrx_word' id='word_1_93' title='bbox 644 2195 972 2266; x_wconf 85' lang='lat' dir='ltr'><strong>Suscepistis</strong></span> <span class='ocrx_word' id='word_1_94' title='bbox 1002 2212 1134 2267; x_wconf 80' lang='lat' dir='ltr'><strong>ergo</strong></span> <span class='ocrx_word' id='word_1_95' title='bbox 1168 2198 1570 2253; x_wconf 86' lang='lat' dir='ltr'><strong>tabernaculum</strong></span> <span class='ocrx_word' id='word_1_96' title='bbox 1588 2198 1820 2260; x_wconf 82' lang='lat' dir='ltr'><strong>Molocli,</strong></span> <span class='ocrx_word' id='word_1_97' title='bbox 1848 2218 1867 2248; x_wconf 72' lang='grc' dir='ltr'><strong>ι</strong></span> <span class='ocrx_word' id='word_1_98' title='bbox 1905 2198 1956 2252; x_wconf 89' lang='lat' dir='ltr'><strong>id</strong></span> <span class='ocrx_word' id='word_1_99' title='bbox 1981 2208 2084 2263; x_wconf 87' lang='lat' dir='ltr'><strong>est,</strong></span> 
     </span>
    </p>
   </div>
   <div class='ocr_carea' id='block_1_19' title="bbox 513 2287 2084 2358">
    <p class='ocr_par' dir='ltr' id='par_1_19' title="bbox 513 2287 2084 2358">
     <span class='ocr_line' id='line_1_19' title="bbox 513 2287 2084 2358; baseline 0.002 -18"><span class='ocrx_word' id='word_1_100' title='bbox 513 2287 656 2358; x_wconf 83' lang='lat' dir='ltr'><strong>regis</strong></span> <span class='ocrx_word' id='word_1_101' title='bbox 673 2287 861 2341; x_wconf 85' lang='lat' dir='ltr'><strong>vestri.</strong></span> <span class='ocrx_word' id='word_1_102' title='bbox 893 2306 912 2339; x_wconf 74' lang='grc' dir='ltr'><strong>ι</strong></span> <span class='ocrx_word' id='word_1_103' title='bbox 942 2288 1074 2353; x_wconf 85' lang='lat' dir='ltr'><strong>Quis</strong></span> <span class='ocrx_word' id='word_1_104' title='bbox 1108 2298 1287 2343; x_wconf 89' lang='lat' dir='ltr'><strong>autem</strong></span> <span class='ocrx_word' id='word_1_105' title='bbox 1316 2298 1397 2343; x_wconf 89' lang='lat' dir='ltr'><strong>est</strong></span> <span class='ocrx_word' id='word_1_106' title='bbox 1424 2289 1571 2343; x_wconf 85' lang='lat' dir='ltr'><strong>iste?</strong></span> <span class='ocrx_word' id='word_1_107' title='bbox 1602 2288 1767 2344; x_wconf 84' lang='lat' dir='ltr'><strong>Sidus</strong></span> <span class='ocrx_word' id='word_1_108' title='bbox 1799 2288 1890 2343; x_wconf 91' lang='lat' dir='ltr'><strong>Dei</strong></span> <span class='ocrx_word' id='word_1_109' title='bbox 1917 2289 2084 2344; x_wconf 85' lang='lat' dir='ltr'><strong>vestri</strong></span> 
     </span>
    </p>
   </div>
   <div class='ocr_carea' id='block_1_20' title="bbox 512 2366 2080 2444">
    <p class='ocr_par' dir='ltr' id='par_1_20' title="bbox 512 2366 2080 2444">
     <span class='ocr_line' id='line_1_20' title="bbox 512 2366 2080 2444; baseline 0.003 -16"><span class='ocrx_word' id='word_1_110' title='bbox 512 2373 814 2444; x_wconf 82' lang='lat' dir='ltr'><strong>Rempham</strong></span> <span class='ocrx_word' id='word_1_111' title='bbox 842 2393 856 2430; x_wconf 88' lang='lat'><strong>:</strong></span> <span class='ocrx_word' id='word_1_112' title='bbox 878 2377 1021 2444; x_wconf 88' lang='lat' dir='ltr'><strong>quod</strong></span> <span class='ocrx_word' id='word_1_113' title='bbox 1043 2376 1241 2431; x_wconf 82' lang='lat' dir='ltr'><strong>factum</strong></span> <span class='ocrx_word' id='word_1_114' title='bbox 1264 2366 1517 2434; x_wconf 26' lang='lat' dir='ltr'><strong>est‘vohis</strong></span> <span class='ocrx_word' id='word_1_115' title='bbox 1536 2380 1587 2432; x_wconf 90' lang='lat' dir='ltr'><strong>in</strong></span> <span class='ocrx_word' id='word_1_116' title='bbox 1608 2379 2033 2434; x_wconf 68' lang='lat' dir='ltr'><strong>obcaecationem</strong></span> <span class='ocrx_word' id='word_1_117' title='bbox 2066 2397 2080 2433; x_wconf 90' lang='lat'><strong>:</strong></span> 
     </span>
    </p>
   </div>
   <div class='ocr_carea' id='block_1_21' title="bbox 511 2466 2082 2539">
    <p class='ocr_par' dir='ltr' id='par_1_21' title="bbox 511 2466 2082 2539">
     <span class='ocr_line' id='line_1_21' title="bbox 511 2466 2082 2539; baseline 0.004 -23"><span class='ocrx_word' id='word_1_118' title='bbox 511 2466 867 2521; x_wconf 84' lang='lat' dir='ltr'><strong>obtenebrata</strong></span> <span class='ocrx_word' id='word_1_119' title='bbox 922 2483 1159 2539; x_wconf 86' lang='lat' dir='ltr'><strong>namque</strong></span> <span class='ocrx_word' id='word_1_120' title='bbox 1206 2479 1336 2525; x_wconf 78' lang='lat' dir='ltr'><strong>stult</strong></span> <span class='ocrx_word' id='word_1_121' title='bbox 1358 2470 1526 2524; x_wconf 87' lang='lat' dir='ltr'><strong>corda</strong></span> <span class='ocrx_word' id='word_1_122' title='bbox 1569 2479 1773 2524; x_wconf 88' lang='lat' dir='ltr'><strong>vestra.</strong></span> <span class='ocrx_word' id='word_1_123' title='bbox 1813 2468 2082 2534; x_wconf 82' lang='lat' dir='ltr'><strong>Quoniam</strong></span> 
     </span>
    </p>
   </div>
   <div class='ocr_carea' id='block_1_22' title="bbox 508 2552 2081 2630">
    <p class='ocr_par' dir='ltr' id='par_1_22' title="bbox 508 2552 2081 2630">
     <span class='ocr_line' id='line_1_22' title="bbox 508 2552 2081 2630; baseline 0.003 -23"><span class='ocrx_word' id='word_1_124' title='bbox 508 2571 637 2608; x_wconf 87' lang='lat' dir='ltr'><strong>vero</strong></span> <span class='ocrx_word' id='word_1_125' title='bbox 664 2552 1043 2622; x_wconf 73' lang='lat' dir='ltr'><strong>Moaliitarum,</strong></span> <span class='ocrx_word' id='word_1_126' title='bbox 1090 2560 1183 2630; x_wconf 88' lang='lat' dir='ltr'><strong>qui</strong></span> <span class='ocrx_word' id='word_1_127' title='bbox 1233 2576 1401 2630; x_wconf 82' lang='lat' dir='ltr'><strong>prope</strong></span> <span class='ocrx_word' id='word_1_128' title='bbox 1450 2558 1774 2615; x_wconf 88' lang='lat' dir='ltr'><strong>Damascum</strong></span> <span class='ocrx_word' id='word_1_129' title='bbox 1808 2560 2081 2625; x_wconf 88' lang='lat' dir='ltr'><strong>habitant,</strong></span> 
     </span>
    </p>
   </div>
   <div class='ocr_carea' id='block_1_23' title="bbox 508 2647 2081 2719">
    <p class='ocr_par' dir='ltr' id='par_1_23' title="bbox 508 2647 2081 2719">
     <span class='ocr_line' id='line_1_23' title="bbox 508 2647 2081 2719; baseline 0.003 -20"><span class='ocrx_word' id='word_1_130' title='bbox 508 2647 674 2717; x_wconf 73' lang='lat'><strong>229</strong></span> <span class='ocrx_word' id='word_1_131' title='bbox 695 2648 958 2704; x_wconf 83' lang='lat' dir='ltr'><strong>insaniam</strong></span> <span class='ocrx_word' id='word_1_132' title='bbox 975 2651 1170 2705; x_wconf 88' lang='lat' dir='ltr'><strong>imitati</strong></span> <span class='ocrx_word' id='word_1_133' title='bbox 1190 2653 1345 2719; x_wconf 88' lang='lat' dir='ltr'><strong>estis;</strong></span> <span class='ocrx_word' id='word_1_134' title='bbox 1365 2653 1571 2708; x_wconf 91' lang='lat' dir='ltr'><strong>idcirco</strong></span> <span class='ocrx_word' id='word_1_135' title='bbox 1588 2659 1740 2708; x_wconf 90' lang='lat' dir='ltr'><strong>trans</strong></span> <span class='ocrx_word' id='word_1_136' title='bbox 1762 2653 2081 2706; x_wconf 85' lang='lat' dir='ltr'><strong>Damascum</strong></span> 
     </span>
    </p>
   </div>
   <div class='ocr_carea' id='block_1_24' title="bbox 509 2739 2084 2814">
    <p class='ocr_par' dir='ltr' id='par_1_24' title="bbox 509 2739 2084 2814">
     <span class='ocr_line' id='line_1_24' title="bbox 509 2739 2084 2814; baseline 0.003 -21"><span class='ocrx_word' id='word_1_137' title='bbox 509 2739 959 2809; x_wconf 78' lang='lat' dir='ltr'><strong>proﬁciscetuini,</strong></span> <span class='ocrx_word' id='word_1_138' title='bbox 1004 2742 1242 2799; x_wconf 83' lang='lat' dir='ltr'><strong>hoc-est</strong></span> <span class='ocrx_word' id='word_1_139' title='bbox 1310 2744 1364 2797; x_wconf 88' lang='lat' dir='ltr'><strong>itt</strong></span> <span class='ocrx_word' id='word_1_140' title='bbox 1425 2744 1777 2814; x_wconf 81' lang='lat' dir='ltr'><strong>Babylonem.</strong></span> <span class='ocrx_word' id='word_1_141' title='bbox 1820 2741 2084 2809; x_wconf 82' lang='lat' dir='ltr'><strong>Quamvis</strong></span> 
     </span>
    </p>
   </div>
   <div class='ocr_carea' id='block_1_25' title="bbox 1462 357 2886 423">
    <p class='ocr_par' dir='ltr' id='par_1_25' title="bbox 1462 357 2886 423">
     <span class='ocr_line' id='line_1_25' title="bbox 1462 357 2886 423; baseline -0.002 -1"><span class='ocrx_word' id='word_1_142' title='bbox 1462 360 2039 423; x_wconf 80' lang='lat' dir='ltr'><strong>THEOPHYLACTI</strong></span> <span class='ocrx_word' id='word_1_143' title='bbox 2084 357 2494 419; x_wconf 63' lang='lat' dir='ltr'><strong>BULGARIJE</strong></span> <span class='ocrx_word' id='word_1_144' title='bbox 2535 362 2578 417; x_wconf 78' lang='grc' dir='ltr'>Α</span> <span class='ocrx_word' id='word_1_145' title='bbox 2590 357 2886 420; x_wconf 74' lang='lat' dir='ltr'><strong>RCIIIEP.</strong></span> 
     </span>
    </p>
   </div>
   <div class='ocr_carea' id='block_1_26' title="bbox 516 470 2081 542">
    <p class='ocr_par' dir='ltr' id='par_1_26' title="bbox 516 472 2081 542">
     <span class='ocr_line' id='line_1_26' title="bbox 516 472 2081 542; baseline -0.011 -2"><span class='ocrx_word' id='word_1_146' title='bbox 516 501 613 540; x_wconf 73' lang='lat' dir='ltr'><strong>seu</strong></span> <span class='ocrx_word' id='word_1_147' title='bbox 650 482 893 537; x_wconf 82' lang='lat' dir='ltr'><strong>nuntius.</strong></span> <span class='ocrx_word' id='word_1_148' title='bbox 955 476 1020 531; x_wconf 87' lang='lat' dir='ltr'><strong>Et</strong></span> <span class='ocrx_word' id='word_1_149' title='bbox 1067 477 1171 531; x_wconf 87' lang='lat' dir='ltr'><strong>hoc</strong></span> <span class='ocrx_word' id='word_1_150' title='bbox 1216 482 1298 529; x_wconf 90' lang='lat' dir='ltr'><strong>est</strong></span> <span class='ocrx_word' id='word_1_151' title='bbox 1347 474 1521 529; x_wconf 87' lang='lat' dir='ltr'><strong>illud:</strong></span> <span class='ocrx_word' id='word_1_152' title='bbox 1562 493 1581 525; x_wconf 76' lang='grc' dir='ltr'><strong>ι</strong></span> <span class='ocrx_word' id='word_1_153' title='bbox 1628 472 1910 542; x_wconf 78' lang='lat' dir='ltr'><strong>Tanquam</strong></span> <span class='ocrx_word' id='word_1_154' title='bbox 1979 485 2081 531; x_wconf 78' lang='lat' dir='ltr'><strong>me.</strong></span> 
     </span>
    </p>
   </div>
   <div class='ocr_carea' id='block_1_27' title="bbox 2183 470 2510 542">
    <p class='ocr_par' dir='ltr' id='par_1_27' title="bbox 2192 470 2510 539">
     <span class='ocr_line' id='line_1_27' title="bbox 2192 470 2510 539; baseline 0.006 -18"><span class='ocrx_word' id='word_1_155' title='bbox 2192 471 2243 521; x_wconf 84' lang='grc' dir='ltr'><strong>δε</strong></span> <span class='ocrx_word' id='word_1_156' title='bbox 2256 470 2472 539; x_wconf 79' lang='grc' dir='ltr'><strong>ιγμένος</strong></span> <span class='ocrx_word' id='word_1_157' title='bbox 2496 511 2510 534; x_wconf 94' lang='grc'><strong>,</strong></span> 
     </span>
    </p>
   </div>
   <div class='ocr_carea' id='block_1_28' title="bbox 2563 466 3769 540">
    <p class='ocr_par' dir='ltr' id='par_1_28' title="bbox 2563 466 3769 540">
     <span class='ocr_line' id='line_1_28' title="bbox 2563 466 3769 540; baseline 0 -18"><span class='ocrx_word' id='word_1_158' title='bbox 2563 471 2656 522; x_wconf 73' lang='grc' dir='ltr'><strong>καὶ</strong></span> <span class='ocrx_word' id='word_1_159' title='bbox 2708 470 2915 540; x_wconf 74' lang='grc' dir='ltr'><strong>Καινῆς</strong></span> <span class='ocrx_word' id='word_1_160' title='bbox 2956 466 3231 537; x_wconf 56' lang='lat' dir='ltr'><strong>suam;</strong></span> <span class='ocrx_word' id='word_1_161' title='bbox 3284 468 3675 539; x_wconf 78' lang='grc' dir='ltr'><strong>χρηματίσας,</strong></span> <span class='ocrx_word' id='word_1_162' title='bbox 3740 473 3769 522; x_wconf 81' lang='grc' dir='ltr'><strong>ὁ</strong></span> 
     </span>
    </p>
   </div>
   <div class='ocr_carea' id='block_1_29' title="bbox 2193 557 3767 631">
    <p class='ocr_par' dir='ltr' id='par_1_29' title="bbox 2193 557 3767 631">
     <span class='ocr_line' id='line_1_29' title="bbox 2193 557 3767 631; baseline -0.001 -19"><span class='ocrx_word' id='word_1_163' title='bbox 2193 561 2438 631; x_wconf 78' lang='grc' dir='ltr'><strong>μεγάλης</strong></span> <span class='ocrx_word' id='word_1_164' title='bbox 2494 560 2691 630; x_wconf 76' lang='grc' dir='ltr'><strong>βουλῆς</strong></span> <span class='ocrx_word' id='word_1_165' title='bbox 2752 561 2851 628; x_wconf 80' lang='grc' dir='ltr'><strong>τῆς</strong></span> <span class='ocrx_word' id='word_1_166' title='bbox 2896 557 3013 625; x_wconf 31' lang='grc' dir='ltr'><strong>,τοῦ</strong></span> <span class='ocrx_word' id='word_1_167' title='bbox 3067 558 3281 629; x_wconf 79' lang='grc' dir='ltr'><strong>Πατρὸς</strong></span> <span class='ocrx_word' id='word_1_168' title='bbox 3307 557 3598 627; x_wconf 72' lang='grc' dir='ltr'><strong>Ἄγγελος.</strong></span> <span class='ocrx_word' id='word_1_169' title='bbox 3654 562 3767 614; x_wconf 80' lang='grc' dir='ltr'><strong>Καὶ</strong></span> 
     </span>
    </p>
   </div>
   <div class='ocr_carea' id='block_1_30' title="bbox 2187 648 3765 720">
    <p class='ocr_par' dir='ltr' id='par_1_30' title="bbox 2187 648 3765 720">
     <span class='ocr_line' id='line_1_30' title="bbox 2187 648 3765 720; baseline -0.001 -17"><span class='ocrx_word' id='word_1_170' title='bbox 2187 650 2345 703; x_wconf 86' lang='grc' dir='ltr'><strong>τοῦτό</strong></span> <span class='ocrx_word' id='word_1_171' title='bbox 2370 652 2483 703; x_wconf 76' lang='grc' dir='ltr'><strong>ἐστι</strong></span> <span class='ocrx_word' id='word_1_172' title='bbox 2514 651 2595 712; x_wconf 78' lang='grc' dir='ltr'><strong>τὸ,</strong></span> <span class='ocrx_word' id='word_1_173' title='bbox 2621 670 2639 702; x_wconf 79' lang='grc' dir='ltr'><strong>ι</strong></span> <span class='ocrx_word' id='word_1_174' title='bbox 2662 651 2750 713; x_wconf 82' lang='grc' dir='ltr'><strong>Ὠς</strong></span> <span class='ocrx_word' id='word_1_175' title='bbox 2786 651 2907 718; x_wconf 82' lang='grc' dir='ltr'><strong>ἐμέ,</strong></span> <span class='ocrx_word' id='word_1_176' title='bbox 2932 668 2949 700; x_wconf 77' lang='grc' dir='ltr'><strong>ι</strong></span> <span class='ocrx_word' id='word_1_177' title='bbox 2990 648 3233 701; x_wconf 78' lang='grc' dir='ltr'><strong>τουτέστι</strong></span> <span class='ocrx_word' id='word_1_178' title='bbox 3260 649 3587 720; x_wconf 79' lang='grc' dir='ltr'><strong>νομοθέτην.</strong></span> <span class='ocrx_word' id='word_1_179' title='bbox 3622 651 3765 720; x_wconf 88' lang='grc' dir='ltr'><strong>Προ-</strong></span> 
     </span>
    </p>
   </div>
   <div class='ocr_carea' id='block_1_31' title="bbox 2191 739 3769 814">
    <p class='ocr_par' dir='ltr' id='par_1_31' title="bbox 2191 739 3769 814">
     <span class='ocr_line' id='line_1_31' title="bbox 2191 739 3769 814; baseline 0.002 -23"><span class='ocrx_word' id='word_1_180' title='bbox 2191 742 2368 814; x_wconf 75' lang='grc' dir='ltr'><strong>φήτην</strong></span> <span class='ocrx_word' id='word_1_181' title='bbox 2406 742 2463 795; x_wconf 84' lang='grc' dir='ltr'><strong>δὲ</strong></span> <span class='ocrx_word' id='word_1_182' title='bbox 2518 742 2675 795; x_wconf 85' lang='grc' dir='ltr'><strong>καλεῖ</strong></span> <span class='ocrx_word' id='word_1_183' title='bbox 2722 739 2816 794; x_wconf 79' lang='grc' dir='ltr'><strong>τὸν</strong></span> <span class='ocrx_word' id='word_1_184' title='bbox 2843 740 2955 794; x_wconf 88' lang='grc' dir='ltr'><strong>τῶν</strong></span> <span class='ocrx_word' id='word_1_185' title='bbox 2994 739 3291 811; x_wconf 78' lang='grc' dir='ltr'><strong>προφητῶν</strong></span> <span class='ocrx_word' id='word_1_186' title='bbox 3320 739 3550 811; x_wconf 80' lang='grc' dir='ltr'><strong>Κύριον,</strong></span> <span class='ocrx_word' id='word_1_187' title='bbox 3586 740 3673 794; x_wconf 80' lang='grc' dir='ltr'><strong>διὰ</strong></span> <span class='ocrx_word' id='word_1_188' title='bbox 3706 740 3769 794; x_wconf 70' lang='grc' dir='ltr'><strong>τὸ</strong></span> 
     </span>
    </p>
   </div>
   <div class='ocr_carea' id='block_1_32' title="bbox 2191 831 2552 903">
    <p class='ocr_par' dir='ltr' id='par_1_32' title="bbox 2191 831 2552 903">
     <span class='ocr_line' id='line_1_32' title="bbox 2191 831 2552 903; baseline 0.008 -18"><span class='ocrx_word' id='word_1_189' title='bbox 2191 831 2552 903; x_wconf 83' lang='grc' dir='ltr'><strong>ἀνθρώπινον.</strong></span> 
     </span>
    </p>
   </div>
   <div class='ocr_carea' id='block_1_33' title="bbox 2792 921 3179 979">
    <p class='ocr_par' dir='ltr' id='par_1_33' title="bbox 2792 921 3179 979">
     <span class='ocr_line' id='line_1_33' title="bbox 2792 921 3179 979; baseline -0.008 0"><span class='ocrx_word' id='word_1_190' title='bbox 2792 921 3179 979; x_wconf 79' lang='lat' dir='ltr'><strong>KEIMENON.</strong></span> 
     </span>
    </p>
   </div>
   <div class='ocr_carea' id='block_1_34' title="bbox 2258 1013 3765 1086">
    <p class='ocr_par' dir='ltr' id='par_1_34' title="bbox 2258 1013 3765 1086">
     <span class='ocr_line' id='line_1_34' title="bbox 2258 1013 3765 1086; baseline 0.001 -19"><span class='ocrx_word' id='word_1_191' title='bbox 2258 1014 2370 1067; x_wconf 83' lang='lat' dir='ltr'><strong>Kal.</strong></span> <span class='ocrx_word' id='word_1_192' title='bbox 2428 1014 2718 1068; x_wconf 84' lang='grc' dir='ltr'><strong>ἀνελάϐετε</strong></span> <span class='ocrx_word' id='word_1_193' title='bbox 2773 1014 2871 1086; x_wconf 81' lang='grc' dir='ltr'><strong>τὴν</strong></span> <span class='ocrx_word' id='word_1_194' title='bbox 2925 1016 3131 1085; x_wconf 83' lang='grc' dir='ltr'><strong>σκηνὴν</strong></span> <span class='ocrx_word' id='word_1_195' title='bbox 3180 1013 3275 1065; x_wconf 87' lang='grc' dir='ltr'><strong>τοῦ</strong></span> <span class='ocrx_word' id='word_1_196' title='bbox 3339 1013 3542 1084; x_wconf 76' lang='grc' dir='ltr'><strong>Μολδχ,</strong></span> <span class='ocrx_word' id='word_1_197' title='bbox 3579 1015 3671 1068; x_wconf 71' lang='grc' dir='ltr'><strong>καὶ</strong></span> <span class='ocrx_word' id='word_1_198' title='bbox 3703 1015 3765 1068; x_wconf 80' lang='grc' dir='ltr'><strong>τὸ</strong></span> 
     </span>
    </p>
   </div>
   <div class='ocr_carea' id='block_1_35' title="bbox 2188 1105 3765 1177">
    <p class='ocr_par' dir='ltr' id='par_1_35' title="bbox 2188 1105 3765 1177">
     <span class='ocr_line' id='line_1_35' title="bbox 2188 1105 3765 1177; baseline 0.001 -16"><span class='ocrx_word' id='word_1_199' title='bbox 2188 1108 2389 1177; x_wconf 77' lang='grc' dir='ltr'><strong>ἄστρον</strong></span> <span class='ocrx_word' id='word_1_200' title='bbox 2423 1105 2518 1159; x_wconf 90' lang='grc' dir='ltr'><strong>τοῦ</strong></span> <span class='ocrx_word' id='word_1_201' title='bbox 2561 1106 2698 1160; x_wconf 90' lang='grc' dir='ltr'><strong>Θεοῦ</strong></span> <span class='ocrx_word' id='word_1_202' title='bbox 2753 1108 2909 1177; x_wconf 84' lang='grc' dir='ltr'><strong>ὑμῶν</strong></span> <span class='ocrx_word' id='word_1_203' title='bbox 2937 1107 3208 1175; x_wconf 70' lang='grc' dir='ltr'><strong>Ῥεμιρὰν,</strong></span> <span class='ocrx_word' id='word_1_204' title='bbox 3250 1107 3376 1171; x_wconf 77' lang='grc' dir='ltr'><strong>τοὺς</strong></span> <span class='ocrx_word' id='word_1_205' title='bbox 3401 1107 3627 1171; x_wconf 87' lang='grc' dir='ltr'><strong>τύπους,</strong></span> <span class='ocrx_word' id='word_1_206' title='bbox 3669 1108 3765 1172; x_wconf 81' lang='grc' dir='ltr'><strong>οὓς</strong></span> 
     </span>
    </p>
   </div>
   <div class='ocr_carea' id='block_1_36' title="bbox 2191 1197 3764 1272">
    <p class='ocr_par' dir='ltr' id='par_1_36' title="bbox 2191 1197 3764 1272">
     <span class='ocr_line' id='line_1_36' title="bbox 2191 1197 3764 1272; baseline 0.002 -22"><span class='ocrx_word' id='word_1_207' title='bbox 2191 1198 2483 1268; x_wconf 75' lang='grc' dir='ltr'><strong>ἐποιήσατε</strong></span> <span class='ocrx_word' id='word_1_208' title='bbox 2529 1200 2857 1267; x_wconf 83' lang='grc' dir='ltr'><strong>προσκυνεῖν</strong></span> <span class='ocrx_word' id='word_1_209' title='bbox 2906 1199 3109 1259; x_wconf 80' lang='grc' dir='ltr'><strong>αὐτοῖς.</strong></span> <span class='ocrx_word' id='word_1_210' title='bbox 3170 1197 3280 1250; x_wconf 79' lang='grc' dir='ltr'><strong>Καὶ</strong></span> <span class='ocrx_word' id='word_1_211' title='bbox 3325 1201 3587 1268; x_wconf 76' lang='grc' dir='ltr'><strong>μετοικιῶ</strong></span> <span class='ocrx_word' id='word_1_212' title='bbox 3618 1202 3764 1272; x_wconf 77' lang='grc' dir='ltr'><strong>ὑμᾶς</strong></span> 
     </span>
    </p>
   </div>
   <div class='ocr_carea' id='block_1_37' title="bbox 2190 1288 2811 1352">
    <p class='ocr_par' dir='ltr' id='par_1_37' title="bbox 2190 1288 2811 1352">
     <span class='ocr_line' id='line_1_37' title="bbox 2190 1288 2811 1352; baseline 0.006 -13"><span class='ocrx_word' id='word_1_213' title='bbox 2190 1289 2447 1342; x_wconf 80' lang='grc' dir='ltr'><strong>ἐπέκεινα</strong></span> <span class='ocrx_word' id='word_1_214' title='bbox 2474 1288 2811 1352; x_wconf 80' lang='grc' dir='ltr'><strong>Βαϐυλῶνος.</strong></span> 
     </span>
    </p>
   </div>
   <div class='ocr_carea' id='block_1_38' title="bbox 2788 1364 3171 1435">
    <p class='ocr_par' dir='ltr' id='par_1_38' title="bbox 2788 1364 3171 1435">
     <span class='ocr_line' id='line_1_38' title="bbox 2788 1364 3171 1435; baseline 0 -2"><span class='ocrx_word' id='word_1_215' title='bbox 2788 1364 3171 1435; x_wconf 63' lang='lat' dir='ltr'><strong>EPuuNEta.</strong></span> 
     </span>
    </p>
   </div>
   <div class='ocr_carea' id='block_1_39' title="bbox 2271 1467 3767 1537">
    <p class='ocr_par' dir='ltr' id='par_1_39' title="bbox 2271 1467 3767 1537">
     <span class='ocr_line' id='line_1_39' title="bbox 2271 1467 3767 1537; baseline 0 -17"><span class='ocrx_word' id='word_1_216' title='bbox 2271 1467 2611 1532; x_wconf 78' lang='grc' dir='ltr'><strong>’Ᾱνελθὸντος</strong></span> <span class='ocrx_word' id='word_1_217' title='bbox 2646 1470 2725 1530; x_wconf 74' lang='grc' dir='ltr'><strong>εἰς</strong></span> <span class='ocrx_word' id='word_1_218' title='bbox 2767 1469 2829 1521; x_wconf 85' lang='grc' dir='ltr'><strong>τὸ</strong></span> <span class='ocrx_word' id='word_1_219' title='bbox 2858 1467 2983 1537; x_wconf 73' lang='grc' dir='ltr'><strong>ὅρος</strong></span> <span class='ocrx_word' id='word_1_220' title='bbox 3016 1468 3315 1531; x_wconf 81' lang='grc' dir='ltr'><strong>Μωῦσέως,</strong></span> <span class='ocrx_word' id='word_1_221' title='bbox 3359 1469 3767 1537; x_wconf 74' lang='grc' dir='ltr'><strong>μεμοσχοποιήο</strong></span> 
     </span>
    </p>
   </div>
   <div class='ocr_carea' id='block_1_40' title="bbox 2190 1558 3763 1630">
    <p class='ocr_par' dir='ltr' id='par_1_40' title="bbox 2190 1558 3763 1630">
     <span class='ocr_line' id='line_1_40' title="bbox 2190 1558 3763 1630; baseline 0.001 -17"><span class='ocrx_word' id='word_1_222' title='bbox 2190 1559 2318 1613; x_wconf 86' lang='grc' dir='ltr'><strong>κασί</strong></span> <span class='ocrx_word' id='word_1_223' title='bbox 2349 1577 2429 1623; x_wconf 89' lang='grc' dir='ltr'><strong>τε,</strong></span> <span class='ocrx_word' id='word_1_224' title='bbox 2464 1561 2558 1612; x_wconf 75' lang='grc' dir='ltr'><strong>καὶ</strong></span> <span class='ocrx_word' id='word_1_225' title='bbox 2624 1562 2745 1623; x_wconf 88' lang='grc' dir='ltr'><strong>ταῖς</strong></span> <span class='ocrx_word' id='word_1_226' title='bbox 2803 1559 2912 1613; x_wconf 88' lang='grc' dir='ltr'><strong>τῶν</strong></span> <span class='ocrx_word' id='word_1_227' title='bbox 2968 1560 3188 1630; x_wconf 83' lang='grc' dir='ltr'><strong>ἄστρων</strong></span> <span class='ocrx_word' id='word_1_228' title='bbox 3252 1558 3763 1629; x_wconf 82' lang='grc' dir='ltr'><strong>προσεκυλίσθησαν</strong></span> 
     </span>
    </p>
   </div>
   <div class='ocr_carea' id='block_1_41' title="bbox 2189 1647 3767 1720">
    <p class='ocr_par' dir='ltr' id='par_1_41' title="bbox 2189 1647 3767 1720">
     <span class='ocr_line' id='line_1_41' title="bbox 2189 1647 3767 1720; baseline -0.001 -17"><span class='ocrx_word' id='word_1_229' title='bbox 2189 1649 2465 1719; x_wconf 79' lang='grc' dir='ltr'><strong>λατρείαις</strong></span> <span class='ocrx_word' id='word_1_230' title='bbox 2487 1666 2499 1680; x_wconf 91' lang='grc'><strong>·</strong></span> <span class='ocrx_word' id='word_1_231' title='bbox 2533 1652 2630 1703; x_wconf 78' lang='grc' dir='ltr'><strong>καὶ</strong></span> <span class='ocrx_word' id='word_1_232' title='bbox 2654 1653 3211 1719; x_wconf 76' lang='grc' dir='ltr'><strong>σκηνοποιησάμενοι,</strong></span> <span class='ocrx_word' id='word_1_233' title='bbox 3245 1647 3481 1720; x_wconf 76' lang='grc' dir='ltr'><strong>ἔστησαν</strong></span> <span class='ocrx_word' id='word_1_234' title='bbox 3512 1649 3767 1717; x_wconf 74' lang='grc' dir='ltr'><strong>εἴδωλον,</strong></span> 
     </span>
    </p>
   </div>
   <div class='ocr_carea' id='block_1_42' title="bbox 2188 1740 3769 1811">
    <p class='ocr_par' dir='ltr' id='par_1_42' title="bbox 2188 1740 3769 1811">
     <span class='ocr_line' id='line_1_42' title="bbox 2188 1740 3769 1811; baseline -0.001 -18"><span class='ocrx_word' id='word_1_235' title='bbox 2188 1740 2217 1793; x_wconf 84' lang='lat'><strong>6</strong></span> <span class='ocrx_word' id='word_1_236' title='bbox 2246 1740 2548 1809; x_wconf 82' lang='grc' dir='ltr'><strong>κεκλήκασι</strong></span> <span class='ocrx_word' id='word_1_237' title='bbox 2579 1741 2783 1811; x_wconf 84' lang='grc' dir='ltr'><strong>Μολόχ.</strong></span> <span class='ocrx_word' id='word_1_238' title='bbox 2816 1741 2990 1794; x_wconf 88' lang='grc' dir='ltr'><strong>Τοῦτο</strong></span> <span class='ocrx_word' id='word_1_239' title='bbox 3016 1741 3073 1794; x_wconf 81' lang='grc' dir='ltr'><strong>δὲ</strong></span> <span class='ocrx_word' id='word_1_240' title='bbox 3109 1742 3171 1794; x_wconf 79' lang='grc' dir='ltr'><strong>τὸ</strong></span> <span class='ocrx_word' id='word_1_241' title='bbox 3203 1740 3421 1794; x_wconf 80' lang='grc' dir='ltr'><strong>εἴδωλον</strong></span> <span class='ocrx_word' id='word_1_242' title='bbox 3457 1740 3769 1795; x_wconf 83' lang='grc' dir='ltr'><strong>Μωαϐιτῶν</strong></span> 
     </span>
    </p>
   </div>
   <div class='ocr_carea' id='block_1_43' title="bbox 2189 1820 3887 1899">
    <p class='ocr_par' dir='ltr' id='par_1_43' title="bbox 2189 1820 3887 1899">
     <span class='ocr_line' id='line_1_43' title="bbox 2189 1820 3887 1899; baseline 0.003 -22"><span class='ocrx_word' id='word_1_243' title='bbox 2189 1820 2277 1897; x_wconf 82' lang='grc' dir='ltr'><strong>ἦν,</strong></span> <span class='ocrx_word' id='word_1_244' title='bbox 2292 1825 2438 1879; x_wconf 86' lang='grc' dir='ltr'><strong>λίθον</strong></span> <span class='ocrx_word' id='word_1_245' title='bbox 2458 1826 2738 1897; x_wconf 73' lang='grc' dir='ltr'><strong>ἐξαίρετον</strong></span> <span class='ocrx_word' id='word_1_246' title='bbox 2768 1827 2892 1897; x_wconf 76' lang='grc' dir='ltr'><strong>ἕχον</strong></span> <span class='ocrx_word' id='word_1_247' title='bbox 2919 1829 3013 1882; x_wconf 78' lang='grc' dir='ltr'><strong>καὶ</strong></span> <span class='ocrx_word' id='word_1_248' title='bbox 3043 1828 3283 1899; x_wconf 81' lang='grc' dir='ltr'><strong>διαφανῆ</strong></span> <span class='ocrx_word' id='word_1_249' title='bbox 3340 1830 3433 1882; x_wconf 79' lang='grc' dir='ltr'><strong>ἐπὶ</strong></span> <span class='ocrx_word' id='word_1_250' title='bbox 3485 1829 3581 1882; x_wconf 86' lang='grc' dir='ltr'><strong>τοῦ</strong></span> <span class='ocrx_word' id='word_1_251' title='bbox 3638 1847 3769 1899; x_wconf 87' lang='grc' dir='ltr'><strong>μετ-</strong></span> <span class='ocrx_word' id='word_1_252' title='bbox 3842 1838 3847 1843; x_wconf 79' lang='grc'><strong>’</strong></span> <span class='ocrx_word' id='word_1_253' title='bbox 3878 1837 3887 1845; x_wconf 85' lang='grc'><em>“</em></span> 
     </span>
    </p>
   </div>
   <div class='ocr_carea' id='block_1_44' title="bbox 2191 1916 3770 1992">
    <p class='ocr_par' dir='ltr' id='par_1_44' title="bbox 2191 1916 3770 1992">
     <span class='ocr_line' id='line_1_44' title="bbox 2191 1916 3770 1992; baseline 0.003 -23"><span class='ocrx_word' id='word_1_254' title='bbox 2191 1916 2364 1983; x_wconf 87' lang='grc' dir='ltr'><strong>ώπου,</strong></span> <span class='ocrx_word' id='word_1_255' title='bbox 2399 1918 2481 1981; x_wconf 79' lang='grc' dir='ltr'><strong>είς</strong></span> <span class='ocrx_word' id='word_1_256' title='bbox 2514 1919 2791 1987; x_wconf 77' lang='grc' dir='ltr'><strong>ἑωσφόρον</strong></span> <span class='ocrx_word' id='word_1_257' title='bbox 2843 1919 3035 1975; x_wconf 88' lang='grc' dir='ltr'><strong>τύπον.</strong></span> <span class='ocrx_word' id='word_1_258' title='bbox 3092 1923 3201 1974; x_wconf 78' lang='grc' dir='ltr'><strong>Καὶ</strong></span> <span class='ocrx_word' id='word_1_259' title='bbox 3266 1921 3628 1991; x_wconf 78' lang='grc' dir='ltr'><strong>ἑρμηνεύεται</strong></span> <span class='ocrx_word' id='word_1_260' title='bbox 3665 1921 3770 1992; x_wconf 82' lang='grc' dir='ltr'><strong>μὲν</strong></span> 
     </span>
    </p>
   </div>
   <div class='ocr_carea' id='block_1_45' title="bbox 2188 2007 3768 2083">
    <p class='ocr_par' dir='ltr' id='par_1_45' title="bbox 2188 2007 3768 2083">
     <span class='ocr_line' id='line_1_45' title="bbox 2188 2007 3768 2083; baseline 0.004 -23"><span class='ocrx_word' id='word_1_261' title='bbox 2188 2007 2389 2078; x_wconf 82' lang='grc' dir='ltr'><strong>Μολδχ,</strong></span> <span class='ocrx_word' id='word_1_262' title='bbox 2421 2027 2439 2059; x_wconf 86' lang='grc' dir='ltr'><strong>ι</strong></span> <span class='ocrx_word' id='word_1_263' title='bbox 2472 2008 2727 2079; x_wconf 77' lang='grc' dir='ltr'><strong>βασιλεὺς</strong></span> <span class='ocrx_word' id='word_1_264' title='bbox 2757 2010 2936 2064; x_wconf 84' lang='grc' dir='ltr'><strong>αὐτῶν</strong></span> <span class='ocrx_word' id='word_1_265' title='bbox 2956 2027 2970 2042; x_wconf 78' lang='grc' dir='ltr'><strong>ο</strong></span> <span class='ocrx_word' id='word_1_266' title='bbox 3001 2030 3020 2064; x_wconf 74' lang='grc' dir='ltr'><strong><em>ι</em></strong></span> <span class='ocrx_word' id='word_1_267' title='bbox 3043 2011 3286 2083; x_wconf 69' lang='grc' dir='ltr'><strong>Ῥεμφᾶιν</strong></span> <span class='ocrx_word' id='word_1_268' title='bbox 3309 2013 3397 2076; x_wconf 82' lang='grc' dir='ltr'><strong>δὲ,</strong></span> <span class='ocrx_word' id='word_1_269' title='bbox 3429 2033 3447 2064; x_wconf 79' lang='grc' dir='ltr'><strong>ι</strong></span> <span class='ocrx_word' id='word_1_270' title='bbox 3473 2014 3768 2083; x_wconf 72' lang='grc' dir='ltr'><strong>σκοτισμὸς</strong></span> 
     </span>
    </p>
   </div>
   <div class='ocr_carea' id='block_1_46' title="bbox 2190 2099 3768 2176">
    <p class='ocr_par' dir='ltr' id='par_1_46' title="bbox 2190 2099 3768 2176">
     <span class='ocr_line' id='line_1_46' title="bbox 2190 2099 3768 2176; baseline 0 -24"><span class='ocrx_word' id='word_1_271' title='bbox 2190 2100 2285 2154; x_wconf 72' lang='grc' dir='ltr'><strong>καὶ</strong></span> <span class='ocrx_word' id='word_1_272' title='bbox 2308 2099 2606 2168; x_wconf 78' lang='grc' dir='ltr'><strong>τύφλωσις.</strong></span> <span class='ocrx_word' id='word_1_273' title='bbox 2638 2121 2657 2153; x_wconf 72' lang='grc' dir='ltr'><strong>ο</strong></span> <span class='ocrx_word' id='word_1_274' title='bbox 2694 2132 2757 2142; x_wconf 91' lang='lat'>—</span> <span class='ocrx_word' id='word_1_275' title='bbox 2794 2123 2812 2153; x_wconf 80' lang='grc' dir='ltr'><strong>ι</strong></span> <span class='ocrx_word' id='word_1_276' title='bbox 2850 2102 3165 2156; x_wconf 79' lang='grc' dir='ltr'><strong>Ἀνελάϐετε</strong></span> <span class='ocrx_word' id='word_1_277' title='bbox 3206 2104 3389 2157; x_wconf 82' lang='grc' dir='ltr'><strong>τοίνυν</strong></span> <span class='ocrx_word' id='word_1_278' title='bbox 3416 2104 3514 2176; x_wconf 82' lang='grc' dir='ltr'><strong>τὴν</strong></span> <span class='ocrx_word' id='word_1_279' title='bbox 3562 2101 3768 2174; x_wconf 77' lang='grc' dir='ltr'><strong>σκηνὴν</strong></span> 
     </span>
    </p>
   </div>
   <div class='ocr_carea' id='block_1_47' title="bbox 2186 2189 3766 2263">
    <p class='ocr_par' dir='ltr' id='par_1_47' title="bbox 2186 2189 3766 2263">
     <span class='ocr_line' id='line_1_47' title="bbox 2186 2189 3766 2263; baseline 0.002 -21"><span class='ocrx_word' id='word_1_280' title='bbox 2186 2189 2278 2242; x_wconf 84' lang='grc' dir='ltr'><strong>τοῦ</strong></span> <span class='ocrx_word' id='word_1_281' title='bbox 2328 2191 2528 2261; x_wconf 79' lang='grc' dir='ltr'><strong>Μολδχ,</strong></span> <span class='ocrx_word' id='word_1_282' title='bbox 2555 2210 2573 2242; x_wconf 73' lang='grc' dir='ltr'><strong>ι</strong></span> <span class='ocrx_word' id='word_1_283' title='bbox 2624 2192 2868 2245; x_wconf 75' lang='grc' dir='ltr'><strong>τουτέστι</strong></span> <span class='ocrx_word' id='word_1_284' title='bbox 2903 2192 2997 2245; x_wconf 88' lang='grc' dir='ltr'><strong>τοῦ</strong></span> <span class='ocrx_word' id='word_1_285' title='bbox 3046 2192 3311 2263; x_wconf 82' lang='grc' dir='ltr'><strong>βασιλέως</strong></span> <span class='ocrx_word' id='word_1_286' title='bbox 3352 2192 3528 2263; x_wconf 89' lang='grc' dir='ltr'><strong>ὑμῶν.</strong></span> <span class='ocrx_word' id='word_1_287' title='bbox 3563 2192 3659 2254; x_wconf 87' lang='grc' dir='ltr'><strong>Τίς</strong></span> <span class='ocrx_word' id='word_1_288' title='bbox 3700 2190 3766 2246; x_wconf 65' lang='grc' dir='ltr'><strong>δὲ</strong></span> 
     </span>
    </p>
   </div>
   <div class='ocr_carea' id='block_1_48' title="bbox 2186 2276 3766 2356">
    <p class='ocr_par' dir='ltr' id='par_1_48' title="bbox 2186 2276 3766 2356">
     <span class='ocr_line' id='line_1_48' title="bbox 2186 2276 3766 2356; baseline 0.001 -22"><span class='ocrx_word' id='word_1_289' title='bbox 2186 2276 2379 2348; x_wconf 73' lang='grc' dir='ltr'><strong>οῦτοςς</strong></span> <span class='ocrx_word' id='word_1_290' title='bbox 2434 2283 2508 2336; x_wconf 87' lang='grc' dir='ltr'>Τὸ</span> <span class='ocrx_word' id='word_1_291' title='bbox 2536 2283 2737 2356; x_wconf 77' lang='grc' dir='ltr'><strong>ἄστρον</strong></span> <span class='ocrx_word' id='word_1_292' title='bbox 2777 2285 2871 2338; x_wconf 87' lang='grc' dir='ltr'><strong>τοῦ</strong></span> <span class='ocrx_word' id='word_1_293' title='bbox 2912 2286 3049 2339; x_wconf 88' lang='grc' dir='ltr'><strong>Θεοῦ</strong></span> <span class='ocrx_word' id='word_1_294' title='bbox 3108 2286 3261 2356; x_wconf 91' lang='grc' dir='ltr'><strong>ὑμῶν</strong></span> <span class='ocrx_word' id='word_1_295' title='bbox 3310 2286 3571 2355; x_wconf 69' lang='grc' dir='ltr'><strong>Ῥεμφὰν,</strong></span> <span class='ocrx_word' id='word_1_296' title='bbox 3609 2285 3638 2337; x_wconf 83' lang='grc' dir='ltr'><strong>ὃ</strong></span> <span class='ocrx_word' id='word_1_297' title='bbox 3665 2283 3766 2337; x_wconf 73' lang='grc' dir='ltr'><strong>καὶ</strong></span> 
     </span>
    </p>
   </div>
   <div class='ocr_carea' id='block_1_49' title="bbox 2186 2373 3764 2448">
    <p class='ocr_par' dir='ltr' id='par_1_49' title="bbox 2186 2373 3764 2448">
     <span class='ocr_line' id='line_1_49' title="bbox 2186 2373 3764 2448; baseline 0.001 -22"><span class='ocrx_word' id='word_1_298' title='bbox 2186 2373 2414 2442; x_wconf 84' lang='grc' dir='ltr'><strong>γέγονεν</strong></span> <span class='ocrx_word' id='word_1_299' title='bbox 2446 2376 2576 2445; x_wconf 88' lang='grc' dir='ltr'><strong>ὑμῖν</strong></span> <span class='ocrx_word' id='word_1_300' title='bbox 2624 2379 2705 2440; x_wconf 76' lang='grc' dir='ltr'><strong>εἰς</strong></span> <span class='ocrx_word' id='word_1_301' title='bbox 2756 2377 3053 2445; x_wconf 79' lang='grc' dir='ltr'><strong>τύφλωσιν.</strong></span> <span class='ocrx_word' id='word_1_302' title='bbox 3097 2377 3520 2448; x_wconf 85' lang='grc' dir='ltr'><strong>Ἐσκοτίσθησαν</strong></span> <span class='ocrx_word' id='word_1_303' title='bbox 3561 2378 3670 2447; x_wconf 71' lang='grc' dir='ltr'><strong>γὰρ</strong></span> <span class='ocrx_word' id='word_1_304' title='bbox 3703 2378 3764 2431; x_wconf 79' lang='grc' dir='ltr'><strong>αῖ</strong></span> 
     </span>
    </p>
   </div>
   <div class='ocr_carea' id='block_1_50' title="bbox 2186 2466 3766 2540">
    <p class='ocr_par' dir='ltr' id='par_1_50' title="bbox 2186 2466 3766 2540">
     <span class='ocr_line' id='line_1_50' title="bbox 2186 2466 3766 2540; baseline 0.001 -22"><span class='ocrx_word' id='word_1_305' title='bbox 2186 2466 2404 2536; x_wconf 78' lang='grc' dir='ltr'><strong>καρδίαι</strong></span> <span class='ocrx_word' id='word_1_306' title='bbox 2431 2467 2607 2537; x_wconf 88' lang='grc' dir='ltr'><strong>ὑμῶν.</strong></span> <span class='ocrx_word' id='word_1_307' title='bbox 2627 2468 2846 2540; x_wconf 80' lang='grc' dir='ltr'><strong>Ἐπειδὴ</strong></span> <span class='ocrx_word' id='word_1_308' title='bbox 2869 2469 2925 2522; x_wconf 79' lang='grc' dir='ltr'><strong>δὲ</strong></span> <span class='ocrx_word' id='word_1_309' title='bbox 2957 2468 3056 2538; x_wconf 82' lang='grc' dir='ltr'><strong>τὴν</strong></span> <span class='ocrx_word' id='word_1_310' title='bbox 3082 2469 3189 2522; x_wconf 89' lang='grc' dir='ltr'><strong>τῶν</strong></span> <span class='ocrx_word' id='word_1_311' title='bbox 3221 2467 3530 2522; x_wconf 80' lang='grc' dir='ltr'><strong>Μωαϐιτῶν</strong></span> <span class='ocrx_word' id='word_1_312' title='bbox 3563 2467 3766 2537; x_wconf 87' lang='grc' dir='ltr'><strong>μανίαν</strong></span> 
     </span>
    </p>
   </div>
   <div class='ocr_carea' id='block_1_51' title="bbox 2186 2556 3764 2629">
    <p class='ocr_par' dir='ltr' id='par_1_51' title="bbox 2186 2556 3764 2629">
     <span class='ocr_line' id='line_1_51' title="bbox 2186 2556 3764 2629; baseline 0.002 -22"><span class='ocrx_word' id='word_1_313' title='bbox 2186 2556 2609 2626; x_wconf 83' lang='grc' dir='ltr'><strong>πεπληρώκατε,</strong></span> <span class='ocrx_word' id='word_1_314' title='bbox 2659 2559 2782 2629; x_wconf 82' lang='grc' dir='ltr'><strong>ἥτις</strong></span> <span class='ocrx_word' id='word_1_315' title='bbox 2828 2558 2947 2612; x_wconf 80' lang='grc' dir='ltr'><strong>ἐστὶ</strong></span> <span class='ocrx_word' id='word_1_316' title='bbox 3008 2559 3206 2628; x_wconf 77' lang='grc' dir='ltr'><strong>γείτων</strong></span> <span class='ocrx_word' id='word_1_317' title='bbox 3232 2558 3549 2628; x_wconf 79' lang='grc' dir='ltr'><strong>Δαμασκοῦ,</strong></span> <span class='ocrx_word' id='word_1_318' title='bbox 3582 2557 3668 2611; x_wconf 74' lang='grc' dir='ltr'><strong>διὰ</strong></span> <span class='ocrx_word' id='word_1_319' title='bbox 3696 2558 3764 2610; x_wconf 77' lang='grc' dir='ltr'><strong>τὸ</strong></span> 
     </span>
    </p>
   </div>
   <div class='ocr_carea' id='block_1_52' title="bbox 2186 2647 3760 2721">
    <p class='ocr_par' dir='ltr' id='par_1_52' title="bbox 2186 2647 3760 2721">
     <span class='ocr_line' id='line_1_52' title="bbox 2186 2647 3760 2721; baseline 0.002 -23"><span class='ocrx_word' id='word_1_320' title='bbox 2186 2647 2517 2715; x_wconf 86' lang='grc' dir='ltr'><strong>πορεύεσθαι</strong></span> <span class='ocrx_word' id='word_1_321' title='bbox 2574 2647 2655 2721; x_wconf 81' lang='grc' dir='ltr'><strong>[Ῑ.</strong></span> <span class='ocrx_word' id='word_1_322' title='bbox 2703 2648 2795 2704; x_wconf 82' lang='grc' dir='ltr'><strong>διὰ</strong></span> <span class='ocrx_word' id='word_1_323' title='bbox 2856 2649 3016 2703; x_wconf 87' lang='grc' dir='ltr'><strong>τοῦτο</strong></span> <span class='ocrx_word' id='word_1_324' title='bbox 3070 2650 3413 2721; x_wconf 81' lang='grc' dir='ltr'><strong>πορεύεσθε]</strong></span> <span class='ocrx_word' id='word_1_325' title='bbox 3463 2647 3760 2719; x_wconf 87' lang='grc' dir='ltr'><strong>Δαμασκοῦ</strong></span> 
     </span>
    </p>
   </div>
   <div class='ocr_carea' id='block_1_53' title="bbox 2186 2740 3765 2810">
    <p class='ocr_par' dir='ltr' id='par_1_53' title="bbox 2186 2740 3765 2810">
     <span class='ocr_line' id='line_1_53' title="bbox 2186 2740 3765 2810; baseline 0.001 -18"><span class='ocrx_word' id='word_1_326' title='bbox 2186 2740 2467 2804; x_wconf 76' lang='grc' dir='ltr'><strong>ἐπέκεινα,</strong></span> <span class='ocrx_word' id='word_1_327' title='bbox 2501 2742 2781 2795; x_wconf 82' lang='grc' dir='ltr'><strong>τουτέστιν</strong></span> <span class='ocrx_word' id='word_1_328' title='bbox 2805 2744 2884 2807; x_wconf 81' lang='grc' dir='ltr'><strong>εἰς</strong></span> <span class='ocrx_word' id='word_1_329' title='bbox 2912 2742 3233 2797; x_wconf 84' lang='grc' dir='ltr'><strong>Βαϐυλῶνα.</strong></span> <span class='ocrx_word' id='word_1_330' title='bbox 3265 2742 3325 2796; x_wconf 83' lang='grc' dir='ltr'><strong>ΕΞ</strong></span> <span class='ocrx_word' id='word_1_331' title='bbox 3348 2742 3405 2796; x_wconf 78' lang='grc' dir='ltr'><strong>δὲ</strong></span> <span class='ocrx_word' id='word_1_332' title='bbox 3437 2742 3531 2795; x_wconf 77' lang='grc' dir='ltr'><strong>καὶ</strong></span> <span class='ocrx_word' id='word_1_333' title='bbox 3561 2741 3591 2793; x_wconf 97' lang='lat'><strong>6</strong></span> <span class='ocrx_word' id='word_1_334' title='bbox 3621 2757 3765 2810; x_wconf 68' lang='grc' dir='ltr'><strong>ιιιτρο⁹</strong></span> 
     </span>
    </p>
   </div>
   <div class='ocr_carea' id='block_1_54' title="bbox 505 2818 2081 2906">
    <p class='ocr_par' dir='ltr' id='par_1_54' title="bbox 505 2832 2081 2901">
     <span class='ocr_line' id='line_1_54' title="bbox 505 2832 2081 2901; baseline 0.004 -20"><span class='ocrx_word' id='word_1_335' title='bbox 505 2844 639 2885; x_wconf 86' lang='lat' dir='ltr'><strong>vero</strong></span> <span class='ocrx_word' id='word_1_336' title='bbox 697 2832 961 2901; x_wconf 80' lang='lat' dir='ltr'><strong>propheta</strong></span> <span class='ocrx_word' id='word_1_337' title='bbox 1010 2852 1028 2886; x_wconf 77' lang='grc' dir='ltr'><strong>ι</strong></span> <span class='ocrx_word' id='word_1_338' title='bbox 1060 2842 1215 2891; x_wconf 88' lang='lat' dir='ltr'><strong>trans</strong></span> <span class='ocrx_word' id='word_1_339' title='bbox 1267 2835 1592 2892; x_wconf 88' lang='lat' dir='ltr'><strong>Damascum</strong></span> <span class='ocrx_word' id='word_1_340' title='bbox 1633 2854 1653 2888; x_wconf 72' lang='grc' dir='ltr'><strong>ι</strong></span> <span class='ocrx_word' id='word_1_341' title='bbox 1713 2835 1936 2896; x_wconf 83' lang='lat' dir='ltr'><strong>dixerit,</strong></span> <span class='ocrx_word' id='word_1_342' title='bbox 2008 2834 2081 2889; x_wconf 88' lang='lat' dir='ltr'><strong>ita</strong></span> 
     </span>
    </p>
   </div>
   <div class='ocr_carea' id='block_1_55' title="bbox 2183 2818 3764 2906">
    <p class='ocr_par' dir='ltr' id='par_1_55' title="bbox 2191 2828 3764 2906">
     <span class='ocr_line' id='line_1_55' title="bbox 2191 2828 3764 2906; baseline 0.001 -23"><span class='ocrx_word' id='word_1_343' title='bbox 2191 2829 2390 2898; x_wconf 82' lang='grc' dir='ltr'><strong>φήτης,</strong></span> <span class='ocrx_word' id='word_1_344' title='bbox 2440 2848 2459 2880; x_wconf 79' lang='grc' dir='ltr'><strong>ι</strong></span> <span class='ocrx_word' id='word_1_345' title='bbox 2497 2828 2784 2885; x_wconf 79' lang='grc' dir='ltr'><strong>Ἐπέκεινα</strong></span> <span class='ocrx_word' id='word_1_346' title='bbox 2813 2832 3129 2903; x_wconf 75' lang='grc' dir='ltr'><strong>Δαμασκοῦ,</strong></span> <span class='ocrx_word' id='word_1_347' title='bbox 3156 2851 3174 2886; x_wconf 73' lang='grc' dir='ltr'><strong>ι</strong></span> <span class='ocrx_word' id='word_1_348' title='bbox 3207 2834 3421 2906; x_wconf 81' lang='grc' dir='ltr'><strong>εἰρήκει</strong></span> <span class='ocrx_word' id='word_1_349' title='bbox 3453 2832 3619 2902; x_wconf 69' lang='grc' dir='ltr'><strong>(οὕτω</strong></span> <span class='ocrx_word' id='word_1_350' title='bbox 3648 2833 3764 2903; x_wconf 72' lang='grc' dir='ltr'><strong>γὰρ</strong></span> 
     </span>
    </p>
   </div>
   <div class='ocr_carea' id='block_1_56' title="bbox 504 2919 2081 2998">
    <p class='ocr_par' dir='ltr' id='par_1_56' title="bbox 504 2921 2077 2998">
     <span class='ocr_line' id='line_1_56' title="bbox 504 2921 2077 2998; baseline 0.002 -23"><span class='ocrx_word' id='word_1_351' title='bbox 504 2921 650 2976; x_wconf 91' lang='lat' dir='ltr'><strong>enim</strong></span> <span class='ocrx_word' id='word_1_352' title='bbox 688 2921 840 2989; x_wconf 74' lang='lat' dir='ltr'><strong>LXX</strong></span> <span class='ocrx_word' id='word_1_353' title='bbox 913 2926 1276 2998; x_wconf 86' lang='lat' dir='ltr'><strong>Interpretum</strong></span> <span class='ocrx_word' id='word_1_354' title='bbox 1328 2928 1511 2982; x_wconf 89' lang='lat' dir='ltr'><strong>versio</strong></span> <span class='ocrx_word' id='word_1_355' title='bbox 1569 2926 1770 2993; x_wconf 89' lang='lat' dir='ltr'><strong>habet,</strong></span> <span class='ocrx_word' id='word_1_356' title='bbox 1838 2932 2077 2979; x_wconf 86' lang='lat' dir='ltr'><strong>attamen</strong></span> 
     </span>
    </p>
   </div>
   <div class='ocr_carea' id='block_1_57' title="bbox 2183 2919 3766 2998">
    <p class='ocr_par' dir='ltr' id='par_1_57' title="bbox 2185 2919 3766 2996">
     <span class='ocr_line' id='line_1_57' title="bbox 2185 2919 3766 2996; baseline 0.004 -24"><span class='ocrx_word' id='word_1_357' title='bbox 2185 2919 2279 2972; x_wconf 77' lang='grc' dir='ltr'><strong>καὶ</strong></span> <span class='ocrx_word' id='word_1_358' title='bbox 2304 2921 2336 2985; x_wconf 87' lang='grc' dir='ltr'>ὴ</span> <span class='ocrx_word' id='word_1_359' title='bbox 2368 2920 2477 2973; x_wconf 89' lang='grc' dir='ltr'><strong>τῶν</strong></span> <span class='ocrx_word' id='word_1_360' title='bbox 2505 2921 2910 2994; x_wconf 82' lang='grc' dir='ltr'><strong>Ἐϐδομήκοντα</strong></span> <span class='ocrx_word' id='word_1_361' title='bbox 2944 2925 3155 2989; x_wconf 77' lang='grc' dir='ltr'><strong>ἐκδοσις</strong></span> <span class='ocrx_word' id='word_1_362' title='bbox 3181 2925 3342 2996; x_wconf 79' lang='grc' dir='ltr'><strong>ἔχει.)</strong></span> <span class='ocrx_word' id='word_1_363' title='bbox 3370 2926 3483 2979; x_wconf 84' lang='grc' dir='ltr'><strong>ἀλλ’</strong></span> <span class='ocrx_word' id='word_1_364' title='bbox 3510 2928 3538 2977; x_wconf 89' lang='lat'><strong>6</strong></span> <span class='ocrx_word' id='word_1_365' title='bbox 3578 2927 3766 2996; x_wconf 79' lang='grc' dir='ltr'><strong>μακά-</strong></span> 
     </span>
    </p>
   </div>
   <div class='ocr_carea' id='block_1_58' title="bbox 506 3012 2081 3091">
    <p class='ocr_par' dir='ltr' id='par_1_58' title="bbox 506 3012 2081 3091">
     <span class='ocr_line' id='line_1_58' title="bbox 506 3012 2081 3091; baseline 0.003 -25"><span class='ocrx_word' id='word_1_366' title='bbox 506 3012 701 3069; x_wconf 88' lang='lat' dir='ltr'><strong>beatus</strong></span> <span class='ocrx_word' id='word_1_367' title='bbox 725 3014 1034 3086; x_wconf 84' lang='lat' dir='ltr'><strong>Stephanus</strong></span> <span class='ocrx_word' id='word_1_368' title='bbox 1053 3021 1162 3073; x_wconf 87' lang='lat' dir='ltr'><strong>ait:</strong></span> <span class='ocrx_word' id='word_1_369' title='bbox 1193 3038 1212 3072; x_wconf 84' lang='grc' dir='ltr'><strong>ι</strong></span> <span class='ocrx_word' id='word_1_370' title='bbox 1239 3018 1413 3075; x_wconf 86' lang='lat' dir='ltr'><strong>Trans</strong></span> <span class='ocrx_word' id='word_1_371' title='bbox 1430 3018 1814 3091; x_wconf 65' lang='lat' dir='ltr'><strong>Babylonem,»</strong></span> <span class='ocrx_word' id='word_1_372' title='bbox 1845 3032 2081 3087; x_wconf 88' lang='lat' dir='ltr'><strong>sequens</strong></span> 
     </span>
    </p>
   </div>
   <div class='ocr_carea' id='block_1_59' title="bbox 2183 3012 3767 3091">
    <p class='ocr_par' dir='ltr' id='par_1_59' title="bbox 2183 3012 3767 3089">
     <span class='ocr_line' id='line_1_59' title="bbox 2183 3012 3767 3089; baseline 0.005 -27"><span class='ocrx_word' id='word_1_373' title='bbox 2183 3029 2298 3082; x_wconf 80' lang='grc' dir='ltr'><strong>ριος</strong></span> <span class='ocrx_word' id='word_1_374' title='bbox 2319 3012 2613 3082; x_wconf 78' lang='grc' dir='ltr'><strong>Στέφανος,</strong></span> <span class='ocrx_word' id='word_1_375' title='bbox 2647 3032 2666 3066; x_wconf 79' lang='grc' dir='ltr'><strong>ι</strong></span> <span class='ocrx_word' id='word_1_376' title='bbox 2707 3016 2993 3070; x_wconf 82' lang='grc' dir='ltr'><strong>Ἐπέκεινα</strong></span> <span class='ocrx_word' id='word_1_377' title='bbox 3023 3018 3364 3083; x_wconf 88' lang='grc' dir='ltr'><strong>Βαϐυλῶνος,</strong></span> <span class='ocrx_word' id='word_1_378' title='bbox 3389 3038 3407 3070; x_wconf 76' lang='grc' dir='ltr'><strong>ι</strong></span> <span class='ocrx_word' id='word_1_379' title='bbox 3427 3018 3614 3089; x_wconf 73' lang='grc' dir='ltr'><strong>φησὶν,</strong></span> <span class='ocrx_word' id='word_1_380' title='bbox 3632 3018 3767 3071; x_wconf 79' lang='grc' dir='ltr'><strong>ἀκο-</strong></span> 
     </span>
    </p>
   </div>
   <div class='ocr_carea' id='block_1_60' title="bbox 506 3100 2079 3178">
    <p class='ocr_par' dir='ltr' id='par_1_60' title="bbox 506 3100 2079 3178">
     <span class='ocr_line' id='line_1_60' title="bbox 506 3100 2079 3178; baseline 0.005 -23"><span class='ocrx_word' id='word_1_381' title='bbox 506 3100 861 3160; x_wconf 68' lang='lat' dir='ltr'><strong>Hebraaorum</strong></span> <span class='ocrx_word' id='word_1_382' title='bbox 910 3109 1244 3163; x_wconf 82' lang='lat' dir='ltr'><strong>lectionem:</strong></span> <span class='ocrx_word' id='word_1_383' title='bbox 1294 3110 1377 3164; x_wconf 86' lang='lat' dir='ltr'><strong>vel</strong></span> <span class='ocrx_word' id='word_1_384' title='bbox 1428 3111 1557 3178; x_wconf 90' lang='lat' dir='ltr'><strong>quia</strong></span> <span class='ocrx_word' id='word_1_385' title='bbox 1607 3109 1877 3163; x_wconf 88' lang='lat' dir='ltr'><strong>terminus</strong></span> <span class='ocrx_word' id='word_1_386' title='bbox 1924 3119 2079 3163; x_wconf 81' lang='lat' dir='ltr'><strong>terra:</strong></span> 
     </span>
    </p>
   </div>
   <div class='ocr_carea' id='block_1_61' title="bbox 505 3189 1761 3269">
    <p class='ocr_par' dir='ltr' id='par_1_61' title="bbox 505 3189 1761 3269">
     <span class='ocr_line' id='line_1_61' title="bbox 505 3189 1761 3269; baseline 0.005 -23"><span class='ocrx_word' id='word_1_387' title='bbox 505 3189 969 3251; x_wconf 83' lang='lat' dir='ltr'><strong>Damascenorum</strong></span> <span class='ocrx_word' id='word_1_388' title='bbox 1004 3206 1058 3253; x_wconf 90' lang='lat' dir='ltr'><strong>et</strong></span> <span class='ocrx_word' id='word_1_389' title='bbox 1093 3197 1355 3269; x_wconf 86' lang='lat' dir='ltr'><strong>Syrorum</strong></span> <span class='ocrx_word' id='word_1_390' title='bbox 1390 3210 1474 3255; x_wconf 92' lang='lat' dir='ltr'><strong>est</strong></span> <span class='ocrx_word' id='word_1_391' title='bbox 1497 3199 1761 3268; x_wconf 84' lang='lat' dir='ltr'><strong>Babylon.</strong></span> 
     </span>
    </p>
   </div>
   <div class='ocr_carea' id='block_1_62' title="bbox 1150 3287 1452 3343">
    <p class='ocr_par' dir='ltr' id='par_1_62' title="bbox 1150 3287 1452 3343">
     <span class='ocr_line' id='line_1_62' title="bbox 1150 3287 1452 3343; baseline 0.007 -2"><span class='ocrx_word' id='word_1_392' title='bbox 1150 3287 1452 3343; x_wconf 80' lang='lat' dir='ltr'><strong>TEXTUS.</strong></span> 
     </span>
    </p>
   </div>
   <div class='ocr_carea' id='block_1_63' title="bbox 578 3380 2076 3447">
    <p class='ocr_par' dir='ltr' id='par_1_63' title="bbox 578 3380 2076 3447">
     <span class='ocr_line' id='line_1_63' title="bbox 578 3380 2076 3447; baseline -0.002 -9"><span class='ocrx_word' id='word_1_393' title='bbox 578 3381 693 3447; x_wconf 82' lang='lat' dir='ltr'><strong>VII,</strong></span> <span class='ocrx_word' id='word_1_394' title='bbox 725 3380 911 3436; x_wconf 64' lang='lat' dir='ltr'><strong>4H6.</strong></span> <span class='ocrx_word' id='word_1_395' title='bbox 954 3380 1389 3436; x_wconf 87' lang='lat' dir='ltr'><strong>Tabernaculum</strong></span> <span class='ocrx_word' id='word_1_396' title='bbox 1440 3380 1761 3436; x_wconf 85' lang='lat' dir='ltr'><strong>Testimonii</strong></span> <span class='ocrx_word' id='word_1_397' title='bbox 1809 3381 1910 3436; x_wconf 81' lang='lat' dir='ltr'><strong>fuit</strong></span> <span class='ocrx_word' id='word_1_398' title='bbox 1952 3397 2076 3437; x_wconf 90' lang='lat' dir='ltr'><strong>cum</strong></span> 
     </span>
    </p>
   </div>
   <div class='ocr_carea' id='block_1_64' title="bbox 505 3470 2076 3543">
    <p class='ocr_par' dir='ltr' id='par_1_64' title="bbox 505 3470 2076 3543">
     <span class='ocr_line' id='line_1_64' title="bbox 505 3470 2076 3543; baseline 0.001 -18"><span class='ocrx_word' id='word_1_399' title='bbox 505 3473 763 3543; x_wconf 82' lang='lat' dir='ltr'><strong>patribus</strong></span> <span class='ocrx_word' id='word_1_400' title='bbox 785 3471 991 3527; x_wconf 88' lang='lat' dir='ltr'><strong>nostris</strong></span> <span class='ocrx_word' id='word_1_401' title='bbox 1014 3471 1069 3525; x_wconf 90' lang='lat' dir='ltr'><strong>in</strong></span> <span class='ocrx_word' id='word_1_402' title='bbox 1095 3470 1487 3533; x_wconf 87' lang='lat' dir='ltr'><strong>dcserto,sicut</strong></span> <span class='ocrx_word' id='word_1_403' title='bbox 1504 3471 1773 3540; x_wconf 86' lang='lat' dir='ltr'><strong>disposuit</strong></span> <span class='ocrx_word' id='word_1_404' title='bbox 1788 3473 1894 3527; x_wconf 87' lang='lat' dir='ltr'><strong>illis</strong></span> <span class='ocrx_word' id='word_1_405' title='bbox 1914 3472 2076 3535; x_wconf 91' lang='lat' dir='ltr'><strong>Deus,</strong></span> 
     </span>
    </p>
   </div>
   <div class='ocr_carea' id='block_1_65' title="bbox 507 3562 2080 3635">
    <p class='ocr_par' dir='ltr' id='par_1_65' title="bbox 507 3562 2080 3635">
     <span class='ocr_line' id='line_1_65' title="bbox 507 3562 2080 3635; baseline -0.001 -17"><span class='ocrx_word' id='word_1_406' title='bbox 507 3566 744 3633; x_wconf 86' lang='lat' dir='ltr'><strong>loquens</strong></span> <span class='ocrx_word' id='word_1_407' title='bbox 779 3564 846 3619; x_wconf 87' lang='lat' dir='ltr'><strong>ad</strong></span> <span class='ocrx_word' id='word_1_408' title='bbox 879 3562 1126 3635; x_wconf 82' lang='lat' dir='ltr'><strong>Moysen,</strong></span> <span class='ocrx_word' id='word_1_409' title='bbox 1158 3573 1215 3617; x_wconf 92' lang='lat' dir='ltr'><strong>nt</strong></span> <span class='ocrx_word' id='word_1_410' title='bbox 1241 3562 1447 3617; x_wconf 78' lang='lat' dir='ltr'><strong>faceret</strong></span> <span class='ocrx_word' id='word_1_411' title='bbox 1474 3562 1608 3617; x_wconf 89' lang='lat' dir='ltr'><strong>illud</strong></span> <span class='ocrx_word' id='word_1_412' title='bbox 1638 3563 1938 3617; x_wconf 79' lang='lat' dir='ltr'><strong>secundum</strong></span> <span class='ocrx_word' id='word_1_413' title='bbox 1972 3563 2080 3617; x_wconf 80' lang='lat' dir='ltr'><strong>for-</strong></span> 
     </span>
    </p>
   </div>
   <div class='ocr_carea' id='block_1_66' title="bbox 505 3638 2081 3727">
    <p class='ocr_par' dir='ltr' id='par_1_66' title="bbox 505 3638 2081 3727">
     <span class='ocr_line' id='line_1_66' title="bbox 505 3638 2081 3727; baseline -0.001 -16"><span class='ocrx_word' id='word_1_414' title='bbox 505 3672 651 3711; x_wconf 89' lang='lat' dir='ltr'><strong>mam</strong></span> <span class='ocrx_word' id='word_1_415' title='bbox 679 3638 1091 3727; x_wconf 53' lang='lat' dir='ltr'><strong>quamﬁviderat.</strong></span> <span class='ocrx_word' id='word_1_416' title='bbox 1110 3654 1265 3721; x_wconf 88' lang='lat' dir='ltr'><strong>Quod</strong></span> <span class='ocrx_word' id='word_1_417' title='bbox 1284 3665 1338 3710; x_wconf 82' lang='lat' dir='ltr'><strong>et-</strong></span> <span class='ocrx_word' id='word_1_418' title='bbox 1356 3656 2081 3725; x_wconf 76' lang='lat' dir='ltr'><strong>induxerunt,suscipientes</strong></span> 
     </span>
    </p>
   </div>
   <div class='ocr_carea' id='block_1_67' title="bbox 504 3746 2074 3818">
    <p class='ocr_par' dir='ltr' id='par_1_67' title="bbox 504 3746 2074 3818">
     <span class='ocr_line' id='line_1_67' title="bbox 504 3746 2074 3818; baseline -0.001 -16"><span class='ocrx_word' id='word_1_419' title='bbox 504 3755 689 3818; x_wconf 85' lang='lat' dir='ltr'><strong>patres</strong></span> <span class='ocrx_word' id='word_1_420' title='bbox 724 3749 900 3803; x_wconf 89' lang='lat' dir='ltr'><strong>nostri</strong></span> <span class='ocrx_word' id='word_1_421' title='bbox 938 3763 1062 3803; x_wconf 93' lang='lat' dir='ltr'><strong>cum</strong></span> <span class='ocrx_word' id='word_1_422' title='bbox 1095 3746 1225 3803; x_wconf 84' lang='lat' dir='ltr'><strong>Jesu</strong></span> <span class='ocrx_word' id='word_1_423' title='bbox 1264 3748 1317 3801; x_wconf 90' lang='lat' dir='ltr'><strong>in</strong></span> <span class='ocrx_word' id='word_1_424' title='bbox 1355 3750 1759 3816; x_wconf 87' lang='lat' dir='ltr'><strong>possessionem</strong></span> <span class='ocrx_word' id='word_1_425' title='bbox 1794 3746 2074 3814; x_wconf 87' lang='lat' dir='ltr'><strong>Gentium,</strong></span> 
     </span>
    </p>
   </div>
   <div class='ocr_carea' id='block_1_68' title="bbox 501 3835 2078 3907">
    <p class='ocr_par' dir='ltr' id='par_1_68' title="bbox 501 3835 2078 3907">
     <span class='ocr_line' id='line_1_68' title="bbox 501 3835 2078 3907; baseline 0.001 -16"><span class='ocrx_word' id='word_1_426' title='bbox 501 3851 642 3906; x_wconf 86' lang='lat' dir='ltr'><strong>quas</strong></span> <span class='ocrx_word' id='word_1_427' title='bbox 674 3837 880 3906; x_wconf 81' lang='lat' dir='ltr'><strong>expulit</strong></span> <span class='ocrx_word' id='word_1_428' title='bbox 908 3835 1052 3892; x_wconf 91' lang='lat' dir='ltr'><strong>Deus</strong></span> <span class='ocrx_word' id='word_1_429' title='bbox 1082 3852 1112 3891; x_wconf 88' lang='lat' dir='ltr'><strong>a</strong></span> <span class='ocrx_word' id='word_1_430' title='bbox 1145 3836 1284 3891; x_wconf 82' lang='lat' dir='ltr'><strong>facie</strong></span> <span class='ocrx_word' id='word_1_431' title='bbox 1308 3845 1520 3905; x_wconf 90' lang='lat' dir='ltr'><strong>patrum</strong></span> <span class='ocrx_word' id='word_1_432' title='bbox 1555 3846 1867 3893; x_wconf 90' lang='lat' dir='ltr'><strong>nostrorum</strong></span> <span class='ocrx_word' id='word_1_433' title='bbox 1904 3853 2078 3907; x_wconf 87' lang='lat' dir='ltr'><strong>usque</strong></span> 
     </span>
    </p>
   </div>
   <div class='ocr_carea' id='block_1_69' title="bbox 502 3926 2072 4000">
    <p class='ocr_par' dir='ltr' id='par_1_69' title="bbox 502 3926 2072 4000">
     <span class='ocr_line' id='line_1_69' title="bbox 502 3926 2072 4000; baseline 0.001 -19"><span class='ocrx_word' id='word_1_434' title='bbox 502 3926 559 3981; x_wconf 84' lang='lat' dir='ltr'><strong>in</strong></span> <span class='ocrx_word' id='word_1_435' title='bbox 596 3927 789 3983; x_wconf 88' lang='lat' dir='ltr'><strong>diebus</strong></span> <span class='ocrx_word' id='word_1_436' title='bbox 824 3928 1014 3994; x_wconf 82' lang='lat' dir='ltr'><strong>David,</strong></span> <span class='ocrx_word' id='word_1_437' title='bbox 1071 3930 1164 3999; x_wconf 87' lang='lat' dir='ltr'><strong>qui</strong></span> <span class='ocrx_word' id='word_1_438' title='bbox 1213 3928 1421 3984; x_wconf 89' lang='lat' dir='ltr'><strong>invenit</strong></span> <span class='ocrx_word' id='word_1_439' title='bbox 1459 3930 1693 4000; x_wconf 78' lang='lat' dir='ltr'><strong>gratiam</strong></span> <span class='ocrx_word' id='word_1_440' title='bbox 1725 3938 1849 3983; x_wconf 91' lang='lat' dir='ltr'><strong>ante</strong></span> <span class='ocrx_word' id='word_1_441' title='bbox 1880 3929 2072 3994; x_wconf 86' lang='lat' dir='ltr'><strong>Deum,</strong></span> 
     </span>
    </p>
   </div>
   <div class='ocr_carea' id='block_1_70' title="bbox 501 4020 1945 4091">
    <p class='ocr_par' dir='ltr' id='par_1_70' title="bbox 501 4020 1945 4091">
     <span class='ocr_line' id='line_1_70' title="bbox 501 4020 1945 4091; baseline -0.001 -15"><span class='ocrx_word' id='word_1_442' title='bbox 501 4030 556 4076; x_wconf 88' lang='lat' dir='ltr'><strong>et</strong></span> <span class='ocrx_word' id='word_1_443' title='bbox 585 4022 738 4091; x_wconf 89' lang='lat' dir='ltr'><strong>petiit</strong></span> <span class='ocrx_word' id='word_1_444' title='bbox 767 4030 825 4075; x_wconf 94' lang='lat' dir='ltr'><strong>ut</strong></span> <span class='ocrx_word' id='word_1_445' title='bbox 848 4021 1117 4077; x_wconf 86' lang='lat' dir='ltr'><strong>inveniret</strong></span> <span class='ocrx_word' id='word_1_446' title='bbox 1150 4022 1568 4076; x_wconf 82' lang='lat' dir='ltr'><strong>tabernaculum</strong></span> <span class='ocrx_word' id='word_1_447' title='bbox 1613 4021 1720 4076; x_wconf 88' lang='lat' dir='ltr'><strong>Deo</strong></span> <span class='ocrx_word' id='word_1_448' title='bbox 1754 4020 1945 4076; x_wconf 80' lang='lat' dir='ltr'><strong>Jacoh.</strong></span> 
     </span>
    </p>
   </div>
   <div class='ocr_carea' id='block_1_71' title="bbox 1002 4109 1552 4166">
    <p class='ocr_par' dir='ltr' id='par_1_71' title="bbox 1002 4109 1552 4166">
     <span class='ocr_line' id='line_1_71' title="bbox 1002 4109 1552 4166; baseline 0 -1"><span class='ocrx_word' id='word_1_449' title='bbox 1002 4109 1552 4166; x_wconf 71' lang='lat' dir='ltr'><strong>COMMENTARIUS</strong></span> 
     </span>
    </p>
   </div>
   <div class='ocr_carea' id='block_1_72' title="bbox 573 4203 2075 4260">
    <p class='ocr_par' dir='ltr' id='par_1_72' title="bbox 573 4203 2075 4260">
     <span class='ocr_line' id='line_1_72' title="bbox 573 4203 2075 4260; baseline 0.001 -3"><span class='ocrx_word' id='word_1_450' title='bbox 573 4205 867 4260; x_wconf 88' lang='lat' dir='ltr'><strong>Dicebatur</strong></span> <span class='ocrx_word' id='word_1_451' title='bbox 907 4203 1343 4259; x_wconf 81' lang='lat' dir='ltr'><strong>Tabernaculum</strong></span> <span class='ocrx_word' id='word_1_452' title='bbox 1385 4203 1707 4258; x_wconf 88' lang='lat' dir='ltr'><strong>Testimonii</strong></span> <span class='ocrx_word' id='word_1_453' title='bbox 1770 4218 1865 4258; x_wconf 90' lang='lat' dir='ltr'><strong>seu</strong></span> <span class='ocrx_word' id='word_1_454' title='bbox 1918 4218 2075 4258; x_wconf 86' lang='lat' dir='ltr'><strong>man-</strong></span> 
     </span>
    </p>
   </div>
   <div class='ocr_carea' id='block_1_73' title="bbox 402 4291 2078 4364">
    <p class='ocr_par' dir='ltr' id='par_1_73' title="bbox 402 4291 2078 4364">
     <span class='ocr_line' id='line_1_73' title="bbox 402 4291 2078 4364; baseline 0 -17"><span class='ocrx_word' id='word_1_455' title='bbox 402 4310 421 4321; x_wconf 72' lang='lat'><strong><em>&#39;</em></strong></span> <span class='ocrx_word' id='word_1_456' title='bbox 496 4294 750 4349; x_wconf 82' lang='lat' dir='ltr'><strong>datorum</strong></span> <span class='ocrx_word' id='word_1_457' title='bbox 784 4292 902 4360; x_wconf 83' lang='lat' dir='ltr'><strong>Dei,</strong></span> <span class='ocrx_word' id='word_1_458' title='bbox 937 4293 1067 4349; x_wconf 83' lang='lat' dir='ltr'><strong>illud</strong></span> <span class='ocrx_word' id='word_1_459' title='bbox 1095 4293 1241 4364; x_wconf 78' lang='lat' dir='ltr'><strong>quod</strong></span> <span class='ocrx_word' id='word_1_460' title='bbox 1269 4294 1325 4347; x_wconf 91' lang='lat' dir='ltr'><strong>in</strong></span> <span class='ocrx_word' id='word_1_461' title='bbox 1371 4300 1558 4347; x_wconf 86' lang='lat' dir='ltr'><strong>monte</strong></span> <span class='ocrx_word' id='word_1_462' title='bbox 1589 4291 1719 4347; x_wconf 89' lang='lat' dir='ltr'><strong>Sina</strong></span> <span class='ocrx_word' id='word_1_463' title='bbox 1749 4292 1883 4348; x_wconf 81' lang='lat' dir='ltr'><strong>Mosi</strong></span> <span class='ocrx_word' id='word_1_464' title='bbox 1921 4308 2078 4348; x_wconf 87' lang='lat' dir='ltr'><strong>mon-</strong></span> 
     </span>
    </p>
   </div>
   <div class='ocr_carea' id='block_1_74' title="bbox 499 4384 2081 4455">
    <p class='ocr_par' dir='ltr' id='par_1_74' title="bbox 499 4384 2081 4455">
     <span class='ocr_line' id='line_1_74' title="bbox 499 4384 2081 4455; baseline -0.002 -14"><span class='ocrx_word' id='word_1_465' title='bbox 499 4394 733 4441; x_wconf 90' lang='lat' dir='ltr'><strong>stratum</strong></span> <span class='ocrx_word' id='word_1_466' title='bbox 766 4403 793 4440; x_wconf 91' lang='lat' dir='ltr'><strong>a</strong></span> <span class='ocrx_word' id='word_1_467' title='bbox 826 4385 935 4442; x_wconf 86' lang='lat' dir='ltr'><strong>Deo</strong></span> <span class='ocrx_word' id='word_1_468' title='bbox 998 4393 1112 4452; x_wconf 89' lang='lat' dir='ltr'><strong>est;</strong></span> <span class='ocrx_word' id='word_1_469' title='bbox 1144 4385 1271 4455; x_wconf 87' lang='lat' dir='ltr'><strong>quia</strong></span> <span class='ocrx_word' id='word_1_470' title='bbox 1318 4384 1457 4439; x_wconf 76' lang='lat' dir='ltr'><strong>Deus</strong></span> <span class='ocrx_word' id='word_1_471' title='bbox 1498 4385 1629 4439; x_wconf 91' lang='lat' dir='ltr'><strong>illud</strong></span> <span class='ocrx_word' id='word_1_472' title='bbox 1694 4384 1985 4454; x_wconf 86' lang='lat' dir='ltr'><strong>disposuit,</strong></span> <span class='ocrx_word' id='word_1_473' title='bbox 2021 4392 2081 4438; x_wconf 90' lang='lat' dir='ltr'><strong>ut</strong></span> 
     </span>
    </p>
   </div>
   <div class='ocr_carea' id='block_1_75' title="bbox 504 4473 2081 4547">
    <p class='ocr_par' dir='ltr' id='par_1_75' title="bbox 504 4473 2081 4547">
     <span class='ocr_line' id='line_1_75' title="bbox 504 4473 2081 4547; baseline -0.003 -16"><span class='ocrx_word' id='word_1_474' title='bbox 504 4477 671 4532; x_wconf 89' lang='lat' dir='ltr'><strong>Deum</strong></span> <span class='ocrx_word' id='word_1_475' title='bbox 703 4479 881 4547; x_wconf 90' lang='lat' dir='ltr'><strong>ipsum</strong></span> <span class='ocrx_word' id='word_1_476' title='bbox 941 4484 1136 4532; x_wconf 85' lang='lat' dir='ltr'><strong>testem</strong></span> <span class='ocrx_word' id='word_1_477' title='bbox 1177 4473 1623 4544; x_wconf 79' lang='lat' dir='ltr'><strong>haberent,quod</strong></span> <span class='ocrx_word' id='word_1_478' title='bbox 1670 4474 1724 4528; x_wconf 88' lang='lat' dir='ltr'><strong>in</strong></span> <span class='ocrx_word' id='word_1_479' title='bbox 1772 4482 1959 4528; x_wconf 90' lang='lat' dir='ltr'><strong>monte</strong></span> <span class='ocrx_word' id='word_1_480' title='bbox 1993 4475 2081 4527; x_wconf 88' lang='lat' dir='ltr'><strong>de-</strong></span> 
     </span>
    </p>
   </div>
   <div class='ocr_carea' id='block_1_76' title="bbox 499 4563 2078 4637">
    <p class='ocr_par' dir='ltr' id='par_1_76' title="bbox 499 4563 2078 4637">
     <span class='ocr_line' id='line_1_76' title="bbox 499 4563 2078 4637; baseline -0.001 -17"><span class='ocrx_word' id='word_1_481' title='bbox 499 4567 727 4624; x_wconf 85' lang='lat' dir='ltr'><strong>lineatio</strong></span> <span class='ocrx_word' id='word_1_482' title='bbox 750 4568 879 4637; x_wconf 81' lang='lat' dir='ltr'><strong>,ejus</strong></span> <span class='ocrx_word' id='word_1_483' title='bbox 908 4566 1050 4622; x_wconf 79' lang='lat' dir='ltr'><strong>facta</strong></span> <span class='ocrx_word' id='word_1_484' title='bbox 1088 4565 1273 4632; x_wconf 78' lang='lat' dir='ltr'><strong>fuerit,</strong></span> <span class='ocrx_word' id='word_1_485' title='bbox 1302 4580 1367 4620; x_wconf 89' lang='lat' dir='ltr'><strong>ac</strong></span> <span class='ocrx_word' id='word_1_486' title='bbox 1401 4565 1544 4619; x_wconf 90' lang='lat' dir='ltr'><strong>Deus</strong></span> <span class='ocrx_word' id='word_1_487' title='bbox 1603 4564 1740 4620; x_wconf 77' lang='lat' dir='ltr'><strong>Mosi</strong></span> <span class='ocrx_word' id='word_1_488' title='bbox 1768 4563 1901 4619; x_wconf 89' lang='lat' dir='ltr'><strong>illud</strong></span> <span class='ocrx_word' id='word_1_489' title='bbox 1936 4578 2078 4634; x_wconf 62' lang='lat' dir='ltr'><strong>prai-</strong></span> 
     </span>
    </p>
   </div>
   <div class='ocr_carea' id='block_1_77' title="bbox 499 4658 810 4730">
    <p class='ocr_par' dir='ltr' id='par_1_77' title="bbox 499 4658 810 4730">
     <span class='ocr_line' id='line_1_77' title="bbox 499 4658 810 4730; baseline -0.003 -16"><span class='ocrx_word' id='word_1_490' title='bbox 499 4658 810 4730; x_wconf 83' lang='lat' dir='ltr'><strong>scripserit.</strong></span> 
     </span>
    </p>
   </div>
   <div class='ocr_carea' id='block_1_78' title="bbox 1143 4747 1444 4806">
    <p class='ocr_par' dir='ltr' id='par_1_78' title="bbox 1143 4747 1444 4806">
     <span class='ocr_line' id='line_1_78' title="bbox 1143 4747 1444 4806; baseline 0.013 -4"><span class='ocrx_word' id='word_1_491' title='bbox 1143 4747 1326 4804; x_wconf 81' lang='lat' dir='ltr'><strong>TEXT</strong></span> <span class='ocrx_word' id='word_1_492' title='bbox 1336 4748 1444 4806; x_wconf 90' lang='lat' dir='ltr'><strong>US.</strong></span> 
     </span>
    </p>
   </div>
   <div class='ocr_carea' id='block_1_79' title="bbox 574 4838 2077 4918">
    <p class='ocr_par' dir='ltr' id='par_1_79' title="bbox 574 4838 2077 4918">
     <span class='ocr_line' id='line_1_79' title="bbox 574 4838 2077 4918; baseline -0.004 -22"><span class='ocrx_word' id='word_1_493' title='bbox 574 4839 691 4907; x_wconf 82' lang='lat' dir='ltr'><strong>VH,</strong></span> <span class='ocrx_word' id='word_1_494' title='bbox 716 4839 900 4896; x_wconf 56' lang='lat'><strong>67-59.</strong></span> <span class='ocrx_word' id='word_1_495' title='bbox 922 4840 1181 4918; x_wconf 83' lang='lat' dir='ltr'><strong>Salomon</strong></span> <span class='ocrx_word' id='word_1_496' title='bbox 1200 4849 1377 4896; x_wconf 86' lang='lat' dir='ltr'><strong>autem</strong></span> <span class='ocrx_word' id='word_1_497' title='bbox 1402 4839 1696 4896; x_wconf 66' lang='lat' dir='ltr'><strong>aediﬁcavit</strong></span> <span class='ocrx_word' id='word_1_498' title='bbox 1724 4838 1800 4892; x_wconf 89' lang='lat' dir='ltr'><strong>illi</strong></span> <span class='ocrx_word' id='word_1_499' title='bbox 1832 4838 2077 4894; x_wconf 90' lang='lat' dir='ltr'><strong>domum.</strong></span> 
     </span>
    </p>
   </div>
   <div class='ocr_carea' id='block_1_80' title="bbox 500 4931 2079 4999">
    <p class='ocr_par' dir='ltr' id='par_1_80' title="bbox 500 4931 2079 4999">
     <span class='ocr_line' id='line_1_80' title="bbox 500 4931 2079 4999; baseline -0.002 -13"><span class='ocrx_word' id='word_1_500' title='bbox 500 4932 610 4988; x_wconf 84' lang='lat' dir='ltr'><strong>Sed</strong></span> <span class='ocrx_word' id='word_1_501' title='bbox 646 4932 1043 4989; x_wconf 70' lang='lat' dir='ltr'><strong>uouExcelsus</strong></span> <span class='ocrx_word' id='word_1_502' title='bbox 1067 4932 1123 4988; x_wconf 91' lang='lat' dir='ltr'><strong>in</strong></span> <span class='ocrx_word' id='word_1_503' title='bbox 1151 4931 1481 4987; x_wconf 82' lang='lat' dir='ltr'><strong>manufactis</strong></span> <span class='ocrx_word' id='word_1_504' title='bbox 1509 4931 1741 4994; x_wconf 86' lang='lat' dir='ltr'><strong>habitat,</strong></span> <span class='ocrx_word' id='word_1_505' title='bbox 1778 4931 1921 4985; x_wconf 88' lang='lat' dir='ltr'><strong>sicut</strong></span> <span class='ocrx_word' id='word_1_506' title='bbox 1948 4943 2079 4999; x_wconf 88' lang='lat' dir='ltr'><strong>pro-</strong></span> 
     </span>
    </p>
   </div>
   <div class='ocr_carea' id='block_1_81' title="bbox 500 5023 2081 5105">
    <p class='ocr_par' dir='ltr' id='par_1_81' title="bbox 500 5023 2081 5105">
     <span class='ocr_line' id='line_1_81' title="bbox 500 5023 2081 5105; baseline -0.004 -27"><span class='ocrx_word' id='word_1_507' title='bbox 500 5026 672 5105; x_wconf 80' lang='lat' dir='ltr'><strong>pheta</strong></span> <span class='ocrx_word' id='word_1_508' title='bbox 694 5024 829 5081; x_wconf 87' lang='lat' dir='ltr'><strong>dicit</strong></span> <span class='ocrx_word' id='word_1_509' title='bbox 851 5024 1090 5081; x_wconf 73' lang='lat' dir='ltr'><strong>:leum</strong></span> <span class='ocrx_word' id='word_1_510' title='bbox 1107 5024 1239 5080; x_wconf 86' lang='lat' dir='ltr'><strong>mihi</strong></span> <span class='ocrx_word' id='word_1_511' title='bbox 1257 5023 1417 5079; x_wconf 86' lang='lat' dir='ltr'><strong>sedes</strong></span> <span class='ocrx_word' id='word_1_512' title='bbox 1437 5029 1557 5087; x_wconf 88' lang='lat' dir='ltr'><strong>cst;</strong></span> <span class='ocrx_word' id='word_1_513' title='bbox 1584 5031 1727 5075; x_wconf 89' lang='lat' dir='ltr'><strong>terra</strong></span> <span class='ocrx_word' id='word_1_514' title='bbox 1748 5029 1941 5102; x_wconf 76' lang='lat' dir='ltr'><strong>autem</strong></span> <span class='ocrx_word' id='word_1_515' title='bbox 1954 5034 2081 5073; x_wconf 87' lang='lat' dir='ltr'><strong>sca-</strong></span> 
     </span>
    </p>
   </div>
   <div class='ocr_carea' id='block_1_82' title="bbox 500 5108 2073 5186">
    <p class='ocr_par' dir='ltr' id='par_1_82' title="bbox 500 5108 2073 5186">
     <span class='ocr_line' id='line_1_82' title="bbox 500 5108 2073 5186; baseline -0.005 -15"><span class='ocrx_word' id='word_1_516' title='bbox 500 5116 705 5171; x_wconf 82' lang='lat' dir='ltr'><strong>bellum</strong></span> <span class='ocrx_word' id='word_1_517' title='bbox 752 5115 949 5186; x_wconf 90' lang='lat' dir='ltr'><strong>pedum</strong></span> <span class='ocrx_word' id='word_1_518' title='bbox 980 5130 1251 5170; x_wconf 84' lang='lat' dir='ltr'><strong>meorum.</strong></span> <span class='ocrx_word' id='word_1_519' title='bbox 1279 5114 1455 5180; x_wconf 88' lang='lat' dir='ltr'><strong>Quam</strong></span> <span class='ocrx_word' id='word_1_520' title='bbox 1485 5112 1706 5167; x_wconf 89' lang='lat' dir='ltr'><strong>domum</strong></span> <span class='ocrx_word' id='word_1_521' title='bbox 1734 5108 2073 5164; x_wconf 73' lang='lat' dir='ltr'><strong>:cdilicabitis</strong></span> 
     </span>
    </p>
   </div>
   <div class='ocr_carea' id='block_1_83' title="bbox 404 5194 2075 5273">
    <p class='ocr_par' dir='ltr' id='par_1_83' title="bbox 404 5194 2075 5273">
     <span class='ocr_line' id='line_1_83' title="bbox 404 5194 2075 5273; baseline -0.005 -11"><span class='ocrx_word' id='word_1_522' title='bbox 404 5194 417 5203; x_wconf 21' lang='grc' dir='ltr'>κ</span> <span class='ocrx_word' id='word_1_523' title='bbox 502 5208 658 5273; x_wconf 88' lang='lat' dir='ltr'><strong>tuihi,</strong></span> <span class='ocrx_word' id='word_1_524' title='bbox 689 5207 821 5261; x_wconf 88' lang='lat' dir='ltr'><strong>dicit</strong></span> <span class='ocrx_word' id='word_1_525' title='bbox 866 5205 1167 5260; x_wconf 89' lang='lat' dir='ltr'><strong>Dominus?</strong></span> <span class='ocrx_word' id='word_1_526' title='bbox 1210 5212 1304 5259; x_wconf 83' lang='lat' dir='ltr'><strong>aut</strong></span> <span class='ocrx_word' id='word_1_527' title='bbox 1341 5204 1467 5273; x_wconf 91' lang='lat' dir='ltr'><strong>quis</strong></span> <span class='ocrx_word' id='word_1_528' title='bbox 1520 5202 1674 5256; x_wconf 91' lang='lat' dir='ltr'><strong>locus</strong></span> <span class='ocrx_word' id='word_1_529' title='bbox 1718 5199 2075 5268; x_wconf 86' lang='lat' dir='ltr'><strong>requietionis</strong></span> 
     </span>
    </p>
   </div>
   <div class='ocr_carea' id='block_1_84' title="bbox 498 5290 2073 5354">
    <p class='ocr_par' dir='ltr' id='par_1_84' title="bbox 498 5290 2073 5354">
     <span class='ocr_line' id='line_1_84' title="bbox 498 5290 2073 5354; baseline -0.008 0"><span class='ocrx_word' id='word_1_530' title='bbox 498 5315 636 5354; x_wconf 71' lang='lat' dir='ltr'><strong>mea:</strong></span> <span class='ocrx_word' id='word_1_531' title='bbox 689 5299 806 5354; x_wconf 81' lang='lat' dir='ltr'><strong>est?</strong></span> <span class='ocrx_word' id='word_1_532' title='bbox 856 5297 1047 5352; x_wconf 85' lang='lat' dir='ltr'><strong>Nonne</strong></span> <span class='ocrx_word' id='word_1_533' title='bbox 1103 5311 1299 5351; x_wconf 90' lang='lat' dir='ltr'><strong>manus</strong></span> <span class='ocrx_word' id='word_1_534' title='bbox 1353 5309 1472 5349; x_wconf 88' lang='lat' dir='ltr'><strong>mea</strong></span> <span class='ocrx_word' id='word_1_535' title='bbox 1521 5292 1650 5348; x_wconf 78' lang='lat' dir='ltr'><strong>fecit</strong></span> <span class='ocrx_word' id='word_1_536' title='bbox 1692 5291 1808 5345; x_wconf 63' lang='lat' dir='ltr'><strong>haec</strong></span> <span class='ocrx_word' id='word_1_537' title='bbox 1848 5290 2073 5345; x_wconf 87' lang='lat' dir='ltr'><strong>omnia?</strong></span> 
     </span>
    </p>
   </div>
   <div class='ocr_carea' id='block_1_85' title="bbox 506 5383 2068 5445">
    <p class='ocr_par' dir='ltr' id='par_1_85' title="bbox 506 5383 2068 5445">
     <span class='ocr_line' id='line_1_85' title="bbox 506 5383 2068 5445; baseline -0.003 -2"><span class='ocrx_word' id='word_1_538' title='bbox 506 5391 646 5443; x_wconf 80' lang='lat' dir='ltr'><strong>Dura</strong></span> <span class='ocrx_word' id='word_1_539' title='bbox 683 5390 895 5445; x_wconf 89' lang='lat' dir='ltr'><strong>cervice</strong></span> <span class='ocrx_word' id='word_1_540' title='bbox 925 5397 980 5443; x_wconf 86' lang='lat' dir='ltr'><strong>et</strong></span> <span class='ocrx_word' id='word_1_541' title='bbox 1009 5386 1415 5444; x_wconf 85' lang='lat' dir='ltr'><strong>iucircumcisis</strong></span> <span class='ocrx_word' id='word_1_542' title='bbox 1445 5385 1706 5441; x_wconf 83' lang='lat' dir='ltr'><strong>cordibus</strong></span> <span class='ocrx_word' id='word_1_543' title='bbox 1741 5393 1793 5438; x_wconf 88' lang='lat' dir='ltr'><strong>et</strong></span> <span class='ocrx_word' id='word_1_544' title='bbox 1819 5383 2068 5445; x_wconf 84' lang='lat' dir='ltr'><strong>auribus.</strong></span> 
     </span>
    </p>
   </div>
   <div class='ocr_carea' id='block_1_86' title="bbox 501 5462 2070 5550">
    <p class='ocr_par' dir='ltr' id='par_1_86' title="bbox 501 5462 2070 5550">
     <span class='ocr_line' id='line_1_86' title="bbox 501 5462 2070 5550; baseline -0.003 -16"><span class='ocrx_word' id='word_1_545' title='bbox 501 5495 600 5536; x_wconf 84' lang='lat' dir='ltr'><strong>vos</strong></span> <span class='ocrx_word' id='word_1_546' title='bbox 631 5495 846 5549; x_wconf 79' lang='lat' dir='ltr'><strong>semper</strong></span> <span class='ocrx_word' id='word_1_547' title='bbox 883 5480 1114 5550; x_wconf 81' lang='lat' dir='ltr'><strong>Spiritui</strong></span> <span class='ocrx_word' id='word_1_548' title='bbox 1160 5486 1353 5534; x_wconf 90' lang='lat' dir='ltr'><strong>saneto</strong></span> <span class='ocrx_word' id='word_1_549' title='bbox 1400 5462 1682 5539; x_wconf 68' lang='lat' dir='ltr'><strong>resistitis,</strong></span> <span class='ocrx_word' id='word_1_550' title='bbox 1717 5474 2070 5544; x_wconf 86' lang='lat' dir='ltr'><strong>sicutpatres</strong></span> 
     </span>
    </p>
   </div>
   <div class='ocr_carea' id='block_1_87' title="bbox 502 5566 2073 5638">
    <p class='ocr_par' dir='ltr' id='par_1_87' title="bbox 502 5566 2073 5638">
     <span class='ocr_line' id='line_1_87' title="bbox 502 5566 2073 5638; baseline -0.001 -17"><span class='ocrx_word' id='word_1_551' title='bbox 502 5568 695 5633; x_wconf 87' lang='lat' dir='ltr'><strong>vestri,</strong></span> <span class='ocrx_word' id='word_1_552' title='bbox 743 5569 820 5624; x_wconf 87' lang='lat' dir='ltr'><strong>ita</strong></span> <span class='ocrx_word' id='word_1_553' title='bbox 870 5576 926 5625; x_wconf 84' lang='lat' dir='ltr'><strong>et</strong></span> <span class='ocrx_word' id='word_1_554' title='bbox 977 5586 1095 5627; x_wconf 90' lang='lat' dir='ltr'><strong>vos.</strong></span> <span class='ocrx_word' id='word_1_555' title='bbox 1136 5569 1308 5636; x_wconf 73' lang='lat' dir='ltr'><strong>Que&#39;u</strong></span> <span class='ocrx_word' id='word_1_556' title='bbox 1355 5566 1740 5638; x_wconf 86' lang='lat' dir='ltr'><strong>prophetarqu</strong></span> <span class='ocrx_word' id='word_1_557' title='bbox 1787 5581 1896 5620; x_wconf 91' lang='lat' dir='ltr'><strong>non</strong></span> <span class='ocrx_word' id='word_1_558' title='bbox 1941 5575 2073 5620; x_wconf 90' lang='lat' dir='ltr'><strong>sunt</strong></span> 
     </span>
    </p>
   </div>
   <div class='ocr_carea' id='block_1_88' title="bbox 504 5655 2071 5728">
    <p class='ocr_par' dir='ltr' id='par_1_88' title="bbox 504 5655 2071 5728">
     <span class='ocr_line' id='line_1_88' title="bbox 504 5655 2071 5728; baseline -0.002 -16"><span class='ocrx_word' id='word_1_559' title='bbox 504 5659 777 5725; x_wconf 85' lang='lat' dir='ltr'><strong>persecuti</strong></span> <span class='ocrx_word' id='word_1_560' title='bbox 828 5668 1009 5728; x_wconf 88' lang='lat' dir='ltr'><strong>patres</strong></span> <span class='ocrx_word' id='word_1_561' title='bbox 1066 5660 1271 5716; x_wconf 80' lang='lat' dir='ltr'><strong>vestri?</strong></span> <span class='ocrx_word' id='word_1_562' title='bbox 1330 5659 1398 5713; x_wconf 85' lang='lat' dir='ltr'><strong>Et</strong></span> <span class='ocrx_word' id='word_1_563' title='bbox 1447 5656 1768 5711; x_wconf 88' lang='lat' dir='ltr'><strong>occiderunt</strong></span> <span class='ocrx_word' id='word_1_564' title='bbox 1815 5670 1931 5721; x_wconf 90' lang='lat' dir='ltr'><strong>eos,</strong></span> <span class='ocrx_word' id='word_1_565' title='bbox 1976 5655 2071 5725; x_wconf 91' lang='lat' dir='ltr'><strong>qui</strong></span> 
     </span>
    </p>
   </div>
   <div class='ocr_carea' id='block_1_89' title="bbox 501 5746 2072 5817">
    <p class='ocr_par' dir='ltr' id='par_1_89' title="bbox 501 5746 2072 5817">
     <span class='ocr_line' id='line_1_89' title="bbox 501 5746 2072 5817; baseline 0.003 -21"><span class='ocrx_word' id='word_1_566' title='bbox 501 5750 940 5814; x_wconf 67' lang='lat' dir='ltr'><strong>prmiumiabaut</strong></span> <span class='ocrx_word' id='word_1_567' title='bbox 974 5750 1040 5806; x_wconf 90' lang='lat' dir='ltr'><strong>de</strong></span> <span class='ocrx_word' id='word_1_568' title='bbox 1089 5750 1323 5805; x_wconf 89' lang='lat' dir='ltr'><strong>adventu</strong></span> <span class='ocrx_word' id='word_1_569' title='bbox 1372 5747 1540 5813; x_wconf 82' lang='lat' dir='ltr'><strong>Justi,</strong></span> <span class='ocrx_word' id='word_1_570' title='bbox 1573 5746 1733 5817; x_wconf 84' lang='lat' dir='ltr'><strong>cujus</strong></span> <span class='ocrx_word' id='word_1_571' title='bbox 1776 5761 1871 5802; x_wconf 84' lang='lat' dir='ltr'><strong>vos</strong></span> <span class='ocrx_word' id='word_1_572' title='bbox 1925 5762 2072 5802; x_wconf 86' lang='lat' dir='ltr'><strong>nunc</strong></span> 
     </span>
    </p>
   </div>
   <div class='ocr_carea' id='block_1_90' title="bbox 2180 3102 3766 3181">
    <p class='ocr_par' dir='ltr' id='par_1_90' title="bbox 2180 3102 3766 3181">
     <span class='ocr_line' id='line_1_90' title="bbox 2180 3102 3766 3181; baseline 0.004 -26"><span class='ocrx_word' id='word_1_573' title='bbox 2180 3102 2449 3174; x_wconf 84' lang='grc' dir='ltr'><strong>λουθήσας</strong></span> <span class='ocrx_word' id='word_1_574' title='bbox 2477 3108 2540 3177; x_wconf 82' lang='grc' dir='ltr'><strong>τῇ</strong></span> <span class='ocrx_word' id='word_1_575' title='bbox 2583 3107 2849 3175; x_wconf 79' lang='grc' dir='ltr'><strong>Ἐϐραίων</strong></span> <span class='ocrx_word' id='word_1_576' title='bbox 2872 3108 3119 3163; x_wconf 81' lang='grc' dir='ltr'><strong>ἐκθέσει·</strong></span> <span class='ocrx_word' id='word_1_577' title='bbox 3148 3110 3179 3181; x_wconf 80' lang='grc' dir='ltr'><strong>ἥ</strong></span> <span class='ocrx_word' id='word_1_578' title='bbox 3209 3112 3290 3163; x_wconf 85' lang='grc' dir='ltr'><strong>ὅτι</strong></span> <span class='ocrx_word' id='word_1_579' title='bbox 3320 3110 3496 3179; x_wconf 81' lang='grc' dir='ltr'><strong>τέρμα</strong></span> <span class='ocrx_word' id='word_1_580' title='bbox 3520 3112 3619 3179; x_wconf 78' lang='grc' dir='ltr'><strong>τῆς</strong></span> <span class='ocrx_word' id='word_1_581' title='bbox 3657 3113 3766 3162; x_wconf 85' lang='grc' dir='ltr'><strong>Δα-</strong></span> 
     </span>
    </p>
   </div>
   <div class='ocr_carea' id='block_1_91' title="bbox 2184 3197 3648 3272">
    <p class='ocr_par' dir='ltr' id='par_1_91' title="bbox 2184 3197 3648 3272">
     <span class='ocr_line' id='line_1_91' title="bbox 2184 3197 3648 3272; baseline 0.002 -22"><span class='ocrx_word' id='word_1_582' title='bbox 2184 3197 2478 3269; x_wconf 74' lang='grc' dir='ltr'><strong>μασκηνῶν</strong></span> <span class='ocrx_word' id='word_1_583' title='bbox 2507 3200 2600 3253; x_wconf 74' lang='grc' dir='ltr'><strong>καὶ</strong></span> <span class='ocrx_word' id='word_1_584' title='bbox 2626 3200 2814 3267; x_wconf 84' lang='grc' dir='ltr'><strong>Σύρων</strong></span> <span class='ocrx_word' id='word_1_585' title='bbox 2841 3202 3070 3272; x_wconf 85' lang='grc' dir='ltr'><strong>χώραςή</strong></span> <span class='ocrx_word' id='word_1_586' title='bbox 3098 3202 3350 3257; x_wconf 83' lang='grc' dir='ltr'><strong>Βαϐυλὼν</strong></span> <span class='ocrx_word' id='word_1_587' title='bbox 3374 3203 3648 3272; x_wconf 78' lang='grc' dir='ltr'><strong>τυγχάνει.</strong></span> 
     </span>
    </p>
   </div>
   <div class='ocr_carea' id='block_1_92' title="bbox 2781 3294 3176 3349">
    <p class='ocr_par' dir='ltr' id='par_1_92' title="bbox 2781 3294 3176 3349">
     <span class='ocr_line' id='line_1_92' title="bbox 2781 3294 3176 3349; baseline 0.005 -4"><span class='ocrx_word' id='word_1_588' title='bbox 2781 3294 3176 3349; x_wconf 80' lang='grc' dir='ltr'><strong>ΚΕΙΜΕΝΟΝ.</strong></span> 
     </span>
    </p>
   </div>
   <div class='ocr_carea' id='block_1_93' title="bbox 2265 3378 3764 3457">
    <p class='ocr_par' dir='ltr' id='par_1_93' title="bbox 2265 3378 3764 3457">
     <span class='ocr_line' id='line_1_93' title="bbox 2265 3378 3764 3457; baseline 0.007 -27"><span class='ocrx_word' id='word_1_589' title='bbox 2265 3378 2330 3431; x_wconf 86' lang='grc' dir='ltr'><em>Ἥ</em></span> <span class='ocrx_word' id='word_1_590' title='bbox 2363 3380 2538 3450; x_wconf 80' lang='grc' dir='ltr'><strong>σκηνὴ</strong></span> <span class='ocrx_word' id='word_1_591' title='bbox 2586 3381 2682 3433; x_wconf 85' lang='grc' dir='ltr'><strong>τοῦ</strong></span> <span class='ocrx_word' id='word_1_592' title='bbox 2743 3384 3072 3454; x_wconf 82' lang='grc' dir='ltr'><strong>Μαρτυρίου</strong></span> <span class='ocrx_word' id='word_1_593' title='bbox 3100 3381 3169 3457; x_wconf 80' lang='grc' dir='ltr'><strong>ἦν</strong></span> <span class='ocrx_word' id='word_1_594' title='bbox 3191 3388 3250 3438; x_wconf 84' lang='grc' dir='ltr'><strong>ἐν</strong></span> <span class='ocrx_word' id='word_1_595' title='bbox 3312 3387 3425 3450; x_wconf 87' lang='grc' dir='ltr'><strong>τοῖς</strong></span> <span class='ocrx_word' id='word_1_596' title='bbox 3487 3386 3764 3456; x_wconf 81' lang='grc' dir='ltr'><strong>πατράσιν</strong></span> 
     </span>
    </p>
   </div>
   <div class='ocr_carea' id='block_1_94' title="bbox 2174 3469 3760 3549">
    <p class='ocr_par' dir='ltr' id='par_1_94' title="bbox 2174 3469 3760 3549">
     <span class='ocr_line' id='line_1_94' title="bbox 2174 3469 3760 3549; baseline 0.005 -29"><span class='ocrx_word' id='word_1_597' title='bbox 2174 3469 2240 3549; x_wconf 17' lang='grc' dir='ltr'><strong>’ἐν</strong></span> <span class='ocrx_word' id='word_1_598' title='bbox 2266 3472 2331 3539; x_wconf 87' lang='grc' dir='ltr'><strong>τῇ</strong></span> <span class='ocrx_word' id='word_1_599' title='bbox 2366 3473 2580 3541; x_wconf 78' lang='grc' dir='ltr'><strong>ἐρήμῳ,</strong></span> <span class='ocrx_word' id='word_1_600' title='bbox 2626 3472 2805 3538; x_wconf 84' lang='grc' dir='ltr'><strong>καθὼς</strong></span> <span class='ocrx_word' id='word_1_601' title='bbox 2839 3476 3122 3541; x_wconf 77' lang='grc' dir='ltr'><strong>διετάξατο</strong></span> <span class='ocrx_word' id='word_1_602' title='bbox 3153 3478 3182 3529; x_wconf 89' lang='lat'><strong>6</strong></span> <span class='ocrx_word' id='word_1_603' title='bbox 3213 3477 3390 3530; x_wconf 88' lang='grc' dir='ltr'><strong>λαλῶν</strong></span> <span class='ocrx_word' id='word_1_604' title='bbox 3423 3476 3502 3546; x_wconf 81' lang='grc' dir='ltr'><strong>τῷ</strong></span> <span class='ocrx_word' id='word_1_605' title='bbox 3528 3478 3760 3546; x_wconf 81' lang='grc' dir='ltr'><strong>Μωῦσῇ,</strong></span> 
     </span>
    </p>
   </div>
   <div class='ocr_carea' id='block_1_95' title="bbox 2181 3563 3765 3640">
    <p class='ocr_par' dir='ltr' id='par_1_95' title="bbox 2181 3563 3765 3640">
     <span class='ocr_line' id='line_1_95' title="bbox 2181 3563 3765 3640; baseline 0.007 -27"><span class='ocrx_word' id='word_1_606' title='bbox 2181 3563 2407 3630; x_wconf 79' lang='grc' dir='ltr'><strong>ποιῆσαι</strong></span> <span class='ocrx_word' id='word_1_607' title='bbox 2442 3564 2612 3633; x_wconf 80' lang='grc' dir='ltr'><strong>αὑτὴν</strong></span> <span class='ocrx_word' id='word_1_608' title='bbox 2641 3568 2781 3621; x_wconf 75' lang='grc' dir='ltr'><strong>κατὰ</strong></span> <span class='ocrx_word' id='word_1_609' title='bbox 2813 3571 2903 3621; x_wconf 83' lang='grc' dir='ltr'><strong>τὸν</strong></span> <span class='ocrx_word' id='word_1_610' title='bbox 2928 3569 3097 3623; x_wconf 88' lang='grc' dir='ltr'><strong>τύπον</strong></span> <span class='ocrx_word' id='word_1_611' title='bbox 3138 3570 3198 3623; x_wconf 81' lang='grc' dir='ltr'><strong>ὃν</strong></span> <span class='ocrx_word' id='word_1_612' title='bbox 3222 3571 3477 3640; x_wconf 80' lang='grc' dir='ltr'><strong>ἑωράκει.</strong></span> <span class='ocrx_word' id='word_1_613' title='bbox 3527 3571 3627 3622; x_wconf 87' lang='grc' dir='ltr'><strong>Ἢν</strong></span> <span class='ocrx_word' id='word_1_614' title='bbox 3662 3573 3765 3624; x_wconf 73' lang='grc' dir='ltr'><strong>καὶ</strong></span> 
     </span>
    </p>
   </div>
   <div class='ocr_carea' id='block_1_96' title="bbox 2181 3656 3763 3733">
    <p class='ocr_par' dir='ltr' id='par_1_96' title="bbox 2181 3656 3763 3733">
     <span class='ocr_line' id='line_1_96' title="bbox 2181 3656 3763 3733; baseline 0.006 -27"><span class='ocrx_word' id='word_1_615' title='bbox 2181 3656 2475 3723; x_wconf 76' lang='grc' dir='ltr'><strong>εἰσήγαγον</strong></span> <span class='ocrx_word' id='word_1_616' title='bbox 2536 3658 2909 3731; x_wconf 79' lang='grc' dir='ltr'><strong>διαδεξάμενοι</strong></span> <span class='ocrx_word' id='word_1_617' title='bbox 2935 3664 2986 3716; x_wconf 87' lang='grc' dir='ltr'><strong>οῖ</strong></span> <span class='ocrx_word' id='word_1_618' title='bbox 3021 3664 3261 3733; x_wconf 78' lang='grc' dir='ltr'><strong>πατέρες</strong></span> <span class='ocrx_word' id='word_1_619' title='bbox 3291 3664 3446 3733; x_wconf 90' lang='grc' dir='ltr'><strong>ήμῶν</strong></span> <span class='ocrx_word' id='word_1_620' title='bbox 3478 3662 3614 3732; x_wconf 87' lang='grc' dir='ltr'><strong>μετὰ</strong></span> <span class='ocrx_word' id='word_1_621' title='bbox 3650 3663 3763 3731; x_wconf 81' lang='grc' dir='ltr'><strong>Ἰη-</strong></span> 
     </span>
    </p>
   </div>
   <div class='ocr_carea' id='block_1_97' title="bbox 2181 3747 3759 3821">
    <p class='ocr_par' dir='ltr' id='par_1_97' title="bbox 2181 3747 3759 3821">
     <span class='ocr_line' id='line_1_97' title="bbox 2181 3747 3759 3821; baseline 0.006 -25"><span class='ocrx_word' id='word_1_622' title='bbox 2181 3747 2276 3797; x_wconf 86' lang='grc' dir='ltr'><strong>σοῦ</strong></span> <span class='ocrx_word' id='word_1_623' title='bbox 2308 3747 2364 3798; x_wconf 83' lang='grc' dir='ltr'><strong>ὲν</strong></span> <span class='ocrx_word' id='word_1_624' title='bbox 2387 3750 2450 3817; x_wconf 83' lang='grc' dir='ltr'><strong>τῇ</strong></span> <span class='ocrx_word' id='word_1_625' title='bbox 2493 3752 2823 3820; x_wconf 84' lang='grc' dir='ltr'><strong>κατασχέσει</strong></span> <span class='ocrx_word' id='word_1_626' title='bbox 2854 3754 2964 3808; x_wconf 87' lang='grc' dir='ltr'><strong>τῶν</strong></span> <span class='ocrx_word' id='word_1_627' title='bbox 2994 3750 3273 3821; x_wconf 84' lang='grc' dir='ltr'><strong>ὲθνῶν,ὧν</strong></span> <span class='ocrx_word' id='word_1_628' title='bbox 3300 3755 3499 3820; x_wconf 76' lang='grc' dir='ltr'><strong>ἔξωσεν</strong></span> <span class='ocrx_word' id='word_1_629' title='bbox 3537 3755 3565 3806; x_wconf 86' lang='lat'><strong>6</strong></span> <span class='ocrx_word' id='word_1_630' title='bbox 3599 3752 3759 3817; x_wconf 83' lang='grc' dir='ltr'><strong>Θεὸς,</strong></span> 
     </span>
    </p>
   </div>
   <div class='ocr_carea' id='block_1_98' title="bbox 2179 3834 3766 3913">
    <p class='ocr_par' dir='ltr' id='par_1_98' title="bbox 2179 3834 3766 3913">
     <span class='ocr_line' id='line_1_98' title="bbox 2179 3834 3766 3913; baseline 0.003 -27"><span class='ocrx_word' id='word_1_631' title='bbox 2179 3834 2288 3887; x_wconf 76' lang='grc' dir='ltr'><strong>ἀπὸ</strong></span> <span class='ocrx_word' id='word_1_632' title='bbox 2316 3839 2610 3907; x_wconf 82' lang='grc' dir='ltr'><strong>προσώπου</strong></span> <span class='ocrx_word' id='word_1_633' title='bbox 2642 3841 2751 3893; x_wconf 87' lang='grc' dir='ltr'><strong>τῶν</strong></span> <span class='ocrx_word' id='word_1_634' title='bbox 2806 3847 3059 3913; x_wconf 83' lang='grc' dir='ltr'><strong>πατέρων</strong></span> <span class='ocrx_word' id='word_1_635' title='bbox 3088 3843 3246 3913; x_wconf 88' lang='grc' dir='ltr'><strong>ήμῶν</strong></span> <span class='ocrx_word' id='word_1_636' title='bbox 3272 3844 3377 3905; x_wconf 76' lang='grc' dir='ltr'><strong>ἕως</strong></span> <span class='ocrx_word' id='word_1_637' title='bbox 3399 3843 3506 3895; x_wconf 89' lang='grc' dir='ltr'><strong>τῶν</strong></span> <span class='ocrx_word' id='word_1_638' title='bbox 3530 3841 3766 3912; x_wconf 81' lang='grc' dir='ltr'><strong>ήμερῶν</strong></span> 
     </span>
    </p>
   </div>
   <div class='ocr_carea' id='block_1_99' title="bbox 2180 3921 3762 4003">
    <p class='ocr_par' dir='ltr' id='par_1_99' title="bbox 2180 3921 3762 4003">
     <span class='ocr_line' id='line_1_99' title="bbox 2180 3921 3762 4003; baseline 0.006 -27"><span class='ocrx_word' id='word_1_639' title='bbox 2180 3924 2368 3989; x_wconf 76' lang='grc' dir='ltr'><strong>Δαϐὶδ,</strong></span> <span class='ocrx_word' id='word_1_640' title='bbox 2395 3926 2455 3989; x_wconf 81' lang='grc' dir='ltr'><strong>ὃς</strong></span> <span class='ocrx_word' id='word_1_641' title='bbox 2480 3921 2608 3999; x_wconf 76' lang='grc' dir='ltr'><strong>εὗρε</strong></span> <span class='ocrx_word' id='word_1_642' title='bbox 2639 3932 2801 4002; x_wconf 83' lang='grc' dir='ltr'><strong>χάριν</strong></span> <span class='ocrx_word' id='word_1_643' title='bbox 2828 3932 3063 3986; x_wconf 73' lang='grc' dir='ltr'><strong>ἐνώπιον</strong></span> <span class='ocrx_word' id='word_1_644' title='bbox 3087 3933 3180 3986; x_wconf 89' lang='grc' dir='ltr'><strong>τοῦ</strong></span> <span class='ocrx_word' id='word_1_645' title='bbox 3204 3932 3363 3998; x_wconf 86' lang='grc' dir='ltr'><strong>Θεοῦ,</strong></span> <span class='ocrx_word' id='word_1_646' title='bbox 3394 3934 3486 3987; x_wconf 75' lang='grc' dir='ltr'><strong>καὶ</strong></span> <span class='ocrx_word' id='word_1_647' title='bbox 3512 3932 3762 4003; x_wconf 71' lang='grc' dir='ltr'><strong>ᾐτήσατο</strong></span> 
     </span>
    </p>
   </div>
   <div class='ocr_carea' id='block_1_100' title="bbox 2179 4014 3170 4093">
    <p class='ocr_par' dir='ltr' id='par_1_100' title="bbox 2179 4014 3170 4093">
     <span class='ocr_line' id='line_1_100' title="bbox 2179 4014 3170 4093; baseline 0.01 -27"><span class='ocrx_word' id='word_1_648' title='bbox 2179 4014 2361 4086; x_wconf 83' lang='grc' dir='ltr'><strong>εὑρεῖν</strong></span> <span class='ocrx_word' id='word_1_649' title='bbox 2393 4019 2659 4090; x_wconf 83' lang='grc' dir='ltr'><strong>σκήνωμα</strong></span> <span class='ocrx_word' id='word_1_650' title='bbox 2683 4022 2761 4092; x_wconf 77' lang='grc' dir='ltr'><strong>τῷ</strong></span> <span class='ocrx_word' id='word_1_651' title='bbox 2787 4022 2909 4093; x_wconf 88' lang='grc' dir='ltr'><strong>Θεῷ</strong></span> <span class='ocrx_word' id='word_1_652' title='bbox 2951 4022 3170 4077; x_wconf 84' lang='grc' dir='ltr'><strong>Ἰακώϐ.</strong></span> 
     </span>
    </p>
   </div>
   <div class='ocr_carea' id='block_1_101' title="bbox 2740 4115 3126 4169">
    <p class='ocr_par' dir='ltr' id='par_1_101' title="bbox 2740 4115 3126 4169">
     <span class='ocr_line' id='line_1_101' title="bbox 2740 4115 3126 4169; baseline 0.005 -2"><span class='ocrx_word' id='word_1_653' title='bbox 2740 4115 3126 4169; x_wconf 82' lang='lat' dir='ltr'><strong>EPMHNEIA.</strong></span> 
     </span>
    </p>
   </div>
   <div class='ocr_carea' id='block_1_102' title="bbox 2251 4206 3759 4280">
    <p class='ocr_par' dir='ltr' id='par_1_102' title="bbox 2251 4206 3759 4280">
     <span class='ocr_line' id='line_1_102' title="bbox 2251 4206 3759 4280; baseline 0.003 -21"><span class='ocrx_word' id='word_1_654' title='bbox 2251 4206 2433 4277; x_wconf 83' lang='grc' dir='ltr'><strong>Σκηνὴ</strong></span> <span class='ocrx_word' id='word_1_655' title='bbox 2467 4206 2559 4260; x_wconf 89' lang='grc' dir='ltr'><strong>τοῦ</strong></span> <span class='ocrx_word' id='word_1_656' title='bbox 2591 4207 2939 4278; x_wconf 78' lang='grc' dir='ltr'><strong>Μαρτυρξου,</strong></span> <span class='ocrx_word' id='word_1_657' title='bbox 2962 4208 3213 4261; x_wconf 80' lang='grc' dir='ltr'><strong>τουτέστι</strong></span> <span class='ocrx_word' id='word_1_658' title='bbox 3243 4208 3353 4261; x_wconf 87' lang='grc' dir='ltr'><strong>τῶν</strong></span> <span class='ocrx_word' id='word_1_659' title='bbox 3388 4210 3759 4280; x_wconf 84' lang='grc' dir='ltr'><strong>προσταγμά-</strong></span> 
     </span>
    </p>
   </div>
   <div class='ocr_carea' id='block_1_103' title="bbox 2176 4296 3760 4372">
    <p class='ocr_par' dir='ltr' id='par_1_103' title="bbox 2176 4296 3760 4372">
     <span class='ocr_line' id='line_1_103' title="bbox 2176 4296 3760 4372; baseline 0.003 -23"><span class='ocrx_word' id='word_1_660' title='bbox 2176 4314 2286 4351; x_wconf 84' lang='grc' dir='ltr'><strong>των</strong></span> <span class='ocrx_word' id='word_1_661' title='bbox 2314 4296 2407 4350; x_wconf 91' lang='grc' dir='ltr'><strong>τοῦ</strong></span> <span class='ocrx_word' id='word_1_662' title='bbox 2426 4297 2585 4362; x_wconf 84' lang='grc' dir='ltr'><strong>Θεοῦ,</strong></span> <span class='ocrx_word' id='word_1_663' title='bbox 2625 4301 2658 4365; x_wconf 86' lang='grc' dir='ltr'>ἡ</span> <span class='ocrx_word' id='word_1_664' title='bbox 2695 4300 2753 4350; x_wconf 79' lang='grc' dir='ltr'><strong>ὲν</strong></span> <span class='ocrx_word' id='word_1_665' title='bbox 2787 4299 2863 4369; x_wconf 82' lang='grc' dir='ltr'><strong>τῷ</strong></span> <span class='ocrx_word' id='word_1_666' title='bbox 2892 4299 3009 4369; x_wconf 77' lang='grc' dir='ltr'><strong>ὄρει</strong></span> <span class='ocrx_word' id='word_1_667' title='bbox 3042 4300 3173 4370; x_wconf 77' lang='grc' dir='ltr'><strong>Σινᾷ</strong></span> <span class='ocrx_word' id='word_1_668' title='bbox 3216 4300 3294 4370; x_wconf 84' lang='grc' dir='ltr'><strong>τῷ</strong></span> <span class='ocrx_word' id='word_1_669' title='bbox 3328 4302 3540 4372; x_wconf 78' lang='grc' dir='ltr'><strong>Μωῦσῇ</strong></span> <span class='ocrx_word' id='word_1_670' title='bbox 3572 4319 3760 4369; x_wconf 87' lang='grc' dir='ltr'><strong>παρα-</strong></span> 
     </span>
    </p>
   </div>
   <div class='ocr_carea' id='block_1_104' title="bbox 2178 4387 3761 4457">
    <p class='ocr_par' dir='ltr' id='par_1_104' title="bbox 2178 4387 3761 4457">
     <span class='ocr_line' id='line_1_104' title="bbox 2178 4387 3761 4457; baseline 0.004 -18"><span class='ocrx_word' id='word_1_671' title='bbox 2178 4387 2454 4457; x_wconf 79' lang='grc' dir='ltr'><strong>δειχθεῖστ.</strong></span> <span class='ocrx_word' id='word_1_672' title='bbox 2487 4389 2583 4440; x_wconf 55' lang='grc' dir='ltr'><strong>ὕπὸ</strong></span> <span class='ocrx_word' id='word_1_673' title='bbox 2612 4389 2748 4441; x_wconf 87' lang='grc' dir='ltr'><strong>Θεοῦ</strong></span> <span class='ocrx_word' id='word_1_674' title='bbox 2784 4390 3025 4455; x_wconf 69' lang='grc' dir='ltr'><strong>ἐλέγετο,</strong></span> <span class='ocrx_word' id='word_1_675' title='bbox 3073 4391 3163 4443; x_wconf 79' lang='grc' dir='ltr'><strong>διὰ</strong></span> <span class='ocrx_word' id='word_1_676' title='bbox 3190 4391 3250 4443; x_wconf 72' lang='grc' dir='ltr'><strong>τὸ</strong></span> <span class='ocrx_word' id='word_1_677' title='bbox 3280 4393 3387 4444; x_wconf 69' lang='grc' dir='ltr'><strong>ὑπὸ</strong></span> <span class='ocrx_word' id='word_1_678' title='bbox 3410 4393 3547 4445; x_wconf 84' lang='grc' dir='ltr'><strong>Θεοῦ</strong></span> <span class='ocrx_word' id='word_1_679' title='bbox 3571 4392 3761 4445; x_wconf 85' lang='grc' dir='ltr'><strong>διατε-</strong></span> 
     </span>
    </p>
   </div>
   <div class='ocr_carea' id='block_1_105' title="bbox 2176 4478 3759 4553">
    <p class='ocr_par' dir='ltr' id='par_1_105' title="bbox 2176 4478 3759 4553">
     <span class='ocr_line' id='line_1_105' title="bbox 2176 4478 3759 4553; baseline 0.004 -22"><span class='ocrx_word' id='word_1_680' title='bbox 2176 4478 2374 4548; x_wconf 87' lang='grc' dir='ltr'><strong>τάχθαι</strong></span> <span class='ocrx_word' id='word_1_681' title='bbox 2431 4480 2625 4547; x_wconf 60' lang='grc' dir='ltr'><strong>αᾶτὴν,</strong></span> <span class='ocrx_word' id='word_1_682' title='bbox 2688 4480 2776 4532; x_wconf 85' lang='grc' dir='ltr'><strong>ἵνα</strong></span> <span class='ocrx_word' id='word_1_683' title='bbox 2817 4480 3073 4551; x_wconf 83' lang='grc' dir='ltr'><strong>μάρτυρα</strong></span> <span class='ocrx_word' id='word_1_684' title='bbox 3120 4482 3211 4535; x_wconf 75' lang='grc' dir='ltr'><strong>τὸν</strong></span> <span class='ocrx_word' id='word_1_685' title='bbox 3260 4482 3392 4535; x_wconf 71' lang='grc' dir='ltr'><strong>Θεὸν</strong></span> <span class='ocrx_word' id='word_1_686' title='bbox 3422 4482 3639 4553; x_wconf 74' lang='grc' dir='ltr'><strong>ἔχωσιν,</strong></span> <span class='ocrx_word' id='word_1_687' title='bbox 3667 4484 3759 4538; x_wconf 83' lang='grc' dir='ltr'><strong>ὃτι</strong></span> 
     </span>
    </p>
   </div>
   <div class='ocr_carea' id='block_1_106' title="bbox 2178 4566 3761 4642">
    <p class='ocr_par' dir='ltr' id='par_1_106' title="bbox 2178 4566 3761 4642">
     <span class='ocr_line' id='line_1_106' title="bbox 2178 4566 3761 4642; baseline 0.004 -22"><span class='ocrx_word' id='word_1_688' title='bbox 2178 4569 2236 4620; x_wconf 80' lang='grc' dir='ltr'><strong>ὲν</strong></span> <span class='ocrx_word' id='word_1_689' title='bbox 2258 4568 2334 4638; x_wconf 85' lang='grc' dir='ltr'><strong>τῷ</strong></span> <span class='ocrx_word' id='word_1_690' title='bbox 2382 4569 2499 4639; x_wconf 74' lang='grc' dir='ltr'><strong>ὄρει</strong></span> <span class='ocrx_word' id='word_1_691' title='bbox 2525 4571 2559 4637; x_wconf 87' lang='grc' dir='ltr'><strong>ή</strong></span> <span class='ocrx_word' id='word_1_692' title='bbox 2585 4566 2882 4640; x_wconf 79' lang='grc' dir='ltr'><strong>ὑπογραφῆ</strong></span> <span class='ocrx_word' id='word_1_693' title='bbox 2938 4570 3146 4642; x_wconf 83' lang='grc' dir='ltr'><strong>ταύτης</strong></span> <span class='ocrx_word' id='word_1_694' title='bbox 3202 4572 3418 4641; x_wconf 83' lang='grc' dir='ltr'><strong>γέγονε,</strong></span> <span class='ocrx_word' id='word_1_695' title='bbox 3461 4574 3556 4627; x_wconf 76' lang='grc' dir='ltr'><strong>καὶ</strong></span> <span class='ocrx_word' id='word_1_696' title='bbox 3586 4573 3761 4639; x_wconf 76' lang='grc' dir='ltr'><strong>αὑτὸς</strong></span> 
     </span>
    </p>
   </div>
   <div class='ocr_carea' id='block_1_107' title="bbox 2180 4659 3041 4733">
    <p class='ocr_par' dir='ltr' id='par_1_107' title="bbox 2180 4659 3041 4733">
     <span class='ocr_line' id='line_1_107' title="bbox 2180 4659 3041 4733; baseline 0.006 -21"><span class='ocrx_word' id='word_1_697' title='bbox 2180 4659 2353 4727; x_wconf 70' lang='grc' dir='ltr'><strong>αὐτὴν</strong></span> <span class='ocrx_word' id='word_1_698' title='bbox 2380 4660 2670 4726; x_wconf 79' lang='grc' dir='ltr'><strong>διετάξατο</strong></span> <span class='ocrx_word' id='word_1_699' title='bbox 2703 4661 2782 4731; x_wconf 82' lang='grc' dir='ltr'><strong>τῷ</strong></span> <span class='ocrx_word' id='word_1_700' title='bbox 2813 4664 3041 4733; x_wconf 81' lang='grc' dir='ltr'><strong>Μωῦσῇ.</strong></span> 
     </span>
    </p>
   </div>
   <div class='ocr_carea' id='block_1_108' title="bbox 2775 4753 3161 4808">
    <p class='ocr_par' dir='ltr' id='par_1_108' title="bbox 2775 4753 3161 4808">
     <span class='ocr_line' id='line_1_108' title="bbox 2775 4753 3161 4808; baseline 0.008 -3"><span class='ocrx_word' id='word_1_701' title='bbox 2775 4753 3161 4808; x_wconf 82' lang='lat' dir='ltr'><strong>KEIMENUN.</strong></span> 
     </span>
    </p>
   </div>
   <div class='ocr_carea' id='block_1_109' title="bbox 2250 4841 3758 4915">
    <p class='ocr_par' dir='ltr' id='par_1_109' title="bbox 2250 4841 3758 4915">
     <span class='ocr_line' id='line_1_109' title="bbox 2250 4841 3758 4915; baseline 0.004 -21"><span class='ocrx_word' id='word_1_702' title='bbox 2250 4841 2503 4912; x_wconf 88' lang='grc' dir='ltr'><strong>Σολομὼν</strong></span> <span class='ocrx_word' id='word_1_703' title='bbox 2531 4841 2589 4895; x_wconf 81' lang='grc' dir='ltr'><strong>δὲ</strong></span> <span class='ocrx_word' id='word_1_704' title='bbox 2614 4842 2965 4912; x_wconf 80' lang='grc' dir='ltr'><strong>ᾠκοδόμησεν</strong></span> <span class='ocrx_word' id='word_1_705' title='bbox 3009 4844 3160 4914; x_wconf 80' lang='grc' dir='ltr'><strong>αὐτῷ</strong></span> <span class='ocrx_word' id='word_1_706' title='bbox 3205 4841 3374 4898; x_wconf 79' lang='grc' dir='ltr'><strong>οἶκον.</strong></span> <span class='ocrx_word' id='word_1_707' title='bbox 3434 4845 3573 4899; x_wconf 77' lang='grc' dir='ltr'><strong>Ἀλλ’</strong></span> <span class='ocrx_word' id='word_1_708' title='bbox 3600 4847 3700 4915; x_wconf 76' lang='grc' dir='ltr'><strong>οὐχ</strong></span> <span class='ocrx_word' id='word_1_709' title='bbox 3727 4850 3758 4900; x_wconf 87' lang='lat'><strong>6</strong></span> 
     </span>
    </p>
   </div>
   <div class='ocr_carea' id='block_1_110' title="bbox 2185 4928 3757 5001">
    <p class='ocr_par' dir='ltr' id='par_1_110' title="bbox 2185 4928 3757 5001">
     <span class='ocr_line' id='line_1_110' title="bbox 2185 4928 3757 5001; baseline 0.001 -18"><span class='ocrx_word' id='word_1_710' title='bbox 2185 4928 2451 4998; x_wconf 79' lang='grc' dir='ltr'><strong>’Υψιστος</strong></span> <span class='ocrx_word' id='word_1_711' title='bbox 2479 4930 2538 4982; x_wconf 77' lang='grc' dir='ltr'><strong>ὲν</strong></span> <span class='ocrx_word' id='word_1_712' title='bbox 2585 4932 2985 5001; x_wconf 83' lang='grc' dir='ltr'><strong>χειροποιήτοις</strong></span> <span class='ocrx_word' id='word_1_713' title='bbox 3025 4934 3175 4995; x_wconf 92' lang='grc' dir='ltr'><strong>ναοῖς</strong></span> <span class='ocrx_word' id='word_1_714' title='bbox 3203 4934 3472 4997; x_wconf 87' lang='grc' dir='ltr'><strong>κατοικεῖ,</strong></span> <span class='ocrx_word' id='word_1_715' title='bbox 3518 4933 3701 4996; x_wconf 86' lang='grc' dir='ltr'><strong>καθὼς</strong></span> <span class='ocrx_word' id='word_1_716' title='bbox 3726 4937 3757 4986; x_wconf 89' lang='lat'><strong>6</strong></span> 
     </span>
    </p>
   </div>
   <div class='ocr_carea' id='block_1_111' title="bbox 2177 5020 3757 5094">
    <p class='ocr_par' dir='ltr' id='par_1_111' title="bbox 2177 5020 3757 5094">
     <span class='ocr_line' id='line_1_111' title="bbox 2177 5020 3757 5094; baseline 0.002 -23"><span class='ocrx_word' id='word_1_717' title='bbox 2177 5020 2463 5089; x_wconf 82' lang='grc' dir='ltr'><strong>προφήτης</strong></span> <span class='ocrx_word' id='word_1_718' title='bbox 2523 5020 2699 5088; x_wconf 76' lang='grc' dir='ltr'><strong>λέγει’</strong></span> <span class='ocrx_word' id='word_1_719' title='bbox 2742 5022 2802 5073; x_wconf 92' lang='lat'><strong>&#39;0</strong></span> <span class='ocrx_word' id='word_1_720' title='bbox 2828 5022 3054 5088; x_wconf 74' lang='grc' dir='ltr'><strong>οὐρανός</strong></span> <span class='ocrx_word' id='word_1_721' title='bbox 3100 5039 3194 5091; x_wconf 92' lang='grc' dir='ltr'><strong>μοι</strong></span> <span class='ocrx_word' id='word_1_722' title='bbox 3243 5022 3454 5091; x_wconf 86' lang='grc' dir='ltr'><strong>θρόνος,</strong></span> <span class='ocrx_word' id='word_1_723' title='bbox 3508 5023 3631 5094; x_wconf 81' lang='grc' dir='ltr'><strong>ήδὲ</strong></span> <span class='ocrx_word' id='word_1_724' title='bbox 3676 5024 3757 5092; x_wconf 82' lang='grc' dir='ltr'><strong>γῆ</strong></span> 
     </span>
    </p>
   </div>
   <div class='ocr_carea' id='block_1_112' title="bbox 2181 5111 3750 5187">
    <p class='ocr_par' dir='ltr' id='par_1_112' title="bbox 2181 5111 3750 5187">
     <span class='ocr_line' id='line_1_112' title="bbox 2181 5111 3750 5187; baseline 0.003 -24"><span class='ocrx_word' id='word_1_725' title='bbox 2181 5113 2470 5165; x_wconf 84' lang='grc' dir='ltr'><strong>ὑποπόδιον</strong></span> <span class='ocrx_word' id='word_1_726' title='bbox 2493 5112 2602 5165; x_wconf 88' lang='grc' dir='ltr'><strong>τῶν</strong></span> <span class='ocrx_word' id='word_1_727' title='bbox 2634 5113 2810 5168; x_wconf 87' lang='grc' dir='ltr'><strong>ποδῶν</strong></span> <span class='ocrx_word' id='word_1_728' title='bbox 2840 5132 2965 5181; x_wconf 84' lang='grc' dir='ltr'><strong>μου.</strong></span> <span class='ocrx_word' id='word_1_729' title='bbox 2992 5115 3149 5168; x_wconf 84' lang='grc' dir='ltr'><strong>Ποῖον</strong></span> <span class='ocrx_word' id='word_1_730' title='bbox 3178 5111 3326 5171; x_wconf 79' lang='grc' dir='ltr'><strong>οἶκον</strong></span> <span class='ocrx_word' id='word_1_731' title='bbox 3358 5116 3750 5187; x_wconf 74' lang='grc' dir='ltr'><strong>οἰκοδομήσετέ</strong></span> 
     </span>
    </p>
   </div>
   <div class='ocr_carea' id='block_1_113' title="bbox 2190 5200 3748 5274">
    <p class='ocr_par' dir='ltr' id='par_1_113' title="bbox 2190 5200 3748 5274">
     <span class='ocr_line' id='line_1_113' title="bbox 2190 5200 3748 5274; baseline 0.003 -20"><span class='ocrx_word' id='word_1_732' title='bbox 2190 5218 2302 5270; x_wconf 92' lang='grc' dir='ltr'><strong>μοι,</strong></span> <span class='ocrx_word' id='word_1_733' title='bbox 2321 5200 2683 5273; x_wconf 83' lang='grc' dir='ltr'><strong>λέγειΚύριος</strong></span> <span class='ocrx_word' id='word_1_734' title='bbox 2709 5220 2724 5269; x_wconf 89' lang='grc'><strong>;</strong></span> <span class='ocrx_word' id='word_1_735' title='bbox 2748 5204 2780 5272; x_wconf 83' lang='grc' dir='ltr'>ἢ</span> <span class='ocrx_word' id='word_1_736' title='bbox 2800 5204 2880 5267; x_wconf 86' lang='grc' dir='ltr'><strong>τίς</strong></span> <span class='ocrx_word' id='word_1_737' title='bbox 2903 5206 3066 5268; x_wconf 85' lang='grc' dir='ltr'><strong>τόπος</strong></span> <span class='ocrx_word' id='word_1_738' title='bbox 3091 5206 3189 5274; x_wconf 76' lang='grc' dir='ltr'><strong>τῆς</strong></span> <span class='ocrx_word' id='word_1_739' title='bbox 3206 5206 3601 5269; x_wconf 84' lang='grc' dir='ltr'><strong>καταπαύσεώς</strong></span> <span class='ocrx_word' id='word_1_740' title='bbox 3619 5223 3748 5273; x_wconf 85' lang='grc' dir='ltr'><strong>μου;</strong></span> 
     </span>
    </p>
   </div>
   <div class='ocr_carea' id='block_1_114' title="bbox 2178 5292 3748 5365">
    <p class='ocr_par' dir='ltr' id='par_1_114' title="bbox 2178 5292 3748 5365">
     <span class='ocr_line' id='line_1_114' title="bbox 2178 5292 3748 5365; baseline 0.002 -19"><span class='ocrx_word' id='word_1_741' title='bbox 2178 5294 2313 5361; x_wconf 72' lang='grc' dir='ltr'><strong>Οὐχὶ</strong></span> <span class='ocrx_word' id='word_1_742' title='bbox 2399 5292 2520 5363; x_wconf 87' lang='grc' dir='ltr'><strong>χείρ</strong></span> <span class='ocrx_word' id='word_1_743' title='bbox 2553 5311 2655 5361; x_wconf 86' lang='grc' dir='ltr'><strong>μου</strong></span> <span class='ocrx_word' id='word_1_744' title='bbox 2683 5294 2908 5362; x_wconf 74' lang='grc' dir='ltr'><strong>ἐποίησε</strong></span> <span class='ocrx_word' id='word_1_745' title='bbox 2934 5296 3106 5348; x_wconf 86' lang='grc' dir='ltr'><strong>ταῦτα</strong></span> <span class='ocrx_word' id='word_1_746' title='bbox 3138 5297 3315 5350; x_wconf 79' lang='grc' dir='ltr'><strong>πάντα</strong></span> <span class='ocrx_word' id='word_1_747' title='bbox 3339 5315 3354 5362; x_wconf 87' lang='lat'><strong>;</strong></span> <span class='ocrx_word' id='word_1_748' title='bbox 3389 5296 3748 5365; x_wconf 82' lang='grc' dir='ltr'><strong>Σκληροτρά-</strong></span> 
     </span>
    </p>
   </div>
   <div class='ocr_carea' id='block_1_115' title="bbox 2179 5383 3743 5457">
    <p class='ocr_par' dir='ltr' id='par_1_115' title="bbox 2179 5383 3743 5457">
     <span class='ocr_line' id='line_1_115' title="bbox 2179 5383 3743 5457; baseline 0.001 -22"><span class='ocrx_word' id='word_1_749' title='bbox 2179 5384 2330 5453; x_wconf 78' lang='grc' dir='ltr'><strong>χηλοι</strong></span> <span class='ocrx_word' id='word_1_750' title='bbox 2380 5384 2473 5435; x_wconf 80' lang='grc' dir='ltr'><strong>καὶ</strong></span> <span class='ocrx_word' id='word_1_751' title='bbox 2521 5383 2884 5455; x_wconf 79' lang='grc' dir='ltr'><strong>ἀπερίτμητοι</strong></span> <span class='ocrx_word' id='word_1_752' title='bbox 2918 5388 2984 5455; x_wconf 80' lang='grc' dir='ltr'><strong>τῇ</strong></span> <span class='ocrx_word' id='word_1_753' title='bbox 3026 5386 3223 5457; x_wconf 78' lang='grc' dir='ltr'><strong>καρδία</strong></span> <span class='ocrx_word' id='word_1_754' title='bbox 3285 5388 3380 5439; x_wconf 74' lang='grc' dir='ltr'><strong>καὶ</strong></span> <span class='ocrx_word' id='word_1_755' title='bbox 3438 5389 3553 5449; x_wconf 86' lang='grc' dir='ltr'><strong>τοῖς</strong></span> <span class='ocrx_word' id='word_1_756' title='bbox 3575 5387 3743 5451; x_wconf 79' lang='grc' dir='ltr'><strong>ὠσὶν,</strong></span> 
     </span>
    </p>
   </div>
   <div class='ocr_carea' id='block_1_116' title="bbox 2181 5471 3751 5547">
    <p class='ocr_par' dir='ltr' id='par_1_116' title="bbox 2181 5471 3751 5547">
     <span class='ocr_line' id='line_1_116' title="bbox 2181 5471 3751 5547; baseline 0.003 -24"><span class='ocrx_word' id='word_1_757' title='bbox 2181 5473 2341 5541; x_wconf 83' lang='grc' dir='ltr'><strong>ὑμεῖς</strong></span> <span class='ocrx_word' id='word_1_758' title='bbox 2386 5471 2475 5524; x_wconf 79' lang='grc' dir='ltr'><strong>ἀεὶ</strong></span> <span class='ocrx_word' id='word_1_759' title='bbox 2508 5472 2588 5541; x_wconf 84' lang='grc' dir='ltr'><strong>τῷ</strong></span> <span class='ocrx_word' id='word_1_760' title='bbox 2618 5473 2896 5542; x_wconf 81' lang='grc' dir='ltr'><strong>Πνεύματι</strong></span> <span class='ocrx_word' id='word_1_761' title='bbox 2924 5475 3002 5546; x_wconf 81' lang='grc' dir='ltr'><strong>τῷ</strong></span> <span class='ocrx_word' id='word_1_762' title='bbox 3025 5476 3166 5547; x_wconf 81' lang='grc' dir='ltr'><strong>ἁγίῳ</strong></span> <span class='ocrx_word' id='word_1_763' title='bbox 3196 5476 3568 5530; x_wconf 81' lang='grc' dir='ltr'><strong>ἀντιπίπτετε·</strong></span> <span class='ocrx_word' id='word_1_764' title='bbox 3595 5476 3671 5532; x_wconf 82' lang='grc' dir='ltr'><strong>ὡς</strong></span> <span class='ocrx_word' id='word_1_765' title='bbox 3692 5478 3751 5528; x_wconf 81' lang='grc' dir='ltr'><strong>οἱ</strong></span> 
     </span>
    </p>
   </div>
   <div class='ocr_carea' id='block_1_117' title="bbox 2179 5564 3751 5638">
    <p class='ocr_par' dir='ltr' id='par_1_117' title="bbox 2179 5564 3751 5638">
     <span class='ocr_line' id='line_1_117' title="bbox 2179 5564 3751 5638; baseline -0.001 -19"><span class='ocrx_word' id='word_1_766' title='bbox 2179 5565 2414 5638; x_wconf 82' lang='grc' dir='ltr'><strong>πατέρες</strong></span> <span class='ocrx_word' id='word_1_767' title='bbox 2439 5567 2613 5638; x_wconf 87' lang='grc' dir='ltr'><strong>ὑμῶν,</strong></span> <span class='ocrx_word' id='word_1_768' title='bbox 2665 5567 2761 5619; x_wconf 72' lang='grc' dir='ltr'><strong>καὶ</strong></span> <span class='ocrx_word' id='word_1_769' title='bbox 2789 5567 2967 5637; x_wconf 81' lang='grc' dir='ltr'><strong>ὑμεῖς.</strong></span> <span class='ocrx_word' id='word_1_770' title='bbox 3001 5565 3135 5619; x_wconf 80' lang='grc' dir='ltr'><strong>Τίνα</strong></span> <span class='ocrx_word' id='word_1_771' title='bbox 3184 5567 3293 5619; x_wconf 91' lang='grc' dir='ltr'><strong>τῶν</strong></span> <span class='ocrx_word' id='word_1_772' title='bbox 3316 5565 3610 5637; x_wconf 85' lang='grc' dir='ltr'><strong>προφητῶν</strong></span> <span class='ocrx_word' id='word_1_773' title='bbox 3642 5564 3751 5617; x_wconf 84' lang='grc' dir='ltr'><strong>οὑκ</strong></span> 
     </span>
    </p>
   </div>
   <div class='ocr_carea' id='block_1_118' title="bbox 2173 5656 3748 5728">
    <p class='ocr_par' dir='ltr' id='par_1_118' title="bbox 2173 5656 3748 5728">
     <span class='ocr_line' id='line_1_118' title="bbox 2173 5656 3748 5728; baseline -0.002 -18"><span class='ocrx_word' id='word_1_774' title='bbox 2173 5656 2403 5721; x_wconf 66' lang='grc' dir='ltr'><strong>ἐδίωξαν</strong></span> <span class='ocrx_word' id='word_1_775' title='bbox 2449 5659 2497 5710; x_wconf 86' lang='grc' dir='ltr'><strong>οἱ</strong></span> <span class='ocrx_word' id='word_1_776' title='bbox 2544 5657 2780 5728; x_wconf 87' lang='grc' dir='ltr'><strong>πατέρες</strong></span> <span class='ocrx_word' id='word_1_777' title='bbox 2829 5658 3014 5727; x_wconf 74' lang='grc' dir='ltr'><strong>ὑμῶνς</strong></span> <span class='ocrx_word' id='word_1_778' title='bbox 3067 5659 3177 5711; x_wconf 76' lang='grc' dir='ltr'><strong>Καὶ</strong></span> <span class='ocrx_word' id='word_1_779' title='bbox 3228 5658 3557 5711; x_wconf 81' lang='grc' dir='ltr'><strong>ἀπέκτειναν</strong></span> <span class='ocrx_word' id='word_1_780' title='bbox 3617 5657 3748 5718; x_wconf 80' lang='grc' dir='ltr'><strong>τοὺς</strong></span> 
     </span>
    </p>
   </div>
   <div class='ocr_carea' id='block_1_119' title="bbox 2176 5747 3746 5821">
    <p class='ocr_par' dir='ltr' id='par_1_119' title="bbox 2176 5747 3746 5821">
     <span class='ocr_line' id='line_1_119' title="bbox 2176 5747 3746 5821; baseline -0.001 -21"><span class='ocrx_word' id='word_1_781' title='bbox 2176 5750 2747 5820; x_wconf 78' lang='grc' dir='ltr'><strong>προκαταγγείλαντας</strong></span> <span class='ocrx_word' id='word_1_782' title='bbox 2778 5752 2907 5821; x_wconf 71' lang='grc' dir='ltr'><strong>περὶ</strong></span> <span class='ocrx_word' id='word_1_783' title='bbox 2942 5751 3039 5821; x_wconf 75' lang='grc' dir='ltr'><strong>τῆς</strong></span> <span class='ocrx_word' id='word_1_784' title='bbox 3071 5749 3335 5814; x_wconf 77' lang='grc' dir='ltr'><strong>ἐλεύσεως</strong></span> <span class='ocrx_word' id='word_1_785' title='bbox 3374 5750 3466 5803; x_wconf 83' lang='grc' dir='ltr'><strong>τοῦ</strong></span> <span class='ocrx_word' id='word_1_786' title='bbox 3519 5747 3746 5802; x_wconf 80' lang='grc' dir='ltr'><strong>Δικαίου</strong></span> 
     </span>
    </p>
   </div>
  </div>
