  <div class='ocr_page' id='page_1' title='image "/cluster/home/n/w/nwhite01/storage/ocr_20150623/125/hvd.32044073502429/506.png"; bbox 0 0 4088 6206; ppageno 0'>
   <div class='ocr_carea' id='block_1_1' title="bbox 397 231 506 297">
    <p class='ocr_par' dir='ltr' id='par_1_1' title="bbox 397 231 506 297">
     <span class='ocr_line' id='line_1_1' title="bbox 397 231 506 297; baseline -0.018 0"><span class='ocrx_word' id='word_1_1' title='bbox 397 231 506 297; x_wconf 76' lang='grc'><strong>917</strong></span> 
     </span>
    </p>
   </div>
   <div class='ocr_carea' id='block_1_2' title="bbox 1004 228 3029 323">
    <p class='ocr_par' dir='ltr' id='par_1_2' title="bbox 1004 228 3029 323">
     <span class='ocr_line' id='line_1_2' title="bbox 1004 228 3029 323; baseline -0.002 -32"><span class='ocrx_word' id='word_1_2' title='bbox 1004 231 1536 293; x_wconf 81' lang='lat' dir='ltr'><strong>EXPOSI‘I‘IONIS</strong></span> <span class='ocrx_word' id='word_1_3' title='bbox 1580 233 1663 293; x_wconf 88' lang='lat' dir='ltr'><strong>IN</strong></span> <span class='ocrx_word' id='word_1_4' title='bbox 1701 230 1893 323; x_wconf 58' lang='lat' dir='ltr'><strong>ACTA</strong></span> <span class='ocrx_word' id='word_1_5' title='bbox 1929 231 2228 293; x_wconf 84' lang='lat' dir='ltr'><strong>TEXTUS</strong></span> <span class='ocrx_word' id='word_1_6' title='bbox 2269 231 2533 291; x_wconf 78' lang='lat' dir='ltr'><strong>ALTER.</strong></span> <span class='ocrx_word' id='word_1_7' title='bbox 2590 254 2662 264; x_wconf 87' lang='grc'><strong>-·</strong></span> <span class='ocrx_word' id='word_1_8' title='bbox 2692 230 2851 290; x_wconf 82' lang='lat' dir='ltr'><strong>CAP.</strong></span> <span class='ocrx_word' id='word_1_9' title='bbox 2895 228 3029 289; x_wconf 88' lang='lat' dir='ltr'><strong>VII.</strong></span> 
     </span>
    </p>
   </div>
   <div class='ocr_carea' id='block_1_3' title="bbox 3545 224 3649 288">
    <p class='ocr_par' dir='ltr' id='par_1_3' title="bbox 3545 224 3649 288">
     <span class='ocr_line' id='line_1_3' title="bbox 3545 224 3649 288; baseline -0.019 0"><span class='ocrx_word' id='word_1_10' title='bbox 3545 224 3649 288; x_wconf 87' lang='lat'><strong>918</strong></span> 
     </span>
    </p>
   </div>
   <div class='ocr_carea' id='block_1_4' title="bbox 399 337 1981 419">
    <p class='ocr_par' dir='ltr' id='par_1_4' title="bbox 399 337 1964 417">
     <span class='ocr_line' id='line_1_4' title="bbox 399 337 1964 417; baseline 0 -18"><span class='ocrx_word' id='word_1_11' title='bbox 399 344 613 411; x_wconf 83' lang='grc' dir='ltr'>τούτου,</span> <span class='ocrx_word' id='word_1_12' title='bbox 644 337 706 398; x_wconf 78' lang='grc' dir='ltr'>οὗ</span> <span class='ocrx_word' id='word_1_13' title='bbox 733 343 827 397; x_wconf 89' lang='grc' dir='ltr'><strong>νῦν</strong></span> <span class='ocrx_word' id='word_1_14' title='bbox 853 345 1011 414; x_wconf 81' lang='grc' dir='ltr'><strong>ὑμεῖς</strong></span> <span class='ocrx_word' id='word_1_15' title='bbox 1031 347 1288 416; x_wconf 80' lang='grc' dir='ltr'><strong>προδόται</strong></span> <span class='ocrx_word' id='word_1_16' title='bbox 1310 349 1405 400; x_wconf 77' lang='grc' dir='ltr'>καὶ</span> <span class='ocrx_word' id='word_1_17' title='bbox 1433 350 1614 414; x_wconf 79' lang='grc' dir='ltr'><strong>φονεῖς</strong></span> <span class='ocrx_word' id='word_1_18' title='bbox 1644 346 1964 417; x_wconf 82' lang='grc' dir='ltr'><strong>γεγένησθε·</strong></span> 
     </span>
    </p>
   </div>
   <div class='ocr_carea' id='block_1_5' title="bbox 2089 337 3650 419">
    <p class='ocr_par' dir='ltr' id='par_1_5' title="bbox 2089 337 3650 417">
     <span class='ocr_line' id='line_1_5' title="bbox 2089 337 3650 417; baseline -0.008 -14"><span class='ocrx_word' id='word_1_19' title='bbox 2089 347 2458 417; x_wconf 68' lang='grc' dir='ltr'>ποὰἱιοιυθεζει</span> <span class='ocrx_word' id='word_1_20' title='bbox 2484 342 2771 399; x_wconf 74' lang='lat' dir='ltr'><strong>homicida:</strong></span> <span class='ocrx_word' id='word_1_21' title='bbox 2821 341 3046 397; x_wconf 90' lang='lat' dir='ltr'><strong>fuistis:</strong></span> <span class='ocrx_word' id='word_1_22' title='bbox 3085 337 3190 404; x_wconf 79' lang='lat' dir='ltr'><strong>Qui</strong></span> <span class='ocrx_word' id='word_1_23' title='bbox 3246 337 3544 409; x_wconf 68' lang='lat' dir='ltr'><strong>accepistls</strong></span> <span class='ocrx_word' id='word_1_24' title='bbox 3573 339 3650 392; x_wconf 86' lang='lat' dir='ltr'><strong>le-</strong></span> 
     </span>
    </p>
   </div>
   <div class='ocr_carea' id='block_1_6' title="bbox 399 435 1963 508">
    <p class='ocr_par' dir='ltr' id='par_1_6' title="bbox 399 435 1963 508">
     <span class='ocr_line' id='line_1_6' title="bbox 399 435 1963 508; baseline -0.001 -17"><span class='ocrx_word' id='word_1_25' title='bbox 399 437 591 499; x_wconf 82' lang='grc' dir='ltr'>οίτινες</span> <span class='ocrx_word' id='word_1_26' title='bbox 645 435 869 490; x_wconf 86' lang='grc' dir='ltr'>ἐλάϐετε</span> <span class='ocrx_word' id='word_1_27' title='bbox 921 437 1013 490; x_wconf 83' lang='grc' dir='ltr'><strong>τόν</strong></span> <span class='ocrx_word' id='word_1_28' title='bbox 1077 438 1238 507; x_wconf 85' lang='grc' dir='ltr'>νόμον</span> <span class='ocrx_word' id='word_1_29' title='bbox 1269 441 1350 501; x_wconf 78' lang='grc' dir='ltr'>εἰς</span> <span class='ocrx_word' id='word_1_30' title='bbox 1401 440 1665 507; x_wconf 78' lang='grc' dir='ltr'>διαταγὰς</span> <span class='ocrx_word' id='word_1_31' title='bbox 1693 440 1963 508; x_wconf 79' lang='grc' dir='ltr'>ἀγγέλων,</span> 
     </span>
    </p>
   </div>
   <div class='ocr_carea' id='block_1_7' title="bbox 398 525 1964 601">
    <p class='ocr_par' dir='ltr' id='par_1_7' title="bbox 398 525 1964 601">
     <span class='ocr_line' id='line_1_7' title="bbox 398 525 1964 601; baseline 0.004 -23"><span class='ocrx_word' id='word_1_32' title='bbox 398 525 494 579; x_wconf 74' lang='grc' dir='ltr'><strong>καὶ</strong></span> <span class='ocrx_word' id='word_1_33' title='bbox 511 526 610 578; x_wconf 83' lang='grc' dir='ltr'><strong>οὐκ</strong></span> <span class='ocrx_word' id='word_1_34' title='bbox 634 525 959 592; x_wconf 80' lang='grc' dir='ltr'>ἐφυλάξατε.</span> <span class='ocrx_word' id='word_1_35' title='bbox 1009 527 1329 592; x_wconf 77' lang='grc' dir='ltr'>Ἀκούοντες</span> <span class='ocrx_word' id='word_1_36' title='bbox 1357 530 1622 593; x_wconf 75' lang='grc' dir='ltr'>δὲταῦτα,</span> <span class='ocrx_word' id='word_1_37' title='bbox 1655 530 1964 601; x_wconf 74' lang='grc' dir='ltr'>διεπρίοντο</span> 
     </span>
    </p>
   </div>
   <div class='ocr_carea' id='block_1_8' title="bbox 396 617 1963 690">
    <p class='ocr_par' dir='ltr' id='par_1_8' title="bbox 396 617 1963 690">
     <span class='ocr_line' id='line_1_8' title="bbox 396 617 1963 690; baseline 0.004 -22"><span class='ocrx_word' id='word_1_38' title='bbox 396 618 515 678; x_wconf 85' lang='grc' dir='ltr'>ταῖς</span> <span class='ocrx_word' id='word_1_39' title='bbox 551 617 803 687; x_wconf 78' lang='grc' dir='ltr'><strong>καρδίαις</strong></span> <span class='ocrx_word' id='word_1_40' title='bbox 832 618 1013 671; x_wconf 82' lang='grc' dir='ltr'>αὐτῶν</span> <span class='ocrx_word' id='word_1_41' title='bbox 1033 658 1048 683; x_wconf 93' lang='grc'><strong>,</strong></span> <span class='ocrx_word' id='word_1_42' title='bbox 1086 618 1181 671; x_wconf 65' lang='grc' dir='ltr'><strong>καὶ</strong></span> <span class='ocrx_word' id='word_1_43' title='bbox 1207 619 1436 690; x_wconf 76' lang='grc' dir='ltr'>ἔϐρυχον</span> <span class='ocrx_word' id='word_1_44' title='bbox 1471 622 1594 684; x_wconf 76' lang='grc' dir='ltr'>τοὺς</span> <span class='ocrx_word' id='word_1_45' title='bbox 1620 620 1838 684; x_wconf 79' lang='grc' dir='ltr'>ὀδόντας</span> <span class='ocrx_word' id='word_1_46' title='bbox 1877 621 1963 674; x_wconf 89' lang='grc' dir='ltr'>ἐπ’</span> 
     </span>
    </p>
   </div>
   <div class='ocr_carea' id='block_1_9' title="bbox 396 705 1966 779">
    <p class='ocr_par' dir='ltr' id='par_1_9' title="bbox 396 705 1966 779">
     <span class='ocr_line' id='line_1_9' title="bbox 396 705 1966 779; baseline 0.004 -22"><span class='ocrx_word' id='word_1_47' title='bbox 396 705 577 759; x_wconf 82' lang='grc' dir='ltr'>αὐτόν.</span> <span class='ocrx_word' id='word_1_48' title='bbox 634 706 925 778; x_wconf 81' lang='grc' dir='ltr'>’Υπάρχων</span> <span class='ocrx_word' id='word_1_49' title='bbox 953 707 1007 760; x_wconf 80' lang='grc' dir='ltr'>δὲ</span> <span class='ocrx_word' id='word_1_50' title='bbox 1055 707 1325 777; x_wconf 78' lang='grc' dir='ltr'>Στέφανος</span> <span class='ocrx_word' id='word_1_51' title='bbox 1387 709 1601 779; x_wconf 70' lang='grc' dir='ltr'>πλήρης</span> <span class='ocrx_word' id='word_1_52' title='bbox 1648 709 1966 777; x_wconf 83' lang='grc' dir='ltr'>Πνεύματος</span> 
     </span>
    </p>
   </div>
   <div class='ocr_carea' id='block_1_10' title="bbox 374 795 1961 869">
    <p class='ocr_par' dir='ltr' id='par_1_10' title="bbox 374 795 1961 869">
     <span class='ocr_line' id='line_1_10' title="bbox 374 795 1961 869; baseline 0.004 -21"><span class='ocrx_word' id='word_1_53' title='bbox 374 795 574 861; x_wconf 62' lang='grc' dir='ltr'>⁸’ἁγίου,</span> <span class='ocrx_word' id='word_1_54' title='bbox 634 797 887 861; x_wconf 77' lang='grc' dir='ltr'>ἀτενίσας</span> <span class='ocrx_word' id='word_1_55' title='bbox 909 799 989 860; x_wconf 79' lang='grc' dir='ltr'>εἰς</span> <span class='ocrx_word' id='word_1_56' title='bbox 1034 799 1125 852; x_wconf 69' lang='grc' dir='ltr'>τὸν</span> <span class='ocrx_word' id='word_1_57' title='bbox 1174 801 1421 869; x_wconf 74' lang='grc' dir='ltr'>οὐρανὸν,</span> <span class='ocrx_word' id='word_1_58' title='bbox 1470 798 1580 854; x_wconf 83' lang='grc' dir='ltr'>εἶδε</span> <span class='ocrx_word' id='word_1_59' title='bbox 1612 801 1773 867; x_wconf 82' lang='grc' dir='ltr'>δόξαν</span> <span class='ocrx_word' id='word_1_60' title='bbox 1802 802 1961 866; x_wconf 86' lang='grc' dir='ltr'>Θεοῦ,</span> 
     </span>
    </p>
   </div>
   <div class='ocr_carea' id='block_1_11' title="bbox 366 1290 371 1305">
    <p class='ocr_par' dir='ltr' id='par_1_11' title="bbox 366 1290 371 1305">
     <span class='ocr_line' id='line_1_11' title="bbox 366 1290 371 1305; baseline 0 0"><span class='ocrx_word' id='word_1_61' title='bbox 366 1290 371 1305; x_wconf 75' lang='grc' dir='ltr'><strong>ι</strong></span> 
     </span>
    </p>
   </div>
   <div class='ocr_carea' id='block_1_12' title="bbox 365 1316 372 1373">
    <p class='ocr_par' dir='ltr' id='par_1_12' title="bbox 365 1316 372 1373">
     <span class='ocr_line' id='line_1_12' title="bbox 365 1316 372 1373; baseline 0 0"><span class='ocrx_word' id='word_1_62' title='bbox 365 1316 372 1373; x_wconf 69' lang='grc' dir='ltr'><strong>ἒ</strong></span> 
     </span>
    </p>
   </div>
   <div class='ocr_carea' id='block_1_13' title="bbox 366 1375 375 1505">
    <p class='ocr_par' dir='ltr' id='par_1_13' title="bbox 366 1375 375 1505">
     <span class='ocr_line' id='line_1_13' title="bbox 366 1375 375 1505; baseline 0 -10"><span class='ocrx_word' id='word_1_63' title='bbox 366 1375 375 1505; x_wconf 79' lang='lat'><strong>!</strong></span> 
     </span>
    </p>
   </div>
   <div class='ocr_carea' id='block_1_14' title="bbox 396 884 1965 959">
    <p class='ocr_par' dir='ltr' id='par_1_14' title="bbox 396 884 1965 959">
     <span class='ocr_line' id='line_1_14' title="bbox 396 884 1965 959; baseline 0.006 -22"><span class='ocrx_word' id='word_1_64' title='bbox 396 884 493 938; x_wconf 72' lang='grc' dir='ltr'>καὶ</span> <span class='ocrx_word' id='word_1_65' title='bbox 533 887 741 955; x_wconf 84' lang='grc' dir='ltr'>Ἰησοῦν</span> <span class='ocrx_word' id='word_1_66' title='bbox 804 890 1013 944; x_wconf 79' lang='grc' dir='ltr'>ἑστῶτα</span> <span class='ocrx_word' id='word_1_67' title='bbox 1051 892 1113 945; x_wconf 78' lang='grc' dir='ltr'><strong>ἐκ</strong></span> <span class='ocrx_word' id='word_1_68' title='bbox 1157 892 1346 959; x_wconf 83' lang='grc' dir='ltr'>δεξιῶν</span> <span class='ocrx_word' id='word_1_69' title='bbox 1398 894 1584 957; x_wconf 76' lang='grc' dir='ltr'>αὐτοῦ,</span> <span class='ocrx_word' id='word_1_70' title='bbox 1631 893 1724 946; x_wconf 79' lang='grc' dir='ltr'>καὶ</span> <span class='ocrx_word' id='word_1_71' title='bbox 1778 891 1965 947; x_wconf 74' lang='grc' dir='ltr'>εἶπεν·</span> 
     </span>
    </p>
   </div>
   <div class='ocr_carea' id='block_1_15' title="bbox 409 976 1969 1053">
    <p class='ocr_par' dir='ltr' id='par_1_15' title="bbox 409 976 1969 1053">
     <span class='ocr_line' id='line_1_15' title="bbox 409 976 1969 1053; baseline 0.007 -25"><span class='ocrx_word' id='word_1_72' title='bbox 409 976 537 1029; x_wconf 79' lang='grc' dir='ltr'>Ἰδοὺ</span> <span class='ocrx_word' id='word_1_73' title='bbox 560 977 672 1045; x_wconf 82' lang='grc' dir='ltr'>ἐγὼ</span> <span class='ocrx_word' id='word_1_74' title='bbox 719 978 909 1047; x_wconf 83' lang='grc' dir='ltr'>θεωρῶ</span> <span class='ocrx_word' id='word_1_75' title='bbox 958 983 1085 1045; x_wconf 78' lang='grc' dir='ltr'>τοὺς</span> <span class='ocrx_word' id='word_1_76' title='bbox 1135 982 1400 1052; x_wconf 74' lang='grc' dir='ltr'>οὐρανοὺς</span> <span class='ocrx_word' id='word_1_77' title='bbox 1440 985 1843 1053; x_wconf 79' lang='grc' dir='ltr'>ἀνεῳγμένους,</span> <span class='ocrx_word' id='word_1_78' title='bbox 1874 988 1969 1040; x_wconf 78' lang='grc' dir='ltr'><strong>καὶ</strong></span> 
     </span>
    </p>
   </div>
   <div class='ocr_carea' id='block_1_16' title="bbox 397 1066 1964 1140">
    <p class='ocr_par' dir='ltr' id='par_1_16' title="bbox 397 1066 1964 1140">
     <span class='ocr_line' id='line_1_16' title="bbox 397 1066 1964 1140; baseline 0.007 -22"><span class='ocrx_word' id='word_1_79' title='bbox 397 1066 488 1118; x_wconf 73' lang='grc' dir='ltr'>τὸν</span> <span class='ocrx_word' id='word_1_80' title='bbox 520 1067 648 1120; x_wconf 78' lang='grc' dir='ltr'>Υἱδν</span> <span class='ocrx_word' id='word_1_81' title='bbox 672 1067 767 1121; x_wconf 87' lang='grc' dir='ltr'><strong>τοῦ</strong></span> <span class='ocrx_word' id='word_1_82' title='bbox 794 1069 1083 1140; x_wconf 80' lang='grc' dir='ltr'>ἀνθρώπου</span> <span class='ocrx_word' id='word_1_83' title='bbox 1117 1073 1181 1125; x_wconf 86' lang='grc' dir='ltr'><strong>ἐκ</strong></span> <span class='ocrx_word' id='word_1_84' title='bbox 1211 1072 1402 1137; x_wconf 82' lang='grc' dir='ltr'>δεξιῶν</span> <span class='ocrx_word' id='word_1_85' title='bbox 1430 1074 1642 1128; x_wconf 85' lang='grc' dir='ltr'>ἐστῶτα</span> <span class='ocrx_word' id='word_1_86' title='bbox 1674 1075 1767 1128; x_wconf 88' lang='grc' dir='ltr'><strong>τοῦ</strong></span> <span class='ocrx_word' id='word_1_87' title='bbox 1805 1077 1964 1131; x_wconf 83' lang='grc' dir='ltr'>Θεοῦ.</span> 
     </span>
    </p>
   </div>
   <div class='ocr_carea' id='block_1_17' title="bbox 398 1157 1969 1235">
    <p class='ocr_par' dir='ltr' id='par_1_17' title="bbox 398 1157 1969 1235">
     <span class='ocr_line' id='line_1_17' title="bbox 398 1157 1969 1235; baseline 0.007 -28"><span class='ocrx_word' id='word_1_88' title='bbox 398 1157 443 1207; x_wconf 86' lang='grc' dir='ltr'>Κ</span> <span class='ocrx_word' id='word_1_89' title='bbox 453 1157 714 1226; x_wconf 77' lang='grc' dir='ltr'>ράξαντες</span> <span class='ocrx_word' id='word_1_90' title='bbox 738 1159 792 1212; x_wconf 79' lang='grc' dir='ltr'>δὲ</span> <span class='ocrx_word' id='word_1_91' title='bbox 822 1164 972 1231; x_wconf 74' lang='grc' dir='ltr'>φωνῇ</span> <span class='ocrx_word' id='word_1_92' title='bbox 1011 1163 1225 1235; x_wconf 79' lang='grc' dir='ltr'><strong>μεγάλῃ</strong></span> <span class='ocrx_word' id='word_1_93' title='bbox 1257 1164 1515 1233; x_wconf 80' lang='grc' dir='ltr'>συνέσχον</span> <span class='ocrx_word' id='word_1_94' title='bbox 1531 1164 1599 1217; x_wconf 86' lang='grc' dir='ltr'>τὰ</span> <span class='ocrx_word' id='word_1_95' title='bbox 1630 1158 1745 1219; x_wconf 80' lang='grc' dir='ltr'>ὦτα</span> <span class='ocrx_word' id='word_1_96' title='bbox 1768 1166 1969 1231; x_wconf 82' lang='grc' dir='ltr'>αὐτῶν,</span> 
     </span>
    </p>
   </div>
   <div class='ocr_carea' id='block_1_18' title="bbox 399 1245 1970 1320">
    <p class='ocr_par' dir='ltr' id='par_1_18' title="bbox 399 1245 1970 1320">
     <span class='ocr_line' id='line_1_18' title="bbox 399 1245 1970 1320; baseline 0.006 -23"><span class='ocrx_word' id='word_1_97' title='bbox 399 1246 493 1298; x_wconf 73' lang='grc' dir='ltr'><strong>καὶ</strong></span> <span class='ocrx_word' id='word_1_98' title='bbox 530 1245 793 1316; x_wconf 84' lang='grc' dir='ltr'>ὥρμησαν</span> <span class='ocrx_word' id='word_1_99' title='bbox 818 1250 1161 1319; x_wconf 76' lang='grc' dir='ltr'>ὁμοθυμαδὸν</span> <span class='ocrx_word' id='word_1_100' title='bbox 1188 1254 1277 1305; x_wconf 83' lang='grc' dir='ltr'>ἐπ’</span> <span class='ocrx_word' id='word_1_101' title='bbox 1297 1254 1482 1306; x_wconf 83' lang='grc' dir='ltr'>αὐτόν.</span> <span class='ocrx_word' id='word_1_102' title='bbox 1508 1254 1615 1306; x_wconf 72' lang='grc' dir='ltr'>Καὶ</span> <span class='ocrx_word' id='word_1_103' title='bbox 1648 1254 1970 1320; x_wconf 87' lang='grc' dir='ltr'>ἐκϐαλόντες</span> 
     </span>
    </p>
   </div>
   <div class='ocr_carea' id='block_1_19' title="bbox 399 1337 1973 1413">
    <p class='ocr_par' dir='ltr' id='par_1_19' title="bbox 399 1337 1973 1413">
     <span class='ocr_line' id='line_1_19' title="bbox 399 1337 1973 1413; baseline 0.006 -26"><span class='ocrx_word' id='word_1_104' title='bbox 399 1337 561 1388; x_wconf 78' lang='grc' dir='ltr'>αὐτὸν</span> <span class='ocrx_word' id='word_1_105' title='bbox 590 1338 695 1403; x_wconf 79' lang='grc' dir='ltr'><strong>ἔξω</strong></span> <span class='ocrx_word' id='word_1_106' title='bbox 713 1340 812 1406; x_wconf 83' lang='grc' dir='ltr'>τῆς</span> <span class='ocrx_word' id='word_1_107' title='bbox 848 1340 1057 1404; x_wconf 85' lang='grc' dir='ltr'>πόλεως</span> <span class='ocrx_word' id='word_1_108' title='bbox 1093 1342 1453 1397; x_wconf 78' lang='grc' dir='ltr'>ἐλιθοϐόλουν.</span> <span class='ocrx_word' id='word_1_109' title='bbox 1481 1342 1590 1397; x_wconf 81' lang='grc' dir='ltr'><strong>Καὶ</strong></span> <span class='ocrx_word' id='word_1_110' title='bbox 1616 1345 1662 1396; x_wconf 76' lang='lat' dir='ltr'><strong>oi</strong></span> <span class='ocrx_word' id='word_1_111' title='bbox 1699 1343 1973 1413; x_wconf 88' lang='grc' dir='ltr'>μάρτυρες</span> 
     </span>
    </p>
   </div>
   <div class='ocr_carea' id='block_1_20' title="bbox 398 1428 1973 1503">
    <p class='ocr_par' dir='ltr' id='par_1_20' title="bbox 398 1428 1973 1503">
     <span class='ocr_line' id='line_1_20' title="bbox 398 1428 1973 1503; baseline 0.005 -24"><span class='ocrx_word' id='word_1_112' title='bbox 398 1428 665 1483; x_wconf 81' lang='grc' dir='ltr'>ἀπέθεντο</span> <span class='ocrx_word' id='word_1_113' title='bbox 691 1429 765 1481; x_wconf 81' lang='grc' dir='ltr'>τὰ</span> <span class='ocrx_word' id='word_1_114' title='bbox 796 1430 987 1500; x_wconf 72' lang='grc' dir='ltr'>ἱμάτια</span> <span class='ocrx_word' id='word_1_115' title='bbox 1016 1433 1197 1485; x_wconf 72' lang='grc' dir='ltr'>αὐτῶν</span> <span class='ocrx_word' id='word_1_116' title='bbox 1230 1434 1381 1503; x_wconf 67' lang='grc' dir='ltr'>παρὰ</span> <span class='ocrx_word' id='word_1_117' title='bbox 1412 1434 1539 1496; x_wconf 80' lang='grc' dir='ltr'>τοὺς</span> <span class='ocrx_word' id='word_1_118' title='bbox 1565 1434 1733 1497; x_wconf 85' lang='grc' dir='ltr'>πόδας</span> <span class='ocrx_word' id='word_1_119' title='bbox 1761 1438 1973 1488; x_wconf 78' lang='grc' dir='ltr'>νεανίου</span> 
     </span>
    </p>
   </div>
   <div class='ocr_carea' id='block_1_21' title="bbox 402 1518 1974 1595">
    <p class='ocr_par' dir='ltr' id='par_1_21' title="bbox 402 1518 1974 1595">
     <span class='ocr_line' id='line_1_21' title="bbox 402 1518 1974 1595; baseline 0.006 -25"><span class='ocrx_word' id='word_1_120' title='bbox 402 1518 736 1589; x_wconf 80' lang='grc' dir='ltr'>καλουμένου</span> <span class='ocrx_word' id='word_1_121' title='bbox 773 1521 1001 1578; x_wconf 88' lang='grc' dir='ltr'>Σαύλου.</span> <span class='ocrx_word' id='word_1_122' title='bbox 1057 1524 1165 1576; x_wconf 79' lang='grc' dir='ltr'><strong>Καὶ</strong></span> <span class='ocrx_word' id='word_1_123' title='bbox 1211 1524 1549 1578; x_wconf 81' lang='grc' dir='ltr'>ἐλιθοϐόλουν</span> <span class='ocrx_word' id='word_1_124' title='bbox 1572 1527 1661 1579; x_wconf 73' lang='grc' dir='ltr'>τὸν</span> <span class='ocrx_word' id='word_1_125' title='bbox 1702 1526 1974 1595; x_wconf 80' lang='grc' dir='ltr'>Στέφανον</span> 
     </span>
    </p>
   </div>
   <div class='ocr_carea' id='block_1_22' title="bbox 401 1610 1971 1687">
    <p class='ocr_par' dir='ltr' id='par_1_22' title="bbox 401 1610 1971 1687">
     <span class='ocr_line' id='line_1_22' title="bbox 401 1610 1971 1687; baseline 0.006 -27"><span class='ocrx_word' id='word_1_126' title='bbox 401 1610 832 1680; x_wconf 77' lang='grc' dir='ltr'>ἐπικαλούμενον</span> <span class='ocrx_word' id='word_1_127' title='bbox 866 1615 960 1666; x_wconf 76' lang='grc' dir='ltr'><strong>καὶ</strong></span> <span class='ocrx_word' id='word_1_128' title='bbox 986 1613 1214 1683; x_wconf 86' lang='grc' dir='ltr'>λέγοντα</span> <span class='ocrx_word' id='word_1_129' title='bbox 1236 1632 1248 1645; x_wconf 93' lang='grc'><strong>·</strong></span> <span class='ocrx_word' id='word_1_130' title='bbox 1291 1614 1464 1686; x_wconf 84' lang='grc' dir='ltr'>Κύριε</span> <span class='ocrx_word' id='word_1_131' title='bbox 1508 1616 1704 1687; x_wconf 92' lang='grc' dir='ltr'>Ἰησοῦ,</span> <span class='ocrx_word' id='word_1_132' title='bbox 1733 1616 1883 1680; x_wconf 79' lang='grc' dir='ltr'>δέξαι</span> <span class='ocrx_word' id='word_1_133' title='bbox 1911 1617 1971 1670; x_wconf 83' lang='grc' dir='ltr'><strong>τὸ</strong></span> 
     </span>
    </p>
   </div>
   <div class='ocr_carea' id='block_1_23' title="bbox 2078 427 3645 510">
    <p class='ocr_par' dir='ltr' id='par_1_23' title="bbox 2078 427 3645 510">
     <span class='ocr_line' id='line_1_23' title="bbox 2078 427 3645 510; baseline -0.01 -17"><span class='ocrx_word' id='word_1_134' title='bbox 2078 454 2198 510; x_wconf 90' lang='lat' dir='ltr'><strong>gem</strong></span> <span class='ocrx_word' id='word_1_135' title='bbox 2233 439 2287 492; x_wconf 91' lang='lat' dir='ltr'><strong>in</strong></span> <span class='ocrx_word' id='word_1_136' title='bbox 2317 436 2677 507; x_wconf 74' lang='lat' dir='ltr'><strong>dispositione</strong></span> <span class='ocrx_word' id='word_1_137' title='bbox 2708 435 3027 504; x_wconf 77' lang='lat' dir='ltr'><strong>angelorum</strong></span> <span class='ocrx_word' id='word_1_138' title='bbox 3068 437 3119 484; x_wconf 89' lang='lat' dir='ltr'><strong>et</strong></span> <span class='ocrx_word' id='word_1_139' title='bbox 3152 442 3260 482; x_wconf 91' lang='lat' dir='ltr'><strong>non</strong></span> <span class='ocrx_word' id='word_1_140' title='bbox 3303 427 3645 483; x_wconf 84' lang='lat' dir='ltr'><strong>custodistis.</strong></span> 
     </span>
    </p>
   </div>
   <div class='ocr_carea' id='block_1_24' title="bbox 2077 519 3649 585">
    <p class='ocr_par' dir='ltr' id='par_1_24' title="bbox 2077 519 3649 585">
     <span class='ocr_line' id='line_1_24' title="bbox 2077 519 3649 585; baseline -0.008 0"><span class='ocrx_word' id='word_1_141' title='bbox 2077 529 2376 585; x_wconf 70' lang='lat' dir='ltr'><strong>Audientes</strong></span> <span class='ocrx_word' id='word_1_142' title='bbox 2400 537 2583 582; x_wconf 78' lang='lat' dir='ltr'><strong>autem</strong></span> <span class='ocrx_word' id='word_1_143' title='bbox 2624 526 2738 581; x_wconf 64' lang='lat' dir='ltr'><strong>hac</strong></span> <span class='ocrx_word' id='word_1_144' title='bbox 2785 524 3208 579; x_wconf 84' lang='lat' dir='ltr'><strong>disseeabantur</strong></span> <span class='ocrx_word' id='word_1_145' title='bbox 3237 519 3498 574; x_wconf 85' lang='lat' dir='ltr'><strong>cordibus</strong></span> <span class='ocrx_word' id='word_1_146' title='bbox 3532 520 3649 574; x_wconf 82' lang='lat' dir='ltr'><strong>suis</strong></span> 
     </span>
    </p>
   </div>
   <div class='ocr_carea' id='block_1_25' title="bbox 2077 612 3651 678">
    <p class='ocr_par' dir='ltr' id='par_1_25' title="bbox 2077 612 3651 678">
     <span class='ocr_line' id='line_1_25' title="bbox 2077 612 3651 678; baseline -0.011 0"><span class='ocrx_word' id='word_1_147' title='bbox 2077 630 2131 678; x_wconf 87' lang='lat' dir='ltr'><strong>et</strong></span> <span class='ocrx_word' id='word_1_148' title='bbox 2176 621 2482 677; x_wconf 88' lang='lat' dir='ltr'><strong>stridebant</strong></span> <span class='ocrx_word' id='word_1_149' title='bbox 2512 618 2768 673; x_wconf 89' lang='lat' dir='ltr'><strong>dentibus</strong></span> <span class='ocrx_word' id='word_1_150' title='bbox 2816 615 2868 670; x_wconf 92' lang='lat' dir='ltr'><strong>in</strong></span> <span class='ocrx_word' id='word_1_151' title='bbox 2913 628 3061 669; x_wconf 87' lang='lat' dir='ltr'><strong>eum.</strong></span> <span class='ocrx_word' id='word_1_152' title='bbox 3111 612 3246 667; x_wconf 86' lang='lat' dir='ltr'><strong>Cum</strong></span> <span class='ocrx_word' id='word_1_153' title='bbox 3282 617 3463 663; x_wconf 89' lang='lat' dir='ltr'><strong>autem</strong></span> <span class='ocrx_word' id='word_1_154' title='bbox 3501 618 3651 662; x_wconf 90' lang='lat' dir='ltr'><strong>esset</strong></span> 
     </span>
    </p>
   </div>
   <div class='ocr_carea' id='block_1_26' title="bbox 2077 699 3649 783">
    <p class='ocr_par' dir='ltr' id='par_1_26' title="bbox 2077 699 3649 783">
     <span class='ocr_line' id='line_1_26' title="bbox 2077 699 3649 783; baseline -0.008 -18"><span class='ocrx_word' id='word_1_155' title='bbox 2077 712 2270 783; x_wconf 88' lang='lat' dir='ltr'><strong>plenus</strong></span> <span class='ocrx_word' id='word_1_156' title='bbox 2300 708 2506 779; x_wconf 87' lang='lat' dir='ltr'><strong>Spiritu</strong></span> <span class='ocrx_word' id='word_1_157' title='bbox 2563 715 2777 770; x_wconf 89' lang='lat' dir='ltr'><strong>sancto,</strong></span> <span class='ocrx_word' id='word_1_158' title='bbox 2828 704 3121 760; x_wconf 88' lang='lat' dir='ltr'><strong>intendens</strong></span> <span class='ocrx_word' id='word_1_159' title='bbox 3176 703 3229 755; x_wconf 91' lang='lat' dir='ltr'><strong>in</strong></span> <span class='ocrx_word' id='word_1_160' title='bbox 3262 700 3481 764; x_wconf 82' lang='lat' dir='ltr'><strong>coelum,</strong></span> <span class='ocrx_word' id='word_1_161' title='bbox 3515 699 3649 753; x_wconf 86' lang='lat' dir='ltr'><strong>vidit</strong></span> 
     </span>
    </p>
   </div>
   <div class='ocr_carea' id='block_1_27' title="bbox 2072 780 3721 873">
    <p class='ocr_par' dir='ltr' id='par_1_27' title="bbox 2072 780 3721 873">
     <span class='ocr_line' id='line_1_27' title="bbox 2072 780 3721 873; baseline -0.011 -15"><span class='ocrx_word' id='word_1_162' title='bbox 2072 780 2299 873; x_wconf 67' lang='lat' dir='ltr'><strong>gloriam</strong></span> <span class='ocrx_word' id='word_1_163' title='bbox 2329 801 2442 865; x_wconf 89' lang='lat' dir='ltr'><strong>Dei,</strong></span> <span class='ocrx_word' id='word_1_164' title='bbox 2472 809 2526 855; x_wconf 92' lang='lat' dir='ltr'><strong>et</strong></span> <span class='ocrx_word' id='word_1_165' title='bbox 2556 798 2742 855; x_wconf 82' lang='lat' dir='ltr'><strong>Jesum</strong></span> <span class='ocrx_word' id='word_1_166' title='bbox 2771 806 3003 854; x_wconf 81' lang='lat' dir='ltr'><strong>stantem</strong></span> <span class='ocrx_word' id='word_1_167' title='bbox 3024 794 3274 849; x_wconf 84' lang='lat' dir='ltr'><strong>adextris</strong></span> <span class='ocrx_word' id='word_1_168' title='bbox 3302 791 3416 845; x_wconf 87' lang='lat' dir='ltr'><strong>Dei.</strong></span> <span class='ocrx_word' id='word_1_169' title='bbox 3443 790 3509 844; x_wconf 86' lang='lat' dir='ltr'><strong>Et</strong></span> <span class='ocrx_word' id='word_1_170' title='bbox 3530 790 3606 844; x_wconf 87' lang='lat' dir='ltr'><strong>ait</strong></span> <span class='ocrx_word' id='word_1_171' title='bbox 3630 805 3644 841; x_wconf 93' lang='lat'><strong>:</strong></span> <span class='ocrx_word' id='word_1_172' title='bbox 3720 780 3721 783; x_wconf 43' lang='grc'><em>“</em></span> 
     </span>
    </p>
   </div>
   <div class='ocr_carea' id='block_1_28' title="bbox 2080 882 3653 961">
    <p class='ocr_par' dir='ltr' id='par_1_28' title="bbox 2080 882 3653 961">
     <span class='ocr_line' id='line_1_28' title="bbox 2080 882 3653 961; baseline -0.009 -13"><span class='ocrx_word' id='word_1_173' title='bbox 2080 895 2215 949; x_wconf 81' lang='lat' dir='ltr'><strong>Ecce</strong></span> <span class='ocrx_word' id='word_1_174' title='bbox 2238 893 2394 949; x_wconf 81' lang='lat' dir='ltr'><strong>video</strong></span> <span class='ocrx_word' id='word_1_175' title='bbox 2425 892 2594 947; x_wconf 77' lang='lat' dir='ltr'><strong>caelos</strong></span> <span class='ocrx_word' id='word_1_176' title='bbox 2646 900 2884 961; x_wconf 88' lang='lat' dir='ltr'><strong>apertos,</strong></span> <span class='ocrx_word' id='word_1_177' title='bbox 2927 895 2981 942; x_wconf 91' lang='lat' dir='ltr'><strong>et.</strong></span> <span class='ocrx_word' id='word_1_178' title='bbox 3010 886 3203 940; x_wconf 83' lang='lat' dir='ltr'><strong>Filium</strong></span> <span class='ocrx_word' id='word_1_179' title='bbox 3236 884 3398 953; x_wconf 76' lang='lat'><strong>230</strong></span> <span class='ocrx_word' id='word_1_180' title='bbox 3415 882 3653 937; x_wconf 90' lang='lat' dir='ltr'><strong>hominis</strong></span> 
     </span>
    </p>
   </div>
   <div class='ocr_carea' id='block_1_29' title="bbox 2079 977 3654 1038">
    <p class='ocr_par' dir='ltr' id='par_1_29' title="bbox 2079 977 3654 1038">
     <span class='ocr_line' id='line_1_29' title="bbox 2079 977 3654 1038; baseline -0.008 -1"><span class='ocrx_word' id='word_1_181' title='bbox 2079 992 2315 1038; x_wconf 86' lang='lat' dir='ltr'><strong>stantem</strong></span> <span class='ocrx_word' id='word_1_182' title='bbox 2354 996 2384 1035; x_wconf 88' lang='lat' dir='ltr'><strong>a</strong></span> <span class='ocrx_word' id='word_1_183' title='bbox 2415 982 2620 1036; x_wconf 75' lang='lat' dir='ltr'><strong>dextris</strong></span> <span class='ocrx_word' id='word_1_184' title='bbox 2675 980 2788 1034; x_wconf 89' lang='lat' dir='ltr'><strong>Dei.</strong></span> <span class='ocrx_word' id='word_1_185' title='bbox 2825 977 3210 1032; x_wconf 81' lang='lat' dir='ltr'><strong>Exclamantes</strong></span> <span class='ocrx_word' id='word_1_186' title='bbox 3273 982 3455 1028; x_wconf 85' lang='lat' dir='ltr'><strong>autem</strong></span> <span class='ocrx_word' id='word_1_187' title='bbox 3517 987 3654 1027; x_wconf 81' lang='lat' dir='ltr'><strong>voce</strong></span> 
     </span>
    </p>
   </div>
   <div class='ocr_carea' id='block_1_30' title="bbox 2082 1064 3653 1145">
    <p class='ocr_par' dir='ltr' id='par_1_30' title="bbox 2082 1064 3653 1145">
     <span class='ocr_line' id='line_1_30' title="bbox 2082 1064 3653 1145; baseline -0.008 -16"><span class='ocrx_word' id='word_1_188' title='bbox 2082 1090 2274 1145; x_wconf 81' lang='lat' dir='ltr'><strong>magna</strong></span> <span class='ocrx_word' id='word_1_189' title='bbox 2314 1074 2709 1129; x_wconf 87' lang='lat' dir='ltr'><strong>continuerunt</strong></span> <span class='ocrx_word' id='word_1_190' title='bbox 2748 1086 2908 1125; x_wconf 89' lang='lat' dir='ltr'><strong>aures</strong></span> <span class='ocrx_word' id='word_1_191' title='bbox 2946 1084 3099 1132; x_wconf 89' lang='lat' dir='ltr'><strong>suas,</strong></span> <span class='ocrx_word' id='word_1_192' title='bbox 3128 1076 3183 1122; x_wconf 92' lang='lat' dir='ltr'><strong>et</strong></span> <span class='ocrx_word' id='word_1_193' title='bbox 3218 1066 3481 1136; x_wconf 85' lang='lat' dir='ltr'><strong>impetum</strong></span> <span class='ocrx_word' id='word_1_194' title='bbox 3509 1064 3653 1119; x_wconf 85' lang='lat' dir='ltr'><strong>fece-</strong></span> 
     </span>
    </p>
   </div>
   <div class='ocr_carea' id='block_1_31' title="bbox 2080 1159 3654 1228">
    <p class='ocr_par' dir='ltr' id='par_1_31' title="bbox 2080 1159 3654 1228">
     <span class='ocr_line' id='line_1_31' title="bbox 2080 1159 3654 1228; baseline -0.009 -7"><span class='ocrx_word' id='word_1_195' title='bbox 2080 1177 2208 1221; x_wconf 88' lang='lat' dir='ltr'><strong>runt</strong></span> <span class='ocrx_word' id='word_1_196' title='bbox 2243 1166 2574 1220; x_wconf 82' lang='lat' dir='ltr'><strong>unanimiter</strong></span> <span class='ocrx_word' id='word_1_197' title='bbox 2624 1164 2677 1218; x_wconf 89' lang='lat' dir='ltr'><strong>in</strong></span> <span class='ocrx_word' id='word_1_198' title='bbox 2702 1177 2848 1218; x_wconf 91' lang='lat' dir='ltr'><strong>eum.</strong></span> <span class='ocrx_word' id='word_1_199' title='bbox 2905 1161 2969 1213; x_wconf 86' lang='lat' dir='ltr'><strong>Et</strong></span> <span class='ocrx_word' id='word_1_200' title='bbox 3023 1159 3308 1228; x_wconf 82' lang='lat' dir='ltr'><strong>ejicientes</strong></span> <span class='ocrx_word' id='word_1_201' title='bbox 3349 1171 3472 1210; x_wconf 90' lang='lat' dir='ltr'><strong>cum</strong></span> <span class='ocrx_word' id='word_1_202' title='bbox 3501 1162 3654 1210; x_wconf 77' lang='lat' dir='ltr'><strong>extra</strong></span> 
     </span>
    </p>
   </div>
   <div class='ocr_carea' id='block_1_32' title="bbox 2080 1246 3768 1324">
    <p class='ocr_par' dir='ltr' id='par_1_32' title="bbox 2080 1246 3768 1324">
     <span class='ocr_line' id='line_1_32' title="bbox 2080 1246 3768 1324; baseline -0.01 -12"><span class='ocrx_word' id='word_1_203' title='bbox 2080 1257 2360 1312; x_wconf 86' lang='lat' dir='ltr'><strong>civitatem</strong></span> <span class='ocrx_word' id='word_1_204' title='bbox 2405 1253 2756 1324; x_wconf 87' lang='lat' dir='ltr'><strong>lapidabant;</strong></span> <span class='ocrx_word' id='word_1_205' title='bbox 2790 1261 2842 1308; x_wconf 87' lang='lat' dir='ltr'><strong>et</strong></span> <span class='ocrx_word' id='word_1_206' title='bbox 2870 1258 3041 1305; x_wconf 88' lang='lat' dir='ltr'><strong>testes</strong></span> <span class='ocrx_word' id='word_1_207' title='bbox 3086 1249 3459 1318; x_wconf 90' lang='lat' dir='ltr'><strong>deposuerunt</strong></span> <span class='ocrx_word' id='word_1_208' title='bbox 3486 1246 3656 1299; x_wconf 84' lang='lat' dir='ltr'><strong>vcsti-</strong></span> <span class='ocrx_word' id='word_1_209' title='bbox 3759 1298 3768 1306; x_wconf 63' lang='grc'><strong>,</strong></span> 
     </span>
    </p>
   </div>
   <div class='ocr_carea' id='block_1_33' title="bbox 2083 1337 3658 1413">
    <p class='ocr_par' dir='ltr' id='par_1_33' title="bbox 2083 1337 3658 1413">
     <span class='ocr_line' id='line_1_33' title="bbox 2083 1337 3658 1413; baseline -0.009 -10"><span class='ocrx_word' id='word_1_210' title='bbox 2083 1358 2262 1403; x_wconf 90' lang='lat' dir='ltr'><strong>menta</strong></span> <span class='ocrx_word' id='word_1_211' title='bbox 2295 1364 2392 1402; x_wconf 90' lang='lat' dir='ltr'><strong>sua</strong></span> <span class='ocrx_word' id='word_1_212' title='bbox 2423 1361 2584 1401; x_wconf 88' lang='lat' dir='ltr'><strong>secus</strong></span> <span class='ocrx_word' id='word_1_213' title='bbox 2618 1345 2784 1413; x_wconf 90' lang='lat' dir='ltr'><strong>pedes</strong></span> <span class='ocrx_word' id='word_1_214' title='bbox 2806 1341 3191 1405; x_wconf 81' lang='lat' dir='ltr'><strong>adolescentis,</strong></span> <span class='ocrx_word' id='word_1_215' title='bbox 3232 1339 3327 1409; x_wconf 91' lang='lat' dir='ltr'><strong>qui</strong></span> <span class='ocrx_word' id='word_1_216' title='bbox 3362 1337 3658 1392; x_wconf 80' lang='lat' dir='ltr'><strong>vocabatur</strong></span> 
     </span>
    </p>
   </div>
   <div class='ocr_carea' id='block_1_34' title="bbox 2085 1432 3656 1507">
    <p class='ocr_par' dir='ltr' id='par_1_34' title="bbox 2085 1432 3656 1507">
     <span class='ocr_line' id='line_1_34' title="bbox 2085 1432 3656 1507; baseline -0.009 -15"><span class='ocrx_word' id='word_1_217' title='bbox 2085 1440 2304 1494; x_wconf 84' lang='lat' dir='ltr'><strong>Saulus.</strong></span> <span class='ocrx_word' id='word_1_218' title='bbox 2344 1440 2412 1493; x_wconf 88' lang='lat' dir='ltr'><strong>Et</strong></span> <span class='ocrx_word' id='word_1_219' title='bbox 2462 1436 2778 1507; x_wconf 87' lang='lat' dir='ltr'><strong>lapidabant</strong></span> <span class='ocrx_word' id='word_1_220' title='bbox 2826 1435 3166 1505; x_wconf 81' lang='lat' dir='ltr'><strong>Stephanum</strong></span> <span class='ocrx_word' id='word_1_221' title='bbox 3214 1432 3557 1486; x_wconf 82' lang='lat' dir='ltr'><strong>invocantem</strong></span> <span class='ocrx_word' id='word_1_222' title='bbox 3603 1436 3656 1479; x_wconf 67' lang='lat' dir='ltr'><strong>rt</strong></span> 
     </span>
    </p>
   </div>
   <div class='ocr_carea' id='block_1_35' title="bbox 2081 1523 3655 1595">
    <p class='ocr_par' dir='ltr' id='par_1_35' title="bbox 2081 1523 3655 1595">
     <span class='ocr_line' id='line_1_35' title="bbox 2081 1523 3655 1595; baseline -0.01 -10"><span class='ocrx_word' id='word_1_223' title='bbox 2081 1531 2352 1585; x_wconf 85' lang='lat' dir='ltr'><strong>dicentem</strong></span> <span class='ocrx_word' id='word_1_224' title='bbox 2389 1547 2402 1584; x_wconf 91' lang='lat'><strong>:</strong></span> <span class='ocrx_word' id='word_1_225' title='bbox 2432 1527 2672 1584; x_wconf 87' lang='lat' dir='ltr'><strong>Domine</strong></span> <span class='ocrx_word' id='word_1_226' title='bbox 2698 1527 2852 1591; x_wconf 72' lang='lat' dir='ltr'><strong>Iesu,</strong></span> <span class='ocrx_word' id='word_1_227' title='bbox 2888 1525 3111 1595; x_wconf 88' lang='lat' dir='ltr'><strong>suscipe</strong></span> <span class='ocrx_word' id='word_1_228' title='bbox 3168 1523 3425 1593; x_wconf 86' lang='lat' dir='ltr'><strong>spiritum</strong></span> <span class='ocrx_word' id='word_1_229' title='bbox 3454 1533 3655 1574; x_wconf 78' lang='lat' dir='ltr'><strong>meum.</strong></span> 
     </span>
    </p>
   </div>
   <div class='ocr_carea' id='block_1_36' title="bbox 2083 1611 3659 1690">
    <p class='ocr_par' dir='ltr' id='par_1_36' title="bbox 2083 1611 3659 1690">
     <span class='ocr_line' id='line_1_36' title="bbox 2083 1611 3659 1690; baseline -0.006 -17"><span class='ocrx_word' id='word_1_230' title='bbox 2083 1618 2288 1675; x_wconf 91' lang='lat' dir='ltr'><strong>Positis</strong></span> <span class='ocrx_word' id='word_1_231' title='bbox 2330 1628 2514 1673; x_wconf 89' lang='lat' dir='ltr'><strong>autem</strong></span> <span class='ocrx_word' id='word_1_232' title='bbox 2555 1618 2810 1690; x_wconf 92' lang='lat' dir='ltr'><strong>genibus,</strong></span> <span class='ocrx_word' id='word_1_233' title='bbox 2847 1616 3103 1671; x_wconf 84' lang='lat' dir='ltr'><strong>clamavit</strong></span> <span class='ocrx_word' id='word_1_234' title='bbox 3133 1629 3268 1669; x_wconf 87' lang='lat' dir='ltr'><strong>voce</strong></span> <span class='ocrx_word' id='word_1_235' title='bbox 3304 1626 3522 1683; x_wconf 80' lang='lat' dir='ltr'><strong>magna,</strong></span> <span class='ocrx_word' id='word_1_236' title='bbox 3574 1611 3659 1664; x_wconf 83' lang='lat' dir='ltr'><strong>di-</strong></span> 
     </span>
    </p>
   </div>
   <div class='ocr_carea' id='block_1_37' title="bbox 404 1694 1981 1775">
    <p class='ocr_par' dir='ltr' id='par_1_37' title="bbox 404 1701 1969 1775">
     <span class='ocr_line' id='line_1_37' title="bbox 404 1701 1969 1775; baseline 0.002 -21"><span class='ocrx_word' id='word_1_237' title='bbox 404 1701 622 1770; x_wconf 87' lang='grc' dir='ltr'>πνεῦμά</span> <span class='ocrx_word' id='word_1_238' title='bbox 674 1719 812 1768; x_wconf 87' lang='grc' dir='ltr'>μου·</span> <span class='ocrx_word' id='word_1_239' title='bbox 849 1702 961 1767; x_wconf 80' lang='grc' dir='ltr'>θεὶς</span> <span class='ocrx_word' id='word_1_240' title='bbox 991 1704 1049 1757; x_wconf 86' lang='grc' dir='ltr'>δὲ</span> <span class='ocrx_word' id='word_1_241' title='bbox 1072 1705 1140 1758; x_wconf 85' lang='grc' dir='ltr'><strong>τά</strong></span> <span class='ocrx_word' id='word_1_242' title='bbox 1180 1704 1399 1772; x_wconf 86' lang='grc' dir='ltr'>γόνατα,</span> <span class='ocrx_word' id='word_1_243' title='bbox 1461 1705 1659 1774; x_wconf 77' lang='grc' dir='ltr'>έκραξε</span> <span class='ocrx_word' id='word_1_244' title='bbox 1693 1707 1844 1775; x_wconf 73' lang='grc' dir='ltr'>φωνῇ</span> <span class='ocrx_word' id='word_1_245' title='bbox 1879 1723 1969 1775; x_wconf 89' lang='grc' dir='ltr'>με-</span> 
     </span>
    </p>
   </div>
   <div class='ocr_carea' id='block_1_38' title="bbox 2089 1694 3659 1775">
    <p class='ocr_par' dir='ltr' id='par_1_38' title="bbox 2089 1701 3659 1773">
     <span class='ocr_line' id='line_1_38' title="bbox 2089 1701 3659 1773; baseline -0.008 -7"><span class='ocrx_word' id='word_1_246' title='bbox 2089 1726 2203 1766; x_wconf 87' lang='lat' dir='ltr'><strong>:ens</strong></span> <span class='ocrx_word' id='word_1_247' title='bbox 2240 1729 2254 1766; x_wconf 93' lang='lat'><strong>:</strong></span> <span class='ocrx_word' id='word_1_248' title='bbox 2287 1711 2516 1767; x_wconf 87' lang='lat' dir='ltr'><strong>Domine</strong></span> <span class='ocrx_word' id='word_1_249' title='bbox 2564 1725 2631 1765; x_wconf 93' lang='lat' dir='ltr'><strong>ne</strong></span> <span class='ocrx_word' id='word_1_250' title='bbox 2661 1717 2872 1763; x_wconf 84' lang='lat' dir='ltr'><strong>statuas</strong></span> <span class='ocrx_word' id='word_1_251' title='bbox 2912 1708 3019 1762; x_wconf 90' lang='lat' dir='ltr'><strong>illis</strong></span> <span class='ocrx_word' id='word_1_252' title='bbox 3063 1706 3167 1760; x_wconf 91' lang='lat' dir='ltr'><strong>hoc</strong></span> <span class='ocrx_word' id='word_1_253' title='bbox 3217 1712 3523 1773; x_wconf 89' lang='lat' dir='ltr'><strong>peccatum.</strong></span> <span class='ocrx_word' id='word_1_254' title='bbox 3598 1701 3659 1755; x_wconf 86' lang='lat' dir='ltr'><strong>Et</strong></span> 
     </span>
    </p>
   </div>
   <div class='ocr_carea' id='block_1_39' title="bbox 403 1793 1978 1869">
    <p class='ocr_par' dir='ltr' id='par_1_39' title="bbox 403 1793 1978 1869">
     <span class='ocr_line' id='line_1_39' title="bbox 403 1793 1978 1869; baseline 0.003 -23"><span class='ocrx_word' id='word_1_255' title='bbox 403 1794 544 1866; x_wconf 78' lang='grc' dir='ltr'>γάλῃ</span> <span class='ocrx_word' id='word_1_256' title='bbox 569 1793 744 1862; x_wconf 84' lang='grc' dir='ltr'>λέγων</span> <span class='ocrx_word' id='word_1_257' title='bbox 762 1812 775 1826; x_wconf 88' lang='grc'><strong>·</strong></span> <span class='ocrx_word' id='word_1_258' title='bbox 799 1796 995 1864; x_wconf 82' lang='grc' dir='ltr'>Κύριε,</span> <span class='ocrx_word' id='word_1_259' title='bbox 1032 1797 1106 1864; x_wconf 78' lang='grc' dir='ltr'>μὴ</span> <span class='ocrx_word' id='word_1_260' title='bbox 1128 1796 1335 1866; x_wconf 81' lang='grc' dir='ltr'>στήσῃς</span> <span class='ocrx_word' id='word_1_261' title='bbox 1366 1796 1551 1858; x_wconf 82' lang='grc' dir='ltr'>αὐτοῖς</span> <span class='ocrx_word' id='word_1_262' title='bbox 1580 1795 1677 1867; x_wconf 82' lang='grc' dir='ltr'>τὴν</span> <span class='ocrx_word' id='word_1_263' title='bbox 1701 1797 1978 1869; x_wconf 75' lang='grc' dir='ltr'>ἁμαρτίαν</span> 
     </span>
    </p>
   </div>
   <div class='ocr_carea' id='block_1_40' title="bbox 401 1886 1472 1961">
    <p class='ocr_par' dir='ltr' id='par_1_40' title="bbox 401 1886 1472 1961">
     <span class='ocr_line' id='line_1_40' title="bbox 401 1886 1472 1961; baseline 0.006 -23"><span class='ocrx_word' id='word_1_264' title='bbox 401 1886 634 1957; x_wconf 78' lang='grc' dir='ltr'>ταύτην.</span> <span class='ocrx_word' id='word_1_265' title='bbox 664 1888 774 1940; x_wconf 77' lang='grc' dir='ltr'><strong>Καὶ</strong></span> <span class='ocrx_word' id='word_1_266' title='bbox 798 1887 957 1939; x_wconf 85' lang='grc' dir='ltr'>τοῦτο</span> <span class='ocrx_word' id='word_1_267' title='bbox 982 1887 1156 1939; x_wconf 70' lang='grc' dir='ltr'>εἰπὼν</span> <span class='ocrx_word' id='word_1_268' title='bbox 1182 1889 1472 1961; x_wconf 75' lang='grc' dir='ltr'>ἐκοιμήθη.</span> 
     </span>
    </p>
   </div>
   <div class='ocr_carea' id='block_1_41' title="bbox 983 1977 1364 2031">
    <p class='ocr_par' dir='ltr' id='par_1_41' title="bbox 983 1977 1364 2031">
     <span class='ocr_line' id='line_1_41' title="bbox 983 1977 1364 2031; baseline 0.005 -2"><span class='ocrx_word' id='word_1_269' title='bbox 983 1977 1364 2031; x_wconf 82' lang='grc' dir='ltr'><strong>ΕΡΜΗΝΕΙΑ.</strong></span> 
     </span>
    </p>
   </div>
   <div class='ocr_carea' id='block_1_42' title="bbox 482 2063 1975 2142">
    <p class='ocr_par' dir='ltr' id='par_1_42' title="bbox 482 2063 1975 2142">
     <span class='ocr_line' id='line_1_42' title="bbox 482 2063 1975 2142; baseline 0.007 -26"><span class='ocrx_word' id='word_1_270' title='bbox 482 2063 573 2134; x_wconf 83' lang='grc' dir='ltr'>Τῷ</span> <span class='ocrx_word' id='word_1_271' title='bbox 597 2067 1030 2138; x_wconf 80' lang='grc' dir='ltr'>τετρακοσιοστῷ</span> <span class='ocrx_word' id='word_1_272' title='bbox 1069 2069 1493 2141; x_wconf 76' lang='grc' dir='ltr'>τεσσαρακοστῷ</span> <span class='ocrx_word' id='word_1_273' title='bbox 1528 2071 1637 2125; x_wconf 78' lang='grc' dir='ltr'>ἔτει</span> <span class='ocrx_word' id='word_1_274' title='bbox 1664 2072 1762 2142; x_wconf 79' lang='grc' dir='ltr'>τῆς</span> <span class='ocrx_word' id='word_1_275' title='bbox 1794 2072 1975 2137; x_wconf 78' lang='grc' dir='ltr'>ἐξόδου</span> 
     </span>
    </p>
   </div>
   <div class='ocr_carea' id='block_1_43' title="bbox 406 2153 1977 2234">
    <p class='ocr_par' dir='ltr' id='par_1_43' title="bbox 406 2153 1977 2234">
     <span class='ocr_line' id='line_1_43' title="bbox 406 2153 1977 2234; baseline 0.008 -28"><span class='ocrx_word' id='word_1_276' title='bbox 406 2153 513 2207; x_wconf 84' lang='grc' dir='ltr'>τῶν</span> <span class='ocrx_word' id='word_1_277' title='bbox 543 2156 677 2210; x_wconf 87' lang='grc' dir='ltr'>υῐῶν</span> <span class='ocrx_word' id='word_1_278' title='bbox 720 2159 935 2229; x_wconf 85' lang='grc' dir='ltr'>Ἰσραὴλ</span> <span class='ocrx_word' id='word_1_279' title='bbox 982 2160 1041 2226; x_wconf 79' lang='grc' dir='ltr'><strong>ἐξ</strong></span> <span class='ocrx_word' id='word_1_280' title='bbox 1079 2160 1383 2228; x_wconf 74' lang='grc' dir='ltr'>Αἰγύπτου,</span> <span class='ocrx_word' id='word_1_281' title='bbox 1440 2163 1645 2232; x_wconf 72' lang='grc' dir='ltr'>ἤρξατο</span> <span class='ocrx_word' id='word_1_282' title='bbox 1670 2165 1698 2214; x_wconf 99' lang='lat'><strong>6</strong></span> <span class='ocrx_word' id='word_1_283' title='bbox 1723 2165 1977 2234; x_wconf 86' lang='grc' dir='ltr'>Σολομὼν</span> 
     </span>
    </p>
   </div>
   <div class='ocr_carea' id='block_1_44' title="bbox 412 2246 1978 2324">
    <p class='ocr_par' dir='ltr' id='par_1_44' title="bbox 412 2246 1978 2324">
     <span class='ocr_line' id='line_1_44' title="bbox 412 2246 1978 2324; baseline 0.007 -26"><span class='ocrx_word' id='word_1_284' title='bbox 412 2246 717 2316; x_wconf 78' lang='grc' dir='ltr'>οἰκοδομεῖν</span> <span class='ocrx_word' id='word_1_285' title='bbox 745 2249 837 2302; x_wconf 77' lang='grc' dir='ltr'>τὸν</span> <span class='ocrx_word' id='word_1_286' title='bbox 867 2249 992 2303; x_wconf 66' lang='grc' dir='ltr'>ναὸν</span> <span class='ocrx_word' id='word_1_287' title='bbox 1023 2251 1080 2303; x_wconf 83' lang='grc' dir='ltr'><strong>ἐν</strong></span> <span class='ocrx_word' id='word_1_288' title='bbox 1124 2250 1498 2322; x_wconf 78' lang='grc' dir='ltr'>Ἰερουσαλὴμ,</span> <span class='ocrx_word' id='word_1_289' title='bbox 1523 2252 1599 2317; x_wconf 86' lang='grc' dir='ltr'><strong>ὡς</strong></span> <span class='ocrx_word' id='word_1_290' title='bbox 1631 2254 1843 2324; x_wconf 79' lang='grc' dir='ltr'>ἡτρίτη</span> <span class='ocrx_word' id='word_1_291' title='bbox 1870 2256 1978 2309; x_wconf 81' lang='grc' dir='ltr'><strong>τῶν</strong></span> 
     </span>
    </p>
   </div>
   <div class='ocr_carea' id='block_1_45' title="bbox 411 2336 1980 2414">
    <p class='ocr_par' dir='ltr' id='par_1_45' title="bbox 411 2336 1980 2414">
     <span class='ocr_line' id='line_1_45' title="bbox 411 2336 1980 2414; baseline 0.006 -24"><span class='ocrx_word' id='word_1_292' title='bbox 411 2336 703 2392; x_wconf 75' lang='grc' dir='ltr'>Βασιλειῶν</span> <span class='ocrx_word' id='word_1_293' title='bbox 757 2340 995 2395; x_wconf 75' lang='grc' dir='ltr'>διδάσκει</span> <span class='ocrx_word' id='word_1_294' title='bbox 1030 2341 1229 2413; x_wconf 77' lang='grc' dir='ltr'>βίϐλος.</span> <span class='ocrx_word' id='word_1_295' title='bbox 1266 2343 1365 2395; x_wconf 76' lang='grc' dir='ltr'><strong>Διὰ</strong></span> <span class='ocrx_word' id='word_1_296' title='bbox 1390 2343 1551 2398; x_wconf 85' lang='grc' dir='ltr'>τοῦτο</span> <span class='ocrx_word' id='word_1_297' title='bbox 1598 2345 1656 2397; x_wconf 78' lang='grc' dir='ltr'><strong>δὲ</strong></span> <span class='ocrx_word' id='word_1_298' title='bbox 1686 2346 1825 2414; x_wconf 80' lang='grc' dir='ltr'>μετὰ</span> <span class='ocrx_word' id='word_1_299' title='bbox 1856 2364 1980 2400; x_wconf 84' lang='grc' dir='ltr'>τοσ-</span> 
     </span>
    </p>
   </div>
   <div class='ocr_carea' id='block_1_46' title="bbox 412 2429 1981 2508">
    <p class='ocr_par' dir='ltr' id='par_1_46' title="bbox 412 2429 1981 2508">
     <span class='ocr_line' id='line_1_46' title="bbox 412 2429 1981 2508; baseline 0.006 -26"><span class='ocrx_word' id='word_1_300' title='bbox 412 2429 570 2505; x_wconf 86' lang='grc' dir='ltr'>οῦτον</span> <span class='ocrx_word' id='word_1_301' title='bbox 601 2432 793 2502; x_wconf 84' lang='grc' dir='ltr'>χρόνον</span> <span class='ocrx_word' id='word_1_302' title='bbox 832 2436 930 2502; x_wconf 77' lang='grc' dir='ltr'>τῆς</span> <span class='ocrx_word' id='word_1_303' title='bbox 960 2433 1054 2487; x_wconf 85' lang='grc' dir='ltr'>ἀπ’</span> <span class='ocrx_word' id='word_1_304' title='bbox 1086 2432 1363 2501; x_wconf 76' lang='grc' dir='ltr'>Αἰγύπτου</span> <span class='ocrx_word' id='word_1_305' title='bbox 1406 2432 1586 2498; x_wconf 79' lang='grc' dir='ltr'>ἐξόδου</span> <span class='ocrx_word' id='word_1_306' title='bbox 1624 2435 1718 2488; x_wconf 86' lang='grc' dir='ltr'><strong>τοῦ</strong></span> <span class='ocrx_word' id='word_1_307' title='bbox 1766 2435 1981 2508; x_wconf 81' lang='grc' dir='ltr'>Ἰσραὴλ</span> 
     </span>
    </p>
   </div>
   <div class='ocr_carea' id='block_1_47' title="bbox 412 2521 1980 2598">
    <p class='ocr_par' dir='ltr' id='par_1_47' title="bbox 412 2521 1980 2598">
     <span class='ocr_line' id='line_1_47' title="bbox 412 2521 1980 2598; baseline 0.005 -26"><span class='ocrx_word' id='word_1_308' title='bbox 412 2521 440 2572; x_wconf 90' lang='lat'><strong>6</strong></span> <span class='ocrx_word' id='word_1_309' title='bbox 471 2521 597 2584; x_wconf 74' lang='grc' dir='ltr'>ναδς</span> <span class='ocrx_word' id='word_1_310' title='bbox 647 2521 990 2592; x_wconf 76' lang='grc' dir='ltr'>ᾠκοδομήθη,</span> <span class='ocrx_word' id='word_1_311' title='bbox 1049 2523 1133 2576; x_wconf 79' lang='grc' dir='ltr'>ἵνα</span> <span class='ocrx_word' id='word_1_312' title='bbox 1163 2527 1226 2595; x_wconf 84' lang='grc' dir='ltr'><strong>τῇ</strong></span> <span class='ocrx_word' id='word_1_313' title='bbox 1261 2526 1340 2587; x_wconf 84' lang='grc' dir='ltr'>εἰς</span> <span class='ocrx_word' id='word_1_314' title='bbox 1366 2524 1433 2577; x_wconf 87' lang='grc' dir='ltr'><strong>τά</strong></span> <span class='ocrx_word' id='word_1_315' title='bbox 1453 2524 1554 2597; x_wconf 80' lang='grc' dir='ltr'><strong>ὅρη</strong></span> <span class='ocrx_word' id='word_1_316' title='bbox 1603 2527 1980 2598; x_wconf 66' lang='grc' dir='ltr'>ἀποπλανῆσει</span> 
     </span>
    </p>
   </div>
   <div class='ocr_carea' id='block_1_48' title="bbox 413 2611 1982 2687">
    <p class='ocr_par' dir='ltr' id='par_1_48' title="bbox 413 2611 1982 2687">
     <span class='ocr_line' id='line_1_48' title="bbox 413 2611 1982 2687; baseline 0.008 -26"><span class='ocrx_word' id='word_1_317' title='bbox 413 2611 818 2680; x_wconf 83' lang='grc' dir='ltr'>ἀποκαμόντες,</span> <span class='ocrx_word' id='word_1_318' title='bbox 845 2613 939 2667; x_wconf 77' lang='grc' dir='ltr'>τὸν</span> <span class='ocrx_word' id='word_1_319' title='bbox 966 2614 1061 2666; x_wconf 74' lang='grc' dir='ltr'><strong>ἕνα</strong></span> <span class='ocrx_word' id='word_1_320' title='bbox 1080 2617 1243 2668; x_wconf 85' lang='grc' dir='ltr'>τόπον</span> <span class='ocrx_word' id='word_1_321' title='bbox 1277 2615 1367 2670; x_wconf 79' lang='grc' dir='ltr'>τὸν</span> <span class='ocrx_word' id='word_1_322' title='bbox 1393 2617 1449 2669; x_wconf 83' lang='grc' dir='ltr'><strong>ἐν</strong></span> <span class='ocrx_word' id='word_1_323' title='bbox 1466 2617 1822 2687; x_wconf 82' lang='grc' dir='ltr'>Ἰερουσαλὴμ</span> <span class='ocrx_word' id='word_1_324' title='bbox 1848 2619 1982 2686; x_wconf 83' lang='grc' dir='ltr'>ἀγα-</span> 
     </span>
    </p>
   </div>
   <div class='ocr_carea' id='block_1_49' title="bbox 413 2702 1982 2781">
    <p class='ocr_par' dir='ltr' id='par_1_49' title="bbox 413 2702 1982 2781">
     <span class='ocr_line' id='line_1_49' title="bbox 413 2702 1982 2781; baseline 0.008 -29"><span class='ocrx_word' id='word_1_325' title='bbox 413 2703 680 2771; x_wconf 86' lang='grc' dir='ltr'>πήσωσιν,</span> <span class='ocrx_word' id='word_1_326' title='bbox 709 2704 768 2756; x_wconf 78' lang='grc' dir='ltr'>ὃν</span> <span class='ocrx_word' id='word_1_327' title='bbox 796 2707 822 2757; x_wconf 91' lang='lat'><strong>6</strong></span> <span class='ocrx_word' id='word_1_328' title='bbox 847 2705 978 2769; x_wconf 83' lang='grc' dir='ltr'>Θεὸς</span> <span class='ocrx_word' id='word_1_329' title='bbox 1008 2706 1229 2778; x_wconf 87' lang='grc' dir='ltr'>ἐποίησε</span> <span class='ocrx_word' id='word_1_330' title='bbox 1258 2706 1458 2778; x_wconf 84' lang='grc' dir='ltr'>τίμιον.</span> <span class='ocrx_word' id='word_1_331' title='bbox 1489 2702 1648 2762; x_wconf 75' lang='grc' dir='ltr'>Οὗτοι</span> <span class='ocrx_word' id='word_1_332' title='bbox 1679 2710 1737 2763; x_wconf 80' lang='grc' dir='ltr'>δὲ</span> <span class='ocrx_word' id='word_1_333' title='bbox 1770 2710 1982 2781; x_wconf 86' lang='grc' dir='ltr'>βραδεῖς</span> 
     </span>
    </p>
   </div>
   <div class='ocr_carea' id='block_1_50' title="bbox 412 2792 1976 2870">
    <p class='ocr_par' dir='ltr' id='par_1_50' title="bbox 412 2792 1976 2870">
     <span class='ocr_line' id='line_1_50' title="bbox 412 2792 1976 2870; baseline 0.008 -25"><span class='ocrx_word' id='word_1_334' title='bbox 412 2792 564 2857; x_wconf 74' lang='grc' dir='ltr'>ὄντες</span> <span class='ocrx_word' id='word_1_335' title='bbox 594 2796 675 2857; x_wconf 87' lang='grc' dir='ltr'><strong>είς</strong></span> <span class='ocrx_word' id='word_1_336' title='bbox 726 2796 963 2860; x_wconf 78' lang='grc' dir='ltr'>σύνεσιν,</span> <span class='ocrx_word' id='word_1_337' title='bbox 1000 2799 1092 2851; x_wconf 73' lang='grc' dir='ltr'>καὶ</span> <span class='ocrx_word' id='word_1_338' title='bbox 1119 2800 1227 2851; x_wconf 86' lang='grc' dir='ltr'><strong>τῶν</strong></span> <span class='ocrx_word' id='word_1_339' title='bbox 1262 2801 1391 2870; x_wconf 79' lang='grc' dir='ltr'>περὶ</span> <span class='ocrx_word' id='word_1_340' title='bbox 1416 2800 1551 2853; x_wconf 85' lang='grc' dir='ltr'>Θεοῦ</span> <span class='ocrx_word' id='word_1_341' title='bbox 1584 2801 1756 2870; x_wconf 88' lang='grc' dir='ltr'>λόγων</span> <span class='ocrx_word' id='word_1_342' title='bbox 1789 2804 1976 2858; x_wconf 84' lang='grc' dir='ltr'>ἀνεπι-</span> 
     </span>
    </p>
   </div>
   <div class='ocr_carea' id='block_1_51' title="bbox 417 2883 1983 2963">
    <p class='ocr_par' dir='ltr' id='par_1_51' title="bbox 417 2883 1983 2963">
     <span class='ocr_line' id='line_1_51' title="bbox 417 2883 1983 2963; baseline 0.008 -30"><span class='ocrx_word' id='word_1_343' title='bbox 417 2883 702 2951; x_wconf 81' lang='grc' dir='ltr'>στήμονες,</span> <span class='ocrx_word' id='word_1_344' title='bbox 737 2885 831 2937; x_wconf 74' lang='grc' dir='ltr'>καὶ</span> <span class='ocrx_word' id='word_1_345' title='bbox 851 2885 986 2938; x_wconf 86' lang='grc' dir='ltr'>Θεοῦ</span> <span class='ocrx_word' id='word_1_346' title='bbox 1022 2886 1175 2941; x_wconf 77' lang='grc' dir='ltr'>πόλιν</span> <span class='ocrx_word' id='word_1_347' title='bbox 1199 2889 1472 2960; x_wconf 79' lang='grc' dir='ltr'>οἰηθέντες</span> <span class='ocrx_word' id='word_1_348' title='bbox 1488 2885 1627 2944; x_wconf 72' lang='grc' dir='ltr'>εἶναι</span> <span class='ocrx_word' id='word_1_349' title='bbox 1649 2892 1749 2963; x_wconf 76' lang='grc' dir='ltr'>τὴν</span> <span class='ocrx_word' id='word_1_350' title='bbox 1785 2892 1983 2963; x_wconf 82' lang='grc' dir='ltr'>Ἰερου-</span> 
     </span>
    </p>
   </div>
   <div class='ocr_carea' id='block_1_52' title="bbox 417 2972 1977 3053">
    <p class='ocr_par' dir='ltr' id='par_1_52' title="bbox 417 2972 1977 3053">
     <span class='ocr_line' id='line_1_52' title="bbox 417 2972 1977 3053; baseline 0.007 -28"><span class='ocrx_word' id='word_1_351' title='bbox 417 2972 621 3043; x_wconf 79' lang='grc' dir='ltr'>σαλὴμ,</span> <span class='ocrx_word' id='word_1_352' title='bbox 650 2977 706 3027; x_wconf 79' lang='grc' dir='ltr'><strong>ἐν</strong></span> <span class='ocrx_word' id='word_1_353' title='bbox 738 2977 876 3048; x_wconf 84' lang='grc' dir='ltr'>αύτῇ</span> <span class='ocrx_word' id='word_1_354' title='bbox 910 2977 973 3049; x_wconf 80' lang='grc' dir='ltr'>δὴ</span> <span class='ocrx_word' id='word_1_355' title='bbox 998 2978 1093 3032; x_wconf 75' lang='grc' dir='ltr'><strong>καὶ</strong></span> <span class='ocrx_word' id='word_1_356' title='bbox 1121 2980 1256 3053; x_wconf 84' lang='grc' dir='ltr'>μόνῃ</span> <span class='ocrx_word' id='word_1_357' title='bbox 1287 2985 1563 3035; x_wconf 83' lang='grc' dir='ltr'>κατοικεῖν</span> <span class='ocrx_word' id='word_1_358' title='bbox 1591 2983 1754 3036; x_wconf 78' lang='grc' dir='ltr'>αὐτὸν</span> <span class='ocrx_word' id='word_1_359' title='bbox 1773 2983 1977 3051; x_wconf 76' lang='grc' dir='ltr'>ἔλεγον.</span> 
     </span>
    </p>
   </div>
   <div class='ocr_carea' id='block_1_53' title="bbox 414 3051 2056 3141">
    <p class='ocr_par' dir='ltr' id='par_1_53' title="bbox 414 3051 2056 3141">
     <span class='ocr_line' id='line_1_53' title="bbox 414 3051 2056 3141; baseline 0.007 -28"><span class='ocrx_word' id='word_1_360' title='bbox 414 3061 633 3133; x_wconf 84' lang='grc' dir='ltr'>Σμικρά</span> <span class='ocrx_word' id='word_1_361' title='bbox 660 3066 836 3117; x_wconf 82' lang='grc' dir='ltr'>τοίνυν</span> <span class='ocrx_word' id='word_1_362' title='bbox 860 3064 1185 3131; x_wconf 69' lang='grc' dir='ltr'>δοξάζοντας</span> <span class='ocrx_word' id='word_1_363' title='bbox 1213 3051 1422 3141; x_wconf 72' lang='grc' dir='ltr'>ἐλέγχει</span> <span class='ocrx_word' id='word_1_364' title='bbox 1455 3072 1482 3123; x_wconf 92' lang='lat'><strong>6</strong></span> <span class='ocrx_word' id='word_1_365' title='bbox 1514 3071 1667 3136; x_wconf 74' lang='grc' dir='ltr'>Θεὸς,</span> <span class='ocrx_word' id='word_1_366' title='bbox 1705 3073 1797 3125; x_wconf 87' lang='grc' dir='ltr'><strong>καί</strong></span> <span class='ocrx_word' id='word_1_367' title='bbox 1830 3089 1983 3141; x_wconf 82' lang='grc' dir='ltr'>φησι·</span> <span class='ocrx_word' id='word_1_368' title='bbox 2013 3051 2056 3107; x_wconf 74' lang='lat' dir='ltr'>c</span> 
     </span>
    </p>
   </div>
   <div class='ocr_carea' id='block_1_54' title="bbox 415 3151 1985 3231">
    <p class='ocr_par' dir='ltr' id='par_1_54' title="bbox 415 3151 1985 3231">
     <span class='ocr_line' id='line_1_54' title="bbox 415 3151 1985 3231; baseline 0.005 -27"><span class='ocrx_word' id='word_1_369' title='bbox 415 3152 530 3204; x_wconf 78' lang='grc' dir='ltr'>Καὶ</span> <span class='ocrx_word' id='word_1_370' title='bbox 558 3155 708 3206; x_wconf 88' lang='grc' dir='ltr'>ποῖον</span> <span class='ocrx_word' id='word_1_371' title='bbox 765 3151 914 3208; x_wconf 81' lang='grc' dir='ltr'>οἶκον</span> <span class='ocrx_word' id='word_1_372' title='bbox 963 3157 1350 3228; x_wconf 77' lang='grc' dir='ltr'>οἰκοδομήσετέ</span> <span class='ocrx_word' id='word_1_373' title='bbox 1409 3177 1527 3228; x_wconf 87' lang='grc' dir='ltr'>μοι,</span> <span class='ocrx_word' id='word_1_374' title='bbox 1588 3161 1778 3230; x_wconf 89' lang='grc' dir='ltr'>θρόνον</span> <span class='ocrx_word' id='word_1_375' title='bbox 1809 3161 1985 3231; x_wconf 76' lang='grc' dir='ltr'>ἔχοντι</span> 
     </span>
    </p>
   </div>
   <div class='ocr_carea' id='block_1_55' title="bbox 413 3244 1987 3320">
    <p class='ocr_par' dir='ltr' id='par_1_55' title="bbox 413 3244 1987 3320">
     <span class='ocr_line' id='line_1_55' title="bbox 413 3244 1987 3320; baseline 0.006 -25"><span class='ocrx_word' id='word_1_376' title='bbox 413 3246 505 3295; x_wconf 70' lang='grc' dir='ltr'><strong>τὸν</strong></span> <span class='ocrx_word' id='word_1_377' title='bbox 532 3244 783 3312; x_wconf 75' lang='grc' dir='ltr'>οὐρανὸν,</span> <span class='ocrx_word' id='word_1_378' title='bbox 835 3245 1124 3299; x_wconf 85' lang='grc' dir='ltr'>ὑποπόδιον</span> <span class='ocrx_word' id='word_1_379' title='bbox 1160 3247 1217 3299; x_wconf 86' lang='grc' dir='ltr'>δὲ</span> <span class='ocrx_word' id='word_1_380' title='bbox 1252 3248 1351 3317; x_wconf 81' lang='grc' dir='ltr'><strong>τὴν</strong></span> <span class='ocrx_word' id='word_1_381' title='bbox 1381 3249 1516 3316; x_wconf 75' lang='grc' dir='ltr'>γῆνς</span> <span class='ocrx_word' id='word_1_382' title='bbox 1556 3250 1703 3303; x_wconf 84' lang='grc' dir='ltr'>Ἔδει</span> <span class='ocrx_word' id='word_1_383' title='bbox 1736 3251 1846 3320; x_wconf 77' lang='grc' dir='ltr'><strong>γὰρ</strong></span> <span class='ocrx_word' id='word_1_384' title='bbox 1874 3253 1987 3313; x_wconf 83' lang='grc' dir='ltr'>τοῖς</span> 
     </span>
    </p>
   </div>
   <div class='ocr_carea' id='block_1_56' title="bbox 416 3331 1989 3408">
    <p class='ocr_par' dir='ltr' id='par_1_56' title="bbox 416 3331 1989 3408">
     <span class='ocr_line' id='line_1_56' title="bbox 416 3331 1989 3408; baseline 0.006 -25"><span class='ocrx_word' id='word_1_385' title='bbox 416 3331 775 3387; x_wconf 79' lang='grc' dir='ltr'>συνεστάλθαι</span> <span class='ocrx_word' id='word_1_386' title='bbox 806 3335 898 3387; x_wconf 77' lang='grc' dir='ltr'>καὶ</span> <span class='ocrx_word' id='word_1_387' title='bbox 938 3336 1301 3406; x_wconf 86' lang='grc' dir='ltr'>περιωρίσθαι</span> <span class='ocrx_word' id='word_1_388' title='bbox 1330 3339 1537 3404; x_wconf 86' lang='grc' dir='ltr'>τόποις,</span> <span class='ocrx_word' id='word_1_389' title='bbox 1571 3339 1668 3407; x_wconf 80' lang='grc' dir='ltr'>τὴν</span> <span class='ocrx_word' id='word_1_390' title='bbox 1692 3340 1857 3394; x_wconf 79' lang='grc' dir='ltr'>αὐτοῦ</span> <span class='ocrx_word' id='word_1_391' title='bbox 1890 3340 1989 3408; x_wconf 78' lang='grc' dir='ltr'><strong>φύ-</strong></span> 
     </span>
    </p>
   </div>
   <div class='ocr_carea' id='block_1_57' title="bbox 412 3424 1985 3496">
    <p class='ocr_par' dir='ltr' id='par_1_57' title="bbox 412 3424 1985 3496">
     <span class='ocr_line' id='line_1_57' title="bbox 412 3424 1985 3496; baseline 0.006 -22"><span class='ocrx_word' id='word_1_392' title='bbox 412 3441 497 3475; x_wconf 90' lang='grc' dir='ltr'><strong>σιν</strong></span> <span class='ocrx_word' id='word_1_393' title='bbox 525 3424 880 3493; x_wconf 80' lang='grc' dir='ltr'>ὑπειληφόσιν</span> <span class='ocrx_word' id='word_1_394' title='bbox 911 3426 1223 3492; x_wconf 79' lang='grc' dir='ltr'>καταδεῖξαι</span> <span class='ocrx_word' id='word_1_395' title='bbox 1252 3427 1460 3496; x_wconf 83' lang='grc' dir='ltr'>σαφῶς,</span> <span class='ocrx_word' id='word_1_396' title='bbox 1487 3430 1571 3483; x_wconf 84' lang='grc' dir='ltr'>ὅτι</span> <span class='ocrx_word' id='word_1_397' title='bbox 1602 3432 1749 3494; x_wconf 56' lang='grc' dir='ltr'>εξςΜ</span> <span class='ocrx_word' id='word_1_398' title='bbox 1777 3448 1985 3484; x_wconf 84' lang='grc' dir='ltr'>παντα-</span> 
     </span>
    </p>
   </div>
   <div class='ocr_carea' id='block_1_58' title="bbox 417 3513 1986 3592">
    <p class='ocr_par' dir='ltr' id='par_1_58' title="bbox 417 3513 1986 3592">
     <span class='ocr_line' id='line_1_58' title="bbox 417 3513 1986 3592; baseline 0.005 -25"><span class='ocrx_word' id='word_1_399' title='bbox 417 3513 512 3582; x_wconf 86' lang='grc' dir='ltr'>χοῦ</span> <span class='ocrx_word' id='word_1_400' title='bbox 544 3514 636 3566; x_wconf 73' lang='grc' dir='ltr'><strong>καὶ</strong></span> <span class='ocrx_word' id='word_1_401' title='bbox 673 3517 870 3584; x_wconf 84' lang='grc' dir='ltr'>χωρεῖν</span> <span class='ocrx_word' id='word_1_402' title='bbox 883 3516 930 3547; x_wconf 82' lang='grc'><strong>⁸⁸</strong></span> <span class='ocrx_word' id='word_1_403' title='bbox 959 3517 1056 3587; x_wconf 80' lang='grc' dir='ltr'><strong>μὲν</strong></span> <span class='ocrx_word' id='word_1_404' title='bbox 1105 3517 1268 3570; x_wconf 81' lang='grc' dir='ltr'>αὐτὸν</span> <span class='ocrx_word' id='word_1_405' title='bbox 1330 3518 1506 3584; x_wconf 79' lang='grc' dir='ltr'>οὐδὲν,</span> <span class='ocrx_word' id='word_1_406' title='bbox 1538 3521 1664 3591; x_wconf 77' lang='grc' dir='ltr'>ἣκει</span> <span class='ocrx_word' id='word_1_407' title='bbox 1695 3522 1752 3574; x_wconf 71' lang='grc' dir='ltr'>δὲ</span> <span class='ocrx_word' id='word_1_408' title='bbox 1783 3522 1986 3592; x_wconf 79' lang='grc' dir='ltr'>μᾶλλον</span> 
     </span>
    </p>
   </div>
   <div class='ocr_carea' id='block_1_59' title="bbox 415 3605 1984 3683">
    <p class='ocr_par' dir='ltr' id='par_1_59' title="bbox 415 3605 1984 3683">
     <span class='ocr_line' id='line_1_59' title="bbox 415 3605 1984 3683; baseline 0.005 -26"><span class='ocrx_word' id='word_1_409' title='bbox 415 3605 505 3658; x_wconf 84' lang='grc' dir='ltr'><strong>διά</strong></span> <span class='ocrx_word' id='word_1_410' title='bbox 531 3605 747 3660; x_wconf 82' lang='grc' dir='ltr'>πάντων</span> <span class='ocrx_word' id='word_1_411' title='bbox 778 3608 957 3672; x_wconf 82' lang='grc' dir='ltr'>αὐτὸς,</span> <span class='ocrx_word' id='word_1_412' title='bbox 986 3609 1077 3662; x_wconf 72' lang='grc' dir='ltr'><strong>καὶ</strong></span> <span class='ocrx_word' id='word_1_413' title='bbox 1103 3609 1320 3681; x_wconf 82' lang='grc' dir='ltr'>πλήρης</span> <span class='ocrx_word' id='word_1_414' title='bbox 1355 3611 1453 3679; x_wconf 85' lang='grc' dir='ltr'><strong>μὲν</strong></span> <span class='ocrx_word' id='word_1_415' title='bbox 1485 3611 1512 3663; x_wconf 93' lang='lat'><strong>6</strong></span> <span class='ocrx_word' id='word_1_416' title='bbox 1539 3612 1768 3683; x_wconf 73' lang='grc' dir='ltr'>οὐρανὸς</span> <span class='ocrx_word' id='word_1_417' title='bbox 1796 3612 1984 3678; x_wconf 83' lang='grc' dir='ltr'>αὑτοῦ,</span> 
     </span>
    </p>
   </div>
   <div class='ocr_carea' id='block_1_60' title="bbox 419 3698 1989 3776">
    <p class='ocr_par' dir='ltr' id='par_1_60' title="bbox 419 3698 1989 3776">
     <span class='ocr_line' id='line_1_60' title="bbox 419 3698 1989 3776; baseline 0.006 -27"><span class='ocrx_word' id='word_1_418' title='bbox 419 3698 588 3769; x_wconf 83' lang='grc' dir='ltr'>μεστὴ</span> <span class='ocrx_word' id='word_1_419' title='bbox 613 3699 668 3751; x_wconf 84' lang='grc' dir='ltr'>δὲ</span> <span class='ocrx_word' id='word_1_420' title='bbox 699 3699 845 3770; x_wconf 84' lang='grc' dir='ltr'><strong>ήγῆ.</strong></span> <span class='ocrx_word' id='word_1_421' title='bbox 889 3719 907 3751; x_wconf 77' lang='grc' dir='ltr'><strong>ι</strong></span> <span class='ocrx_word' id='word_1_422' title='bbox 944 3701 1131 3770; x_wconf 71' lang='grc' dir='ltr'>Ὑμεῖς</span> <span class='ocrx_word' id='word_1_423' title='bbox 1184 3702 1290 3757; x_wconf 83' lang='grc' dir='ltr'>ἀεί.</span> <span class='ocrx_word' id='word_1_424' title='bbox 1318 3722 1334 3755; x_wconf 79' lang='grc' dir='ltr'><strong>ι</strong></span> <span class='ocrx_word' id='word_1_425' title='bbox 1368 3705 1485 3756; x_wconf 71' lang='grc' dir='ltr'>,Οὐκ</span> <span class='ocrx_word' id='word_1_426' title='bbox 1537 3704 1690 3770; x_wconf 79' lang='grc' dir='ltr'>εἶπε,</span> <span class='ocrx_word' id='word_1_427' title='bbox 1724 3706 1814 3776; x_wconf 85' lang='grc' dir='ltr'>Τῷ</span> <span class='ocrx_word' id='word_1_428' title='bbox 1869 3705 1989 3773; x_wconf 82' lang='grc' dir='ltr'>Θεῷ</span> 
     </span>
    </p>
   </div>
   <div class='ocr_carea' id='block_1_61' title="bbox 417 3791 1987 3868">
    <p class='ocr_par' dir='ltr' id='par_1_61' title="bbox 417 3791 1987 3868">
     <span class='ocr_line' id='line_1_61' title="bbox 417 3791 1987 3868; baseline 0.004 -25"><span class='ocrx_word' id='word_1_429' title='bbox 417 3792 790 3855; x_wconf 74' lang='grc' dir='ltr'>ἀντιπίπτετε,</span> <span class='ocrx_word' id='word_1_430' title='bbox 856 3791 1013 3858; x_wconf 79' lang='grc' dir='ltr'>ἀλλὰ,</span> <span class='ocrx_word' id='word_1_431' title='bbox 1055 3812 1072 3845; x_wconf 80' lang='grc' dir='ltr'><strong>ι</strong></span> <span class='ocrx_word' id='word_1_432' title='bbox 1095 3792 1186 3864; x_wconf 80' lang='grc' dir='ltr'><strong>Τῷ</strong></span> <span class='ocrx_word' id='word_1_433' title='bbox 1220 3792 1498 3864; x_wconf 85' lang='grc' dir='ltr'>Πνεύματι</span> <span class='ocrx_word' id='word_1_434' title='bbox 1531 3795 1610 3866; x_wconf 83' lang='grc' dir='ltr'>τῷ</span> <span class='ocrx_word' id='word_1_435' title='bbox 1652 3797 1792 3868; x_wconf 82' lang='grc' dir='ltr'>ἁγίῳ</span> <span class='ocrx_word' id='word_1_436' title='bbox 1815 3813 1827 3827; x_wconf 88' lang='grc'><strong>·</strong></span> <span class='ocrx_word' id='word_1_437' title='bbox 1857 3818 1874 3849; x_wconf 73' lang='grc' dir='ltr'><strong>ι</strong></span> <span class='ocrx_word' id='word_1_438' title='bbox 1898 3791 1987 3850; x_wconf 74' lang='grc' dir='ltr'>οὗ-</span> 
     </span>
    </p>
   </div>
   <div class='ocr_carea' id='block_1_62' title="bbox 415 3878 1989 3959">
    <p class='ocr_par' dir='ltr' id='par_1_62' title="bbox 415 3878 1989 3959">
     <span class='ocr_line' id='line_1_62' title="bbox 415 3878 1989 3959; baseline 0.006 -27"><span class='ocrx_word' id='word_1_439' title='bbox 415 3897 505 3944; x_wconf 87' lang='grc' dir='ltr'><strong>τος</strong></span> <span class='ocrx_word' id='word_1_440' title='bbox 519 3882 565 3914; x_wconf 79' lang='lat'>&quot;</span> <span class='ocrx_word' id='word_1_441' title='bbox 597 3881 855 3951; x_wconf 76' lang='grc' dir='ltr'>οὐδεμίαν</span> <span class='ocrx_word' id='word_1_442' title='bbox 910 3878 1020 3935; x_wconf 78' lang='grc' dir='ltr'>εἶδε</span> <span class='ocrx_word' id='word_1_443' title='bbox 1087 3881 1382 3953; x_wconf 57' lang='grc' dir='ltr'>διαφοράν</span> <span class='ocrx_word' id='word_1_444' title='bbox 1422 3885 1549 3939; x_wconf 76' lang='grc' dir='ltr'>ἐπεὶ</span> <span class='ocrx_word' id='word_1_445' title='bbox 1586 3888 1683 3940; x_wconf 72' lang='grc' dir='ltr'><strong>καὶ</strong></span> <span class='ocrx_word' id='word_1_446' title='bbox 1715 3887 1936 3959; x_wconf 78' lang='grc' dir='ltr'>Πνεῦμα</span> <span class='ocrx_word' id='word_1_447' title='bbox 1962 3891 1989 3941; x_wconf 91' lang='lat'><strong>6</strong></span> 
     </span>
    </p>
   </div>
   <div class='ocr_carea' id='block_1_63' title="bbox 414 3971 1989 4047">
    <p class='ocr_par' dir='ltr' id='par_1_63' title="bbox 414 3971 1989 4047">
     <span class='ocr_line' id='line_1_63' title="bbox 414 3971 1989 4047; baseline 0.003 -23"><span class='ocrx_word' id='word_1_448' title='bbox 414 3971 571 4039; x_wconf 79' lang='grc' dir='ltr'>Θεὸς,</span> <span class='ocrx_word' id='word_1_449' title='bbox 597 3972 697 4026; x_wconf 82' lang='grc' dir='ltr'><strong>κᾶν</strong></span> <span class='ocrx_word' id='word_1_450' title='bbox 725 3973 800 4045; x_wconf 85' lang='grc' dir='ltr'>μὴ</span> <span class='ocrx_word' id='word_1_451' title='bbox 848 3974 979 4044; x_wconf 83' lang='grc' dir='ltr'>δοκῇ</span> <span class='ocrx_word' id='word_1_452' title='bbox 1011 3977 1123 4037; x_wconf 89' lang='grc' dir='ltr'>τοῖς</span> <span class='ocrx_word' id='word_1_453' title='bbox 1152 3975 1353 4037; x_wconf 81' lang='grc' dir='ltr'>ἀθέοις.</span> <span class='ocrx_word' id='word_1_454' title='bbox 1386 3993 1404 4026; x_wconf 86' lang='grc' dir='ltr'><strong>ι</strong></span> <span class='ocrx_word' id='word_1_455' title='bbox 1448 3976 1638 4047; x_wconf 81' lang='grc' dir='ltr'>Ὑμεῖς</span> <span class='ocrx_word' id='word_1_456' title='bbox 1668 3976 1849 4031; x_wconf 82' lang='grc' dir='ltr'>τοίνυν</span> <span class='ocrx_word' id='word_1_457' title='bbox 1880 3979 1989 4045; x_wconf 75' lang='grc' dir='ltr'>ἀεὶ,</span> 
     </span>
    </p>
   </div>
   <div class='ocr_carea' id='block_1_64' title="bbox 418 4065 1990 4141">
    <p class='ocr_par' dir='ltr' id='par_1_64' title="bbox 418 4065 1990 4141">
     <span class='ocr_line' id='line_1_64' title="bbox 418 4065 1990 4141; baseline 0.003 -24"><span class='ocrx_word' id='word_1_458' title='bbox 418 4065 601 4134; x_wconf 83' lang='grc' dir='ltr'>φησὶν,</span> <span class='ocrx_word' id='word_1_459' title='bbox 650 4065 1005 4118; x_wconf 80' lang='grc' dir='ltr'>ἀντιπίπτετε</span> <span class='ocrx_word' id='word_1_460' title='bbox 1050 4066 1128 4136; x_wconf 82' lang='grc' dir='ltr'><strong>τῷ</strong></span> <span class='ocrx_word' id='word_1_461' title='bbox 1180 4066 1363 4132; x_wconf 75' lang='grc' dir='ltr'>Θεῷ.»</span> <span class='ocrx_word' id='word_1_462' title='bbox 1396 4068 1527 4121; x_wconf 85' lang='grc' dir='ltr'>Ὅτε</span> <span class='ocrx_word' id='word_1_463' title='bbox 1570 4069 1679 4141; x_wconf 80' lang='grc' dir='ltr'>γὰρ</span> <span class='ocrx_word' id='word_1_464' title='bbox 1731 4069 1990 4138; x_wconf 79' lang='grc' dir='ltr'>ἠϐούλετο</span> 
     </span>
    </p>
   </div>
   <div class='ocr_carea' id='block_1_65' title="bbox 417 4152 1987 4229">
    <p class='ocr_par' dir='ltr' id='par_1_65' title="bbox 417 4152 1987 4229">
     <span class='ocr_line' id='line_1_65' title="bbox 417 4152 1987 4229; baseline 0.004 -22"><span class='ocrx_word' id='word_1_465' title='bbox 417 4155 611 4219; x_wconf 89' lang='grc' dir='ltr'>θυσίας</span> <span class='ocrx_word' id='word_1_466' title='bbox 658 4152 822 4221; x_wconf 80' lang='grc' dir='ltr'>εἶναι,</span> <span class='ocrx_word' id='word_1_467' title='bbox 857 4158 958 4210; x_wconf 88' lang='grc' dir='ltr'><strong>ούκ</strong></span> <span class='ocrx_word' id='word_1_468' title='bbox 1002 4157 1193 4211; x_wconf 82' lang='grc' dir='ltr'>ἐθύετε</span> <span class='ocrx_word' id='word_1_469' title='bbox 1216 4159 1363 4228; x_wconf 82' lang='grc' dir='ltr'>αύτῷ</span> <span class='ocrx_word' id='word_1_470' title='bbox 1387 4176 1401 4189; x_wconf 77' lang='grc' dir='ltr'><strong>ο</strong></span> <span class='ocrx_word' id='word_1_471' title='bbox 1426 4161 1515 4212; x_wconf 79' lang='grc' dir='ltr'><strong>ὅτε</strong></span> <span class='ocrx_word' id='word_1_472' title='bbox 1542 4159 1599 4212; x_wconf 77' lang='grc' dir='ltr'>δὲ</span> <span class='ocrx_word' id='word_1_473' title='bbox 1629 4160 1687 4212; x_wconf 84' lang='grc' dir='ltr'><strong>ού</strong></span> <span class='ocrx_word' id='word_1_474' title='bbox 1716 4159 1987 4229; x_wconf 82' lang='grc' dir='ltr'>βούλεται,</span> 
     </span>
    </p>
   </div>
   <div class='ocr_carea' id='block_1_66' title="bbox 418 4249 1987 4322">
    <p class='ocr_par' dir='ltr' id='par_1_66' title="bbox 418 4249 1987 4322">
     <span class='ocr_line' id='line_1_66' title="bbox 418 4249 1987 4322; baseline 0.004 -22"><span class='ocrx_word' id='word_1_475' title='bbox 418 4249 583 4303; x_wconf 88' lang='grc' dir='ltr'>πάλιν</span> <span class='ocrx_word' id='word_1_476' title='bbox 612 4249 789 4305; x_wconf 88' lang='grc' dir='ltr'>θύετε.</span> <span class='ocrx_word' id='word_1_477' title='bbox 821 4249 1024 4303; x_wconf 85' lang='grc' dir='ltr'>Ὅτεδέ</span> <span class='ocrx_word' id='word_1_478' title='bbox 1056 4250 1282 4321; x_wconf 77' lang='grc' dir='ltr'>ἑστήκει</span> <span class='ocrx_word' id='word_1_479' title='bbox 1310 4254 1338 4304; x_wconf 85' lang='lat'><strong>6</strong></span> <span class='ocrx_word' id='word_1_480' title='bbox 1368 4251 1519 4315; x_wconf 82' lang='grc' dir='ltr'>ναὸς,</span> <span class='ocrx_word' id='word_1_481' title='bbox 1551 4251 1746 4306; x_wconf 77' lang='grc' dir='ltr'>εἴδωλα</span> <span class='ocrx_word' id='word_1_482' title='bbox 1794 4251 1987 4322; x_wconf 79' lang='grc' dir='ltr'>ἐθερα-</span> 
     </span>
    </p>
   </div>
   <div class='ocr_carea' id='block_1_67' title="bbox 2085 1795 3367 1863">
    <p class='ocr_par' dir='ltr' id='par_1_67' title="bbox 2085 1795 3367 1863">
     <span class='ocr_line' id='line_1_67' title="bbox 2085 1795 3367 1863; baseline -0.009 -4"><span class='ocrx_word' id='word_1_483' title='bbox 2085 1819 2209 1859; x_wconf 91' lang='lat' dir='ltr'><strong>cum</strong></span> <span class='ocrx_word' id='word_1_484' title='bbox 2246 1802 2350 1857; x_wconf 86' lang='lat' dir='ltr'><strong>hoc</strong></span> <span class='ocrx_word' id='word_1_485' title='bbox 2385 1801 2637 1863; x_wconf 79' lang='lat' dir='ltr'><strong>dixisset,</strong></span> <span class='ocrx_word' id='word_1_486' title='bbox 2673 1796 3004 1854; x_wconf 85' lang='lat' dir='ltr'><strong>obdormivit</strong></span> <span class='ocrx_word' id='word_1_487' title='bbox 3029 1796 3082 1850; x_wconf 93' lang='lat' dir='ltr'><strong>in</strong></span> <span class='ocrx_word' id='word_1_488' title='bbox 3117 1795 3367 1850; x_wconf 86' lang='lat' dir='ltr'><strong>Domino.</strong></span> 
     </span>
    </p>
   </div>
   <div class='ocr_carea' id='block_1_68' title="bbox 2599 1970 3167 2030">
    <p class='ocr_par' dir='ltr' id='par_1_68' title="bbox 2599 1970 3167 2030">
     <span class='ocr_line' id='line_1_68' title="bbox 2599 1970 3167 2030; baseline -0.005 0"><span class='ocrx_word' id='word_1_489' title='bbox 2599 1970 3167 2030; x_wconf 73' lang='lat' dir='ltr'><strong>COMMENTARIUS.</strong></span> 
     </span>
    </p>
   </div>
   <div class='ocr_carea' id='block_1_69' title="bbox 2155 2060 3659 2138">
    <p class='ocr_par' dir='ltr' id='par_1_69' title="bbox 2155 2060 3659 2138">
     <span class='ocr_line' id='line_1_69' title="bbox 2155 2060 3659 2138; baseline -0.009 -13"><span class='ocrx_word' id='word_1_490' title='bbox 2155 2067 2704 2138; x_wconf 72' lang='lat' dir='ltr'><strong>Quadringentesimo</strong></span> <span class='ocrx_word' id='word_1_491' title='bbox 2735 2064 3160 2135; x_wconf 74' lang='lat' dir='ltr'><strong>quadragesimo</strong></span> <span class='ocrx_word' id='word_1_492' title='bbox 3200 2076 3346 2117; x_wconf 88' lang='lat' dir='ltr'><strong>anno</strong></span> <span class='ocrx_word' id='word_1_493' title='bbox 3401 2060 3469 2114; x_wconf 87' lang='lat' dir='ltr'><strong>ab</strong></span> <span class='ocrx_word' id='word_1_494' title='bbox 3511 2060 3659 2114; x_wconf 77' lang='lat' dir='ltr'><strong>exitu</strong></span> 
     </span>
    </p>
   </div>
   <div class='ocr_carea' id='block_1_70' title="bbox 2088 2148 3662 2224">
    <p class='ocr_par' dir='ltr' id='par_1_70' title="bbox 2088 2148 3662 2224">
     <span class='ocr_line' id='line_1_70' title="bbox 2088 2148 3662 2224; baseline -0.006 -13"><span class='ocrx_word' id='word_1_495' title='bbox 2088 2158 2323 2213; x_wconf 88' lang='lat' dir='ltr'><strong>liliorttm</strong></span> <span class='ocrx_word' id='word_1_496' title='bbox 2354 2156 2522 2212; x_wconf 84' lang='lat' dir='ltr'><strong>Israel</strong></span> <span class='ocrx_word' id='word_1_497' title='bbox 2543 2170 2608 2210; x_wconf 81' lang='lat' dir='ltr'><strong>ex</strong></span> <span class='ocrx_word' id='word_1_498' title='bbox 2635 2152 2891 2224; x_wconf 62' lang='lat' dir='ltr'><strong>lEgypto,</strong></span> <span class='ocrx_word' id='word_1_499' title='bbox 2915 2153 3079 2223; x_wconf 73' lang='lat' dir='ltr'><strong>cmpit</strong></span> <span class='ocrx_word' id='word_1_500' title='bbox 3103 2151 3363 2207; x_wconf 80' lang='lat' dir='ltr'><strong>Salomon</strong></span> <span class='ocrx_word' id='word_1_501' title='bbox 3391 2148 3662 2205; x_wconf 80' lang='lat' dir='ltr'><strong>aediﬁcare</strong></span> 
     </span>
    </p>
   </div>
   <div class='ocr_carea' id='block_1_71' title="bbox 2086 2241 3663 2318">
    <p class='ocr_par' dir='ltr' id='par_1_71' title="bbox 2086 2241 3663 2318">
     <span class='ocr_line' id='line_1_71' title="bbox 2086 2241 3663 2318; baseline -0.008 -15"><span class='ocrx_word' id='word_1_502' title='bbox 2086 2248 2348 2318; x_wconf 89' lang='lat' dir='ltr'><strong>templum</strong></span> <span class='ocrx_word' id='word_1_503' title='bbox 2382 2248 2436 2301; x_wconf 91' lang='lat' dir='ltr'><strong>in</strong></span> <span class='ocrx_word' id='word_1_504' title='bbox 2467 2245 2768 2301; x_wconf 80' lang='lat' dir='ltr'><strong>Jerusalem</strong></span> <span class='ocrx_word' id='word_1_505' title='bbox 2790 2284 2806 2310; x_wconf 85' lang='lat'><strong>,</strong></span> <span class='ocrx_word' id='word_1_506' title='bbox 2840 2252 2902 2297; x_wconf 88' lang='lat' dir='ltr'><strong>ut</strong></span> <span class='ocrx_word' id='word_1_507' title='bbox 2945 2243 2998 2296; x_wconf 91' lang='lat' dir='ltr'><strong>in</strong></span> <span class='ocrx_word' id='word_1_508' title='bbox 3040 2242 3199 2297; x_wconf 90' lang='lat' dir='ltr'><strong>tertio</strong></span> <span class='ocrx_word' id='word_1_509' title='bbox 3230 2241 3437 2312; x_wconf 81' lang='lat' dir='ltr'><strong>Regum</strong></span> <span class='ocrx_word' id='word_1_510' title='bbox 3472 2253 3663 2294; x_wconf 81' lang='lat' dir='ltr'><strong>narra-</strong></span> 
     </span>
    </p>
   </div>
   <div class='ocr_carea' id='block_1_72' title="bbox 2088 2331 3660 2406">
    <p class='ocr_par' dir='ltr' id='par_1_72' title="bbox 2088 2331 3660 2406">
     <span class='ocr_line' id='line_1_72' title="bbox 2088 2331 3660 2406; baseline -0.005 -14"><span class='ocrx_word' id='word_1_511' title='bbox 2088 2349 2195 2394; x_wconf 89' lang='lat' dir='ltr'><strong>tur.</strong></span> <span class='ocrx_word' id='word_1_512' title='bbox 2225 2339 2438 2393; x_wconf 89' lang='lat' dir='ltr'><strong>ldcirco</strong></span> <span class='ocrx_word' id='word_1_513' title='bbox 2473 2351 2601 2392; x_wconf 90' lang='lat' dir='ltr'><strong>vero</strong></span> <span class='ocrx_word' id='word_1_514' title='bbox 2633 2345 2755 2406; x_wconf 89' lang='lat' dir='ltr'><strong>post</strong></span> <span class='ocrx_word' id='word_1_515' title='bbox 2798 2342 3008 2389; x_wconf 89' lang='lat' dir='ltr'><strong>tantum</strong></span> <span class='ocrx_word' id='word_1_516' title='bbox 3046 2335 3113 2389; x_wconf 90' lang='lat' dir='ltr'><strong>ab</strong></span> <span class='ocrx_word' id='word_1_517' title='bbox 3157 2334 3305 2387; x_wconf 81' lang='lat' dir='ltr'><strong>exitu</strong></span> <span class='ocrx_word' id='word_1_518' title='bbox 3341 2331 3560 2387; x_wconf 85' lang='lat' dir='ltr'><strong>Israelis</strong></span> <span class='ocrx_word' id='word_1_519' title='bbox 3593 2344 3660 2384; x_wconf 83' lang='lat' dir='ltr'><strong>ex</strong></span> 
     </span>
    </p>
   </div>
   <div class='ocr_carea' id='block_1_73' title="bbox 2086 2425 3663 2502">
    <p class='ocr_par' dir='ltr' id='par_1_73' title="bbox 2086 2425 3663 2502">
     <span class='ocr_line' id='line_1_73' title="bbox 2086 2425 3663 2502; baseline -0.006 -17"><span class='ocrx_word' id='word_1_520' title='bbox 2086 2429 2319 2502; x_wconf 66' lang='lat' dir='ltr'><strong>Egypto</strong></span> <span class='ocrx_word' id='word_1_521' title='bbox 2348 2438 2560 2499; x_wconf 87' lang='lat' dir='ltr'><strong>tempus</strong></span> <span class='ocrx_word' id='word_1_522' title='bbox 2605 2428 2928 2481; x_wconf 79' lang='lat' dir='ltr'><strong>:edilicatum</strong></span> <span class='ocrx_word' id='word_1_523' title='bbox 2972 2433 3056 2481; x_wconf 86' lang='lat' dir='ltr'><strong>est</strong></span> <span class='ocrx_word' id='word_1_524' title='bbox 3090 2425 3374 2494; x_wconf 84' lang='lat' dir='ltr'><strong>templum,</strong></span> <span class='ocrx_word' id='word_1_525' title='bbox 3418 2431 3478 2477; x_wconf 91' lang='lat' dir='ltr'><strong>ttt</strong></span> <span class='ocrx_word' id='word_1_526' title='bbox 3513 2430 3663 2493; x_wconf 55' lang='lat' dir='ltr'><strong>post-</strong></span> 
     </span>
    </p>
   </div>
   <div class='ocr_carea' id='block_1_74' title="bbox 2088 2516 3663 2591">
    <p class='ocr_par' dir='ltr' id='par_1_74' title="bbox 2088 2516 3663 2591">
     <span class='ocr_line' id='line_1_74' title="bbox 2088 2516 3663 2591; baseline -0.004 -18"><span class='ocrx_word' id='word_1_527' title='bbox 2088 2537 2249 2591; x_wconf 88' lang='lat' dir='ltr'><strong>quam</strong></span> <span class='ocrx_word' id='word_1_528' title='bbox 2274 2518 2558 2590; x_wconf 83' lang='lat' dir='ltr'><strong>defatigati</strong></span> <span class='ocrx_word' id='word_1_529' title='bbox 2591 2527 2779 2574; x_wconf 87' lang='lat' dir='ltr'><strong>essent</strong></span> <span class='ocrx_word' id='word_1_530' title='bbox 2823 2516 3325 2588; x_wconf 85' lang='lat' dir='ltr'><strong>circnmvagatione</strong></span> <span class='ocrx_word' id='word_1_531' title='bbox 3373 2528 3469 2583; x_wconf 88' lang='lat' dir='ltr'><strong>per</strong></span> <span class='ocrx_word' id='word_1_532' title='bbox 3503 2528 3663 2567; x_wconf 81' lang='lat' dir='ltr'><strong>mon-</strong></span> 
     </span>
    </p>
   </div>
   <div class='ocr_carea' id='block_1_75' title="bbox 2091 2600 3656 2680">
    <p class='ocr_par' dir='ltr' id='par_1_75' title="bbox 2091 2600 3656 2680">
     <span class='ocr_line' id='line_1_75' title="bbox 2091 2600 3656 2680; baseline -0.003 -14"><span class='ocrx_word' id='word_1_533' title='bbox 2091 2622 2196 2677; x_wconf 86' lang='lat' dir='ltr'><strong>tes,</strong></span> <span class='ocrx_word' id='word_1_534' title='bbox 2237 2626 2347 2666; x_wconf 90' lang='lat' dir='ltr'><strong>uno</strong></span> <span class='ocrx_word' id='word_1_535' title='bbox 2394 2611 2607 2665; x_wconf 89' lang='lat' dir='ltr'><strong>tandem</strong></span> <span class='ocrx_word' id='word_1_536' title='bbox 2670 2611 2813 2674; x_wconf 86' lang='lat' dir='ltr'><strong>loco,</strong></span> <span class='ocrx_word' id='word_1_537' title='bbox 2864 2625 3025 2680; x_wconf 92' lang='lat' dir='ltr'><strong>quem</strong></span> <span class='ocrx_word' id='word_1_538' title='bbox 3082 2609 3135 2663; x_wconf 90' lang='lat' dir='ltr'><strong>in</strong></span> <span class='ocrx_word' id='word_1_539' title='bbox 3190 2600 3323 2664; x_wconf 88' lang='lat' dir='ltr'><strong>urbe</strong></span> <span class='ocrx_word' id='word_1_540' title='bbox 3356 2605 3656 2662; x_wconf 83' lang='lat' dir='ltr'><strong>Jerusalem</strong></span> 
     </span>
    </p>
   </div>
   <div class='ocr_carea' id='block_1_76' title="bbox 2090 2699 3661 2774">
    <p class='ocr_par' dir='ltr' id='par_1_76' title="bbox 2090 2699 3661 2774">
     <span class='ocr_line' id='line_1_76' title="bbox 2090 2699 3661 2774; baseline -0.003 -18"><span class='ocrx_word' id='word_1_541' title='bbox 2090 2702 2236 2759; x_wconf 88' lang='lat' dir='ltr'><strong>Deus</strong></span> <span class='ocrx_word' id='word_1_542' title='bbox 2267 2703 2419 2758; x_wconf 88' lang='lat' dir='ltr'><strong>omni</strong></span> <span class='ocrx_word' id='word_1_543' title='bbox 2471 2704 2678 2758; x_wconf 86' lang='lat' dir='ltr'><strong>honore</strong></span> <span class='ocrx_word' id='word_1_544' title='bbox 2720 2703 2943 2774; x_wconf 81' lang='lat' dir='ltr'><strong>dignum</strong></span> <span class='ocrx_word' id='word_1_545' title='bbox 2992 2700 3253 2768; x_wconf 73' lang='lat' dir='ltr'><strong>reddidit,</strong></span> <span class='ocrx_word' id='word_1_546' title='bbox 3300 2699 3539 2755; x_wconf 88' lang='lat' dir='ltr'><strong>contenti</strong></span> <span class='ocrx_word' id='word_1_547' title='bbox 3571 2713 3661 2754; x_wconf 87' lang='lat' dir='ltr'><strong>es-</strong></span> 
     </span>
    </p>
   </div>
   <div class='ocr_carea' id='block_1_77' title="bbox 2092 2787 3663 2862">
    <p class='ocr_par' dir='ltr' id='par_1_77' title="bbox 2092 2787 3663 2862">
     <span class='ocr_line' id='line_1_77' title="bbox 2092 2787 3663 2862; baseline -0.006 -11"><span class='ocrx_word' id='word_1_548' title='bbox 2092 2804 2231 2851; x_wconf 89' lang='lat' dir='ltr'><strong>sent.</strong></span> <span class='ocrx_word' id='word_1_549' title='bbox 2267 2795 2332 2847; x_wconf 83' lang='lat' dir='ltr'><strong>At</strong></span> <span class='ocrx_word' id='word_1_550' title='bbox 2364 2794 2440 2848; x_wconf 91' lang='lat' dir='ltr'><strong>illi</strong></span> <span class='ocrx_word' id='word_1_551' title='bbox 2480 2794 2622 2848; x_wconf 86' lang='lat' dir='ltr'><strong>tardi</strong></span> <span class='ocrx_word' id='word_1_552' title='bbox 2656 2794 2723 2848; x_wconf 89' lang='lat' dir='ltr'><strong>ad</strong></span> <span class='ocrx_word' id='word_1_553' title='bbox 2749 2792 3178 2862; x_wconf 81' lang='lat' dir='ltr'><strong>intelligendum,</strong></span> <span class='ocrx_word' id='word_1_554' title='bbox 3214 2799 3267 2845; x_wconf 89' lang='lat' dir='ltr'><strong>et</strong></span> <span class='ocrx_word' id='word_1_555' title='bbox 3299 2789 3391 2844; x_wconf 86' lang='lat' dir='ltr'><strong>Dei</strong></span> <span class='ocrx_word' id='word_1_556' title='bbox 3423 2787 3663 2842; x_wconf 81' lang='lat' dir='ltr'><strong>rationes</strong></span> 
     </span>
    </p>
   </div>
   <div class='ocr_carea' id='block_1_78' title="bbox 2093 2876 3660 2955">
    <p class='ocr_par' dir='ltr' id='par_1_78' title="bbox 2093 2876 3660 2955">
     <span class='ocr_line' id='line_1_78' title="bbox 2093 2876 3660 2955; baseline -0.008 -17"><span class='ocrx_word' id='word_1_557' title='bbox 2093 2884 2233 2938; x_wconf 89' lang='lat' dir='ltr'><strong>haud</strong></span> <span class='ocrx_word' id='word_1_558' title='bbox 2271 2891 2648 2955; x_wconf 89' lang='lat' dir='ltr'><strong>assequentcs,</strong></span> <span class='ocrx_word' id='word_1_559' title='bbox 2705 2890 2958 2953; x_wconf 80' lang='lat' dir='ltr'><strong>putantes</strong></span> <span class='ocrx_word' id='word_1_560' title='bbox 3009 2881 3282 2951; x_wconf 86' lang='lat' dir='ltr'><strong>propriam</strong></span> <span class='ocrx_word' id='word_1_561' title='bbox 3338 2878 3430 2932; x_wconf 88' lang='lat' dir='ltr'><strong>Dei</strong></span> <span class='ocrx_word' id='word_1_562' title='bbox 3471 2876 3660 2932; x_wconf 85' lang='lat' dir='ltr'><strong>urbem</strong></span> 
     </span>
    </p>
   </div>
   <div class='ocr_carea' id='block_1_79' title="bbox 2091 2969 3665 3040">
    <p class='ocr_par' dir='ltr' id='par_1_79' title="bbox 2091 2969 3665 3040">
     <span class='ocr_line' id='line_1_79' title="bbox 2091 2969 3665 3040; baseline -0.003 -12"><span class='ocrx_word' id='word_1_563' title='bbox 2091 2990 2214 3029; x_wconf 84' lang='lat' dir='ltr'><strong>esse</strong></span> <span class='ocrx_word' id='word_1_564' title='bbox 2243 2973 2567 3040; x_wconf 73' lang='lat' dir='ltr'><strong>Jerusalem,</strong></span> <span class='ocrx_word' id='word_1_565' title='bbox 2595 2975 2648 3028; x_wconf 90' lang='lat' dir='ltr'><strong>in</strong></span> <span class='ocrx_word' id='word_1_566' title='bbox 2707 2991 2772 3029; x_wconf 90' lang='lat' dir='ltr'><strong>ea</strong></span> <span class='ocrx_word' id='word_1_567' title='bbox 2829 2976 2943 3031; x_wconf 89' lang='lat' dir='ltr'><strong>sola</strong></span> <span class='ocrx_word' id='word_1_568' title='bbox 2990 2989 3113 3029; x_wconf 89' lang='lat' dir='ltr'><strong>eum</strong></span> <span class='ocrx_word' id='word_1_569' title='bbox 3164 2972 3433 3035; x_wconf 81' lang='lat' dir='ltr'><strong>habitare,</strong></span> <span class='ocrx_word' id='word_1_570' title='bbox 3468 2969 3665 3025; x_wconf 79' lang='lat' dir='ltr'><strong>stolide</strong></span> 
     </span>
    </p>
   </div>
   <div class='ocr_carea' id='block_1_80' title="bbox 2090 3056 3665 3131">
    <p class='ocr_par' dir='ltr' id='par_1_80' title="bbox 2090 3056 3665 3131">
     <span class='ocr_line' id='line_1_80' title="bbox 2090 3056 3665 3131; baseline -0.003 -15"><span class='ocrx_word' id='word_1_571' title='bbox 2090 3062 2450 3116; x_wconf 79' lang='lat' dir='ltr'><strong>afﬁrmabant.</strong></span> <span class='ocrx_word' id='word_1_572' title='bbox 2481 3062 2637 3127; x_wconf 85' lang='lat' dir='ltr'><strong>Quod</strong></span> <span class='ocrx_word' id='word_1_573' title='bbox 2671 3064 2836 3131; x_wconf 82' lang='lat' dir='ltr'><strong>igitur</strong></span> <span class='ocrx_word' id='word_1_574' title='bbox 2865 3062 3001 3117; x_wconf 88' lang='lat' dir='ltr'><strong>adeo</strong></span> <span class='ocrx_word' id='word_1_575' title='bbox 3026 3075 3218 3131; x_wconf 85' lang='lat' dir='ltr'><strong>parum</strong></span> <span class='ocrx_word' id='word_1_576' title='bbox 3271 3057 3569 3114; x_wconf 85' lang='lat' dir='ltr'><strong>honorifice</strong></span> <span class='ocrx_word' id='word_1_577' title='bbox 3597 3056 3665 3111; x_wconf 85' lang='lat' dir='ltr'><strong>de</strong></span> 
     </span>
    </p>
   </div>
   <div class='ocr_carea' id='block_1_81' title="bbox 2090 3146 3661 3220">
    <p class='ocr_par' dir='ltr' id='par_1_81' title="bbox 2090 3146 3661 3220">
     <span class='ocr_line' id='line_1_81' title="bbox 2090 3146 3661 3220; baseline -0.005 -14"><span class='ocrx_word' id='word_1_578' title='bbox 2090 3154 2198 3206; x_wconf 90' lang='lat' dir='ltr'><strong>Deo</strong></span> <span class='ocrx_word' id='word_1_579' title='bbox 2228 3152 2517 3214; x_wconf 89' lang='lat' dir='ltr'><strong>sentirent,</strong></span> <span class='ocrx_word' id='word_1_580' title='bbox 2549 3151 2664 3220; x_wconf 87' lang='lat' dir='ltr'><strong>ipse</strong></span> <span class='ocrx_word' id='word_1_581' title='bbox 2691 3165 2786 3205; x_wconf 88' lang='lat' dir='ltr'><strong>eos</strong></span> <span class='ocrx_word' id='word_1_582' title='bbox 2817 3150 3189 3220; x_wconf 83' lang='lat' dir='ltr'><strong>reprehendit,</strong></span> <span class='ocrx_word' id='word_1_583' title='bbox 3232 3155 3287 3202; x_wconf 87' lang='lat' dir='ltr'><strong>et</strong></span> <span class='ocrx_word' id='word_1_584' title='bbox 3320 3148 3395 3200; x_wconf 87' lang='lat' dir='ltr'><strong>ait</strong></span> <span class='ocrx_word' id='word_1_585' title='bbox 3424 3164 3437 3199; x_wconf 74' lang='grc' dir='ltr'>ε</span> <span class='ocrx_word' id='word_1_586' title='bbox 3486 3146 3661 3210; x_wconf 87' lang='lat' dir='ltr'><strong>Quam</strong></span> 
     </span>
    </p>
   </div>
   <div class='ocr_carea' id='block_1_82' title="bbox 2089 3237 3666 3309">
    <p class='ocr_par' dir='ltr' id='par_1_82' title="bbox 2089 3237 3666 3309">
     <span class='ocr_line' id='line_1_82' title="bbox 2089 3237 3666 3309; baseline -0.006 -11"><span class='ocrx_word' id='word_1_587' title='bbox 2089 3245 2312 3299; x_wconf 86' lang='lat' dir='ltr'><strong>domum</strong></span> <span class='ocrx_word' id='word_1_588' title='bbox 2337 3242 2681 3299; x_wconf 70' lang='lat' dir='ltr'><strong>aadilicabitis</strong></span> <span class='ocrx_word' id='word_1_589' title='bbox 2710 3241 2867 3304; x_wconf 90' lang='lat' dir='ltr'><strong>mihi,</strong></span> <span class='ocrx_word' id='word_1_590' title='bbox 2899 3241 2990 3309; x_wconf 93' lang='lat' dir='ltr'><strong>qui</strong></span> <span class='ocrx_word' id='word_1_591' title='bbox 3025 3240 3285 3293; x_wconf 86' lang='lat' dir='ltr'><strong>thronum</strong></span> <span class='ocrx_word' id='word_1_592' title='bbox 3331 3237 3507 3291; x_wconf 78' lang='lat' dir='ltr'><strong>habeo</strong></span> <span class='ocrx_word' id='word_1_593' title='bbox 3551 3250 3666 3290; x_wconf 74' lang='lat' dir='ltr'><strong>ca:-</strong></span> 
     </span>
    </p>
   </div>
   <div class='ocr_carea' id='block_1_83' title="bbox 2092 3324 3664 3403">
    <p class='ocr_par' dir='ltr' id='par_1_83' title="bbox 2092 3324 3664 3403">
     <span class='ocr_line' id='line_1_83' title="bbox 2092 3324 3664 3403; baseline -0.007 -15"><span class='ocrx_word' id='word_1_594' title='bbox 2092 3335 2222 3403; x_wconf 93' lang='lat' dir='ltr'><strong>Ium,</strong></span> <span class='ocrx_word' id='word_1_595' title='bbox 2253 3343 2304 3389; x_wconf 88' lang='lat' dir='ltr'><strong>et</strong></span> <span class='ocrx_word' id='word_1_596' title='bbox 2335 3346 2537 3390; x_wconf 87' lang='lat' dir='ltr'><strong>terram</strong></span> <span class='ocrx_word' id='word_1_597' title='bbox 2589 3333 2889 3389; x_wconf 88' lang='lat' dir='ltr'><strong>scabellum</strong></span> <span class='ocrx_word' id='word_1_598' title='bbox 2929 3331 3124 3402; x_wconf 85' lang='lat' dir='ltr'><strong>pedum</strong></span> <span class='ocrx_word' id='word_1_599' title='bbox 3174 3328 3449 3384; x_wconf 82' lang='lat' dir='ltr'><strong>meorum?</strong></span> <span class='ocrx_word' id='word_1_600' title='bbox 3487 3324 3664 3395; x_wconf 83' lang='lat' dir='ltr'><strong>Opor-</strong></span> 
     </span>
    </p>
   </div>
   <div class='ocr_carea' id='block_1_84' title="bbox 2093 3408 3664 3497">
    <p class='ocr_par' dir='ltr' id='par_1_84' title="bbox 2093 3408 3664 3497">
     <span class='ocr_line' id='line_1_84' title="bbox 2093 3408 3664 3497; baseline -0.007 -17"><span class='ocrx_word' id='word_1_601' title='bbox 2093 3427 2402 3482; x_wconf 87' lang='lat' dir='ltr'><strong>tebatenim</strong></span> <span class='ocrx_word' id='word_1_602' title='bbox 2434 3427 2516 3483; x_wconf 88' lang='lat' dir='ltr'><strong>eis</strong></span> <span class='ocrx_word' id='word_1_603' title='bbox 2546 3408 2635 3497; x_wconf 82' lang='lat' dir='ltr'><strong>qui</strong></span> <span class='ocrx_word' id='word_1_604' title='bbox 2682 3432 2930 3480; x_wconf 85' lang='lat' dir='ltr'><strong>naturam</strong></span> <span class='ocrx_word' id='word_1_605' title='bbox 2971 3424 3090 3491; x_wconf 89' lang='lat' dir='ltr'><strong>ejus</strong></span> <span class='ocrx_word' id='word_1_606' title='bbox 3136 3423 3255 3477; x_wconf 92' lang='lat' dir='ltr'><strong>loco</strong></span> <span class='ocrx_word' id='word_1_607' title='bbox 3304 3419 3574 3476; x_wconf 83' lang='lat' dir='ltr'><strong>coarctari</strong></span> <span class='ocrx_word' id='word_1_608' title='bbox 3610 3429 3664 3470; x_wconf 89' lang='lat' dir='ltr'><strong>et</strong></span> 
     </span>
    </p>
   </div>
   <div class='ocr_carea' id='block_1_85' title="bbox 2090 3507 3666 3578">
    <p class='ocr_par' dir='ltr' id='par_1_85' title="bbox 2090 3507 3666 3578">
     <span class='ocr_line' id='line_1_85' title="bbox 2090 3507 3666 3578; baseline -0.008 -6"><span class='ocrx_word' id='word_1_609' title='bbox 2090 3517 2443 3572; x_wconf 84' lang='lat' dir='ltr'><strong>circumliniri</strong></span> <span class='ocrx_word' id='word_1_610' title='bbox 2488 3516 2897 3577; x_wconf 82' lang='lat' dir='ltr'><strong>existimabant,</strong></span> <span class='ocrx_word' id='word_1_611' title='bbox 2951 3510 3300 3568; x_wconf 83' lang='lat' dir='ltr'><strong>manifestum</strong></span> <span class='ocrx_word' id='word_1_612' title='bbox 3357 3524 3421 3563; x_wconf 90' lang='lat' dir='ltr'><strong>ac</strong></span> <span class='ocrx_word' id='word_1_613' title='bbox 3454 3507 3666 3578; x_wconf 86' lang='lat' dir='ltr'><strong>perspi-</strong></span> 
     </span>
    </p>
   </div>
   <div class='ocr_carea' id='block_1_86' title="bbox 2091 3599 3663 3674">
    <p class='ocr_par' dir='ltr' id='par_1_86' title="bbox 2091 3599 3663 3674">
     <span class='ocr_line' id='line_1_86' title="bbox 2091 3599 3663 3674; baseline -0.008 -10"><span class='ocrx_word' id='word_1_614' title='bbox 2091 3624 2250 3664; x_wconf 89' lang='lat' dir='ltr'><strong>cuum</strong></span> <span class='ocrx_word' id='word_1_615' title='bbox 2278 3607 2458 3662; x_wconf 88' lang='lat' dir='ltr'><strong>facere</strong></span> <span class='ocrx_word' id='word_1_616' title='bbox 2495 3605 2660 3660; x_wconf 87' lang='lat' dir='ltr'><strong>Deum</strong></span> <span class='ocrx_word' id='word_1_617' title='bbox 2686 3606 2888 3674; x_wconf 86' lang='lat' dir='ltr'><strong>ubique</strong></span> <span class='ocrx_word' id='word_1_618' title='bbox 2910 3619 3031 3659; x_wconf 90' lang='lat' dir='ltr'><strong>esse</strong></span> <span class='ocrx_word' id='word_1_619' title='bbox 3058 3611 3219 3673; x_wconf 85' lang='lat' dir='ltr'><strong>atque</strong></span> <span class='ocrx_word' id='word_1_620' title='bbox 3249 3601 3399 3656; x_wconf 90' lang='lat' dir='ltr'><strong>nullo</strong></span> <span class='ocrx_word' id='word_1_621' title='bbox 3431 3599 3663 3654; x_wconf 91' lang='lat' dir='ltr'><strong>termino</strong></span> 
     </span>
    </p>
   </div>
   <div class='ocr_carea' id='block_1_87' title="bbox 2092 3691 3663 3766">
    <p class='ocr_par' dir='ltr' id='par_1_87' title="bbox 2092 3691 3663 3766">
     <span class='ocr_line' id='line_1_87' title="bbox 2092 3691 3663 3766; baseline -0.007 -13"><span class='ocrx_word' id='word_1_622' title='bbox 2092 3698 2359 3754; x_wconf 86' lang='lat' dir='ltr'><strong>contineri</strong></span> <span class='ocrx_word' id='word_1_623' title='bbox 2382 3710 2577 3766; x_wconf 90' lang='lat' dir='ltr'><strong>posse;</strong></span> <span class='ocrx_word' id='word_1_624' title='bbox 2613 3695 2712 3749; x_wconf 89' lang='lat' dir='ltr'><strong>sed</strong></span> <span class='ocrx_word' id='word_1_625' title='bbox 2738 3694 2919 3747; x_wconf 87' lang='lat' dir='ltr'><strong>omnia</strong></span> <span class='ocrx_word' id='word_1_626' title='bbox 2950 3692 3273 3762; x_wconf 84' lang='lat' dir='ltr'><strong>pervadere,</strong></span> <span class='ocrx_word' id='word_1_627' title='bbox 3309 3700 3369 3745; x_wconf 90' lang='lat' dir='ltr'><strong>ut</strong></span> <span class='ocrx_word' id='word_1_628' title='bbox 3400 3691 3518 3760; x_wconf 89' lang='lat' dir='ltr'><strong>ipso</strong></span> <span class='ocrx_word' id='word_1_629' title='bbox 3550 3692 3663 3759; x_wconf 86' lang='lat' dir='ltr'><strong>ple-</strong></span> 
     </span>
    </p>
   </div>
   <div class='ocr_carea' id='block_1_88' title="bbox 2092 3776 3656 3850">
    <p class='ocr_par' dir='ltr' id='par_1_88' title="bbox 2092 3776 3656 3850">
     <span class='ocr_line' id='line_1_88' title="bbox 2092 3776 3656 3850; baseline -0.01 -7"><span class='ocrx_word' id='word_1_630' title='bbox 2092 3802 2221 3843; x_wconf 92' lang='lat' dir='ltr'><strong>num</strong></span> <span class='ocrx_word' id='word_1_631' title='bbox 2273 3786 2344 3840; x_wconf 90' lang='lat' dir='ltr'><strong>sit</strong></span> <span class='ocrx_word' id='word_1_632' title='bbox 2385 3784 2582 3839; x_wconf 64' lang='lat' dir='ltr'><strong>caelum</strong></span> <span class='ocrx_word' id='word_1_633' title='bbox 2628 3797 2693 3837; x_wconf 87' lang='lat' dir='ltr'><strong>ac</strong></span> <span class='ocrx_word' id='word_1_634' title='bbox 2740 3782 2899 3850; x_wconf 88' lang='lat' dir='ltr'><strong>plena</strong></span> <span class='ocrx_word' id='word_1_635' title='bbox 2953 3787 3119 3834; x_wconf 88' lang='lat' dir='ltr'><strong>terra.</strong></span> <span class='ocrx_word' id='word_1_636' title='bbox 3160 3797 3177 3829; x_wconf 82' lang='grc' dir='ltr'><strong>ι</strong></span> <span class='ocrx_word' id='word_1_637' title='bbox 3220 3776 3322 3832; x_wconf 85' lang='lat' dir='ltr'><strong>Vos</strong></span> <span class='ocrx_word' id='word_1_638' title='bbox 3355 3792 3589 3847; x_wconf 86' lang='lat' dir='ltr'><strong>semper.</strong></span> <span class='ocrx_word' id='word_1_639' title='bbox 3637 3795 3656 3827; x_wconf 74' lang='grc' dir='ltr'><strong>ι</strong></span> 
     </span>
    </p>
   </div>
   <div class='ocr_carea' id='block_1_89' title="bbox 2090 3866 3656 3940">
    <p class='ocr_par' dir='ltr' id='par_1_89' title="bbox 2090 3866 3656 3940">
     <span class='ocr_line' id='line_1_89' title="bbox 2090 3866 3656 3940; baseline -0.008 -10"><span class='ocrx_word' id='word_1_640' title='bbox 2090 3876 2207 3932; x_wconf 83' lang='grc' dir='ltr'>Νοιι</span> <span class='ocrx_word' id='word_1_641' title='bbox 2238 3875 2388 3938; x_wconf 90' lang='lat' dir='ltr'><strong>dicit,</strong></span> <span class='ocrx_word' id='word_1_642' title='bbox 2421 3873 2548 3939; x_wconf 89' lang='lat' dir='ltr'><strong>Deo,</strong></span> <span class='ocrx_word' id='word_1_643' title='bbox 2582 3872 2677 3927; x_wconf 89' lang='lat' dir='ltr'><strong>sed</strong></span> <span class='ocrx_word' id='word_1_644' title='bbox 2723 3891 2741 3924; x_wconf 78' lang='grc' dir='ltr'><strong>ι</strong></span> <span class='ocrx_word' id='word_1_645' title='bbox 2794 3869 3028 3940; x_wconf 87' lang='lat' dir='ltr'><strong>Spiritui</strong></span> <span class='ocrx_word' id='word_1_646' title='bbox 3065 3876 3257 3924; x_wconf 89' lang='lat' dir='ltr'><strong>sancto</strong></span> <span class='ocrx_word' id='word_1_647' title='bbox 3292 3866 3591 3931; x_wconf 85' lang='lat' dir='ltr'><strong>resistitis;</strong></span> <span class='ocrx_word' id='word_1_648' title='bbox 3636 3884 3656 3917; x_wconf 78' lang='grc' dir='ltr'><strong>ι</strong></span> 
     </span>
    </p>
   </div>
   <div class='ocr_carea' id='block_1_90' title="bbox 2091 3958 3661 4037">
    <p class='ocr_par' dir='ltr' id='par_1_90' title="bbox 2091 3958 3661 4037">
     <span class='ocr_line' id='line_1_90' title="bbox 2091 3958 3661 4037; baseline -0.008 -16"><span class='ocrx_word' id='word_1_649' title='bbox 2091 3967 2218 4037; x_wconf 88' lang='lat' dir='ltr'><strong>quia</strong></span> <span class='ocrx_word' id='word_1_650' title='bbox 2253 3965 2459 4021; x_wconf 88' lang='lat' dir='ltr'><strong>nullum</strong></span> <span class='ocrx_word' id='word_1_651' title='bbox 2498 3963 2649 4018; x_wconf 85' lang='lat' dir='ltr'><strong>novit</strong></span> <span class='ocrx_word' id='word_1_652' title='bbox 2671 3963 2812 4017; x_wconf 86' lang='lat' dir='ltr'><strong>inter</strong></span> <span class='ocrx_word' id='word_1_653' title='bbox 2841 3960 3008 4014; x_wconf 90' lang='lat' dir='ltr'><strong>Deum</strong></span> <span class='ocrx_word' id='word_1_654' title='bbox 3036 3970 3089 4013; x_wconf 90' lang='lat' dir='ltr'><strong>et</strong></span> <span class='ocrx_word' id='word_1_655' title='bbox 3114 3958 3378 4028; x_wconf 88' lang='lat' dir='ltr'><strong>Spiritum</strong></span> <span class='ocrx_word' id='word_1_656' title='bbox 3413 3965 3661 4013; x_wconf 87' lang='lat' dir='ltr'><strong>sanctum</strong></span> 
     </span>
    </p>
   </div>
   <div class='ocr_carea' id='block_1_91' title="bbox 2093 4048 3662 4123">
    <p class='ocr_par' dir='ltr' id='par_1_91' title="bbox 2093 4048 3662 4123">
     <span class='ocr_line' id='line_1_91' title="bbox 2093 4048 3662 4123; baseline -0.008 -8"><span class='ocrx_word' id='word_1_657' title='bbox 2093 4059 2430 4115; x_wconf 89' lang='lat' dir='ltr'><strong>discrimen:</strong></span> <span class='ocrx_word' id='word_1_658' title='bbox 2493 4071 2616 4109; x_wconf 89' lang='lat' dir='ltr'><strong>nam</strong></span> <span class='ocrx_word' id='word_1_659' title='bbox 2671 4064 2726 4110; x_wconf 92' lang='lat' dir='ltr'><strong>et</strong></span> <span class='ocrx_word' id='word_1_660' title='bbox 2778 4053 3017 4123; x_wconf 89' lang='lat' dir='ltr'><strong>Spiritus</strong></span> <span class='ocrx_word' id='word_1_661' title='bbox 3077 4061 3306 4108; x_wconf 88' lang='lat' dir='ltr'><strong>sanctus</strong></span> <span class='ocrx_word' id='word_1_662' title='bbox 3353 4060 3437 4105; x_wconf 87' lang='lat' dir='ltr'><strong>est</strong></span> <span class='ocrx_word' id='word_1_663' title='bbox 3499 4048 3662 4110; x_wconf 83' lang='lat' dir='ltr'><strong>Deus.</strong></span> 
     </span>
    </p>
   </div>
   <div class='ocr_carea' id='block_1_92' title="bbox 2092 4141 3661 4225">
    <p class='ocr_par' dir='ltr' id='par_1_92' title="bbox 2092 4141 3661 4225">
     <span class='ocr_line' id='line_1_92' title="bbox 2092 4141 3661 4225; baseline -0.01 -16"><span class='ocrx_word' id='word_1_664' title='bbox 2092 4167 2403 4225; x_wconf 89' lang='lat' dir='ltr'><strong>quanquam</strong></span> <span class='ocrx_word' id='word_1_665' title='bbox 2473 4149 2656 4220; x_wconf 89' lang='lat' dir='ltr'><strong>impiis</strong></span> <span class='ocrx_word' id='word_1_666' title='bbox 2723 4148 2881 4203; x_wconf 88' lang='lat' dir='ltr'><strong>aliter</strong></span> <span class='ocrx_word' id='word_1_667' title='bbox 2953 4147 3229 4202; x_wconf 84' lang='lat' dir='ltr'><strong>videatur.</strong></span> <span class='ocrx_word' id='word_1_668' title='bbox 3268 4162 3285 4195; x_wconf 75' lang='grc' dir='ltr'><strong>ι</strong></span> <span class='ocrx_word' id='word_1_669' title='bbox 3328 4142 3438 4197; x_wconf 85' lang='lat' dir='ltr'><strong>Vos</strong></span> <span class='ocrx_word' id='word_1_670' title='bbox 3495 4141 3661 4211; x_wconf 88' lang='lat' dir='ltr'><strong>igitur</strong></span> 
     </span>
    </p>
   </div>
   <div class='ocr_carea' id='block_1_93' title="bbox 2093 4234 3667 4316">
    <p class='ocr_par' dir='ltr' id='par_1_93' title="bbox 2093 4234 3667 4316">
     <span class='ocr_line' id='line_1_93' title="bbox 2093 4234 3667 4316; baseline -0.01 -12"><span class='ocrx_word' id='word_1_671' title='bbox 2093 4262 2306 4316; x_wconf 84' lang='lat' dir='ltr'><strong>semper</strong></span> <span class='ocrx_word' id='word_1_672' title='bbox 2345 4243 2545 4311; x_wconf 88' lang='lat' dir='ltr'><strong>inquit,</strong></span> <span class='ocrx_word' id='word_1_673' title='bbox 2594 4242 2853 4299; x_wconf 82' lang='lat' dir='ltr'><strong>resistitis</strong></span> <span class='ocrx_word' id='word_1_674' title='bbox 2882 4240 3011 4295; x_wconf 90' lang='lat' dir='ltr'><strong>Deo.</strong></span> <span class='ocrx_word' id='word_1_675' title='bbox 3050 4259 3068 4290; x_wconf 71' lang='grc' dir='ltr'><strong>ι</strong></span> <span class='ocrx_word' id='word_1_676' title='bbox 3111 4237 3243 4292; x_wconf 81' lang='lat' dir='ltr'><strong>Nam</strong></span> <span class='ocrx_word' id='word_1_677' title='bbox 3284 4234 3506 4306; x_wconf 86' lang='lat' dir='ltr'><strong>quando</strong></span> <span class='ocrx_word' id='word_1_678' title='bbox 3549 4235 3667 4305; x_wconf 90' lang='lat' dir='ltr'><strong>ipsc</strong></span> 
     </span>
    </p>
   </div>
   <div class='ocr_carea' id='block_1_94' title="bbox 421 4326 1981 4427">
    <p class='ocr_par' dir='ltr' id='par_1_94' title="bbox 421 4340 1981 4413">
     <span class='ocr_line' id='line_1_94' title="bbox 421 4340 1981 4413; baseline 0 -17"><span class='ocrx_word' id='word_1_679' title='bbox 421 4340 617 4396; x_wconf 85' lang='grc' dir='ltr'>πεύετε</span> <span class='ocrx_word' id='word_1_680' title='bbox 639 4358 651 4372; x_wconf 89' lang='grc'><strong>·</strong></span> <span class='ocrx_word' id='word_1_681' title='bbox 684 4343 773 4395; x_wconf 82' lang='grc' dir='ltr'>ὅτε</span> <span class='ocrx_word' id='word_1_682' title='bbox 800 4340 1049 4410; x_wconf 86' lang='grc' dir='ltr'>βούλεται</span> <span class='ocrx_word' id='word_1_683' title='bbox 1084 4343 1255 4413; x_wconf 74' lang='grc' dir='ltr'>χωρὶς</span> <span class='ocrx_word' id='word_1_684' title='bbox 1285 4340 1417 4396; x_wconf 83' lang='grc' dir='ltr'>ναοῦ</span> <span class='ocrx_word' id='word_1_685' title='bbox 1461 4342 1894 4413; x_wconf 85' lang='grc' dir='ltr'>θεραπεύεσθαι,</span> <span class='ocrx_word' id='word_1_686' title='bbox 1925 4343 1981 4396; x_wconf 73' lang='grc' dir='ltr'><strong>τὸ</strong></span> 
     </span>
    </p>
   </div>
   <div class='ocr_carea' id='block_1_95' title="bbox 2089 4326 3669 4427">
    <p class='ocr_par' dir='ltr' id='par_1_95' title="bbox 2095 4326 3669 4397">
     <span class='ocr_line' id='line_1_95' title="bbox 2095 4326 3669 4397; baseline -0.008 -5"><span class='ocrx_word' id='word_1_687' title='bbox 2095 4335 2311 4392; x_wconf 85' lang='lat' dir='ltr'><strong>volebat</strong></span> <span class='ocrx_word' id='word_1_688' title='bbox 2359 4332 2648 4397; x_wconf 82' lang='lat' dir='ltr'><strong>sacriﬁcia,</strong></span> <span class='ocrx_word' id='word_1_689' title='bbox 2695 4346 2793 4387; x_wconf 90' lang='lat' dir='ltr'><strong>vos</strong></span> <span class='ocrx_word' id='word_1_690' title='bbox 2838 4344 2947 4385; x_wconf 90' lang='lat' dir='ltr'><strong>non</strong></span> <span class='ocrx_word' id='word_1_691' title='bbox 2995 4326 3337 4393; x_wconf 81' lang='lat' dir='ltr'><strong>olferebatis;</strong></span> <span class='ocrx_word' id='word_1_692' title='bbox 3375 4341 3498 4381; x_wconf 91' lang='lat' dir='ltr'><strong>cum</strong></span> <span class='ocrx_word' id='word_1_693' title='bbox 3539 4341 3669 4381; x_wconf 90' lang='lat' dir='ltr'><strong>vero</strong></span> 
     </span>
    </p>
   </div>
   <div class='ocr_carea' id='block_1_96' title="bbox 420 4433 1988 4504">
    <p class='ocr_par' dir='ltr' id='par_1_96' title="bbox 420 4433 1988 4504">
     <span class='ocr_line' id='line_1_96' title="bbox 420 4433 1988 4504; baseline -0.003 -14"><span class='ocrx_word' id='word_1_694' title='bbox 420 4435 661 4490; x_wconf 84' lang='grc' dir='ltr'>ἐναντίον</span> <span class='ocrx_word' id='word_1_695' title='bbox 724 4435 964 4486; x_wconf 69' lang='grc' dir='ltr'>ποιεῖτε*</span> <span class='ocrx_word' id='word_1_696' title='bbox 996 4433 1159 4503; x_wconf 85' lang='grc' dir='ltr'>ὅμοια</span> <span class='ocrx_word' id='word_1_697' title='bbox 1200 4436 1313 4497; x_wconf 86' lang='grc' dir='ltr'>τοῖς</span> <span class='ocrx_word' id='word_1_698' title='bbox 1370 4433 1644 4504; x_wconf 77' lang='grc' dir='ltr'>πατράσιν</span> <span class='ocrx_word' id='word_1_699' title='bbox 1670 4435 1826 4503; x_wconf 80' lang='grc' dir='ltr'>ὑμῶν</span> <span class='ocrx_word' id='word_1_700' title='bbox 1870 4433 1988 4486; x_wconf 89' lang='grc' dir='ltr'>δια-</span> 
     </span>
    </p>
   </div>
   <div class='ocr_carea' id='block_1_97' title="bbox 420 4521 1989 4596">
    <p class='ocr_par' dir='ltr' id='par_1_97' title="bbox 420 4521 1989 4596">
     <span class='ocr_line' id='line_1_97' title="bbox 420 4521 1989 4596; baseline -0.001 -18"><span class='ocrx_word' id='word_1_701' title='bbox 420 4523 808 4596; x_wconf 85' lang='grc' dir='ltr'>πραττόμενοι.</span> <span class='ocrx_word' id='word_1_702' title='bbox 871 4540 889 4572; x_wconf 76' lang='grc' dir='ltr'><strong>ι</strong></span> <span class='ocrx_word' id='word_1_703' title='bbox 918 4521 1055 4574; x_wconf 86' lang='grc' dir='ltr'>Τίνα</span> <span class='ocrx_word' id='word_1_704' title='bbox 1097 4521 1205 4576; x_wconf 83' lang='grc' dir='ltr'><strong>τῶν</strong></span> <span class='ocrx_word' id='word_1_705' title='bbox 1273 4523 1600 4592; x_wconf 82' lang='grc' dir='ltr'>προφητῶν;</span> <span class='ocrx_word' id='word_1_706' title='bbox 1628 4543 1646 4575; x_wconf 74' lang='grc' dir='ltr'><strong>ι</strong></span> <span class='ocrx_word' id='word_1_707' title='bbox 1683 4522 1870 4576; x_wconf 86' lang='grc' dir='ltr'>Ταῦτα</span> <span class='ocrx_word' id='word_1_708' title='bbox 1897 4524 1989 4576; x_wconf 81' lang='grc' dir='ltr'>λέ-</span> 
     </span>
    </p>
   </div>
   <div class='ocr_carea' id='block_1_98' title="bbox 419 4610 1991 4686">
    <p class='ocr_par' dir='ltr' id='par_1_98' title="bbox 419 4610 1991 4686">
     <span class='ocr_line' id='line_1_98' title="bbox 419 4610 1991 4686; baseline -0.002 -16"><span class='ocrx_word' id='word_1_709' title='bbox 419 4631 586 4686; x_wconf 84' lang='grc' dir='ltr'>γοντα</span> <span class='ocrx_word' id='word_1_710' title='bbox 601 4614 693 4666; x_wconf 80' lang='grc' dir='ltr'><strong>τὸν</strong></span> <span class='ocrx_word' id='word_1_711' title='bbox 724 4610 1000 4683; x_wconf 85' lang='grc' dir='ltr'>μακάριον</span> <span class='ocrx_word' id='word_1_712' title='bbox 1029 4611 1324 4680; x_wconf 79' lang='grc' dir='ltr'>Στέφανον,</span> <span class='ocrx_word' id='word_1_713' title='bbox 1352 4612 1637 4682; x_wconf 86' lang='grc' dir='ltr'>ἀληθεύειν</span> <span class='ocrx_word' id='word_1_714' title='bbox 1656 4614 1819 4667; x_wconf 76' lang='grc' dir='ltr'>αὐτὸν</span> <span class='ocrx_word' id='word_1_715' title='bbox 1847 4614 1991 4667; x_wconf 73' lang='grc' dir='ltr'>οῖδα-</span> 
     </span>
    </p>
   </div>
   <div class='ocr_carea' id='block_1_99' title="bbox 423 4702 1993 4777">
    <p class='ocr_par' dir='ltr' id='par_1_99' title="bbox 423 4702 1993 4777">
     <span class='ocr_line' id='line_1_99' title="bbox 423 4702 1993 4777; baseline -0.001 -17"><span class='ocrx_word' id='word_1_716' title='bbox 423 4724 544 4777; x_wconf 87' lang='grc' dir='ltr'>μεν,</span> <span class='ocrx_word' id='word_1_717' title='bbox 572 4704 852 4775; x_wconf 87' lang='grc' dir='ltr'>Πνεύματι</span> <span class='ocrx_word' id='word_1_718' title='bbox 881 4702 1021 4772; x_wconf 74' lang='grc' dir='ltr'>ἁγίῳ</span> <span class='ocrx_word' id='word_1_719' title='bbox 1052 4702 1445 4772; x_wconf 83' lang='grc' dir='ltr'>φθεγγόμενον.</span> <span class='ocrx_word' id='word_1_720' title='bbox 1480 4703 1782 4767; x_wconf 80' lang='grc' dir='ltr'>Ἀποδείξαι</span> <span class='ocrx_word' id='word_1_721' title='bbox 1801 4703 1857 4757; x_wconf 77' lang='grc' dir='ltr'><strong>δέ</strong></span> <span class='ocrx_word' id='word_1_722' title='bbox 1886 4706 1993 4759; x_wconf 76' lang='grc' dir='ltr'><strong>ἀπὸ</strong></span> 
     </span>
    </p>
   </div>
   <div class='ocr_carea' id='block_1_100' title="bbox 419 4792 1989 4866">
    <p class='ocr_par' dir='ltr' id='par_1_100' title="bbox 419 4792 1989 4866">
     <span class='ocr_line' id='line_1_100' title="bbox 419 4792 1989 4866; baseline 0 -17"><span class='ocrx_word' id='word_1_723' title='bbox 419 4798 519 4866; x_wconf 79' lang='grc' dir='ltr'>τῆς</span> <span class='ocrx_word' id='word_1_724' title='bbox 565 4797 809 4860; x_wconf 78' lang='grc' dir='ltr'>Παλαιᾶς</span> <span class='ocrx_word' id='word_1_725' title='bbox 861 4792 1213 4865; x_wconf 76' lang='grc' dir='ltr'>[Διαθήκης],</span> <span class='ocrx_word' id='word_1_726' title='bbox 1272 4793 1389 4856; x_wconf 80' lang='grc' dir='ltr'><strong>πῶς</strong></span> <span class='ocrx_word' id='word_1_727' title='bbox 1439 4796 1716 4864; x_wconf 80' lang='grc' dir='ltr'>μέμφεται</span> <span class='ocrx_word' id='word_1_728' title='bbox 1741 4798 1855 4860; x_wconf 80' lang='grc' dir='ltr'>τοῖς</span> <span class='ocrx_word' id='word_1_729' title='bbox 1884 4815 1989 4851; x_wconf 86' lang='grc' dir='ltr'>πα-</span> 
     </span>
    </p>
   </div>
   <div class='ocr_carea' id='block_1_101' title="bbox 422 4883 1990 4956">
    <p class='ocr_par' dir='ltr' id='par_1_101' title="bbox 422 4883 1990 4956">
     <span class='ocr_line' id='line_1_101' title="bbox 422 4883 1990 4956; baseline 0.002 -18"><span class='ocrx_word' id='word_1_730' title='bbox 422 4887 581 4956; x_wconf 80' lang='grc' dir='ltr'>τράσι</span> <span class='ocrx_word' id='word_1_731' title='bbox 615 4887 722 4941; x_wconf 85' lang='grc' dir='ltr'><strong>τῶν</strong></span> <span class='ocrx_word' id='word_1_732' title='bbox 755 4889 833 4951; x_wconf 82' lang='grc' dir='ltr'><strong>είς</strong></span> <span class='ocrx_word' id='word_1_733' title='bbox 861 4886 951 4939; x_wconf 77' lang='grc' dir='ltr'>τὸν</span> <span class='ocrx_word' id='word_1_734' title='bbox 994 4884 1202 4955; x_wconf 86' lang='grc' dir='ltr'>Ἰησοῦν</span> <span class='ocrx_word' id='word_1_735' title='bbox 1234 4883 1628 4949; x_wconf 83' lang='grc' dir='ltr'>ἀπιστούντων,</span> <span class='ocrx_word' id='word_1_736' title='bbox 1662 4885 1738 4949; x_wconf 82' lang='grc' dir='ltr'>ὡς</span> <span class='ocrx_word' id='word_1_737' title='bbox 1765 4886 1990 4953; x_wconf 65' lang='grc' dir='ltr'>διώξασαι</span> 
     </span>
    </p>
   </div>
   <div class='ocr_carea' id='block_1_102' title="bbox 421 4975 1983 5047">
    <p class='ocr_par' dir='ltr' id='par_1_102' title="bbox 421 4975 1983 5047">
     <span class='ocr_line' id='line_1_102' title="bbox 421 4975 1983 5047; baseline 0.001 -19"><span class='ocrx_word' id='word_1_738' title='bbox 421 4978 549 5038; x_wconf 78' lang='grc' dir='ltr'>τοὺς</span> <span class='ocrx_word' id='word_1_739' title='bbox 578 4980 861 5047; x_wconf 66' lang='grc' dir='ltr'>προφήτας</span> <span class='ocrx_word' id='word_1_740' title='bbox 882 4978 973 5031; x_wconf 77' lang='grc' dir='ltr'><strong>καὶ</strong></span> <span class='ocrx_word' id='word_1_741' title='bbox 988 4977 1395 5040; x_wconf 86' lang='grc' dir='ltr'>ἀποκτείνασιν,</span> <span class='ocrx_word' id='word_1_742' title='bbox 1419 4977 1481 5029; x_wconf 84' lang='grc' dir='ltr'><strong>ού</strong></span> <span class='ocrx_word' id='word_1_743' title='bbox 1500 4975 1724 5029; x_wconf 78' lang='grc' dir='ltr'>δυνατὸν</span> <span class='ocrx_word' id='word_1_744' title='bbox 1750 4978 1857 5030; x_wconf 72' lang='grc' dir='ltr'><strong>ἀπὸ</strong></span> <span class='ocrx_word' id='word_1_745' title='bbox 1874 4976 1983 5030; x_wconf 83' lang='grc' dir='ltr'><strong>τῶν</strong></span> 
     </span>
    </p>
   </div>
   <div class='ocr_carea' id='block_1_103' title="bbox 426 5067 1985 5139">
    <p class='ocr_par' dir='ltr' id='par_1_103' title="bbox 426 5067 1985 5139">
     <span class='ocr_line' id='line_1_103' title="bbox 426 5067 1985 5139; baseline 0.003 -22"><span class='ocrx_word' id='word_1_746' title='bbox 426 5067 740 5135; x_wconf 84' lang='grc' dir='ltr'>φερομένων</span> <span class='ocrx_word' id='word_1_747' title='bbox 772 5068 990 5137; x_wconf 83' lang='grc' dir='ltr'>βιϐλίων</span> <span class='ocrx_word' id='word_1_748' title='bbox 1027 5068 1126 5138; x_wconf 83' lang='grc' dir='ltr'>τῆς</span> <span class='ocrx_word' id='word_1_749' title='bbox 1149 5069 1358 5138; x_wconf 82' lang='grc' dir='ltr'>Καινῆς</span> <span class='ocrx_word' id='word_1_750' title='bbox 1374 5069 1670 5139; x_wconf 84' lang='grc' dir='ltr'>Διαθήκης.</span> <span class='ocrx_word' id='word_1_751' title='bbox 1701 5069 1985 5135; x_wconf 84' lang='grc' dir='ltr'>Είτοίνυν,</span> 
     </span>
    </p>
   </div>
   <div class='ocr_carea' id='block_1_104' title="bbox 425 5159 1988 5231">
    <p class='ocr_par' dir='ltr' id='par_1_104' title="bbox 425 5159 1988 5231">
     <span class='ocr_line' id='line_1_104' title="bbox 425 5159 1988 5231; baseline 0.003 -22"><span class='ocrx_word' id='word_1_752' title='bbox 425 5160 561 5228; x_wconf 73' lang='grc' dir='ltr'>φησι</span> <span class='ocrx_word' id='word_1_753' title='bbox 597 5159 724 5220; x_wconf 78' lang='grc' dir='ltr'>τοὺς</span> <span class='ocrx_word' id='word_1_754' title='bbox 777 5161 1355 5228; x_wconf 87' lang='grc' dir='ltr'>προκαταγγείλαντας</span> <span class='ocrx_word' id='word_1_755' title='bbox 1406 5161 1667 5231; x_wconf 74' lang='grc' dir='ltr'>περὶτῆς</span> <span class='ocrx_word' id='word_1_756' title='bbox 1720 5159 1988 5224; x_wconf 77' lang='grc' dir='ltr'>ἐλεύσεως</span> 
     </span>
    </p>
   </div>
   <div class='ocr_carea' id='block_1_105' title="bbox 427 5246 1992 5319">
    <p class='ocr_par' dir='ltr' id='par_1_105' title="bbox 427 5246 1992 5319">
     <span class='ocr_line' id='line_1_105' title="bbox 427 5246 1992 5319; baseline 0.002 -18"><span class='ocrx_word' id='word_1_757' title='bbox 427 5246 591 5301; x_wconf 81' lang='grc' dir='ltr'>αὐτοῦ</span> <span class='ocrx_word' id='word_1_758' title='bbox 624 5248 893 5312; x_wconf 87' lang='grc' dir='ltr'>ἀνείλατε,</span> <span class='ocrx_word' id='word_1_759' title='bbox 928 5250 1104 5319; x_wconf 81' lang='grc' dir='ltr'>πολλῷ</span> <span class='ocrx_word' id='word_1_760' title='bbox 1128 5251 1327 5319; x_wconf 84' lang='grc' dir='ltr'>μᾶλλον</span> <span class='ocrx_word' id='word_1_761' title='bbox 1356 5252 1537 5307; x_wconf 83' lang='grc' dir='ltr'>αὐτόν.</span> <span class='ocrx_word' id='word_1_762' title='bbox 1569 5252 1787 5308; x_wconf 82' lang='grc' dir='ltr'>Δίκαιον</span> <span class='ocrx_word' id='word_1_763' title='bbox 1812 5253 1869 5305; x_wconf 82' lang='grc' dir='ltr'>δὲ</span> <span class='ocrx_word' id='word_1_764' title='bbox 1902 5251 1992 5305; x_wconf 80' lang='grc' dir='ltr'>τὸν</span> 
     </span>
    </p>
   </div>
   <div class='ocr_carea' id='block_1_106' title="bbox 441 5337 1989 5411">
    <p class='ocr_par' dir='ltr' id='par_1_106' title="bbox 441 5337 1989 5411">
     <span class='ocr_line' id='line_1_106' title="bbox 441 5337 1989 5411; baseline 0.001 -20"><span class='ocrx_word' id='word_1_765' title='bbox 441 5337 653 5407; x_wconf 79' lang='grc' dir='ltr'>Ἰησοῦν</span> <span class='ocrx_word' id='word_1_766' title='bbox 704 5338 910 5402; x_wconf 82' lang='grc' dir='ltr'>ἐκάλει,</span> <span class='ocrx_word' id='word_1_767' title='bbox 960 5340 1368 5394; x_wconf 76' lang='grc' dir='ltr'>ἐπισπάσασθαι</span> <span class='ocrx_word' id='word_1_768' title='bbox 1393 5340 1589 5404; x_wconf 75' lang='grc' dir='ltr'>αὐτοὺς</span> <span class='ocrx_word' id='word_1_769' title='bbox 1619 5340 1941 5411; x_wconf 86' lang='grc' dir='ltr'>βουλόμενος</span> <span class='ocrx_word' id='word_1_770' title='bbox 1974 5358 1989 5372; x_wconf 90' lang='grc'>·</span> 
     </span>
    </p>
   </div>
   <div class='ocr_carea' id='block_1_107' title="bbox 2096 4415 3669 4489">
    <p class='ocr_par' dir='ltr' id='par_1_107' title="bbox 2096 4415 3669 4489">
     <span class='ocr_line' id='line_1_107' title="bbox 2096 4415 3669 4489; baseline -0.007 -7"><span class='ocrx_word' id='word_1_771' title='bbox 2096 4441 2203 4482; x_wconf 93' lang='lat' dir='ltr'><strong>non</strong></span> <span class='ocrx_word' id='word_1_772' title='bbox 2239 4426 2375 4489; x_wconf 84' lang='lat' dir='ltr'><strong>vult,</strong></span> <span class='ocrx_word' id='word_1_773' title='bbox 2414 4439 2510 4479; x_wconf 86' lang='lat' dir='ltr'><strong>vos</strong></span> <span class='ocrx_word' id='word_1_774' title='bbox 2541 4422 2744 4477; x_wconf 73' lang='lat' dir='ltr'><strong>eadem,</strong></span> <span class='ocrx_word' id='word_1_775' title='bbox 2773 4419 3001 4477; x_wconf 83' lang='lat' dir='ltr'><strong>olfertis.</strong></span> <span class='ocrx_word' id='word_1_776' title='bbox 3051 4417 3280 4485; x_wconf 84' lang='lat' dir='ltr'><strong>Quando</strong></span> <span class='ocrx_word' id='word_1_777' title='bbox 3331 4415 3669 4472; x_wconf 84' lang='lat' dir='ltr'><strong>subsistebat</strong></span> 
     </span>
    </p>
   </div>
   <div class='ocr_carea' id='block_1_108' title="bbox 2096 4508 3666 4588">
    <p class='ocr_par' dir='ltr' id='par_1_108' title="bbox 2096 4508 3666 4588">
     <span class='ocr_line' id='line_1_108' title="bbox 2096 4508 3666 4588; baseline -0.006 -15"><span class='ocrx_word' id='word_1_778' title='bbox 2096 4516 2381 4588; x_wconf 90' lang='lat' dir='ltr'><strong>templum,</strong></span> <span class='ocrx_word' id='word_1_779' title='bbox 2409 4528 2507 4570; x_wconf 90' lang='lat' dir='ltr'><strong>vos</strong></span> <span class='ocrx_word' id='word_1_780' title='bbox 2548 4512 2693 4568; x_wconf 90' lang='lat' dir='ltr'><strong>idola</strong></span> <span class='ocrx_word' id='word_1_781' title='bbox 2730 4510 2993 4567; x_wconf 88' lang='lat' dir='ltr'><strong>colebatis</strong></span> <span class='ocrx_word' id='word_1_782' title='bbox 3021 4525 3037 4576; x_wconf 89' lang='lat'><strong>;</strong></span> <span class='ocrx_word' id='word_1_783' title='bbox 3068 4524 3192 4564; x_wconf 91' lang='lat' dir='ltr'><strong>cum</strong></span> <span class='ocrx_word' id='word_1_784' title='bbox 3233 4523 3361 4563; x_wconf 80' lang='lat' dir='ltr'><strong>vero</strong></span> <span class='ocrx_word' id='word_1_785' title='bbox 3393 4508 3507 4562; x_wconf 83' lang='lat' dir='ltr'><strong>vult</strong></span> <span class='ocrx_word' id='word_1_786' title='bbox 3534 4508 3666 4563; x_wconf 86' lang='lat' dir='ltr'><strong>abs-</strong></span> 
     </span>
    </p>
   </div>
   <div class='ocr_carea' id='block_1_109' title="bbox 2096 4600 3664 4681">
    <p class='ocr_par' dir='ltr' id='par_1_109' title="bbox 2096 4600 3664 4681">
     <span class='ocr_line' id='line_1_109' title="bbox 2096 4600 3664 4681; baseline -0.008 -16"><span class='ocrx_word' id='word_1_787' title='bbox 2096 4627 2206 4681; x_wconf 84' lang='lat' dir='ltr'><strong>que</strong></span> <span class='ocrx_word' id='word_1_788' title='bbox 2265 4609 2467 4681; x_wconf 92' lang='lat' dir='ltr'><strong>templo</strong></span> <span class='ocrx_word' id='word_1_789' title='bbox 2502 4607 2632 4670; x_wconf 87' lang='lat' dir='ltr'><strong>coli,</strong></span> <span class='ocrx_word' id='word_1_790' title='bbox 2666 4619 2764 4660; x_wconf 90' lang='lat' dir='ltr'><strong>vos</strong></span> <span class='ocrx_word' id='word_1_791' title='bbox 2813 4602 3153 4660; x_wconf 82' lang='lat' dir='ltr'><strong>contrarium</strong></span> <span class='ocrx_word' id='word_1_792' title='bbox 3184 4600 3368 4656; x_wconf 88' lang='lat' dir='ltr'><strong>facitis</strong></span> <span class='ocrx_word' id='word_1_793' title='bbox 3402 4619 3415 4655; x_wconf 90' lang='lat'><strong>:</strong></span> <span class='ocrx_word' id='word_1_794' title='bbox 3465 4600 3664 4656; x_wconf 87' lang='lat' dir='ltr'><strong>similia</strong></span> 
     </span>
    </p>
   </div>
   <div class='ocr_carea' id='block_1_110' title="bbox 2097 4695 3665 4772">
    <p class='ocr_par' dir='ltr' id='par_1_110' title="bbox 2097 4695 3665 4772">
     <span class='ocr_line' id='line_1_110' title="bbox 2097 4695 3665 4772; baseline -0.005 -15"><span class='ocrx_word' id='word_1_795' title='bbox 2097 4703 2307 4757; x_wconf 89' lang='lat' dir='ltr'><strong>scilicet</strong></span> <span class='ocrx_word' id='word_1_796' title='bbox 2334 4700 2584 4772; x_wconf 89' lang='lat' dir='ltr'><strong>patrihtts</strong></span> <span class='ocrx_word' id='word_1_797' title='bbox 2607 4699 2804 4753; x_wconf 83' lang='lat' dir='ltr'><strong>vestris</strong></span> <span class='ocrx_word' id='word_1_798' title='bbox 2831 4708 3075 4767; x_wconf 83' lang='lat' dir='ltr'><strong>agentes.</strong></span> <span class='ocrx_word' id='word_1_799' title='bbox 3113 4715 3132 4748; x_wconf 76' lang='grc' dir='ltr'><strong>ι</strong></span> <span class='ocrx_word' id='word_1_800' title='bbox 3170 4695 3342 4759; x_wconf 79' lang='lat' dir='ltr'><strong>Quem</strong></span> <span class='ocrx_word' id='word_1_801' title='bbox 3376 4695 3665 4764; x_wconf 87' lang='lat' dir='ltr'><strong>propheta-</strong></span> 
     </span>
    </p>
   </div>
   <div class='ocr_carea' id='block_1_111' title="bbox 2100 4786 3665 4857">
    <p class='ocr_par' dir='ltr' id='par_1_111' title="bbox 2100 4786 3665 4857">
     <span class='ocr_line' id='line_1_111' title="bbox 2100 4786 3665 4857; baseline -0.005 -10"><span class='ocrx_word' id='word_1_802' title='bbox 2100 4808 2243 4847; x_wconf 91' lang='lat' dir='ltr'><strong>rum.</strong></span> <span class='ocrx_word' id='word_1_803' title='bbox 2258 4789 2412 4845; x_wconf 62' lang='lat' dir='ltr'><strong>illam</strong></span> <span class='ocrx_word' id='word_1_804' title='bbox 2429 4791 2716 4845; x_wconf 85' lang='lat' dir='ltr'><strong>verissime</strong></span> <span class='ocrx_word' id='word_1_805' title='bbox 2734 4789 2941 4846; x_wconf 80' lang='lat' dir='ltr'><strong>dixisse</strong></span> <span class='ocrx_word' id='word_1_806' title='bbox 2955 4789 3171 4845; x_wconf 88' lang='lat' dir='ltr'><strong>beatum</strong></span> <span class='ocrx_word' id='word_1_807' title='bbox 3195 4786 3528 4857; x_wconf 89' lang='lat' dir='ltr'><strong>Stephanum</strong></span> <span class='ocrx_word' id='word_1_808' title='bbox 3558 4800 3665 4841; x_wconf 90' lang='lat' dir='ltr'><strong>non</strong></span> 
     </span>
    </p>
   </div>
   <div class='ocr_carea' id='block_1_112' title="bbox 2098 4876 3669 4953">
    <p class='ocr_par' dir='ltr' id='par_1_112' title="bbox 2098 4876 3669 4953">
     <span class='ocr_line' id='line_1_112' title="bbox 2098 4876 3669 4953; baseline -0.006 -14"><span class='ocrx_word' id='word_1_809' title='bbox 2098 4884 2430 4947; x_wconf 89' lang='lat' dir='ltr'><strong>dubitamus,</strong></span> <span class='ocrx_word' id='word_1_810' title='bbox 2491 4882 2693 4953; x_wconf 81' lang='lat' dir='ltr'><strong>quippe</strong></span> <span class='ocrx_word' id='word_1_811' title='bbox 2733 4882 2825 4952; x_wconf 87' lang='lat' dir='ltr'><strong>qui</strong></span> <span class='ocrx_word' id='word_1_812' title='bbox 2868 4881 3074 4951; x_wconf 89' lang='lat' dir='ltr'><strong>Spiritu</strong></span> <span class='ocrx_word' id='word_1_813' title='bbox 3116 4887 3308 4937; x_wconf 88' lang='lat' dir='ltr'><strong>sancto</strong></span> <span class='ocrx_word' id='word_1_814' title='bbox 3342 4876 3559 4932; x_wconf 76' lang='lat' dir='ltr'><strong>alliante</strong></span> <span class='ocrx_word' id='word_1_815' title='bbox 3589 4877 3669 4931; x_wconf 93' lang='lat' dir='ltr'><strong>lo-</strong></span> 
     </span>
    </p>
   </div>
   <div class='ocr_carea' id='block_1_113' title="bbox 2096 4967 3667 5046">
    <p class='ocr_par' dir='ltr' id='par_1_113' title="bbox 2096 4967 3667 5046">
     <span class='ocr_line' id='line_1_113' title="bbox 2096 4967 3667 5046; baseline -0.008 -16"><span class='ocrx_word' id='word_1_816' title='bbox 2096 4975 2386 5046; x_wconf 88' lang='lat' dir='ltr'><strong>quebatur.</strong></span> <span class='ocrx_word' id='word_1_817' title='bbox 2403 4972 2470 5027; x_wconf 86' lang='lat' dir='ltr'><strong>Et</strong></span> <span class='ocrx_word' id='word_1_818' title='bbox 2487 4972 2705 5042; x_wconf 86' lang='lat' dir='ltr'><strong>quidem</strong></span> <span class='ocrx_word' id='word_1_819' title='bbox 2725 4979 2934 5042; x_wconf 87' lang='lat' dir='ltr'><strong>poterat</strong></span> <span class='ocrx_word' id='word_1_820' title='bbox 2956 4970 3047 5025; x_wconf 91' lang='lat' dir='ltr'><strong>ille</strong></span> <span class='ocrx_word' id='word_1_821' title='bbox 3061 4967 3667 5025; x_wconf 78' lang='lat' dir='ltr'><strong>exVeteri’l&#39;estamento</strong></span> 
     </span>
    </p>
   </div>
   <div class='ocr_carea' id='block_1_114' title="bbox 2096 5056 3668 5134">
    <p class='ocr_par' dir='ltr' id='par_1_114' title="bbox 2096 5056 3668 5134">
     <span class='ocr_line' id='line_1_114' title="bbox 2096 5056 3668 5134; baseline -0.01 -10"><span class='ocrx_word' id='word_1_822' title='bbox 2096 5067 2492 5130; x_wconf 80' lang='lat' dir='ltr'><strong>demonstrare,</strong></span> <span class='ocrx_word' id='word_1_823' title='bbox 2519 5078 2627 5134; x_wconf 89' lang='lat' dir='ltr'><strong>quo</strong></span> <span class='ocrx_word' id='word_1_824' title='bbox 2645 5065 2770 5133; x_wconf 85' lang='lat' dir='ltr'><strong>jure</strong></span> <span class='ocrx_word' id='word_1_825' title='bbox 2792 5062 3042 5132; x_wconf 82' lang='lat' dir='ltr'><strong>patribus</strong></span> <span class='ocrx_word' id='word_1_826' title='bbox 3068 5062 3281 5117; x_wconf 90' lang='lat' dir='ltr'><strong>illorum</strong></span> <span class='ocrx_word' id='word_1_827' title='bbox 3315 5058 3409 5128; x_wconf 89' lang='lat' dir='ltr'><strong>qui</strong></span> <span class='ocrx_word' id='word_1_828' title='bbox 3437 5059 3491 5111; x_wconf 90' lang='lat' dir='ltr'><strong>in</strong></span> <span class='ocrx_word' id='word_1_829' title='bbox 3509 5056 3668 5111; x_wconf 86' lang='lat' dir='ltr'><strong>Chri-</strong></span> 
     </span>
    </p>
   </div>
   <div class='ocr_carea' id='block_1_115' title="bbox 2099 5148 3655 5228">
    <p class='ocr_par' dir='ltr' id='par_1_115' title="bbox 2099 5148 3655 5228">
     <span class='ocr_line' id='line_1_115' title="bbox 2099 5148 3655 5228; baseline -0.008 -15"><span class='ocrx_word' id='word_1_830' title='bbox 2099 5166 2243 5214; x_wconf 89' lang='lat' dir='ltr'><strong>stum</strong></span> <span class='ocrx_word' id='word_1_831' title='bbox 2285 5156 2442 5228; x_wconf 73' lang='grc'><strong>231</strong></span> <span class='ocrx_word' id='word_1_832' title='bbox 2487 5170 2594 5211; x_wconf 91' lang='lat' dir='ltr'><strong>non</strong></span> <span class='ocrx_word' id='word_1_833' title='bbox 2649 5155 3021 5218; x_wconf 88' lang='lat' dir='ltr'><strong>crediderant,</strong></span> <span class='ocrx_word' id='word_1_834' title='bbox 3078 5153 3453 5223; x_wconf 79' lang='lat' dir='ltr'><strong>exprobraret,</strong></span> <span class='ocrx_word' id='word_1_835' title='bbox 3510 5148 3655 5216; x_wconf 84' lang='lat' dir='ltr'><strong>quod</strong></span> 
     </span>
    </p>
   </div>
   <div class='ocr_carea' id='block_1_116' title="bbox 2100 5237 3665 5321">
    <p class='ocr_par' dir='ltr' id='par_1_116' title="bbox 2100 5237 3665 5321">
     <span class='ocr_line' id='line_1_116' title="bbox 2100 5237 3665 5321; baseline -0.01 -14"><span class='ocrx_word' id='word_1_836' title='bbox 2100 5250 2400 5321; x_wconf 86' lang='lat' dir='ltr'><strong>prophetas</strong></span> <span class='ocrx_word' id='word_1_837' title='bbox 2428 5260 2433 5268; x_wconf 88' lang='lat'><strong>‘</strong></span> <span class='ocrx_word' id='word_1_838' title='bbox 2461 5250 2732 5320; x_wconf 85' lang='lat' dir='ltr'><strong>persecuti</strong></span> <span class='ocrx_word' id='word_1_839' title='bbox 2795 5263 3010 5319; x_wconf 90' lang='lat' dir='ltr'><strong>semper</strong></span> <span class='ocrx_word' id='word_1_840' title='bbox 3039 5246 3243 5301; x_wconf 79' lang='lat' dir='ltr'><strong>fuerint</strong></span> <span class='ocrx_word' id='word_1_841' title='bbox 3281 5250 3334 5297; x_wconf 77' lang='lat' dir='ltr'><strong>et</strong></span> <span class='ocrx_word' id='word_1_842' title='bbox 3374 5237 3665 5295; x_wconf 81' lang='lat' dir='ltr'><strong>interfece-</strong></span> 
     </span>
    </p>
   </div>
   <div class='ocr_carea' id='block_1_117' title="bbox 2104 5330 3661 5398">
    <p class='ocr_par' dir='ltr' id='par_1_117' title="bbox 2104 5330 3661 5398">
     <span class='ocr_line' id='line_1_117' title="bbox 2104 5330 3661 5398; baseline -0.009 -1"><span class='ocrx_word' id='word_1_843' title='bbox 2104 5343 2249 5398; x_wconf 79' lang='lat' dir='ltr'><strong>rint:</strong></span> <span class='ocrx_word' id='word_1_844' title='bbox 2292 5343 2396 5397; x_wconf 89' lang='lat' dir='ltr'><strong>hoc</strong></span> <span class='ocrx_word' id='word_1_845' title='bbox 2439 5352 2619 5398; x_wconf 88' lang='lat' dir='ltr'><strong>autem</strong></span> <span class='ocrx_word' id='word_1_846' title='bbox 2644 5358 2709 5398; x_wconf 79' lang='lat' dir='ltr'><strong>ex</strong></span> <span class='ocrx_word' id='word_1_847' title='bbox 2742 5342 2900 5398; x_wconf 90' lang='lat' dir='ltr'><strong>libris</strong></span> <span class='ocrx_word' id='word_1_848' title='bbox 2928 5340 3060 5396; x_wconf 85' lang='lat' dir='ltr'><strong>Novi</strong></span> <span class='ocrx_word' id='word_1_849' title='bbox 3090 5333 3423 5392; x_wconf 86' lang='lat' dir='ltr'><strong>Testamenti</strong></span> <span class='ocrx_word' id='word_1_850' title='bbox 3451 5330 3661 5387; x_wconf 85' lang='lat' dir='ltr'><strong>ostendi</strong></span> 
     </span>
    </p>
   </div>
   <div class='ocr_carea' id='block_1_118' title="bbox 1627 5513 2505 5577">
    <p class='ocr_par' dir='ltr' id='par_1_118' title="bbox 1627 5513 2505 5577">
     <span class='ocr_line' id='line_1_118' title="bbox 1627 5513 2505 5577; baseline 0.002 -2"><span class='ocrx_word' id='word_1_851' title='bbox 1627 5514 1822 5576; x_wconf 75' lang='lat' dir='ltr'><strong>Varia:</strong></span> <span class='ocrx_word' id='word_1_852' title='bbox 1863 5513 2168 5577; x_wconf 85' lang='lat' dir='ltr'><strong>lectiones</strong></span> <span class='ocrx_word' id='word_1_853' title='bbox 2211 5518 2273 5574; x_wconf 88' lang='lat' dir='ltr'><strong>et</strong></span> <span class='ocrx_word' id='word_1_854' title='bbox 2321 5520 2505 5577; x_wconf 73' lang='lat' dir='ltr'><strong>notae.</strong></span> 
     </span>
    </p>
   </div>
   <div class='ocr_carea' id='block_1_119' title="bbox 497 5610 1489 5683">
    <p class='ocr_par' dir='ltr' id='par_1_119' title="bbox 497 5610 1489 5683">
     <span class='ocr_line' id='line_1_119' title="bbox 497 5610 1489 5683; baseline 0 -18"><span class='ocrx_word' id='word_1_855' title='bbox 497 5610 549 5647; x_wconf 69' lang='grc'>⁸⁸</span> <span class='ocrx_word' id='word_1_856' title='bbox 575 5627 635 5665; x_wconf 87' lang='grc' dir='ltr'><strong>τε</strong></span> <span class='ocrx_word' id='word_1_857' title='bbox 695 5611 800 5683; x_wconf 71' lang='grc' dir='ltr'>εἴη.</span> <span class='ocrx_word' id='word_1_858' title='bbox 876 5612 921 5645; x_wconf 79' lang='grc'><strong>⁵³</strong></span> <span class='ocrx_word' id='word_1_859' title='bbox 954 5612 1140 5681; x_wconf 83' lang='grc' dir='ltr'>χωρεῖ.</span> <span class='ocrx_word' id='word_1_860' title='bbox 1218 5611 1264 5643; x_wconf 79' lang='grc'><strong><em>⁸⁵</em></strong></span> <span class='ocrx_word' id='word_1_861' title='bbox 1297 5610 1489 5675; x_wconf 75' lang='grc' dir='ltr'>οὕτως.</span> 
     </span>
    </p>
   </div>
  </div>
