4088 6206
432 186 461 207 Ι

464 212 574 282 919

1348 216 1451 275 ΤΗ
1461 216 1922 278 ΕΟΡΗΥΙΑΟΤΙ
1957 216 2368 279 ΙῖυιϐΑῆῐέΕ
2410 217 2767 282 ARCHIEP.

3601 223 3708 287 923

465 347 574 386 non
610 338 804 402 ροιηει.
826 332 914 386 Ait
958 332 1175 402 itaque:
1215 330 1272 386 Si
1304 346 1420 397 eos,
1469 333 1559 401 qui
1591 333 1882 389 adventum
1915 333 2031 402 ejus

2142 333 2398 401 προδότας
2447 334 2505 386 δὲ
2536 335 2699 387 αὒτοῦ
2753 333 2846 388 καὶ
2878 336 3060 405 φονεῖς
3104 336 3265 399 καλεί
3312 337 3558 403 τούτους,
3632 344 3715 407 ὡς

466 422 929 493 praenuntiabant,
977 423 1282 490 occidistis,
1337 431 1547 491 quanto
1579 426 1754 493 magis
1817 426 2039 495 ipsum?

463 513 682 571 Iustum
738 528 869 570 vero
930 512 1116 583 Jesum
1175 515 1435 585 appellat,
1469 526 1529 569 ut
1582 516 1649 570 ad
1705 517 2036 587 agnitionem

473 604 701 661 admissi
730 604 977 660 criminis
1006 605 1152 675 ipsos
1185 605 1506 673 induceret;
1552 607 1861 677 proditores
1908 623 2038 661 vero

465 706 519 750 rt
548 698 824 752 occisores
846 697 1000 763 dicit,
1031 698 1197 752 veluti
1234 711 1517 755 consortes
1566 716 1754 754 eorum
1788 702 1879 770 qui
1912 716 2034 755 eum

464 788 880 857 cruciﬁxerunt.
920 791 985 844 Et
1005 790 1227 861 quidem
1261 792 1375 847 haac
1402 790 1631 858 fecistis,
1682 793 1878 861 inquit,
1913 809 2036 847 cum

466 879 795 949 acceperitis
858 880 1056 950 legem,
1091 881 1252 950 cujus
1305 882 1625 952 prmscripta
1680 883 1773 952 qui
1831 892 2035 946 servat,

465 969 765 1040 angelicam
820 970 988 1025 vitam
1050 972 1221 1027 ducit.
1257 971 1371 1027 lloc
1421 974 1565 1028 enim
1624 973 1935 1041 signiﬁcant
1974 988 2037 1027 ea

462 1060 671 1117 verba:
732 1079 753 1112 ι
821 1059 924 1127 Qui
980 1064 1278 1134 accepistis
1340 1065 1510 1136 legem
1564 1067 1618 1120 in
1673 1048 2043 1134 dispositione-

463 1153 806 1223 angelorum.
865 1171 884 1205 ι
938 1152 1169 1220 Quidam
1224 1173 1355 1211 vero
1419 1157 1596 1221 aiunt,
1654 1156 1721 1208 iis
1780 1156 2035 1219 indicari,

465 1243 636 1314 legem
667 1244 840 1314 ipsam
870 1245 1139 1316 digestam
1192 1255 1250 1302 et
1302 1247 1558 1302 traditam
1595 1262 1719 1301 esse
1764 1246 1896 1302 Mosi
1946 1264 2040 1316 per

357 1320 365 1327 ’
466 1335 719 1406 angelum
756 1336 849 1406 qui
903 1337 1005 1406 ipsi
1043 1339 1294 1408 apparuit
1348 1339 1400 1390 iu
1430 1339 1587 1393 rubo.
1640 1357 1656 1388 ι
1689 1338 1822 1391 Cum
1858 1348 2036 1392 autem

465 1434 637 1481 esset.
680 1443 699 1476 ι
762 1408 1033 1492 Stantem,
1075 1434 1123 1480 et
1171 1442 1280 1481 non
1342 1426 1624 1481 sedentem
1656 1427 1803 1482 videt
1850 1425 2036 1481 Jesum

464 1514 658 1570 beatus
684 1515 993 1586 Stephanus
1015 1557 1028 1578 ,
1074 1518 1200 1588 quia
1233 1518 1406 1572 voluit
1442 1517 1602 1573 Jesus
1646 1519 1737 1590 illo
1771 1518 2040 1573 auxilian-

467 1606 539 1661 tis
565 1607 750 1662 habitu
779 1622 934 1664 suam
988 1610 1041 1664 in
1072 1625 1196 1665 eum
1258 1613 1657 1680 prolectiouem
1719 1610 2037 1675 ostendere,

2143 427 2428 489 κοινωνοὺς
2481 427 2637 491 ὄντας
2684 430 2794 491 τοῖς
2846 428 3224 499 σταυρώσασιν
3275 430 3476 493 αὐτόν’
3515 432 3718 496 καίτοι,

2142 520 2297 599 φησὶ,
2323 519 2487 587 νόμον
2522 520 2798 584 λαϐόντες,
2850 520 3125 585 διατάξεις
3153 520 3367 593 ἔχοντες
3392 526 3460 591 ⁵⁷,
3517 526 3721 590 αἵτινες

2144 607 2430 675 ίσάγγελον
2478 609 2698 662 ἐποίουν
2755 610 3031 663 πολιτείαν
3072 612 3215 681 ἔχειν
3271 615 3400 677 τοὺς
3427 617 3720 680 τελοῦντας

2114 699 2325 775 αὐτόν.
2355 700 2526 753 Τοῦτο
2554 702 2663 769 γάρ
2692 702 2839 753 ἐστιν
2862 718 2876 733 ·
2913 720 2931 751 ι
2953 703 3167 767 Οἴτινες
3195 704 3417 759 ἐλάϐετε
3448 705 3540 761 τὸν
3553 708 3719 775 νόμον

2141 792 2218 853 εἰς
2252 791 2512 857 διαταγὰς
2542 793 2841 860 ἀγγέλων.»
2870 794 3028 858 Τινὲς
3053 795 3108 849 δὲ
3136 795 3294 850 τοῦτο
3323 796 3546 870 [λέγειν]
3564 800 3718 868 φασὶ,

2139 883 2231 935 τὸν
2270 884 2360 935 ὑπ’
2389 883 2620 951 ἀγγέλου
2650 886 3028 956 διαταχθέντα,
3058 887 3154 939 καὶ
3178 888 3597 958 ἐγχειρισθέντα
3630 890 3700 944 δι’
3808 956 3821 965 ι

2141 975 2376 1043 ἀγγέλου
2400 975 2476 1047 τῷ
2505 976 2713 1047 Μωῦσῇ
2743 976 2836 1031 τοῦ
2875 977 3137 1047 ὀφθέντος
3178 980 3328 1050 αῦτῷ
3358 981 3417 1033 ἐν
3448 985 3514 1052 τῇ
3545 982 3713 1052 βάτῳ.
3738 989 3746 1053 ξ

2150 1086 2167 1116 ι
2189 1066 2485 1137 Ὑπάρχων
2514 1068 2592 1122 δέ.
2624 1087 2641 1119 ι
2688 1068 2932 1124 Ἐστῶτα
2966 1071 3061 1123 καὶ
3087 1071 3147 1124 οῦ
3211 1071 3523 1142 καθήμενον
3553 1075 3581 1126 ὁ
3613 1064 3743 1141 μαο¹

2141 1159 2331 1226 κάριος
2388 1159 2661 1225 Στέφανος
2718 1161 2821 1230 ὁρᾷ
2873 1159 2965 1215 τὸν
3006 1161 3239 1230 Ἰησοῦν·
3297 1162 3388 1216 ἵνα
3425 1162 3576 1233 δείξῃ
3615 1165 3721 1231 τὴν

2142 1246 2428 1318 ἀντίληψιν
2455 1249 2552 1319 τὴν
2579 1250 2657 1311 είς
2716 1249 2902 1314 αὐτὸν,
2928 1252 3021 1303 καὶ
3052 1251 3254 1321 πολλὴν
3284 1252 3362 1322 τῷ
3390 1253 3596 1325 ἀθλητῇ
3622 1256 3721 1325 τὴν

2149 1335 2459 1405 προθυμίαν
2511 1336 2791 1408 παράσχῃ,
2815 1337 2877 1391 τὸ
2904 1337 2999 1390 τοῦ
3058 1337 3382 1410 βοηθοῦντος
3408 1339 3722 1393 ἐπιδεικνύ·

2146 1444 2299 1495 μενος
2319 1426 2364 1457 ⁵⁸
2393 1427 2600 1497 σχῆμα.
2655 1428 2847 1491 ’Ἄλλος
2869 1429 2913 1461 δ’
2947 1446 3006 1481 τε
3037 1428 3118 1493 δέ,
3154 1428 3341 1498 ἐπειδὴ
3397 1428 3458 1480 τὸ
3488 1428 3718 1483 καθίσαι

2144 1517 2400 1587 φορτικὸν
2429 1513 2497 1588 ἦν
2527 1518 2733 1584 αὐτοῖς,
2785 1518 3040 1574 ἵστασθαι
3088 1519 3254 1573 αὐτὸν
3284 1517 3429 1585 εἷπε,
3456 1520 3592 1583 τέως
3622 1520 3723 1588 τὴν

2143 1612 2446 1666 ἀνάστασιν
2515 1611 2686 1667 αὐτοῦ
2716 1612 3085 1682 αἰνιξάμενος.
3118 1614 3240 1666 Ὅτι
3264 1613 3321 1666 δὲ
3353 1613 3450 1683 οὐχ
3479 1613 3721 1678 ἵσταται,

465 1708 634 1769 atque
661 1700 878 1755 athletae
905 1716 1007 1756 suo
1048 1717 1298 1771 magnam
1355 1702 1606 1757 conferre
1667 1702 2032 1757 alacritatem.

2142 1697 2276 1751 ἀλλὰ
2319 1697 2579 1768 κάθηται.
2639 1700 2734 1752 καὶ
2783 1701 2811 1753 ὀ
2865 1700 3081 1762 Παῦλος
3133 1698 3334 1762 ἔδειξεν
3388 1697 3582 1760 εἰπὼν,
3614 1699 3722 1765 ὅτι,

467 1786 645 1842 Aliter
668 1806 682 1842 :
702 1786 840 1853 Quia
867 1788 1156 1843 molestum
1186 1790 1350 1844 nimis
1380 1789 1570 1844 fuisset
1596 1790 1799 1845 .ludzeis
1820 1792 2035 1856 audire,

469 1877 615 1946 quod
651 1878 891 1943 sederet,
939 1887 1086 1933 stare
1126 1894 1252 1933 eum
1291 1879 1466 1934 dixit:
1510 1882 1731 1934 interim
1766 1890 1820 1935 et
1848 1897 2037 1936 resur-

415 2034 417 2037 ι
464 1969 767 2024 rectionem
794 1969 914 2037 ejus
938 1969 1038 2023 hac
1067 1970 1249 2038 phrasi
1275 1969 1521 2025 indicare
1546 1956 1738 2024 voluit.
1766 1970 2037 2026 Caeterum

463 2055 741 2111 Christum
782 2071 889 2110 non
926 2065 1093 2119 stare,
1127 2057 1220 2111 scd
1250 2057 1460 2122 sedere,
1495 2055 1691 2110 Paulus
1748 2057 1911 2111 etiam
1939 2058 2040 2110 do-

468 2148 602 2213 cuit,
630 2162 754 2202 cum
780 2147 892 2203 ait:
930 2165 950 2199 ο
986 2144 1473 2214 CouresuScitavit,
1507 2156 1562 2203 et
1610 2149 1908 2204 consedere
1940 2162 2040 2202 nos

469 2239 597 2294 fecit
638 2240 695 2293 in
726 2239 1041 2294 ccclestibus
1064 2238 1135 2305 “,
1163 2259 1181 2293 ι
1215 2240 1270 2293 in
1309 2240 1532 2296 dextera
1565 2242 1709 2310 ejus.
1748 2261 1766 2293 ι
1810 2241 2038 2296 Domine

466 2328 618 2383 Jcsu.
684 2346 705 2381 ι
766 2327 905 2384 Hinc
968 2338 1135 2400 patet,
1190 2329 1469 2400 justorum
1530 2331 1747 2387 animas
1807 2347 2037 2401 corpore

465 2421 700 2486 solutas,
775 2436 884 2477 non
949 2422 1208 2492 amplius,
1259 2422 1420 2478 sicuti
1482 2430 1665 2488 antea,
1713 2423 1767 2477 in
1832 2424 2035 2478 inferos

462 2510 824 2575 descendere,
862 2511 958 2568 sed
981 2512 1036 2567 in
1070 2528 1265 2569 manus
1285 2513 1380 2569 Dei
1435 2514 1673 2569 viventis
1712 2530 1810 2584 per
1842 2514 2037 2569 Salva-

466 2611 640 2655 torem
682 2602 928 2657 omnium
960 2601 1147 2659 Jesum
1196 2605 1476 2660 Christum
1513 2606 1835 2660 transmitti.
1874 2626 1892 2659 ‹
1930 2607 2034 2661 Ι)οο

465 2692 636 2757 mine,
665 2708 735 2750 ne
759 2702 995 2751 statuas.
1035 2713 1054 2748 ι
1073 2696 1209 2751 Cum
1237 2695 1547 2767 Stephanus
1572 2696 1742 2752 Deum
1771 2699 2030 2765 araverit,

463 2797 535 2838 ne
591 2794 821 2842 mortem
879 2803 1034 2843 suam
1092 2788 1200 2844 illis
1267 2789 1323 2843 in
1381 2797 1665 2859 peccatum
1727 2798 2029 2854 statueret,

461 2874 820 2946 inquisitione
848 2878 1069 2949 digmuu
1100 2880 1339 2944 videtur,
1367 2895 1496 2935 num
1550 2880 1822 2950 ejusmodi
1866 2890 2150 2950 peccatum
2187 2886 2482 2942 dimissum
2514 2887 2754 2959 :eisdem
2815 2886 3001 2942 fuerit.

2153 1787 2493 1860 ι’Συνήγειρε
2524 1791 2618 1844 καὶ
2673 1790 3030 1844 σενεκάθισεν
3061 1793 3120 1843 ὲν
3152 1791 3264 1853 τοῖς
3316 1790 3661 1860 ἐπουρανίοις
3696 1809 3718 1842 ι

2135 1881 2203 1931 τὲν
2225 1880 2373 1947 δεξιᾷ
2410 1879 2598 1933 αὐτοῦ.
2655 1901 2674 1933 ι
2705 1882 2880 1952 Κύριε
2914 1881 3112 1949 Ἰησοῦ.
3141 1899 3161 1932 ι
3210 1879 3491 1933 Ἐντεῦθεν
3520 1880 3726 1932 δείκνυο

2143 1988 2255 2037 ται,
2295 1972 2493 2042 μηκέτι
2519 1973 2600 2035 εἰς
2630 1972 2757 2044 ᾅδου
2784 1973 2882 2036 τὰς
2910 1973 3017 2026 τῶν
3039 1972 3261 2027 δικαίων
3294 1972 3515 2025 ἀπιέναι
3544 1971 3725 2042 ψυχάς

2141 2061 2249 2114 τῶν
2307 2064 2576 2131 σωμάτων
2629 2064 3136 2133 ἀπαλλαττομένοις,
3185 2063 3330 2117 καθά
3367 2064 3464 2117 καὶ
3505 2064 3723 2132 πρώην,

2143 2153 2458 2221 πέμπεσθαι
2515 2154 2569 2206 δὲ
2633 2154 2838 2222 μᾶλλον
2887 2156 2965 2217 είς
3057 2156 3250 2225 χεῖρας
3296 2152 3433 2206 Θεοῦ
3518 2152 3722 2217 ζῶντος

2141 2242 2227 2296 διὰ
2246 2242 2337 2296 τοῦ
2390 2244 2607 2297 πάντων
2652 2245 2809 2315 ἡμῶν
2851 2246 3103 2313 Σωτῆρος
3142 2243 3403 2314 Χριστοῦ.
3463 2243 3715 2312 «Κύριε,

2148 2336 2223 2406 μὴ
2295 2337 2567 2411 στήσῃς.»
2630 2338 2835 2389 Τούτου
2888 2337 2943 2389 δὲ
2978 2335 3424 2406 προσευξαμένου
3468 2333 3543 2403 μὴ
3592 2334 3724 2404 στῆ-

2147 2449 2236 2485 σαι
2291 2434 2477 2495 αὐτοῖς
2529 2433 2610 2494 είς
2672 2432 2948 2503 ἁμαρτίαν
3003 2432 3096 2483 τὸν
3142 2429 3340 2482 ἑαυτοῦ
3393 2428 3640 2490 θάνατον,
3665 2428 3717 2480 εί

2140 2520 2314 2591 ἁφέθη
2366 2524 2550 2585 αὐτοῖς
2607 2524 2641 2593 ἠ
2702 2521 2947 2592 ἁμαρτία
2976 2520 3232 2590 ’ζητῆσαι
3260 2517 3432 2583 ἄξιον.
3468 2517 3575 2569 Καί
3620 2535 3725 2587 (pa-

2141 2630 2241 2681 μεν
2262 2630 2273 2641 ⁸
2301 2613 2364 2665 Εἰ
2389 2613 2680 2683 μετενόουν
2734 2612 2913 2682 ἁφέθη
2946 2628 2959 2642 ⁶
2991 2612 3085 2665 καὶ
3140 2612 3248 2680 γὰρ
3280 2610 3308 2662 ὁ
3347 2609 3571 2679 μυρίαις
3612 2610 3718 2661 αὐ-

2136 2702 2228 2756 τὸν
2257 2704 2467 2773 βάλλων
2488 2705 2667 2777 χερσὶ,
2692 2706 2788 2758 καὶ
2813 2703 3009 2768 διώξας
3038 2704 3139 2773 τὴν
3176 2701 3508 2772 Ἐκκλησίαν
3557 2698 3712 2753 Παῦ-

2135 2793 2248 2859 λος,
2278 2798 2378 2866 τῆς
2414 2796 2745 2867 Ἐκκλησίας
2776 2795 3090 2867 προστάτης
3114 2793 3353 2859 ἐγένετο.

3117 2883 3569 2952 Respondemus:
3659 2880 3700 2934 S

461 2984 557 3025 eos
579 2972 856 3041 paenituit,
879 2973 1164 3030 dimissum
1189 2974 1826 3046 esse,quandoquidem
1855 2984 1909 3029 et
1934 2978 2026 3045 qui
2067 2995 2189 3034 cum
2252 2981 2490 3038 millenis
2544 2982 2799 3038 manibus
2891 2978 3210 3049 percussit,
3268 2983 3325 3033 et
3415 2972 3719 3029 Ecclesiam
3782 3038 3791 3043 ν

461 3072 786 3132 persecutus
840 3071 947 3129 est,
996 3080 1189 3135 neznpc
1235 3064 1459 3129 Paulus,
1516 3074 1703 3135 postea
1745 3066 2004 3120 Ecclesiae
2044 3079 2315 3136 protector
2363 3075 2416 3125 ct
2452 3080 2818 3143 propugnator
2850 3071 3043 3126 evasit.

550 3172 570 3206 ι
603 3152 1042 3212 Tabernaculum
1084 3146 1406 3214 testimonii.
1447 3178 1466 3212 ι
1487 3161 1641 3213 Auno
1672 3158 2040 3229 quadringen-
2066 3168 2107 3229 C

463 3237 694 3302 tesimo'
731 3246 1153 3317 quadragesimo
1217 3249 1380 3304 tertio
1447 3250 1517 3302 ab
1570 3250 1721 3303 exitu
1803 3250 2035 3306 ﬁliorum

464 3335 653 3401 Israel,
700 3351 847 3392 anno
893 3346 1089 3406 quarto
1145 3337 1300 3408 regni
1362 3337 1467 3404 sui,
1527 3338 1579 3392 in
1634 3339 1814 3409 primo
1850 3356 2039 3396 mense

465 3424 657 3490 Nisan,
695 3442 818 3481 cum
842 3436 993 3482 esset
1024 3443 1295 3483 annorum
1322 3428 1545 3501 triginta
1583 3430 1771 3493 trium,
1808 3446 2039 3502 congre-

467 3518 610 3584 gatis
637 3519 1021 3585 operariorum
1068 3518 1316 3573 millibus
1372 3519 1671 3590 octoginta,
1722 3533 1777 3577 et
1808 3523 2040 3579 [atomo-

470 3619 616 3670 rum,
682 3622 780 3660 seu
848 3607 1212 3678 Iapicidarum
1271 3611 1619 3681 septuaginta
1674 3614 1919 3670 millibus
1980 3616 2034 3669 in

472 3703 654 3751 monte
676 3695 907 3762 Libano,
943 3701 1361 3767 prmpositorum
1389 3716 1522 3756 vero
1579 3704 1842 3773 operibus
1871 3706 2037 3760 milli-

468 3787 577 3845 bus
614 3789 808 3856 tribus,
842 3798 897 3845 et
921 3793 1228 3859 sexcentis,
1256 3795 1719 3865 cmpitaedilicare
1743 3797 1796 3851 in
1827 3808 2033 3863 monte,

469 3880 525 3934 in
559 3895 668 3950 quo
702 3883 957 3952 apparuit
1019 3882 1287 3941 Dominus
1343 3886 1553 3953 Davidi,
1619 3890 1756 3957 patri
1810 3891 1931 3958 ejus
1980 3892 2033 3945 in

466 3983 593 4023 area
647 3966 810 4026 Ornat
869 3970 1160 4038 Jebusazi;
1224 3974 1316 4029 ubi
1382 3983 1436 4030 et
1486 3976 1696 4043 pridem
1759 3979 2033 4035 Abraham

465 4062 639 4116 altare
666 4063 1056 4131 mdiﬁcaverat,
1087 4074 1142 4122 et
1166 4067 1429 4137 templum
1453 4075 1662 4139 septem
1695 4071 1856 4126 annis
1881 4087 2036 4126 com-

466 4156 656 4225 plevit.
1530 4150 1534 4153 ⁷

957 4251 1118 4322 232
1167 4252 1398 4310 carur
1450 4252 1541 4309 IX.

465 4339 546 4396 De
588 4344 948 4408 persecutione
996 4344 1265 4407 Ecclesiw.
1317 4354 1366 4401 et
1396 4347 1675 4417 sepultura
1734 4346 2033 4417 Stephani:

534 4434 624 4488 ubi
650 4445 698 4488 et
724 4435 788 4491 de
820 4436 1065 4506 Philippo
1111 4438 1371 4506 apostolo,
1402 4438 1494 4507 qui
1524 4438 1716 4494 multos
1746 4441 1954 4494 sanavit
1978 4442 2033 4495 in

537 4522 805 4581 Samaria.

1097 4618 1399 4674 TEXTUS.

537 4705 653 4772 VII,
670 4708 773 4776 59;
801 4708 935 4774 VIII,
958 4711 1078 4764 1-4.
1112 4710 1310 4767 Saulus
1335 4720 1514 4768 autem
1539 4722 1659 4770 erat
1687 4717 2036 4772 consentiens

470 4800 634 4855 morti
662 4799 801 4869 ejus.
834 4800 994 4855 Facta
1029 4809 1112 4858 est
1138 4810 1322 4857 autem
1357 4804 1411 4859 in
1454 4805 1547 4859 illa
1571 4805 1658 4861 die
1717 4809 2028 4874 persecutio

470 4907 665 4961 magna
688 4892 743 4945 in
774 4891 1036 4960 Ecclesia,
1056 4910 1176 4964 qua:
1209 4906 1329 4951 erat
1350 4895 1728 4967 Jerosolymis,
1759 4907 1815 4955 et
1845 4915 2038 4954 omnes

470 4984 705 5055 dispersi
724 4997 854 5041 sunt
878 5001 973 5057 per
990 4988 1239 5058 regiones
1259 4988 1460 5044 Judzrae
1471 4999 1526 5044 et
1552 4989 2047 5060 Samariae,'pr:eter

470 5079 770 5144 apostolos.
802 5078 1146 5137 Curaverunt
1175 5089 1356 5138 autem
1393 5080 1730 5152 Stephanum
1755 5084 1858 5138 viri
1885 5082 2046 5137 timo-

471 5170 599 5235 rati,
614 5182 667 5225 et
684 5172 1216 5242 I'eceruntplanctum
1232 5188 1485 5242 magnum
1502 5189 1665 5243 super
1678 5189 1824 5228 eum.
1846 5173 2047 5229 Saulus

475 5267 660 5313 autem
687 5260 1013 5317 devastabat
1045 5261 1372 5327 Ecclesiam,
1410 5279 1506 5330 per
1554 5264 1749 5319 domos
1807 5263 2039 5327 intrans.

474 5356 531 5402 ct
558 5350 782 5405 trahens
815 5353 961 5406 viros
984 5366 1047 5407 ac
1071 5353 1331 5409 mulieres
1354 5352 1608 5407 tradebat
1630 5353 1685 5406 in
1711 5351 2039 5407 custodiam.

546 5464 593 5495 “
613 5463 815 5533 Ephes.
856 5481 917 5528 ιι,
944 5464 998 5517 6.

2212 3164 2774 3238 [ΧΡΥΣΟΣΤυΜΟΥ]
2832 3186 2851 3218 ι
2907 3165 3090 3236 Σκηνὴ
3132 3164 3226 3220 τοῦ
3307 3162 3628 3235 μαρτυρίου.
3690 3181 3711 3214 ι

2140 3257 2230 3327 Τῷ
2277 3258 2706 3329 τετρακοσιοστῷ
2754 3257 3173 3327 τεσσαρακοστῷ
3232 3256 3340 3309 ἔτει
3384 3256 3480 3324 τῆς
3531 3253 3711 3317 ἐξόδου

2139 3349 2249 3401 τῶν
2291 3349 2421 3401 υἱῶν
2471 3348 2708 3417 Ἰσραὴλ,
2734 3350 2790 3401 ὲν
2825 3349 2901 3419 τῷ
2930 3349 3174 3419 τετάρτῳ
3198 3347 3307 3400 ἔτει
3328 3348 3424 3417 τῆς
3446 3343 3725 3416 βασιλείας

2138 3438 2327 3501 αὑτοῦ,
2361 3440 2418 3491 ὲν
2440 3437 2519 3508 τῷ
2548 3437 2751 3508 πρώτῳ
2785 3438 2913 3506 μηνὶ
2935 3438 3127 3502 Νισὰν,
3151 3437 3410 3506 ὑπάρχων
3436 3434 3571 3487 ἐτῶν
3594 3430 3687 3500 λγ⁹
3705 3473 3723 3497 ,

2140 3530 2385 3597 συνάγων
2416 3530 2654 3601 ἐργάτας
2720 3529 2966 3599 χιλιάδας
3016 3528 3367 3597 ὀγδοήκοντα,
3427 3525 3522 3578 καὶ⁵
3562 3523 3719 3576 λατό-

2142 3638 2277 3689 μους
2329 3619 2570 3690 χιλιάδας
2612 3620 2984 3690 ἑϐδομήκοντα
3009 3621 3068 3675 ἐν
3099 3619 3177 3686 τῷ
3208 3619 3428 3687 Λιϐάνῳ
3460 3617 3597 3686 opst,
3626 3616 3722 3668 καὶ
3775 3693 3781 3699 .

2139 3713 2448 3783 προστάτας
2495 3713 2826 3784 τρισχιλίους
2876 3714 3190 3778 ἑξακοσίους
3239 3708 3715 3781 προστησάμενος,

2137 3800 2420 3874 ἁπήρξατο
2477 3801 2580 3875 [δὲ]
2663 3803 2764 3872 τῆς
2846 3802 3136 3872 οἰκοδομῆς
3192 3804 3249 3855 ἐν
3272 3800 3388 3866 δρει
3440 3790 3501 3852 οῦ
3561 3795 3719 3866 ὤφθη

2137 3896 2338 3966 Κύριος
2369 3895 2530 3949 Δαϐὶδ
2560 3894 2636 3964 τῷ
2688 3896 2849 3965 πατρὶ
2893 3894 3058 3949 αὑτοῦ
3115 3895 3173 3946 ὲν
3207 3893 3372 3947 ἄλωνι
3419 3890 3585 3959 Ὀρνᾶ
3623 3886 3721 3940 τοῦ

2150 3986 2493 4048 Ἰεϐουσαίου,
2514 3988 2569 4039 ἐν
2583 3980 2627 4055 ᾧ
2650 3987 2743 4038 καὶ
2764 3985 3026 4055 πρότερον
3050 3984 3305 4055 Ἀϐρααμ
3332 3982 3723 4050 θυσιαστήριον

2136 4078 2451 4149 ᾠκοδόμησε
2479 4080 2576 4147 τῆς
2603 4077 2829 4139 πόλεως.
2876 4077 2970 4129 καὶ
2995 4076 3087 4129 τὸν
3116 4075 3243 4130 ναὸν
3272 4077 3331 4127 ἐν
3369 4072 3545 4125 ἐτεσιν
3577 4068 3722 4124 ἑπτά

2137 4171 2464 4236 ἐξετέλεσεν.

2725 4258 2973 4313 ΚΕΦΔΛ.
3037 4256 3126 4311 ϐ’.

2138 4353 2278 4423 Περὶ
2351 4349 2610 4419 διωγμοῦ
2697 4347 2808 4415 τῆς
2899 4347 3288 4412 Ἐκκλησίας,
3361 4346 3457 4399 καὶ
3524 4341 3722 4413 ταφῆς

2208 4443 2545 4513 Στεφάνου·
2594 4441 2664 4494 ἐν
2689 4459 2737 4508 φ
2772 4440 2900 4507 περὶ
2946 4440 3249 4493 Φιλίππου
3305 4437 3413 4493 τοῦ
3455 4435 3723 4490 ἀποστόι-

2207 4539 2343 4599 λου,
2406 4531 2674 4597 πολλοὺς
2735 4529 3062 4599 ἱασαμένου
3119 4529 3190 4583 ἐν
3236 4526 3313 4597 τῇ
3374 4526 3690 4596 Σαμαρείᾳ.

2735 4621 3119 4677 ΚΕΙΜΕΝΟΝ.

2211 4713 2413 4775 Σαῦλος
2445 4712 2504 4766 δὲ
2537 4700 2619 4784 ’ἦν
2675 4710 3013 4766 συνευδοκῶν
3075 4712 3140 4780 τῇ
3195 4708 3472 4778 ἀναιρέσει
3531 4703 3722 4759 αὐτοῦ.

2155 4807 2402 4875 Ἐγένετο
2454 4807 2510 4860 δὲ
2551 4807 2608 4859 ὲν
2655 4804 2837 4874 ἐκείνη
2896 4805 2961 4874 τῇ
3018 4801 3205 4874 ἡμέρᾳ,
3254 4800 3493 4869 διωγμὸς
3548 4799 3731 4867 μέγας

2147 4901 2241 4951 ἐπὶ
2283 4897 2382 4966 τὴν
2440 4895 2765 4965 Ἐκκλησίαν
2825 4895 2924 4965 τὴν
2982 4896 3039 4947 ὲν
3096 4892 3467 4964 Ἰερουσαλήμ.
3522 4890 3731 4951 Πάντες

2147 4989 2208 5043 δὲ
2263 4988 2634 5060 διεσπάρησαν
2694 4986 2835 5039 κατὰ
2896 4984 2996 5047 τάς
3051 4983 3235 5054 χώρας
3286 4983 3383 5052 τῆς
3447 4979 3726 5043 Ἰουδαίας,

2151 5081 2244 5134 καὶ
2271 5081 2573 5150 Σαμαρίας,
2620 5078 2760 5146 πλὴν
2809 5075 2916 5129 τῶν
2963 5074 3299 5130 ἀποστόλων.
3358 5070 3730 5139 Συνεκόμισαν

2147 5172 2205 5225 δὲ
2227 5173 2319 5225 τὸν
2370 5172 2641 5240 Στέφανον
2698 5168 2887 5239 ἄνδρες
2940 5164 3211 5233 εὐλαϐεῖς,
3258 5163 3351 5217 καὶ
3407 5162 3728 5231 ἐποιήσαντο

2150 5264 2377 5318 κοπετὸν
2427 5264 2598 5333 μέγαν
2654 5261 2739 5314 ἐπ’
2787 5257 2967 5312 αὐτόν.
3036 5255 3239 5316 Σαῦλος
3288 5255 3347 5308 δὲ
3403 5249 3727 5320 ἐλυμαίνετο

2148 5353 2246 5424 τὴν
2292 5352 2614 5421 Ἐκκλησίαν
2654 5348 2797 5404 κατά
2846 5348 2972 5410 τοὺς
3023 5346 3204 5407 οἴκους
3253 5341 3724 5417 εἰσπορευόμενος,

1658 5546 1856 5610 Variae
1900 5546 2205 5611 lectiones
2244 5550 2308 5606 et
2351 5551 2516 5608 notae

550 5648 593 5682 ³⁷
635 5649 844 5720 ἔχοντα.
922 5651 967 5682 ⁸⁸
1020 5650 1408 5705 ἐπιδείκνυται.
1486 5651 1529 5689 ⁵⁸
1581 5648 1775 5713 ἄλλως.
