4088 6206
383 197 478 261 921

995 206 1527 275 EXPOSITIONIS
1566 216 1649 279 IN
1687 219 1877 280 ACT—A
1903 221 2201 286 TEXTUS
2238 227 2502 289 ALTER.
2540 253 2611 265 --
2659 230 2820 293 CAP.
2856 233 3030 296 VIII.

3546 243 3655 307 922

385 316 567 383 σύρων
636 331 695 367 τε
764 316 964 389 ἄνδρας
1038 323 1132 374 καὶ
1185 328 1468 393 γυναῖκας,
1538 331 1821 400 παρεδίδου
1890 336 1970 398 είς

2080 335 2260 409 Igitur,
2300 341 2395 411 qui
2443 341 2674 411 dispersi
2713 352 2891 411 erant,
2939 349 3346 416 pertransibant
3391 367 3640 426 evange-
3704 410 3709 413 _

384 406 651 474 φυλακήν.
740 409 803 461 Οἱ
879 409 978 480 μὲν
1079 409 1172 466 οῦν
1256 416 1646 489 διασπαρέντες
1731 423 1967 496 διῆλθον,

384 496 859 568 εὐαγγελιζόμενοι
898 501 991 565 τὸν
1047 502 1225 573 λόγον.
1638 500 1643 505 ’

386 588 521 655 Περὶ
556 591 815 659 Σίμωνος
873 595 981 649 τοῦ
1036 596 1264 667 Μάγου,
1338 604 1797 673 πιστεύσαντος.
1871 608 1971 663 καί

449 683 898 749 ,βαπτισθέντος
922 686 1031 743 σὺν
1059 689 1283 758 ἑτέροις
1319 693 1599 757 πλείοσιν
1617 712 1632 728 σ
1657 697 1733 749 ἐν
1751 690 1799 763 ᾧ
1835 700 1970 766 περὶ

456 771 564 838 τῆς
592 775 698 826 τοῦ
752 774 979 844 Πέτρου
1046 780 1144 833 καὶ
1210 782 1479 838 Ἰωάννου
1525 787 1669 854 πρὸς
1748 792 1971 860 αὐτοὺς

456 860 811 931 ἐπιστολῆς.
849 867 940 919 καὶ
975 867 1298 937 ἐπίκλησις
1315 873 1420 927 τοῦ
1437 876 1611 944 ἁγίου
1627 880 1971 948 Πνεύματος

452 951 548 1003 ἐπί
586 952 726 1019 τοὺς
752 955 1229 1025 βαπτισθέντᾳς.

792 1048 868 1117 Τῇ
901 1055 962 1116 γ’
996 1049 1098 1116 τῆς
1132 1057 1194 1117 γ’
1242 1053 1555 1123 ἑϐδομάδος.

999 1137 1388 1201 ΚΕΙΜΕΝΟΝ.

450 1217 717 1277 Φίλιππος
756 1221 811 1273 δὲ
853 1223 1128 1278 κατελθὼν
1172 1230 1253 1290 είς
1297 1230 1450 1283 πόλιν
1498 1233 1597 1300 τῆς
1628 1235 1963 1306 Σαμαρείας,

381 1306 685 1376 ἐκήρυσσεν
735 1311 915 1377 αὐτοῖς
974 1316 1065 1366 τὸν
1128 1318 1399 1385 Χριστόν’
1466 1325 1752 1393 προσεῖχόν
1802 1344 1860 1377 τε
1918 1330 1965 1380 οί

379 1393 525 1461 ὄχλοι
588 1400 700 1461 soi;
758 1400 1069 1469 λεγομένοις
1117 1405 1220 1459 ὑπὸ
1268 1409 1558 1477 Φιλίππου,
1625 1414 1965 1485 ὁμοθυμαδὸν

377 1483 438 1535 έν
474 1486 550 1555 τῷ
585 1489 801 1543 ἀκούειν
854 1494 1051 1559 αὐτοὺς
1104 1498 1196 1551 καὶ
1254 1500 1471 1564 βλέπειν
1524 1502 1591 1556 τὰ
1653 1483 1853 1575 σημεῖα
1928 1508 1965 1561 ἃ

381 1576 571 1630 ἐποίει.
617 1580 832 1633 Πολλῶν
861 1584 967 1650 γὰρ
1024 1587 1132 1640 τῶν
1193 1591 1425 1659 ἐχόντων
1478 1595 1765 1665 πνεύματα
1822 1599 1963 1652 ἀκά-

2074 428 2304 505 lizantes
2332 432 2561 486 verbum
2604 432 2722 488 Dei.

2071 605 2147 659 De
2181 604 2394 662 Simone
2446 607 2630 677 Mago,
2683 611 2773 680 qui
2834 611 3057 667 credidit
3096 622 3145 666 et
3200 612 3495 681 baptizatus
3547 618 3650 686 fuit

2142 710 2261 748 cum
2293 696 2413 750 aliis
2446 698 2659 751 multis:
2691 698 2784 752 ubi
2832 698 2898 752 de
2929 700 3175 754 missione
3226 700 3375 756 Petri
3404 717 3451 757 et
3479 706 3648 759 Joan-

2146 786 2228 841 nis
2256 786 2327 840 ad
2382 788 2545 854 ipsos,
2585 798 2632 843 et
2686 790 2750 844 de
2798 790 3129 845 invocatione
3186 792 3420 862 Spiritus
3475 800 3649 853 sancti

2138 892 2302 946 supra
2333 879 2655 948 baptizatos.

2424 1056 2580 1113 Feria
2621 1060 2656 1115 5
2701 1060 3055 1116 hebdomade:
3092 1061 3290 1118 tertiae.

2708 1151 3009 1206 TEXTUS.

2135 1239 2273 1304 Vill,
2289 1240 2442 1294 5-17.
2456 1237 2743 1310 Philippus
2758 1249 2937 1295 autem
2954 1240 3362 1315 descend‘ensin
3378 1241 3648 1297 civitatem

2067 1331 2343 1389 Samarire.
2391 1332 2722 1400 praedicabat
2764 1330 2876 1386 illis
2928 1331 3230 1387 Christum.
3292 1330 3652 1388 lntendebant

2067 1431 2247 1476 autem
2273 1422 2446 1477 turbae
2464 1422 2549 1477 liis
2568 1437 2734 1492 quaee
2772 1421 3022 1492 Philippo
3067 1422 3413 1484 dicebantur.
3464 1424 3655 1478 unani-

2069 1513 2228 1567 miter
2246 1513 2532 1568 audientes
2547 1522 2603 1566 et
2627 1512 2877 1568 videntes
2891 1514 3043 1583 signa
3064 1528 3184 1581 qua:
3222 1512 3479 1567 faciebat.
3499 1512 3651 1566 Multi

2067 1603 2209 1656 enim
2244 1618 2432 1656 eorum
2462 1602 2554 1673 qui
2589 1602 2867 1657 habebant
2897 1603 3125 1672 spiritus
3151 1602 3495 1667 immundos,
3538 1604 3652 1654 ria-

383 1662 576 1733 θαρτα,
629 1666 835 1735 βοῶντα
868 1675 1017 1743 φωνῇ
1068 1675 1277 1745 μεγάλη
1310 1679 1637 1747 ὲξήρχοντο³
1681 1681 1865 1734 πολλοὶ
1916 1684 1972 1736 δὲ

2080 1702 2286 1749 mantes
2313 1709 2445 1748 voce
2478 1707 2669 1761 magna
2707 1692 2972 1754 exibant;
3012 1692 3169 1744 multi
3219 1700 3400 1745 autent
3437 1693 3652 1761 paraly-

384 1756 814 1829 παραλελυμένοι
849 1762 943 1814 καὶ
981 1764 1146 1833 χωλοὶ
1201 1766 1673 1837 ἐθεραπεύθησαν.
1724 1773 1972 1839 Ἐγένετο

381 1845 435 1898 δὲ
466 1850 609 1918 χαρά
641 1851 848 1921 μεγάλη
885 1853 943 1903 ἐν
998 1857 1060 1920 τῇ
1094 1854 1245 1907 πόλει
1276 1856 1481 1928 ἐκείνῃ.
1559 1860 1721 1931 Ἀνὴρ
1782 1862 1838 1914 δέ
1889 1881 1972 1927 τις

380 1937 605 2007 ὀνόματι
648 1942 851 2008 Σίμων,
909 1944 1260 2014 προϋπῆρχεν
1288 1948 1347 1998 ὲν
1396 1952 1458 2020 τῇ
1511 1951 1663 2003 πόλει
1714 1934 1971 2022 μαγεύων

382 2027 476 2077 καὶ
523 2027 749 2092 ὲξιστῶν
784 2031 844 2081 τὸ
884 2030 1031 2094 ἔθνος
1076 2036 1176 2102 τῆς
1215 2035 1551 2107 Σαμαρείας,
1606 2040 1781 2108 λέγων
1830 2038 1970 2096 εἷναί

382 2133 503 2170 τινα
534 2120 723 2171 ἑαυτὸν
762 2121 972 2189 μέγανο
1014 2115 1058 2190 ᾧ
1111 2130 1404 2196 προσεῖχον
1458 2130 1566 2182 ἀπὸ
1626 2132 1822 2199 μικροῦ
1865 2133 1969 2196 ἕως

386 2208 621 2277 μεγάλου
650 2210 925 2279 λέγοντες·
959 2207 1129 2279 Οὗτός
1153 2218 1303 2270 ἐστιν
1360 2220 1392 2289 ἡ
1428 2219 1658 2288 δύναμις
1713 2223 1806 2275 τοῦ
1835 2224 1970 2278 Θεοῦ

383 2300 417 2369 ή
450 2301 678 2370 μεγάλη.
715 2303 1006 2375 Προσεῖχον
1034 2306 1090 2358 δὲ
1121 2307 1270 2376 αὖτῷ
1306 2309 1394 2361 διὰ
1419 2311 1479 2363 τὸ
1527 2312 1710 2365 ἱκανὸν
1770 2314 1966 2383 χρόνον

385 2396 504 2454 ταῖς
532 2393 780 2462 μαγείαις
815 2395 1162 2459 ἐξεστακέναι
1191 2400 1412 2462 αὐτούς.
1460 2402 1590 2454 Ὀτε
1629 2403 1687 2455 δνὲ
1719 2404 1971 2457 ἐπίστευο

389 2499 488 2536 σαν
548 2483 627 2553 τῷ
681 2486 930 2553 Φιλίππῳ
982 2488 1454 2560 εὐαγγελιζομένῳ
1538 2491 1606 2544 τὰ
1674 2493 1803 2560 περὶ
1874 2494 1972 2562 τῆς

388 2572 664 2641 βασιλείας
690 2576 782 2627 τοῦ
813 2576 948 2629 Θεοῦ
978 2579 1072 2630 καὶ
1102 2578 1195 2631 τοῦ
1222 2580 1485 2650 ὀνόματος
1510 2581 1685 2652 Ἰησοῦ
1709 2582 1969 2652 Χριστοῦ,

387 2665 740 2730 ἐϐαπτίζοντο
767 2668 956 2737 ἀνδρες
1001 2687 1063 2722 τε
1110 2671 1201 2723 καὶ
1249 2675 1524 2740 γυναῖκες.
1592 2675 1653 2727 '0
1697 2676 1751 2728 δὲ
1790 2677 1972 2745 Σίμων

386 2757 481 2810 καὶ
527 2760 686 2821 αὐτὸς
741 2760 1048 2827 ἐπίστευσε,
1126 2764 1222 2817 καὶ
1288 2765 1632 2834 βαπτισθεὶς,
1682 2763 1751 2837 ἦν
1806 2785 1975 2839 προσ-

388 2844 673 2921 καρτερῶν
708 2852 785 2920 τῷ
834 2853 1118 2924 Φιλίππῳ·
1173 2855 1393 2925 θεωρῶν
1458 2875 1517 2909 τε
1565 2859 1826 2928 δυνάμεις
1880 2861 1973 2912 καὶ

388 2943 592 3012 σημεῖα
641 2942 925 3012 γινόμενα,
978 2944 1247 3009 ἐξίστατο.
1308 2946 1672 3013 Ἀκούσαντες
1713 2951 1769 3004 δὲ
1833 2954 1885 3004 οί
1916 2954 1973 3007 ἐν

397 3031 785 3101 Ἱεροσολύμοις
821 3033 1130 3097 ἀπόστολοι,
1183 3036 1264 3090 ὅτι
1316 3037 1564 3093 δέδεκται
1623 3042 1972 3113 ήΣαμάρεια

385 3117 672 3189 τὸνλόγον
709 3121 804 3175 τοῦ
837 3123 995 3189 Θεοῦ,
1055 3126 1382 3179 ἀπέστειλαν
1440 3130 1577 3197 πρὸς
1636 3131 1833 3195 αὐτοὺς
1880 3133 1971 3185 τὸν

388 3210 594 3279 Πέτρον
638 3211 732 3263 καὶ
797 3212 1087 3282 ἰωάννηνο
1144 3213 1341 3276 οἵτινες
1404 3217 1739 3280 καταϐάντες
1805 3237 1975 3290 προσ-

385 3300 620 3369 ηύξαντο
639 3304 767 3371 περὶ
799 3303 998 3367 αὐτῶν,
1058 3305 1205 3366 ὅπως
1256 3306 1464 3360 λάϐωσι
1505 3309 1728 3379 Πνεῦμα
1777 3311 1970 3379 ἅγιον·

383 3390 536 3446 οὖπω
567 3394 675 3463 γὰρ
699 3390 766 3464 ἦν
802 3394 889 3448 ἐπ’
915 3396 1091 3448 οὐδενὶ
1120 3397 1298 3450 αὐτῶν
1337 3401 1739 3466 ὲπιπεπτωκὸς,
1812 3403 1973 3471 μόνον

382 3483 440 3537 δὲ
473 3484 894 3555 βεϐαπτισμένοι
926 3487 1167 3559 ὑπῆρχον
1210 3490 1289 3550 είς
1312 3492 1374 3543 τὸ
1412 3491 1584 3561 ὄνομα
1638 3493 1732 3546 τοῦ
1767 3495 1972 3565 Κυρίου

396 3573 593 3640 Ἰησοῦ.
638 3576 771 3628 Τότε
815 3578 1098 3631 ὲπετίθουν
1126 3581 1222 3642 τὰς
1248 3584 1438 3652 χεῖρας
1485 3584 1574 3635 ἐπ’
1602 3584 1819 3651 αὐτοὺς,
1878 3588 1974 3640 καὶ

386 3666 699 3737 ἐλάμϐανον
734 3668 961 3741 Πνεῦμα
1026 3669 1202 3738 ἅγιον.

973 3760 1355 3819 EPMHNEIA.

455 3851 621 3921 Οὺχό
675 3851 972 3915 ἀπόστολος
1029 3854 1314 3918 Φίλιππος,
1380 3857 1408 3908 ὁ
1465 3857 1523 3908 ἐν
1580 3857 1693 3918 τοῖς
1761 3856 1967 3911 δώδεκα

384 3941 814 4011 καταλεγόμενος
854 3934 1010 4005 οὗτός
1042 3944 1209 4005 ἐστιν,
1278 3943 1393 3996 ἀλλ’
1430 3938 1510 4005 εἷς
1558 3944 1665 3996 τῶν
1723 3945 1881 4008 ἑπτὰ,
1944 3947 1972 3999 ὁ

388 4033 527 4103 μετὰ
600 4035 872 4103 Στεφάνου
947 4034 1218 4101 έπιλεγεὶς
1273 4034 1409 4105 πρὸς
1473 4035 1571 4107 τὴν
1624 4038 1732 4088 τῶν
1787 4036 1971 4107 χηρῶν

383 4126 714 4196 οἰκονομίαν.
756 4127 878 4180 Ὀτι
904 4126 961 4179 δὲ
1010 4126 1205 4196 ἀληθές
1248 4128 1415 4189 ἐστιν,
1459 4128 1710 4181 ἐντεῦθεν
1770 4128 1927 4198 δῆλον
1952 4169 1968 4193 ,

385 4218 497 4270 τῶν
545 4217 857 4271 ἀποστόλων
905 4218 1080 4289 μόνων
1135 4219 1193 4270 ἐν
1252 4215 1646 4287 Ἱεροσολύμοις
1727 4220 1970 4290 περιλει-

2076 1784 2167 1840 lici
2209 1794 2262 1838 et
2298 1783 2482 1837 claudi
2546 1781 2722 1836 curati
2758 1790 2905 1855 sunt.
2942 1780 3168 1834 Factum
3225 1790 3310 1849 est
3360 1795 3491 1850 ergo
3520 1797 3655 1850 gau-

2077 1873 2228 1926 dium
2267 1887 2526 1942 magnum
2587 1871 2641 1924 in
2706 1870 2798 1923 illa
2853 1870 3096 1924 civitate.
3136 1868 3265 1924 Erat
3325 1881 3507 1924 autem
3568 1873 3654 1925 vir

2072 1963 2293 2032 quidam
2351 1963 2570 2037 nomine
2629 1960 2856 2026 Simon,
2919 1961 2973 2015 in
3031 1960 3255 2015 civitate
3309 1977 3521 2030 magus,
3561 1978 3655 2018 se-

2074 2057 2282 2110 ducens
2324 2062 2540 2123 gentem
2587 2053 2870 2116 Samarim,
2902 2051 3095 2108 dicens
3139 2067 3200 2107 se
3252 2068 3375 2107 esse
3412 2053 3649 2121 aliquem

2073 2161 2372 2215 magnum;
2409 2146 2495 2199 cui
2539 2142 2927 2196 auscultabant
2961 2157 3151 2196 omnes
3184 2142 3461 2197 aminimo
3480 2157 3654 2211 usque

2074 2234 2142 2288 ad
2177 2235 2503 2294 maximum,
2550 2231 2834 2287 dicentes:
2894 2230 2995 2284 Hie
3025 2240 3109 2286 est
3148 2231 3328 2285 virtus
3388 2231 3654 2300 Dei,qna;

2076 2332 2305 2377 vocatur
2334 2337 2553 2388 magna.
2606 2319 2979 2375 Attendehant
3020 2329 3200 2374 autem
3261 2335 3410 2385 eum,
3436 2330 3655 2389 propter

2075 2412 2220 2480 quod
2260 2411 2431 2463 multo
2465 2420 2713 2477 tempore
2742 2409 2939 2478 magiis
2980 2410 3096 2464 suis
3123 2409 3495 2477 dementasset
3530 2425 3649 2464 eos.

2075 2498 2211 2554 Cum
2259 2514 2391 2551 vero
2438 2499 2800 2553 credidissent
2848 2496 3096 2567 Philippo
3147 2499 3545 2569 evangelizanti
3584 2498 3653 2553 de

2078 2606 2248 2660 regno
2279 2588 2398 2649 Dei,
2433 2590 2487 2641 in
2523 2589 2747 2643 nomine
2809 2588 2938 2643 Jesu
2971 2589 3174 2644 Christi
3231 2589 3652 2657 baptizabantur

2075 2680 2185 2734 viri
2226 2695 2290 2733 ac
2334 2680 2615 2734 mulieres.
2655 2679 2812 2732 Tunc
2840 2678 3027 2734 Simon
3064 2680 3257 2749 etipse
3300 2678 3571 2733 credidit:
3599 2688 3654 2733 ct

2076 2788 2199 2827 cum
2242 2771 2553 2840 baptizatus
2582 2780 2750 2834 esset,
2777 2770 3089 2824 adhaerebat
3142 2769 3413 2838 Philippo.
3448 2767 3652 2825 Videas

2076 2850 2240 2915 etiam
2302 2862 2457 2936 signa
2506 2868 2562 2916 et
2618 2861 2851 2915 virtutes
2911 2861 3179 2915 maximas
3235 2860 3350 2914 Iicri
3418 2870 3652 2928 stupens

2079 2950 2486 3005 admirabatur.
2516 2948 2652 3005 Cum
2713 2958 2894 3006 autem
2921 2950 3207 3005 audissent
3250 2951 3508 3019 apostoli,
3554 2950 3648 3021 q'zi

2078 3050 2234 3096 erant
2261 3040 2647 3111 Jerosolymis,
2682 3041 2825 3108 quod
2885 3042 3188 3108 recepisset
3242 3040 3489 3094 Samaria
3526 3056 3652 3095 ver—

2077 3133 2208 3187 bum
2244 3130 2359 3193 Dei,
2419 3131 2691 3185 miserunt
2725 3131 2791 3185 ad
2820 3146 2917 3185 eos
2977 3132 3198 3185 Petrum
3244 3139 3299 3184 et
3357 3130 3650 3183 Joannem.

2081 3223 2335 3286 Quicum
2391 3223 2694 3285 venissent,
2736 3222 2895 3292 233
2935 3230 3232 3277 oravernnt
3285 3237 3385 3291 pro
3419 3221 3554 3289 ipsis
3595 3229 3654 3273 ut

2084 3311 2403 3381 aeciperent
2464 3310 2731 3379 Spiritum
2787 3321 3072 3366 sanctum:
3112 3312 3356 3366 nondum
3417 3312 3562 3365 enim
3597 3313 3651 3366 in

2080 3416 2410 3469 qurmquam
2447 3402 2664 3456 illorum
2689 3409 2932 3464 venerat,
2990 3403 3083 3456 sed
3145 3402 3400 3470 baptizati
3445 3410 3652 3455 tantum

2081 3498 2240 3545 erant
2266 3493 2562 3546 innomine
2607 3490 2821 3544 Domini
2879 3489 3027 3545 Jesu.
3098 3489 3252 3544 Tunc
3304 3490 3655 3558 imponebant

2084 3592 2279 3633 manus
2312 3593 2481 3648 super
2537 3577 2684 3642 illos,
2715 3585 2770 3631 et
2811 3579 3155 3647 acuipiebant
3204 3578 3466 3648 Spiritum
3529 3594 3655 3641 san-

2080 3675 2252 3721 ctum.

2577 3754 3144 3813 COMMENTARIUS.

2157 3846 2445 3917 Philippus
2477 3847 2580 3902 iste
2611 3862 2718 3901 non
2753 3848 2842 3900 ille
2881 3856 2985 3911 est,
3021 3846 3114 3915 qui
3154 3846 3297 3898 inter
3356 3844 3651 3899 duodecim

2081 3940 2362 4008 apostolos
2404 3948 2800 3994 annumeratus
2828 3946 2955 4003 est;
2993 3939 3087 3991 sed
3146 3952 3291 3991 unus
3321 3952 3384 3989 ex
3449 3944 3653 4004 septem

2079 4032 2349 4094 diaconis,
2407 4031 2499 4100 qui
2550 4046 2655 4084 una
2709 4045 2833 4084 cum
2903 4024 3183 4098 Stephano
3242 4028 3309 4081 ad
3366 4025 3654 4079 viduarum

2082 4137 2273 4177 curam
2312 4122 2619 4177 habendam
2673 4124 2885 4177 electus
2944 4120 3067 4175 fuit.
3104 4119 3276 4187 Hujus
3332 4119 3407 4173 rei
3454 4117 3655 4171 veritas

2084 4214 2282 4271 exinde
2334 4223 2504 4285 patet.
2554 4214 2702 4284 quod
2757 4212 2902 4269 facta
2959 4212 3366 4283 persecutione,
3423 4208 3655 4279 apostoli

386 4308 655 4379 φθέντων,
681 4309 790 4363 τῶν
820 4308 877 4363 δὲ
909 4308 1111 4361 λοιπῶν
1183 4308 1441 4378 μαθητῶν
1495 4309 1654 4372 ἄλλος
1701 4309 1961 4380 ἀλλαχόσε

2080 4308 2168 4360 soli
2206 4304 2562 4377 Jerosolymis
2600 4312 3047 4374 permanserunt,
3084 4301 3310 4372 reliquis
3367 4299 3657 4366 discipulis

385 4402 813 4472 διασπαρέντων,
871 4400 1097 4453 κατὰτὸ
1154 4399 1477 4471 εἰρημένονο
1549 4420 1568 4453 α
1612 4400 1750 4472 Ἤδη
1780 4402 1978 4464 πάντες

386 4490 762 4561 διεσπάρησαν
816 4490 957 4542 κατά
1006 4489 1105 4551 τὰς
1154 4490 1340 4560 χώρας
1394 4490 1493 4559 τῆς
1541 4491 1810 4553 Ἰουδαίας
1886 4492 1981 4545 καὶ

386 4582 723 4653 Σαμαρείας,
803 4580 941 4651 πλὴν
1021 4581 1131 4635 τῶν
1226 4582 1603 4636 ἀποστόλων.»
1697 4584 1784 4637 Ἐν
1867 4585 1981 4653 τοῖς

387 4675 768 4745 διασπαρεῖσιν
812 4672 905 4725 οὖν
954 4669 1023 4745 ἦν
1058 4674 1151 4726 καὶ
1195 4666 1348 4735 οὗτος
1386 4677 1413 4728 ὁ
1452 4675 1737 4738 Φίλιππος,
1788 4675 1844 4739 ὃς
1884 4652 1979 4729 καὶ

389 4767 481 4820 τόν
560 4768 780 4838 Σίμωνα
811 4767 1120 4838 κατήχησεν
1180 4769 1238 4819 ὲν
1306 4768 1609 4838 Σαμαρείᾳ,
1673 4768 1767 4821 καὶ
1840 4767 1980 4820 κατά

395 4855 535 4908 θεῖον
559 4858 804 4928 χρησμὸν
829 4858 919 4912 τὸν
948 4858 1202 4928 εὐνοῦχον
1233 4858 1502 4928 βαπτίσας
1538 4859 1642 4911 ὑπὸ
1654 4859 1980 4927 ’Πνεῦματος

396 4945 603 5015 Κυρίου
637 4950 834 5019 εὑρέθη
867 4952 947 5014 είς
977 4951 1239 5016 Ἀζωτον.
1274 4949 1417 5017 Πρὸς
1449 4949 1505 5003 δὲ
1535 4951 1627 5002 καὶ
1667 4950 1980 5019 Σαμάρειαν

395 5030 623 5101 ὥρμησε
654 5038 751 5106 τὴν
783 5040 942 5090 αὑτὸν
986 5038 1335 5106 ἐνεγκοῦσαν.
1380 5037 1489 5110 Τῆς
1520 5037 1628 5108 γὰρ
1650 5039 1742 5090 ἐπὶ
1777 5039 1979 5106 Στεφά-

395 5139 471 5191 νῳ
529 5122 727 5195 λύττης
787 5129 1086 5195 πειραθεὶς,
1135 5132 1226 5182 καὶ
1271 5129 1454 5191 δείσας
1510 5130 1584 5199 μὴ
1633 5129 1741 5182 τῶν
1778 5129 1980 5199 ὁμοίων

404 5216 671 5285 μετάσχῃ,
703 5217 1119 5288 ὲπαλινόστησεν
1153 5219 1357 5275 οἴκαδε.
1411 5220 1621 5283 Ἀλλως
1669 5238 1729 5274 τε
1775 5221 1830 5273 δὲ
1877 5224 1925 5273 εἰ
1955 5223 1981 5275 ὁ

396 5305 663 5376 βαπτίσας
702 5310 758 5362 έν
786 5309 1087 5379 Σαμαρείᾳ,
1127 5306 1207 5373 εἷς
1242 5307 1309 5380 ἦν
1332 5311 1440 5365 τῶν
1466 5312 1801 5369 ἀποστόλων,
1837 5305 1983 5379 εἶχεν

395 5394 462 5448 ἂν
499 5396 597 5465 τὴν
629 5396 916 5449 αὐθεντὶαν
954 5397 1055 5465 τῆς
1102 5400 1196 5450 τοῦ
1237 5399 1556 5467 Πνεύματθῖ
1602 5399 1823 5461 δθσεωῗν
1887 5391 1981 5452 καὶ

390 5484 496 5536 οὐκ
560 5483 627 5538 ἂν
695 5487 899 5555 Πέτρος
963 5486 1057 5537 καὶ
1140 5487 1400 5556 Ἰωάννης
1483 5488 1813 5551 καταϐάντες
1874 5489 1981 5542 ἀπὸ

406 5570 791 5649 Ἱεροσολύμων
871 5578 1008 5648 πρὸς
1088 5579 1304 5643 αὐτοὺς,
1361 5580 1459 5649 τὴν
1501 5580 1592 5633 τοῦ
1663 5581 1981 5649 Πνεύματος

2082 4397 2342 4453 omnibus
2379 4398 2432 4451 in
2466 4397 2615 4450 varia
2672 4397 2791 4451 loca
2846 4394 3151 4464 dispersis;
3214 4390 3358 4446 unde
3415 4390 3653 4443 dicitur:

2092 4509 2111 4541 ‹
2152 4490 2218 4544 Et
2246 4504 2437 4545 omnes
2488 4486 2725 4557 dispersi
2778 4494 2909 4541 sunt
2951 4500 3048 4555 per
3078 4485 3332 4553 regiones
3383 4479 3583 4534 Judaea:
3603 4486 3658 4531 et

2087 4582 2386 4647 Samarize,
2450 4590 2646 4650 prmter
2710 4580 3065 4650 apostolos.»
3150 4575 3294 4629 inter
3376 4573 3656 4639 dispersos

2086 4681 2270 4726 autem
2307 4681 2424 4727 erat
2452 4674 2553 4726 iste
2573 4671 2899 4741 Philippus;
2945 4669 3038 4740 qui
3068 4678 3122 4722 et
3169 4666 3449 4721 Simonem
3498 4662 3658 4719 Chri-

2101 4763 2277 4815 stiana
2312 4762 2570 4830 religione
2596 4762 2792 4815 imbuit
2821 4760 3105 4825 Samaria’,
3139 4766 3192 4810 rt
3238 4758 3531 4826 baptizata.
3563 4754 3656 4807 Dei

2087 4862 2247 4917 nutu,
2275 4853 2554 4917 eunucho,
2618 4852 2823 4920 Spiritu
2865 4850 3074 4903 Domini
3130 4857 3351 4918 raptus,
3399 4850 3658 4901 inventus

2086 4944 2256 5000 estin
2310 4944 2501 4997 Azoto.
2534 4942 2683 4996 Abiit
2741 4957 2871 4994 vero
2930 4940 3094 4993 etiam
3160 4937 3490 4996 Samariam,
3537 4949 3659 5001 qua:

2086 5036 2260 5107 patria
2293 5036 2466 5105 ipsius
2501 5042 2637 5089 erat.
2700 5032 2907 5087 Furore
2957 5033 3127 5092 enim,
3178 5045 3287 5098 quo
3351 5028 3658 5095 Stephanus

2088 5128 2291 5201 petitus
2356 5124 2555 5191 fuerat,
2620 5125 2845 5179 territus
2902 5125 3231 5193 timensque,
3294 5134 3361 5173 ne
3442 5113 3649 5170 similia
3724 5181 3731 5190 _

2087 5214 2390 5287 pateretur,
2448 5218 2502 5271 in
2549 5216 2768 5270 domum
2828 5231 2982 5272 suam
3022 5229 3080 5270 se
3134 5211 3362 5279 recepit.
3420 5204 3654 5259 Aliunde

2087 5318 2291 5373 autem,
2332 5309 2376 5362 si
2405 5308 2450 5362 is
2483 5309 2576 5378 qui
2627 5310 2679 5361 in
2737 5306 2983 5383 Samaria
3051 5302 3365 5372 baptizavit.
3412 5313 3552 5351 unus
3588 5313 3656 5351 ex

2087 5399 2350 5467 apostolis
2380 5398 2593 5461 fuisset,
2619 5382 2904 5454 habuisset
2930 5398 3117 5464 utique
3142 5398 3464 5463 potestatem
3492 5388 3654 5441 dandi

2089 5491 2354 5557 Spiritum
2410 5500 2696 5545 sanctum:
2754 5503 2927 5557 quare
2984 5498 3123 5552 opus
3171 5498 3275 5535 non
3349 5479 3565 5541 fuisset,
3600 5488 3659 5531 ut

2094 5581 2287 5637 Petrus
2320 5590 2374 5636 et
2422 5579 2682 5644 Joannes,
2714 5577 3050 5646 Jcrosolyma
3091 5574 3463 5639 advenientes,
3531 5570 3658 5642 Spi-

3646 165 3689 195 κ
