4088 6206
382 128 411 148 Ι

405 201 513 268 923

1252 186 1829 253 THEOPHYLAC’I‘I
1868 188 2276 251 BULGARUE
2316 188 2674 249 ARCHIEP.

3541 176 3653 246 9‘24

409 316 551 368 ritus
611 309 787 365 sancti
845 306 1075 377 gratiam
1139 303 1341 358 eisdem
1390 303 1603 354 darent.
1656 299 1971 367 Baptizabat

2092 299 2351 370 παρέσχον
2393 300 2573 371 χάριν.
2633 292 2802 363 Οὗτος
2860 293 2954 352 οὖν
3032 296 3284 367 βαπτίζει
3351 294 3511 365 μόνον
3587 297 3664 360 ὡς

384 406 579 475 .igitur
654 402 758 457 iste
819 395 1229 458 tantummodo,
1288 385 1545 462 tanquam
1623 391 1967 460 discipulus;

382 492 771 565 .perliclebant
801 497 982 544 autem
1040 487 1268 554 gratiam
1314 485 1573 555 apostoli,
1623 483 1827 554 quibus
1857 483 1973 538 bare

412 586 644 641 facultas
666 580 865 636 collata
900 578 1096 635 fuerat.
1133 597 1152 628 ι
1192 577 1318 631 Erat
1344 583 1521 630 autem
1545 575 1632 630 vir
1666 574 1906 645 quidam.
1949 593 1967 625 ι

412 676 647 739 Adnota,
667 668 1211 742 appropinquandum
1247 682 1352 722 non
1386 682 1509 722 esse
1528 667 1720 737 magis.
1753 665 1907 731 Quod
1928 664 1975 720 si

410 767 534 835 quis
568 765 830 832 deceptus
859 763 924 816 ad
961 761 1110 831 ipsos
1144 759 1459 822 accesserit,
1482 756 1773 812 confestim
1795 757 1975 811 disce-

407 856 523 911 dat.
554 855 802 923 Ipsorum
834 852 979 908 enim
1014 849 1357 903 familiaritas
1403 848 1787 904 alienationem
1823 860 1978 901 men-

408 944 483 998 tis
513 943 736 1014 ingerit,
769 957 877 1012 qua
932 941 1136 995 veritas
1172 940 1411 995 discerni
1463 955 1569 994 non
1608 946 1807 1009 potest.
1871 938 1978 992 Iste

410 1034 580 1103 igitur
622 1033 810 1087 Simon
857 1029 1252 1086 subblandiens
1314 1031 1600 1100 apostolis,
1665 1043 1977 1098 quanquam

416 1139 607 1193 magus
634 1130 800 1189 esset,
828 1122 1139 1192 baptizatus
1169 1130 1254 1177 est
1284 1122 1428 1175 sicut
1459 1130 1514 1175 et
1544 1120 1635 1174 alii
1669 1134 1697 1172 a
1730 1119 1981 1189 Philippo

415 1230 526 1268 uno
556 1230 619 1268 ex
651 1220 883 1283 septem,
906 1214 998 1282 qui
1031 1227 1156 1267 cum
1184 1220 1328 1268 esset
1358 1211 1646 1275 diaconus,
1680 1225 1784 1264 non
1817 1210 1981 1263 babe-

419 1303 511 1357 bat
536 1311 858 1372 potestatem
906 1299 1068 1355 dandi
1109 1315 1206 1369 per
1258 1314 1519 1353 manuum
1574 1299 1980 1369 impositionem

415 1395 681 1464 Spiritum
722 1405 996 1447 sanetum.
1051 1390 1208 1459 Quod
1266 1401 1444 1447 autem
1504 1392 1606 1447 hoc
1640 1407 1828 1446 verum
1886 1390 1982 1456 sit,

412 1482 637 1553 etquod
691 1497 791 1536 nec
841 1482 1228 1536 miraculorum
1266 1482 1469 1535 donum
1515 1480 1702 1534 Simon
1752 1494 1984 1549 accepe-

417 1575 512 1638 rit,
534 1572 732 1628 exinde
760 1572 1012 1643 colligere
1037 1571 1195 1627 facile
1223 1580 1325 1638 est,
1358 1572 1505 1641 quod
1536 1586 1695 1626 sacer
1749 1573 1985 1641 scriptor

414 1666 560 1720 dicat
609 1683 622 1717 :
661 1662 867 1717 Videris
914 1663 1077 1715 etiam
1127 1664 1280 1732 signa
1320 1679 1439 1733 qum
1491 1663 1715 1729 ﬁebant,
1761 1674 1986 1732 stupens

417 1754 809 1809 admirabatur.
855 1751 1008 1808 Unde
1077 1754 1343 1818 accessit‘,
1397 1764 1456 1807 ut
1531 1754 1700 1809 hocce
1782 1754 1987 1809 donum

420 1846 750 1916 postularet.
792 1862 809 1895 ι
841 1842 976 1897 Cum
1017 1850 1198 1896 autem
1232 1842 1535 1898 audissent.
1579 1863 1596 1895 ι
1631 1842 1984 1899 Manifestum

418 1944 526 2001 est,
556 1949 652 1990 eos
685 1934 775 2003 qui
804 1948 834 1986 a
876 1932 1128 2002 Philippo
1162 1933 1580 2002 baptizabantur
1628 1934 1687 1987 in
1719 1934 1987 2000 Samaria,

418 2041 529 2081 non
565 2024 839 2094 recepisse
865 2023 1131 2093 Spiritum
1165 2031 1440 2089 sanetum,
1481 2026 1624 2092 quod
1659 2041 1783 2080 eum
1814 2025 1978 2081 dandi

420 2118 685 2175 facultate
720 2120 840 2188 ipse
867 2126 1100 2183 careret,
1133 2132 1198 2171 eo
1233 2119 1402 2187 quod,
1449 2126 1506 2172 ut
1549 2119 1812 2185 diximus,
1845 2135 1991 2175 unus

419 2217 629 2264 crate:
649 2217 858 2278 septem
911 2208 1197 2263 diaconis:
1239 2209 1327 2278 qui
1357 2210 1520 2282 234
1562 2209 1781 2280 quidem
1816 2211 1991 2265 virtu-

422 2309 529 2355 tem
564 2309 894 2370 acceperant
929 2298 1159 2355 faciendi
1193 2300 1478 2364 miracula,
1528 2316 1634 2355 non
1675 2302 1800 2356 item
1825 2302 1989 2357 dandi

426 2389 691 2459 Spiritum
751 2397 1031 2445 sanctum.
1068 2389 1194 2443 Hrec
1249 2392 1395 2444 enim
1451 2397 1571 2443 erat
1617 2391 1991 2459 apostolorum

422 2479 805 2549 praerogativa.
837 2479 935 2535 Vel
969 2479 1170 2534 aliter:
1204 2480 1481 2549 Philippus
1510 2478 1841 2535 descendere
1884 2496 1992 2536 non

424 2569 671 2625 faciebat
703 2568 967 2637 Spiritum
998 2580 1250 2624 sanctum
1292 2585 1457 2639 supra
1511 2584 1606 2624 eos
1648 2586 1788 2638 quos
1814 2572 1993 2642 bapti-

427 2660 609 2724 zabat,
637 2675 745 2713 non
771 2660 843 2715 ob
872 2661 1339 2729 imperfectionem
1373 2675 1546 2723 suam,
1582 2669 1676 2714 aut
1703 2662 1849 2731 quod
1894 2663 1995 2716 hoc

424 2750 750 2819 impetrandi
814 2748 953 2805 foret
1008 2751 1265 2821 indignus
1337 2751 1481 2820 (cum
1535 2752 1669 2805 alias
1730 2753 1995 2807 miracula

423 2840 626 2895 faceret
657 2850 710 2896 et
766 2844 985 2898 morbos
1030 2851 1247 2897 curaret
1294 2850 1349 2899 et
1381 2842 1606 2911 ejiceret
1657 2843 1983 2913 daemones),

2076 388 2343 461 μαθητής,
2374 391 2639 444 τελειοῦσι
2684 390 2742 443 δὲ
2788 390 2888 461 τὴν
2924 390 3084 461 χάριν
3122 390 3170 441 οἱ
3209 388 3521 453 ἀπόστολοι,
3581 384 3665 449 οἷς

2076 483 2108 550 ἡ
2153 483 2252 550 τῆς
2299 482 2554 552 τοιαύτης
2597 482 2795 547 δόσεως
2837 482 3091 535 αὖθεντία
3135 480 3362 534 ἐδέδοτο.
3420 500 3440 532 ι
3496 481 3661 550 ’Λνὴρ

2075 566 2133 623 δέ
2165 588 2267 635 τις.
2310 591 2327 622 ι
2365 572 2725 641 Σημειωτέον,
2764 572 2846 625 ὅτι
2879 573 2940 625 οὑ
2958 571 3038 625 δεῖ
3070 569 3389 640 πλησιάζειν
3424 569 3622 638 μάγοις
3644 584 3659 598 ⁸

2077 663 2124 714 εί
2160 662 2217 716 δέ
2248 681 2332 725 τις
2372 663 2672 733 ἀπατηθεὶς
2695 664 3046 735 ἐπλησίασεν,
3076 663 3397 733 ἀφιστάσθω
3421 662 3662 731 ταχέως.

2091 755 2155 806 Ἦ
2207 753 2313 823 γὰρ
2365 754 2597 824 ἐπιμονὴ
2651 756 2683 825 ή
2733 757 2789 807 ὲν
2838 756 3041 818 αὐτοῖς,
3094 756 3172 817 είς
3201 753 3484 806 ’ἔκστασιν
3537 752 3662 819 ἄγει

2082 843 2314 915 φρενῶν,
2342 844 2481 897 ὥστε
2517 844 2591 915 μὴ
2638 846 2875 899 συνιέναι
2921 846 3211 915 διακρῖναι.
3268 837 3439 907 Οὗτος
3489 843 3666 895 τοίνυν

2079 939 2106 989 6
2139 939 2318 1007 Σίμων
2346 937 2783 1007 ὑποκρισάμενος
2807 937 2928 970 ⁶⁰’⁸¹
2953 938 3078 999 τοὺς
3109 935 3460 997 ἀποστόλους,
3492 934 3665 1004 μάγος

2082 1027 2361 1099 ὑπάρχων,
2387 1029 2478 1081 καὶ
2507 1028 2666 1091 αὐτὸς
2698 1028 2896 1097 ὁμοίως
2929 1031 3043 1091 τοῖς
3065 1028 3245 1090 ἄλλοις
3265 1027 3369 1080 ὑπὸ
3396 1026 3665 1079 Φιλίππου

2083 1118 2381 1186 ἐϐαπτίσθη
2410 1118 2502 1171 τοῦ
2543 1118 2658 1182 ἐνὸς
2682 1118 2791 1171 τῶν
2837 1119 2976 1172 ἑπτά
2999 1134 3013 1148 ·
3048 1118 3106 1181 ὃς
3151 1117 3398 1180 διάκονος
3429 1116 3524 1181 ὢν,
3565 1117 3665 1169 οὐκ

2083 1205 2227 1280 εἶχεν
2262 1210 2510 1274 ἐξουσίαν
2551 1210 2640 1265 διὰ
2696 1211 2793 1277 τῆς
2854 1209 3192 1280 χειροθεσίας
3242 1209 3408 1262 αὐτοῦ
3464 1208 3669 1260 διδόναι

2084 1304 2142 1356 τδ
2186 1302 2405 1371 Πνεῦμα
2434 1302 2492 1354 τὸ
2529 1300 2702 1369 ἅγιον.
2745 1300 2868 1353 ’Ότι
2910 1316 2971 1353 τε
3007 1300 3063 1353 δὲ
3100 1299 3261 1353 τοῦτο
3308 1298 3528 1369 ἀληθὲς,
3574 1298 3669 1350 καὶ

2083 1391 2144 1445 τὸ
2160 1392 2267 1445 τῶν
2294 1392 2532 1461 σημείων
2566 1391 2787 1462 Πνεῦμα
2820 1391 2921 1443 οὐκ
2946 1389 3162 1453 ἐλαϐεν,
3206 1392 3307 1461 ὅρα
3331 1391 3445 1452 πῶς
3479 1406 3666 1457 φησιν,

2086 1485 2168 1537 ὄτι
2204 1484 2434 1554 Θεωρῶν
2463 1483 2718 1552 δυνάμεις
2741 1484 2836 1536 καὶ
2858 1483 3060 1551 σημεῖα
3093 1480 3371 1550 γινόμενα,
3397 1478 3663 1542 ἐξίστατο,

2089 1576 2183 1628 καὶ
2218 1575 2487 1644 προσῆλθε
2522 1572 2676 1627 τοῦτο
2719 1574 2945 1627 αίτῶν.ι
3004 1571 3411 1633 Ἀκούσαντες.»
3454 1570 3662 1641 Πρόδη-

2090 1666 2198 1731 λον,
2219 1666 2298 1717 ὅτι
2325 1665 2374 1718 oi
2415 1665 2518 1716 ὑπὸ
2551 1663 2813 1720 Φιλίππου
2839 1663 3243 1734 βαπτισθέντες
3262 1664 3318 1715 ὲν
3352 1662 3655 1732 Σαμαρείᾳ,

2089 1757 2189 1810 οὐκ
2201 1753 2340 1826 ἦσαν
2356 1754 2609 1818 λαϐόντες
2632 1753 2851 1822 Πνεῦμα
2869 1753 3040 1821 ἆγιον,
3059 1754 3146 1807 διά
3168 1754 3228 1806 τὺ
3244 1753 3318 1823 μὴ
3341 1753 3366 1805 ἐ
3371 1770 3485 1822 χειν
3500 1753 3660 1822 χάρις

2092 1866 2207 1916 σμα
2228 1847 2463 1900 τοιοῦτον
2483 1862 2496 1876 ·
2516 1846 2638 1899 ἐπεὶ
2653 1841 2828 1909 οὗτος,
2846 1845 2948 1917 ἔφη
2968 1846 3066 1914 μὲν
3079 1846 3143 1910 ⁶¹,
3169 1839 3247 1908 εἷς
3264 1841 3331 1911 ἦν
3351 1844 3459 1896 τῶν
3485 1845 3624 1897 ἑπτά
3642 1860 3655 1872 ·

2091 1931 2236 1992 οὗτοι
2277 1938 2386 2008 γὰρ
2432 1937 2687 2006 δυνάμεις
2738 1936 2928 1991 ἔλαϐον
2979 1937 3150 1988 ποιεῖν
3180 1937 3402 2005 σημεῖα,
3454 1936 3575 2005 οὐχὶ
3607 1934 3663 1986 δὲ

2094 2028 2316 2098 Πνεῦμα
2348 2028 2544 2081 διδόναι
2582 2027 2807 2097 ἑτέροις.
2832 2026 3000 2079 Τοῦτο
3032 2026 3139 2095 γάρ
3190 2020 3256 2095 ἦν
3285 2026 3345 2078 τὸ
3371 2024 3477 2077 τῶν
3529 2026 3663 2077 ἀποο

2094 2119 2293 2171 στόλων
2351 2118 2643 2189 ἐξαίρετον.
2704 2117 2913 2180 ’Ἄλλως
2954 2135 3013 2170 τε
3048 2116 3125 2182 δὲ,
3168 2116 3228 2169 οὗ
3276 2116 3554 2187 κατήγαγε
3602 2115 3665 2167 τὸ

2094 2210 2319 2279 Πνεῦμα
2348 2211 2376 2262 6
2395 2209 2659 2272 Φίλιππος
2684 2210 2775 2262 ἐπὶ
2795 2210 2920 2271 τοὺς
2945 2210 3034 2262 ὑπ’
3061 2208 3223 2263 αὑτοῦ
3252 2207 3665 2278 βαπτισθέντας,

2093 2299 2209 2370 ἦτοι
2241 2299 2415 2369 τιμῶν
2442 2301 2569 2364 τοὺς
2604 2300 2936 2363 ἀποστόλους
2963 2299 3042 2369 (οὐ
3086 2301 3189 2370 γὰρ
3224 2299 3300 2361 ὡς
3325 2296 3543 2367 εὐτελὴς
3574 2297 3670 2348 καὶ

2093 2390 2328 2455 ἀνάξιος,
2361 2391 2522 2444 ὁπότε
2579 2392 2672 2445 καὶ
2711 2392 2872 2454 αὐτὸς
2897 2392 3181 2461 ἀνεγράφη
3216 2391 3418 2459 σημεῖα
3438 2404 3667 2455 πεποιη-

2096 2482 2227 2545 κὼς,
2284 2485 2377 2536 καὶ
2439 2483 2610 2545 ἰάσεις
2657 2485 2848 2548 νόσων,
2895 2484 2989 2535 καὶ
3051 2481 3274 2543 ἐκϐολὰς
3328 2478 3663 2550 δαιμόνων),

2095 2574 2208 2625 ἀλλ’
2258 2576 2339 2628 ὅτι
2389 2575 2491 2626 οὐκ
2520 2573 2723 2643 ηὔξατο
2785 2573 2942 2629 τοῦτο
2993 2574 3176 2632 αὐτοῖς
3229 2571 3489 2641 ὑπάρξαι,
3545 2569 3662 2622 ἀλλ’

2095 2664 2172 2726 ὼς
2230 2663 2414 2734 ἀκμὴν
2467 2664 2542 2734 μὴ
2597 2659 2747 2718 οὖσιν
2816 2663 3140 2734 ἐπιτηδείοις
3220 2663 3353 2733 πρός
3406 2662 3504 2732 τὴν
3575 2658 3667 2713 τοῦ

2097 2753 2415 2823 Πνεῦματος
2448 2755 2736 2826 ὑποδοχὴν,
2766 2756 2928 2809 ὁπότε
2964 2755 3056 2809 καὶ
3087 2756 3115 2807 ὁ
3145 2755 3325 2825 Σίμων
3356 2751 3670 2824 βαπτισθεὶς

2097 2845 2188 2897 ὑπ’
2228 2844 2416 2908 αὑτοῦ,
2462 2847 2646 2915 ἀκμὴν
2709 2847 2777 2899 τὰ
2823 2847 2923 2915 τῆς
2989 2846 3190 2915 σαρκὸς
3256 2845 3488 2916 φρονῶν,
3547 2845 3664 2914 ᾔτει

423 2932 517 2989 sed
579 2936 730 3003 quia,
767 2942 829 2989 ut
879 2936 1145 3004 apostolis
1199 2935 1344 2990 hunc
1411 2935 1650 2989 deferret
1703 2935 1987 2997 honorem,

2095 2937 2210 2997 τοῖς
2281 2935 2601 3000 ἀποστόλοις
2671 2935 2762 2989 διὰ
2835 2937 3130 3006 χρημάτων
3208 2937 3407 2998 δόσεως
3488 2934 3674 2988 λαϐεῖν

424 3039 535 3079 non
568 3024 817 3093 rogabat,
856 3033 915 3079 ut
953 3025 1005 3077 id
1039 3040 1070 3077 a
1101 3041 1160 3080 se
1193 3025 1479 3094 baptizatis
1528 3026 1866 3093 contingeret
1892 3043 1906 3082 :
1937 3034 1987 3078 et

2099 3026 2368 3092 ἐξουσίαν,
2394 3020 2436 3091 ᾧ
2469 3027 2535 3080 ἂν
2572 3026 2722 3099 θέλῃ,
2750 3027 2838 3082 διὰ
2864 3031 2960 3099 τῆς
2989 3028 3096 3081 τῶν
3133 3028 3330 3098 χειρῶν
3377 3026 3676 3087 ἐπιθέσεως

424 3113 657 3169 fortasse
692 3115 818 3182 quia
851 3111 887 3167 ii
920 3113 987 3167 ad
1019 3112 1283 3183 Spiritum
1316 3123 1566 3169 sanctum
1604 3114 1979 3183 recipiendum

2092 3117 2269 3170 δοῦναι
2304 3118 2526 3186 Πνεῦμα
2558 3118 2732 3185 άγιον.

424 3203 663 3259 nondum
720 3212 881 3257 erant
928 3203 1148 3261 idonei:
1181 3204 1619 3274 quandoquidem
1677 3212 1732 3257 et
1770 3202 1963 3257 Simon
1992 3204 2300 3274 baptizatus
2369 3225 2456 3273 ea,
2493 3224 2613 3277 quae
2648 3210 2833 3263 carnis
2872 3219 2999 3265 sunt
3049 3209 3284 3277 sapiens,
3310 3210 3376 3264 ab
3410 3204 3674 3276 apostolis

425 3298 644 3370 petebat
698 3304 917 3367 erogata
974 3300 1205 3367 pecunia
1237 3341 1250 3364 ,
1342 3308 1401 3354 ut
1458 3305 1775 3370 potestatem
1818 3299 2088 3369 acciperet
2117 3301 2281 3357 dandi
2321 3306 2407 3357 cui
2469 3305 2649 3371 vellet,
2708 3321 2967 3360 manuum
3018 3306 3366 3374 impmitione
3406 3305 3671 3375 Spir‘tua

424 3396 696 3443 sanctum.

772 3479 927 3535 Feria
978 3480 1392 3538 ibebdomadm
1445 3480 1640 3534 tertiae.

1058 3570 1361 3626 TEXTUS.

2490 3487 2567 3557 Τῇ
2621 3486 2676 3540 δ’
2710 3488 2807 3556 τῆς
2871 3494 2929 3557 γ’
2977 3488 3290 3558 ἑϐδομάδος.

2694 3574 3084 3630 KEIMENON.

497 3662 637 3726 Vlll,
673 3663 760 3727 18,
794 3663 882 3718 l9.
915 3663 1050 3719 Cum
1111 3667 1340 3720 vidisset
1369 3669 1549 3715 autem
1583 3660 1798 3725 Simon,
1844 3662 1987 3729 quod

2151 3666 2513 3736 ’Θεασάμενοε
2555 3666 2611 3719 δὲ
2657 3668 2685 3719 6
2739 3667 2939 3736 Σίμων,
2985 3669 3066 3721 ὅτι
3105 3669 3194 3722 διά
3243 3669 3339 3738 τῆς
3388 3669 3685 3734 ἐπιθέσεως

425 3772 522 3827 per
580 3755 983 3825 impositionem
1039 3770 1300 3809 manuum
1349 3751 1725 3820 apostolorum
1772 3750 1987 3805 daretur

2097 3756 2204 3811 τῶν
2248 3758 2445 3828 χειρῶν
2484 3758 2591 3809 τῶν
2641 3758 2955 3811 ἀποστόλων
3005 3759 3205 3813 δίδοται
3248 3759 3308 3812 τδ
3359 3760 3581 3830 Πνεῦμα
3621 3762 3685 3814 τὸ

428 3845 920 3915 Spiritussanctus,
940 3843 1139 3899 obtulit
1164 3842 1243 3895 eis
1264 3835 1831 3908 pecuniam,'dicens:
1861 3836 1987 3891 Date

2099 3846 2273 3913 ἅγιον,
2334 3848 2708 3919 προσήνεγκεν
2770 3850 2952 3911 αὐτοῖς
2999 3849 3255 3918 χρήματα
3308 3849 3514 3917 λέγων·
3553 3851 3685 3902 Δότε

424 3946 480 3994 et
506 3938 638 3991 mihi
674 3936 816 3991 banc.
846 3944 1194 4005 potestatem,
1227 3941 1286 3987 ut
1312 3930 1629 4000 cuicunque
1676 3928 1987 3999 imposuere

2096 3936 2263 4005 κάμοὶ
2302 3938 2401 4006 τὴν
2450 3936 2696 4003 ἐξουσίαν
2727 3936 2950 4004 ταύτην,
2978 3937 3087 4001 ἵνα,
3130 3931 3174 4004 ᾧ
3229 3938 3324 3993 ἐὰν
3371 3938 3543 3992 ἐπιθῶ
3585 3938 3687 4001 τὰς

426 4040 643 4092 manus,
665 4025 904 4095 accipiat
936 4023 1201 4093 Spiritum
1233 4027 1508 4076 sanctum.

1045 4110 1289 4185 (mror
1306 4109 1377 4167 x.

427 4205 579 4273 Quod
636 4224 740 4262 non
800 4205 865 4260 ob
929 4205 1246 4276 pecuniam,
1305 4209 1468 4269 ne'que
1538 4205 1849 4275 hypocritis,
1906 4207 1996 4259 sed

2097 4028 2307 4097 χεῖρας,
2352 4026 2602 4098 λαμϐάνῃ
2638 4024 2860 4095 Πνεῦμα
2911 4026 3085 4094 ἅγιον.

2699 4117 2959 4172 ΚΕΦΑΛ.“
3006 4120 3040 4170 l'
3062 4158 3076 4172 .

2104 4213 2233 4264 Ὀτι
2288 4213 2360 4265 οὐ
2442 4209 2517 4265 δι’
2562 4208 2867 4278 ἀργυρίου,
2919 4208 3061 4263 οὐδὲ
3117 4209 3489 4279 ὑποκριταῖς,
3547 4211 3686 4267 ἀλλ’

495 4302 697 4355 sanctis
744 4316 836 4370 per
882 4298 1039 4371 fidem
1097 4299 1251 4354 detur
1303 4299 1707 4353 communicatio
1766 4298 1987 4368 Spiritus

2173 4302 2364 4370 ἁγίοις
2415 4299 2512 4353 διὰ
2584 4301 2844 4366 πίστεως
2904 4301 2943 4368 ἡ
3013 4301 3239 4369 μετοχὴ
3338 4301 3440 4355 τοῦ
3514 4302 3690 4370 ἁγίου

497 4391 694 4444 sancti.

501 4479 630 4545 Vlll,
664 4481 728 4536 l9
756 4479 847 4534 25.
878 4482 1073 4536 Petrus
1107 4488 1291 4534 autem
1355 4478 1493 4533 dixit
1523 4480 1589 4533 ad
1623 4495 1747 4536 eum
1784 4500 1798 4536 :
1832 4480 2002 4535 Pecu-

431 4564 519 4619 nia
560 4576 648 4618 tua
672 4573 852 4619 tecum
887 4566 960 4619 sit
990 4565 1044 4618 in
1090 4565 1449 4633 perditionem
1471 4606 1486 4631 ,
1510 4569 1769 4638 quoniam
1795 4568 2000 4623 donum

432 4654 527 4709 Dei
551 4655 875 4709 existimasti
904 4656 1132 4725 pecunia
1152 4656 1442 4725 possideri.
1464 4658 1581 4715 Non
1608 4668 1695 4716 est
1724 4659 1820 4713 tibi
1852 4674 2001 4728 pars,

433 4759 611 4811 neque
641 4758 763 4797 sors
794 4744 847 4797 in
904 4760 1160 4801 sermone
1196 4747 1326 4802 isto.
1378 4747 1487 4803 Cor
1511 4751 1656 4804 enim
1706 4758 1858 4803 tuum
1892 4765 2002 4803 non

433 4844 517 4890 est
536 4844 740 4889 rectum
757 4850 939 4891 coram
961 4837 1206 4895 Domino.
1224 4838 1608 4896 Paenitentiam
1627 4841 1809 4910 itaque
1822 4854 1921 4910 age
1935 4840 2003 4895 ab

439 4927 542 4980 bac
569 4926 812 4995 nequitia
846 4936 936 4983 tua
958 4937 1043 4995 ;et
1069 4945 1196 5000 roga
1216 4929 1410 4997 Deum,
1441 4931 1487 4987 si
1518 4930 1659 4986 forte
1688 4931 2004 4985 remittatur

434 5017 533 5072 tibi
571 5018 684 5073 haec
712 5020 966 5088 cogitatio
989 5023 1169 5078 cordis
1197 5022 1297 5077 tui.
1329 5021 1385 5075 In
1432 5022 1557 5077 felle
1604 5022 1748 5077 enim
1802 5023 2001 5075 amari-

436 5109 646 5166 tudinis
700 5119 756 5166 et
787 5112 1126 5183 obligatione
1182 5112 1492 5181 iniquitatis
1549 5110 1710 5166 video
1743 5119 1796 5165 te
1853 5126 1999 5167 esse.

438 5200 803 5269 Ilespondens
858 5209 1040 5257 autem
1077 5201 1293 5266 Simon,
1335 5202 1506 5254 dixit:
1569 5199 1875 5255 Precamini
1909 5216 2003 5256 vos

440 5303 543 5359 pro
568 5305 655 5345 me
714 5290 783 5344 ad
841 5290 1154 5357 Dominum,
1184 5297 1242 5344 ut
1267 5290 1407 5344 nihil
1457 5290 1641 5346 veniat
1693 5306 1859 5362 super
1913 5307 2000 5346 me

2177 4392 2525 4458 Πνεύματος
2577 4390 2823 4444 δίδοται.

2182 4478 2318 4535 Εἷπε
2346 4481 2402 4534 δὲ
2431 4481 2580 4551 αὐτῷ
2612 4483 2640 4534 6
2671 4482 2873 4552 Πέτρος
2899 4498 2912 4513 ·
2943 4483 3017 4535 Τὸ
3059 4483 3324 4554 ἀργύριόν
3355 4500 3447 4536 σου
3480 4482 3576 4535 σὺν
3607 4483 3691 4535 σοὶ

2108 4571 2192 4640 εῐη
2220 4573 2300 4634 είς
2324 4569 2621 4635 ἀπώλειαν,
2671 4571 2750 4623 ὅτι
2779 4571 2876 4640 τὴν
2908 4571 3116 4642 δωρεὰν
3143 4571 3237 4625 τοῦ
3265 4571 3399 4624 Θεοῦ
3434 4572 3692 4641 ἐνόμισας

2109 4660 2196 4712 διὰ
2254 4661 2551 4731 χρημάτων
2591 4660 2842 4716 κτᾶσθαι.
2898 4663 3012 4715 Οὐκ
3067 4661 3182 4715 ἐστι
3235 4679 3316 4715 σοι
3367 4662 3523 4731 μερὶς
3570 4661 3692 4714 οὐδὲ

2112 4749 2310 4819 κλῆρος
2337 4751 2395 4801 ὲν
2428 4748 2505 4820 τῷ
2541 4749 2685 4820 λόγῳ
2731 4749 2931 4819 τούτῳ,
2976 4751 3039 4803 Ἢ
3067 4751 3173 4820 γὰρ
3216 4750 3412 4820 καρδία
3460 4767 3550 4802 σου
3590 4751 3694 4802 οὒκ

2087 4840 2262 4904 ,ἐστιν
2313 4841 2498 4895 εὐθεῖα
2553 4841 2782 4895 ἐνώπιον
2840 4842 2934 4895 τοῦ
2982 4842 3138 4895 Θεοῦ.
3205 4842 3553 4911 Μετανόησον
3599 4839 3693 4895 οὖν

2113 4930 2222 4983 ἀπὸ
2247 4930 2345 4998 τῆς
2384 4930 2582 4993 κακίας
2613 4947 2703 4983 σου
2748 4930 2971 5000 ταύτης,
3008 4932 3102 4983 καὶ
3141 4932 3365 5002 δεήθητι
3408 4930 3503 4984 τοῦ
3527 4928 3689 4995 Θεοῦ,

2112 5022 2161 5073 εί
2197 5021 2304 5090 ἄρα
2333 5021 2665 5091 ἀφεθήσεταί
2707 5039 2786 5074 σοι
2830 5023 2862 5091 ή
2905 5021 3115 5076 ἐπίνοια
3162 5023 3260 5094 τῆς
3306 5023 3532 5094 καρδίας
3574 5037 3690 5074 σου.

2108 5111 2204 5174 Εἰς
2229 5110 2337 5181 γάρ
2378 5111 2538 5180 χολὴν
2571 5111 2818 5180 πικρίας,
2871 5112 2965 5164 καὶ
3005 5111 3301 5182 σύνδεσμον
3330 5113 3545 5174 ἀδικίας
3580 5109 3691 5181 ὁρῶ

2111 5220 2170 5255 σε
2193 5202 2689 5272 δντα.Ἀποκριθεὶς
2717 5202 2774 5255 δὲ
2802 5204 2828 5255 6
2857 5202 3039 5273 Σίμων
3065 5200 3214 5257 εἶπε·
3246 5204 3489 5276 Δεήθητε
3532 5203 3687 5273 ὑμεῖς

2110 5290 2250 5361 ὑπὲρ
2306 5290 2440 5361 ἐμοῦ
2477 5292 2610 5361 πρὸς
2650 5290 2871 5361 Κύριον,
2900 5353 2906 5358 ,
2933 5292 3082 5357 ὅπως
3136 5292 3302 5363 μηδὲν
3353 5292 3552 5362 ἐπέλθῃ
3603 5288 3691 5343 ἐπ’

1618 5423 1816 5487 Variae
1860 5422 2163 5487 lectiones
2208 5427 2268 5484 et
2312 5427 2478 5484 notas

525 5568 1151 5643 ⁶⁶ο⁶¹ὐποκορισάμενος.
1227 5571 1378 5626 ⁶¹ἷσο
1413 5570 1488 5636 ὡς
1523 5571 1755 5644 ἔφημεν·
