4088 6206
415 264 522 330 925

1039 260 1575 327 EXPOSITIONIS
1612 261 1695 322 IN
1734 261 1925 322 ACTA
1962 264 2261 325 TEXTUS
2303 265 2572 325 ALTER.
2615 288 2682 303 -
2714 265 2873 324 CAP.
2914 262 3083 323 VIII.

3576 254 3683 319 926

420 381 521 451 ἐμὲ
569 371 649 434 ὧν
705 376 990 447 είρήκατε.
1049 377 1113 428 Oi
1179 377 1276 445 μὲν
1337 371 1430 427 οὖν
1482 356 2006 445 διαμαρτυράμενοι,

2133 391 2306 429 torum
2360 390 2480 444 quae
2533 374 2773 430 dixistis.
2805 373 2869 426 Et
2926 371 3000 424 illi
3058 366 3273 437 quidem
3319 364 3595 420 testiﬁcati
3625 375 3680 422 et

423 473 520 528 καὶ
549 471 883 539 λαλήσαντες
924 465 1016 519 τὸν
1064 466 1221 532 λόγον
1252 467 1344 519 τοῦ
1393 466 1617 534 Κυρίου,
1664 464 2009 534 ὑπέστρεψαν

425 566 504 625 εἰς
572 560 950 631 Ἰερουσαλὴμι
995 557 1196 619 πολλάς
1240 575 1299 609 τε
1352 556 1545 625 κώμας
1587 554 1696 607 τῶν
1738 556 2013 625 Σαμαρε²⁹

423 654 531 707 τῶν
575 652 1026 722 εὐηγγελίσαντο.

997 755 1380 810 EPMHNEIA.

507 848 566 902 ’0
598 846 789 917 μιαρὸς
828 837 983 907 οὗτος
1023 843 1225 912 Σίμων,
1258 843 1318 896 ού
1350 841 1586 905 πίστεως
1615 839 1799 894 ἕνεκεν
1843 856 2011 911 προσ-

425 941 604 1011 φέρων
626 938 693 991 τά
721 937 997 1009 χρήματα,
1026 934 1142 1005 ᾔτει
1163 931 1324 987 τοῦτο
1373 933 1627 1002 γενέσθαι
1664 928 1833 1001 αὐτῷ,
1887 932 2014 986 ἀλλ’

426 1033 565 1085 ὥστε
600 1029 868 1100 πορισμὸν
917 1027 1065 1096 αὐτῷ
1114 1015 1414 1096 χρημάτων
1462 1026 1704 1096 οἰόμενος
1759 1026 2013 1097 ἀφορμὴν

427 1123 587 1176 τοῦτο
625 1119 897 1189 γενέσθαι.
948 1116 1225 1188 Πωσῆλθε
1266 1118 1374 1186 γάρ
1406 1117 1548 1169 ὥστε
1603 1117 1901 1184 πλουτῆσαι
1927 1119 2015 1171 διὰ

428 1214 537 1265 τῶν
566 1210 826 1280 σημείων,
857 1208 1109 1276 τοιαύτην
1160 1207 1318 1277 χάριν
1346 1205 1663 1275 δεξάμενος,
1710 1205 1890 1267 καθὼς
1921 1208 2015 1259 καὶ

416 1306 622 1377 ,πρώην
654 1303 950 1373 φαντασίας
985 1299 1219 1369 ἐνεργῶν
1254 1296 1342 1350 διὰ
1368 1297 1477 1349 τῶν
1519 1296 1816 1365 δαιμόνων.
1855 1295 2015 1349 Ἤτοι

435 1393 710 1463 πειράζων
736 1392 861 1454 τοὺς
897 1388 1223 1450 ἀποστόλους
1254 1386 1410 1439 τοῦτο
1445 1385 1640 1451 ἐποίει,
1694 1383 2016 1453 βουλόμενος

432 1483 767 1552 κατηγορίαν
801 1480 1133 1551 περιϐαλεῖν.
1177 1478 1267 1530 Διὸ
1309 1477 1402 1531 καὶ⁹
1434 1474 1649 1529 άκούει’
1690 1493 1708 1524 ι
1749 1475 1865 1527 Οὐκ
1902 1474 2017 1526 ἔστι

433 1594 514 1628 σοι
548 1574 704 1646 μερὶς
733 1574 792 1626 ὲν
821 1573 1065 1644 τῷλόγῳ
1102 1569 1309 1640 τούτῳ·
1343 1570 1376 1637 ἡ
1411 1568 1521 1637 γάρ
1571 1565 1766 1634 καρδία
1801 1583 1893 1619 σου
1918 1565 2019 1618 ούκ

433 1665 578 1717 ἔστιν
627 1662 809 1717 εὐθεῖα
875 1658 1104 1712 ἐνώπιον
1155 1658 1251 1711 τοῦ
1285 1656 1445 1710 Θεοῦ.
1504 1653 1851 1722 Μετανᾶησον
1901 1646 2015 1717 οὗν,

2114 466 2275 520 locuti
2320 466 2544 521 verbum
2582 464 2819 527 Domini,
2872 460 3123 515 redibant
3176 455 3596 525 Jerosolymam,
3624 465 3681 510 et

2113 557 2298 611 multis
2385 556 2700 628 regionibus
2776 553 3249 609 Samaritanorum
3342 547 3683 619 cvangeliza—

2111 646 2261 701 bant.

2611 725 3177 787 COMMENTARIUS.

2185 823 2463 879 Scelestus
2497 824 2589 877 hic
2625 823 2839 886 Simon,
2899 822 3110 891 prolata
3166 813 3423 884 pecunia,
3462 812 3683 881 petebat

2114 917 2278 983 hujus
2310 916 2439 970 doni
2472 929 2699 984 compos
2746 913 2883 973 ﬁeri,
2918 926 3025 964 non
3069 907 3213 971 ﬁdei,
3246 904 3339 961 sed
3394 903 3532 956 lucri
3564 917 3687 972 gra—

2118 1009 2213 1063 tia.
2250 1008 2482 1064 Putabat
2539 1007 2770 1069 scilicet,
2828 1000 2989 1073 235
3041 1000 3085 1053 si
3133 993 3405 1066 ejusmodi
3456 994 3683 1064 gratiam

2117 1103 2405 1172 reciperet,
2468 1097 2740 1159 futurum,
2802 1102 2884 1159 ut,
2958 1086 3415 1157 quemadmodum
3475 1084 3684 1152 pridem

2115 1190 2468 1246 daemoniacis
2502 1185 2817 1256 praestigiis,
2849 1184 2921 1236 ita
2982 1179 3240 1246 deinceps
3292 1174 3685 1229 miraculorum

2118 1280 2423 1351 patrationc
2445 1278 2765 1331 ditesceret.
2806 1272 2923 1335 Vel,
2959 1285 3057 1340 per.
3089 1269 3192 1323 hoc
3235 1266 3516 1336 apostolos
3567 1271 3688 1317 ten-

2118 1382 2235 1427 tare
2294 1368 2490 1430 voluit,
2550 1380 2804 1435 quaerens
2872 1363 3203 1418 calumniam
3265 1359 3502 1427 aliquam
3556 1356 3689 1425 ipsis

2119 1461 2392 1531 aﬂingcre.
2437 1459 2505 1512 Et
2534 1458 2738 1511 idcirco
2785 1455 2970 1510 audit:
3007 1473 3025 1505 ι
3060 1451 3180 1508 Non
3229 1460 3315 1505 est
3350 1448 3446 1503 tibi
3477 1462 3602 1518 pars
3633 1447 3686 1498 in

2120 1565 2377 1608 sermone
2434 1548 2575 1613 isto;
2632 1563 2728 1603 cor
2771 1547 2917 1601 enim
2985 1554 3139 1599 tuum
3170 1557 3281 1597 non
3335 1549 3419 1595 est
3478 1545 3686 1591 rectum

2120 1658 2305 1698 coram
2336 1641 2467 1696 Deo.
2500 1637 2882 1694 Ptenitentiam
2911 1637 3093 1703 itaque
3122 1648 3222 1702 age
3246 1631 3315 1687 ab
3358 1630 3462 1682 hac
3498 1626 3688 1698 ncqui-

432 1759 479 1809 εί
505 1756 609 1826 ἄρα
633 1753 963 1823 ἀφεθήσεταί
1000 1770 1081 1804 σοι
1117 1770 1135 1801 ι
1182 1748 1243 1800 τδ
1297 1704 1677 1817 ἁμάρτηνμαιω
1709 1704 1882 1797 ’ἐοῦτο

2133 1735 2219 1798 lia,
2244 1733 2289 1788 si
2317 1732 2457 1787 forte
2487 1730 2799 1784 remittatur
2835 1727 2932 1779 tibi
2973 1744 2991 1774 ι
3022 1725 3127 1778 hoc
3152 1730 3455 1791 peccatum.
3480 1718 3687 1782 Quibus

430 1847 732 1909 δεικνύντος
758 1847 925 1905 ἐστὶν,
954 1844 1029 1905 ὡς
1057 1838 1500 1912 δυσκατόρθωτον
1544 1839 1602 1889 τὸ
1636 1839 1888 1906 πρᾶγμα,
1926 1836 2021 1889 καὶ

434 1938 634 2006 πολλῆς
668 1936 917 2004 δεόμενον
951 1934 1257 2004 μετανοίας,
1295 1933 1408 1993 τοῖς
1455 1930 1535 1990 είς
1578 1928 1710 1981 αὐτὸ
1768 1928 1828 1979 τὸ
1881 1926 2023 1980 θεῖον

437 2026 917 2094 ὲξαμαρτάνουσιν,
949 2027 1027 2086 είς
1055 2023 1082 2075 ὃ
1113 2024 1205 2076 καὶ
1225 2020 1425 2091 Σίμων,
1447 2019 1709 2089 ἀργυρίου
1730 2017 2024 2070 ὑπακούειν

436 2119 516 2180 εἰς
553 2116 652 2179 τὰς
684 2116 959 2186 ἐνεργείας
994 2114 1055 2166 τὸ
1095 2112 1319 2183 Πνεῦμα
1351 2111 1412 2163 τὺ
1462 2110 1614 2177 ἅγιον
1654 2108 2021 2177 ἡγησάμενος.

440 2207 552 2260 Καὶ
605 2206 798 2268 ἄλλως·
862 2224 881 2257 ι
932 2204 1006 2257 Τὸ
1057 2203 1317 2274 ἀργύριόν
1379 2218 1472 2255 σου
1532 2201 1629 2253 σὺν
1681 2200 1764 2252 σοὶ
1808 2200 1894 2269 εῐη
1944 2199 2025 2261 εἰς

438 2298 743 2350 ἀπώλειαν·
784 2315 803 2348 ι
837 2298 934 2349 οὐκ
961 2294 1075 2348 εστι
1100 2295 1274 2348 ταῦτα
1315 2292 1590 2363 ἀραμένου
1620 2293 1686 2354 ⁸³,
1738 2290 1875 2345 ἀλλὰ
1897 2308 2025 2343 παι-

441 2384 717 2448 δεῦοντος,
763 2383 837 2444 ὡς
866 2384 930 2437 ἄν
968 2400 1048 2446 τις
1104 2383 1266 2453 είπῃ-
1324 2381 1398 2433 Τὸ
1452 2380 1715 2451 ἀργύριόν
1763 2397 1855 2433 σου
1904 2397 2026 2433 συν-

443 2475 699 2530 απόλοιτό
727 2493 808 2528 σοι
834 2474 974 2544 μετὰ
1000 2474 1099 2542 τῆς
1127 2471 1515 2542 προαιρέσεως.
1552 2490 1570 2521 ι
1605 2472 1662 2523 Ἀ
1675 2469 1971 2540 ποκριθείς.
2000 2490 2021 2521 ι

441 2568 516 2620 Dii
573 2565 792 2631 κολάζει
832 2565 948 2618 ·νῦν
996 2564 1086 2617 τὸν
1150 2563 1389 2632 Σίμωνα,
1447 2561 1629 2624 καθὼς
1690 2562 1879 2631 πρώην
1929 2562 2022 2614 τὸν

455 2657 723 2721 Ἀνανίαν,
751 2658 838 2709 ἴνα
863 2657 1010 2726 δείξῃ
1041 2655 1124 2707 ὅτι
1159 2654 1260 2706 οὐκ
1289 2652 1534 2720 ἀνάγκης
1573 2654 1607 2721 ή
1664 2652 1867 2718 πίστις,
1914 2652 2030 2706 ἀλλ’

445 2735 534 2798 ῐνα
561 2745 654 2798 καὶ
685 2744 751 2797 τὰ
785 2743 883 2809 τῆς
914 2741 1198 2811 μετανοίας
1227 2741 1518 2810 εἰσαγάγῃ.
1549 2742 1730 2810 Ἀρκεῖ
1757 2740 1866 2811 γὰρ
1895 2742 2032 2810 πρὸς

445 2831 732 2904 διόρθωσιν
761 2832 822 2885 eo
851 2831 1085 2899 ἐλέγξαι,
1128 2830 1221 2883 καὶ
1247 2830 1306 2881 τὸ
1334 2830 1401 2881 τά
1421 2831 1479 2881 ὲν
1508 2832 1573 2898 τῇ
1604 2828 1800 2898 καρδία
1825 2831 2031 2910 εἰπεῖν,

446 2923 541 2975 καὶ
565 2923 626 2976 τὸ
650 2923 853 2975 ἐκεῖνον
880 2920 1212 2990 ὁμολογῆσαι
1249 2921 1330 2972 ὅτι
1376 2919 1537 2973 ἑάλω.
1577 2919 1651 2970 Τὸ
1686 2918 1793 2988 γάρ
1838 2920 2032 2982 εἰπεῖν,

2121 1824 2302 1879 verbis
2341 1819 2823 1880 ostenditPetrns,
2850 1813 3083 1868 dilIicilis
3132 1809 3530 1866 emendationis
3575 1821 3688 1860 rem

2121 1927 2243 1968 esse
2296 1909 2670 1978 sacrilegium,
2730 1915 2785 1959 et
2840 1904 2907 1957 iis
2955 1901 3048 1972 qui
3101 1900 3157 1954 in
3207 1897 3341 1953 illud
3406 1897 3688 1959 labuntur,

2124 2003 2296 2057 multa
2331 2015 2472 2070 opus
2494 1993 2987 2070 csse-pmnitentia.
3040 1989 3184 2044 Sane
3227 1989 3282 2042 in
3334 2000 3450 2040 rem
3482 1998 3692 2038 sacram

2124 2066 2468 2163 peccavit'ac
2517 2083 2805 2152 sacrilegio
2854 2066 2929 2137 se.
2964 2077 3263 2136 obstrinxit
3324 2076 3534 2138 Simon,
3567 2071 3692 2122 dum

2123 2172 2481 2242 existimavit,
2538 2176 2803 2246 Spiritum
2863 2184 3113 2227 sanctum
3158 2169 3212 2223 in
3276 2164 3696 2234 Operationibus

2131 2272 2247 2328 suis
2272 2269 2515 2340 pecuniae
2530 2266 3056 2334 obtemperaturum.
3087 2260 3259 2314 Aliter
3284 2276 3299 2313 :
3323 2256 3440 2311 Hoc
3465 2254 3694 2316 dictum,

2133 2384 2152 2416 ι
2182 2362 2420 2418 Pecunia
2440 2370 2528 2414 tua
2544 2367 2723 2413 tecum
2743 2356 2813 2410 sit
2836 2356 2889 2408 in
2909 2352 3290 2425 perditionem,
3316 2369 3334 2401 ι
3357 2363 3464 2403 non
3481 2344 3701 2400 maledi-

2134 2451 2312 2507 centis
2341 2456 2446 2512 est,
2476 2445 2570 2503 sed
2588 2444 2965 2513 corripientis,
2986 2456 3049 2496 ac
3078 2441 3122 2496 si
3154 2427 3384 2494 dixisset
3418 2454 3433 2493 :
3464 2435 3699 2490 Pecunia

2130 2547 2224 2601 tibi
2268 2553 2472 2615 pereat,
2500 2558 2608 2596 una
2639 2556 2762 2595 cum
2788 2553 2952 2608 prava
2979 2537 3082 2591 hac
3106 2545 3199 2589 tua
3233 2534 3532 2587 voluntate.
3554 2546 3572 2579 ι
3596 2527 3701 2580 [le-

2131 2638 2427 2709 spondens.
2457 2654 2476 2689 ι
2513 2635 2779 2689 Caeterum
2807 2630 3003 2684 Petrus
3025 2629 3271 2697 increpat
3297 2623 3516 2694 quidem
3535 2634 3657 2675 eum
3683 2636 3700 2686 ;

2134 2747 2243 2785 non
2277 2740 2458 2783 tamen
2484 2724 2774 2782 confestim
2810 2723 2989 2793 punit,
3027 2719 3102 2775 uti
3130 2724 3288 2772 antea
3313 2713 3576 2769 Ananiam
3601 2725 3704 2777 pu—

2145 2825 2300 2885 nivit,
2322 2829 2377 2876 et
2407 2826 2466 2873 ut
2488 2819 2740 2874 ostendat
2771 2816 2926 2870 ﬁdem
2951 2819 3194 2868 coactam
3214 2822 3336 2864 esse
3359 2820 3467 2859 non
3486 2801 3703 2863 debere,

2136 2923 2188 2969 et
2213 2922 2268 2967 ut
2291 2914 2465 2983 ipsum
2486 2911 2551 2965 ad
2574 2907 2951 2980 paenitentiam
2971 2904 3053 2960 sic
3074 2901 3317 2956 inducat.
3349 2896 3429 2950 Ad
3446 2893 3706 2949 emenda-

446 3011 529 3100 δτι
596 3029 615 3063 ι
671 2986 926 3080 Δεήθητε-
985 2986 1140 3075 ὑμείς
1209 3007 1349 3078 ὑπὲρ
1393 3006 1551 3075 ἐμοῦ,
1602 3026 1619 3057 ι
1683 2986 1838 3059 τοῦτό
1889 3010 2030 3060 ἐστιν

2140 3006 2343 3061 tionem
2373 3004 2518 3058 enim
2548 3000 2869 3062 subiciebat,
2906 2995 3051 3068 quod
3098 3002 3337 3064 gesserat
3369 2986 3704 3058 improbare,

445 3099 850 3169 ὁμολογοῦντος,
906 3098 954 3150 εί
982 3099 1075 3150 καὶ
1124 3096 1199 3168 μὴ
1263 3095 1371 3149 ἀπὸ
1423 3094 1589 3169 ὀρθῆς
1644 3094 1739 3146 καὶ
1796 3094 2034 3163 σφοδρᾶς

446 3190 737 3253 διαθέσεως
788 3189 1021 3258 ἐλέγετο.

2142 3114 2264 3167 qua:
2287 3097 2358 3174 .in
2395 3095 2562 3149 corde
2591 3102 2751 3149 erant
2806 3089 3053 3160 proferre
3092 3094 3146 3141 et
3189 3082 3439 3141 conﬁteri
3473 3094 3530 3136 se
3581 3093 3709 3145 cap-

2130 3197 2241 3242 tum
2283 3203 2445 3253 esse;
2480 3194 2535 3242 et
2560 3201 2691 3240 sane
2722 3184 2895 3237 illud:
2951 3199 2970 3231 ι
3005 3176 3312 3233 Precamini
3368 3187 3463 3228 vos
3495 3185 3592 3240 pro
3621 3183 3707 3221 me

449 3280 515 3343 ad
543 3281 851 3339 Dominum,
883 3297 901 3328 ι
932 3287 1212 3348 peccatum
1248 3276 1592 3347 agnoscentis
1646 3285 1703 3331 et
1763 3274 2074 3332 conﬁtentis
2111 3289 2248 3344 erat,
2289 3293 2603 3350 quanquam
2644 3292 2752 3331 non
2792 3274 2926 3329 adeo
2972 3271 3187 3325 sincero
3243 3274 3299 3322 et
3348 3263 3522 3319 valido
3585 3258 3711 3315 atl'e‘

449 3379 562 3433 Ctu,
589 3378 645 3422 ut
675 3369 981 3439 oportebat,
1015 3368 1286 3437 prolatum
1322 3366 1390 3419 ab
1415 3381 1479 3420 eo
1509 3364 1698 3419 fuerit.

1036 3456 1282 3510 ΚΕΦΑΛ.
1319 3454 1421 3509 lB’.

2747 3443 2976 3504 CAPUT
3002 3442 3115 3499 XII.

457 3552 585 3605 ὀτι
613 3550 736 3618 τοῖς
769 3550 1012 3620 ἀγαθοῖς
1038 3549 1137 3603 καὶ
1159 3549 1399 3615 πιστοῖς
1425 3548 1630 3602 εἰ)οὸοῖ
1653 3550 1685 3601 ό
1734 3548 1877 3614 Θεὸς
1909 3547 2025 3614 τὴν

2133 3544 2267 3610 Quod
2328 3543 2464 3597 Deus
2523 3542 2683 3597 bonos
2752 3494 3144 3607 iii-ﬁdele;an
3196 3531 3423 3585 salutem
3468 3494 3713 3596 prospere

525 3646 846 3712 σωτηρίαν,
880 3642 1074 3712 δῆλον
1114 3643 1184 3696 ἐκ
1227 3641 1340 3710 τῆς
1403 3640 1554 3695 κατὰ
1594 3641 1702 3696 τὸν
1727 3640 2025 3710 εὐνοῦχον

525 3736 894 3802 ὑποθέσεως.

881 3825 961 3896 Τῇ
1008 3830 1050 3883 ε’
1071 3825 1170 3894 τῆς
1202 3820 1250 3891 γ’
1281 3823 1599 3894 ἑϐδομάδος.

460 3918 694 3989 Λέγεται
745 3918 842 3971 καὶ
898 3919 980 3981 είς
1012 3915 1132 3995 ’τὴν
1182 3915 1378 3985 ἑορτὴν
1409 3915 1506 3968 τοῦ
1539 3915 1697 3984 ἁγίου
1728 3914 2024 3969 Φιλίππου.

1043 4002 1436 4061 KEIMENON.
1506 4016 1509 4017 ⁷

534 4100 801 4170 Ἀγγελος
841 4099 900 4152 δὲ
946 4098 1152 4171 Κυρίου
1190 4098 1422 4165 ἐλάλησε
1471 4098 1609 4169 πρὸς
1654 4098 1918 4151 Φίλιππον
1945 4097 2033 4151 λέ-

463 4208 594 4261 γων’
641 4189 934 4261 ’Δνάστηθι
964 4191 1058 4245 καὶ
1084 4190 1319 4261 πορεύου
1351 4190 1493 4244 κατὰ
1536 4190 1905 4261 μεσημϐρίαν,
1938 4190 2032 4242 ἐπὶ

461 4284 561 4356 τὴν
588 4285 706 4338 ὁδὸν
738 4283 857 4354 τήν
893 4282 1359 4344 καταϐαίνουσαν,
1385 4281 1495 4334 ἀπὸ
1539 4281 1898 4351 Ἰερουσαλὴμ
1953 4282 2035 4342 εἰς

462 4374 843 4474 Γάζανοῇαῦτη
877 4376 1024 4474 sati?
1055 4374 1279 4446 ἔρημος.
1326 4373 1432 4427 Καὶ
1466 4373 1706 4436 ἀναστάς
1734 4371 2034 4442 ἐπορεύθηο
2068 4414 2123 4474 D

463 4470 560 4522 καὶ
604 4468 713 4521 ἰδοὺ
741 4466 880 4538 ἀνὴρ
913 4464 1106 4533 Λίθίοψ
1140 4464 1390 4535 εὐνοῦχος
1438 4462 1706 4526 δυνάστης
1755 4459 2043 4527 Κανδάκης

471 4560 572 4630 τῆς
633 4557 953 4628 βασιλίσσης
986 4555 1281 4619 Δίθιόπων,
1323 4554 1380 4616 ὃς
1433 4549 1503 4624 ἦν
1560 4553 1653 4606 ἐπὶ
1706 4552 1891 4621 πάσης
1943 4551 2044 4621 τῆς

466 4651 644 4721 γάζης
671 4648 867 4717 αὐτῆς,
915 4646 975 4709 ὃς
1019 4644 1269 4714 ἐληλύθει
1305 4645 1703 4715 προσκυνήσων
1738 4644 1816 4707 είς
1847 4643 2045 4712 Ἰερου-

473 4741 677 4811 σαλήμ·
707 4734 775 4811 ἦν
805 4756 864 4791 τε
896 4736 1282 4808 ὑποστρέφων,
1334 4737 1425 4789 καὶ
1464 4735 1770 4804 καθήμενος
1807 4735 1901 4786 ἐπὶ
1948 4732 2042 4786 τοῦ

472 4831 717 4901 ἅρματος
786 4830 954 4884 αὑτοῦ
987 4868 1003 4892 ,
1055 4828 1151 4881 καὶ
1211 4826 1545 4895 ἀνεγίνωσκε
1604 4826 1696 4879 τὸν
1753 4827 2043 4896 προφήτην

483 4922 729 4976 Ἡσαΐαν.
744 4918 879 4976 Eine
911 4921 969 4975 δὲ
995 4920 1057 4974 τὸ
1074 4919 1298 4989 Πνεῦμα
1320 4918 1399 4989 τῷ
1416 4918 1667 4988 Φιλίππῳ
1690 4933 1703 4945 '
1736 4916 2041 4988 Πρόσελθε,

474 5012 567 5065 καὶ
584 5012 868 5082 κολλήθητι
895 5012 972 5082 τῷ
990 5013 1194 5082 ἅρματι
1219 5009 1410 5079 τούτῳ.
1432 5005 1802 5080 Προσδραμὼν
1822 5006 1880 5059 δὲ
1903 5006 1932 5058 ὁ
1961 5006 2051 5058 Φί-

473 5098 692 5161 λιππος,
714 5098 942 5168 ήκουσεν
971 5098 1136 5153 αὐτοῦ
1162 5098 1625 5167 ἀναγινώσκοντος
1646 5096 1738 5149 τὸν
1763 5097 2046 5169 προφήτην

487 5187 734 5251 Ἡσαΐαν,
749 5188 842 5240 καὶ
880 5185 1052 5242 εἶπενο
1090 5186 1242 5261 Ἀρά
1281 5207 1345 5257 γε
1387 5189 1674 5255 γινώσκεις
1710 5187 1745 5243 ἃ
1776 5188 2046 5256 άναγινὼ..

476 5293 628 5341 σκεις
642 5294 657 5343 ;
672 5276 735 5332 '0
750 5277 807 5330 δὲ
826 5273 967 5331 εἷπε·
988 5279 1109 5343 Πῶς
1135 5281 1242 5348 γὰρ
1263 5281 1329 5333 διν
1345 5280 1633 5350 δυναίμην,
1650 5281 1749 5334 ἐὰν
1773 5282 1845 5350 μή
1862 5296 1946 5341 τις
1963 5280 2049 5332 ὀδ-

476 5367 664 5440 ηγήσῃ
700 5383 807 5438 με;
860 5367 1201 5438 παρεκάλεσὲ
1233 5385 1293 5422 τε
1338 5372 1426 5424 τὸν
1467 5370 1732 5424 Φίλιππον
1765 5369 2043 5424 ἀναϐάντα

2190 3635 2351 3688 ducat
2383 3650 2401 3688 :
2432 3634 2588 3703 idque
2615 3632 2958 3701 manifestum
2980 3641 3044 3681 ea:
3072 3641 3131 3681 eo
3163 3622 3302 3695 quod
3351 3619 3568 3689 contigit
3615 3633 3709 3671 eu-

2192 3725 2381 3779 nuclto.

2509 3811 2671 3867 Fcria
2694 3811 2727 3866 5
2754 3805 3109 3866 hcbdomadaa
3141 3801 3333 3857 tertiae.

2404 3904 2613 3959 Dicitur
2642 3903 2805 3958 etiam
2832 3901 2892 3973 in
2924 3898 3063 3954 festo
3088 3895 3146 3950 S.
3173 3890 3429 3961 Philippi.

2778 3988 3076 4045 'I‘EXTUS.

2204 4087 2540 4154 νηιάδες).
2566 4084 2805 4155 Angelus
2837 4090 3018 4137 autem
3054 4076 3270 4133 Domini
3300 4075 3512 4128 locutus
3536 4074 3621 4122 est
3649 4066 3715 4121 ad

2134 4182 2446 4253 Philippum
2472 4179 2661 4233 dicens
2685 4193 2699 4230 :
2752 4175 2924 4243 Surge
2954 4181 3009 4227 et
3038 4170 3174 4225 vade
3203 4174 3393 4223 contra
3414 4158 3715 4221 meridiem,

2147 4275 2215 4327 ad
2260 4248 2400 4326 viam
2422 4284 2545 4339 qua:
2563 4265 2848 4322 descendit
2866 4264 2934 4318 ab
2953 4259 3254 4317 Jerusalem
3275 4256 3328 4310 in
3346 4253 3546 4309 Gazam
3572 4248 3719 4303 :hasc

2145 4371 2229 4419 est
2255 4364 2493 4417 deserta.
2524 4357 2590 4411 Et
2618 4369 2849 4425 surgens
2875 4352 3029 4408 abiit.
3065 4351 3128 4406 Et
3157 4361 3285 4404 ecce
3321 4344 3405 4399 vir
3438 4339 3714 4406 Ethiops,

2150 4438 2459 4516 eunuchus,
2498 4457 2694 4519 potens
2726 4444 2995 4501 Candacis
3021 4442 3223 4513 regina:
3252 4435 3592 4503 Ethiopum,
3623 4429 3716 4499 qui

2150 4555 2269 4601 erat
2298 4558 2462 4613 super
2487 4555 2677 4595 omnes
2707 4554 2871 4610 gazas
2908 4538 3050 4606 ejus,
3087 4537 3312 4588 venerat
3373 4526 3607 4582 adorare
3660 4522 3716 4575 in

2151 4635 2484 4691 Jerusalem:
2525 4640 2580 4686 et
2614 4631 2990 4685 revertebatur
3044 4625 3241 4680 sedens
3278 4634 3443 4690 super
3498 4629 3717 4672 currum

2158 4746 2341 4795 suum,
2392 4727 2687 4793 legensque
2742 4722 2936 4775 Isaiam
2977 4718 3317 4790 prophetam.
3350 4710 3496 4764 Dixit
3537 4716 3718 4761 autem

2152 4819 2390 4890 Spiritus
2421 4815 2704 4884 Philippo:
2729 4810 2937 4865 Accede
2980 4815 3036 4862 et
3062 4807 3296 4876 adjungc
3325 4811 3376 4856 te
3402 4798 3467 4853 ad
3495 4810 3718 4853 currum
3774 4859 3781 4869 υ

2153 4889 2343 4967 istum.
2403 4909 2714 4962 Accurrens
2759 4907 2941 4955 autem
2974 4896 3282 4967 Philippus,
3335 4889 3543 4946 audivit
3594 4902 3720 4942 eum

2151 5005 2419 5073 legentem
2453 4998 2648 5055 Isaiam
2682 4991 3019 5064 prophetam,
3050 4995 3102 5041 et
3146 4986 3327 5041 dixit:
3357 4984 3596 5039 Putasne
3640 4978 3726 5029 in-

2156 5069 2352 5162 telligis
2383 5105 2505 5161 qua’.
2528 5085 2706 5157 legis?
2735 5082 2836 5152 Qui
2867 5080 2944 5135 ait
2970 5096 2981 5131 :
3016 5076 3079 5131 Et
3100 5076 3374 5148 quomodo
3399 5085 3644 5162 possum,
3677 5069 3722 5122 si

2156 5161 2514 5251 nouialiquis
2564 5177 2728 5247 236
2768 5170 3069 5229 ostenderit
3139 5165 3316 5220 mihi?
3381 5161 3725 5234 Regavitquc

2154 5274 2466 5344 Philippum
2495 5277 2555 5324 ut
2589 5265 2933 5331 ascenderet,
2968 5269 3022 5318 et
3051 5259 3265 5316 sederet
3301 5270 3511 5310 secum.
3545 5252 3722 5305 Locus

2156 5374 2338 5419 autem
2373 5362 2673 5432 Scriptura:
2693 5375 2855 5431 quam
2881 5354 3089 5427 legebat
3120 5357 3240 5406 erat
3276 5348 3402 5403 hic:
3445 5345 3731 5412 Tanquam

1660 5526 1860 5588 Variae
1890 5524 2194 5589 lectiones
2237 5530 2300 5586 et
2343 5527 2529 5585 notae.

549 5644 599 5678 ⁸³
628 5643 936 5716 ἀρωμὺιον.
