4088 6206
383 185 488 248 927

1337 180 1909 241 THEOPHYLACTI
1949 177 2359 239 BULGARIIE
2392 177 2744 238 ARCHIEP.

3521 178 3634 252 928

383 296 499 347 ovis
521 292 585 346 ad
604 291 929 347 occisionem
947 291 1144 346 ductus
1177 296 1281 353 est,
1318 298 1372 343 et
1391 289 1534 343 sicut
1564 305 1738 359 agnus
1768 304 1951 343 coram

2074 287 2279 341 ιαθίσαι
2314 288 2411 341 σὺν
2461 287 2632 359 αὐτῷ.
2676 288 2740 341 Ἠ
2769 288 2823 341 δὲ
2862 289 3092 358 περιοχὴ
3147 290 3246 359 τῆς
3294 290 3520 361 Γραφῆς
3562 294 3631 362 ἢν

386 384 645 439 tondente
677 398 755 448 se,
807 383 927 436 sine
962 396 1119 446 voce.
1147 383 1226 437 sic
1254 396 1364 436 non
1400 382 1611 450 aperuit
1643 396 1706 436 os
1763 397 1949 435 suum.

385 474 442 527 ln
469 474 773 528 humilitate
801 471 1067 540 judicium
1114 471 1234 541 ejus
1262 472 1538 527 sublatum
1574 481 1676 528 est.
1708 472 1952 527 Genera-

384 564 589 617 tionem
619 563 737 631 ejus
783 563 907 631 quis
957 564 1283 618 enarrabit?
1338 564 1596 633 quoniam
1645 566 1856 623 tollitur
1888 566 1955 619 de

2060 376 2450 444 ἀνεγίνωσκεν,
2492 372 2559 446 ἦν
2603 375 2763 444 αὕτη·
2799 377 2886 440 Ὠς
2941 376 3210 447 πρόϐατον
3262 378 3355 433 ἐπὶ
3414 381 3634 449 σφαγὴν

2055 467 2218 538 ἢχθη,
2257 468 2349 521 καὶ
2404 466 2478 529 ὡς
2537 468 2710 536 ἀμνὸς
2744 466 2989 521 ἐναντίον
3016 466 3110 521 τοῦ
3162 468 3441 537 κείροντος
3468 470 3634 524 αὐτὸν

2057 558 2294 626 ἄφωνος·
2322 556 2494 620 οὕτως
2525 558 2625 610 οὐκ
2663 557 2869 623 ἀνοίγει
2899 557 2960 610 τὸ
3012 558 3189 627 στόμα
3228 559 3417 612 αὐτοῦ.
3453 560 3541 614 Ἐν
3566 564 3633 631 τῇ

393 662 537 707 terra
575 651 687 707 vita
721 652 861 720 ejus.
899 650 1257 722 Respondeas
1286 662 1468 708 autem
1497 655 1800 710 Eunuchus
1831 655 1956 708 Phi-

2074 648 2386 704 ταπεινώσει
2443 649 2608 702 αὐτοῦ
2655 650 2690 718 ἡ
2744 649 2925 719 κρίσις
2978 650 3147 703 αὑτοῦ
3200 650 3367 721 ἥρθη.
3418 652 3529 723 Τὴν
3574 653 3633 704 δὲ

388 742 557 812 lippo,
607 740 777 797 dixit:
815 739 1061 796 Obsecro
1091 748 1162 805 te,
1221 742 1290 796 dc
1324 759 1433 812 quo
1496 745 1760 812 propheta
1820 744 1958 798 dicit

388 834 530 889 hoc?
560 835 626 889 de
658 849 739 899 se,
800 850 868 888 an
922 835 988 890 de
1037 836 1144 890 alio
1182 836 1412 906 aliquo?
1451 838 1717 907 Aperiens
1773 847 1951 891 autem

387 923 669 994 Philippus
712 940 773 979 os
822 941 984 979 suum
1028 935 1083 981 et
1119 927 1386 997 incipiens
1430 944 1459 981 a
1504 928 1787 996 Scriptura
1823 928 1954 991 ista,

385 1014 780 1084 evangelizavit
808 1014 887 1068 illi
919 1014 1129 1070 Jcsum.
1160 1016 1223 1069 Et
1281 1017 1410 1070 dum
1468 1017 1610 1071 irent
1663 1034 1758 1086 per
1790 1019 1955 1078 viam.

385 1112 650 1157 venerunt
686 1102 753 1158 ad
792 1106 1083 1175 quamdam
1141 1122 1371 1177 aquam;
1410 1116 1464 1161 ct
1513 1108 1589 1160 ait
1643 1109 1958 1163 eunuchus:

386 1191 526 1247 Ecce
562 1209 723 1264 aqua,
755 1197 884 1264 quid
910 1198 1163 1266 prohibet
1190 1214 1274 1253 me
1315 1199 1579 1269 baptizari
1607 1200 1629 1251 ?
1663 1198 1808 1252 Dixit
1860 1216 1960 1252 au-

385 1292 491 1338 tem
527 1283 849 1357 Philippus:
888 1289 945 1343 Si
998 1289 1177 1344 credis
1227 1305 1293 1344 ex
1350 1298 1464 1343 toto
1512 1290 1696 1354 corde,
1723 1291 1870 1343 licet.
1900 1292 1963 1343 Et

387 1377 724 1443 respondens
773 1378 892 1433 ait:
961 1379 1138 1436 Credo
1190 1380 1387 1435 Filium
1446 1382 1537 1435 Dei
1592 1397 1715 1436 esse
1772 1380 1958 1436 Jesum

385 1463 691 1522 Christum.
728 1467 789 1523 Et
822 1470 990 1540 jussit
1041 1481 1189 1527 stare
1256 1487 1513 1526 currum:
1547 1480 1601 1525 et
1659 1470 1961 1526 descende-

2060 742 2258 809 γενεὰν
2307 741 2473 794 αὐτοῦ
2517 741 2600 803 τίς
2646 740 2968 809 διηγήσεται
2992 757 3007 807 ;
3033 742 3115 795 ὅτι
3147 743 3364 812 αἴρεται
3396 744 3504 796 ἀπὸ
3532 745 3633 812 τῆς

2060 833 2162 900 γῆς
2214 835 2246 901 ή
2306 830 2418 901 ζωὴ
2450 831 2635 885 αὐτοῦ.
2680 832 3024 901 Ἀποκριθεὶς
3072 834 3128 887 δὲ
3187 836 3214 887 6
3260 834 3515 906 εὐνοῦχος
3555 835 3632 906 τῷ

2059 921 2309 992 Φιλίππῳ
2338 919 2479 975 εἷπε·
2515 922 2716 991 Δέομαί
2766 939 2884 985 σου,
2932 924 3061 996 περὶ
3105 925 3249 985 τίνος
3277 926 3305 977 6
3349 926 3633 994 προφήτης

2061 1012 2234 1065 ταῦτα
2272 1013 2457 1080 λέγει;
2516 1012 2643 1083 περὶ
2684 1014 2905 1077 ἑαυτοῦ,
2962 1015 2995 1084 ἢ
3059 1016 3189 1085 περὶ
3228 1014 3418 1086 ἑτέρου
3450 1015 3630 1080 τινόςς

2076 1103 2321 1169 ’Δνοίξας
2347 1103 2404 1157 δὲ
2447 1103 2508 1156 τὸ
2545 1104 2716 1174 στόμα
2751 1104 2917 1157 αὐτοῦ
2952 1107 2979 1157 6
3014 1104 3299 1168 Φίλιππος,
3336 1105 3430 1158 καὶ
3461 1105 3634 1175 ἀρξά-

2070 1211 2230 1262 μενος
2271 1194 2378 1247 ἀπὸ
2403 1195 2501 1263 τῆς
2537 1196 2762 1265 Γραφῆς
2792 1196 3018 1268 ταύτης,
3055 1196 3454 1267 εὐηγγελίσατο
3487 1196 3636 1267 αὐτῷ

2064 1284 2156 1336 τὸν
2203 1282 2430 1354 Ἰησοῦν.
2473 1282 2562 1348 Ὠς
2581 1285 2636 1338 δὲ
2665 1287 2990 1357 ἐπορεύοντο
3015 1290 3157 1340 κατὰ
3184 1288 3280 1359 τὴν
3307 1289 3446 1353 ὁδὸν,
3473 1283 3635 1357 ἦλθον

2065 1373 2159 1426 ἐπί
2191 1392 2244 1427 τι
2296 1374 2461 1446 ὕδωρ·
2492 1376 2585 1429 καί
2644 1378 2808 1446 φησιν
2856 1380 2884 1431 6
2935 1379 3187 1449 εὐνοῦχος
3234 1379 3310 1449 τῷ
3360 1379 3631 1448 Φιλίππῳο

2076 1465 2209 1519 Ἰδοὺ
2255 1465 2421 1536 ὕδωρο
2453 1469 2507 1521 τί
2548 1470 2749 1523 κωλύει
2784 1487 2849 1536 με
2893 1469 3295 1541 βαπτισθῆναι;
3344 1465 3476 1523 Εἶπε
3519 1470 3574 1523 δὲ
3607 1472 3635 1523 ὀ

385 1565 514 1607 runt
540 1565 770 1628 uterque
808 1562 860 1615 in
897 1577 1116 1630 aquam,
1151 1562 1436 1633 Philippus
1466 1572 1519 1617 ct
1556 1562 1865 1627 eunuchus,
1907 1568 1963 1614 et

2074 1557 2351 1621 Φίλιππος·
2379 1560 2440 1612 ΕΞ
2468 1561 2746 1624 πιστεύεις
2765 1561 2824 1625 ἐξ
2848 1561 2977 1632 ὅλης
3003 1562 3101 1630 τῆς
3133 1560 3377 1630 καρδίας,
3406 1559 3632 1624 ἔξεστιν.

388 1648 683 1718 baptizavit
716 1664 862 1704 eum.
891 1652 1027 1705 Cum
1056 1662 1238 1708 autem
1295 1653 1676 1723 ascendissent
1715 1653 1781 1706 de
1821 1666 1961 1721 aqua

2079 1649 2426 1720 Ἀποκριθεὶς
2473 1652 2530 1705 δὲ
2592 1649 2734 1705 εἷπε
2780 1653 3028 1706 Πιστεύω
3075 1652 3164 1706 τὸν
3215 1652 3343 1705 Υίὸν
3373 1650 3466 1705 τοῦ
3500 1650 3636 1703 Θεοῦ

390 1738 628 1806 Spiritus
650 1738 865 1793 Domini
900 1740 1078 1809 rapuit
1106 1742 1412 1811 Philippum
1466 1751 1520 1797 et
1572 1744 1807 1812 amplius
1851 1758 1961 1797 non

386 1830 522 1883 vidit
556 1845 677 1885 eum
711 1831 1019 1887 eunuchus.
1076 1832 1194 1886 Ibat
1249 1844 1428 1887 autem
1479 1848 1575 1901 per
1629 1835 1770 1888 viam
1808 1849 1961 1889 suam

389 1918 650 1981 gaudens.

2068 1736 2208 1795 εἶναι
2253 1743 2344 1796 τὸν
2386 1744 2598 1814 Ἰησοῦν
2637 1745 2893 1814 Χριστόν.
2929 1745 3040 1798 Καὶ
3073 1744 3326 1798 ἐκέλευσε
3361 1744 3549 1813 στῆναι
3577 1743 3639 1796 τὸ

2072 1833 2247 1902 apud:
2274 1835 2392 1887 ’καὶ
2420 1835 2731 1906 κατέϐησαν
2762 1835 3062 1906 ἀμφότεροι
3100 1836 3178 1897 εἰς
3219 1835 3279 1887 τὸ
3319 1833 3489 1904 ὕδωρ,
3520 1836 3548 1887 ὅ
3576 1850 3635 1885 τε

2072 1924 2339 1990 Φίλιππος
2371 1927 2465 1980 καὶ
2495 1928 2746 1998 εὐνοῦχος
2769 1944 2782 1958 ⁸
2811 1929 2906 1981 καὶ
2954 1929 3247 1982 ἐϐάπτισεν
3293 1928 3477 1981 αὐτόν.
3510 1927 3638 1979 Ὅτε

387 2010 445 2062 δὲ
479 2011 753 2080 ἀνέϐησαν
792 2016 857 2065 ἐκ
885 2012 978 2065 τοῦ
1012 2013 1226 2080 ὓδατος,
1262 2015 1482 2086 Πνεῦμα
1506 2017 1714 2087 Κυρίου
1738 2019 1956 2087 ἥρπασε
1992 2018 2084 2071 τὸν
2118 2019 2406 2085 Φίλιππον⁹
2454 2022 2549 2074 καὶ
2584 2023 2685 2074 οὐκ
2731 2019 2870 2075 εἶδεν
2895 2022 3055 2074 αὐτὸν
3088 2021 3188 2073 οὐκ
3210 2019 3293 2072 ἔτι
3356 2021 3386 2072 6
3451 2020 3639 2073 εὐνοῦ·

391 2119 503 2172 χοςο
534 2103 827 2174 ἐπορεύετο
856 2092 964 2173 γὰρ
992 2103 1090 2171 τὴν
1120 2105 1236 2157 666v
1266 2107 1432 2160 αὐτοῦ
1473 2107 1707 2178 χαίρων.

889 2198 1461 2256 COMMENTARIUS.

464 2289 644 2355 Quare
699 2289 925 2362 angelus
977 2306 1085 2345 non
1129 2294 1380 2361 apparuit
1413 2295 1691 2358 eunucho,
1733 2310 1969 2366 eumque

394 2378 461 2432 ad
496 2378 803 2449 Philippum
865 2395 973 2449 non
1022 2381 1214 2435 du'xit?
1246 2382 1383 2448 Quia
1437 2384 1671 2440 fortasse
1708 2402 1813 2440 non
1846 2402 1971 2441 cre-

375 2470 637 2543 .didl.~set,
658 2458 748 2526 sed
774 2481 978 2525 tantmn
1007 2472 1200 2528 timore
1224 2476 1460 2542 repletus
1482 2487 1647 2531 esset.
1676 2477 1972 2531 Sciendum

392 2578 544 2628 vero,
589 2563 659 2618 ab
712 2562 1054 2632 AZthiopihus
1104 2568 1404 2636 quamlibet
1479 2585 1665 2638 regum
1742 2584 1967 2623 suorum

397 2663 652 2718 matrem,
686 2655 948 2725 appellari
996 2644 1325 2712 Candacem.
1361 2659 1438 2713 Illi
1491 2675 1726 2729 namque
1760 2671 1967 2729 patrem

394 2759 579 2813 regum
610 2760 832 2799 suormn
871 2762 980 2801 non
1011 2759 1328 2818 agnoscunt,
1356 2751 1556 2819 quippe
1587 2753 1677 2821 qui
1708 2766 1802 2806 eos
1833 2752 1971 2806 ﬁlios

397 2835 524 2889 solis
548 2837 906 2905 esse,jactant
927 2854 940 2888 :
962 2830 1185 2893 matrem
1206 2850 1411 2905 autem,
1430 2850 1488 2895 ut
1510 2841 1643 2904 dixi,
1665 2841 1967 2897 Candaceiu

395 2936 613 2981 vocant.
651 2947 669 2980 ι
700 2927 981 2998 Tanquam
1017 2933 1155 2987 ovis.
1212 2950 1230 2983 ι
1271 2931 1382 2987 Hac
1413 2934 1598 3003 phrasi
1629 2935 1971 3002 signiﬁcatur

403 3024 709 3082 spontanea
771 3020 1075 3076 Salvatoris
1119 3023 1370 3078 voluntas
1419 3024 1472 3078 in
1540 3025 1841 3078 tolerandis
1897 2992 2042 3080 iisc

399 3119 522 3172 qua:
541 3103 605 3153 ad
633 3104 1055 3172 redemptionem
1096 3120 1337 3162 nostram
1376 3112 1668 3176 pertinent.
1698 3112 1972 3177 Quemad-

406 3190 623 3243 modum
652 3192 794 3245 enim
844 3194 984 3257 ovis,
1033 3186 1246 3247 cuntad
1268 3199 1596 3251 sacrilicium
1636 3200 1877 3265 ducitur,
1914 3211 1970 3256 et

401 3297 596 3350 agnus,
630 3296 751 3336 cum
782 3284 1058 3349 tondetur,
1094 3288 1419 3343 necessitate
1454 3290 1701 3344 videlicet
1723 3292 1967 3355 edomiti,

402 3385 472 3423 ne
500 3370 739 3424 balatum
773 3373 993 3441 quidem
1024 3374 1308 3442 emittunt;
1348 3378 1420 3431 ita
1453 3380 1615 3433 etiam
1653 3380 1789 3449 ipse,
1840 3398 1965 3436 cum

400 3458 576 3512 libens
624 3468 924 3528 pateretur,
959 3450 1190 3519 tacebat.
1221 3467 1357 3523 [llud
1394 3479 1597 3532 autem,
1642 3490 1659 3523 ι
1698 3472 1754 3524 lu
1787 3472 1967 3527 Immi-

403 3547 847 3635 litatejudicium
877 3554 999 3622 ejus
1038 3556 1312 3623 sublatum
1343 3570 1450 3625 est,
1488 3580 1508 3615 ι
1554 3562 1827 3632 significat
1851 3582 1965 3635 perv

401 3652 618 3693 versum
642 3629 906 3709 judicium
956 3657 1147 3699 contra
1180 3648 1377 3718 ipsum,
1411 3666 1671 3722 oppressa
1722 3656 1969 3724 veritate,

400 3725 628 3784 factum.
680 3734 815 3787 Cum
868 3752 997 3792 vero
1036 3738 1261 3795 subdit:
1299 3761 1319 3793 ι
1377 3742 1796 3801 Generationem
1850 3748 1984 3816 ejus.

402 3817 528 3885 quis
556 3822 873 3877 enarrahit?
910 3844 928 3875 ι
965 3826 1191 3896 lndieat,
1225 3847 1348 3884 eum
1400 3818 1729 3904 genealogiae
1782 3850 1972 3904 exper-

403 3915 511 3961 tem
540 3923 696 3964 esse:
724 3919 778 3966 et
806 3915 1023 3982 quidem
1060 3919 1372 3987 hujuStnodi
1402 3924 1540 3984 erat,
1605 3934 1663 3976 ut
1697 3924 1869 3982 Deus:
1913 3926 1975 3976 li-

404 4008 490 4052 cet
519 4001 821 4055 secundum
852 4019 1071 4059 carnem
1103 4010 1340 4078 genitus,
1374 4012 1535 4065 etiam
1564 4012 1877 4085 (ιεεετὶριιιε
1910 4029 1973 4068 ac

405 4087 460 4142 in
520 4105 686 4146 censu
741 4097 955 4162 positus
1019 4096 1204 4154 fuerit.
1247 4102 1340 4156 Vel
1387 4104 1614 4171 perinde
1683 4114 1789 4170 εει,
1825 4120 1891 4160 ac
1927 4106 1971 4161 si

406 4177 671 4235 dixisset:
702 4181 832 4251 Ejus
858 4195 1145 4256 postquam
1178 4194 1501 4257 resurrexit,
1539 4196 1765 4264 gloriam
1810 4199 1974 4252 nohi-

407 4268 974 4355 lemquedignitatem,
1004 4293 1166 4351 quam
1202 4297 1381 4337 rerum
1402 4284 1776 4340 ordinaturum
1815 4288 1974 4369 237
2004 4314 2053 4371 Β

405 4351 689 4418 exsecutio
752 4364 1173 4435 demonstravit,
1222 4388 1474 4429 sermone
1522 4390 1814 4432 enarrare:
1848 4366 1971 4447 quis

406 4452 616 4517 valeat,
664 4470 788 4508 cum
826 4456 914 4511 ille
946 4460 1163 4528 quidem
1223 4466 1381 4517 morti
1426 4481 1484 4520 se
1532 4467 1865 4536 suhjccerit.
1918 4479 1973 4524 at

408 4555 600 4598 omnes
629 4544 749 4612 ejus
786 4546 962 4615 gratia
1011 4550 1075 4601 ad
1109 4549 1273 4604 vitam
1315 4552 1695 4610 immortalem
1723 4574 1973 4614 resurre-

408 4629 593 4682 xerint
631 4642 685 4685 et
720 4632 982 4703 redempti
1020 4635 1271 4693 iuerint?
1300 4639 1502 4699 Deinde
1531 4660 1756 4701 causam
1788 4649 1973 4718 expri-

414 4722 535 4789 mit,
558 4724 782 4779 dicens:
814 4746 832 4777 ι
867 4728 1134 4793 Quoniam
1161 4718 1377 4790 iollitur
1403 4737 1469 4794 de
1489 4747 1632 4795 terra
1653 4742 1761 4796 vita
1785 4743 1926 4811 ejus.
1954 4762 1974 4795 ι

414 4811 530 4866 Ηοε
557 4822 641 4868 εει
687 4817 975 4880 attollitur.
1013 4835 1074 4875 ac
1106 4824 1393 4881 sublimior
1448 4833 1681 4887 terrenis
1728 4834 1981 4891 omnibus

413 4911 500 4957 est
527 4902 656 4969 vita,
693 4920 787 4960 seu
819 4914 1163 4993 conversatio
1206 4914 1342 4982 ejus.
1381 4918 1662 4973 Attollitur
1691 4922 1878 4990 etiam,
1929 4932 1985 4978 et

418 5010 585 5065 super
610 4999 792 5052 omnia
816 5008 899 5087 est
934 5004 1039 5055 vita
1074 5006 1218 5073 ejus,
1273 5008 1377 5063 hoc
1414 5018 1520 5074 est,
1555 5019 1749 5064 natura
1784 5012 1984 5080 Unige-

417 5082 544 5153 uiti,
575 5090 620 5144 si
667 5102 791 5145 ante
832 5082 1085 5159 carnem,
1140 5113 1234 5151 seu
1288 5099 1527 5154 nondum
1577 5101 1772 5155 similis
1825 5102 1982 5156 nobis

418 5174 615 5241 factus,
650 5179 1045 5247 consideretur.
1082 5183 1371 5253 Postquam
1408 5188 1568 5240 etiam
1603 5189 1717 5257 ipse
1753 5191 1805 5241 in
1833 5204 1980 5242 inor-

418 5274 525 5320 tcm
568 5280 761 5336 sponte
791 5285 849 5325 se
885 5270 1124 5337 demisit,
1182 5292 1199 5323 ι
1237 5274 1454 5331 Sublata
1495 5288 1581 5332 es:
1613 5292 1640 5329 a
1692 5287 1831 5331 terra
1878 5280 1981 5332 vita

2670 2191 3051 2251 EPMIINEIA.

2141 2288 2239 2344 Διά
2278 2288 2332 2342 τί
2381 2288 2456 2359 μὴ
2500 2287 2579 2356 τῷ
2626 2286 2864 2356 εὐνούχῳ
2899 2283 3148 2354 φαίνεται
3182 2283 3210 2335 6
3262 2281 3511 2349 ἄγγελος,
3545 2280 3642 2334 καὶ

2070 2381 2194 2449 ἄγει
2225 2380 2387 2434 αὐτὸν
2423 2379 2558 2450 πρὸς
2587 2379 2855 2430 Φίλιππον
2881 2393 2896 2442 ;
2937 2376 3062 2429 ’Ότι
3091 2374 3221 2437 ἴσως
3249 2374 3349 2427 οὐκ
3387 2372 3452 2426 ἃν
3487 2373 3638 2426 ἐπεί-

2074 2458 2196 2542 άθη,
2240 2470 2355 2524 ἀλλ’
2400 2470 2672 2539 ἐξεπλάγη
2754 2468 2973 2539 μᾶλλον.
3024 2468 3217 2520 ’Ῑστέον
3259 2466 3336 2530 δὲ,
3376 2467 3456 2519 ὅτι
3494 2467 3642 2518 καν-

2071 2563 2239 2633 δάκην
2279 2562 2535 2623 meum;
2593 2561 2774 2613 πᾶσαν
2827 2559 2924 2630 τὴν
2971 2557 3067 2612 τοῦ
3104 2557 3369 2626 βασιλέως
3424 2557 3641 2626 μητέρα

2073 2653 2351 2706 καλοῦσιν·
2376 2653 2565 2721 ἐπειδὴ
2590 2652 2801 2719 πατέρα
2832 2651 3090 2712 Αίθιόπες
3118 2649 3217 2702 οὐκ
3253 2649 3639 2717 ἀναφέρουσιν,

2074 2744 2189 2798 ἀλλ’
2220 2744 2295 2807 ὡς
2324 2743 2486 2806 ὄντας
2520 2742 2671 2805 υἱοὺς
2710 2742 2862 2812 ἡλίου
2892 2740 3299 2809 παραδιδόασιν·
3326 2740 3557 2793 ἑκάστου
3582 2737 3642 2791 δὲ

2073 2834 2173 2905 τὴν
2221 2834 2434 2904 μητέρα
2477 2832 2703 2886 καλοῦσι
2757 2831 3074 2901 Κανδάκην.
3112 2850 3132 2885 ι
3165 2831 3255 2893 Ὣς
3294 2829 3586 2900 πρόϐατον.
3617 2847 3636 2879 ι

2087 2923 2366 2978 Ἐντεῦθεν
2400 2924 2461 2977 τὸ
2497 2923 2747 2977 ἑκούσιον
2797 2923 2893 2976 τοῦ
2961 2923 3214 2993 Σωτῆρος
3266 2923 3322 2974 ὲν
3358 2924 3423 2992 τῇ
3475 2920 3644 2990 πείρᾳ

2071 3016 2181 3068 τῶν
2217 3014 2688 3084 οἰκονομουμένων
2725 3014 3072 3084 σημαίνεται.
3116 3013 3206 3075 Ὠς
3238 3012 3344 3082 γάρ
3375 3012 3644 3081 πρόϐατον

2071 3106 2340 3173 ἀγόμενον
2368 3107 2446 3166 εἰς
2480 3104 2693 3168 θυσίαν,
2719 3104 2752 3173 ἢ
2784 3104 2953 3172 ἀμνὸς
2971 3103 3210 3155 ἐναντίον
3236 3100 3330 3154 τοῦ
3366 3101 3643 3171 κείροντος

2070 3195 2256 3258 αὐτὸν,
2302 3195 2570 3263 ἀνάγεται
2595 3194 2641 3226 ⁸⁵
2669 3193 3067 3262 δαμαζόμενος,
3098 3193 3217 3246 οὐδὲ
3245 3191 3546 3263 βληχᾶσθαι
3582 3190 3644 3243 τδ

2071 3285 2350 3352 ἐνδόσιμον
2395 3285 2534 3355 ἔχει·
2584 3283 2756 3346 οὓτως
2810 3282 2973 3346 αὐτὸς
3014 3282 3156 3335 ἑκὼν
3196 3285 3255 3335 ὲν
3302 3281 3378 3354 τῷ
3414 3283 3645 3352 πάσχειν

2071 3378 2386 3432 ἀπεσιώπα.
2433 3379 2506 3429 Τὸ
2551 3376 2627 3439 δὲ,
2676 3393 2694 3426 ι
2745 3376 2833 3428 Ἐν
2883 3366 2950 3446 τῇ
3000 3374 3332 3428 ταπεινώσει
3392 3374 3556 3427 αὐτοῦ
3606 3374 3646 3442 ἡ

2072 3472 2251 3543 κρίσις
2288 3470 2452 3525 αὐτοῦ
2491 3472 2654 3541 ἥροη,
2700 3489 2717 3521 ι
2758 3469 2909 3539 δηλοῖ
2941 3470 3041 3540 τὴν
3090 3471 3405 3539 παράνομον
3466 3466 3646 3536 κρίσιν

2073 3563 2159 3623 ἐπ’
2182 3562 2329 3632 αὐτῷ
2352 3562 2642 3630 γενόμενον
2667 3562 2710 3594 ⁸⁵
2738 3560 2834 3627 τῆς
2850 3560 3108 3629 ἀληθείας
3130 3560 3444 3629 κρυϐείσης.
3466 3559 3539 3610 Τὸ
3566 3558 3645 3624 δὲ,

2079 3670 2097 3702 ι
2140 3652 2250 3721 Τὴν
2276 3653 2471 3718 γενεὰν
2525 3648 2689 3702 αὐτοῦ
2720 3650 2803 3712 τίς
2863 3650 3222 3719 διηγήσεταις
3264 3636 3646 3715 ι’ὲπενεγκὼν,

2073 3741 2347 3794 δείκνυσιν
2396 3739 2561 3792 αὐτὸν
2611 3739 3065 3809 ἁγενεαλόγητον.
3104 3734 3209 3790 Ἦν
3252 3739 3349 3807 μὲν
3395 3738 3503 3805 γὰρ
3552 3733 3654 3789 καὶ

2074 3833 2235 3895 αὐτὸς
2263 3831 2711 3902 ἀγενεαλόγητος,
2742 3831 2816 3895 ὡς
2846 3830 2998 3896 Θεὸς,
3027 3831 3125 3885 καὶ
3162 3829 3303 3909 κατὰ
3334 3829 3515 3909 σάρκα
3550 3845 3651 3894 γε-

2075 3924 2297 3993 νόμενος
2317 3922 2358 3952 ε⁶
2391 3921 2484 3974 καὶ
2524 3920 3003 3991 ἀπογραφόμενος.
3037 3906 3346 3989 omnip
3383 3906 3520 3984 μετά
3547 3919 3650 3987 τὴν

2074 4016 2369 4069 ἀνάστασιν
2401 4012 2699 4082 γενομένην
2720 4012 2900 4078 δόξαν,
2931 4012 3022 4064 καὶ
3058 4010 3254 4080 εὐγενῆ
3283 4008 3446 4062 αὐτοῦ
3470 4008 3649 4074 ἀξίαν,

2075 4105 2141 4175 ἢν
2203 4106 2235 4172 ἡ
2295 4104 2404 4155 τῶν
2456 4100 2920 4172 οἰκοδομηθέντων
2960 4102 3003 4131 ⁸⁷
3038 4097 3287 4163 ὑπέδειξε
3339 4100 3522 4166 πεῖρα,
3564 4096 3650 4158 τίς

2077 4196 2231 4247 ἔσται
2274 4193 2458 4257 ἱκανὸς
2482 4193 2627 4261 λόγῳ
2661 4193 2890 4262 φράσαι,
2917 4190 3082 4244 αὐτοῦ
3118 4190 3218 4260 μὲν
3268 4186 3484 4258 θανάτῳ
3513 4188 3649 4239 ὐπο-

2082 4279 2436 4347 ὅαλλομένου,
2470 4279 2687 4331 πάντων
2717 4278 2772 4330 δὲ
2805 4280 2885 4341 εἰς
2912 4276 3220 4349 ἀφθαρσίαν
3270 4277 3454 4347 χάριτι
3485 4275 3650 4330 αὐτοῦ

2084 4370 2583 4441 ζωοποιουμένων,
2648 4370 2742 4423 καὶ
2807 4369 2986 4422 πίστει
3038 4367 3461 4438 λυτρουμένων;
3520 4363 3652 4420 Εἶτά

2084 4479 2218 4533 φησι
2243 4462 2339 4532 τὴν
2374 4461 2576 4513 αἰτίαν·
2609 4479 2627 4511 ι
2661 4462 2781 4513 Ὅτι
2821 4459 3036 4530 αἴρεται
3063 4459 3171 4515 ἀπὸ
3208 4458 3305 4528 τῆς
3334 4459 3438 4528 γῆς
3468 4460 3499 4527 ἡ
3536 4455 3652 4525 ζωὴ

2083 4549 2246 4603 αὐτοῦ
2268 4564 2280 4577 ·
2339 4569 2358 4601 ι
2408 4549 2574 4620 ἦγουν
2613 4550 2645 4619 ἡ
2676 4548 2924 4602 πολιτεία
2948 4565 2962 4577 ·
3013 4549 3310 4619 τουτέστιν,
3344 4548 3650 4615 ἐπαίρεται,

2083 4639 2177 4691 καὶ
2203 4637 2512 4707 ὑψηλοτέρα
2560 4636 2668 4689 τῶν
2714 4637 2806 4689 ἐπὶ
2864 4636 2967 4706 γῆς
3025 4638 3173 4689 ἐστιν
3224 4638 3256 4704 ἡ
3305 4635 3417 4706 ζωὴ
3464 4631 3648 4687 αὐτοῦ.

2082 4729 2308 4801 Αἴρεται
2349 4729 2405 4782 δὲ
2445 4728 2539 4780 καὶ
2588 4727 2794 4797 ἑτέρων
2822 4727 2866 4758 ⁸⁸
2893 4727 2988 4779 καὶ
3040 4726 3180 4796 ὑπὲρ
3216 4724 3409 4786 παντός
3444 4728 3589 4776 ἐστιν
3619 4723 3652 4793 ή

2084 4820 2198 4889 ζῶὴ
2248 4819 2435 4879 αὐτοῦ,
2483 4818 2763 4872 τουτέστιν
2811 4814 3107 4887 ἠύπαρξις
3148 4815 3242 4869 τοῦ
3291 4811 3651 4881 Μονογενοῦς,

2085 4911 2215 4963 ὅταν
2244 4910 2348 4975 ἔξω
2378 4911 2566 4978 νοῆται
2596 4909 2817 4977 σαρκὸς,
2846 4912 2941 4961 καὶ
2986 4907 3139 4960 οὐπω
3166 4905 3289 4959 καθ’
3325 4907 3471 4975 ἡμᾶς
3503 4905 3653 4973 γενόο

2091 5016 2269 5069 μενος.
2302 4998 2478 5051 Αὐτοῦ
2510 5000 2618 5067 γὰρ
2653 4997 2732 5059 είς
2766 4998 2998 5050 θάνατον
3052 4995 3317 5057 ἑκουσίως
3346 4994 3656 5061 καταϐεϐη-

2087 5091 2267 5152 κότος,
2305 5110 2323 5140 ι
2352 5088 2532 5159 Ἤρθη
2568 5088 2674 5141 ἀπὸ
2707 5089 2804 5158 τῆς
2834 5088 2938 5157 γῆς
2968 5090 3002 5159 ὴ
3033 5086 3145 5158 ζωὴ
3180 5086 3367 5149 αὐτοῦ,
3403 5087 3497 5138 καὶ
3526 5101 3658 5153 μετ-

2092 5181 2350 5249 εωρίσθη,
2383 5180 2475 5233 καὶ
2532 5180 2843 5249 ὐπερανέϐη
2888 5180 3014 5241 τοὺς
3063 5178 3344 5249 οὐρανοὺς,
3382 5178 3463 5231 ὅτι
3496 5194 3513 5226 ι
3537 5164 3655 5228 ’Βα-

2092 5274 2272 5336 σιλεὺς
2306 5273 2522 5342 ὑπῆρχε
2558 5272 2656 5340 τῆς
2686 5271 2865 5339 δόξης,
2905 5289 2921 5321 ι
2967 5271 3061 5345 καὶ
3095 5271 3127 5341 ἡ
3160 5270 3324 5345 αὐτοῦ
3367 5267 3481 5338 ζωὴ
3513 5264 3658 5322 κατὰ

1598 5407 1800 5479 Varize
1830 5409 2136 5472 lectiones
2181 5420 2243 5470 et
2287 5414 2479 5470 notm.

493 5541 541 5575 “
564 5543 875 5619 ἀνάγκηδέ.
951 5550 994 5581 ⁸⁵
1018 5548 1330 5620 γινομένην.
1405 5551 1450 5583 ⁸⁸
1506 5550 1835 5621 γενώμενος.
1915 5555 1958 5587 θ’
1996 5553 2481 5623 οἰκονομηθέντων.
2558 5551 2602 5582 ⁸⁸
2626 5550 2847 5620 ἑτέρως.
