4088 6206
459 393 568 461 929

1099 397 1628 458 EXPOSlTlONIS
1656 398 1735 457 ΙΝ
1757 399 1946 460 ACTA
1982 398 2280 461 TEXTUS
2322 404 2591 463 ALTER.
2638 427 2700 439 -
2729 406 2885 465 CAP.
2916 407 3015 465 lX.

3585 413 3690 476 930

461 506 641 577 φύσιν,
671 505 766 559 καὶ
799 524 816 557 ι
853 505 1055 578 Κύριος
1078 509 1187 562 τῶν
1212 508 1515 579 δυνάμεων,
1554 529 1573 561 ι
1609 510 1656 561 εἰ
1683 511 1778 564 καὶ
1808 509 1897 562 διὰ
1924 509 2020 580 τὴν

2124 512 2278 580 ejus:
2312 532 2331 565 ι
2370 515 2619 570 videlicet
2641 518 2892 572 sublimis
2931 517 3068 571 facta
3114 528 3195 574 est
3233 528 3287 575 et
3317 526 3561 579 ascendit
3592 545 3689 582 su-

460 599 585 666 περὶ
613 598 760 667 ἡμᾶς
794 600 1107 669 οἰκονομίαν
1135 602 1229 653 καὶ
1256 602 1354 672 τὴν
1384 601 1629 654 ἑκούσιον
1663 600 1892 663 κένωσιν
1927 603 2025 669 τῆς

460 689 601 742 κατᾶ
647 690 707 742 τὸ
764 689 1013 743 ἑκούσιον
1050 690 1223 753 πάθος
1248 694 1345 761 ,ἐπὶ
1374 693 1478 762 γῆς
1504 692 1730 762 ἀτιμίας
1772 695 1864 745 καὶ
1901 689 2025 746 ἅδοι-

459 776 575 842 ξίας
629 778 886 849 ἠνέσχετο
915 794 928 811 ’
968 780 1128 834 τοῦτο
1182 781 1428 850 διδούσης
1466 781 1704 848 εὐλόγως
1752 781 1901 852 αὐτῷ
1928 782 2025 850 τῆς

457 869 581 923 καθ’
610 868 908 924 ὑπόστασιν
938 870 1091 942 αὐτῷ
1113 871 1210 925 καὶ
1239 872 1547 941 ἀδιαίρετον
1575 873 1863 944 ἠνωμένης
1892 890 2025 943 σαρ-

456 961 571 1022 κός·
602 963 732 1029 περὶ
768 961 834 1029 ἣν
868 960 929 1012 τὸ
976 963 1168 1027 πάθος,
1196 963 1292 1015 καὶ
1332 963 1363 1032 ἡ
1397 962 1648 1015 ἐντεῦθεν
1679 964 1871 1033 ἀτιμία
1901 979 2025 1014 συν-

459 1049 664 1114 έϐαινε,
706 1051 848 1104 κατὰ
887 1049 1019 1103 Θεὸν
1049 1051 1094 1082 ⁶⁹
1131 1053 1228 1120 μὲν
1258 1053 1586 1122 τολμωμένη
1624 1050 1718 1105 τοῦ
1741 1069 2025 1119 σεσαρκω-

462 1139 647 1207 μένου,
689 1139 900 1209 ψαῦσαι
951 1139 1008 1192 δὲ
1054 1140 1129 1211 μὴ
1157 1141 1434 1211 δυναμένη
1464 1142 1560 1195 τοῦ
1587 1143 1851 1207 ἀπαθοῦς,
1887 1144 2024 1214 ὅπερ

455 1231 766 1300 εὐμήχανον
813 1232 881 1285 ⁷⁸.
912 1231 1113 1284 Τοῦτον
1167 1232 1349 1286 τοίνυν
1393 1229 1531 1287 εἶναι
1560 1236 1651 1287 τὸν
1694 1236 1900 1304 Ἰησοῦν
1929 1237 2025 1289 καὶ

457 1321 852 1389 πεπληρῶσθαι
884 1321 982 1390 τὴν
1013 1322 1236 1392 Γραφὴν
1267 1324 1323 1375 ὲν
1355 1323 1502 1394 αὐτῷ
1540 1324 1569 1375 ὁ
1601 1326 1867 1388 Φίλιππος
1892 1326 2024 1379 ταύ-

454 1429 554 1482 την
592 1411 668 1483 τῷ
724 1413 966 1483 εὐνούχῳ
1006 1414 1445 1483 εὐαγγελίζεται.
1491 1410 1564 1487 ’ᾩ
1617 1418 1711 1470 καὶ
1756 1417 2022 1481 πεισθεὶς,

456 1504 550 1556 καὶ
578 1505 896 1573 παραυτίκα
927 1505 1267 1574 βαπτισθεὶς,
1294 1507 1549 1577 ἐπέμφθη
1580 1511 1660 1572 εἰς
1689 1508 1758 1562 τὰ
1787 1509 2024 1579 κλίματα

455 1595 552 1662 τῆς
589 1582 899 1658 Αίθιοπίαξ,
942 1595 1199 1665 κηρύξων
1236 1598 1382 1651 τοῦτ’
1412 1601 1547 1667 ὅπερ
1580 1599 1900 1652 ἐπίστευσεν
1930 1600 2027 1652 αὐ-

453 1682 573 1746 τὸς,
607 1682 740 1735 Θεὸν
774 1686 872 1754 μὲν
913 1685 1012 1739 ἕνα
1046 1686 1138 1738 τὸν
1169 1685 1253 1740 διὰ
1287 1687 1395 1741 τῶν
1423 1668 1719 1758 προφητῶν
1749 1705 2026 1759 κεκηρυγ-

459 1775 644 1842 μένον,
680 1776 874 1830 τούτου
927 1776 984 1829 δὲ
1034 1778 1125 1830 τὸν
1149 1778 1278 1829 Υίδν
1303 1780 1401 1848 τὴν
1438 1779 1578 1832 κατὰ
1607 1779 1893 1849 ἄνθρωπον
1923 1780 2021 1850 ήδη

455 1866 784 1934 πεποιῆσθαι
815 1869 1142 1937 παρουσίαν,
1164 1870 1258 1921 καὶ
1281 1869 1356 1932 ὡς
1385 1870 1656 1940 πρόϐατον
1684 1872 1775 1923 ἐπὶ
1808 1876 2022 1940 σφαγὴν

450 1951 637 2026 ἦχθαι,
679 1958 775 2009 καὶ
813 1958 881 2009 τὰ
920 1957 1082 2009 λοιπὰ
1113 1959 1211 2011 ὅσα
1238 1960 1287 2011 οἱ
1338 1960 1614 2030 προφῆται
1652 1960 1867 2031 λέγουσι
1894 1961 2021 2031 περὶ

451 2047 638 2098 αὐτοῦ.
668 2047 802 2114 ιΚαὶ
856 2046 1087 2101 ἐνταῦθα
1138 2048 1492 2120 πεπλήρωται
1523 2053 1556 2121 ἡ
1607 2052 1838 2120 λέγουσα
1887 2068 2020 2121 προ-

466 2137 705 2206 φητεία·
775 2156 793 2189 ι
848 2139 1100 2191 Αἰθιοπία
1173 2140 1475 2210 προφθάσει
1523 2145 1677 2212 χεῖρα
1715 2143 1885 2211 αὐτῆς
1941 2141 2021 2212 τῷ

450 2227 589 2298 Θεῷ.
629 2247 646 2278 ι
674 2258 744 2269 --
800 2248 818 2279 ι
865 2229 954 2292 Ὠς
989 2230 1045 2282 δὲ
1091 2231 1436 2301 ἐπορεύοντο.
1498 2249 1516 2283 ι
1554 2232 1904 2286 Ἑπιστατέον
1946 2232 2020 2295 ὡς

453 2321 686 2392 πολλὴή
748 2320 952 2391 σπουδὴ
1009 2323 1221 2393 ὑπῆρχε
1265 2304 1537 2394 [τελείως]
1574 2324 2019 2394 Χριστιανίζουσι

452 2411 581 2481 περὶ
612 2411 673 2464 τὸ
704 2409 961 2479 αίσθητὸν
996 2411 1298 2481 βάπτισμα.
1346 2413 1533 2465 Διττοῦ
1570 2415 1676 2484 γὰρ
1725 2414 1875 2475 ὄντος
1925 2413 2019 2465 τοῦ

449 2502 749 2573 διδομένου,
778 2500 869 2555 ὅτε
923 2502 1021 2572 μὲν
1059 2501 1126 2554 δι’
1154 2501 1365 2564 ὓδατος,
1405 2503 1433 2554 ὃ
1458 2520 1517 2554 τε
1556 2504 1611 2555 δὲ
1658 2506 1716 2555 ὲν
1743 2503 2021 2572 Πνεῦματι

454 2593 600 2662 ἁγίῳ
667 2595 766 2645 καὶ
823 2592 949 2663 περὶ
983 2592 1053 2656 ⁷³,
1108 2592 1169 2643 οὐ
1218 2591 1306 2644 διὰ
1365 2592 1462 2661 τὴν
1509 2593 1782 2663 ὑπεροχὴν
1831 2593 1925 2646 τοῦ
1965 2597 2020 2646 ἐν

451 2682 731 2752 Πνεῦματι
764 2685 1161 2755 βαπτίσματος,
1200 2684 1568 2752 κατεφρόνουν
1600 2683 1693 2736 τοῦ
1734 2686 2018 2752 αἰσθητοῦ,

455 2776 622 2846 {now
691 2775 785 2829 τοῦ
866 2774 1344 2846 σωματικωτὲρου.
1421 2776 1773 2846 Συμμάχεται
1804 2778 1850 2807 τί
1912 2773 2020 2847 γᾶρ

458 2866 601 2918 κατὰ
624 2865 671 2897 ⁷³
703 2865 862 2919 τοῦτο
902 2869 981 2928 εἰς
1018 2868 1297 2937 σωτηρίαν
1333 2868 1428 2920 καὶ
1470 2867 1569 2935 τὴν
1600 2868 1893 2921 ἀνάστασιν
1926 2866 2019 2920 τοῦ

455 2957 725 3026 σώματος.
784 2975 802 3008 ι
859 2957 1079 3027 Πνεῦμα
1144 2957 1373 3026 Κυρίου.
1412 2975 1429 3007 ι
1488 2957 1887 3026 Συμφερὸντως
1928 2958 2019 3010 τὸν

450 3047 714 3100 Φίλιππον
743 3048 976 3117 ἁρπάζει
1002 3048 1061 3101 τδ
1088 3048 1331 3118 Πνεῦμα.
1364 3048 1518 3101 Ἐπεὶ
1553 3046 1785 3118 ἠξιωσεν
1815 3048 1879 3101 ἄν
1903 3047 2020 3119 [καὶ

2127 617 2221 671 per
2240 618 2429 657 omnes
2448 605 2634 669 caelos,
2659 607 2915 676 quoniam
2944 627 2960 657 ι
2995 607 3108 676 ipse
3129 618 3210 662 est
3236 608 3347 665 Rex
3364 613 3628 682 gloriae",
3666 638 3686 670 ι

2126 705 2190 744 ac
2223 691 2397 761 ipsius
2451 694 2557 746 vita
2602 696 2868 749 naturalis
2896 703 2948 749 et
2987 698 3296 751 essentialis
3329 711 3440 754 est:
3478 711 3532 756 et
3576 705 3690 773 ipse

2126 790 2210 837 est
2246 801 2265 833 ι
2288 782 2548 839 Dominus
2577 786 2858 847 virtutum,
2885 805 2901 835 ι
2927 788 3142 841 tametsi
3193 791 3362 843 nostri
3391 806 3576 856 causa,
3599 811 3691 865 per
3747 800 3754 806 ’

2129 872 2483 927 voluntariam
2516 876 2570 929 in
2605 878 2857 944 passione
2889 878 3342 946 exinanitione’m,
3374 883 3611 941 dedeeus
3638 898 3691 941 et

2127 961 2474 1030 ignominiam
2491 964 2825 1029 toleraverit,
2849 968 2949 1019 hoc
2974 966 3048 1019 illi
3080 968 3228 1021 onmi
3253 970 3376 1036 jure
3395 982 3691 1040 praestante

2127 1061 2291 1101 carne
2355 1063 2452 1102 sua
2519 1050 2950 1118 hypostatice'et
3004 1053 3449 1124 inseparabiliter
3505 1060 3694 1116 divino

2126 1137 2306 1194 Verbo
2366 1142 2544 1205 unita;
2582 1143 2635 1194 in
2695 1157 2800 1210 qua
2851 1152 2907 1196 et
2950 1146 3134 1212 passio
3168 1154 3222 1200 et
3273 1144 3399 1202 inde
3446 1151 3691 1218 profecta

2126 1230 2419 1298 ignominia
2461 1229 2638 1284 locum
2689 1232 2920 1286 habuit:
2969 1241 3023 1288 et
3043 1249 3105 1290 ea
3145 1237 3366 1305 quidem
3408 1240 3577 1295 Deum
3608 1243 3693 1297 in-

2125 1327 2406 1372 carnatqu
2459 1321 2716 1389 impetere
2752 1330 2883 1376 aus‘a
2930 1333 3042 1390 est;
3089 1341 3276 1381 verum
3328 1328 3687 1387 immortalem

2123 1420 2179 1465 et
2208 1402 2612 1477 impassibilem
2665 1427 2773 1465 non
2822 1413 3023 1483 tetigit:
3074 1416 3128 1469 id
3183 1419 3327 1472 enim
3384 1418 3498 1475 fieri
3540 1424 3690 1478 nullo

2125 1501 2285 1553 modo
2316 1509 2511 1571 potest.
2545 1500 2701 1556 Hunc
2728 1503 2897 1573 igitur
2918 1520 3038 1561 esse
3067 1506 3275 1571 Jesum,
3308 1509 3691 1582 impletamque

2124 1594 2181 1646 in
2237 1592 2355 1661 ipso
2408 1593 2548 1648 hanc
2604 1596 2966 1664 prophetiam,
3019 1600 3356 1668 evangelizat
3411 1603 3693 1673 Philippus

2125 1686 2401 1751 eunucho,
2440 1687 2532 1755 qui
2573 1689 2802 1741 credens
2843 1702 2906 1741 ac
2946 1688 3237 1744 confestim
3273 1693 3601 1760 baptizatus,
3636 1697 3690 1749 in

2126 1773 2460 1845 IEtliiopiam
2508 1775 2773 1829 remissus
2806 1782 2914 1839 est,
2939 1784 2998 1828 ιιι
3033 1774 3191 1838 inibi,
3225 1779 3369 1845 quod
3426 1781 3542 1848 ipse
3575 1796 3694 1836 cre-

2122 1866 2352 1925 diderat.
2389 1866 2714 1935 prtedicaret
2751 1884 2764 1921 :
2804 1881 2997 1935 nempe
3047 1865 3215 1921 Deum
3268 1884 3453 1924 verum
3489 1874 3518 1924 Δ
3563 1888 3690 1942 pro.

2120 1958 2299 2026 phetis
2329 1958 2736 2021 annuntiatum,
2766 1956 2887 2026 ejus
2920 1957 3117 2014 Filium
3152 1960 3426 2014 hominem
3463 1961 3687 2026 factum,

2119 2048 2172 2101 in
2208 2049 2468 2101 mundum
2505 2049 2615 2118 jam
2648 2048 2970 2117 advenisse,
3009 2059 3064 2107 et
3106 2060 3362 2120 tanquam
3420 2067 3573 2108 ovem
3625 2054 3692 2107 ad

2119 2141 2449 2196 occisionem
2521 2141 2746 2195 ductum
2790 2157 2934 2207 esse,
2987 2151 3042 2196 et
3098 2144 3329 2213 reliqua,
3401 2160 3521 2213 qua:
3567 2159 3693 2214 pro.

2120 2233 2298 2299 pheta:
2329 2232 2394 2285 de
2424 2234 2544 2299 ipso
2572 2231 2963 2299 praedixerunt.
3015 2231 3083 2288 Et
3127 2234 3215 2287 hic
3243 2236 3460 2304 impleta
3490 2246 3572 2290 est
3599 2237 3688 2289 illa

2119 2322 2405 2392 prophetia
2434 2337 2552 2389 qua:
2579 2321 2653 2374 ait
2676 2319 2723 2351 “
2762 2339 2776 2374 :
2819 2339 2838 2372 ι
2875 2320 3152 2391 [Ethiopia
3188 2318 3692 2393 praevenicttnanus

2119 2414 2238 2480 ejus
2258 2413 2387 2465 Deo.
2418 2429 2541 2462 ι-ι
2569 2410 2772 2464 Etdum
2794 2410 2954 2465 irent.
2982 2430 3002 2463 ι
3024 2411 3332 2467 Notandum
3352 2422 3436 2468 est
3454 2414 3554 2467 hoc
3574 2413 3692 2469 loco

2122 2508 2336 2560 illorum
2370 2504 2459 2573 qui
2484 2503 2723 2572 perfecte
2748 2501 3046 2558 Christiani
3079 2512 3257 2570 erant,
3295 2505 3536 2561 studium
3563 2521 3688 2575 ergo

2122 2595 2379 2653 sensibile
2414 2595 2707 2664 baptisma.
2739 2593 2876 2647 Cum
2914 2596 3060 2649 enim
3098 2595 3366 2664 baptisma
3393 2596 3681 2662 dupliciter

2119 2690 2276 2744 detur
2304 2699 2450 2756 (nam
2480 2695 2533 2742 et
2567 2704 2663 2757 per
2690 2702 2887 2756 aquam
2919 2686 3099 2753 datur,
3130 2697 3185 2742 et
3214 2687 3269 2741 in
3302 2685 3507 2757 Spiritu
3556 2703 3687 2742 sato-

2121 2790 2211 2837 cto
2257 2791 2310 2836 et
2342 2781 2508 2850 igne),
2540 2781 2858 2850 neutiquam
2902 2788 3121 2850 propter
3155 2778 3460 2849 spiritualis
3512 2778 3691 2847 bapti-

2121 2873 2311 2927 smatis
2359 2872 2732 2941 prmatantiam
2775 2870 3154 2940 maioremque
3188 2869 3587 2934 excellentiam,
3614 2869 3690 2922 illi

2122 2960 2402 3025 Sensibile,
2452 2976 2547 3015 seu
2578 2960 2750 3030 magis
2785 2975 3107 3029 corporeum
3160 2959 3425 3028 baptisma
3456 2959 3693 3027 neglige-

2123 3050 2279 3127 bant‘:
2316 3051 2765 3121 quandoquidem
2821 3060 2876 3105 et
2925 3051 3070 3106 istud
3101 3050 3167 3104 ad
3200 3050 3431 3104 salutem
3477 3048 3690 3102 confert

452 3136 857 3207 συμπαρελθεῖν
913 3137 1061 3207 αὐτῷ
1102 3140 1130 3191 ὁ
1169 3137 1445 3207 εὐνοῦχος,
1494 3138 1588 3192 καὶ
1623 3138 1892 3206 ἐλύπησεν
1928 3137 2016 3210 ἂν]

2124 3151 2175 3197 et
2198 3143 2267 3195 ad
2305 3142 2763 3195 resurrectionem
2787 3141 3058 3221 corporis.
3090 3159 3108 3191 ι
3134 3137 3374 3208 Spiritus
3401 3137 3632 3190 Domini.
3667 3156 3686 3188 ι

448 3229 656 3288 ἐκεῖνος
686 3227 990 3287 ἀνανεῦσας
1037 3228 1130 3279 καὶ
1164 3229 1563 3298 ἀρνησάμενος,
1595 3227 1747 3280 ntimo
1768 3228 1859 3280 τοῦ
1904 3246 2019 3281 και-

451 3315 542 3385 ροῦ
570 3316 740 3377 ὄντος.
773 3318 880 3368 Καὶ
907 3317 1067 3380 αὐτὸς
1096 3317 1153 3369 δὲ
1182 3318 1489 3380 ὁΦίλιππος
1523 3319 1666 3386 μέγα
1695 3318 2008 3386 ἐκέρδανεν,

446 3406 583 3476 ὅπερ
610 3405 773 3476 ἠκουε
823 3408 954 3475 περὶ
986 3408 1251 3471 ἰεζεκιὴλ
1308 3408 1404 3461 καὶ⁷
1432 3407 1715 3479 Ἀὀακοῦμ
1736 3450 1751 3475 ,
1799 3410 1892 3462 καὶ
1926 3409 2012 3460 ἐπ’

449 3496 598 3567 αὐτῷ
643 3497 934 3566 γενόμενον
996 3496 1139 3549 ἰδών.
1193 3497 1481 3552 Δείκνυται
1537 3499 1593 3552 δὲ
1648 3499 1848 3571 πολλὴν
1898 3499 2016 3553 ὁδὸν

449 3583 723 3650 ἀπελθὼν,
773 3586 886 3654 εἴγε
942 3587 999 3639 ὲν
1034 3586 1255 3656 ’Δζὼτῳ
1283 3588 1505 3660 εὑρέθη.
1539 3589 1688 3641 Ἐκεῖ
1718 3591 1826 3659 γὰρ
1856 3589 2014 3661 ἕστη-

453 3689 565 3737 σεν,
599 3674 725 3727 ἔνθα
765 3672 951 3729 λοιπὸν
1006 3678 1103 3730 καὶ
1154 3679 1618 3748 εὐαγγελίσασθαι
1673 3681 1836 3734 αὐτὸν
1882 3681 2012 3746 ἔδει,

451 3771 545 3818 καὶ
574 3765 655 3829 είς
685 3764 1024 3839 Καισᾶρειαν
1059 3770 1307 3822 ἐντεῦθεν
1354 3769 1455 3841 τὴν
1485 3770 1819 3839 ὲνεγκοῦσαν
1848 3772 2017 3825 ἀπε),-

450 3854 584 3911 θεῖν.

2122 3229 2240 3283 Νοιι
2271 3228 2369 3281 abs
2426 3243 2480 3280 re
2522 3227 2761 3295 Spiritus
2802 3212 3017 3279 Domini
3054 3224 3241 3279 statim
3273 3224 3455 3294 rapuit
3484 3223 3693 3292 Philip-

2121 3330 2248 3390 pum
2274 3336 2286 3370 :
2318 3331 2441 3371 nam
2471 3324 2525 3371 et
2557 3317 2846 3371 eunuchus
2872 3326 3165 3386 rogaturus
3199 3330 3324 3370 eum
3354 3315 3515 3370 facile
3548 3324 3687 3375 erat,

2123 3418 2182 3463 ut
2239 3422 2425 3462 secum
2471 3406 2944 3474 proficisceretur;
2987 3414 3041 3459 et
3100 3405 3385 3474 Philippus
3447 3404 3690 3458 vicissim

2122 3501 2404 3558 renuendo
2437 3500 2568 3567 (non
2608 3499 2751 3552 enim
2781 3498 2832 3550 id
2873 3503 3237 3566 opportunum
3272 3505 3401 3549 tunc
3430 3493 3568 3562 erat)
3598 3509 3694 3546 eu-

2125 3592 2364 3645 nuchum
2404 3587 2806 3640 contristasset.
2860 3583 3095 3637 Aliunde
3142 3596 3272 3636 vero
3300 3592 3356 3635 et
3406 3579 3693 3650 Philippus

2128 3680 2271 3733 haud
2311 3676 2583 3730 modicum
2611 3671 2809 3727 exinde
2844 3672 3088 3725 lucratus
3135 3682 3261 3725 est:
3301 3671 3521 3740 quando
3572 3671 3694 3738 qui.

2127 3772 2271 3833 dem,
2300 3766 2442 3838 quod
2475 3762 2542 3819 de
2572 3763 2850 3816 Ezechiele
2884 3770 2938 3815 et
2970 3760 3224 3815 llabacuc
3257 3762 3526 3826 audierat,
3561 3761 3613 3815 id
3640 3761 3691 3812 in

2131 3868 2189 3920 s'e
2235 3867 2549 3916 renovatum
2609 3855 2911 3924 perspexit.
2974 3850 3222 3904 lnnuitur
3265 3859 3470 3914 autem,
3516 3852 3690 3916 ipsum

452 3950 683 4006 multum
734 3951 947 4008 itineris
998 3963 1275 4009 momento
1332 3952 1661 4021 confecisse,
1704 3966 1828 4014 cum
1883 3962 2162 4022 subditur:
2196 3958 2455 4016 Iuventus
2506 3957 2589 4005 est
2630 3949 2684 4002 in
2734 3948 2924 4000 Azoto.
2963 3944 3039 3999 lbi
3091 3956 3321 4012 namque
3359 3957 3483 3997 eum
3521 3942 3697 4012 Spiri-

448 4052 538 4102 tus
561 4045 654 4102 Dei
681 4047 952 4118 deposuit,
987 4050 1075 4103 ubi
1108 4060 1293 4118 postea
1335 4052 1634 4120 praedicare
1655 4055 1904 4124 debebat,
1955 4074 2008 4116 et
2032 4052 2226 4118 exinde
2277 4038 2684 4107 'in'Ctesm'eam
2730 4044 2959 4112 Paulam
3019 4052 3174 4093 suam
3211 4050 3476 4093 ι’θωθπθ·

1042 4166 1294 4220 ΚΕΦΑΛ.
1324 4162 1425 4221 ll".

448 4257 585 4327 Περὶ
616 4256 728 4325 τῆς
752 4252 1083 4325 οὐρανόθεν
1129 4258 1292 4322 θείας
1332 4255 1611 4325 κλήσεως
1645 4263 1891 4317 Παύλου
1932 4267 2020 4332 είς

521 4348 900 4416 ἀποστολήν.
974 4348 1076 4403 Ἑν
1101 4342 1149 4416 ᾧ
1177 4349 1248 4403 τὰ
1285 4351 1419 4418 περὶ
1440 4350 1655 4418 ἰάσεως
1685 4355 1781 4407 καὶ
1800 4356 2020 4420 βαπτί-

517 4455 747 4508 σματος
792 4440 1039 4495 Παύλου
1083 4440 1159 4493 δι’
1197 4442 1475 4495 Ἀνανίου
1525 4444 1674 4497 κατὰ
1719 4446 2020 4501 ἀποκάλυ-

516 4534 627 4599 ψιν
655 4524 824 4594 Θεοῦ,
875 4532 1215 4599 παρῤησίας
1240 4549 1303 4586 τε
1347 4533 1535 4587 αὐτοῦ
1561 4534 1658 4587 καὶ
1688 4538 2022 4605 συντυχίας

525 4620 633 4690 τῆς
678 4619 775 4673 διὰ
815 4620 1092 4688 Βαρνάϐα
1118 4624 1268 4688 πρὸς
1298 4622 1439 4687 τοὺς
1469 4625 1870 4692 ἀποστόλους.

835 4708 918 4780 Τῇ
943 4709 996 4775 ς’
1026 4711 1125 4780 τῆς
1166 4710 1215 4779 γ’
1246 4702 1542 4781 ἑϐδομάδος
1572 4714 1639 4768 ⁷⁸.

1041 4792 1427 4861 ΚΕΙΜΕΝΟΝ.

517 4889 781 4957 Φίλιππος
828 4893 884 4946 δὲ
931 4892 1209 4946 κατελθὼν
1267 4896 1462 4966 εὑρέθη
1499 4899 1579 4959 εἰς
1616 4897 1894 4962 ¹Ἄζωτον,
1927 4898 2021 4951 καὶ

451 4981 795 5052 διερχόμενος
814 4978 1200 5053 εὐηγγελίζετο
1222 4986 1322 5049 τὰς
1354 4987 1537 5049 πόλεις
1567 4987 1764 5051 πάσας,
1793 4989 1896 5050 ἓως
1926 4987 2021 5042 τοῦ

454 5069 627 5123 ἐλθεῖν
671 5074 834 5125 αὐτὸν
861 5078 939 5137 εἰς
972 5077 1334 5148 Καισάρειαν.
1382 5081 1441 5131 '0
1466 5079 1523 5133 δὲ
1564 5080 1768 5144 Σαῦλος
1800 5080 1879 5135 ἔτι
1921 5084 2022 5153 ἑμ-

456 5159 631 5210 πνέων
676 5158 911 5231 ’ἀπειλῆς
962 5160 1058 5216 καὶ
1108 5166 1270 5235 φόνου
1328 5169 1406 5230 εἰς
1454 5170 1578 5231 τοὺς
1639 5170 1888 5240 μαθητὰς
1927 5168 2023 5224 τοῦ

452 5245 682 5319 Κυρίου,
721 5251 1034 5319 προσελθὼν
1063 5254 1142 5323 τῷ
1200 5256 1448 5329 ἀρχιερεῖ
1485 5259 1725 5329 ᾐτήσατο
1765 5263 1893 5330 παρ’
1927 5262 2025 5316 αὐ-

452 5339 547 5392 τοῦ
586 5340 877 5403 ἐπιστολὰς
917 5344 996 5405 είς
1036 5345 1323 5415 Δαμασκὸν
1360 5348 1497 5417 πρὸς
1540 5348 1639 5413 τὰς
1675 5350 2020 5420 συναγωγὰς,

572 5448 621 5479 ⁸⁷
656 5448 799 5505 Psal.
830 5466 989 5518 um,
1026 5452 1112 5507 10.
1189 5453 1233 5485 ⁸⁸
1257 5452 1403 5509 Psal.
1451 5470 1618 5526 van,
1647 5458 1734 5512 72.

2712 4155 2938 4213 CAPUT
2976 4154 3115 4209 XIII.

2127 4263 2202 4318 De
2230 4258 2495 4315 vocatione
2518 4251 2855 4321 Parth'238
2870 4248 3096 4318 apostoli
3122 4263 3149 4300 e
3188 4246 3315 4301 caelo
3337 4242 3499 4314 facta.
3519 4240 3611 4298 Ubi
3631 4240 3696 4295 de

2196 4350 2471 4407 sanatione
2510 4357 2558 4399 et
2596 4345 2905 4412 baptismate
2931 4339 3094 4393 Pauli
3148 4354 3240 4407 per
3290 4334 3553 4390 Ananiam
3599 4334 3694 4387 de-

2196 4458 2292 4512 que
2322 4434 2898 4508 prwdicaudilibertate
2927 4442 2975 4486 et
3004 4446 3221 4485 occursu
3254 4430 3417 4499 ipsius
3462 4429 3529 4481 ad
3567 4440 3696 4497 apo-

2199 4531 2381 4587 stolos.

2501 4709 2655 4765 Feria
2686 4705 2719 4761 6
2750 4705 3099 4760 hebdomadu:
3125 4705 3320 4760 tertia.

2766 4793 3065 4849 TEXTUS.
3142 4808 3143 4811 ‘

2172 4892 2459 4961 κνιιι,ιο;
2518 4888 2611 4954 ΙΧ,
2648 4889 2801 4943 1-19.
2858 4885 3140 4954 Philippus
3187 4892 3367 4938 autem
3440 4883 3692 4938 inventus

2130 4997 2213 5046 est
2258 4989 2313 5043 in
2350 4986 2546 5047 Azoto,
2577 4991 2632 5036 et
2685 4978 3058 5050 pertransieus
3103 4975 3517 5046 evangelizabat
3553 4973 3692 5025 civi-

2133 5080 2332 5135 tatibus
2363 5073 2603 5136 cunctis,
2652 5070 2828 5124 donec
2892 5068 3099 5123 veniret
3131 5067 3459 5122 Caesaream.
3492 5061 3692 5115 Saulus

2129 5178 2309 5223 autem
2367 5164 2547 5220 adhuc
2598 5160 2813 5237 spirans
2856 5158 3126 5213 minarum
3161 5165 3214 5212 et
3246 5154 3409 5211 caedis
3436 5153 3493 5205 in
3522 5149 3690 5204 disci-

2130 5259 2289 5331 pulos
2320 5256 2555 5322 Domini,
2603 5252 2838 5309 accessit
2868 5249 2933 5304 ad
2972 5246 3275 5320 principem
3322 5241 3690 5331 sacerdotum,

2133 5327 2186 5403 et
2213 5348 2347 5419 petit
2376 5346 2445 5402 ab
2482 5361 2547 5400 eo
2593 5341 2857 5414 cpiswlas
2886 5339 2941 5393 in
2967 5337 3292 5391 Damascum
3347 5332 3414 5385 ad
3447 5327 3691 5399 Synago-

1636 5568 1835 5628 Varia
1858 5564 2170 5629 lectiones
2216 5573 2278 5627 et
2322 5572 2512 5627 notae.

521 5680 566 5713 ⁶⁹
588 5684 747 5741 Θεοῦ.

854 5690 897 5723 ⁷⁸
931 5689 1233 5762 ἀμήχανον.

467 5753 715 5809 Δνανίου.

1323 5690 1369 5723 τι
1396 5692 1551 5760 πυρί,
1624 5695 1670 5726 η
1702 5692 2087 5762 συμϐάλλεται.

2195 5692 2242 5727 ⁷³
2261 5693 2375 5747 καί.
2479 5692 2622 5753 "et;
2660 5692 2757 5760 τὴν
2789 5688 2982 5761 ἑορτὴν
3011 5689 3106 5743 τοῦ
3155 5689 3310 5760 ἁγίου
3369 5688 3665 5745 ἀποστόλου
