4088 6206
489 379 592 444 931

1412 361 1986 425 THEOPHYLACTI
2023 358 2434 421 BULGARI/E
2474 359 2677 419 ARCH
2692 359 2832 420 IEP.

3613 359 3723 423 932

477 508 614 564 gas:
643 496 700 544 ut
725 487 768 540 si
801 498 941 551 quos
975 478 1274 534 invenisset
1309 476 1475 543 hujus
1526 475 1626 528 via:
1657 473 1801 526 viros
1840 485 1902 524 ac
1936 485 2057 523 mu-

2172 470 2306 532 ὅπως
2330 467 2428 520 ἐάν
2466 484 2620 529 τινας
2649 467 2784 539 εὖρῃ
2827 467 2924 534 τῆς
2959 464 3082 518 όδοῦ
3105 466 3284 529 ὄντας,
3319 466 3519 535 ἄνδρας
3555 485 3610 520 τε
3639 474 3738 523 καὶ

483 559 662 643 lieres,
689 580 898 632 vinctos
919 571 1241 641 perduceret
1276 567 1330 620 in
1352 565 1680 619 Jerusalem.
1715 561 1780 615 Et
1809 575 1929 614 cum
1958 559 2062 612 iter

482 675 708 730 faceret,
762 661 991 731 contigit
1040 667 1098 712 ut
1138 656 1604 727 appmpinquaret
1683 651 1947 704 Damasco
2006 658 2062 704 et

480 761 662 817 subito
722 750 1087 808 cireumfulsit
1122 763 1245 802 eum
1303 747 1392 799 lux
1442 744 1508 797 de
1548 743 1709 797 caelo.
1760 743 1822 794 fit
1860 739 2064 794 cadens

480 855 534 906 in
586 861 791 903 terram
849 843 1060 898 audivit
1117 855 1305 894 vocem
1358 839 1629 890 dicentem
1679 833 1783 887 sibi
1830 830 2061 894 :Saulc,

480 949 660 1009 Saule,
699 941 828 1011 quid
879 955 964 993 me
1009 934 1397 1007 persequeris?
1446 931 1548 996 Qui
1603 929 1770 982 dicit:
1809 924 1943 990 Quis
1980 936 2062 986 es,

480 1034 745 1092 Domine?
777 1030 841 1084 Et
871 1031 1006 1083 ille:
1052 1027 1162 1096 Ego
1220 1041 1339 1079 sum
1393 1021 1552 1077 Jesus
1613 1035 1772 1088 quem
1833 1027 1889 1069 tu
1941 1029 2065 1083 per-

482 1126 771 1196 sequeris;
829 1121 1026 1175 durum
1068 1129 1154 1172 est
1209 1115 1305 1169 tibi
1360 1123 1551 1168 contra
1615 1108 1898 1163 stimulum
1959 1106 2067 1159 cal-

481 1220 702 1270 citrare.
764 1213 832 1265 Et
924 1223 1163 1264 tremens
1231 1221 1295 1258 ac
1374 1212 1606 1272 stupens
1683 1200 1879 1252 dixit:
1957 1196 2068 1250 Do-

485 1307 649 1370 mine,
684 1304 812 1373 quid
850 1317 934 1354 me
984 1301 1063 1354 vis
1111 1295 1327 1351 facere?
1366 1293 1430 1345 Et
1478 1292 1742 1345 Dominus
1779 1289 1846 1343 ad
1890 1303 2010 1342 eum
2048 1306 2063 1343 :

489 1395 660 1464 Surge
713 1402 766 1448 et
810 1390 1099 1461 ingredere
1151 1387 1451 1464 civitatem,
1481 1390 1534 1436 et
1569 1381 1643 1434 ibi
1698 1380 1914 1432 dicetur
1968 1376 2065 1429 tibi

483 1487 614 1556 quid
655 1495 710 1538 te
777 1489 1023 1551 Oporteat
1066 1478 1266 1531 facere.
1301 1473 1416 1526 Viri
1475 1483 1656 1525 autem
1705 1469 1803 1534 illi,
1841 1469 1933 1536 qui
1976 1481 2068 1520 co-

485 1575 822 1630 mitabantur
853 1588 978 1626 cum
1025 1587 1110 1635 eo,
1155 1568 1374 1622 stabant
1409 1561 1729 1633 stupefacti,
1781 1560 2107 1633 audientes,

488 1669 706 1737 quidem
744 1679 957 1728 vocem,
993 1663 1267 1715 neminem
1299 1665 1481 1710 autem
1515 1655 1785 1707 videntes.
1821 1651 2066 1704 Surrexit

2163 563 2461 628 γυναῖκας,
2513 559 2831 627 δεδεμένους
2880 558 3064 629 ἀγάγῃ
3107 561 3186 620 εἰς
3225 559 3600 628 Ἰερουσαλήμ.
3648 561 3738 612 Ἐν

2163 653 2218 706 δὲ
2252 652 2329 721 τῷ
2361 651 2690 721 πορεύεσθαι
2716 652 2898 713 αὑτὸν,
2941 651 3158 718 ἐγένετο
3185 651 3429 718 ἐγγίζειν
3457 656 3522 720 τῇ
3554 655 3738 723 Δαμα-

2167 743 2301 812 σκῷ,
2337 743 2432 795 καλ.
2463 741 2722 811 ἐξαίφνης
2770 741 3178 812 περιήστραψεν
3209 742 3372 794 αὐτόν
3407 743 3522 810 φῶς
3550 745 3613 796 ἐκ
3641 745 3738 797 τοῦ

2165 835 2422 904 ούρανοῦ,
2449 835 2542 886 καὶ
2597 834 2779 887 πεσὼν
2831 835 2928 886 ἐπὶ
2967 835 3064 902 τὴν
3113 835 3248 904 γῆν,
3299 835 3500 904 ἤκουσε
3556 838 3740 906 φωνὴν

2165 930 2430 997 λέγουσαν
2462 928 2632 997 αὐτῷ·
2668 927 2860 991 Σαοὺλ,
2895 928 3099 990 Σαοὺλ,
3131 926 3186 979 τί
3223 945 3289 997 με
3323 927 3543 990 διώκεις
3569 946 3584 994 ;
3615 928 3739 982 εἷπε

2167 1022 2246 1074 δέ’
2278 1021 2372 1083 Τίς
2400 1016 2470 1086 εἶ,
2513 1019 2724 1088 Κύριε;
2777 1019 2835 1070 '0
2881 1019 2938 1070 δέ
2989 1019 3199 1088 Κύριος
3236 1017 3410 1072 εἶπενο
3447 1021 3590 1087 Ἐγὼ
3622 1023 3739 1090 είμι

2182 1110 2385 1181 Ἰησοῦς
2435 1110 2494 1163 ὃν
2547 1109 2610 1160 σὺ
2652 1108 2904 1171 διώκεις’
2941 1109 3176 1177 σκληρόν
3224 1127 3304 1162 σοι
3349 1111 3486 1180 πρὸς
3541 1112 3741 1181 κέντρα

2165 1201 2460 1265 λακτίζειν.
2498 1200 2729 1269 Τρέμων
2759 1217 2840 1262 τε,
2872 1201 2969 1254 καὶ
2999 1201 3248 1270 θαμϐῶν,
3278 1197 3421 1254 εἷπε·
3459 1202 3654 1272 Κύριε,
3689 1203 3741 1254 τί

2168 1307 2238 1359 με
2296 1289 2471 1351 Θέλεις
2511 1287 2776 1356 ποιῆσαι;
2836 1289 2947 1342 Kal
3011 1289 3039 1340 ό
3097 1289 3302 1358 Κύριος
3363 1291 3502 1358 πρὸς
3553 1290 3738 1342 αὐτόν·

2166 1381 2478 1450 Ἀνάσθητι,
2511 1381 2606 1433 καὶ
2633 1380 2840 1434 εἴσελθε
2871 1384 2950 1444 είς
2972 1382 3080 1462 τὴν,
3099 1383 3275 1445 πόλιν,
3307 1384 3468 1435 κάκεῖ
3507 1383 3744 1452 λαληθή-

2170 1469 2323 1520 σεταί
2359 1485 2439 1520 σοι
2464 1469 2516 1520 τί
2543 1485 2600 1521 σε
2624 1470 2705 1523 δεῖ
2729 1472 2924 1523 ποιεῖν,
2950 1471 3011 1521 Οἱ
3055 1470 3110 1522 δὲ
3144 1470 3336 1540 ἄνδρες
3357 1472 3406 1523 οἱ
3433 1471 3743 1525 συνοδεύον-

2167 1576 2257 1620 τες
2299 1558 2444 1628 αύτῷ
2505 1561 2848 1628 εἰστήκεισαν
2888 1558 3050 1626 ὲνεοὶ,
3076 1559 3364 1623 ἀκούοντες
3386 1561 3484 1629 μὲν
3510 1563 3606 1630 τῆς
3628 1579 3742 1628 φω-

2169 1650 2288 1718 νῆς,
2324 1651 2531 1720 μηδένα
2584 1651 2641 1703 δὲ
2701 1651 3055 1720 θεωροῦντες.
3097 1650 3340 1720 Ἠγέρθη
3371 1649 3428 1703 δέ
3459 1651 3488 1702 ό
3539 1651 3743 1714 Σαῦλος

488 1765 666 1810 autem
695 1755 894 1806 Saulus
919 1752 986 1803 de
1017 1757 1184 1810 terra,
1219 1745 1531 1812 apertisque
1567 1741 1741 1796 oculis
1796 1738 2066 1792 neminem

2172 1742 2276 1794 ἀπὸ
2323 1743 2420 1810 τῆς
2450 1742 2573 1810 γῆς,
2600 1741 2964 1811 ἀνεῳγμένων
2993 1757 3053 1792 τε
3081 1739 3190 1792 τῶν
3221 1740 3518 1810 ὀφθαλμῶν
3546 1742 3738 1804 αὑτοῦ,

491 1808 737 1899 videbat.
766 1842 846 1894 Ad
878 1853 1072 1892 manus
1115 1808 1296 1888 autem
1337 1808 1490 1886 illum
1535 1833 1832 1894 trahentes,
1897 1829 2066 1882 intro-

2173 1808 2611 1884 oboévasfilem.
2641 1808 3128 1898 Χειραγωγοῠντες
3161 1828 3217 1880 δὲ
3251 1808 3417 1881 αὑτὸν
3441 1828 3743 1896 εἰσήγαγον

489 1937 770 1988 duxerunt
802 1931 1152 1983 Damascum.
1182 1924 1248 1978 Et
1267 1934 1378 1979 erat
1404 1923 1477 1975 ib':
1499 1937 1529 1974 a
1549 1921 1722 1975 tribus
1745 1920 1939 1974 diebus
1957 1933 2066 1972 non

496 2026 714 2084 videns,
746 2031 800 2075 et
836 2037 941 2073 non
1004 2016 1376 2080 manducavit,
1408 2028 1582 2081 neque
1617 2011 1769 2064 bibit.
1813 2009 1941 2060 Erat
1973 2022 2071 2060 au-

493 2124 600 2171 tem
637 2113 855 2182 quidam
892 2109 1198 2177 discipulus
1236 2105 1511 2169 Damasci,
1537 2101 1757 2156 nomine
1784 2099 2066 2160 Ananias;

487 2215 542 2260 et
573 2205 710 2258 dixit
742 2205 808 2255 ad
839 2203 989 2255 illum
1023 2201 1077 2252 in
1111 2198 1227 2251 visu
1263 2196 1525 2250 Dominus
1561 2213 1574 2247 :
1609 2193 1841 2246 Anania.
1876 2189 1944 2243 At
1975 2188 2066 2242 ille

491 2299 598 2352 ait:
626 2297 764 2350 Ecce
794 2309 915 2363 ego,
944 2291 1190 2346 Domine.
1218 2289 1283 2342 Et
1307 2288 1573 2342 Dominus
1599 2290 1663 2338 ad
1690 2299 1848 2339 eum:
1873 2282 2067 2352 Surge,

493 2396 546 2438 et
577 2386 707 2440 vade
733 2386 786 2436 in
818 2386 1021 2447 vietnu,
1053 2384 1146 2448 qui
1178 2388 1401 2435 vocatur
1431 2378 1666 2432 Rectus:
1702 2382 1756 2429 et
1783 2389 1968 2444 quaere
2007 2375 2062 2425 in

491 2478 652 2530 domo
669 2474 820 2528 Iudae
847 2473 1073 2527 Saulum
1106 2471 1348 2534 nomine,
1374 2470 1702 2522 Tarsensem
1725 2484 1738 2520 :
1763 2481 1889 2520 ecce
1921 2463 2066 2518 enim

496 2573 637 2616 orat.
674 2564 762 2631 (Et
806 2564 941 2615 vidit
971 2562 1147 2614 virum
1180 2561 1445 2612 Ananiam
1480 2558 1723 2617 nomine,
1780 2556 2067 2609 introeun-

497 2665 602 2704 tem
636 2663 688 2706 et
721 2656 1088 2720 impoueutcm
1118 2651 1222 2704 sibi
1249 2663 1465 2710 manus,
1495 2659 1554 2700 ut
1582 2646 1757 2700 visum
1792 2644 2068 2711 recipiat.)

489 2741 791 2810 Respondit
825 2754 1006 2796 autem
1046 2742 1323 2794 Ananias:
1363 2738 1613 2801 Domine,
1647 2735 1833 2790 audivi
1865 2749 1895 2787 a
1925 2734 2068 2786 ntul-

489 2836 558 2888 tis
585 2834 651 2888 dc
685 2836 802 2888 viro
859 2836 981 2895 hoc.
1047 2843 1250 2902 quanta
1307 2831 1444 2883 mala
1499 2829 1688 2883 fecerit
1728 2827 1931 2880 sanctis
1965 2825 2071 2878 tuis

489 2925 541 2976 in
573 2923 901 2979 Jerusalem:
936 2932 989 2977 et
1017 2924 1103 2977 hic
1145 2922 1310 2975 habet
1342 2930 1665 2990 potestatem
1715 2932 1745 2970 a
1798 2914 2064 2986 principi-

489 3016 593 3069 bus
624 3017 968 3070 sacerdotum
999 3013 1258 3083 alligandi
1311 3027 1502 3066 omnes
1543 3012 1637 3080 qui
1680 3011 1939 3065 invocant
1969 3023 2070 3062 no-

2174 1925 2252 1984 εἱς
2279 1922 2588 1991 Δαμασκόν.
2622 1921 2734 1973 Kal
2762 1916 2831 1989 ἦν
2860 1919 3073 1990 ἡμέρας
3103 1920 3252 1988 τρεῖς
3283 1918 3358 1988 μὴ
3384 1917 3618 1987 βλέπων,
3652 1920 3745 1970 καὶ

2172 2013 2270 2063 ούκ
2316 2011 2522 2078 ἐσραγεν
2553 2010 2673 2062 ούδέ
2726 2009 2900 2062 ἔπιεν.
2927 2004 3034 2062 Ἦν
3061 2008 3117 2060 δέ
3147 2025 3231 2070 τις
3263 2007 3516 2076 μαθητὴς
3545 2008 3602 2059 ἐν
3634 2010 3745 2058 Δα-

2177 2103 2372 2172 μασκῷ
2407 2103 2636 2172 ὀνόματι
2682 2101 2962 2164 Ἀνανίας.
3013 2100 3123 2152 Kal
3162 2093 3284 2150 εἷπε
3343 2098 3480 2166 πρὸς
3527 2097 3690 2150 αὑτὸν
3717 2098 3747 2149 ό

2175 2192 2381 2262 Κύριος
2412 2194 2470 2244 ἐν
2501 2193 2756 2262 ὁράματιο
2784 2191 3031 2244 Ἀνανία.
3078 2191 3135 2242 Ὀ
3164 2189 3219 2241 δὲ
3247 2184 3420 2242 εἶπενο
3458 2189 3585 2241 Ἰδοὺ
3611 2187 3742 2255 ἐγὼ,

2172 2283 2373 2352 Κύριε.
2425 2283 2484 2335 Ὀ
2511 2283 2566 2334 δὲ
2602 2282 2807 2352 Κύριος
2849 2281 2984 2349 πρὸς
3019 2277 3200 2332 αὐτόν’
3246 2278 3510 2340 Ἀναστὰς
3545 2276 3744 2346 πορεύο

2174 2377 2292 2442 θητι
2329 2374 2421 2427 ἐπὶ
2470 2374 2567 2442 τὴν
2621 2374 2796 2443 ῥύμην
2846 2373 2944 2442 τὴν
2987 2372 3325 2442 καλουμένην
3357 2371 3604 2436 Εὐθεῖαν,
3647 2373 3745 2424 καὶ

2179 2466 2415 2536 ζήτησον
2451 2469 2509 2518 ἐν
2540 2467 2690 2536 οἰκία
2740 2465 2911 2518 Ἰούδα
2965 2465 3166 2518 Σαῦλον
3207 2464 3431 2533 όνοματι
3455 2503 3470 2527 ,
3499 2464 3746 2532 Ταρσέα.

2188 2558 2318 2609 Ἰδοὺ
2346 2559 2454 2625 γὰρ
2509 2557 2892 2626 προσεύχεται,
2933 2558 3028 2610 καὶ
3061 2553 3200 2610 εἶδεν
3228 2558 3284 2608 ἐν
3311 2556 3548 2624 ὁράματι
3579 2555 3748 2624 ἀνδρα

2175 2648 2428 2700 Ἀνανίαν
2485 2647 2708 2713 ὀνόματι
2775 2645 3086 2698 εἰσελθόντα
3139 2645 3234 2698 καλ⁵
3291 2644 3546 2698 ἐπιθέντα
3596 2645 3749 2712 αὐτῷ

2173 2739 2328 2806 χεῖρα
2356 2737 2504 2798 ὅπως
2533 2735 2831 2806 ἁναὸλέψῃ.
2879 2736 3177 2806 Ἀπεκρίθη
3217 2735 3274 2788 δὲ
3315 2736 3564 2798 Ἀνανίας
3585 2753 3599 2767 ο
3632 2735 3751 2789 Κύ-

2180 2845 2285 2898 ριε,
2327 2829 2541 2897 ἀκήκοα
2577 2829 2822 2894 περὶτοῦ
2855 2828 3047 2897 ἀνδρὸς
3080 2828 3271 2880 τούτου
3320 2829 3469 2898 παρά
3515 2828 3746 2890 πολλῶν,

2171 2921 2271 2972 ὅσα
2317 2919 2459 2972 κακά
2513 2919 2736 2987 ἐποίησε
2765 2921 2875 2981 τοῖς
2927 2919 3100 2985 ἁγίοις
3142 2937 3235 2972 σου
3280 2921 3337 2972 ἐν
3371 2919 3745 2990 Ἰερουσαλήμ.

2171 3010 2284 3063 Kal
2324 3003 2426 3062 ὧδε
2470 3007 2581 3079 ἔχει
2641 3009 2885 3071 ἐξουσίαν
2915 3009 3066 3078 παρᾶ
3092 3011 3199 3063 τῶν
3243 3011 3542 3082 ἀρχιερέων
3586 3011 3748 3082 δῆσαι

492 3123 612 3160 men
661 3116 833 3161 tuum.
866 3107 1012 3162 Dixit
1053 3117 1231 3161 autem
1267 3107 1333 3159 ad
1390 3122 1514 3160 eum
1553 3104 1862 3158 Dominus:
1897 3104 2066 3168 Vade,

2177 3101 2387 3163 πάντας
2433 3101 2560 3163 τοὺς
2592 3089 3058 3171 ἐπικαλούμένους
3091 3103 3151 3154 τὸ
3179 3102 3352 3172 ὄνομά
3377 3120 3492 3156 σου.
3525 3100 3658 3156 Είπε
3689 3103 3748 3155 δὲ

491 3197 751 3266 quoniam
785 3211 882 3251 vas
942 3196 1227 3249 electionis
1257 3204 1341 3248 est
1363 3195 1494 3247 tuibi
1525 3195 1648 3256 iste,
1683 3202 1741 3246 ut
1772 3201 1948 3261 portet
1969 3207 2070 3246 no-

491 3304 614 3343 men
672 3303 851 3344 meum
906 3303 1086 3341 coram
1139 3288 1394 3358 gentibus
1447 3297 1501 3342 et
1562 3288 1784 3356 regibus
1843 3296 1897 3341 et
1947 3289 2073 3344 filiis

491 3376 679 3432 Israel.
702 3375 812 3446 Ego
847 3376 991 3430 enim
1022 3377 1305 3428 ostendam
1328 3377 1428 3437 illi,
1453 3384 1655 3444 quanta
1678 3384 1923 3445 oporteat
1951 3392 2075 3430 eum

490 3481 588 3538 pro
614 3468 832 3522 nomine
862 3481 980 3518 meo
1004 3467 1134 3534 pati.
1164 3465 1226 3518 Et
1248 3466 1382 3520 abiit
1411 3467 1652 3524 Ananias
1681 3468 1995 3524 etintroivit
2019 3469 2075 3524 in

491 3560 744 3623 domum;
771 3571 822 3614 et
849 3561 1134 3629 imponens
1157 3560 1204 3613 ei
1240 3576 1454 3624 manus,
1489 3561 1648 3615 dixit:
1685 3560 1850 3617 Saule
1882 3561 2074 3628 frater,

492 3648 754 3703 Dominus
794 3650 941 3704 misit
985 3664 1068 3702 me
1091 3647 1254 3704 Jesus
1290 3650 1452 3720 239
1487 3653 1578 3720 qui
1612 3654 1862 3722 apparuit
1894 3655 1992 3708 tibi
2022 3654 2075 3707 in

497 3740 604 3802 via,
645 3755 746 3806 qua
777 3740 1055 3805 veniebas,
1092 3749 1150 3795 ut
1192 3742 1379 3796 videas
1419 3752 1474 3796 ct
1530 3744 1810 3813 implearis
1867 3743 2075 3814 Spiritu

491 3835 709 3897 sancto.
744 3827 806 3879 Et
839 3829 1124 3882 confestim
1153 3830 1468 3884 ceciderunt
1493 3833 1562 3886 ab
1586 3833 1757 3888 oculis
1795 3832 1915 3900 ejus
1950 3841 2077 3886 tan-

489 3931 651 3986 quam
698 3933 955 3987 squamae.
983 3927 1036 3974 et
1058 3921 1228 3976 visum
1260 3926 1484 3994 recepit:
1509 3934 1560 3980 et
1581 3927 2074 3996 surgensbaptiza-

486 4002 572 4066 ‘us
603 4019 708 4078 est,
734 4022 788 4066 et
825 4027 948 4066 cum
982 4018 1281 4085 accepisset
1308 4020 1515 4088 cibum,
1564 4020 1900 4077 confortatus
1940 4031 2042 4077 est.

983 4189 1561 4248 COMMENTARIUS.

555 4276 755 4335 Vocem
791 4279 942 4335 Pauli
984 4284 1276 4339 audierunt
1304 4287 1398 4354 qui
1451 4301 1574 4340 cmn
1618 4303 1684 4343 eo
1726 4299 1915 4358 erant,
1957 4309 2063 4347 non

486 4377 668 4423 autem
713 4384 941 4434 vocem,
983 4388 1102 4442 qua:
1141 4374 1206 4428 de
1251 4375 1389 4429 caelo
1430 4376 1650 4446 delapsa
1695 4379 1761 4433 ad
1798 4396 1921 4436 eum
1957 4391 2063 4437 est.

485 4457 746 4514 Inferiora
781 4461 926 4514 cnim
961 4469 1172 4516 tantum
1231 4465 1424 4519 audire
1452 4467 1564 4521 illis
1595 4482 1923 4526 concessum
1957 4481 2061 4527 est.

483 4553 765 4623 Alioquin,
799 4556 842 4608 si
871 4557 1150 4610 cmlestem
1185 4557 1333 4610 illam
1368 4559 1671 4615 audiissent
1701 4577 1910 4628 vocem,
1954 4581 2061 4619 non

2181 3193 2320 3262 πρὸς
2349 3193 2512 3245 αὑτὸν
2550 3193 2578 3244 ό
2614 3193 2838 3263 Κύριος³
2873 3193 3136 3263 Πορεύου,
3167 3194 3249 3246 ὅτι
3284 3194 3479 3258 σκεῦος
3508 3194 3746 3262 ἐκλογῆς

2182 3283 2271 3351 μοί
2309 3284 2458 3335 ἐστιν
2474 3276 2649 3346 οὗτος,
2679 3284 2772 3335 τοῦ
2806 3283 3073 3352 βαστάσαι
3100 3283 3161 3337 τὸ
3183 3284 3355 3354 ὄνομά
3387 3303 3488 3354 μου
3517 3285 3750 3338 ἐνώπιον

2180 3373 2350 3427 ἐθνῶν
2378 3391 2436 3425 τε
2469 3374 2564 3426 xal
2606 3373 2893 3442 βασιλέων,
2930 3375 3059 3428 υἱῶν
3089 3391 3147 3428 τε
3177 3375 3416 3445 Ἰσραήλ.
3460 3374 3600 3443 Ἐγὼ
3638 3374 3751 3447 γὰρ

2180 3466 2445 3532 ὑποδείξω
2477 3465 2627 3535 αὐτῷ
2653 3466 2752 3518 ὅσα
2795 3466 2876 3518 δεῖ
2903 3466 3069 3520 αὑτὸν
3101 3467 3292 3521 παθεῖν
3323 3469 3464 3536 ὑπὲρ
3509 3468 3604 3521 τοῦ
3631 3468 3751 3522 ὀνό-

2182 3559 2351 3630 ματός
2389 3575 2511 3626 μου.
2545 3557 2782 3626 Ἀπῆλθε
2831 3558 2888 3610 δὲ
2933 3558 3206 3623 Ἀνανίας,
3238 3559 3335 3612 καὶ
3378 3546 3622 3628 εἰσῆλθεν
3669 3561 3753 3622 είς

2177 3650 2276 3719 τὴν
2302 3647 2502 3701 οἰκίαν⁹
2529 3649 2624 3701 καὶ
2674 3646 2882 3708 ἐπιθεὶς
2912 3648 2999 3700 ἐπ’
3027 3649 3192 3702 αὐτὸν
3232 3651 3332 3714 τάς
3357 3653 3569 3720 χεῖρας,
3602 3648 3751 3703 εἴπεο

2180 3739 2351 3794 Σαοὺλ
2391 3739 2608 3807 ἁδελφέ,
2640 3740 2667 3793 ὅ
2696 3737 2902 3809 Κύριος
2933 3741 3242 3794 ἀπέσταλκέ
3275 3759 3341 3812 με
3376 3744 3406 3794 ό
3451 3741 3638 3812 ὀφθείς
3666 3758 3752 3796 σοι

2183 3833 2240 3884 ἐν
2269 3831 2336 3900 τῇ
2364 3829 2467 3900 ὁδῷ
2596 3831 2788 3902 ἤρχου,
2824 3831 2976 3893 ὅπως
3009 3831 3335 3903 ἀναϐλέψῃς,
3365 3833 3462 3886 καὶ
3505 3833 3753 3904 πλησθῇς

2172 3924 2490 3994 Πνεύματος
2516 3925 2700 3992 ἁγίου.
2731 3927 2839 3979 Kal
2871 3926 3076 3989 εὐθέως
3107 3926 3382 3980 ἀπέτεσον
3402 3927 3510 3981 ἀπὸ
3529 3927 3640 3981 τῶν
3655 3926 3751 3995 όφ-

2153 4019 2376 4091 θαλμῶν
2401 4021 2567 4076 αὑτοῦ
2586 4020 2716 4074 ὡσεὶ
2738 4021 2974 4087 λεπίδες,
2990 4022 3344 4093 aestatem
3385 4023 3749 4094 παραχρῆμα,

2177 4116 2272 4168 καὶ
2297 4115 2533 4178 ἀναστὰς
2554 4116 2878 4183 ἐϐαπτίσθη,
2906 4117 2999 4169 καὶ
3027 4117 3206 4171 λαϐὼν
3225 4119 3430 4191 τροφὴν
3447 4120 3750 4180 ἐνίσγυσεν.

2759 4194 3157 4262 ΕΡΜΗΝΕιΑΤ

2249 4296 2359 4366 Τὴν
2391 4295 2573 4365 φωνὴν
2600 4295 2694 4346 τοῦ
2725 4294 2939 4348 Παύλου
2959 4297 3199 4367 ἥκουσαν
3223 4299 3269 4350 oi
3300 4301 3548 4365 συνόντες
3575 4299 3750 4370 αὐτῷ,

2175 4385 2364 4438 οὐδένα
2393 4385 2448 4436 δὲ
2472 4383 2742 4454 ἐθεώρουν
2787 4385 2924 4455 πρὸς
2987 4385 3046 4438 ὃν
3100 4387 3456 4458 ἁπεκρίνατο.
3489 4389 3609 4444 Τῶν
3634 4392 3748 4461 γὰρ

2172 4475 2472 4529 ἐλαττόνων
2511 4475 2766 4544 ἐποίησεν
2819 4477 3014 4538 αὐτοὺς
3072 4478 3369 4547 ἀκροατάς.
3413 4481 3475 4533 Εί
3512 4482 3620 4552 γὰρ
3644 4481 3750 4551 τῆς

2171 4567 2356 4635 φωνῆς
2399 4567 2638 4635 ἥκουσαν
2681 4565 2918 4636 ἐκείνης,
2953 4569 3057 4621 κᾶν
3102 4569 3148 4600 ’⁵
3179 4571 3509 4642 ἠπίστησαν.
3547 4572 3650 4626 Τὸν
3686 4573 3748 4625 δὲ

486 4653 641 4710 puto,
665 4643 933 4698 increduli
960 4647 1370 4702 remansissent.
1429 4647 1619 4720 Neque
1643 4668 1764 4706 eum
1793 4627 2064 4719 viderunt,

2172 4627 2376 4711 Παῦλον
2423 4627 2669 4726 ’ὁρῶντες
2739 4627 3169 4728 ἀποκρινόμενον
3189 4627 3214 4726 ,’
3249 4627 3579 4731 ἐθαύμαζον.
3644 4664 3747 4715 Διά

487 4733 551 4786 ad
594 4749 753 4801 quem
802 4733 1006 4789 Paulus
1051 4739 1460 4808 respondebat:
1517 4745 1935 4814 respondentem
1983 4756 2066 4802 ta-

2167 4748 2328 4800 τοῦτο
2375 4747 2431 4800 δὲ
2474 4747 2573 4800 οὐκ
2627 4748 2685 4812 ἐξ
2753 4747 2926 4818 ἀρχῆς
2961 4749 3120 4802 τοῦτο
3157 4750 3401 4818 γέγονεν,
3435 4751 3523 4805 ἵνα
3556 4751 3744 4821 δειχθῇ

485 4838 606 4876 men
648 4839 770 4877 eum
805 4841 928 4880 cum
965 4830 1239 4898 audirent,
1273 4835 1642 4890 mirabantur.
1687 4836 1894 4892 Idcirco
1935 4855 2064 4894 vero

2172 4838 2361 4902 ὅντως,
2392 4840 2475 4891 ὅτι
2507 4838 2706 4910 ἀνέστη
2729 4840 2758 4890 ὁ
2787 4840 2831 4892 Χ
2841 4841 3048 4909 ριστός.
3083 4842 3143 4894 '0
3173 4841 3280 4914 γὰρ
3297 4843 3538 4896 ἐλαύνων
3556 4844 3742 4909 αὐτὸν,

481 4911 684 4968 factum
722 4917 861 4970 istud
889 4921 1043 4974 initio
1072 4938 1177 4976 non
1203 4926 1468 4995 contigit,
1502 4936 1561 4980 ut
1585 4929 1898 4984 evidentius
1932 4945 2064 4985 con-

482 5012 650 5056 staret
685 5009 1018 5062 resurrectio
1053 5011 1277 5066 Christi.
1323 5014 1616 5079 Quomodo
1657 5019 1801 5070 enim
1833 5016 2059 5084 Paulus,

478 5096 570 5165 qui
602 5097 778 5167 ipsum
828 5100 1138 5169 rejiciebat,
1172 5105 1267 5172 qui
1298 5108 1756 5161 resurrectionem
1801 5109 2056 5178 negabat,

2169 4928 2264 4981 καὶ
2295 4929 2541 5012 ἀπιστῶν
2563 4928 2728 4981 αὑτοῦ
2761 4933 2826 5000 τῇ
2859 4931 3174 4996 ἀναστάσει,
3203 4931 3304 4985 καὶ
3330 4935 3458 4997 τοὺς
3492 4934 3743 5005 μαθητὰς

2169 5019 2334 5071 αὑτοῦ
2368 5020 2601 5086 διώκων,
2635 5020 2798 5073 πόθεν
2818 5021 2883 5074 ἂν
2915 5023 3256 5089 ἐπίστευσεν,
3277 5026 3326 5077 εί
3359 5025 3433 5095 μὴ
3468 5025 3639 5095 πολλὴ
3671 5021 3745 5095 ἦν

2164 5111 2264 5178 τῆς
2295 5111 2643 5174 ἀναστάσεως
2678 5111 2868 5182 ἰσχύςς
2909 5132 2928 5164 ι
2955 5114 3017 5166 Οἱ
3037 5114 3095 5168 δέ
3127 5113 3336 5186 ἄνδρες.
3375 5133 3394 5167 ι
3423 5116 3488 5168 Τί
3510 5118 3573 5187 δή
3609 5134 3742 5170 ποτε

479 5189 568 5254 qui
623 5190 924 5260 discipulos
978 5196 1414 5262 persequebatur
1474 5197 1686 5266 ipsius,
1737 5198 2064 5254 credidisset

2172 5201 2356 5254 οὐδένα
2392 5201 2501 5254 τῶν
2535 5202 2866 5267 ἀξιοπίστων
2903 5205 3000 5256 καὶ
3035 5207 3286 5275 μεγάλων
3327 5207 3595 5272 εἵλκυσεν,
3619 5207 3743 5260 οὐδὲ

480 5293 742 5346 unquam,
777 5284 882 5336 nisi
915 5299 1110 5354 magna
1143 5284 1336 5340 fuisset
1389 5287 1667 5341 evidentia
1698 5291 2062 5344 resurrectio-

477 5368 600 5422 nis?
641 5387 658 5419 ι
705 5369 821 5425 Viri
854 5383 1056 5426 autem.
1093 5392 1110 5424 ι
1147 5374 1259 5428 Cur
1290 5376 1435 5430 Deus
1459 5392 1569 5432 non
1593 5378 1827 5447 aliquem
1857 5395 2063 5450 magna:

478 5459 823 5516 auctoritatis
891 5477 956 5518 ac
1000 5463 1288 5534 dignitatis
1332 5469 1510 5521 virum
1578 5469 1644 5522 ad
1693 5468 1924 5524 Paulum
1975 5473 2062 5525 in-

2171 5291 2471 5362 μετέστησε
2523 5296 2659 5362 προς
2711 5294 2809 5363 τὴν
2839 5294 2952 5347 τοῦδ
2981 5295 3196 5349 Παύλου
3231 5300 3559 5369 κατήχησιν,
3602 5300 3742 5354 ἀλλὰ.

2180 5383 2453 5446 Ἀνανίαν,
2487 5384 2583 5436 ἕνα
2613 5385 2742 5436 ὄντα
2784 5385 2894 5437 τῶν
2946 5387 3353 5458 ὲῦδομήκοντα;
3400 5389 3613 5460 Ἐπειδὴ
3635 5390 3740 5442 οὐκ

2166 5471 2356 5540 ἔμελλε
2388 5473 2455 5524 δι’
2485 5473 2791 5542 ἀνθρώπων
2822 5475 3132 5542 ἐνάγεσθαι,
3179 5478 3317 5531 ἀλλὰ
3340 5480 3407 5532 δι’
3437 5479 3602 5531 αύτοῦ
3640 5478 3740 5532 τοῦ

473 5551 794 5617 struendum
830 5553 1161 5635 destinavit,
1204 5560 1296 5614 sed
1347 5568 1557 5615 tantum
1606 5559 1879 5615 Ananiam
1905 5603 1920 5628 ,
1965 5565 2055 5633 qui

2172 5565 2418 5634 Χριστοῦ.
2467 5565 2622 5618 Ἐπεὶ
2661 5567 2718 5618 δὲ
2755 5559 2912 5631 οὗτος
2972 5568 3178 5632 ἐδίδαξε
3222 5571 3320 5639 μὲν
3359 5571 3523 5624 αὐτὸν
3555 5570 3731 5635 ούδέν,

1669 5677 1866 5738 νοτία)
1904 5678 2207 5742 lectiones
2252 5687 2310 5740 et
2356 5685 2544 5739 noue.

546 5734 591 5767 ’³
619 5742 718 5790 ουκ
747 5739 833 5795 ἂν.
