4088 6206
440 389 546 455 923

1100 378 1635 442 EXPOSITIONIS
1677 377 1758 437 IN
1784 375 1973 436 ACTA
2005 371 2306 433 TEXTUS
2342 370 2614 430 ALTER.
2648 395 2716 407 -
2746 371 2899 430 CAP.
2928 371 3033 431 IX.

3579 371 3685 437 934

440 500 702 552 ἐϐάπτισε
751 496 807 548 δὲ
854 497 1045 567 μόνον’
1096 497 1212 565 ἅμα
1266 498 1374 565 γὰρ
1424 495 1734 567 φωτισθεὶς,
1784 495 2008 566 ἔμελλεν

2132 504 2257 543 tuus
2291 497 2410 542 erat
2442 502 2506 540 ex
2544 485 2885 555 septuaginta
2920 485 3206 555 discipulis
3239 486 3303 539 ad
3343 502 3464 541 eum
3495 490 3693 545 misit?

370 618 377 623 -
440 587 774 644 ἐπισπᾶσθαι
816 587 1015 659 πολλὴν
1065 591 1159 642 τοῦ
1217 588 1535 658 Πνεύματος
1582 588 1742 657 χάριν
1781 585 2010 640 ἀπὸτοῦ

441 680 601 751 ζήλου
628 681 722 734 καὶ
754 679 855 748 τῆς
903 680 1103 750 πολλῆς
1135 679 1465 750 προθυμίας.
1518 677 1805 731 Ἐντεῦθεν
1828 676 1884 729 δέ
1919 693 2015 745 ση-

443 769 723 841 μειωτέον,
764 768 847 821 ὅτι
874 769 1056 821 ἐκεῖνα
1077 768 1145 820 τά
1174 767 1360 837 ὄνειρα
1387 767 1432 798 ⁷⁸
1459 766 1539 819 δεῖ
1562 765 1840 834 λέγεσθαι,
1871 764 2014 833 ἅπερ

440 859 744 928 κοινωφελῆ
785 861 900 911 ἐστι
928 859 1024 912 καὶ
1049 858 1419 927 συμϐάλλεται
1446 859 1525 920 εἰς
1556 857 1894 920 θεοσέϐειαν,
1917 855 2016 908 ὅσα

442 952 560 1022 ἔχει
606 949 700 1004 τοῦ
743 951 947 1021 Κυρίου
1000 951 1100 1019 τὴν
1163 952 1530 1019 παράστασιν,
1588 949 1620 1019 ἢ
1670 948 1901 1016 ἀγγέλου
1945 947 2013 1000 ⁷⁷.

449 1043 605 1095 Ἔστι
643 1041 700 1093 δὲ
725 1041 820 1093 καὶ
857 1041 978 1093 κατ’
1009 1039 1143 1109 δναρ
1177 1040 1343 1102 ἰδικὰ,
1393 1039 1429 1093 ἃ.
1472 1039 1571 1091 οὐκ
1608 1038 1813 1107 ὀφείλει
1843 1035 2017 1089 λαλεῖ-

450 1132 596 1185 σθαι·
631 1131 770 1201 πλὴν
815 1132 865 1182 εἰ
906 1132 1000 1183 καὶ
1056 1130 1200 1197 ἱδικὴ
1235 1129 1331 1183 τοῦ
1371 1129 1575 1182 Σαύλου
1598 1124 1663 1198 ἦν
1693 1130 1726 1197 ἡ
1758 1126 2017 1194 ὠφέλεια,

447 1222 561 1276 ἀλλ’
599 1220 692 1274 οὖν
722 1219 1042 1290 παραδόξως
1063 1219 1342 1290 συμϐᾶσα,
1383 1219 1542 1273 πάλιν
1584 1220 1663 1280 εἰς
1707 1215 2020 1270 θεοσέϐειαν

457 1314 549 1364 τὸν
578 1310 865 1382 ἄνθρωπον
888 1311 1306 1380 προσκαλεῖται,
1340 1311 1434 1363 καὶ
1461 1309 1549 1363 διὰ
1579 1307 1850 1373 τοῦτο,ὠς
1877 1321 2021 1359 κοιν‹

444 1400 629 1468 ω’ρελῆ
686 1399 1031 1453 ἐκλαλεῖσθαι
1075 1399 1205 1455 ἔδει,
1263 1418 1281 1451 ι
1322 1395 1432 1452 Ἦν
1466 1399 1523 1451 δέ
1560 1415 1643 1459 τις
1687 1396 1959 1468 μαθητής.
1995 1413 2015 1447 ι

444 1490 628 1545 Ταῦτά
652 1508 816 1562 φησιν
842 1493 869 1544 6
897 1491 1170 1555 Ἀνανίας,
1197 1492 1294 1562 οὐχ
1333 1490 1406 1553 ὡς
1456 1490 1700 1543 ἀπιστῶν
1726 1490 1839 1551 τοῖς
1868 1488 2023 1556 λεγο-

449 1584 652 1651 μένοις,
702 1582 821 1636 οὐδὲ
874 1563 1190 1652 ήπατῆσθαι
1222 1583 1314 1636 τὸν
1343 1583 1583 1654 Χριστὸν
1641 1580 1900 1649 νομίζων,
1945 1579 2020 1651 μὴ

444 1671 652 1737 γένοιτο
678 1671 691 1723 !
717 1670 852 1723 ἀλλὰ
877 1671 1209 1742 φοϐούμενος
1237 1673 1332 1724 καὶ
1364 1672 1604 1741 τρέμων.
1634 1672 1795 1733 Εἰκὸς
1820 1671 1930 1739 γὰρ
1956 1666 2025 1740 ἦν

446 1760 663 1823 αὐτοὺς.
690 1762 746 1812 ἐν
783 1750 934 1831 φόϐῳ
969 1763 1150 1828 ὄντας,
1182 1760 1645 1830 περιεργάζεσθαι
1677 1760 1775 1813 καὶ
1822 1760 2022 1827 λέγειν,

2119 578 2257 645 Quia
2286 578 2540 633 videlicet
2571 593 2677 631 non
2698 594 2796 646 per
2822 580 3089 641 homines,
3120 578 3213 633 sed
3241 579 3308 632 ab
3328 581 3447 650 ipso
3468 582 3689 638 Christo

2113 668 2428 723 cdoccndus
2477 669 2568 723 ille
2608 677 2746 723 erat.
2790 667 2973 734 Quare
3014 669 3254 725 Ananias
3287 686 3506 739 quoque
3552 674 3691 727 nihil

2115 774 2239 811 cum
2294 757 2518 823 docuit,
2560 757 2655 813 sed
2700 758 3000 826 baptizavit
3052 760 3427 813 tantummodo
3462 778 3474 813 :
3507 763 3694 816 statim

2116 849 2260 904 enim
2294 864 2357 904 ac
2386 849 2694 919 baptizatus
2722 860 2885 912 esset,
2912 849 3001 904 ille
3030 849 3319 903 maximam
3354 860 3693 908 attracturus

2117 947 2238 996 erat
2277 940 2506 1011 gratiam
2541 939 2785 1011 Spiritus
2816 957 2881 995 ex
2910 941 3047 1003 zelo,
3079 940 3359 1009 multaque
3386 943 3691 996 alacritate.

2119 1033 2258 1086 Hinc
2300 1045 2431 1086 vero
2482 1031 2890 1096 adnotandum,
2941 1046 3037 1085 eas
3088 1030 3306 1101 quidem
3357 1037 3693 1089 enarrandas

2122 1124 2387 1186 visiones,
2419 1139 2540 1193 quae
2571 1124 2850 1193 quidpiam
2882 1123 3191 1180 communis
3222 1125 3510 1178 continent
3550 1126 3696 1178 utili-

2117 1216 2286 1279 tatis,
2328 1223 2384 1269 et
2429 1215 2496 1268 ad
2539 1217 2794 1284 pietatem
2842 1214 3169 1280 conferunt,
3211 1213 3442 1284 quaeque
3480 1215 3577 1271 Dei
3611 1216 3695 1271 vel

2121 1305 2439 1376 angelorum
2477 1304 2849 1360 assistentiam
2887 1305 3090 1359 habent
3121 1323 3137 1359 :
3176 1306 3414 1374 privatas
3447 1320 3578 1359 vero
3600 1346 3616 1369 ,
3646 1306 3694 1359 si

2121 1412 2242 1467 quae
2269 1395 2546 1460 accidunt,
2578 1395 2841 1461 visiones,
2869 1411 2964 1451 eas
2994 1410 3103 1450 non
3133 1404 3350 1466 oportet
3375 1396 3696 1451 manifestas

2127 1488 2326 1542 facere.
2358 1485 2610 1540 Attamen
2644 1487 2793 1552 licet,
2835 1488 2983 1557 quod
3022 1486 3111 1541 hic
3142 1494 3420 1551 narratur,
3457 1479 3697 1557 peculi'a-

2127 1592 2240 1633 rem
2271 1586 2547 1646 spectaret
2578 1577 2728 1633 Sauli
2769 1579 3093 1642 utilitatem,
3132 1579 3493 1633 nihilominus
3533 1580 3699 1632 mira-

2124 1669 2253 1725 bilis
2295 1668 2415 1738 ejus
2464 1671 2680 1724 sanatio
2725 1684 3056 1740 quemquam
3109 1678 3288 1739 potest
3331 1669 3398 1723 ad
3442 1671 3696 1738 pietatem

2125 1761 2396 1826 excitare;
2431 1770 2483 1815 et
2515 1760 2742 1825 idcirco,
2783 1769 2844 1813 ut
2870 1758 3001 1829 quid
3032 1757 3098 1812 ad
3135 1772 3481 1813 communem
3514 1756 3702 1811 confe-

444 1851 526 1903 ὅτι
557 1850 775 1904 Τούτων
807 1851 1000 1914 ὄντων,
1037 1850 1155 1912 πῶς
1190 1849 1433 1916 δύναται,
1460 1850 1614 1920 φησὶ,
1646 1848 1822 1905 ταῦτα
1861 1851 2014 1919 γενέ-

2132 1868 2251 1908 rens
2287 1854 2597 1916 utilitatem,
2632 1866 2752 1906 eam
2787 1850 3034 1906 enarrari
3067 1850 3331 1921 oportuit.
3371 1869 3390 1902 ι
3432 1851 3560 1904 Erat
3594 1863 3699 1902 au-

449 1941 573 1993 σθαι
597 1959 609 2005 ;
644 1941 709 1992 Τί
739 1938 833 1994 οῦν
856 1943 883 1993 6
917 1940 1143 2012 Κύριος,
1172 1944 1198 1993 6
1226 1945 1345 2005 ταῖς
1390 1942 1644 2012 καρδίαις
1668 1944 1774 1995 τῶν
1802 1929 2016 2013 ἀνθρὼ-

446 2048 562 2083 πων
587 2030 929 2100 ἐμϐατεύων,
982 2033 1124 2086 κατὰ
1183 2033 1397 2086 Παύλου
1454 2034 1840 2104 ἐμαρτύρησε;
1894 2033 2014 2085 Δει-

446 2133 634 2170 κνυσιν
667 2118 749 2169 ὅτι
775 2117 873 2170 οὐκ
908 2118 1024 2170 ἔστι
1058 2118 1262 2189 φυσικὴ
1292 2120 1513 2188 ἡκακία
1542 2118 1711 2190 αὐτῷ.
1737 2136 1755 2168 ι
1792 2116 2012 2179 Σκεῦος,

447 2204 634 2277 φησὶν,
667 2204 896 2274 ἐκλογῆς
927 2207 1097 2260 ἐστιν.
1144 2225 1162 2256 ι
1203 2205 1443 2269 Ἔδειξεν
1497 2204 1580 2257 ὅτι
1621 2202 1840 2272 ὣκιμός
1877 2203 2013 2253 ἐστι.

447 2297 520 2349 Τὸ
549 2296 771 2366 δόκιμον
799 2299 907 2368 γάρ
938 2315 1019 2359 τις
1059 2297 1345 2366 ἐκλέγεται
1382 2295 1594 2358 σκεῦος.
1628 2293 1739 2348 Καὶ
1767 2295 1825 2346 οῦ
1859 2292 2019 2361 μόνον

447 2387 635 2451 πιστὸς
664 2387 842 2453 ἔσται,
874 2388 1062 2458 φησὶν,
1097 2388 1232 2441 ἀλλὰ
1260 2389 1354 2441 καὶ
1375 2386 1694 2448 διδάσκαλος
1731 2384 1826 2437 καὶ
1847 2381 2025 2452 κῆρυξ

445 2479 544 2546 τῆς
565 2479 910 2549 οἰκουμένης,
943 2477 1077 2530 ἀλλὰ
1106 2477 1202 2530 καλ⁵
1231 2475 1478 2529 πείσεται
1506 2475 1675 2528 πολλὰ
1696 2474 1836 2543 ὑπὲρ
1867 2470 2023 2542 ἐμοῦ.

2125 1950 2230 1996 tem
2260 1942 2484 2014 quidam
2509 1940 2835 2010 discipulus.
2872 1960 2890 1993 ι
2923 1941 3002 1994 Ita
3035 1941 3274 2010 loquitur
3295 1940 3557 2004 Ananias,
3585 1953 3697 1992 non

2123 2031 2269 2100 quod
2318 2026 2580 2101 ca,'quat
2622 2031 2672 2086 ei
2722 2031 3074 2095 dicebantur,
3123 2045 3233 2084 non
3283 2028 3585 2108 crederet;
3617 2028 3700 2081 vel

2122 2118 2270 2186 quod
2301 2119 2582 2175 Christum
2607 2119 2782 2188 decipi
2817 2134 2981 2187 posse
3003 2118 3363 2184 existimaret,
3394 2117 3567 2171 absit!
3604 2115 3700 2170 sed

2123 2224 2187 2263 ex
2227 2210 2422 2263 timore
2465 2220 2519 2265 et
2557 2218 2796 2263 tremore
2830 2222 2941 2277 quo
2980 2208 3418 2262 concutiehatur.
3458 2206 3698 2260 Pronum

2123 2297 2267 2350 enim
2308 2306 2446 2361 erat,
2480 2308 2539 2353 ut
2581 2299 2619 2352 ii
2642 2336 2656 2361 ,
2689 2299 2782 2367 qui
2831 2298 3028 2351 timore
3058 2297 3295 2366 perculsi
3333 2307 3509 2357 erant,
3540 2295 3701 2350 anxie

2126 2387 2470 2456 inquirerent
2524 2404 2589 2442 ac
2642 2389 2909 2453 dicerent,
2965 2388 3253 2455 Quomodo
3314 2395 3546 2457 possunt
3595 2390 3700 2440 ista

2129 2477 2277 2530 ﬁeri?
2317 2478 2456 2543 Quid
2491 2480 2656 2549 igitur
2691 2478 2977 2545 Dominus,
3033 2479 3276 2535 cordium
3324 2477 3697 2547 investigator,

448 2570 516 2626 de
536 2572 704 2627 Paulo
729 2572 1140 2644 pronuntiavit?
1161 2570 1411 2628 Ostendit
1434 2586 1541 2625 non
1564 2569 1889 2624 naturaliter
1912 2568 2131 2622 insitam
2159 2571 2235 2624 illi
2260 2588 2383 2627 esse
2407 2575 2728 2643 nequitiam.
2754 2572 2892 2627 (Vas
2916 2592 2935 2626 ι
2958 2575 3124 2639 enim,
3142 2573 3338 2643 inquit,
3364 2592 3383 2623 ‹
3414 2570 3700 2627 electionis

448 2676 532 2729 est
562 2668 732 2722 mihi:
765 2687 785 2719 ι
820 2668 1017 2736 quibus
1050 2667 1231 2723 verbis
1265 2666 1530 2731 declarat,
1585 2665 1764 2733 ipsutn
1800 2662 1977 2716 virum
2018 2665 2307 2733 probatum
2361 2684 2526 2724 esse:
2570 2684 2714 2735 nam,
2752 2670 2900 2739 quod
2937 2669 3226 2738 probatum
3278 2677 3382 2731 est,
3420 2683 3537 2730 vas,
3572 2665 3703 2735 eligi

452 2763 614 2818 solet.
645 2761 808 2833 2&0
826 2763 1005 2829 Quare
1037 2778 1150 2817 non
1193 2762 1370 2817 solum
1402 2759 1602 2825 ﬁdelis,
1634 2758 1833 2828 inquit,
1869 2757 2006 2825 erit;
2037 2758 2132 2814 sed
2159 2762 2322 2816 etiam
2359 2762 2578 2829 doctor,
2617 2773 2672 2818 et
2711 2779 2892 2834 praeco
2917 2766 3129 2831 mundi,
3159 2764 3291 2835 quin
3314 2772 3367 2817 ct
3405 2765 3572 2817 tnulta
3605 2777 3703 2832 pro

452 2852 678 2907 nomine
718 2858 847 2907 mea
867 2853 1124 2921 patietur.

750 2940 839 3010 Τῷ
880 2940 1143 3012 Σαϐϐάτῳ
1182 2943 1283 3010 τῆς
1311 2937 1359 3008 γ’
1394 2939 1714 3010 ἑϐδομάδος.

1031 3030 1419 3086 ΚΕΙΜΕΝΟΝ.

2768 3031 3070 3086 TEXTUS.

522 3124 773 3192 Ἐγένετο
794 3123 849 3176 δέ
870 3124 898 3176 6
929 3121 1129 3186 Σαῦλος
1163 3122 1302 3192 μετὰ
1338 3122 1447 3175 τῶν
1469 3122 1639 3175 ὄντων
1662 3121 1720 3173 ἐν
1748 3118 2026 3189 Δαμασκῷ

2202 3120 2293 3185 ΙΧ,
2321 3122 2507 3176 19-51.
2541 3122 2663 3177 Fuit
2706 3132 2883 3177 autem
2920 3123 3165 3195 (Saulus)
3210 3136 3335 3175 cum
3385 3120 3701 3189 discipulis,

458 3212 717 3283 μαθητῶν
772 3211 988 3282 ἡμέρας
1040 3212 1214 3274 τινάς.
1255 3211 1366 3265 Καὶ
1407 3211 1608 3273 εὐθέως
1645 3212 1703 3261 ἐν
1740 3211 1862 3272 ταῖς
1897 3225 2024 3262 συνο

2132 3209 2224 3276 qui
2260 3216 2422 3265 erant
2456 3209 2703 3263 Damasci
2728 3226 2824 3279 per
2855 3212 2974 3266 dies
2996 3212 3227 3280 aliquot.
3256 3210 3322 3263 Et
3352 3208 3612 3265 continuo
3649 3212 3706 3264 in

454 3304 698 3369 αγωγαῖς
722 3301 994 3370 ἐκήρυσσε
1024 3300 1116 3352 τὸν
1163 3298 1427 3369 Χριστὸν,
1486 3298 1569 3350 ὅτι
1615 3289 1783 3357 Οὗτός
1811 3296 1959 3347 ἐστιν
1996 3296 2024 3347 6

2132 3299 2415 3369 synagogis
2440 3301 2770 3369 praedicabat
2795 3300 3007 3367 Jesum,
3033 3301 3292 3371 quoniam
3317 3299 3417 3355 llic
3433 3310 3520 3356 est
3539 3298 3707 3357 Filius

454 3394 689 3464 Χριστὸς
721 3396 749 3446 6
781 3391 906 3455 Υἱὸς
957 3392 1051 3443 τοῦ
1101 3389 1258 3444 Θεοῦ.
1303 3389 1615 3453 Ἐξίσταντο
1661 3387 1717 3439 δὲ
1747 3388 1947 3449 πάντες
1976 3387 2025 3439 οἱ

2133 3389 2248 3443 Dei.
2272 3388 2771 3459 Stupebantautem
2799 3408 2991 3449 omnes
3016 3394 3108 3462 qui
3142 3392 3460 3456 audiebant,
3489 3398 3543 3445 et
3563 3391 3709 3446 dice-

456 3482 767 3545 ἀκούοντες,
800 3482 896 3535 καὶ
924 3480 1112 3548 ελεγον
1133 3496 1147 3511 ο
1176 3482 1290 3532 Οὐκ
1334 3471 1489 3542 οῦτός
1519 3481 1665 3531 ἐστιν
1695 3481 1722 3531 ὀ
1749 3477 2027 3547 πορθήσας

2132 3478 2263 3533 bant
2281 3498 2295 3535 :
2310 3480 2503 3535 Nonne
2519 3483 2605 3537 hic
2622 3492 2730 3546 est,
2749 3485 2841 3555 qui
2858 3484 3206 3553 expugnabat
3224 3483 3278 3537 in
3300 3482 3599 3538 Jerusalem
3617 3496 3711 3536 eos

458 3575 517 3625 ἐν
587 3571 950 3644 ⁹ιερουσαλὴμ
1009 3569 1217 3633 πάντας
1267 3569 1393 3632 τοὺς
1459 3568 1923 3651 ἐπικαλουμένους
1968 3566 2027 3618 τὸ

2132 3569 2224 3636 qui
2250 3570 2581 3625 invocabant
2602 3587 2802 3626 nomen
2831 3573 3004 3636 istud,
3032 3583 3085 3627 et
3113 3573 3221 3627 huc
3240 3572 3305 3627 ad
3329 3573 3433 3627 hoc
3464 3575 3633 3638 venit,
3654 3582 3712 3626 ut

458 3664 630 3733 ὄνομα
654 3664 838 3728 τοῦτο,
867 3662 962 3716 καὶ
1007 3658 1111 3716 ὦδε
1149 3663 1231 3725 εἰς
1266 3661 1425 3715 τοῦτο
1454 3659 1737 3727 ἐλήλυθεν,
1774 3660 1860 3712 ἵνα
1889 3657 2027 3711 δεδε-

2132 3657 2346 3710 viuctos
2408 3658 2532 3713 illos
2579 3659 2806 3713 duceret
2858 3659 2926 3712 ad
2983 3660 3261 3728 principes
3315 3659 3711 3715 sacerdotum?

464 3757 657 3828 μένους
686 3755 881 3817 αὐτοὺς
910 3755 1095 3824 ἀγάγῃ
1123 3755 1202 3816 εἰς
1232 3752 1587 3824 Ἰερουσαλὴμ
1623 3752 1715 3805 ἐπὶ
1744 3752 1864 3814 τοὺς
1895 3753 2027 3820 ἀρχ-

2137 3745 2338 3802 Saulus
2384 3756 2564 3802 autem
2608 3749 2781 3802 multo
2822 3747 2997 3816 magis
3041 3750 3460 3805 convalescebat
3487 3761 3541 3804 et
3575 3764 3711 3803 cou-

2486 2940 2723 2996 Sabbalo
2762 2939 3123 2996 hebdomada:
3161 2939 3352 2994 tet-tite.

463 3845 626 3911 ιερεῖς
648 3859 663 3875 ·
693 3841 895 3905 Σαῦλος
915 3841 973 3894 δὲ
1001 3841 1200 3911 μᾶλλον
1238 3840 1637 3910 ἐνεδυναμοῦτο
1682 3840 1777 3893 καὶ
1812 3839 2030 3907 συνέχεε

461 3935 587 3998 τοὺς
637 3933 923 3995 Ἰουδαίους
977 3932 1104 3994 τοὺς
1174 3930 1564 3994 κατοικοῦντας
1623 3933 1682 3983 ἐν
1718 3928 2029 3999 Δαμασκῷ,

466 4023 837 4094 συμϐιϐάζων,
874 4023 956 4077 ὅτι
1018 4016 1189 4085 Οὗτός
1232 4024 1383 4075 ἐστιν
1444 4023 1473 4074 6
1529 4022 1786 4092 Χριστός.
1835 4020 1925 4082 Ὠς
1975 4019 2032 4071 δὲ

465 4114 799 4184 ἐπληροῦντο
823 4114 1028 4184 ήμέραι
1056 4112 1265 4176 ἱκαναὶ,
1307 4111 1802 4165 συνεϐουλεύσαντο
1831 4112 1879 4163 οἱ
1901 4109 2035 4163 Ἰου-

464 4205 607 4257 δαίοι
633 4205 844 4258 ἀνελεῖν
900 4203 1084 4258 αὐτόν.
1119 4201 1400 4271 Ἐγνώσθη
1444 4202 1497 4255 δὲ
1535 4202 1611 4272 τῷ
1640 4202 1830 4272 Σαύλῳ
1857 4203 1889 4270 ή
1922 4203 2036 4253 ἐπι-

467 4295 633 4365 ϐουλή
657 4294 839 4348 αὐτῶν
864 4309 877 4324 ·
904 4294 1252 4365 παρετήρουν
1291 4310 1347 4345 τε
1379 4295 1477 4356 τὰς
1504 4291 1676 4356 πύλας
1701 4292 1798 4363 τῆς
1828 4291 2036 4354 πόλεως

467 4387 681 4457 ήμέρας
702 4381 887 4438 τεκαὶ
915 4385 1133 4451 νυκτὸς,
1162 4386 1313 4447 ὅπως
1337 4384 1500 4436 αὐτὸν
1539 4383 1791 4438 ἁνὲλωσι.
1832 4382 2039 4436 Λαϐόν-

466 4494 558 4539 τες
589 4478 645 4528 δέ
675 4476 838 4529 αὐτὸν
894 4476 944 4528 οἱ
986 4475 1225 4545 μαθηταὶ
1286 4475 1502 4540 νυκτὸς,
1530 4475 1781 4544 καθῆκαν
1822 4473 1910 4526 διὰ
1942 4474 2037 4526 τοῦ

469 4566 679 4635 τείχους
698 4565 1032 4635 χαλάσαντες
1064 4567 1122 4617 ἐν
1155 4564 1389 4635 σπυρίδι.
1428 4565 1881 4635 Παραγενόμενος
1911 4563 1966 4615 δὲ
2011 4566 2039 4616 ὁ

2139 3838 2399 3893 fundebat
2445 3837 2663 3895 Judzeos
2708 3840 2801 3908 qui
2852 3840 3171 3895 habitabant
3227 3841 3507 3908 Damasci,
3559 3844 3711 3897 allir-

2136 3944 2293 3982 tuans
2320 3932 2577 3998 quoniam
2604 3928 2703 3983 Hic
2724 3941 2807 3984 est
2836 3929 3107 3985 Christus.
3140 3930 3275 3984 Cum
3302 3939 3483 3984 autem
3515 3930 3708 4000 imple-

2141 4027 2331 4072 t'entur
2377 4019 2495 4072 dies
2545 4020 2737 4082 multi,
2784 4020 3073 4074 consilium
3128 4021 3379 4075 fecerunt
3428 4021 3484 4075 in
3542 4037 3709 4075 unum

2135 4106 2329 4171 Judaei,
2360 4119 2414 4163 ut
2438 4124 2563 4163 eum
2592 4109 2982 4166 interﬁcerent.
3015 4110 3167 4166 Notae
3198 4124 3378 4166 autem
3402 4111 3559 4167 facta:
3582 4122 3713 4168 sunt

2142 4200 2313 4253 Saulo
2381 4201 2597 4256 insidia:
2631 4218 2843 4257 eorum.
2885 4201 3279 4259 Custodiebant
3335 4213 3521 4260 autem
3580 4220 3712 4274 por-

2140 4302 2223 4348 tas
2256 4295 2341 4349 die
2365 4308 2434 4349 ιρι
2463 4305 2650 4359 nocte,
2684 4302 2742 4347 ut
2782 4311 2905 4349 eum
2948 4296 3340 4353 interﬁcerent.
3369 4298 3712 4369 Accipientes

2143 4392 2324 4438 autem
2356 4399 2480 4439 eum
2516 4384 2768 4454 discipuli
2800 4396 2979 4452 nocte,
3013 4403 3110 4457 per
3134 4405 3352 4443 murum
3385 4389 3715 4445 dimiserunt

2142 4489 2300 4539 emn,
2344 4474 2733 4531 submittentcs
2768 4476 2822 4529 in
2855 4488 3060 4546 sporta.
3096 4480 3229 4532 Cum
3266 4488 3446 4534 autem
3477 4481 3717 4536 venisset

2143 4567 2197 4619 in
2237 4564 2563 4629 Jerusalem,
2614 4567 2865 4621 tentabat
2914 4583 2975 4623 se
3020 4569 3249 4639 jungere
3291 4569 3615 4641 discipulis,
3661 4583 3717 4626 et

471 4659 674 4719 Σαῦλος
718 4658 796 4719 εἰς
846 4654 1227 4726 Ἰερουσαλὴμ,
1287 4655 1548 4724 ἐπειρᾶτο
1600 4654 1895 4708 κολλᾶσθαι
1928 4657 2027 4715 τοῖς

2146 4668 2336 4709 utnncs
2381 4654 2644 4707 timebant
2683 4670 2831 4719 eum,
2871 4670 2979 4709 non
3026 4657 3340 4723 credentes,
3390 4657 3537 4727 quod
3571 4667 3717 4714 esset

478 4750 747 4819 μαθηταῖς
764 4762 777 4775 ·
804 4748 898 4801 καὶ
928 4748 1128 4810 πάντες
1152 4745 1443 4814 ἐφοϐοῦντο
1458 4747 1638 4811 αὑτὸν,
1659 4746 1734 4817 μὴ
1760 4745 2043 4798 πιστεύον-

473 4855 562 4901 τες
597 4840 677 4891 ὅτι
709 4839 822 4892 ἔστι
860 4838 1145 4908 μαθητής.
1208 4835 1493 4906 Βαρνάϐας
1536 4837 1593 4889 δέ
1644 4837 2043 4906 ἐπιλαϐόμενος

478 4929 659 4994 αὐτὸν,
689 4930 867 5000 ἤγαγε
906 4929 1044 4999 πρὸς
1072 4930 1198 4990 τοὺς
1232 4927 1584 4992 ἀποστόλους,
1617 4928 1711 4981 καὶ
1746 4928 2045 5000 διηγήσατο

478 5018 682 5081 αὐτοῖς,
711 5019 827 5081 πῶς
853 5021 910 5070 ἐν
938 5021 1005 5088 τῇ
1036 5017 1141 5087 ὁδῷ
1175 5013 1279 5070 εἶδε
1312 5019 1403 5070 τὸν
1431 5018 1657 5089 Κύριον,
1694 5020 1787 5071 καὶ
1815 5018 1895 5071 ὅτι
1923 5018 2047 5072 ἐλά-

477 5109 644 5175 λησεν
675 5108 844 5176 αὐτῷ,
901 5109 995 5160 καὶ
1032 5109 1146 5171 πῶς
1186 5110 1243 5161 ἐν
1274 5109 1555 5181 Δαμασκῷ
1599 5111 2045 5183 ἐπαρρησιάσατο

480 5198 539 5249 ἐν
585 5196 663 5266 τῷ
710 5198 933 5267 ὀνόματι
964 5198 1058 5250 τοῦ
1078 5200 1291 5270 Ἰησοῦ.
1326 5202 1435 5254 Καὶ
1463 5197 1532 5273 ἦν
1580 5203 1696 5272 μετ’
1721 5203 1903 5256 αὐτῶν
1926 5204 2043 5256 εἱσ-

482 5287 844 5356 πορευόμενος
879 5288 974 5339 καὶ
995 5290 1425 5360 ἐκπορευόμενος
1454 5295 1534 5354 εἰς
1575 5293 1930 5363 Ἰερουσαλήμ
1951 5294 2047 5348 καὶ

480 5374 999 5447 παρρησιαζόμενος
1029 5377 1086 5428 ἐν
1119 5378 1197 5446 τῷ
1228 5378 1562 5449 ὀνόματιτοῦ
1598 5383 1803 5453 Κυρίου
1846 5383 2041 5453 Ἰησοῦ,

481 5467 661 5520 ἐλάλει
692 5484 750 5521 τε
778 5469 872 5521 καὶ
918 5466 1200 5539 συνεζήτει
1232 5472 1367 5540 πρὸς
1405 5473 1527 5536 τοὺς
1579 5474 1943 5545 Ἑλληνιστάς.
1978 5478 2043 5528 Οἱ

2152 4747 2472 4814 discipulus.
2530 4745 2814 4802 Barnabas
2871 4757 3050 4804 autem
3107 4738 3507 4820 apprebEnsum
3562 4751 3713 4805 illum

2151 4838 2306 4892 duxit
2328 4838 2395 4892 ad
2420 4840 2720 4907 apostolos,
2752 4848 2806 4893 et
2843 4842 3087 4895 narratit
3118 4842 3225 4897 illis
3255 4841 3528 4911 quomodo
3554 4844 3607 4897 in
3628 4843 3716 4897 via

2150 4930 2380 4985 vidisset
2413 4930 2701 4985 Dominum
2727 4972 2742 4998 ,
2774 4941 2828 4984 et
2860 4933 2988 5001 quia
3024 4933 3238 4989 locutus
3269 4942 3354 4989 est
3381 4935 3457 4998 ei,
3488 4945 3543 4989 et
3576 4948 3715 5004 quo-

2152 5021 2314 5076 modo
2368 5022 2423 5075 in
2476 5023 2747 5078 Datuasco
2799 5022 3128 5079 ﬁducialiter
3173 5025 3346 5095 egerit
3394 5025 3451 5079 in
3499 5024 3718 5077 nomine

2151 5110 2301 5168 Jesu.
2338 5113 2401 5167 Et
2436 5122 2554 5168 erat
2580 5127 2705 5166 cum
2735 5112 2845 5168 illis
2869 5114 3081 5168 intrans
3105 5124 3159 5168 et
3184 5115 3376 5170 exiens
3406 5115 3460 5168 in
3492 5111 3714 5167 Jerusa-

2150 5203 2287 5271 lem,
2321 5212 2377 5258 et
2419 5205 2745 5258 ﬁducialiter
2784 5204 3041 5275 agensjn
3072 5205 3297 5261 nomine
3339 5202 3578 5258 Domini.
3613 5200 3719 5255 Lo-

2150 5299 2423 5366 quehatur
2444 5311 2659 5365 quoque
2682 5295 2957 5366 gentibus,
2996 5305 3051 5351 et
3076 5295 3389 5365 disputabat
3419 5307 3542 5346 cum
3568 5290 3717 5346 Grae-

2149 5389 2229 5443 cis
2254 5405 2268 5441 :
2292 5387 2368 5441 illi
2401 5395 2578 5443 autem
2604 5387 2924 5457 quaerebant
2950 5387 3201 5441 occidere
3227 5398 3374 5439 eum.
3403 5381 3559 5448 Quod
3589 5397 3713 5438 cum

2147 5481 2532 5551 cognovissent
2561 5479 2779 5546 fratres,
2808 5478 3153 5534 deduxerunt
3177 5490 3302 5532 eum
3331 5474 3634 5534 Caesaream
3656 5480 3716 5532 et

1666 5629 1864 5691 Varite
1902 5631 2209 5696 lectiones
2250 5639 2313 5694 et
2356 5641 2545 5695 notas.

555 5745 601 5777 ⁷⁸
630 5743 904 5814 ὀνείρατα.
984 5743 1027 5774 ⁷⁷
1055 5740 1321 5810 ἀγγέλων.
