4088 6206
445 386 555 449 935

1367 377 1914 439 THEUPIIYLACT
1923 377 1945 435 1
1974 364 2384 437 BULGARLE
2421 376 2772 437 ARCHIEP.

3608 369 3721 441 936

449 498 785 551 dimiserunt
843 491 1099 546 Tarsum.
1152 488 1398 544 Ecclesia
1445 488 1664 559 quidem
1718 504 1814 558 per
1860 496 2029 542 totam

2148 488 2193 540 δέ
2225 482 2546 559 ἐπεχείρουν
2561 489 2725 542 αὐτὸν
2751 489 2980 543 ἀνελεῖν.
3017 489 3363 559 Ἑπιγνόντες
3397 491 3453 543 δέ
3483 492 3530 543 οἱ
3562 491 3789 555 ἀδελ-ψΒ

448 587 690 641 Ιυαεειιιη
728 593 780 638 et
808 581 1086 637 Galilaeam
1120 591 1174 636 et
1210 579 1513 635 Samariam
1546 580 1782 635 habebat
1818 595 2028 650 pacem,

451 685 507 731 et
531 674 904 729 aediﬁcabatur
948 672 1234 727 ambulans
1265 672 1319 726 in
1344 672 1537 726 timore
1567 671 1801 735 Domini,
1825 681 1878 726 et
1904 685 2035 724 con-

457 766 730 820 solatione
768 767 942 820 sancti
984 763 1220 834 Spiritus
1255 764 1587 833 replebatur.

2141 578 2233 646 φοί
2263 581 2574 648 κατήγαγον
2604 579 2767 633 αὐτὸν
2785 581 2863 643 είς
2894 581 3252 650 Καισάρειαν,
3281 583 3372 634 καὶ
3400 580 3715 646 ἐξαπέστει-

2141 670 2237 720 λαν
2292 669 2452 721 αὑτὸν
2494 672 2575 734 εἰς
2632 670 2868 740 Ταρσόν.
2910 672 2975 723 Ἦ
3014 672 3114 742 μὲν
3148 667 3243 725 οὖν
3274 671 3569 739 Ἐκκλησία
3596 673 3717 726 καθ’

2139 759 2267 830 ὅλης
2320 762 2419 831 τῆς
2469 762 2753 827 Ἰουδαίας,
2797 764 2892 818 καὶ
2938 764 3275 834 Σαμαρείας,
3302 764 3396 817 καὶ
3426 764 3718 827 Γαλιλαίας

451 856 597 927 εἶχεν
635 857 878 926 είρήνην,
930 855 1364 925 οἰκοδομουμένη
1428 857 1523 908 καὶ
1583 854 1923 926 πορευομένη
1966 852 2044 924 τῷ
2084 853 2235 924 φόϐῳ
2294 854 2390 906 τοῦ
2463 849 2693 925 Κυρίου,
2743 857 2834 908 καὶ
2892 858 2959 925 τῇ
3015 854 3363 927 παρακλῆσει
3410 854 3503 908 τοῦ
3557 857 3714 924 ἀγῐου

452 948 591 1003 Πνεύ
601 964 765 1018 ματος
797 946 1159 1017 ἐπληθύνετο.

953 1082 1531 1138 COMMENTARIUS.

527 1200 750 1262 Saulus,
779 1212 902 1252 cum
934 1198 1287 1266 legisperitus
1317 1205 1484 1258 esset,
1522 1209 1585 1249 os
1613 1193 1816 1248 Iudaeis
1848 1195 2037 1248 occlu-

455 1288 641 1353 debat,
672 1292 811 1341 adeo
847 1297 905 1340 ut
939 1288 1089 1355 loqui
1122 1300 1217 1340 eos
1251 1303 1358 1339 non
1394 1287 1636 1348 sineret;
1671 1294 1726 1339 et
1759 1287 2039 1354 productis

454 1379 867 1448 Scripturarum
907 1378 1241 1432 testimoniis
1278 1395 1297 1427 ι
1335 1377 1662 1442 afﬁrmabat,
1711 1397 1729 1430 ι
1765 1393 1860 1432 seu
1897 1378 2038 1432 leni-

458 1479 542 1524 ter
565 1482 617 1524 et
649 1480 936 1525 mansuete
956 1470 1208 1536 docebat,
1246 1488 1265 1520 ‹
1300 1470 1557 1539 quoniam
1587 1469 1745 1523 .Iesus
1771 1477 1855 1524 est
1874 1469 2037 1523 Chri-

462 1568 580 1615 stus
611 1574 674 1614 ac
698 1540 872 1616 Filius
907 1561 1056 1615 Dei.»
1097 1561 1136 1614 li
1174 1576 1302 1613 vero
1329 1560 1558 1614 insidias
1586 1560 1687 1628 ipsi
1724 1556 2033 1624 struebant,

459 1659 521 1704 ut
551 1652 714 1706 morti
745 1667 867 1706 eum
895 1650 1109 1705 darent.
1166 1650 1273 1705 Sed
1298 1667 1325 1703 a
1349 1650 1634 1721 discipulis
1681 1664 1775 1719 per
1821 1666 2035 1706 murum

459 1739 771 1793 submissus
813 1740 867 1791 in
924 1746 1106 1807 sporta
1144 1737 1268 1809 fuga
1328 1742 1492 1792 vitam
1564 1742 1817 1795 servavit.
1852 1741 2037 1808 Quan—

458 1845 621 1897 quam
652 1830 797 1885 enim
839 1830 927 1884 ille
958 1839 1203 1900 cuperet,
1235 1846 1299 1885 ex
1325 1832 1426 1885 hac
1458 1833 1566 1885 vita
1590 1833 1854 1903 migrare,
1890 1835 2040 1889 salu-

460 1921 531 1976 tis
573 1930 758 1974 tamen
792 1920 1080 1975 hominum
1123 1937 1255 1976 cura
1294 1932 1347 1976 et
1382 1937 1535 1977 amor
1569 1938 1693 1978 eum
1739 1925 2037 1980 detinebat.

2741 1079 3124 1134 EPMHNEIA.

2218 1192 2370 1255 Ὅτε,
2399 1190 2714 1261 νομομαθὴς
2737 1189 2834 1254 ὣν,
2867 1191 3224 1260 ἐπεστόμιζεν
3253 1192 3470 1258 αὐτοὺς,
3500 1197 3592 1247 καὶ
3618 1197 3723 1250 οὐκ

2143 1284 2228 1335 alia
2285 1281 2646 1352 φθέγγεσθαι,
2705 1281 2818 1334 ἀλλ’
2872 1282 2980 1334 ἀπὸ
3037 1282 3147 1334 τῶν
3188 1284 3424 1353 Γραφῶν
3456 1286 3719 1351 ἐδείκνυε,

2149 1394 2168 1427 ι
2198 1374 2576 1445 συμϐιϐάζων,
2614 1391 2633 1424 ι
2659 1372 2907 1425 τουτέστι
2952 1373 3069 1439 μετ’
3102 1373 3403 1434 ἐπιεικείας
3432 1374 3720 1439 διδάσκων,

2151 1486 2168 1519 ι
2210 1468 2294 1521 ὅτι
2329 1466 2536 1536 Ἰησοῦς
2570 1468 2720 1517 ἐστιν
2764 1467 2793 1517 ὁ
2823 1464 3057 1534 Χριστὸς
3092 1465 3121 1516 ὁ
3144 1464 3271 1526 Υἱὸς
3292 1463 3387 1516 τοῦ
3420 1463 3577 1517 Θεοῦ.
3611 1483 3628 1515 ι
3657 1466 3721 1517 Οἱ
3764 1474 3795 1496 ⁴·

2143 1561 2199 1613 δὲ
2226 1559 2649 1615 ἐπεϐουλεύοντο
2675 1558 2818 1611 ὥστε
2851 1557 3064 1610 ἀνελεῖν
3094 1557 3279 1610 αὐτόν.
3327 1556 3386 1610 '0
3414 1557 3469 1609 δὲ
3497 1556 3604 1609 ἀπὸ
3626 1556 3721 1611 τοῦ

2146 1652 2354 1721 τείχους
2389 1654 2446 1704 ἐν
2473 1650 2693 1721 σπυρίδι
2739 1648 2970 1720 ἐχαλᾶτο
3002 1648 3092 1702 διὰ
3148 1648 3259 1701 τῶν
3306 1647 3586 1718 μαθητῶν,
3625 1649 3723 1701 καὶ

2147 1744 2437 1809 διεσώζετο
2463 1744 2663 1811 φυγάς.
2692 1743 2756 1796 El
2789 1742 2898 1813 γὰρ
2930 1743 3025 1794 καλ⁸
3060 1740 3320 1810 ἐπεθύμει
3346 1739 3450 1808 τῆς
3474 1739 3724 1793 ἐντεῦθεν

2149 1834 2485 1903 ἀποδημίας.
2521 1832 2657 1886 ἀλλά
2682 1834 2777 1885 καὶ
2803 1832 2900 1899 τῆς
2930 1828 3237 1898 ἀνθρώπων
3259 1829 3527 1899 σωτηρίας
3559 1828 3723 1900 κηδε-

2146 1942 2237 1978 ται
2266 1926 2362 1977 καὶ
2387 1926 2507 1996 ἐρᾷ.
2531 1925 2641 1977 Καὶ
2659 1923 2920 1984 πολλάκις
2940 1920 3166 1975 τοιαῦτα
3198 1922 3512 1992 ἐμηχανᾶτο
3535 1920 3723 1989 τηρῶν

465 2007 603 2063 Hinc
641 2011 848 2079 pluries
884 2010 1041 2081 251
1081 2012 1351 2080 ejusmodi
1392 2012 1739 2069 machinatus
1774 2020 1880 2079 est,
1923 2029 2044 2084 quae

2148 2017 2338 2071 ἐαυτδν
2368 2015 2444 2084 τῷ
2466 2016 2806 2087 κηρύγματι,
2838 2016 2932 2067 καὶ
2954 2014 3014 2066 οὐ
3044 2015 3341 2084 παρῃτεῖτο
3384 2012 3480 2066 καὶ
3508 2012 3723 2083 ἀνθρωοι

463 2115 587 2153 eum
617 2110 843 2168 possent
878 2102 1253 2171 praedicationi
1281 2116 1501 2157 servare
1532 2120 1546 2156 :
1583 2102 1727 2159 unde
1754 2120 1856 2160 nec
1884 2121 2044 2161 recu-

465 2191 622 2243 sabat
658 2193 889 2245 humana
921 2194 996 2245 uti
1031 2194 1323 2255 industria,
1356 2208 1481 2248 cum
1516 2197 1898 2265 Opportunitas
1924 2199 2045 2252 exi-

468 2282 648 2350 gebat.
698 2299 717 2333 ι
764 2282 964 2338 Saulus
1009 2291 1211 2338 autem.
1252 2301 1270 2335 ι
1316 2282 1507 2354 Operae
1551 2287 1787 2355 pretium
1832 2298 1914 2341 est
1956 2288 2046 2344 hic

461 2371 761 2439 inquirere,
778 2372 1052 2441 qttontodo
1073 2373 1273 2428 Paulus
1289 2375 1342 2427 in
1364 2388 1463 2430 sua
1483 2375 1549 2431 ad
1564 2376 1782 2431 Galatas
1796 2376 2041 2448 Epistola

460 2462 664 2515 scribat
684 2461 767 2515 σοι
797 2482 815 2514 ε
843 2462 1028 2534 Neque
1045 2465 1168 2519 veni
1201 2463 1596 2536 Jerosnlymam
1631 2468 1697 2521 ad
1730 2478 2045 2523 antecesso-

460 2567 549 2607 res
592 2568 741 2607 meos
769 2558 1067 2623 apostolos,
1114 2557 1209 2611 sed
1254 2558 1360 2612 abii
1387 2559 1718 2613 inArabiam
1749 2569 1801 2614 et
1823 2560 2047 2616 Damas-

461 2658 610 2710 cum;
630 2644 824 2698 deinde
841 2656 960 2714 post
977 2662 1149 2702 annos
1168 2660 1296 2710 tres,
1316 2652 1433 2703 veni
1451 2648 1845 2722 Jerosolymam
1863 2654 2047 2709 videre

463 2731 710 2787 Petrum.
737 2734 920 2788 Alium
951 2745 1132 2790 autem
1163 2740 1532 2807 apostolorum
1563 2741 1670 2796 vidi
1696 2743 1991 2810 neminem;
2024 2765 2042 2798 ι

464 2823 554 2879 bie
621 2840 749 2879 vero
793 2829 1130 2881 contrarium
1201 2830 1400 2883 dicitur
1433 2850 1447 2884 :
1481 2847 1678 2904 nempe
1719 2835 1865 2903 quod
1919 2835 2051 2889 Bar-

463 2914 635 2969 nabas
667 2916 819 2970 illum
864 2918 932 2970 ad
996 2919 1274 2987 apostolos
1309 2920 1551 2977 duxerit.
1607 2923 1779 2993 Igitur
1812 2924 1959 2993 quod
1992 2925 2046 2979 in

463 3004 704 3075 Epistula
751 3009 819 3063 ad
850 3008 1074 3066 Galatas
1108 3011 1218 3074 ait,
1262 3012 1335 3066 ita
1380 3016 1791 3084 intelligendum
1857 3035 1869 3069 :
1927 3016 2047 3072 Non

463 3085 589 3148 veni
659 3096 727 3150 ad
796 3099 1234 3167 conferendum;
1294 3103 1369 3154 ait
1422 3108 1570 3156 enim
1623 3105 1741 3173 ipse
1789 3104 1987 3159 ibidem
2030 3123 2044 3164 :

469 3202 489 3237 ι
537 3184 653 3239 Νοιι
699 3188 912 3240 contuli
937 3190 1051 3258 (l6)
1096 3204 1274 3258 neque
1315 3192 1421 3244 abii
1471 3191 1892 3263 Jerosolymam.
1928 3212 1946 3244 ι
1988 3195 2046 3249 Si

465 3289 593 3329 vero
650 3276 757 3330 hoc
782 3291 892 3330 non
952 3280 1180 3344 arridet,
1218 3282 1352 3335 illud
1402 3282 1755 3339 manifestum
1808 3285 2042 3352 videtur,

463 3366 749 3435 quodnon
801 3368 1018 3433 statim,
1059 3380 1117 3424 ut
1143 3371 1399 3436 credidit,
1448 3372 1659 3429 insidiae
1698 3376 1748 3429 ei
1795 3376 2044 3432 Damasci

466 3462 695 3509 structae
723 3454 960 3522 fuerint;
993 3458 1089 3513 sed
1121 3466 1333 3513 tantum
1368 3469 1555 3530 postea
1589 3478 1751 3532 quam
1789 3466 1948 3519 rediit
1978 3482 2043 3521 ex

466 3543 691 3612 Arabia,
725 3546 831 3601 hoc
860 3556 945 3604 est
968 3557 1091 3618 post
1123 3558 1234 3605 tres
1264 3565 1459 3607 annos.
1489 3552 1545 3607 Si
1583 3570 1775 3610 rursus
1802 3555 1904 3610 lmc
1934 3574 2042 3612 non

466 3636 666 3705 placet,
695 3637 986 3691 dicendum
1024 3639 1175 3694 illum
1202 3641 1420 3710 quidem
1450 3658 1555 3697 non
1586 3646 1787 3700 abiisse
1811 3649 1877 3700 ad
1907 3664 2041 3718 apo-

467 3725 676 3791 stolos;
719 3727 812 3781 sed
845 3727 1172 3784 humilitatis
1207 3745 1373 3786 causa
1406 3732 1693 3803 discipulis
1724 3736 2040 3804 adhaesisse,

469 3830 785 3887 quanquam
810 3822 1004 3877 doctor
1028 3822 1190 3888 foret,
1219 3834 1272 3877 et
1300 3842 1406 3880 non
1436 3828 1762 3899 diseipulus.
1785 3829 2043 3901 Propter-

460 3918 525 3960 ea
559 3906 757 3977 inquit,
789 3908 908 3963 Non
942 3912 1074 3979 abii,
1111 3924 1168 3967 ut
1217 3914 1283 3968 ad
1312 3923 1691 3974 antecessores
1730 3935 1880 3977 meos
1916 3939 2044 3992 apo-

462 3997 635 4051 stolos
683 4001 1047 4059 accederem:
1095 4004 1343 4073 adeoque
1388 4008 1526 4061 nihil
1569 4009 1638 4064 ab
1675 4011 1811 4078 ipsis
1852 4012 2041 4067 didici.

460 4084 558 4141 Vel
587 4089 689 4144 hoe
720 4090 794 4143 ita
824 4094 1032 4161 accipe,
1057 4097 1202 4164 quod
1229 4097 1422 4152 abierit
1454 4101 1506 4152 in
1537 4102 1817 4166 Arabiam,
1847 4104 2044 4158 deinde

464 4177 795 4235 Damascum
834 4187 1082 4251 venerit,
1119 4186 1245 4241 inde
1276 4186 1676 4262 Jerosolymam
1701 4231 1716 4258 ,
1760 4203 1951 4263 postea
1989 4196 2042 4249 in

463 4269 701 4340 Syriam.
737 4271 795 4327 Si
830 4289 1008 4343 neque
1041 4277 1146 4331 hoc
1186 4279 1478 4345 satisfacit,
1515 4283 1707 4347 dicito.
1740 4286 1884 4355 quod
1925 4304 2046 4341 rur-

462 4375 559 4416 sus
610 4359 1011 4435 Jerosolymam
1064 4370 1408 4433 ascenderit,
1462 4372 1660 4427 deinde
1712 4373 2041 4431 Damascum

461 4452 668 4507 missus
702 4453 815 4517 sit,
847 4464 1037 4524 postea
1079 4458 1134 4511 in
1171 4460 1422 4514 Arabiam
1448 4501 1462 4527 ,
1498 4469 1552 4517 et
1589 4479 1783 4520 rursus
1815 4467 2041 4521 Damas-

459 4556 585 4596 cum
610 4560 626 4609 ;
670 4545 891 4599 demum
928 4548 1232 4604 Cmsaream
1261 4567 1276 4604 :
1306 4561 1360 4605 et
1390 4561 1520 4607 tunc
1548 4563 1672 4623 post
1705 4560 2038 4625 quattuorde-

2148 2107 2324 2171 πίνοις
2356 2107 2664 2176 χρήσασθαι
2720 2106 3134 2175 μηχανήμασιν,
3165 2103 3332 2172 ἡνίκα
3371 2103 3570 2174 ἀπῄτει
3598 2121 3725 2156 καιο

2149 2200 2262 2269 ρός.
2301 2217 2318 2249 ι
2358 2197 2561 2260 Σαῦλος
2590 2197 2669 2250 δέ.
2711 2215 2730 2248 ι
2763 2196 2947 2260 ’Ἄξιον
2997 2194 3231 2248 ἐνταῦθα
3260 2195 3557 2265 ἀπορῆσαι,
3600 2194 3722 2258 πῶς

2148 2291 2204 2340 ἐν
2233 2287 2329 2357 μὲν
2348 2290 2413 2357 τῇ
2443 2287 2578 2357 πρὸς
2602 2285 2848 2345 Γαλάτας
2871 2284 3055 2354 φησὶν,
3077 2286 3160 2337 ὅτι
3179 2301 3198 2334 ι
3230 2285 3344 2337 Οὐκ
3374 2284 3614 2354 ἀπῆλθον
3639 2286 3726 2348 είς

2161 2376 2516 2448 Ἰεροσόλυμα
2548 2376 2686 2450 [ἀλλ’
2741 2380 2821 2440 εἰς
2849 2376 3114 2446 Ἀραϐίαν
3146 2375 3242 2429 καὶ
3284 2372 3591 2446 Δαμασκὸν,
3625 2380 3727 2431 καὶ

2151 2469 2286 2536 μετά
2314 2468 2440 2539 τρία
2470 2470 2565 2539 ἐτη
2595 2472 2673 2532 είς
2700 2465 3101 2539 ’1εροσόλυμα,]
3121 2467 3407 2538 ἱστορῆσαι
3440 2468 3668 2538 Πέτρον,
3701 2488 3719 2518 ι

2148 2561 2243 2613 καὶ
2268 2559 2349 2611 ὅτι
2380 2579 2397 2611 ι
2427 2559 2632 2613 Οὐδένα
2662 2559 2770 2613 τῶν
2800 2558 3112 2611 ἀποστόλων
3140 2548 3280 2611 εἶδον
3303 2574 3316 2587 ⁸
3354 2580 3372 2611 ι
3411 2558 3725 2612 ἐνταῦθαδέ

2146 2655 2459 2708 τούναντίον
2491 2656 2679 2725 φησὶν,
2706 2655 2786 2708 ὅτι
2819 2654 3022 2724 ἧγαγεν
3071 2654 3234 2706 αὑτὸν
3268 2655 3405 2725 πρὸς
3432 2654 3553 2713 τοὺς
3584 2656 3727 2707 ἀπο--

2150 2747 2369 2810 στόλους
2403 2747 2431 2799 ὁ
2476 2745 2784 2816 Βαρνάϐας.
2830 2747 2902 2798 ’Ἡ
2963 2744 3124 2798 τοῦτο
3146 2744 3327 2824 τοίνκν
3361 2745 3523 2815 φησὶν
3552 2745 3610 2796 ἐν
3651 2746 3723 2814 τῇ

2151 2841 2286 2908 πρὸς
2339 2840 2585 2903 Γαλάτας
2617 2841 2927 2912 Ἐπιστολῇ,
2993 2839 3076 2893 ὃτι
3136 2843 3238 2894 οὐκ
3297 2841 3539 2910 ἀπῆλθεν
3581 2839 3725 2892 ὥστε

2150 2930 2580 2998 προαναθέσθαι.
2617 2933 2754 3000 Φησὶ
2791 2932 2898 3003 γὰρ
2928 2933 3032 2998 ὅτι,
3060 2949 3078 2983 ι
3109 2932 3183 2985 Οὐ
3221 2928 3684 3004 προ[σ]ανεθέμην
3707 2945 3722 2960 ·

2150 3021 2271 3074 οὐδέ
2323 3022 2567 3091 ἀπῆλθον
2620 3026 2699 3086 είς
2739 3021 3112 3092 Ἰεροσόλυμα.
3149 3041 3168 3074 ι
3210 3023 3271 3075 Et
3307 3021 3382 3092 μὴ
3420 3019 3597 3083 τοῦτο,
3627 3020 3721 3088 δῆ-

2155 3111 2266 3177 λον,
2298 3114 2331 3183 ἢ
2363 3114 2410 3144 ⁷⁸
2439 3115 2472 3183 ἡ
2506 3112 2769 3183 ἐπιϐουλὴ
2811 3114 2845 3183 ἡ
2898 3113 2957 3167 ἐν
3005 3112 3307 3183 Δαμασκῷ,
3356 3109 3479 3184 [οὐκ
3520 3111 3727 3174 εὐθέως

2157 3203 2296 3272 μετὰ
2321 3204 2381 3255 τὸ
2404 3202 2719 3268 πιστεῦσαι,
2750 3203 2909 3275 ἀλλὰ]
2950 3202 3089 3274 μετά
3118 3203 3179 3257 τὸ
3207 3203 3383 3257 ἐλθεῖν
3414 3203 3576 3256 αὐτὸν
3615 3202 3727 3255 ἀπὸ

2164 3294 2422 3365 ’Λραϐίας
2472 3297 2687 3363 γέγονε,
2744 3295 2910 3366 [μετά
2941 3295 3037 3367 ἐτη
3086 3293 3262 3370 cpia],
3308 3295 3364 3364 ἢ,
3393 3295 3524 3366 εἰμὴ
3570 3293 3729 3346 τοῦτο

2154 3387 2333 3451 πάλιν,
2349 3387 2514 3450 αὐτὸς
2536 3385 2667 3455 γοῦν
2687 3388 2788 3441 οὐκ
2820 3387 3032 3457 ἀπῆλθε
3054 3387 3190 3459 πρὸς
3212 3388 3338 3450 τοὺς
3366 3387 3723 3450 ἀποστόλους,

2147 3477 2282 3532 ἀλλά
2314 3481 2428 3540 τοῖς
2462 3479 2736 3549 μαθηταῖς
2798 3480 3058 3550 ἐπειρᾶτο
3112 3478 3426 3544 κολλᾶσθαι,
3468 3476 3727 3549 [μετριά-

2147 3566 2302 3640 ζων,]
2338 3569 2432 3621 ἆτε
2450 3567 2769 3631 διδάσκαλος
2795 3568 2891 3632 ὢν,
2912 3567 3006 3622 καὶ
3035 3568 3097 3622 οὐ
3130 3568 3399 3639 μαθητής.
3419 3568 3517 3621 Διά
3540 3567 3723 3632 τοῦτο,

2146 3657 2261 3709 Οὐκ
2285 3657 2550 3726 ἀπῆλθον,
2576 3658 2762 3729 φησὶν,
2794 3657 2883 3711 ἵνα
2902 3659 3038 3729 πρὸς
3056 3661 3181 3723 τοὺς
3202 3658 3308 3730 πρὸ
3328 3659 3465 3729 ἐμοῦ
3495 3658 3727 3712 ἀποστό-

2145 3745 2271 3808 λους
2288 3745 2527 3801 ἀπέλθω.
2544 3747 2711 3801 Οὐδὲν
2722 3748 2853 3817 γοῦν
2866 3750 2996 3820 παρ’
3009 3749 3189 3803 αὐτῶν
3201 3748 3422 3819 ἔμαθον.
3432 3749 3503 3802 Ἦ
3518 3749 3723 3819 ταύτην

2145 3837 2244 3908 τὴν
2279 3837 2465 3892 ἄνοδον
2487 3837 2806 3911 [λάμϐανε,]
2832 3838 2974 3893 ὥστε
3001 3834 3140 3894 εἶναι
3168 3840 3360 3908 οὕτως,
3379 3842 3462 3895 ὃτι
3481 3840 3725 3912 ἀπῆλθεν

2146 3931 2227 3991 εις
2257 3927 2543 3999 Ἀραϐίαν,
2586 3926 2707 3983 εἶτα
2762 3924 2925 4001 ἦλθεν
2974 3931 3055 3994 είς
3104 3931 3419 4002 Δαμασκὸν,
3468 3927 3589 3986 εἶτα
3641 3934 3724 3995 είς

2156 4020 2530 4090 Ἱεροσόλυμα,
2561 4017 2682 4074 εἶτα
2710 4023 2791 4085 είς
2810 4023 3033 4093 Συρίαν.
3053 4024 3148 4088 Ἦ,
3184 4025 3315 4095 εἰμὴ
3345 4023 3503 4077 τοῦτο
3536 4024 3720 4086 πάλιν,

2146 4110 2404 4176 ὃτιαῦθις
2436 4111 2666 4182 ἀνῆλθεν
2727 4117 2807 4177 εἰς
2848 4115 3220 4186 Ἰεροσόλυμα,
3251 4111 3368 4170 εἶτα
3417 4119 3498 4181 εἰς
3537 4120 3733 4186 Δαμαε

2149 4203 2279 4257 σκδν
2317 4203 2661 4275 ἐξεπέμφθη,
2686 4202 2805 4257 εἶτα
2828 4207 2909 4269 είς
2948 4192 3226 4276 Ἀραϐίαν,
3267 4203 3387 4261 εἶτα
3417 4211 3496 4273 είς
3532 4210 3721 4279 Δάμα-

2149 4313 2278 4348 σκον
2302 4294 2487 4360 πάλιν,
2517 4292 2635 4350 εἶτα
2691 4299 2771 4362 είς
2801 4300 3165 4371 Καισάρειαν,
3199 4302 3293 4355 καὶ
3326 4302 3453 4355 τότε
3481 4303 3571 4358 διὰ
3590 4319 3718 4355 τεσ-

2149 4387 2330 4457 σάρων
2357 4389 2402 4420 "
2427 4388 2564 4442 ἐτῶν
2592 4389 2782 4462 [ἀνέϐη
2833 4392 2996 4447 πάλιν
3046 4395 3125 4456 είς
3165 4393 3556 4467 Ἱεροσόλυμα,]
3592 4390 3721 4458 ἴσως

2146 4477 2234 4530 ὅτε
2253 4478 2381 4540 τοὺς
2394 4478 2658 4549 ἀδελφοὺς
2677 4482 2921 4553 ἀνήγαγε
2947 4485 3085 4552 μετά
3102 4485 3381 4555 Βαρνάϐα.
3407 4487 3501 4549 Ἦ,
3520 4488 3569 4539 εί
3592 4484 3717 4557 [μὴ]

2153 4569 2334 4634 τοῦτο,
2357 4570 2544 4640 ἕτερον
2598 4571 2982 4644 λέγεικαιρόν.
3025 4575 3083 4629 Ὀ
3104 4573 3715 4650 [γὰρ]ἰστοριογράφος,

459 4632 566 4686 cim
599 4648 776 4690 annos
806 4637 988 4692 denuo
1013 4639 1408 4715 Jerosolymam
1445 4649 1768 4715 perrexerit,
1801 4649 2039 4706 fortasse

2148 4632 2327 4711 nonat-
2352 4632 2790 4730 ὑποτέμνειξκαλ⁸
2826 4632 3056 4728 πολλοὺς
3090 4632 3311 4722 δυνάσει

457 4737 585 4777 cum
624 4724 821 4782 fratres
854 4729 1011 4786 duxit
1045 4747 1169 4786 cum
1210 4733 1482 4790 Barnaba.
1522 4737 1615 4793 Vel
1645 4739 1864 4794 demum
1893 4743 2038 4797 aliud

461 4813 552 4869 hic
584 4815 906 4888 designatur
933 4830 1189 4894 tempus:
1235 4840 1390 4880 sacer
1418 4828 1561 4882 enim
1598 4830 1832 4899 scriptor
1871 4835 2042 4887 multa

461 4910 723 4977 praeterit,
759 4916 1019 4985 variaque
1054 4926 1296 4988 tempora
1327 4917 1490 4972 simul
1522 4919 1724 4990 jungit.
1761 4920 1901 4977 Puto
1938 4938 2041 4978 att-

462 5007 569 5053 tem
602 5000 738 5070 ipse,
766 5001 1072 5060 Barnabam
1099 5007 1212 5076 jam
1255 5015 1428 5063 multo
1462 5018 1622 5064 antea
1649 5012 1886 5065 amicum
1921 5014 2041 5082 ejus

458 5086 672 5143 fuisse:
709 5101 826 5145 erat
855 5095 1000 5146 enim
1056 5096 1147 5149 ille
1206 5097 1287 5150 vir
1333 5098 1603 5170 benignus
1663 5107 1716 5154 et
1758 5101 1917 5157 valde
1944 5104 2043 5159 bo-

458 5195 564 5235 nus
605 5199 618 5234 :
659 5185 803 5237 unde
850 5184 1025 5240 Filius
1084 5188 1480 5245 consolationis
1511 5193 2044 5259 cognominabatur:

530 5356 576 5390 “
598 5356 781 5415 Galat.
820 5378 859 5426 ι,
902 5364 984 5429 17,
1019 5364 1106 5420 19.

2146 4747 2225 4800 vel
2274 4747 2522 4821 συνάγει]
2573 4752 2819 4821 καιρούς.
2877 4755 3035 4807 Δοκεί
3093 4755 3150 4810 δέ
3197 4774 3287 4828 μοι
3347 4758 3376 4810 ὁ
3433 4758 3719 4826 Βαρνάϐας

2145 4836 2352 4890 ἀνωθεν
2382 4840 2548 4893 αὐτοῦ
2575 4837 2716 4895 εἶναι
2744 4841 2894 4909 φίλος
2916 4859 2931 4874 ο
2965 4838 3033 4913 ἦν
3061 4845 3118 4897 δέ
3149 4845 3437 4916 ἄνθρωπος
3471 4848 3717 4919 ἐπιεικὴς

2146 4929 2243 4981 κα)⁸
2267 4929 2489 5000 χριστὸς
2514 4928 2560 4963 ³⁸
2601 4932 2841 5003 σφόδρα·
2876 4934 2959 4987 διὸ
3010 4936 3107 4990 καὶ
3149 4937 3266 5002 υίὸς
3319 4940 3720 5011 παρακλήσεως

2146 5020 2495 5092 φερωνύμως
2539 5024 2755 5093 ἐλέγετο
2779 5044 2793 5058 ο
2844 5028 2967 5082 ὅθεν
2994 5030 3089 5084 καὶ
3122 5030 3414 5101 ἀπρόσιτος
3444 5032 3489 5064 ⁸⁸
3526 5034 3721 5100 γέγονε

2144 5109 2225 5181 τῷ
2262 5110 2436 5183 ἀνδρί.
2478 5132 2497 5166 ι
2542 5115 2749 5170 Ἐλάλει
2792 5134 2852 5170 τε
2892 5119 3007 5173 καί.
3054 5137 3073 5171 ι
3127 5119 3476 5190 Ἑλληνιστάς
3534 5119 3721 5192 ὶφησιι

2144 5202 2271 5267 τοὺς
2317 5202 2619 5276 Ἑλληνιστὶ
2654 5208 3084 5280 φθεγγομένους,
3130 5212 3223 5265 καὶ
3269 5211 3476 5282 σφόδρα
3506 5210 3681 5280 σοφῶς
3704 5226 3718 5240 ⁸

1613 5461 1812 5524 Varia:
1861 5464 2170 5530 lectiones
2217 5478 2279 5533 et
2324 5482 2517 5536 notae.
2604 5524 2605 5527 η

526 5569 572 5600 ’⁸
600 5571 702 5625 ὅτι.
779 5575 822 5605 ⁷9
850 5576 1285 5649 δεκατεσσάρων.
1362 5580 1407 5612 ⁸⁸
1424 5582 1681 5651 χρηστός.
1756 5586 1800 5618 ⁸⁸
1827 5588 2170 5659 εὐπρόσιτος.

531 5742 645 5812 (16)
678 5746 883 5802 Textus
905 5750 1126 5807 Gt'mt‘us
1151 5755 1333 5821 habet,
1361 5758 1419 5810 οὐ
1450 5761 1891 5835 προσανεθέμην,
1915 5781 2044 5835 quor

2148 5772 2246 5841 ulg.
2279 5771 2547 5841 interpres
2577 5775 2760 5845 vertit,
2794 5793 2898 5833 non
2929 5780 3183 5852 acquievi.
