4088 6206
424 311 528 376 937

1020 310 1552 373 EXPOSlTIONlS
1593 312 1676 373 IN
1706 313 1897 374 ACTA
1926 314 2225 380 TEXTUS
2244 322 2514 388 ALTER.
2552 353 2619 367 —
2656 331 2818 396 CAP.
2851 308 2957 395 1x2

3536 347 3642 413 938

420 426 469 478 ot
504 423 610 493 γὰρ
664 422 835 487 ἄλλοι,
889 425 1169 478 τουτέστιν
1222 426 1269 477 οἱ
1310 424 1491 495 βαθεῖς
1549 424 1812 495 Ἑϐραῖοι,
1860 424 1973 480 οὒδέ

2083 442 2253 497 quare
2281 434 2348 489 ad
2379 435 2555 507 ipsum
2590 439 2805 499 facilem
2839 457 3120 500 accessum
3151 445 3387 505 habebat
3415 449 3638 514 Paulus.

425 514 550 569 ἰδεῖν
570 514 731 569 αὐτόν
754 514 963 584 ἤθελον.

2094 535 2113 568 ι
2150 516 2501 592 Loquebatur
2530 543 2767 601 quoque.
2806 548 2827 584 ι
2863 533 3188 593 Hellenistas
3224 538 3315 595 hic
3346 552 3503 600 vocat
3536 545 3642 602 lIe~

418 609 617 671 braos,
661 607 753 678 qui
806 609 992 662 Urzcce
1025 607 1405 678 loquebantur.
1453 611 1519 665 Et
1559 611 1778 682 quidem
1823 607 1981 665 valde
2018 612 2293 680 sapienter
2321 618 2419 685 ait,
2441 619 2668 679 Paulum
2697 625 2765 680 ad
2796 626 2918 684 illos
2943 628 3183 686 locutum
3245 632 3451 694 fuisse:
3514 657 3640 698 nam

414 702 549 758 meri
579 699 791 757 Hebraei
809 714 879 755 ne
905 701 1120 771 quidem
1145 703 1294 758 illum
1323 705 1503 761 videre
1531 706 1893 762 sustinebant.

708 776 741 795 ’ί
1003 795 1253 850 ΚΕΦΑΔ.
1281 798 1376 851 ῐΔ⁹.

412 886 551 953 Περί
585 885 765 942 Αἰνέα
791 885 1203 956 παραλυτικοῦ
1233 886 1502 955 ἰαθέντος
1550 889 1619 941 ἐν
1644 887 1847 955 Λύδδῃ
1880 886 1978 940 διὰ

486 974 714 1043 Πέτρου
742 992 757 1008 ο
791 976 862 1030 ἐν
896 968 946 1042 ᾧ
970 976 1042 1030 τὰ
1075 975 1208 1044 περὶ
1251 973 1360 1046 τῆς
1404 977 1613 1032 Ταϐιθὰ
1638 977 1750 1044 τῆς
1804 977 1977 1045 φιλο-

481 1064 690 1134 χήρσυ.
746 1065 827 1134 ἦν
869 1067 1101 1138 ἤγειρεν
1147 1065 1216 1146 ρκ
1256 1065 1483 1136 νεκρῶν
1533 1070 1567 1121 ό
1612 1065 1831 1136 Πέτρος
1879 1064 1978 1119 διὰ

483 1156 831 1226 προσευχῆς
862 1156 933 1212 ἐν
963 1157 1198 1229 Ἰόππῃ.

712 1244 792 1315 Τῇ
844 1245 1094 1315 κυριακῇ
1127 1244 1227 1315 τῆς
1262 1250 1310 1312 γ’
1357 1243 1668 1316 ὲδδομάδος.

997 1337 1383 1392 KEIMENON.

496 1425 746 1494 Ἐγένετο
796 1426 891 1491 δὲ,
941 1427 1146 1499 Πέτρον
1174 1427 1553 1507 ,διερχόμενον
1603 1428 1690 1483 διὰ
1738 1429 1976 1494 πάντων,

410 1512 689 1569 κατελθεῖν
718 1515 811 1569 καὶ
841 1513 978 1585 πρὸς
1008 1514 1146 1579 τοὺς
1178 1515 1370 1584 ἁγίους
1413 1516 1539 1581 τοὺς
1586 1517 1980 1582 κατοικοῦντας

409 1603 637 1659 Λύδδαν.
660 1598 799 1673 Εὗρε
818 1604 875 1658 δὲ
892 1605 1008 1659 ἐκεῖ
1026 1604 1314 1676 ἄνθρωπόν
1340 1623 1485 1671 τινα,
1515 1606 1737 1676 ὀνόματι
1759 1607 1975 1674 Αἰνέαν,

409 1694 470 1759 ἐξ
500 1695 636 1749 ἐτῶν
672 1694 817 1749 ὀκτὼ
877 1696 1272 1767 κατακείμενον
1329 1696 1422 1749 ἐπὶ
1452 1696 1791 1767 κραϐὅάτῳ,ι
1812 1697 1872 1762 ὃς
1908 1693 1978 1769 ἦν

408 1787 871 1858 παραλελυμένος.
906 1790 1015 1843 Καὶ
1042 1785 1196 1842 εἶπεν
1247 1788 1398 1858 αὐτῷ
1421 1790 1451 1842 6
1488 1788 1697 1860 Πέτρος
1725 1804 1742 1820 ⁸
1783 1790 1967 1853 Αἰνέα,

411 1876 557 1931 ἰᾶταί
615 1895 674 1931 σε
714 1879 742 1931 6
801 1877 1005 1947 Κύριος
1035 1877 1242 1948 Ἰησοῦς
1276 1879 1510 1949 Χριστός
1533 1897 1548 1912 ·
1582 1880 1845 1950 ἀνάστηθι
1876 1881 1970 1935 καὶ

410 1967 649 2035 στρῶσον
691 1967 922 2036 σεαυτῷ.
968 1967 1077 2022 Καὶ
1135 1967 1338 2033 εὐθέως
1384 1969 1585 2041 ἀνέστη
1616 1989 1630 2003 ·
1695 1972 1786 2025 καί
1831 1967 1970 2026 εἶδον

409 2055 570 2109 αὐτὸν
626 2056 821 2120 πάντες
851 2059 899 2110 οἱ
938 2058 1318 2123 κατοικοῦντες
1365 2060 1574 2115 Λύδδαν
1611 2062 1704 2114 καὶ
1736 2062 1829 2115 τὸν
1865 2063 1969 2116 Σά-

409 2161 584 2216 ρωνα⁶
612 2145 808 2213 οἵτινες
833 2147 1171 2221 ἐπέστρεψαν
1193 2148 1284 2202 ὲπί
1302 2150 1394 2205 τὸν
1416 2139 1639 2222 Κύριον.
1671 2153 1759 2207 Ἐν
1782 2151 1970 2224 Ἰόππῃ

405 2237 462 2290 δέ
492 2254 575 2300 τις
604 2233 672 2309 ἦν
704 2238 979 2309 μαθήτρια
1007 2240 1229 2311 ὀνόματι
1263 2240 1495 2309 Ταδιθά,
1527 2243 1562 2313 ἥ
1616 2242 1972 2313 διερμηνευοο

408 2327 545 2399 μένη
571 2328 787 2398 λέγεται
831 2346 848 2379 ι
884 2331 1115 2401 Δορκάς.
1154 2351 1171 2383 ι
1207 2330 1354 2400 Αὕτη
1388 2328 1457 2403 ἦν
1494 2334 1711 2404 πλήρης
1753 2333 1975 2401 ἀγαθῶν

406 2419 583 2493 ἔργων
635 2422 729 2474 καὶ
777 2420 1157 2491 ἐλεημοσυνῶν
1191 2416 1265 2475 ὧν
1318 2423 1513 2477 ἐποίει.
1545 2425 1796 2493 Ἐγένετο
1822 2425 1877 2478 δὲ
1917 2424 1976 2478 ἐν

405 2514 524 2574 ταῖς
551 2512 790 2583 ἡμέραις
853 2514 1115 2577 ἐκείναις,
1149 2513 1525 2585 ἀσθενήσασαν
1565 2516 1733 2586 αὐτὴν
1775 2515 1978 2571 ἀποθαο

407 2603 536 2652 νεῖν.
593 2601 897 2666 Λούσαντες
937 2603 993 2657 δὲ
1048 2602 1219 2674 αὐτὴν
1254 2603 1463 2675 ἔθηκαν
1512 2606 1569 2658 ὲν
1602 2607 1682 2677 τῷ
1721 2604 1974 2677 ὑπερῴῳ.

421 2691 615 2759 Ἐγγὺς
666 2694 722 2746 δὲ
766 2692 931 2765 οὔσης
991 2694 1201 2765 Λύδδης
1260 2698 1326 2767 τῇ
1377 2697 1592 2768 Ἰόππῃ,
1639 2699 1689 2753 οἰ
1736 2697 1979 2769 μαθηταὶ

410 2783 770 2850 ἀκούσαντες,
797 2786 878 2839 ὅτι
931 2786 1138 2857 Πέτρος
1173 2787 1321 2840 ἐστὶν
1347 2788 1406 2840 ὲν
1446 2788 1612 2859 αὐτῇ,
1646 2789 1978 2843 ἀπέστειλαν

411 2872 506 2927 δύο
525 2874 723 2944 ἀνδρας
753 2875 888 2946 πρὸς
918 2876 1102 2942 αὐτὸν,
1150 2878 1592 2949 παρακαλοῦντες
1638 2881 1712 2951 μὴ
1752 2880 1978 2951 ὀκνῆσαι

409 2963 636 3017 διελθεῖν
660 2965 767 3028 ἕως
792 2966 998 3020 αὐτῶν.
1027 2967 1292 3031 Ἀναστάς
1336 2967 1393 3021 δὲ
1453 2968 1657 3039 Πέτρος
1714 2969 1978 3039 συνῆλθεν

410 3053 595 3117 αὐτοῖς
613 3070 627 3085 ’
652 3053 710 3107 ὃν
727 3055 1172 3127 παραγενόμενον
1195 3058 1468 3127 ἀνήγαγον
1502 3061 1580 3123 εἰς
1610 3059 1674 3113 τὸ
1707 3059 1976 3131 ὑπερῷον,

2659 806 2886 863 CAPUT
2921 808 3057 864 XIV.

2081 888 2159 945 De
2172 890 2340 947 Enen
2367 904 2555 949 sanato
2574 913 2605 950 (ι
2634 896 2795 955 Petro
2830 900 3030 971 Lyddw
3050 918 3069 956 :
3101 903 3189 957 ubi
3224 905 3288 960 de
3317 906 3538 966 Thabita
3558 912 3642 968 di-

2153 979 2288 1037 lecta
2319 983 2496 1051 vidua,
2524 1002 2679 1053 quam
2713 989 2904 1046 Petrus
2942 995 3181 1051 oratione
3218 1013 3247 1053 ε
3281 1013 3445 1058 morte
3468 1005 3638 1060 susci-

2152 1072 2280 1125 tavit
2306 1071 2488 1143 lappa.

2409 1248 2687 1310 Dominica
2722 1256 3074 1317 hebdomadas
3111 1262 3304 1321 tertias.

2704 1348 3007 1409 TEXTUS.

2148 1429 2240 1498 lX,
2271 1431 2451 1490 52-43.
2473 1434 2700 1493 Factum
2717 1449 2801 1496 est
2826 1450 3039 1510 autem,
3075 1445 3348 1505 utPetrus
3363 1450 3491 1506 dum
3520 1467 3643 1523 per-

2078 1524 2336 1579 transiret
2363 1526 2645 1585 universos
2664 1569 2678 1595 ,
2714 1530 2991 1590 deveniret
3021 1535 3089 1590 ad
3110 1537 3271 1610 252
3291 1550 3515 1599 sanctos
3546 1545 3642 1615 qui

2074 1612 2394 1672 habitabant
2433 1616 2650 1689 Lyddae.
2703 1621 2908 1678 Invenit
2977 1635 3155 1682 autem
3223 1629 3297 1684 ibi
3363 1612 3641 1690 hominem

2076 1703 2363 1771 quemdam
2394 1707 2616 1763 nomine
2648 1708 2899 1776 Encam,
2933 1713 3001 1768 ab
3033 1716 3190 1771 annis
3207 1726 3333 1772 octo
3371 1723 3641 1787 jacentem

2000 1823 2043 1878 Β
2076 1793 2129 1878 in
2159 1795 2405 1864 grabato,
2435 1799 2543 1866 qui
2563 1807 2678 1853 erat
2699 1802 3061 1871 paralyticus.’
3099 1803 3165 1859 Et
3199 1808 3377 1878 aitfilli
3408 1810 3640 1868 Petrus:

2072 1877 2281 1947 .Euea,
2320 1891 2479 1937 sanat
2520 1892 2572 1939 te
2603 1883 2865 1945 Dominus
2901 1887 3065 1946 Jesus
3103 1877 3357 1952 Christus
3399 1915 3415 1952 :
3457 1914 3643 1971 surge,

2070 1976 2124 2023 et
2158 1977 2341 2025 sterne
2386 1971 2507 2028 tibi.
2567 1972 2633 2028 Et
2670 1977 2934 2033 continuo
2980 1985 3242 2040 surrexit.
3288 1985 3355 2040 Et
3389 1990 3644 2045 viderunt

2069 2073 2194 2115 eum
2230 2076 2423 2119 omnes
2456 2065 2549 2135 qui
2584 2065 2907 2125 habitabant
2940 2070 3140 2142 Lydda:
3170 2083 3223 2130 et
3261 2076 3510 2147 Saronaa,
3540 2082 3637 2152 qui

2071 2154 2320 2208 conversi
2363 2163 2493 2209 sunt
2534 2155 2604 2211 ad
2645 2156 2958 2214 Dominum.
2998 2160 3057 2216 ln
3101 2162 3274 2235 Joppe
3315 2177 3497 2225 autem
3542 2170 3643 2225 fuit

2073 2240 2321 2330 quaedam
2349 2242 2641 2313 discipula,
2674 2250 2899 2304 nomine
2932 2248 3188 2319 Tabitba,
3217 2271 3338 2325 qua:
3376 2259 3644 2330 interpre-

2073 2336 2185 2382 tata
2211 2329 2412 2385 dicitur
2446 2331 2670 2391 Dorcas.
2705 2335 2829 2393 Haec
2858 2349 2976 2394 erat
3006 2342 3165 2412 plena
3191 2346 3451 2414 operibus
3484 2329 3642 2405 benis

2076 2427 2130 2471 et
2163 2419 2528 2493 eleemosynis
2556 2440 2694 2494 quas
2725 2427 2981 2486 faciebat.
3012 2431 3237 2489 Factum
3271 2445 3354 2492 est
3375 2449 3555 2495 autem
3586 2442 3640 2496 in

2076 2509 2272 2567 diebus
2302 2512 2432 2581 illis,
2467 2523 2527 2571 ut
2555 2516 2829 2576 infirmata
2852 2535 3179 2581 moreretur.
3215 2526 3388 2593 Quam
3411 2545 3534 2584 cum
3565 2533 3645 2585 la-

2078 2600 2290 2658 vissent
2336 2619 2633 2672 posuerunt
2680 2625 2798 2665 eam
2841 2612 2897 2668 in
2939 2618 3245 2672 caenaculo.
3287 2619 3422 2674 Cum
3460 2632 3639 2677 autem

2076 2706 2249 2763 prope
2285 2704 2432 2751 esset
2468 2696 2652 2767 Lydda
2679 2702 2746 2756 ad
2780 2700 2988 2776 Joppen
3010 2746 3025 2773 ,
3058 2707 3314 2780 discipuli
3350 2713 3639 2770 audientes

2076 2782 2203 2850 quia
2243 2785 2441 2842 Petrus
2474 2797 2620 2845 esset
2664 2791 2720 2846 in
2765 2808 2858 2861 ea,
2904 2796 3175 2853 miserunt
3214 2800 3354 2857 duos
3394 2801 3541 2858 viros
3570 2806 3635 2859 ad

2076 2885 2226 2939 eum,
2259 2887 2517 2945 rogantes
2542 2898 2556 2935 :
2584 2880 2667 2938 Ne
2691 2883 2967 2955 pigriterls
2995 2889 3183 2943 venire
3209 2906 3383 2961 usque
3413 2894 3480 2947 ad
3518 2909 3640 2949 nos.

2077 2964 2390 3037 Exsurgens
2429 2980 2610 3027 autem
2652 2973 2848 3033 Petrus
2890 2980 3038 3034 venit
3079 2997 3203 3037 cum
3246 2984 3378 3038 illis.
3411 2986 3477 3039 Et
3516 3001 3643 3042 cum

2078 3055 2421 3121 advenisset,
2465 3060 2912 3135 duxerunt‘illum
2948 3070 3003 3123 in
3044 3074 3409 3140 cmnaculum,
3443 3083 3499 3129 et
3528 3078 3643 3132 cir-

410 3143 503 3195 καὶ
531 3144 884 3215 παρέστησαν
923 3145 1071 3216 αὐτῷ
1112 3150 1284 3200 πᾶσαι
1344 3148 1401 3200 αἰ
1450 3149 1615 3218 χῆραι
1668 3150 1973 3215 κλαίουσαι,

2083 3153 2481 3203 cumstetcrunt
2523 3150 2675 3205 illum
2718 3168 2908 3213 omnes
2936 3159 3111 3215 vidum
3136 3161 3327 3218 ﬂeriles
3368 3174 3421 3220 et
3461 3176 3646 3223 esten

409 3233 502 3285 καὶ
535 3233 976 3304 ἐπιδεικνύμεναι
1010 3236 1241 3305 χιτῶνας
1304 3239 1395 3291 καὶ
1441 3240 1628 3309 ἱμάτια
1655 3241 1755 3294 ὅσα
1804 3242 1976 3297 ἐποίει

410 3324 529 3391 μετ’
560 3324 739 3377 αὐτῶν
767 3323 901 3379 οὖσα
935 3327 969 3397 ἠ
998 3327 1228 3396 Δορκάς.
1260 3326 1540 3384 Ἐκϐαλὼν
1569 3329 1625 3383 δὲ
1649 3330 1752 3396 ἔξω
1770 3332 1978 3397 πάντας

405 3415 435 3466 ό
469 3414 692 3485 Πέτρος,
726 3419 820 3470 καὶ
843 3417 956 3479 θεὶς
983 3416 1052 3470 τὰ
1082 3418 1283 3487 γόνατα
1311 3420 1660 3491 προσηύξατο
1680 3438 1696 3455 ·
1728 3424 1823 3477 καὶ
1851 3426 1974 3478 ἐπι-

409 3506 645 3573 στρέψας
699 3507 838 3574 πρδς
875 3506 939 3560 τὸ
981 3509 1175 3579 σῶμα,
1212 3505 1369 3564 εἰπε·
1410 3512 1644 3579 Ταῦιθά,
1684 3513 1971 3585 ἀνάστηθι.

422 3593 485 3645 'il
515 3594 570 3646 δὲ
593 3594 796 3665 ἠνέῳξε
833 3598 958 3660 τοὺς
989 3598 1299 3670 ὀφθαλμοὺς
1326 3601 1519 3671 αὐτῆς,
1544 3603 1638 3656 καὶ
1675 3602 1857 3656 ἰδοῦσα
1882 3604 1976 3658 τὸν

411 3684 645 3756 Πέτρον,
682 3687 991 3744 ἀνεκάθισε.
1026 3691 1161 3753 Aab;
1193 3691 1251 3744 δὲ
1297 3692 1436 3763 αὐτῇ
1476 3695 1634 3764 χεῖρα
1680 3694 1975 3765 ἀνέστησεν

409 3776 577 3847 αὐτὴν
600 3776 802 3840 ζῶσαν.
865 3778 1109 3832 Γνωστὸν
1159 3780 1215 3834 δὲ
1262 3783 1484 3848 ἐγένετο
1541 3782 1665 3836 καθ’
1704 3783 1832 3853 ὅλης
1873 3783 1975 3852 τῆς

421 3867 676 3937 Ἰόππης·
710 3869 804 3921 καὶ
866 3869 1051 3922 πολλοὶ
1108 3869 1438 3924 ἐπίστευσαν
1477 3872 1569 3926 ἐπὶ
1608 3872 1699 3926 τὸν
1747 3873 1971 3944 Κύριον.

422 3956 666 4024 Ἐγένετο
694 3958 752 4010 δὲ
776 3960 988 4030 ἡμέρας
1026 3960 1218 4024 ἱκανὰς
1259 3964 1440 4032 μεῖναι
1492 3962 1658 4019 αὐτὸν
1699 3965 1758 4020 ὲν
1781 3963 1973 4037 Ἰόππῃ

411 4048 562 4114 παρᾶ
585 4063 689 4099 τινι
721 4047 922 4118 Σίμωνι
958 4047 1167 4119 βυρσεῖ.

946 4208 951 4211 _
1000 4139 1379 4194 EPMHNEIA.

482 4227 598 4282 Οὐκ
630 4228 881 4298 ἀνέμεινε
910 4228 1010 4301 τὴν
1038 4231 1220 4283 πίστιν
1249 4230 1343 4284 τοῦ
1370 4232 1582 4303 ἀνδρὸς,
1610 4234 1728 4287 οὐδὲ
1751 4234 1974 4306 ἠρώτη-

414 4335 527 4383 σεν,
588 4320 637 4371 εἰ
686 4318 931 4388 βούλοιτο
987 4319 1427 4391 θεραπευθῆναιο
1485 4320 1636 4374 οὔπω
1673 4322 1781 4394 γὰρ
1836 4319 1976 4394 ἦσαν

408 4410 685 4480 τεκμήρια
720 4410 819 4479 τῆς
852 4409 1056 4474 οἰκείας
1102 4410 1480 4481 παρασχόντες
1538 4412 1838 4483 δυνάμεως.
1884 4414 1976 4466 Εἰ-

2079 3231 2274 3288 dentes
2310 3236 2357 3289 ci
2392 3237 2605 3293 tunicas
2636 3249 2690 3295 et
2723 3250 2903 3300 vestes
2932 3261 3069 3315 quas
3099 3247 3332 3306 faciebat
3366 3253 3473 3310 illis
3511 3255 3644 3312 Dor-

2078 3336 2194 3379 cas.
2233 3320 2432 3394 Ejectis
2468 3336 2650 3384 autem
2687 3335 2944 3393 omnibus
2979 3336 3161 3404 foras.
3198 3341 3391 3401 Petrus
3430 3362 3642 3416 ponens

2075 3595 2260 3663 Petro,
2285 3601 2512 3656 resedit.
2541 3604 2687 3659 Dans
2714 3619 2896 3663 autem
2928 3611 3006 3665 illi
3033 3629 3272 3683 manum,
3304 3595 3476 3677 erexit
3496 3637 3638 3679 eam.

2077 3686 2146 3741 Et
2171 3701 2296 3742 cum
2330 3696 2586 3747 vocaSset
2615 3704 2839 3752 sanctos
2863 3706 2918 3754 et
2942 3701 3157 3768 viduas,
3194 3710 3493 3780 assignavit
3518 3728 3639 3770 eam

2074 3776 2275 3832 vivam.
2324 3779 2524 3836 Notum
2572 3795 2753 3840 autem
2806 3788 3011 3846 factum
3053 3806 3137 3851 est
3181 3812 3281 3867 per
3310 3776 3639 3860 vuniversam

2073 3866 2320 3941 Joppen;
2366 3879 2422 3927 et
2451 3875 2804 3934 crediderunt
2849 3884 3006 3939 multi
3040 3886 3096 3940 in
3123 3866 3375 3948 Domino.
3413 3894 3639 3953 Factum

2074 3971 2160 4019 est
2183 3971 2386 4032 autem,
2416 3974 2477 4021 ut
2504 3966 2620 4023 dies
2647 3970 2848 4028 multos
2871 3986 3177 4033 moraretur
3202 3980 3253 4035 in
3275 3979 3467 4055 Joppe,
3498 3990 3639 4058 apud

2079 4051 2357 4109 Simonem
2386 4056 2678 4127 quemdam
2709 4060 3027 4120 coriarium.

2578 4146 3148 4212 COMMENTARIUS.

2149 4235 2342 4292 Petrus
2373 4237 2519 4293 haud
2554 4243 2889 4309 exspectavit
2917 4244 3075 4301 [idem
3109 4248 3422 4321 paralytici,
3462 4268 3640 4326 neque

2079 4324 2453 4396 interrogavit,
2478 4343 2606 4381 num
2632 4343 2800 4385 sanus
2832 4331 2947 4387 fieri
2975 4335 3166 4404 vellet;
3198 4324 3638 4413 quandoquidem

2080 4429 2145 4470 eo
2168 4414 2271 4469 loci
2313 4415 2461 4468 nulla
2501 4417 2679 4471 adhuc
2716 4419 3001 4477 ediderant
3044 4428 3279 4494 apostoli
3318 4444 3639 4501 argumenta

412 4475 787 4564 x6tmgvto£vuvv
814 4501 916 4554 οὐκ
961 4475 1223 4572 ἀπῃτεῖτο
1374 4503 1557 4556 πίστιν
1587 4506 1614 4557 6
1649 4475 1828 4576 ﬁlii“):
1851 4506 1973 4559 οὐδὲ

2078 4506 2516 4576 potestatis'qua
2567 4508 2752 4563 donati
2798 4521 2974 4567 erant.
3015 4475 3267 4588 Corngrue
3317 4475 3485 4592 igitur
3530 4540 3641 4582 non

410 4593 521 4664 γὰρ
550 4592 639 4645 τὸν
668 4592 839 4662 χωλὸν
860 4593 1166 4663 ἀπῄτησαν.
1193 4594 1443 4647 Μάλιστα
1470 4595 1568 4663 μὲν
1597 4594 1688 4648 οὖν
1716 4598 1812 4650 καὶ
1836 4598 1975 4669 πρὸς

413 4684 621 4737 πολλῶν
675 4682 1022 4755 παράκλησιν
1074 4682 1291 4751 ἐγένετο
1340 4684 1399 4737 τὸ
1453 4684 1672 4756 θαῦμα·
1705 4687 1974 4759 ἐπίσημος

413 4773 522 4843 γὰρ
543 4770 611 4844 ἦν
648 4778 675 4828 6
703 4777 865 4847 ἀνήρ.
894 4775 1159 4846 Καθάπερ
1192 4770 1284 4829 οὖν
1318 4779 1345 4830 6
1378 4778 1633 4846 Χριστὸς,
1671 4778 1974 4850 ἀρχόμενος

411 4865 520 4916 τῶν
548 4868 806 4934 σημείων,
844 4868 943 4920 οὐκ
981 4866 1179 4937 ἀπῄτει
1210 4869 1390 4920 πίστιν
1410 4883 1422 4898 ⁸
1453 4868 1626 4932 οὕτως
1656 4870 1778 4923 οὐδὲ
1803 4867 1968 4927 οὗτοι.

426 4950 514 5003 Ἐν
550 4952 939 5025 Ἱεροσολύμοις
972 4956 1071 5026 μὲν
1100 4956 1207 5023 γὰρ
1239 4956 1460 5019 εἰκότως
1498 4959 1531 5025 ἡ
1573 4957 1755 5022 πίστις
1790 4960 1972 5014 αὐτῶν

413 5044 752 5109 προεγένετο,
810 5046 898 5098 ἵνα
930 5065 948 5097 ι
983 5046 1311 5116 Ἐρχομένου
1378 5047 1471 5100 τοῦ
1525 5049 1754 5123 Πέτρου,
1790 5051 1895 5104 κᾶν
1935 5054 1970 5122 ἠ

415 5126 545 5178 σκιά
599 5128 763 5181 αὑτοῦ
809 5134 1104 5204 ὲπισκιάσῃ
1155 5137 1262 5188 τινὶ
1316 5136 1515 5190 αὐτῶν.
1569 5157 1588 5190 ι
1632 5139 1813 5193 Πολλά
1859 5141 1969 5213 γὰρ

412 5215 632 5283 ἐγένετο
673 5218 790 5271 ἐκεῖ
839 5226 1074 5291 σημεῖα*
1128 5225 1365 5279 ἐνταῦθα
1417 5227 1497 5291 δὲ,
1550 5227 1711 5283 τοῦτο
1757 5232 1972 5303 πρῶτον

412 5306 683 5360 ἐπιϐαίνει
725 5306 792 5378 [Ῑ.
823 5311 1153 5385 συμσαίνει].
1184 5315 1265 5367 Τά
1299 5316 1397 5385 μὲν
1427 5320 1536 5386 γὰρ
1560 5319 1668 5374 τῶν
1707 5323 1970 5392 σημείων,

413 5397 555 5470 ὑπὲρ
591 5399 685 5453 τοῦ
720 5401 848 5463 τοὺς
871 5401 1061 5464 ἀλλους
1089 5406 1489 5461 ἐπισπάσασθαι
1521 5410 1735 5476 ἐγένετο
1754 5428 1768 5443 ο
1797 5413 1865 5466 τὰ
1893 5415 1973 5482 δὲ,

410 5491 507 5545 καὶ
537 5491 677 5563 ὑπὲρ
699 5492 796 5562 τῆς
829 5494 937 5545 τῶν
986 5497 1352 5550 πιστευόντων
1391 5503 1806 5573 παρακλήσεως.
1834 5525 1853 5559 ι
1884 5508 1974 5560 Ἐν

422 5582 614 5653 Ἰόππῃ
631 5581 709 5634 δέ.
744 5600 763 5634 ι
800 5582 1084 5638 Δείκνυσιν
1113 5585 1196 5637 ὅτι
1219 5590 1554 5658 φερωνύμως
1597 5594 1736 5665 αὐτὴ
1769 5592 1836 5665 ἦν
1878 5601 1972 5651 καί

407 5667 746 5739 ὲγρηγορυία
779 5671 873 5722 καὶ
897 5670 1146 5738 νήφουσα
1179 5671 1367 5732 ὥσπερ
1394 5676 1589 5754 δορκάς
1614 5697 1626 5709 ο
1671 5683 1838 5737 πολλὰ
1862 5689 1968 5759 γὰρ

727 5765 992 5825 ΡΑτιιοΙ..
1024 5765 1139 5828 Gn.
1179 5768 1417 5832 CXXV.

2078 4594 2246 4667 exigit
2277 4598 2434 4653 ﬁdem
2470 4600 2539 4655 ab
2579 4602 2674 4656 illo
2698 4603 2835 4668 viro,
2860 4605 3002 4661 sicut
3033 4621 3211 4678 neque
3242 4625 3272 4665 a
3307 4614 3502 4670 claudo
3539 4634 3634 4672 an-

2078 4697 2162 4744 tea
2192 4702 2464 4761 exegerat.
2498 4691 2848 4750 Potissimum
2881 4698 3047 4770 igitur
3079 4700 3148 4756 ad
3179 4703 3409 4759 aliorum
3439 4722 3637 4766 conso-

2078 4780 2337 4836 lationem
2387 4782 2590 4838 factum
2638 4797 2723 4841 est
2763 4788 3085 4846 miraculum
3137 4793 3272 4850 illud
3309 4814 3323 4851 :
3367 4798 3636 4869 siquidem

2081 4871 2318 4925 celebris
2342 4880 2459 4926 erat
2497 4874 2578 4926 vir
2607 4873 2717 4929 ille.
2750 4873 2956 4948 Itaque,
2990 4883 3449 4949 quemadmodum
3480 4887 3640 4942 Chri-

2081 4970 2200 5017 stus
2221 4961 2506 5030 Dominus,
2531 4978 2653 5018 cum
2686 4968 2839 5033 signa
2866 4967 3047 5026 facere
3076 4975 3308 5045 occepit,
3341 4976 3499 5032 (idem
3530 4994 3637 5033 non

2080 5054 2460 5127 prmexigehat,
2495 5058 2576 5113 sic
2614 5071 2714 5113 nec
2747 5062 2995 5129 apostoli.
3026 5063 3095 5119 At
3131 5064 3483 5139 Jerosolymis
3512 5084 3643 5123 con-

2083 5162 2218 5217 grue
2255 5148 2389 5204 ﬁdes
2418 5150 2776 5220 praecedebat,
2808 5161 2868 5207 ut
2905 5171 2925 5206 ι
2962 5155 3283 5214 adveniente
3312 5158 3497 5222 Petro,
3533 5160 3643 5213 sul—

2084 5245 2190 5293 tem
2215 5240 2407 5296 umbra
2429 5239 2578 5296 illius
2599 5241 2955 5300 obumbraret
2977 5260 3302 5317 quemquam
3326 5245 3544 5302 illorum
3569 5266 3582 5302 :
3615 5268 3635 5301 ›

2082 5330 2252 5383 multa
2288 5331 2431 5386 enim
2472 5332 2604 5387 inibi
2646 5332 2801 5404 signa
2844 5333 2986 5391 facta
3016 5337 3127 5405 jam
3159 5335 3408 5400 inerant;
3447 5346 3504 5392 at
3535 5338 3642 5392 isto

2083 5419 2135 5473 in
2170 5418 2289 5474 loco
2315 5421 2547 5488 primum
2576 5422 2715 5478 erat.
2755 5423 3012 5490 Quaedam
3043 5425 3186 5479 enim
3220 5425 3376 5495 signa
3414 5427 3480 5481 ad
3514 5428 3638 5482 inii-

2077 5509 2230 5564 dcles
2262 5511 2329 5563 ad
2369 5508 2524 5565 ﬁdem
2558 5513 2894 5579 trahendus;
2927 5512 3033 5566 alia
3070 5513 3134 5567 ad
3177 5514 3412 5571 ﬁdelium
3445 5531 3639 5573 conso-

2076 5598 2335 5652 lationem
2367 5599 2586 5654 ﬁebant.
2627 5621 2644 5652 ι
2682 5602 2740 5654 In
2769 5600 2939 5672 Joppe
2962 5612 3171 5658 autem.
3212 5625 3230 5657 ι
3276 5607 3452 5663 lnnuit
3485 5611 3637 5679 pucl-

2073 5692 2176 5745 lam
2225 5690 2371 5745 illam
2412 5691 2565 5759 juxta
2611 5691 2695 5745 sui
2747 5694 2985 5751 nominis
3034 5696 3176 5762 vim,
3223 5699 3531 5770 vigilantem
3580 5712 3635 5757 et

3222 5793 3296 5851 3U
