4058 6210
447 778 458 818 i

498 331 603 396 941

1131 326 1668 391 ΕΧΡΟΞΙἸῚΟΝΙΞ
1711 329 1792 391 ΙΝ
1846 328 2033 389 ACTA

2166 326 2359 386 XTUS
2398 326 2667 384 ALTER.
2704 350 2772 361 -
2806 325 2965 385 CAP.
3005 325 3081 384 X:

3615 326 3722 388 942

500 446 841 517 μνημόσυνον
879 444 1111 498 ἐνώπιον
1139 444 1234 498 106
1263 443 1420 497 Θεοῦ.
1451 445 1560 497 Καὶ
1606 444 1701 498 νῦν
1732 444 1946 514 πέμψον
1974 446 2051 507 εἰς

2163 444 2209 494 in
2241 442 2469 510 Joppen,
2497 452 2550 495 et
2585 441 2791 495 accersi
2825 438 3101 503 Simonem
3146 436 3461 506 quemdam,
3511 440 3604 510 qui
3627 457 3724 496 co-

506 538 729 607 Ἰόππην
755 535 976 606 ἄνδρας,
1007 536 1101 588 καὶ
1136 535 1503 605 μετακάλεσαι
1535 535 1774 606 Σίμωνα,
1810 537 1900 589 16v
1934 536 2057 587 ἐπι-

496 626 830 696 καλούμενον
852 626 1080 697 Πέτρον,
1098 625 1193 677 καὶ
1227 624 1389 687 αὐτός
1418 626 1535 678 ἐστι
1562 624 1898 694 ξενιζόμενος
1920 623 2058 695 πρὸς

492 719 585 773 τὸν
619 719 838 788 Σίμωνα
865 718 956 771 τὸν
999 717 1223 789 βυρσέα,
1252 710 1296 785 ᾧ
1321 717 1470 769 ἐστιν
1495 715 1643 770 οίκία
1679 717 1832 787 παρά
1861 715 2061 770 θάλασ-

495 827 617 864 σαν.
676 805 844 874 Οὗτος
864 811 1091 880 λαλήσει
1148 827 1231 862 σοι
1282 809 1337 861 τί
1387 825 1446 861 σε
1498 808 1577 861 δεῖ
1628 811 1824 863 ποιεῖν.
1869 808 1957 872 Ὠς
2005 808 2060 861 δὲ

495 901 740 971 ἀπῆλθεν
771 904 799 954 6
825 901 1057 969 ἄγγελος
1087 904 1115 955 6
1145 901 1324 954 λαλῶν
1352 900 1430 971 τῷ
1469 901 1776 971 Κορνηλίῳ,
1804 901 2061 970 φωνήσας

495 993 590 1047 δύο
612 993 719 1047 τῶν
746 993 975 1046 οἰκετῶν
1000 991 1186 1055 αὑτοῦ,
1219 986 1314 1045 καὶ
1348 991 1691 1062 στρατιώτην
1725 991 1923 1062 εύσεὸἦ
1952 991 2061 1042 τῶν

497 1084 1055 1156 προσκαρτερούντων
1102 1084 1271 1154 αὐτῷ,
1299 1085 1395 1139 καὶ
1440 1084 1850 1154 ἐξηγησάμενος
1875 1083 2062 1160 αὐτοῖς

428 1220 434 1226 .
500 1176 736 1243 ἅπαντα,
769 1172 1107 1231 ἀπέστειλεν
1132 1178 1327 1241 αὐτοὺς
1354 1179 1435 1242 είς
1471 1179 1571 1250 τὴν
1610 1178 1850 1249 Ἰόππην.
1889 1178 1968 1249 Τῇ
2004 1178 2062 1231 δὲ

500 1268 783 1340 ἐπαύριον,
809 1268 1233 1338 ὁδοιπορούντων
1262 1268 1506 1332 ἐκείνων,
1525 1268 1617 1321 καὶ
1639 1270 1705 1339 τῇ
1733 1267 1886 1320 πόλει
1915 1267 2065 1335 ἐγγι-

497 1356 721 1420 ζόντων,
757 1357 922 1428 ἀνέση
976 1358 1183 1429 Πέτρος
1224 1359 1317 1411 ἐπὶ
1356 1358 1416 1411 16
1459 1358 1615 1427 δῶμα
1658 1356 2061 1425 προσεύξασθαι

498 1448 628 1518 περὶ
652 1448 803 1519 ῶραν
839 1448 1028 1521 ἐκτην.
1067 1448 1314 1518 Ἐγένετο
1343 1449 1400 1503 δέ
1427 1448 1771 1522 πρόσπεινος,
1790 1450 1882 1502 καὶ
1904 1448 2060 1520 ἦθελε

501 1540 827 1605 γεύσασθαι.
857 1537 1392 1609 Παρασκευαζόντων
1425 1539 1481 1592 δέ
1522 1539 1768 1604 ἐκείνων,
1796 1540 2062 1594 ἐπέπεσεν

497 1630 586 1682 ἐπ’
612 1629 775 1684 αὑτὸν
808 1628 1081 1695 ἔκστασις,
1122 1628 1218 1682 καὶ
1252 1629 1451 1700 θεωρεῖ
1485 1629 1578 1682 τὸν
1612 1628 1838 1700 οὐρανὸν
1890 1629 2061 1699 ἀνεῳ-

2162 531 2513 596 gnominatur
2550 526 2783 583 Petrus:
2818 527 2910 582 hic
2932 527 3408 595 iiospitaturapud
3434 528 3713 587 Simonem

2161 619 2448 688 quemdam
2481 621 2794 685 coriarium,
2829 618 2987 691 cujus
3013 626 3096 672 est
3135 619 3329 673 domus
3354 618 3509 689 juxta
3542 637 3723 679 mare:

2164 713 2251 765 hic
2284 712 2427 766 dicet
2470 711 2591 777 tibi,
2635 712 2764 782 quid
2801 720 2854 767 te
2895 717 3142 781 oporteat
3219 710 3417 767 facere.
3479 713 3546 769 Et
3595 729 3721 770 cum

2162 803 2502 858 discessisset
2548 806 2775 875 angelus
2838 805 2928 874 qui
2976 802 3300 871 loquebatur
3364 805 3463 870 illi,
3517 808 3726 861 vocavit

2161 893 2301 949 duos
2322 896 2653 949 domesticos
2683 910 2833 960 suos,
2861 903 2916 949 et
2969 895 3195 949 militem
3230 903 3564 950 metuentem
3625 898 3726 954 do-

2163 986 2396 1049 minum,
2449 1003 2512 1041 ex
2580 988 2667 1041 bis
2723 989 2818 1057 qui
2868 988 2943 1040 illi
2997 987 3281 1056 parebant.
3343 986 3553 1053 Quibus
3602 1005 3725 1044 cum

2162 1085 2442 1131 narrasset
2503 1080 2704 1143 omnia,
2767 1078 2917 1133 misit
2958 1078 3081 1132 illos
3126 1078 3178 1130 in
3233 1075 3463 1147 Joppen.
3500 1079 3724 1134 Postera

2162 1178 2339 1221 autem
2365 1168 2474 1232 die,
2516 1168 2619 1222 iter
2647 1169 2751 1222 illis
2786 1169 3113 1223 facientibus
3151 1176 3203 1222 et
3231 1171 3723 1241 appropinquanti-

2162 1258 2266 1313 bus
2292 1260 2518 1327 civitati,
2570 1261 2815 1314 ascendit
2867 1261 3063 1316 Petrus
3099 1261 3153 1315 in
3189 1262 3491 1331 superiora,
3512 1273 3565 1329 ut
3600 1278 3729 1318 ora-

2164 1359 2245 1403 ret
2276 1350 2423 1403 circa
2455 1350 2642 1404 horam
2676 1360 2906 1408 sextam.
2974 1354 3039 1407 Et
3086 1370 3209 1408 cum
3273 1358 3526 1422 esuriret,
3558 1357 3728 1415 voluit

2160 1443 2404 1502 gustare.
2441 1435 2767 1492 Parantibus
2791 1449 2970 1495 autem
3006 1442 3132 1509 illis,
3161 1445 3359 1499 cecidit
3408 1462 3572 1517 super
3600 1464 3724 1504 eum

2165 1526 2367 1581 mentis
2414 1543 2675 1582 excessus
2734 1546 2747 1582 :
2794 1539 2848 1584 et
2889 1532 3241 1587 viditcceium
3267 1544 3535 1607 apertum,
3566 1547 3620 1594 et
3638 1538 3731 1594 dc-

2163 1613 2429 1669 scendens
2482 1631 2575 1669 vas
2626 1618 2920 1685 quoddam,
2979 1621 3124 1679 velut
3171 1622 3399 1678 linteum
3444 1640 3725 1695 magnum,

496 1719 716 1788 γμένον,
752 1723 847 1773 καὶ
880 1720 1178 1790 τέσσαρσιν
1209 1721 1407 1789 ἀρχαῖς
1449 1719 1734 1790 δεδεμένον
1781 1720 1972 1782 σκεῦός
2008 1738 2060 1774 τι

2163 1711 2403 1770 quatuor
2440 1704 2612 1790 initiis
2661 1707 2908 1762 submitti
2939 1708 3007 1762 de
3066 1711 3207 1765 cmlo
3275 1712 3329 1766 in
3396 1722 3621 1770 terram.
3666 1717 3723 1771 in

494 1810 568 1874 ὡς
601 1810 793 1882 ὀθόνην
825 1811 1086 1882 μεγάλην,
1120 1808 1448 1863 καταϐαῖνον
1489 1810 1583 1864 καὶ
1613 1809 1939 1881 καθιέμενον
1968 1811 2059 1865 ἐπὶ

495 1899 595 1967 τῆς
634 1899 760 1966 γῆς,
822 1901 881 1950 ἐν
928 1893 973 1963 ᾧ
1022 1897 1234 1967 ὑπῆρχε
1286 1897 1467 1951 πάντα
1509 1896 1578 1950 τά
1624 1898 1929 1970 τετράποδα
1960 1899 2061 1969 τῆς

495 1989 619 2055 γῆς,
654 1988 749 2041 καὶ
780 1986 851 2040 τὰ
878 1986 1063 2059 θηρία,
1100 1988 1195 2041 καὶ
1221 1986 1289 2042 τὰ
1329 1988 1555 2057 ἑρπετὰ,
1595 1988 1691 2042 καὶ
1721 1988 1789 2044 τά
1840 1988 2060 2042 πετεινὰ

494 2077 590 2130 τοῦ
617 2076 868 2148 ούρανοῦ.
912 2079 1021 2131 Καὶ
1053 2077 1269 2145 ἐγένετο
1300 2077 1451 2148 φωνὴ
1484 2079 1622 2148 πρὸς
1656 2078 1818 2133 αὐτόν
1844 2092 1860 2109 ⁸
1900 2080 2056 2133 Ἀνα-

497 2168 649 2234 στὰς,
680 2169 876 2242 Πέτρε,
918 2168 1102 2233 θῦσον,
1149 2169 1244 2223 καὶ
1273 2171 1432 2239 φάγε.
1472 2172 1531 2224 '0
1562 2170 1618 2225 δὲ
1655 2172 1860 2242 Πέτρος
1897 2167 2017 2227 εἷπε
2040 2191 2054 2206 ·

496 2257 798 2328 Μηδαμῶς,
840 2259 1033 2331 Κύριε,
1063 2261 1145 2313 ὅτι
1170 2260 1422 2314 οὐδέποτε
1452 2261 1655 2332 ἔφαγον
1683 2264 1791 2318 πᾶν
1820 2263 2056 2336 κοινδνῆ

498 2348 829 2419 ἀκάθαρτον.
865 2350 975 2402 Καὶ
1003 2349 1155 2419 φωνὴ
1184 2351 1346 2405 πάλιν
1387 2352 1451 2404 ἐκ
1492 2351 1748 2423 δευτέρου
1784 2353 1925 2423 πρὸς
1964 2354 2061 2407 αύ-

494 2437 615 2491 τόν’
655 2440 722 2491 Ἃ
769 2440 798 2492 6
853 2437 984 2501 Θεὸς
1031 2438 1292 2509 ἐκάθηρε,
1328 2441 1393 2492 σὺ
1439 2440 1516 2513 μὴ
1556 2441 1757 2495 κοίνου.
1790 2442 1965 2495 Τοῦτο
2004 2443 2061 2497 δὲ

496 2528 712 2597 ἐγένετο
736 2528 828 2580 ἐπὶ
864 2529 1007 2599 τρὶς,
1045 2529 1140 2583 καὶ
1170 2529 1333 2583 πάλιν
1361 2530 1637 2601 ἀνελήφθη
1668 2531 1730 2584 16
1760 2530 1950 2595 σκεῦος
1982 2534 2061 2597 είς

497 2619 589 2671 τὸν
618 2619 870 2690 οὐρανόν.
906 2620 995 2682 Ὠς
1039 2619 1096 2673 δέ
1124 2621 1182 2672 ἐν
1206 2620 1381 2691 ἐαυτῷ
1406 2620 1654 2693 διηπόρει
1687 2623 1715 2674 6
1747 2623 1973 2693 Πέτρος,
2008 2625 2061 2677 τί

498 2708 565 2760 ἂν
587 2709 671 2778 εἴη
701 2708 763 2762 16
790 2710 995 2780 ὅραμα,
1017 2708 1046 2762 ὃ
1076 2707 1204 2772 εἶδε,
1251 2711 1344 2763 καὶ
1395 2710 1503 2764 ἰδοὺ
1532 2713 1580 2764 οἱ
1625 2712 1817 2782 ἄνδρες
1848 2714 1897 2766 οι
1925 2715 2061 2768 ἀπε-

500 2798 791 2867 σταλμένοι
856 2799 1006 2871 παρὰ
1070 2800 1376 2870 Κορνηλίου
1409 2840 1423 2863 ,
1465 2801 1897 2873 διερωτήσαντες
1961 2804 2063 2877 τὴν

497 2887 675 2939 οίκίαν
703 2885 796 2938 τοῦ
831 2888 1095 2956 Σίμωνος,
1123 2889 1430 2959 ἐπέστησαν
1455 2889 1550 2942 ἐπὶ
1576 2890 1666 2943 τὸν
1687 2889 1938 2946 πυλῶνα·
1967 2893 2063 2947 καὶ

499 2976 871 3045 φωνήσαντες,
896 2975 1280 3041 ἐπυνθάνοντο,
1307 2978 1355 3029 ei
1378 2976 1559 3046 Σίμων
1582 2980 1609 3030 6
1635 2978 2062 3048 ἐπικαλούμενος

2161 1807 2270 1861 quo
2319 1804 2475 1848 erant
2506 1782 2686 1849 omnia
2723 1797 3094 1867 quadrupedia
3141 1808 3195 1853 et
3251 1806 3522 1871 serpentia
3545 1815 3723 1869 terrae.

2160 1890 2214 1936 et
2247 1884 2486 1938 volatilia
2521 1886 2668 1940 cwli.
2705 1884 2770 1938 Et
2827 1886 2968 1941 facta
2991 1897 3075 1943 est
3100 1906 3203 1945 vox
3242 1893 3308 1947 ad
3341 1910 3463 1948 eum
3494 1896 3723 1969 :Surge,

2158 1970 2334 2031 Petre.
2368 1976 2557 2030 occide
2588 1986 2641 2030 et
2673 1977 2961 2033 manduca.
2994 1979 3082 2033 Ait
3110 1990 3292 2037 autem
3332 1983 3527 2042 Petrus
3559 2003 3574 2039 :
3616 1990 3726 2044 Ab-

2158 2062 2252 2126 sit,
2320 2063 2569 2131 Domine,
2644 2068 2774 2134 quia
2834 2082 3115 2138 nunquam
3171 2071 3495 2131 manducavi
3563 2090 3727 2131 omne

2159 2169 2453 2211 commune
2484 2164 2539 2210 et
2576 2157 2935 2212 immundum.
2970 2159 3036 2214 Et
3070 2175 3173 2215 vox
3221 2164 3417 2219 iterum
3485 2167 3727 2223 secundo

2160 2249 2226 2302 ad
2258 2264 2384 2302 eum
2419 2265 2432 2302 :
2461 2248 2616 2314 Quod
2646 2248 2787 2303 Deus
2821 2247 3151 2318 puriﬁcavit,
3216 2259 3272 2307 tu
3316 2268 3609 2310 commune
3655 2274 3725 2312 ne

2159 2340 2383 2395 dixeris.
2418 2339 2532 2394 iioc
2555 2350 2737 2395 autem
2799 2339 3000 2393 factum
3033 2350 3115 2395 est
3142 2356 3239 2411 per
3262 2350 3345 2396 ter
3376 2359 3391 2397 :
3447 2352 3500 2397 et
3537 2347 3723 2402 szatitn

2160 2442 2436 2499 receptum
2498 2442 2581 2485 est
2624 2446 2718 2486 vas
2770 2428 2824 2487 in
2869 2429 3087 2489 omium=
3121 2429 3185 2489 Et
3215 2432 3510 2500 dumjntra
3532 2451 3590 2491 se
3619 2438 3726 2492 iue-

2161 2526 2350 2579 sitaret
2393 2522 2887 2593 Petrus,quidnam
2917 2537 3063 2584 esset
3091 2529 3248 2593 visio,
3287 2512 3446 2601 quam
3483 2533 3722 2599 vidisset,

2161 2632 2288 2672 ecce
2317 2615 2417 2669 viri
2445 2615 2537 2686 qui
2579 2617 2731 2673 missi
2775 2627 2932 2672 erant
2972 2633 3002 2672 a
3057 2618 3329 2688 Cornelio,
3387 2624 3726 2694 inquirentcs

2162 2708 2383 2761 domum
2420 2706 2682 2773 Simonis,
2715 2709 3004 2764 astiterunt
3066 2712 3133 2767 ad
3179 2712 3427 2783 januam.
3470 2714 3538 2770 Et
3600 2732 3723 2772 cum

2162 2805 2475 2860 vocassent,
2509 2798 2944 2870 interrogabant,
2983 2801 3026 2854 si
3077 2802 3265 2857 Simon
3318 2806 3412 2875 qui
3442 2811 3725 2878 cognomi-

2165 2896 2327 2943 natur
2370 2887 2587 2949 Petrus.
2650 2889 2762 2958 illic
2811 2890 3035 2945 haberet
3078 2892 3395 2962 hospitium.
3432 2895 3596 2955 Petro
3627 2915 3724 2954 au-

2164 2989 2271 3034 tem
2335 2980 2613 3049 ‘cogitante
2684 2980 2752 3034 de
2817 2980 3046 3046 visione,
3106 2984 3240 3038 dixit
3313 2984 3553 3057 Spiritus
3605 2991 3655 3044 ei
3707 3010 3723 3046 :

501 3067 708 3137 Πέτρος
738 3066 923 3121 ἐνθάδε
961 3065 1246 3131 ξενίζεται.
1277 3068 1383 3120 Τοῦ
1415 3069 1472 3120 δὲ
1505 3069 1711 3135 Πέτρου
1746 3069 2061 3141 διενθυμου-

2164 3070 2303 3126 Ecce
2352 3071 2455 3125 viri
2518 3079 2630 3125 tres
2691 3081 2941 3140 quatrunt
3005 3081 3077 3128 te.
3125 3074 3298 3144 Surge
3364 3079 3575 3149 itaque,
3636 3082 3730 3138 de—

505 3157 667 3228 μένου
698 3159 832 3228 περὶ
859 3159 953 3211 τοῦ
985 3159 1284 3228 ὁράματος,
1314 3154 1467 3210 εἶπεν
1502 3158 1651 3228 αὐτῷ
1696 3159 1758 3212 16
1804 3160 2059 3229 Πνεῦμα*

510 3248 643 3301 Ἰδοὺ
672 3249 864 3318 ἄνδρες
887 3248 1036 3317 τρεῖς
1075 3245 1300 3317 ζητοῦσι
1332 3263 1391 3300 σε
1415 3263 1430 3277 ·
1458 3248 1593 3301 ἀλλά
1625 3249 1865 3310 ἀναστὰς
1896 3249 2062 3302 κατά-

497 3336 629 3407 σηθι
662 3339 757 3390 καὶ
783 3337 1019 3406 πορεύου
1054 3336 1153 3390 σὺν
1188 3338 1395 3402 αὐτοῖς,
1434 3337 1603 3409 μηδὲν
1626 3337 2058 3408 διακρινόμενος,

496 3427 632 3481 διότι
662 3427 770 3496 ἐγὼ
800 3428 1120 3482 ἀπέσταλκα
1144 3427 1362 3491 αὐτούς.

1081 3518 1462 3573 EPMHNEIA.

536 3605 541 3609 ’
572 3596 880 3672 Οὗτοςόὒκ
933 3607 1078 3662 ἐστιν
1109 3610 1383 3673 Ἰουδαῖος,
1418 3609 1536 3663 οὐδὲ
1580 3609 1689 3664 τῶν
1723 3610 1830 3663 ύπδ
1876 3611 2059 3680 νόμον,

501 3697 616 3750 ἀλλ’
650 3698 751 3768 ήδη
777 3698 1098 3768 προειλήφει
1120 3698 1214 3769 τὴν
1235 3699 1511 3770 ἡμετέραν
1539 3699 1836 3755 πολιτείαν.
1860 3698 2061 3753 Τοῦτον

503 3787 625 3842 ἰδὼν
655 3789 685 3841 6
732 3787 830 3857 τῆς
877 3787 1135 3858 ἀληθείας
1159 3786 1206 3819 ⁸⁸
1234 3787 1536 3859 ὀφθαλμὸς,
1578 3790 1661 3843 ὅτι
1692 3789 1834 3842 καλά
1873 3791 1971 3859 μὲν
1993 3790 2064 3841 τὰ

501 3879 655 3949 ἔργα,
688 3880 858 3950 νεκρά
894 3879 951 3932 δέ
982 3881 1120 3943 ἐστι,
1151 3878 1333 3931 πίστιν
1365 3879 1465 3932 ούκ
1501 3877 1713 3949 ἔχοντα,
1746 3878 2061 3933 ἀποστέλλει

504 3968 837 4039 βραϐεύοντα
854 3969 901 4002 ⁸⁸
927 3970 1037 4031 τοῖς
1056 3968 1238 4039 ἔργοις
1263 3968 1517 4036 ἄγγελον,
1534 3970 1609 4033 ὡς
1635 3970 1816 4034 καλῶς
1842 3970 2063 4025 ἀθλοῦν⁴

501 4077 567 4113 τα
604 4058 950 4127 στεφανῶσαι
984 4059 1048 4128 τῇ
1091 4055 1298 4109 πίστει.
1331 4055 1504 4109 T0610
1538 4055 1596 4109 δὲ
1645 4059 1809 4123 ποιεῖ,
1861 4057 1953 4112 καὶ
1983 4061 2064 4121 είς

501 4146 1136 4220 πληροφορίανηηέτρου,
1172 4147 1373 4218 μᾶλλον
1411 4147 1467 4201 δὲ
1499 4148 1607 4201 τῶν
1640 4148 2057 4220 ἀσθενεστέρων.

515 4239 759 4308 Ἐννάτῃ
779 4239 836 4293 δέ
862 4238 1003 4307 ὥρᾳ,
1029 4239 1115 4292 ὅτε
1141 4237 1437 4308 φροντίδων
1458 4238 1648 4309 ἠφίετο
1669 4238 1761 4292 καὶ
1784 4239 1842 4291 ἐν
1863 4239 2064 4310 ἡσυχίᾳ

501 4326 568 4401 ἦν
599 4332 692 4384 καὶ
722 4330 887 4401 πολλῇ
922 4329 1234 4394 κατανύξει.
1270 4328 1368 4383 Διά
1404 4328 1562 4383 τοῦτο
1588 4330 1645 4384 δὲ
1674 4333 1820 4383 ποιεῖ
1846 4330 1938 4384 καὶ
1970 4331 2062 4384 τὸν

2165 3159 2365 3214 scende
2393 3167 2448 3215 et
2467 3158 2601 3227 vade
2633 3174 2754 3214 cum
2784 3160 2885 3226 eis,
2918 3161 3052 3216 nibii
3104 3163 3389 3233 dubitans,
3440 3169 3570 3237 quia
3626 3185 3728 3243 ego

2164 3248 2285 3303 misi
2316 3249 2460 3305 illos.
2552 3246 2557 3254 ’

2668 3512 3230 3578 COMMENTARIUS.

2234 3602 2527 3660 Cornelius
2559 3619 2668 3659 non
2728 3616 2845 3659 erat
2887 3605 3129 3673 Judaeus,
3165 3628 3341 3684 neque
3356 3614 3607 3677 Mosaicae
3625 3622 3726 3679 ob-

2163 3694 2363 3748 noxius
2405 3694 2507 3764 legi
2548 3702 2842 3750 :nostrum
2892 3705 3074 3753 tamen
3115 3702 3331 3758 vivendi
3367 3709 3590 3766 modum
3610 3714 3723 3782 jam

2165 3778 2556 3852 assuinpscrat.
2586 3780 2742 3850 Eum,
2770 3801 2894 3840 cum
2925 3787 3355 3859 benignissimus
3402 3796 3495 3854 Dei
3529 3778 3724 3858 oculus

2165 3874 2393 3938 videret,
2427 3874 2897 3945 haberequidem
2958 3878 3103 3933 bona
3167 3895 3333 3952 opera
3370 3923 3387 3950 ,
3417 3902 3482 3943 ea
3544 3898 3722 3947 tamen

2163 3972 2387 4034 propter
2440 3966 2739 4053 carentiam
2764 3965 2929 4033 ﬁdei,
2964 3974 3415 4039 mortua;mittit
3472 3981 3723 4053 angelum

2165 4057 2325 4112 bonis
2356 4055 2611 4127 operibus
2646 4052 2954 4128 praesidem,
2996 4061 3086 4130 qui
3132 4078 3258 4119 eum
3308 4067 3565 4134 praeclare
3608 4087 3728 4129 cer-

2165 4155 2370 4202 tantem
2408 4155 2698 4203 coronaret
2742 4149 2844 4205 ﬁde
2881 4165 2895 4203 :
2928 4151 3072 4221 quod
3104 4161 3160 4208 et
3210 4154 3341 4212 fecit
3379 4158 3447 4213 ad
3508 4161 3722 4230 plenam

2164 4236 2334 4303 Petri,
2369 4253 2466 4293 seu
2504 4239 2688 4309 potius
2720 4239 3077 4297 inilrmiorum
3113 4245 3548 4305 instructionem.
3574 4251 3725 4307 Hora

2166 4342 2298 4384 vero
2344 4345 2509 4396 nona,
2549 4345 2674 4385 cum
2733 4331 2943 4386 scilicet
2981 4332 3090 4400 ille,
3131 4334 3374 4393 dimissis
3433 4341 3618 4406 curis,
3669 4344 3724 4399 in

503 4398 667 4488 ἀνδρα
697 4398 973 4494 γνώριμον
999 4423 1090 4476 καὶ
1114 4421 1274 4491 δῆλον
1299 4424 1328 4476 6
1358 4423 1727 4491 συγγραφεὺς,
1760 4421 1845 4476 ἵνα
1878 4422 1952 4492 μή
1979 4438 2061 4485 τις

2170 4418 2339 4474 multa
2373 4418 2532 4491 245
2569 4419 2985 4490 compnnctione
3014 4398 3354 4493 quiescebat.
3371 4398 3725 4505 ideircovero

505 4513 654 4582 εῐπη,
683 4512 762 4564 ὅτι
785 4512 1074 4581 ψεύδεται·
1097 4512 1176 4565 διὸ
1198 4513 1293 4565 καὶ
1318 4512 1418 4582 τὴν
1437 4511 1592 4576 ἀξίαν
1614 4510 1899 4583 ἐδήλωσεν,
1933 4529 1953 4562 ε
1974 4510 2067 4563 Ἐκ

504 4604 757 4672 σπείρης,
785 4601 977 4667 εἰπὼν,
1019 4602 1366 4674 καλουμένης
1394 4602 1685 4673 Ἰταλικῆς.
1721 4621 1739 4654 ι
1774 4604 1979 4673 Σπεϊρα
2010 4599 2068 4654 δέ

502 4695 649 4746 ἐστιν
678 4691 707 4745 6
736 4684 1008 4762 καλοῦμεν
1042 4691 1136 4746 νῦν
1157 4693 1461 4764 Νούμερον.
1492 4711 1511 4745 ι
1538 4693 2067 4765 Παρασκευαζόντων

501 4785 578 4839 δέ.
609 4804 628 4837 ι
680 4785 745 4840 Ἦ
797 4784 1055 4849 ἔκστασις
1107 4785 1277 4855 δηλοῖ,
1333 4786 1428 4840 καὶ
1465 4787 1564 4855 τὴν
1612 4786 1703 4840 ἐπὶ
1758 4783 2067 4857 θαυμασμῷ

508 4875 788 4944 ἔκπληξιν,
833 4861 931 4929 καῖ’
971 4876 1031 4930 16
1061 4875 1165 4941 ἔξω
1197 4876 1303 4929 τῶν
1333 4877 1606 4946 αἰσθητῶν
1644 4876 1939 4951 [γενέσθαι]
1973 4879 2068 4931 ἐπὶ

509 4962 576 5014 τὰ
611 4964 956 5034 πνευματικά
999 4964 1404 5034 ποδηγούμενον
1420 4964 1490 5018 ".
1530 4965 1625 5017 Ἐκ
1673 4963 1862 5017 τούτου
1889 4964 2066 5035 δῆλον,

507 5049 587 5100 ὅτι
620 5051 1004 5120 πνευματικῶς
1047 5053 1249 5106 ὡσανεὶ
1300 5053 1524 5121 γέγονεν
1581 5054 1614 5122 ή
1649 5052 1846 5124 θεωρία
1896 5052 2065 5124 αὐτῷ.

507 5137 614 5189 T06
651 5137 922 5209 σώματος,
952 5141 1099 5194 ῶσάν
1140 5145 1284 5197 εῐποι
1322 5160 1430 5207 τις,
1462 5142 1655 5214 ἐξέστη
1689 5145 1723 5214 ἠ
1769 5145 1934 5216 ψυχὴ,
1972 5144 2067 5197 καὶ

504 5225 705 5297 θεωρεῖ
733 5229 999 5297 σύμθολον
1024 5232 1123 5302 τῆς
1162 5234 1491 5304 οἰκουμένης
1523 5236 1705 5306 πάσης
1737 5237 2058 5305 ἀκρότατον,

509 5317 606 5384 τὴν
636 5318 826 5383 ὀθόνην
853 5320 1087 5389 ἐκείνην.
1118 5325 1183 5376 Δί
1214 5324 1484 5393 τέσσαρες
1512 5325 1679 5395 ἀρχαὶ
1720 5326 1789 5377 τά
1820 5326 2064 5397 τέσσαρα

508 5414 749 5480 στοιχεῖα
773 5411 989 5479 δηλοῦσι
1011 5430 1024 5442 ·
1049 5412 1108 5465 τὸ
1131 5414 1186 5465 δέ
1208 5413 1374 5481 φανὲν
1393 5414 1586 5480 σκεῦος
1619 5415 1711 5468 τὸν
1763 5417 2065 5486 παχύτερον

2165 4518 2353 4565 notum
2385 4511 2656 4566 hominem
2686 4511 2833 4566 illum
2859 4513 2987 4568 facit
3024 4529 3181 4570 sacer
3206 4508 3459 4589 scriptor,
3492 4538 3562 4578 ne
3603 4526 3726 4595 quis

2165 4599 2341 4669 ipsum
2368 4600 2585 4653 mentiri
2606 4607 2841 4669 putaret.
2885 4600 3017 4658 inde
3039 4604 3203 4659 etiam
3245 4606 3389 4664 illius
3407 4609 3724 4681 dignitatem

2164 4688 2497 4755 manifestat,
2533 4688 2746 4755 dicens,
2782 4692 2927 4759 quod
2954 4703 3098 4749 esset
3133 4712 3152 4745 ι
3187 4695 3452 4754 Centurio
3483 4701 3726 4758 cohortis

2165 4795 2285 4849 quae
2300 4780 2499 4837 dicitur
2530 4781 2737 4838 Italica.
2774 4800 2793 4834 ι
2828 4783 3035 4841 Cohors
3058 4794 3237 4842 autem
3266 4798 3373 4857 est,
3399 4803 3559 4864 quam
3581 4809 3726 4850 nunc

2162 4869 2461 4926 Numerum
2491 4887 2772 4928 vocamus.
2815 4891 2833 4923 ι
2869 4874 3193 4945 Parantibus
3239 4891 3440 4936 autem.
3479 4901 3496 4933 ι
3532 4882 3727 4939 Mentis

2166 4977 2446 5027 excessus,
2477 4978 2574 5019 seu
2602 4964 2807 5021 extasis
2839 4964 3107 5035 significat
3137 4976 3250 5023 tum
3301 4950 3580 5041 stuporem
3630 4974 3725 5041 qui

2164 5068 2227 5109 ex
2255 5053 2614 5111 admiratione
2646 5056 2927 5127 contingit,
2957 5066 3067 5113 tum
3099 5069 3314 5135 raptum
3358 5069 3510 5117 extra
3541 5044 3726 5118 se'nsi-

2165 5143 2295 5198 bilia
2330 5153 2384 5199 et
2420 5144 2488 5199 ad
2525 5145 2831 5215 spirituaiia
2864 5149 3304 5206 translationem.
3332 5150 3405 5204 Ex
3454 5166 3564 5220 quo
3596 5166 3724 5223 per-

2167 5236 2417 5305 spicuum
2446 5235 2529 5301 ﬁt,
2576 5238 2914 5308 spiritualem
2969 5240 3044 5296 illi
3089 5241 3382 5310 contigisse
3438 5240 3724 5307 visionem,

2170 5333 2331 5398 atque
2362 5327 2497 5382 adeo
2530 5328 2763 5383 animam
2803 5330 2922 5401 ejus
2975 5330 3374 5398 quodammodo
3428 5345 3459 5386 e
3496 5344 3727 5402 corpore

2172 5419 2491 5475 excessisse.
2527 5438 2546 5471 ι
2578 5419 2638 5476 Et
2660 5422 2813 5478 vidit.
2848 5441 2867 5475 ι
2893 5421 3145 5478 Linteum
3205 5420 3336 5476 illud
3399 5423 3568 5481 totius
3609 5424 3729 5479 uni-

1684 5574 1881 5636 νει-ξω
1917 5573 2217 5636 lectiones
2260 5583 2321 5637 et
2365 5584 2556 5638 noue.

578 5692 626 5727 ⁸⁸
647 5691 925 5767 εὐηθείας.
1002 5692 1048 5726 ⁸⁸
1082 5691 1473 5764 βραϐεύσοντα.
1549 5699 1595 5731 ⁸⁷
1632 5698 2014 5770 ὁδηγούμενον.
