4058 6210
358 275 465 345 943

1204 271 1777 333 THEOPHYLACTI
1812 270 2223 332 BULGARI/E
2258 270 2613 331 ARCIIIEP.

3487 261 3589 327 944

358 379 505 437 versi
539 378 842 449 symbolam
870 377 1108 431 videtur.
1166 375 1417 442 Quatuor
1449 377 1571 446 ejus
1617 376 1771 431 initia
1795 391 1928 447 qua-

2043 378 2181 448 Ξηλοῖ
2211 378 2352 447 βίον·
2391 379 2457 431 τὰ
2490 377 2543 429 δὲ
2577 376 2808 445 διάφορα
2839 373 2977 441 ζῶα,
3017 374 3116 445 τῆς
3148 372 3256 428 τῶν
3289 371 3592 441 ἀνθρώπων

360 482 486 527 tuor
531 472 799 527 elementa
864 465 1194 536 signiﬁcant.
1227 465 1334 521 Vas
1381 467 1706 522 crassiorem
1763 468 1925 521 vitam

360 557 781 619 deuotat.Varia
825 555 1043 611 demum
1089 555 1343 610 animalia
1404 558 1584 615 varias
1645 560 1924 613 hominum

361 653 719 712 conditiones,
783 647 1074 717 variosque
1126 656 1299 702 status
1354 658 1765 720 repraesentant.
1809 648 1926 714 Vel,

361 755 420 800 ut
466 742 669 798 clarius
707 739 885 793 dicam
914 778 929 803 ,
981 737 1206 792 linteum
1263 750 1347 795 est
1390 740 1635 795 Ecclesia
1687 756 1700 793 :
1742 742 1930 796 bestia:

359 850 511 898 vero,
553 833 697 886 ineo
735 837 1024 894 contentae,
1079 838 1207 885 sunt
1271 832 1520 903 gentiles.
1570 831 1714 886 Vidit
1768 834 1930 900 igitur

360 919 559 980 Petrus
591 922 885 978 Ecclesium
930 934 1165 992 quatuor
1197 923 1508 993 Evangeliis
1550 926 1844 1001 alligatam,
1874 923 1928 977 in

364 1032 470 1086 qua
510 1024 669 1069 erant
716 1026 908 1068 ntunes
970 1013 1242 1067 nationes.
1291 1033 1309 1065 ι
1344 1014 1408 1068 Et
1450 1014 1589 1068 facta
1631 1025 1859 1069 estvox.
1908 1031 1926 1064 ι

362 1105 620 1160 Fortasse
668 1104 863 1158 Petrus
914 1103 1145 1173 genibus
1173 1102 1326 1158 ﬂexis
1354 1104 1565 1167 orabat,
1615 1104 1929 1159 cumvisio-

365 1213 485 1251 nem
536 1196 680 1249 illam
730 1194 951 1259 habuit;
1008 1201 1061 1248 ct
1111 1194 1317 1249 idcirco
1370 1195 1574 1250 dictum
1639 1203 1723 1250 est
1783 1196 1861 1251 illi
1913 1212 1927 1249 :

370 1305 387 1337 ι
423 1285 629 1355 Surge,
659 1284 836 1349 Petre,
875 1283 1068 1339 occide
1108 1294 1159 1339 et
1185 1287 1470 1340 manduca.
1512 1285 1926 1352 ilndicatvero,

366 1392 396 1431 a
428 1376 538 1432 Deo
552 1374 719 1430 fuisse
736 1373 998 1444 quidquid
1022 1383 1153 1428 tunc
1177 1376 1547 1445 contingebat,
1579 1390 1773 1445 nempe
1807 1392 1933 1431 sur-

367 1481 487 1521 sum
519 1465 575 1519 in
624 1463 820 1518 coelum
859 1464 1063 1529 videre,
1097 1464 1152 1518 in
1178 1480 1406 1520 excessu
1474 1464 1674 1520 mentis
1705 1482 1847 1531 esse,
1880 1475 1933 1520 et

370 1567 556 1606 vocem
588 1552 786 1607 exinde
809 1551 1032 1618 laetam,
1066 1560 1121 1607 et
1152 1562 1235 1608 ter
1293 1553 1586 1621 allirmare,
1647 1556 1791 1625 quod
1832 1556 1933 1608 im-

371 1642 575 1697 munda
623 1642 698 1696 ibi
717 1652 901 1697 essent
935 1659 949 1695 :
977 1645 1192 1697 demum
1226 1645 1355 1700 illud
1401 1660 1429 1699 e
1458 1645 1599 1700 cmlo
1627 1647 1836 1709 venire,
1878 1656 1933 1700 et

371 1732 498 1786 illuc
538 1732 746 1785 retrahi
774 1746 1034 1799 magnum
1075 1740 1196 1786 erat
1244 1735 1500 1802 puritatis
1526 1743 1931 1806 argumentum.
1969 1717 2007 1770 Β

372 1819 526 1885 Quod
569 1819 826 1874 totumin
874 1834 1062 1873 eorum
1118 1820 1408 1875 utilitatem
1456 1823 1785 1888 factumest,
1821 1825 1936 1894 qui-

372 1914 476 1969 bus
506 1919 693 1983 postea
716 1918 1039 1965 narraturus
1060 1909 1145 1964 ille
1179 1919 1298 1963 erat
1343 1927 1357 1964 :
1408 1911 1848 1981 quandoquidem
1884 1920 1937 1968 et

372 2005 490 2074 ipse
518 2001 822 2065 audiverat,
845 2017 864 2051 ι
895 1997 957 2052 ln
978 1999 1120 2053 viam
1169 1999 1406 2069 gentium
1458 2016 1523 2055 ne
1550 2000 1794 2056 abieritis
1810 2003 1877 2053 ".
1914 2021 1931 2054 ι

373 2091 529 2159 Quod
565 2105 693 2146 vero
712 2105 815 2145 vox
859 2097 944 2145 ter
976 2088 1119 2144 facta
1171 2088 1354 2154 fuerit,
1386 2089 1439 2143 id
1468 2090 1545 2145 illi
1593 2092 1939 2147 demonstra-

373 2183 466 2238 bat
500 2181 784 2236 veritatem
814 2179 1044 2234 visionis
1091 2180 1286 2250 ipsius.
1337 2180 1606 2235 Cancrum
1653 2182 1784 2237 illud
1821 2199 1937 2237 ma-

375 2273 631 2328 nifestum
650 2278 758 2337 est,
790 2269 1012 2325 Petrum
1038 2284 1147 2324 non
1179 2269 1248 2326 de
1265 2273 1522 2328 omnibus
1545 2273 1769 2327 omnino
1798 2275 1940 2328 escis

376 2361 525 2432 loqul
548 2359 810 2421 voluisse.
851 2372 975 2414 cum
1018 2360 1131 2412 ait:
1163 2375 1182 2410 ι
1207 2357 1346 2423 Quia
1394 2374 1672 2429 nunquam
1707 2360 1941 2415 mandu—

375 2455 492 2510 cavi
532 2467 693 2508 omne
721 2465 1031 2517 commune,
1054 2464 1149 2505 seu
1170 2450 1442 2520 impurum
1467 2460 1522 2506 et
1543 2452 1935 2519 immundum,»

376 2545 533 2615 quasi
565 2546 776 2601 scilicet
794 2555 852 2600 et
876 2548 1047 2601 boves
1095 2555 1149 2600 et
1178 2560 1310 2602 oves
1352 2556 1561 2603 etavcs
1606 2547 1822 2618 impura
1874 2548 1943 2604 ab

375 2637 497 2707 ipso
522 2636 835 2690 dicerentur
872 2653 886 2689 :
909 2634 1180 2706 siquidem
1206 2652 1270 2691 ex
1306 2635 1509 2693 Judaais
1530 2646 1685 2693 ortus
1701 2639 1940 2706 eratille;

376 2724 624 2781 etJuda-i
665 2740 862 2782 carnes
910 2726 1228 2794 comedunt,
1267 2742 1446 2797 neque
1489 2729 1599 2783 ullo
1633 2738 1791 2800 pacto
1841 2732 1943 2784 hoc

388 2818 498 2875 illis
527 2818 859 2888 prohibitum
898 2826 1002 2874 est.
1045 2818 1182 2874 Cum
1215 2819 1381 2888 igitur
1405 2820 1495 2877 ille
1530 2836 1744 2892 semper
1772 2836 1947 2878 come-

384 2908 547 2974 derit,
584 2910 665 2964 vel
694 2911 886 2965 saltem
908 2924 1193 2980 quousque
1224 2910 1290 2965 ad
1317 2910 1654 2968 Salvatorem
1687 2916 1945 2981 accessit,

2029 471 2150 523 ἐστὶ
2203 469 2587 530 καταστάσεως
2629 466 2919 537 σύμϐολον.
2984 465 3077 529 Ἣ,
3126 465 3213 516 ἵνα
3263 463 3594 534 σαφέστερον

2031 562 2206 626 εἴπω,
2236 561 2429 614 σιιδὼν
2461 561 2495 630 ἡ
2521 557 2817 627 Ἐκκλησία
2838 574 2852 588 ο
2883 556 2951 609 τὰ
2982 556 3038 608 δέ
3070 557 3129 608 ἐν
3164 554 3301 625 αὐτῇ
3330 554 3515 625 θηρία,
3544 555 3594 606 oi

2030 650 2091 714 ἐξ
2139 649 2333 703 ἐθνῶν.
2374 647 2669 701 Ἑθεάσατο
2715 644 2897 698 τοίνυν
2940 644 3040 713 τὴν
3082 642 3438 712 Ἐκκλησίαν,
3470 645 3595 694 τέσ-

2034 756 2229 810 σαρσιν
2262 737 2618 806 [εὐαγγελίοις
2650 736 2943 805 δεδεμένην
2966 751 2978 764 ·
3011 736 3068 788 ἐν
3173 734 3387 803 ὑπῆρχε
3417 734 3592 785 πάντα

2029 830 2098 882 τὰ
2129 828 2279 898 ἐθνη.
2315 847 2333 879 ι
2373 827 2484 880 Καὶ
2525 826 2742 894 ἐγένετο
2786 825 2961 894 φωνή.
3000 843 3018 876 ι
3058 824 3219 885 Ἴσως
3259 822 3352 875 ἐπὶ
3396 821 3595 889 γόνατα

2033 919 2283 987 κείμενος
2332 912 2441 968 εἶδε
2483 918 2581 985 τὴν
2619 915 2919 967 ὀπτασίαν·
2948 913 3032 965 διὸ
3063 913 3158 966 καὶ
3199 915 3235 981 ἡ
3279 911 3431 980 φωνὴ
3461 912 3596 981 πρὸς

2030 1008 2194 1061 αὐτόν
2218 1023 2231 1036 ·
2275 1024 2292 1057 ι
2334 1006 2618 1068 Ἀναστὰς,
2656 1005 2848 1074 Πέτρε,
2873 1003 3055 1065 θῦσον,
3086 1004 3182 1056 καὶ
3223 1005 3382 1073 φάγε.
3423 1022 3442 1054 ›
3474 1004 3595 1056 Δεί-

2032 1117 2188 1152 κνυσι
2237 1098 2315 1162 δὲ,
2349 1099 2430 1150 ὅτι
2475 1096 2617 1149 θεῖον
2649 1091 2717 1167 ἦν
2751 1097 2812 1147 τὸ
2872 1095 3155 1165 γινόμενον
3198 1095 3341 1154 τότε,
3392 1092 3597 1147 ἄνωθεν

2036 1191 2161 1243 ίδεῖν
2211 1189 2308 1241 καὶ
2333 1190 2390 1241 ἐν
2415 1188 2670 1241 ἐκστάσει
2695 1185 2967 1254 γενέσθαι,
2994 1186 3086 1237 καὶ
3107 1184 3166 1236 τὸ
3188 1184 3371 1254 φωνὴν
3391 1184 3597 1237 ἐκεῖθεν

2034 1280 2330 1350 ἐναχθῆναι
2467 1276 2823 1348 ἐνηχηθῆναι]
2844 1318 2858 1341 ,
2888 1276 2981 1329 καὶ
3009 1275 3069 1329 τὸ
3097 1278 3215 1345 τρὶς
3244 1273 3594 1344 ὁμολογῆσαι,

2033 1370 2115 1423 ὅτι
2143 1357 2429 1438 ἀκάθαρτα
2451 1364 2519 1438 ἦν
2547 1369 2690 1419 ἐκεί’
2727 1365 2819 1418 καὶ
2855 1364 2918 1417 τὸ
2955 1362 3165 1416 ἐκεῖθεν
3202 1362 3380 1431 ἥκειν,
3410 1360 3502 1412 καὶ
3538 1360 3599 1410 τὸ

2034 1462 2152 1512 ἐκεῖ
2174 1457 2612 1526 ἀνασπασθῆναι,
2634 1457 2773 1527 μέγα
2800 1456 2997 1523 δεῖγμα
3015 1452 3403 1522 καθαρότητος.
3430 1447 3599 1501 Τοῦτο

2034 1553 2090 1606 δὲ
2122 1553 2331 1621 γίνεται
2369 1551 2456 1603 διά
2484 1551 2608 1613 τούς
2641 1547 2778 1618 μετά
2829 1546 3023 1603 ταῦτα.
3064 1539 3144 1607 οἷς
3183 1543 3365 1614 μέλλει
3390 1542 3600 1609 ἐξηγεῖ-

2039 1644 2163 1697 σθαι
2185 1659 2200 1673 '
2233 1643 2355 1695 ἐπεὶ
2408 1642 2502 1694 καὶ
2532 1640 2697 1702 αὐτὸς
2725 1638 2944 1690 ἀκούει·
2984 1654 3003 1687 ι
3034 1636 3128 1699 Εἰς
3163 1634 3280 1688 ὁδὸν
3316 1632 3483 1684 ἐθνῶν
3525 1629 3601 1700 μὴ

2037 1734 2325 1805 ἀπέλθητε.
2362 1752 2380 1784 ι
2430 1732 2504 1785 Τὸ
2551 1731 2608 1784 δέ
2662 1730 2754 1782 ἐπὶ
2784 1729 2906 1798 τρὶς
2951 1728 3049 1796 τὴν
3112 1725 3298 1794 φωνὴν
3326 1720 3597 1791 γενέσθαι,

2035 1828 2307 1880 δείκνυσιν
2354 1823 2504 1893 αὐτῷ
2533 1822 2596 1876 τὸ
2640 1809 2839 1892 ἀληθὲς
2883 1819 2981 1889 τῆς
3011 1818 3295 1879 ὀπτασίας.
3327 1816 3494 1885 Δῆλον
3543 1814 3599 1865 δέ

2037 1922 2204 1985 ἐστιν,
2221 1919 2299 1972 ὅτι
2332 1916 2406 1988 μὴ
2433 1915 2574 1969 κατά
2601 1914 2819 1968 πάντων
2849 1910 3151 1984 βρωμάτων
3174 1906 3601 1976 διεξεληλυθέναι

2039 2008 2187 2077 αὐτῷ
2214 2008 2305 2062 τὸν
2332 2008 2489 2074 λόγον
2520 2001 2819 2077 [ἐϐούλετο]
2851 2003 2927 2073 τῷ
2951 2001 3151 2069 λέγειν,
3171 1999 3254 2052 ὅτι
3293 2016 3314 2051 ι
3336 1996 3601 2051 Οὐδέποτε

2040 2099 2242 2167 ἔφαγον
2298 2098 2499 2163 κοινὸν,
2540 2096 2572 2165 ἢ
2612 2095 2945 2164 ἀκάθαρτον,
2980 2110 2999 2144 ι
3032 2090 3106 2153 ὡς
3163 2090 3262 2143 καὶ
3319 2087 3467 2158 βόας,
3508 2087 3604 2139 καὶ

2042 2189 2312 2262 πρόϐατα,
2362 2190 2457 2242 καὶ
2507 2189 2678 2256 ὅρνις,
2731 2186 2887 2240 κοινά
2949 2183 3204 2253 λέγεσθαι
3261 2177 3394 2250 παρ’
3435 2177 3600 2245 αὐτῷ,

2039 2282 2131 2335 τοῦ
2155 2279 2272 2314 ⁸³⁸⁸⁸
2300 2280 2358 2346 ἐξ
2376 2278 2651 2332 Ἰουδαίων
2683 2274 2956 2349 ὁρμᾶσθαι
2988 2275 3079 2327 τὸν
3107 2273 3334 2342 Πέτρον.
3358 2270 3599 2324 Ἰουδαῖοι

2041 2370 2098 2424 δέ
2127 2372 2222 2425 καὶ
2261 2371 2471 2441 σάρκας
2497 2369 2760 2432 ἐσθίουσι,
2796 2367 2890 2421 καὶ
2911 2363 3234 2438 κρεωφαγία
3263 2360 3391 2432 παρ’
3424 2360 3607 2421 αὐτοῖς

2041 2463 2142 2516 οὐκ
2188 2462 2586 2532 ἀπηγόρευται.
2635 2459 2756 2528 Ἆρ’
2790 2456 2884 2510 οὐν
2937 2454 3102 2509 αὐτοῦ
3145 2452 3480 2524 βεϐρωκότος
3512 2453 3604 2504 ἀπ’

2044 2555 2239 2624 ἀρχῆς,
2265 2555 2298 2623 ἢ
2330 2555 2424 2606 καὶ
2459 2552 2565 2615 ἐως
2591 2550 2684 2603 τοῦ
2730 2549 3060 2618 συναντῆσαι
3111 2546 3188 2615 τῷ
3222 2544 3456 2614 Σωτῆρι,
3492 2542 3610 2605 πῶς

2044 2643 2146 2697 οὐκ
2180 2643 2296 2695 ἔστι
2325 2642 2504 2711 δῆλον,
2533 2641 2614 2692 ὅτι
2650 2641 2711 2692 οὐ
2745 2638 2885 2691 κατὰ
2929 2637 3145 2689 πάντων
3182 2635 3514 2703 ἀπεφήνατο,
3547 2630 3610 2683 τὸ

2052 2732 2230 2787 κοινὸν
2258 2733 2351 2784 καὶ
2378 2730 2708 2800 ἀκάθαρτον,
2741 2727 2875 2781 ἀλλά
2904 2727 3031 2796 περὶ
3062 2720 3137 2779 ὧν
3176 2725 3361 2792 ἔλεγεν
3387 2724 3416 2775 ό
3449 2721 3611 2791 νόμος

2048 2823 2247 2878 κοινῶν
2287 2824 2384 2877 καὶ
2424 2822 2783 2891 ἀκαθάρτωνς
2814 2819 3005 2889 Ὅμως
3040 2817 3169 2887 περὶ
3196 2815 3401 2871 τούτων
3429 2828 3610 2867 ποιου-

2051 2916 2215 2986 μένου
2260 2915 2350 2968 τδν
2402 2913 2560 2980 λόγον
2584 2912 2678 2965 τοῦ
2731 2910 2962 2980 Πέτρου,
3014 2908 3124 2961 τῶν
3180 2908 3308 2978 περὶ
3344 2905 3423 2976 τῷ
3462 2904 3612 2973 νόμῳ

379 3003 474 3070 qui
504 3001 617 3054 ﬁeri
656 3009 858 3070 potest,
907 3010 965 3055 ut
983 3001 1049 3056 de
1078 3002 1334 3056 omnibus
1358 3002 1829 3060 indiscriminatim
1867 3007 1944 3062 di-

2057 3004 2254 3059 κοινῶν
2283 3020 2343 3057 τε
2400 3003 2493 3057 καὶ
2542 3000 2888 3071 ἀκαθάρτων,
2940 3000 2968 3050 ό
2997 2996 3127 3059 Θεὸς
3161 2997 3250 3049 τὸν
3292 2993 3613 3065 χαρακτῆρα

380 3096 550 3150 ceret,
585 3090 725 3155 quod
752 3090 965 3159 impura
997 3099 1050 3144 et
1084 3090 1360 3145 immunda
1420 3102 1624 3148 essent.
1665 3092 1722 3147 ld
1784 3096 1949 3164 igitur

382 3179 475 3232 ille
511 3177 738 3246 protulit
760 3179 1134 3232 tantummodo
1154 3180 1222 3232 de
1254 3180 1322 3233 iis
1352 3196 1474 3248 quat
1520 3181 1605 3235 lex
1636 3181 1851 3251 impura
1895 3196 1950 3242 et

384 3266 662 3320 immunda
713 3281 837 3321 esse
886 3267 1217 3322 'deﬂniebat.
1267 3269 1589 3340 Quanquam
1619 3281 1799 3329 tamen
1849 3275 1951 3331 Pe-

386 3363 506 3410 trus
533 3353 749 3409 decibis
782 3353 938 3423 juxta
976 3353 1462 3422 legemimmundis
1479 3358 1813 3429 loqueretur,
1861 3365 1948 3418 ni-

388 3443 686 3499 hilominus
721 3442 864 3500 Deus
909 3451 1097 3514 typum
1127 3443 1206 3499 illi
1242 3446 1462 3503 tradens
1510 3457 1714 3505 sancta:
1752 3450 1952 3508 Christi

386 3530 665 3596 Ecclesia»,
698 3532 856 3597 dixit,
873 3548 940 3586 ne
965 3531 1259 3603 quidquam
1283 3533 1577 3605 impurum,
1599 3547 1694 3597 aut
1718 3540 1955 3596 immun-

386 3621 515 3674 dum
545 3628 856 3689 reputaret;
894 3619 1078 3675 omnia
1106 3620 1254 3675 enim
1283 3622 1384 3692 ipsi
1413 3625 1616 3681 munda
1633 3635 1783 3693 sunt,
1803 3646 1954 3701 «quae

388 3721 513 3762 cum
546 3708 845 3776 gratiarum
892 3708 1130 3775 actione,
1171 3718 1226 3766 et
1268 3711 1432 3768 laude
1480 3713 1573 3770 Dei
1638 3719 1952 3790 percipiun-

313 3811 323 3820 '
387 3807 482 3852 tur
499 3798 567 3853 ⁸¹.
592 3818 610 3851 ι
635 3798 705 3853 Αι
727 3799 937 3854 etiamsi
955 3801 1191 3870 gentium
1213 3803 1552 3860 vocationem
1571 3808 1800 3879 aenigma
1816 3812 1949 3867 illud

2054 3096 2154 3163 τῆς
2213 3093 2374 3162 ἀγίας
2439 3092 2535 3146 τοῦ
2596 3090 2833 3161 Χριστοῦ
2901 3087 3232 3157 Ἐκκλησίας
3292 3083 3614 3154 παραδιδοὺς

2054 3184 2241 3251 ἔλεγεν
2284 3181 2453 3252 αὐτῷ,
2520 3182 2683 3251 μηδὲν
2733 3178 2908 3233 κοινδν
2965 3174 3237 3248 ἡγεῖσθαι.
3295 3172 3476 3226 Πάντα
3504 3169 3615 3240 γὰρ

2053 3273 2201 3342 αὐτῷ
2262 3275 2379 3326 ἐστι
2426 3272 2664 3341 καθαρὰ,
2725 3288 2744 3323 ι
2788 3270 2908 3340 μετ’
2962 3265 3309 3338 εὐχαριστίας
3358 3263 3451 3317 καὶ
3514 3262 3614 3331 τῆς

2054 3362 2303 3432 εὐλογίας
2355 3361 2490 3416 Θεοῦ
2542 3360 2949 3431 λαμϐανόμενα.
2981 3376 3000 3410 ›
3047 3356 3191 3409 Ἀλλ’
3241 3357 3290 3409 εί
3343 3355 3437 3408 καὶ
3486 3352 3616 3423 περὶ

2052 3456 2297 3526 κλήσεως
2353 3454 2462 3508 τῶν
2512 3453 2679 3507 ἐθνῶν
2725 3451 2787 3505 τὸ
2831 3451 3100 3521 αἴνιγμα,
3167 3448 3254 3501 ἵνα
3322 3446 3396 3517 μὴ
3434 3486 3445 3493 ι
3479 3446 3615 3515 ἡγή-

2054 3561 2217 3616 σηται
2245 3546 2372 3608 τοὺς
2411 3544 2470 3597 ἐν
2511 3542 2850 3612 ἀκροϐυστίᾳ
2891 3540 3126 3602 κοινοὺς,
3163 3538 3198 3608 ἢ
3249 3535 3613 3606 ἀκαθάρτους,

2051 3637 2202 3707 ὅμως
2228 3637 2257 3688 ὁ
2308 3635 2465 3703 λόγος
2494 3634 2587 3688 τοῦ
2624 3632 2852 3703 Πέτρου,
2889 3631 2950 3686 οὐ
3004 3629 3135 3700 περὶ
3164 3626 3468 3699 ἀνθρώπων
3498 3621 3615 3694 εἶχε

2056 3729 2154 3800 τὴν
2195 3726 2454 3797 ἔμφασιν,
2480 3724 2616 3781 ἀλλὰ
2644 3724 2753 3779 τῶν
2781 3725 2840 3777 ἐν
2875 3723 2953 3794 τῷ
2978 3721 3126 3793 νόμῳ
3155 3716 3617 3791 ἀπηγορευμένων

2057 3818 2133 3881 ὡς
2157 3818 2447 3872 δέδεικται.

387 3894 657 3960 innueret,
690 3909 756 3948 ne
778 3894 989 3949 scilicet
1010 3892 1203 3951 Petrus
1229 3894 1392 3968 246
1429 3898 1677 3959 homines
1705 3920 1811 3960 non
1842 3908 2201 3969 circumcisos
2249 3930 2269 3964 ι
2294 3912 2538 3982 impuros
2584 3918 2639 3966 et
2690 3908 3000 3965 immundos
3023 3926 3042 3959 ι
3087 3912 3323 3978 putaret,
3381 3906 3620 3958 attamen

388 3985 507 4056 ejus
532 4000 715 4042 sermo
751 4000 858 4039 non
894 3983 960 4040 de
985 3985 1319 4054 hominibus,
1349 3988 1443 4043 88d
1480 3989 1547 4045 de
1563 3992 1700 4049 cibis
1747 3996 1801 4050 in
1827 3997 1942 4070 lege
1977 4002 2158 4060 velitis
2178 4016 2321 4068 erat.
2341 4013 2402 4060 ιιι
2429 4016 2712 4060 οειθιιειιηι
2734 4011 2846 4057 εει,

710 4073 864 4132 Feria
918 4075 1329 4133 3hebdomadze
1376 4090 1603 4149 quartae.

1006 4162 1305 4222 TEXTUS.

455 4259 1284 4331 X,2l-35.Descendensjautem
1305 4260 1501 4319 Petrus
1517 4265 1582 4319 ad
1600 4267 1767 4335 viros,
1784 4269 1948 4326 dixit:

388 4353 531 4408 Ecce
544 4368 645 4424 ego
679 4366 800 4409 sum
820 4365 979 4421 quem
1014 4352 1257 4421 quaeritis
1276 4368 1291 4406 :
1311 4370 1432 4425 quae
1448 4370 1614 4414 causa
1631 4369 1716 4414 est
1734 4372 1953 4431 propter

390 4458 555 4515 quam
569 4442 840 4500 venistis?
871 4441 977 4507 Qui
1000 4442 1257 4498 dixerunt
1288 4461 1301 4498 :
1341 4444 1628 4505 Cornelius
1681 4456 1951 4522 centurio,

392 4535 676 4603 virjustus
702 4541 757 4588 et
784 4535 987 4588 timens
1016 4531 1207 4600 Deum,
1254 4536 1627 4594 testimonium
1656 4540 1864 4600 habens
1886 4548 1956 4602 ab

392 4626 649 4681 universa
677 4632 837 4695 gente
864 4624 1198 4690 Judaeorum,
1258 4641 1583 4698 responsum
1638 4637 1850 4706 accepit
1891 4640 1960 4693 ab

396 4715 590 4784 angelo
621 4722 832 4779 sancto,
852 4715 1124 4770 accersire
1145 4723 1197 4772 te
1221 4715 1278 4772 in
1310 4720 1533 4776 domum
1558 4740 1739 4791 suam,
1775 4737 1831 4783 et
1865 4744 1960 4784 au-

396 4802 514 4857 dire
542 4803 708 4856 verba
731 4802 829 4856 abs
852 4810 925 4858 te.
959 4801 1318 4862 lntroducens
1338 4822 1466 4881 ergo
1489 4826 1606 4879 eos,
1639 4817 1844 4886 recepit
1865 4816 1962 4872 ho-

396 4890 583 4962 spitio.
607 4888 868 4961 Sequenti
895 4900 1074 4947 autem
1107 4894 1194 4950 die
1221 4911 1475 4967 surgens,
1534 4902 1815 4969 prolectus
1873 4917 1959 4963 est

397 5000 523 5043 cum
549 4983 657 5041 illis
688 4999 703 5036 :
731 4993 786 5039 et
806 4985 1024 5054 quidam
1058 5000 1123 5042 ex
1150 4986 1416 5047 fratribus
1441 4992 1509 5047 ab
1530 4990 1699 5063 Joppe
1715 4997 1957 5054 comitati

398 5084 529 5130 sunt
556 5090 703 5131 eum.
754 5075 936 5130 Altera
969 5085 1148 5132 autem
1195 5078 1285 5135 die
1336 5076 1585 5135 introivit
1633 5083 1956 5141 Caesaream.

397 5164 686 5247 cornelius
711 5181 839 5223 vero
870 5170 1224 5238 exspectabat
1258 5170 1409 5238 illos,
1428 5175 1744 5230 convocatis
1760 5190 1960 5246 cogna-

400 5256 471 5311 tis
502 5256 617 5314 suis
635 5264 692 5313 et
712 5258 1034 5314 necessariis
1052 5258 1264 5313 amicis.
1302 5261 1580 5317 Etfartum
1611 5274 1692 5319 est
1724 5280 1849 5321 eum
1873 5269 1959 5325 in-

466 5418 512 5453 “
554 5416 741 5471 Matth.
798 5432 890 5483 xx,
941 5417 994 5471 5.
1070 5418 1163 5474 "1
1206 5419 1345 5476 Tim.
1375 5438 1446 5491 ιν,
1479 5423 1534 5479 4.

2494 4094 2575 4163 Τῇ
2605 4099 2654 4160 γ’
2683 4092 2782 4160 τῆς
2806 4089 2848 4143 δ’
2866 4088 3180 4161 ἑϐδομάδος.

2648 4180 3032 4237 ΚΕΙΜΕΝΟΝ.

2127 4273 2386 4337 Καταϐἀς
2401 4274 2457 4326 δὲ
2473 4274 2501 4327 ὁ
2518 4272 2729 4344 Πέτρος
2757 4272 2890 4343 πρὸς
2914 4272 3038 4333 τοὺς
3061 4262 3462 4340 ἅνδρας,εἷπεν’
3486 4265 3617 4319 Ἰδοὺ

1984 4396 2029 4452 D
2059 4366 2170 4433 ἐγώ
2200 4369 2316 4436 ειμι
2347 4365 2407 4418 ὃν
2436 4364 2673 4435 ζητεῖτε.
2709 4362 2805 4424 Τις
2831 4364 2866 4432 ὴ
2889 4360 3054 4424 αίτία,
3078 4360 3144 4414 δι’
3168 4362 3231 4429 ἢν
3252 4359 3523 4428 πάρεστες
3553 4354 3619 4452 Οί

2061 4457 2117 4509 δέ
2145 4452 2301 4510 εἷπον
2318 4471 2331 4486 ’
2364 4455 2664 4525 Κορνήλιος
2688 4451 3114 4522 ἑκατοντάρχης,
3143 4448 3280 4520 ἀνὴρ
3300 4447 3502 4506 δίκαιος
3523 4444 3621 4496 καὶ

2057 4546 2392 4617 φοϐούμενος
2424 4545 2516 4598 τὸν
2561 4544 2716 4607 Θεὸν,
2762 4539 3201 4613 μαρτυρούμενός
3255 4555 3311 4591 τε
3363 4537 3466 4590 ὑπὸ
3496 4535 3616 4587 ὅλου

2054 4639 2149 4692 τοῦ
2177 4638 2361 4700 ἐθνους
2386 4637 2494 4691 τῶν
2523 4636 2816 4697 Ἰουδαίων,
2840 4631 3219 4705 ἐχρηματίσθη
3252 4630 3356 4683 ὑπὸ
3389 4627 3617 4695 ἀγγέλου

2056 4731 2213 4799 ἀγίου
2252 4728 2721 4801 μεταπέμψασθαί
2772 4744 2830 4779 σε
2859 4729 2937 4789 είς
2963 4725 3054 4802 τὸν
3086 4719 3235 4777 οἷκον
3283 4719 3474 4785 αὐτοῦ,
3529 4721 3621 4771 καὶ

2057 4820 2289 4875 ἀκοῦσαι
2319 4822 2547 4890 ῥήματα
2577 4818 2726 4888 παρὰ
2758 4816 2874 4871 σοῦ.
2903 4814 3371 4883 Είσκαλεσάμενος
3395 4808 3490 4863 οὖν
3520 4810 3621 4860 αὐ-

2057 4915 2207 4978 τοὺς,
2232 4912 2461 4979 ἐξένισε.
2499 4913 2578 4982 Τῇ
2623 4911 2680 4964 δέ
2715 4909 2979 4981 ἐπαύριον
3011 4907 3249 4969 ἀναστάς
3293 4903 3497 4973 Πέτρος
3537 4900 3622 4963 ἐξ·

2058 5002 2191 5073 ’ἦλθε
2217 5003 2314 5056 σὺν
2345 5004 2551 5067 αὐτοῖς,
2575 5003 2668 5056 καί
2696 5018 2839 5064 τινες
2857 5000 2966 5053 τῶν
2988 4996 3231 5066 ἀδελφῶν
3256 4992 3366 5046 τῶν
3392 4990 3501 5045 ἀπὸ
3523 4992 3622 5059 τῆς

2073 5094 2297 5165 Ἰόππης
2348 5094 2677 5163 συνανῆλθον
2731 5091 2900 5161 αὐτῷ,
2942 5090 3034 5144 καὶ
3068 5090 3133 5160 τῇ
3181 5085 3462 5153 ἐπαύριον,
3509 5083 3622 5132 εἱσ-

2059 5188 2221 5256 ῆλθον
2256 5191 2336 5253 εἰς
2383 5190 2743 5258 Καισάρειαν.
2796 5186 2855 5239 '0
2885 5185 2943 5240 δέ
2995 5179 3290 5253 Κορνήλιος
3344 5173 3413 5249 ἦν
3457 5188 3624 5243 προσ-

2061 5275 2233 5330 δοκῶν
2263 5276 2484 5342 αὐτούς,
2510 5274 2983 5344 συγκαλεσάμενος
3009 5273 3134 5333 τοὺς
3157 5267 3437 5338 συγγενεῖς
3458 5258 3621 5316 αὐτοῦ

1434 5522 1445 5528 ’
1521 5542 1715 5606 Varim
1743 5516 2045 5609 lectiones
2092 5553 2154 5610 et
2197 5552 2390 5609 notae.

468 5627 587 5662 es.”
617 5626 714 5696 τῷ.
