  <div class='ocr_page' id='page_1' title='image "/cluster/home/n/w/nwhite01/storage/ocr_20150623/125/hvd.32044073502429/520.png"; bbox 0 0 4058 6210; ppageno 0'>
   <div class='ocr_carea' id='block_1_1' title="bbox 487 283 593 349">
    <p class='ocr_par' dir='ltr' id='par_1_1' title="bbox 487 283 593 349">
     <span class='ocr_line' id='line_1_1' title="bbox 487 283 593 349; baseline 0.009 -1"><span class='ocrx_word' id='word_1_1' title='bbox 487 283 593 349; x_wconf 70' lang='grc'><strong>915</strong></span> 
     </span>
    </p>
   </div>
   <div class='ocr_carea' id='block_1_2' title="bbox 1116 275 3035 343">
    <p class='ocr_par' dir='ltr' id='par_1_2' title="bbox 1116 275 3035 343">
     <span class='ocr_line' id='line_1_2' title="bbox 1116 275 3035 343; baseline -0.005 0"><span class='ocrx_word' id='word_1_2' title='bbox 1116 279 1650 343; x_wconf 78' lang='lat' dir='ltr'><strong>EXPOSITIONIS</strong></span> <span class='ocrx_word' id='word_1_3' title='bbox 1688 280 1771 340; x_wconf 84' lang='grc' dir='ltr'><strong>ΙΝ</strong></span> <span class='ocrx_word' id='word_1_4' title='bbox 1808 280 1992 340; x_wconf 75' lang='lat' dir='ltr'><strong>ACTA</strong></span> <span class='ocrx_word' id='word_1_5' title='bbox 2033 277 2335 338; x_wconf 82' lang='lat' dir='ltr'><strong>TEXTUS</strong></span> <span class='ocrx_word' id='word_1_6' title='bbox 2365 275 2635 336; x_wconf 80' lang='lat' dir='ltr'><strong>ALTER.</strong></span> <span class='ocrx_word' id='word_1_7' title='bbox 2662 298 2732 311; x_wconf 89' lang='lat'>-</span> <span class='ocrx_word' id='word_1_8' title='bbox 2770 277 2924 337; x_wconf 84' lang='lat' dir='ltr'><strong>CAP.</strong></span> <span class='ocrx_word' id='word_1_9' title='bbox 2962 276 3035 333; x_wconf 81' lang='grc' dir='ltr'><strong>Χ.</strong></span> 
     </span>
    </p>
   </div>
   <div class='ocr_carea' id='block_1_3' title="bbox 3625 274 3727 336">
    <p class='ocr_par' dir='ltr' id='par_1_3' title="bbox 3625 274 3727 336">
     <span class='ocr_line' id='line_1_3' title="bbox 3625 274 3727 336; baseline 0 -2"><span class='ocrx_word' id='word_1_10' title='bbox 3625 274 3727 336; x_wconf 65' lang='lat' dir='ltr'><strong>M6</strong></span> 
     </span>
    </p>
   </div>
   <div class='ocr_carea' id='block_1_4' title="bbox 492 387 2053 464">
    <p class='ocr_par' dir='ltr' id='par_1_4' title="bbox 492 394 2053 464">
     <span class='ocr_line' id='line_1_4' title="bbox 492 394 2053 464; baseline -0.004 -12"><span class='ocrx_word' id='word_1_11' title='bbox 492 401 586 452; x_wconf 76' lang='grc' dir='ltr'>καὶ</span> <span class='ocrx_word' id='word_1_12' title='bbox 615 398 739 460; x_wconf 73' lang='grc' dir='ltr'>τοὺς</span> <span class='ocrx_word' id='word_1_13' title='bbox 762 395 1092 464; x_wconf 77' lang='grc' dir='ltr'><strong>ἀναγκαίους</strong></span> <span class='ocrx_word' id='word_1_14' title='bbox 1119 396 1328 464; x_wconf 82' lang='grc' dir='ltr'>φίλους.</span> <span class='ocrx_word' id='word_1_15' title='bbox 1368 394 1457 459; x_wconf 85' lang='grc' dir='ltr'>Ὠς</span> <span class='ocrx_word' id='word_1_16' title='bbox 1487 396 1544 449; x_wconf 77' lang='grc' dir='ltr'>δὲ</span> <span class='ocrx_word' id='word_1_17' title='bbox 1583 395 1800 460; x_wconf 77' lang='grc' dir='ltr'>ἐγένετο</span> <span class='ocrx_word' id='word_1_18' title='bbox 1828 394 1921 447; x_wconf 87' lang='grc' dir='ltr'><strong>τοῦ</strong></span> <span class='ocrx_word' id='word_1_19' title='bbox 1951 396 2053 447; x_wconf 85' lang='grc' dir='ltr'>είσ·</span> 
     </span>
    </p>
   </div>
   <div class='ocr_carea' id='block_1_5' title="bbox 2151 387 3728 464">
    <p class='ocr_par' dir='ltr' id='par_1_5' title="bbox 2162 387 3728 461">
     <span class='ocr_line' id='line_1_5' title="bbox 2162 387 3728 461; baseline 0.001 -16"><span class='ocrx_word' id='word_1_20' title='bbox 2162 392 2383 447; x_wconf 82' lang='lat' dir='ltr'><strong>troisset</strong></span> <span class='ocrx_word' id='word_1_21' title='bbox 2401 389 2618 455; x_wconf 87' lang='lat' dir='ltr'><strong>Petrus,</strong></span> <span class='ocrx_word' id='word_1_22' title='bbox 2657 389 2848 444; x_wconf 90' lang='lat' dir='ltr'><strong>obvius</strong></span> <span class='ocrx_word' id='word_1_23' title='bbox 2882 388 2931 444; x_wconf 92' lang='lat' dir='ltr'><strong>ei</strong></span> <span class='ocrx_word' id='word_1_24' title='bbox 2959 387 3107 445; x_wconf 89' lang='lat' dir='ltr'><strong>venit</strong></span> <span class='ocrx_word' id='word_1_25' title='bbox 3137 387 3444 455; x_wconf 85' lang='lat' dir='ltr'><strong>Cornelius,</strong></span> <span class='ocrx_word' id='word_1_26' title='bbox 3464 402 3517 445; x_wconf 90' lang='lat' dir='ltr'><strong>et</strong></span> <span class='ocrx_word' id='word_1_27' title='bbox 3549 395 3728 461; x_wconf 86' lang='lat' dir='ltr'><strong>proci-</strong></span> 
     </span>
    </p>
   </div>
   <div class='ocr_carea' id='block_1_6' title="bbox 490 484 2057 557">
    <p class='ocr_par' dir='ltr' id='par_1_6' title="bbox 490 484 2057 557">
     <span class='ocr_line' id='line_1_6' title="bbox 490 484 2057 557; baseline -0.003 -17"><span class='ocrx_word' id='word_1_28' title='bbox 490 488 666 542; x_wconf 80' lang='grc' dir='ltr'>ελθεῖν</span> <span class='ocrx_word' id='word_1_29' title='bbox 708 486 802 542; x_wconf 87' lang='grc' dir='ltr'><strong>τὸν</strong></span> <span class='ocrx_word' id='word_1_30' title='bbox 842 486 1070 554; x_wconf 84' lang='grc' dir='ltr'>Πέτρον,</span> <span class='ocrx_word' id='word_1_31' title='bbox 1102 487 1440 556; x_wconf 77' lang='grc' dir='ltr'><strong>συναντήσας</strong></span> <span class='ocrx_word' id='word_1_32' title='bbox 1487 485 1639 557; x_wconf 77' lang='grc' dir='ltr'>αὐτῷ</span> <span class='ocrx_word' id='word_1_33' title='bbox 1674 487 1702 537; x_wconf 83' lang='lat'><strong>6</strong></span> <span class='ocrx_word' id='word_1_34' title='bbox 1732 484 2057 556; x_wconf 83' lang='grc' dir='ltr'>Κορνήλιος,</span> 
     </span>
    </p>
   </div>
   <div class='ocr_carea' id='block_1_7' title="bbox 488 576 2057 647">
    <p class='ocr_par' dir='ltr' id='par_1_7' title="bbox 488 576 2057 647">
     <span class='ocr_line' id='line_1_7' title="bbox 488 576 2057 647; baseline -0.003 -15"><span class='ocrx_word' id='word_1_35' title='bbox 488 580 672 632; x_wconf 86' lang='grc' dir='ltr'>πεσὼν</span> <span class='ocrx_word' id='word_1_36' title='bbox 703 580 798 633; x_wconf 70' lang='grc' dir='ltr'><strong>ἐπὶ</strong></span> <span class='ocrx_word' id='word_1_37' title='bbox 849 581 974 641; x_wconf 78' lang='grc' dir='ltr'>τοὺς</span> <span class='ocrx_word' id='word_1_38' title='bbox 1018 578 1186 641; x_wconf 88' lang='grc' dir='ltr'>πόδας</span> <span class='ocrx_word' id='word_1_39' title='bbox 1228 577 1395 631; x_wconf 83' lang='grc' dir='ltr'>αὐτοῦ</span> <span class='ocrx_word' id='word_1_40' title='bbox 1440 576 1870 647; x_wconf 86' lang='grc' dir='ltr'>προσεκύνησεν.</span> <span class='ocrx_word' id='word_1_41' title='bbox 1910 576 1969 629; x_wconf 88' lang='lat'><strong>&#39;0</strong></span> <span class='ocrx_word' id='word_1_42' title='bbox 2001 576 2057 628; x_wconf 85' lang='grc' dir='ltr'>δὲ</span> 
     </span>
    </p>
   </div>
   <div class='ocr_carea' id='block_1_8' title="bbox 486 669 2058 743">
    <p class='ocr_par' dir='ltr' id='par_1_8' title="bbox 486 669 2058 743">
     <span class='ocr_line' id='line_1_8' title="bbox 486 669 2058 743; baseline -0.003 -17"><span class='ocrx_word' id='word_1_43' title='bbox 486 674 694 741; x_wconf 77' lang='grc' dir='ltr'><strong>Πέτρος</strong></span> <span class='ocrx_word' id='word_1_44' title='bbox 726 673 946 743; x_wconf 76' lang='grc' dir='ltr'><strong>ἤγειρεν</strong></span> <span class='ocrx_word' id='word_1_45' title='bbox 977 672 1139 726; x_wconf 83' lang='grc' dir='ltr'>αὑτὸν</span> <span class='ocrx_word' id='word_1_46' title='bbox 1189 671 1407 739; x_wconf 80' lang='grc' dir='ltr'>λέγων·</span> <span class='ocrx_word' id='word_1_47' title='bbox 1455 670 1776 741; x_wconf 73' lang='grc' dir='ltr'>Ἀνάστηθιο</span> <span class='ocrx_word' id='word_1_48' title='bbox 1812 669 1907 722; x_wconf 71' lang='grc' dir='ltr'>καὶ</span> <span class='ocrx_word' id='word_1_49' title='bbox 1950 669 2058 739; x_wconf 83' lang='grc' dir='ltr'><strong>γὰρ</strong></span> 
     </span>
    </p>
   </div>
   <div class='ocr_carea' id='block_1_9' title="bbox 489 760 2059 834">
    <p class='ocr_par' dir='ltr' id='par_1_9' title="bbox 489 760 2059 834">
     <span class='ocr_line' id='line_1_9' title="bbox 489 760 2059 834; baseline -0.002 -17"><span class='ocrx_word' id='word_1_50' title='bbox 489 765 651 826; x_wconf 83' lang='grc' dir='ltr'>αὐτὸς</span> <span class='ocrx_word' id='word_1_51' title='bbox 694 762 806 833; x_wconf 71' lang='grc' dir='ltr'><strong>ἐγὼ</strong></span> <span class='ocrx_word' id='word_1_52' title='bbox 861 763 1147 832; x_wconf 75' lang='grc' dir='ltr'>ἅνθρωπός</span> <span class='ocrx_word' id='word_1_53' title='bbox 1197 765 1333 834; x_wconf 75' lang='grc' dir='ltr'>εἰμι.</span> <span class='ocrx_word' id='word_1_54' title='bbox 1389 762 1499 817; x_wconf 81' lang='grc' dir='ltr'><strong>Καὶ</strong></span> <span class='ocrx_word' id='word_1_55' title='bbox 1553 761 1857 833; x_wconf 81' lang='grc' dir='ltr'><strong>συνομιλῶν</strong></span> <span class='ocrx_word' id='word_1_56' title='bbox 1908 760 2059 831; x_wconf 84' lang='grc' dir='ltr'><strong>αὐτῷ</strong></span> 
     </span>
    </p>
   </div>
   <div class='ocr_carea' id='block_1_10' title="bbox 488 852 2058 926">
    <p class='ocr_par' dir='ltr' id='par_1_10' title="bbox 488 852 2058 926">
     <span class='ocr_line' id='line_1_10' title="bbox 488 852 2058 926; baseline -0.001 -18"><span class='ocrx_word' id='word_1_57' title='bbox 488 855 728 926; x_wconf 76' lang='grc' dir='ltr'>εἰσῆλθε,</span> <span class='ocrx_word' id='word_1_58' title='bbox 768 857 865 909; x_wconf 70' lang='grc' dir='ltr'>καὶ</span> <span class='ocrx_word' id='word_1_59' title='bbox 893 856 1136 926; x_wconf 80' lang='grc' dir='ltr'><strong>εὑρίσκει</strong></span> <span class='ocrx_word' id='word_1_60' title='bbox 1181 855 1610 925; x_wconf 79' lang='grc' dir='ltr'><strong>συνεληλυθότας</strong></span> <span class='ocrx_word' id='word_1_61' title='bbox 1645 853 1909 918; x_wconf 82' lang='grc' dir='ltr'>πολλούς’</span> <span class='ocrx_word' id='word_1_62' title='bbox 1951 852 2058 925; x_wconf 74' lang='grc' dir='ltr'>ἔφη</span> 
     </span>
    </p>
   </div>
   <div class='ocr_carea' id='block_1_11' title="bbox 484 946 2061 1017">
    <p class='ocr_par' dir='ltr' id='par_1_11' title="bbox 484 946 2061 1017">
     <span class='ocr_line' id='line_1_11' title="bbox 484 946 2061 1017; baseline 0 -18"><span class='ocrx_word' id='word_1_63' title='bbox 484 964 545 999; x_wconf 88' lang='grc' dir='ltr'><strong>τε</strong></span> <span class='ocrx_word' id='word_1_64' title='bbox 578 948 713 1017; x_wconf 85' lang='grc' dir='ltr'>πρὸς</span> <span class='ocrx_word' id='word_1_65' title='bbox 739 946 933 1010; x_wconf 80' lang='grc' dir='ltr'>αὐτούς</span> <span class='ocrx_word' id='word_1_66' title='bbox 950 963 964 977; x_wconf 88' lang='grc'><strong>·</strong></span> <span class='ocrx_word' id='word_1_67' title='bbox 990 946 1184 1015; x_wconf 77' lang='grc' dir='ltr'>Ὑμεῖς</span> <span class='ocrx_word' id='word_1_68' title='bbox 1203 947 1516 1011; x_wconf 74' lang='grc' dir='ltr'>ἐπίστασθε,</span> <span class='ocrx_word' id='word_1_69' title='bbox 1539 947 1611 1011; x_wconf 86' lang='grc' dir='ltr'><strong>ὡς</strong></span> <span class='ocrx_word' id='word_1_70' title='bbox 1632 947 1888 1016; x_wconf 82' lang='grc' dir='ltr'>ἀθέμιτόν</span> <span class='ocrx_word' id='word_1_71' title='bbox 1913 947 2061 999; x_wconf 76' lang='grc' dir='ltr'>ἐστιν</span> 
     </span>
    </p>
   </div>
   <div class='ocr_carea' id='block_1_12' title="bbox 486 1036 2054 1109">
    <p class='ocr_par' dir='ltr' id='par_1_12' title="bbox 486 1036 2054 1109">
     <span class='ocr_line' id='line_1_12' title="bbox 486 1036 2054 1109; baseline -0.001 -20"><span class='ocrx_word' id='word_1_72' title='bbox 486 1037 648 1108; x_wconf 75' lang='grc' dir='ltr'>ἀνδρὶ</span> <span class='ocrx_word' id='word_1_73' title='bbox 677 1038 914 1106; x_wconf 76' lang='grc' dir='ltr'><strong>Ἰουδαίῳ</strong></span> <span class='ocrx_word' id='word_1_74' title='bbox 937 1037 1229 1092; x_wconf 79' lang='grc' dir='ltr'>κολλᾶσθαι</span> <span class='ocrx_word' id='word_1_75' title='bbox 1253 1038 1286 1108; x_wconf 85' lang='grc' dir='ltr'>ἢ</span> <span class='ocrx_word' id='word_1_76' title='bbox 1315 1037 1714 1109; x_wconf 80' lang='grc' dir='ltr'>προσέρχεσθαι</span> <span class='ocrx_word' id='word_1_77' title='bbox 1741 1036 2021 1106; x_wconf 75' lang='grc' dir='ltr'>ἀλλοφύλῳ</span> <span class='ocrx_word' id='word_1_78' title='bbox 2041 1051 2054 1063; x_wconf 83' lang='lat'><strong><em>°</em></strong></span> 
     </span>
    </p>
   </div>
   <div class='ocr_carea' id='block_1_13' title="bbox 487 1126 2058 1199">
    <p class='ocr_par' dir='ltr' id='par_1_13' title="bbox 487 1126 2058 1199">
     <span class='ocr_line' id='line_1_13' title="bbox 487 1126 2058 1199; baseline -0.002 -18"><span class='ocrx_word' id='word_1_79' title='bbox 487 1129 583 1183; x_wconf 70' lang='lat' dir='ltr'><strong>ml.</strong></span> <span class='ocrx_word' id='word_1_80' title='bbox 610 1128 736 1199; x_wconf 76' lang='grc' dir='ltr'>ἐμοὶ</span> <span class='ocrx_word' id='word_1_81' title='bbox 765 1128 794 1179; x_wconf 98' lang='lat'><strong>6</strong></span> <span class='ocrx_word' id='word_1_82' title='bbox 819 1128 950 1193; x_wconf 89' lang='grc' dir='ltr'>Θεὸς</span> <span class='ocrx_word' id='word_1_83' title='bbox 991 1128 1181 1193; x_wconf 75' lang='grc' dir='ltr'>ἔδειξε,</span> <span class='ocrx_word' id='word_1_84' title='bbox 1212 1128 1419 1199; x_wconf 81' lang='grc' dir='ltr'><strong>μηδένα</strong></span> <span class='ocrx_word' id='word_1_85' title='bbox 1454 1127 1630 1181; x_wconf 87' lang='grc' dir='ltr'>κοινὸν</span> <span class='ocrx_word' id='word_1_86' title='bbox 1665 1127 1698 1197; x_wconf 80' lang='grc' dir='ltr'>ἢ</span> <span class='ocrx_word' id='word_1_87' title='bbox 1748 1126 2058 1197; x_wconf 73' lang='grc' dir='ltr'>ἀκάθαρτον</span> 
     </span>
    </p>
   </div>
   <div class='ocr_carea' id='block_1_14' title="bbox 486 1211 2056 1289">
    <p class='ocr_par' dir='ltr' id='par_1_14' title="bbox 486 1211 2056 1289">
     <span class='ocr_line' id='line_1_14' title="bbox 486 1211 2056 1289; baseline -0.003 -19"><span class='ocrx_word' id='word_1_88' title='bbox 486 1218 667 1285; x_wconf 76' lang='grc' dir='ltr'>λέγειν</span> <span class='ocrx_word' id='word_1_89' title='bbox 690 1216 978 1289; x_wconf 75' lang='grc' dir='ltr'>ἄνθρωπον</span> <span class='ocrx_word' id='word_1_90' title='bbox 994 1232 1007 1247; x_wconf 73' lang='grc' dir='ltr'><strong>ο</strong></span> <span class='ocrx_word' id='word_1_91' title='bbox 1041 1216 1122 1269; x_wconf 89' lang='grc' dir='ltr'><strong>διὸ</strong></span> <span class='ocrx_word' id='word_1_92' title='bbox 1144 1219 1239 1270; x_wconf 78' lang='grc' dir='ltr'><strong>καὶ</strong></span> <span class='ocrx_word' id='word_1_93' title='bbox 1267 1217 1678 1286; x_wconf 78' lang='grc' dir='ltr'>ἀναντιρρήτως</span> <span class='ocrx_word' id='word_1_94' title='bbox 1698 1211 1861 1284; x_wconf 80' lang='grc' dir='ltr'>ἦλθον</span> <span class='ocrx_word' id='word_1_95' title='bbox 1889 1231 2056 1284; x_wconf 86' lang='grc' dir='ltr'>μετα-</span> 
     </span>
    </p>
   </div>
   <div class='ocr_carea' id='block_1_15' title="bbox 486 1304 2058 1380">
    <p class='ocr_par' dir='ltr' id='par_1_15' title="bbox 486 1304 2058 1380">
     <span class='ocr_line' id='line_1_15' title="bbox 486 1304 2058 1380; baseline -0.002 -19"><span class='ocrx_word' id='word_1_96' title='bbox 486 1309 779 1380; x_wconf 86' lang='grc' dir='ltr'>πεμφθείς.</span> <span class='ocrx_word' id='word_1_97' title='bbox 812 1309 1159 1379; x_wconf 84' lang='grc' dir='ltr'>Πυνθάνομαι</span> <span class='ocrx_word' id='word_1_98' title='bbox 1189 1304 1302 1374; x_wconf 72' lang='grc' dir='ltr'>οὖν,</span> <span class='ocrx_word' id='word_1_99' title='bbox 1328 1312 1433 1362; x_wconf 88' lang='grc' dir='ltr'>τίνι</span> <span class='ocrx_word' id='word_1_100' title='bbox 1462 1309 1605 1378; x_wconf 80' lang='grc' dir='ltr'>λόγῳ</span> <span class='ocrx_word' id='word_1_101' title='bbox 1636 1305 2058 1377; x_wconf 76' lang='grc' dir='ltr'>μετεπέμψασθέ</span> 
     </span>
    </p>
   </div>
   <div class='ocr_carea' id='block_1_16' title="bbox 418 1382 2057 1471">
    <p class='ocr_par' dir='ltr' id='par_1_16' title="bbox 418 1382 2057 1471">
     <span class='ocr_line' id='line_1_16' title="bbox 418 1382 2057 1471; baseline -0.002 -19"><span class='ocrx_word' id='word_1_102' title='bbox 418 1382 425 1388; x_wconf 48' lang='grc'><strong>’</strong></span> <span class='ocrx_word' id='word_1_103' title='bbox 488 1416 586 1466; x_wconf 85' lang='grc' dir='ltr'>με;</span> <span class='ocrx_word' id='word_1_104' title='bbox 621 1399 735 1453; x_wconf 80' lang='grc' dir='ltr'><strong>Καὶ</strong></span> <span class='ocrx_word' id='word_1_105' title='bbox 765 1400 794 1452; x_wconf 89' lang='lat'><strong>6</strong></span> <span class='ocrx_word' id='word_1_106' title='bbox 844 1400 1144 1471; x_wconf 83' lang='grc' dir='ltr'>Κορνήλιος</span> <span class='ocrx_word' id='word_1_107' title='bbox 1174 1399 1308 1470; x_wconf 81' lang='grc' dir='ltr'>ἔφη·</span> <span class='ocrx_word' id='word_1_108' title='bbox 1347 1398 1481 1453; x_wconf 85' lang='grc' dir='ltr'>Ἀπὸ</span> <span class='ocrx_word' id='word_1_109' title='bbox 1534 1399 1803 1468; x_wconf 83' lang='grc' dir='ltr'><strong>τετάρτης</strong></span> <span class='ocrx_word' id='word_1_110' title='bbox 1842 1398 2057 1470; x_wconf 80' lang='grc' dir='ltr'>ἡμέρας</span> 
     </span>
    </p>
   </div>
   <div class='ocr_carea' id='block_1_17' title="bbox 484 1490 2057 1564">
    <p class='ocr_par' dir='ltr' id='par_1_17' title="bbox 484 1490 2057 1564">
     <span class='ocr_line' id='line_1_17' title="bbox 484 1490 2057 1564; baseline -0.001 -20"><span class='ocrx_word' id='word_1_111' title='bbox 484 1492 646 1563; x_wconf 81' lang='grc' dir='ltr'>μέχρι</span> <span class='ocrx_word' id='word_1_112' title='bbox 669 1491 871 1562; x_wconf 78' lang='grc' dir='ltr'>ταύτης</span> <span class='ocrx_word' id='word_1_113' title='bbox 886 1496 985 1561; x_wconf 82' lang='grc' dir='ltr'>τῆς</span> <span class='ocrx_word' id='word_1_114' title='bbox 1009 1492 1158 1564; x_wconf 83' lang='grc' dir='ltr'>ὥρας</span> <span class='ocrx_word' id='word_1_115' title='bbox 1175 1493 1208 1563; x_wconf 67' lang='grc' dir='ltr'><strong>ἦ</strong></span> <span class='ocrx_word' id='word_1_116' title='bbox 1217 1509 1324 1563; x_wconf 88' lang='grc' dir='ltr'><strong>μην</strong></span> <span class='ocrx_word' id='word_1_117' title='bbox 1348 1491 1647 1559; x_wconf 79' lang='grc' dir='ltr'>νηστεύων,</span> <span class='ocrx_word' id='word_1_118' title='bbox 1674 1490 1766 1545; x_wconf 71' lang='grc' dir='ltr'>καὶ</span> <span class='ocrx_word' id='word_1_119' title='bbox 1785 1490 1883 1561; x_wconf 79' lang='grc' dir='ltr'>τὴν</span> <span class='ocrx_word' id='word_1_120' title='bbox 1903 1490 2057 1543; x_wconf 67' lang='grc' dir='ltr'>ἐννά-</span> 
     </span>
    </p>
   </div>
   <div class='ocr_carea' id='block_1_18' title="bbox 481 1580 2054 1655">
    <p class='ocr_par' dir='ltr' id='par_1_18' title="bbox 481 1580 2054 1655">
     <span class='ocr_line' id='line_1_18' title="bbox 481 1580 2054 1655; baseline -0.002 -20"><span class='ocrx_word' id='word_1_121' title='bbox 481 1600 581 1652; x_wconf 88' lang='grc' dir='ltr'><strong>την</strong></span> <span class='ocrx_word' id='word_1_122' title='bbox 607 1583 758 1649; x_wconf 81' lang='grc' dir='ltr'>ὤραν</span> <span class='ocrx_word' id='word_1_123' title='bbox 792 1584 1229 1655; x_wconf 85' lang='grc' dir='ltr'>προσευχόμενος</span> <span class='ocrx_word' id='word_1_124' title='bbox 1266 1584 1324 1636; x_wconf 74' lang='grc' dir='ltr'>ἐν</span> <span class='ocrx_word' id='word_1_125' title='bbox 1360 1582 1441 1652; x_wconf 82' lang='grc' dir='ltr'><strong>τῷ</strong></span> <span class='ocrx_word' id='word_1_126' title='bbox 1471 1582 1606 1652; x_wconf 86' lang='grc' dir='ltr'>οίκῳ</span> <span class='ocrx_word' id='word_1_127' title='bbox 1648 1599 1748 1652; x_wconf 91' lang='grc' dir='ltr'><strong>μου</strong></span> <span class='ocrx_word' id='word_1_128' title='bbox 1776 1598 1790 1612; x_wconf 89' lang='grc'><strong>·</strong></span> <span class='ocrx_word' id='word_1_129' title='bbox 1824 1580 1919 1632; x_wconf 75' lang='grc' dir='ltr'>καὶ</span> <span class='ocrx_word' id='word_1_130' title='bbox 1944 1580 2054 1632; x_wconf 78' lang='grc' dir='ltr'>ίδοὺ</span> 
     </span>
    </p>
   </div>
   <div class='ocr_carea' id='block_1_19' title="bbox 480 1670 2053 1744">
    <p class='ocr_par' dir='ltr' id='par_1_19' title="bbox 480 1670 2053 1744">
     <span class='ocr_line' id='line_1_19' title="bbox 480 1670 2053 1744; baseline -0.002 -19"><span class='ocrx_word' id='word_1_131' title='bbox 480 1674 620 1743; x_wconf 83' lang='grc' dir='ltr'>ἀνὴρ</span> <span class='ocrx_word' id='word_1_132' title='bbox 648 1672 775 1743; x_wconf 82' lang='grc' dir='ltr'>ἔστη</span> <span class='ocrx_word' id='word_1_133' title='bbox 801 1673 1033 1727; x_wconf 74' lang='grc' dir='ltr'>ἐνώπιόν</span> <span class='ocrx_word' id='word_1_134' title='bbox 1072 1692 1174 1744; x_wconf 92' lang='grc' dir='ltr'><strong>μου</strong></span> <span class='ocrx_word' id='word_1_135' title='bbox 1198 1675 1257 1726; x_wconf 85' lang='grc' dir='ltr'>ὲν</span> <span class='ocrx_word' id='word_1_136' title='bbox 1280 1673 1467 1743; x_wconf 75' lang='grc' dir='ltr'>ἐσθῆτι</span> <span class='ocrx_word' id='word_1_137' title='bbox 1494 1673 1744 1742; x_wconf 78' lang='grc' dir='ltr'>λαμπρᾷ,</span> <span class='ocrx_word' id='word_1_138' title='bbox 1766 1670 1861 1725; x_wconf 82' lang='grc' dir='ltr'><strong>καί</strong></span> <span class='ocrx_word' id='word_1_139' title='bbox 1890 1685 2053 1739; x_wconf 66' lang='grc' dir='ltr'>φησν</span> 
     </span>
    </p>
   </div>
   <div class='ocr_carea' id='block_1_20' title="bbox 484 1759 2050 1836">
    <p class='ocr_par' dir='ltr' id='par_1_20' title="bbox 484 1759 2050 1836">
     <span class='ocr_line' id='line_1_20' title="bbox 484 1759 2050 1836; baseline -0.003 -19"><span class='ocrx_word' id='word_1_140' title='bbox 484 1765 776 1835; x_wconf 82' lang='grc' dir='ltr'>Κορνήλιε,</span> <span class='ocrx_word' id='word_1_141' title='bbox 801 1764 1128 1836; x_wconf 82' lang='grc' dir='ltr'>εἰσηκούσθη</span> <span class='ocrx_word' id='word_1_142' title='bbox 1160 1780 1256 1817; x_wconf 91' lang='grc' dir='ltr'><strong>σου</strong></span> <span class='ocrx_word' id='word_1_143' title='bbox 1284 1765 1317 1834; x_wconf 87' lang='grc' dir='ltr'><strong>ή</strong></span> <span class='ocrx_word' id='word_1_144' title='bbox 1343 1764 1638 1834; x_wconf 82' lang='grc' dir='ltr'>προσευχὴ,</span> <span class='ocrx_word' id='word_1_145' title='bbox 1660 1762 1755 1816; x_wconf 59' lang='grc' dir='ltr'><strong>καὶ⁸</strong></span> <span class='ocrx_word' id='word_1_146' title='bbox 1779 1762 1835 1815; x_wconf 88' lang='grc' dir='ltr'><strong>αί</strong></span> <span class='ocrx_word' id='word_1_147' title='bbox 1892 1759 2050 1830; x_wconf 83' lang='grc' dir='ltr'>ὲλεη-</span> 
     </span>
    </p>
   </div>
   <div class='ocr_carea' id='block_1_21' title="bbox 485 1850 2051 1925">
    <p class='ocr_par' dir='ltr' id='par_1_21' title="bbox 485 1850 2051 1925">
     <span class='ocr_line' id='line_1_21' title="bbox 485 1850 2051 1925; baseline -0.003 -17"><span class='ocrx_word' id='word_1_148' title='bbox 485 1854 714 1925; x_wconf 90' lang='grc' dir='ltr'>μοσύναι</span> <span class='ocrx_word' id='word_1_149' title='bbox 739 1872 833 1908; x_wconf 91' lang='grc' dir='ltr'><strong>σου</strong></span> <span class='ocrx_word' id='word_1_150' title='bbox 873 1855 1227 1925; x_wconf 76' lang='grc' dir='ltr'>ἐμνήσθησαν</span> <span class='ocrx_word' id='word_1_151' title='bbox 1253 1853 1484 1908; x_wconf 74' lang='grc' dir='ltr'>ἐνώπιον</span> <span class='ocrx_word' id='word_1_152' title='bbox 1511 1852 1605 1907; x_wconf 89' lang='grc' dir='ltr'><strong>τοῦ</strong></span> <span class='ocrx_word' id='word_1_153' title='bbox 1637 1852 1797 1907; x_wconf 87' lang='grc' dir='ltr'>Θεοῦ.</span> <span class='ocrx_word' id='word_1_154' title='bbox 1826 1850 2051 1921; x_wconf 77' lang='grc' dir='ltr'>Πέμψον</span> 
     </span>
    </p>
   </div>
   <div class='ocr_carea' id='block_1_22' title="bbox 479 1940 2053 2013">
    <p class='ocr_par' dir='ltr' id='par_1_22' title="bbox 479 1940 2053 2013">
     <span class='ocr_line' id='line_1_22' title="bbox 479 1940 2053 2013; baseline -0.003 -18"><span class='ocrx_word' id='word_1_155' title='bbox 479 1942 572 1996; x_wconf 80' lang='grc' dir='ltr'><strong>οῦν</strong></span> <span class='ocrx_word' id='word_1_156' title='bbox 598 1945 678 2006; x_wconf 87' lang='grc' dir='ltr'><strong>είς</strong></span> <span class='ocrx_word' id='word_1_157' title='bbox 723 1944 966 2009; x_wconf 85' lang='grc' dir='ltr'>Ἰόππην,</span> <span class='ocrx_word' id='word_1_158' title='bbox 1020 1943 1116 1997; x_wconf 77' lang='grc' dir='ltr'>καὶ</span> <span class='ocrx_word' id='word_1_159' title='bbox 1171 1943 1542 2013; x_wconf 78' lang='grc' dir='ltr'>μετακάλεσαι</span> <span class='ocrx_word' id='word_1_160' title='bbox 1580 1943 1821 2013; x_wconf 85' lang='grc' dir='ltr'>Σίμωνα,</span> <span class='ocrx_word' id='word_1_161' title='bbox 1851 1940 1909 2005; x_wconf 83' lang='grc' dir='ltr'>ὃς</span> <span class='ocrx_word' id='word_1_162' title='bbox 1931 1941 2053 1992; x_wconf 80' lang='grc' dir='ltr'>ἐπι-</span> 
     </span>
    </p>
   </div>
   <div class='ocr_carea' id='block_1_23' title="bbox 452 2027 2050 2104">
    <p class='ocr_par' dir='ltr' id='par_1_23' title="bbox 452 2027 2050 2104">
     <span class='ocr_line' id='line_1_23' title="bbox 452 2027 2050 2104; baseline -0.001 -19"><span class='ocrx_word' id='word_1_163' title='bbox 452 2051 457 2055; x_wconf 90' lang='grc'>·</span> <span class='ocrx_word' id='word_1_164' title='bbox 484 2031 729 2085; x_wconf 81' lang='grc' dir='ltr'>καλεῖται</span> <span class='ocrx_word' id='word_1_165' title='bbox 761 2033 1004 2101; x_wconf 69' lang='grc' dir='ltr'>Πέτροςο</span> <span class='ocrx_word' id='word_1_166' title='bbox 1035 2027 1190 2097; x_wconf 75' lang='grc' dir='ltr'>οὗτος</span> <span class='ocrx_word' id='word_1_167' title='bbox 1229 2034 1499 2101; x_wconf 74' lang='grc' dir='ltr'>ξενίζεται</span> <span class='ocrx_word' id='word_1_168' title='bbox 1529 2036 1586 2087; x_wconf 73' lang='grc' dir='ltr'>ὲν</span> <span class='ocrx_word' id='word_1_169' title='bbox 1618 2034 1766 2104; x_wconf 81' lang='grc' dir='ltr'>οίκίᾳ</span> <span class='ocrx_word' id='word_1_170' title='bbox 1810 2030 2050 2101; x_wconf 82' lang='grc' dir='ltr'>Σίμωνος</span> 
     </span>
    </p>
   </div>
   <div class='ocr_carea' id='block_1_24' title="bbox 487 2121 2051 2195">
    <p class='ocr_par' dir='ltr' id='par_1_24' title="bbox 487 2121 2051 2195">
     <span class='ocr_line' id='line_1_24' title="bbox 487 2121 2051 2195; baseline -0.003 -19"><span class='ocrx_word' id='word_1_171' title='bbox 487 2121 732 2193; x_wconf 76' lang='grc' dir='ltr'>βυρσέως</span> <span class='ocrx_word' id='word_1_172' title='bbox 754 2125 905 2195; x_wconf 87' lang='grc' dir='ltr'><strong>παρά</strong></span> <span class='ocrx_word' id='word_1_173' title='bbox 931 2122 1228 2189; x_wconf 83' lang='grc' dir='ltr'>θάλασσαν,</span> <span class='ocrx_word' id='word_1_174' title='bbox 1259 2125 1319 2189; x_wconf 82' lang='grc' dir='ltr'><strong>ὸς</strong></span> <span class='ocrx_word' id='word_1_175' title='bbox 1353 2125 1798 2195; x_wconf 83' lang='grc' dir='ltr'>παραγενόμενος</span> <span class='ocrx_word' id='word_1_176' title='bbox 1825 2122 2051 2191; x_wconf 79' lang='grc' dir='ltr'>λαλήσει</span> 
     </span>
    </p>
   </div>
   <div class='ocr_carea' id='block_1_25' title="bbox 484 2209 2052 2283">
    <p class='ocr_par' dir='ltr' id='par_1_25' title="bbox 484 2209 2052 2283">
     <span class='ocr_line' id='line_1_25' title="bbox 484 2209 2052 2283; baseline 0.001 -21"><span class='ocrx_word' id='word_1_177' title='bbox 484 2225 591 2264; x_wconf 88' lang='grc' dir='ltr'>σοι.</span> <span class='ocrx_word' id='word_1_178' title='bbox 633 2210 724 2276; x_wconf 79' lang='grc' dir='ltr'><strong>Ἐξ</strong></span> <span class='ocrx_word' id='word_1_179' title='bbox 751 2211 921 2280; x_wconf 78' lang='grc' dir='ltr'>αὐτῆς</span> <span class='ocrx_word' id='word_1_180' title='bbox 947 2211 1041 2267; x_wconf 82' lang='grc' dir='ltr'>οὗν</span> <span class='ocrx_word' id='word_1_181' title='bbox 1076 2213 1299 2283; x_wconf 70' lang='grc' dir='ltr'>ἔπεμψα</span> <span class='ocrx_word' id='word_1_182' title='bbox 1343 2212 1480 2283; x_wconf 88' lang='grc' dir='ltr'>πρὸς</span> <span class='ocrx_word' id='word_1_183' title='bbox 1511 2213 1606 2266; x_wconf 73' lang='grc' dir='ltr'>σε’</span> <span class='ocrx_word' id='word_1_184' title='bbox 1652 2211 1717 2265; x_wconf 90' lang='grc' dir='ltr'><strong>σύ</strong></span> <span class='ocrx_word' id='word_1_185' title='bbox 1762 2227 1824 2264; x_wconf 89' lang='grc' dir='ltr'><strong>τε</strong></span> <span class='ocrx_word' id='word_1_186' title='bbox 1870 2209 2052 2273; x_wconf 83' lang='grc' dir='ltr'>καλῶς</span> 
     </span>
    </p>
   </div>
   <div class='ocr_carea' id='block_1_26' title="bbox 2160 479 3731 557">
    <p class='ocr_par' dir='ltr' id='par_1_26' title="bbox 2160 479 3731 557">
     <span class='ocr_line' id='line_1_26' title="bbox 2160 479 3731 557; baseline 0.001 -20"><span class='ocrx_word' id='word_1_187' title='bbox 2160 483 2297 537; x_wconf 90' lang='lat' dir='ltr'><strong>deus</strong></span> <span class='ocrx_word' id='word_1_188' title='bbox 2330 481 2395 535; x_wconf 88' lang='lat' dir='ltr'><strong>ad</strong></span> <span class='ocrx_word' id='word_1_189' title='bbox 2425 480 2590 551; x_wconf 84' lang='lat' dir='ltr'><strong>pedes</strong></span> <span class='ocrx_word' id='word_1_190' title='bbox 2617 480 2739 549; x_wconf 89' lang='lat' dir='ltr'><strong>ejus</strong></span> <span class='ocrx_word' id='word_1_191' title='bbox 2780 480 3051 534; x_wconf 87' lang='lat' dir='ltr'><strong>adoravit.</strong></span> <span class='ocrx_word' id='word_1_192' title='bbox 3106 479 3301 557; x_wconf 76' lang='lat' dir='ltr'><strong>Petrus</strong></span> <span class='ocrx_word' id='word_1_193' title='bbox 3339 497 3470 537; x_wconf 89' lang='lat' dir='ltr'><strong>vero</strong></span> <span class='ocrx_word' id='word_1_194' title='bbox 3498 483 3731 538; x_wconf 88' lang='lat' dir='ltr'><strong>elevavit</strong></span> 
     </span>
    </p>
   </div>
   <div class='ocr_carea' id='block_1_27' title="bbox 2160 571 3728 642">
    <p class='ocr_par' dir='ltr' id='par_1_27' title="bbox 2160 571 3728 642">
     <span class='ocr_line' id='line_1_27' title="bbox 2160 571 3728 642; baseline 0.001 -13"><span class='ocrx_word' id='word_1_195' title='bbox 2160 589 2310 639; x_wconf 89' lang='lat' dir='ltr'><strong>eum,</strong></span> <span class='ocrx_word' id='word_1_196' title='bbox 2342 572 2531 627; x_wconf 90' lang='lat' dir='ltr'><strong>dicens</strong></span> <span class='ocrx_word' id='word_1_197' title='bbox 2559 589 2575 629; x_wconf 89' lang='lat'><strong>:</strong></span> <span class='ocrx_word' id='word_1_198' title='bbox 2608 571 2806 642; x_wconf 76' lang='lat' dir='ltr'><strong>Surge,</strong></span> <span class='ocrx_word' id='word_1_199' title='bbox 2827 582 2874 625; x_wconf 89' lang='lat' dir='ltr'><strong>et</strong></span> <span class='ocrx_word' id='word_1_200' title='bbox 2895 588 2997 642; x_wconf 81' lang='lat' dir='ltr'><strong>ego</strong></span> <span class='ocrx_word' id='word_1_201' title='bbox 3012 573 3126 639; x_wconf 86' lang='lat' dir='ltr'><strong>ipse</strong></span> <span class='ocrx_word' id='word_1_202' title='bbox 3152 572 3315 626; x_wconf 89' lang='lat' dir='ltr'><strong>homo</strong></span> <span class='ocrx_word' id='word_1_203' title='bbox 3346 588 3490 628; x_wconf 87' lang='lat' dir='ltr'><strong>sum.</strong></span> <span class='ocrx_word' id='word_1_204' title='bbox 3548 577 3613 630; x_wconf 74' lang='lat' dir='ltr'><strong>Et</strong></span> <span class='ocrx_word' id='word_1_205' title='bbox 3649 576 3728 630; x_wconf 81' lang='lat' dir='ltr'><strong>lo-</strong></span> 
     </span>
    </p>
   </div>
   <div class='ocr_carea' id='block_1_28' title="bbox 2159 664 3733 735">
    <p class='ocr_par' dir='ltr' id='par_1_28' title="bbox 2159 664 3733 735">
     <span class='ocr_line' id='line_1_28' title="bbox 2159 664 3733 735; baseline 0.001 -17"><span class='ocrx_word' id='word_1_206' title='bbox 2159 679 2338 735; x_wconf 85' lang='lat' dir='ltr'><strong>quens</strong></span> <span class='ocrx_word' id='word_1_207' title='bbox 2378 677 2502 718; x_wconf 90' lang='lat' dir='ltr'><strong>cum</strong></span> <span class='ocrx_word' id='word_1_208' title='bbox 2534 664 2626 719; x_wconf 86' lang='lat' dir='ltr'><strong>illo</strong></span> <span class='ocrx_word' id='word_1_209' title='bbox 2673 664 2919 726; x_wconf 87' lang='lat' dir='ltr'><strong>intravit,</strong></span> <span class='ocrx_word' id='word_1_210' title='bbox 2946 665 3220 720; x_wconf 87' lang='lat' dir='ltr'><strong>etinvenit</strong></span> <span class='ocrx_word' id='word_1_211' title='bbox 3247 665 3449 720; x_wconf 86' lang='lat' dir='ltr'><strong>multos</strong></span> <span class='ocrx_word' id='word_1_212' title='bbox 3473 668 3564 734; x_wconf 89' lang='lat' dir='ltr'><strong>qui</strong></span> <span class='ocrx_word' id='word_1_213' title='bbox 3599 684 3733 722; x_wconf 86' lang='lat' dir='ltr'><strong>con-</strong></span> 
     </span>
    </p>
   </div>
   <div class='ocr_carea' id='block_1_29' title="bbox 2156 754 3729 828">
    <p class='ocr_par' dir='ltr' id='par_1_29' title="bbox 2156 754 3729 828">
     <span class='ocr_line' id='line_1_29' title="bbox 2156 754 3729 828; baseline 0.001 -20"><span class='ocrx_word' id='word_1_214' title='bbox 2156 763 2438 818; x_wconf 80' lang='lat' dir='ltr'><strong>venerant,</strong></span> <span class='ocrx_word' id='word_1_215' title='bbox 2471 754 2724 827; x_wconf 80' lang='lat' dir='ltr'><strong>Dixitque</strong></span> <span class='ocrx_word' id='word_1_216' title='bbox 2779 756 2846 810; x_wconf 88' lang='lat' dir='ltr'><strong>ad</strong></span> <span class='ocrx_word' id='word_1_217' title='bbox 2897 756 3065 811; x_wconf 90' lang='lat' dir='ltr'><strong>illos:</strong></span> <span class='ocrx_word' id='word_1_218' title='bbox 3102 755 3212 811; x_wconf 81' lang='lat' dir='ltr'><strong>Vos</strong></span> <span class='ocrx_word' id='word_1_219' title='bbox 3252 758 3406 813; x_wconf 90' lang='lat' dir='ltr'><strong>scitis</strong></span> <span class='ocrx_word' id='word_1_220' title='bbox 3454 760 3729 828; x_wconf 87' lang='lat' dir='ltr'><strong>quomodo</strong></span> 
     </span>
    </p>
   </div>
   <div class='ocr_carea' id='block_1_30' title="bbox 2157 844 3728 918">
    <p class='ocr_par' dir='ltr' id='par_1_30' title="bbox 2157 844 3728 918">
     <span class='ocr_line' id='line_1_30' title="bbox 2157 844 3728 918; baseline -0.001 -14"><span class='ocrx_word' id='word_1_221' title='bbox 2157 848 2532 904; x_wconf 86' lang='lat' dir='ltr'><strong>abominatum</strong></span> <span class='ocrx_word' id='word_1_222' title='bbox 2572 848 2645 904; x_wconf 89' lang='lat' dir='ltr'><strong>sit</strong></span> <span class='ocrx_word' id='word_1_223' title='bbox 2684 844 3028 915; x_wconf 68' lang='lat' dir='ltr'><strong>viroJudaeo,</strong></span> <span class='ocrx_word' id='word_1_224' title='bbox 3068 848 3325 918; x_wconf 78' lang='lat' dir='ltr'><strong>conjungi</strong></span> <span class='ocrx_word' id='word_1_225' title='bbox 3347 858 3441 904; x_wconf 79' lang='lat' dir='ltr'><strong>aut</strong></span> <span class='ocrx_word' id='word_1_226' title='bbox 3467 850 3728 906; x_wconf 74' lang='lat' dir='ltr'><strong>accedere</strong></span> 
     </span>
    </p>
   </div>
   <div class='ocr_carea' id='block_1_31' title="bbox 2158 938 3726 1009">
    <p class='ocr_par' dir='ltr' id='par_1_31' title="bbox 2158 938 3726 1009">
     <span class='ocr_line' id='line_1_31' title="bbox 2158 938 3726 1009; baseline -0.001 -15"><span class='ocrx_word' id='word_1_227' title='bbox 2158 939 2224 994; x_wconf 91' lang='lat' dir='ltr'><strong>ad</strong></span> <span class='ocrx_word' id='word_1_228' title='bbox 2255 939 2617 1009; x_wconf 76' lang='lat' dir='ltr'><strong>alienigenam</strong></span> <span class='ocrx_word' id='word_1_229' title='bbox 2645 955 2658 990; x_wconf 89' lang='lat'>:</span> <span class='ocrx_word' id='word_1_230' title='bbox 2691 939 2784 994; x_wconf 91' lang='lat' dir='ltr'><strong>sed</strong></span> <span class='ocrx_word' id='word_1_231' title='bbox 2816 938 2947 993; x_wconf 91' lang='lat' dir='ltr'><strong>mibi</strong></span> <span class='ocrx_word' id='word_1_232' title='bbox 2993 939 3232 995; x_wconf 88' lang='lat' dir='ltr'><strong>ostendit</strong></span> <span class='ocrx_word' id='word_1_233' title='bbox 3254 939 3402 995; x_wconf 88' lang='lat' dir='ltr'><strong>Deus</strong></span> <span class='ocrx_word' id='word_1_234' title='bbox 3457 941 3726 996; x_wconf 83' lang='lat' dir='ltr'><strong>neminem</strong></span> 
     </span>
    </p>
   </div>
   <div class='ocr_carea' id='block_1_32' title="bbox 2157 1030 3730 1094">
    <p class='ocr_par' dir='ltr' id='par_1_32' title="bbox 2157 1030 3730 1094">
     <span class='ocr_line' id='line_1_32' title="bbox 2157 1030 3730 1094; baseline -0.001 -8"><span class='ocrx_word' id='word_1_235' title='bbox 2157 1046 2535 1094; x_wconf 85' lang='lat' dir='ltr'><strong>communem,</strong></span> <span class='ocrx_word' id='word_1_236' title='bbox 2556 1041 2649 1085; x_wconf 87' lang='lat' dir='ltr'><strong>aut</strong></span> <span class='ocrx_word' id='word_1_237' title='bbox 2672 1030 3016 1086; x_wconf 89' lang='lat' dir='ltr'><strong>immundum</strong></span> <span class='ocrx_word' id='word_1_238' title='bbox 3055 1031 3238 1085; x_wconf 85' lang='lat' dir='ltr'><strong>dicere</strong></span> <span class='ocrx_word' id='word_1_239' title='bbox 3271 1031 3569 1086; x_wconf 84' lang='lat' dir='ltr'><strong>hominem.</strong></span> <span class='ocrx_word' id='word_1_240' title='bbox 3596 1032 3730 1085; x_wconf 87' lang='lat' dir='ltr'><strong>Pro-</strong></span> 
     </span>
    </p>
   </div>
   <div class='ocr_carea' id='block_1_33' title="bbox 2155 1120 3728 1194">
    <p class='ocr_par' dir='ltr' id='par_1_33' title="bbox 2155 1120 3728 1194">
     <span class='ocr_line' id='line_1_33' title="bbox 2155 1120 3728 1194; baseline -0.002 -15"><span class='ocrx_word' id='word_1_241' title='bbox 2155 1132 2273 1194; x_wconf 83' lang='lat' dir='ltr'><strong>pter</strong></span> <span class='ocrx_word' id='word_1_242' title='bbox 2293 1122 2437 1193; x_wconf 89' lang='lat' dir='ltr'><strong>quod</strong></span> <span class='ocrx_word' id='word_1_243' title='bbox 2457 1122 2574 1179; x_wconf 89' lang='lat' dir='ltr'><strong>sine</strong></span> <span class='ocrx_word' id='word_1_244' title='bbox 2591 1122 2932 1177; x_wconf 83' lang='lat' dir='ltr'><strong>dubitatione</strong></span> <span class='ocrx_word' id='word_1_245' title='bbox 2953 1122 3074 1176; x_wconf 83' lang='lat' dir='ltr'><strong>veni</strong></span> <span class='ocrx_word' id='word_1_246' title='bbox 3101 1122 3424 1176; x_wconf 89' lang='lat' dir='ltr'><strong>accersitus.</strong></span> <span class='ocrx_word' id='word_1_247' title='bbox 3450 1120 3728 1192; x_wconf 80' lang='lat' dir='ltr'><strong>Interrogo</strong></span> 
     </span>
    </p>
   </div>
   <div class='ocr_carea' id='block_1_34' title="bbox 2155 1212 3729 1286">
    <p class='ocr_par' dir='ltr' id='par_1_34' title="bbox 2155 1212 3729 1286">
     <span class='ocr_line' id='line_1_34' title="bbox 2155 1212 3729 1286; baseline -0.001 -16"><span class='ocrx_word' id='word_1_248' title='bbox 2155 1230 2305 1286; x_wconf 81' lang='lat' dir='ltr'><strong>ergo,</strong></span> <span class='ocrx_word' id='word_1_249' title='bbox 2331 1229 2493 1283; x_wconf 87' lang='lat' dir='ltr'><strong>quam</strong></span> <span class='ocrx_word' id='word_1_250' title='bbox 2519 1213 2590 1269; x_wconf 90' lang='lat' dir='ltr'><strong>ob</strong></span> <span class='ocrx_word' id='word_1_251' title='bbox 2608 1228 2828 1269; x_wconf 85' lang='lat' dir='ltr'><strong>causam</strong></span> <span class='ocrx_word' id='word_1_252' title='bbox 2855 1213 3171 1268; x_wconf 89' lang='lat' dir='ltr'><strong>accersistis</strong></span> <span class='ocrx_word' id='word_1_253' title='bbox 3205 1228 3291 1284; x_wconf 87' lang='lat' dir='ltr'><strong>me</strong></span> <span class='ocrx_word' id='word_1_254' title='bbox 3331 1213 3354 1265; x_wconf 86' lang='lat'><strong>?</strong></span> <span class='ocrx_word' id='word_1_255' title='bbox 3400 1212 3466 1267; x_wconf 83' lang='lat' dir='ltr'><strong>Et</strong></span> <span class='ocrx_word' id='word_1_256' title='bbox 3522 1214 3729 1269; x_wconf 88' lang='lat' dir='ltr'><strong>Corne-</strong></span> 
     </span>
    </p>
   </div>
   <div class='ocr_carea' id='block_1_35' title="bbox 2160 1303 3726 1375">
    <p class='ocr_par' dir='ltr' id='par_1_35' title="bbox 2160 1303 3726 1375">
     <span class='ocr_line' id='line_1_35' title="bbox 2160 1303 3726 1375; baseline -0.002 -14"><span class='ocrx_word' id='word_1_257' title='bbox 2160 1307 2269 1362; x_wconf 89' lang='lat' dir='ltr'><strong>lius</strong></span> <span class='ocrx_word' id='word_1_258' title='bbox 2306 1306 2416 1360; x_wconf 90' lang='lat' dir='ltr'><strong>ait:</strong></span> <span class='ocrx_word' id='word_1_259' title='bbox 2457 1307 2501 1359; x_wconf 84' lang='lat' dir='ltr'><strong>A</strong></span> <span class='ocrx_word' id='word_1_260' title='bbox 2549 1304 2949 1375; x_wconf 88' lang='lat' dir='ltr'><strong>nudiusquarta</strong></span> <span class='ocrx_word' id='word_1_261' title='bbox 2965 1305 3048 1360; x_wconf 89' lang='lat' dir='ltr'><strong>die</strong></span> <span class='ocrx_word' id='word_1_262' title='bbox 3075 1318 3244 1374; x_wconf 89' lang='lat' dir='ltr'><strong>usque</strong></span> <span class='ocrx_word' id='word_1_263' title='bbox 3264 1303 3330 1357; x_wconf 93' lang='lat' dir='ltr'><strong>ad</strong></span> <span class='ocrx_word' id='word_1_264' title='bbox 3362 1303 3500 1359; x_wconf 90' lang='lat' dir='ltr'><strong>hanc</strong></span> <span class='ocrx_word' id='word_1_265' title='bbox 3517 1307 3726 1370; x_wconf 87' lang='lat' dir='ltr'><strong>horam,</strong></span> 
     </span>
    </p>
   </div>
   <div class='ocr_carea' id='block_1_36' title="bbox 2155 1396 3728 1466">
    <p class='ocr_par' dir='ltr' id='par_1_36' title="bbox 2155 1396 3728 1466">
     <span class='ocr_line' id='line_1_36' title="bbox 2155 1396 3728 1466; baseline -0.003 -11"><span class='ocrx_word' id='word_1_266' title='bbox 2155 1414 2323 1455; x_wconf 85' lang='lat' dir='ltr'><strong>orans</strong></span> <span class='ocrx_word' id='word_1_267' title='bbox 2360 1412 2510 1453; x_wconf 87' lang='lat' dir='ltr'><strong>eram</strong></span> <span class='ocrx_word' id='word_1_268' title='bbox 2565 1398 2700 1451; x_wconf 90' lang='lat' dir='ltr'><strong>hora</strong></span> <span class='ocrx_word' id='word_1_269' title='bbox 2739 1412 2896 1466; x_wconf 47' lang='lat' dir='ltr'><strong>nona.</strong></span> <span class='ocrx_word' id='word_1_270' title='bbox 2925 1396 2980 1451; x_wconf 90' lang='lat' dir='ltr'><strong>in</strong></span> <span class='ocrx_word' id='word_1_271' title='bbox 3022 1396 3184 1452; x_wconf 88' lang='lat' dir='ltr'><strong>domo</strong></span> <span class='ocrx_word' id='word_1_272' title='bbox 3217 1410 3357 1461; x_wconf 88' lang='lat' dir='ltr'><strong>mea,</strong></span> <span class='ocrx_word' id='word_1_273' title='bbox 3394 1404 3447 1452; x_wconf 89' lang='lat' dir='ltr'><strong>ct</strong></span> <span class='ocrx_word' id='word_1_274' title='bbox 3491 1412 3620 1452; x_wconf 87' lang='lat' dir='ltr'><strong>ecce</strong></span> <span class='ocrx_word' id='word_1_275' title='bbox 3647 1398 3728 1451; x_wconf 92' lang='lat' dir='ltr'><strong>vir</strong></span> 
     </span>
    </p>
   </div>
   <div class='ocr_carea' id='block_1_37' title="bbox 2156 1486 3725 1552">
    <p class='ocr_par' dir='ltr' id='par_1_37' title="bbox 2156 1486 3725 1552">
     <span class='ocr_line' id='line_1_37' title="bbox 2156 1486 3725 1552; baseline -0.001 -9"><span class='ocrx_word' id='word_1_276' title='bbox 2156 1491 2308 1544; x_wconf 83' lang='lat' dir='ltr'><strong>stetit</strong></span> <span class='ocrx_word' id='word_1_277' title='bbox 2336 1498 2463 1543; x_wconf 89' lang='lat' dir='ltr'><strong>ante</strong></span> <span class='ocrx_word' id='word_1_278' title='bbox 2515 1504 2601 1543; x_wconf 89' lang='lat' dir='ltr'><strong>me</strong></span> <span class='ocrx_word' id='word_1_279' title='bbox 2639 1488 2693 1543; x_wconf 91' lang='lat' dir='ltr'><strong>in</strong></span> <span class='ocrx_word' id='word_1_280' title='bbox 2728 1496 2878 1544; x_wconf 83' lang='lat' dir='ltr'><strong>veste</strong></span> <span class='ocrx_word' id='word_1_281' title='bbox 2907 1489 3161 1552; x_wconf 87' lang='lat' dir='ltr'><strong>candida,</strong></span> <span class='ocrx_word' id='word_1_282' title='bbox 3200 1495 3254 1544; x_wconf 93' lang='lat' dir='ltr'><strong>et</strong></span> <span class='ocrx_word' id='word_1_283' title='bbox 3293 1488 3370 1543; x_wconf 90' lang='lat' dir='ltr'><strong>ait</strong></span> <span class='ocrx_word' id='word_1_284' title='bbox 3428 1504 3443 1543; x_wconf 89' lang='lat'>:</span> <span class='ocrx_word' id='word_1_285' title='bbox 3483 1486 3725 1549; x_wconf 85' lang='lat' dir='ltr'><strong>Corneli.</strong></span> 
     </span>
    </p>
   </div>
   <div class='ocr_carea' id='block_1_38' title="bbox 2160 1578 3723 1650">
    <p class='ocr_par' dir='ltr' id='par_1_38' title="bbox 2160 1578 3723 1650">
     <span class='ocr_line' id='line_1_38' title="bbox 2160 1578 3723 1650; baseline -0.002 -15"><span class='ocrx_word' id='word_1_286' title='bbox 2160 1578 2415 1635; x_wconf 79' lang='lat' dir='ltr'><strong>exaudita</strong></span> <span class='ocrx_word' id='word_1_287' title='bbox 2448 1591 2535 1635; x_wconf 92' lang='lat' dir='ltr'><strong>est</strong></span> <span class='ocrx_word' id='word_1_288' title='bbox 2572 1579 2749 1634; x_wconf 86' lang='lat' dir='ltr'><strong>oratio</strong></span> <span class='ocrx_word' id='word_1_289' title='bbox 2788 1587 2903 1642; x_wconf 89' lang='lat' dir='ltr'><strong>tua,</strong></span> <span class='ocrx_word' id='word_1_290' title='bbox 2943 1587 2994 1633; x_wconf 91' lang='lat' dir='ltr'><strong>et</strong></span> <span class='ocrx_word' id='word_1_291' title='bbox 3033 1580 3394 1650; x_wconf 74' lang='lat' dir='ltr'><strong>eleemosynae</strong></span> <span class='ocrx_word' id='word_1_292' title='bbox 3427 1586 3533 1634; x_wconf 71' lang='lat' dir='ltr'><strong>tua:</strong></span> <span class='ocrx_word' id='word_1_293' title='bbox 3570 1592 3723 1633; x_wconf 89' lang='lat' dir='ltr'><strong>com-</strong></span> 
     </span>
    </p>
   </div>
   <div class='ocr_carea' id='block_1_39' title="bbox 2156 1666 3725 1739">
    <p class='ocr_par' dir='ltr' id='par_1_39' title="bbox 2156 1666 3725 1739">
     <span class='ocr_line' id='line_1_39' title="bbox 2156 1666 3725 1739; baseline 0.001 -18"><span class='ocrx_word' id='word_1_294' title='bbox 2156 1677 2468 1727; x_wconf 78' lang='lat' dir='ltr'><strong>memoratae</strong></span> <span class='ocrx_word' id='word_1_295' title='bbox 2488 1668 2687 1724; x_wconf 89' lang='lat' dir='ltr'><strong>suntin</strong></span> <span class='ocrx_word' id='word_1_296' title='bbox 2716 1677 3015 1739; x_wconf 90' lang='lat' dir='ltr'><strong>conspectu</strong></span> <span class='ocrx_word' id='word_1_297' title='bbox 3043 1668 3160 1723; x_wconf 88' lang='lat' dir='ltr'><strong>Dei.</strong></span> <span class='ocrx_word' id='word_1_298' title='bbox 3193 1666 3344 1723; x_wconf 81' lang='lat' dir='ltr'><strong>Mitte</strong></span> <span class='ocrx_word' id='word_1_299' title='bbox 3372 1667 3573 1739; x_wconf 78' lang='lat' dir='ltr'><strong>ergoin</strong></span> <span class='ocrx_word' id='word_1_300' title='bbox 3594 1666 3725 1734; x_wconf 79' lang='lat' dir='ltr'><strong>Jon-</strong></span> 
     </span>
    </p>
   </div>
   <div class='ocr_carea' id='block_1_40' title="bbox 2085 1741 3723 1828">
    <p class='ocr_par' dir='ltr' id='par_1_40' title="bbox 2085 1741 3723 1828">
     <span class='ocr_line' id='line_1_40' title="bbox 2085 1741 3723 1828; baseline -0.001 -14"><span class='ocrx_word' id='word_1_301' title='bbox 2085 1741 2127 1796; x_wconf 77' lang='lat' dir='ltr'><strong>B</strong></span> <span class='ocrx_word' id='word_1_302' title='bbox 2154 1773 2278 1828; x_wconf 87' lang='lat' dir='ltr'><strong>pen,</strong></span> <span class='ocrx_word' id='word_1_303' title='bbox 2308 1766 2360 1813; x_wconf 90' lang='lat' dir='ltr'><strong>et</strong></span> <span class='ocrx_word' id='word_1_304' title='bbox 2391 1758 2599 1812; x_wconf 89' lang='lat' dir='ltr'><strong>accersi</strong></span> <span class='ocrx_word' id='word_1_305' title='bbox 2637 1756 2918 1812; x_wconf 89' lang='lat' dir='ltr'><strong>Simonem</strong></span> <span class='ocrx_word' id='word_1_306' title='bbox 2941 1756 3034 1826; x_wconf 90' lang='lat' dir='ltr'><strong>qui</strong></span> <span class='ocrx_word' id='word_1_307' title='bbox 3066 1758 3486 1826; x_wconf 80' lang='lat' dir='ltr'><strong>cognominatur</strong></span> <span class='ocrx_word' id='word_1_308' title='bbox 3503 1757 3723 1814; x_wconf 84' lang='lat' dir='ltr'><strong>Petrus:</strong></span> 
     </span>
    </p>
   </div>
   <div class='ocr_carea' id='block_1_41' title="bbox 2155 1841 3721 1920">
    <p class='ocr_par' dir='ltr' id='par_1_41' title="bbox 2155 1841 3721 1920">
     <span class='ocr_line' id='line_1_41' title="bbox 2155 1841 3721 1920; baseline 0.003 -17"><span class='ocrx_word' id='word_1_309' title='bbox 2155 1851 2242 1904; x_wconf 91' lang='lat' dir='ltr'><strong>hic</strong></span> <span class='ocrx_word' id='word_1_310' title='bbox 2269 1849 2578 1919; x_wconf 86' lang='lat' dir='ltr'><strong>huspitatur</strong></span> <span class='ocrx_word' id='word_1_311' title='bbox 2595 1848 2649 1902; x_wconf 91' lang='lat' dir='ltr'><strong>in</strong></span> <span class='ocrx_word' id='word_1_312' title='bbox 2670 1849 2832 1903; x_wconf 88' lang='lat' dir='ltr'><strong>domo</strong></span> <span class='ocrx_word' id='word_1_313' title='bbox 2848 1841 3086 1903; x_wconf 84' lang='lat' dir='ltr'><strong>Sim&#39;onis</strong></span> <span class='ocrx_word' id='word_1_314' title='bbox 3109 1847 3345 1903; x_wconf 84' lang='lat' dir='ltr'><strong>Coriarii</strong></span> <span class='ocrx_word' id='word_1_315' title='bbox 3372 1849 3531 1920; x_wconf 80' lang='lat' dir='ltr'><strong>juxta</strong></span> <span class='ocrx_word' id='word_1_316' title='bbox 3548 1865 3721 1907; x_wconf 86' lang='lat' dir='ltr'><strong>mare.</strong></span> 
     </span>
    </p>
   </div>
   <div class='ocr_carea' id='block_1_42' title="bbox 2151 1938 3725 2010">
    <p class='ocr_par' dir='ltr' id='par_1_42' title="bbox 2151 1938 3725 2010">
     <span class='ocr_line' id='line_1_42' title="bbox 2151 1938 3725 2010; baseline 0.002 -15"><span class='ocrx_word' id='word_1_317' title='bbox 2151 1940 2446 1995; x_wconf 81' lang='lat' dir='ltr'><strong>Confestim</strong></span> <span class='ocrx_word' id='word_1_318' title='bbox 2480 1954 2612 2010; x_wconf 75' lang='lat' dir='ltr'><strong>ergo</strong></span> <span class='ocrx_word' id='word_1_319' title='bbox 2648 1940 2775 1994; x_wconf 85' lang='lat' dir='ltr'><strong>misi</strong></span> <span class='ocrx_word' id='word_1_320' title='bbox 2809 1938 2875 1994; x_wconf 87' lang='lat' dir='ltr'><strong>ad</strong></span> <span class='ocrx_word' id='word_1_321' title='bbox 2919 1948 2972 1994; x_wconf 92' lang='lat' dir='ltr'><strong>te</strong></span> <span class='ocrx_word' id='word_1_322' title='bbox 3008 1957 3023 1994; x_wconf 88' lang='lat'><strong>:</strong></span> <span class='ocrx_word' id='word_1_323' title='bbox 3057 1946 3111 1995; x_wconf 91' lang='lat' dir='ltr'><strong>et</strong></span> <span class='ocrx_word' id='word_1_324' title='bbox 3170 1947 3230 1994; x_wconf 93' lang='lat' dir='ltr'><strong>tu</strong></span> <span class='ocrx_word' id='word_1_325' title='bbox 3280 1941 3585 1997; x_wconf 83' lang='lat' dir='ltr'><strong>beneﬂcisti</strong></span> <span class='ocrx_word' id='word_1_326' title='bbox 3629 1958 3725 1998; x_wconf 86' lang='lat' dir='ltr'><strong>ve-</strong></span> 
     </span>
    </p>
   </div>
   <div class='ocr_carea' id='block_1_43' title="bbox 2151 2028 3727 2101">
    <p class='ocr_par' dir='ltr' id='par_1_43' title="bbox 2151 2028 3727 2101">
     <span class='ocr_line' id='line_1_43' title="bbox 2151 2028 3727 2101; baseline 0.003 -19"><span class='ocrx_word' id='word_1_327' title='bbox 2151 2029 2374 2084; x_wconf 88' lang='lat' dir='ltr'><strong>niendo.</strong></span> <span class='ocrx_word' id='word_1_328' title='bbox 2396 2028 2554 2084; x_wconf 86' lang='lat' dir='ltr'><strong>Nunc</strong></span> <span class='ocrx_word' id='word_1_329' title='bbox 2582 2043 2711 2099; x_wconf 82' lang='lat' dir='ltr'><strong>ergo</strong></span> <span class='ocrx_word' id='word_1_330' title='bbox 2728 2043 2920 2085; x_wconf 78' lang='lat' dir='ltr'><strong>onines</strong></span> <span class='ocrx_word' id='word_1_331' title='bbox 2937 2045 3035 2085; x_wconf 90' lang='lat' dir='ltr'><strong>nos</strong></span> <span class='ocrx_word' id='word_1_332' title='bbox 3057 2028 3114 2084; x_wconf 90' lang='lat' dir='ltr'><strong>in</strong></span> <span class='ocrx_word' id='word_1_333' title='bbox 3146 2037 3443 2101; x_wconf 86' lang='lat' dir='ltr'><strong>conspectu</strong></span> <span class='ocrx_word' id='word_1_334' title='bbox 3490 2039 3584 2086; x_wconf 91' lang='lat' dir='ltr'><strong>tuo</strong></span> <span class='ocrx_word' id='word_1_335' title='bbox 3631 2031 3727 2086; x_wconf 87' lang='lat' dir='ltr'><strong>ad-</strong></span> 
     </span>
    </p>
   </div>
   <div class='ocr_carea' id='block_1_44' title="bbox 2152 2118 3724 2190">
    <p class='ocr_par' dir='ltr' id='par_1_44' title="bbox 2152 2118 3724 2190">
     <span class='ocr_line' id='line_1_44' title="bbox 2152 2118 3724 2190; baseline -0.001 -15"><span class='ocrx_word' id='word_1_336' title='bbox 2152 2134 2366 2185; x_wconf 79' lang='lat' dir='ltr'><strong>sumus,</strong></span> <span class='ocrx_word' id='word_1_337' title='bbox 2395 2119 2585 2175; x_wconf 87' lang='lat' dir='ltr'><strong>audire</strong></span> <span class='ocrx_word' id='word_1_338' title='bbox 2613 2118 2797 2173; x_wconf 88' lang='lat' dir='ltr'><strong>omnia</strong></span> <span class='ocrx_word' id='word_1_339' title='bbox 2816 2133 3160 2189; x_wconf 65' lang='lat' dir='ltr'><strong>quaecunque</strong></span> <span class='ocrx_word' id='word_1_340' title='bbox 3191 2119 3290 2175; x_wconf 89' lang='lat' dir='ltr'><strong>tibi</strong></span> <span class='ocrx_word' id='word_1_341' title='bbox 3314 2127 3724 2190; x_wconf 69' lang='lat' dir='ltr'><strong>praeceptasunt</strong></span> 
     </span>
    </p>
   </div>
   <div class='ocr_carea' id='block_1_45' title="bbox 2152 2211 2468 2266">
    <p class='ocr_par' dir='ltr' id='par_1_45' title="bbox 2152 2211 2468 2266">
     <span class='ocr_line' id='line_1_45' title="bbox 2152 2211 2468 2266; baseline 0.003 -1"><span class='ocrx_word' id='word_1_342' title='bbox 2152 2226 2182 2265; x_wconf 90' lang='lat' dir='ltr'><strong>a</strong></span> <span class='ocrx_word' id='word_1_343' title='bbox 2217 2211 2468 2266; x_wconf 91' lang='lat' dir='ltr'><strong>Domino.</strong></span> 
     </span>
    </p>
   </div>
   <div class='ocr_carea' id='block_1_46' title="bbox 480 2298 3722 2377">
    <p class='ocr_par' dir='ltr' id='par_1_46' title="bbox 480 2298 3722 2377">
     <span class='ocr_line' id='line_1_46' title="bbox 480 2298 3722 2377; baseline -0.001 -19"><span class='ocrx_word' id='word_1_344' title='bbox 480 2306 744 2374; x_wconf 69' lang='grc' dir='ltr'>ἐποίησας</span> <span class='ocrx_word' id='word_1_345' title='bbox 798 2306 1261 2377; x_wconf 84' lang='grc' dir='ltr'>παραγενόμενος.</span> <span class='ocrx_word' id='word_1_346' title='bbox 1316 2305 1432 2359; x_wconf 82' lang='grc' dir='ltr'>Νῦν</span> <span class='ocrx_word' id='word_1_347' title='bbox 1485 2305 1577 2360; x_wconf 81' lang='grc' dir='ltr'>οὖν</span> <span class='ocrx_word' id='word_1_348' title='bbox 1630 2305 1834 2368; x_wconf 78' lang='grc' dir='ltr'>πάντες</span> <span class='ocrx_word' id='word_1_349' title='bbox 1885 2306 2046 2375; x_wconf 77' lang='grc' dir='ltr'>ἡμεῖς</span> <span class='ocrx_word' id='word_1_350' title='bbox 2087 2302 2316 2357; x_wconf 77' lang='grc' dir='ltr'>ἐνώπιον</span> <span class='ocrx_word' id='word_1_351' title='bbox 2342 2302 2437 2357; x_wconf 85' lang='grc' dir='ltr'><strong>τοῦ</strong></span> <span class='ocrx_word' id='word_1_352' title='bbox 2459 2300 2594 2356; x_wconf 88' lang='grc' dir='ltr'><strong>Θεοῦ</strong></span> <span class='ocrx_word' id='word_1_353' title='bbox 2619 2300 2925 2374; x_wconf 82' lang='grc' dir='ltr'>πάρεσμεν,</span> <span class='ocrx_word' id='word_1_354' title='bbox 2943 2298 3175 2356; x_wconf 82' lang='grc' dir='ltr'>ἀκοῦσαι</span> <span class='ocrx_word' id='word_1_355' title='bbox 3197 2302 3373 2360; x_wconf 78' lang='grc' dir='ltr'>πάντα</span> <span class='ocrx_word' id='word_1_356' title='bbox 3431 2301 3501 2357; x_wconf 74' lang='grc' dir='ltr'>τὰ</span> <span class='ocrx_word' id='word_1_357' title='bbox 3562 2318 3722 2374; x_wconf 83' lang='grc' dir='ltr'>προσ-</span> 
     </span>
    </p>
   </div>
   <div class='ocr_carea' id='block_1_47' title="bbox 478 2393 1346 2464">
    <p class='ocr_par' dir='ltr' id='par_1_47' title="bbox 478 2393 1346 2464">
     <span class='ocr_line' id='line_1_47' title="bbox 478 2393 1346 2464; baseline 0.001 -16"><span class='ocrx_word' id='word_1_358' title='bbox 478 2395 788 2464; x_wconf 82' lang='grc' dir='ltr'>τεταγμένα</span> <span class='ocrx_word' id='word_1_359' title='bbox 819 2410 905 2447; x_wconf 87' lang='grc' dir='ltr'>σοι.</span> <span class='ocrx_word' id='word_1_360' title='bbox 933 2394 1038 2447; x_wconf 80' lang='grc' dir='ltr'>ὑπὸ</span> <span class='ocrx_word' id='word_1_361' title='bbox 1062 2395 1158 2449; x_wconf 86' lang='grc' dir='ltr'><strong>τοῦ</strong></span> <span class='ocrx_word' id='word_1_362' title='bbox 1185 2393 1346 2449; x_wconf 87' lang='grc' dir='ltr'>Θεοῦ.</span> 
     </span>
    </p>
   </div>
   <div class='ocr_carea' id='block_1_48' title="bbox 1067 2548 1451 2605">
    <p class='ocr_par' dir='ltr' id='par_1_48' title="bbox 1067 2548 1451 2605">
     <span class='ocr_line' id='line_1_48' title="bbox 1067 2548 1451 2605; baseline 0.013 -5"><span class='ocrx_word' id='word_1_363' title='bbox 1067 2548 1451 2605; x_wconf 80' lang='lat' dir='ltr'><strong>EPMHNEIA.</strong></span> 
     </span>
    </p>
   </div>
   <div class='ocr_carea' id='block_1_49' title="bbox 550 2657 2047 2734">
    <p class='ocr_par' dir='ltr' id='par_1_49' title="bbox 550 2657 2047 2734">
     <span class='ocr_line' id='line_1_49' title="bbox 550 2657 2047 2734; baseline 0 -21"><span class='ocrx_word' id='word_1_364' title='bbox 550 2661 766 2714; x_wconf 81' lang='grc' dir='ltr'>Ἔοικεν</span> <span class='ocrx_word' id='word_1_365' title='bbox 793 2657 950 2725; x_wconf 75' lang='grc' dir='ltr'>οὗτος</span> <span class='ocrx_word' id='word_1_366' title='bbox 976 2667 1206 2732; x_wconf 80' lang='grc' dir='ltr'>καιροὺς</span> <span class='ocrx_word' id='word_1_367' title='bbox 1246 2663 1510 2734; x_wconf 77' lang='grc' dir='ltr'>ὡρικέναι</span> <span class='ocrx_word' id='word_1_368' title='bbox 1546 2660 1697 2730; x_wconf 82' lang='grc' dir='ltr'><strong>αύτῷ</strong></span> <span class='ocrx_word' id='word_1_369' title='bbox 1741 2659 1856 2732; x_wconf 86' lang='grc' dir='ltr'>βίου</span> <span class='ocrx_word' id='word_1_370' title='bbox 1887 2660 2047 2731; x_wconf 86' lang='grc' dir='ltr'>ἀκρι-</span> 
     </span>
    </p>
   </div>
   <div class='ocr_carea' id='block_1_50' title="bbox 479 2747 2099 2826">
    <p class='ocr_par' dir='ltr' id='par_1_50' title="bbox 479 2747 2099 2826">
     <span class='ocr_line' id='line_1_50' title="bbox 479 2747 2099 2826; baseline 0 -21"><span class='ocrx_word' id='word_1_371' title='bbox 479 2752 762 2823; x_wconf 79' lang='grc' dir='ltr'>ϐεστέρου,</span> <span class='ocrx_word' id='word_1_372' title='bbox 783 2754 878 2807; x_wconf 76' lang='grc' dir='ltr'>καὶ</span> <span class='ocrx_word' id='word_1_373' title='bbox 902 2752 960 2806; x_wconf 77' lang='grc' dir='ltr'>ἐν</span> <span class='ocrx_word' id='word_1_374' title='bbox 983 2771 1126 2809; x_wconf 88' lang='grc' dir='ltr'>τισιν</span> <span class='ocrx_word' id='word_1_375' title='bbox 1147 2754 1407 2826; x_wconf 82' lang='grc' dir='ltr'>ἡμέραις.</span> <span class='ocrx_word' id='word_1_376' title='bbox 1432 2753 1530 2807; x_wconf 82' lang='grc' dir='ltr'>Διά</span> <span class='ocrx_word' id='word_1_377' title='bbox 1552 2752 1661 2824; x_wconf 80' lang='grc' dir='ltr'><strong>γὰρ</strong></span> <span class='ocrx_word' id='word_1_378' title='bbox 1680 2752 1839 2807; x_wconf 86' lang='grc' dir='ltr'>τοῦτο</span> <span class='ocrx_word' id='word_1_379' title='bbox 1861 2747 2013 2805; x_wconf 78' lang='grc' dir='ltr'>εἶπεν</span> <span class='ocrx_word' id='word_1_380' title='bbox 2030 2768 2043 2780; x_wconf 90' lang='grc'><strong>·</strong></span> <span class='ocrx_word' id='word_1_381' title='bbox 2096 2784 2099 2785; x_wconf 53' lang='grc' dir='ltr'><strong>ν</strong></span> 
     </span>
    </p>
   </div>
   <div class='ocr_carea' id='block_1_51' title="bbox 2646 2539 3210 2599">
    <p class='ocr_par' dir='ltr' id='par_1_51' title="bbox 2646 2539 3210 2599">
     <span class='ocr_line' id='line_1_51' title="bbox 2646 2539 3210 2599; baseline -0.007 0"><span class='ocrx_word' id='word_1_382' title='bbox 2646 2539 3210 2599; x_wconf 78' lang='lat' dir='ltr'><strong>COMMENTARIUS.</strong></span> 
     </span>
    </p>
   </div>
   <div class='ocr_carea' id='block_1_52' title="bbox 2224 2654 3719 2725">
    <p class='ocr_par' dir='ltr' id='par_1_52' title="bbox 2224 2654 3719 2725">
     <span class='ocr_line' id='line_1_52' title="bbox 2224 2654 3719 2725; baseline 0.001 -16"><span class='ocrx_word' id='word_1_383' title='bbox 2224 2657 2451 2712; x_wconf 71' lang='lat' dir='ltr'><strong>Videtur</strong></span> <span class='ocrx_word' id='word_1_384' title='bbox 2477 2654 2773 2711; x_wconf 84' lang='lat' dir='ltr'><strong>Cornelius</strong></span> <span class='ocrx_word' id='word_1_385' title='bbox 2811 2664 3050 2725; x_wconf 87' lang='lat' dir='ltr'><strong>tempora</strong></span> <span class='ocrx_word' id='word_1_386' title='bbox 3113 2654 3360 2725; x_wconf 74' lang='lat' dir='ltr'><strong>quaedam</strong></span> <span class='ocrx_word' id='word_1_387' title='bbox 3429 2655 3719 2711; x_wconf 82' lang='lat' dir='ltr'><strong>severioris</strong></span> 
     </span>
    </p>
   </div>
   <div class='ocr_carea' id='block_1_53' title="bbox 2152 2744 3717 2816">
    <p class='ocr_par' dir='ltr' id='par_1_53' title="bbox 2152 2744 3717 2816">
     <span class='ocr_line' id='line_1_53' title="bbox 2152 2744 3717 2816; baseline 0.001 -16"><span class='ocrx_word' id='word_1_388' title='bbox 2152 2746 2275 2800; x_wconf 74' lang='lat' dir='ltr'><strong>vine</strong></span> <span class='ocrx_word' id='word_1_389' title='bbox 2320 2745 2425 2800; x_wconf 87' lang='lat' dir='ltr'><strong>sibi</strong></span> <span class='ocrx_word' id='word_1_390' title='bbox 2454 2744 2855 2814; x_wconf 61' lang='lat' dir='ltr'><strong>praestituisse:</strong></span> <span class='ocrx_word' id='word_1_391' title='bbox 2892 2745 3015 2798; x_wconf 87' lang='lat' dir='ltr'><strong>ideo</strong></span> <span class='ocrx_word' id='word_1_392' title='bbox 3042 2744 3204 2816; x_wconf 63' lang='grc'><strong>24⁸1</strong></span> <span class='ocrx_word' id='word_1_393' title='bbox 3238 2744 3385 2799; x_wconf 90' lang='lat' dir='ltr'><strong>enim</strong></span> <span class='ocrx_word' id='word_1_394' title='bbox 3416 2745 3554 2799; x_wconf 81' lang='lat' dir='ltr'><strong>dixit</strong></span> <span class='ocrx_word' id='word_1_395' title='bbox 3590 2760 3605 2794; x_wconf 90' lang='lat'><strong>:</strong></span> <span class='ocrx_word' id='word_1_396' title='bbox 3646 2747 3717 2801; x_wconf 76' lang='grc' dir='ltr'><strong>«Δ</strong></span> 
     </span>
    </p>
   </div>
   <div class='ocr_carea' id='block_1_54' title="bbox 484 2833 2053 2915">
    <p class='ocr_par' dir='ltr' id='par_1_54' title="bbox 484 2839 2046 2915">
     <span class='ocr_line' id='line_1_54' title="bbox 484 2839 2046 2915; baseline -0.001 -19"><span class='ocrx_word' id='word_1_397' title='bbox 484 2863 503 2896; x_wconf 79' lang='grc' dir='ltr'><strong>ι</strong></span> <span class='ocrx_word' id='word_1_398' title='bbox 544 2843 678 2896; x_wconf 78' lang='grc' dir='ltr'>’Δπὸ</span> <span class='ocrx_word' id='word_1_399' title='bbox 705 2843 975 2915; x_wconf 80' lang='grc' dir='ltr'>τετάρτης</span> <span class='ocrx_word' id='word_1_400' title='bbox 999 2844 1233 2915; x_wconf 79' lang='grc' dir='ltr'>ἡμέρας.</span> <span class='ocrx_word' id='word_1_401' title='bbox 1272 2862 1291 2895; x_wconf 73' lang='grc' dir='ltr'><strong>ι</strong></span> <span class='ocrx_word' id='word_1_402' title='bbox 1331 2844 1462 2898; x_wconf 86' lang='grc' dir='ltr'>Ὅτε</span> <span class='ocrx_word' id='word_1_403' title='bbox 1491 2839 1584 2898; x_wconf 77' lang='grc' dir='ltr'>οὖν</span> <span class='ocrx_word' id='word_1_404' title='bbox 1615 2844 1866 2912; x_wconf 84' lang='grc' dir='ltr'>φαίνεται</span> <span class='ocrx_word' id='word_1_405' title='bbox 1898 2839 2046 2910; x_wconf 76' lang='grc' dir='ltr'>αὐτῷ</span> 
     </span>
    </p>
   </div>
   <div class='ocr_carea' id='block_1_55' title="bbox 2151 2833 3717 2915">
    <p class='ocr_par' dir='ltr' id='par_1_55' title="bbox 2153 2833 3717 2906">
     <span class='ocr_line' id='line_1_55' title="bbox 2153 2833 3717 2906; baseline -0.001 -17"><span class='ocrx_word' id='word_1_406' title='bbox 2153 2836 2556 2906; x_wconf 85' lang='lat' dir='ltr'><strong>nudiusquarta</strong></span> <span class='ocrx_word' id='word_1_407' title='bbox 2584 2835 2695 2891; x_wconf 91' lang='lat' dir='ltr'><strong>die.</strong></span> <span class='ocrx_word' id='word_1_408' title='bbox 2724 2854 2743 2888; x_wconf 75' lang='grc' dir='ltr'><strong>ι</strong></span> <span class='ocrx_word' id='word_1_409' title='bbox 2781 2833 3006 2891; x_wconf 87' lang='lat' dir='ltr'><strong>Scilicet</strong></span> <span class='ocrx_word' id='word_1_410' title='bbox 3031 2836 3208 2905; x_wconf 88' lang='lat' dir='ltr'><strong>prima</strong></span> <span class='ocrx_word' id='word_1_411' title='bbox 3237 2833 3328 2889; x_wconf 88' lang='lat' dir='ltr'><strong>die</strong></span> <span class='ocrx_word' id='word_1_412' title='bbox 3366 2835 3619 2904; x_wconf 87' lang='lat' dir='ltr'><strong>apparuit</strong></span> <span class='ocrx_word' id='word_1_413' title='bbox 3666 2837 3717 2888; x_wconf 89' lang='lat' dir='ltr'><strong>ei</strong></span> 
     </span>
    </p>
   </div>
   <div class='ocr_carea' id='block_1_56' title="bbox 474 2924 2053 3006">
    <p class='ocr_par' dir='ltr' id='par_1_56' title="bbox 474 2932 2047 3006">
     <span class='ocr_line' id='line_1_56' title="bbox 474 2932 2047 3006; baseline -0.003 -19"><span class='ocrx_word' id='word_1_414' title='bbox 474 2936 506 2987; x_wconf 92' lang='lat'><strong>6</strong></span> <span class='ocrx_word' id='word_1_415' title='bbox 554 2933 807 3002; x_wconf 76' lang='grc' dir='ltr'>ἄγγελος,</span> <span class='ocrx_word' id='word_1_416' title='bbox 856 2933 996 3006; x_wconf 83' lang='grc' dir='ltr'>αῦτη</span> <span class='ocrx_word' id='word_1_417' title='bbox 1037 2936 1138 3005; x_wconf 89' lang='grc' dir='ltr'><strong>μία</strong></span> <span class='ocrx_word' id='word_1_418' title='bbox 1195 2936 1414 3006; x_wconf 78' lang='grc' dir='ltr'>ἡμέρα·</span> <span class='ocrx_word' id='word_1_419' title='bbox 1458 2935 1555 2989; x_wconf 75' lang='grc' dir='ltr'>καὶ</span> <span class='ocrx_word' id='word_1_420' title='bbox 1595 2936 1662 3006; x_wconf 74' lang='grc' dir='ltr'><strong>ην</strong></span> <span class='ocrx_word' id='word_1_421' title='bbox 1712 2932 1956 3003; x_wconf 79' lang='grc' dir='ltr'>ἀπῆλθον</span> <span class='ocrx_word' id='word_1_422' title='bbox 1999 2933 2047 2985; x_wconf 82' lang='lat' dir='ltr'><strong>oi</strong></span> 
     </span>
    </p>
   </div>
   <div class='ocr_carea' id='block_1_57' title="bbox 2151 2924 3715 3006">
    <p class='ocr_par' dir='ltr' id='par_1_57' title="bbox 2154 2924 3715 2996">
     <span class='ocr_line' id='line_1_57' title="bbox 2154 2924 3715 2996; baseline -0.001 -15"><span class='ocrx_word' id='word_1_423' title='bbox 2154 2927 2411 2996; x_wconf 76' lang='lat' dir='ltr'><strong>angelus;</strong></span> <span class='ocrx_word' id='word_1_424' title='bbox 2444 2926 2639 2988; x_wconf 87' lang='lat' dir='ltr'><strong>altera.</strong></span> <span class='ocrx_word' id='word_1_425' title='bbox 2662 2934 3026 2994; x_wconf 79' lang='lat' dir='ltr'><strong>perrexerunt</strong></span> <span class='ocrx_word' id='word_1_426' title='bbox 3050 2926 3229 2981; x_wconf 89' lang='lat' dir='ltr'><strong>nuntii</strong></span> <span class='ocrx_word' id='word_1_427' title='bbox 3260 2924 3498 2981; x_wconf 89' lang='lat' dir='ltr'><strong>Cornelii</strong></span> <span class='ocrx_word' id='word_1_428' title='bbox 3520 2943 3535 2993; x_wconf 91' lang='lat'><strong>;</strong></span> <span class='ocrx_word' id='word_1_429' title='bbox 3556 2927 3715 2981; x_wconf 79' lang='lat' dir='ltr'><strong>tertia</strong></span> 
     </span>
    </p>
   </div>
   <div class='ocr_carea' id='block_1_58' title="bbox 477 3013 2053 3098">
    <p class='ocr_par' dir='ltr' id='par_1_58' title="bbox 477 3020 2043 3098">
     <span class='ocr_line' id='line_1_58' title="bbox 477 3020 2043 3098; baseline 0 -21"><span class='ocrx_word' id='word_1_430' title='bbox 477 3026 820 3095; x_wconf 81' lang='grc' dir='ltr'>πεμφθέντες</span> <span class='ocrx_word' id='word_1_431' title='bbox 879 3028 1032 3098; x_wconf 81' lang='grc' dir='ltr'>παρὰ</span> <span class='ocrx_word' id='word_1_432' title='bbox 1089 3029 1413 3096; x_wconf 83' lang='grc' dir='ltr'>Κορνηλίου,</span> <span class='ocrx_word' id='word_1_433' title='bbox 1450 3028 1580 3097; x_wconf 79' lang='grc' dir='ltr'>μίαο</span> <span class='ocrx_word' id='word_1_434' title='bbox 1618 3027 1711 3081; x_wconf 75' lang='grc' dir='ltr'>καὶ</span> <span class='ocrx_word' id='word_1_435' title='bbox 1746 3025 1815 3096; x_wconf 77' lang='grc' dir='ltr'>ἣν</span> <span class='ocrx_word' id='word_1_436' title='bbox 1857 3020 2043 3095; x_wconf 82' lang='grc' dir='ltr'>ἦλθον,</span> 
     </span>
    </p>
   </div>
   <div class='ocr_carea' id='block_1_59' title="bbox 2151 3013 3716 3098">
    <p class='ocr_par' dir='ltr' id='par_1_59' title="bbox 2152 3013 3716 3089">
     <span class='ocr_line' id='line_1_59' title="bbox 2152 3013 3716 3089; baseline -0.001 -19"><span class='ocrx_word' id='word_1_437' title='bbox 2152 3015 2469 3079; x_wconf 79' lang='lat' dir='ltr'><strong>redierunt;</strong></span> <span class='ocrx_word' id='word_1_438' title='bbox 2503 3022 2559 3069; x_wconf 91' lang='lat' dir='ltr'><strong>et</strong></span> <span class='ocrx_word' id='word_1_439' title='bbox 2591 3024 2789 3089; x_wconf 85' lang='lat' dir='ltr'><strong>quarta</strong></span> <span class='ocrx_word' id='word_1_440' title='bbox 2811 3022 2917 3080; x_wconf 89' lang='lat' dir='ltr'><strong>est,</strong></span> <span class='ocrx_word' id='word_1_441' title='bbox 2939 3030 3048 3089; x_wconf 86' lang='lat' dir='ltr'><strong>qua</strong></span> <span class='ocrx_word' id='word_1_442' title='bbox 3070 3013 3305 3071; x_wconf 89' lang='lat' dir='ltr'><strong>accessit</strong></span> <span class='ocrx_word' id='word_1_443' title='bbox 3340 3014 3408 3067; x_wconf 90' lang='lat' dir='ltr'><strong>ad</strong></span> <span class='ocrx_word' id='word_1_444' title='bbox 3436 3028 3559 3069; x_wconf 90' lang='lat' dir='ltr'><strong>eum</strong></span> <span class='ocrx_word' id='word_1_445' title='bbox 3615 3014 3716 3070; x_wconf 86' lang='lat' dir='ltr'><strong>Pe-</strong></span> 
     </span>
    </p>
   </div>
   <div class='ocr_carea' id='block_1_60' title="bbox 482 3106 2053 3189">
    <p class='ocr_par' dir='ltr' id='par_1_60' title="bbox 482 3112 2049 3189">
     <span class='ocr_line' id='line_1_60' title="bbox 482 3112 2049 3189; baseline -0.001 -22"><span class='ocrx_word' id='word_1_446' title='bbox 482 3115 614 3184; x_wconf 88' lang='grc' dir='ltr'>μία·</span> <span class='ocrx_word' id='word_1_447' title='bbox 672 3117 770 3169; x_wconf 78' lang='grc' dir='ltr'>καὶ</span> <span class='ocrx_word' id='word_1_448' title='bbox 804 3118 1063 3187; x_wconf 81' lang='grc' dir='ltr'>τετάρτη,</span> <span class='ocrx_word' id='word_1_449' title='bbox 1194 3118 1370 3187; x_wconf 71' lang='grc' dir='ltr'>ἐφάνη</span> <span class='ocrx_word' id='word_1_450' title='bbox 1408 3118 1539 3170; x_wconf 82' lang='grc' dir='ltr'>ὡσεὶ</span> <span class='ocrx_word' id='word_1_451' title='bbox 1572 3116 1764 3187; x_wconf 80' lang='grc' dir='ltr'>τρίτην</span> <span class='ocrx_word' id='word_1_452' title='bbox 1789 3115 1960 3184; x_wconf 82' lang='grc' dir='ltr'>ὥραν,</span> <span class='ocrx_word' id='word_1_453' title='bbox 1992 3115 2049 3167; x_wconf 81' lang='grc' dir='ltr'>ὲν</span> 
     </span>
    </p>
   </div>
   <div class='ocr_carea' id='block_1_61' title="bbox 2151 3106 3720 3189">
    <p class='ocr_par' dir='ltr' id='par_1_61' title="bbox 2152 3106 3720 3177">
     <span class='ocr_line' id='line_1_61' title="bbox 2152 3106 3720 3177; baseline 0.003 -19"><span class='ocrx_word' id='word_1_454' title='bbox 2152 3112 2271 3160; x_wconf 89' lang='lat' dir='ltr'><strong>trus</strong></span> <span class='ocrx_word' id='word_1_455' title='bbox 2301 3106 2449 3160; x_wconf 86' lang='lat' dir='ltr'><strong>circa</strong></span> <span class='ocrx_word' id='word_1_456' title='bbox 2471 3106 2661 3161; x_wconf 84' lang='lat' dir='ltr'><strong>horam</strong></span> <span class='ocrx_word' id='word_1_457' title='bbox 2702 3107 2942 3171; x_wconf 86' lang='lat' dir='ltr'><strong>tertiam,</strong></span> <span class='ocrx_word' id='word_1_458' title='bbox 2987 3107 3212 3176; x_wconf 86' lang='lat' dir='ltr'><strong>quando</strong></span> <span class='ocrx_word' id='word_1_459' title='bbox 3276 3109 3491 3164; x_wconf 88' lang='lat' dir='ltr'><strong>orabat.</strong></span> <span class='ocrx_word' id='word_1_460' title='bbox 3542 3110 3720 3177; x_wconf 84' lang='lat' dir='ltr'><strong>Atque</strong></span> 
     </span>
    </p>
   </div>
   <div class='ocr_carea' id='block_1_62' title="bbox 478 3195 2053 3275">
    <p class='ocr_par' dir='ltr' id='par_1_62' title="bbox 478 3198 2041 3275">
     <span class='ocr_line' id='line_1_62' title="bbox 478 3198 2041 3275; baseline 0.001 -21"><span class='ocrx_word' id='word_1_461' title='bbox 478 3198 511 3275; x_wconf 81' lang='grc' dir='ltr'>ᾖ</span> <span class='ocrx_word' id='word_1_462' title='bbox 538 3203 901 3272; x_wconf 80' lang='grc' dir='ltr'>προσηύξατο.</span> <span class='ocrx_word' id='word_1_463' title='bbox 935 3205 1081 3275; x_wconf 89' lang='grc' dir='ltr'>Ὅρα</span> <span class='ocrx_word' id='word_1_464' title='bbox 1106 3206 1199 3259; x_wconf 83' lang='grc' dir='ltr'><strong>οῦν</strong></span> <span class='ocrx_word' id='word_1_465' title='bbox 1224 3207 1285 3259; x_wconf 90' lang='grc' dir='ltr'><strong>τὸ</strong></span> <span class='ocrx_word' id='word_1_466' title='bbox 1312 3206 1545 3274; x_wconf 82' lang='grc' dir='ltr'>μέγεθος</span> <span class='ocrx_word' id='word_1_467' title='bbox 1580 3205 1683 3275; x_wconf 84' lang='grc' dir='ltr'>τῆς</span> <span class='ocrx_word' id='word_1_468' title='bbox 1709 3205 1875 3273; x_wconf 82' lang='grc' dir='ltr'>εὐχῆς</span> <span class='ocrx_word' id='word_1_469' title='bbox 1896 3220 1911 3236; x_wconf 87' lang='grc'><strong>·</strong></span> <span class='ocrx_word' id='word_1_470' title='bbox 1951 3204 2041 3257; x_wconf 80' lang='grc' dir='ltr'>ὅτε</span> 
     </span>
    </p>
   </div>
   <div class='ocr_carea' id='block_1_63' title="bbox 2151 3195 3716 3275">
    <p class='ocr_par' dir='ltr' id='par_1_63' title="bbox 2151 3195 3716 3267">
     <span class='ocr_line' id='line_1_63' title="bbox 2151 3195 3716 3267; baseline 0.002 -18"><span class='ocrx_word' id='word_1_471' title='bbox 2151 3196 2288 3251; x_wconf 90' lang='lat' dir='ltr'><strong>adeo</strong></span> <span class='ocrx_word' id='word_1_472' title='bbox 2315 3195 2557 3251; x_wconf 82' lang='lat' dir='ltr'><strong>observa</strong></span> <span class='ocrx_word' id='word_1_473' title='bbox 2577 3196 2844 3251; x_wconf 81' lang='lat' dir='ltr'><strong>orationis</strong></span> <span class='ocrx_word' id='word_1_474' title='bbox 2872 3196 2995 3265; x_wconf 89' lang='lat' dir='ltr'><strong>ejus</strong></span> <span class='ocrx_word' id='word_1_475' title='bbox 3013 3196 3456 3266; x_wconf 86' lang='lat' dir='ltr'><strong>diuturnitatem,</strong></span> <span class='ocrx_word' id='word_1_476' title='bbox 3481 3198 3716 3267; x_wconf 88' lang='lat' dir='ltr'><strong>etquod,</strong></span> 
     </span>
    </p>
   </div>
   <div class='ocr_carea' id='block_1_64' title="bbox 476 3294 2044 3365">
    <p class='ocr_par' dir='ltr' id='par_1_64' title="bbox 476 3294 2044 3365">
     <span class='ocr_line' id='line_1_64' title="bbox 476 3294 2044 3365; baseline 0.001 -21"><span class='ocrx_word' id='word_1_477' title='bbox 476 3294 751 3348; x_wconf 72' lang='grc' dir='ltr'>ἐπέδωκεν</span> <span class='ocrx_word' id='word_1_478' title='bbox 781 3295 862 3358; x_wconf 86' lang='grc' dir='ltr'><strong>είς</strong></span> <span class='ocrx_word' id='word_1_479' title='bbox 893 3295 1203 3362; x_wconf 76' lang='grc' dir='ltr'>εὐλάϐειαν,</span> <span class='ocrx_word' id='word_1_480' title='bbox 1229 3298 1351 3350; x_wconf 87' lang='grc' dir='ltr'>τότε</span> <span class='ocrx_word' id='word_1_481' title='bbox 1375 3297 1624 3365; x_wconf 87' lang='grc' dir='ltr'>φαίνεται</span> <span class='ocrx_word' id='word_1_482' title='bbox 1646 3294 1796 3365; x_wconf 71' lang='grc' dir='ltr'>αὐτῷ</span> <span class='ocrx_word' id='word_1_483' title='bbox 1820 3296 1849 3348; x_wconf 92' lang='lat'><strong>6</strong></span> <span class='ocrx_word' id='word_1_484' title='bbox 1877 3294 2044 3364; x_wconf 74' lang='grc' dir='ltr'>ἄγγε-</span> 
     </span>
    </p>
   </div>
   <div class='ocr_carea' id='block_1_65' title="bbox 476 3401 586 3450">
    <p class='ocr_par' dir='ltr' id='par_1_65' title="bbox 476 3401 586 3450">
     <span class='ocr_line' id='line_1_65' title="bbox 476 3401 586 3450; baseline 0.045 -15"><span class='ocrx_word' id='word_1_485' title='bbox 476 3401 586 3450; x_wconf 62' lang='grc' dir='ltr'>λος.</span> 
     </span>
    </p>
   </div>
   <div class='ocr_carea' id='block_1_66' title="bbox 891 3493 1591 3567">
    <p class='ocr_par' dir='ltr' id='par_1_66' title="bbox 891 3493 1591 3567">
     <span class='ocr_line' id='line_1_66' title="bbox 891 3493 1591 3567; baseline 0.003 -18"><span class='ocrx_word' id='word_1_486' title='bbox 891 3497 970 3567; x_wconf 77' lang='grc' dir='ltr'><strong>Τῇ</strong></span> <span class='ocrx_word' id='word_1_487' title='bbox 1003 3494 1045 3549; x_wconf 78' lang='grc' dir='ltr'>δ’</span> <span class='ocrx_word' id='word_1_488' title='bbox 1077 3496 1174 3567; x_wconf 78' lang='grc' dir='ltr'>τῆς</span> <span class='ocrx_word' id='word_1_489' title='bbox 1205 3496 1246 3549; x_wconf 85' lang='grc' dir='ltr'>δ’</span> <span class='ocrx_word' id='word_1_490' title='bbox 1276 3493 1591 3566; x_wconf 76' lang='grc' dir='ltr'>ἑϐδομάδος.</span> 
     </span>
    </p>
   </div>
   <div class='ocr_carea' id='block_1_67' title="bbox 1037 3630 1427 3686">
    <p class='ocr_par' dir='ltr' id='par_1_67' title="bbox 1037 3630 1427 3686">
     <span class='ocr_line' id='line_1_67' title="bbox 1037 3630 1427 3686; baseline 0 -1"><span class='ocrx_word' id='word_1_491' title='bbox 1037 3630 1427 3686; x_wconf 83' lang='lat' dir='ltr'><strong>KEIMENON.</strong></span> 
     </span>
    </p>
   </div>
   <div class='ocr_carea' id='block_1_68' title="bbox 542 3731 2041 3809">
    <p class='ocr_par' dir='ltr' id='par_1_68' title="bbox 542 3731 2041 3809">
     <span class='ocr_line' id='line_1_68' title="bbox 542 3731 2041 3809; baseline -0.003 -17"><span class='ocrx_word' id='word_1_492' title='bbox 542 3738 788 3804; x_wconf 77' lang='grc' dir='ltr'>Ἀνοίξας</span> <span class='ocrx_word' id='word_1_493' title='bbox 816 3738 875 3792; x_wconf 81' lang='grc' dir='ltr'>δὲ</span> <span class='ocrx_word' id='word_1_494' title='bbox 906 3739 1109 3809; x_wconf 79' lang='grc' dir='ltr'>Πέτρος</span> <span class='ocrx_word' id='word_1_495' title='bbox 1143 3740 1205 3793; x_wconf 86' lang='grc' dir='ltr'><strong>τὸ</strong></span> <span class='ocrx_word' id='word_1_496' title='bbox 1250 3740 1426 3808; x_wconf 88' lang='grc' dir='ltr'>στόμα</span> <span class='ocrx_word' id='word_1_497' title='bbox 1460 3735 1633 3796; x_wconf 84' lang='grc' dir='ltr'>αὑτοῦ</span> <span class='ocrx_word' id='word_1_498' title='bbox 1678 3731 1832 3791; x_wconf 73' lang='grc' dir='ltr'>εἷπεν</span> <span class='ocrx_word' id='word_1_499' title='bbox 1857 3752 1871 3768; x_wconf 90' lang='grc'><strong>·</strong></span> <span class='ocrx_word' id='word_1_500' title='bbox 1922 3732 2041 3787; x_wconf 82' lang='grc' dir='ltr'><strong>Ἐπ’</strong></span> 
     </span>
    </p>
   </div>
   <div class='ocr_carea' id='block_1_69' title="bbox 478 3828 2039 3902">
    <p class='ocr_par' dir='ltr' id='par_1_69' title="bbox 478 3828 2039 3902">
     <span class='ocr_line' id='line_1_69' title="bbox 478 3828 2039 3902; baseline -0.004 -14"><span class='ocrx_word' id='word_1_501' title='bbox 478 3832 742 3901; x_wconf 77' lang='grc' dir='ltr'>ἀληθείας</span> <span class='ocrx_word' id='word_1_502' title='bbox 772 3831 1264 3902; x_wconf 76' lang='grc' dir='ltr'>καταλαμδάνομαι</span> <span class='ocrx_word' id='word_1_503' title='bbox 1288 3871 1304 3895; x_wconf 89' lang='grc'><strong>,</strong></span> <span class='ocrx_word' id='word_1_504' title='bbox 1357 3831 1441 3884; x_wconf 79' lang='grc' dir='ltr'>ὅτι</span> <span class='ocrx_word' id='word_1_505' title='bbox 1494 3830 1593 3882; x_wconf 82' lang='grc' dir='ltr'>οὐκ</span> <span class='ocrx_word' id='word_1_506' title='bbox 1657 3828 1774 3881; x_wconf 73' lang='grc' dir='ltr'>ἐστι</span> <span class='ocrx_word' id='word_1_507' title='bbox 1823 3844 2039 3899; x_wconf 81' lang='grc' dir='ltr'>προσω-</span> 
     </span>
    </p>
   </div>
   <div class='ocr_carea' id='block_1_70' title="bbox 476 3920 2043 3997">
    <p class='ocr_par' dir='ltr' id='par_1_70' title="bbox 476 3920 2043 3997">
     <span class='ocr_line' id='line_1_70' title="bbox 476 3920 2043 3997; baseline -0.003 -20"><span class='ocrx_word' id='word_1_508' title='bbox 476 3926 760 3997; x_wconf 74' lang='grc' dir='ltr'>πολὴπτης</span> <span class='ocrx_word' id='word_1_509' title='bbox 790 3925 819 3978; x_wconf 93' lang='lat'><strong>6</strong></span> <span class='ocrx_word' id='word_1_510' title='bbox 850 3924 1005 3987; x_wconf 83' lang='grc' dir='ltr'>Θεὸς,</span> <span class='ocrx_word' id='word_1_511' title='bbox 1042 3923 1157 3975; x_wconf 81' lang='grc' dir='ltr'>ἀλλ’</span> <span class='ocrx_word' id='word_1_512' title='bbox 1189 3925 1249 3976; x_wconf 75' lang='grc' dir='ltr'>ὲν</span> <span class='ocrx_word' id='word_1_513' title='bbox 1287 3922 1451 3978; x_wconf 72' lang='grc' dir='ltr'>παντὶ</span> <span class='ocrx_word' id='word_1_514' title='bbox 1479 3922 1622 3976; x_wconf 71' lang='grc' dir='ltr'>ἔθνει</span> <span class='ocrx_word' id='word_1_515' title='bbox 1648 3923 1677 3976; x_wconf 89' lang='lat'><strong>6</strong></span> <span class='ocrx_word' id='word_1_516' title='bbox 1706 3920 2043 3990; x_wconf 76' lang='grc' dir='ltr'>φοϐούμενος</span> 
     </span>
    </p>
   </div>
   <div class='ocr_carea' id='block_1_71' title="bbox 473 4012 2041 4087">
    <p class='ocr_par' dir='ltr' id='par_1_71' title="bbox 473 4012 2041 4087">
     <span class='ocr_line' id='line_1_71' title="bbox 473 4012 2041 4087; baseline -0.001 -18"><span class='ocrx_word' id='word_1_517' title='bbox 473 4016 659 4081; x_wconf 79' lang='grc' dir='ltr'>αὐτὸν,</span> <span class='ocrx_word' id='word_1_518' title='bbox 696 4017 791 4070; x_wconf 75' lang='grc' dir='ltr'>καὶ</span> <span class='ocrx_word' id='word_1_519' title='bbox 829 4015 1199 4087; x_wconf 73' lang='grc' dir='ltr'>ἐργαζόμενος</span> <span class='ocrx_word' id='word_1_520' title='bbox 1246 4013 1626 4083; x_wconf 87' lang='grc' dir='ltr'>δικαιοσύνην,</span> <span class='ocrx_word' id='word_1_521' title='bbox 1656 4013 1845 4076; x_wconf 86' lang='grc' dir='ltr'>δεκτὸς</span> <span class='ocrx_word' id='word_1_522' title='bbox 1891 4012 2041 4084; x_wconf 79' lang='grc' dir='ltr'>αὐτῷ</span> 
     </span>
    </p>
   </div>
   <div class='ocr_carea' id='block_1_72' title="bbox 474 4102 2041 4174">
    <p class='ocr_par' dir='ltr' id='par_1_72' title="bbox 474 4102 2041 4174">
     <span class='ocr_line' id='line_1_72' title="bbox 474 4102 2041 4174; baseline -0.003 -15"><span class='ocrx_word' id='word_1_523' title='bbox 474 4108 611 4161; x_wconf 77' lang='grc' dir='ltr'>ἐστι.</span> <span class='ocrx_word' id='word_1_524' title='bbox 642 4107 748 4160; x_wconf 89' lang='grc' dir='ltr'>Τὸν</span> <span class='ocrx_word' id='word_1_525' title='bbox 777 4107 950 4174; x_wconf 84' lang='grc' dir='ltr'>Λόγον</span> <span class='ocrx_word' id='word_1_526' title='bbox 977 4105 1036 4158; x_wconf 79' lang='grc' dir='ltr'>ὃν</span> <span class='ocrx_word' id='word_1_527' title='bbox 1055 4102 1345 4159; x_wconf 82' lang='grc' dir='ltr'>ἀπέστειλε</span> <span class='ocrx_word' id='word_1_528' title='bbox 1362 4105 1473 4166; x_wconf 80' lang='grc' dir='ltr'>τοῖς</span> <span class='ocrx_word' id='word_1_529' title='bbox 1494 4104 1625 4166; x_wconf 81' lang='grc' dir='ltr'>υίοτς</span> <span class='ocrx_word' id='word_1_530' title='bbox 1643 4102 1858 4174; x_wconf 85' lang='grc' dir='ltr'>Ἰσραὴλ</span> <span class='ocrx_word' id='word_1_531' title='bbox 1878 4102 2041 4171; x_wconf 82' lang='grc' dir='ltr'>εὐαγ-</span> 
     </span>
    </p>
   </div>
   <div class='ocr_carea' id='block_1_73' title="bbox 2150 3283 3720 3365">
    <p class='ocr_par' dir='ltr' id='par_1_73' title="bbox 2150 3283 3720 3365">
     <span class='ocr_line' id='line_1_73' title="bbox 2150 3283 3720 3365; baseline 0.003 -24"><span class='ocrx_word' id='word_1_532' title='bbox 2150 3299 2276 3341; x_wconf 89' lang='lat' dir='ltr'><strong>cum</strong></span> <span class='ocrx_word' id='word_1_533' title='bbox 2310 3283 2401 3339; x_wconf 91' lang='lat' dir='ltr'><strong>ille</strong></span> <span class='ocrx_word' id='word_1_534' title='bbox 2424 3298 2486 3339; x_wconf 88' lang='lat' dir='ltr'><strong>se</strong></span> <span class='ocrx_word' id='word_1_535' title='bbox 2520 3283 2710 3355; x_wconf 84' lang='lat' dir='ltr'><strong>pietati</strong></span> <span class='ocrx_word' id='word_1_536' title='bbox 2757 3283 3067 3355; x_wconf 87' lang='lat' dir='ltr'><strong>impensius</strong></span> <span class='ocrx_word' id='word_1_537' title='bbox 3088 3284 3261 3354; x_wconf 87' lang='lat' dir='ltr'><strong>dedit,</strong></span> <span class='ocrx_word' id='word_1_538' title='bbox 3288 3296 3421 3343; x_wconf 90' lang='lat' dir='ltr'><strong>tunc</strong></span> <span class='ocrx_word' id='word_1_539' title='bbox 3451 3288 3531 3344; x_wconf 91' lang='lat' dir='ltr'><strong>illi</strong></span> <span class='ocrx_word' id='word_1_540' title='bbox 3563 3304 3720 3365; x_wconf 79' lang='lat' dir='ltr'><strong>ange-</strong></span> 
     </span>
    </p>
   </div>
   <div class='ocr_carea' id='block_1_74' title="bbox 2147 3374 2604 3448">
    <p class='ocr_par' dir='ltr' id='par_1_74' title="bbox 2147 3374 2604 3448">
     <span class='ocr_line' id='line_1_74' title="bbox 2147 3374 2604 3448; baseline 0.002 -18"><span class='ocrx_word' id='word_1_541' title='bbox 2147 3374 2235 3432; x_wconf 84' lang='lat' dir='ltr'><strong>lus</strong></span> <span class='ocrx_word' id='word_1_542' title='bbox 2267 3376 2604 3448; x_wconf 81' lang='lat' dir='ltr'><strong>apparuerit.</strong></span> 
     </span>
    </p>
   </div>
   <div class='ocr_carea' id='block_1_75' title="bbox 2499 3489 3354 3566">
    <p class='ocr_par' dir='ltr' id='par_1_75' title="bbox 2499 3489 3354 3566">
     <span class='ocr_line' id='line_1_75' title="bbox 2499 3489 3354 3566; baseline 0.007 -22"><span class='ocrx_word' id='word_1_543' title='bbox 2499 3489 2658 3546; x_wconf 85' lang='lat' dir='ltr'><strong>Feria</strong></span> <span class='ocrx_word' id='word_1_544' title='bbox 2684 3493 2718 3547; x_wconf 75' lang='grc'>4</span> <span class='ocrx_word' id='word_1_545' title='bbox 2747 3491 3099 3551; x_wconf 72' lang='lat' dir='ltr'><strong>hebdomadze</strong></span> <span class='ocrx_word' id='word_1_546' title='bbox 3125 3501 3354 3566; x_wconf 64' lang='lat' dir='ltr'><strong>quartae.</strong></span> 
     </span>
    </p>
   </div>
   <div class='ocr_carea' id='block_1_76' title="bbox 2785 3623 3092 3682">
    <p class='ocr_par' dir='ltr' id='par_1_76' title="bbox 2785 3623 3092 3682">
     <span class='ocr_line' id='line_1_76' title="bbox 2785 3623 3092 3682; baseline 0.01 -3"><span class='ocrx_word' id='word_1_547' title='bbox 2785 3623 3092 3682; x_wconf 81' lang='lat' dir='ltr'><strong>TEXTUS.</strong></span> 
     </span>
    </p>
   </div>
   <div class='ocr_carea' id='block_1_77' title="bbox 2218 3730 3713 3804">
    <p class='ocr_par' dir='ltr' id='par_1_77' title="bbox 2218 3730 3713 3804">
     <span class='ocr_line' id='line_1_77' title="bbox 2218 3730 3713 3804; baseline 0.012 -19"><span class='ocrx_word' id='word_1_548' title='bbox 2218 3730 2289 3796; x_wconf 84' lang='lat' dir='ltr'><strong>X,</strong></span> <span class='ocrx_word' id='word_1_549' title='bbox 2312 3732 2498 3789; x_wconf 67' lang='lat'><strong>5443.</strong></span> <span class='ocrx_word' id='word_1_550' title='bbox 2520 3733 2787 3804; x_wconf 84' lang='lat' dir='ltr'><strong>Aperiens</strong></span> <span class='ocrx_word' id='word_1_551' title='bbox 2814 3745 2996 3793; x_wconf 88' lang='lat' dir='ltr'><strong>autem</strong></span> <span class='ocrx_word' id='word_1_552' title='bbox 3026 3738 3222 3796; x_wconf 84' lang='lat' dir='ltr'><strong>Petrus</strong></span> <span class='ocrx_word' id='word_1_553' title='bbox 3252 3752 3315 3797; x_wconf 87' lang='lat' dir='ltr'><strong>os</strong></span> <span class='ocrx_word' id='word_1_554' title='bbox 3338 3757 3496 3799; x_wconf 88' lang='lat' dir='ltr'><strong>suum</strong></span> <span class='ocrx_word' id='word_1_555' title='bbox 3527 3743 3665 3801; x_wconf 82' lang='lat' dir='ltr'><strong>dixit</strong></span> <span class='ocrx_word' id='word_1_556' title='bbox 3698 3764 3713 3803; x_wconf 89' lang='lat'><strong>:</strong></span> 
     </span>
    </p>
   </div>
   <div class='ocr_carea' id='block_1_78' title="bbox 2148 3822 3711 3901">
    <p class='ocr_par' dir='ltr' id='par_1_78' title="bbox 2148 3822 3711 3901">
     <span class='ocr_line' id='line_1_78' title="bbox 2148 3822 3711 3901; baseline 0.011 -24"><span class='ocrx_word' id='word_1_557' title='bbox 2148 3822 2207 3877; x_wconf 89' lang='lat' dir='ltr'><strong>In</strong></span> <span class='ocrx_word' id='word_1_558' title='bbox 2233 3822 2462 3878; x_wconf 88' lang='lat' dir='ltr'><strong>veritate</strong></span> <span class='ocrx_word' id='word_1_559' title='bbox 2496 3826 2758 3895; x_wconf 87' lang='lat' dir='ltr'><strong>comperi,</strong></span> <span class='ocrx_word' id='word_1_560' title='bbox 2809 3827 2936 3897; x_wconf 88' lang='lat' dir='ltr'><strong>quia</strong></span> <span class='ocrx_word' id='word_1_561' title='bbox 2968 3843 3079 3889; x_wconf 85' lang='lat' dir='ltr'><strong>non</strong></span> <span class='ocrx_word' id='word_1_562' title='bbox 3101 3838 3186 3886; x_wconf 88' lang='lat' dir='ltr'><strong>est</strong></span> <span class='ocrx_word' id='word_1_563' title='bbox 3214 3845 3575 3901; x_wconf 89' lang='lat' dir='ltr'><strong>personarum</strong></span> <span class='ocrx_word' id='word_1_564' title='bbox 3614 3852 3711 3893; x_wconf 90' lang='lat' dir='ltr'><strong>ac-</strong></span> 
     </span>
    </p>
   </div>
   <div class='ocr_carea' id='block_1_79' title="bbox 2148 3910 3717 3989">
    <p class='ocr_par' dir='ltr' id='par_1_79' title="bbox 2148 3910 3717 3989">
     <span class='ocr_line' id='line_1_79' title="bbox 2148 3910 3717 3989; baseline 0.008 -22"><span class='ocrx_word' id='word_1_565' title='bbox 2148 3920 2337 3982; x_wconf 87' lang='lat' dir='ltr'><strong>ceptor</strong></span> <span class='ocrx_word' id='word_1_566' title='bbox 2367 3910 2512 3969; x_wconf 88' lang='lat' dir='ltr'><strong>Deus</strong></span> <span class='ocrx_word' id='word_1_567' title='bbox 2541 3929 2557 3968; x_wconf 89' lang='lat'><strong>:</strong></span> <span class='ocrx_word' id='word_1_568' title='bbox 2585 3914 2679 3969; x_wconf 86' lang='lat' dir='ltr'><strong>sed</strong></span> <span class='ocrx_word' id='word_1_569' title='bbox 2714 3914 2768 3969; x_wconf 92' lang='lat' dir='ltr'><strong>in</strong></span> <span class='ocrx_word' id='word_1_570' title='bbox 2821 3916 2971 3970; x_wconf 85' lang='lat' dir='ltr'><strong>omni</strong></span> <span class='ocrx_word' id='word_1_571' title='bbox 3017 3926 3179 3988; x_wconf 73' lang='lat' dir='ltr'><strong>gente</strong></span> <span class='ocrx_word' id='word_1_572' title='bbox 3208 3920 3300 3989; x_wconf 91' lang='lat' dir='ltr'><strong>qui</strong></span> <span class='ocrx_word' id='word_1_573' title='bbox 3332 3921 3486 3977; x_wconf 88' lang='lat' dir='ltr'><strong>timet</strong></span> <span class='ocrx_word' id='word_1_574' title='bbox 3514 3940 3636 3980; x_wconf 90' lang='lat' dir='ltr'><strong>eum</strong></span> <span class='ocrx_word' id='word_1_575' title='bbox 3662 3934 3717 3980; x_wconf 89' lang='lat' dir='ltr'><strong>et</strong></span> 
     </span>
    </p>
   </div>
   <div class='ocr_carea' id='block_1_80' title="bbox 2148 4004 3711 4082">
    <p class='ocr_par' dir='ltr' id='par_1_80' title="bbox 2148 4004 3711 4082">
     <span class='ocr_line' id='line_1_80' title="bbox 2148 4004 3711 4082; baseline 0.008 -25"><span class='ocrx_word' id='word_1_576' title='bbox 2148 4004 2716 4073; x_wconf 88' lang='lat' dir='ltr'><strong>operaturjustitiam,</strong></span> <span class='ocrx_word' id='word_1_577' title='bbox 2752 4017 3009 4077; x_wconf 90' lang='lat' dir='ltr'><strong>acceptus</strong></span> <span class='ocrx_word' id='word_1_578' title='bbox 3042 4017 3128 4064; x_wconf 89' lang='lat' dir='ltr'><strong>est</strong></span> <span class='ocrx_word' id='word_1_579' title='bbox 3159 4009 3258 4065; x_wconf 91' lang='lat' dir='ltr'><strong>illi.</strong></span> <span class='ocrx_word' id='word_1_580' title='bbox 3294 4008 3537 4068; x_wconf 82' lang='lat' dir='ltr'><strong>Verbum</strong></span> <span class='ocrx_word' id='word_1_581' title='bbox 3566 4014 3711 4082; x_wconf 88' lang='lat' dir='ltr'><strong>quod</strong></span> 
     </span>
    </p>
   </div>
   <div class='ocr_carea' id='block_1_81' title="bbox 2149 4091 3715 4173">
    <p class='ocr_par' dir='ltr' id='par_1_81' title="bbox 2149 4091 3715 4173">
     <span class='ocr_line' id='line_1_81' title="bbox 2149 4091 3715 4173; baseline 0.009 -27"><span class='ocrx_word' id='word_1_582' title='bbox 2149 4093 2297 4149; x_wconf 90' lang='lat' dir='ltr'><strong>misit</strong></span> <span class='ocrx_word' id='word_1_583' title='bbox 2324 4091 2467 4149; x_wconf 88' lang='lat' dir='ltr'><strong>Deus</strong></span> <span class='ocrx_word' id='word_1_584' title='bbox 2512 4095 2638 4150; x_wconf 81' lang='lat' dir='ltr'><strong>ﬁliis</strong></span> <span class='ocrx_word' id='word_1_585' title='bbox 2677 4094 2865 4164; x_wconf 86' lang='lat' dir='ltr'><strong>Israel,</strong></span> <span class='ocrx_word' id='word_1_586' title='bbox 2899 4099 3233 4157; x_wconf 86' lang='lat' dir='ltr'><strong>annuntians</strong></span> <span class='ocrx_word' id='word_1_587' title='bbox 3268 4116 3455 4171; x_wconf 88' lang='lat' dir='ltr'><strong>pacem</strong></span> <span class='ocrx_word' id='word_1_588' title='bbox 3502 4118 3597 4173; x_wconf 91' lang='lat' dir='ltr'><strong>per</strong></span> <span class='ocrx_word' id='word_1_589' title='bbox 3626 4102 3715 4160; x_wconf 81' lang='lat' dir='ltr'><strong>Je-</strong></span> 
     </span>
    </p>
   </div>
   <div class='ocr_carea' id='block_1_82' title="bbox 2148 4185 3714 4264">
    <p class='ocr_par' dir='ltr' id='par_1_82' title="bbox 2148 4185 3714 4264">
     <span class='ocr_line' id='line_1_82' title="bbox 2148 4185 3714 4264; baseline 0.008 -25"><span class='ocrx_word' id='word_1_590' title='bbox 2148 4198 2270 4239; x_wconf 87' lang='lat' dir='ltr'><strong>sum</strong></span> <span class='ocrx_word' id='word_1_591' title='bbox 2289 4185 2570 4240; x_wconf 85' lang='lat' dir='ltr'><strong>Christum</strong></span> <span class='ocrx_word' id='word_1_592' title='bbox 2592 4205 2606 4241; x_wconf 94' lang='lat'><strong>:</strong></span> <span class='ocrx_word' id='word_1_593' title='bbox 2624 4188 2641 4252; x_wconf 91' lang='lat'><strong>(</strong></span> <span class='ocrx_word' id='word_1_594' title='bbox 2649 4188 2736 4242; x_wconf 87' lang='lat' dir='ltr'><strong>hic</strong></span> <span class='ocrx_word' id='word_1_595' title='bbox 2749 4196 2831 4242; x_wconf 90' lang='lat' dir='ltr'><strong>est</strong></span> <span class='ocrx_word' id='word_1_596' title='bbox 2851 4190 3093 4246; x_wconf 91' lang='lat' dir='ltr'><strong>omnium</strong></span> <span class='ocrx_word' id='word_1_597' title='bbox 3111 4191 3419 4264; x_wconf 86' lang='lat' dir='ltr'><strong>Dominus.)</strong></span> <span class='ocrx_word' id='word_1_598' title='bbox 3437 4192 3547 4251; x_wconf 80' lang='lat' dir='ltr'><strong>Vos</strong></span> <span class='ocrx_word' id='word_1_599' title='bbox 3562 4195 3714 4251; x_wconf 88' lang='lat' dir='ltr'><strong>scitis</strong></span> 
     </span>
    </p>
   </div>
   <div class='ocr_carea' id='block_1_83' title="bbox 2152 4276 3709 4352">
    <p class='ocr_par' dir='ltr' id='par_1_83' title="bbox 2152 4276 3709 4352">
     <span class='ocr_line' id='line_1_83' title="bbox 2152 4276 3709 4352; baseline 0.008 -22"><span class='ocrx_word' id='word_1_600' title='bbox 2152 4276 2297 4346; x_wconf 85' lang='lat' dir='ltr'><strong>quod</strong></span> <span class='ocrx_word' id='word_1_601' title='bbox 2339 4276 2542 4331; x_wconf 81' lang='lat' dir='ltr'><strong>factum</strong></span> <span class='ocrx_word' id='word_1_602' title='bbox 2577 4285 2662 4333; x_wconf 87' lang='lat' dir='ltr'><strong>est</strong></span> <span class='ocrx_word' id='word_1_603' title='bbox 2696 4278 2923 4335; x_wconf 86' lang='lat' dir='ltr'><strong>verbum</strong></span> <span class='ocrx_word' id='word_1_604' title='bbox 2958 4297 3054 4352; x_wconf 90' lang='lat' dir='ltr'><strong>per</strong></span> <span class='ocrx_word' id='word_1_605' title='bbox 3083 4284 3397 4340; x_wconf 81' lang='lat' dir='ltr'><strong>universam</strong></span> <span class='ocrx_word' id='word_1_606' title='bbox 3421 4284 3665 4343; x_wconf 75' lang='lat' dir='ltr'><strong>Judzeam</strong></span> <span class='ocrx_word' id='word_1_607' title='bbox 3692 4308 3709 4343; x_wconf 83' lang='lat'><strong>:</strong></span> 
     </span>
    </p>
   </div>
   <div class='ocr_carea' id='block_1_84' title="bbox 474 4187 2041 4270">
    <p class='ocr_par' dir='ltr' id='par_1_84' title="bbox 474 4187 2041 4270">
     <span class='ocr_line' id='line_1_84' title="bbox 474 4187 2041 4270; baseline -0.005 -17"><span class='ocrx_word' id='word_1_608' title='bbox 474 4197 822 4269; x_wconf 81' lang='grc' dir='ltr'>γελιζόμενος</span> <span class='ocrx_word' id='word_1_609' title='bbox 855 4199 1080 4270; x_wconf 89' lang='grc' dir='ltr'>είρήνην</span> <span class='ocrx_word' id='word_1_610' title='bbox 1109 4196 1196 4249; x_wconf 64' lang='grc' dir='ltr'><strong>διὰ</strong></span> <span class='ocrx_word' id='word_1_611' title='bbox 1228 4195 1404 4263; x_wconf 85' lang='grc' dir='ltr'>Ἰησοῦ</span> <span class='ocrx_word' id='word_1_612' title='bbox 1435 4194 1692 4266; x_wconf 75' lang='grc' dir='ltr'>Χριστοῦο</span> <span class='ocrx_word' id='word_1_613' title='bbox 1722 4187 1875 4256; x_wconf 74' lang='grc' dir='ltr'>οὗτός</span> <span class='ocrx_word' id='word_1_614' title='bbox 1924 4194 2041 4246; x_wconf 74' lang='grc' dir='ltr'>ἐστι</span> 
     </span>
    </p>
   </div>
   <div class='ocr_carea' id='block_1_85' title="bbox 474 4284 2041 4358">
    <p class='ocr_par' dir='ltr' id='par_1_85' title="bbox 474 4284 2041 4358">
     <span class='ocr_line' id='line_1_85' title="bbox 474 4284 2041 4358; baseline -0.003 -17"><span class='ocrx_word' id='word_1_615' title='bbox 474 4289 691 4344; x_wconf 77' lang='grc' dir='ltr'>πάντων</span> <span class='ocrx_word' id='word_1_616' title='bbox 734 4288 955 4357; x_wconf 81' lang='grc' dir='ltr'>Κύριος.</span> <span class='ocrx_word' id='word_1_617' title='bbox 991 4284 1180 4358; x_wconf 79' lang='grc' dir='ltr'>Ὑμεῖς</span> <span class='ocrx_word' id='word_1_618' title='bbox 1212 4287 1390 4341; x_wconf 74' lang='grc' dir='ltr'>οἴδατε</span> <span class='ocrx_word' id='word_1_619' title='bbox 1439 4287 1501 4341; x_wconf 89' lang='grc' dir='ltr'><strong>τὸ</strong></span> <span class='ocrx_word' id='word_1_620' title='bbox 1536 4286 1828 4357; x_wconf 86' lang='grc' dir='ltr'>γενόμενον</span> <span class='ocrx_word' id='word_1_621' title='bbox 1887 4285 2041 4355; x_wconf 75' lang='grc' dir='ltr'>ῥῆμα</span> 
     </span>
    </p>
   </div>
   <div class='ocr_carea' id='block_1_86' title="bbox 475 4364 2053 4450">
    <p class='ocr_par' dir='ltr' id='par_1_86' title="bbox 475 4375 2041 4450">
     <span class='ocr_line' id='line_1_86' title="bbox 475 4375 2041 4450; baseline -0.003 -18"><span class='ocrx_word' id='word_1_622' title='bbox 475 4380 601 4433; x_wconf 88' lang='grc' dir='ltr'>καθ’</span> <span class='ocrx_word' id='word_1_623' title='bbox 637 4380 768 4448; x_wconf 77' lang='grc' dir='ltr'>ὅλης</span> <span class='ocrx_word' id='word_1_624' title='bbox 796 4381 895 4450; x_wconf 84' lang='grc' dir='ltr'>τῆς</span> <span class='ocrx_word' id='word_1_625' title='bbox 918 4378 1204 4444; x_wconf 86' lang='grc' dir='ltr'>Ἰουδαίας,</span> <span class='ocrx_word' id='word_1_626' title='bbox 1247 4376 1553 4448; x_wconf 78' lang='grc' dir='ltr'>ἀρξάμενον</span> <span class='ocrx_word' id='word_1_627' title='bbox 1586 4376 1694 4430; x_wconf 85' lang='grc' dir='ltr'><strong>ἀπὸ</strong></span> <span class='ocrx_word' id='word_1_628' title='bbox 1743 4375 1842 4442; x_wconf 81' lang='grc' dir='ltr'>τῆς</span> <span class='ocrx_word' id='word_1_629' title='bbox 1883 4375 2041 4428; x_wconf 86' lang='grc' dir='ltr'>Γαλι-</span> 
     </span>
    </p>
   </div>
   <div class='ocr_carea' id='block_1_87' title="bbox 2151 4364 3712 4450">
    <p class='ocr_par' dir='ltr' id='par_1_87' title="bbox 2158 4364 3712 4448">
     <span class='ocr_line' id='line_1_87' title="bbox 2158 4364 3712 4448; baseline 0.008 -29"><span class='ocrx_word' id='word_1_630' title='bbox 2158 4364 2428 4436; x_wconf 87' lang='lat' dir='ltr'><strong>incipiens</strong></span> <span class='ocrx_word' id='word_1_631' title='bbox 2454 4369 2656 4422; x_wconf 88' lang='lat' dir='ltr'><strong>enima</strong></span> <span class='ocrx_word' id='word_1_632' title='bbox 2713 4366 2957 4437; x_wconf 65' lang='lat' dir='ltr'><strong>Galilaa,</strong></span> <span class='ocrx_word' id='word_1_633' title='bbox 3011 4384 3136 4445; x_wconf 92' lang='lat' dir='ltr'><strong>post</strong></span> <span class='ocrx_word' id='word_1_634' title='bbox 3190 4373 3519 4444; x_wconf 86' lang='lat' dir='ltr'><strong>baptismum</strong></span> <span class='ocrx_word' id='word_1_635' title='bbox 3566 4377 3712 4448; x_wconf 89' lang='lat' dir='ltr'><strong>quod</strong></span> 
     </span>
    </p>
   </div>
   <div class='ocr_carea' id='block_1_88' title="bbox 473 4455 2053 4540">
    <p class='ocr_par' dir='ltr' id='par_1_88' title="bbox 473 4465 2040 4540">
     <span class='ocr_line' id='line_1_88' title="bbox 473 4465 2040 4540; baseline -0.003 -18"><span class='ocrx_word' id='word_1_636' title='bbox 473 4470 634 4532; x_wconf 86' lang='grc' dir='ltr'>λαίας</span> <span class='ocrx_word' id='word_1_637' title='bbox 681 4470 817 4540; x_wconf 82' lang='grc' dir='ltr'><strong>μετά</strong></span> <span class='ocrx_word' id='word_1_638' title='bbox 878 4470 940 4522; x_wconf 88' lang='grc' dir='ltr'><strong>τὸ</strong></span> <span class='ocrx_word' id='word_1_639' title='bbox 999 4469 1307 4540; x_wconf 82' lang='grc' dir='ltr'>βάπτισμα,</span> <span class='ocrx_word' id='word_1_640' title='bbox 1373 4467 1402 4520; x_wconf 86' lang='lat'><strong>6</strong></span> <span class='ocrx_word' id='word_1_641' title='bbox 1438 4466 1700 4537; x_wconf 77' lang='grc' dir='ltr'>ἐκήρυξεν</span> <span class='ocrx_word' id='word_1_642' title='bbox 1768 4465 2040 4535; x_wconf 61' lang='grc' dir='ltr'>Ἰωάννης</span> 
     </span>
    </p>
   </div>
   <div class='ocr_carea' id='block_1_89' title="bbox 2151 4455 3713 4540">
    <p class='ocr_par' dir='ltr' id='par_1_89' title="bbox 2151 4456 3713 4538">
     <span class='ocr_line' id='line_1_89' title="bbox 2151 4456 3713 4538; baseline 0.011 -29"><span class='ocrx_word' id='word_1_643' title='bbox 2151 4457 2463 4525; x_wconf 70' lang='lat' dir='ltr'><strong>praedicavit</strong></span> <span class='ocrx_word' id='word_1_644' title='bbox 2508 4456 2752 4515; x_wconf 82' lang='lat' dir='ltr'><strong>Joannes</strong></span> <span class='ocrx_word' id='word_1_645' title='bbox 2800 4479 2816 4516; x_wconf 93' lang='lat'><strong>:</strong></span> <span class='ocrx_word' id='word_1_646' title='bbox 2843 4459 3027 4518; x_wconf 70' lang='lat' dir='ltr'><strong>Iesum</strong></span> <span class='ocrx_word' id='word_1_647' title='bbox 3060 4478 3089 4516; x_wconf 89' lang='lat' dir='ltr'><strong>a</strong></span> <span class='ocrx_word' id='word_1_648' title='bbox 3118 4463 3410 4534; x_wconf 87' lang='lat' dir='ltr'><strong>Nazareth,</strong></span> <span class='ocrx_word' id='word_1_649' title='bbox 3442 4470 3713 4538; x_wconf 82' lang='lat' dir='ltr'><strong>quomodo</strong></span> 
     </span>
    </p>
   </div>
   <div class='ocr_carea' id='block_1_90' title="bbox 472 4548 2053 4630">
    <p class='ocr_par' dir='ltr' id='par_1_90' title="bbox 472 4553 2051 4630">
     <span class='ocr_line' id='line_1_90' title="bbox 472 4553 2051 4630; baseline -0.003 -18"><span class='ocrx_word' id='word_1_650' title='bbox 472 4556 683 4630; x_wconf 80' lang='grc' dir='ltr'>Ἰησοῦν</span> <span class='ocrx_word' id='word_1_651' title='bbox 744 4559 836 4610; x_wconf 80' lang='grc' dir='ltr'><strong>τὸν</strong></span> <span class='ocrx_word' id='word_1_652' title='bbox 872 4557 981 4611; x_wconf 81' lang='grc' dir='ltr'><strong>ἀπὸ</strong></span> <span class='ocrx_word' id='word_1_653' title='bbox 1044 4557 1329 4624; x_wconf 79' lang='grc' dir='ltr'>Ναζαρὲτ,</span> <span class='ocrx_word' id='word_1_654' title='bbox 1396 4557 1472 4619; x_wconf 86' lang='grc' dir='ltr'>ὡς</span> <span class='ocrx_word' id='word_1_655' title='bbox 1525 4555 1741 4625; x_wconf 72' lang='grc' dir='ltr'>ἔχρισεν</span> <span class='ocrx_word' id='word_1_656' title='bbox 1813 4553 1974 4608; x_wconf 84' lang='grc' dir='ltr'>αὐτὸν</span> <span class='ocrx_word' id='word_1_657' title='bbox 2022 4554 2051 4607; x_wconf 92' lang='lat'><strong>6</strong></span> 
     </span>
    </p>
   </div>
   <div class='ocr_carea' id='block_1_91' title="bbox 2151 4548 3713 4630">
    <p class='ocr_par' dir='ltr' id='par_1_91' title="bbox 2152 4548 3713 4629">
     <span class='ocr_line' id='line_1_91' title="bbox 2152 4548 3713 4629; baseline 0.008 -27"><span class='ocrx_word' id='word_1_658' title='bbox 2152 4548 2308 4603; x_wconf 78' lang='lat' dir='ltr'><strong>unxit</strong></span> <span class='ocrx_word' id='word_1_659' title='bbox 2343 4564 2466 4604; x_wconf 90' lang='lat' dir='ltr'><strong>eum</strong></span> <span class='ocrx_word' id='word_1_660' title='bbox 2498 4549 2642 4606; x_wconf 87' lang='lat' dir='ltr'><strong>Deus</strong></span> <span class='ocrx_word' id='word_1_661' title='bbox 2670 4550 2876 4623; x_wconf 88' lang='lat' dir='ltr'><strong>Spiritu</strong></span> <span class='ocrx_word' id='word_1_662' title='bbox 2908 4562 3098 4611; x_wconf 89' lang='lat' dir='ltr'><strong>sancto</strong></span> <span class='ocrx_word' id='word_1_663' title='bbox 3128 4566 3181 4613; x_wconf 90' lang='lat' dir='ltr'><strong>et</strong></span> <span class='ocrx_word' id='word_1_664' title='bbox 3212 4559 3430 4625; x_wconf 87' lang='lat' dir='ltr'><strong>virtute,</strong></span> <span class='ocrx_word' id='word_1_665' title='bbox 3462 4560 3555 4629; x_wconf 88' lang='lat' dir='ltr'><strong>qui</strong></span> <span class='ocrx_word' id='word_1_666' title='bbox 3593 4576 3713 4629; x_wconf 89' lang='lat' dir='ltr'><strong>pcr-</strong></span> 
     </span>
    </p>
   </div>
   <div class='ocr_carea' id='block_1_92' title="bbox 472 4640 2053 4721">
    <p class='ocr_par' dir='ltr' id='par_1_92' title="bbox 472 4645 2044 4718">
     <span class='ocr_line' id='line_1_92' title="bbox 472 4645 2044 4718; baseline -0.001 -18"><span class='ocrx_word' id='word_1_667' title='bbox 472 4648 605 4711; x_wconf 89' lang='grc' dir='ltr'>Θεὸς</span> <span class='ocrx_word' id='word_1_668' title='bbox 670 4648 730 4700; x_wconf 75' lang='grc' dir='ltr'>ὲν</span> <span class='ocrx_word' id='word_1_669' title='bbox 785 4646 1065 4717; x_wconf 63' lang='grc' dir='ltr'>Πνύματι</span> <span class='ocrx_word' id='word_1_670' title='bbox 1116 4648 1259 4717; x_wconf 82' lang='grc' dir='ltr'>ἁγίῳ</span> <span class='ocrx_word' id='word_1_671' title='bbox 1322 4647 1418 4701; x_wconf 70' lang='grc' dir='ltr'><strong>καὶ</strong></span> <span class='ocrx_word' id='word_1_672' title='bbox 1473 4645 1745 4718; x_wconf 73' lang='grc' dir='ltr'>δυνάμει,</span> <span class='ocrx_word' id='word_1_673' title='bbox 1804 4646 1880 4710; x_wconf 86' lang='grc' dir='ltr'>ὼς</span> <span class='ocrx_word' id='word_1_674' title='bbox 1962 4645 2044 4699; x_wconf 86' lang='grc' dir='ltr'>δι-</span> 
     </span>
    </p>
   </div>
   <div class='ocr_carea' id='block_1_93' title="bbox 2151 4640 3713 4721">
    <p class='ocr_par' dir='ltr' id='par_1_93' title="bbox 2154 4640 3713 4721">
     <span class='ocr_line' id='line_1_93' title="bbox 2154 4640 3713 4721; baseline 0.01 -28"><span class='ocrx_word' id='word_1_675' title='bbox 2154 4640 2373 4719; x_wconf 71' lang='lat' dir='ltr'><strong>trapsiit</strong></span> <span class='ocrx_word' id='word_1_676' title='bbox 2405 4640 2796 4700; x_wconf 77' lang='lat' dir='ltr'><strong>benefaciendo</strong></span> <span class='ocrx_word' id='word_1_677' title='bbox 2828 4655 2883 4700; x_wconf 90' lang='lat' dir='ltr'><strong>et</strong></span> <span class='ocrx_word' id='word_1_678' title='bbox 2929 4647 3179 4704; x_wconf 87' lang='lat' dir='ltr'><strong>sanando</strong></span> <span class='ocrx_word' id='word_1_679' title='bbox 3204 4664 3392 4706; x_wconf 86' lang='lat' dir='ltr'><strong>omnes</strong></span> <span class='ocrx_word' id='word_1_680' title='bbox 3421 4666 3713 4721; x_wconf 56' lang='lat' dir='ltr'><strong>oppressirs</strong></span> 
     </span>
    </p>
   </div>
   <div class='ocr_carea' id='block_1_94' title="bbox 471 4731 2053 4808">
    <p class='ocr_par' dir='ltr' id='par_1_94' title="bbox 471 4735 2052 4808">
     <span class='ocr_line' id='line_1_94' title="bbox 471 4735 2052 4808; baseline 0 -19"><span class='ocrx_word' id='word_1_681' title='bbox 471 4735 636 4806; x_wconf 71' lang='grc' dir='ltr'>ἢλθεν</span> <span class='ocrx_word' id='word_1_682' title='bbox 664 4736 994 4807; x_wconf 72' lang='grc' dir='ltr'>,εὐεργετῶν</span> <span class='ocrx_word' id='word_1_683' title='bbox 1055 4738 1150 4792; x_wconf 70' lang='grc' dir='ltr'>καὶ</span> <span class='ocrx_word' id='word_1_684' title='bbox 1178 4737 1405 4808; x_wconf 75' lang='grc' dir='ltr'>ἰώμενος</span> <span class='ocrx_word' id='word_1_685' title='bbox 1432 4739 1669 4802; x_wconf 84' lang='grc' dir='ltr'>-πάντας</span> <span class='ocrx_word' id='word_1_686' title='bbox 1710 4739 1836 4801; x_wconf 78' lang='grc' dir='ltr'>τοὺς</span> <span class='ocrx_word' id='word_1_687' title='bbox 1883 4754 2052 4792; x_wconf 77' lang='grc' dir='ltr'>κατα-</span> 
     </span>
    </p>
   </div>
   <div class='ocr_carea' id='block_1_95' title="bbox 2151 4731 3706 4808">
    <p class='ocr_par' dir='ltr' id='par_1_95' title="bbox 2151 4731 3706 4804">
     <span class='ocr_line' id='line_1_95' title="bbox 2151 4731 3706 4804; baseline 0.01 -20"><span class='ocrx_word' id='word_1_688' title='bbox 2151 4746 2182 4785; x_wconf 88' lang='lat' dir='ltr'><strong>a</strong></span> <span class='ocrx_word' id='word_1_689' title='bbox 2213 4731 2448 4797; x_wconf 82' lang='lat' dir='ltr'><strong>diabolo,</strong></span> <span class='ocrx_word' id='word_1_690' title='bbox 2481 4734 2736 4804; x_wconf 88' lang='lat' dir='ltr'><strong>quoniam</strong></span> <span class='ocrx_word' id='word_1_691' title='bbox 2764 4734 2908 4792; x_wconf 89' lang='lat' dir='ltr'><strong>Deus</strong></span> <span class='ocrx_word' id='word_1_692' title='bbox 2940 4747 3202 4795; x_wconf 84' lang='lat' dir='ltr'><strong>eratcum</strong></span> <span class='ocrx_word' id='word_1_693' title='bbox 3232 4741 3346 4795; x_wconf 90' lang='lat' dir='ltr'><strong>illo.</strong></span> <span class='ocrx_word' id='word_1_694' title='bbox 3372 4742 3437 4796; x_wconf 85' lang='lat' dir='ltr'><strong>Et</strong></span> <span class='ocrx_word' id='word_1_695' title='bbox 3466 4758 3564 4799; x_wconf 90' lang='lat' dir='ltr'><strong>nos</strong></span> <span class='ocrx_word' id='word_1_696' title='bbox 3595 4751 3706 4799; x_wconf 86' lang='lat' dir='ltr'><strong>tes-</strong></span> 
     </span>
    </p>
   </div>
   <div class='ocr_carea' id='block_1_96' title="bbox 472 4826 2053 4902">
    <p class='ocr_par' dir='ltr' id='par_1_96' title="bbox 472 4826 2051 4899">
     <span class='ocr_line' id='line_1_96' title="bbox 472 4826 2051 4899; baseline 0.001 -19"><span class='ocrx_word' id='word_1_697' title='bbox 472 4826 961 4899; x_wconf 81' lang='grc' dir='ltr'>δυναστευομιίνους</span> <span class='ocrx_word' id='word_1_698' title='bbox 1036 4828 1140 4882; x_wconf 80' lang='grc' dir='ltr'>ὑπὸ</span> <span class='ocrx_word' id='word_1_699' title='bbox 1199 4829 1293 4883; x_wconf 84' lang='grc' dir='ltr'><strong>τοῦ</strong></span> <span class='ocrx_word' id='word_1_700' title='bbox 1346 4829 1592 4884; x_wconf 76' lang='grc' dir='ltr'>διαϐόλου</span> <span class='ocrx_word' id='word_1_701' title='bbox 1624 4870 1640 4896; x_wconf 93' lang='grc'><strong>,</strong></span> <span class='ocrx_word' id='word_1_702' title='bbox 1701 4829 1782 4884; x_wconf 81' lang='grc' dir='ltr'>ὅτι</span> <span class='ocrx_word' id='word_1_703' title='bbox 1832 4830 1862 4883; x_wconf 92' lang='lat'><strong>6</strong></span> <span class='ocrx_word' id='word_1_704' title='bbox 1919 4829 2051 4893; x_wconf 84' lang='grc' dir='ltr'>Θεὸς</span> 
     </span>
    </p>
   </div>
   <div class='ocr_carea' id='block_1_97' title="bbox 2151 4826 3711 4902">
    <p class='ocr_par' dir='ltr' id='par_1_97' title="bbox 2151 4826 3711 4902">
     <span class='ocr_line' id='line_1_97' title="bbox 2151 4826 3711 4902; baseline 0.006 -25"><span class='ocrx_word' id='word_1_705' title='bbox 2151 4829 2234 4878; x_wconf 90' lang='lat' dir='ltr'><strong>tes</strong></span> <span class='ocrx_word' id='word_1_706' title='bbox 2270 4837 2464 4878; x_wconf 90' lang='lat' dir='ltr'><strong>sumus</strong></span> <span class='ocrx_word' id='word_1_707' title='bbox 2501 4826 2746 4880; x_wconf 92' lang='lat' dir='ltr'><strong>omnium</strong></span> <span class='ocrx_word' id='word_1_708' title='bbox 2793 4840 2914 4895; x_wconf 67' lang='lat' dir='ltr'><strong>quae</strong></span> <span class='ocrx_word' id='word_1_709' title='bbox 2943 4826 3074 4883; x_wconf 83' lang='lat' dir='ltr'><strong>fecit</strong></span> <span class='ocrx_word' id='word_1_710' title='bbox 3133 4828 3188 4883; x_wconf 91' lang='lat' dir='ltr'><strong>in</strong></span> <span class='ocrx_word' id='word_1_711' title='bbox 3222 4831 3441 4902; x_wconf 79' lang='lat' dir='ltr'><strong>regione</strong></span> <span class='ocrx_word' id='word_1_712' title='bbox 3494 4830 3711 4887; x_wconf 71' lang='lat' dir='ltr'><strong>Iudaeo-</strong></span> 
     </span>
    </p>
   </div>
   <div class='ocr_carea' id='block_1_98' title="bbox 472 4909 2053 4993">
    <p class='ocr_par' dir='ltr' id='par_1_98' title="bbox 472 4909 2039 4989">
     <span class='ocr_line' id='line_1_98' title="bbox 472 4909 2039 4989; baseline -0.001 -18"><span class='ocrx_word' id='word_1_713' title='bbox 472 4909 540 4982; x_wconf 79' lang='grc' dir='ltr'>ἦν</span> <span class='ocrx_word' id='word_1_714' title='bbox 594 4915 709 4986; x_wconf 86' lang='grc' dir='ltr'>μετ’</span> <span class='ocrx_word' id='word_1_715' title='bbox 754 4916 941 4971; x_wconf 81' lang='grc' dir='ltr'>αὐτοῦ.</span> <span class='ocrx_word' id='word_1_716' title='bbox 978 4917 1086 4971; x_wconf 80' lang='grc' dir='ltr'><strong>Καὶ</strong></span> <span class='ocrx_word' id='word_1_717' title='bbox 1137 4918 1300 4988; x_wconf 82' lang='grc' dir='ltr'>ἡμεῖς</span> <span class='ocrx_word' id='word_1_718' title='bbox 1356 4919 1523 4987; x_wconf 72' lang='grc' dir='ltr'>ἔσμεν</span> <span class='ocrx_word' id='word_1_719' title='bbox 1580 4918 1860 4989; x_wconf 83' lang='grc' dir='ltr'>μάρτυρες</span> <span class='ocrx_word' id='word_1_720' title='bbox 1909 4916 2039 4971; x_wconf 88' lang='grc' dir='ltr'>τού-</span> 
     </span>
    </p>
   </div>
   <div class='ocr_carea' id='block_1_99' title="bbox 2151 4909 3710 4993">
    <p class='ocr_par' dir='ltr' id='par_1_99' title="bbox 2151 4914 3710 4993">
     <span class='ocr_line' id='line_1_99' title="bbox 2151 4914 3710 4993; baseline 0.007 -25"><span class='ocrx_word' id='word_1_721' title='bbox 2151 4930 2271 4968; x_wconf 92' lang='lat' dir='ltr'><strong>rum</strong></span> <span class='ocrx_word' id='word_1_722' title='bbox 2307 4924 2363 4971; x_wconf 89' lang='lat' dir='ltr'><strong>et</strong></span> <span class='ocrx_word' id='word_1_723' title='bbox 2409 4914 2737 4981; x_wconf 79' lang='lat' dir='ltr'><strong>Jerusalem,</strong></span> <span class='ocrx_word' id='word_1_724' title='bbox 2775 4932 2935 4987; x_wconf 86' lang='lat' dir='ltr'><strong>quem</strong></span> <span class='ocrx_word' id='word_1_725' title='bbox 2958 4919 3280 4976; x_wconf 89' lang='lat' dir='ltr'><strong>occiderunt</strong></span> <span class='ocrx_word' id='word_1_726' title='bbox 3312 4925 3710 4993; x_wconf 88' lang='lat' dir='ltr'><strong>suspendentes</strong></span> 
     </span>
    </p>
   </div>
   <div class='ocr_carea' id='block_1_100' title="bbox 473 4996 2053 5079">
    <p class='ocr_par' dir='ltr' id='par_1_100' title="bbox 473 5000 2033 5079">
     <span class='ocr_line' id='line_1_100' title="bbox 473 5000 2033 5079; baseline 0.006 -27"><span class='ocrx_word' id='word_1_727' title='bbox 473 5016 588 5063; x_wconf 86' lang='grc' dir='ltr'>του,</span> <span class='ocrx_word' id='word_1_728' title='bbox 624 5003 718 5055; x_wconf 74' lang='grc' dir='ltr'>καὶ</span> <span class='ocrx_word' id='word_1_729' title='bbox 757 5004 975 5058; x_wconf 84' lang='grc' dir='ltr'>πάντων</span> <span class='ocrx_word' id='word_1_730' title='bbox 1007 5000 1083 5058; x_wconf 82' lang='grc' dir='ltr'>ὧν</span> <span class='ocrx_word' id='word_1_731' title='bbox 1114 5005 1369 5077; x_wconf 73' lang='grc' dir='ltr'>ἐποίησεν</span> <span class='ocrx_word' id='word_1_732' title='bbox 1400 5006 1457 5059; x_wconf 72' lang='grc' dir='ltr'>ἓν</span> <span class='ocrx_word' id='word_1_733' title='bbox 1501 5023 1560 5060; x_wconf 91' lang='grc' dir='ltr'><strong>τε</strong></span> <span class='ocrx_word' id='word_1_734' title='bbox 1610 5010 1675 5078; x_wconf 82' lang='grc' dir='ltr'>τῇ</span> <span class='ocrx_word' id='word_1_735' title='bbox 1736 5007 1891 5079; x_wconf 71' lang='grc' dir='ltr'>χώρᾳ</span> <span class='ocrx_word' id='word_1_736' title='bbox 1922 5008 2033 5062; x_wconf 83' lang='grc' dir='ltr'><strong>τῶν</strong></span> 
     </span>
    </p>
   </div>
   <div class='ocr_carea' id='block_1_101' title="bbox 2151 4996 3773 5079">
    <p class='ocr_par' dir='ltr' id='par_1_101' title="bbox 2151 4996 3773 5075">
     <span class='ocr_line' id='line_1_101' title="bbox 2151 4996 3773 5075; baseline 0.006 -16"><span class='ocrx_word' id='word_1_737' title='bbox 2151 5003 2202 5059; x_wconf 94' lang='lat' dir='ltr'><strong>in</strong></span> <span class='ocrx_word' id='word_1_738' title='bbox 2237 5005 2403 5075; x_wconf 78' lang='lat' dir='ltr'><strong>ligno.</strong></span> <span class='ocrx_word' id='word_1_739' title='bbox 2460 5004 2617 5060; x_wconf 82' lang='lat' dir='ltr'><strong>Hunc</strong></span> <span class='ocrx_word' id='word_1_740' title='bbox 2652 5005 2797 5062; x_wconf 89' lang='lat' dir='ltr'><strong>Deus</strong></span> <span class='ocrx_word' id='word_1_741' title='bbox 2828 5009 3117 5066; x_wconf 88' lang='lat' dir='ltr'><strong>suscitavit</strong></span> <span class='ocrx_word' id='word_1_742' title='bbox 3145 5013 3305 5067; x_wconf 90' lang='lat' dir='ltr'><strong>tertia</strong></span> <span class='ocrx_word' id='word_1_743' title='bbox 3337 5012 3427 5069; x_wconf 88' lang='lat' dir='ltr'><strong>die</strong></span> <span class='ocrx_word' id='word_1_744' title='bbox 3473 5022 3528 5067; x_wconf 90' lang='lat' dir='ltr'><strong>et</strong></span> <span class='ocrx_word' id='word_1_745' title='bbox 3562 5014 3711 5069; x_wconf 83' lang='lat' dir='ltr'><strong>dedit</strong></span> <span class='ocrx_word' id='word_1_746' title='bbox 3768 4996 3773 5000; x_wconf 45' lang='grc'><strong>’</strong></span> 
     </span>
    </p>
   </div>
   <div class='ocr_carea' id='block_1_102' title="bbox 476 5090 2053 5175">
    <p class='ocr_par' dir='ltr' id='par_1_102' title="bbox 476 5090 2053 5171">
     <span class='ocr_line' id='line_1_102' title="bbox 476 5090 2053 5171; baseline 0.004 -24"><span class='ocrx_word' id='word_1_747' title='bbox 476 5090 745 5147; x_wconf 81' lang='grc' dir='ltr'>Ἰουδαίων</span> <span class='ocrx_word' id='word_1_748' title='bbox 775 5095 868 5145; x_wconf 77' lang='grc' dir='ltr'>καὶ</span> <span class='ocrx_word' id='word_1_749' title='bbox 889 5096 947 5147; x_wconf 78' lang='grc' dir='ltr'>ἐν</span> <span class='ocrx_word' id='word_1_750' title='bbox 990 5095 1350 5169; x_wconf 87' lang='grc' dir='ltr'>Ἰερουσαλήμ</span> <span class='ocrx_word' id='word_1_751' title='bbox 1381 5114 1395 5130; x_wconf 92' lang='grc'><strong>·</strong></span> <span class='ocrx_word' id='word_1_752' title='bbox 1431 5097 1491 5151; x_wconf 81' lang='grc' dir='ltr'>ὃν</span> <span class='ocrx_word' id='word_1_753' title='bbox 1516 5100 1610 5152; x_wconf 76' lang='grc' dir='ltr'>καὶ</span> <span class='ocrx_word' id='word_1_754' title='bbox 1653 5100 1882 5164; x_wconf 84' lang='grc' dir='ltr'>ἀνεῖλον,</span> <span class='ocrx_word' id='word_1_755' title='bbox 1914 5112 2053 5171; x_wconf 54' lang='grc' dir='ltr'>κρεε</span> 
     </span>
    </p>
   </div>
   <div class='ocr_carea' id='block_1_103' title="bbox 2151 5090 3709 5175">
    <p class='ocr_par' dir='ltr' id='par_1_103' title="bbox 2151 5097 3709 5175">
     <span class='ocr_line' id='line_1_103' title="bbox 2151 5097 3709 5175; baseline 0.003 -22"><span class='ocrx_word' id='word_1_756' title='bbox 2151 5113 2268 5153; x_wconf 87' lang='lat' dir='ltr'><strong>eum</strong></span> <span class='ocrx_word' id='word_1_757' title='bbox 2295 5097 2647 5153; x_wconf 80' lang='lat' dir='ltr'><strong>manifestum</strong></span> <span class='ocrx_word' id='word_1_758' title='bbox 2680 5099 2821 5167; x_wconf 78' lang='lat' dir='ltr'><strong>ﬁeri,</strong></span> <span class='ocrx_word' id='word_1_759' title='bbox 2862 5116 2975 5156; x_wconf 90' lang='lat' dir='ltr'><strong>non</strong></span> <span class='ocrx_word' id='word_1_760' title='bbox 2998 5103 3145 5158; x_wconf 88' lang='lat' dir='ltr'><strong>omni</strong></span> <span class='ocrx_word' id='word_1_761' title='bbox 3176 5105 3398 5175; x_wconf 87' lang='lat' dir='ltr'><strong>populo,</strong></span> <span class='ocrx_word' id='word_1_762' title='bbox 3426 5105 3518 5159; x_wconf 85' lang='lat' dir='ltr'><strong>sed</strong></span> <span class='ocrx_word' id='word_1_763' title='bbox 3553 5104 3709 5158; x_wconf 88' lang='lat' dir='ltr'><strong>testi-</strong></span> 
     </span>
    </p>
   </div>
   <div class='ocr_carea' id='block_1_104' title="bbox 480 5178 2053 5265">
    <p class='ocr_par' dir='ltr' id='par_1_104' title="bbox 480 5178 2034 5260">
     <span class='ocr_line' id='line_1_104' title="bbox 480 5178 2034 5260; baseline 0.008 -28"><span class='ocrx_word' id='word_1_764' title='bbox 480 5178 752 5250; x_wconf 80' lang='grc' dir='ltr'>μάσαντες</span> <span class='ocrx_word' id='word_1_765' title='bbox 789 5182 882 5234; x_wconf 73' lang='grc' dir='ltr'><strong>ἐπὶ</strong></span> <span class='ocrx_word' id='word_1_766' title='bbox 920 5182 1102 5249; x_wconf 80' lang='grc' dir='ltr'>ξύλου.</span> <span class='ocrx_word' id='word_1_767' title='bbox 1138 5185 1342 5241; x_wconf 84' lang='grc' dir='ltr'>Τοῦτον</span> <span class='ocrx_word' id='word_1_768' title='bbox 1364 5189 1393 5242; x_wconf 92' lang='lat'><strong>6</strong></span> <span class='ocrx_word' id='word_1_769' title='bbox 1419 5187 1548 5252; x_wconf 87' lang='grc' dir='ltr'>Θεὸς</span> <span class='ocrx_word' id='word_1_770' title='bbox 1571 5190 1761 5260; x_wconf 82' lang='grc' dir='ltr'>ήγειρε</span> <span class='ocrx_word' id='word_1_771' title='bbox 1811 5193 1876 5260; x_wconf 80' lang='grc' dir='ltr'>τῇ</span> <span class='ocrx_word' id='word_1_772' title='bbox 1910 5190 2034 5260; x_wconf 87' lang='grc' dir='ltr'>τρί-</span> 
     </span>
    </p>
   </div>
   <div class='ocr_carea' id='block_1_105' title="bbox 2151 5178 3709 5265">
    <p class='ocr_par' dir='ltr' id='par_1_105' title="bbox 2151 5190 3709 5265">
     <span class='ocr_line' id='line_1_105' title="bbox 2151 5190 3709 5265; baseline 0.004 -21"><span class='ocrx_word' id='word_1_773' title='bbox 2151 5190 2249 5246; x_wconf 90' lang='lat' dir='ltr'><strong>bus</strong></span> <span class='ocrx_word' id='word_1_774' title='bbox 2280 5190 2659 5252; x_wconf 68' lang='lat' dir='ltr'><strong>praeordinatis</strong></span> <span class='ocrx_word' id='word_1_775' title='bbox 2719 5208 2751 5247; x_wconf 86' lang='lat' dir='ltr'><strong>a</strong></span> <span class='ocrx_word' id='word_1_776' title='bbox 2797 5191 2929 5258; x_wconf 90' lang='lat' dir='ltr'><strong>Deo,</strong></span> <span class='ocrx_word' id='word_1_777' title='bbox 2992 5196 3173 5261; x_wconf 90' lang='lat' dir='ltr'><strong>nobis,</strong></span> <span class='ocrx_word' id='word_1_778' title='bbox 3210 5195 3302 5265; x_wconf 82' lang='lat' dir='ltr'><strong>qui</strong></span> <span class='ocrx_word' id='word_1_779' title='bbox 3356 5196 3709 5251; x_wconf 78' lang='lat' dir='ltr'><strong>manducavi-</strong></span> 
     </span>
    </p>
   </div>
   <div class='ocr_carea' id='block_1_106' title="bbox 471 5271 2053 5356">
    <p class='ocr_par' dir='ltr' id='par_1_106' title="bbox 471 5271 2032 5352">
     <span class='ocr_line' id='line_1_106' title="bbox 471 5271 2032 5352; baseline 0.01 -31"><span class='ocrx_word' id='word_1_780' title='bbox 471 5273 537 5343; x_wconf 79' lang='grc' dir='ltr'>τῇ</span> <span class='ocrx_word' id='word_1_781' title='bbox 570 5271 777 5343; x_wconf 77' lang='grc' dir='ltr'>ἡμέρᾳ,</span> <span class='ocrx_word' id='word_1_782' title='bbox 809 5274 905 5327; x_wconf 70' lang='grc' dir='ltr'>καὶ</span> <span class='ocrx_word' id='word_1_783' title='bbox 945 5275 1144 5331; x_wconf 72' lang='grc' dir='ltr'>ἔδωκεν</span> <span class='ocrx_word' id='word_1_784' title='bbox 1201 5280 1365 5333; x_wconf 79' lang='grc' dir='ltr'>αὐτὸν</span> <span class='ocrx_word' id='word_1_785' title='bbox 1393 5282 1612 5352; x_wconf 79' lang='grc' dir='ltr'>ἐμφανῆ</span> <span class='ocrx_word' id='word_1_786' title='bbox 1659 5283 1938 5351; x_wconf 77' lang='grc' dir='ltr'>γενέσθαι,</span> <span class='ocrx_word' id='word_1_787' title='bbox 1970 5284 2032 5337; x_wconf 85' lang='grc' dir='ltr'>οὐ</span> 
     </span>
    </p>
   </div>
   <div class='ocr_carea' id='block_1_107' title="bbox 2151 5271 3703 5356">
    <p class='ocr_par' dir='ltr' id='par_1_107' title="bbox 2151 5282 3703 5356">
     <span class='ocr_line' id='line_1_107' title="bbox 2151 5282 3703 5356; baseline 0.005 -20"><span class='ocrx_word' id='word_1_788' title='bbox 2151 5297 2269 5337; x_wconf 89' lang='lat' dir='ltr'><strong>mus</strong></span> <span class='ocrx_word' id='word_1_789' title='bbox 2320 5289 2375 5338; x_wconf 91' lang='lat' dir='ltr'><strong>et</strong></span> <span class='ocrx_word' id='word_1_790' title='bbox 2408 5282 2643 5340; x_wconf 89' lang='lat' dir='ltr'><strong>bibimus</strong></span> <span class='ocrx_word' id='word_1_791' title='bbox 2687 5298 2813 5338; x_wconf 89' lang='lat' dir='ltr'><strong>cum</strong></span> <span class='ocrx_word' id='word_1_792' title='bbox 2873 5286 2988 5349; x_wconf 89' lang='lat' dir='ltr'><strong>illo,</strong></span> <span class='ocrx_word' id='word_1_793' title='bbox 3019 5296 3310 5356; x_wconf 89' lang='lat' dir='ltr'><strong>postquam</strong></span> <span class='ocrx_word' id='word_1_794' title='bbox 3344 5288 3645 5343; x_wconf 77' lang='lat' dir='ltr'><strong>resurrexit</strong></span> <span class='ocrx_word' id='word_1_795' title='bbox 3677 5304 3703 5342; x_wconf 84' lang='lat' dir='ltr'><strong>a</strong></span> 
     </span>
    </p>
   </div>
   <div class='ocr_carea' id='block_1_108' title="bbox 471 5360 2053 5447">
    <p class='ocr_par' dir='ltr' id='par_1_108' title="bbox 471 5360 2039 5444">
     <span class='ocr_line' id='line_1_108' title="bbox 471 5360 2039 5444; baseline 0.006 -27"><span class='ocrx_word' id='word_1_796' title='bbox 471 5360 635 5415; x_wconf 79' lang='grc' dir='ltr'>παντὶ</span> <span class='ocrx_word' id='word_1_797' title='bbox 673 5360 752 5432; x_wconf 82' lang='grc' dir='ltr'><strong>τῷ</strong></span> <span class='ocrx_word' id='word_1_798' title='bbox 781 5361 919 5433; x_wconf 83' lang='grc' dir='ltr'>λαῷ,</span> <span class='ocrx_word' id='word_1_799' title='bbox 948 5365 1084 5419; x_wconf 84' lang='grc' dir='ltr'><strong>ἀλλά</strong></span> <span class='ocrx_word' id='word_1_800' title='bbox 1115 5368 1351 5440; x_wconf 84' lang='grc' dir='ltr'>μάρτυσι</span> <span class='ocrx_word' id='word_1_801' title='bbox 1392 5373 1503 5435; x_wconf 79' lang='grc' dir='ltr'>τοῖς</span> <span class='ocrx_word' id='word_1_802' title='bbox 1555 5388 2039 5444; x_wconf 81' lang='grc' dir='ltr'>προκεχειροτονη-</span> 
     </span>
    </p>
   </div>
   <div class='ocr_carea' id='block_1_109' title="bbox 2151 5360 3705 5447">
    <p class='ocr_par' dir='ltr' id='par_1_109' title="bbox 2151 5371 3705 5447">
     <span class='ocr_line' id='line_1_109' title="bbox 2151 5371 3705 5447; baseline 0.003 -20"><span class='ocrx_word' id='word_1_803' title='bbox 2151 5373 2391 5429; x_wconf 87' lang='lat' dir='ltr'><strong>mortuis.</strong></span> <span class='ocrx_word' id='word_1_804' title='bbox 2449 5371 2517 5428; x_wconf 86' lang='lat' dir='ltr'><strong>Et</strong></span> <span class='ocrx_word' id='word_1_805' title='bbox 2566 5377 2825 5445; x_wconf 63' lang='lat' dir='ltr'><strong>pracepit</strong></span> <span class='ocrx_word' id='word_1_806' title='bbox 2867 5376 3026 5431; x_wconf 91' lang='lat' dir='ltr'><strong>nobis</strong></span> <span class='ocrx_word' id='word_1_807' title='bbox 3078 5374 3375 5445; x_wconf 81' lang='lat' dir='ltr'><strong>praedicare</strong></span> <span class='ocrx_word' id='word_1_808' title='bbox 3422 5377 3624 5447; x_wconf 82' lang='lat' dir='ltr'><strong>pepulo</strong></span> <span class='ocrx_word' id='word_1_809' title='bbox 3652 5387 3705 5434; x_wconf 89' lang='lat' dir='ltr'><strong>et</strong></span> 
     </span>
    </p>
   </div>
   <div class='ocr_carea' id='block_1_110' title="bbox 473 5455 2053 5536">
    <p class='ocr_par' dir='ltr' id='par_1_110' title="bbox 473 5455 2036 5534">
     <span class='ocr_line' id='line_1_110' title="bbox 473 5455 2036 5534; baseline 0.008 -27"><span class='ocrx_word' id='word_1_810' title='bbox 473 5456 657 5522; x_wconf 79' lang='grc' dir='ltr'>μένοις</span> <span class='ocrx_word' id='word_1_811' title='bbox 707 5455 812 5509; x_wconf 84' lang='grc' dir='ltr'><strong>ὑπὸ</strong></span> <span class='ocrx_word' id='word_1_812' title='bbox 849 5455 942 5510; x_wconf 87' lang='grc' dir='ltr'><strong>τοῦ</strong></span> <span class='ocrx_word' id='word_1_813' title='bbox 994 5457 1152 5523; x_wconf 85' lang='grc' dir='ltr'>Θεοῦ,</span> <span class='ocrx_word' id='word_1_814' title='bbox 1186 5461 1361 5531; x_wconf 80' lang='grc' dir='ltr'>ἡμῖν,</span> <span class='ocrx_word' id='word_1_815' title='bbox 1411 5463 1609 5527; x_wconf 79' lang='grc' dir='ltr'>οἵτινες</span> <span class='ocrx_word' id='word_1_816' title='bbox 1660 5467 2036 5534; x_wconf 83' lang='grc' dir='ltr'>συνεφάγομεν</span> 
     </span>
    </p>
   </div>
   <div class='ocr_carea' id='block_1_111' title="bbox 2151 5455 3707 5536">
    <p class='ocr_par' dir='ltr' id='par_1_111' title="bbox 2151 5464 3707 5536">
     <span class='ocr_line' id='line_1_111' title="bbox 2151 5464 3707 5536; baseline 0.004 -17"><span class='ocrx_word' id='word_1_817' title='bbox 2151 5464 2448 5530; x_wconf 67' lang='lat' dir='ltr'><strong>testiﬁcari,</strong></span> <span class='ocrx_word' id='word_1_818' title='bbox 2485 5467 2614 5536; x_wconf 88' lang='lat' dir='ltr'><strong>quia</strong></span> <span class='ocrx_word' id='word_1_819' title='bbox 2666 5468 2782 5536; x_wconf 90' lang='lat' dir='ltr'><strong>ipse</strong></span> <span class='ocrx_word' id='word_1_820' title='bbox 2815 5475 2900 5522; x_wconf 90' lang='lat' dir='ltr'><strong>est</strong></span> <span class='ocrx_word' id='word_1_821' title='bbox 2926 5466 3019 5535; x_wconf 90' lang='lat' dir='ltr'><strong>qui</strong></span> <span class='ocrx_word' id='word_1_822' title='bbox 3061 5465 3394 5523; x_wconf 88' lang='lat' dir='ltr'><strong>constitutus</strong></span> <span class='ocrx_word' id='word_1_823' title='bbox 3419 5477 3506 5523; x_wconf 86' lang='lat' dir='ltr'><strong>est</strong></span> <span class='ocrx_word' id='word_1_824' title='bbox 3535 5483 3564 5522; x_wconf 91' lang='lat' dir='ltr'><strong>a</strong></span> <span class='ocrx_word' id='word_1_825' title='bbox 3597 5469 3707 5525; x_wconf 85' lang='lat' dir='ltr'><strong>Deo</strong></span> 
     </span>
    </p>
   </div>
   <div class='ocr_carea' id='block_1_112' title="bbox 468 5544 2053 5630">
    <p class='ocr_par' dir='ltr' id='par_1_112' title="bbox 468 5544 2029 5625">
     <span class='ocr_line' id='line_1_112' title="bbox 468 5544 2029 5625; baseline 0.009 -28"><span class='ocrx_word' id='word_1_826' title='bbox 468 5544 617 5614; x_wconf 81' lang='grc' dir='ltr'>αὐτῷ</span> <span class='ocrx_word' id='word_1_827' title='bbox 646 5546 740 5600; x_wconf 80' lang='grc' dir='ltr'>καὶ</span> <span class='ocrx_word' id='word_1_828' title='bbox 774 5549 1120 5618; x_wconf 82' lang='grc' dir='ltr'>συνεπίομεν,</span> <span class='ocrx_word' id='word_1_829' title='bbox 1160 5551 1300 5621; x_wconf 83' lang='grc' dir='ltr'>μετὰ</span> <span class='ocrx_word' id='word_1_830' title='bbox 1345 5554 1405 5607; x_wconf 83' lang='grc' dir='ltr'><strong>τὸ</strong></span> <span class='ocrx_word' id='word_1_831' title='bbox 1432 5555 1731 5625; x_wconf 80' lang='grc' dir='ltr'>ἀναστῆναι</span> <span class='ocrx_word' id='word_1_832' title='bbox 1778 5558 1939 5611; x_wconf 81' lang='grc' dir='ltr'>αὑτὸν</span> <span class='ocrx_word' id='word_1_833' title='bbox 1964 5560 2029 5611; x_wconf 67' lang='grc' dir='ltr'>ἐκ</span> 
     </span>
    </p>
   </div>
   <div class='ocr_carea' id='block_1_113' title="bbox 2151 5544 3705 5630">
    <p class='ocr_par' dir='ltr' id='par_1_113' title="bbox 2151 5553 3705 5630">
     <span class='ocr_line' id='line_1_113' title="bbox 2151 5553 3705 5630; baseline 0.006 -23"><span class='ocrx_word' id='word_1_834' title='bbox 2151 5555 2304 5621; x_wconf 81' lang='lat' dir='ltr'><strong>iudex</strong></span> <span class='ocrx_word' id='word_1_835' title='bbox 2339 5556 2587 5609; x_wconf 87' lang='lat' dir='ltr'><strong>vivorum</strong></span> <span class='ocrx_word' id='word_1_836' title='bbox 2642 5565 2695 5609; x_wconf 93' lang='lat' dir='ltr'><strong>et</strong></span> <span class='ocrx_word' id='word_1_837' title='bbox 2740 5565 3107 5609; x_wconf 90' lang='lat' dir='ltr'><strong>mortuorum.</strong></span> <span class='ocrx_word' id='word_1_838' title='bbox 3163 5553 3304 5611; x_wconf 82' lang='lat' dir='ltr'><strong>Huic</strong></span> <span class='ocrx_word' id='word_1_839' title='bbox 3347 5572 3539 5615; x_wconf 84' lang='lat' dir='ltr'><strong>omnes</strong></span> <span class='ocrx_word' id='word_1_840' title='bbox 3582 5576 3705 5630; x_wconf 72' lang='lat' dir='ltr'><strong>pro~</strong></span> 
     </span>
    </p>
   </div>
   <div class='ocr_carea' id='block_1_114' title="bbox 471 5637 2053 5725">
    <p class='ocr_par' dir='ltr' id='par_1_114' title="bbox 471 5637 2029 5717">
     <span class='ocr_line' id='line_1_114' title="bbox 471 5637 2029 5717; baseline 0.008 -29"><span class='ocrx_word' id='word_1_841' title='bbox 471 5637 704 5707; x_wconf 85' lang='grc' dir='ltr'>νεκρῶν.</span> <span class='ocrx_word' id='word_1_842' title='bbox 741 5640 851 5695; x_wconf 78' lang='grc' dir='ltr'><strong>Καὶ</strong></span> <span class='ocrx_word' id='word_1_843' title='bbox 878 5641 1246 5712; x_wconf 78' lang='grc' dir='ltr'>παρήγγειλεν</span> <span class='ocrx_word' id='word_1_844' title='bbox 1280 5644 1412 5715; x_wconf 74' lang='grc' dir='ltr'>ἡμῖν</span> <span class='ocrx_word' id='word_1_845' title='bbox 1440 5646 1670 5716; x_wconf 78' lang='grc' dir='ltr'>κηρύξαι</span> <span class='ocrx_word' id='word_1_846' title='bbox 1702 5648 1780 5715; x_wconf 81' lang='grc' dir='ltr'>τῷ</span> <span class='ocrx_word' id='word_1_847' title='bbox 1808 5647 2029 5717; x_wconf 70' lang='grc' dir='ltr'>λαῷκαὶ</span> 
     </span>
    </p>
   </div>
   <div class='ocr_carea' id='block_1_115' title="bbox 2151 5637 3700 5725">
    <p class='ocr_par' dir='ltr' id='par_1_115' title="bbox 2151 5646 3700 5725">
     <span class='ocr_line' id='line_1_115' title="bbox 2151 5646 3700 5725; baseline 0.009 -28"><span class='ocrx_word' id='word_1_848' title='bbox 2151 5647 2320 5714; x_wconf 79' lang='lat' dir='ltr'><strong>pheta:</strong></span> <span class='ocrx_word' id='word_1_849' title='bbox 2359 5647 2732 5702; x_wconf 88' lang='lat' dir='ltr'><strong>testimonium</strong></span> <span class='ocrx_word' id='word_1_850' title='bbox 2790 5646 3106 5719; x_wconf 82' lang='lat' dir='ltr'><strong>perhibent,</strong></span> <span class='ocrx_word' id='word_1_851' title='bbox 3144 5648 3526 5707; x_wconf 85' lang='lat' dir='ltr'><strong>remissionem</strong></span> <span class='ocrx_word' id='word_1_852' title='bbox 3573 5669 3700 5725; x_wconf 81' lang='lat' dir='ltr'><strong>pec-</strong></span> 
     </span>
    </p>
   </div>
  </div>
