4058 6210
405 242 508 304 949

1033 242 1491 309 EXPOSlTION
1502 243 1574 301 IS
1606 242 1685 300 IN
1722 241 1912 301 ACTA
1947 239 2250 302 TEXTUS
2280 241 2546 304 ALTER.
2579 268 2651 278 --
2677 241 2837 304 CAP.
2865 242 2974 303 XI.

3523 230 3629 298 95.)

405 367 493 414 νος
515 350 572 402 δὲ
604 351 633 402 ὁ
664 349 888 421 Πέτρος,
922 349 1187 413 ἐξετίθετο
1212 352 1396 414 αὐτοῖς
1460 351 1632 417 λέγων
1678 350 1912 420 καθεξῆς
1932 367 1945 382 ο

2091 366 2173 405 em
2231 350 2421 406 Petrus
2468 349 2774 419 exponebat
2816 348 2926 403 illis
2953 343 3478 409 ordinem,dicens:
3517 341 3630 412 Ego

438 436 559 505 Εγὼ
589 438 736 507 ήμην
759 440 816 491 ὲν
841 437 991 491 πόλει
1036 435 1230 510 Ἰόππῃ
1259 441 1710 509 προσευχόμενος,
1741 441 1832 492 καὶ
1888 436 1965 491 εί-

408 529 495 582 δον
522 531 581 582 ὲν
610 529 862 583 ἐκστάσει
895 530 1096 600 ὅραμα.
1145 530 1468 582 καταϐαῖνον
1523 529 1713 589 σκεῦός
1772 547 1843 590 τι,
1896 530 1968 592 ὼς

412 616 601 687 ὀθόνην
630 617 898 687 μεγάλην.
950 619 1242 688 τέσσαρσιν
1275 621 1472 688 ἀρχαῖς
1525 618 1853 687 καθιεμένην
1907 619 1972 671 ἐκ

410 707 504 759 τοῦ
531 708 785 778 οὐρανοῦ,
816 710 906 761 καὶ
930 705 1092 779 ἦλθεν
1119 709 1278 780 άχρις
1302 709 1465 778 ἐμοῦ.
1508 709 1601 772 El;
1626 708 1694 778 ἢν
1718 707 1972 770 ἀτενίσας

412 801 700 853 κατενόουν
729 816 743 831 ο
779 802 872 854 καὶ
916 799 1057 856 εἶδον
1091 803 1267 856 πάντα
1297 804 1363 858 τά
1388 800 1689 871 τετράποδα
1722 800 1818 868 τῆς
1846 798 1970 867 γῆς,

415 891 507 943 καὶ
542 892 607 944 τὰ
662 891 851 962 θηρία,
884 894 976 946 καὶ
1002 893 1071 946 τὰ
1119 894 1345 965 ἑρπετὰ,
1413 895 1507 947 καὶ
1535 894 1602 947 τὰ
1630 892 1852 945 πετεινὰ
1879 891 1972 944 τοῦ
2008 889 2012 892 ⁴

413 981 644 1052 οὐρανοῦ
668 999 682 1014 '
710 983 918 1053 ἤκουσά
947 1002 1003 1037 τε
1036 986 1219 1056 φωνῆς
1233 985 1496 1056 λεγούσης
1531 1003 1620 1055 μοι
1642 1000 1655 1015 ³
1688 983 1971 1045 Ἀναστὰς,

424 1073 621 1143 Πέτρε,
652 1073 835 1137 θῦσον,
873 1077 966 1127 καὶ
1005 1075 1166 1143 φάγε.
1202 1072 1369 1128 Εἶπον
1393 1075 1449 1127 δέ,
1472 1091 1485 1105 ·
1519 1072 1820 1144 Μηδαμῶς,
1865 1069 1977 1124 Κῦ-

416 1180 501 1233 ριε
533 1180 548 1195 ο
583 1165 689 1216 πᾶν
750 1166 927 1219 κοινὸν
981 1165 1371 1236 ἦάκάθαρτον,
1426 1166 1679 1221 οὐδέποτε
1732 1162 1977 1232 εἰσῆλθεν

415 1254 494 1317 εὶς
529 1253 588 1306 τὸ
620 1254 792 1323 στόμα
819 1272 942 1325 μου.
979 1255 1281 1327 Ἀπεκρίθη
1314 1256 1370 1308 δέ
1408 1273 1498 1325 μοι
1555 1256 1617 1307 ὲκ
1645 1252 1896 1322 δευτέρου
1915 1253 1977 1302 ἐκ

413 1343 508 1396 τοῦ
534 1345 761 1414 οὐρανοῦ
791 1348 943 1417 φωνή
970 1363 985 1378 ο
1025 1350 1090 1401 "A
1110 1350 1136 1400 ὁ
1166 1346 1299 1411 Θεὸς
1328 1346 1642 1417 ἐκαθάρισε,
1663 1344 1728 1397 σὺ
1762 1342 1838 1411 μὴ
1862 1340 1977 1394 κοί-

414 1450 527 1487 νου.
563 1435 733 1488 Ύοῦτο
761 1437 818 1490 δὲ
841 1437 1054 1505 ἐγένετο
1072 1440 1165 1492 ἐπὶ
1196 1440 1335 1508 τρὶς,
1363 1438 1456 1491 καὶ
1477 1436 1637 1490 πάλιν
1666 1432 1976 1502 ἀνεσπάσθη

414 1524 630 1579 ᾶπαντα
658 1528 738 1589 εἰς
757 1525 853 1580 ’τὸν
886 1527 1134 1598 οὐρανὸν.

988 1684 1370 1741 ΕΡΜΗΝΕιΑ.

491 1838 619 1894 Ὅτι
643 1838 993 1905 ἐπίστευσαν,
1024 1842 1108 1895 δτι
1141 1841 1355 1903 πάντως
1375 1839 1438 1893 τὸ
1473 1840 1753 1912 βάπτισμα
1778 1841 1976 1910 ἄφεσις

416 1933 827 2001 ἁμαρτημάτων
866 1933 1005 1995 ἐστὶ,
1062 1932 1185 1984 τότε
1248 1930 1485 2000 ἐπῆλθεν
1536 1932 1622 1986 ἐπ’
1672 1933 1866 1996 αὐτοὺς
1915 1932 1978 1987 τὸ

418 2020 639 2085 Πνεῦμα
658 2036 673 2051 ο
704 2020 861 2073 τοῦτο
893 2020 1104 2088 γίνεται
1138 2018 1657 2090 προοικονομοῦντος
1679 2020 1977 2088 ἀπολογίαν

420 2109 661 2179 μεγάλην
696 2109 774 2179 τῷ
811 2111 1002 2181 Πέτρῳ
1027 2110 1119 2163 τοῦ
1145 2110 1300 2165 Θεοῦ.
1354 2112 1464 2164 Καὶ
1521 2111 1620 2180 οὺχ
1683 2109 1868 2172 ἁπλῶς
1916 2109 1981 2164 τὸ

419 2200 642 2269 Πνεῦμα
669 2199 922 2268 ἐπῆλθεν,
954 2198 1089 2252 ἀλλὰ
1116 2200 1206 2253 καὶ
1247 2198 1520 2266 γλώσσαις
1546 2199 1796 2254 ἐλάλουν·
1839 2200 1978 2270 ὅπερ

416 2291 709 2361 ἐξέπληττε
736 2291 859 2352 τοὺς
881 2290 1248 2354 συνελθόντας.
1274 2292 1363 2343 Διὺ
1400 2291 1497 2345 καὶ
1533 2292 1562 2344 ὁ
1583 2290 1785 2358 Πέτρος
1811 2306 1980 2359 προσ-

417 2379 602 2445 έταξεν
650 2379 845 2441 αὐτοὺς
884 2381 1083 2443 εὐθέως
1134 2380 1496 2449 βαπτισθῆναι
1541 2380 1601 2431 ὲν
1654 2378 1729 2447 τῷ
1755 2378 1978 2447 ὀνόματι

417 2474 510 2527 τοῦ
538 2474 764 2544 Κυρίου·
793 2475 888 2527 καὶ
914 2474 1015 2526 οὐκ
1052 2468 1170 2526 εἷπε
1191 2488 1206 2504 ·
1240 2473 1281 2523 Τ
1290 2472 1335 2535 ίς
1370 2472 1403 2541 ἡ
1450 2469 1542 2525 τοῦ
1570 2468 1758 2532 ὕδατος
1797 2470 1978 2540 χρεία,

416 2564 508 2618 τοῦ
542 2566 698 2631 ἁγίου
720 2564 1033 2632 Πνεύματος
1068 2561 1419 2623 ἐπιπεσόντος
1450 2561 1669 2624 αὐτοῖς;
1704 2559 1981 2628 ’ῌδειγὰρ

416 2657 499 2710 ὅτι
524 2656 643 2709 θεῖα
671 2656 902 2710 τελεῖται
926 2657 986 2707 ἐν
1006 2654 1160 2725 αὐτῷ
1182 2651 1452 2722 σύμϐολα,
1472 2652 1639 2718 τάφος
1664 2651 1759 2704 καὶ
1780 2649 1985 2718 νέκρω-

421 2765 526 2809 σις,
566 2748 662 2801 καὶ
696 2748 997 2809 ἀνάστασις
1027 2747 1119 2798 καὶ
1141 2744 1275 2812 ζωή.
1301 2744 1513 2811 Ὠσπερ
1532 2741 1641 2812 γὰρ
1673 2742 1805 2810 ἡμῖν
1833 2739 1987 2793 εὔκο-

420 2839 512 2892 λον
548 2838 916 2909 βαπτίσασθαι
948 2839 1040 2890 καὶ
1063 2834 1384 2899 ἀνανεῦσαι,
1416 2833 1589 2897 οὕτως
1643 2831 1865 2886 εὔκολον
1908 2831 1991 2902 τῷ

420 2930 538 2999 Θεῷ
570 2930 738 2996 θάψαι
782 2929 873 2981 τδν
918 2927 1144 2980 παλαιὸν
1198 2926 1485 2996 ἄνθρωπον
1515 2964 1531 2988 ,
1572 2924 1668 2976 καὶ
1715 2921 1987 2992 άναζῆσαι

2068 455 2219 495 eram
2264 440 2318 493 in
2365 440 2587 493 civitate
2640 438 2813 508 Joppe
2857 451 3046 497 orans.
3082 441 3135 489 et
3170 434 3295 503 vidi
3334 433 3386 487 in
3436 445 3632 487 exccso

2070 547 2131 585 su
2200 530 2397 585 mentis
2443 531 2745 592 visionem,
2812 525 3150 585 descendens
3215 539 3310 578 vas
3360 521 3632 593 quoddam

2070 623 2217 677 velut
2294 620 2521 674 linteum
2605 634 2909 690 magnum,
2982 626 3214 688 quatuor
3266 615 3440 668 initiis
3501 613 3636 667 sub-

2071 714 2210 770 mitti
2257 714 2325 768 de
2365 714 2503 768 cmlo
2532 754 2546 779 ,
2588 721 2641 767 et
2681 714 2827 768 venit
2860 727 3033 781 usque
3093 709 3157 763 ad
3219 722 3326 762 me.
3384 707 3436 759 ln
3474 704 3638 776 249

2072 804 2218 873 quod
2264 803 2504 857 intuens
2540 799 2993 863 considerabam,
3029 808 3081 852 et
3112 793 3223 849 vidi
3258 791 3634 863 quadrupedta

2074 901 2231 948 terra:
2257 902 2309 947 et
2335 891 2537 947 bestias
2568 900 2623 946 et
2654 890 2869 961 reptilia
2899 898 2952 943 et
2985 886 3228 941 volatilia
3259 883 3406 938 coeli.
3440 880 3634 935 Audivi

2075 991 2258 1037 autem
2293 990 2347 1037 et
2386 998 2571 1037 vocem
2603 982 2871 1038 dicentem
2908 977 3039 1033 mihi
3071 995 3083 1032 :
3142 977 3335 1044 Surge,
3374 972 3551 1036 Petre,
3582 980 3639 1025 et

2046 1088 2047 1091 ‘
2076 1075 2266 1131 occide
2303 1087 2355 1129 ct
2380 1074 2670 1129 manduca.
2708 1072 2823 1127 Dixi
2857 1078 3041 1125 autem
3070 1085 3082 1120 :
3122 1068 3500 1135 Nequaquam,
3532 1061 3636 1117 Do-

2077 1166 2267 1221 mine:
2332 1165 2460 1235 quia
2528 1178 2818 1219 commune
2863 1168 2957 1215 aut
2994 1157 3330 1215 immundum
3359 1169 3636 1224 nunquam

2078 1254 2322 1334 introivit
2383 1254 2438 1334 in
2485 1245 2548 1309 os
2595 1269 2794 1309 meum.
2849 1250 3157 1321 Respondit
3199 1255 3379 1303 autem
3413 1261 3513 1299 vox
3550 1260 3640 1297 se-

2079 1330 2258 1401 cundo
2287 1345 2354 1400 de
2387 1330 2565 1399 coelo:
2622 1343 2755 1410 Qum
2788 1342 2929 1397 Deus
2961 1338 3263 1404 mundavit,
3292 1348 3348 1391 tu
3382 1351 3450 1390 ne
3476 1350 3639 1389 com-

2079 1451 2243 1491 mune
2277 1436 2499 1491 dixeris.
2540 1433 2654 1487 Hoc
2692 1441 2872 1487 autem
2910 1430 3114 1485 factum
3154 1435 3236 1482 est
3269 1441 3365 1497 per
3421 1433 3546 1489 ter;
3586 1432 3642 1478 et

2080 1534 2297 1597 recepta
2325 1535 2453 1582 sunt
2484 1524 2666 1581 omnia
2699 1536 2919 1579 rursum
2958 1522 3015 1577 in
3046 1520 3265 1575 cmlum.

2593 1674 3158 1738 COMMENTARIUS.

2148 1837 2381 1904 Quando
2417 1834 2794 1897 crediderunt,
2844 1831 2963 1887 dari
2990 1831 3215 1886 omnino
3239 1842 3337 1898 per
3370 1826 3647 1897 baptisma

2077 1927 2457 1983 remissionem
2518 1930 2892 1994 peccatorum,
2957 1929 3090 1975 tunc
3139 1919 3288 1974 venit
3333 1931 3499 1987 super
3547 1930 3645 1972 eos

2079 2014 2315 2086 Spiritus
2338 2021 2567 2072 sanctus
2598 2030 2612 2067 :
2646 2013 2837 2083 sicque
2866 2011 3009 2066 Deus
3050 2022 3301 2080 magnam
3335 2006 3498 2062 Petro
3541 2005 3641 2060 de-

2077 2106 2379 2163 fensionem
2412 2104 2646 2177 paravit.
2688 2101 2759 2156 At
2798 2115 2926 2155 vero
2955 2114 3063 2154 non
3090 2108 3372 2166 utcunque
3403 2093 3646 2163 Spiritus

2078 2202 2303 2251 sanctus
2342 2208 2508 2263 super
2540 2192 2663 2246 illos
2697 2188 2981 2245 descendit
3011 2204 3025 2252 ;
3062 2184 3157 2241 sed
3209 2185 3305 2247 ita,
3339 2188 3400 2237 ut
3438 2181 3516 2236 illi
3550 2193 3646 2233 va-

2079 2286 2176 2340 riis
2211 2283 2410 2354 linguis
2440 2279 2731 2336 confestim
2762 2279 3151 2347 loquerentur;
3189 2288 3309 2343 quae
3342 2287 3429 2327 res
3462 2277 3650 2324 astan-

2082 2384 2166 2431 tes
2217 2374 2387 2429 multa
2445 2369 2812 2427 admiratione
2864 2366 3181 2436 complevit.
3236 2363 3393 2420 Unde
3444 2362 3649 2415 Petrus

2082 2464 2268 2532 jussit,
2323 2477 2418 2516 eos
2467 2459 2651 2515 statim
2683 2456 2954 2527 baptizari
3019 2455 3076 2509 in
3140 2452 3364 2509 nomine
3431 2448 3649 2503 Domini

2082 2553 2207 2609 Jesu
2261 2550 2489 2608 Christi.
2546 2549 2728 2618 Neque
2764 2561 2892 2602 vero
2944 2544 3078 2599 dixit
3134 2561 3148 2599 :
3201 2541 3341 2610 Quid
3382 2555 3517 2613 Opus
3563 2546 3651 2594 est

2083 2658 2223 2713 aqua
2279 2643 2346 2696 iis
2379 2640 2473 2711 qui
2534 2638 2799 2709 Spiritum
2840 2644 3091 2700 sanctum
3134 2633 3246 2704 jam
3286 2627 3652 2700 receperunt?

2084 2733 2320 2789 Noverat
2379 2732 2561 2796 enim,
2620 2742 2718 2798 per
2791 2740 2947 2783 sacra
3016 2725 3109 2779 illa
3167 2720 3411 2793 symbola
3466 2716 3652 2786 perlici

2086 2825 2456 2894 sepulturam,
2519 2827 2772 2881 mortem,
2827 2813 3289 2875 reSurrectionem
3350 2817 3404 2865 et
3459 2809 3651 2865 vitam.

2086 2911 2553 2981 Quemadmodum
2592 2909 2738 2966 enim
2792 2906 2951 2961 facile
2977 2904 3137 2959 nobis
3171 2910 3254 2957 est
3286 2901 3444 2970 aquis
3478 2897 3664 2963 mergi

418 3022 512 3074 τὸν
554 3022 693 3074 νέον.
731 3019 902 3073 Τοῦτο
930 3018 989 3071 δὲ
1011 3016 1196 3087 τρίτον
1227 3016 1458 3082 γίνεται,
1487 3014 1574 3066 ἵνα
1628 3012 1867 3081 γνῶμεν,
1901 3012 1981 3064 ὅτι

2087 3013 2140 3059 et
2168 3002 2585 3072 emergere,ita
2648 2998 2804 3053 facile
2848 3004 2933 3051 est
2985 2993 3095 3048 Deo
3146 2998 3383 3046 veterem
3424 2987 3656 3057 sepelire

418 3113 645 3181 δυνάμει
702 3110 932 3179 Πατρὸς.
967 3110 1060 3163 καὶ
1115 3104 1267 3171 Υίοῦ,
1324 3105 1420 3158 καὶ
1459 3103 1618 3170 ἁγίου
1666 3101 1979 3169 Πνεῦματος

420 3202 575 3255 τοῦτο
606 3202 833 3267 γίνεται.
863 3198 1016 3258 Τινὲς
1046 3196 1107 3248 δέ
1138 3210 1329 3263 φασιν,
1356 3193 1444 3246 ἴνα
1470 3189 1656 3259 δειχθῇ
1692 3189 1724 3256 ή
1750 3188 1981 3256 τριήμε-

424 3306 513 3360 ρος
566 3292 859 3351 ἀνάστασις
903 3285 998 3338 τοῦ
1033 3281 1270 3353 Χριστοῦ
1326 3281 1485 3334 τοῦτο
1535 3276 1982 3348 κατεργαζομένη

421 3384 480 3434 ἐν
503 3383 651 3449 ἡμῖν.
692 3400 710 3432 ι
746 3378 1070 3449 Ἀρξάμενος
1098 3374 1154 3426 δὲ
1187 3375 1217 3426 ὁ
1266 3371 1492 3442 Πέτρος.
1525 3388 1543 3421 ι
1585 3368 1837 3423 Δείκνυσι
1892 3364 1982 3417 διὰ

422 3473 522 3539 τῆς
549 3471 838 3537 ἀπολογίας
883 3468 1072 3521 ἑαυτὸν
1113 3465 1209 3535 μὲν
1242 3461 1484 3532 οὐδαμοῦ
1514 3460 1711 3526 αἴτιον,
1771 3474 1981 3510 πάντας

427 3562 526 3631 χοῦ
558 3562 614 3614 δὲ
652 3562 742 3614 τὸν
777 3561 934 3613 Θεὸν.
982 3559 1071 3611 Ἐν
1119 3555 1374 3610 ἐκστάσει
1421 3554 1552 3622 γάρ,
1602 3550 1786 3621 φησὶν,
1828 3546 1988 3607 αὐτὸς

427 3656 650 3724 ἐποίησε
675 3670 690 3685 ι
733 3653 793 3706 τὸ
826 3651 1017 3713 σκεῦος
1073 3649 1234 3711 αὐτὸς
1267 3645 1465 3710 ἔδειξεν
1491 3660 1506 3675 ’
1532 3643 1644 3711 ἑγὼ
1690 3641 1783 3694 καὶ
1812 3639 1989 3693 ἀντεῖ-

428 3763 547 3808 πον,
606 3745 700 3797 καὶ
762 3743 921 3797 πάλιν
965 3741 1125 3803 αὐτὸς
1183 3736 1369 3801 εἶπεν,
1427 3736 1550 3790 οὐδὲ
1601 3732 1775 3797 οὕτως
1811 3732 1992 3801 ἡκου-

432 3854 500 3889 σα
519 3853 534 3866 ·
567 3837 628 3889 τὸ
656 3835 880 3903 Πνεῦμα
924 3832 1210 3886 ἐκέλευσεν
1270 3827 1526 3882 ἀπελθεῖν
1546 3843 1561 3858 ’
1593 3827 1688 3876 καὶ
1719 3819 1990 3881 ἀπελθὼν.

430 3927 550 3980 οὐδὲ
602 3923 773 3988 οὕτως
801 3923 1126 3993 ἐπέδραμον.
1163 3915 1353 3982 Εἶπον,
1377 3917 1459 3970 ὃτι
1485 3917 1513 3968 ὁ
1545 3913 1678 3975 Θεὸς
1732 3909 1945 3979 ἔπεμψε
1974 3923 1990 3939 ·

435 4020 528 4071 καὶ
551 4016 679 4069 οὐδὲ
705 4015 879 4077 οὕτως
934 4013 1226 4067 ἐϐάπτισα.
1290 4004 1450 4061 Ἀλλὰ
1505 4002 1665 4056 πάλιν
1691 4003 1719 4054 ὁ
1764 3999 1894 4060 Θεὸς
1937 3996 1998 4051 τὸ

436 4109 543 4162 πᾶν
576 4107 901 4178 εἰργάσατο·
930 4107 958 4158 ὁ
984 4104 1116 4166 Θεὸς
1142 4099 1338 4161 αὐτοὺς
1367 4096 1679 4156 ἐϐάπτισεν,
1717 4090 1817 4144 οὐκ
1863 4086 1996 4156 ἐγώ.

442 4218 461 4249 ι
488 4200 606 4253 Ἔτι
640 4199 747 4266 γάρ
791 4212 891 4265 μου
921 4192 1200 4253 λαλοῦντος
1236 4189 1439 4249 αὐτοῖς.
1468 4184 1733 4237 ἐπέπεσεν
1777 4179 1865 4231 ἐπ’
1896 4179 1997 4231 αὑ-

433 4290 561 4352 τοὺς
592 4289 652 4341 τὸ
706 4288 928 4357 Πνεῦμα
962 4284 1023 4338 τὸ
1076 4282 1231 4350 ἅγιον
1253 4296 1267 4313 '
1321 4277 1416 4332 καὶ
1446 4275 1663 4329 ἐλάλουν
1703 4270 1998 4341 γλώσσαις,

437 4384 529 4435 καὶ
554 4381 884 4450 ἐμεγάλυνεν
924 4378 1015 4430 τὸν
1045 4375 1177 4428 Θεὸν
1200 4370 1380 4433 καθὼς
1417 4367 1512 4422 καὶ
1535 4366 1718 4436 ἡμεῖς.
1749 4380 1768 4415 ι

2082 3097 2356 3151 hominem
2410 3104 2463 3148 et
2501 3106 2699 3147 novum
2746 3088 3040 3145 vivificare.
3077 3083 3192 3138 Hoc
3247 3089 3427 3137 autem
3457 3088 3539 3137 ter
3576 3079 3657 3139 fit,

2083 3195 2143 3239 ut
2168 3184 2366 3238 virtute
2400 3179 2603 3242 Patris,
2640 3177 2762 3232 Filii
2815 3186 2869 3232 et
2909 3174 3148 3243 Spiritus
3202 3169 3379 3227 sancti
3437 3167 3491 3221 id
3537 3166 3656 3220 ﬁeri

2083 3288 2498 3345 cognoscamus.
2542 3270 2773 3338 Quidam
2809 3282 2939 3324 vero
2974 3266 3151 3330 aiunt,
3186 3261 3241 3315 id
3292 3260 3434 3323 fieri.
3479 3266 3537 3312 ut
3573 3258 3651 3311 sic

2085 3366 2372 3435 gnilicetur
2404 3361 2731 3418 resurrectio
2761 3357 2987 3421 Christi,
3025 3369 3146 3425 qua:
3201 3351 3364 3406 tertia
3414 3349 3503 3403 die
3526 3362 3660 3400 con-

2088 3456 2227 3525 tigit,
2266 3455 2369 3509 hoc
2399 3452 2616 3522 operari
2666 3451 2721 3507 in
2750 3449 2928 3505 nobis.
2971 3465 2989 3499 ι
3022 3443 3299 3517 incipiens
3327 3446 3508 3495 autem
3550 3439 3660 3491 Pe-

2087 3552 2228 3599 trus.
2281 3561 2301 3595 ι
2360 3542 2428 3597 Se
2478 3539 2776 3595 defendens
2837 3549 3028 3591 contra
3090 3535 3216 3589 illos
3266 3547 3333 3588 ex
3371 3528 3660 3584 circumci-

2090 3634 2265 3694 sione,
2309 3629 2402 3698 qui
2435 3627 2811 3697 disceptabant
2856 3624 3121 3679 adversus
3156 3622 3331 3680 illum.
3394 3615 3655 3678 ostendit,

2091 3722 2211 3792 ejus
2252 3720 2327 3775 rei
2361 3734 2468 3773 non
2496 3734 2576 3781 se,
2617 3718 2711 3772 sed
2746 3715 2912 3769 Deum
2942 3715 3211 3783 integram
3239 3726 3361 3769 esse
3390 3721 3612 3765 causam
3643 3723 3658 3760 :

2094 3810 2321 3882 perinde
2352 3824 2415 3864 ac
2447 3808 2490 3862 si
2521 3807 2727 3863 diceret
2753 3824 2763 3858 :
2793 3806 2960 3859 Extra
2988 3818 3186 3858 sensus
3216 3803 3330 3871 ipse
3350 3816 3435 3856 me
3458 3797 3661 3867 rapuit;

2096 3907 2214 3976 ipse
2244 3904 2377 3959 mihi
2407 3918 2503 3959 vas
2533 3899 2775 3961 ostendit
2801 3916 2817 3966 ;
2848 3912 2949 3968 ego
2973 3910 3103 3952 vero
3126 3893 3290 3949 etiam
3314 3886 3621 3943 contradixi
3647 3903 3660 3939 :

2098 3975 2189 4052 ille
2218 4010 2410 4051 rursus
2435 3992 2671 4059 institit;
2713 4004 2813 4059 ego
2836 4002 3012 4058 neque
3041 3985 3122 4041 sic
3155 3978 3401 4050 acquievi
3437 3996 3451 4031 :
3484 3975 3659 4044 Spiri-

2100 4098 2187 4143 tus
2209 4092 2433 4143 sanctus
2456 4082 2642 4154 jussit,
2684 4091 2742 4136 ut
2773 4078 3185 4149 proficiscerer;
3215 4068 3491 4141 profectus
3522 4080 3667 4126 sum,

2102 4176 2194 4233 sed
2225 4192 2334 4230 non
2367 4173 2609 4229 excurri.
2662 4171 2782 4224 Dixi
2817 4168 2985 4223 Deum
3033 4180 3120 4220 me
3152 4160 3374 4217 misisse
3407 4175 3422 4224 ;
3482 4164 3662 4224 perlue

2106 4268 2186 4322 sic
2219 4274 2400 4319 tamen
2428 4264 2702 4334 baptizare
2727 4272 3017 4330 aggressus
3046 4271 3188 4311 sum.
3244 4251 3315 4304 At
3346 4250 3485 4303 Deus
3520 4245 3670 4313 ipsus

2107 4356 2427 4428 baptizavit,
2454 4370 2564 4410 non
2592 4368 2713 4421 ego.
2772 4370 2789 4403 ι
2826 4349 3035 4404 Etenim
3064 4359 3148 4400 me
3176 4344 3356 4398 adhuc
3396 4341 3672 4409 loquente,

439 4434 636 4531 cecidit
664 4434 902 4544 Spiritus
939 4478 1166 4525 sanctus
1193 4478 1360 4536 super
1384 4476 1501 4525 eos,
1548 4434 1604 4516 et
1666 4456 2028 4527 loquebantur
2068 4451 2232 4507 variis
2284 4450 2507 4522 linguis,
2562 4449 2843 4519 Deumque
2938 4438 3377 4515 magniﬁcabant,
3429 4434 3567 4488 sicut
3622 4444 3677 4492 ει

438 4580 563 4622 ηοξ.
601 4580 623 4617 ι

864 4716 943 4790 Τῇ
985 4722 1039 4781 ς’
1062 4715 1159 4787 τῆς
1178 4713 1217 4770 δ’
1251 4711 1569 4783 ἑϐδομάδος.

1023 4843 1287 4902 KEIMEN
1293 4844 1403 4898 ΟΝ.

515 4990 627 5045 Καὶ
660 4989 769 5043 ἰδοὺ
799 4989 857 5054 ἐξ
884 4988 1053 5057 αὐτῆς
1098 4985 1244 5056 τρεῖς
1305 4980 1497 5051 ἄνδρες
1543 4977 1853 5047 ἐπέστησαν
1911 4972 2006 5027 ἐπὶ

444 5078 547 5149 τὴν
575 5072 751 5132 οἰκίαν
771 5080 827 5132 ὲν
850 5070 1069 5151 ᾖήμην,
1093 5071 1488 5141 ἀπεσταλμένοι
1508 5069 1617 5124 ἀπὸ
1664 5066 2003 5137 Καισαρείας

450 5169 585 5239 πρὸς
621 5168 709 5237 μέ.
743 5163 875 5220 Εἷπε
913 5166 968 5220 δέ
992 5182 1080 5233 μοι
1123 5165 1184 5217 τὸ
1211 5162 1437 5235 Πνεῦμα
1488 5159 1759 5213 συνελθεῖν
1803 5159 2004 5224 αὐτοῖς,

454 5256 529 5324 μὴ
557 5252 892 5323 διακρίναντι
917 5291 928 5303 .
958 5248 1157 5305 Ἦλθον
1188 5249 1245 5304 δὲ
1279 5251 1374 5303 σὺν
1411 5248 1534 5320 ἐμοὶ
1562 5248 1653 5301 καὶ
1690 5248 1739 5299 οἱ
1761 5246 1818 5312 ἒξ
1851 5245 2005 5298 ἁδελ-

451 5344 543 5413 (pol.
563 5336 730 5407 οὗτοι,
757 5341 852 5395 καὶ
881 5342 1200 5412 εἰσήλθομεν
1241 5341 1321 5405 είς
1358 5339 1449 5395 τὸν
1477 5334 1622 5391 οἷκον
1670 5337 1764 5391 τοῦ
1794 5336 2005 5408 ἀνδρός.

465 5432 797 5503 Ἀπήγγειλε
847 5432 903 5486 δὲ
927 5434 1057 5501 ἡμῖν
1114 5431 1231 5494 πῶς
1267 5424 1381 5483 εἶδε
1432 5429 1522 5481 τὸν
1570 5428 1799 5497 ἄγγελον
1823 5430 1881 5481 ὲν
1930 5427 2008 5498 τῷ

450 5524 586 5595 οἴκῳ
636 5525 802 5578 αὐτοῦ
849 5524 1108 5577 σταθέντα
1199 5524 1294 5577 καὶ
1359 5521 1581 5574 είπόντα
1636 5519 1816 5589 αὐτῷ·
1847 5519 2011 5572 Ἀπό-

455 5620 664 5673 στειλον
720 5618 801 5683 είς
850 5618 1070 5689 Ἰόππην
1124 5617 1343 5691 ἄνδρας,
1386 5616 1480 5668 καὶ
1529 5611 1881 5684 μετάπεμψαι
1924 5610 2015 5664 Σί-

2033 4640 2080 4696 D

2463 4694 2619 4750 Feria
2643 4693 2675 4747 6
2703 4688 3059 4753 hebdomadas
3089 4692 3318 4756 quartae.

2727 4821 3025 4881 TEXTUS.

2183 4969 2276 5036 Xl,
2304 4965 2487 5023 ll-l8.
2505 4966 2569 5020 Et
2591 4977 2716 5019 ecce
2744 4969 2858 5016 tres
2875 4958 3162 5017 confestim
3182 4956 3475 5012 astiterunt
3501 4951 3555 5005 in
3580 4948 3678 5002 do-

2110 5078 2218 5128 mo,
2237 5062 2290 5114 in
2305 5075 2411 5130 qua
2430 5071 2603 5122 eram,
2622 5052 2776 5108 missi
2802 5067 2828 5104 a
2849 5050 3092 5107 Carsarea
3113 5048 3179 5102 ad
3199 5061 3305 5101 me.
3323 5041 3469 5096 Dixit
3492 5045 3674 5093 autem

2112 5153 2349 5223 Spiritus
2371 5149 2524 5213 mihi,
2541 5145 2704 5218 25o
2724 5152 2780 5199 ut
2806 5144 2940 5198 irem
2958 5158 3079 5198 cum
3108 5141 3216 5195 illis
3240 5134 3375 5191 nihil
3396 5132 3674 5223 haesitans.

2110 5242 2389 5300 Venerunt
2406 5247 2587 5293 autem
2609 5251 2819 5291 mecum
2842 5242 2895 5288 et
2914 5249 3008 5289 sex
3029 5231 3223 5285 fratres
3242 5224 3358 5289 isti,
3373 5230 3427 5276 et
3445 5217 3678 5289 ingressi

2117 5351 2307 5392 sumus
2345 5334 2398 5386 in
2428 5332 2649 5385 domum
2682 5327 2804 5383 viri.
2840 5324 3092 5381 Narravit
3116 5327 3296 5373 autem
3329 5314 3511 5380 nobis,
3542 5327 3680 5384 quo-

2120 5426 2282 5481 modo
2319 5423 2544 5478 vidisset
2584 5420 2836 5490 angelum
2890 5416 2945 5469 in
2974 5415 3135 5468 domo
3190 5423 3312 5471 sua,
3358 5412 3593 5460 stantem
3625 5408 3679 5457 et

2121 5519 2389 5573 dicentem
2422 5514 2527 5569 sibi
2555 5531 2569 5566 :
2606 5510 2757 5564 Mitte
2787 5508 2843 5562 in
2872 5503 3103 5575 Juppen,
3136 5508 3191 5555 et
3238 5496 3447 5555 accersi
3499 5495 3680 5550 Simo-

2125 5623 2271 5673 nem,
2298 5606 2388 5677 qui
2429 5600 2844 5674 cognominatur
2872 5595 3102 5662 Petrus;
3135 5593 3225 5662 qui
3272 5592 3529 5661 loquetur
3584 5583 3682 5642 tibi
