  <div class='ocr_page' id='page_1' title='image "/cluster/home/n/w/nwhite01/storage/ocr_20150623/125/hvd.32044073502429/523.png"; bbox 0 0 4058 6210; ppageno 0'>
   <div class='ocr_carea' id='block_1_1' title="bbox 423 256 523 322">
    <p class='ocr_par' dir='ltr' id='par_1_1' title="bbox 423 256 523 322">
     <span class='ocr_line' id='line_1_1' title="bbox 423 256 523 322; baseline -0.03 0"><span class='ocrx_word' id='word_1_1' title='bbox 423 256 523 322; x_wconf 78' lang='lat'><strong>951</strong></span> 
     </span>
    </p>
   </div>
   <div class='ocr_carea' id='block_1_2' title="bbox 1298 261 2707 326">
    <p class='ocr_par' dir='ltr' id='par_1_2' title="bbox 1298 261 2707 326">
     <span class='ocr_line' id='line_1_2' title="bbox 1298 261 2707 326; baseline 0.005 -8"><span class='ocrx_word' id='word_1_2' title='bbox 1298 261 1868 322; x_wconf 81' lang='lat' dir='ltr'><strong>THEOPHYLACTI</strong></span> <span class='ocrx_word' id='word_1_3' title='bbox 1903 262 2310 323; x_wconf 76' lang='lat' dir='ltr'><strong>BULGARI/E</strong></span> <span class='ocrx_word' id='word_1_4' title='bbox 2351 267 2392 322; x_wconf 86' lang='lat' dir='ltr'><strong>A</strong></span> <span class='ocrx_word' id='word_1_5' title='bbox 2404 264 2707 326; x_wconf 82' lang='lat' dir='ltr'><strong>RCHIEP.</strong></span> 
     </span>
    </p>
   </div>
   <div class='ocr_carea' id='block_1_3' title="bbox 3555 261 3664 326">
    <p class='ocr_par' dir='ltr' id='par_1_3' title="bbox 3555 261 3664 326">
     <span class='ocr_line' id='line_1_3' title="bbox 3555 261 3664 326; baseline -0.009 0"><span class='ocrx_word' id='word_1_6' title='bbox 3555 261 3664 326; x_wconf 80' lang='lat'><strong>952</strong></span> 
     </span>
    </p>
   </div>
   <div class='ocr_carea' id='block_1_4' title="bbox 423 372 1967 449">
    <p class='ocr_par' dir='ltr' id='par_1_4' title="bbox 423 372 1967 442">
     <span class='ocr_line' id='line_1_4' title="bbox 423 372 1967 442; baseline 0 -14"><span class='ocrx_word' id='word_1_7' title='bbox 423 373 611 439; x_wconf 84' lang='lat' dir='ltr'><strong>verba,</strong></span> <span class='ocrx_word' id='word_1_8' title='bbox 643 372 699 427; x_wconf 92' lang='lat' dir='ltr'><strong>in</strong></span> <span class='ocrx_word' id='word_1_9' title='bbox 729 373 929 442; x_wconf 83' lang='lat' dir='ltr'><strong>quibus</strong></span> <span class='ocrx_word' id='word_1_10' title='bbox 961 373 1144 429; x_wconf 88' lang='lat' dir='ltr'><strong>salvus</strong></span> <span class='ocrx_word' id='word_1_11' title='bbox 1175 374 1284 430; x_wconf 87' lang='lat' dir='ltr'><strong>eris</strong></span> <span class='ocrx_word' id='word_1_12' title='bbox 1313 384 1393 442; x_wconf 91' lang='lat' dir='ltr'><strong>tu,</strong></span> <span class='ocrx_word' id='word_1_13' title='bbox 1425 385 1480 431; x_wconf 91' lang='lat' dir='ltr'><strong>et</strong></span> <span class='ocrx_word' id='word_1_14' title='bbox 1513 376 1767 431; x_wconf 89' lang='lat' dir='ltr'><strong>universa</strong></span> <span class='ocrx_word' id='word_1_15' title='bbox 1793 377 1967 430; x_wconf 84' lang='lat' dir='ltr'><strong>domu:</strong></span> 
     </span>
    </p>
   </div>
   <div class='ocr_carea' id='block_1_5' title="bbox 2074 372 3655 449">
    <p class='ocr_par' dir='ltr' id='par_1_5' title="bbox 2097 377 3655 449">
     <span class='ocr_line' id='line_1_5' title="bbox 2097 377 3655 449; baseline 0 -19"><span class='ocrx_word' id='word_1_16' title='bbox 2097 396 2251 446; x_wconf 85' lang='grc' dir='ltr'>μωνα</span> <span class='ocrx_word' id='word_1_17' title='bbox 2281 381 2371 434; x_wconf 71' lang='grc' dir='ltr'><strong>τὸν</strong></span> <span class='ocrx_word' id='word_1_18' title='bbox 2403 379 2831 448; x_wconf 76' lang='grc' dir='ltr'><strong>ἐπικαλούμενον</strong></span> <span class='ocrx_word' id='word_1_19' title='bbox 2862 379 3088 449; x_wconf 80' lang='grc' dir='ltr'><strong>Πέτρον,</strong></span> <span class='ocrx_word' id='word_1_20' title='bbox 3110 377 3168 441; x_wconf 82' lang='grc' dir='ltr'>ὃς</span> <span class='ocrx_word' id='word_1_21' title='bbox 3193 377 3418 448; x_wconf 76' lang='grc' dir='ltr'><strong>λαλήσει</strong></span> <span class='ocrx_word' id='word_1_22' title='bbox 3437 379 3655 448; x_wconf 79' lang='grc' dir='ltr'>ῥήματα</span> 
     </span>
    </p>
   </div>
   <div class='ocr_carea' id='block_1_6' title="bbox 425 464 1990 536">
    <p class='ocr_par' dir='ltr' id='par_1_6' title="bbox 425 464 1990 536">
     <span class='ocr_line' id='line_1_6' title="bbox 425 464 1990 536; baseline 0.001 -17"><span class='ocrx_word' id='word_1_23' title='bbox 425 474 542 519; x_wconf 89' lang='lat' dir='ltr'><strong>tua.</strong></span> <span class='ocrx_word' id='word_1_24' title='bbox 598 464 733 520; x_wconf 89' lang='lat' dir='ltr'><strong>Cum</strong></span> <span class='ocrx_word' id='word_1_25' title='bbox 767 473 947 519; x_wconf 85' lang='lat' dir='ltr'><strong>autem</strong></span> <span class='ocrx_word' id='word_1_26' title='bbox 985 465 1270 536; x_wconf 75' lang='lat' dir='ltr'><strong>cmpissem</strong></span> <span class='ocrx_word' id='word_1_27' title='bbox 1312 467 1485 536; x_wconf 85' lang='lat' dir='ltr'><strong>loqui,</strong></span> <span class='ocrx_word' id='word_1_28' title='bbox 1518 467 1716 522; x_wconf 80' lang='lat' dir='ltr'><strong>cecidit</strong></span> <span class='ocrx_word' id='word_1_29' title='bbox 1753 467 1990 536; x_wconf 72' lang='lat' dir='ltr'><strong>Spiritus</strong></span> 
     </span>
    </p>
   </div>
   <div class='ocr_carea' id='block_1_7' title="bbox 425 557 1989 623">
    <p class='ocr_par' dir='ltr' id='par_1_7' title="bbox 425 557 1989 623">
     <span class='ocr_line' id='line_1_7' title="bbox 425 557 1989 623; baseline 0.004 -15"><span class='ocrx_word' id='word_1_30' title='bbox 425 563 652 609; x_wconf 86' lang='lat' dir='ltr'><strong>sanctus</strong></span> <span class='ocrx_word' id='word_1_31' title='bbox 677 568 841 623; x_wconf 85' lang='lat' dir='ltr'><strong>super</strong></span> <span class='ocrx_word' id='word_1_32' title='bbox 869 569 985 620; x_wconf 90' lang='lat' dir='ltr'><strong>eos,</strong></span> <span class='ocrx_word' id='word_1_33' title='bbox 1020 557 1162 610; x_wconf 91' lang='lat' dir='ltr'><strong>sicut</strong></span> <span class='ocrx_word' id='word_1_34' title='bbox 1189 565 1242 611; x_wconf 91' lang='lat' dir='ltr'><strong>et</strong></span> <span class='ocrx_word' id='word_1_35' title='bbox 1267 557 1320 610; x_wconf 90' lang='lat' dir='ltr'><strong>in</strong></span> <span class='ocrx_word' id='word_1_36' title='bbox 1354 572 1454 612; x_wconf 90' lang='lat' dir='ltr'><strong>nos</strong></span> <span class='ocrx_word' id='word_1_37' title='bbox 1489 559 1543 612; x_wconf 92' lang='lat' dir='ltr'><strong>in</strong></span> <span class='ocrx_word' id='word_1_38' title='bbox 1578 560 1757 614; x_wconf 84' lang='lat' dir='ltr'><strong>initio.</strong></span> <span class='ocrx_word' id='word_1_39' title='bbox 1792 559 1989 614; x_wconf 78' lang='lat' dir='ltr'><strong>Recor-</strong></span> 
     </span>
    </p>
   </div>
   <div class='ocr_carea' id='block_1_8' title="bbox 425 645 1985 712">
    <p class='ocr_par' dir='ltr' id='par_1_8' title="bbox 425 645 1985 712">
     <span class='ocr_line' id='line_1_8' title="bbox 425 645 1985 712; baseline 0.004 -14"><span class='ocrx_word' id='word_1_40' title='bbox 425 645 588 699; x_wconf 83' lang='lat' dir='ltr'><strong>datus</strong></span> <span class='ocrx_word' id='word_1_41' title='bbox 625 659 744 700; x_wconf 89' lang='lat' dir='ltr'><strong>sum</strong></span> <span class='ocrx_word' id='word_1_42' title='bbox 797 653 976 700; x_wconf 90' lang='lat' dir='ltr'><strong>autem</strong></span> <span class='ocrx_word' id='word_1_43' title='bbox 1022 648 1176 702; x_wconf 87' lang='lat' dir='ltr'><strong>verbi</strong></span> <span class='ocrx_word' id='word_1_44' title='bbox 1231 649 1486 712; x_wconf 90' lang='lat' dir='ltr'><strong>Domini,</strong></span> <span class='ocrx_word' id='word_1_45' title='bbox 1540 651 1684 704; x_wconf 91' lang='lat' dir='ltr'><strong>sicut</strong></span> <span class='ocrx_word' id='word_1_46' title='bbox 1727 650 1985 705; x_wconf 86' lang='lat' dir='ltr'><strong>dicebat:</strong></span> 
     </span>
    </p>
   </div>
   <div class='ocr_carea' id='block_1_9' title="bbox 423 737 1989 810">
    <p class='ocr_par' dir='ltr' id='par_1_9' title="bbox 423 737 1989 810">
     <span class='ocr_line' id='line_1_9' title="bbox 423 737 1989 810; baseline 0.001 -18"><span class='ocrx_word' id='word_1_47' title='bbox 423 737 665 792; x_wconf 83' lang='lat' dir='ltr'><strong>Joannes</strong></span> <span class='ocrx_word' id='word_1_48' title='bbox 697 737 916 806; x_wconf 88' lang='lat' dir='ltr'><strong>quidem</strong></span> <span class='ocrx_word' id='word_1_49' title='bbox 952 739 1251 809; x_wconf 74' lang='lat' dir='ltr'><strong>baptizavit</strong></span> <span class='ocrx_word' id='word_1_50' title='bbox 1280 756 1442 810; x_wconf 90' lang='lat' dir='ltr'><strong>aqua,</strong></span> <span class='ocrx_word' id='word_1_51' title='bbox 1477 756 1576 796; x_wconf 86' lang='lat' dir='ltr'><strong>vos</strong></span> <span class='ocrx_word' id='word_1_52' title='bbox 1606 749 1784 796; x_wconf 87' lang='lat' dir='ltr'><strong>autem</strong></span> <span class='ocrx_word' id='word_1_53' title='bbox 1814 743 1989 810; x_wconf 85' lang='lat' dir='ltr'><strong>bapti-</strong></span> 
     </span>
    </p>
   </div>
   <div class='ocr_carea' id='block_1_10' title="bbox 424 827 1986 904">
    <p class='ocr_par' dir='ltr' id='par_1_10' title="bbox 424 827 1986 904">
     <span class='ocr_line' id='line_1_10' title="bbox 424 827 1986 904; baseline 0.002 -23"><span class='ocrx_word' id='word_1_54' title='bbox 424 827 678 882; x_wconf 89' lang='lat' dir='ltr'><strong>zabimini</strong></span> <span class='ocrx_word' id='word_1_55' title='bbox 701 828 755 882; x_wconf 91' lang='lat' dir='ltr'><strong>in</strong></span> <span class='ocrx_word' id='word_1_56' title='bbox 787 827 992 896; x_wconf 82' lang='lat' dir='ltr'><strong>Spiritu</strong></span> <span class='ocrx_word' id='word_1_57' title='bbox 1025 840 1236 888; x_wconf 89' lang='lat' dir='ltr'><strong>sancto.</strong></span> <span class='ocrx_word' id='word_1_58' title='bbox 1257 833 1312 886; x_wconf 89' lang='lat' dir='ltr'><strong>Si</strong></span> <span class='ocrx_word' id='word_1_59' title='bbox 1335 848 1462 904; x_wconf 81' lang='lat' dir='ltr'><strong>ergo</strong></span> <span class='ocrx_word' id='word_1_60' title='bbox 1493 835 1736 888; x_wconf 85' lang='lat' dir='ltr'><strong>eamdem</strong></span> <span class='ocrx_word' id='word_1_61' title='bbox 1759 833 1986 904; x_wconf 79' lang='lat' dir='ltr'><strong>gratiam</strong></span> 
     </span>
    </p>
   </div>
   <div class='ocr_carea' id='block_1_11' title="bbox 423 917 1985 993">
    <p class='ocr_par' dir='ltr' id='par_1_11' title="bbox 423 917 1985 993">
     <span class='ocr_line' id='line_1_11' title="bbox 423 917 1985 993; baseline 0.006 -25"><span class='ocrx_word' id='word_1_62' title='bbox 423 917 573 972; x_wconf 85' lang='lat' dir='ltr'><strong>dedit</strong></span> <span class='ocrx_word' id='word_1_63' title='bbox 612 918 722 973; x_wconf 92' lang='lat' dir='ltr'><strong>illis</strong></span> <span class='ocrx_word' id='word_1_64' title='bbox 766 919 929 985; x_wconf 88' lang='lat' dir='ltr'><strong>Deus,</strong></span> <span class='ocrx_word' id='word_1_65' title='bbox 964 923 1108 976; x_wconf 83' lang='lat' dir='ltr'><strong>sicut</strong></span> <span class='ocrx_word' id='word_1_66' title='bbox 1135 931 1188 977; x_wconf 91' lang='lat' dir='ltr'><strong>et</strong></span> <span class='ocrx_word' id='word_1_67' title='bbox 1222 925 1404 988; x_wconf 90' lang='lat' dir='ltr'><strong>nobis,</strong></span> <span class='ocrx_word' id='word_1_68' title='bbox 1448 924 1541 993; x_wconf 90' lang='lat' dir='ltr'><strong>qui</strong></span> <span class='ocrx_word' id='word_1_69' title='bbox 1569 923 1905 979; x_wconf 84' lang='lat' dir='ltr'><strong>credidimus</strong></span> <span class='ocrx_word' id='word_1_70' title='bbox 1932 925 1985 978; x_wconf 92' lang='lat' dir='ltr'><strong>in</strong></span> 
     </span>
    </p>
   </div>
   <div class='ocr_carea' id='block_1_12' title="bbox 422 1005 1983 1083">
    <p class='ocr_par' dir='ltr' id='par_1_12' title="bbox 422 1005 1983 1083">
     <span class='ocr_line' id='line_1_12' title="bbox 422 1005 1983 1083; baseline 0.005 -25"><span class='ocrx_word' id='word_1_71' title='bbox 422 1005 708 1062; x_wconf 90' lang='lat' dir='ltr'><strong>Dominum</strong></span> <span class='ocrx_word' id='word_1_72' title='bbox 737 1007 925 1065; x_wconf 83' lang='lat' dir='ltr'><strong>Jesum</strong></span> <span class='ocrx_word' id='word_1_73' title='bbox 957 1012 1238 1067; x_wconf 87' lang='lat' dir='ltr'><strong>Christum</strong></span> <span class='ocrx_word' id='word_1_74' title='bbox 1277 1032 1289 1067; x_wconf 91' lang='lat'><strong>:</strong></span> <span class='ocrx_word' id='word_1_75' title='bbox 1356 1029 1456 1083; x_wconf 85' lang='lat' dir='ltr'><strong>ego</strong></span> <span class='ocrx_word' id='word_1_76' title='bbox 1499 1016 1625 1083; x_wconf 89' lang='lat' dir='ltr'><strong>quis</strong></span> <span class='ocrx_word' id='word_1_77' title='bbox 1678 1030 1849 1080; x_wconf 86' lang='lat' dir='ltr'><strong>eram,</strong></span> <span class='ocrx_word' id='word_1_78' title='bbox 1891 1014 1983 1082; x_wconf 90' lang='lat' dir='ltr'><strong>qui</strong></span> 
     </span>
    </p>
   </div>
   <div class='ocr_carea' id='block_1_13' title="bbox 422 1101 1986 1167">
    <p class='ocr_par' dir='ltr' id='par_1_13' title="bbox 422 1101 1986 1167">
     <span class='ocr_line' id='line_1_13' title="bbox 422 1101 1986 1167; baseline 0.004 -16"><span class='ocrx_word' id='word_1_79' title='bbox 422 1111 639 1166; x_wconf 86' lang='lat' dir='ltr'><strong>possem</strong></span> <span class='ocrx_word' id='word_1_80' title='bbox 675 1101 962 1167; x_wconf 87' lang='lat' dir='ltr'><strong>prohibere</strong></span> <span class='ocrx_word' id='word_1_81' title='bbox 1022 1103 1228 1158; x_wconf 87' lang='lat' dir='ltr'><strong>Deum?</strong></span> <span class='ocrx_word' id='word_1_82' title='bbox 1259 1104 1356 1160; x_wconf 88' lang='lat' dir='ltr'><strong>His</strong></span> <span class='ocrx_word' id='word_1_83' title='bbox 1388 1104 1591 1158; x_wconf 83' lang='lat' dir='ltr'><strong>auditis</strong></span> <span class='ocrx_word' id='word_1_84' title='bbox 1626 1111 1986 1159; x_wconf 88' lang='lat' dir='ltr'><strong>tacueruutet</strong></span> 
     </span>
    </p>
   </div>
   <div class='ocr_carea' id='block_1_14' title="bbox 420 1187 1985 1266">
    <p class='ocr_par' dir='ltr' id='par_1_14' title="bbox 420 1187 1985 1266">
     <span class='ocr_line' id='line_1_14' title="bbox 420 1187 1985 1266; baseline 0.008 -28"><span class='ocrx_word' id='word_1_85' title='bbox 420 1187 867 1257; x_wconf 75' lang='lat' dir='ltr'><strong>glorificaverunt</strong></span> <span class='ocrx_word' id='word_1_86' title='bbox 894 1192 1086 1258; x_wconf 89' lang='lat' dir='ltr'><strong>Deum,</strong></span> <span class='ocrx_word' id='word_1_87' title='bbox 1120 1195 1364 1250; x_wconf 84' lang='lat' dir='ltr'><strong>dicentes</strong></span> <span class='ocrx_word' id='word_1_88' title='bbox 1396 1213 1408 1248; x_wconf 93' lang='lat'>:</span> <span class='ocrx_word' id='word_1_89' title='bbox 1464 1194 1605 1266; x_wconf 82' lang='lat' dir='ltr'><strong>Ergo</strong></span> <span class='ocrx_word' id='word_1_90' title='bbox 1633 1203 1687 1250; x_wconf 88' lang='lat' dir='ltr'><strong>et</strong></span> <span class='ocrx_word' id='word_1_91' title='bbox 1733 1195 1985 1265; x_wconf 79' lang='lat' dir='ltr'><strong>gentibus</strong></span> 
     </span>
    </p>
   </div>
   <div class='ocr_carea' id='block_1_15' title="bbox 418 1275 1454 1344">
    <p class='ocr_par' dir='ltr' id='par_1_15' title="bbox 418 1275 1454 1344">
     <span class='ocr_line' id='line_1_15' title="bbox 418 1275 1454 1344; baseline 0.006 -12"><span class='ocrx_word' id='word_1_92' title='bbox 418 1275 797 1344; x_wconf 66' lang='lat' dir='ltr'><strong>paenitentiam</strong></span> <span class='ocrx_word' id='word_1_93' title='bbox 824 1280 972 1336; x_wconf 86' lang='lat' dir='ltr'><strong>dedit</strong></span> <span class='ocrx_word' id='word_1_94' title='bbox 1006 1282 1149 1339; x_wconf 91' lang='lat' dir='ltr'><strong>Deus</strong></span> <span class='ocrx_word' id='word_1_95' title='bbox 1175 1284 1239 1337; x_wconf 89' lang='lat' dir='ltr'><strong>ad</strong></span> <span class='ocrx_word' id='word_1_96' title='bbox 1263 1286 1454 1338; x_wconf 78' lang='lat' dir='ltr'><strong>vitam.</strong></span> 
     </span>
    </p>
   </div>
   <div class='ocr_carea' id='block_1_16' title="bbox 724 1481 1649 1559">
    <p class='ocr_par' dir='ltr' id='par_1_16' title="bbox 724 1481 1649 1559">
     <span class='ocr_line' id='line_1_16' title="bbox 724 1481 1649 1559; baseline 0.011 -27"><span class='ocrx_word' id='word_1_97' title='bbox 724 1481 1004 1538; x_wconf 87' lang='lat' dir='ltr'><strong>Dominica</strong></span> <span class='ocrx_word' id='word_1_98' title='bbox 1032 1484 1391 1542; x_wconf 76' lang='lat' dir='ltr'><strong>hebdomadas</strong></span> <span class='ocrx_word' id='word_1_99' title='bbox 1424 1488 1649 1559; x_wconf 60' lang='lat' dir='ltr'><strong>quintae.</strong></span> 
     </span>
    </p>
   </div>
   <div class='ocr_carea' id='block_1_17' title="bbox 1032 1575 1332 1635">
    <p class='ocr_par' dir='ltr' id='par_1_17' title="bbox 1032 1575 1332 1635">
     <span class='ocr_line' id='line_1_17' title="bbox 1032 1575 1332 1635; baseline 0.007 -5"><span class='ocrx_word' id='word_1_100' title='bbox 1032 1575 1332 1635; x_wconf 80' lang='lat' dir='ltr'><strong>TEXTUS.</strong></span> 
     </span>
    </p>
   </div>
   <div class='ocr_carea' id='block_1_18' title="bbox 483 1657 1981 1742">
    <p class='ocr_par' dir='ltr' id='par_1_18' title="bbox 483 1657 1981 1742">
     <span class='ocr_line' id='line_1_18' title="bbox 483 1657 1981 1742; baseline 0.013 -31"><span class='ocrx_word' id='word_1_101' title='bbox 483 1657 573 1722; x_wconf 78' lang='lat' dir='ltr'><strong>XI,</strong></span> <span class='ocrx_word' id='word_1_102' title='bbox 597 1660 780 1717; x_wconf 71' lang='lat'><strong>19-30.</strong></span> <span class='ocrx_word' id='word_1_103' title='bbox 800 1663 865 1717; x_wconf 89' lang='lat' dir='ltr'><strong>Et</strong></span> <span class='ocrx_word' id='word_1_104' title='bbox 886 1665 1192 1735; x_wconf 86' lang='lat' dir='ltr'><strong>illiquidem</strong></span> <span class='ocrx_word' id='word_1_105' title='bbox 1207 1671 1300 1739; x_wconf 89' lang='lat' dir='ltr'><strong>qui</strong></span> <span class='ocrx_word' id='word_1_106' title='bbox 1324 1670 1562 1742; x_wconf 86' lang='lat' dir='ltr'><strong>dispersi</strong></span> <span class='ocrx_word' id='word_1_107' title='bbox 1591 1673 1808 1729; x_wconf 81' lang='lat' dir='ltr'><strong>fuerant</strong></span> <span class='ocrx_word' id='word_1_108' title='bbox 1829 1689 1856 1729; x_wconf 92' lang='lat' dir='ltr'><strong>a</strong></span> <span class='ocrx_word' id='word_1_109' title='bbox 1885 1677 1981 1730; x_wconf 92' lang='lat' dir='ltr'><strong>tri-</strong></span> 
     </span>
    </p>
   </div>
   <div class='ocr_carea' id='block_1_19' title="bbox 2093 464 3658 542">
    <p class='ocr_par' dir='ltr' id='par_1_19' title="bbox 2093 464 3658 542">
     <span class='ocr_line' id='line_1_19' title="bbox 2093 464 3658 542; baseline -0.001 -18"><span class='ocrx_word' id='word_1_110' title='bbox 2093 473 2230 542; x_wconf 71' lang='grc' dir='ltr'>πρὸς</span> <span class='ocrx_word' id='word_1_111' title='bbox 2263 473 2343 538; x_wconf 79' lang='grc' dir='ltr'><strong>σὲ,</strong></span> <span class='ocrx_word' id='word_1_112' title='bbox 2375 474 2432 525; x_wconf 78' lang='grc' dir='ltr'><strong>ἐν</strong></span> <span class='ocrx_word' id='word_1_113' title='bbox 2465 468 2542 536; x_wconf 70' lang='grc' dir='ltr'>οἷς</span> <span class='ocrx_word' id='word_1_114' title='bbox 2571 471 2790 542; x_wconf 79' lang='grc' dir='ltr'><strong>σωθήσῃ</strong></span> <span class='ocrx_word' id='word_1_115' title='bbox 2817 470 2880 523; x_wconf 75' lang='grc' dir='ltr'><strong>σὺ</strong></span> <span class='ocrx_word' id='word_1_116' title='bbox 2908 470 3002 523; x_wconf 79' lang='grc' dir='ltr'>καὶ</span> <span class='ocrx_word' id='word_1_117' title='bbox 3047 471 3154 532; x_wconf 78' lang='grc' dir='ltr'>πᾶς</span> <span class='ocrx_word' id='word_1_118' title='bbox 3190 472 3218 522; x_wconf 99' lang='lat'><strong>6</strong></span> <span class='ocrx_word' id='word_1_119' title='bbox 3246 464 3390 530; x_wconf 77' lang='grc' dir='ltr'>οἶκός</span> <span class='ocrx_word' id='word_1_120' title='bbox 3427 486 3544 524; x_wconf 89' lang='grc' dir='ltr'>σου.</span> <span class='ocrx_word' id='word_1_121' title='bbox 3569 470 3658 522; x_wconf 64' lang='grc' dir='ltr'><strong>Ἐν</strong></span> 
     </span>
    </p>
   </div>
   <div class='ocr_carea' id='block_1_20' title="bbox 2093 559 3658 633">
    <p class='ocr_par' dir='ltr' id='par_1_20' title="bbox 2093 559 3658 633">
     <span class='ocr_line' id='line_1_20' title="bbox 2093 559 3658 633; baseline -0.003 -17"><span class='ocrx_word' id='word_1_122' title='bbox 2093 565 2150 616; x_wconf 79' lang='grc' dir='ltr'>δὲ</span> <span class='ocrx_word' id='word_1_123' title='bbox 2172 563 2250 632; x_wconf 81' lang='grc' dir='ltr'>τῷ</span> <span class='ocrx_word' id='word_1_124' title='bbox 2286 563 2556 632; x_wconf 74' lang='grc' dir='ltr'>ἄρξασθαί</span> <span class='ocrx_word' id='word_1_125' title='bbox 2587 581 2652 633; x_wconf 88' lang='grc' dir='ltr'><strong>με</strong></span> <span class='ocrx_word' id='word_1_126' title='bbox 2705 562 2908 627; x_wconf 82' lang='grc' dir='ltr'>λαλεῖν,</span> <span class='ocrx_word' id='word_1_127' title='bbox 2939 561 3172 615; x_wconf 78' lang='grc' dir='ltr'>ἐπέπεσε</span> <span class='ocrx_word' id='word_1_128' title='bbox 3233 559 3292 612; x_wconf 72' lang='grc' dir='ltr'>τὸ</span> <span class='ocrx_word' id='word_1_129' title='bbox 3322 559 3546 628; x_wconf 78' lang='grc' dir='ltr'><strong>Πνεῦμα</strong></span> <span class='ocrx_word' id='word_1_130' title='bbox 3597 561 3658 612; x_wconf 80' lang='grc' dir='ltr'>τὸ</span> 
     </span>
    </p>
   </div>
   <div class='ocr_carea' id='block_1_21' title="bbox 2091 649 3654 723">
    <p class='ocr_par' dir='ltr' id='par_1_21' title="bbox 2091 649 3654 723">
     <span class='ocr_line' id='line_1_21' title="bbox 2091 649 3654 723; baseline -0.004 -15"><span class='ocrx_word' id='word_1_131' title='bbox 2091 657 2243 721; x_wconf 77' lang='grc' dir='ltr'>ἅγιον</span> <span class='ocrx_word' id='word_1_132' title='bbox 2265 655 2351 706; x_wconf 78' lang='grc' dir='ltr'>ἐπ’</span> <span class='ocrx_word' id='word_1_133' title='bbox 2378 654 2594 716; x_wconf 75' lang='grc' dir='ltr'>αὐτοὺς,</span> <span class='ocrx_word' id='word_1_134' title='bbox 2620 652 2807 723; x_wconf 82' lang='grc' dir='ltr'>ὥσπερ</span> <span class='ocrx_word' id='word_1_135' title='bbox 2840 653 2934 708; x_wconf 67' lang='grc' dir='ltr'>καὶ</span> <span class='ocrx_word' id='word_1_136' title='bbox 2962 651 3047 720; x_wconf 78' lang='grc' dir='ltr'><strong>ἐφ’</strong></span> <span class='ocrx_word' id='word_1_137' title='bbox 3079 653 3225 720; x_wconf 76' lang='grc' dir='ltr'>ἡμᾶς</span> <span class='ocrx_word' id='word_1_138' title='bbox 3247 651 3304 702; x_wconf 84' lang='grc' dir='ltr'><strong>ἒν</strong></span> <span class='ocrx_word' id='word_1_139' title='bbox 3323 652 3494 719; x_wconf 82' lang='grc' dir='ltr'>ἀρχῇ..</span> <span class='ocrx_word' id='word_1_140' title='bbox 3520 649 3654 719; x_wconf 61' lang='grc' dir='ltr'>Ἑρ.-</span> 
     </span>
    </p>
   </div>
   <div class='ocr_carea' id='block_1_22' title="bbox 2089 739 3654 814">
    <p class='ocr_par' dir='ltr' id='par_1_22' title="bbox 2089 739 3654 814">
     <span class='ocr_line' id='line_1_22' title="bbox 2089 739 3654 814; baseline -0.003 -17"><span class='ocrx_word' id='word_1_141' title='bbox 2089 744 2294 814; x_wconf 89' lang='grc' dir='ltr'>νήσθην</span> <span class='ocrx_word' id='word_1_142' title='bbox 2325 744 2382 796; x_wconf 78' lang='grc' dir='ltr'>δὲ</span> <span class='ocrx_word' id='word_1_143' title='bbox 2403 744 2492 796; x_wconf 81' lang='grc' dir='ltr'><strong>τοῦ</strong></span> <span class='ocrx_word' id='word_1_144' title='bbox 2530 747 2768 814; x_wconf 79' lang='grc' dir='ltr'><strong>ῥήματος</strong></span> <span class='ocrx_word' id='word_1_145' title='bbox 2791 743 2993 812; x_wconf 83' lang='grc' dir='ltr'>Κυρίου</span> <span class='ocrx_word' id='word_1_146' title='bbox 3024 741 3100 804; x_wconf 85' lang='grc' dir='ltr'>ὡς</span> <span class='ocrx_word' id='word_1_147' title='bbox 3129 741 3311 808; x_wconf 76' lang='grc' dir='ltr'>ἔλεγεν</span> <span class='ocrx_word' id='word_1_148' title='bbox 3340 759 3355 773; x_wconf 91' lang='grc'><strong>·</strong></span> <span class='ocrx_word' id='word_1_149' title='bbox 3405 739 3654 810; x_wconf 76' lang='grc' dir='ltr'><strong>Ἰωάννης</strong></span> 
     </span>
    </p>
   </div>
   <div class='ocr_carea' id='block_1_23' title="bbox 2097 821 3654 905">
    <p class='ocr_par' dir='ltr' id='par_1_23' title="bbox 2097 821 3654 905">
     <span class='ocr_line' id='line_1_23' title="bbox 2097 821 3654 905; baseline -0.003 -16"><span class='ocrx_word' id='word_1_150' title='bbox 2097 821 2194 905; x_wconf 63' lang='grc' dir='ltr'><strong>μέν</strong></span> <span class='ocrx_word' id='word_1_151' title='bbox 2251 835 2544 890; x_wconf 80' lang='grc' dir='ltr'>ἐϐάπτισεν</span> <span class='ocrx_word' id='word_1_152' title='bbox 2584 836 2757 898; x_wconf 78' lang='grc' dir='ltr'>ὕδατι,</span> <span class='ocrx_word' id='word_1_153' title='bbox 2802 835 2957 903; x_wconf 81' lang='grc' dir='ltr'>ὑμεῖς</span> <span class='ocrx_word' id='word_1_154' title='bbox 3011 833 3067 886; x_wconf 76' lang='grc' dir='ltr'>δὲ</span> <span class='ocrx_word' id='word_1_155' title='bbox 3113 831 3545 903; x_wconf 73' lang='grc' dir='ltr'><strong>βαπτισθήσεσθε</strong></span> <span class='ocrx_word' id='word_1_156' title='bbox 3594 834 3654 884; x_wconf 85' lang='grc' dir='ltr'>ὲν</span> 
     </span>
    </p>
   </div>
   <div class='ocr_carea' id='block_1_24' title="bbox 2091 919 3650 994">
    <p class='ocr_par' dir='ltr' id='par_1_24' title="bbox 2091 919 3650 994">
     <span class='ocr_line' id='line_1_24' title="bbox 2091 919 3650 994; baseline -0.003 -16"><span class='ocrx_word' id='word_1_157' title='bbox 2091 924 2364 994; x_wconf 86' lang='grc' dir='ltr'>Πνεύματι</span> <span class='ocrx_word' id='word_1_158' title='bbox 2407 924 2565 994; x_wconf 81' lang='grc' dir='ltr'>ἁγίῳ.</span> <span class='ocrx_word' id='word_1_159' title='bbox 2592 925 2655 976; x_wconf 83' lang='grc' dir='ltr'><strong>Εἰ</strong></span> <span class='ocrx_word' id='word_1_160' title='bbox 2689 919 2780 976; x_wconf 82' lang='grc' dir='ltr'>οῦν</span> <span class='ocrx_word' id='word_1_161' title='bbox 2806 923 2902 993; x_wconf 79' lang='grc' dir='ltr'>τὴν</span> <span class='ocrx_word' id='word_1_162' title='bbox 2940 921 3062 990; x_wconf 71' lang='grc' dir='ltr'>ἴσην</span> <span class='ocrx_word' id='word_1_163' title='bbox 3091 922 3298 992; x_wconf 78' lang='grc' dir='ltr'>δωρεὰν</span> <span class='ocrx_word' id='word_1_164' title='bbox 3318 921 3516 974; x_wconf 75' lang='grc' dir='ltr'>ἔδωκεν</span> <span class='ocrx_word' id='word_1_165' title='bbox 3553 923 3650 974; x_wconf 79' lang='grc' dir='ltr'>αύσ</span> 
     </span>
    </p>
   </div>
   <div class='ocr_carea' id='block_1_25' title="bbox 2087 1013 3652 1085">
    <p class='ocr_par' dir='ltr' id='par_1_25' title="bbox 2087 1013 3652 1085">
     <span class='ocr_line' id='line_1_25' title="bbox 2087 1013 3652 1085; baseline -0.004 -15"><span class='ocrx_word' id='word_1_166' title='bbox 2087 1021 2199 1081; x_wconf 80' lang='grc' dir='ltr'>τοῖς</span> <span class='ocrx_word' id='word_1_167' title='bbox 2231 1019 2258 1070; x_wconf 84' lang='grc' dir='ltr'>ὁ</span> <span class='ocrx_word' id='word_1_168' title='bbox 2286 1015 2417 1079; x_wconf 71' lang='grc' dir='ltr'>Θεὸς</span> <span class='ocrx_word' id='word_1_169' title='bbox 2466 1015 2653 1085; x_wconf 82' lang='grc' dir='ltr'>ὥσπερ</span> <span class='ocrx_word' id='word_1_170' title='bbox 2707 1014 2801 1067; x_wconf 75' lang='grc' dir='ltr'>καὶ</span> <span class='ocrx_word' id='word_1_171' title='bbox 2855 1016 3009 1083; x_wconf 78' lang='grc' dir='ltr'>ἡμῖν,</span> <span class='ocrx_word' id='word_1_172' title='bbox 3043 1013 3396 1066; x_wconf 88' lang='grc' dir='ltr'>πιστεύσασιν</span> <span class='ocrx_word' id='word_1_173' title='bbox 3421 1013 3513 1065; x_wconf 76' lang='grc' dir='ltr'><strong>ἐπὶ</strong></span> <span class='ocrx_word' id='word_1_174' title='bbox 3562 1014 3652 1066; x_wconf 67' lang='grc' dir='ltr'><strong>τὶν</strong></span> 
     </span>
    </p>
   </div>
   <div class='ocr_carea' id='block_1_26' title="bbox 2087 1102 3651 1173">
    <p class='ocr_par' dir='ltr' id='par_1_26' title="bbox 2087 1102 3651 1173">
     <span class='ocr_line' id='line_1_26' title="bbox 2087 1102 3651 1173; baseline 0 -18"><span class='ocrx_word' id='word_1_175' title='bbox 2087 1105 2291 1173; x_wconf 82' lang='grc' dir='ltr'>Κύριον</span> <span class='ocrx_word' id='word_1_176' title='bbox 2347 1103 2556 1171; x_wconf 83' lang='grc' dir='ltr'>Ἰησοῦν</span> <span class='ocrx_word' id='word_1_177' title='bbox 2607 1102 2862 1171; x_wconf 72' lang='grc' dir='ltr'>Χριστὸν,</span> <span class='ocrx_word' id='word_1_178' title='bbox 2921 1102 3031 1170; x_wconf 78' lang='grc' dir='ltr'><strong>ἐγὼ</strong></span> <span class='ocrx_word' id='word_1_179' title='bbox 3085 1102 3168 1165; x_wconf 89' lang='grc' dir='ltr'><strong>τίς</strong></span> <span class='ocrx_word' id='word_1_180' title='bbox 3222 1102 3372 1172; x_wconf 73' lang='grc' dir='ltr'>ἢμην</span> <span class='ocrx_word' id='word_1_181' title='bbox 3433 1103 3651 1166; x_wconf 75' lang='grc' dir='ltr'>δυνατὸς</span> 
     </span>
    </p>
   </div>
   <div class='ocr_carea' id='block_1_27' title="bbox 2087 1191 3648 1262">
    <p class='ocr_par' dir='ltr' id='par_1_27' title="bbox 2087 1191 3648 1262">
     <span class='ocr_line' id='line_1_27' title="bbox 2087 1191 3648 1262; baseline -0.002 -16"><span class='ocrx_word' id='word_1_182' title='bbox 2087 1193 2325 1247; x_wconf 89' lang='grc' dir='ltr'>κωλῦσαι</span> <span class='ocrx_word' id='word_1_183' title='bbox 2355 1193 2445 1245; x_wconf 80' lang='grc' dir='ltr'>τὸν</span> <span class='ocrx_word' id='word_1_184' title='bbox 2475 1191 2606 1245; x_wconf 78' lang='grc' dir='ltr'>Θεόν</span> <span class='ocrx_word' id='word_1_185' title='bbox 2631 1209 2645 1257; x_wconf 88' lang='grc'><strong>;</strong></span> <span class='ocrx_word' id='word_1_186' title='bbox 2683 1191 3042 1256; x_wconf 83' lang='grc' dir='ltr'>Ἀκούσαντες</span> <span class='ocrx_word' id='word_1_187' title='bbox 3067 1191 3121 1244; x_wconf 79' lang='grc' dir='ltr'>δὲ</span> <span class='ocrx_word' id='word_1_188' title='bbox 3152 1192 3320 1245; x_wconf 90' lang='grc' dir='ltr'>ταῦτα</span> <span class='ocrx_word' id='word_1_189' title='bbox 3349 1191 3648 1262; x_wconf 74' lang='grc' dir='ltr'>ἡσύχασαν,</span> 
     </span>
    </p>
   </div>
   <div class='ocr_carea' id='block_1_28' title="bbox 2086 1281 3652 1350">
    <p class='ocr_par' dir='ltr' id='par_1_28' title="bbox 2086 1281 3652 1350">
     <span class='ocr_line' id='line_1_28' title="bbox 2086 1281 3652 1350; baseline -0.002 -13"><span class='ocrx_word' id='word_1_190' title='bbox 2086 1285 2177 1337; x_wconf 68' lang='grc' dir='ltr'><strong>καὶ</strong></span> <span class='ocrx_word' id='word_1_191' title='bbox 2230 1282 2488 1346; x_wconf 80' lang='grc' dir='ltr'>ἐδόξασαν</span> <span class='ocrx_word' id='word_1_192' title='bbox 2531 1282 2622 1335; x_wconf 84' lang='grc' dir='ltr'><strong>τδν</strong></span> <span class='ocrx_word' id='word_1_193' title='bbox 2659 1281 2790 1335; x_wconf 73' lang='grc' dir='ltr'>Θεδν</span> <span class='ocrx_word' id='word_1_194' title='bbox 2832 1283 3118 1350; x_wconf 71' lang='grc' dir='ltr'>λέγοντες*</span> <span class='ocrx_word' id='word_1_195' title='bbox 3154 1284 3361 1350; x_wconf 75' lang='grc' dir='ltr'>Ἀραγε</span> <span class='ocrx_word' id='word_1_196' title='bbox 3398 1283 3490 1335; x_wconf 70' lang='grc' dir='ltr'><strong>καὶ</strong></span> <span class='ocrx_word' id='word_1_197' title='bbox 3542 1285 3652 1346; x_wconf 78' lang='grc' dir='ltr'>τοῖς</span> 
     </span>
    </p>
   </div>
   <div class='ocr_carea' id='block_1_29' title="bbox 2085 1373 3433 1444">
    <p class='ocr_par' dir='ltr' id='par_1_29' title="bbox 2085 1373 3433 1444">
     <span class='ocr_line' id='line_1_29' title="bbox 2085 1373 3433 1444; baseline 0.001 -18"><span class='ocrx_word' id='word_1_198' title='bbox 2085 1375 2291 1428; x_wconf 76' lang='grc' dir='ltr'>ἔθνεσιν</span> <span class='ocrx_word' id='word_1_199' title='bbox 2318 1375 2486 1428; x_wconf 77' lang='grc' dir='ltr'>ἔδωκε</span> <span class='ocrx_word' id='word_1_200' title='bbox 2509 1373 2604 1444; x_wconf 82' lang='grc' dir='ltr'>τὴν</span> <span class='ocrx_word' id='word_1_201' title='bbox 2633 1375 2928 1444; x_wconf 84' lang='grc' dir='ltr'>μετάνοιαν</span> <span class='ocrx_word' id='word_1_202' title='bbox 2950 1375 2977 1426; x_wconf 88' lang='lat'><strong>6</strong></span> <span class='ocrx_word' id='word_1_203' title='bbox 3002 1374 3132 1438; x_wconf 74' lang='grc' dir='ltr'>Θεὸς</span> <span class='ocrx_word' id='word_1_204' title='bbox 3154 1376 3232 1438; x_wconf 85' lang='grc' dir='ltr'><strong>είς</strong></span> <span class='ocrx_word' id='word_1_205' title='bbox 3263 1373 3433 1444; x_wconf 73' lang='grc' dir='ltr'>ζωήν.</span> 
     </span>
    </p>
   </div>
   <div class='ocr_carea' id='block_1_30' title="bbox 2428 1467 3290 1538">
    <p class='ocr_par' dir='ltr' id='par_1_30' title="bbox 2428 1467 3290 1538">
     <span class='ocr_line' id='line_1_30' title="bbox 2428 1467 3290 1538; baseline 0 -18"><span class='ocrx_word' id='word_1_206' title='bbox 2428 1468 2506 1535; x_wconf 78' lang='grc' dir='ltr'><strong>Τῇ</strong></span> <span class='ocrx_word' id='word_1_207' title='bbox 2530 1469 2780 1538; x_wconf 86' lang='grc' dir='ltr'>Κυριακῇ</span> <span class='ocrx_word' id='word_1_208' title='bbox 2805 1468 2902 1536; x_wconf 78' lang='grc' dir='ltr'>τῆς</span> <span class='ocrx_word' id='word_1_209' title='bbox 2919 1473 2958 1519; x_wconf 78' lang='grc' dir='ltr'><strong>ε’</strong></span> <span class='ocrx_word' id='word_1_210' title='bbox 2982 1467 3290 1535; x_wconf 82' lang='grc' dir='ltr'>ἑϐδομάδος.</span> 
     </span>
    </p>
   </div>
   <div class='ocr_carea' id='block_1_31' title="bbox 2715 1557 3102 1611">
    <p class='ocr_par' dir='ltr' id='par_1_31' title="bbox 2715 1557 3102 1611">
     <span class='ocr_line' id='line_1_31' title="bbox 2715 1557 3102 1611; baseline 0.003 -2"><span class='ocrx_word' id='word_1_211' title='bbox 2715 1557 3102 1611; x_wconf 76' lang='grc' dir='ltr'><strong>ΚΕΙΜΕΝΟΝ.</strong></span> 
     </span>
    </p>
   </div>
   <div class='ocr_carea' id='block_1_32' title="bbox 2153 1642 3650 1717">
    <p class='ocr_par' dir='ltr' id='par_1_32' title="bbox 2153 1642 3650 1717">
     <span class='ocr_line' id='line_1_32' title="bbox 2153 1642 3650 1717; baseline 0.001 -18"><span class='ocrx_word' id='word_1_212' title='bbox 2153 1648 2216 1700; x_wconf 91' lang='grc' dir='ltr'>Οί</span> <span class='ocrx_word' id='word_1_213' title='bbox 2276 1647 2377 1717; x_wconf 83' lang='grc' dir='ltr'>μὲν</span> <span class='ocrx_word' id='word_1_214' title='bbox 2418 1642 2511 1700; x_wconf 82' lang='grc' dir='ltr'><strong>οῦν</strong></span> <span class='ocrx_word' id='word_1_215' title='bbox 2550 1646 2942 1716; x_wconf 77' lang='grc' dir='ltr'>διασπαρέντες</span> <span class='ocrx_word' id='word_1_216' title='bbox 2972 1646 3078 1700; x_wconf 81' lang='grc' dir='ltr'>ἀπὸ</span> <span class='ocrx_word' id='word_1_217' title='bbox 3132 1649 3231 1717; x_wconf 85' lang='grc' dir='ltr'>τῆς</span> <span class='ocrx_word' id='word_1_218' title='bbox 3288 1645 3519 1715; x_wconf 67' lang='grc' dir='ltr'>θλίψεως</span> <span class='ocrx_word' id='word_1_219' title='bbox 3549 1647 3650 1714; x_wconf 82' lang='grc' dir='ltr'>τῆς</span> 
     </span>
    </p>
   </div>
   <div class='ocr_carea' id='block_1_33' title="bbox 413 1737 1967 1835">
    <p class='ocr_par' dir='ltr' id='par_1_33' title="bbox 413 1737 1967 1835">
     <span class='ocr_line' id='line_1_33' title="bbox 413 1737 1967 1835; baseline 0.014 -33"><span class='ocrx_word' id='word_1_220' title='bbox 413 1747 690 1807; x_wconf 89' lang='lat' dir='ltr'><strong>bulatione</strong></span> <span class='ocrx_word' id='word_1_221' title='bbox 707 1770 826 1823; x_wconf 83' lang='lat' dir='ltr'><strong>quae</strong></span> <span class='ocrx_word' id='word_1_222' title='bbox 845 1755 985 1810; x_wconf 82' lang='lat' dir='ltr'><strong>facta</strong></span> <span class='ocrx_word' id='word_1_223' title='bbox 1003 1757 1179 1814; x_wconf 79' lang='lat' dir='ltr'><strong>fuerat</strong></span> <span class='ocrx_word' id='word_1_224' title='bbox 1196 1737 1298 1816; x_wconf 79' lang='lat' dir='ltr'><strong>sub</strong></span> <span class='ocrx_word' id='word_1_225' title='bbox 1319 1737 1620 1834; x_wconf 78' lang='lat' dir='ltr'><strong>Stephano,</strong></span> <span class='ocrx_word' id='word_1_226' title='bbox 1642 1769 1967 1835; x_wconf 87' lang='lat' dir='ltr'><strong>perambula-</strong></span> 
     </span>
    </p>
   </div>
   <div class='ocr_carea' id='block_1_34' title="bbox 2074 1737 3647 1835">
    <p class='ocr_par' dir='ltr' id='par_1_34' title="bbox 2088 1739 3647 1812">
     <span class='ocr_line' id='line_1_34' title="bbox 2088 1739 3647 1812; baseline -0.001 -18"><span class='ocrx_word' id='word_1_227' title='bbox 2088 1741 2387 1812; x_wconf 84' lang='grc' dir='ltr'>γενομένης</span> <span class='ocrx_word' id='word_1_228' title='bbox 2412 1740 2504 1793; x_wconf 76' lang='grc' dir='ltr'>ἐπὶ</span> <span class='ocrx_word' id='word_1_229' title='bbox 2544 1740 2825 1810; x_wconf 83' lang='grc' dir='ltr'><strong>Στεφάνῳ,</strong></span> <span class='ocrx_word' id='word_1_230' title='bbox 2860 1739 3074 1807; x_wconf 77' lang='grc' dir='ltr'>διῆλθον</span> <span class='ocrx_word' id='word_1_231' title='bbox 3102 1739 3207 1802; x_wconf 71' lang='grc' dir='ltr'>ἕως</span> <span class='ocrx_word' id='word_1_232' title='bbox 3241 1739 3512 1806; x_wconf 77' lang='grc' dir='ltr'><strong>Φοινίκης,</strong></span> <span class='ocrx_word' id='word_1_233' title='bbox 3553 1739 3647 1792; x_wconf 78' lang='grc' dir='ltr'>καὶ</span> 
     </span>
    </p>
   </div>
   <div class='ocr_carea' id='block_1_35' title="bbox 411 1844 1979 1926">
    <p class='ocr_par' dir='ltr' id='par_1_35' title="bbox 411 1844 1979 1926">
     <span class='ocr_line' id='line_1_35' title="bbox 411 1844 1979 1926; baseline 0.012 -32"><span class='ocrx_word' id='word_1_234' title='bbox 411 1851 800 1913; x_wconf 69' lang='lat' dir='ltr'><strong>veruntusque</strong></span> <span class='ocrx_word' id='word_1_235' title='bbox 823 1844 1155 1913; x_wconf 76' lang='lat' dir='ltr'><strong>thnicem,</strong></span> <span class='ocrx_word' id='word_1_236' title='bbox 1179 1859 1233 1904; x_wconf 91' lang='lat' dir='ltr'><strong>et</strong></span> <span class='ocrx_word' id='word_1_237' title='bbox 1256 1852 1516 1922; x_wconf 83' lang='lat' dir='ltr'><strong>Cyprum,</strong></span> <span class='ocrx_word' id='word_1_238' title='bbox 1535 1865 1588 1910; x_wconf 93' lang='lat' dir='ltr'><strong>et</strong></span> <span class='ocrx_word' id='word_1_239' title='bbox 1611 1857 1979 1926; x_wconf 82' lang='lat' dir='ltr'><strong>Antiochiam,</strong></span> 
     </span>
    </p>
   </div>
   <div class='ocr_carea' id='block_1_36' title="bbox 410 1930 1984 2005">
    <p class='ocr_par' dir='ltr' id='par_1_36' title="bbox 410 1930 1984 2005">
     <span class='ocr_line' id='line_1_36' title="bbox 410 1930 1984 2005; baseline 0.011 -22"><span class='ocrx_word' id='word_1_240' title='bbox 410 1930 614 1986; x_wconf 82' lang='lat' dir='ltr'><strong>nemini</strong></span> <span class='ocrx_word' id='word_1_241' title='bbox 629 1933 908 2004; x_wconf 89' lang='lat' dir='ltr'><strong>loquentes</strong></span> <span class='ocrx_word' id='word_1_242' title='bbox 925 1938 1171 2005; x_wconf 86' lang='lat' dir='ltr'><strong>verbum,</strong></span> <span class='ocrx_word' id='word_1_243' title='bbox 1191 1941 1294 1995; x_wconf 90' lang='lat' dir='ltr'><strong>nisi</strong></span> <span class='ocrx_word' id='word_1_244' title='bbox 1317 1942 1682 1999; x_wconf 70' lang='lat' dir='ltr'><strong>solisJudazis.</strong></span> <span class='ocrx_word' id='word_1_245' title='bbox 1707 1946 1874 2000; x_wconf 84' lang='lat' dir='ltr'><strong>Erant</strong></span> <span class='ocrx_word' id='word_1_246' title='bbox 1889 1963 1984 2000; x_wconf 89' lang='lat' dir='ltr'><strong>au-</strong></span> 
     </span>
    </p>
   </div>
   <div class='ocr_carea' id='block_1_37' title="bbox 411 2023 1979 2105">
    <p class='ocr_par' dir='ltr' id='par_1_37' title="bbox 411 2023 1979 2105">
     <span class='ocr_line' id='line_1_37' title="bbox 411 2023 1979 2105; baseline 0.013 -33"><span class='ocrx_word' id='word_1_247' title='bbox 411 2028 518 2073; x_wconf 90' lang='lat' dir='ltr'><strong>tem</strong></span> <span class='ocrx_word' id='word_1_248' title='bbox 556 2023 774 2090; x_wconf 90' lang='lat' dir='ltr'><strong>quidam</strong></span> <span class='ocrx_word' id='word_1_249' title='bbox 805 2041 868 2079; x_wconf 80' lang='lat' dir='ltr'><strong>ex</strong></span> <span class='ocrx_word' id='word_1_250' title='bbox 909 2027 990 2081; x_wconf 89' lang='lat' dir='ltr'><strong>eis</strong></span> <span class='ocrx_word' id='word_1_251' title='bbox 1023 2028 1122 2084; x_wconf 87' lang='lat' dir='ltr'><strong>viri</strong></span> <span class='ocrx_word' id='word_1_252' title='bbox 1151 2029 1332 2100; x_wconf 84' lang='lat' dir='ltr'><strong>Cyprii</strong></span> <span class='ocrx_word' id='word_1_253' title='bbox 1356 2040 1409 2086; x_wconf 89' lang='lat' dir='ltr'><strong>et</strong></span> <span class='ocrx_word' id='word_1_254' title='bbox 1429 2032 1696 2104; x_wconf 70' lang='lat' dir='ltr'><strong>Cyrenmi,</strong></span> <span class='ocrx_word' id='word_1_255' title='bbox 1730 2037 1821 2105; x_wconf 90' lang='lat' dir='ltr'><strong>qui</strong></span> <span class='ocrx_word' id='word_1_256' title='bbox 1853 2052 1979 2092; x_wconf 91' lang='lat' dir='ltr'><strong>cum</strong></span> 
     </span>
    </p>
   </div>
   <div class='ocr_carea' id='block_1_38' title="bbox 411 2109 1975 2194">
    <p class='ocr_par' dir='ltr' id='par_1_38' title="bbox 411 2109 1975 2194">
     <span class='ocr_line' id='line_1_38' title="bbox 411 2109 1975 2194; baseline 0.015 -33"><span class='ocrx_word' id='word_1_257' title='bbox 411 2109 728 2168; x_wconf 82' lang='lat' dir='ltr'><strong>introissent</strong></span> <span class='ocrx_word' id='word_1_258' title='bbox 762 2117 1128 2184; x_wconf 80' lang='lat' dir='ltr'><strong>Antiochiam,</strong></span> <span class='ocrx_word' id='word_1_259' title='bbox 1157 2121 1520 2192; x_wconf 85' lang='lat' dir='ltr'><strong>loquebantur</strong></span> <span class='ocrx_word' id='word_1_260' title='bbox 1544 2134 1596 2180; x_wconf 92' lang='lat' dir='ltr'><strong>et</strong></span> <span class='ocrx_word' id='word_1_261' title='bbox 1634 2128 1700 2180; x_wconf 89' lang='lat' dir='ltr'><strong>ad</strong></span> <span class='ocrx_word' id='word_1_262' title='bbox 1737 2126 1975 2194; x_wconf 60' lang='lat' dir='ltr'><strong>Graecos,</strong></span> 
     </span>
    </p>
   </div>
   <div class='ocr_carea' id='block_1_39' title="bbox 410 2205 1978 2276">
    <p class='ocr_par' dir='ltr' id='par_1_39' title="bbox 410 2205 1978 2276">
     <span class='ocr_line' id='line_1_39' title="bbox 410 2205 1978 2276; baseline 0.014 -21"><span class='ocrx_word' id='word_1_263' title='bbox 410 2205 797 2261; x_wconf 89' lang='lat' dir='ltr'><strong>annuntiautes</strong></span> <span class='ocrx_word' id='word_1_264' title='bbox 823 2207 1114 2264; x_wconf 91' lang='lat' dir='ltr'><strong>Dominum</strong></span> <span class='ocrx_word' id='word_1_265' title='bbox 1143 2210 1351 2268; x_wconf 82' lang='lat' dir='ltr'><strong>Jesum.</strong></span> <span class='ocrx_word' id='word_1_266' title='bbox 1397 2214 1466 2270; x_wconf 87' lang='lat' dir='ltr'><strong>Et</strong></span> <span class='ocrx_word' id='word_1_267' title='bbox 1497 2228 1614 2272; x_wconf 88' lang='lat' dir='ltr'><strong>erat</strong></span> <span class='ocrx_word' id='word_1_268' title='bbox 1645 2234 1843 2276; x_wconf 86' lang='lat' dir='ltr'><strong>manus</strong></span> <span class='ocrx_word' id='word_1_269' title='bbox 1873 2221 1978 2276; x_wconf 79' lang='lat' dir='ltr'><strong>Do-</strong></span> 
     </span>
    </p>
   </div>
   <div class='ocr_carea' id='block_1_40' title="bbox 411 2292 1974 2372">
    <p class='ocr_par' dir='ltr' id='par_1_40' title="bbox 411 2292 1974 2372">
     <span class='ocr_line' id='line_1_40' title="bbox 411 2292 1974 2372; baseline 0.012 -27"><span class='ocrx_word' id='word_1_270' title='bbox 411 2292 543 2348; x_wconf 90' lang='lat' dir='ltr'><strong>mini</strong></span> <span class='ocrx_word' id='word_1_271' title='bbox 587 2309 712 2350; x_wconf 91' lang='lat' dir='ltr'><strong>cum</strong></span> <span class='ocrx_word' id='word_1_272' title='bbox 755 2297 838 2353; x_wconf 89' lang='lat' dir='ltr'><strong>eis</strong></span> <span class='ocrx_word' id='word_1_273' title='bbox 885 2317 898 2352; x_wconf 90' lang='lat'><strong>:</strong></span> <span class='ocrx_word' id='word_1_274' title='bbox 958 2301 1278 2372; x_wconf 90' lang='lat' dir='ltr'><strong>multusque</strong></span> <span class='ocrx_word' id='word_1_275' title='bbox 1322 2320 1590 2363; x_wconf 87' lang='lat' dir='ltr'><strong>numerus</strong></span> <span class='ocrx_word' id='word_1_276' title='bbox 1635 2309 1974 2364; x_wconf 84' lang='lat' dir='ltr'><strong>credentium</strong></span> 
     </span>
    </p>
   </div>
   <div class='ocr_carea' id='block_1_41' title="bbox 409 2389 1975 2456">
    <p class='ocr_par' dir='ltr' id='par_1_41' title="bbox 409 2389 1975 2456">
     <span class='ocr_line' id='line_1_41' title="bbox 409 2389 1975 2456; baseline 0.011 -19"><span class='ocrx_word' id='word_1_277' title='bbox 409 2397 712 2443; x_wconf 85' lang='lat' dir='ltr'><strong>conversus</strong></span> <span class='ocrx_word' id='word_1_278' title='bbox 745 2399 826 2442; x_wconf 90' lang='lat' dir='ltr'><strong>est</strong></span> <span class='ocrx_word' id='word_1_279' title='bbox 847 2389 920 2444; x_wconf 85' lang='lat' dir='ltr'><strong>ad</strong></span> <span class='ocrx_word' id='word_1_280' title='bbox 943 2390 1254 2448; x_wconf 90' lang='lat' dir='ltr'><strong>Dominum.</strong></span> <span class='ocrx_word' id='word_1_281' title='bbox 1289 2393 1546 2452; x_wconf 84' lang='lat' dir='ltr'><strong>Pervenit</strong></span> <span class='ocrx_word' id='word_1_282' title='bbox 1578 2407 1759 2455; x_wconf 86' lang='lat' dir='ltr'><strong>autem</strong></span> <span class='ocrx_word' id='word_1_283' title='bbox 1793 2416 1975 2456; x_wconf 89' lang='lat' dir='ltr'><strong>sermo</strong></span> 
     </span>
    </p>
   </div>
   <div class='ocr_carea' id='block_1_42' title="bbox 410 2472 1975 2561">
    <p class='ocr_par' dir='ltr' id='par_1_42' title="bbox 410 2472 1975 2561">
     <span class='ocr_line' id='line_1_42' title="bbox 410 2472 1975 2561; baseline 0.014 -37"><span class='ocrx_word' id='word_1_284' title='bbox 410 2472 476 2526; x_wconf 87' lang='lat' dir='ltr'><strong>ad</strong></span> <span class='ocrx_word' id='word_1_285' title='bbox 513 2487 672 2529; x_wconf 89' lang='lat' dir='ltr'><strong>aures</strong></span> <span class='ocrx_word' id='word_1_286' title='bbox 720 2475 998 2543; x_wconf 73' lang='lat' dir='ltr'><strong>Ecclesim,</strong></span> <span class='ocrx_word' id='word_1_287' title='bbox 1048 2497 1170 2550; x_wconf 85' lang='lat' dir='ltr'><strong>quae</strong></span> <span class='ocrx_word' id='word_1_288' title='bbox 1206 2494 1328 2538; x_wconf 88' lang='lat' dir='ltr'><strong>erat</strong></span> <span class='ocrx_word' id='word_1_289' title='bbox 1367 2483 1760 2558; x_wconf 85' lang='lat' dir='ltr'><strong>Jerosolymis.</strong></span> <span class='ocrx_word' id='word_1_290' title='bbox 1809 2505 1975 2561; x_wconf 90' lang='lat' dir='ltr'><strong>super</strong></span> 
     </span>
    </p>
   </div>
   <div class='ocr_carea' id='block_1_43' title="bbox 409 2561 1970 2645">
    <p class='ocr_par' dir='ltr' id='par_1_43' title="bbox 409 2561 1970 2645">
     <span class='ocr_line' id='line_1_43' title="bbox 409 2561 1970 2645; baseline 0.014 -31"><span class='ocrx_word' id='word_1_291' title='bbox 409 2561 563 2617; x_wconf 85' lang='lat' dir='ltr'><strong>istis:</strong></span> <span class='ocrx_word' id='word_1_292' title='bbox 595 2571 648 2619; x_wconf 91' lang='lat' dir='ltr'><strong>et</strong></span> <span class='ocrx_word' id='word_1_293' title='bbox 672 2565 937 2620; x_wconf 88' lang='lat' dir='ltr'><strong>miserunt</strong></span> <span class='ocrx_word' id='word_1_294' title='bbox 967 2568 1268 2626; x_wconf 85' lang='lat' dir='ltr'><strong>Barnabam</strong></span> <span class='ocrx_word' id='word_1_295' title='bbox 1305 2589 1482 2645; x_wconf 92' lang='lat' dir='ltr'><strong>usque</strong></span> <span class='ocrx_word' id='word_1_296' title='bbox 1510 2577 1576 2630; x_wconf 88' lang='lat' dir='ltr'><strong>ad</strong></span> <span class='ocrx_word' id='word_1_297' title='bbox 1603 2578 1970 2636; x_wconf 82' lang='lat' dir='ltr'><strong>Antiochiam.</strong></span> 
     </span>
    </p>
   </div>
   <div class='ocr_carea' id='block_1_44' title="bbox 408 2650 1972 2745">
    <p class='ocr_par' dir='ltr' id='par_1_44' title="bbox 408 2650 1972 2745">
     <span class='ocr_line' id='line_1_44' title="bbox 408 2650 1972 2745; baseline 0.016 -41"><span class='ocrx_word' id='word_1_298' title='bbox 408 2650 512 2718; x_wconf 83' lang='lat' dir='ltr'><strong>Qui</strong></span> <span class='ocrx_word' id='word_1_299' title='bbox 545 2669 669 2709; x_wconf 90' lang='lat' dir='ltr'><strong>cum</strong></span> <span class='ocrx_word' id='word_1_300' title='bbox 718 2659 1058 2726; x_wconf 85' lang='lat' dir='ltr'><strong>pervenisset</strong></span> <span class='ocrx_word' id='word_1_301' title='bbox 1089 2674 1141 2717; x_wconf 91' lang='lat' dir='ltr'><strong>et</strong></span> <span class='ocrx_word' id='word_1_302' title='bbox 1181 2663 1408 2721; x_wconf 80' lang='lat' dir='ltr'><strong>vidisset</strong></span> <span class='ocrx_word' id='word_1_303' title='bbox 1454 2669 1687 2736; x_wconf 83' lang='lat' dir='ltr'><strong>gratiam</strong></span> <span class='ocrx_word' id='word_1_304' title='bbox 1727 2670 1844 2739; x_wconf 91' lang='lat' dir='ltr'><strong>Dei,</strong></span> <span class='ocrx_word' id='word_1_305' title='bbox 1878 2689 1972 2745; x_wconf 76' lang='lat' dir='ltr'><strong>ga-</strong></span> 
     </span>
    </p>
   </div>
   <div class='ocr_carea' id='block_1_45' title="bbox 405 2744 1970 2828">
    <p class='ocr_par' dir='ltr' id='par_1_45' title="bbox 405 2744 1970 2828">
     <span class='ocr_line' id='line_1_45' title="bbox 405 2744 1970 2828; baseline 0.017 -33"><span class='ocrx_word' id='word_1_306' title='bbox 405 2744 558 2799; x_wconf 83' lang='lat' dir='ltr'><strong>visus</strong></span> <span class='ocrx_word' id='word_1_307' title='bbox 589 2754 701 2806; x_wconf 85' lang='lat' dir='ltr'><strong>est;</strong></span> <span class='ocrx_word' id='word_1_308' title='bbox 722 2756 777 2801; x_wconf 89' lang='lat' dir='ltr'><strong>et</strong></span> <span class='ocrx_word' id='word_1_309' title='bbox 811 2748 1136 2807; x_wconf 84' lang='lat' dir='ltr'><strong>hortabatur</strong></span> <span class='ocrx_word' id='word_1_310' title='bbox 1156 2769 1349 2811; x_wconf 91' lang='lat' dir='ltr'><strong>omnes</strong></span> <span class='ocrx_word' id='word_1_311' title='bbox 1381 2757 1435 2811; x_wconf 91' lang='lat' dir='ltr'><strong>in</strong></span> <span class='ocrx_word' id='word_1_312' title='bbox 1469 2761 1755 2828; x_wconf 88' lang='lat' dir='ltr'><strong>proposito</strong></span> <span class='ocrx_word' id='word_1_313' title='bbox 1786 2744 1970 2821; x_wconf 88' lang='lat' dir='ltr'><strong>cordis</strong></span> 
     </span>
    </p>
   </div>
   <div class='ocr_carea' id='block_1_46' title="bbox 409 2841 1970 2926">
    <p class='ocr_par' dir='ltr' id='par_1_46' title="bbox 409 2841 1970 2926">
     <span class='ocr_line' id='line_1_46' title="bbox 409 2841 1970 2926; baseline 0.015 -37"><span class='ocrx_word' id='word_1_314' title='bbox 409 2851 734 2904; x_wconf 86' lang='lat' dir='ltr'><strong>permanere</strong></span> <span class='ocrx_word' id='word_1_315' title='bbox 760 2841 810 2895; x_wconf 91' lang='lat' dir='ltr'><strong>iu</strong></span> <span class='ocrx_word' id='word_1_316' title='bbox 843 2842 1095 2899; x_wconf 88' lang='lat' dir='ltr'><strong>Domino.</strong></span> <span class='ocrx_word' id='word_1_317' title='bbox 1147 2845 1285 2913; x_wconf 86' lang='lat' dir='ltr'><strong>Quia</strong></span> <span class='ocrx_word' id='word_1_318' title='bbox 1308 2859 1428 2905; x_wconf 87' lang='lat' dir='ltr'><strong>erat</strong></span> <span class='ocrx_word' id='word_1_319' title='bbox 1460 2852 1542 2906; x_wconf 87' lang='lat' dir='ltr'><strong>vir</strong></span> <span class='ocrx_word' id='word_1_320' title='bbox 1568 2853 1745 2910; x_wconf 90' lang='lat' dir='ltr'><strong>bonus</strong></span> <span class='ocrx_word' id='word_1_321' title='bbox 1775 2863 1830 2910; x_wconf 90' lang='lat' dir='ltr'><strong>et</strong></span> <span class='ocrx_word' id='word_1_322' title='bbox 1851 2857 1970 2926; x_wconf 89' lang='lat' dir='ltr'><strong>ple-</strong></span> 
     </span>
    </p>
   </div>
   <div class='ocr_carea' id='block_1_47' title="bbox 406 2925 1968 3014">
    <p class='ocr_par' dir='ltr' id='par_1_47' title="bbox 406 2925 1968 3014">
     <span class='ocr_line' id='line_1_47' title="bbox 406 2925 1968 3014; baseline 0.017 -37"><span class='ocrx_word' id='word_1_323' title='bbox 406 2940 510 2980; x_wconf 86' lang='lat' dir='ltr'><strong>nus</strong></span> <span class='ocrx_word' id='word_1_324' title='bbox 558 2925 766 2996; x_wconf 85' lang='lat' dir='ltr'><strong>Spiritu</strong></span> <span class='ocrx_word' id='word_1_325' title='bbox 814 2944 1006 2990; x_wconf 85' lang='lat' dir='ltr'><strong>sancto</strong></span> <span class='ocrx_word' id='word_1_326' title='bbox 1044 2945 1098 2992; x_wconf 91' lang='lat' dir='ltr'><strong>et</strong></span> <span class='ocrx_word' id='word_1_327' title='bbox 1137 2938 1263 2994; x_wconf 79' lang='lat' dir='ltr'><strong>fide.</strong></span> <span class='ocrx_word' id='word_1_328' title='bbox 1303 2937 1649 3014; x_wconf 76' lang='lat' dir='ltr'><strong>Etapposita</strong></span> <span class='ocrx_word' id='word_1_329' title='bbox 1678 2956 1764 3002; x_wconf 90' lang='lat' dir='ltr'><strong>est</strong></span> <span class='ocrx_word' id='word_1_330' title='bbox 1797 2925 1968 3003; x_wconf 85' lang='lat' dir='ltr'><strong>multa</strong></span> 
     </span>
    </p>
   </div>
   <div class='ocr_carea' id='block_1_48' title="bbox 403 3018 1968 3095">
    <p class='ocr_par' dir='ltr' id='par_1_48' title="bbox 403 3018 1968 3095">
     <span class='ocr_line' id='line_1_48' title="bbox 403 3018 1968 3095; baseline 0.016 -25"><span class='ocrx_word' id='word_1_331' title='bbox 403 3018 566 3074; x_wconf 82' lang='lat' dir='ltr'><strong>turba</strong></span> <span class='ocrx_word' id='word_1_332' title='bbox 597 3022 842 3080; x_wconf 90' lang='lat' dir='ltr'><strong>Domino.</strong></span> <span class='ocrx_word' id='word_1_333' title='bbox 879 3025 1169 3086; x_wconf 81' lang='lat' dir='ltr'><strong>Profectus</strong></span> <span class='ocrx_word' id='word_1_334' title='bbox 1203 3039 1286 3088; x_wconf 87' lang='lat' dir='ltr'><strong>est</strong></span> <span class='ocrx_word' id='word_1_335' title='bbox 1309 3043 1490 3090; x_wconf 91' lang='lat' dir='ltr'><strong>autem</strong></span> <span class='ocrx_word' id='word_1_336' title='bbox 1525 3036 1807 3093; x_wconf 83' lang='lat' dir='ltr'><strong>Barnabas</strong></span> <span class='ocrx_word' id='word_1_337' title='bbox 1828 3037 1968 3095; x_wconf 87' lang='lat' dir='ltr'><strong>Tar-</strong></span> 
     </span>
    </p>
   </div>
   <div class='ocr_carea' id='block_1_49' title="bbox 402 3119 1965 3194">
    <p class='ocr_par' dir='ltr' id='par_1_49' title="bbox 402 3119 1965 3194">
     <span class='ocr_line' id='line_1_49' title="bbox 402 3119 1965 3194; baseline 0.013 -32"><span class='ocrx_word' id='word_1_338' title='bbox 402 3123 546 3172; x_wconf 89' lang='lat' dir='ltr'><strong>sum,</strong></span> <span class='ocrx_word' id='word_1_339' title='bbox 593 3119 652 3164; x_wconf 94' lang='lat' dir='ltr'><strong>ut</strong></span> <span class='ocrx_word' id='word_1_340' title='bbox 685 3130 951 3183; x_wconf 70' lang='lat' dir='ltr'><strong>qumreret</strong></span> <span class='ocrx_word' id='word_1_341' title='bbox 995 3119 1220 3174; x_wconf 85' lang='lat' dir='ltr'><strong>Sauium</strong></span> <span class='ocrx_word' id='word_1_342' title='bbox 1249 3139 1262 3186; x_wconf 91' lang='lat'><strong>;</strong></span> <span class='ocrx_word' id='word_1_343' title='bbox 1295 3138 1455 3192; x_wconf 92' lang='lat' dir='ltr'><strong>quem</strong></span> <span class='ocrx_word' id='word_1_344' title='bbox 1483 3139 1607 3179; x_wconf 89' lang='lat' dir='ltr'><strong>cum</strong></span> <span class='ocrx_word' id='word_1_345' title='bbox 1641 3127 1965 3194; x_wconf 88' lang='lat' dir='ltr'><strong>invenisset,</strong></span> 
     </span>
    </p>
   </div>
   <div class='ocr_carea' id='block_1_50' title="bbox 401 3199 1966 3273">
    <p class='ocr_par' dir='ltr' id='par_1_50' title="bbox 401 3199 1966 3273">
     <span class='ocr_line' id='line_1_50' title="bbox 401 3199 1966 3273; baseline 0.015 -23"><span class='ocrx_word' id='word_1_346' title='bbox 401 3199 654 3267; x_wconf 81' lang='lat' dir='ltr'><strong>perduxit</strong></span> <span class='ocrx_word' id='word_1_347' title='bbox 690 3204 1062 3262; x_wconf 83' lang='lat' dir='ltr'><strong>Antiochiam.</strong></span> <span class='ocrx_word' id='word_1_348' title='bbox 1097 3211 1162 3263; x_wconf 86' lang='lat' dir='ltr'><strong>Et</strong></span> <span class='ocrx_word' id='word_1_349' title='bbox 1201 3226 1404 3266; x_wconf 90' lang='lat' dir='ltr'><strong>annum</strong></span> <span class='ocrx_word' id='word_1_350' title='bbox 1437 3223 1614 3269; x_wconf 92' lang='lat' dir='ltr'><strong>totum</strong></span> <span class='ocrx_word' id='word_1_351' title='bbox 1660 3221 1966 3273; x_wconf 86' lang='lat' dir='ltr'><strong>conversati</strong></span> 
     </span>
    </p>
   </div>
   <div class='ocr_carea' id='block_1_51' title="bbox 401 3291 1965 3376">
    <p class='ocr_par' dir='ltr' id='par_1_51' title="bbox 401 3291 1965 3376">
     <span class='ocr_line' id='line_1_51' title="bbox 401 3291 1965 3376; baseline 0.014 -34"><span class='ocrx_word' id='word_1_352' title='bbox 401 3298 530 3344; x_wconf 89' lang='lat' dir='ltr'><strong>sunt</strong></span> <span class='ocrx_word' id='word_1_353' title='bbox 571 3291 644 3346; x_wconf 89' lang='lat' dir='ltr'><strong>ibi</strong></span> <span class='ocrx_word' id='word_1_354' title='bbox 683 3293 734 3348; x_wconf 92' lang='lat' dir='ltr'><strong>in</strong></span> <span class='ocrx_word' id='word_1_355' title='bbox 773 3295 1012 3351; x_wconf 85' lang='lat' dir='ltr'><strong>Ecclesia</strong></span> <span class='ocrx_word' id='word_1_356' title='bbox 1045 3308 1098 3353; x_wconf 90' lang='lat' dir='ltr'><strong>et</strong></span> <span class='ocrx_word' id='word_1_357' title='bbox 1127 3300 1436 3359; x_wconf 87' lang='lat' dir='ltr'><strong>docuerunt</strong></span> <span class='ocrx_word' id='word_1_358' title='bbox 1465 3307 1681 3360; x_wconf 87' lang='lat' dir='ltr'><strong>turbam</strong></span> <span class='ocrx_word' id='word_1_359' title='bbox 1717 3309 1965 3376; x_wconf 90' lang='lat' dir='ltr'><strong>multam,</strong></span> 
     </span>
    </p>
   </div>
   <div class='ocr_carea' id='block_1_52' title="bbox 398 3381 1963 3469">
    <p class='ocr_par' dir='ltr' id='par_1_52' title="bbox 398 3381 1963 3469">
     <span class='ocr_line' id='line_1_52' title="bbox 398 3381 1963 3469; baseline 0.015 -37"><span class='ocrx_word' id='word_1_360' title='bbox 398 3381 471 3469; x_wconf 67' lang='lat' dir='ltr'><strong>ita</strong></span> <span class='ocrx_word' id='word_1_361' title='bbox 497 3388 554 3469; x_wconf 86' lang='lat' dir='ltr'><strong>ut</strong></span> <span class='ocrx_word' id='word_1_362' title='bbox 575 3385 1094 3456; x_wconf 76' lang='lat' dir='ltr'><strong>cognominareutur</strong></span> <span class='ocrx_word' id='word_1_363' title='bbox 1120 3392 1354 3460; x_wconf 89' lang='lat' dir='ltr'><strong>primum</strong></span> <span class='ocrx_word' id='word_1_364' title='bbox 1377 3394 1685 3453; x_wconf 63' lang='lat' dir='ltr'><strong>Antiochiae</strong></span> <span class='ocrx_word' id='word_1_365' title='bbox 1710 3400 1963 3469; x_wconf 87' lang='lat' dir='ltr'><strong>discipuli</strong></span> 
     </span>
    </p>
   </div>
   <div class='ocr_carea' id='block_1_53' title="bbox 395 3466 1966 3556">
    <p class='ocr_par' dir='ltr' id='par_1_53' title="bbox 395 3466 1966 3556">
     <span class='ocr_line' id='line_1_53' title="bbox 395 3466 1966 3556; baseline 0.017 -36"><span class='ocrx_word' id='word_1_366' title='bbox 395 3466 713 3526; x_wconf 84' lang='lat' dir='ltr'><strong>Christiani‘.</strong></span> <span class='ocrx_word' id='word_1_367' title='bbox 741 3473 801 3527; x_wconf 89' lang='lat' dir='ltr'><strong>In</strong></span> <span class='ocrx_word' id='word_1_368' title='bbox 840 3474 924 3531; x_wconf 89' lang='lat' dir='ltr'><strong>his</strong></span> <span class='ocrx_word' id='word_1_369' title='bbox 975 3487 1156 3534; x_wconf 83' lang='lat' dir='ltr'><strong>autem</strong></span> <span class='ocrx_word' id='word_1_370' title='bbox 1197 3481 1391 3538; x_wconf 90' lang='lat' dir='ltr'><strong>diebus</strong></span> <span class='ocrx_word' id='word_1_371' title='bbox 1426 3466 1870 3556; x_wconf 76' lang='lat' dir='ltr'><strong>supervenerunt</strong></span> <span class='ocrx_word' id='word_1_372' title='bbox 1895 3491 1966 3547; x_wconf 90' lang='lat' dir='ltr'><strong>ab</strong></span> 
     </span>
    </p>
   </div>
   <div class='ocr_carea' id='block_1_54' title="bbox 395 3556 1962 3650">
    <p class='ocr_par' dir='ltr' id='par_1_54' title="bbox 395 3556 1962 3650">
     <span class='ocr_line' id='line_1_54' title="bbox 395 3556 1962 3650; baseline 0.017 -40"><span class='ocrx_word' id='word_1_373' title='bbox 395 3556 747 3631; x_wconf 58' lang='lat' dir='ltr'><strong>Jerosolymis</strong></span> <span class='ocrx_word' id='word_1_374' title='bbox 799 3567 1076 3635; x_wconf 68' lang='lat' dir='ltr'><strong>prophetm</strong></span> <span class='ocrx_word' id='word_1_375' title='bbox 1143 3573 1492 3630; x_wconf 82' lang='lat' dir='ltr'><strong>Antiochiam</strong></span> <span class='ocrx_word' id='word_1_376' title='bbox 1547 3593 1561 3630; x_wconf 91' lang='lat'><strong>:</strong></span> <span class='ocrx_word' id='word_1_377' title='bbox 1632 3586 1687 3633; x_wconf 91' lang='lat' dir='ltr'><strong>et</strong></span> <span class='ocrx_word' id='word_1_378' title='bbox 1733 3595 1962 3650; x_wconf 78' lang='lat' dir='ltr'><strong>surgens</strong></span> 
     </span>
    </p>
   </div>
   <div class='ocr_carea' id='block_1_55' title="bbox 398 3653 1954 3739">
    <p class='ocr_par' dir='ltr' id='par_1_55' title="bbox 398 3653 1954 3739">
     <span class='ocr_line' id='line_1_55' title="bbox 398 3653 1954 3739; baseline 0.016 -40"><span class='ocrx_word' id='word_1_379' title='bbox 398 3664 538 3705; x_wconf 87' lang='lat' dir='ltr'><strong>unus</strong></span> <span class='ocrx_word' id='word_1_380' title='bbox 565 3666 629 3705; x_wconf 78' lang='lat' dir='ltr'><strong>ex</strong></span> <span class='ocrx_word' id='word_1_381' title='bbox 657 3653 739 3709; x_wconf 87' lang='lat' dir='ltr'><strong>eis</strong></span> <span class='ocrx_word' id='word_1_382' title='bbox 769 3656 989 3711; x_wconf 88' lang='lat' dir='ltr'><strong>nomine</strong></span> <span class='ocrx_word' id='word_1_383' title='bbox 1025 3659 1267 3729; x_wconf 79' lang='lat' dir='ltr'><strong>Agabus,</strong></span> <span class='ocrx_word' id='word_1_384' title='bbox 1294 3663 1641 3734; x_wconf 78' lang='lat' dir='ltr'><strong>signiﬁcabat</strong></span> <span class='ocrx_word' id='word_1_385' title='bbox 1665 3683 1762 3738; x_wconf 92' lang='lat' dir='ltr'><strong>per</strong></span> <span class='ocrx_word' id='word_1_386' title='bbox 1785 3668 1954 3739; x_wconf 86' lang='lat' dir='ltr'><strong>Spiri-</strong></span> 
     </span>
    </p>
   </div>
   <div class='ocr_carea' id='block_1_56' title="bbox 398 3739 1962 3817">
    <p class='ocr_par' dir='ltr' id='par_1_56' title="bbox 398 3739 1962 3817">
     <span class='ocr_line' id='line_1_56' title="bbox 398 3739 1962 3817; baseline 0.017 -29"><span class='ocrx_word' id='word_1_387' title='bbox 398 3748 508 3791; x_wconf 86' lang='lat' dir='ltr'><strong>tum</strong></span> <span class='ocrx_word' id='word_1_388' title='bbox 547 3739 741 3797; x_wconf 79' lang='lat' dir='ltr'><strong>famem</strong></span> <span class='ocrx_word' id='word_1_389' title='bbox 770 3760 1020 3817; x_wconf 85' lang='lat' dir='ltr'><strong>magnam</strong></span> <span class='ocrx_word' id='word_1_390' title='bbox 1055 3749 1295 3805; x_wconf 80' lang='lat' dir='ltr'><strong>futuram</strong></span> <span class='ocrx_word' id='word_1_391' title='bbox 1327 3753 1379 3807; x_wconf 90' lang='lat' dir='ltr'><strong>in</strong></span> <span class='ocrx_word' id='word_1_392' title='bbox 1407 3755 1664 3811; x_wconf 91' lang='lat' dir='ltr'><strong>universo</strong></span> <span class='ocrx_word' id='word_1_393' title='bbox 1693 3757 1825 3813; x_wconf 91' lang='lat' dir='ltr'><strong>orbe</strong></span> <span class='ocrx_word' id='word_1_394' title='bbox 1854 3769 1962 3814; x_wconf 84' lang='lat' dir='ltr'><strong>ter-</strong></span> 
     </span>
    </p>
   </div>
   <div class='ocr_carea' id='block_1_57' title="bbox 394 3835 1958 3918">
    <p class='ocr_par' dir='ltr' id='par_1_57' title="bbox 394 3835 1958 3918">
     <span class='ocr_line' id='line_1_57' title="bbox 394 3835 1958 3918; baseline 0.013 -35"><span class='ocrx_word' id='word_1_395' title='bbox 394 3844 602 3900; x_wconf 71' lang='lat' dir='ltr'><strong>rarum,</strong></span> <span class='ocrx_word' id='word_1_396' title='bbox 638 3849 756 3904; x_wconf 71' lang='lat' dir='ltr'><strong>quae</strong></span> <span class='ocrx_word' id='word_1_397' title='bbox 785 3835 927 3892; x_wconf 82' lang='lat' dir='ltr'><strong>facta</strong></span> <span class='ocrx_word' id='word_1_398' title='bbox 955 3847 1040 3895; x_wconf 90' lang='lat' dir='ltr'><strong>est</strong></span> <span class='ocrx_word' id='word_1_399' title='bbox 1059 3842 1164 3898; x_wconf 90' lang='lat' dir='ltr'><strong>sub</strong></span> <span class='ocrx_word' id='word_1_400' title='bbox 1183 3843 1433 3900; x_wconf 87' lang='lat' dir='ltr'><strong>Claudio.</strong></span> <span class='ocrx_word' id='word_1_401' title='bbox 1457 3845 1720 3918; x_wconf 90' lang='lat' dir='ltr'><strong>Discipuli</strong></span> <span class='ocrx_word' id='word_1_402' title='bbox 1753 3858 1958 3915; x_wconf 89' lang='lat' dir='ltr'><strong>autem,</strong></span> 
     </span>
    </p>
   </div>
   <div class='ocr_carea' id='block_1_58' title="bbox 394 3925 1960 4008">
    <p class='ocr_par' dir='ltr' id='par_1_58' title="bbox 394 3925 1960 4008">
     <span class='ocr_line' id='line_1_58' title="bbox 394 3925 1960 4008; baseline 0.015 -35"><span class='ocrx_word' id='word_1_403' title='bbox 394 3931 555 3990; x_wconf 90' lang='lat' dir='ltr'><strong>prout</strong></span> <span class='ocrx_word' id='word_1_404' title='bbox 581 3925 704 3994; x_wconf 91' lang='lat' dir='ltr'><strong>quis</strong></span> <span class='ocrx_word' id='word_1_405' title='bbox 739 3926 990 3995; x_wconf 83' lang='lat' dir='ltr'><strong>habebat,</strong></span> <span class='ocrx_word' id='word_1_406' title='bbox 1037 3943 1440 4004; x_wconf 89' lang='lat' dir='ltr'><strong>proposuerunt</strong></span> <span class='ocrx_word' id='word_1_407' title='bbox 1472 3938 1671 4008; x_wconf 80' lang='lat' dir='ltr'><strong>singuli</strong></span> <span class='ocrx_word' id='word_1_408' title='bbox 1714 3940 1769 3994; x_wconf 90' lang='lat' dir='ltr'><strong>in</strong></span> <span class='ocrx_word' id='word_1_409' title='bbox 1797 3942 1960 3996; x_wconf 89' lang='lat' dir='ltr'><strong>mini-</strong></span> 
     </span>
    </p>
   </div>
   <div class='ocr_carea' id='block_1_59' title="bbox 393 4015 1954 4088">
    <p class='ocr_par' dir='ltr' id='par_1_59' title="bbox 393 4015 1954 4088">
     <span class='ocr_line' id='line_1_59' title="bbox 393 4015 1954 4088; baseline 0.015 -23"><span class='ocrx_word' id='word_1_410' title='bbox 393 4015 624 4068; x_wconf 88' lang='lat' dir='ltr'><strong>sterium</strong></span> <span class='ocrx_word' id='word_1_411' title='bbox 668 4017 889 4075; x_wconf 89' lang='lat' dir='ltr'><strong>mittere</strong></span> <span class='ocrx_word' id='word_1_412' title='bbox 937 4022 1311 4082; x_wconf 84' lang='lat' dir='ltr'><strong>habitantibus</strong></span> <span class='ocrx_word' id='word_1_413' title='bbox 1339 4027 1395 4081; x_wconf 93' lang='lat' dir='ltr'><strong>in</strong></span> <span class='ocrx_word' id='word_1_414' title='bbox 1437 4027 1624 4084; x_wconf 74' lang='lat' dir='ltr'><strong>Iudaea</strong></span> <span class='ocrx_word' id='word_1_415' title='bbox 1653 4030 1954 4088; x_wconf 74' lang='lat' dir='ltr'><strong>fratribus:</strong></span> 
     </span>
    </p>
   </div>
   <div class='ocr_carea' id='block_1_60' title="bbox 391 4102 1959 4194">
    <p class='ocr_par' dir='ltr' id='par_1_60' title="bbox 391 4102 1959 4194">
     <span class='ocr_line' id='line_1_60' title="bbox 391 4102 1959 4194; baseline 0.013 -33"><span class='ocrx_word' id='word_1_416' title='bbox 391 4102 548 4172; x_wconf 78' lang='lat'><strong>25],</strong></span> <span class='ocrx_word' id='word_1_417' title='bbox 598 4109 742 4176; x_wconf 81' lang='lat' dir='ltr'><strong>quod</strong></span> <span class='ocrx_word' id='word_1_418' title='bbox 776 4117 832 4165; x_wconf 92' lang='lat' dir='ltr'><strong>et</strong></span> <span class='ocrx_word' id='word_1_419' title='bbox 892 4109 1160 4177; x_wconf 86' lang='lat' dir='ltr'><strong>fecerunt,</strong></span> <span class='ocrx_word' id='word_1_420' title='bbox 1191 4117 1466 4175; x_wconf 90' lang='lat' dir='ltr'><strong>mittentes</strong></span> <span class='ocrx_word' id='word_1_421' title='bbox 1490 4119 1558 4176; x_wconf 90' lang='lat' dir='ltr'><strong>ad</strong></span> <span class='ocrx_word' id='word_1_422' title='bbox 1591 4122 1835 4180; x_wconf 85' lang='lat' dir='ltr'><strong>seniores</strong></span> <span class='ocrx_word' id='word_1_423' title='bbox 1862 4139 1959 4194; x_wconf 87' lang='lat' dir='ltr'><strong>per</strong></span> 
     </span>
    </p>
   </div>
   <div class='ocr_carea' id='block_1_61' title="bbox 393 4199 1169 4263">
    <p class='ocr_par' dir='ltr' id='par_1_61' title="bbox 393 4199 1169 4263">
     <span class='ocr_line' id='line_1_61' title="bbox 393 4199 1169 4263; baseline 0.021 -16"><span class='ocrx_word' id='word_1_424' title='bbox 393 4210 585 4254; x_wconf 85' lang='lat' dir='ltr'><strong>manus</strong></span> <span class='ocrx_word' id='word_1_425' title='bbox 614 4199 875 4259; x_wconf 79' lang='lat' dir='ltr'><strong>Barnabas</strong></span> <span class='ocrx_word' id='word_1_426' title='bbox 907 4213 961 4261; x_wconf 92' lang='lat' dir='ltr'><strong>et</strong></span> <span class='ocrx_word' id='word_1_427' title='bbox 995 4208 1169 4263; x_wconf 88' lang='lat' dir='ltr'><strong>Sauli.</strong></span> 
     </span>
    </p>
   </div>
   <div class='ocr_carea' id='block_1_62' title="bbox 887 4443 1449 4529">
    <p class='ocr_par' dir='ltr' id='par_1_62' title="bbox 887 4443 1449 4529">
     <span class='ocr_line' id='line_1_62' title="bbox 887 4443 1449 4529; baseline 0.014 -9"><span class='ocrx_word' id='word_1_428' title='bbox 887 4443 1449 4529; x_wconf 71' lang='lat' dir='ltr'><strong>COMMENTARIUS.</strong></span> 
     </span>
    </p>
   </div>
   <div class='ocr_carea' id='block_1_63' title="bbox 459 4549 1952 4637">
    <p class='ocr_par' dir='ltr' id='par_1_63' title="bbox 459 4549 1952 4637">
     <span class='ocr_line' id='line_1_63' title="bbox 459 4549 1952 4637; baseline 0.015 -34"><span class='ocrx_word' id='word_1_429' title='bbox 459 4549 715 4606; x_wconf 86' lang='lat' dir='ltr'><strong>Fortasse</strong></span> <span class='ocrx_word' id='word_1_430' title='bbox 749 4563 1037 4624; x_wconf 86' lang='lat' dir='ltr'><strong>propterea</strong></span> <span class='ocrx_word' id='word_1_431' title='bbox 1071 4561 1219 4628; x_wconf 90' lang='lat' dir='ltr'><strong>quod</strong></span> <span class='ocrx_word' id='word_1_432' title='bbox 1249 4560 1515 4620; x_wconf 82' lang='lat' dir='ltr'><strong>Hebraice</strong></span> <span class='ocrx_word' id='word_1_433' title='bbox 1553 4564 1702 4637; x_wconf 90' lang='lat' dir='ltr'><strong>loqui</strong></span> <span class='ocrx_word' id='word_1_434' title='bbox 1735 4567 1952 4625; x_wconf 81' lang='lat' dir='ltr'><strong>nescie-</strong></span> 
     </span>
    </p>
   </div>
   <div class='ocr_carea' id='block_1_64' title="bbox 387 4637 1957 4727">
    <p class='ocr_par' dir='ltr' id='par_1_64' title="bbox 387 4637 1957 4727">
     <span class='ocr_line' id='line_1_64' title="bbox 387 4637 1957 4727; baseline 0.013 -35"><span class='ocrx_word' id='word_1_435' title='bbox 387 4637 556 4704; x_wconf 87' lang='lat' dir='ltr'><strong>bant,</strong></span> <span class='ocrx_word' id='word_1_436' title='bbox 601 4639 911 4699; x_wconf 65' lang='lat' dir='ltr'><strong>Hellenista:</strong></span> <span class='ocrx_word' id='word_1_437' title='bbox 950 4647 1311 4704; x_wconf 87' lang='lat' dir='ltr'><strong>vocabantur.</strong></span> <span class='ocrx_word' id='word_1_438' title='bbox 1359 4650 1749 4724; x_wconf 85' lang='lat' dir='ltr'><strong>Loquebantur</strong></span> <span class='ocrx_word' id='word_1_439' title='bbox 1793 4658 1957 4727; x_wconf 76' lang='lat' dir='ltr'><strong>igitur</strong></span> 
     </span>
    </p>
   </div>
   <div class='ocr_carea' id='block_1_65' title="bbox 389 4730 1956 4812">
    <p class='ocr_par' dir='ltr' id='par_1_65' title="bbox 389 4730 1956 4812">
     <span class='ocr_line' id='line_1_65' title="bbox 389 4730 1956 4812; baseline 0.015 -31"><span class='ocrx_word' id='word_1_440' title='bbox 389 4730 774 4786; x_wconf 85' lang='lat' dir='ltr'><strong>annuntiantes</strong></span> <span class='ocrx_word' id='word_1_441' title='bbox 821 4733 931 4791; x_wconf 89' lang='lat' dir='ltr'><strong>illis</strong></span> <span class='ocrx_word' id='word_1_442' title='bbox 972 4735 1161 4792; x_wconf 84' lang='lat' dir='ltr'><strong>Jesum</strong></span> <span class='ocrx_word' id='word_1_443' title='bbox 1209 4739 1523 4812; x_wconf 89' lang='lat' dir='ltr'><strong>Christum,</strong></span> <span class='ocrx_word' id='word_1_444' title='bbox 1569 4759 1624 4804; x_wconf 92' lang='lat' dir='ltr'><strong>et</strong></span> <span class='ocrx_word' id='word_1_445' title='bbox 1659 4746 1956 4804; x_wconf 88' lang='lat' dir='ltr'><strong>credebant</strong></span> 
     </span>
    </p>
   </div>
   <div class='ocr_carea' id='block_1_66' title="bbox 388 4822 1950 4902">
    <p class='ocr_par' dir='ltr' id='par_1_66' title="bbox 388 4822 1950 4902">
     <span class='ocr_line' id='line_1_66' title="bbox 388 4822 1950 4902; baseline 0.013 -30"><span class='ocrx_word' id='word_1_446' title='bbox 388 4833 597 4885; x_wconf 82' lang='lat' dir='ltr'><strong>omnes,</strong></span> <span class='ocrx_word' id='word_1_447' title='bbox 637 4822 897 4890; x_wconf 88' lang='lat' dir='ltr'><strong>quoniam</strong></span> <span class='ocrx_word' id='word_1_448' title='bbox 927 4843 947 4877; x_wconf 76' lang='grc' dir='ltr'><strong>ι</strong></span> <span class='ocrx_word' id='word_1_449' title='bbox 979 4838 1115 4894; x_wconf 88' lang='lat' dir='ltr'><strong>erat,</strong></span> <span class='ocrx_word' id='word_1_450' title='bbox 1146 4829 1340 4902; x_wconf 86' lang='lat' dir='ltr'><strong>inquit,</strong></span> <span class='ocrx_word' id='word_1_451' title='bbox 1371 4850 1568 4892; x_wconf 87' lang='lat' dir='ltr'><strong>manus</strong></span> <span class='ocrx_word' id='word_1_452' title='bbox 1590 4836 1802 4892; x_wconf 89' lang='lat' dir='ltr'><strong>Domini</strong></span> <span class='ocrx_word' id='word_1_453' title='bbox 1827 4854 1950 4895; x_wconf 90' lang='lat' dir='ltr'><strong>cum</strong></span> 
     </span>
    </p>
   </div>
   <div class='ocr_carea' id='block_1_67' title="bbox 385 4910 1950 4999">
    <p class='ocr_par' dir='ltr' id='par_1_67' title="bbox 385 4910 1950 4999">
     <span class='ocr_line' id='line_1_67' title="bbox 385 4910 1950 4999; baseline 0.013 -34"><span class='ocrx_word' id='word_1_454' title='bbox 385 4910 486 4976; x_wconf 90' lang='lat' dir='ltr'><strong>eis,</strong></span> <span class='ocrx_word' id='word_1_455' title='bbox 525 4929 546 4963; x_wconf 75' lang='grc' dir='ltr'><strong>ι</strong></span> <span class='ocrx_word' id='word_1_456' title='bbox 578 4915 681 4968; x_wconf 86' lang='lat' dir='ltr'><strong>hoc</strong></span> <span class='ocrx_word' id='word_1_457' title='bbox 709 4924 813 4982; x_wconf 88' lang='lat' dir='ltr'><strong>est,</strong></span> <span class='ocrx_word' id='word_1_458' title='bbox 851 4918 1110 4977; x_wconf 89' lang='lat' dir='ltr'><strong>miracula</strong></span> <span class='ocrx_word' id='word_1_459' title='bbox 1141 4928 1468 4994; x_wconf 86' lang='lat' dir='ltr'><strong>patrabant:</strong></span> <span class='ocrx_word' id='word_1_460' title='bbox 1499 4945 1618 4999; x_wconf 67' lang='lat' dir='ltr'><strong>quae</strong></span> <span class='ocrx_word' id='word_1_461' title='bbox 1643 4933 1950 4987; x_wconf 88' lang='lat' dir='ltr'><strong>necessaria</strong></span> 
     </span>
    </p>
   </div>
   <div class='ocr_carea' id='block_1_68' title="bbox 387 5000 1943 5080">
    <p class='ocr_par' dir='ltr' id='par_1_68' title="bbox 387 5000 1943 5080">
     <span class='ocr_line' id='line_1_68' title="bbox 387 5000 1943 5080; baseline 0.01 -28"><span class='ocrx_word' id='word_1_462' title='bbox 387 5000 494 5056; x_wconf 90' lang='lat' dir='ltr'><strong>illis</strong></span> <span class='ocrx_word' id='word_1_463' title='bbox 533 5011 720 5065; x_wconf 90' lang='lat' dir='ltr'><strong>erant,</strong></span> <span class='ocrx_word' id='word_1_464' title='bbox 758 5013 814 5059; x_wconf 94' lang='lat' dir='ltr'><strong>ut</strong></span> <span class='ocrx_word' id='word_1_465' title='bbox 846 5008 1151 5068; x_wconf 88' lang='lat' dir='ltr'><strong>crederent.</strong></span> <span class='ocrx_word' id='word_1_466' title='bbox 1187 5031 1206 5065; x_wconf 81' lang='grc' dir='ltr'><strong>ι</strong></span> <span class='ocrx_word' id='word_1_467' title='bbox 1252 5014 1390 5080; x_wconf 87' lang='lat' dir='ltr'><strong>Quia</strong></span> <span class='ocrx_word' id='word_1_468' title='bbox 1423 5024 1537 5069; x_wconf 90' lang='lat' dir='ltr'><strong>erat</strong></span> <span class='ocrx_word' id='word_1_469' title='bbox 1567 5015 1650 5070; x_wconf 86' lang='lat' dir='ltr'><strong>vir</strong></span> <span class='ocrx_word' id='word_1_470' title='bbox 1681 5017 1875 5072; x_wconf 89' lang='lat' dir='ltr'><strong>bonus.</strong></span> <span class='ocrx_word' id='word_1_471' title='bbox 1924 5036 1943 5068; x_wconf 75' lang='grc' dir='ltr'><strong>ι</strong></span> 
     </span>
    </p>
   </div>
   <div class='ocr_carea' id='block_1_69' title="bbox 386 5087 1946 5156">
    <p class='ocr_par' dir='ltr' id='par_1_69' title="bbox 386 5087 1946 5156">
     <span class='ocr_line' id='line_1_69' title="bbox 386 5087 1946 5156; baseline 0.01 -15"><span class='ocrx_word' id='word_1_472' title='bbox 386 5087 598 5144; x_wconf 86' lang='lat' dir='ltr'><strong>Dictum</strong></span> <span class='ocrx_word' id='word_1_473' title='bbox 635 5092 737 5148; x_wconf 87' lang='lat' dir='ltr'><strong>hoc</strong></span> <span class='ocrx_word' id='word_1_474' title='bbox 759 5097 1093 5153; x_wconf 87' lang='lat' dir='ltr'><strong>contrarium</strong></span> <span class='ocrx_word' id='word_1_475' title='bbox 1124 5115 1229 5156; x_wconf 94' lang='lat' dir='ltr'><strong>non</strong></span> <span class='ocrx_word' id='word_1_476' title='bbox 1262 5109 1348 5156; x_wconf 90' lang='lat' dir='ltr'><strong>est</strong></span> <span class='ocrx_word' id='word_1_477' title='bbox 1386 5101 1464 5154; x_wconf 89' lang='lat' dir='ltr'><strong>illi</strong></span> <span class='ocrx_word' id='word_1_478' title='bbox 1488 5102 1572 5154; x_wconf 79' lang='lat' dir='ltr'><strong>&quot;z</strong></span> <span class='ocrx_word' id='word_1_479' title='bbox 1603 5119 1621 5150; x_wconf 81' lang='grc' dir='ltr'><strong>ι</strong></span> <span class='ocrx_word' id='word_1_480' title='bbox 1649 5101 1820 5154; x_wconf 89' lang='lat' dir='ltr'><strong>Nemo</strong></span> <span class='ocrx_word' id='word_1_481' title='bbox 1844 5101 1946 5156; x_wconf 85' lang='lat' dir='ltr'><strong>bo-</strong></span> 
     </span>
    </p>
   </div>
   <div class='ocr_carea' id='block_1_70' title="bbox 386 5183 1950 5246">
    <p class='ocr_par' dir='ltr' id='par_1_70' title="bbox 386 5183 1950 5246">
     <span class='ocr_line' id='line_1_70' title="bbox 386 5183 1950 5246; baseline 0.008 -13"><span class='ocrx_word' id='word_1_482' title='bbox 386 5197 510 5245; x_wconf 88' lang='lat' dir='ltr'><strong>nus,</strong></span> <span class='ocrx_word' id='word_1_483' title='bbox 546 5183 648 5238; x_wconf 91' lang='lat' dir='ltr'><strong>nisi</strong></span> <span class='ocrx_word' id='word_1_484' title='bbox 681 5201 822 5242; x_wconf 92' lang='lat' dir='ltr'><strong>unus</strong></span> <span class='ocrx_word' id='word_1_485' title='bbox 863 5187 1028 5244; x_wconf 90' lang='lat' dir='ltr'><strong>Deus.</strong></span> <span class='ocrx_word' id='word_1_486' title='bbox 1073 5208 1091 5240; x_wconf 75' lang='grc' dir='ltr'><strong>ι</strong></span> <span class='ocrx_word' id='word_1_487' title='bbox 1123 5189 1239 5245; x_wconf 86' lang='lat' dir='ltr'><strong>Non</strong></span> <span class='ocrx_word' id='word_1_488' title='bbox 1274 5191 1418 5246; x_wconf 90' lang='lat' dir='ltr'><strong>enim</strong></span> <span class='ocrx_word' id='word_1_489' title='bbox 1452 5191 1637 5246; x_wconf 85' lang='lat' dir='ltr'><strong>eodem</strong></span> <span class='ocrx_word' id='word_1_490' title='bbox 1674 5192 1833 5245; x_wconf 84' lang='lat' dir='ltr'><strong>modo</strong></span> <span class='ocrx_word' id='word_1_491' title='bbox 1865 5191 1950 5246; x_wconf 90' lang='lat' dir='ltr'><strong>di-</strong></span> 
     </span>
    </p>
   </div>
   <div class='ocr_carea' id='block_1_71' title="bbox 383 5274 1946 5347">
    <p class='ocr_par' dir='ltr' id='par_1_71' title="bbox 383 5274 1946 5347">
     <span class='ocr_line' id='line_1_71' title="bbox 383 5274 1946 5347; baseline 0.008 -21"><span class='ocrx_word' id='word_1_492' title='bbox 383 5274 545 5338; x_wconf 88' lang='lat' dir='ltr'><strong>citur,</strong></span> <span class='ocrx_word' id='word_1_493' title='bbox 573 5275 715 5332; x_wconf 90' lang='lat' dir='ltr'><strong>Deus</strong></span> <span class='ocrx_word' id='word_1_494' title='bbox 743 5295 887 5335; x_wconf 88' lang='lat' dir='ltr'><strong>unus</strong></span> <span class='ocrx_word' id='word_1_495' title='bbox 924 5281 1118 5347; x_wconf 88' lang='lat' dir='ltr'><strong>bonus,</strong></span> <span class='ocrx_word' id='word_1_496' title='bbox 1155 5297 1238 5347; x_wconf 89' lang='lat' dir='ltr'><strong>ac,</strong></span> <span class='ocrx_word' id='word_1_497' title='bbox 1278 5285 1452 5336; x_wconf 89' lang='lat' dir='ltr'><strong>Homo</strong></span> <span class='ocrx_word' id='word_1_498' title='bbox 1508 5282 1684 5337; x_wconf 90' lang='lat' dir='ltr'><strong>bonus</strong></span> <span class='ocrx_word' id='word_1_499' title='bbox 1735 5301 1747 5336; x_wconf 92' lang='lat'>:</span> <span class='ocrx_word' id='word_1_500' title='bbox 1806 5283 1946 5338; x_wconf 90' lang='lat' dir='ltr'><strong>Deus</strong></span> 
     </span>
    </p>
   </div>
   <div class='ocr_carea' id='block_1_72' title="bbox 381 5371 1941 5444">
    <p class='ocr_par' dir='ltr' id='par_1_72' title="bbox 381 5371 1941 5444">
     <span class='ocr_line' id='line_1_72' title="bbox 381 5371 1941 5444; baseline 0.006 -24"><span class='ocrx_word' id='word_1_501' title='bbox 381 5379 526 5420; x_wconf 74' lang='lat' dir='ltr'><strong>enim</strong></span> <span class='ocrx_word' id='word_1_502' title='bbox 557 5375 640 5422; x_wconf 89' lang='lat' dir='ltr'><strong>est</strong></span> <span class='ocrx_word' id='word_1_503' title='bbox 676 5383 773 5437; x_wconf 91' lang='lat' dir='ltr'><strong>per</strong></span> <span class='ocrx_word' id='word_1_504' title='bbox 810 5371 1107 5426; x_wconf 88' lang='lat' dir='ltr'><strong>essentiam</strong></span> <span class='ocrx_word' id='word_1_505' title='bbox 1146 5373 1354 5439; x_wconf 84' lang='lat' dir='ltr'><strong>bonus;</strong></span> <span class='ocrx_word' id='word_1_506' title='bbox 1389 5381 1574 5442; x_wconf 82' lang='lat' dir='ltr'><strong>utpote</strong></span> <span class='ocrx_word' id='word_1_507' title='bbox 1617 5373 1941 5444; x_wconf 87' lang='lat' dir='ltr'><strong>principium</strong></span> 
     </span>
    </p>
   </div>
   <div class='ocr_carea' id='block_1_73' title="bbox 382 5453 1945 5524">
    <p class='ocr_par' dir='ltr' id='par_1_73' title="bbox 382 5453 1945 5524">
     <span class='ocr_line' id='line_1_73' title="bbox 382 5453 1945 5524; baseline 0.012 -18"><span class='ocrx_word' id='word_1_508' title='bbox 382 5460 436 5507; x_wconf 88' lang='lat' dir='ltr'><strong>et</strong></span> <span class='ocrx_word' id='word_1_509' title='bbox 467 5453 588 5509; x_wconf 80' lang='lat' dir='ltr'><strong>fons</strong></span> <span class='ocrx_word' id='word_1_510' title='bbox 618 5459 858 5513; x_wconf 81' lang='lat' dir='ltr'><strong>omnium</strong></span> <span class='ocrx_word' id='word_1_511' title='bbox 891 5461 1156 5517; x_wconf 88' lang='lat' dir='ltr'><strong>bonorum</strong></span> <span class='ocrx_word' id='word_1_512' title='bbox 1183 5482 1195 5520; x_wconf 88' lang='lat'><strong>:</strong></span> <span class='ocrx_word' id='word_1_513' title='bbox 1230 5472 1284 5518; x_wconf 85' lang='lat' dir='ltr'><strong>at</strong></span> <span class='ocrx_word' id='word_1_514' title='bbox 1315 5465 1476 5521; x_wconf 83' lang='lat' dir='ltr'><strong>homo</strong></span> <span class='ocrx_word' id='word_1_515' title='bbox 1502 5467 1721 5523; x_wconf 90' lang='lat' dir='ltr'><strong>nonnisi</strong></span> <span class='ocrx_word' id='word_1_516' title='bbox 1757 5483 1820 5524; x_wconf 86' lang='lat' dir='ltr'><strong>ex</strong></span> <span class='ocrx_word' id='word_1_517' title='bbox 1852 5483 1945 5524; x_wconf 90' lang='lat' dir='ltr'><strong>su-</strong></span> 
     </span>
    </p>
   </div>
   <div class='ocr_carea' id='block_1_74' title="bbox 500 5630 1010 5703">
    <p class='ocr_par' dir='ltr' id='par_1_74' title="bbox 500 5630 1010 5703">
     <span class='ocr_line' id='line_1_74' title="bbox 500 5630 1010 5703; baseline 0.014 -18"><span class='ocrx_word' id='word_1_518' title='bbox 500 5630 544 5663; x_wconf 88' lang='lat'><strong>&quot;</strong></span> <span class='ocrx_word' id='word_1_519' title='bbox 575 5630 706 5686; x_wconf 87' lang='lat' dir='ltr'><strong>Luc.</strong></span> <span class='ocrx_word' id='word_1_520' title='bbox 737 5650 888 5703; x_wconf 79' lang='lat' dir='ltr'><strong>mn,</strong></span> <span class='ocrx_word' id='word_1_521' title='bbox 926 5640 1010 5695; x_wconf 75' lang='grc' dir='ltr'><strong>ιθ.</strong></span> 
     </span>
    </p>
   </div>
   <div class='ocr_carea' id='block_1_75' title="bbox 2083 1829 3645 1905">
    <p class='ocr_par' dir='ltr' id='par_1_75' title="bbox 2083 1829 3645 1905">
     <span class='ocr_line' id='line_1_75' title="bbox 2083 1829 3645 1905; baseline -0.004 -16"><span class='ocrx_word' id='word_1_522' title='bbox 2083 1833 2333 1905; x_wconf 78' lang='grc' dir='ltr'>Κύπρου,</span> <span class='ocrx_word' id='word_1_523' title='bbox 2358 1832 2452 1885; x_wconf 77' lang='grc' dir='ltr'>καὶ</span> <span class='ocrx_word' id='word_1_524' title='bbox 2494 1831 2847 1900; x_wconf 78' lang='grc' dir='ltr'><strong>Ἀντιοχείας,</strong></span> <span class='ocrx_word' id='word_1_525' title='bbox 2888 1829 3076 1900; x_wconf 71' lang='grc' dir='ltr'>μηδενὶ</span> <span class='ocrx_word' id='word_1_526' title='bbox 3110 1829 3392 1893; x_wconf 80' lang='grc' dir='ltr'>λαλοῦντες</span> <span class='ocrx_word' id='word_1_527' title='bbox 3429 1831 3520 1883; x_wconf 85' lang='grc' dir='ltr'><strong>τδν</strong></span> <span class='ocrx_word' id='word_1_528' title='bbox 3554 1829 3645 1883; x_wconf 84' lang='grc' dir='ltr'>λό-</span> 
     </span>
    </p>
   </div>
   <div class='ocr_carea' id='block_1_76' title="bbox 2080 1919 3644 1996">
    <p class='ocr_par' dir='ltr' id='par_1_76' title="bbox 2080 1919 3644 1996">
     <span class='ocr_line' id='line_1_76' title="bbox 2080 1919 3644 1996; baseline -0.004 -16"><span class='ocrx_word' id='word_1_529' title='bbox 2080 1945 2196 1996; x_wconf 86' lang='grc' dir='ltr'>γον,</span> <span class='ocrx_word' id='word_1_530' title='bbox 2232 1927 2280 1978; x_wconf 80' lang='lat' dir='ltr'><strong>ei</strong></span> <span class='ocrx_word' id='word_1_531' title='bbox 2321 1925 2394 1994; x_wconf 88' lang='grc' dir='ltr'>μὴ</span> <span class='ocrx_word' id='word_1_532' title='bbox 2424 1924 2585 1994; x_wconf 86' lang='grc' dir='ltr'>μόνον</span> <span class='ocrx_word' id='word_1_533' title='bbox 2613 1922 2907 1984; x_wconf 87' lang='grc' dir='ltr'>Ἰουδαίοις.</span> <span class='ocrx_word' id='word_1_534' title='bbox 2926 1919 3102 1975; x_wconf 86' lang='grc' dir='ltr'>Ἦσαν</span> <span class='ocrx_word' id='word_1_535' title='bbox 3131 1923 3188 1976; x_wconf 83' lang='grc' dir='ltr'><strong>δέ</strong></span> <span class='ocrx_word' id='word_1_536' title='bbox 3211 1940 3355 1986; x_wconf 87' lang='grc' dir='ltr'>τινες</span> <span class='ocrx_word' id='word_1_537' title='bbox 3379 1921 3437 1988; x_wconf 75' lang='grc' dir='ltr'>ἐξ</span> <span class='ocrx_word' id='word_1_538' title='bbox 3463 1923 3644 1976; x_wconf 80' lang='grc' dir='ltr'>αὐτῶν</span> 
     </span>
    </p>
   </div>
   <div class='ocr_carea' id='block_1_77' title="bbox 2079 2012 3645 2088">
    <p class='ocr_par' dir='ltr' id='par_1_77' title="bbox 2079 2012 3645 2088">
     <span class='ocr_line' id='line_1_77' title="bbox 2079 2012 3645 2088; baseline -0.004 -17"><span class='ocrx_word' id='word_1_539' title='bbox 2079 2018 2270 2088; x_wconf 77' lang='grc' dir='ltr'>ἄνδρες</span> <span class='ocrx_word' id='word_1_540' title='bbox 2339 2018 2579 2087; x_wconf 85' lang='grc' dir='ltr'>Κύπριοι</span> <span class='ocrx_word' id='word_1_541' title='bbox 2644 2016 2740 2069; x_wconf 80' lang='grc' dir='ltr'>καὶ</span> <span class='ocrx_word' id='word_1_542' title='bbox 2813 2016 3150 2086; x_wconf 84' lang='grc' dir='ltr'>Κυρηναῖοι·</span> <span class='ocrx_word' id='word_1_543' title='bbox 3211 2013 3409 2077; x_wconf 72' lang='grc' dir='ltr'>οἵτινες</span> <span class='ocrx_word' id='word_1_544' title='bbox 3473 2012 3645 2065; x_wconf 79' lang='grc' dir='ltr'>εἰσελ-</span> 
     </span>
    </p>
   </div>
   <div class='ocr_carea' id='block_1_78' title="bbox 2080 2103 3645 2176">
    <p class='ocr_par' dir='ltr' id='par_1_78' title="bbox 2080 2103 3645 2176">
     <span class='ocr_line' id='line_1_78' title="bbox 2080 2103 3645 2176; baseline -0.005 -13"><span class='ocrx_word' id='word_1_545' title='bbox 2080 2110 2263 2172; x_wconf 87' lang='grc' dir='ltr'>θόντες</span> <span class='ocrx_word' id='word_1_546' title='bbox 2315 2110 2395 2170; x_wconf 86' lang='grc' dir='ltr'><strong>είς</strong></span> <span class='ocrx_word' id='word_1_547' title='bbox 2439 2106 2772 2176; x_wconf 82' lang='grc' dir='ltr'>Ἀντιόχειαν</span> <span class='ocrx_word' id='word_1_548' title='bbox 2801 2105 3020 2159; x_wconf 71' lang='grc' dir='ltr'>ἐλάλουν</span> <span class='ocrx_word' id='word_1_549' title='bbox 3076 2103 3213 2174; x_wconf 76' lang='grc' dir='ltr'>πρὸς</span> <span class='ocrx_word' id='word_1_550' title='bbox 3269 2103 3393 2166; x_wconf 78' lang='grc' dir='ltr'>τοὺς</span> <span class='ocrx_word' id='word_1_551' title='bbox 3459 2103 3645 2174; x_wconf 80' lang='grc' dir='ltr'>Ἐλλη-</span> 
     </span>
    </p>
   </div>
   <div class='ocr_carea' id='block_1_79' title="bbox 2078 2195 3640 2268">
    <p class='ocr_par' dir='ltr' id='par_1_79' title="bbox 2078 2195 3640 2268">
     <span class='ocr_line' id='line_1_79' title="bbox 2078 2195 3640 2268; baseline -0.004 -14"><span class='ocrx_word' id='word_1_552' title='bbox 2078 2201 2282 2264; x_wconf 83' lang='grc' dir='ltr'>νιστὰς,</span> <span class='ocrx_word' id='word_1_553' title='bbox 2336 2197 2811 2268; x_wconf 79' lang='grc' dir='ltr'><strong>εὐαγγελιζόμενοι</strong></span> <span class='ocrx_word' id='word_1_554' title='bbox 2854 2196 2946 2250; x_wconf 80' lang='grc' dir='ltr'><strong>τὸν</strong></span> <span class='ocrx_word' id='word_1_555' title='bbox 3010 2195 3214 2266; x_wconf 87' lang='grc' dir='ltr'>Κύριον</span> <span class='ocrx_word' id='word_1_556' title='bbox 3265 2195 3496 2264; x_wconf 85' lang='grc' dir='ltr'>Ἰησοῦν.</span> <span class='ocrx_word' id='word_1_557' title='bbox 3530 2196 3640 2248; x_wconf 77' lang='grc' dir='ltr'><strong>Καὶ</strong></span> 
     </span>
    </p>
   </div>
   <div class='ocr_carea' id='block_1_80' title="bbox 2075 2285 3644 2362">
    <p class='ocr_par' dir='ltr' id='par_1_80' title="bbox 2075 2285 3644 2362">
     <span class='ocr_line' id='line_1_80' title="bbox 2075 2285 3644 2362; baseline -0.003 -19"><span class='ocrx_word' id='word_1_558' title='bbox 2075 2287 2142 2362; x_wconf 78' lang='grc' dir='ltr'><strong>ἦν</strong></span> <span class='ocrx_word' id='word_1_559' title='bbox 2192 2291 2314 2362; x_wconf 67' lang='grc' dir='ltr'>χεὶρ</span> <span class='ocrx_word' id='word_1_560' title='bbox 2369 2289 2574 2360; x_wconf 84' lang='grc' dir='ltr'>Κυρίου</span> <span class='ocrx_word' id='word_1_561' title='bbox 2636 2288 2766 2359; x_wconf 81' lang='grc' dir='ltr'>μετ’</span> <span class='ocrx_word' id='word_1_562' title='bbox 2815 2287 3034 2343; x_wconf 75' lang='grc' dir='ltr'>αύτῶνο</span> <span class='ocrx_word' id='word_1_563' title='bbox 3091 2285 3258 2349; x_wconf 85' lang='grc' dir='ltr'>πολύς</span> <span class='ocrx_word' id='word_1_564' title='bbox 3303 2303 3364 2339; x_wconf 91' lang='grc' dir='ltr'><strong>τε</strong></span> <span class='ocrx_word' id='word_1_565' title='bbox 3413 2286 3644 2357; x_wconf 72' lang='grc' dir='ltr'>ἀριθμὸς</span> 
     </span>
    </p>
   </div>
   <div class='ocr_carea' id='block_1_81' title="bbox 2075 2377 3643 2451">
    <p class='ocr_par' dir='ltr' id='par_1_81' title="bbox 2075 2377 3643 2451">
     <span class='ocr_line' id='line_1_81' title="bbox 2075 2377 3643 2451; baseline -0.003 -15"><span class='ocrx_word' id='word_1_566' title='bbox 2075 2383 2392 2446; x_wconf 80' lang='grc' dir='ltr'>πιστεύσας,</span> <span class='ocrx_word' id='word_1_567' title='bbox 2439 2381 2776 2451; x_wconf 73' lang='grc' dir='ltr'>ἐπέστρεψεν</span> <span class='ocrx_word' id='word_1_568' title='bbox 2803 2381 2894 2433; x_wconf 71' lang='grc' dir='ltr'><strong>ἐπὶ</strong></span> <span class='ocrx_word' id='word_1_569' title='bbox 2923 2379 3013 2433; x_wconf 77' lang='grc' dir='ltr'>τὸν</span> <span class='ocrx_word' id='word_1_570' title='bbox 3042 2379 3278 2445; x_wconf 84' lang='grc' dir='ltr'>Κύριον·</span> <span class='ocrx_word' id='word_1_571' title='bbox 3317 2377 3556 2450; x_wconf 70' lang='grc' dir='ltr'>ἠκούσθη</span> <span class='ocrx_word' id='word_1_572' title='bbox 3583 2378 3643 2432; x_wconf 69' lang='grc' dir='ltr'>δὲ</span> 
     </span>
    </p>
   </div>
   <div class='ocr_carea' id='block_1_82' title="bbox 2073 2468 3641 2544">
    <p class='ocr_par' dir='ltr' id='par_1_82' title="bbox 2073 2468 3641 2544">
     <span class='ocr_line' id='line_1_82' title="bbox 2073 2468 3641 2544; baseline -0.003 -16"><span class='ocrx_word' id='word_1_573' title='bbox 2073 2476 2102 2528; x_wconf 89' lang='lat'><strong>6</strong></span> <span class='ocrx_word' id='word_1_574' title='bbox 2122 2474 2278 2543; x_wconf 85' lang='grc' dir='ltr'>λόγος</span> <span class='ocrx_word' id='word_1_575' title='bbox 2309 2476 2387 2538; x_wconf 87' lang='grc' dir='ltr'><strong>είς</strong></span> <span class='ocrx_word' id='word_1_576' title='bbox 2413 2475 2480 2526; x_wconf 83' lang='grc' dir='ltr'><strong>τὰ</strong></span> <span class='ocrx_word' id='word_1_577' title='bbox 2509 2468 2622 2528; x_wconf 79' lang='grc' dir='ltr'>ὦτα</span> <span class='ocrx_word' id='word_1_578' title='bbox 2655 2476 2753 2544; x_wconf 81' lang='grc' dir='ltr'>τῆς</span> <span class='ocrx_word' id='word_1_579' title='bbox 2810 2471 3136 2540; x_wconf 86' lang='grc' dir='ltr'>Ἐκκλησίας</span> <span class='ocrx_word' id='word_1_580' title='bbox 3165 2472 3264 2540; x_wconf 83' lang='grc' dir='ltr'>τῆς</span> <span class='ocrx_word' id='word_1_581' title='bbox 3293 2471 3350 2523; x_wconf 79' lang='grc' dir='ltr'>έν</span> <span class='ocrx_word' id='word_1_582' title='bbox 3413 2471 3641 2540; x_wconf 88' lang='grc' dir='ltr'>Ἰεροσο-</span> 
     </span>
    </p>
   </div>
   <div class='ocr_carea' id='block_1_83' title="bbox 2072 2561 3641 2637">
    <p class='ocr_par' dir='ltr' id='par_1_83' title="bbox 2072 2561 3641 2637">
     <span class='ocr_line' id='line_1_83' title="bbox 2072 2561 3641 2637; baseline -0.004 -17"><span class='ocrx_word' id='word_1_583' title='bbox 2072 2566 2266 2637; x_wconf 84' lang='grc' dir='ltr'>λύμοις</span> <span class='ocrx_word' id='word_1_584' title='bbox 2301 2567 2428 2634; x_wconf 80' lang='grc' dir='ltr'>περὶ</span> <span class='ocrx_word' id='word_1_585' title='bbox 2464 2565 2644 2619; x_wconf 82' lang='grc' dir='ltr'>αὐτῶν</span> <span class='ocrx_word' id='word_1_586' title='bbox 2669 2583 2683 2597; x_wconf 88' lang='grc'><strong>·</strong></span> <span class='ocrx_word' id='word_1_587' title='bbox 2713 2564 2806 2618; x_wconf 80' lang='grc' dir='ltr'><strong>καὶ</strong></span> <span class='ocrx_word' id='word_1_588' title='bbox 2831 2561 3156 2617; x_wconf 80' lang='grc' dir='ltr'>ἀπέστειλαν</span> <span class='ocrx_word' id='word_1_589' title='bbox 3190 2562 3474 2634; x_wconf 75' lang='grc' dir='ltr'>Βαρνάϐαν</span> <span class='ocrx_word' id='word_1_590' title='bbox 3501 2562 3641 2614; x_wconf 85' lang='grc' dir='ltr'>διελ-</span> 
     </span>
    </p>
   </div>
   <div class='ocr_carea' id='block_1_84' title="bbox 2075 2651 3641 2727">
    <p class='ocr_par' dir='ltr' id='par_1_84' title="bbox 2075 2651 3641 2727">
     <span class='ocr_line' id='line_1_84' title="bbox 2075 2651 3641 2727; baseline -0.005 -15"><span class='ocrx_word' id='word_1_591' title='bbox 2075 2659 2188 2712; x_wconf 85' lang='grc' dir='ltr'>θεῖν</span> <span class='ocrx_word' id='word_1_592' title='bbox 2209 2658 2314 2720; x_wconf 80' lang='grc' dir='ltr'>ἓως</span> <span class='ocrx_word' id='word_1_593' title='bbox 2342 2655 2691 2727; x_wconf 83' lang='grc' dir='ltr'>Ἀντιοχείας.</span> <span class='ocrx_word' id='word_1_594' title='bbox 2739 2656 2839 2719; x_wconf 83' lang='grc' dir='ltr'>’ος</span> <span class='ocrx_word' id='word_1_595' title='bbox 2879 2653 3341 2724; x_wconf 85' lang='grc' dir='ltr'>παραγενόμενος,</span> <span class='ocrx_word' id='word_1_596' title='bbox 3375 2653 3468 2706; x_wconf 81' lang='grc' dir='ltr'><strong>καί</strong></span> <span class='ocrx_word' id='word_1_597' title='bbox 3517 2651 3641 2705; x_wconf 86' lang='grc' dir='ltr'>ίδὼν</span> 
     </span>
    </p>
   </div>
   <div class='ocr_carea' id='block_1_85' title="bbox 2073 2737 3643 2823">
    <p class='ocr_par' dir='ltr' id='par_1_85' title="bbox 2073 2737 3643 2823">
     <span class='ocr_line' id='line_1_85' title="bbox 2073 2737 3643 2823; baseline -0.005 -19"><span class='ocrx_word' id='word_1_598' title='bbox 2073 2750 2174 2823; x_wconf 81' lang='grc' dir='ltr'>τὴν</span> <span class='ocrx_word' id='word_1_599' title='bbox 2207 2749 2369 2821; x_wconf 87' lang='grc' dir='ltr'>χάριν</span> <span class='ocrx_word' id='word_1_600' title='bbox 2397 2737 2492 2801; x_wconf 90' lang='grc' dir='ltr'><strong>τοῦ</strong></span> <span class='ocrx_word' id='word_1_601' title='bbox 2544 2745 2703 2814; x_wconf 86' lang='grc' dir='ltr'>Θεοῦ,</span> <span class='ocrx_word' id='word_1_602' title='bbox 2744 2746 2914 2816; x_wconf 75' lang='grc' dir='ltr'>ἐχάρη</span> <span class='ocrx_word' id='word_1_603' title='bbox 2947 2762 2961 2777; x_wconf 88' lang='grc'><strong>·</strong></span> <span class='ocrx_word' id='word_1_604' title='bbox 2987 2744 3288 2815; x_wconf 83' lang='grc' dir='ltr'>παρεκάλει</span> <span class='ocrx_word' id='word_1_605' title='bbox 3318 2761 3377 2797; x_wconf 85' lang='grc' dir='ltr'><strong>τε</strong></span> <span class='ocrx_word' id='word_1_606' title='bbox 3433 2745 3643 2806; x_wconf 84' lang='grc' dir='ltr'>πάντας</span> 
     </span>
    </p>
   </div>
   <div class='ocr_carea' id='block_1_86' title="bbox 2071 2833 3636 2914">
    <p class='ocr_par' dir='ltr' id='par_1_86' title="bbox 2071 2833 3636 2914">
     <span class='ocr_line' id='line_1_86' title="bbox 2071 2833 3636 2914; baseline -0.007 -19"><span class='ocrx_word' id='word_1_607' title='bbox 2071 2844 2136 2914; x_wconf 77' lang='grc' dir='ltr'>τῇ</span> <span class='ocrx_word' id='word_1_608' title='bbox 2176 2839 2433 2912; x_wconf 79' lang='grc' dir='ltr'>προθέσει</span> <span class='ocrx_word' id='word_1_609' title='bbox 2481 2837 2575 2906; x_wconf 83' lang='grc' dir='ltr'>τῆς</span> <span class='ocrx_word' id='word_1_610' title='bbox 2627 2837 2855 2907; x_wconf 84' lang='grc' dir='ltr'>καρδίας</span> <span class='ocrx_word' id='word_1_611' title='bbox 2901 2836 3228 2906; x_wconf 84' lang='grc' dir='ltr'>προσμένειν</span> <span class='ocrx_word' id='word_1_612' title='bbox 3284 2834 3362 2905; x_wconf 81' lang='grc' dir='ltr'>τῷ</span> <span class='ocrx_word' id='word_1_613' title='bbox 3410 2833 3636 2904; x_wconf 84' lang='grc' dir='ltr'>Κυρίῳ·</span> 
     </span>
    </p>
   </div>
   <div class='ocr_carea' id='block_1_87' title="bbox 2071 2927 3641 3002">
    <p class='ocr_par' dir='ltr' id='par_1_87' title="bbox 2071 2927 3641 3002">
     <span class='ocr_line' id='line_1_87' title="bbox 2071 2927 3641 3002; baseline -0.006 -15"><span class='ocrx_word' id='word_1_614' title='bbox 2071 2934 2153 2987; x_wconf 83' lang='grc' dir='ltr'>ὅτι</span> <span class='ocrx_word' id='word_1_615' title='bbox 2184 2927 2252 3002; x_wconf 81' lang='grc' dir='ltr'>ἦν</span> <span class='ocrx_word' id='word_1_616' title='bbox 2310 2930 2448 2999; x_wconf 83' lang='grc' dir='ltr'>ἀνὴρ</span> <span class='ocrx_word' id='word_1_617' title='bbox 2498 2928 2703 2996; x_wconf 83' lang='grc' dir='ltr'>ἀγαθὸς</span> <span class='ocrx_word' id='word_1_618' title='bbox 2727 2928 2821 2981; x_wconf 75' lang='grc' dir='ltr'>καὶ</span> <span class='ocrx_word' id='word_1_619' title='bbox 2875 2927 3086 2996; x_wconf 83' lang='grc' dir='ltr'>πλήρης</span> <span class='ocrx_word' id='word_1_620' title='bbox 3127 2927 3438 2996; x_wconf 86' lang='grc' dir='ltr'>Ιῖνεύματος</span> <span class='ocrx_word' id='word_1_621' title='bbox 3482 2927 3641 2993; x_wconf 82' lang='grc' dir='ltr'>ἁγίου</span> 
     </span>
    </p>
   </div>
   <div class='ocr_carea' id='block_1_88' title="bbox 2072 3015 3636 3089">
    <p class='ocr_par' dir='ltr' id='par_1_88' title="bbox 2072 3015 3636 3089">
     <span class='ocr_line' id='line_1_88' title="bbox 2072 3015 3636 3089; baseline -0.006 -12"><span class='ocrx_word' id='word_1_622' title='bbox 2072 3024 2167 3078; x_wconf 73' lang='grc' dir='ltr'>καὶ</span> <span class='ocrx_word' id='word_1_623' title='bbox 2195 3021 2449 3083; x_wconf 82' lang='grc' dir='ltr'>πίστεως.</span> <span class='ocrx_word' id='word_1_624' title='bbox 2474 3019 2584 3073; x_wconf 66' lang='grc' dir='ltr'><strong>Καὶ</strong></span> <span class='ocrx_word' id='word_1_625' title='bbox 2614 3017 2914 3089; x_wconf 83' lang='grc' dir='ltr'>προσετέθη</span> <span class='ocrx_word' id='word_1_626' title='bbox 2942 3017 3098 3087; x_wconf 68' lang='grc' dir='ltr'>δχλος</span> <span class='ocrx_word' id='word_1_627' title='bbox 3121 3016 3300 3079; x_wconf 78' lang='grc' dir='ltr'>ἱκανὸς</span> <span class='ocrx_word' id='word_1_628' title='bbox 3333 3015 3409 3084; x_wconf 83' lang='grc' dir='ltr'>τῷ</span> <span class='ocrx_word' id='word_1_629' title='bbox 3428 3015 3636 3084; x_wconf 86' lang='grc' dir='ltr'>Κυρίῳ.</span> 
     </span>
    </p>
   </div>
   <div class='ocr_carea' id='block_1_89' title="bbox 2089 3105 3642 3184">
    <p class='ocr_par' dir='ltr' id='par_1_89' title="bbox 2089 3105 3642 3184">
     <span class='ocr_line' id='line_1_89' title="bbox 2089 3105 3642 3184; baseline -0.006 -16"><span class='ocrx_word' id='word_1_630' title='bbox 2089 3114 2309 3184; x_wconf 80' lang='grc' dir='ltr'>Ἐξῆλθε</span> <span class='ocrx_word' id='word_1_631' title='bbox 2333 3112 2388 3164; x_wconf 81' lang='grc' dir='ltr'>δὲ</span> <span class='ocrx_word' id='word_1_632' title='bbox 2415 3113 2494 3174; x_wconf 79' lang='grc' dir='ltr'><strong>είς</strong></span> <span class='ocrx_word' id='word_1_633' title='bbox 2521 3109 2736 3181; x_wconf 74' lang='grc' dir='ltr'>Ταρσὸν</span> <span class='ocrx_word' id='word_1_634' title='bbox 2769 3111 2798 3163; x_wconf 89' lang='lat'><strong>6</strong></span> <span class='ocrx_word' id='word_1_635' title='bbox 2826 3108 3110 3180; x_wconf 87' lang='grc' dir='ltr'>Βαρνάϐας</span> <span class='ocrx_word' id='word_1_636' title='bbox 3138 3107 3472 3178; x_wconf 74' lang='grc' dir='ltr'>ἀναζητῆσαι</span> <span class='ocrx_word' id='word_1_637' title='bbox 3500 3105 3642 3158; x_wconf 78' lang='grc' dir='ltr'>Σαῦ-</span> 
     </span>
    </p>
   </div>
   <div class='ocr_carea' id='block_1_90' title="bbox 2075 3199 3636 3272">
    <p class='ocr_par' dir='ltr' id='par_1_90' title="bbox 2075 3199 3636 3272">
     <span class='ocr_line' id='line_1_90' title="bbox 2075 3199 3636 3272; baseline -0.003 -15"><span class='ocrx_word' id='word_1_638' title='bbox 2075 3206 2166 3258; x_wconf 91' lang='grc' dir='ltr'>λον</span> <span class='ocrx_word' id='word_1_639' title='bbox 2190 3220 2205 3236; x_wconf 81' lang='lat'><strong><em>°</em></strong></span> <span class='ocrx_word' id='word_1_640' title='bbox 2237 3205 2332 3257; x_wconf 78' lang='grc' dir='ltr'>καὶ</span> <span class='ocrx_word' id='word_1_641' title='bbox 2362 3202 2535 3272; x_wconf 83' lang='grc' dir='ltr'>εὑρὼν</span> <span class='ocrx_word' id='word_1_642' title='bbox 2557 3201 2743 3263; x_wconf 69' lang='grc' dir='ltr'>αὐτὸν,</span> <span class='ocrx_word' id='word_1_643' title='bbox 2763 3201 2968 3270; x_wconf 74' lang='grc' dir='ltr'>ἢγαγεν</span> <span class='ocrx_word' id='word_1_644' title='bbox 2990 3199 3150 3253; x_wconf 79' lang='grc' dir='ltr'>αὑτὸν</span> <span class='ocrx_word' id='word_1_645' title='bbox 3184 3200 3264 3262; x_wconf 86' lang='grc' dir='ltr'><strong>είς</strong></span> <span class='ocrx_word' id='word_1_646' title='bbox 3282 3199 3636 3270; x_wconf 83' lang='grc' dir='ltr'>Ἀντιόχειαν.</span> 
     </span>
    </p>
   </div>
   <div class='ocr_carea' id='block_1_91' title="bbox 2077 3291 3636 3364">
    <p class='ocr_par' dir='ltr' id='par_1_91' title="bbox 2077 3291 3636 3364">
     <span class='ocr_line' id='line_1_91' title="bbox 2077 3291 3636 3364; baseline -0.003 -16"><span class='ocrx_word' id='word_1_647' title='bbox 2077 3294 2333 3362; x_wconf 83' lang='grc' dir='ltr'>Ἐγένετο</span> <span class='ocrx_word' id='word_1_648' title='bbox 2367 3293 2424 3347; x_wconf 83' lang='grc' dir='ltr'>δὲ</span> <span class='ocrx_word' id='word_1_649' title='bbox 2460 3293 2658 3355; x_wconf 77' lang='grc' dir='ltr'>αὐτοὺς</span> <span class='ocrx_word' id='word_1_650' title='bbox 2684 3293 2928 3346; x_wconf 77' lang='grc' dir='ltr'>ἐνιαυτὸν</span> <span class='ocrx_word' id='word_1_651' title='bbox 2957 3293 3078 3347; x_wconf 76' lang='grc' dir='ltr'>ὅλον</span> <span class='ocrx_word' id='word_1_652' title='bbox 3112 3291 3440 3364; x_wconf 81' lang='grc' dir='ltr'>συναχθῆναι</span> <span class='ocrx_word' id='word_1_653' title='bbox 3487 3294 3543 3344; x_wconf 84' lang='grc' dir='ltr'><strong>ὲν</strong></span> <span class='ocrx_word' id='word_1_654' title='bbox 3569 3293 3636 3362; x_wconf 84' lang='grc' dir='ltr'><strong>τῇ</strong></span> 
     </span>
    </p>
   </div>
   <div class='ocr_carea' id='block_1_92' title="bbox 2085 3382 3637 3455">
    <p class='ocr_par' dir='ltr' id='par_1_92' title="bbox 2085 3382 3637 3455">
     <span class='ocr_line' id='line_1_92' title="bbox 2085 3382 3637 3455; baseline -0.003 -16"><span class='ocrx_word' id='word_1_655' title='bbox 2085 3384 2402 3455; x_wconf 76' lang='grc' dir='ltr'>Ἐκκλησία,</span> <span class='ocrx_word' id='word_1_656' title='bbox 2427 3383 2522 3436; x_wconf 73' lang='grc' dir='ltr'>καὶ</span> <span class='ocrx_word' id='word_1_657' title='bbox 2549 3382 2756 3450; x_wconf 80' lang='grc' dir='ltr'>διδάξαι</span> <span class='ocrx_word' id='word_1_658' title='bbox 2786 3382 2946 3453; x_wconf 82' lang='grc' dir='ltr'>δχλον</span> <span class='ocrx_word' id='word_1_659' title='bbox 2977 3383 3184 3450; x_wconf 74' lang='grc' dir='ltr'>ἱκανὸν,</span> <span class='ocrx_word' id='word_1_660' title='bbox 3218 3383 3555 3454; x_wconf 83' lang='grc' dir='ltr'>χρηματίσαι</span> <span class='ocrx_word' id='word_1_661' title='bbox 3577 3399 3637 3434; x_wconf 83' lang='grc' dir='ltr'><strong>τε</strong></span> 
     </span>
    </p>
   </div>
   <div class='ocr_carea' id='block_1_93' title="bbox 2073 3473 3633 3547">
    <p class='ocr_par' dir='ltr' id='par_1_93' title="bbox 2073 3473 3633 3547">
     <span class='ocr_line' id='line_1_93' title="bbox 2073 3473 3633 3547; baseline 0 -19"><span class='ocrx_word' id='word_1_662' title='bbox 2073 3477 2289 3547; x_wconf 85' lang='grc' dir='ltr'>πρῶτον</span> <span class='ocrx_word' id='word_1_663' title='bbox 2323 3477 2380 3528; x_wconf 80' lang='grc' dir='ltr'>ὲν</span> <span class='ocrx_word' id='word_1_664' title='bbox 2424 3474 2728 3546; x_wconf 81' lang='grc' dir='ltr'>Ἀντιοχείᾳ</span> <span class='ocrx_word' id='word_1_665' title='bbox 2761 3476 2888 3539; x_wconf 80' lang='grc' dir='ltr'>τοὺς</span> <span class='ocrx_word' id='word_1_666' title='bbox 2951 3475 3197 3546; x_wconf 83' lang='grc' dir='ltr'>μαθητὰς</span> <span class='ocrx_word' id='word_1_667' title='bbox 3255 3473 3633 3546; x_wconf 85' lang='grc' dir='ltr'>Χριστιανούς.</span> 
     </span>
    </p>
   </div>
   <div class='ocr_carea' id='block_1_94' title="bbox 2083 3563 3635 3635">
    <p class='ocr_par' dir='ltr' id='par_1_94' title="bbox 2083 3563 3635 3635">
     <span class='ocr_line' id='line_1_94' title="bbox 2083 3563 3635 3635; baseline -0.003 -16"><span class='ocrx_word' id='word_1_668' title='bbox 2083 3566 2172 3619; x_wconf 88' lang='grc' dir='ltr'>Ἐν</span> <span class='ocrx_word' id='word_1_669' title='bbox 2202 3563 2426 3628; x_wconf 85' lang='grc' dir='ltr'>ταύταις</span> <span class='ocrx_word' id='word_1_670' title='bbox 2463 3563 2520 3616; x_wconf 72' lang='grc' dir='ltr'>δὲ</span> <span class='ocrx_word' id='word_1_671' title='bbox 2565 3566 2684 3626; x_wconf 88' lang='grc' dir='ltr'>ταῖς</span> <span class='ocrx_word' id='word_1_672' title='bbox 2736 3565 2973 3635; x_wconf 84' lang='grc' dir='ltr'>ήμέραις</span> <span class='ocrx_word' id='word_1_673' title='bbox 3015 3565 3285 3635; x_wconf 80' lang='grc' dir='ltr'>κατῆλθον</span> <span class='ocrx_word' id='word_1_674' title='bbox 3325 3565 3432 3618; x_wconf 81' lang='grc' dir='ltr'>ἀπὸ</span> <span class='ocrx_word' id='word_1_675' title='bbox 3474 3563 3635 3635; x_wconf 88' lang='grc' dir='ltr'>Ἰερο-</span> 
     </span>
    </p>
   </div>
   <div class='ocr_carea' id='block_1_95' title="bbox 2073 3649 3637 3729">
    <p class='ocr_par' dir='ltr' id='par_1_95' title="bbox 2073 3649 3637 3729">
     <span class='ocr_line' id='line_1_95' title="bbox 2073 3649 3637 3729; baseline -0.004 -17"><span class='ocrx_word' id='word_1_676' title='bbox 2073 3658 2324 3729; x_wconf 87' lang='grc' dir='ltr'>σολύμων</span> <span class='ocrx_word' id='word_1_677' title='bbox 2355 3659 2436 3720; x_wconf 86' lang='grc' dir='ltr'><strong>είς</strong></span> <span class='ocrx_word' id='word_1_678' title='bbox 2474 3656 2810 3725; x_wconf 83' lang='grc' dir='ltr'>Ἀντιόχειαν</span> <span class='ocrx_word' id='word_1_679' title='bbox 2845 3657 3140 3727; x_wconf 68' lang='grc' dir='ltr'>προφῆται.</span> <span class='ocrx_word' id='word_1_680' title='bbox 3181 3654 3442 3717; x_wconf 76' lang='grc' dir='ltr'>’Λναστὰς</span> <span class='ocrx_word' id='word_1_681' title='bbox 3467 3654 3524 3706; x_wconf 83' lang='grc' dir='ltr'>δὲ</span> <span class='ocrx_word' id='word_1_682' title='bbox 3555 3649 3637 3725; x_wconf 53' lang='lat' dir='ltr'><strong>si;</strong></span> 
     </span>
    </p>
   </div>
   <div class='ocr_carea' id='block_1_96' title="bbox 2068 3745 3636 3819">
    <p class='ocr_par' dir='ltr' id='par_1_96' title="bbox 2068 3745 3636 3819">
     <span class='ocr_line' id='line_1_96' title="bbox 2068 3745 3636 3819; baseline -0.004 -16"><span class='ocrx_word' id='word_1_683' title='bbox 2068 3751 2130 3814; x_wconf 76' lang='grc' dir='ltr'>ἐξ</span> <span class='ocrx_word' id='word_1_684' title='bbox 2165 3749 2344 3803; x_wconf 78' lang='grc' dir='ltr'>αὐτῶν</span> <span class='ocrx_word' id='word_1_685' title='bbox 2374 3749 2596 3819; x_wconf 84' lang='grc' dir='ltr'>ὀνόματι</span> <span class='ocrx_word' id='word_1_686' title='bbox 2626 3749 2890 3817; x_wconf 71' lang='grc' dir='ltr'>Ἄγαϐος,</span> <span class='ocrx_word' id='word_1_687' title='bbox 2928 3749 3169 3819; x_wconf 68' lang='grc' dir='ltr'>έσήμανε</span> <span class='ocrx_word' id='word_1_688' title='bbox 3201 3747 3288 3800; x_wconf 84' lang='grc' dir='ltr'>διὰ</span> <span class='ocrx_word' id='word_1_689' title='bbox 3322 3748 3414 3800; x_wconf 85' lang='grc' dir='ltr'><strong>τοῦ</strong></span> <span class='ocrx_word' id='word_1_690' title='bbox 3463 3745 3636 3798; x_wconf 86' lang='grc' dir='ltr'>Πνεύ-</span> 
     </span>
    </p>
   </div>
   <div class='ocr_carea' id='block_1_97' title="bbox 2071 3834 3636 3910">
    <p class='ocr_par' dir='ltr' id='par_1_97' title="bbox 2071 3834 3636 3910">
     <span class='ocr_line' id='line_1_97' title="bbox 2071 3834 3636 3910; baseline -0.004 -17"><span class='ocrx_word' id='word_1_691' title='bbox 2071 3856 2262 3910; x_wconf 86' lang='grc' dir='ltr'>ματος,</span> <span class='ocrx_word' id='word_1_692' title='bbox 2298 3839 2456 3909; x_wconf 80' lang='grc' dir='ltr'>λιμὸν</span> <span class='ocrx_word' id='word_1_693' title='bbox 2482 3838 2654 3908; x_wconf 86' lang='grc' dir='ltr'>μέγαν</span> <span class='ocrx_word' id='word_1_694' title='bbox 2708 3837 2927 3908; x_wconf 86' lang='grc' dir='ltr'>μέλλειν</span> <span class='ocrx_word' id='word_1_695' title='bbox 2968 3836 3188 3890; x_wconf 78' lang='grc' dir='ltr'>ἔσεσθαι</span> <span class='ocrx_word' id='word_1_696' title='bbox 3244 3837 3340 3903; x_wconf 78' lang='grc' dir='ltr'><strong>ἐφ’</strong></span> <span class='ocrx_word' id='word_1_697' title='bbox 3371 3835 3498 3904; x_wconf 81' lang='grc' dir='ltr'>ὃλην</span> <span class='ocrx_word' id='word_1_698' title='bbox 3535 3834 3636 3904; x_wconf 76' lang='grc' dir='ltr'>τὴν</span> 
     </span>
    </p>
   </div>
   <div class='ocr_carea' id='block_1_98' title="bbox 2065 3927 3634 4001">
    <p class='ocr_par' dir='ltr' id='par_1_98' title="bbox 2065 3927 3634 4001">
     <span class='ocr_line' id='line_1_98' title="bbox 2065 3927 3634 4001; baseline -0.004 -17"><span class='ocrx_word' id='word_1_699' title='bbox 2065 3931 2390 4001; x_wconf 84' lang='grc' dir='ltr'>οίκουμένην</span> <span class='ocrx_word' id='word_1_700' title='bbox 2412 3946 2427 3962; x_wconf 77' lang='grc' dir='ltr'><strong><em>ο</em></strong></span> <span class='ocrx_word' id='word_1_701' title='bbox 2459 3931 2607 3992; x_wconf 85' lang='grc' dir='ltr'>ὅστις</span> <span class='ocrx_word' id='word_1_702' title='bbox 2627 3930 2720 3982; x_wconf 78' lang='grc' dir='ltr'>καὶ</span> <span class='ocrx_word' id='word_1_703' title='bbox 2746 3928 2966 3997; x_wconf 83' lang='grc' dir='ltr'>ἐγένετο</span> <span class='ocrx_word' id='word_1_704' title='bbox 2998 3927 3090 3981; x_wconf 74' lang='grc' dir='ltr'><strong>ἐπὶ</strong></span> <span class='ocrx_word' id='word_1_705' title='bbox 3109 3927 3378 3982; x_wconf 84' lang='grc' dir='ltr'>Κλαυδίου</span> <span class='ocrx_word' id='word_1_706' title='bbox 3423 3927 3634 3980; x_wconf 87' lang='grc' dir='ltr'>Καίσα-</span> 
     </span>
    </p>
   </div>
   <div class='ocr_carea' id='block_1_99' title="bbox 2069 4023 3631 4098">
    <p class='ocr_par' dir='ltr' id='par_1_99' title="bbox 2069 4023 3631 4098">
     <span class='ocr_line' id='line_1_99' title="bbox 2069 4023 3631 4098; baseline -0.003 -19"><span class='ocrx_word' id='word_1_707' title='bbox 2069 4044 2177 4098; x_wconf 88' lang='grc' dir='ltr'>ρος.</span> <span class='ocrx_word' id='word_1_708' title='bbox 2210 4025 2330 4079; x_wconf 84' lang='grc' dir='ltr'><strong>Τῶν</strong></span> <span class='ocrx_word' id='word_1_709' title='bbox 2357 4026 2413 4079; x_wconf 81' lang='grc' dir='ltr'>δὲ</span> <span class='ocrx_word' id='word_1_710' title='bbox 2446 4025 2704 4095; x_wconf 86' lang='grc' dir='ltr'>μαθητῶν</span> <span class='ocrx_word' id='word_1_711' title='bbox 2741 4025 2925 4089; x_wconf 88' lang='grc' dir='ltr'>καθὼς</span> <span class='ocrx_word' id='word_1_712' title='bbox 2950 4025 3243 4097; x_wconf 81' lang='grc' dir='ltr'>ηὐπορεῖτό</span> <span class='ocrx_word' id='word_1_713' title='bbox 3300 4042 3383 4086; x_wconf 88' lang='grc' dir='ltr'><strong>τις</strong></span> <span class='ocrx_word' id='word_1_714' title='bbox 3422 4023 3631 4094; x_wconf 84' lang='grc' dir='ltr'>ὥρισαν</span> 
     </span>
    </p>
   </div>
   <div class='ocr_carea' id='block_1_100' title="bbox 2063 4116 3632 4187">
    <p class='ocr_par' dir='ltr' id='par_1_100' title="bbox 2063 4116 3632 4187">
     <span class='ocr_line' id='line_1_100' title="bbox 2063 4116 3632 4187; baseline -0.003 -15"><span class='ocrx_word' id='word_1_715' title='bbox 2063 4119 2295 4182; x_wconf 74' lang='grc' dir='ltr'>ἕκαστος</span> <span class='ocrx_word' id='word_1_716' title='bbox 2323 4116 2506 4170; x_wconf 77' lang='grc' dir='ltr'>αὐτῶν</span> <span class='ocrx_word' id='word_1_717' title='bbox 2540 4119 2620 4179; x_wconf 87' lang='grc' dir='ltr'><strong>είς</strong></span> <span class='ocrx_word' id='word_1_718' title='bbox 2650 4117 2930 4171; x_wconf 87' lang='grc' dir='ltr'>διακονίαν</span> <span class='ocrx_word' id='word_1_719' title='bbox 2959 4116 3174 4187; x_wconf 77' lang='grc' dir='ltr'>πέμψαι</span> <span class='ocrx_word' id='word_1_720' title='bbox 3207 4118 3320 4180; x_wconf 82' lang='grc' dir='ltr'>τοῖς</span> <span class='ocrx_word' id='word_1_721' title='bbox 3349 4116 3632 4170; x_wconf 87' lang='grc' dir='ltr'>κατοικοῦ-</span> 
     </span>
    </p>
   </div>
   <div class='ocr_carea' id='block_1_101' title="bbox 2065 4205 3633 4277">
    <p class='ocr_par' dir='ltr' id='par_1_101' title="bbox 2065 4205 3633 4277">
     <span class='ocr_line' id='line_1_101' title="bbox 2065 4205 3633 4277; baseline 0.001 -20"><span class='ocrx_word' id='word_1_722' title='bbox 2065 4221 2152 4258; x_wconf 92' lang='grc' dir='ltr'><strong>σιν</strong></span> <span class='ocrx_word' id='word_1_723' title='bbox 2184 4205 2242 4258; x_wconf 86' lang='grc' dir='ltr'>ἐν</span> <span class='ocrx_word' id='word_1_724' title='bbox 2271 4207 2338 4276; x_wconf 82' lang='grc' dir='ltr'>τῇ</span> <span class='ocrx_word' id='word_1_725' title='bbox 2373 4205 2614 4277; x_wconf 78' lang='grc' dir='ltr'>Ἰουδαίᾳ</span> <span class='ocrx_word' id='word_1_726' title='bbox 2643 4205 2892 4273; x_wconf 81' lang='grc' dir='ltr'>ἀδελφοῖς</span> <span class='ocrx_word' id='word_1_727' title='bbox 2913 4222 2926 4236; x_wconf 88' lang='grc'><strong>·</strong></span> <span class='ocrx_word' id='word_1_728' title='bbox 2964 4206 2993 4258; x_wconf 86' lang='grc' dir='ltr'><strong>δ</strong></span> <span class='ocrx_word' id='word_1_729' title='bbox 3041 4207 3134 4259; x_wconf 79' lang='grc' dir='ltr'>καὶ</span> <span class='ocrx_word' id='word_1_730' title='bbox 3170 4205 3450 4276; x_wconf 78' lang='grc' dir='ltr'>ἐποίησαν,</span> <span class='ocrx_word' id='word_1_731' title='bbox 3495 4207 3633 4258; x_wconf 83' lang='grc' dir='ltr'>ἀπυ-</span> 
     </span>
    </p>
   </div>
   <div class='ocr_carea' id='block_1_102' title="bbox 2064 4294 3632 4368">
    <p class='ocr_par' dir='ltr' id='par_1_102' title="bbox 2064 4294 3632 4368">
     <span class='ocr_line' id='line_1_102' title="bbox 2064 4294 3632 4368; baseline 0.001 -18"><span class='ocrx_word' id='word_1_732' title='bbox 2064 4297 2372 4360; x_wconf 86' lang='grc' dir='ltr'>στείλαντες</span> <span class='ocrx_word' id='word_1_733' title='bbox 2401 4295 2536 4366; x_wconf 73' lang='grc' dir='ltr'>πρὸς</span> <span class='ocrx_word' id='word_1_734' title='bbox 2566 4297 2695 4360; x_wconf 80' lang='grc' dir='ltr'>τοὺς</span> <span class='ocrx_word' id='word_1_735' title='bbox 2740 4295 3147 4367; x_wconf 88' lang='grc' dir='ltr'>πρεσϐυτέρους</span> <span class='ocrx_word' id='word_1_736' title='bbox 3165 4294 3254 4365; x_wconf 77' lang='grc' dir='ltr'>διὰ</span> <span class='ocrx_word' id='word_1_737' title='bbox 3280 4297 3458 4368; x_wconf 77' lang='grc' dir='ltr'>χειρὸς</span> <span class='ocrx_word' id='word_1_738' title='bbox 3487 4297 3632 4366; x_wconf 60' lang='lat' dir='ltr'><strong>Bap-</strong></span> 
     </span>
    </p>
   </div>
   <div class='ocr_carea' id='block_1_103' title="bbox 1980 4386 2576 4468">
    <p class='ocr_par' dir='ltr' id='par_1_103' title="bbox 1980 4386 2576 4468">
     <span class='ocr_line' id='line_1_103' title="bbox 1980 4386 2576 4468; baseline -0.005 -24"><span class='ocrx_word' id='word_1_739' title='bbox 1980 4408 2036 4468; x_wconf 69' lang='grc' dir='ltr'><strong><em>Β</em></strong></span> <span class='ocrx_word' id='word_1_740' title='bbox 2063 4387 2201 4446; x_wconf 89' lang='grc' dir='ltr'>νάϐα</span> <span class='ocrx_word' id='word_1_741' title='bbox 2230 4390 2324 4442; x_wconf 77' lang='grc' dir='ltr'><strong>καὶ</strong></span> <span class='ocrx_word' id='word_1_742' title='bbox 2351 4386 2576 4441; x_wconf 85' lang='grc' dir='ltr'>Σαύλου.</span> 
     </span>
    </p>
   </div>
   <div class='ocr_carea' id='block_1_104' title="bbox 2672 4474 3049 4529">
    <p class='ocr_par' dir='ltr' id='par_1_104' title="bbox 2672 4474 3049 4529">
     <span class='ocr_line' id='line_1_104' title="bbox 2672 4474 3049 4529; baseline 0.003 -1"><span class='ocrx_word' id='word_1_743' title='bbox 2672 4474 3049 4529; x_wconf 79' lang='lat' dir='ltr'><strong>EPMHNEIA.</strong></span> 
     </span>
    </p>
   </div>
   <div class='ocr_carea' id='block_1_105' title="bbox 2132 4565 3629 4639">
    <p class='ocr_par' dir='ltr' id='par_1_105' title="bbox 2132 4565 3629 4639">
     <span class='ocr_line' id='line_1_105' title="bbox 2132 4565 3629 4639; baseline -0.001 -19"><span class='ocrx_word' id='word_1_744' title='bbox 2132 4568 2296 4630; x_wconf 82' lang='grc' dir='ltr'>Ἴσως</span> <span class='ocrx_word' id='word_1_745' title='bbox 2320 4565 2410 4620; x_wconf 80' lang='grc' dir='ltr'><strong>διὰ</strong></span> <span class='ocrx_word' id='word_1_746' title='bbox 2431 4565 2492 4619; x_wconf 79' lang='grc' dir='ltr'>τὸ</span> <span class='ocrx_word' id='word_1_747' title='bbox 2519 4565 2594 4633; x_wconf 69' lang='grc' dir='ltr'>μὴ</span> <span class='ocrx_word' id='word_1_748' title='bbox 2625 4565 2821 4620; x_wconf 79' lang='grc' dir='ltr'>είδέναι</span> <span class='ocrx_word' id='word_1_749' title='bbox 2850 4565 3128 4639; x_wconf 80' lang='grc' dir='ltr'>Ἐϐραϊστὶ</span> <span class='ocrx_word' id='word_1_750' title='bbox 3153 4566 3354 4633; x_wconf 76' lang='grc' dir='ltr'>λαλεῖν,</span> <span class='ocrx_word' id='word_1_751' title='bbox 3386 4567 3629 4637; x_wconf 80' lang='grc' dir='ltr'>Ἐλληνι-</span> 
     </span>
    </p>
   </div>
   <div class='ocr_carea' id='block_1_106' title="bbox 2057 4655 3630 4726">
    <p class='ocr_par' dir='ltr' id='par_1_106' title="bbox 2057 4655 3630 4726">
     <span class='ocr_line' id='line_1_106' title="bbox 2057 4655 3630 4726; baseline 0.001 -16"><span class='ocrx_word' id='word_1_752' title='bbox 2057 4655 2189 4719; x_wconf 84' lang='grc' dir='ltr'>στὰς</span> <span class='ocrx_word' id='word_1_753' title='bbox 2209 4655 2456 4710; x_wconf 78' lang='grc' dir='ltr'>ἐκάλουν.</span> <span class='ocrx_word' id='word_1_754' title='bbox 2474 4655 2728 4710; x_wconf 85' lang='grc' dir='ltr'>Ἐλάλουν</span> <span class='ocrx_word' id='word_1_755' title='bbox 2753 4656 2934 4712; x_wconf 90' lang='grc' dir='ltr'>τοίνυν</span> <span class='ocrx_word' id='word_1_756' title='bbox 2958 4656 3052 4710; x_wconf 73' lang='grc' dir='ltr'><strong>καὶ</strong></span> <span class='ocrx_word' id='word_1_757' title='bbox 3079 4657 3214 4726; x_wconf 63' lang='grc' dir='ltr'>πρὸς</span> <span class='ocrx_word' id='word_1_758' title='bbox 3241 4658 3437 4720; x_wconf 82' lang='grc' dir='ltr'>αὐτοὺς</span> <span class='ocrx_word' id='word_1_759' title='bbox 3463 4658 3630 4725; x_wconf 83' lang='grc' dir='ltr'>εύαγ-</span> 
     </span>
    </p>
   </div>
   <div class='ocr_carea' id='block_1_107' title="bbox 2056 4745 3626 4817">
    <p class='ocr_par' dir='ltr' id='par_1_107' title="bbox 2056 4745 3626 4817">
     <span class='ocr_line' id='line_1_107' title="bbox 2056 4745 3626 4817; baseline 0.003 -18"><span class='ocrx_word' id='word_1_760' title='bbox 2056 4745 2394 4817; x_wconf 80' lang='grc' dir='ltr'>γελιζόμενοι</span> <span class='ocrx_word' id='word_1_761' title='bbox 2417 4746 2508 4798; x_wconf 80' lang='grc' dir='ltr'>τὸν</span> <span class='ocrx_word' id='word_1_762' title='bbox 2535 4745 2738 4814; x_wconf 89' lang='grc' dir='ltr'>Κύριον</span> <span class='ocrx_word' id='word_1_763' title='bbox 2770 4745 2998 4816; x_wconf 79' lang='grc' dir='ltr'>Ἰησοῦν,</span> <span class='ocrx_word' id='word_1_764' title='bbox 3025 4748 3117 4800; x_wconf 69' lang='grc' dir='ltr'><strong>καὶ</strong></span> <span class='ocrx_word' id='word_1_765' title='bbox 3145 4747 3425 4801; x_wconf 80' lang='grc' dir='ltr'>ἐπίστευον</span> <span class='ocrx_word' id='word_1_766' title='bbox 3450 4747 3626 4803; x_wconf 78' lang='grc' dir='ltr'>ἄπαν-</span> 
     </span>
    </p>
   </div>
   <div class='ocr_carea' id='block_1_108' title="bbox 2055 4833 3619 4908">
    <p class='ocr_par' dir='ltr' id='par_1_108' title="bbox 2055 4833 3619 4908">
     <span class='ocr_line' id='line_1_108' title="bbox 2055 4833 3619 4908; baseline -0.001 -18"><span class='ocrx_word' id='word_1_767' title='bbox 2055 4854 2170 4902; x_wconf 83' lang='grc' dir='ltr'>τες,</span> <span class='ocrx_word' id='word_1_768' title='bbox 2218 4836 2430 4906; x_wconf 77' lang='grc' dir='ltr'>ἐπειδὴ,</span> <span class='ocrx_word' id='word_1_769' title='bbox 2466 4836 2621 4904; x_wconf 78' lang='grc' dir='ltr'>φησὶ,</span> <span class='ocrx_word' id='word_1_770' title='bbox 2661 4852 2680 4887; x_wconf 84' lang='lat' dir='ltr'><strong>t</strong></span> <span class='ocrx_word' id='word_1_771' title='bbox 2714 4837 2839 4907; x_wconf 69' lang='grc' dir='ltr'>χεὶρ</span> <span class='ocrx_word' id='word_1_772' title='bbox 2869 4837 3075 4906; x_wconf 89' lang='grc' dir='ltr'>Κυρίου</span> <span class='ocrx_word' id='word_1_773' title='bbox 3107 4833 3176 4906; x_wconf 82' lang='grc' dir='ltr'>ἦν</span> <span class='ocrx_word' id='word_1_774' title='bbox 3207 4837 3328 4908; x_wconf 78' lang='grc' dir='ltr'>μετ’</span> <span class='ocrx_word' id='word_1_775' title='bbox 3360 4837 3562 4902; x_wconf 82' lang='grc' dir='ltr'>αὐτῶν,</span> <span class='ocrx_word' id='word_1_776' title='bbox 3599 4855 3619 4888; x_wconf 75' lang='grc' dir='ltr'><strong>ι</strong></span> 
     </span>
    </p>
   </div>
   <div class='ocr_carea' id='block_1_109' title="bbox 2056 4927 3620 5000">
    <p class='ocr_par' dir='ltr' id='par_1_109' title="bbox 2056 4927 3620 5000">
     <span class='ocr_line' id='line_1_109' title="bbox 2056 4927 3620 5000; baseline 0 -20"><span class='ocrx_word' id='word_1_777' title='bbox 2056 4927 2303 4981; x_wconf 84' lang='grc' dir='ltr'>τουτέστι</span> <span class='ocrx_word' id='word_1_778' title='bbox 2348 4928 2550 4997; x_wconf 87' lang='grc' dir='ltr'>σημεῖα</span> <span class='ocrx_word' id='word_1_779' title='bbox 2592 4927 2903 4996; x_wconf 74' lang='grc' dir='ltr'>ἐργάζοντο.</span> <span class='ocrx_word' id='word_1_780' title='bbox 2942 4927 3045 4981; x_wconf 80' lang='grc' dir='ltr'><strong>Διὰ</strong></span> <span class='ocrx_word' id='word_1_781' title='bbox 3087 4928 3244 4982; x_wconf 90' lang='grc' dir='ltr'>τοῦτο</span> <span class='ocrx_word' id='word_1_782' title='bbox 3285 4930 3395 5000; x_wconf 76' lang='grc' dir='ltr'>γὰρ</span> <span class='ocrx_word' id='word_1_783' title='bbox 3436 4931 3472 4998; x_wconf 80' lang='grc' dir='ltr'><strong>ἠ</strong></span> <span class='ocrx_word' id='word_1_784' title='bbox 3511 4929 3620 4982; x_wconf 85' lang='grc' dir='ltr'>τῶν</span> 
     </span>
    </p>
   </div>
   <div class='ocr_carea' id='block_1_110' title="bbox 2059 5015 3624 5089">
    <p class='ocr_par' dir='ltr' id='par_1_110' title="bbox 2059 5015 3624 5089">
     <span class='ocr_line' id='line_1_110' title="bbox 2059 5015 3624 5089; baseline -0.001 -17"><span class='ocrx_word' id='word_1_785' title='bbox 2059 5019 2299 5089; x_wconf 85' lang='grc' dir='ltr'>σημείων</span> <span class='ocrx_word' id='word_1_786' title='bbox 2320 5019 2530 5089; x_wconf 79' lang='grc' dir='ltr'>ἀνάγκη</span> <span class='ocrx_word' id='word_1_787' title='bbox 2572 5018 2814 5087; x_wconf 82' lang='grc' dir='ltr'>γέγονεν,</span> <span class='ocrx_word' id='word_1_788' title='bbox 2836 5019 2922 5072; x_wconf 87' lang='grc' dir='ltr'><strong>ἵνα</strong></span> <span class='ocrx_word' id='word_1_789' title='bbox 2946 5018 3330 5072; x_wconf 81' lang='grc' dir='ltr'>πιστεύσωσιν.</span> <span class='ocrx_word' id='word_1_790' title='bbox 3357 5038 3376 5071; x_wconf 77' lang='grc' dir='ltr'><strong>ι</strong></span> <span class='ocrx_word' id='word_1_791' title='bbox 3402 5021 3526 5073; x_wconf 86' lang='grc' dir='ltr'>Ὅτι</span> <span class='ocrx_word' id='word_1_792' title='bbox 3553 5015 3624 5089; x_wconf 80' lang='grc' dir='ltr'>ἦν</span> 
     </span>
    </p>
   </div>
   <div class='ocr_carea' id='block_1_111' title="bbox 2055 5109 3619 5181">
    <p class='ocr_par' dir='ltr' id='par_1_111' title="bbox 2055 5109 3619 5181">
     <span class='ocr_line' id='line_1_111' title="bbox 2055 5109 3619 5181; baseline -0.001 -17"><span class='ocrx_word' id='word_1_793' title='bbox 2055 5111 2199 5181; x_wconf 81' lang='grc' dir='ltr'>ἁνήρ</span> <span class='ocrx_word' id='word_1_794' title='bbox 2217 5109 2439 5176; x_wconf 82' lang='grc' dir='ltr'>ἀγαθός.</span> <span class='ocrx_word' id='word_1_795' title='bbox 2456 5129 2473 5162; x_wconf 79' lang='grc' dir='ltr'><strong>ι</strong></span> <span class='ocrx_word' id='word_1_796' title='bbox 2495 5110 2609 5163; x_wconf 82' lang='grc' dir='ltr'><strong>Οὐκ</strong></span> <span class='ocrx_word' id='word_1_797' title='bbox 2633 5110 2935 5164; x_wconf 85' lang='grc' dir='ltr'>ἀντίκειται</span> <span class='ocrx_word' id='word_1_798' title='bbox 2952 5109 3108 5163; x_wconf 88' lang='grc' dir='ltr'>τοῦτο</span> <span class='ocrx_word' id='word_1_799' title='bbox 3131 5110 3229 5179; x_wconf 82' lang='grc' dir='ltr'><strong>τῷ,</strong></span> <span class='ocrx_word' id='word_1_800' title='bbox 3244 5129 3262 5161; x_wconf 80' lang='grc' dir='ltr'><strong>ι</strong></span> <span class='ocrx_word' id='word_1_801' title='bbox 3285 5110 3472 5173; x_wconf 69' lang='grc' dir='ltr'>Οὐδεὶς</span> <span class='ocrx_word' id='word_1_802' title='bbox 3484 5112 3619 5177; x_wconf 79' lang='grc' dir='ltr'>ἀγα-</span> 
     </span>
    </p>
   </div>
   <div class='ocr_carea' id='block_1_112' title="bbox 2061 5192 3646 5270">
    <p class='ocr_par' dir='ltr' id='par_1_112' title="bbox 2061 5192 3646 5270">
     <span class='ocr_line' id='line_1_112' title="bbox 2061 5192 3646 5270; baseline -0.001 -18"><span class='ocrx_word' id='word_1_803' title='bbox 2061 5198 2173 5263; x_wconf 79' lang='grc' dir='ltr'>θὸς,</span> <span class='ocrx_word' id='word_1_804' title='bbox 2205 5199 2254 5252; x_wconf 84' lang='grc' dir='ltr'>εί</span> <span class='ocrx_word' id='word_1_805' title='bbox 2285 5198 2360 5268; x_wconf 85' lang='grc' dir='ltr'>μὴ</span> <span class='ocrx_word' id='word_1_806' title='bbox 2395 5199 2551 5267; x_wconf 80' lang='grc' dir='ltr'>μόνος</span> <span class='ocrx_word' id='word_1_807' title='bbox 2579 5200 2607 5251; x_wconf 87' lang='lat'><strong>6</strong></span> <span class='ocrx_word' id='word_1_808' title='bbox 2637 5198 2788 5261; x_wconf 83' lang='grc' dir='ltr'>Θεός.</span> <span class='ocrx_word' id='word_1_809' title='bbox 2830 5218 2849 5252; x_wconf 76' lang='grc' dir='ltr'><strong>ι</strong></span> <span class='ocrx_word' id='word_1_810' title='bbox 2875 5200 2948 5252; x_wconf 69' lang='lat' dir='ltr'><strong>Oti</strong></span> <span class='ocrx_word' id='word_1_811' title='bbox 2967 5199 3074 5270; x_wconf 80' lang='grc' dir='ltr'>γὰρ</span> <span class='ocrx_word' id='word_1_812' title='bbox 3099 5199 3292 5252; x_wconf 81' lang='grc' dir='ltr'>ταύτόν</span> <span class='ocrx_word' id='word_1_813' title='bbox 3323 5201 3458 5264; x_wconf 78' lang='grc' dir='ltr'>ἐστι,</span> <span class='ocrx_word' id='word_1_814' title='bbox 3487 5192 3646 5267; x_wconf 49' lang='grc' dir='ltr'>Θεὺνέ</span> 
     </span>
    </p>
   </div>
   <div class='ocr_carea' id='block_1_113' title="bbox 2059 5287 3613 5360">
    <p class='ocr_par' dir='ltr' id='par_1_113' title="bbox 2059 5287 3613 5360">
     <span class='ocr_line' id='line_1_113' title="bbox 2059 5287 3613 5360; baseline -0.001 -18"><span class='ocrx_word' id='word_1_815' title='bbox 2059 5289 2219 5358; x_wconf 91' lang='grc' dir='ltr'>μόνον</span> <span class='ocrx_word' id='word_1_816' title='bbox 2265 5289 2466 5356; x_wconf 79' lang='grc' dir='ltr'>ἀγαθὸν</span> <span class='ocrx_word' id='word_1_817' title='bbox 2511 5287 2680 5355; x_wconf 76' lang='grc' dir='ltr'>εἶναι,</span> <span class='ocrx_word' id='word_1_818' title='bbox 2737 5289 2830 5343; x_wconf 69' lang='grc' dir='ltr'>καὶ</span> <span class='ocrx_word' id='word_1_819' title='bbox 2875 5291 3042 5360; x_wconf 77' lang='grc' dir='ltr'>ἄνδρα</span> <span class='ocrx_word' id='word_1_820' title='bbox 3064 5290 3264 5357; x_wconf 76' lang='grc' dir='ltr'>ἀγαθὸν</span> <span class='ocrx_word' id='word_1_821' title='bbox 3331 5291 3613 5359; x_wconf 74' lang='grc' dir='ltr'>ὑπάρχειν.</span> 
     </span>
    </p>
   </div>
   <div class='ocr_carea' id='block_1_114' title="bbox 2069 5378 3614 5451">
    <p class='ocr_par' dir='ltr' id='par_1_114' title="bbox 2069 5378 3614 5451">
     <span class='ocr_line' id='line_1_114' title="bbox 2069 5378 3614 5451; baseline 0.003 -18"><span class='ocrx_word' id='word_1_822' title='bbox 2069 5378 2128 5433; x_wconf 83' lang='lat'><strong>&#39;0</strong></span> <span class='ocrx_word' id='word_1_823' title='bbox 2163 5379 2260 5449; x_wconf 74' lang='grc' dir='ltr'>μὲν</span> <span class='ocrx_word' id='word_1_824' title='bbox 2291 5379 2396 5449; x_wconf 81' lang='grc' dir='ltr'>γὰρ</span> <span class='ocrx_word' id='word_1_825' title='bbox 2434 5380 2554 5434; x_wconf 78' lang='grc' dir='ltr'>κατ’</span> <span class='ocrx_word' id='word_1_826' title='bbox 2574 5379 2764 5434; x_wconf 80' lang='grc' dir='ltr'>οὐσίαν</span> <span class='ocrx_word' id='word_1_827' title='bbox 2793 5380 2994 5448; x_wconf 79' lang='grc' dir='ltr'>ἀγαθὸς</span> <span class='ocrx_word' id='word_1_828' title='bbox 3027 5381 3297 5451; x_wconf 77' lang='grc' dir='ltr'>ὑπάρχει·</span> <span class='ocrx_word' id='word_1_829' title='bbox 3332 5381 3474 5449; x_wconf 81' lang='grc' dir='ltr'>ἁρχὴ</span> <span class='ocrx_word' id='word_1_830' title='bbox 3507 5380 3614 5448; x_wconf 75' lang='grc' dir='ltr'><strong>γὰρ</strong></span> 
     </span>
    </p>
   </div>
   <div class='ocr_carea' id='block_1_115' title="bbox 2054 5467 3610 5543">
    <p class='ocr_par' dir='ltr' id='par_1_115' title="bbox 2054 5467 3610 5543">
     <span class='ocr_line' id='line_1_115' title="bbox 2054 5467 3610 5543; baseline -0.002 -21"><span class='ocrx_word' id='word_1_831' title='bbox 2054 5472 2146 5522; x_wconf 76' lang='grc' dir='ltr'>καὶ</span> <span class='ocrx_word' id='word_1_832' title='bbox 2187 5469 2335 5539; x_wconf 83' lang='grc' dir='ltr'>πηγὴ</span> <span class='ocrx_word' id='word_1_833' title='bbox 2369 5467 2476 5522; x_wconf 85' lang='grc' dir='ltr'>τῶν</span> <span class='ocrx_word' id='word_1_834' title='bbox 2510 5468 2728 5538; x_wconf 80' lang='grc' dir='ltr'>ἀγαθῶν</span> <span class='ocrx_word' id='word_1_835' title='bbox 2756 5484 2769 5500; x_wconf 86' lang='grc'><em>’</em></span> <span class='ocrx_word' id='word_1_836' title='bbox 2818 5471 2846 5523; x_wconf 84' lang='grc' dir='ltr'><strong>ὁ</strong></span> <span class='ocrx_word' id='word_1_837' title='bbox 2884 5471 2940 5524; x_wconf 75' lang='grc' dir='ltr'><strong>δὲ</strong></span> <span class='ocrx_word' id='word_1_838' title='bbox 2980 5471 3119 5543; x_wconf 81' lang='grc' dir='ltr'>ἀνὴρ</span> <span class='ocrx_word' id='word_1_839' title='bbox 3158 5472 3218 5524; x_wconf 74' lang='grc' dir='ltr'><strong>οὗ</strong></span> <span class='ocrx_word' id='word_1_840' title='bbox 3259 5470 3610 5532; x_wconf 81' lang='grc' dir='ltr'>κατόύσίσν,</span> 
     </span>
    </p>
   </div>
  </div>
