4058 6210
356 279 468 347 953

991 284 1523 348 EXPOSITIONIS
1555 290 1638 350 IN
1678 291 1871 352 ACTA
1893 293 2194 359 TEXTUS
2224 297 2495 361 ALTER.
2518 294 2595 338 ’-
2625 303 2780 364 CAP.
2815 304 2955 365 XII.

3484 307 3591 373 954

360 395 474 450 ἀλλ’
499 395 557 449 ἐν
596 393 860 466 ἀναλήψει
901 395 1104 466 ἀρετῆς
1145 398 1258 467 ἔχει
1297 400 1356 452 τὸ
1396 402 1600 468 ἀγαθὸς
1643 401 1803 461 εῖναι.
1848 410 1913 462 0-:

2029 412 2306 482 peraddita
2334 414 2540 470 virtute
2566 415 2727 470 habet
2762 424 2819 470 ut
2849 417 2920 472 sit
2948 416 3149 483 bonus;
3181 430 3290 471 non
3324 418 3466 471 enim
3497 422 3592 473 ah-

361 488 469 557 γὰρ
505 487 710 550 ἁπλῶς,
747 485 1055 559 [Ἀγαϐδς,]
1099 490 1234 553 ἀλλ’,
1307 493 1469 562 Ἀνὴρ
1503 495 1725 563 ἀγαθός.
1771 518 1790 551 ι
1826 501 1920 564 Εἰς

362 576 516 629 τοῦτο
537 571 630 629 οὖν
648 576 793 648 λήψῃ
821 579 912 634 καὶ
935 579 1016 644 τὸ,
1048 598 1068 658 ι
1106 581 1164 634 '0
1190 581 1392 649 ἀγαθὸς
1417 583 1701 655 ἄνθρωπος
1721 605 1736 619 ο
1771 607 1790 640 ι
1828 591 1923 643 καὶ

360 665 452 726 τὸ,
493 684 512 716 ι
552 665 661 728 Εὖ,
697 666 848 720 δοῦλε
884 669 1057 735 ἀγαθὲ
1091 671 1184 723 καὶ
1217 672 1374 725 πιστὲ
1400 689 1415 704 ο
1459 692 1476 724 ι
1514 676 1608 727 καὶ
1638 679 1706 729 τὰ
1739 678 1919 747 ὃμοια.

362 756 432 824 Er;
443 757 700 824 μειωτέον
722 759 805 811 ὅτι
830 761 864 830 ἡ
889 761 1187 831 Ἀντιόχεια
1212 765 1299 817 διὰ
1320 765 1476 819 τοῦτο
1501 767 1688 837 θρόνου
1715 769 1922 840 ἠξιώθη

361 848 707 917 ἀρχοντικοῦ,
737 851 923 922 ἐπειδὴ
952 853 1068 906 ἐκεῖ
1094 855 1310 926 πρῶτον
1337 857 1711 928 ἐχρημάτισαν
1738 863 1787 915 oi
1820 881 1924 932 μασ

359 936 521 1008 Οηταὶ
556 941 838 995 καλεῖσθαι
871 945 1206 1014 Χριστιανοί.
1239 947 1411 1001 Τοῦτο
1442 950 1497 1003 δὲ
1527 949 1587 1004 τὸ
1617 951 1787 1023 ὄνομα
1823 971 1919 1006 πο·

358 1026 576 1092 λυοεΐας
617 1031 766 1083 ἐστὶν
803 1034 1116 1088 ἀντίπαλον.
1166 1054 1185 1087 ι
1229 1037 1317 1089 Ἐν
1353 1037 1576 1102 ταύταις
1615 1039 1695 1093 δέ.
1745 1059 1763 1092 ι
1809 1043 1924 1096 Οὐκ

359 1119 506 1173 ἔστιν
535 1123 778 1175 ἐναντίον
805 1125 963 1178 τοῦτο
991 1127 1067 1194 τῷ
1102 1128 1206 1180 ὑπὸ
1237 1128 1330 1181 τοῦ
1366 1130 1574 1200 Κυρίου
1607 1132 1881 1204 εἰρημένῳ
1904 1149 1920 1165 ο

365 1230 382 1260 ι
426 1212 484 1264 '0
518 1213 681 1283 νόμος
720 1215 904 1268 xui-oi
945 1217 1258 1287 προφῆται,
1300 1219 1406 1282 ἓως
1437 1220 1531 1274 τοῦ
1569 1223 1814 1277 Ἰωάννου
1842 1240 1857 1255 ο
1897 1242 1914 1275 ι

357 1301 529 1354 Τοῦτο
567 1302 675 1372 γὰρ
719 1305 848 1373 περὶ
888 1303 1112 1359 ἱκεὶνων
1150 1306 1260 1361 τῶν
1306 1309 1630 1377 προφητῶν,
1673 1310 1785 1362 τῶν
1823 1311 1922 1381 τὴν

357 1389 663 1459 παρουσίαν
713 1391 880 1445 αὐτοῦ
931 1393 1664 1464 προαναφωνησάντων.“’1να
1710 1391 1803 1450 οὖν
1847 1397 1922 1468 μὴ

357 1479 668 1547 νομίσωσιν,
697 1482 778 1534 ὃτι
806 1482 895 1535 διὰ
919 1483 1078 1536 τοῦτο
1109 1487 1136 1537 6
1163 1485 1318 1554 λιμὸς
1347 1487 1587 1554 γέγονεν,
1619 1489 1701 1542 ὅτι
1731 1490 1759 1541 6
1784 1490 1920 1560 Χρι-

360 1570 675 1637 στιανισμὸς
718 1573 966 1642 εἰσῆλθε,
1002 1575 1258 1646 προλέγει
1291 1578 1352 1629 τὸ
1389 1579 1612 1650 Πνεῦμα
1647 1582 1706 1634 τὸ
1742 1582 1918 1650 ἆγιον.

2023 504 2200 557 solute
2243 505 2416 561 bonus
2449 505 2676 570 dicitur,
2723 506 2819 560 sed
2859 525 2878 558 ι
2933 505 3029 560 Vir
3068 508 3266 561 bonus.
3305 526 3322 559 ι
3363 509 3592 564 Perinde

2024 593 2186 662 igitur
2209 594 2647 666 intelligasillud,
2675 615 2694 646 ι
2721 593 3028 660 νίιτὺοηιιε,
3059 615 3076 648 ι
3105 611 3166 649 ac
3187 597 3339 661 illud,
3373 616 3390 648 ι
3422 598 3588 666 Euge,

2024 699 2183 740 serve
2245 686 2388 740 bone
2453 696 2507 742 et
2565 687 2736 742 fidelis
2773 689 2858 752 ⁸⁸,
2909 707 2928 739 ι
3006 703 3070 741 ac
3127 689 3350 742 similia.
3409 691 3592 742 Adno-

2023 775 2247 831 tandum
2275 791 2436 842 vero,
2477 778 2667 832 urbem
2698 777 3040 833 Antiochiam
3075 779 3356 847 pontificio
3389 780 3587 834 throno

2023 867 2328 922 decoratam
2376 868 2582 926 fuisse.
2621 871 2876 938 quoniam
2927 870 3057 924 inibi
3104 869 3282 937 primo
3326 877 3587 924 statutum

2022 964 2140 1023 est,
2196 966 2257 1012 ut
2307 959 2557 1028 discipuli
2607 959 3012 1028 appellarentur
3057 959 3394 1012 Christiani:
3444 959 3591 1027 quod

2025 1061 2218 1103 nomen
2251 1049 2612 1120 polytheismo
2637 1065 2667 1105 e
2691 1050 2960 1103 diametro
2991 1049 3331 1104 adversatur.
3365 1067 3382 1100 ‹
3420 1049 3476 1102 ln
3508 1051 3592 1104 his

2025 1147 2204 1193 autem
2234 1139 2448 1194 diehus.
2480 1159 2498 1190 ι
2529 1141 2644 1195 lloc
2673 1141 3008 1196 contrarium
3037 1150 3252 1195 nonest
3284 1141 3358 1194 illi
3392 1142 3592 1195 Christi

2025 1229 2238 1285 Domini
2268 1229 2432 1285 eﬁato
2455 1231 2530 1283 ’τε
2567 1249 2585 1282 ι
2617 1230 2724 1284 Lex
2750 1239 2803 1285 et
2831 1231 3108 1300 prophetae
3133 1245 3306 1298 usque
3328 1230 3392 1283 ad
3426 1229 3590 1284 Joan—

2023 1337 2146 1377 nem
2174 1340 2188 1376 :
2222 1339 2240 1373 ι
2276 1320 2390 1378 Hoc
2418 1323 2562 1378 enim
2594 1337 2690 1378 eos
2716 1329 2927 1392 spectat
2951 1322 3264 1392 prophetas,
3297 1324 3388 1390 qui
3420 1322 3591 1390 ipsius

2023 1412 2317 1469 adventum
2357 1413 2812 1484 praeuuntiarunt.
2862 1412 2939 1470 Ne
2981 1414 3146 1484 igitur
3188 1413 3588 1475 existimarent,

2026 1511 2316 1572 propterea
2381 1503 2578 1558 famem
2641 1503 3081 1572 venisseﬁquia
3143 1501 3592 1558 Christianismus

2025 1604 2244 1652 exortus
2281 1604 2397 1663 est,
2441 1596 2691 1666 praedixit
2733 1597 2880 1650 illam
2917 1596 3151 1664 Spiritus
3197 1601 3440 1648 sanctus.
3476 1593 3590 1646 lloc

356 1657 528 1712 Τοῦτο
557 1661 612 1714 δὲ
643 1662 738 1716 καὶ
769 1665 798 1716 6
827 1664 1059 1734 Χριστὸς
1091 1670 1384 1737 προεῖπεν,
1416 1669 1515 1722 οὐκ
1549 1673 1734 1741 ἐπειδὴ
1764 1673 1913 1726 τοῦτο

2026 1687 2166 1742 idem
2215 1688 2380 1742 etiam
2430 1687 2685 1744 Christus
2744 1687 3241 1756 praenuntiaverat;
3292 1699 3396 1737 non
3445 1682 3588 1752 quod

353 1747 414 1812 ἐξ
457 1751 633 1822 ἀρχῆς
673 1753 926 1821 γενέσθαι
967 1757 1094 1820 ἔδει,
1137 1757 1274 1811 ἀλλὰ
1311 1759 1403 1811 διὰ
1441 1760 1508 1813 τὰ
1551 1762 1698 1816 κακὰ
1734 1765 1801 1818 τὰ
1842 1767 1913 1828 είς

2025 1777 2181 1834 initio
2211 1778 2532 1847 contingere
2565 1745 2865 1848 oporteret,
2896 1775 2989 1830 sed
3022 1783 3245 1844 propter
3279 1774 3439 1834 mala.
3470 1787 3589 1842 qua:

351 1840 478 1903 τοὺς
501 1842 830 1907 ἀποστόλους
856 1847 1125 1915 γενόμενα
1148 1864 1162 1879 ο
1188 1850 1280 1902 καὶ
1308 1850 1683 1922 ὲμακροθύμει
1710 1856 1737 1906 ό
1763 1855 1916 1918 Θεός.

364 1929 452 1991 Ὦς
483 1931 540 1984 δὲ
570 1934 862 1997 ἐνέκειντο,
893 1937 1051 2006 λιμὸς
1084 1938 1260 2008 μέγας
1291 1942 1520 2010 γίνεται,
1559 1946 1778 2015 μηνύων
1806 1951 1919 2010 τοῖς

351 2022 669 2088 ἀποστόλοις
691 2026 736 2058 ’³
766 2026 835 2078 τὰ
866 2028 1098 2098 ἐσόμενα
1131 2032 1295 2086 κακά.
1329 2033 1392 2087 El
1425 2035 1480 2087 δὲ
1511 2036 1579 2088 δι’
1599 2037 1796 2100 αὐτοὺς
1824 2035 1914 2107 ἦν,

351 2110 459 2164 ἔδει
492 2113 710 2179 πάντως
743 2117 836 2170 καὶ
868 2118 997 2172 ὄντα
1033 2120 1346 2178 παύσασθαι
1367 2139 1382 2156 ⁸
1417 2126 1774 2197 εὐδοκιμῆσαι
1808 2131 1918 2200 γὰρ

353 2201 553 2270 μᾶλλον
594 2205 762 2276 ἐχρῆν
801 2209 1020 2273 αὐτοὺς,
1059 2211 1144 2265 ὅτι
1185 2213 1246 2266 τὸ
1288 2215 1466 2269 αὐτῶν
1503 2218 1738 2284 ἐποίουν,
1781 2221 1913 2291 ἀνῄο

355 2309 512 2362 ρουν,
547 2295 832 2365 ἐκόλαζον,
865 2300 1202 2374 ιτιμώρουν,
1239 2305 1504 2360 πάντοθεν
1537 2309 1780 2364 ἐδίωκον.
1818 2313 1915 2364 Διὰ

350 2383 506 2438 τοῦτο
539 2387 719 2442 τοίνυν
752 2392 846 2444 καὶ
877 2389 1034 2462 λιμὸς
1068 2395 1290 2463 γέγονεν
1311 2436 1325 2460 ,
1361 2398 1410 2449 εί
1448 2400 1541 2450 καὶ
1573 2400 1634 2451 οὐ
1671 2401 1915 2470 συνῆκαν

349 2475 397 2526 οἱ
430 2476 694 2541 τάλανεςο
728 2481 822 2533 καὶ
857 2483 1198 2554 συνέκασχον
1226 2485 1408 2550 αὐτοῖς
1439 2489 1519 2551 είς
1549 2489 1707 2542 τοῦτο
1740 2493 1832 2544 καὶ
1865 2495 1914 2546 οἰ

348 2565 683 2636 Χριστιανοί.
720 2589 740 2623 ι
788 2573 1233 2638 Δποστείλαντες.
1271 2595 1289 2628 ι
1322 2579 1682 2646 Σημειωτέον,
1709 2582 1790 2635 ὅτι
1821 2583 1914 2635 καὶ

296 2735 300 2740 .
349 2658 736 2729 πρεσϐυτέρων
782 2658 929 2733 εἶχον
973 2663 1190 2734 ἀξίωμα
1238 2667 1287 2719 οἱ
1334 2667 1664 2722 ἀπόστολοι*
1716 2671 1811 2726 καὶ
1857 2673 1915 2725 ἐν

347 2745 492 2816 ἄλλῳ
531 2750 586 2802 δὲ
630 2753 908 2822 κεφαλαίῳ
955 2757 1354 2825 σεσημείωται,
1396 2757 1479 2812 ὄτι
1520 2759 1783 2814 διακόνων
1822 2763 1913 2816 καὶ

349 2837 618 2910 πρεσϐυτέ
631 2857 738 2912 ρων
766 2837 910 2912 εἶχον
942 2843 1168 2914 βαομόν.
1278 2913 1280 2916 ν

929 3120 1181 3175 ΚΕΦΔΔ.
1223 3120 1322 3175 IZ'.

359 3206 624 3262 Ἰακώϐου
650 3208 756 3262 τοῦ
782 3208 1129 3264 ἀποστόλου
1157 3211 1536 3281 κατασφαγὴ,
1564 3213 1662 3266 καὶ
1687 3215 1910 3280 Πέτρου

415 3298 728 3366 σύλληψις
756 3298 906 3366 πρὸς
933 3299 1192 3367 Ἡρώδου
1213 3317 1228 3332 ⁸
1257 3301 1416 3366 ὅπως
1441 3319 1505 3355 τε
1532 3304 1720 3357 αὑτὸν
1744 3307 1778 3358 ὁ
1805 3305 1911 3372 ἄγ’-

413 3391 588 3457 γελος
627 3389 795 3455 θείως
833 3390 1104 3455 ἐξείλατο
1136 3390 1256 3444 τῶν
1286 3393 1554 3459 είρκτῶν,
1588 3394 1685 3448 καὶ
1729 3398 1762 3450 ὁ
1797 3396 1908 3449 Πέ-

412 3493 550 3545 τρος
594 3478 869 3546 ἐμφανὴς
919 3481 1241 3549 γενόμενος
1284 3483 1515 3551 νύκτωρ
1560 3483 1683 3550 τοῖς
1733 3484 1910 3539 ἀδελ-

415 3566 570 3636 φοῖς,
604 3569 1091 3638 ὑπανεχώρησεν.

693 3657 783 3728 Τῷ
814 3659 1073 3714 Σαϐϐάτω
1097 3661 1197 3730 τῆς
1225 3663 1266 3714 δ’
1291 3662 1603 3734 ἑϐδομάδος.

933 3753 1320 3808 KEIMENUN.

413 3840 551 3893 Κατ’
576 3841 782 3895 ἐκεῖνον
826 3841 882 3894 δὲ
923 3843 1016 3896 τὸν
1059 3844 1249 3913 καιρὸν
1292 3845 1556 3899 ἐπέϐαλεν
1595 3846 1841 3920 Ἡρώδης
1882 3850 1911 3902 6

345 3930 598 4000 βασιλεὺς
640 3932 739 3995 τὰς
783 3934 974 4004 χεῖρας
1019 3934 1270 3987 κακῶσαί
1309 3953 1459 3999 τινας
1501 3936 1610 3989 τῶν
1661 3938 1770 3991 ἀπὸ
1811 3941 1912 4009 τῆς

355 4019 700 4093 Ἐκκλησίας.
739 4023 940 4075 Ἀνεῖλε
971 4023 1028 4075 δὲ
1063 4023 1322 4076 Ἰάκωϐον
1349 4025 1440 4077 τὸν
1463 4025 1693 4094 ἀδελφὸν
1729 4027 1910 4082 ’ῐωάν-

342 4128 434 4163 νου
478 4114 742 4184 μαχαίρᾳ.
784 4115 894 4166 Καὶ
939 4114 1063 4168 ίδὼν
1097 4117 1180 4169 ὅτι
1219 4117 1445 4187 ἀρεστόν
1481 4119 1594 4172 ἐστι
1626 4122 1740 4183 τοῖς
1773 4121 1909 4173 ’1ου-

341 4205 540 4273 δαίοις,
576 4210 874 4279 προσέθετο
909 4209 1192 4263 συλλαϐεῖν
1225 4211 1319 4263 καὶ
1352 4211 1579 4280 Πέτρον.
1616 4207 1820 4282 (ἾΙσαν
1852 4213 1911 4267 δὲ

343 4297 398 4348 αἱ
437 4297 641 4368 ἡμέραι
673 4298 781 4351 τῶν
816 4299 1086 4370 Ἀζύμων)
1109 4316 1123 4328 ·
1163 4300 1222 4354 ὃν
1257 4301 1351 4354 κα)⁸
1395 4303 1594 4366 πιάσας
1637 4302 1789 4357 ἑοετο
1829 4306 1909 4368 είς

343 4386 611 4460 φυλακὴν,
640 4389 914 4459 παραδοὺς
941 4391 1205 4462 τέσσαρσι
1234 4392 1532 4462 τετραδίοις
1559 4395 1907 4465 στρατιωτῶν

342 4478 637 4546 φυλάσσειν
664 4481 847 4546 αὑτὸν,
878 4481 1198 4553 βουλόμενος
1230 4484 1366 4553 μετὰ
1390 4485 1451 4538 τὸ
1482 4485 1672 4557 Πάσχα
1699 4486 1906 4554 ἀναγα-

340 4569 458 4634 γεῖν
493 4567 655 4621 αὑτὸν
687 4568 764 4640 τῷ
801 4570 933 4640 λαῷ.
965 4572 1022 4625 Ὀ
1063 4573 1164 4642 μὲν
1195 4570 1288 4627 οὖν
1322 4574 1525 4646 Πέτρος
1564 4577 1808 4647 ἐτηρεῖτο
1851 4581 1908 4631 ὲν

341 4660 404 4728 τῇ
446 4660 698 4731 φυλακῇ·
736 4663 1010 4736 προσευχὴ
1049 4664 1109 4716 δὲ
1144 4659 1213 4735 ἦν
1246 4667 1469 4737 ὲκτενὴς
1505 4668 1764 4738 γινομένη
1804 4669 1908 4722 ὑπὸ

338 4749 434 4818 τῆς
469 4751 799 4823 Ἐκκλησίας
835 4753 974 4822 πρὸς
1008 4753 1099 4806 τὸν
1131 4755 1262 4808 Θεὸν
1299 4756 1440 4826 ὑπὲρ
1473 4758 1660 4811 αὑτοῦ.
1686 4759 1814 4812 "Ore
1849 4759 1907 4812 δὲ

340 4837 564 4906 ἔμελλεν
593 4843 755 4897 αὐτὸν
784 4843 1046 4914 προάγειν
1074 4846 1102 4898 6
1135 4845 1405 4917 Ἡρώδης,
1439 4849 1505 4917 τῇ
1535 4847 1694 4901 νυκτὶ
1724 4849 1910 4922 ἐκείνῃ

339 4927 404 4995 ἦν
447 4929 475 4980 6
516 4931 721 5002 Πέτρος
764 4933 1105 5006 κοιμώμενος
1149 4937 1352 5006 μεταξὺ
1395 4937 1488 4990 δύο
1535 4938 1904 5007 στρατιωτῶν,

338 5017 620 5087 δεδεμένος
652 5024 872 5078 ἁλύσεσι
905 5026 1023 5080 δυσί
1049 5043 1064 5058 ⁸
1100 5026 1340 5095 φύλακές
1370 5045 1428 5081 τε
1468 5029 1574 5098 πρὸ
1605 5030 1703 5099 τῆς
1737 5030 1906 5100 θύρας

339 5110 568 5180 ἐτήρουν
596 5113 693 5183 τὴν
725 5118 990 5188 φυλακήν.
1029 5120 1136 5172 Καὶ
1168 5120 1277 5173 ἰδοὺ
1306 5121 1535 5189 ἄγγελος
1565 5121 1769 5192 Κυρίου
1803 5123 1902 5174 ἐπ-

337 5202 467 5272 έστη
488 5242 503 5266 ,
538 5205 633 5256 καὶ
663 5206 776 5272 φῶς
815 5208 958 5276 μέγα
989 5209 1227 5278 ἔλαμψεν
1260 5213 1318 5264 ὲν
1347 5213 1424 5282 τῷ
1454 5214 1737 5283 οἰκήματι.
1789 5215 1902 5266 Πα-

335 5289 505 5353 τάξας
545 5291 602 5344 δὲ
639 5293 739 5363 τὴν
777 5294 1017 5365 πλευρὰν
1053 5297 1148 5352 τοῦ
1194 5299 1422 5371 Πέτρου,
1462 5302 1683 5372 ἤγειρεν
1718 5305 1901 5373 αὐτὸν,

387 5469 433 5500 ⁵⁸
469 5465 659 5524 Matth.
711 5485 835 5534 xxv,
878 5470 969 5526 25.
1051 5473 1096 5505 ⁸⁷
1146 5474 1334 5532 Matth.
1371 5495 1442 5546 xx,
1471 5480 1556 5533 l5.

2024 1870 2076 1922 in
2101 1870 2380 1938 apostolos
2412 1869 2631 1923 fiebant.
2674 1867 2737 1921 Et
2767 1866 2984 1936 quidem
3026 1864 3409 1934 longanimiter
3447 1863 3589 1918 fere-

2021 1961 2113 2014 bat
2143 1960 2284 2013 Deus
2310 1977 2325 2012 :
2356 1968 2410 2014 at
2433 1974 2554 2013 cum
2580 1958 2864 2028 iniquitate
2886 1972 2984 2012 sua
3010 1963 3265 2026 urgerent
3292 1956 3388 2018 illi,
3417 1955 3588 2011 fames

2021 2049 2196 2104 valida
2227 2049 2453 2119 ingruit,
2495 2049 2832 2119 prasignans
2861 2047 3023 2111 mala,
3051 2063 3172 2117 qum
3192 2045 3394 2101 Judmis
3421 2063 3588 2100 even-

2019 2153 2141 2198 tura
2167 2151 2346 2197 erant.
2376 2141 2531 2208 Quod
2561 2141 2605 2196 si
2643 2140 3012 2208 apostolorum
3045 2140 3202 2208 culpa
3226 2149 3344 2192 orta
3369 2139 3580 2204 fuisset,

2018 2227 2302 2296 oportebat
2330 2227 2574 2292 omnino,
2603 2242 2722 2281 eam
2755 2235 2885 2280 tunc
2907 2240 3125 2280 cessare
3153 2242 3167 2279 :
3197 2226 3459 2295 siquidem
3487 2241 3585 2297 po-

2018 2321 2128 2373 tius
2168 2319 2585 2373 commendandi
2623 2318 2856 2373 fuissent
2884 2316 3080 2379 Judaei,
3113 2317 3256 2384 quod
3289 2315 3465 2370 oﬂicio
3495 2332 3588 2370 sa-

2017 2407 2353 2462 tisfecissent
2383 2423 2486 2463 suo
2515 2421 2610 2462 eos
2641 2408 2962 2473 occidendo,
2997 2405 3321 2476 torquendo,
3352 2417 3403 2461 et
3436 2407 3584 2460 omni

2017 2515 2081 2554 ex
2123 2511 2278 2567 parte
2321 2499 2721 2568 persequendo.
2771 2499 2923 2553 Dicta
2955 2499 3119 2570 igitur
3151 2497 3219 2554 de
3247 2513 3408 2553 causa
3439 2498 3588 2553 venit

2018 2586 2222 2651 fames;
2283 2587 2497 2642 tametsi
2553 2587 2607 2642 id
2669 2589 2854 2642 miseri
2916 2601 3024 2641 non
3075 2587 3476 2656 intelligerent;
3532 2591 3587 2642 et

2017 2685 2281 2744 quantum
2313 2677 2380 2731 ad
2413 2678 2516 2732 hoc
2549 2679 2898 2748 patiebantur
2923 2678 3083 2732 simul
3119 2691 3242 2731 cum
3278 2676 3388 2732 illis
3420 2675 3584 2731 etiam

2016 2767 2340 2823 Christiani.
2378 2789 2394 2819 ι
2427 2770 2719 2825 Mittentes.
2768 2790 2786 2823 ι
2823 2769 3268 2834 Observandum,
3309 2767 3585 2837 apostolos

2016 2857 2181 2913 etiam
2229 2859 2670 2930 presbyterorum
2714 2860 3032 2928 dignitatem
3085 2859 3384 2915 habuisse:
3426 2865 3480 2913 et
3527 2857 3584 2911 in

2019 2950 2126 3005 alio
2155 2951 2334 3020 capite
2363 2951 2684 3006 adnotatum
2715 2961 2819 3015 est,
2849 2965 3025 3020 neque
3053 2951 3410 3004 dlaconorum
3433 2985 3450 3013 ,
3487 2961 3585 3002 ne-

2018 3055 2124 3111 que
2153 3042 2597 3110 presbyterorum
2633 3041 2802 3110 gradu
2835 3056 2932 3094 eos
2960 3040 3226 3095 caruisse.

2562 3129 2792 3184 CAPUT
2849 3128 3015 3183 XVII.

2013 3219 2175 3288 252
2207 3219 2397 3274 Jacobi
2425 3221 2652 3288 apostoli
2684 3221 2872 3286 cwdes,
2913 3229 2963 3274 et
3006 3219 3152 3273 Petri
3196 3217 3586 3286 comprrhsnsio

2073 3310 2234 3379 jussu
2280 3310 2528 3375 Herodis,
2567 3320 2615 3364 et
2642 3311 2902 3380 quomodo
2928 3311 3144 3379 angelus
3185 3325 3301 3364 eum
3330 3309 3584 3362 divinitus

2082 3400 2296 3455 solverit
2331 3405 2371 3456 a'
2403 3403 2661 3465 vinculis;
2707 3403 2816 3470 ipse
2871 3418 2990 3456 vero
3030 3401 3248 3466 Petrus,
3305 3409 3584 3470 postquam

2083 3502 2238 3544 noctu
2277 3492 2534 3561 fratribus
2567 3494 2831 3560 apparuit,
2873 3492 3008 3546 clam
3040 3491 3358 3548 discesserit.

2353 3675 2594 3731 Sabbato
2631 3674 2985 3730 hebdomadre
3011 3684 3238 3744 quartae.

2645 3764 2948 3820 TEXTUS.

2080 3858 2200 3914 XII.
2222 3857 2301 3913 l-l
2319 3858 2336 3912 Ι
2351 3896 2365 3912 .
2386 3857 2587 3913 Eodem
2603 3863 2781 3911 autem
2798 3863 3042 3925 tempore
3070 3857 3216 3910 misit
3236 3856 3473 3914 llerodes
3488 3833 3582 3915 rex

2011 3964 2226 4014 manus,
2253 3957 2311 4002 ut
2331 3949 2590 4018 aﬂligerct
2607 3947 2868 4018 quosdam
2885 3946 2952 4002 de
2973 3945 3236 4002 Ecclesia.
3261 3947 3470 4002 Occidit
3488 3964 3584 4002 au-

2011 4046 2120 4094 tem
2143 4037 2404 4093 Jacobum
2428 4036 2651 4092 fratrem
2685 4034 2911 4090 Joannis
2943 4034 3140 4106 gladio.
3167 4033 3370 4089 Videns
3399 4045 3578 4089 autem

2011 4131 2133 4201 quia
2159 4131 2400 4200 placeret
2422 4127 2649 4193 Judasis,
2683 4127 2938 4197 apposuit
2976 4133 3037 4181 ut
3067 4125 3500 4196 apprehenderet
3527 4135 3582 4180 et

2011 4220 2253 4276 Petrum.
2285 4221 2456 4275 Erant
2494 4227 2675 4274 autem
2704 4219 2822 4274 dies
2864 4220 3217 4290 Azymorum.
3252 4218 3423 4285 Quem
3455 4234 3578 4273 cum

2013 4311 2483 4381 apprehendisset,
2511 4310 2658 4364 misit
2684 4311 2739 4364 in
2765 4324 3064 4374 carcerem,
3096 4310 3315 4365 tradens
3345 4316 3582 4379 quatuor

1938 4429 1982 4484 υ
2011 4403 2465 4473 quaternionibus
2503 4401 3209 4478 militqucustodiendum,
3242 4403 3428 4458 volens
3457 4409 3581 4470 post
3661 4399 3672 4410 ‘

2010 4493 2221 4548 Pascha
2266 4493 2570 4563 producere
2608 4509 2732 4550 eum
2769 4495 2990 4563 pepulo.
3037 4492 3104 4548 Et
3142 4494 3334 4549 Petrus
3359 4493 3576 4563 quidem

2016 4581 2341 4636 servabatur
2375 4582 2428 4635 in
2459 4596 2696 4637 carcere.
2728 4580 2918 4636 Oratio
2947 4592 3129 4636 autem
3163 4581 3323 4636 liebat
3351 4583 3471 4637 sine
3495 4583 3579 4634 in-

2014 4672 2357 4728 termissione
2379 4672 2446 4726 ab
2478 4672 2716 4728 Ecclesia
2755 4673 2820 4727 ad
2855 4672 3022 4728 Deum
3058 4689 3157 4744 pro
3183 4690 3270 4728 eo.
3301 4676 3439 4730 Cum
3474 4689 3577 4728 au-

2012 4769 2118 4816 tem
2143 4762 2511 4831 producturus
2542 4779 2666 4818 eum
2699 4771 2844 4818 esset
2876 4763 3140 4828 Herodes,
3177 4765 3230 4818 in
3265 4765 3382 4835 ipsa
3416 4782 3576 4822 nocte

2011 4861 2128 4906 erat
2172 4851 2371 4907 Petrus
2412 4851 2692 4908 dormiens
2728 4854 2869 4908 inter
2911 4856 3049 4910 duos
3094 4856 3329 4921 milites,
3363 4858 3578 4913 vinctus

2013 4943 2221 4997 catenis
2263 4943 2500 5007 duabus,
2533 4951 2588 4997 et
2619 4945 2878 4999 custodes
2903 4953 3028 5002 ante
3066 4947 3264 5002 ostium
3298 4949 3573 5002 custodie-

2009 5034 2141 5088 bant
2175 5050 2472 5098 carcerem.
2512 5033 2578 5088 Et
2607 5051 2732 5090 ecce
2764 5036 2990 5105 angelus
3029 5037 3240 5090 Domini
3274 5037 3484 5101 astitit;
3523 5045 3578 5090 et

2011 5126 2196 5182 lumen
2244 5127 2459 5181 refulsit
2500 5127 2555 5180 in
2596 5125 2943 5192 habitaculo,
2990 5141 3363 5196 percussaque
3411 5127 3576 5179 latere

2010 5217 2183 5282 Petri,
2218 5219 2479 5273 excitavit.
2527 5233 2650 5272 eum
2697 5218 2923 5273 dicens:
2970 5217 3143 5287 Surge
3185 5216 3464 5271 velociter.
3509 5213 3577 5268 Et

2010 5307 2324 5363 ceciderunt
2367 5316 2572 5363 catena:
2617 5308 2685 5364 dc
2728 5308 2980 5364 manibus
3024 5307 3162 5378 ejus.
3211 5304 3355 5359 Dixit
3394 5312 3571 5360 autem
3615 5349 3620 5354 .

1523 5576 1715 5639 Varia:
1749 5575 2048 5638 lectiones
2089 5583 2149 5638 et
2198 5583 2382 5637 notae.

406 5659 452 5692 ’³
486 5659 785 5724 Ἰουδαίοις.
