4058 6210
265 344 370 408 957

887 336 1423 399 EXPOSITIONIS
1447 336 1528 399 IN
1561 335 1752 398 ACTA
1787 335 2088 397 TEXTUS
2117 336 2461 397 ALTER.—
2487 332 2649 396 CAP.
2683 332 2825 395 XII.

3390 300 3496 393 9a;

272 456 466 520 εἰπεῖν,
503 451 583 507 δτι
622 448 717 504 καὶ
752 447 937 518 ἕτερον
974 448 1076 501 οὐκ
1114 443 1257 518 εἶχεν
1290 447 1323 518 ἢ
1360 446 1419 500 δν
1457 448 1661 516 ἐφόρει.
1689 441 1835 515 1Ἀρα

1952 445 2199 515 neglexit,
2233 444 2440 499 habens
2496 449 2552 498 et
2585 440 2924 498 vestimenta,
2956 443 3009 491 et
3046 449 3262 500 zonam,
3297 443 3353 490 et
3384 437 3499 489 cal-

270 547 585 617 παρήκουσε
626 537 721 594 τοῦ
766 537 1037 610 Χριστοῦ;
1080 537 1145 590 Τί
1185 533 1277 591 οὖν
1318 540 1470 602 ἐστις
1513 536 1593 589 Τά
1640 535 1831 588 ἐπιτά-

270 651 485 706 γματα,
518 630 683 699 φησίν
706 631 750 694 ³,
784 630 993 690 ἐκεῖνα,
1029 627 1162 697 πρὸς
1188 628 1377 697 καιρὸν
1402 622 1499 696 ἦν,
1532 626 1627 678 καὶ
1657 624 1715 677 οὗ
1746 624 1835 676 διὰ

272 723 494 785 ταντός.
523 722 643 775 Ὀτι
673 719 729 773 δὲ
759 718 955 788 ἀληθές
983 719 1119 781 ἐστι,
1147 717 1359 777 Λουκᾶς
1387 715 1415 767 ὁ
1444 712 1834 784 εὐαγγέλια-,τὴς

277 813 582 883 μαρτυρεῖ·
628 810 761 879 φησὶ
806 810 916 879 γὰρ
963 808 1239 878 εἰρηκέναι
1277 806 1390 869 τοϊς
1437 806 1703 875 μαθηταῖς
1746 804 1835 855 τὸν

274 902 543 973 Χριστόν
595 920 613 953 ι
648 901 776 954 Ὀτε
821 898 1116 952 ἀπέστειλα
1159 898 1302 969 ὑμᾶς
1345 896 1479 965 ἄτερ
1525 895 1836 965 βαλαντίου,

272 996 367 1048 καὶ
395 997 599 1063 πήρας.
627 993 722 1045 καὶ
751 989 948 1061 ζώνης,
973 991 1065 1043 καὶ
1093 989 1477 1058 ὑποδημάτων,
1507 988 1580 1057 μή
1608 1003 1658 1041 τι
1686 984 1838 1038 ὑστέ-

274 1100 437 1154 ρησεν
483 1085 642 1152 ὐμῖνς
687 1081 946 1149 Λέγουσιν
991 1078 1176 1149 αὐτῷ’
1227 1076 1337 1130 Οὔ.
1380 1096 1398 1129 ι
1455 1072 1588 1131 Εἶτά
1634 1088 1834 1147 φησιν*

279 1195 298 1226 ι
341 1174 501 1228 Ἀλλὰ
531 1173 625 1227 νῦν
652 1173 795 1240 λέγω
819 1171 946 1238 ὑμῖν
968 1188 981 1202 ο
1017 1170 1074 1222 '0
1098 1173 1236 1239 ἔχων
1266 1167 1585 1239 βαλάντιον,
1652 1167 1838 1237 ἀράτω

270 1267 471 1336 ὁμοίως
503 1265 595 1317 καὶ
627 1264 831 1332 πήραν.
870 1280 891 1313 ι
924 1261 1079 1323 Τίνος
1107 1259 1163 1311 δὲ
1195 1259 1378 1312 ἕνεκεν
1408 1257 1566 1311 τοῦτο
1594 1256 1713 1310 τότε
1743 1259 1838 1308 ἐπ⁸

273 1356 463 1422 ἐταξες
492 1355 602 1424 Τὴν
624 1352 854 1421 δύναμιν
880 1349 1044 1403 αὐτοῦ
1075 1350 1244 1413 δεῖξαι
1273 1347 1613 1417 βουλόμενος.
1641 1346 1704 1398 Et
1732 1343 1842 1396 τοί-

272 1465 366 1499 νυν
404 1444 501 1500 ἕνα
545 1441 649 1497 ἔδει
692 1438 894 1513 χιτῶνα
940 1441 1083 1511 ἔχειν
1120 1441 1211 1493 τδν
1253 1439 1485 1503 Παῦλον,
1530 1441 1579 1491 εί
1624 1436 1842 1490 πλύνειν

273 1535 435 1589 αὐτὸν
472 1534 598 1598 ἔδει,
641 1532 847 1601 γυμνὸν
888 1529 1049 1583 αὐτὸν
1087 1529 1255 1598 ἐχρῆν
1296 1528 1433 1580 οἶκοι
1478 1527 1767 1595 καθῆσθαι,
1806 1523 1840 1594 ἢ

274 1625 481 1693 γυμνὸν
513 1624 674 1677 αὑτὸν
704 1624 996 1692 περιιέναι,
1029 1624 1120 1675 καὶ
1151 1623 1501 1691 ἀσχημονεῖν,
1530 1620 1717 1690 χρείας
1745 1635 1844 1671 κα-

274 1714 503 1783 λούσης;
549 1708 660 1765 Οὐκ
704 1713 811 1766 ἔδει
848 1709 1134 1781 τοιγαροῦν
1178 1710 1265 1762 τὸν
1310 1710 1541 1775 Παῦλον,
1585 1711 1676 1762 ἐπὶ
1719 1722 1838 1760 τοσ-

275 1803 451 1866 ούτοις
476 1801 860 1873 κατορθώμασι
901 1800 1183 1871 περιιὸντα
1214 1799 1312 1869 τὴν
1344 1800 1697 1870 οἰκουμένην,
1751 1800 1839 1851 διὰ
1873 1793 1911 1844 Β

279 1895 493 1964 ἱματίου
551 1893 755 1947 ἔνδειαν
807 1893 945 1944 οἴκοι
998 1888 1312 1959 καθῆσθαι,
1367 1890 1460 1942 καὶ
1506 1888 1841 1961 τηλικούτοις

276 1982 595 2052 πράγμασιν
640 1978 974 2045 ἐμποδίζειν.
1017 1977 1081 2030 Τί
1130 1977 1208 2041 δέ,
1253 1979 1301 2028 εί
1350 1977 1559 2045 κρυμὸς
1608 1976 1838 2046 ἐπετέθη

280 2071 527 2142 σφοδρὸς,
561 2070 651 2123 καὶ
681 2058 1033 2138 Δκατέδρεξεν,
1062 2067 1094 2137 ἦ
1126 2069 1429 2135 ἐπάγωσεν,
1458 2066 1515 2120 δν
1541 2069 1724 2137 ἐφόρει
1756 2085 1839 2134 χι-

279 2161 457 2227 τῶνας
493 2160 615 2222 Πῶς
648 2158 999 2231 ξηραίνεσθαι
1032 2160 1189 2228 ὲνῆν;
1218 2159 1290 2211 “il
1324 2158 1485 2211 πάλιν
1516 2158 1721 2226 γυμνδν
1750 2159 1842 2227 ἐχι

283 2252 384 2319 ρῆν
416 2251 707 2320 καθῆσθαι.
742 2250 807 2303 Τί
839 2250 918 2316 δὲ,
953 2252 1001 2302 εί
1035 2249 1202 2320 ψύχος
1238 2249 1517 2303 κατέτεινε
1553 2248 1612 2301 τὸ
1648 2246 1840 2316 σῶμας

279 2341 555 2413 Τήκεσοαι
575 2342 680 2395 ἔδει
708 2341 799 2395 καὶ
828 2340 905 2410 μὴ
931 2338 1291 2409 φθέγγεσθαι;
1318 2339 1426 2392 Καὶ
1452 2338 1504 2391 τί
1529 2337 1594 2391 ἂν
1618 2339 1702 2406 εἴη
1731 2337 1845 2387 τού.

280 2450 371 2487 του
401 2432 807 2504 χαλεπώτερον;
831 2431 965 2483 Οὑδέ
996 2430 1105 2498 γάρ
1136 2429 1470 2496 ἀδαμάντινα
1503 2425 1731 2495 σώματα
1760 2426 1850 2477 αὑ-

281 2528 391 2590 τοῖς
420 2519 1412 2589 κατεσκεύαστο.Τίοῦνς’Ᾱπὸλλυσοαι
1445 2520 1643 2589 ἐχρῆν;
1672 2517 1844 2570 Οὐδα-

288 2618 423 2686 μῶς.
457 2617 626 2670 Τοῦτο
665 2616 723 2670 δὲ
794 2613 977 2678 καθὼς
1015 2616 1249 2683 εἴρηται,
1291 2611 1411 2664 τότε
1454 2610 1705 2673 ἐπέταξε,
1748 2608 1844 2678 τὴν

282 2709 509 2778 δύναμιν
553 2705 717 2761 αὐτοῦ
762 2704 929 2770 δεῖξαι
977 2704 1319 2776 βουλόμενος,
1361 2701 1442 2755 δτι
1484 2700 1695 2761 οὐδενὸς
1736 2699 1843 2752 τῶν

282 2797 602 2867 ἐπιτηδείων
637 2799 1049 2867 ὑστερήσουσιν.

1936 537 2260 593 ceatncuta‘!
2303 532 2366 589 Et
2394 532 2666 604 quomodo
2695 532 2857 586 etiam
2897 529 3132 593 Paulus,
3173 526 3266 596 qui
3309 525 3496 580 Timo-

1935 630 2062 684 theo
2092 626 2366 682 scribebat
2391 626 2435 657 "
2468 642 2481 678 :
2520 643 2538 674 ι
2573 622 2830 678 Penulam
2864 634 3024 688 quam
3060 616 3257 686 reliqui
3283 612 3499 671 Troade

1935 722 2077 792 apud
2114 720 2372 788 Carputn,
2406 716 2626 769 veniens
2659 711 2788 766 aﬂ'er
2817 719 3021 775 tecum,
3065 728 3084 761 ι
3116 708 3367 778 penulam
3400 708 3498 762 ha-

1935 811 2136 867 bebat?
2171 808 2357 877 Neque
2386 819 2512 858 vero
2540 803 2720 857 dicere
2751 801 2873 871 quis
2912 806 3108 870 potest,
3139 813 3264 854 eum
3295 798 3499 851 nullam

1938 903 2122 967 aliam,
2150 911 2344 970 praeter
2382 911 2500 951 eam
2531 909 2692 962 quam
2725 890 2929 947 ferebat
2954 893 3191 944 tunicam
3220 888 3500 944 habuisse.

1938 992 2154 1059 Ergone
2200 986 2516 1043 inobediens
2546 984 2647 1037 fuit
2669 980 2931 1038 Christo?
2956 978 3096 1047 Quid
3124 979 3290 1049 igitur
3318 978 3506 1034 dicen-

1939 1082 2104 1135 dum?
2146 1078 2350 1145 Nempe
2397 1074 2664 1145 ejusmodi
2716 1080 2980 1143 prmeepta
3027 1069 3091 1124 ad
3134 1078 3347 1138 tempus
3381 1066 3503 1121 data

1939 1170 2133 1235 fuisse,
2167 1183 2273 1222 non
2300 1173 2358 1220 ut
2383 1174 2644 1234 perpetuo
2667 1167 3036 1217 servarentur.
3064 1156 3219 1224 Quod
3255 1159 3327 1210 ila
3358 1171 3502 1220 esse,

1942 1258 2255 1316 testimonio
2285 1264 2367 1311 est
2396 1255 2592 1319 Lucas,
2626 1269 2749 1307 cum
2788 1250 2957 1306 refert
2986 1249 3266 1304 Christum
3299 1246 3507 1301 dixisse

1940 1349 2226 1419 discipulis
2252 1348 2338 1402 ‘°:
2375 1362 2393 1397 ι
2430 1344 2661 1410 Quando
2707 1343 2829 1397 misi
2874 1354 2972 1395 vos
3012 1340 3130 1395 sine
3180 1337 3419 1398 sacculo,
3454 1343 3508 1389 et

1942 1449 2171 1513 pera,.et
2188 1436 2594 1498 calceamentis,
2616 1430 2879 1502 numquid
2904 1431 3108 1500 aliquid
3136 1429 3308 1483 defuit
3332 1425 3510 1480 vobis?

1944 1536 2013 1586 At
2048 1532 2125 1585 illi
2170 1530 2459 1583 dixerunt:
2494 1522 2659 1581 Nihil.
2706 1543 2724 1576 ι
2765 1521 2969 1577 Deinde
3017 1521 3131 1574 ait:
3169 1539 3185 1571 ι
3221 1518 3326 1573 Sed
3363 1533 3511 1573 nunc

1943 1622 2035 1693 qui
2063 1621 2224 1676 habet
2251 1617 2552 1683 sacerdota,
2577 1616 2733 1670 tollat
2755 1613 3005 1668 similiter
3026 1620 3079 1664 et
3113 1625 3321 1679 peram.
3352 1627 3372 1659 ι
3400 1608 3512 1664 Cur

1945 1728 2072 1767 vero
2112 1719 2245 1764 tunc
2295 1709 2400 1762 hoc
2452 1703 2747 1776 praecepit?
2793 1699 3055 1753 Videlicet
3103 1706 3163 1751 ut
3213 1694 3509 1765 potentiam

1942 1816 2094 1857 suam
2133 1798 2527 1854 manifestaret.
2586 1795 2736 1847 Alias
2779 1804 2937 1854 vero,
2998 1788 3045 1842 si
3090 1786 3258 1840 Paulo
3297 1786 3512 1839 nonnisi

1944 1908 2105 1946 unam
2137 1891 2376 1943 tunicam
2408 1885 2608 1941 habere
2638 1881 2907 1945 licuisstst,
2939 1878 3161 1948 quando
3194 1891 3257 1930 ea
3285 1875 3514 1929 lavanda

1942 1991 2079 2043 erat,
2112 1977 2464 2048 Oportuisset,
2492 1975 2695 2027 nudum
2717 1970 2863 2025 domi
2893 1968 3105 2031 sedere,
3134 1974 3250 2033 aut,
3274 1966 3518 2020 necessi-

1945 2077 2054 2125 tate
2081 2077 2331 2137 urgeute,
2351 2066 2555 2120 nudum
2581 2076 2791 2119 summa
2817 2075 2941 2115 cum
2960 2056 3257 2129 ignominia
3271 2056 3516 2112 circum-

1947 2163 2058 2217 ire:
2090 2154 2254 2229 254
2278 2166 2329 2211 et
2354 2156 2597 2226 profecto
2619 2168 2727 2206 non
2751 2150 2995 2212 decebat,
3040 2146 3291 2210 Paulum,
3324 2148 3416 2215 qui
3447 2143 3517 2197 ob

1947 2253 2079 2305 tanti
2128 2248 2387 2302 momenti
2439 2245 2656 2316 negotia
2699 2250 2872 2295 totum
2927 2238 3189 2293 mundum
3229 2248 3520 2306 peragrare

1950 2341 2202 2399 debebat,
2221 2338 2543 2408 operimenti
2567 2332 2808 2388 carentia
2833 2329 2977 2383 domi
3002 2328 3237 2382 otiosum
3261 2324 3517 2388 detineri,

1950 2440 2001 2486 et
2033 2447 2061 2484 a
2093 2440 2171 2485 tot
2208 2428 2483 2498 praeclaris
2512 2424 2848 2479 facinoribus
2879 2418 3190 2474 necessario
3223 2414 3516 2486 prohiberi.

1952 2520 2094 2589 Quid
2120 2534 2267 2581 vero,
2298 2520 2341 2574 si
2371 2518 2661 2571 vehemens
2689 2510 2985 2582 ingruisset
3009 2507 3201 2578 frigus,
3228 2520 3290 2560 ac
3313 2501 3518 2566 tunica,

1951 2627 2112 2680 quam
2183 2610 2462 2678 gestabat,
2528 2601 2864 2664 madefacta,
2923 2599 3153 2668 geluque
3224 2592 3523 2651 constricta

1952 2701 2181 2757 fuisset?
2229 2698 2511 2764 Quomodo
2553 2710 2672 2750 eam
2707 2692 2985 2747 exsiccare
3010 2686 3290 2743 licuisset?
3316 2684 3525 2738 Rursus

1950 2805 2177 2845 necesse
2207 2789 2421 2851 fuisset,
2447 2798 2503 2839 ut
2527 2784 2704 2838 nudus
2743 2782 2797 2834 in
2827 2779 3025 2849 angulo
3047 2776 3281 2832 sederet.
3306 2774 3372 2824 At
3395 2770 3526 2840 quid

286 2892 332 2945 si
372 2890 544 2960 frigus
568 2903 767 2957 corpus
793 2890 964 2958 ipsius
1007 2887 1188 2940 acrius
1219 2883 1567 2939 divexasset?
1608 2881 1796 2938 Nonne
1825 2882 2159 2952 oportuisset
2211 2895 2334 2934 eum
2394 2876 2461 2931 ad
2511 2886 2751 2928 extrema
2805 2885 2927 2925 cum
2978 2868 3195 2923 silentio
3233 2860 3528 2918 devenire?

287 2980 467 3046 Quare
518 2980 646 3049 quid
683 2980 876 3033 fuisset
904 2974 1412 3045 acerbius?Neque
1437 2977 1585 3032 enim
1617 2990 1848 3046 corpora
1889 2991 1952 3030 ex
1996 2975 2283 3028 adamante
2327 2969 2594 3024 fabricata
2640 2965 2750 3017 illis
2799 2963 3029 3016 fuerant.
3110 2955 3251 3024 Quid
3341 2953 3526 3023 igitur,

288 3071 468 3142 perire
504 3070 825 3138 oportebat?
853 3068 966 3120 Non
1001 3071 1207 3135 utique.
1239 3065 1343 3121 Sed
1386 3066 1463 3135 id,
1498 3075 1555 3121 ut
1605 3065 1717 3136 jam
1783 3066 2041 3131 diximus,
2069 3054 2079 3060 ’
2108 3071 2241 3117 tunc
2304 3058 2560 3131 prmeepit
2586 3054 2858 3118 Christus,
2893 3062 2951 3105 ut
2986 3057 3167 3103 notam
3198 3045 3399 3101 faceret
3434 3058 3531 3113 po-

289 3167 515 3221 tentiam
541 3178 716 3222 suam,
751 3163 1005 3227 quoniam
1054 3160 1294 3213 futurum
1326 3168 1466 3222 erat,
1497 3167 1555 3214 ut
1584 3159 1719 3213 nihil
1748 3175 1813 3213 ex
1848 3157 2173 3214 necessariis
2199 3156 2304 3210 illis
2330 3153 2560 3207 deesset.

709 3248 786 3318 Τῇ
828 3246 874 3317 β’
906 3246 1003 3315 τῆς
1035 3253 1074 3298 ε’
1122 3246 1433 3316 ἑϐδομάδος.

834 3368 844 3378 -
882 3332 1271 3389 ΚΕΙΜΕΝΟΝ.

361 3430 596 3487 Συνιδών
647 3446 706 3482 τε
762 3423 923 3498 ἦλθεν
979 3426 1071 3480 ἐπὶ
1120 3424 1218 3496 τὴν
1272 3425 1450 3478 οἰκίαν
1493 3423 1713 3495 Μαρίας
1756 3424 1859 3493 τῆς

298 3525 502 3596 μητρὸς
566 3522 811 3586 Ἰωάννου
860 3516 955 3571 τοῦ
1013 3517 1447 3586 ἐπικαλουμένου
1505 3517 1756 3586 Μάρκου.
1798 3510 1858 3569 οὗ

294 3613 435 3687 ἦσαν
505 3615 684 3666 ἱκανοὶ
750 3610 1200 3680 συνηθροισμένοι
1260 3608 1353 3662 καὶ
1413 3610 1859 3680 προσευχόμενοι.

299 3705 644 3777 Κρούσαντος
666 3702 722 3756 δέ
754 3701 919 3753 αὐτοῦ
961 3703 1060 3770 τὴν
1091 3698 1263 3769 Θύραν
1291 3698 1384 3752 τοῦ
1414 3699 1657 3760 πυλῶνος
1690 3715 1861 3768 προσ-

296 3798 426 3869 ἦλθε
454 3796 712 3862 παιδίσκη
742 3791 1073 3855 ὑπακοῦσαι,
1123 3792 1349 3861 ὀνόματι
1392 3790 1548 3862 Ῥόδη
1574 3809 1587 3822 ·
1621 3793 1715 3843 καὶ
1749 3794 1865 3844 ὲπι-

297 3888 501 3955 γνοῦσα
539 3885 637 3956 τὴν
671 3884 853 3954 φωνὴν
890 3880 983 3936 τοῦ
1018 3881 1252 3952 Πέτρου,
1300 3882 1407 3934 ἀπὸ
1432 3880 1530 3949 τῆς
1562 3881 1733 3951 χαρᾶς
1767 3881 1865 3933 οὐκ

295 3979 475 4051 ἤνοιξε
529 3977 620 4030 τὸν
668 3975 890 4028 πυλῶνα
933 3991 946 4005 ·
1002 3972 1375 4043 εἰσδραμοῦσα
1424 3970 1481 4025 δὲ
1540 3971 1861 4041 ἀπήγγειλε,

296 4071 389 4123 τὸν
422 4069 631 4137 Πέτρον
684 4067 907 4119 ἑστάναι
955 4065 1061 4135 πρὸ
1105 4063 1199 4117 τοῦ
1247 4062 1512 4126 πυλῶνος.
1549 4066 1612 4118 Οἱ
1642 4060 1698 4116 δὲ
1731 4063 1867 4132 πρὸς

214 4228 217 4231 Δ
298 4157 467 4229 αὐτὴν
513 4152 666 4210 εἶπον
710 4169 726 4185 ⁸
766 4144 969 4225 Μαίνῃ.
1040 4150 1107 4205 Ἦ
1162 4150 1219 4205 δὲ
1275 4151 1642 4221 διισχυρίζετο
1696 4150 1867 4213 οὕτως

298 4248 462 4317 ἔχειν.
513 4248 578 4300 Οἱ
617 4247 671 4298 δὲ
712 4245 900 4312 ἔλεγον
928 4260 943 4274 ·
1015 4241 1072 4296 ’0
1115 4241 1344 4309 ἄγγελος
1394 4240 1558 4294 αὐτοῦ
1597 4243 1764 4294 ἐστιν.
1808 4240 1867 4293 '0

298 4340 356 4392 δὲ
384 4339 590 4409 Πέτρος
634 4338 868 4405 ἐπέμενε
912 4332 1145 4408 κρούων.
1219 4332 1554 4396 Ἀνοίξαντες
1613 4331 1691 4396 δὲ,
1729 4326 1867 4385 εἶδον

303 4429 489 4488 αὑτὸν.
534 4430 629 4481 καὶ¹
682 4427 1001 4494 ἐξέστησαν.
1066 4424 1416 4485 Κατασείσας
1472 4424 1527 4476 δὲ
1568 4423 1752 4486 αὐτοῖς
1801 4425 1865 4493 τῇ

302 4520 447 4590 χειρὶ
487 4518 665 4587 σιγᾷν,
702 4517 1001 4585 διηγήσατο
1034 4514 1218 4576 αὐτοῖς
1252 4513 1368 4577 πῶς
1419 4512 1447 4565 ὁ
1492 4512 1692 4583 Κύριος
1743 4513 1868 4579 ἐξή-

301 4626 468 4686 γαγεν
496 4607 659 4661 αὑτὸν
688 4608 753 4658 ἐκ
790 4606 887 4674 τῆς
920 4603 1188 4672 φυλακῆς.
1226 4602 1363 4658 Eine
1415 4604 1469 4657 δέ
1496 4620 1510 4635 ο
1579 4606 1865 4672 Ἀπαγγεί-

301 4701 426 4752 λατε
465 4697 708 4767 Ἰακώϐῳ
751 4696 841 4748 καὶ
866 4696 974 4757 τοῖς
1007 4694 1249 4763 ἀδελφοῖς
1274 4695 1466 4749 ταῦτα.
1499 4694 1610 4747 Καὶ
1636 4694 1867 4758 ἐξελθὼν

303 4790 575 4860 ἐπορεύθη
613 4792 694 4853 είς
733 4788 923 4858 ἕτερον
954 4786 1139 4839 τόπον.

887 4878 1028 4932 ΕΡΜ
1038 4876 1271 4932 ΗΝΕῙΛ.

381 4967 496 5021 ’Ὶνα
524 4968 671 5039 δείξῃ
701 4970 781 5022 ὅτι
802 4969 961 5022 τοῦτο
989 4969 1010 5002 ³
1050 4969 1138 5023 ἀεὶ
1182 4967 1430 5031 συνόντος
1461 4969 1644 5032 αὐτοῖς
1686 4969 1865 5024 Ἰωάν-
1928 5026 1930 5029 τ

306 5076 399 5112 νου
433 5059 529 5127 τὴν
565 5060 774 5131 μητέρα
810 5061 964 5129 φησὶ,
992 5058 1084 5112 καὶ
1115 5057 1175 5111 τὸ
1211 5059 1543 5128 παράσημον
1579 5059 1743 5112 αὐτοῦ
1777 5061 1867 5114 τέο

309 5150 455 5202 θεικε
486 5164 503 5180 ο
532 5149 667 5217 φησὶ
695 5148 823 5218 γάρ,
884 5167 903 5199 ι
939 5147 1045 5202 Τοῦ
1086 5150 1514 5219 ἐπικαλουμένου
1543 5151 1793 5221 Μάρκου.
1842 5171 1862 5206 ι

305 5235 473 5303 οὖτςς
499 5239 556 5293 δὲ
586 5234 654 5309 ἦν
686 5239 714 5290 ὁ
768 5239 861 5292 καὶ
889 5239 949 5292 τὸ
988 5239 1129 5292 κατά
1161 5240 1386 5311 Μάρκον
1413 5242 1867 5313 συγγραψάμενος

375 5378 422 5410 "
446 5376 489 5431 11
524 5376 666 5431 Tim.
730 5381 806 5442 tv,
858 5375 943 5430 l3.
1040 5377 1085 5409 ⁸ο
1127 5376 1256 5432 Luc.
1284 5392 1418 5444 χχιι,
1453 5376 1542 5430 55.

1882 3251 1929 3311 C

2321 3239 2478 3297 Feria
2506 3241 2541 3294 2
2574 3237 2925 3294 hebdomadas
2954 3233 3179 3304 quinta.

2603 3325 2901 3408 rexrus,

2029 3428 2145 3494 XII,
2171 3426 2352 3482 12-17.
2371 3425 2845 3493 Consideransque
2861 3419 3008 3475 venit
3030 3416 3094 3472 ad
3114 3414 3331 3471 domum
3354 3410 3535 3467 Mariae

1962 3523 2150 3574 matris
2182 3521 2424 3586 Joannis,
2470 3519 2563 3587 qui
2604 3513 3020 3585 cognominatus
3051 3517 3135 3564 est
3168 3506 3402 3570 Marcus,
3443 3501 3536 3557 ubi

1962 3621 2116 3666 erant
2148 3613 2307 3664 multi
2339 3608 2651 3679 congregati
2680 3613 2733 3659 et
2772 3611 3015 3658 orantes.
3062 3599 3325 3653 Pulsante
3355 3603 3535 3650 autem

1963 3721 2028 3760 eo
2075 3703 2272 3758 ostium
2306 3702 2504 3770 ianuae,
2549 3695 2810 3766 processit
2860 3694 3038 3763 puella
3074 3692 3139 3745 ad
3183 3686 3534 3745 audiendum.

1965 3797 2182 3850 nomine
2232 3792 2440 3848 llhode.
2474 3790 2537 3842 Et
2583 3799 2640 3841 ut
2688 3786 2943 3855 cognovit
2986 3798 3169 3837 vocem
3224 3779 3392 3842 Petri,
3429 3794 3539 3848 pra:

1965 3884 2165 3954 gaudio
2196 3898 2303 3934 non
2331 3881 2544 3949 aperuit
2573 3878 2818 3946 januam,
2849 3872 3110 3929 sedintro
3141 3883 3372 3923 currens
3396 3882 3538 3920 nun-

1968 3952 2121 4028 tiavit
2150 3984 2299 4026 stare
2332 3969 2544 4022 Petrum
2569 3966 2954 4033 antejanuam.
2985 3962 3052 4014 At
3076 3958 3155 4013 illi
3186 3958 3443 4012 dixerunt
3469 3952 3536 4007 ad

1966 4079 2084 4118 eam
2123 4081 2139 4120 :
2170 4065 2402 4116 insanis.
2429 4060 2524 4114 Illa
2562 4066 2741 4111 autem
2774 4054 3074 4109 afﬁrmabat
3111 4051 3191 4106 sic
3223 4064 3282 4104 se
3314 4047 3538 4103 habere.

1966 4157 2044 4211 llli
2104 4163 2283 4209 autem
2353 4153 2665 4206 dicebant:
2711 4145 2951 4216 Angelus
3018 4142 3137 4210 ejus
3183 4148 3288 4197 est.
3348 4139 3542 4195 Petrus

1969 4255 2147 4300 autem
2208 4244 2589 4315 perseverabat
2650 4239 2898 4308 pulsans.
2974 4232 3111 4289 Cum
3187 4240 3368 4285 autem
3412 4242 3544 4297 ape-

1968 4338 2230 4397 ruissent,
2266 4335 2519 4389 viderunt
2558 4346 2682 4385 eum
2715 4337 2767 4383 et
2819 4329 3240 4395 obstupuerunt.
3277 4321 3541 4374 Annuens

1971 4439 2149 4481 autem
2187 4427 2269 4480 eis
2318 4439 2516 4486 manu,
2559 4431 2617 4475 ut
2663 4426 2929 4482 tacerent,
2978 4413 3225 4469 narravit
3268 4408 3542 4479 quomodo

1970 4518 2233 4571 Dominus
2291 4516 2571 4569 eduxisset
2625 4526 2748 4564 eum
2811 4507 2879 4562 de
2941 4520 3190 4564 carcere,
3251 4502 3539 4570 dixitque:

1975 4608 2232 4662 Nuntiate
2259 4605 2462 4660 Jaeobo
2482 4611 2535 4657 et
2584 4600 2844 4655 fratribus
2871 4597 3007 4651 haec.
3036 4594 3100 4649 Et
3128 4608 3380 4665 egressus
3412 4589 3544 4645 abiit

1975 4700 2029 4752 in
2067 4700 2232 4752 alium
2266 4699 2465 4749 locum.

2480 4868 3046 4930 COMMENTARlUS.

2049 4970 2117 5026 Ut
2157 4979 2344 5024 notum
2387 4967 2609 5030 faceret,
2644 4980 2704 5019 se
2740 4977 2844 5015 non
2888 4958 3032 5028 loqui
3079 4956 3143 5010 de
3179 4962 3354 5009 matre
3393 4951 3540 5006 illius

1974 5063 2222 5124 Joannis,
2273 5060 2366 5130 qui
2403 5071 2618 5126 semper
2653 5061 2770 5108 erat
2805 5066 2925 5104 cum
2963 5047 3095 5119 ipsis
3121 5046 3257 5117 illi),
3297 5050 3545 5130 propter-

1975 5170 2037 5209 ea
2083 5168 2382 5225 cognomeu
2427 5149 2547 5219 ejus
2586 5147 2740 5202 addit
2764 5186 2778 5208 ,
2815 5143 3003 5198 dicens
3037 5158 3050 5193 :
3090 5156 3107 5189 ι
3137 5135 3238 5201 Qui
3271 5129 3549 5202 cognomis

1974 5253 2135 5300 natus
2163 5253 2247 5300 est
2280 5243 2516 5299 Marcus.
2549 5259 2567 5293 ι
2600 5238 2697 5295 Hic
2724 5246 2902 5292 autem
2937 5242 3039 5297 est,
3072 5229 3161 5299 qui
3195 5219 3543 5292 Evangelium

1486 5466 1687 5529 Variae
1715 5465 2021 5528 lectiones
2065 5470 2130 5526 et
2174 5470 2367 5526 notm.

699 5565 719 5597 ³
751 5565 812 5618 οὐ
847 5564 964 5619 τοῦ.

378 5568 399 5599 ¹
438 5567 601 5637 φημὶ-

388 5680 494 5755 (19)
527 5681 656 5751 Seu,
686 5680 911 5738 Joannis
950 5680 1195 5751 apostoli.
