4058 6210
508 248 618 338 959

1435 288 2010 351 TIIEUPIIYIACTI
2065 293 2478 353 BUI.GARI:E
2516 295 2872 357 ARCIIIEI‘.

3642 295 3768 358 960

513 387 659 456 quod
691 388 987 443 secundum
1018 390 1255 449 Marcum
1282 396 1502 459 dicitur.
1527 402 1880 472 conscripsit,
1916 420 2078 472 nepos

2185 404 2534 472 Εὑαγγέλιον,
2561 406 2587 456 ό
2616 405 2834 475 ἀνεψιός
2860 404 3115 475 Βαρνάϐα
3141 418 3154 431 ·
3179 405 3305 471 περ).
3329 397 3392 458 οῦ
3424 404 3515 457 καὶ
3546 405 3772 468 Παῦλος

513 479 796 543 Ιιιι-ιτιιιιὶιω,
821 483 888 535 de
921 497 1029 550 quo
1051 486 1211 538 etiam
1244 487 1439 543 Paulus
1456 490 1650 546 scribit
1680 491 1965 548 Timotheo
1993 497 2036 527 "
2063 510 2077 546 :

520 586 539 617 ι
581 566 820 619 Marcum
877 582 1117 635 assume,
1166 581 1221 626 et
1269 575 1449 631 adduc
1501 587 1680 633 tecum
1730 598 1743 633 :
1804 593 1888 636 est
1933 585 2079 637 enim

2182 493 2382 563 γράφει
2422 493 2668 563 Τιμοθέῳ
2697 510 2711 525 ο
2759 514 2777 544 ί
2811 495 3033 563 Μάρκον
3076 492 3361 546 ἀναλαϐὼν
3402 494 3575 561 ἄγαγε
3612 496 3772 564 μετὰ

2185 582 2447 635 σεαυτοῦ.
2485 584 2639 635 Ἔστι
2673 583 2781 653 γάρ
2817 600 2906 651 μοι
2946 581 3244 653 εὔχρηστος
3272 583 3351 645 εἰς
3384 583 3685 637 διακονίαν.
3739 602 3762 634 ι

516 657 648 710 mihi
709 656 854 711 utilis
906 658 959 712 in
1005 661 1393 721 ministerium.
1440 656 1564 719 t—
1613 689 1631 720 ‹
1671 672 1909 741 Angelus
1955 675 2078 745 ejus

2182 691 2277 723 -‹
2328 675 2386 727 ’0
2429 673 2660 741 ἄγγελος
2699 674 2863 727 αὐτοῦ
2910 676 3078 727 ἐστιν.
3120 693 3137 726 ι
3214 674 3310 727 Ἐκ
3356 673 3546 727 τούτου
3598 674 3773 743 δῆλον

514 757 617 800 est.
656 764 674 798 ι
709 747 786 800 Ex
819 748 919 803 hoc
961 750 1078 804 loco
1128 754 1475 812 manifestum
1521 760 1598 824 lit,
1639 777 2078 835 unumquemque

2182 766 2264 818 ὅτι
2303 765 2532 827 ἕκαστος
2557 765 2717 835 ἡμῶν
2746 765 2978 832 ἄγγελον
3019 763 3154 833 ἔχει.

515 845 764 891 nostrum
791 842 1041 909 angelum
1075 844 1296 901 habere.

1072 932 1299 991 CAPUT
1337 939 1522 997 XVIII.

513 1022 673 1094 255
717 1024 791 1079 De
825 1029 1098 1083 custodum
1134 1035 1439 1101 punitione,
1488 1055 1550 1092 ac
1587 1041 1773 1095 deinde
1823 1044 1886 1098 de
1937 1045 2084 1113 impii

774 1116 1001 1174 Herodis
1030 1124 1216 1178 acerbo
1246 1127 1538 1199 miseroque
1575 1133 1814 1189 interitu.

1146 1303 1445 1364 TEXTUS.

582 1387 701 1453 ΧΠ,
731 1388 916 1445 18οὲ4.
940 1392 1100 1447 Facta
1126 1406 1304 1452 autem
1323 1400 1433 1467 die,
1450 1411 1688 1459 eratnon
1710 1422 1872 1475 parva
1895 1413 2051 1466 turba
2068 1442 2083 1454 -

518 1476 594 1530 tio
616 1477 759 1533 inter
777 1481 996 1547 milites,
1018 1486 1278 1553 quidnam
1304 1489 1504 1546 factum
1523 1505 1669 1551 esset
1685 1496 1750 1551 de
1773 1496 1949 1555 Petro.
1977 1502 2082 1558 IIe-

515 1566 677 1623 rodes
698 1577 879 1625 autem
909 1588 1033 1629 cum
1059 1579 1379 1647 requisisset
1400 1597 1611 1651 cum,et
1630 1602 1738 1642 non
1758 1589 2080 1662 invenisset,

514 1658 872 1746 inquisitione
916 1665 1056 1721 facta
1089 1669 1158 1724 de
1197 1674 1543 1740 custodibus,
1575 1678 1739 1746 jussit
1783 1697 1879 1737 eos
1909 1684 2031 1739 duci

2762 943 3012 997 ΚΕΦΛΔ.
3053 941 3188 995 NW.

2185 1034 2322 1104 Περὶ
2352 1034 2456 1103 τῆς
2481 1033 2598 1088 τῶν
2629 1033 2917 1103 φυλάκων
2942 1031 3272 1099 κολάσεως,
3309 1032 3407 1087 καὶ
3436 1033 3767 1102 μετέπειτα

2255 1126 2390 1193 περὶ
2425 1124 2534 1192 τῆς
2566 1124 2672 1178 τοῦ
2704 1123 2962 1190 ἀσεϐοῦς
3014 1123 3270 1192 Ἡρώδου
3300 1123 3516 1192 πικρᾶς
3551 1141 3617 1179 τε
3652 1128 3764 1180 καί

2256 1219 2530 1286 ὀλεθρίου
2571 1217 3014 1284 καταστροφῆς.

2768 1307 3159 1361 KEIMENON.

2252 1399 2555 1469 Γενομένης
2580 1398 2636 1450 δέ
2675 1397 2890 1468 ἡμέρας
2937 1392 3006 1468 ἦν
3046 1396 3284 1469 τάραχος
3330 1397 3433 1451 οὐκ
3477 1397 3662 1468 ὀλίγος
3698 1399 3765 1452 ἐν

2184 1492 2295 1553 τοῖς
2329 1488 2710 1558 στρατιώταις,
2754 1489 2806 1542 τί
2832 1488 2940 1559 ἄρα
2974 1490 3001 1541 ό
3043 1488 3251 1561 Πέτρος
3280 1488 3516 1557 ἐγένετο.
3574 1489 3762 1556 Ἦρὼο

2183 1580 2280 1650 δης
2308 1581 2363 1632 δὲ
2394 1580 2728 1650 ἐπιζητήσας
2764 1578 2948 1643 αύτὸν,
2984 1579 3078 1631 καὶ
3110 1579 3184 1648 μὴ
3226 1578 3420 1649 εὑρὼν,
3453 1580 3764 1650 ἀνακρίνας

2183 1673 2309 1734 τοὺς
2336 1671 2603 1738 φύλακας,
2637 1671 2920 1722 ἐκέλευσεν
2963 1669 3277 1740 ἀπαχθῆναι
3307 1684 3321 1702 ο
3353 1670 3449 1725 καὶ
3480 1670 3762 1725 κατελθὼν

514 1741 963 1817 descendensque
1002 1766 1030 1803 a
1059 1750 1244 1810 Judzea
1291 1758 1343 1811 in
1379 1761 1705 1831 Caesaream,
1742 1769 1813 1823 ibi
1844 1786 2078 1827 commo-

2187 1759 2295 1810 ἀπὸ
2335 1760 2434 1825 τῆς
2490 1758 2752 1820 Ἰουδαίας
2783 1757 2860 1820 είς
2905 1755 3004 1828 τὴν
3050 1759 3409 1827 Καισάρειαν,
3461 1760 3757 1832 διέτριϐεν.

515 1840 668 1888 ratus
695 1844 800 1890 est.
828 1835 959 1890 Erat
1007 1852 1186 1895 autem
1226 1844 1399 1901 iratus
1430 1847 1610 1919 Tyriis
1640 1862 1692 1907 et
1725 1856 1989 1915 Sidoniis.
2017 1862 2086 1916 At

517 1920 596 1976 illi
626 1926 913 1982 unanimes
947 1943 1216 1988 venerunt
1238 1937 1306 1990 ad
1339 1955 1483 2006 eum,
1510 1951 1566 1997 et
1596 1961 1856 2013 persuaso
1879 1952 2085 2019 Blasto,

515 2010 607 2077 qui
633 2024 748 2065 erat
783 2028 949 2085 super
975 2019 1284 2077 cubiculum
1314 2029 1475 2096 regis,
1495 2010 1845 2099 postulabant
1877 2010 2084 2111 pacem,

515 2108 582 2147 eo
614 2099 759 2162 quod
791 2100 1070 2158 alerentur
1109 2110 1357 2177 regiones
1387 2129 1576 2172 eorum
1616 2123 1683 2177 ab
1719 2124 1831 2181 illo.
1868 2099 2086 2189 étatuto

517 2194 696 2239 autem
743 2189 851 2255 die,
883 2192 1128 2252 Herodes
1168 2202 1399 2260 vestitus
1441 2221 1590 2265 veste
1620 2216 1789 2285 regia,
1819 2221 1959 2275 sedit
1988 2238 2084 2292 pro

518 2276 796 2346 tribunali,
827 2292 883 2337 ct
928 2289 1361 2349 concionabatnr
1394 2296 1459 2351 ad
1484 2316 1602 2357 eos.
1638 2276 1876 2376 Populus
1903 2276 2081 2369 autem

518 2370 856 2427 acclamahat
893 2393 906 2429 :
940 2376 1029 2433 Dei
1066 2396 1224 2437 voces
1249 2392 1303 2438 et
1335 2403 1439 2443 non
1491 2370 1749 2452 hominis.
1782 2400 2081 2459 Confestim

2184 1846 2294 1901 Ἦν
2348 1850 2402 1902 δὲ
2439 1852 2468 1903 ὀ
2511 1846 2758 1918 Ἡρώδης
2795 1846 3130 1917 θυμομαχῶν
3175 1847 3415 1917 Τυρίοις,
3456 1852 3551 1903 καὶ
3587 1850 3761 1903 Σιδωο

2184 1942 2339 2002 νίοις.
2397 1939 2772 2010 Ὀμοθυμαδδν
2824 1938 2882 1994 δὲ
2925 1939 3177 2008 παρῆσαν
3234 1940 3371 2009 πρὸς
3427 1941 3610 2006 αὐτὸν,
3659 1942 3760 1995 καὶ

2184 2030 2473 2093 πείσαντες
2503 2031 2744 2083 Βλάστον
2780 2030 2874 2084 τὸν
2910 2030 3002 2083 ἐπὶ
3045 2029 3138 2083 τοῦ
3170 2031 3426 2095 κοιτῶνος
3467 2032 3564 2085 τοῦ
3602 2031 3761 2103 βασι.-

2184 2121 2343 2185 λέως,
2376 2119 2605 2191 ᾐτοῦντο
2638 2122 2865 2193 εἰρήνην
2910 2121 2998 2177 διὰ
3024 2121 3086 2175 τὸ
3112 2122 3412 2193 τρέφεσθαι
3443 2123 3624 2178 αὐτῶν
3653 2125 3761 2195 τὴν

2182 2212 2366 2286 χώραν
2394 2211 2503 2265 ἀπὸ
2522 2212 2620 2283 τῆς
2652 2211 2962 2283 βασιλικῆς.
2997 2213 3181 2284 Τακτῇ
3212 2212 3270 2265 δέ
3302 2213 3488 2285 ἡμέρᾳ
3508 2217 3536 2269 ό
3577 2215 3761 2284 Ἠρώ-

2181 2302 2279 2373 δης
2331 2302 2694 2374 ἐνδυσάμενος
2752 2301 2959 2372 ἐσθῆτα
3018 2302 3330 2374 βασιλικὴν,
3378 2305 3474 2357 καὶ
3522 2305 3760 2369 καθίσας

2181 2394 2280 2447 ἐπὶ
2333 2392 2428 2446 τοῦ
2477 2394 2741 2464 βήματος,
2781 2393 3115 2465 ἐδημηγόρει
3165 2395 3302 2466 πρὸς
3343 2394 3563 2459 αὐτούς.
3601 2394 3662 2450 '0
3699 2397 3760 2451 δὲ

2181 2483 2355 2552 δῆμος
2412 2484 2682 2552 ἐπεφώνει
2715 2500 2732 2516 ·
2785 2483 2921 2536 Θεοῦ
2963 2483 3136 2554 φωνὴ,
3167 2487 3265 2538 καὶ
3294 2485 3395 2538 οὐκ
3440 2486 3754 2557 ἀνθρώπου.

1938 2581 2080 2649 ibus,
2184 2575 2531 2645 Παραχρῆμα
2555 2574 2613 2628 δέ
2646 2575 2806 2628 αὐτὸν
2830 2574 3098 2639 ἐπάταξεν
3124 2574 3353 2644 ἄγγελος
3379 2578 3605 2648 Κυρίου,
3637 2578 3759 2632 ἀνθ’

516 2637 801 2704 expiravit.
824 2642 1061 2704 Verbum
1094 2661 1273 2707 autem
1299 2655 1515 2716 Domini
1549 2637 1832 2726 crescebat
1859 2680 1913 2727 et
1937 2637 2081 2729 mni:

515 2727 551 2779 ti
556 2726 880 2796 plicabatur.

1021 2920 1585 2992 COMMENTARIUS.

584 2999 878 3074 Postquam
911 3014 1139 3082 angelus
1172 3017 1391 3075 Petrum
1428 3040 1491 3079 ex
1513 3041 1735 3086 carcere
1760 3039 1814 3086 et
1845 3033 2079 3095 vinculis

2180 2662 2255 2719 ὧν
2292 2666 2392 2718 οὐκ
2428 2665 2598 2718 ἔδωκε
2638 2665 2795 2731 δόξαν
2821 2665 2900 2736 τῷ
2933 2664 3051 2735 Θεῷ
3076 2681 3091 2697 ο
3136 2667 3231 2719 καὶ
3269 2666 3557 2737 γενόμενος
3609 2684 3758 2722 σκω-

2180 2756 2527 2826 ληκόϐρωτος
2569 2754 2846 2826 ἐξέψυξεν.
2899 2755 2956 2811 '0
2985 2756 3043 2809 δέ
3068 2756 3224 2825 λόγος
3257 2756 3350 2810 τοῦ
3381 2758 3519 2811 θεοῦ
3553 2757 3758 2828 ηὔξανε

2181 2847 2277 2901 καὶ
2313 2846 2665 2918 ἐπληθύνετο.

2769 2937 3154 2992 ΕΡΜΗΝΕΙΔ.

2252 3027 2357 3079 Τὸν
2415 3027 2624 3099 Πέτρον
2658 3027 2753 3081 τοῦ
2806 3027 3180 3099 δεσμωτηρίου
3224 3027 3460 3084 καὶτῶν
3506 3030 3759 3086 ἁλύσεων

513 3092 782 3162 liberavit,
812 3115 936 3154 cum
969 3103 1213 3162 Herodes
1252 3126 1373 3165 eum
1410 3119 1738 3186 quaesiisset,
1763 3130 1816 3176 et
1850 3140 1955 3179 non
1988 3128 2075 3184 in-

2181 3092 2582 3179 ἀπαλλάξαντος
2618 3116 2712 3169 τοῦ
2748 3092 3002 3186 ἀγγέλου,
3045 3092 3288 3188 ξητήσας
3339 3118 3502 3173 αύτδν
3530 3121 3557 3172 ὁ
3579 3119 3762 3190 ’[1ρὼ-

513 3185 774 3252 venisset,
818 3192 1040 3259 milites,
1074 3198 1166 3264 qni
1204 3199 1351 3253 illum
1383 3207 1781 3276 custodiebant,
1817 3213 1933 3280 ejus
1965 3217 2083 3272 loco

516 3273 808 3333 interfecit.
847 3281 1009 3337 Anno
1064 3301 1192 3341 vero
1237 3292 1399 3344 tertio
1453 3298 1625 3363 regni,
1658 3273 1891 3374 Agrippa
1939 3310 2084 3363 venit

514 3363 845 3436 Caesaream,
877 3386 999 3440 quae
1024 3376 1175 3443 prius
1208 3378 1401 3437 Turris
1434 3363 2079 3453 Stratonisvvocabatur:

516 3455 702 3525 ibique
732 3466 1070 3531 spectacula,
1110 3469 1276 3524 veluti
1306 3473 1657 3535 festivitatem
1683 3487 1993 3556 quamdam,
2027 3491 2080 3544 in

514 3544 745 3605 Cazsaris
780 3552 1042 3612 honorem
1081 3560 1392 3619 celebravit.
1432 3567 1527 3623 Die
1575 3582 1755 3626 autem
1791 3586 2079 3646 spectacu-

514 3638 689 3693 lorqu
721 3646 981 3714 secunda,
1015 3660 1165 3706 veste
1201 3653 1428 3711 indutus
1460 3668 1569 3714 tota
1594 3678 1656 3716 ex
1692 3676 1941 3733 argento,
1977 3672 2081 3724 mi-

515 3729 673 3784 rabili
705 3742 914 3790 textura
955 3737 1116 3807 facta,
1160 3745 1306 3799 venit
1343 3746 1585 3803 diluculo
1633 3754 1699 3808 ad
1754 3729 2025 3813 theatrum
2063 3781 2077 3815 :

514 3822 604 3876 ubi
638 3826 826 3893 primis
851 3831 984 3888 solis
1006 3835 1235 3892 orientis
1260 3841 1429 3898 radiis
1454 3860 1771 3913 percussum
1794 3862 2078 3921 argentum

513 3912 712 3968 mirum
747 3917 800 3972 in
849 3922 1066 3979 modum
1117 3929 1457 3998 splendebat,
1498 3943 1557 3990 ut
1598 3937 1928 3995 intuentium
1963 3959 2068 3999 non

511 4002 684 4058 solum
725 4010 920 4065 oculos
954 4020 1366 4088 perstringeret,
1403 4025 1495 4080 sed
1529 4029 1690 4082 etiam
1739 4034 1938 4089 animis
1969 4044 2079 4091 ter-

512 4105 691 4147 rorem
727 4096 1016 4157 incuteret.
1068 4106 1371 4166 Confestim
1428 4131 1558 4170 vero
1604 4120 1936 4189 adulatores,
1987 4128 2077 4195 qui

510 4183 938 4246 circumstabant
979 4203 1032 4250 et
1065 4199 1224 4254 deum
1272 4220 1396 4257 eum
1437 4209 1781 4276 appellabant
1831 4225 1888 4272 et
1924 4183 2077 4287 ’ρίο-

515 4273 705 4342 pitinm
760 4295 882 4337 esse
941 4289 1256 4354 exorabant,
1308 4301 1381 4361 et,
1435 4295 1583 4352 Licet
1640 4273 1966 4375 hucusque,-
1998 4310 2079 4362 in-

2182 3205 2300 3275 δης,
2336 3206 2433 3261 καὶ
2454 3207 2556 3275 οὐχ
2579 3207 2777 3278 εὑρὼν,
2812 3209 2936 3271 τοὺς
2966 3208 3268 3280 τηροῦντας
3304 3210 3465 3265 αὑτὸν
3489 3211 3758 3282 στρατιώ-

2183 3312 2282 3358 τας
2316 3295 2639 3349 ἀπέκτεινεν
2670 3297 2784 3350 ἀντ’
2816 3297 3050 3352 ἐκείνου.
3086 3299 3282 3370 Τρίτον
3309 3298 3431 3362 ἔτος
3474 3300 3759 3372 Ἀγρίππᾳ

2186 3385 2524 3455 βασιλεύοντι
2548 3389 2728 3459 παρῆν
2752 3388 2808 3440 ἐν
2829 3386 3166 3458 Καισαρείᾳ,
3193 3376 3260 3459 τῇ
3287 3388 3548 3458 πρότερον
3575 3389 3753 3456 Στρὰ-

2183 3495 2351 3542 τωνος
2399 3479 2614 3551 Πύργος
2676 3479 3007 3551 καλουμένῃ.
3068 3479 3350 3533 Συνετέλει
3408 3479 3467 3533 δὲ
3518 3479 3757 3533 ἐνταῦθα

2185 3566 2421 3638 Θεωρίας
2451 3569 2531 3630 είς
2569 3567 2848 3637 Καίσαρος
2898 3567 3085 3639 τιμὴν,
3126 3568 3322 3638 ἑορτήν
3375 3585 3497 3622 τινα
3547 3569 3757 3639 ταύτην

2183 3656 2570 3725 ἐπιστάμενος.
2615 3655 2854 3726 Δευτέρᾳ
2897 3655 2955 3709 δέ
2982 3656 3090 3709 τῶν
3121 3655 3364 3726 θεωριῶν
3390 3657 3592 3727 ἡμέρα,
3632 3675 3757 3710 στοο

2181 3747 2279 3814 λὴν
2334 3746 2509 3811 ἐνδὺς,
2567 3746 2626 3810 ἐξ
2685 3746 2929 3818 ἀργύρου
2980 3748 3361 3818 πεποιημένην
3414 3750 3617 3809 πᾶσαν.
3676 3750 3752 3808 ὡς

2182 3838 2484 3904 θαυμάσιον
2507 3838 2647 3905 ὑφὴν
2670 3832 2834 3904 εἶναι,
2865 3837 3144 3908 παρῆλθεν
3169 3839 3247 3901 εἰς
3277 3838 3510 3908 θέατρον
3537 3838 3755 3909 ἡμέρας

2180 3927 2514 3998 ἀρχομένης.
2552 3926 2723 3980 Ἔνθα
2752 3930 2872 3991 ταῖς
2908 3928 3153 3999 πρώταις
3178 3928 3290 3981 τῶν
3325 3928 3563 3997 ἡλιακῶν
3598 3930 3757 3981 ἀκτί-

2190 4039 2299 4075 νων
2327 4021 2608 4079 ἐπιϐολαίς
2643 4020 2671 4071 ὁ
2699 4021 2940 4092 ἄργυρος
2967 4021 3391 4089 καταυγασθεὶς,
3434 4021 3756 4089 θαυμασίως

2183 4113 2501 4171 ἀπέστιλϐε,
2532 4112 2845 4183 μαρμαῖρόν
2873 4129 2925 4164 τι
2952 4111 3135 4183 φέρων
3168 4116 3278 4177 τοῖς
3319 4116 3400 4176 είς
3438 4114 3597 4165 αὐτὸν
3631 4114 3755 4167 ἀτε-

2179 4205 2361 4257 νίσασι
2401 4204 2494 4257 καὶ
2536 4204 2829 4272 φρικῶδες.
2880 4200 3053 4264 Εὐθὺς
3083 4203 3138 4255 δὲ
3189 4205 3238 4256 οἱ
3290 4204 3540 4268 κόλακες,
3592 4204 3755 4266 ἄλλος

2178 4296 2400 4350 ἄλλοθεν
2430 4295 2611 4365 φωνὰς
2635 4295 2825 4359 ἐϐόων,
2842 4295 2975 4346 Θεὸν
3014 4295 3534 4365 προσαγορεύοντες,
3581 4297 3753 4364 εὐμε-

509 4366 793 4435 quiehaut,
848 4383 902 4427 te.
954 4385 1207 4448 tanquam
1256 4384 1529 4442 hominem
1582 4395 1983 4464 pertimuimus,
2020 4401 2072 4454 in

2181 4390 2284 4451 νῶ;
2302 4392 2323 4423 ⁸
2340 4386 2477 4441 εἶναι
2504 4386 2829 4459 [ἀξιοῦντες.
2853 4384 2971 4457 καὶ]
3002 4386 3365 4454 ἐπιλέγοντες
3392 4389 3452 4441 Εἰ
3474 4389 3563 4439 καὶ
3588 4389 3751 4457 μέχρι

514 4466 791 4523 posterum
834 4468 980 4521 velut
1034 4470 1270 4528 humana
1311 4478 1644 4546 superiorem
1691 4495 1882 4539 natura
1908 4506 2071 4545 venc-

508 4550 770 4606 rabimur.
800 4553 907 4610 Rex
936 4559 1037 4614 ista
1060 4564 1307 4630 audiens,
1341 4583 1515 4637 neque
1545 4572 1688 4636 illos,
1716 4585 1774 4628 ut
1808 4595 1905 4645 par
1930 4589 2067 4644 erat,

508 4642 878 4710 reprehendit,
909 4662 1087 4716 neque
1115 4653 1333 4722 impiam
1366 4658 1730 4717 adulationem
1766 4668 1863 4721 abs
1892 4683 1951 4722 se
1983 4685 2070 4724 rc-

504 4724 658 4793 jecit.
686 4729 753 4783 At
785 4750 912 4787 vero
951 4739 1114 4803 paulo
1168 4754 1310 4811 post,
1363 4763 1485 4803 cum
1537 4756 1894 4822 suspexisset,
1940 4760 2071 4812 vidit

508 4815 782 4875 bubonem
826 4827 991 4894 capiti
1042 4846 1142 4885 suo
1181 4835 1575 4906 imminentem,
1627 4859 1689 4896 ac
1746 4846 1861 4898 funi
1909 4849 2067 4903 alicui

507 4905 854 4967 insidentem.
913 4915 1048 4972 Eum
1098 4925 1282 4979 statim
1335 4933 1557 4998 agnovit
1605 4938 1823 4991 nonnisi
1866 4938 2073 5008 impen-

504 4995 749 5053 dentium
785 5005 1047 5064 malorum
1085 5015 1334 5071 nuntium
1356 5035 1477 5075 esse
1510 5039 1523 5075 :
1555 5038 1619 5077 ac
1645 5028 1929 5093 repentino
1985 5029 2068 5083 di-

507 5103 679 5158 roque
730 5092 997 5152 viscerum
1059 5106 1377 5173 ventrisque
1427 5111 1615 5165 dolore
1659 5124 1970 5183 correptum
2024 5134 2082 5172 se

507 5184 699 5237 sensit.
745 5186 909 5259 256
956 5191 1136 5256 Quare
1169 5196 1618 5268 circumspiciens
1666 5205 1908 5259 amiros:
1943 5206 2077 5275 Ego,

509 5272 709 5343 inquit,
734 5280 828 5343 qui
875 5281 1030 5337 vobis
1082 5283 1219 5339 deus
1263 5303 1406 5351 sum,
1437 5290 1549 5358 jam
1581 5291 1745 5344 vitam
1773 5295 2078 5366 relinquere

600 5392 643 5425 "
672 5391 718 5446 II
743 5394 884 5449 Tim.
919 5412 993 5463 tv,
1024 5399 1111 5453 Il.

2179 4482 2272 4533 νῦν
2291 4481 2363 4541 ὡς
2387 4478 2672 4548 ἄνθρωπον
2689 4475 3055 4546 ἐφοϐήθημεν,
3077 4477 3539 4531 ἁλλὰτούντεῦθεν
3565 4478 3751 4547 κρείτ-

2176 4569 2303 4621 τονά
2332 4585 2389 4620 σε
2414 4567 2513 4635 τῆς
2546 4567 2762 4635 φύσεως
2778 4565 3166 4637 ὁμολογοῦμεν.
3189 4569 3303 4621 Οὐκ
3334 4569 3603 4636 ἐπέπληξε
3630 4567 3752 4619 τού-

2177 4676 2302 4722 τους
2335 4660 2362 4709 ό
2386 4657 2662 4727 βασιλεὺς,
2690 4656 2809 4710 οὐδὲ
2843 4656 2941 4727 τὴν
2958 4658 3246 4712 κολακείαν
3264 4660 3565 4713 ἀσεϐοῦσαν
3607 4661 3748 4711 ἀπε-

2177 4749 2408 4821 τρίψατο
2424 4748 2464 4803 ⁸.
2502 4747 2810 4815 ’Δνακύψας
2835 4746 2966 4815 γοῦν
2995 4748 3108 4818 μετ’
3143 4748 3344 4818 ὀλίγον,
3377 4750 3470 4803 τὸν
3502 4749 3750 4820 βουϐῶνα

2177 4841 2274 4905 τῆς
2338 4835 2530 4891 ἑαυτοῦ
2586 4836 2849 4906 κεφαλῆς,
2917 4836 3418 4908 ύπερκαθεξόμενον
3482 4838 3603 4891 ἰδὼν
3656 4841 3750 4892 ἐπὶ

2185 4929 2418 4999 σχοινίου
2489 4928 2673 4990 τινος,
2732 4926 2962 4995 ἄγγελον
3026 4927 3215 4979 τοῦτον
3278 4929 3439 4993 εὐθὺς
3523 4926 3750 5000 ἐν[ε]νό-

2176 5036 2276 5087 ησε
2319 5019 2488 5072 κακὸν
2526 5020 2545 5051 ⁷
2594 5013 2753 5085 εἶναι,
2820 5021 2914 5071 καὶ
2957 5015 3153 5070 οὔποτε
3186 5018 3295 5071 τῶν
3336 5019 3557 5088 ἀγαθῶν
3598 5020 3749 5089 γινό-

2182 5131 2341 5184 μενον
2380 5113 2422 5167 ⁸.
2465 5113 2789 5183 Διακάρδιον
2821 5111 2913 5165 οῦν
2958 5111 3117 5182 ἔσχεν
3166 5112 3359 5184 ὀδύνην
3385 5129 3400 5146 ο
3441 5114 3643 5184 ἄθρους
3697 5114 3745 5168 δ’

2176 5203 2327 5275 αύτῷ
2372 5204 2471 5274 τῆς
2519 5202 2728 5264 κοιλίας
2792 5203 3248 5273 ’προσήθροισεν,⁸
3301 5204 3544 5275 ἄλγημα,
3604 5204 3746 5275 μετᾶ

2178 5295 2538 5365 σφοδρότητος
2557 5293 2866 5364 ἀρῤἀμενος
2887 5292 2929 5323 ¹⁰
2955 5306 2968 5321 ·
2995 5293 3321 5364 ἀναθεωρῶν
3343 5293 3436 5349 οὖν
3458 5295 3592 5366 πρὸς
3615 5295 3743 5359 τοὺς

1693 5492 1894 5556 Variae
1914 5495 2219 5560 lectiones
2263 5502 2323 5558 et
2364 5501 2555 5557 notae.

586 5579 609 5612 ⁸
630 5582 736 5635 Τοῦ
766 5583 1148 5670 ξρυσοστξμου
1167 5587 1230 5640 ἐκ
1251 5584 1802 5670 τοῦῃκατέιοῦίατθαίον
1839 5592 1937 5663 τῆς
1994 5592 2037 5647 θ’
2077 5592 2311 5663 ὁμιλίας.
2342 5593 2363 5625 ⁸
2412 5592 2632 5664 εὐμενῆ.
2712 5594 2732 5626 ⁶
2758 5595 3123 5668 ἀπετρέψατο.
3202 5601 3222 5633 ⁷
3255 5601 3460 5655 κακῶν.
3503 5598 3507 5604 ’
3535 5602 3558 5635 ⁸
3589 5600 3743 5670 γενό-

519 5665 707 5717 μενον.
782 5653 1238 5726 οπροσήθρησεν.
1319 5656 1361 5689 ¹⁰
1388 5657 1709 5728 ἀρξάμενον,
