4058 6210
315 239 416 305 961
900 253 1438 320 EXPOSITIONIS
1476 261 1557 322 IN
1592 263 1781 325 ACTA
1818 252 2119 333 TEX'I‘US
2150 273 2399 336 ALTER
2459 305 2526 318 --
2558 283 2715 345 CAP.
2750 288 2923 351 XIII.
3457 300 3565 364 962

315 356 526 421 φίλους,
585 358 640 414 '0
686 362 819 426 θεὸς
867 366 994 435 ὑμῖν
1029 367 1167 436 ἐγὼ,
1212 372 1373 443 φησὶ,
1431 374 1532 443 ήδη
1584 377 1850 448 καταστρέ

1950 398 2173 454 .cogor,
2223 388 2414 452 falsas,
2466 407 2605 460 quas
2632 395 2699 449 de
2739 412 2825 451 me
2868 401 3195 473 protulistis,
3253 424 3415 464 voces
3446 411 3558 469 fato

317 461 440 512 φειν
477 449 515 478 ¹¹
542 450 835 522 ἐπείγομαι
882 456 975 510 τὸν
1007 458 1142 530 βίον,
1181 464 1523 534 παραχρῆμα
1563 466 1661 537 τῆς
1690 471 1850 540 είμαρ

320 534 486 570 "in...
513 539 610 570 ιρι...
634 542 753 570 ιιι-.
790 562 886 570 ..-η
921 566 1125 570 _-___,-
1194 552 1205 570 .
1235 557 1250 570 .
1444 556 1485 570 ..
1655 559 1666 570 .
1740 559 1783 570 ..

2057 449 2080 454 _
2401 449 2410 452 _
2485 449 2496 460 _
2748 449 2751 450 ν
2804 449 2821 451 -
2868 449 3195 473 r-----....-...,
3264 449 3554 469 ...νη-πω

1990 477 2109 530 sine
2138 493 2288 533 mora
2318 481 2726 542 demonstrantc
2753 505 2766 537 :
2793 491 2996 562 quique
3021 493 3348 556 immortalis
3370 517 3554 570 vocor,

317 534 486 605 μένης
513 539 610 602 τάς
631 542 756 608 ἄρτι
787 562 888 613 μου
920 552 1423 621 καταπεμψάμενος
1444 556 1485 586 ¹⁹
1526 534 1709 626 φωνὰς
1737 534 1850 627 έλεζι

1990 568 2123 621 mori
2150 566 2261 636 jam
2294 586 2518 628 necesse
2540 573 2729 634 habeo.

316 625 520 697 χούσης
546 644 559 659 ·
603 633 631 683 6
663 632 886 704 κληθεὶς
927 638 1195 706 ἀθάνατος
1227 645 1317 712 ὑφ’
1355 645 1528 716 ὑμῶν,
1567 648 1666 717 ἥδη
1707 625 1888 704 θανείν

314 715 606 788 ἐπείγομαι
632 723 693 776 ’³.

904 819 1157 879 ΚΕΦΑΛ.
1191 823 1295 880 ΙΘ’.

2566 845 2795 905 CAPUT
2834 850 2976 909 XIX.

904 849 1157 879 nu‘rnn.
1193 849 1259 878 In
1280 865 1295 880 .

323 898 665 973 Ἀποστολὴ
686 909 965 976 Βαρνάϐα
993 914 1092 967 καί
1139 918 1384 971 Παύλου
1414 918 1564 986 πρὸς
1588 920 1696 975 τοῦ
1722 923 1844 976 θείο

387 992 725 1022 Πυυ.ι..,.---
762 1015 807 1022 --
828 1020 837 1022 _
878 1003 951 1022 vr}
972 1017 1003 1022 _.
1020 1021 1029 1022 κ
1185 1006 1208 1022 οι
1457 1012 1471 1022 .
1571 1010 1583 1022 ι
1827 1014 1840 1022 .

2566 849 2795 905 CAPUT
2834 850 2976 909 XIX.

1983 927 2172 984 Missio
2196 930 2459 989 Barnaba'
2472 946 2521 993 et
2541 936 2702 993 Pauli
2728 959 2761 995 a
2783 941 2985 1011 Spiritu
3008 955 3193 1003 sancto
3216 950 3268 1003 in
3286 951 3550 1022 Cyprum;

378 992 728 1063 Πνεύματος
757 1015 845 1066 εις
870 1003 1114 1070 Κύπρον
1132 1022 1146 1036 °
1173 1006 1292 1061 ὅσα
1321 1025 1386 1062 τε
1420 1010 1778 1079 εἰργάσαντο
1815 1014 1850 1067 ἐτ

381 1079 1008 1112 Αυλ..,..-.τιμ.ηςτν,κω
1091 1095 1117 1106 -
1177 1099 1190 1112 .
1248 1099 1388 1112 ηπ...
1582 1100 1593 1112 .
1727 1101 1739 1112 .

2668 992 2693 993 η
2732 992 2757 995 μ,
2786 992 2983 1011 erm-“
3008 992 3190 1003 -....-.-
3217 992 3322 1007 ...υ
3358 992 3512 1021 ,η
3531 1000 3545 1021 ,

2051 1029 2100 1073 et
2132 1020 2196 1075 de
2233 1023 2298 1077 iis
2323 1040 2440 1099 quae
2467 1028 2571 1095 ipsi
2601 1031 2656 1083 in
2681 1037 2891 1089 nomine
2921 1033 3053 1091 Iesu
3086 1037 3284 1095 Christi
3311 992 3548 1112 [iecerunt

380 1079 625 1152 ὀνόματι
639 1086 841 1154 Ἰησοῦ
861 1093 1119 1159 Χριστοῦ
1139 1099 1228 1162 εις
1248 1099 1517 1168 Ἐλύμαν
1535 1100 1642 1155 τὸν
1655 1101 1850 1173 μάγον

2052 1109 2106 1163 in
2136 1079 2383 1181 Elyma‘m

735 1180 814 1249 Τῇ
861 1179 909 1249 γ’
935 1184 1034 1250 τῆς
1065 1192 1106 1238 ε’
1141 1187 1456 1257 ἑϐδομάδος.

2210 1179 2221 1181 ἡ
2262 1201 2418 1257 Feria
2459 1179 2622 1261 tertia
2660 1209 3020 1270 hebdomadas
3049 1218 3271 1288 quintae.

900 1273 1286 1331 KEIMENON.
2608 1298 2909 1358 TEXTUS.

376 1351 663 1423 Βαρνάϐας
693 1356 752 1410 δὲ
797 1359 892 1412 καὶ
925 1361 1137 1427 Παῦλος
1170 1365 1514 1437 ἐπέστρεψαν
1558 1368 1637 1430 είς
1683 1368 1850 1439 Ἰερου

2048 1358 2167 1426 ΧΠ,
2191 1361 2263 1417 25
2285 1380 2302 1431 ;
2323 1363 2463 1431 XIII,
2486 1351 2638 1423 {-121
2660 1351 2945 1430 Parnabas
2963 1383 3145 1432 autem
3173 1387 3227 1434 et
3249 1378 3448 1437 Saulus
3463 1399 3549 1439 re-

307 1442 509 1514 σαλὴμ,
536 1447 925 1518 πληρώσαντες
953 1453 1052 1523 τὴν
1081 1454 1383 1520 διακονίαν,
1414 1460 1847 1528 συμπαραλαϐόν

1975 1452 2122 1506 versi
2152 1464 2282 1508 sunt
2311 1458 2377 1509 ah
2421 1456 2775 1531 Jemsolymis
2818 1466 3037 1534 expleto
3080 1472 3403 1538 ministerio,
3450 1491 3543 1531 as-

302 1549 395 1596 τες
425 1537 521 1589 καὶ
564 1538 816 1611 Ἰωάννην
840 1542 933 1594 τὸν
961 1543 1395 1617 ἐπικαλούμενον
1415 1551 1664 1621 Μάρκον.
1693 1549 1850 1608 Ἧσαε

1974 1552 2193 1610 sumpto
2207 1542 2437 1612 Joanne,
2456 1551 2548 1619 qui
2569 1556 2987 1623 cognominatus
3009 1570 3094 1615 est
3117 1561 3351 1620 Marcus.
3377 1537 3544 1623 Erant

300 1623 359 1676 δέ
385 1642 527 1690 τινες
558 1629 615 1683 ἐν
660 1631 960 1704 ’Δντιοχείᾳ
989 1637 1130 1688 κατά
1158 1637 1255 1707 τὴν
1300 1636 1465 1693 οὖσαν
1522 1643 1868 1713 Ἐκκλησίαν,

1975 1639 2153 1687 autem
2190 1634 2244 1690 in
2273 1634 2519 1694 Ecclesia
2540 1656 2660 1711 quae
2687 1655 2806 1698 erat
2826 1646 3153 1715 Antiochiae,
3185 1654 3462 1722 propheta
3489 1666 3544 1710 et

299 1716 580 1786 προφῆται
629 1722 726 1775 καὶ
766 1723 1102 1788 διδάσκαλοι,
1148 1729 1175 1779 ὅ
1206 1746 1265 1780 τε
1295 1731 1585 1799 Βαρνάϐας
1632 1710 1727 1787 καί⁵
1772 1737 1850 1789 Συ

1972 1720 2248 1791 doctores,
2278 1728 2329 1780 in
2353 1729 2549 1799 quibus
2564 1710 2845 1789 Barnabas
2862 1744 2916 1789 et
2931 1735 3121 1791 Simon
3248 1710 3544 1801 vocabatur

301 1807 445 1876 μεὼν
465 1812 493 1863 6
523 1812 858 1882 καλούμενος
882 1816 1079 1885 Νίγερ,
1102 1818 1197 1869 καὶ
1230 1820 1460 1884 Λούκιος
1487 1824 1515 1876 6
1537 1824 1865 1895 Κυρηναῖος,

294 1899 525 1970 Μαναήν
552 1920 612 1956 τε
656 1904 899 1974 Ἡρώδου
935 1897 1029 1959 τοῦ
1068 1910 1368 1982 τετράρχου
1408 1913 1727 1986 σύντροφος,
1770 1921 1866 1973 καὶ

292 1986 518 2050 Σαῦλος.
566 1992 1045 2061 Λειτουργούντων
1085 1997 1143 2050 δὲ
1184 2000 1365 2055 αὐτῶν
1415 2002 1492 2073 τῷ
1522 2006 1733 2078 Κυρίῳ,
1771 2010 1866 2064 καὶ

293 2078 682 2147 νηστευόντων,
735 2078 857 2136 εἷπε
908 2083 970 2137 τὸ
1004 2086 1228 2157 Πνεῦμα
1274 2091 1334 2144 τὸ
1379 2093 1535 2161 ἅγιον
1568 2112 1583 2127 ⁸
1641 2098 1863 2170 Ἀφορί-

295 2183 424 2220 σατε
467 2168 528 2240 δή
565 2188 656 2238 μοι
695 2173 785 2225 τόν
834 2191 894 2226 τε
937 2175 1221 2246 Βαρνάϐαν
1270 2182 1365 2235 καὶ⁹
1415 2184 1504 2237 τὸν
1543 2186 1743 2240 Σαῦλον
1776 2168 1864 2253 είς

291 2259 352 2310 τὸ
374 2257 533 2329 ἔργον
566 2260 595 2313 δ
628 2265 1042 2335 προσκέκλημαι
1071 2269 1285 2335 αὐτούς.
1318 2273 1449 2327 Τότε
1469 2279 1863 2346 νηστεύσαντες

292 2348 390 2398 καὶ
420 2350 875 2420 προσευξάμενοι,
895 2356 988 2408 καὶ
1010 2356 1288 2423 ἐπιθέντες
1314 2362 1408 2423 τὰς
1434 2368 1624 2434 χεῖρας
1646 2368 1854 2433 αὐτοῖς,

287 2434 586 2493 ἀπέλυσαν.
641 2434 802 2494 Οὗτοι
853 2443 953 2512 μὲν
1006 2444 1100 2499 οὖν
1146 2450 1556 2519 ἐκπεμφθέντες
1613 2454 1718 2507 ὑπὸ
1765 2456 1857 2509 τοῦ

292 2527 608 2598 Πνεύματος
643 2531 738 2585 τοῦ
766 2534 945 2602 ἁγίου,
988 2538 1257 2609 κατῆλθον
1284 2544 1364 2604 είς
1393 2543 1492 2613 τὴν
1515 2545 1855 2600 Σελεύκειαν.

300 2615 539 2671 Ἐκεῖθεν
577 2619 634 2672 δὲ
661 2621 1012 2677 ἀπέπλευσαν
1057 2629 1139 2691 είς
1173 2629 1417 2701 Κύπρον,
1451 2634 1547 2685 καὶ
1577 2636 1856 2702 γενόμενοι

286 2706 347 2760 ἐν
389 2708 678 2779 Σαλαμῖνι,
727 2715 1098 2787 κατήγγελλον
1140 2719 1233 2774 τὸν
1289 2722 1446 2790 λόγον
1488 2724 1584 2777 τοῦ
1618 2724 1753 2780 Θεοῦ
1796 2731 1856 2783 ἐν

284 2798 405 2860 ταῖς
430 2804 771 2870 συναγωγαῖς
796 2803 904 2857 τῶν
941 2807 1234 2864 Ἰουδαίων.
1268 2808 1426 2882 Εἶχον
1447 2813 1504 2867 δὲ
1536 2816 1629 2868 καὶ
1674 2816 1856 2873 Ἰωάν·

283 2903 382 2956 νην
412 2889 711 2961 ὑπηρέτην.
736 2894 1048 2960 Διελθόντες
1074 2899 1132 2953 δὲ
1162 2901 1261 2973 τὴν
1289 2904 1452 2973 νῆσον
1477 2907 1605 2976 ἄχρι
1639 2908 1848 2979 Πάφου,

293 2972 451 3048 εὗρον
500 2981 621 3034 ἐκεῖ
653 2983 821 3054 ἄνδρα
858 2986 979 3041 τινά
1014 2988 1186 3059 μάγον
1225 2972 1677 3068 ψευδοπροφήτην
1725 2972 1853 3052 ‘Iou;

280 3069 447 3141 δαῖον,
475 3064 520 3138 ᾧ
542 3071 713 3142 δνομα
745 3075 1073 3147 Βαριησοῦς,
1106 3079 1165 3143 ὃς
1200 3083 1298 3136 σὺν
1333 3084 1413 3152 τῷ
1437 3064 1750 3156 ἀνθυπάτῳ
1783 3085 1851 3159 ἦν

279 3161 487 3232 Σεργίῳ
525 3164 744 3235 Παύλῳ,
797 3170 952 3238 ἀνδρὶ
986 3170 1213 3241 συνετῷ.
1264 3168 1433 3237 Οὗτος
1466 3179 1846 3245 προσκαλεσά-

285 3269 442 3322 μενος
488 3253 777 3325 Βαρνάϐαν
817 3262 912 3311 καὶ
964 3261 1188 3328 Σαῦλον,
1234 3264 1575 3335 ἐπεζήτησεν
1621 3268 1849 3322 ἀκοῦσαι

278 3341 370 3393 τὸν
400 3341 557 3410 λόγον
595 3342 691 3397 τοῦ
735 3345 892 3403 Θεοῦ.
946 3348 1260 3405 Ἀνθίστατο
1302 3351 1359 3405 δέ
1389 3353 1573 3417 αὐτοῖς
1613 3355 1848 3426 Ἐλύμας

277 3429 306 3482 6
340 3430 513 3498 μάγος
536 3429 700 3499 (οὕτω
730 3432 838 3504 γὰρ
867 3434 1333 3507 μεθερμηνεύεται
1363 3441 1424 3494 τὸ
1444 3442 1614 3514 ὄνομα
1633 3444 1843 3515 αὐτοῦ),

279 3518 458 3588 ζητῶν
487 3518 809 3591 διαστρέψαι
838 3523 928 3576 τὸν
962 3524 1274 3583 ἀνθύπατον
1301 3531 1411 3585 ἀπὸ
1449 3534 1549 3604 τῆς
1581 3533 1841 3598 πίστεως.

278 3607 483 3671 Σαῦλος
529 3609 611 3675 δὲ,
669 3612 700 3665 6
766 3615 862 3667 καὶ
922 3615 1154 3682 Παῦλος,
1209 3620 1474 3692 πλησθεὶς
1524 3624 1844 3695 Πνεύματος

277 3699 456 3767 ἁγίου,
492 3700 587 3754 καὶ
651 3703 905 3769 ἀτενίσας
949 3706 1029 3771 είς
1082 3709 1245 3764 αὐτὸν
1294 3707 1449 3766 εἶπεν
1480 3729 1495 3745 ’
1525 3709 1595 3766 Ὠ
1626 3715 1841 3786 πλήρης

278 3788 479 3851 παντὸς
508 3789 658 3843 δόλου
696 3793 790 3845 καὶ
831 3793 1014 3865 πάσης
1041 3796 1409 3868 ῥᾳδιουργίας,
1453 3799 1538 3853 υίὲ
1573 3800 1840 3868 διαϐόλου,

275 3875 437 3947 ἐχθρέ
487 3880 668 3950 πάσης
713 3880 1063 3954 δικαιοσύνης
1089 3923 1104 3949 ,
1145 3886 1208 3938 οὐ
1272 3887 1458 3959 παύση
1504 3888 1843 3960 διαστρέφων

273 3966 372 4029 τὰς
403 3967 555 4031 ὁδοὺς
586 3970 790 4041 Κυρίου
818 3972 917 4037 τὰς
962 3974 1218 4043 εὐθείας;
1265 3978 1376 4031 Καὶ
1418 3977 1516 4032 νῦν
1568 3980 1677 4034 ἰδοῦ
1718 3983 1841 4053 χεὶρ

274 4052 480 4123 Κυρίου
510 4054 602 4106 ἐπὶ
643 4057 724 4122 σὲ,
759 4058 854 4112 καὶ
880 4057 982 4132 ἔσῃ
1010 4062 1211 4131 τυφλὸς
1234 4065 1308 4135 μὴ
1339 4064 1552 4135 βλέπων
1573 4067 1665 4121 τὸν
1687 4069 1841 4139 ἥλιον

272 4140 401 4213 ἄχρι
445 4145 661 4217 καιροῦ.
716 4148 1070 4222 Παραχρῆμα
1119 4152 1178 4206 δὲ
1222 4155 1493 4209 ἐπέπεσεν
1541 4157 1629 4211 ἐπ’
1677 4159 1841 4213 αὑτὸν

279 4232 449 4303 ἀχλὺς
502 4238 599 4289 καὶ
652 4238 862 4308 σκότος,
900 4242 994 4295 καὶ
1031 4243 1311 4314 περιάγων
1351 4245 1532 4317 ἐζήτει
1570 4263 1841 4319 χειραγω-

272 4323 425 4389 γούς.
452 4326 586 4380 Τότε
617 4328 741 4383 ἰδὼν
760 4332 788 4383 6
811 4331 1119 4397 ἀνθύπατος
1136 4334 1198 4388 τὸ
1227 4336 1472 4404 γεγονὸς,
1501 4338 1836 4408 ἐπίστευσεν,
1870 4373 1918 4429 D

273 4415 708 4488 ἐκπληττόμενος
733 4420 825 4474 ἐπὶ
851 4425 916 4492 τῇ
939 4422 1125 4495 διδαχῇ
1156 4426 1251 4480 τοῦ
1279 4429 1507 4498 Κυρίου.

845 4513 1228 4574 EPMHNEIA.

342 4600 460 4653 Ἷνα
505 4601 639 4672 μηδὲ
682 4604 856 4676 ταύτῃ
889 4606 998 4660 τῶν
1046 4609 1362 4666 ἀποστόλων
1412 4614 1631 4672 ἔλαττον
1672 4617 1771 4691 ἔχῃ
1808 4621 1838 4674 6

269 4691 502 4756 Παῦλος,
551 4694 871 4765 μεθίστησιν
921 4697 1089 4751 αὑτοῦ
1132 4702 1162 4754 ὀ
1210 4701 1344 4766 Θεὸς
1389 4705 1453 4758 τὸ
1500 4705 1691 4778 ὄνομα,
1741 4710 1835 4763 καὶ

268 4782 475 4836 Σαῦλον
529 4785 679 4855 δντα,
720 4788 935 4844 Παῦλον
985 4790 1208 4845 ἐκάλεσε
1235 4810 1249 4824 ·
1299 4795 1396 4848 καὶ
1445 4797 1583 4869 ὅπερ
1619 4798 1776 4871 ἔσχεν
1812 4801 1841 4854 6

269 4873 579 4942 Κορυφαῖος
618 4878 726 4931 τῶν
771 4880 1032 4952 μαθητῶν
1077 4883 1152 4948 ὡς
1196 4884 1453 4940 ὑπόθεσιν
1501 4888 1678 4943 λάϐοι.
1723 4892 1842 4947 Ἵνα

268 4959 363 5014 οὖν
395 4962 563 5033 δείξῃ,
596 4966 680 5020 ὅτι
712 4970 811 5022 οὐκ
850 4967 918 5040 ἦν
955 4972 1128 5043 θυμοῦ
1167 4974 1235 5028 τὰ
1276 4976 1499 5046 ῥήματα
1532 4980 1769 5045 Παύλου,
1803 4981 1840 5035 ά

267 5051 407 5120 πρὸς
457 5052 694 5124 Ἐλύμαν
729 5060 831 5129 ἔφη
862 5062 953 5114 τὸν
986 5064 1180 5133 μάγον,
1220 5065 1308 5120 διὰ
1338 5067 1497 5121 τοῦτο
1528 5071 1835 5141 προλαϐὼν,

268 5138 391 5195 εἷπε
424 5159 439 5175 ⁸
475 5162 494 5196 ι
526 5146 790 5218 Πλησθεὶς
823 5152 1135 5221 Πνεύματος
1162 5156 1340 5224 ἁγίου.
1375 5177 1395 5209 ι
1429 5158 1491 5211 Et
1522 5138 1631 5233 γάρ
1664 5162 1828 5218 κολά-

267 5233 449 5298 ζοντος
482 5232 572 5307 ἦν,
617 5238 704 5292 διά
737 5243 935 5306 παντὸς
977 5245 1044 5298 ἂν
1085 5247 1306 5317 ἐποίησε
1349 5251 1549 5319 τυφλόν
1578 5269 1592 5283 ·
1633 5253 1728 5308 νῦν
1771 5256 1829 5308 δέ

264 5325 328 5377 οὐ
359 5326 537 5396 τοῦτο,
598 5330 712 5383 ἀλλ’
758 5351 776 5383 ι
818 5333 946 5405 ἄχρι
994 5335 1188 5407 καιροῦ
1215 5378 1230 5402 ,
1279 5356 1298 5391 ι
1338 5341 1484 5409 δριον
1526 5347 1588 5415 τῇ
1634 5349 1828 5418 γνώμῃ

1970 1814 2155 1886 Niger,
2176 1826 2230 1873 et
2251 1818 2456 1876 Lucius
2500 1820 2829 1903 Cyrenensis
2864 1832 2919 1880 et
2959 1826 3248 1895 Manahen,
3287 1835 3381 1902 qui
3423 1849 3542 1891 erat

1967 1903 2198 1962 Herodis
2211 1910 2494 1964 tetrarchae
2505 1912 2896 1977 collactaneus,
2914 1924 2970 1970 et
2985 1917 3206 1976 Saulus.
3227 1923 3540 1982 Ministran-

1967 1994 2113 2048 tibus
2135 2003 2313 2050 autem
2341 1998 2448 2053 illis
2475 1999 2726 2066 Domino,
2759 2015 2811 2058 et
2829 2005 3225 2076 jejunantihus,
3256 2013 3395 2068 dixit
3429 2017 3536 2072 illis

1964 2083 2201 2153 Spiritus
2220 2089 2480 2157 sanctus]:
2515 2088 2811 2161 Segregate
2835 2095 2965 2149 mihi
2986 2095 3289 2154 Barnabam
3309 2110 3364 2158 et
3397 2103 3538 2159 Sau-

1962 2167 2095 2236 lum,
2132 2170 2187 2224 in
2217 2187 2357 2242 opus
2381 2174 2449 2227 ad
2483 2178 2628 2244 quod
2661 2181 2935 2249 assumpsi
2956 2197 3071 2237 eos.
3108 2185 3263 2240 'I‘unc
3281 2189 3535 2257 jejunan-

1962 2263 2044 2311 tcs
2071 2268 2127 2312 et
2158 2270 2403 2323 orantes.
2448 2262 2902 2336 imponentesque
2941 2270 3022 2325 eis
3066 2287 3281 2341 manus,
3312 2277 3535 2336 dimise-

1962 2357 2153 2400 serunt
2180 2349 2326 2405 illos.
2360 2352 2426 2403 Et
2448 2352 2552 2421 ipsi
2579 2354 2799 2423 quidem
2828 2358 2980 2414 missi
3020 2377 3050 2415 a
3090 2362 3297 2433 Spiritu
3342 2381 3533 2426 sancto

1960 2437 2211 2492 abierunt
2241 2440 2547 2496 Seleuciam
2572 2459 2589 2511 ;
2621 2454 2676 2499 et
2706 2445 2832 2501 inde
2860 2451 3532 2529 navigaveruntCyprnm.

1961 2529 2170 2584 Etcum
2202 2531 2480 2588 venissent
2521 2531 2874 2602 Salaminam.
2904 2543 3272 2609 praedicabant
3302 2548 3529 2603 verbum

1957 2619 2053 2675 Dei
2111 2621 2166 2675 in
2212 2625 2501 2694 synagogis
2537 2624 2867 2685 Judazorum.
2916 2632 3197 2689 Habebam
3252 2648 3431 2693 autem
3475 2646 3530 2694 ct

1954 2710 2218 2768 Joannem
2271 2715 2326 2768 in
2375 2716 2699 2775 ministerio.
2760 2720 2825 2775 Et
2880 2737 3005 2778 cum
3059 2727 3531 2796 perambulassent

1957 2806 2265 2861 universam
2316 2807 2551 2864 insulam
2613 2827 2786 2883 usque
2850 2813 3138 2886 Paphum,
3198 2819 3527 2876 invenerunt

1955 2895 2245 2964 quemdam
2318 2898 2496 2952 virum
2559 2914 2774 2971 magum
2831 2907 3359 2976 pseudoprophetam
3427 2909 3528 2965 Ju-

1954 2984 2152 3048 dmum,
2180 2985 2269 3040 cui
2307 3002 2506 3043 nomen
2530 2996 2649 3043 erat
2675 2990 2923 3061 Barjesu,
2951 2998 3043 3065 qui
3077 3004 3197 3050 erat
3233 3012 3355 3051 cum
3401 3013 3528 3067 pro-

1954 3073 2179 3127 consule
2219 3072 2412 3143 Sergio
2455 3076 2624 3132 Paulo
2649 3079 2766 3133 viro
2798 3083 3087 3149 prudente.
3124 3083 3248 3151 Ilic,
3287 3086 3526 3140 accersi-

1954 3160 2024 3215 tis
2066 3158 2313 3215 Barnaba
2354 3171 2410 3217 et
2441 3164 2629 3230 Saulo,
2665 3165 3015 3225 desiderabat
3056 3172 3250 3228 audire
3295 3173 3523 3228 verbum

1948 3248 2070 3305 Dei.
2115 3248 2429 3308 Resistebat
2478 3263 2663 3310 autem
2720 3258 2829 3313 illis
2911 3260 3131 3332 Elymas
3177 3279 3371 3335 magus
3419 3265 3523 3336 (sic

1947 3338 2093 3392 enim
2136 3339 2531 3412 interpretatur
2563 3360 2761 3402 nomen
2805 3348 2971 3421 ejus),
2995 3367 3248 3422 quaerens
3278 3365 3523 3412 avertere

1946 3433 2329 3500 proconsulem
2358 3449 2389 3488 a
2418 3434 2544 3490 (Ide.
2590 3438 2791 3496 Saulus
2818 3451 3023 3509 autem,
3067 3444 3161 3513 qui
3195 3452 3250 3500 et
3296 3442 3519 3507 Paulus.

1947 3521 2189 3591 repletus
2222 3522 2431 3594 Spiritu
2482 3537 2697 3594 sancto,
2726 3531 2951 3589 intuens
2975 3534 3030 3588 in
3065 3549 3218 3602 eum,
3252 3537 3389 3591 dixit
3420 3555 3433 3590 :
3472 3538 3517 3592 Ο

1945 3612 2106 3682 plene
2135 3615 2285 3668 omni
2318 3614 2447 3670 dolo
2471 3623 2527 3670 et
2555 3619 2704 3672 omni
2749 3618 2988 3684 fallacia,
3032 3621 3109 3677 ﬁli
3151 3624 3375 3690 diaboli,
3413 3626 3522 3680 ini-

1944 3701 2086 3755 mice
2129 3701 2310 3756 omnis
2338 3700 2588 3770 iustitiae,
2632 3719 2740 3759 non
2790 3705 3000 3764 desinis
3035 3711 3352 3767 subvertere
3400 3714 3518 3771 vias

1946 3787 2162 3844 Domini
2189 3797 2372 3844 rectas
2404 3789 2517 3846 ‘tEt
2567 3807 2713 3847 nunc
2733 3807 2861 3849 ecce
2887 3810 3078 3853 manus
3108 3796 3319 3853 Domini
3352 3817 3520 3870 super

1945 3884 2022 3943 te,
2052 3887 2108 3935 et
2135 3878 2247 3934 eris
2275 3892 2452 3935 caecus
2501 3895 2612 3935 non
2641 3880 2832 3939 videns
2862 3884 3031 3939 solem
3067 3901 3243 3958 usque
3267 3889 3337 3943 ad
3379 3897 3518 3943 tem-

1944 3983 2067 4037 pus.
2101 3968 2172 4023 Et
2221 3967 2509 4025 confestim
2562 3971 2765 4026 cecidit
2805 3973 2858 4027 in
2893 3988 3016 4029 eum
3061 3976 3233 4047 caligo
3264 3985 3321 4031 et
3361 3987 3516 4032 tene-

1942 4056 2075 4121 brae,
2105 4064 2160 4112 et
2182 4057 2513 4114 circumiens
2558 4059 2834 4129 quaerebat
2862 4063 2959 4131 qui
2989 4061 3039 4116 ei
3084 4076 3304 4117 manum
3331 4061 3510 4118 daret.

1942 4145 2079 4201 Tum
2109 4148 2407 4217 proconsul
2443 4164 2570 4205 cum
2602 4150 2829 4206 vidisset
2856 4151 3016 4222 257
3050 4151 3280 4219 factum,
3330 4151 3511 4208 credi-

1939 4235 2018 4291 dit
2050 4237 2326 4298 admiraus
2353 4254 2521 4311 super
2548 4240 2799 4298 doctrina
2839 4242 3074 4299 Domini.

2449 4551 3017 4612 COMMENTARIUS.

2014 4636 2086 4693 Ut
2123 4652 2297 4709 neque
2343 4640 2399 4696 in
2445 4641 2549 4699 hac
2581 4654 2735 4713 parte
2765 4646 2861 4700 ulli
2893 4648 3255 4717 apostolorum
3297 4654 3510 4711 cederet

1941 4727 2169 4795 Paulus,
2225 4731 2367 4787 Deus
2420 4747 2619 4789 nomen
2673 4735 2850 4805 ipsius
2914 4744 3289 4808 commutavit,
3339 4754 3394 4800 et
3442 4762 3510 4802 ex

1942 4816 2131 4883 Saulo,
2161 4816 2390 4875 Paulum
2431 4824 2698 4895 appellari
2729 4826 2921 4892 voluit,
2955 4837 3016 4882 ut
3053 4833 3317 4900 eamdem,
3345 4852 3507 4905 quam

1935 4908 2330 4979 discipulorum
2359 4915 2701 4983 coryphaeus,
2727 4921 3135 4991 praerogativam
3164 4924 3406 4981 haberet.
3442 4925 3510 4982 Ut

1935 5015 2067 5055 vero
2107 5002 2357 5057 innueret
2401 5018 2558 5059 sacer
2604 5008 2859 5077 scriptor,
2908 5026 3030 5079 qua:
3055 5012 3256 5069 Paulus
3287 5017 3351 5070 ad
3382 5016 3510 5087 Ely-

1935 5104 2079 5144 mam
2113 5105 2326 5163 magum
2357 5094 2606 5162 protulit,
2647 5097 2812 5151 verba
2843 5099 3156 5171 neutiquam
3182 5119 3249 5158 ex
3279 5104 3497 5159 infenso

1936 5180 2119 5233 animo
2160 5181 2401 5250 profecta
2444 5199 2588 5250 esse,
2622 5195 2907 5256 prapterea
2937 5194 3366 5263 praeoccupando
3387 5195 3505 5250 ait:

1941 5286 1959 5319 ι
1986 5269 2245 5338 Repletus
2264 5272 2469 5343 Spiritu
2506 5283 2716 5331 sancto.
2750 5296 2769 5329 ι
2818 5279 2882 5333 Et
2927 5295 3057 5336 sane
3088 5284 3133 5336 si
3163 5284 3358 5351 punire
3377 5300 3503 5340 eum

1937 5359 2223 5426 voluisset,
2273 5364 2495 5422 omnino
2532 5374 2583 5422 et
2616 5366 2671 5421 in
2720 5380 3039 5438 perpetuum
3073 5384 3277 5425 caecum
3321 5372 3503 5430 reddi-

1442 5499 1648 5562 νει-ἰῶ
1699 5503 2007 5572 lectiones
2058 5518 2348 5576 etnotae.

330 5605 375 5653 4‘
404 5610 791 5682 καταστρέφειν
825 5610 969 5685 [sic].
1049 5616 1089 5648 "
1112 5619 1616 5692 καταψευσαμένας.
1700 5627 1744 5660 ⁸⁸
1775 5630 2082 5703 ἀπάγομαι.
