  <div class='ocr_page' id='page_1' title='image "/cluster/home/n/w/nwhite01/storage/ocr_20150623/125/hvd.32044073502429/530.png"; bbox 0 0 4058 6210; ppageno 0'>
   <div class='ocr_carea' id='block_1_1' title="bbox 383 312 3615 386">
    <p class='ocr_par' dir='ltr' id='par_1_1' title="bbox 383 312 3615 386">
     <span class='ocr_line' id='line_1_1' title="bbox 383 312 3615 386; baseline 0.003 -10"><span class='ocrx_word' id='word_1_1' title='bbox 383 314 490 376; x_wconf 65' lang='grc'><strong>965</strong></span> <span class='ocrx_word' id='word_1_2' title='bbox 1004 312 1534 373; x_wconf 75' lang='lat' dir='ltr'><strong>EXI’OSITIONIS</strong></span> <span class='ocrx_word' id='word_1_3' title='bbox 1572 314 1651 374; x_wconf 86' lang='lat' dir='ltr'><strong>1N</strong></span> <span class='ocrx_word' id='word_1_4' title='bbox 1683 314 1871 373; x_wconf 69' lang='lat' dir='ltr'><strong>ACTA</strong></span> <span class='ocrx_word' id='word_1_5' title='bbox 1893 314 2189 374; x_wconf 77' lang='lat' dir='ltr'><strong>TEXTUS</strong></span> <span class='ocrx_word' id='word_1_6' title='bbox 2222 314 2489 375; x_wconf 77' lang='lat' dir='ltr'><strong>ALTER.</strong></span> <span class='ocrx_word' id='word_1_7' title='bbox 2522 339 2586 349; x_wconf 90' lang='grc'><strong><em>-</em></strong></span> <span class='ocrx_word' id='word_1_8' title='bbox 2618 317 2773 379; x_wconf 73' lang='lat' dir='ltr'><strong>CAP.</strong></span> <span class='ocrx_word' id='word_1_9' title='bbox 2810 318 2989 377; x_wconf 80' lang='lat' dir='ltr'><strong>Xlll.</strong></span> <span class='ocrx_word' id='word_1_10' title='bbox 3514 324 3615 386; x_wconf 77' lang='lat'><strong>966</strong></span> 
     </span>
    </p>
   </div>
   <div class='ocr_carea' id='block_1_2' title="bbox 382 422 1984 499">
    <p class='ocr_par' dir='ltr' id='par_1_2' title="bbox 382 422 1984 496">
     <span class='ocr_line' id='line_1_2' title="bbox 382 422 1984 496; baseline -0.001 -19"><span class='ocrx_word' id='word_1_11' title='bbox 382 427 588 477; x_wconf 79' lang='grc' dir='ltr'>κεῖνται</span> <span class='ocrx_word' id='word_1_12' title='bbox 609 426 665 475; x_wconf 91' lang='grc' dir='ltr'><strong>ἐν</strong></span> <span class='ocrx_word' id='word_1_13' title='bbox 691 424 756 492; x_wconf 77' lang='grc' dir='ltr'>τῇ</span> <span class='ocrx_word' id='word_1_14' title='bbox 791 422 955 496; x_wconf 67' lang='grc' dir='ltr'>βίβλῳ</span> <span class='ocrx_word' id='word_1_15' title='bbox 987 423 1096 474; x_wconf 81' lang='grc' dir='ltr'>τῶν</span> <span class='ocrx_word' id='word_1_16' title='bbox 1128 424 1450 490; x_wconf 79' lang='grc' dir='ltr'>Βασιλειῶν,</span> <span class='ocrx_word' id='word_1_17' title='bbox 1485 426 1519 496; x_wconf 79' lang='grc' dir='ltr'>ἢ</span> <span class='ocrx_word' id='word_1_18' title='bbox 1550 424 1708 492; x_wconf 88' lang='grc' dir='ltr'>μόνον</span> <span class='ocrx_word' id='word_1_19' title='bbox 1736 441 1947 494; x_wconf 79' lang='grc' dir='ltr'>προφη-</span> <span class='ocrx_word' id='word_1_20' title='bbox 1978 471 1984 483; x_wconf 40' lang='grc' dir='ltr'>ι</span> 
     </span>
    </p>
   </div>
   <div class='ocr_carea' id='block_1_3' title="bbox 2014 422 3616 499">
    <p class='ocr_par' dir='ltr' id='par_1_3' title="bbox 2014 425 3616 499">
     <span class='ocr_line' id='line_1_3' title="bbox 2014 425 3616 499; baseline 0.005 -18"><span class='ocrx_word' id='word_1_21' title='bbox 2014 464 2017 481; x_wconf 55' lang='grc' dir='ltr'>ι</span> <span class='ocrx_word' id='word_1_22' title='bbox 2051 426 2212 480; x_wconf 86' lang='lat' dir='ltr'><strong>verba</strong></span> <span class='ocrx_word' id='word_1_23' title='bbox 2246 425 2348 480; x_wconf 87' lang='lat' dir='ltr'><strong>ista</strong></span> <span class='ocrx_word' id='word_1_24' title='bbox 2382 441 2486 479; x_wconf 90' lang='lat' dir='ltr'><strong>non</strong></span> <span class='ocrx_word' id='word_1_25' title='bbox 2516 435 2730 482; x_wconf 82' lang='lat' dir='ltr'><strong>exstare</strong></span> <span class='ocrx_word' id='word_1_26' title='bbox 2755 427 2808 481; x_wconf 91' lang='lat' dir='ltr'><strong>in</strong></span> <span class='ocrx_word' id='word_1_27' title='bbox 2837 429 2985 483; x_wconf 83' lang='lat' dir='ltr'><strong>libris</strong></span> <span class='ocrx_word' id='word_1_28' title='bbox 3011 428 3241 499; x_wconf 80' lang='lat' dir='ltr'><strong>Regum,</strong></span> <span class='ocrx_word' id='word_1_29' title='bbox 3266 435 3357 486; x_wconf 87' lang='lat' dir='ltr'><strong>sed</strong></span> <span class='ocrx_word' id='word_1_30' title='bbox 3383 443 3616 491; x_wconf 81' lang='lat' dir='ltr'><strong>lautum-</strong></span> 
     </span>
    </p>
   </div>
   <div class='ocr_carea' id='block_1_4' title="bbox 382 512 1984 590">
    <p class='ocr_par' dir='ltr' id='par_1_4' title="bbox 382 512 1946 585">
     <span class='ocr_line' id='line_1_4' title="bbox 382 512 1946 585; baseline 0 -18"><span class='ocrx_word' id='word_1_31' title='bbox 382 515 547 575; x_wconf 83' lang='grc' dir='ltr'>τικῶς</span> <span class='ocrx_word' id='word_1_32' title='bbox 587 512 689 565; x_wconf 79' lang='grc' dir='ltr'><strong>ὑπὸ</strong></span> <span class='ocrx_word' id='word_1_33' title='bbox 722 516 813 565; x_wconf 84' lang='grc' dir='ltr'><strong>τοῦ</strong></span> <span class='ocrx_word' id='word_1_34' title='bbox 842 513 1095 582; x_wconf 82' lang='grc' dir='ltr'>Σαμουὴλ</span> <span class='ocrx_word' id='word_1_35' title='bbox 1126 515 1394 585; x_wconf 81' lang='grc' dir='ltr'><strong>εἰρημένα</strong></span> <span class='ocrx_word' id='word_1_36' title='bbox 1424 516 1559 583; x_wconf 88' lang='grc' dir='ltr'>πρὸς</span> <span class='ocrx_word' id='word_1_37' title='bbox 1598 514 1688 566; x_wconf 83' lang='grc' dir='ltr'><strong>τὸν</strong></span> <span class='ocrx_word' id='word_1_38' title='bbox 1736 514 1911 567; x_wconf 84' lang='grc' dir='ltr'>Σαούλ</span> <span class='ocrx_word' id='word_1_39' title='bbox 1933 533 1946 545; x_wconf 92' lang='grc'><strong>·</strong></span> 
     </span>
    </p>
   </div>
   <div class='ocr_carea' id='block_1_5' title="bbox 2010 512 3612 590">
    <p class='ocr_par' dir='ltr' id='par_1_5' title="bbox 2057 516 3612 590">
     <span class='ocr_line' id='line_1_5' title="bbox 2057 516 3612 590; baseline 0.006 -21"><span class='ocrx_word' id='word_1_40' title='bbox 2057 516 2347 571; x_wconf 72' lang='lat' dir='ltr'><strong>ntodoheec</strong></span> <span class='ocrx_word' id='word_1_41' title='bbox 2380 518 2736 586; x_wconf 79' lang='lat' dir='ltr'><strong>propheticea</strong></span> <span class='ocrx_word' id='word_1_42' title='bbox 2764 521 3017 573; x_wconf 82' lang='lat' dir='ltr'><strong>Samuele</strong></span> <span class='ocrx_word' id='word_1_43' title='bbox 3048 523 3250 590; x_wconf 86' lang='lat' dir='ltr'><strong>prolata</strong></span> <span class='ocrx_word' id='word_1_44' title='bbox 3279 528 3343 577; x_wconf 91' lang='lat' dir='ltr'><strong>ad</strong></span> <span class='ocrx_word' id='word_1_45' title='bbox 3373 524 3564 578; x_wconf 75' lang='lat' dir='ltr'><strong>Saul”</strong></span> <span class='ocrx_word' id='word_1_46' title='bbox 3598 546 3612 583; x_wconf 86' lang='lat'><strong>:</strong></span> 
     </span>
    </p>
   </div>
   <div class='ocr_carea' id='block_1_6' title="bbox 389 603 1991 683">
    <p class='ocr_par' dir='ltr' id='par_1_6' title="bbox 389 603 1952 674">
     <span class='ocr_line' id='line_1_6' title="bbox 389 603 1952 674; baseline -0.003 -15"><span class='ocrx_word' id='word_1_47' title='bbox 389 628 404 659; x_wconf 87' lang='grc' dir='ltr'>ι</span> <span class='ocrx_word' id='word_1_48' title='bbox 432 605 587 659; x_wconf 72' lang='grc' dir='ltr'>Οὕτω</span> <span class='ocrx_word' id='word_1_49' title='bbox 629 606 724 657; x_wconf 61' lang='grc' dir='ltr'>καὶ</span> <span class='ocrx_word' id='word_1_50' title='bbox 770 605 926 674; x_wconf 82' lang='grc' dir='ltr'>νῦνή</span> <span class='ocrx_word' id='word_1_51' title='bbox 968 603 1225 656; x_wconf 77' lang='grc' dir='ltr'>Βασιλεία</span> <span class='ocrx_word' id='word_1_52' title='bbox 1276 622 1368 657; x_wconf 83' lang='grc' dir='ltr'><strong>σου</strong></span> <span class='ocrx_word' id='word_1_53' title='bbox 1420 605 1500 656; x_wconf 72' lang='grc' dir='ltr'><strong>οὑι</strong></span> <span class='ocrx_word' id='word_1_54' title='bbox 1531 605 1818 670; x_wconf 70' lang='grc' dir='ltr'>στήσεταισ</span> <span class='ocrx_word' id='word_1_55' title='bbox 1859 604 1952 656; x_wconf 74' lang='grc' dir='ltr'><strong>καὶ</strong></span> 
     </span>
    </p>
   </div>
   <div class='ocr_carea' id='block_1_7' title="bbox 2008 603 3610 683">
    <p class='ocr_par' dir='ltr' id='par_1_7' title="bbox 2059 608 3610 683">
     <span class='ocr_line' id='line_1_7' title="bbox 2059 608 3610 683; baseline 0.008 -25"><span class='ocrx_word' id='word_1_56' title='bbox 2059 627 2075 658; x_wconf 80' lang='grc' dir='ltr'>ι</span> <span class='ocrx_word' id='word_1_57' title='bbox 2128 608 2480 677; x_wconf 74' lang='lat' dir='ltr'><strong>Nequaquam</strong></span> <span class='ocrx_word' id='word_1_58' title='bbox 2553 626 2775 677; x_wconf 79' lang='lat' dir='ltr'><strong>regnum</strong></span> <span class='ocrx_word' id='word_1_59' title='bbox 2849 621 3000 664; x_wconf 89' lang='lat' dir='ltr'><strong>tuum</strong></span> <span class='ocrx_word' id='word_1_60' title='bbox 3094 614 3235 666; x_wconf 88' lang='lat' dir='ltr'><strong>ultra</strong></span> <span class='ocrx_word' id='word_1_61' title='bbox 3298 627 3610 683; x_wconf 65' lang='lat' dir='ltr'><strong>consurget.</strong></span> 
     </span>
    </p>
   </div>
   <div class='ocr_carea' id='block_1_8' title="bbox 382 694 1984 769">
    <p class='ocr_par' dir='ltr' id='par_1_8' title="bbox 382 694 1951 767">
     <span class='ocr_line' id='line_1_8' title="bbox 382 694 1951 767; baseline -0.003 -18"><span class='ocrx_word' id='word_1_62' title='bbox 382 698 604 767; x_wconf 77' lang='grc' dir='ltr'>ζητήσει</span> <span class='ocrx_word' id='word_1_63' title='bbox 632 696 834 766; x_wconf 81' lang='grc' dir='ltr'>Κύριος</span> <span class='ocrx_word' id='word_1_64' title='bbox 877 694 1056 764; x_wconf 82' lang='grc' dir='ltr'>ἐαυτῷ</span> <span class='ocrx_word' id='word_1_65' title='bbox 1094 696 1380 765; x_wconf 70' lang='grc' dir='ltr'>ἄνθρωπον</span> <span class='ocrx_word' id='word_1_66' title='bbox 1419 697 1558 747; x_wconf 79' lang='grc' dir='ltr'>κατά</span> <span class='ocrx_word' id='word_1_67' title='bbox 1595 694 1691 762; x_wconf 82' lang='grc' dir='ltr'><strong>τὴν</strong></span> <span class='ocrx_word' id='word_1_68' title='bbox 1725 695 1951 762; x_wconf 79' lang='grc' dir='ltr'>καρδίαν</span> 
     </span>
    </p>
   </div>
   <div class='ocr_carea' id='block_1_9' title="bbox 2012 694 3614 769">
    <p class='ocr_par' dir='ltr' id='par_1_9' title="bbox 2052 697 3614 769">
     <span class='ocr_line' id='line_1_9' title="bbox 2052 697 3614 769; baseline 0.008 -22"><span class='ocrx_word' id='word_1_69' title='bbox 2052 697 2312 762; x_wconf 72' lang='lat' dir='ltr'><strong>th‘sivit</strong></span> <span class='ocrx_word' id='word_1_70' title='bbox 2360 698 2622 753; x_wconf 81' lang='lat' dir='ltr'><strong>Dmninus</strong></span> <span class='ocrx_word' id='word_1_71' title='bbox 2676 701 2777 752; x_wconf 64' lang='lat' dir='ltr'><strong>siti</strong></span> <span class='ocrx_word' id='word_1_72' title='bbox 2824 703 2995 757; x_wconf 77' lang='lat' dir='ltr'><strong>vitum</strong></span> <span class='ocrx_word' id='word_1_73' title='bbox 3026 704 3180 768; x_wconf 80' lang='lat' dir='ltr'><strong>jnxla</strong></span> <span class='ocrx_word' id='word_1_74' title='bbox 3217 721 3310 756; x_wconf 85' lang='lat' dir='ltr'><strong>cor</strong></span> <span class='ocrx_word' id='word_1_75' title='bbox 3342 723 3524 769; x_wconf 77' lang='lat' dir='ltr'><strong>suum,</strong></span> <span class='ocrx_word' id='word_1_76' title='bbox 3561 717 3614 760; x_wconf 77' lang='lat' dir='ltr'><strong>et</strong></span> 
     </span>
    </p>
   </div>
   <div class='ocr_carea' id='block_1_10' title="bbox 379 786 1981 863">
    <p class='ocr_par' dir='ltr' id='par_1_10' title="bbox 379 786 1951 857">
     <span class='ocr_line' id='line_1_10' title="bbox 379 786 1951 857; baseline -0.003 -15"><span class='ocrx_word' id='word_1_77' title='bbox 379 788 595 849; x_wconf 73' lang='grc' dir='ltr'>ἑαυτοῦ,</span> <span class='ocrx_word' id='word_1_78' title='bbox 628 791 723 840; x_wconf 75' lang='grc' dir='ltr'><strong>καὶ</strong></span> <span class='ocrx_word' id='word_1_79' title='bbox 760 789 1051 840; x_wconf 70' lang='grc' dir='ltr'>ἐντελεῖται</span> <span class='ocrx_word' id='word_1_80' title='bbox 1099 788 1300 857; x_wconf 74' lang='grc' dir='ltr'>Κύριος</span> <span class='ocrx_word' id='word_1_81' title='bbox 1342 789 1419 848; x_wconf 83' lang='grc' dir='ltr'>εἰς</span> <span class='ocrx_word' id='word_1_82' title='bbox 1457 787 1691 855; x_wconf 78' lang='grc' dir='ltr'>ἄρχοντα</span> <span class='ocrx_word' id='word_1_83' title='bbox 1731 787 1824 838; x_wconf 71' lang='grc' dir='ltr'><strong>ἐπὶ</strong></span> <span class='ocrx_word' id='word_1_84' title='bbox 1860 786 1951 838; x_wconf 86' lang='grc' dir='ltr'><strong>τὸν</strong></span> 
     </span>
    </p>
   </div>
   <div class='ocr_carea' id='block_1_11' title="bbox 2008 786 3610 863">
    <p class='ocr_par' dir='ltr' id='par_1_11' title="bbox 2054 789 3610 863">
     <span class='ocr_line' id='line_1_11' title="bbox 2054 789 3610 863; baseline 0.006 -23"><span class='ocrx_word' id='word_1_85' title='bbox 2054 789 2311 857; x_wconf 65' lang='lat' dir='ltr'><strong>prmi-epit</strong></span> <span class='ocrx_word' id='word_1_86' title='bbox 2341 794 2387 841; x_wconf 78' lang='lat' dir='ltr'><strong>ei</strong></span> <span class='ocrx_word' id='word_1_87' title='bbox 2426 789 2708 854; x_wconf 77' lang='lat' dir='ltr'><strong>Dominus,</strong></span> <span class='ocrx_word' id='word_1_88' title='bbox 2744 804 2793 844; x_wconf 88' lang='lat' dir='ltr'><strong>ut</strong></span> <span class='ocrx_word' id='word_1_89' title='bbox 2834 804 2979 845; x_wconf 61' lang='lat' dir='ltr'><strong>esset</strong></span> <span class='ocrx_word' id='word_1_90' title='bbox 3011 800 3114 846; x_wconf 72' lang='lat' dir='ltr'><strong>dux</strong></span> <span class='ocrx_word' id='word_1_91' title='bbox 3162 812 3325 861; x_wconf 52' lang='lat' dir='ltr'><strong>super</strong></span> <span class='ocrx_word' id='word_1_92' title='bbox 3359 800 3610 863; x_wconf 81' lang='lat' dir='ltr'><strong>populum</strong></span> 
     </span>
    </p>
   </div>
   <div class='ocr_carea' id='block_1_12' title="bbox 378 877 1980 953">
    <p class='ocr_par' dir='ltr' id='par_1_12' title="bbox 378 877 1948 946">
     <span class='ocr_line' id='line_1_12' title="bbox 378 877 1948 946; baseline -0.003 -13"><span class='ocrx_word' id='word_1_93' title='bbox 378 881 502 933; x_wconf 84' lang='grc' dir='ltr'>λαὸν</span> <span class='ocrx_word' id='word_1_94' title='bbox 521 879 709 940; x_wconf 80' lang='grc' dir='ltr'>αὑτοῦ,</span> <span class='ocrx_word' id='word_1_95' title='bbox 733 881 813 931; x_wconf 76' lang='grc' dir='ltr'>ὅτι</span> <span class='ocrx_word' id='word_1_96' title='bbox 842 880 939 931; x_wconf 75' lang='grc' dir='ltr'><strong>οὐκ</strong></span> <span class='ocrx_word' id='word_1_97' title='bbox 962 879 1250 946; x_wconf 63' lang='grc' dir='ltr'>ἐφύλαξας,</span> <span class='ocrx_word' id='word_1_98' title='bbox 1273 880 1371 930; x_wconf 78' lang='grc' dir='ltr'><strong>ὅσα</strong></span> <span class='ocrx_word' id='word_1_99' title='bbox 1401 879 1700 930; x_wconf 72' lang='grc' dir='ltr'>ἐνετείλατό</span> <span class='ocrx_word' id='word_1_100' title='bbox 1734 894 1812 929; x_wconf 80' lang='grc' dir='ltr'><strong>σοι</strong></span> <span class='ocrx_word' id='word_1_101' title='bbox 1838 877 1948 930; x_wconf 74' lang='grc' dir='ltr'><strong>Κύ-</strong></span> 
     </span>
    </p>
   </div>
   <div class='ocr_carea' id='block_1_13' title="bbox 2012 877 3614 953">
    <p class='ocr_par' dir='ltr' id='par_1_13' title="bbox 2052 882 3614 953">
     <span class='ocr_line' id='line_1_13' title="bbox 2052 882 3614 953; baseline 0.004 -22"><span class='ocrx_word' id='word_1_102' title='bbox 2052 893 2317 942; x_wconf 86' lang='lat' dir='ltr'><strong>suum,eo</strong></span> <span class='ocrx_word' id='word_1_103' title='bbox 2346 882 2488 948; x_wconf 85' lang='lat' dir='ltr'><strong>quod</strong></span> <span class='ocrx_word' id='word_1_104' title='bbox 2517 896 2622 934; x_wconf 88' lang='lat' dir='ltr'><strong>non</strong></span> <span class='ocrx_word' id='word_1_105' title='bbox 2654 887 2958 936; x_wconf 65' lang='lat' dir='ltr'><strong>servaveris</strong></span> <span class='ocrx_word' id='word_1_106' title='bbox 3008 902 3128 953; x_wconf 80' lang='lat' dir='ltr'><strong>quae</strong></span> <span class='ocrx_word' id='word_1_107' title='bbox 3160 889 3405 951; x_wconf 66' lang='lat' dir='ltr'><strong>praewpit</strong></span> <span class='ocrx_word' id='word_1_108' title='bbox 3434 887 3614 939; x_wconf 74' lang='lat' dir='ltr'><strong>llmni-</strong></span> 
     </span>
    </p>
   </div>
   <div class='ocr_carea' id='block_1_14' title="bbox 383 964 1985 1039">
    <p class='ocr_par' dir='ltr' id='par_1_14' title="bbox 383 964 1950 1039">
     <span class='ocr_line' id='line_1_14' title="bbox 383 964 1950 1039; baseline -0.003 -17"><span class='ocrx_word' id='word_1_109' title='bbox 383 988 546 1039; x_wconf 75' lang='grc' dir='ltr'>ριος.»</span> <span class='ocrx_word' id='word_1_110' title='bbox 575 970 682 1022; x_wconf 68' lang='grc' dir='ltr'>Καὶ</span> <span class='ocrx_word' id='word_1_111' title='bbox 701 967 944 1020; x_wconf 64' lang='grc' dir='ltr'>ἐντεῦῢεν</span> <span class='ocrx_word' id='word_1_112' title='bbox 971 970 996 1019; x_wconf 81' lang='grc' dir='ltr'><strong>δ</strong></span> <span class='ocrx_word' id='word_1_113' title='bbox 1019 968 1226 1029; x_wconf 79' lang='grc' dir='ltr'>Παῦλος</span> <span class='ocrx_word' id='word_1_114' title='bbox 1250 968 1419 1028; x_wconf 83' lang='grc' dir='ltr'>οὑτως</span> <span class='ocrx_word' id='word_1_115' title='bbox 1439 968 1625 1037; x_wconf 79' lang='grc' dir='ltr'>εἴρηκε</span> <span class='ocrx_word' id='word_1_116' title='bbox 1648 968 1707 1017; x_wconf 76' lang='grc' dir='ltr'><strong>τὸ</strong></span> <span class='ocrx_word' id='word_1_117' title='bbox 1733 986 1750 1017; x_wconf 83' lang='grc' dir='ltr'>ι</span> <span class='ocrx_word' id='word_1_118' title='bbox 1782 964 1950 1037; x_wconf 71' lang='grc' dir='ltr'>Εἶρον</span> 
     </span>
    </p>
   </div>
   <div class='ocr_carea' id='block_1_15' title="bbox 2008 964 3610 1039">
    <p class='ocr_par' dir='ltr' id='par_1_15' title="bbox 2052 969 3610 1031">
     <span class='ocr_line' id='line_1_15' title="bbox 2052 969 3610 1031; baseline 0.006 -10"><span class='ocrx_word' id='word_1_119' title='bbox 2052 986 2173 1023; x_wconf 88' lang='lat' dir='ltr'><strong>nus.</strong></span> <span class='ocrx_word' id='word_1_120' title='bbox 2213 989 2230 1020; x_wconf 79' lang='grc' dir='ltr'>ι</span> <span class='ocrx_word' id='word_1_121' title='bbox 2277 969 2411 1021; x_wconf 85' lang='lat' dir='ltr'><strong>lline</strong></span> <span class='ocrx_word' id='word_1_122' title='bbox 2465 987 2592 1023; x_wconf 67' lang='grc' dir='ltr'>νυνι)</span> <span class='ocrx_word' id='word_1_123' title='bbox 2653 972 2855 1026; x_wconf 81' lang='lat' dir='ltr'><strong>Paulus</strong></span> <span class='ocrx_word' id='word_1_124' title='bbox 2914 975 3015 1027; x_wconf 88' lang='lat' dir='ltr'><strong>sibi</strong></span> <span class='ocrx_word' id='word_1_125' title='bbox 3085 974 3389 1028; x_wconf 75' lang='lat' dir='ltr'><strong>rilormavit</strong></span> <span class='ocrx_word' id='word_1_126' title='bbox 3439 978 3610 1031; x_wconf 84' lang='lat' dir='ltr'><strong>illud:</strong></span> 
     </span>
    </p>
   </div>
   <div class='ocr_carea' id='block_1_16' title="bbox 378 1056 1980 1129">
    <p class='ocr_par' dir='ltr' id='par_1_16' title="bbox 378 1056 1949 1129">
     <span class='ocr_line' id='line_1_16' title="bbox 378 1056 1949 1129; baseline -0.003 -18"><span class='ocrx_word' id='word_1_127' title='bbox 378 1061 569 1118; x_wconf 64' lang='lat' dir='ltr'><strong>A2616,</strong></span> <span class='ocrx_word' id='word_1_128' title='bbox 597 1060 687 1111; x_wconf 86' lang='grc' dir='ltr'><strong>τὸν</strong></span> <span class='ocrx_word' id='word_1_129' title='bbox 708 1058 890 1109; x_wconf 72' lang='grc' dir='ltr'>δοῦλον</span> <span class='ocrx_word' id='word_1_130' title='bbox 918 1076 1041 1129; x_wconf 83' lang='grc' dir='ltr'>μου,</span> <span class='ocrx_word' id='word_1_131' title='bbox 1083 1059 1173 1110; x_wconf 77' lang='grc' dir='ltr'><strong>τὸν</strong></span> <span class='ocrx_word' id='word_1_132' title='bbox 1221 1059 1313 1110; x_wconf 85' lang='grc' dir='ltr'><strong>τοῦ</strong></span> <span class='ocrx_word' id='word_1_133' title='bbox 1338 1059 1552 1119; x_wconf 74' lang='grc' dir='ltr'>Ἰεσσαὶ,</span> <span class='ocrx_word' id='word_1_134' title='bbox 1606 1058 1772 1125; x_wconf 68' lang='grc' dir='ltr'>ἄνδρα</span> <span class='ocrx_word' id='word_1_135' title='bbox 1808 1056 1949 1108; x_wconf 73' lang='grc' dir='ltr'>κατὰ</span> 
     </span>
    </p>
   </div>
   <div class='ocr_carea' id='block_1_17' title="bbox 2011 1056 3613 1129">
    <p class='ocr_par' dir='ltr' id='par_1_17' title="bbox 2056 1060 3613 1124">
     <span class='ocr_line' id='line_1_17' title="bbox 2056 1060 3613 1124; baseline 0.005 -14"><span class='ocrx_word' id='word_1_136' title='bbox 2056 1078 2074 1110; x_wconf 77' lang='grc' dir='ltr'>ι</span> <span class='ocrx_word' id='word_1_137' title='bbox 2113 1060 2521 1121; x_wconf 69' lang='lat' dir='ltr'><strong>Invt-ni-David,</strong></span> <span class='ocrx_word' id='word_1_138' title='bbox 2560 1063 2727 1115; x_wconf 81' lang='lat' dir='ltr'><strong>lilium</strong></span> <span class='ocrx_word' id='word_1_139' title='bbox 2768 1063 2942 1124; x_wconf 49' lang='grc' dir='ltr'>δυκερ,</span> <span class='ocrx_word' id='word_1_140' title='bbox 2978 1068 3150 1116; x_wconf 86' lang='lat' dir='ltr'><strong>virum</strong></span> <span class='ocrx_word' id='word_1_141' title='bbox 3188 1065 3486 1119; x_wconf 69' lang='lat' dir='ltr'><strong>secundum</strong></span> <span class='ocrx_word' id='word_1_142' title='bbox 3519 1082 3613 1121; x_wconf 88' lang='lat' dir='ltr'><strong>cor</strong></span> 
     </span>
    </p>
   </div>
   <div class='ocr_carea' id='block_1_18' title="bbox 378 1142 1980 1220">
    <p class='ocr_par' dir='ltr' id='par_1_18' title="bbox 378 1142 1980 1220">
     <span class='ocr_line' id='line_1_18' title="bbox 378 1142 1980 1220; baseline -0.002 -19"><span class='ocrx_word' id='word_1_143' title='bbox 378 1150 475 1220; x_wconf 80' lang='grc' dir='ltr'>τὴν</span> <span class='ocrx_word' id='word_1_144' title='bbox 493 1150 721 1219; x_wconf 80' lang='grc' dir='ltr'>καρδίαν</span> <span class='ocrx_word' id='word_1_145' title='bbox 742 1156 863 1218; x_wconf 79' lang='grc' dir='ltr'>μου,</span> <span class='ocrx_word' id='word_1_146' title='bbox 880 1148 934 1210; x_wconf 73' lang='grc' dir='ltr'>ὃς</span> <span class='ocrx_word' id='word_1_147' title='bbox 958 1150 1171 1217; x_wconf 68' lang='grc' dir='ltr'>ποιήσει</span> <span class='ocrx_word' id='word_1_148' title='bbox 1192 1148 1367 1201; x_wconf 77' lang='grc' dir='ltr'>πάντα</span> <span class='ocrx_word' id='word_1_149' title='bbox 1395 1149 1462 1200; x_wconf 67' lang='grc' dir='ltr'><strong>τὰ</strong></span> <span class='ocrx_word' id='word_1_150' title='bbox 1484 1148 1763 1218; x_wconf 76' lang='grc' dir='ltr'>θελήματά</span> <span class='ocrx_word' id='word_1_151' title='bbox 1787 1164 1940 1216; x_wconf 78' lang='grc' dir='ltr'>μου.»</span> <span class='ocrx_word' id='word_1_152' title='bbox 1974 1142 1980 1149; x_wconf 79' lang='grc'><strong>’</strong></span> 
     </span>
    </p>
   </div>
   <div class='ocr_carea' id='block_1_19' title="bbox 1785 1142 3387 1220">
    <p class='ocr_par' dir='ltr' id='par_1_19' title="bbox 1787 1142 3387 1219">
     <span class='ocr_line' id='line_1_19' title="bbox 1787 1142 3387 1219; baseline 0.002 -16"><span class='ocrx_word' id='word_1_153' title='bbox 1787 1164 1940 1216; x_wconf 79' lang='grc' dir='ltr'>μου.»</span> <span class='ocrx_word' id='word_1_154' title='bbox 1974 1142 1983 1149; x_wconf 81' lang='grc'><strong>’</strong></span> <span class='ocrx_word' id='word_1_155' title='bbox 2050 1165 2253 1215; x_wconf 81' lang='lat' dir='ltr'><strong>meum,</strong></span> <span class='ocrx_word' id='word_1_156' title='bbox 2284 1153 2373 1219; x_wconf 78' lang='lat' dir='ltr'><strong>qui</strong></span> <span class='ocrx_word' id='word_1_157' title='bbox 2414 1152 2573 1205; x_wconf 76' lang='lat' dir='ltr'><strong>faciet</strong></span> <span class='ocrx_word' id='word_1_158' title='bbox 2604 1169 2792 1205; x_wconf 80' lang='lat' dir='ltr'><strong>omnes</strong></span> <span class='ocrx_word' id='word_1_159' title='bbox 2828 1156 3133 1209; x_wconf 68' lang='lat' dir='ltr'><strong>voluntates</strong></span> <span class='ocrx_word' id='word_1_160' title='bbox 3157 1172 3323 1210; x_wconf 83' lang='lat' dir='ltr'><strong>meas.</strong></span> <span class='ocrx_word' id='word_1_161' title='bbox 3371 1176 3387 1206; x_wconf 78' lang='grc' dir='ltr'>ι</span> 
     </span>
    </p>
   </div>
   <div class='ocr_carea' id='block_1_20' title="bbox 969 1241 2981 1300">
    <p class='ocr_par' dir='ltr' id='par_1_20' title="bbox 969 1241 2981 1300">
     <span class='ocr_line' id='line_1_20' title="bbox 969 1241 2981 1300; baseline 0.004 -9"><span class='ocrx_word' id='word_1_162' title='bbox 969 1241 1357 1292; x_wconf 74' lang='grc' dir='ltr'><strong>ΚΕΙΜΕΝΟΝ.</strong></span> <span class='ocrx_word' id='word_1_163' title='bbox 2685 1243 2981 1300; x_wconf 73' lang='grc' dir='ltr'><strong>ΤΕΧΊἪΞ.</strong></span> 
     </span>
    </p>
   </div>
   <div class='ocr_carea' id='block_1_21' title="bbox 384 1328 1986 1402">
    <p class='ocr_par' dir='ltr' id='par_1_21' title="bbox 384 1328 1944 1402">
     <span class='ocr_line' id='line_1_21' title="bbox 384 1328 1944 1402; baseline -0.006 -15"><span class='ocrx_word' id='word_1_164' title='bbox 384 1334 563 1387; x_wconf 86' lang='grc' dir='ltr'>Τοῦτο</span> <span class='ocrx_word' id='word_1_165' title='bbox 583 1333 819 1402; x_wconf 70' lang='grc' dir='ltr'>λέγεται</span> <span class='ocrx_word' id='word_1_166' title='bbox 851 1333 938 1396; x_wconf 73' lang='grc' dir='ltr'>εἰς</span> <span class='ocrx_word' id='word_1_167' title='bbox 970 1333 1085 1398; x_wconf 77' lang='grc' dir='ltr'><strong>τήν</strong></span> <span class='ocrx_word' id='word_1_168' title='bbox 1113 1330 1423 1399; x_wconf 75' lang='grc' dir='ltr'>ἀποτομὴν</span> <span class='ocrx_word' id='word_1_169' title='bbox 1451 1328 1555 1382; x_wconf 87' lang='grc' dir='ltr'><strong>τοῦ</strong></span> <span class='ocrx_word' id='word_1_170' title='bbox 1580 1328 1944 1396; x_wconf 65' lang='grc' dir='ltr'>Προδρόμου.</span> 
     </span>
    </p>
   </div>
   <div class='ocr_carea' id='block_1_22' title="bbox 1859 1328 3461 1402">
    <p class='ocr_par' dir='ltr' id='par_1_22' title="bbox 1859 1332 3461 1396">
     <span class='ocr_line' id='line_1_22' title="bbox 1859 1332 3461 1396; baseline 0.01 -17"><span class='ocrx_word' id='word_1_171' title='bbox 1859 1343 1944 1379; x_wconf 86' lang='grc' dir='ltr'><strong>ου.</strong></span> <span class='ocrx_word' id='word_1_172' title='bbox 2247 1332 2351 1396; x_wconf 82' lang='lat' dir='ltr'><strong>Qui</strong></span> <span class='ocrx_word' id='word_1_173' title='bbox 2394 1334 2588 1388; x_wconf 74' lang='lat' dir='ltr'><strong>dicitur</strong></span> <span class='ocrx_word' id='word_1_174' title='bbox 2617 1336 2669 1387; x_wconf 75' lang='lat' dir='ltr'><strong>in</strong></span> <span class='ocrx_word' id='word_1_175' title='bbox 2701 1337 3048 1391; x_wconf 75' lang='lat' dir='ltr'><strong>decollatione</strong></span> <span class='ocrx_word' id='word_1_176' title='bbox 3090 1336 3461 1396; x_wconf 70' lang='lat' dir='ltr'><strong>Prwcursoris.</strong></span> 
     </span>
    </p>
   </div>
   <div class='ocr_carea' id='block_1_23' title="bbox 392 1415 1994 1493">
    <p class='ocr_par' dir='ltr' id='par_1_23' title="bbox 392 1415 1946 1493">
     <span class='ocr_line' id='line_1_23' title="bbox 392 1415 1946 1493; baseline -0.006 -17"><span class='ocrx_word' id='word_1_177' title='bbox 392 1424 477 1486; x_wconf 86' lang='grc' dir='ltr'>Ὠς</span> <span class='ocrx_word' id='word_1_178' title='bbox 508 1424 562 1475; x_wconf 78' lang='grc' dir='ltr'>δὲ</span> <span class='ocrx_word' id='word_1_179' title='bbox 596 1424 837 1493; x_wconf 77' lang='grc' dir='ltr'><strong>ἐπλήρου</strong></span> <span class='ocrx_word' id='word_1_180' title='bbox 868 1424 896 1472; x_wconf 85' lang='grc' dir='ltr'>ὁ</span> <span class='ocrx_word' id='word_1_181' title='bbox 938 1422 1188 1491; x_wconf 70' lang='grc' dir='ltr'>Ἰωάννης</span> <span class='ocrx_word' id='word_1_182' title='bbox 1226 1424 1317 1471; x_wconf 86' lang='grc' dir='ltr'><strong>τὸν</strong></span> <span class='ocrx_word' id='word_1_183' title='bbox 1343 1418 1739 1489; x_wconf 74' lang='grc' dir='ltr'>δρόμον,.ἕλεγε</span> <span class='ocrx_word' id='word_1_184' title='bbox 1767 1433 1781 1447; x_wconf 87' lang='grc'><strong>·</strong></span> <span class='ocrx_word' id='word_1_185' title='bbox 1808 1415 1946 1468; x_wconf 84' lang='grc' dir='ltr'>Τίνα</span> 
     </span>
    </p>
   </div>
   <div class='ocr_carea' id='block_1_24' title="bbox 2011 1415 3613 1493">
    <p class='ocr_par' dir='ltr' id='par_1_24' title="bbox 2118 1423 3613 1493">
     <span class='ocr_line' id='line_1_24' title="bbox 2118 1423 3613 1493; baseline 0.004 -16"><span class='ocrx_word' id='word_1_186' title='bbox 2118 1423 2456 1486; x_wconf 75' lang='lat' dir='ltr'><strong>Xlll,&quot;.5-35.</strong></span> <span class='ocrx_word' id='word_1_187' title='bbox 2479 1427 2610 1478; x_wconf 78' lang='lat' dir='ltr'><strong>Cum</strong></span> <span class='ocrx_word' id='word_1_188' title='bbox 2647 1428 2894 1493; x_wconf 86' lang='lat' dir='ltr'><strong>impleret</strong></span> <span class='ocrx_word' id='word_1_189' title='bbox 2930 1437 3107 1481; x_wconf 86' lang='lat' dir='ltr'><strong>autem</strong></span> <span class='ocrx_word' id='word_1_190' title='bbox 3129 1426 3366 1482; x_wconf 82' lang='lat' dir='ltr'><strong>Joannes</strong></span> <span class='ocrx_word' id='word_1_191' title='bbox 3393 1446 3613 1485; x_wconf 88' lang='lat' dir='ltr'><strong>cursum</strong></span> 
     </span>
    </p>
   </div>
   <div class='ocr_carea' id='block_1_25' title="bbox 382 1507 1984 1583">
    <p class='ocr_par' dir='ltr' id='par_1_25' title="bbox 382 1507 1945 1583">
     <span class='ocr_line' id='line_1_25' title="bbox 382 1507 1945 1583; baseline -0.006 -16"><span class='ocrx_word' id='word_1_192' title='bbox 382 1533 446 1583; x_wconf 87' lang='grc' dir='ltr'><strong>με</strong></span> <span class='ocrx_word' id='word_1_193' title='bbox 472 1515 747 1567; x_wconf 73' lang='grc' dir='ltr'><strong>ὑπονοεῖτε</strong></span> <span class='ocrx_word' id='word_1_194' title='bbox 776 1509 914 1566; x_wconf 84' lang='grc' dir='ltr'>εἶναι</span> <span class='ocrx_word' id='word_1_195' title='bbox 948 1528 962 1576; x_wconf 88' lang='grc'>;</span> <span class='ocrx_word' id='word_1_196' title='bbox 996 1513 1110 1564; x_wconf 87' lang='grc' dir='ltr'>Οὑκ</span> <span class='ocrx_word' id='word_1_197' title='bbox 1158 1513 1273 1581; x_wconf 72' lang='grc' dir='ltr'>εἰμὶ</span> <span class='ocrx_word' id='word_1_198' title='bbox 1312 1510 1421 1578; x_wconf 86' lang='grc' dir='ltr'>ἐγὼ</span> <span class='ocrx_word' id='word_1_199' title='bbox 1461 1514 1488 1563; x_wconf 86' lang='grc' dir='ltr'>ὁ</span> <span class='ocrx_word' id='word_1_200' title='bbox 1535 1509 1790 1578; x_wconf 84' lang='grc' dir='ltr'>Χριστὸς,</span> <span class='ocrx_word' id='word_1_201' title='bbox 1830 1507 1945 1560; x_wconf 79' lang='grc' dir='ltr'>ἀλλ’</span> 
     </span>
    </p>
   </div>
   <div class='ocr_carea' id='block_1_26' title="bbox 2009 1507 3611 1583">
    <p class='ocr_par' dir='ltr' id='par_1_26' title="bbox 2045 1512 3611 1578">
     <span class='ocr_line' id='line_1_26' title="bbox 2045 1512 3611 1578; baseline 0.003 -14"><span class='ocrx_word' id='word_1_202' title='bbox 2045 1525 2225 1570; x_wconf 85' lang='lat' dir='ltr'><strong>suum,</strong></span> <span class='ocrx_word' id='word_1_203' title='bbox 2248 1512 2498 1566; x_wconf 83' lang='lat' dir='ltr'><strong>dicebat:</strong></span> <span class='ocrx_word' id='word_1_204' title='bbox 2522 1512 2691 1578; x_wconf 81' lang='lat' dir='ltr'><strong>Quem</strong></span> <span class='ocrx_word' id='word_1_205' title='bbox 2716 1531 2801 1567; x_wconf 85' lang='lat' dir='ltr'><strong>tne</strong></span> <span class='ocrx_word' id='word_1_206' title='bbox 2819 1516 3155 1570; x_wconf 83' lang='lat' dir='ltr'><strong>arbitramini</strong></span> <span class='ocrx_word' id='word_1_207' title='bbox 3173 1533 3295 1571; x_wconf 86' lang='lat' dir='ltr'><strong>esse</strong></span> <span class='ocrx_word' id='word_1_208' title='bbox 3313 1518 3337 1571; x_wconf 84' lang='lat'><strong>?</strong></span> <span class='ocrx_word' id='word_1_209' title='bbox 3356 1517 3472 1571; x_wconf 84' lang='lat' dir='ltr'><strong>Non</strong></span> <span class='ocrx_word' id='word_1_210' title='bbox 3492 1535 3611 1573; x_wconf 80' lang='lat' dir='ltr'><strong>smn</strong></span> 
     </span>
    </p>
   </div>
   <div class='ocr_carea' id='block_1_27' title="bbox 381 1596 1983 1674">
    <p class='ocr_par' dir='ltr' id='par_1_27' title="bbox 381 1596 1943 1674">
     <span class='ocr_line' id='line_1_27' title="bbox 381 1596 1943 1674; baseline -0.005 -17"><span class='ocrx_word' id='word_1_211' title='bbox 381 1606 491 1657; x_wconf 77' lang='grc' dir='ltr'>ἰδοὺ</span> <span class='ocrx_word' id='word_1_212' title='bbox 520 1607 738 1674; x_wconf 77' lang='grc' dir='ltr'>ἔρχεται</span> <span class='ocrx_word' id='word_1_213' title='bbox 765 1603 883 1673; x_wconf 84' lang='grc' dir='ltr'>μετ’</span> <span class='ocrx_word' id='word_1_214' title='bbox 911 1605 1032 1672; x_wconf 83' lang='grc' dir='ltr'>ἐμὲ,</span> <span class='ocrx_word' id='word_1_215' title='bbox 1063 1596 1124 1655; x_wconf 74' lang='grc' dir='ltr'><strong>οὖ</strong></span> <span class='ocrx_word' id='word_1_216' title='bbox 1151 1603 1248 1653; x_wconf 75' lang='grc' dir='ltr'><strong>οὐκ</strong></span> <span class='ocrx_word' id='word_1_217' title='bbox 1276 1604 1389 1670; x_wconf 71' lang='grc' dir='ltr'>εἰμὶ</span> <span class='ocrx_word' id='word_1_218' title='bbox 1422 1600 1567 1664; x_wconf 78' lang='grc' dir='ltr'>ἄξιος</span> <span class='ocrx_word' id='word_1_219' title='bbox 1595 1601 1653 1651; x_wconf 73' lang='grc' dir='ltr'><strong>τὸ</strong></span> <span class='ocrx_word' id='word_1_220' title='bbox 1691 1598 1943 1667; x_wconf 81' lang='grc' dir='ltr'><strong>ὑπόδημα</strong></span> 
     </span>
    </p>
   </div>
   <div class='ocr_carea' id='block_1_28' title="bbox 2006 1596 3608 1674">
    <p class='ocr_par' dir='ltr' id='par_1_28' title="bbox 2044 1600 3608 1673">
     <span class='ocr_line' id='line_1_28' title="bbox 2044 1600 3608 1673; baseline 0.003 -19"><span class='ocrx_word' id='word_1_221' title='bbox 2044 1617 2144 1668; x_wconf 78' lang='lat' dir='ltr'><strong>ego</strong></span> <span class='ocrx_word' id='word_1_222' title='bbox 2166 1600 2437 1660; x_wconf 89' lang='lat' dir='ltr'><strong>Christus.</strong></span> <span class='ocrx_word' id='word_1_223' title='bbox 2468 1603 2562 1655; x_wconf 83' lang='lat' dir='ltr'><strong>sed</strong></span> <span class='ocrx_word' id='word_1_224' title='bbox 2582 1618 2710 1657; x_wconf 90' lang='lat' dir='ltr'><strong>ecce</strong></span> <span class='ocrx_word' id='word_1_225' title='bbox 2725 1607 2869 1658; x_wconf 85' lang='lat' dir='ltr'><strong>venit</strong></span> <span class='ocrx_word' id='word_1_226' title='bbox 2893 1614 3014 1673; x_wconf 90' lang='lat' dir='ltr'><strong>post</strong></span> <span class='ocrx_word' id='word_1_227' title='bbox 3041 1622 3145 1669; x_wconf 91' lang='lat' dir='ltr'><strong>me,</strong></span> <span class='ocrx_word' id='word_1_228' title='bbox 3170 1621 3330 1671; x_wconf 66' lang='lat' dir='ltr'><strong>cuius</strong></span> <span class='ocrx_word' id='word_1_229' title='bbox 3358 1623 3461 1659; x_wconf 89' lang='lat' dir='ltr'><strong>non</strong></span> <span class='ocrx_word' id='word_1_230' title='bbox 3488 1622 3608 1660; x_wconf 83' lang='lat' dir='ltr'><strong>sum</strong></span> 
     </span>
    </p>
   </div>
   <div class='ocr_carea' id='block_1_29' title="bbox 375 1690 1977 1769">
    <p class='ocr_par' dir='ltr' id='par_1_29' title="bbox 375 1690 1945 1761">
     <span class='ocr_line' id='line_1_29' title="bbox 375 1690 1945 1761; baseline -0.004 -14"><span class='ocrx_word' id='word_1_231' title='bbox 375 1696 483 1747; x_wconf 85' lang='grc' dir='ltr'>τῶν</span> <span class='ocrx_word' id='word_1_232' title='bbox 530 1696 706 1747; x_wconf 85' lang='grc' dir='ltr'>ποδῶν</span> <span class='ocrx_word' id='word_1_233' title='bbox 754 1695 930 1748; x_wconf 85' lang='grc' dir='ltr'>λῦσαι.</span> <span class='ocrx_word' id='word_1_234' title='bbox 977 1694 1201 1761; x_wconf 77' lang='grc' dir='ltr'>’Λνδρες</span> <span class='ocrx_word' id='word_1_235' title='bbox 1235 1693 1471 1760; x_wconf 64' lang='grc' dir='ltr'>ἀδελφοὶ,</span> <span class='ocrx_word' id='word_1_236' title='bbox 1506 1692 1609 1742; x_wconf 73' lang='grc' dir='ltr'>υἱοὶ</span> <span class='ocrx_word' id='word_1_237' title='bbox 1638 1694 1830 1756; x_wconf 77' lang='grc' dir='ltr'><strong>γένους</strong></span> <span class='ocrx_word' id='word_1_238' title='bbox 1860 1690 1945 1740; x_wconf 81' lang='grc' dir='ltr'><strong>’Λ-</strong></span> 
     </span>
    </p>
   </div>
   <div class='ocr_carea' id='block_1_30' title="bbox 2013 1690 3615 1769">
    <p class='ocr_par' dir='ltr' id='par_1_30' title="bbox 2044 1691 3615 1769">
     <span class='ocr_line' id='line_1_30' title="bbox 2044 1691 3615 1769; baseline 0.004 -24"><span class='ocrx_word' id='word_1_239' title='bbox 2044 1691 2240 1758; x_wconf 73' lang='lat' dir='ltr'><strong>dignus</strong></span> <span class='ocrx_word' id='word_1_240' title='bbox 2254 1692 2618 1745; x_wconf 79' lang='lat' dir='ltr'><strong>calceamenta</strong></span> <span class='ocrx_word' id='word_1_241' title='bbox 2638 1695 2831 1761; x_wconf 88' lang='lat' dir='ltr'><strong>pedum</strong></span> <span class='ocrx_word' id='word_1_242' title='bbox 2848 1696 3074 1749; x_wconf 80' lang='lat' dir='ltr'><strong>solvere.</strong></span> <span class='ocrx_word' id='word_1_243' title='bbox 3093 1697 3200 1749; x_wconf 89' lang='lat' dir='ltr'><strong>Viri</strong></span> <span class='ocrx_word' id='word_1_244' title='bbox 3223 1696 3438 1761; x_wconf 79' lang='lat' dir='ltr'><strong>fratres,</strong></span> <span class='ocrx_word' id='word_1_245' title='bbox 3452 1697 3615 1769; x_wconf 72' lang='lat'><strong>259</strong></span> 
     </span>
    </p>
   </div>
   <div class='ocr_carea' id='block_1_31' title="bbox 376 1779 1978 1856">
    <p class='ocr_par' dir='ltr' id='par_1_31' title="bbox 376 1779 1978 1856">
     <span class='ocr_line' id='line_1_31' title="bbox 376 1779 1978 1856; baseline -0.005 -19"><span class='ocrx_word' id='word_1_246' title='bbox 376 1785 583 1856; x_wconf 74' lang='grc' dir='ltr'>δραὰμ,</span> <span class='ocrx_word' id='word_1_247' title='bbox 596 1788 687 1839; x_wconf 73' lang='grc' dir='ltr'><strong>καὶ</strong></span> <span class='ocrx_word' id='word_1_248' title='bbox 705 1786 754 1837; x_wconf 83' lang='grc' dir='ltr'>οἱ</span> <span class='ocrx_word' id='word_1_249' title='bbox 772 1788 827 1837; x_wconf 91' lang='grc' dir='ltr'><strong>ἐν</strong></span> <span class='ocrx_word' id='word_1_250' title='bbox 846 1786 973 1852; x_wconf 85' lang='grc' dir='ltr'>ὑμῖν</span> <span class='ocrx_word' id='word_1_251' title='bbox 994 1784 1419 1851; x_wconf 76' lang='grc' dir='ltr'>φοϐούμενοιτὸν</span> <span class='ocrx_word' id='word_1_252' title='bbox 1431 1782 1581 1845; x_wconf 86' lang='grc' dir='ltr'>Θεὸν,</span> <span class='ocrx_word' id='word_1_253' title='bbox 1606 1781 1731 1848; x_wconf 82' lang='grc' dir='ltr'>ὑμῖν</span> <span class='ocrx_word' id='word_1_254' title='bbox 1748 1782 1775 1831; x_wconf 84' lang='grc' dir='ltr'>ὁ</span> <span class='ocrx_word' id='word_1_255' title='bbox 1790 1779 1944 1845; x_wconf 74' lang='grc' dir='ltr'>λόγος</span> <span class='ocrx_word' id='word_1_256' title='bbox 1972 1797 1978 1855; x_wconf 39' lang='grc' dir='ltr'><strong>ς</strong></span> 
     </span>
    </p>
   </div>
   <div class='ocr_carea' id='block_1_32' title="bbox 2008 1779 3610 1856">
    <p class='ocr_par' dir='ltr' id='par_1_32' title="bbox 2008 1782 3610 1853">
     <span class='ocr_line' id='line_1_32' title="bbox 2008 1782 3610 1853; baseline 0.001 -20"><span class='ocrx_word' id='word_1_257' title='bbox 2008 1800 2018 1853; x_wconf 68' lang='grc' dir='ltr'>ι</span> <span class='ocrx_word' id='word_1_258' title='bbox 2051 1782 2140 1834; x_wconf 85' lang='lat' dir='ltr'><strong>lilii</strong></span> <span class='ocrx_word' id='word_1_259' title='bbox 2180 1783 2398 1849; x_wconf 79' lang='lat' dir='ltr'><strong>generis</strong></span> <span class='ocrx_word' id='word_1_260' title='bbox 2418 1784 2716 1847; x_wconf 83' lang='lat' dir='ltr'><strong>Abraham,</strong></span> <span class='ocrx_word' id='word_1_261' title='bbox 2738 1793 2787 1837; x_wconf 88' lang='lat' dir='ltr'><strong>et</strong></span> <span class='ocrx_word' id='word_1_262' title='bbox 2819 1785 2908 1850; x_wconf 84' lang='lat' dir='ltr'><strong>qui</strong></span> <span class='ocrx_word' id='word_1_263' title='bbox 2937 1789 2987 1835; x_wconf 87' lang='lat' dir='ltr'><strong>in</strong></span> <span class='ocrx_word' id='word_1_264' title='bbox 3023 1785 3176 1837; x_wconf 81' lang='lat' dir='ltr'><strong>vobis</strong></span> <span class='ocrx_word' id='word_1_265' title='bbox 3202 1786 3392 1837; x_wconf 82' lang='lat' dir='ltr'><strong>timent</strong></span> <span class='ocrx_word' id='word_1_266' title='bbox 3420 1786 3610 1851; x_wconf 84' lang='lat' dir='ltr'><strong>Deum,</strong></span> 
     </span>
    </p>
   </div>
   <div class='ocr_carea' id='block_1_33' title="bbox 373 1869 1975 1945">
    <p class='ocr_par' dir='ltr' id='par_1_33' title="bbox 373 1869 1944 1945">
     <span class='ocr_line' id='line_1_33' title="bbox 373 1869 1944 1945; baseline -0.005 -16"><span class='ocrx_word' id='word_1_267' title='bbox 373 1877 473 1944; x_wconf 78' lang='grc' dir='ltr'>τῆς</span> <span class='ocrx_word' id='word_1_268' title='bbox 511 1879 779 1945; x_wconf 76' lang='grc' dir='ltr'><strong>σωτηρίας</strong></span> <span class='ocrx_word' id='word_1_269' title='bbox 809 1874 1013 1940; x_wconf 80' lang='grc' dir='ltr'><strong>ταύτης</strong></span> <span class='ocrx_word' id='word_1_270' title='bbox 1054 1872 1357 1941; x_wconf 72' lang='grc' dir='ltr'>ἀπεςτάλη.</span> <span class='ocrx_word' id='word_1_271' title='bbox 1394 1873 1456 1923; x_wconf 77' lang='grc' dir='ltr'><strong>Οἱ</strong></span> <span class='ocrx_word' id='word_1_272' title='bbox 1487 1873 1595 1939; x_wconf 75' lang='grc' dir='ltr'><strong>γὰρ</strong></span> <span class='ocrx_word' id='word_1_273' title='bbox 1626 1869 1944 1922; x_wconf 83' lang='grc' dir='ltr'>κατοικοῦν-</span> 
     </span>
    </p>
   </div>
   <div class='ocr_carea' id='block_1_34' title="bbox 2009 1869 3611 1945">
    <p class='ocr_par' dir='ltr' id='par_1_34' title="bbox 2045 1872 3611 1940">
     <span class='ocr_line' id='line_1_34' title="bbox 2045 1872 3611 1940; baseline 0.003 -18"><span class='ocrx_word' id='word_1_274' title='bbox 2045 1872 2197 1925; x_wconf 80' lang='lat' dir='ltr'><strong>vobis</strong></span> <span class='ocrx_word' id='word_1_275' title='bbox 2225 1873 2450 1925; x_wconf 83' lang='lat' dir='ltr'><strong>verbum</strong></span> <span class='ocrx_word' id='word_1_276' title='bbox 2479 1873 2674 1925; x_wconf 87' lang='lat' dir='ltr'><strong>salutis</strong></span> <span class='ocrx_word' id='word_1_277' title='bbox 2721 1872 2882 1940; x_wconf 84' lang='lat' dir='ltr'><strong>hujus</strong></span> <span class='ocrx_word' id='word_1_278' title='bbox 2914 1874 3142 1927; x_wconf 86' lang='lat' dir='ltr'><strong>missum</strong></span> <span class='ocrx_word' id='word_1_279' title='bbox 3189 1883 3290 1928; x_wconf 90' lang='lat' dir='ltr'><strong>est.</strong></span> <span class='ocrx_word' id='word_1_280' title='bbox 3319 1873 3420 1940; x_wconf 85' lang='lat' dir='ltr'><strong>Qui</strong></span> <span class='ocrx_word' id='word_1_281' title='bbox 3468 1875 3611 1929; x_wconf 87' lang='lat' dir='ltr'><strong>enim</strong></span> 
     </span>
    </p>
   </div>
   <div class='ocr_carea' id='block_1_35' title="bbox 373 1961 1975 2036">
    <p class='ocr_par' dir='ltr' id='par_1_35' title="bbox 373 1962 1942 2034">
     <span class='ocr_line' id='line_1_35' title="bbox 373 1962 1942 2034; baseline -0.004 -16"><span class='ocrx_word' id='word_1_282' title='bbox 373 1983 463 2028; x_wconf 86' lang='grc' dir='ltr'><strong>τες</strong></span> <span class='ocrx_word' id='word_1_283' title='bbox 511 1968 568 2018; x_wconf 89' lang='grc' dir='ltr'>ἐν</span> <span class='ocrx_word' id='word_1_284' title='bbox 615 1964 1003 2034; x_wconf 80' lang='grc' dir='ltr'>ἰηρουσαλὴμ,</span> <span class='ocrx_word' id='word_1_285' title='bbox 1038 1964 1131 2015; x_wconf 71' lang='grc' dir='ltr'><strong>καὶ</strong></span> <span class='ocrx_word' id='word_1_286' title='bbox 1164 1964 1212 2015; x_wconf 77' lang='grc' dir='ltr'><strong>οἱ</strong></span> <span class='ocrx_word' id='word_1_287' title='bbox 1242 1963 1498 2032; x_wconf 84' lang='grc' dir='ltr'>ἄρχοντες</span> <span class='ocrx_word' id='word_1_288' title='bbox 1526 1963 1727 2025; x_wconf 81' lang='grc' dir='ltr'>αὐτῶν,</span> <span class='ocrx_word' id='word_1_289' title='bbox 1757 1962 1942 2013; x_wconf 83' lang='grc' dir='ltr'>τοῦτον</span> 
     </span>
    </p>
   </div>
   <div class='ocr_carea' id='block_1_36' title="bbox 2011 1961 3613 2036">
    <p class='ocr_par' dir='ltr' id='par_1_36' title="bbox 2044 1961 3613 2036">
     <span class='ocr_line' id='line_1_36' title="bbox 2044 1961 3613 2036; baseline 0.003 -21"><span class='ocrx_word' id='word_1_290' title='bbox 2044 1962 2362 2017; x_wconf 87' lang='lat' dir='ltr'><strong>habitabant</strong></span> <span class='ocrx_word' id='word_1_291' title='bbox 2384 1961 2715 2024; x_wconf 83' lang='lat' dir='ltr'><strong>Jerusalem,</strong></span> <span class='ocrx_word' id='word_1_292' title='bbox 2741 1971 2795 2017; x_wconf 92' lang='lat' dir='ltr'><strong>et</strong></span> <span class='ocrx_word' id='word_1_293' title='bbox 2822 1965 3092 2034; x_wconf 74' lang='lat' dir='ltr'><strong>principes</strong></span> <span class='ocrx_word' id='word_1_294' title='bbox 3128 1966 3267 2033; x_wconf 87' lang='lat' dir='ltr'><strong>ejus,</strong></span> <span class='ocrx_word' id='word_1_295' title='bbox 3297 1968 3440 2019; x_wconf 88' lang='lat' dir='ltr'><strong>hunc</strong></span> <span class='ocrx_word' id='word_1_296' title='bbox 3462 1966 3613 2036; x_wconf 76' lang='lat' dir='ltr'><strong>igno-</strong></span> 
     </span>
    </p>
   </div>
   <div class='ocr_carea' id='block_1_37' title="bbox 376 2052 1978 2125">
    <p class='ocr_par' dir='ltr' id='par_1_37' title="bbox 376 2052 1941 2122">
     <span class='ocr_line' id='line_1_37' title="bbox 376 2052 1941 2122; baseline -0.002 -16"><span class='ocrx_word' id='word_1_297' title='bbox 376 2054 777 2121; x_wconf 78' lang='grc' dir='ltr'>ἀγνοήσαντες,</span> <span class='ocrx_word' id='word_1_298' title='bbox 822 2054 918 2104; x_wconf 81' lang='grc' dir='ltr'><strong>καὶ</strong></span> <span class='ocrx_word' id='word_1_299' title='bbox 964 2053 1061 2113; x_wconf 75' lang='grc' dir='ltr'>τὰς</span> <span class='ocrx_word' id='word_1_300' title='bbox 1112 2055 1292 2120; x_wconf 73' lang='grc' dir='ltr'>φωνὰς</span> <span class='ocrx_word' id='word_1_301' title='bbox 1345 2054 1455 2104; x_wconf 80' lang='grc' dir='ltr'>τῶν</span> <span class='ocrx_word' id='word_1_302' title='bbox 1502 2052 1793 2122; x_wconf 66' lang='grc' dir='ltr'>προφητῶν</span> <span class='ocrx_word' id='word_1_303' title='bbox 1842 2052 1941 2114; x_wconf 75' lang='grc' dir='ltr'><strong>τὰς</strong></span> 
     </span>
    </p>
   </div>
   <div class='ocr_carea' id='block_1_38' title="bbox 2008 2052 3610 2125">
    <p class='ocr_par' dir='ltr' id='par_1_38' title="bbox 2041 2053 3610 2125">
     <span class='ocr_line' id='line_1_38' title="bbox 2041 2053 3610 2125; baseline 0.001 -17"><span class='ocrx_word' id='word_1_304' title='bbox 2041 2061 2246 2118; x_wconf 87' lang='lat' dir='ltr'><strong>rantes,</strong></span> <span class='ocrx_word' id='word_1_305' title='bbox 2281 2061 2520 2117; x_wconf 60' lang='lat' dir='ltr'><strong>etvoces</strong></span> <span class='ocrx_word' id='word_1_306' title='bbox 2560 2053 2962 2123; x_wconf 90' lang='lat' dir='ltr'><strong>prophetarum,</strong></span> <span class='ocrx_word' id='word_1_307' title='bbox 2996 2070 3117 2125; x_wconf 71' lang='lat' dir='ltr'><strong>quae</strong></span> <span class='ocrx_word' id='word_1_308' title='bbox 3153 2071 3247 2125; x_wconf 87' lang='lat' dir='ltr'><strong>per</strong></span> <span class='ocrx_word' id='word_1_309' title='bbox 3277 2070 3438 2110; x_wconf 89' lang='lat' dir='ltr'><strong>omne</strong></span> <span class='ocrx_word' id='word_1_310' title='bbox 3471 2056 3610 2110; x_wconf 83' lang='lat' dir='ltr'><strong>Sab-</strong></span> 
     </span>
    </p>
   </div>
   <div class='ocr_carea' id='block_1_39' title="bbox 376 2142 1978 2216">
    <p class='ocr_par' dir='ltr' id='par_1_39' title="bbox 376 2142 1939 2211">
     <span class='ocr_line' id='line_1_39' title="bbox 376 2142 1939 2211; baseline -0.001 -16"><span class='ocrx_word' id='word_1_311' title='bbox 376 2143 519 2195; x_wconf 72' lang='grc' dir='ltr'>κατα</span> <span class='ocrx_word' id='word_1_312' title='bbox 569 2144 677 2195; x_wconf 81' lang='grc' dir='ltr'>πᾶν</span> <span class='ocrx_word' id='word_1_313' title='bbox 722 2142 1000 2194; x_wconf 78' lang='grc' dir='ltr'>Σάΰόατον</span> <span class='ocrx_word' id='word_1_314' title='bbox 1052 2142 1602 2211; x_wconf 75' lang='grc' dir='ltr'><strong>ἀναγινωσκομένας,</strong></span> <span class='ocrx_word' id='word_1_315' title='bbox 1653 2143 1939 2211; x_wconf 78' lang='grc' dir='ltr'>κρίναντες</span> 
     </span>
    </p>
   </div>
   <div class='ocr_carea' id='block_1_40' title="bbox 2009 2142 3611 2216">
    <p class='ocr_par' dir='ltr' id='par_1_40' title="bbox 2042 2145 3611 2216">
     <span class='ocr_line' id='line_1_40' title="bbox 2042 2145 3611 2216; baseline 0.001 -16"><span class='ocrx_word' id='word_1_316' title='bbox 2042 2147 2225 2200; x_wconf 88' lang='lat' dir='ltr'><strong>batum</strong></span> <span class='ocrx_word' id='word_1_317' title='bbox 2275 2146 2551 2216; x_wconf 83' lang='lat' dir='ltr'><strong>leguntur,</strong></span> <span class='ocrx_word' id='word_1_318' title='bbox 2588 2145 2898 2211; x_wconf 87' lang='lat' dir='ltr'><strong>judicantes</strong></span> <span class='ocrx_word' id='word_1_319' title='bbox 2942 2145 3306 2215; x_wconf 86' lang='lat' dir='ltr'><strong>impleverunt</strong></span> <span class='ocrx_word' id='word_1_320' title='bbox 3341 2164 3355 2199; x_wconf 92' lang='lat'><strong>:</strong></span> <span class='ocrx_word' id='word_1_321' title='bbox 3392 2157 3447 2200; x_wconf 84' lang='lat' dir='ltr'><strong>et</strong></span> <span class='ocrx_word' id='word_1_322' title='bbox 3489 2147 3611 2201; x_wconf 84' lang='lat' dir='ltr'><strong>nul-</strong></span> 
     </span>
    </p>
   </div>
   <div class='ocr_carea' id='block_1_41' title="bbox 374 2233 1976 2305">
    <p class='ocr_par' dir='ltr' id='par_1_41' title="bbox 374 2233 1937 2302">
     <span class='ocr_line' id='line_1_41' title="bbox 374 2233 1937 2302; baseline 0 -17"><span class='ocrx_word' id='word_1_323' title='bbox 374 2233 717 2301; x_wconf 77' lang='grc' dir='ltr'>ἐπλήρωσαν,</span> <span class='ocrx_word' id='word_1_324' title='bbox 756 2236 850 2285; x_wconf 75' lang='grc' dir='ltr'><strong>καὶ</strong></span> <span class='ocrx_word' id='word_1_325' title='bbox 884 2233 1155 2302; x_wconf 77' lang='grc' dir='ltr'>μηδεμίαν</span> <span class='ocrx_word' id='word_1_326' title='bbox 1183 2235 1363 2285; x_wconf 81' lang='grc' dir='ltr'>αἰτίαν</span> <span class='ocrx_word' id='word_1_327' title='bbox 1398 2234 1630 2287; x_wconf 83' lang='grc' dir='ltr'>θανάτου</span> <span class='ocrx_word' id='word_1_328' title='bbox 1668 2234 1937 2301; x_wconf 80' lang='grc' dir='ltr'>εὑρόντες,</span> 
     </span>
    </p>
   </div>
   <div class='ocr_carea' id='block_1_42' title="bbox 2008 2233 3610 2305">
    <p class='ocr_par' dir='ltr' id='par_1_42' title="bbox 2040 2235 3610 2305">
     <span class='ocr_line' id='line_1_42' title="bbox 2040 2235 3610 2305; baseline 0.002 -16"><span class='ocrx_word' id='word_1_329' title='bbox 2040 2236 2146 2289; x_wconf 91' lang='lat' dir='ltr'><strong>lam</strong></span> <span class='ocrx_word' id='word_1_330' title='bbox 2173 2250 2395 2289; x_wconf 83' lang='lat' dir='ltr'><strong>causam</strong></span> <span class='ocrx_word' id='word_1_331' title='bbox 2438 2236 2635 2289; x_wconf 88' lang='lat' dir='ltr'><strong>mortis</strong></span> <span class='ocrx_word' id='word_1_332' title='bbox 2669 2235 3007 2289; x_wconf 84' lang='lat' dir='ltr'><strong>invenientes</strong></span> <span class='ocrx_word' id='word_1_333' title='bbox 3035 2238 3086 2288; x_wconf 89' lang='lat' dir='ltr'><strong>in</strong></span> <span class='ocrx_word' id='word_1_334' title='bbox 3127 2251 3192 2289; x_wconf 89' lang='lat' dir='ltr'><strong>eo</strong></span> <span class='ocrx_word' id='word_1_335' title='bbox 3221 2276 3236 2302; x_wconf 95' lang='lat'><strong>,</strong></span> <span class='ocrx_word' id='word_1_336' title='bbox 3286 2239 3558 2305; x_wconf 89' lang='lat' dir='ltr'><strong>petierunt</strong></span> <span class='ocrx_word' id='word_1_337' title='bbox 3580 2253 3610 2292; x_wconf 88' lang='lat' dir='ltr'><strong>a</strong></span> 
     </span>
    </p>
   </div>
   <div class='ocr_carea' id='block_1_43' title="bbox 374 2323 1976 2397">
    <p class='ocr_par' dir='ltr' id='par_1_43' title="bbox 374 2326 1940 2397">
     <span class='ocr_line' id='line_1_43' title="bbox 374 2326 1940 2397; baseline 0 -21"><span class='ocrx_word' id='word_1_338' title='bbox 374 2326 645 2397; x_wconf 69' lang='grc' dir='ltr'>ᾐτήσαντο</span> <span class='ocrx_word' id='word_1_339' title='bbox 669 2326 897 2377; x_wconf 72' lang='grc' dir='ltr'>Πιλᾶτον</span> <span class='ocrx_word' id='word_1_340' title='bbox 921 2327 1272 2396; x_wconf 78' lang='grc' dir='ltr'>ἀναιρεθῆναι</span> <span class='ocrx_word' id='word_1_341' title='bbox 1311 2326 1495 2379; x_wconf 86' lang='grc' dir='ltr'>αὑτόν.</span> <span class='ocrx_word' id='word_1_342' title='bbox 1548 2326 1633 2388; x_wconf 81' lang='grc' dir='ltr'>Ὠς</span> <span class='ocrx_word' id='word_1_343' title='bbox 1676 2327 1731 2377; x_wconf 84' lang='grc' dir='ltr'><strong>δέ</strong></span> <span class='ocrx_word' id='word_1_344' title='bbox 1762 2326 1940 2377; x_wconf 84' lang='grc' dir='ltr'>ἐτέλε-</span> 
     </span>
    </p>
   </div>
   <div class='ocr_carea' id='block_1_44' title="bbox 2008 2323 3610 2397">
    <p class='ocr_par' dir='ltr' id='par_1_44' title="bbox 2042 2323 3610 2394">
     <span class='ocr_line' id='line_1_44' title="bbox 2042 2323 3610 2394; baseline 0.003 -15"><span class='ocrx_word' id='word_1_345' title='bbox 2042 2326 2214 2381; x_wconf 80' lang='lat' dir='ltr'><strong>Pilato</strong></span> <span class='ocrx_word' id='word_1_346' title='bbox 2257 2333 2316 2380; x_wconf 88' lang='lat' dir='ltr'><strong>ut</strong></span> <span class='ocrx_word' id='word_1_347' title='bbox 2348 2326 2716 2379; x_wconf 79' lang='lat' dir='ltr'><strong>interﬁcerent</strong></span> <span class='ocrx_word' id='word_1_348' title='bbox 2747 2341 2891 2380; x_wconf 88' lang='lat' dir='ltr'><strong>eum.</strong></span> <span class='ocrx_word' id='word_1_349' title='bbox 2936 2323 3610 2394; x_wconf 76' lang='lat' dir='ltr'><strong>Cumqueeonsummas-</strong></span> 
     </span>
    </p>
   </div>
   <div class='ocr_carea' id='block_1_45' title="bbox 375 2414 1977 2487">
    <p class='ocr_par' dir='ltr' id='par_1_45' title="bbox 375 2414 1944 2486">
     <span class='ocr_line' id='line_1_45' title="bbox 375 2414 1944 2486; baseline -0.001 -20"><span class='ocrx_word' id='word_1_350' title='bbox 375 2431 477 2467; x_wconf 91' lang='grc' dir='ltr'><strong>σαν</strong></span> <span class='ocrx_word' id='word_1_351' title='bbox 520 2417 695 2469; x_wconf 83' lang='grc' dir='ltr'>πάντα</span> <span class='ocrx_word' id='word_1_352' title='bbox 735 2416 803 2469; x_wconf 76' lang='grc' dir='ltr'><strong>τὰ</strong></span> <span class='ocrx_word' id='word_1_353' title='bbox 880 2417 1009 2486; x_wconf 75' lang='grc' dir='ltr'>περὶ</span> <span class='ocrx_word' id='word_1_354' title='bbox 1049 2415 1213 2468; x_wconf 82' lang='grc' dir='ltr'>αὑτοῦ</span> <span class='ocrx_word' id='word_1_355' title='bbox 1247 2415 1645 2484; x_wconf 78' lang='grc' dir='ltr'>γεγραμμένα,</span> <span class='ocrx_word' id='word_1_356' title='bbox 1689 2414 1944 2467; x_wconf 78' lang='grc' dir='ltr'>καθελόν-</span> 
     </span>
    </p>
   </div>
   <div class='ocr_carea' id='block_1_46' title="bbox 2007 2414 3609 2487">
    <p class='ocr_par' dir='ltr' id='par_1_46' title="bbox 2041 2414 3609 2487">
     <span class='ocr_line' id='line_1_46' title="bbox 2041 2414 3609 2487; baseline 0.002 -18"><span class='ocrx_word' id='word_1_357' title='bbox 2041 2427 2165 2470; x_wconf 88' lang='lat' dir='ltr'><strong>sent</strong></span> <span class='ocrx_word' id='word_1_358' title='bbox 2200 2417 2399 2481; x_wconf 84' lang='lat' dir='ltr'><strong>omnia,</strong></span> <span class='ocrx_word' id='word_1_359' title='bbox 2438 2432 2558 2486; x_wconf 74' lang='lat' dir='ltr'><strong>qua:</strong></span> <span class='ocrx_word' id='word_1_360' title='bbox 2602 2414 2668 2470; x_wconf 87' lang='lat' dir='ltr'><strong>de</strong></span> <span class='ocrx_word' id='word_1_361' title='bbox 2701 2430 2767 2470; x_wconf 89' lang='lat' dir='ltr'><strong>eo</strong></span> <span class='ocrx_word' id='word_1_362' title='bbox 2806 2416 3009 2485; x_wconf 84' lang='lat' dir='ltr'><strong>scripta</strong></span> <span class='ocrx_word' id='word_1_363' title='bbox 3053 2425 3229 2479; x_wconf 87' lang='lat' dir='ltr'><strong>erant,</strong></span> <span class='ocrx_word' id='word_1_364' title='bbox 3275 2417 3609 2487; x_wconf 83' lang='lat' dir='ltr'><strong>deponentes</strong></span> 
     </span>
    </p>
   </div>
   <div class='ocr_carea' id='block_1_47' title="bbox 373 2505 1975 2579">
    <p class='ocr_par' dir='ltr' id='par_1_47' title="bbox 373 2506 1941 2576">
     <span class='ocr_line' id='line_1_47' title="bbox 373 2506 1941 2576; baseline -0.003 -16"><span class='ocrx_word' id='word_1_365' title='bbox 373 2524 461 2569; x_wconf 86' lang='grc' dir='ltr'><strong>τες</strong></span> <span class='ocrx_word' id='word_1_366' title='bbox 488 2509 596 2561; x_wconf 80' lang='grc' dir='ltr'><strong>ἀπὸ</strong></span> <span class='ocrx_word' id='word_1_367' title='bbox 628 2508 721 2560; x_wconf 87' lang='grc' dir='ltr'><strong>τοῦ</strong></span> <span class='ocrx_word' id='word_1_368' title='bbox 756 2508 938 2574; x_wconf 76' lang='grc' dir='ltr'>ξύλου,</span> <span class='ocrx_word' id='word_1_369' title='bbox 979 2506 1181 2576; x_wconf 73' lang='grc' dir='ltr'>ἔθηκαν</span> <span class='ocrx_word' id='word_1_370' title='bbox 1216 2510 1275 2559; x_wconf 81' lang='grc' dir='ltr'><strong>ἐν</strong></span> <span class='ocrx_word' id='word_1_371' title='bbox 1314 2507 1583 2575; x_wconf 78' lang='grc' dir='ltr'>μνημείῳ.</span> <span class='ocrx_word' id='word_1_372' title='bbox 1638 2506 1698 2557; x_wconf 87' lang='grc'><strong>⁸0</strong></span> <span class='ocrx_word' id='word_1_373' title='bbox 1723 2506 1779 2558; x_wconf 90' lang='grc' dir='ltr'><strong>δέ</strong></span> <span class='ocrx_word' id='word_1_374' title='bbox 1809 2507 1941 2567; x_wconf 70' lang='grc' dir='ltr'>Θεὸς</span> 
     </span>
    </p>
   </div>
   <div class='ocr_carea' id='block_1_48' title="bbox 2006 2505 3608 2579">
    <p class='ocr_par' dir='ltr' id='par_1_48' title="bbox 2040 2505 3608 2579">
     <span class='ocr_line' id='line_1_48' title="bbox 2040 2505 3608 2579; baseline 0.002 -20"><span class='ocrx_word' id='word_1_375' title='bbox 2040 2522 2165 2560; x_wconf 87' lang='lat' dir='ltr'><strong>eum</strong></span> <span class='ocrx_word' id='word_1_376' title='bbox 2194 2507 2261 2560; x_wconf 94' lang='lat' dir='ltr'><strong>de</strong></span> <span class='ocrx_word' id='word_1_377' title='bbox 2290 2508 2437 2576; x_wconf 77' lang='lat' dir='ltr'><strong>ligno</strong></span> <span class='ocrx_word' id='word_1_378' title='bbox 2465 2514 2766 2576; x_wconf 88' lang='lat' dir='ltr'><strong>posuerunt</strong></span> <span class='ocrx_word' id='word_1_379' title='bbox 2786 2522 2930 2579; x_wconf 77' lang='lat' dir='ltr'><strong>eum</strong></span> <span class='ocrx_word' id='word_1_380' title='bbox 2966 2505 3019 2559; x_wconf 91' lang='lat' dir='ltr'><strong>in</strong></span> <span class='ocrx_word' id='word_1_381' title='bbox 3061 2517 3434 2562; x_wconf 75' lang='lat' dir='ltr'><strong>monumento.</strong></span> <span class='ocrx_word' id='word_1_382' title='bbox 3468 2506 3608 2562; x_wconf 85' lang='lat' dir='ltr'><strong>Dens</strong></span> 
     </span>
    </p>
   </div>
   <div class='ocr_carea' id='block_1_49' title="bbox 373 2596 1975 2668">
    <p class='ocr_par' dir='ltr' id='par_1_49' title="bbox 373 2596 1941 2668">
     <span class='ocr_line' id='line_1_49' title="bbox 373 2596 1941 2668; baseline 0 -19"><span class='ocrx_word' id='word_1_383' title='bbox 373 2598 593 2667; x_wconf 77' lang='grc' dir='ltr'>ἧγειρεν</span> <span class='ocrx_word' id='word_1_384' title='bbox 619 2598 782 2650; x_wconf 84' lang='grc' dir='ltr'>αὑτὸν</span> <span class='ocrx_word' id='word_1_385' title='bbox 833 2600 897 2650; x_wconf 87' lang='grc' dir='ltr'><strong>ἐκ</strong></span> <span class='ocrx_word' id='word_1_386' title='bbox 950 2598 1177 2668; x_wconf 85' lang='grc' dir='ltr'>νεκρῶν.</span> <span class='ocrx_word' id='word_1_387' title='bbox 1243 2598 1335 2659; x_wconf 87' lang='grc' dir='ltr'>⁸ος</span> <span class='ocrx_word' id='word_1_388' title='bbox 1394 2597 1547 2666; x_wconf 71' lang='grc' dir='ltr'>ῶερθη</span> <span class='ocrx_word' id='word_1_389' title='bbox 1604 2596 1702 2649; x_wconf 75' lang='grc' dir='ltr'>ἐπὶ</span> <span class='ocrx_word' id='word_1_390' title='bbox 1729 2598 1941 2666; x_wconf 82' lang='grc' dir='ltr'>ἡμέρας</span> 
     </span>
    </p>
   </div>
   <div class='ocr_carea' id='block_1_50' title="bbox 2007 2596 3609 2668">
    <p class='ocr_par' dir='ltr' id='par_1_50' title="bbox 2041 2596 3609 2666">
     <span class='ocr_line' id='line_1_50' title="bbox 2041 2596 3609 2666; baseline -0.001 -15"><span class='ocrx_word' id='word_1_391' title='bbox 2041 2612 2172 2651; x_wconf 90' lang='lat' dir='ltr'><strong>vero</strong></span> <span class='ocrx_word' id='word_1_392' title='bbox 2203 2598 2492 2651; x_wconf 70' lang='lat' dir='ltr'><strong>suscitavit</strong></span> <span class='ocrx_word' id='word_1_393' title='bbox 2522 2613 2646 2651; x_wconf 91' lang='lat' dir='ltr'><strong>eum</strong></span> <span class='ocrx_word' id='word_1_394' title='bbox 2677 2612 2705 2651; x_wconf 89' lang='lat' dir='ltr'><strong>a</strong></span> <span class='ocrx_word' id='word_1_395' title='bbox 2739 2597 2969 2651; x_wconf 83' lang='lat' dir='ltr'><strong>mortuis</strong></span> <span class='ocrx_word' id='word_1_396' title='bbox 2998 2598 3151 2649; x_wconf 84' lang='lat' dir='ltr'><strong>tertia</strong></span> <span class='ocrx_word' id='word_1_397' title='bbox 3186 2596 3310 2650; x_wconf 66' lang='lat' dir='ltr'><strong>die:</strong></span> <span class='ocrx_word' id='word_1_398' title='bbox 3338 2598 3427 2666; x_wconf 90' lang='lat' dir='ltr'><strong>qui</strong></span> <span class='ocrx_word' id='word_1_399' title='bbox 3458 2598 3609 2650; x_wconf 85' lang='lat' dir='ltr'><strong>visus</strong></span> 
     </span>
    </p>
   </div>
   <div class='ocr_carea' id='block_1_51' title="bbox 376 2686 1978 2756">
    <p class='ocr_par' dir='ltr' id='par_1_51' title="bbox 376 2687 1940 2755">
     <span class='ocr_line' id='line_1_51' title="bbox 376 2687 1940 2755; baseline 0 -16"><span class='ocrx_word' id='word_1_400' title='bbox 376 2687 593 2749; x_wconf 80' lang='grc' dir='ltr'>πλείους</span> <span class='ocrx_word' id='word_1_401' title='bbox 631 2691 744 2748; x_wconf 85' lang='grc' dir='ltr'>τοῖς</span> <span class='ocrx_word' id='word_1_402' title='bbox 785 2689 1145 2740; x_wconf 70' lang='grc' dir='ltr'>συναναϐᾶσιν</span> <span class='ocrx_word' id='word_1_403' title='bbox 1174 2688 1322 2755; x_wconf 81' lang='grc' dir='ltr'>αὑτῳ</span> <span class='ocrx_word' id='word_1_404' title='bbox 1364 2688 1472 2739; x_wconf 83' lang='grc' dir='ltr'><strong>ἀπὸ</strong></span> <span class='ocrx_word' id='word_1_405' title='bbox 1511 2687 1610 2754; x_wconf 74' lang='grc' dir='ltr'><strong>τῆς</strong></span> <span class='ocrx_word' id='word_1_406' title='bbox 1650 2687 1940 2749; x_wconf 77' lang='grc' dir='ltr'>Γαλιλαίας</span> 
     </span>
    </p>
   </div>
   <div class='ocr_carea' id='block_1_52' title="bbox 2003 2686 3605 2756">
    <p class='ocr_par' dir='ltr' id='par_1_52' title="bbox 2041 2686 3605 2756">
     <span class='ocr_line' id='line_1_52' title="bbox 2041 2686 3605 2756; baseline -0.001 -16"><span class='ocrx_word' id='word_1_407' title='bbox 2041 2698 2124 2741; x_wconf 89' lang='lat' dir='ltr'><strong>est</strong></span> <span class='ocrx_word' id='word_1_408' title='bbox 2154 2702 2251 2756; x_wconf 91' lang='lat' dir='ltr'><strong>per</strong></span> <span class='ocrx_word' id='word_1_409' title='bbox 2275 2687 2392 2741; x_wconf 88' lang='lat' dir='ltr'><strong>dies</strong></span> <span class='ocrx_word' id='word_1_410' title='bbox 2416 2688 2617 2742; x_wconf 83' lang='lat' dir='ltr'><strong>multos</strong></span> <span class='ocrx_word' id='word_1_411' title='bbox 2644 2688 2753 2750; x_wconf 87' lang='lat' dir='ltr'><strong>his,</strong></span> <span class='ocrx_word' id='word_1_412' title='bbox 2780 2689 2875 2756; x_wconf 86' lang='lat' dir='ltr'><strong>qui</strong></span> <span class='ocrx_word' id='word_1_413' title='bbox 2905 2686 3067 2742; x_wconf 89' lang='lat' dir='ltr'><strong>simul</strong></span> <span class='ocrx_word' id='word_1_414' title='bbox 3098 2687 3460 2741; x_wconf 84' lang='lat' dir='ltr'><strong>ascenderant</strong></span> <span class='ocrx_word' id='word_1_415' title='bbox 3482 2702 3605 2739; x_wconf 88' lang='lat' dir='ltr'><strong>cum</strong></span> 
     </span>
    </p>
   </div>
   <div class='ocr_carea' id='block_1_53' title="bbox 374 2774 1976 2847">
    <p class='ocr_par' dir='ltr' id='par_1_53' title="bbox 374 2774 1941 2846">
     <span class='ocr_line' id='line_1_53' title="bbox 374 2774 1941 2846; baseline -0.003 -18"><span class='ocrx_word' id='word_1_416' title='bbox 374 2778 452 2839; x_wconf 86' lang='grc' dir='ltr'><strong>είς</strong></span> <span class='ocrx_word' id='word_1_417' title='bbox 491 2776 871 2846; x_wconf 80' lang='grc' dir='ltr'>Ἰερουσαλὴμ,</span> <span class='ocrx_word' id='word_1_418' title='bbox 914 2778 1109 2838; x_wconf 77' lang='grc' dir='ltr'>οἵτινές</span> <span class='ocrx_word' id='word_1_419' title='bbox 1150 2778 1254 2827; x_wconf 74' lang='grc' dir='ltr'>εἱσι</span> <span class='ocrx_word' id='word_1_420' title='bbox 1285 2776 1559 2844; x_wconf 83' lang='grc' dir='ltr'>μάρτυρες</span> <span class='ocrx_word' id='word_1_421' title='bbox 1609 2774 1772 2827; x_wconf 82' lang='grc' dir='ltr'>αὑτοῦ</span> <span class='ocrx_word' id='word_1_422' title='bbox 1807 2774 1941 2844; x_wconf 88' lang='grc' dir='ltr'>πρὸς</span> 
     </span>
    </p>
   </div>
   <div class='ocr_carea' id='block_1_54' title="bbox 2006 2774 3608 2847">
    <p class='ocr_par' dir='ltr' id='par_1_54' title="bbox 2040 2777 3608 2847">
     <span class='ocr_line' id='line_1_54' title="bbox 2040 2777 3608 2847; baseline -0.003 -16"><span class='ocrx_word' id='word_1_423' title='bbox 2040 2793 2105 2832; x_wconf 87' lang='lat' dir='ltr'><strong>eo</strong></span> <span class='ocrx_word' id='word_1_424' title='bbox 2142 2779 2208 2832; x_wconf 86' lang='lat' dir='ltr'><strong>de.</strong></span> <span class='ocrx_word' id='word_1_425' title='bbox 2246 2778 2469 2832; x_wconf 65' lang='lat' dir='ltr'><strong>Galilaea</strong></span> <span class='ocrx_word' id='word_1_426' title='bbox 2505 2780 2559 2832; x_wconf 89' lang='lat' dir='ltr'><strong>in</strong></span> <span class='ocrx_word' id='word_1_427' title='bbox 2586 2777 2889 2832; x_wconf 77' lang='lat' dir='ltr'><strong>Jerusalem</strong></span> <span class='ocrx_word' id='word_1_428' title='bbox 2930 2796 2943 2831; x_wconf 91' lang='lat'><strong>:</strong></span> <span class='ocrx_word' id='word_1_429' title='bbox 2975 2779 3068 2847; x_wconf 88' lang='lat' dir='ltr'><strong>qui</strong></span> <span class='ocrx_word' id='word_1_430' title='bbox 3103 2793 3277 2847; x_wconf 82' lang='lat' dir='ltr'><strong>usque</strong></span> <span class='ocrx_word' id='word_1_431' title='bbox 3306 2792 3451 2830; x_wconf 90' lang='lat' dir='ltr'><strong>nunc</strong></span> <span class='ocrx_word' id='word_1_432' title='bbox 3481 2784 3608 2829; x_wconf 88' lang='lat' dir='ltr'><strong>sunt</strong></span> 
     </span>
    </p>
   </div>
   <div class='ocr_carea' id='block_1_55' title="bbox 372 2864 1974 2943">
    <p class='ocr_par' dir='ltr' id='par_1_55' title="bbox 372 2864 1938 2935">
     <span class='ocr_line' id='line_1_55' title="bbox 372 2864 1938 2935; baseline -0.003 -17"><span class='ocrx_word' id='word_1_433' title='bbox 372 2866 464 2918; x_wconf 82' lang='grc' dir='ltr'><strong>τὸν</strong></span> <span class='ocrx_word' id='word_1_434' title='bbox 498 2866 646 2918; x_wconf 88' lang='grc' dir='ltr'>λαόν.</span> <span class='ocrx_word' id='word_1_435' title='bbox 674 2869 790 2920; x_wconf 59' lang='grc' dir='ltr'><strong>Καὶ</strong></span> <span class='ocrx_word' id='word_1_436' title='bbox 819 2869 974 2935; x_wconf 70' lang='grc' dir='ltr'>ἡμεῖ,</span> <span class='ocrx_word' id='word_1_437' title='bbox 1015 2868 1154 2932; x_wconf 71' lang='grc' dir='ltr'>ὑμᾶς</span> <span class='ocrx_word' id='word_1_438' title='bbox 1180 2865 1648 2933; x_wconf 70' lang='grc' dir='ltr'>εὐαγγελιζόμεθα</span> <span class='ocrx_word' id='word_1_439' title='bbox 1676 2864 1773 2934; x_wconf 82' lang='grc' dir='ltr'><strong>τὴν</strong></span> <span class='ocrx_word' id='word_1_440' title='bbox 1801 2865 1938 2933; x_wconf 85' lang='grc' dir='ltr'>πρὸς</span> 
     </span>
    </p>
   </div>
   <div class='ocr_carea' id='block_1_56' title="bbox 2005 2864 3607 2943">
    <p class='ocr_par' dir='ltr' id='par_1_56' title="bbox 2043 2866 3607 2943">
     <span class='ocr_line' id='line_1_56' title="bbox 2043 2866 3607 2943; baseline 0 -22"><span class='ocrx_word' id='word_1_441' title='bbox 2043 2877 2210 2923; x_wconf 85' lang='lat' dir='ltr'><strong>testes</strong></span> <span class='ocrx_word' id='word_1_442' title='bbox 2242 2870 2363 2936; x_wconf 90' lang='lat' dir='ltr'><strong>ejus</strong></span> <span class='ocrx_word' id='word_1_443' title='bbox 2408 2868 2474 2923; x_wconf 87' lang='lat' dir='ltr'><strong>ad</strong></span> <span class='ocrx_word' id='word_1_444' title='bbox 2505 2868 2735 2938; x_wconf 80' lang='lat' dir='ltr'><strong>plebem.</strong></span> <span class='ocrx_word' id='word_1_445' title='bbox 2794 2867 2858 2921; x_wconf 84' lang='lat' dir='ltr'><strong>Et</strong></span> <span class='ocrx_word' id='word_1_446' title='bbox 2898 2884 2999 2922; x_wconf 88' lang='lat' dir='ltr'><strong>nos</strong></span> <span class='ocrx_word' id='word_1_447' title='bbox 3042 2869 3193 2943; x_wconf 80' lang='lat' dir='ltr'><strong>vobis</strong></span> <span class='ocrx_word' id='word_1_448' title='bbox 3221 2866 3607 2921; x_wconf 77' lang='lat' dir='ltr'><strong>annuntiamus</strong></span> 
     </span>
    </p>
   </div>
   <div class='ocr_carea' id='block_1_57' title="bbox 373 2954 1975 3028">
    <p class='ocr_par' dir='ltr' id='par_1_57' title="bbox 373 2954 1940 3028">
     <span class='ocr_line' id='line_1_57' title="bbox 373 2954 1940 3028; baseline 0 -21"><span class='ocrx_word' id='word_1_449' title='bbox 373 2956 497 3017; x_wconf 72' lang='grc' dir='ltr'>τοὺς</span> <span class='ocrx_word' id='word_1_450' title='bbox 533 2958 776 3028; x_wconf 77' lang='grc' dir='ltr'>πατέρας</span> <span class='ocrx_word' id='word_1_451' title='bbox 820 2956 1152 3024; x_wconf 78' lang='grc' dir='ltr'>ἐπαγγελίαν</span> <span class='ocrx_word' id='word_1_452' title='bbox 1198 2955 1520 3026; x_wconf 79' lang='grc' dir='ltr'>γενομένην,</span> <span class='ocrx_word' id='word_1_453' title='bbox 1557 2956 1639 3007; x_wconf 84' lang='grc' dir='ltr'><strong>ὅτι</strong></span> <span class='ocrx_word' id='word_1_454' title='bbox 1679 2954 1883 3023; x_wconf 65' lang='grc' dir='ltr'>ταύτην</span> <span class='ocrx_word' id='word_1_455' title='bbox 1911 2956 1940 3007; x_wconf 86' lang='grc' dir='ltr'><strong>ό</strong></span> 
     </span>
    </p>
   </div>
   <div class='ocr_carea' id='block_1_58' title="bbox 2002 2954 3604 3028">
    <p class='ocr_par' dir='ltr' id='par_1_58' title="bbox 2040 2957 3604 3027">
     <span class='ocr_line' id='line_1_58' title="bbox 2040 2957 3604 3027; baseline 0.001 -16"><span class='ocrx_word' id='word_1_456' title='bbox 2040 2972 2158 3011; x_wconf 83' lang='lat' dir='ltr'><strong>eam</strong></span> <span class='ocrx_word' id='word_1_457' title='bbox 2192 2973 2313 3027; x_wconf 80' lang='lat' dir='ltr'><strong>qua:</strong></span> <span class='ocrx_word' id='word_1_458' title='bbox 2347 2959 2413 3011; x_wconf 88' lang='lat' dir='ltr'><strong>ad</strong></span> <span class='ocrx_word' id='word_1_459' title='bbox 2443 2967 2624 3027; x_wconf 82' lang='lat' dir='ltr'><strong>patres</strong></span> <span class='ocrx_word' id='word_1_460' title='bbox 2671 2967 2890 3013; x_wconf 82' lang='lat' dir='ltr'><strong>nostros</strong></span> <span class='ocrx_word' id='word_1_461' title='bbox 2928 2957 3284 3025; x_wconf 77' lang='lat' dir='ltr'><strong>repromissio</strong></span> <span class='ocrx_word' id='word_1_462' title='bbox 3307 2957 3445 3010; x_wconf 77' lang='lat' dir='ltr'><strong>facta</strong></span> <span class='ocrx_word' id='word_1_463' title='bbox 3480 2963 3562 3009; x_wconf 82' lang='lat' dir='ltr'><strong>est</strong></span> <span class='ocrx_word' id='word_1_464' title='bbox 3590 2972 3604 3013; x_wconf 89' lang='lat'><strong>:</strong></span> 
     </span>
    </p>
   </div>
   <div class='ocr_carea' id='block_1_59' title="bbox 373 3032 1975 3116">
    <p class='ocr_par' dir='ltr' id='par_1_59' title="bbox 373 3032 1937 3115">
     <span class='ocr_line' id='line_1_59' title="bbox 373 3032 1937 3115; baseline 0.002 -19"><span class='ocrx_word' id='word_1_465' title='bbox 373 3044 501 3107; x_wconf 78' lang='grc' dir='ltr'>Θεὸς</span> <span class='ocrx_word' id='word_1_466' title='bbox 529 3046 923 3115; x_wconf 77' lang='grc' dir='ltr'>ἐκπεπλήρωκε</span> <span class='ocrx_word' id='word_1_467' title='bbox 953 3032 1060 3110; x_wconf 72' lang='grc' dir='ltr'>τοῖς</span> <span class='ocrx_word' id='word_1_468' title='bbox 1103 3048 1317 3109; x_wconf 82' lang='grc' dir='ltr'>τέκνοις</span> <span class='ocrx_word' id='word_1_469' title='bbox 1366 3045 1567 3109; x_wconf 80' lang='grc' dir='ltr'>αὑτῶν,</span> <span class='ocrx_word' id='word_1_470' title='bbox 1610 3046 1762 3114; x_wconf 77' lang='grc' dir='ltr'>ἡμῖν,</span> <span class='ocrx_word' id='word_1_471' title='bbox 1805 3047 1937 3099; x_wconf 84' lang='grc' dir='ltr'>ἀνα·</span> 
     </span>
    </p>
   </div>
   <div class='ocr_carea' id='block_1_60' title="bbox 2006 3032 3608 3116">
    <p class='ocr_par' dir='ltr' id='par_1_60' title="bbox 2041 3044 3608 3116">
     <span class='ocr_line' id='line_1_60' title="bbox 2041 3044 3608 3116; baseline -0.001 -19"><span class='ocrx_word' id='word_1_472' title='bbox 2041 3048 2297 3114; x_wconf 84' lang='lat' dir='ltr'><strong>quoniam</strong></span> <span class='ocrx_word' id='word_1_473' title='bbox 2359 3045 2501 3100; x_wconf 91' lang='lat' dir='ltr'><strong>hanc</strong></span> <span class='ocrx_word' id='word_1_474' title='bbox 2548 3045 2692 3102; x_wconf 87' lang='lat' dir='ltr'><strong>Deus</strong></span> <span class='ocrx_word' id='word_1_475' title='bbox 2737 3046 3050 3116; x_wconf 81' lang='lat' dir='ltr'><strong>adimplevit</strong></span> <span class='ocrx_word' id='word_1_476' title='bbox 3094 3046 3220 3100; x_wconf 77' lang='lat' dir='ltr'><strong>(iliis</strong></span> <span class='ocrx_word' id='word_1_477' title='bbox 3270 3044 3472 3101; x_wconf 78' lang='lat' dir='ltr'><strong>nostris</strong></span> <span class='ocrx_word' id='word_1_478' title='bbox 3523 3056 3608 3097; x_wconf 86' lang='lat' dir='ltr'><strong>t&#39;e-</strong></span> 
     </span>
    </p>
   </div>
   <div class='ocr_carea' id='block_1_61' title="bbox 377 3134 1979 3207">
    <p class='ocr_par' dir='ltr' id='par_1_61' title="bbox 377 3136 1979 3207">
     <span class='ocr_line' id='line_1_61' title="bbox 377 3136 1979 3207; baseline -0.001 -18"><span class='ocrx_word' id='word_1_479' title='bbox 377 3137 580 3207; x_wconf 78' lang='grc' dir='ltr'>στήσας</span> <span class='ocrx_word' id='word_1_480' title='bbox 635 3136 865 3204; x_wconf 82' lang='grc' dir='ltr'>Ἰησοῦν.</span> <span class='ocrx_word' id='word_1_481' title='bbox 1969 3141 1979 3187; x_wconf 74' lang='grc'><strong>4</strong></span> 
     </span>
    </p>
   </div>
   <div class='ocr_carea' id='block_1_62' title="bbox 958 3134 2560 3207">
    <p class='ocr_par' dir='ltr' id='par_1_62' title="bbox 1969 3134 2560 3192">
     <span class='ocr_line' id='line_1_62' title="bbox 1969 3134 2560 3192; baseline -0.003 0"><span class='ocrx_word' id='word_1_482' title='bbox 1969 3136 2013 3192; x_wconf 84' lang='lat' dir='ltr'><strong><em>C</em></strong></span> <span class='ocrx_word' id='word_1_483' title='bbox 2048 3136 2326 3190; x_wconf 83' lang='lat' dir='ltr'><strong>suscitans</strong></span> <span class='ocrx_word' id='word_1_484' title='bbox 2350 3134 2560 3191; x_wconf 81' lang='lat' dir='ltr'><strong>Jesum.</strong></span> 
     </span>
    </p>
   </div>
   <div class='ocr_carea' id='block_1_63' title="bbox 964 3219 3109 3281">
    <p class='ocr_par' dir='ltr' id='par_1_63' title="bbox 964 3219 3109 3281">
     <span class='ocr_line' id='line_1_63' title="bbox 964 3219 3109 3281; baseline 0.004 -10"><span class='ocrx_word' id='word_1_485' title='bbox 964 3219 1339 3271; x_wconf 77' lang='lat' dir='ltr'><strong>EPMHNEIA.</strong></span> <span class='ocrx_word' id='word_1_486' title='bbox 2539 3222 3109 3281; x_wconf 74' lang='lat' dir='ltr'><strong>COMMENTARIUS.</strong></span> 
     </span>
    </p>
   </div>
   <div class='ocr_carea' id='block_1_64' title="bbox 440 3302 2042 3382">
    <p class='ocr_par' dir='ltr' id='par_1_64' title="bbox 440 3304 1933 3377">
     <span class='ocr_line' id='line_1_64' title="bbox 440 3304 1933 3377; baseline -0.002 -18"><span class='ocrx_word' id='word_1_487' title='bbox 440 3307 606 3359; x_wconf 69' lang='grc' dir='ltr'>Οὐδὲν</span> <span class='ocrx_word' id='word_1_488' title='bbox 632 3307 830 3359; x_wconf 74' lang='grc' dir='ltr'>ἄτοπον</span> <span class='ocrx_word' id='word_1_489' title='bbox 855 3309 913 3358; x_wconf 78' lang='grc' dir='ltr'><strong>τὸ</strong></span> <span class='ocrx_word' id='word_1_490' title='bbox 945 3311 1035 3357; x_wconf 81' lang='grc' dir='ltr'><strong>τὸν</strong></span> <span class='ocrx_word' id='word_1_491' title='bbox 1079 3307 1288 3373; x_wconf 80' lang='grc' dir='ltr'>Ἰησοῦν</span> <span class='ocrx_word' id='word_1_492' title='bbox 1321 3305 1619 3377; x_wconf 78' lang='grc' dir='ltr'>ἐγηγέρθαι</span> <span class='ocrx_word' id='word_1_493' title='bbox 1652 3306 1759 3358; x_wconf 81' lang='grc' dir='ltr'>ἀπὸ</span> <span class='ocrx_word' id='word_1_494' title='bbox 1794 3304 1933 3357; x_wconf 87' lang='grc' dir='ltr'>Θεοῦ</span> 
     </span>
    </p>
   </div>
   <div class='ocr_carea' id='block_1_65' title="bbox 2003 3302 3605 3382">
    <p class='ocr_par' dir='ltr' id='par_1_65' title="bbox 2113 3302 3605 3382">
     <span class='ocr_line' id='line_1_65' title="bbox 2113 3302 3605 3382; baseline -0.001 -12"><span class='ocrx_word' id='word_1_495' title='bbox 2113 3316 2426 3374; x_wconf 81' lang='lat' dir='ltr'><strong>Absurdum</strong></span> <span class='ocrx_word' id='word_1_496' title='bbox 2461 3317 2672 3373; x_wconf 90' lang='lat' dir='ltr'><strong>nullum</strong></span> <span class='ocrx_word' id='word_1_497' title='bbox 2707 3328 2813 3382; x_wconf 85' lang='lat' dir='ltr'><strong>est,</strong></span> <span class='ocrx_word' id='word_1_498' title='bbox 2870 3317 3052 3373; x_wconf 85' lang='lat' dir='ltr'><strong>dicere</strong></span> <span class='ocrx_word' id='word_1_499' title='bbox 3087 3315 3269 3374; x_wconf 79' lang='lat' dir='ltr'><strong>Jesum</strong></span> <span class='ocrx_word' id='word_1_500' title='bbox 3308 3334 3327 3367; x_wconf 76' lang='grc' dir='ltr'>ι</span> <span class='ocrx_word' id='word_1_501' title='bbox 3365 3302 3605 3371; x_wconf 83' lang='lat' dir='ltr'><strong>suscita-</strong></span> 
     </span>
    </p>
   </div>
   <div class='ocr_carea' id='block_1_66' title="bbox 368 3395 1970 3470">
    <p class='ocr_par' dir='ltr' id='par_1_66' title="bbox 368 3395 1940 3468">
     <span class='ocr_line' id='line_1_66' title="bbox 368 3395 1940 3468; baseline -0.003 -15"><span class='ocrx_word' id='word_1_502' title='bbox 368 3400 644 3467; x_wconf 79' lang='grc' dir='ltr'>λέγεσθαι.</span> <span class='ocrx_word' id='word_1_503' title='bbox 680 3398 741 3450; x_wconf 83' lang='grc' dir='ltr'><strong>Εἰ</strong></span> <span class='ocrx_word' id='word_1_504' title='bbox 780 3398 887 3466; x_wconf 79' lang='grc' dir='ltr'>γὰρ</span> <span class='ocrx_word' id='word_1_505' title='bbox 930 3397 1137 3466; x_wconf 75' lang='grc' dir='ltr'>Ἰησοῦς</span> <span class='ocrx_word' id='word_1_506' title='bbox 1169 3400 1269 3449; x_wconf 88' lang='grc' dir='ltr'><strong>οὑκ</strong></span> <span class='ocrx_word' id='word_1_507' title='bbox 1296 3397 1453 3460; x_wconf 76' lang='grc' dir='ltr'>ἄλλος</span> <span class='ocrx_word' id='word_1_508' title='bbox 1476 3398 1628 3449; x_wconf 75' lang='grc' dir='ltr'>ἐστὶν</span> <span class='ocrx_word' id='word_1_509' title='bbox 1656 3397 1688 3468; x_wconf 80' lang='grc' dir='ltr'><strong>ἢ</strong></span> <span class='ocrx_word' id='word_1_510' title='bbox 1721 3400 1748 3449; x_wconf 84' lang='grc' dir='ltr'>ὁ</span> <span class='ocrx_word' id='word_1_511' title='bbox 1768 3395 1940 3464; x_wconf 85' lang='grc' dir='ltr'>Λόγος</span> 
     </span>
    </p>
   </div>
   <div class='ocr_carea' id='block_1_67' title="bbox 1996 3395 3598 3470">
    <p class='ocr_par' dir='ltr' id='par_1_67' title="bbox 2046 3407 3598 3470">
     <span class='ocr_line' id='line_1_67' title="bbox 2046 3407 3598 3470; baseline -0.002 -9"><span class='ocrx_word' id='word_1_512' title='bbox 2046 3416 2157 3461; x_wconf 89' lang='lat' dir='ltr'><strong>tum</strong></span> <span class='ocrx_word' id='word_1_513' title='bbox 2194 3423 2222 3460; x_wconf 90' lang='lat' dir='ltr'><strong>a</strong></span> <span class='ocrx_word' id='word_1_514' title='bbox 2256 3408 2507 3464; x_wconf 88' lang='lat' dir='ltr'><strong>mortuis.</strong></span> <span class='ocrx_word' id='word_1_515' title='bbox 2548 3426 2567 3460; x_wconf 74' lang='grc' dir='ltr'>ι</span> <span class='ocrx_word' id='word_1_516' title='bbox 2609 3411 2665 3463; x_wconf 91' lang='lat' dir='ltr'><strong>Si</strong></span> <span class='ocrx_word' id='word_1_517' title='bbox 2697 3409 2842 3463; x_wconf 92' lang='lat' dir='ltr'><strong>enim</strong></span> <span class='ocrx_word' id='word_1_518' title='bbox 2875 3409 3130 3464; x_wconf 86' lang='lat' dir='ltr'><strong>Christus</strong></span> <span class='ocrx_word' id='word_1_519' title='bbox 3179 3423 3286 3461; x_wconf 91' lang='lat' dir='ltr'><strong>non</strong></span> <span class='ocrx_word' id='word_1_520' title='bbox 3315 3407 3455 3461; x_wconf 89' lang='lat' dir='ltr'><strong>alius</strong></span> <span class='ocrx_word' id='word_1_521' title='bbox 3493 3416 3598 3470; x_wconf 86' lang='lat' dir='ltr'><strong>est,</strong></span> 
     </span>
    </p>
   </div>
   <div class='ocr_carea' id='block_1_68' title="bbox 369 3483 1971 3560">
    <p class='ocr_par' dir='ltr' id='par_1_68' title="bbox 369 3483 1942 3559">
     <span class='ocr_line' id='line_1_68' title="bbox 369 3483 1942 3559; baseline -0.001 -15"><span class='ocrx_word' id='word_1_522' title='bbox 369 3494 397 3544; x_wconf 88' lang='grc' dir='ltr'><strong>ὁ</strong></span> <span class='ocrx_word' id='word_1_523' title='bbox 431 3489 757 3558; x_wconf 68' lang='grc' dir='ltr'>σαρκωθεὶς,</span> <span class='ocrx_word' id='word_1_524' title='bbox 802 3483 954 3551; x_wconf 74' lang='grc' dir='ltr'>οὗτος</span> <span class='ocrx_word' id='word_1_525' title='bbox 995 3489 1048 3541; x_wconf 85' lang='grc' dir='ltr'><strong>δέ</strong></span> <span class='ocrx_word' id='word_1_526' title='bbox 1084 3490 1288 3559; x_wconf 77' lang='grc' dir='ltr'>ἐστινὴ</span> <span class='ocrx_word' id='word_1_527' title='bbox 1333 3487 1556 3557; x_wconf 81' lang='grc' dir='ltr'>δύναμις</span> <span class='ocrx_word' id='word_1_528' title='bbox 1603 3487 1695 3539; x_wconf 87' lang='grc' dir='ltr'><strong>τοῦ</strong></span> <span class='ocrx_word' id='word_1_529' title='bbox 1731 3489 1942 3557; x_wconf 83' lang='grc' dir='ltr'>Πατρὸς</span> 
     </span>
    </p>
   </div>
   <div class='ocr_carea' id='block_1_69' title="bbox 2000 3483 3602 3560">
    <p class='ocr_par' dir='ltr' id='par_1_69' title="bbox 2045 3493 3602 3560">
     <span class='ocr_line' id='line_1_69' title="bbox 2045 3493 3602 3560; baseline 0 -13"><span class='ocrx_word' id='word_1_530' title='bbox 2045 3497 2148 3549; x_wconf 90' lang='lat' dir='ltr'><strong>nisi</strong></span> <span class='ocrx_word' id='word_1_531' title='bbox 2189 3494 2426 3549; x_wconf 79' lang='lat' dir='ltr'><strong>Verbum</strong></span> <span class='ocrx_word' id='word_1_532' title='bbox 2461 3496 2828 3560; x_wconf 82' lang='lat' dir='ltr'><strong>incarnatum,</strong></span> <span class='ocrx_word' id='word_1_533' title='bbox 2863 3497 2949 3549; x_wconf 90' lang='lat' dir='ltr'><strong>hic</strong></span> <span class='ocrx_word' id='word_1_534' title='bbox 2980 3506 3161 3550; x_wconf 90' lang='lat' dir='ltr'><strong>autem</strong></span> <span class='ocrx_word' id='word_1_535' title='bbox 3192 3504 3274 3550; x_wconf 87' lang='lat' dir='ltr'><strong>est</strong></span> <span class='ocrx_word' id='word_1_536' title='bbox 3303 3495 3475 3549; x_wconf 89' lang='lat' dir='ltr'><strong>virtus</strong></span> <span class='ocrx_word' id='word_1_537' title='bbox 3503 3493 3602 3548; x_wconf 83' lang='lat' dir='ltr'><strong>Pa-</strong></span> 
     </span>
    </p>
   </div>
   <div class='ocr_carea' id='block_1_70' title="bbox 370 3577 1972 3654">
    <p class='ocr_par' dir='ltr' id='par_1_70' title="bbox 370 3577 1940 3652">
     <span class='ocr_line' id='line_1_70' title="bbox 370 3577 1940 3652; baseline -0.001 -19"><span class='ocrx_word' id='word_1_538' title='bbox 370 3582 439 3633; x_wconf 80' lang='grc' dir='ltr'>δι’</span> <span class='ocrx_word' id='word_1_539' title='bbox 487 3577 553 3652; x_wconf 79' lang='grc' dir='ltr'>ἧς</span> <span class='ocrx_word' id='word_1_540' title='bbox 608 3584 785 3634; x_wconf 68' lang='grc' dir='ltr'>πάντα</span> <span class='ocrx_word' id='word_1_541' title='bbox 841 3581 1072 3650; x_wconf 82' lang='grc' dir='ltr'>ἐνεργεῖ,</span> <span class='ocrx_word' id='word_1_542' title='bbox 1108 3581 1248 3633; x_wconf 78' lang='grc' dir='ltr'>κατὰ</span> <span class='ocrx_word' id='word_1_543' title='bbox 1301 3579 1381 3642; x_wconf 88' lang='grc' dir='ltr'><strong>τὸ,</strong></span> <span class='ocrx_word' id='word_1_544' title='bbox 1433 3597 1451 3630; x_wconf 76' lang='grc' dir='ltr'>ι</span> <span class='ocrx_word' id='word_1_545' title='bbox 1501 3580 1761 3649; x_wconf 85' lang='grc' dir='ltr'>Χριστὸς,</span> <span class='ocrx_word' id='word_1_546' title='bbox 1805 3578 1940 3632; x_wconf 85' lang='grc' dir='ltr'>Θεοῦ</span> 
     </span>
    </p>
   </div>
   <div class='ocr_carea' id='block_1_71' title="bbox 2000 3577 3602 3654">
    <p class='ocr_par' dir='ltr' id='par_1_71' title="bbox 2042 3582 3602 3654">
     <span class='ocr_line' id='line_1_71' title="bbox 2042 3582 3602 3654; baseline -0.003 -16"><span class='ocrx_word' id='word_1_547' title='bbox 2042 3586 2167 3648; x_wconf 86' lang='lat' dir='ltr'><strong>tris,</strong></span> <span class='ocrx_word' id='word_1_548' title='bbox 2199 3601 2296 3654; x_wconf 91' lang='lat' dir='ltr'><strong>per</strong></span> <span class='ocrx_word' id='word_1_549' title='bbox 2329 3601 2490 3654; x_wconf 86' lang='lat' dir='ltr'><strong>quam</strong></span> <span class='ocrx_word' id='word_1_550' title='bbox 2523 3585 2705 3638; x_wconf 80' lang='lat' dir='ltr'><strong>omnia</strong></span> <span class='ocrx_word' id='word_1_551' title='bbox 2748 3583 2902 3645; x_wconf 80' lang='lat' dir='ltr'><strong>facit,</strong></span> <span class='ocrx_word' id='word_1_552' title='bbox 2928 3585 3085 3652; x_wconf 81' lang='lat' dir='ltr'><strong>juxta</strong></span> <span class='ocrx_word' id='word_1_553' title='bbox 3115 3583 3249 3637; x_wconf 89' lang='lat' dir='ltr'><strong>illud</strong></span> <span class='ocrx_word' id='word_1_554' title='bbox 3282 3582 3348 3646; x_wconf 76' lang='lat'><strong>“,</strong></span> <span class='ocrx_word' id='word_1_555' title='bbox 3392 3601 3412 3634; x_wconf 80' lang='grc' dir='ltr'>ι</span> <span class='ocrx_word' id='word_1_556' title='bbox 3444 3582 3602 3636; x_wconf 89' lang='lat' dir='ltr'><strong>Chri-</strong></span> 
     </span>
    </p>
   </div>
   <div class='ocr_carea' id='block_1_72' title="bbox 370 3670 1972 3740">
    <p class='ocr_par' dir='ltr' id='par_1_72' title="bbox 370 3670 1939 3740">
     <span class='ocr_line' id='line_1_72' title="bbox 370 3670 1939 3740; baseline -0.001 -15"><span class='ocrx_word' id='word_1_557' title='bbox 370 3672 597 3740; x_wconf 73' lang='grc' dir='ltr'>δύναμις</span> <span class='ocrx_word' id='word_1_558' title='bbox 623 3687 637 3701; x_wconf 78' lang='grc'><em>’</em></span> <span class='ocrx_word' id='word_1_559' title='bbox 677 3691 696 3722; x_wconf 73' lang='grc' dir='ltr'>ι</span> <span class='ocrx_word' id='word_1_560' title='bbox 748 3670 907 3734; x_wconf 75' lang='grc' dir='ltr'>αὐτὸς</span> <span class='ocrx_word' id='word_1_561' title='bbox 958 3671 1148 3724; x_wconf 72' lang='grc' dir='ltr'>ἑαυτὸν</span> <span class='ocrx_word' id='word_1_562' title='bbox 1184 3671 1545 3724; x_wconf 83' lang='grc' dir='ltr'>ἀνεστακέναι</span> <span class='ocrx_word' id='word_1_563' title='bbox 1594 3670 1939 3740; x_wconf 81' lang='grc' dir='ltr'>νοηθήσεται,</span> 
     </span>
    </p>
   </div>
   <div class='ocr_carea' id='block_1_73' title="bbox 2001 3670 3603 3740">
    <p class='ocr_par' dir='ltr' id='par_1_73' title="bbox 2042 3670 3603 3738">
     <span class='ocr_line' id='line_1_73' title="bbox 2042 3670 3603 3738; baseline -0.001 -12"><span class='ocrx_word' id='word_1_564' title='bbox 2042 3683 2162 3726; x_wconf 88' lang='lat' dir='ltr'><strong>stus</strong></span> <span class='ocrx_word' id='word_1_565' title='bbox 2231 3670 2324 3723; x_wconf 84' lang='lat' dir='ltr'><strong>Dei</strong></span> <span class='ocrx_word' id='word_1_566' title='bbox 2360 3674 2575 3734; x_wconf 89' lang='lat' dir='ltr'><strong>virtus;</strong></span> <span class='ocrx_word' id='word_1_567' title='bbox 2625 3688 2646 3719; x_wconf 72' lang='grc' dir='ltr'>ι</span> <span class='ocrx_word' id='word_1_568' title='bbox 2682 3671 2797 3738; x_wconf 84' lang='lat' dir='ltr'><strong>ipse</strong></span> <span class='ocrx_word' id='word_1_569' title='bbox 2843 3671 3194 3738; x_wconf 81' lang='lat' dir='ltr'><strong>semetipsum</strong></span> <span class='ocrx_word' id='word_1_570' title='bbox 3247 3670 3603 3725; x_wconf 78' lang='lat' dir='ltr'><strong>resuscitasse</strong></span> 
     </span>
    </p>
   </div>
   <div class='ocr_carea' id='block_1_74' title="bbox 371 3760 1973 3832">
    <p class='ocr_par' dir='ltr' id='par_1_74' title="bbox 371 3760 1941 3832">
     <span class='ocr_line' id='line_1_74' title="bbox 371 3760 1941 3832; baseline -0.001 -17"><span class='ocrx_word' id='word_1_571' title='bbox 371 3765 461 3815; x_wconf 79' lang='grc' dir='ltr'>καὶ</span> <span class='ocrx_word' id='word_1_572' title='bbox 512 3760 804 3832; x_wconf 71' lang='grc' dir='ltr'>ἐγηγέρθαι</span> <span class='ocrx_word' id='word_1_573' title='bbox 836 3762 1123 3831; x_wconf 77' lang='grc' dir='ltr'>λεγόμενος</span> <span class='ocrx_word' id='word_1_574' title='bbox 1150 3762 1253 3813; x_wconf 86' lang='grc' dir='ltr'><strong>ὑπὸ</strong></span> <span class='ocrx_word' id='word_1_575' title='bbox 1276 3761 1369 3813; x_wconf 85' lang='grc' dir='ltr'><strong>τοῦ</strong></span> <span class='ocrx_word' id='word_1_576' title='bbox 1401 3760 1633 3830; x_wconf 80' lang='grc' dir='ltr'>Πατρὸς,</span> <span class='ocrx_word' id='word_1_577' title='bbox 1670 3762 1752 3829; x_wconf 76' lang='grc' dir='ltr'><strong>ἐφ’</strong></span> <span class='ocrx_word' id='word_1_578' title='bbox 1777 3760 1833 3813; x_wconf 80' lang='grc' dir='ltr'>ὃν</span> <span class='ocrx_word' id='word_1_579' title='bbox 1866 3761 1941 3823; x_wconf 85' lang='grc' dir='ltr'>ὡς</span> 
     </span>
    </p>
   </div>
   <div class='ocr_carea' id='block_1_75' title="bbox 1993 3760 3595 3832">
    <p class='ocr_par' dir='ltr' id='par_1_75' title="bbox 2042 3761 3595 3831">
     <span class='ocr_line' id='line_1_75' title="bbox 2042 3761 3595 3831; baseline -0.003 -15"><span class='ocrx_word' id='word_1_580' title='bbox 2042 3761 2385 3831; x_wconf 78' lang='lat' dir='ltr'><strong>intelligitur,</strong></span> <span class='ocrx_word' id='word_1_581' title='bbox 2418 3761 2581 3816; x_wconf 89' lang='lat' dir='ltr'><strong>etiam</strong></span> <span class='ocrx_word' id='word_1_582' title='bbox 2612 3775 2735 3813; x_wconf 90' lang='lat' dir='ltr'><strong>cum</strong></span> <span class='ocrx_word' id='word_1_583' title='bbox 2767 3761 3068 3816; x_wconf 84' lang='lat' dir='ltr'><strong>suscitatus</strong></span> <span class='ocrx_word' id='word_1_584' title='bbox 3096 3776 3127 3815; x_wconf 86' lang='lat' dir='ltr'><strong>a</strong></span> <span class='ocrx_word' id='word_1_585' title='bbox 3163 3761 3319 3815; x_wconf 82' lang='lat' dir='ltr'><strong>Patre</strong></span> <span class='ocrx_word' id='word_1_586' title='bbox 3356 3761 3595 3816; x_wconf 86' lang='lat' dir='ltr'><strong>dicitur:</strong></span> 
     </span>
    </p>
   </div>
   <div class='ocr_carea' id='block_1_76' title="bbox 368 3850 1970 3923">
    <p class='ocr_par' dir='ltr' id='par_1_76' title="bbox 368 3852 1941 3923">
     <span class='ocr_line' id='line_1_76' title="bbox 368 3852 1941 3923; baseline -0.001 -17"><span class='ocrx_word' id='word_1_587' title='bbox 368 3853 542 3923; x_wconf 79' lang='grc' dir='ltr'>ἀρχὴν</span> <span class='ocrx_word' id='word_1_588' title='bbox 583 3858 679 3906; x_wconf 72' lang='grc' dir='ltr'><strong>καὶ</strong></span> <span class='ocrx_word' id='word_1_589' title='bbox 706 3854 886 3905; x_wconf 79' lang='grc' dir='ltr'>αἰτίαν</span> <span class='ocrx_word' id='word_1_590' title='bbox 912 3853 1138 3923; x_wconf 79' lang='grc' dir='ltr'>ἄχρονον</span> <span class='ocrx_word' id='word_1_591' title='bbox 1169 3852 1385 3905; x_wconf 72' lang='grc' dir='ltr'>ἅπαντα</span> <span class='ocrx_word' id='word_1_592' title='bbox 1419 3853 1749 3920; x_wconf 79' lang='grc' dir='ltr'>ἀναφέρεται</span> <span class='ocrx_word' id='word_1_593' title='bbox 1770 3868 1784 3881; x_wconf 74' lang='grc' dir='ltr'><strong>ο</strong></span> <span class='ocrx_word' id='word_1_594' title='bbox 1819 3853 1941 3904; x_wconf 79' lang='grc' dir='ltr'>ἐπεὶ</span> 
     </span>
    </p>
   </div>
   <div class='ocr_carea' id='block_1_77' title="bbox 1994 3850 3596 3923">
    <p class='ocr_par' dir='ltr' id='par_1_77' title="bbox 2041 3850 3596 3921">
     <span class='ocr_line' id='line_1_77' title="bbox 2041 3850 3596 3921; baseline -0.002 -15"><span class='ocrx_word' id='word_1_595' title='bbox 2041 3852 2109 3906; x_wconf 86' lang='lat' dir='ltr'><strong>ad</strong></span> <span class='ocrx_word' id='word_1_596' title='bbox 2148 3852 2326 3919; x_wconf 83' lang='lat' dir='ltr'><strong>ipsum</strong></span> <span class='ocrx_word' id='word_1_597' title='bbox 2354 3852 2497 3906; x_wconf 81' lang='lat' dir='ltr'><strong>enim</strong></span> <span class='ocrx_word' id='word_1_598' title='bbox 2534 3852 2681 3906; x_wconf 85' lang='lat' dir='ltr'><strong>velut</strong></span> <span class='ocrx_word' id='word_1_599' title='bbox 2733 3854 2799 3905; x_wconf 88' lang='lat' dir='ltr'><strong>ad</strong></span> <span class='ocrx_word' id='word_1_600' title='bbox 2862 3850 3212 3921; x_wconf 83' lang='lat' dir='ltr'><strong>principium,</strong></span> <span class='ocrx_word' id='word_1_601' title='bbox 3264 3860 3317 3904; x_wconf 87' lang='lat' dir='ltr'><strong>et</strong></span> <span class='ocrx_word' id='word_1_602' title='bbox 3376 3867 3596 3905; x_wconf 84' lang='lat' dir='ltr'><strong>causam</strong></span> 
     </span>
    </p>
   </div>
   <div class='ocr_carea' id='block_1_78' title="bbox 368 3939 1970 4014">
    <p class='ocr_par' dir='ltr' id='par_1_78' title="bbox 368 3939 1938 4013">
     <span class='ocr_line' id='line_1_78' title="bbox 368 3939 1938 4013; baseline -0.001 -18"><span class='ocrx_word' id='word_1_603' title='bbox 368 3944 464 3996; x_wconf 77' lang='grc' dir='ltr'>καὶ</span> <span class='ocrx_word' id='word_1_604' title='bbox 487 3943 647 4005; x_wconf 78' lang='grc' dir='ltr'>αὑτός</span> <span class='ocrx_word' id='word_1_605' title='bbox 688 3957 888 4013; x_wconf 77' lang='grc' dir='ltr'>φησιν’</span> <span class='ocrx_word' id='word_1_606' title='bbox 925 3959 944 3992; x_wconf 78' lang='grc' dir='ltr'>ι</span> <span class='ocrx_word' id='word_1_607' title='bbox 981 3941 1194 3994; x_wconf 83' lang='grc' dir='ltr'>Λύσατε</span> <span class='ocrx_word' id='word_1_608' title='bbox 1233 3941 1325 3992; x_wconf 71' lang='grc' dir='ltr'><strong>τὸν</strong></span> <span class='ocrx_word' id='word_1_609' title='bbox 1366 3939 1493 3993; x_wconf 76' lang='grc' dir='ltr'>ναὸν</span> <span class='ocrx_word' id='word_1_610' title='bbox 1518 3939 1731 4003; x_wconf 85' lang='grc' dir='ltr'>τοῦτον,</span> <span class='ocrx_word' id='word_1_611' title='bbox 1764 3942 1855 3993; x_wconf 79' lang='grc' dir='ltr'><strong>καὶ</strong></span> <span class='ocrx_word' id='word_1_612' title='bbox 1880 3944 1938 3993; x_wconf 85' lang='grc' dir='ltr'><strong>ἐν</strong></span> 
     </span>
    </p>
   </div>
   <div class='ocr_carea' id='block_1_79' title="bbox 1992 3939 3594 4014">
    <p class='ocr_par' dir='ltr' id='par_1_79' title="bbox 2039 3940 3594 4014">
     <span class='ocr_line' id='line_1_79' title="bbox 2039 3940 3594 4014; baseline -0.005 -13"><span class='ocrx_word' id='word_1_613' title='bbox 2039 3946 2425 4014; x_wconf 84' lang='lat' dir='ltr'><strong>sempiternam</strong></span> <span class='ocrx_word' id='word_1_614' title='bbox 2484 3943 2667 3997; x_wconf 85' lang='lat' dir='ltr'><strong>omnia</strong></span> <span class='ocrx_word' id='word_1_615' title='bbox 2725 3942 2912 3998; x_wconf 82' lang='lat' dir='ltr'><strong>refert.</strong></span> <span class='ocrx_word' id='word_1_616' title='bbox 2980 3941 3161 4007; x_wconf 84' lang='lat' dir='ltr'><strong>Quare</strong></span> <span class='ocrx_word' id='word_1_617' title='bbox 3220 3941 3336 4010; x_wconf 88' lang='lat' dir='ltr'><strong>ipse</strong></span> <span class='ocrx_word' id='word_1_618' title='bbox 3401 3942 3477 3994; x_wconf 88' lang='lat' dir='ltr'><strong>ait</strong></span> <span class='ocrx_word' id='word_1_619' title='bbox 3505 3940 3594 3994; x_wconf 82' lang='lat'><strong>&quot;:</strong></span> 
     </span>
    </p>
   </div>
   <div class='ocr_carea' id='block_1_80' title="bbox 367 4029 1969 4103">
    <p class='ocr_par' dir='ltr' id='par_1_80' title="bbox 367 4029 1934 4103">
     <span class='ocr_line' id='line_1_80' title="bbox 367 4029 1934 4103; baseline -0.003 -18"><span class='ocrx_word' id='word_1_620' title='bbox 367 4035 544 4103; x_wconf 78' lang='grc' dir='ltr'>τρισὶν</span> <span class='ocrx_word' id='word_1_621' title='bbox 568 4034 801 4103; x_wconf 75' lang='grc' dir='ltr'>ἡμέραις</span> <span class='ocrx_word' id='word_1_622' title='bbox 824 4033 998 4103; x_wconf 80' lang='grc' dir='ltr'>ἐγερῶ</span> <span class='ocrx_word' id='word_1_623' title='bbox 1026 4030 1209 4084; x_wconf 83' lang='grc' dir='ltr'>αὐτόν.</span> <span class='ocrx_word' id='word_1_624' title='bbox 1251 4048 1270 4081; x_wconf 79' lang='grc' dir='ltr'>ι</span> <span class='ocrx_word' id='word_1_625' title='bbox 1314 4029 1519 4092; x_wconf 80' lang='grc' dir='ltr'>Ἀλλως</span> <span class='ocrx_word' id='word_1_626' title='bbox 1545 4044 1604 4082; x_wconf 87' lang='grc' dir='ltr'><strong>τε</strong></span> <span class='ocrx_word' id='word_1_627' title='bbox 1636 4029 1714 4095; x_wconf 83' lang='grc' dir='ltr'><strong>δὲ,</strong></span> <span class='ocrx_word' id='word_1_628' title='bbox 1742 4029 1934 4100; x_wconf 80' lang='grc' dir='ltr'>ἐπειδὴ</span> 
     </span>
    </p>
   </div>
   <div class='ocr_carea' id='block_1_81' title="bbox 1996 4029 3598 4103">
    <p class='ocr_par' dir='ltr' id='par_1_81' title="bbox 2043 4030 3598 4103">
     <span class='ocr_line' id='line_1_81' title="bbox 2043 4030 3598 4103; baseline -0.002 -18"><span class='ocrx_word' id='word_1_629' title='bbox 2043 4052 2062 4085; x_wconf 78' lang='grc' dir='ltr'>ι</span> <span class='ocrx_word' id='word_1_630' title='bbox 2110 4034 2317 4089; x_wconf 76' lang='lat' dir='ltr'><strong>Solvite</strong></span> <span class='ocrx_word' id='word_1_631' title='bbox 2345 4034 2605 4103; x_wconf 87' lang='lat' dir='ltr'><strong>templum</strong></span> <span class='ocrx_word' id='word_1_632' title='bbox 2640 4033 2763 4097; x_wconf 89' lang='lat' dir='ltr'><strong>hoc,</strong></span> <span class='ocrx_word' id='word_1_633' title='bbox 2793 4043 2848 4087; x_wconf 94' lang='lat' dir='ltr'><strong>et</strong></span> <span class='ocrx_word' id='word_1_634' title='bbox 2872 4033 2928 4086; x_wconf 88' lang='lat' dir='ltr'><strong>in</strong></span> <span class='ocrx_word' id='word_1_635' title='bbox 2965 4033 3141 4086; x_wconf 89' lang='lat' dir='ltr'><strong>tribus</strong></span> <span class='ocrx_word' id='word_1_636' title='bbox 3203 4030 3397 4085; x_wconf 87' lang='lat' dir='ltr'><strong>diebus</strong></span> <span class='ocrx_word' id='word_1_637' title='bbox 3451 4030 3598 4084; x_wconf 79' lang='lat' dir='ltr'><strong>exci-</strong></span> 
     </span>
    </p>
   </div>
   <div class='ocr_carea' id='block_1_82' title="bbox 365 4119 1967 4195">
    <p class='ocr_par' dir='ltr' id='par_1_82' title="bbox 365 4119 1938 4192">
     <span class='ocr_line' id='line_1_82' title="bbox 365 4119 1938 4192; baseline -0.004 -14"><span class='ocrx_word' id='word_1_638' title='bbox 365 4125 427 4177; x_wconf 85' lang='grc' dir='ltr'><strong>τὸ</strong></span> <span class='ocrx_word' id='word_1_639' title='bbox 462 4126 691 4192; x_wconf 84' lang='grc' dir='ltr'>Ἰησοῦς</span> <span class='ocrx_word' id='word_1_640' title='bbox 732 4124 903 4192; x_wconf 74' lang='grc' dir='ltr'>ὄνομα</span> <span class='ocrx_word' id='word_1_641' title='bbox 941 4122 1031 4174; x_wconf 73' lang='grc' dir='ltr'>ἐστὶ</span> <span class='ocrx_word' id='word_1_642' title='bbox 1062 4121 1154 4174; x_wconf 87' lang='grc' dir='ltr'><strong>τοῦ</strong></span> <span class='ocrx_word' id='word_1_643' title='bbox 1193 4120 1480 4191; x_wconf 78' lang='grc' dir='ltr'>ἀνθρώπου</span> <span class='ocrx_word' id='word_1_644' title='bbox 1512 4120 1697 4183; x_wconf 84' lang='grc' dir='ltr'>κακῶς</span> <span class='ocrx_word' id='word_1_645' title='bbox 1727 4119 1938 4189; x_wconf 77' lang='grc' dir='ltr'>λαμϐά-</span> 
     </span>
    </p>
   </div>
   <div class='ocr_carea' id='block_1_83' title="bbox 1994 4119 3596 4195">
    <p class='ocr_par' dir='ltr' id='par_1_83' title="bbox 2037 4120 3596 4195">
     <span class='ocr_line' id='line_1_83' title="bbox 2037 4120 3596 4195; baseline -0.004 -16"><span class='ocrx_word' id='word_1_646' title='bbox 2037 4124 2161 4179; x_wconf 91' lang='lat' dir='ltr'><strong>tabo</strong></span> <span class='ocrx_word' id='word_1_647' title='bbox 2181 4123 2335 4179; x_wconf 90' lang='lat' dir='ltr'><strong>illud.</strong></span> <span class='ocrx_word' id='word_1_648' title='bbox 2358 4144 2377 4176; x_wconf 76' lang='grc' dir='ltr'>ι</span> <span class='ocrx_word' id='word_1_649' title='bbox 2408 4122 2694 4191; x_wconf 73' lang='lat' dir='ltr'><strong>Praeterea,</strong></span> <span class='ocrx_word' id='word_1_650' title='bbox 2713 4126 2966 4195; x_wconf 86' lang='lat' dir='ltr'><strong>quoniam</strong></span> <span class='ocrx_word' id='word_1_651' title='bbox 2992 4138 3189 4177; x_wconf 88' lang='lat' dir='ltr'><strong>nomen</strong></span> <span class='ocrx_word' id='word_1_652' title='bbox 3213 4120 3372 4175; x_wconf 87' lang='lat' dir='ltr'><strong>Jesus</strong></span> <span class='ocrx_word' id='word_1_653' title='bbox 3401 4122 3466 4174; x_wconf 91' lang='lat' dir='ltr'><strong>de</strong></span> <span class='ocrx_word' id='word_1_654' title='bbox 3501 4122 3596 4174; x_wconf 59' lang='lat' dir='ltr'><strong>ho.</strong></span> 
     </span>
    </p>
   </div>
   <div class='ocr_carea' id='block_1_84' title="bbox 366 4208 1968 4283">
    <p class='ocr_par' dir='ltr' id='par_1_84' title="bbox 366 4208 1935 4283">
     <span class='ocr_line' id='line_1_84' title="bbox 366 4208 1935 4283; baseline -0.003 -16"><span class='ocrx_word' id='word_1_655' title='bbox 366 4217 515 4268; x_wconf 82' lang='grc' dir='ltr'>νουσί</span> <span class='ocrx_word' id='word_1_656' title='bbox 559 4232 724 4280; x_wconf 73' lang='grc' dir='ltr'>τινες,</span> <span class='ocrx_word' id='word_1_657' title='bbox 758 4216 869 4266; x_wconf 70' lang='grc' dir='ltr'>-και</span> <span class='ocrx_word' id='word_1_658' title='bbox 900 4210 1188 4283; x_wconf 76' lang='grc' dir='ltr'>προλαϐὼν</span> <span class='ocrx_word' id='word_1_659' title='bbox 1236 4208 1379 4274; x_wconf 81' lang='grc' dir='ltr'>εἷπε,</span> <span class='ocrx_word' id='word_1_660' title='bbox 1424 4211 1692 4263; x_wconf 76' lang='grc' dir='ltr'>τεθεῖσθαι</span> <span class='ocrx_word' id='word_1_661' title='bbox 1726 4211 1818 4263; x_wconf 87' lang='grc' dir='ltr'><strong>τὸν</strong></span> <span class='ocrx_word' id='word_1_662' title='bbox 1856 4210 1935 4263; x_wconf 87' lang='grc' dir='ltr'>λί-</span> 
     </span>
    </p>
   </div>
   <div class='ocr_carea' id='block_1_85' title="bbox 1988 4208 3590 4283">
    <p class='ocr_par' dir='ltr' id='par_1_85' title="bbox 2036 4209 3590 4279">
     <span class='ocr_line' id='line_1_85' title="bbox 2036 4209 3590 4279; baseline -0.003 -15"><span class='ocrx_word' id='word_1_663' title='bbox 2036 4211 2183 4265; x_wconf 89' lang='lat' dir='ltr'><strong>mine</strong></span> <span class='ocrx_word' id='word_1_664' title='bbox 2219 4210 2359 4264; x_wconf 90' lang='lat' dir='ltr'><strong>male</strong></span> <span class='ocrx_word' id='word_1_665' title='bbox 2406 4211 2682 4279; x_wconf 89' lang='lat' dir='ltr'><strong>accipiunt</strong></span> <span class='ocrx_word' id='word_1_666' title='bbox 2716 4209 2907 4279; x_wconf 84' lang='lat' dir='ltr'><strong>aliqui,</strong></span> <span class='ocrx_word' id='word_1_667' title='bbox 2962 4219 3013 4263; x_wconf 92' lang='lat' dir='ltr'><strong>et</strong></span> <span class='ocrx_word' id='word_1_668' title='bbox 3067 4209 3184 4278; x_wconf 86' lang='lat' dir='ltr'><strong>ipse</strong></span> <span class='ocrx_word' id='word_1_669' title='bbox 3234 4209 3590 4278; x_wconf 64' lang='lat' dir='ltr'><strong>pl‘iﬁttliSt‘l‘nl,</strong></span> 
     </span>
    </p>
   </div>
   <div class='ocr_carea' id='block_1_86' title="bbox 365 4300 1967 4376">
    <p class='ocr_par' dir='ltr' id='par_1_86' title="bbox 365 4300 1933 4373">
     <span class='ocr_line' id='line_1_86' title="bbox 365 4300 1933 4373; baseline -0.003 -17"><span class='ocrx_word' id='word_1_670' title='bbox 365 4303 456 4356; x_wconf 85' lang='grc' dir='ltr'>οον</span> <span class='ocrx_word' id='word_1_671' title='bbox 484 4304 524 4335; x_wconf 81' lang='grc'><strong>⁸⁷</strong></span> <span class='ocrx_word' id='word_1_672' title='bbox 554 4303 614 4354; x_wconf 78' lang='grc' dir='ltr'><strong>ἐν</strong></span> <span class='ocrx_word' id='word_1_673' title='bbox 635 4302 905 4373; x_wconf 84' lang='grc' dir='ltr'>μνημείῳ,</span> <span class='ocrx_word' id='word_1_674' title='bbox 932 4301 1021 4355; x_wconf 80' lang='grc' dir='ltr'><strong>ἵνα</strong></span> <span class='ocrx_word' id='word_1_675' title='bbox 1061 4303 1134 4371; x_wconf 82' lang='grc' dir='ltr'>μή</span> <span class='ocrx_word' id='word_1_676' title='bbox 1165 4318 1246 4363; x_wconf 86' lang='grc' dir='ltr'><strong>τις</strong></span> <span class='ocrx_word' id='word_1_677' title='bbox 1278 4300 1539 4353; x_wconf 72' lang='grc' dir='ltr'>ὑπολάϐοι</span> <span class='ocrx_word' id='word_1_678' title='bbox 1572 4302 1812 4371; x_wconf 80' lang='grc' dir='ltr'>ᾶσαρκον</span> <span class='ocrx_word' id='word_1_679' title='bbox 1839 4300 1933 4352; x_wconf 86' lang='grc' dir='ltr'>αὑ-</span> 
     </span>
    </p>
   </div>
   <div class='ocr_carea' id='block_1_87' title="bbox 1989 4300 3591 4376">
    <p class='ocr_par' dir='ltr' id='par_1_87' title="bbox 2034 4301 3591 4376">
     <span class='ocr_line' id='line_1_87' title="bbox 2034 4301 3591 4376; baseline -0.004 -16"><span class='ocrx_word' id='word_1_680' title='bbox 2034 4306 2269 4376; x_wconf 84' lang='lat' dir='ltr'><strong>positum</strong></span> <span class='ocrx_word' id='word_1_681' title='bbox 2330 4318 2451 4359; x_wconf 87' lang='lat' dir='ltr'><strong>esse</strong></span> <span class='ocrx_word' id='word_1_682' title='bbox 2509 4301 2744 4358; x_wconf 79' lang='lat' dir='ltr'><strong>Verbum</strong></span> <span class='ocrx_word' id='word_1_683' title='bbox 2806 4303 2858 4356; x_wconf 92' lang='lat' dir='ltr'><strong>in</strong></span> <span class='ocrx_word' id='word_1_684' title='bbox 2920 4310 3292 4366; x_wconf 88' lang='lat' dir='ltr'><strong>monumento,</strong></span> <span class='ocrx_word' id='word_1_685' title='bbox 3356 4316 3422 4354; x_wconf 87' lang='lat' dir='ltr'><strong>ne</strong></span> <span class='ocrx_word' id='word_1_686' title='bbox 3469 4301 3591 4367; x_wconf 80' lang='lat' dir='ltr'><strong>quis</strong></span> 
     </span>
    </p>
   </div>
   <div class='ocr_carea' id='block_1_88' title="bbox 362 4389 1964 4466">
    <p class='ocr_par' dir='ltr' id='par_1_88' title="bbox 362 4391 1964 4466">
     <span class='ocr_line' id='line_1_88' title="bbox 362 4391 1964 4466; baseline -0.002 -19"><span class='ocrx_word' id='word_1_687' title='bbox 362 4394 453 4448; x_wconf 76' lang='grc' dir='ltr'><strong>τὸν</strong></span> <span class='ocrx_word' id='word_1_688' title='bbox 482 4396 762 4466; x_wconf 72' lang='grc' dir='ltr'>εἰρηκέναι</span> <span class='ocrx_word' id='word_1_689' title='bbox 799 4396 891 4447; x_wconf 81' lang='grc' dir='ltr'><strong>τὸν</strong></span> <span class='ocrx_word' id='word_1_690' title='bbox 923 4393 1095 4460; x_wconf 88' lang='grc' dir='ltr'>Λόγον</span> <span class='ocrx_word' id='word_1_691' title='bbox 1122 4431 1137 4456; x_wconf 94' lang='grc'><strong>,</strong></span> <span class='ocrx_word' id='word_1_692' title='bbox 1175 4391 1337 4445; x_wconf 73' lang='grc' dir='ltr'>πάλιν</span> <span class='ocrx_word' id='word_1_693' title='bbox 1378 4392 1541 4444; x_wconf 77' lang='grc' dir='ltr'>αὑτὸν</span> <span class='ocrx_word' id='word_1_694' title='bbox 1591 4391 1795 4460; x_wconf 85' lang='grc' dir='ltr'>Ἰησοῦν</span> <span class='ocrx_word' id='word_1_695' title='bbox 1826 4408 1932 4444; x_wconf 78' lang='grc' dir='ltr'>κα-</span> <span class='ocrx_word' id='word_1_696' title='bbox 1953 4454 1964 4466; x_wconf 31' lang='grc' dir='ltr'><strong>η</strong></span> 
     </span>
    </p>
   </div>
   <div class='ocr_carea' id='block_1_89' title="bbox 1990 4389 3592 4466">
    <p class='ocr_par' dir='ltr' id='par_1_89' title="bbox 1990 4389 3592 4466">
     <span class='ocr_line' id='line_1_89' title="bbox 1990 4389 3592 4466; baseline -0.006 -15"><span class='ocrx_word' id='word_1_697' title='bbox 1990 4457 2001 4466; x_wconf 76' lang='lat'><strong><em>_</em></strong></span> <span class='ocrx_word' id='word_1_698' title='bbox 2034 4396 2431 4465; x_wconf 83' lang='lat' dir='ltr'><strong>suspicaretur,</strong></span> <span class='ocrx_word' id='word_1_699' title='bbox 2462 4410 2584 4449; x_wconf 89' lang='lat' dir='ltr'><strong>eum</strong></span> <span class='ocrx_word' id='word_1_700' title='bbox 2612 4394 2813 4447; x_wconf 79' lang='lat' dir='ltr'><strong>dixisse</strong></span> <span class='ocrx_word' id='word_1_701' title='bbox 2851 4389 3082 4446; x_wconf 85' lang='lat' dir='ltr'><strong>Verbum</strong></span> <span class='ocrx_word' id='word_1_702' title='bbox 3113 4398 3231 4446; x_wconf 84' lang='lat' dir='ltr'><strong>sine</strong></span> <span class='ocrx_word' id='word_1_703' title='bbox 3248 4407 3430 4451; x_wconf 68' lang='lat' dir='ltr'><strong>carne.</strong></span> <span class='ocrx_word' id='word_1_704' title='bbox 3467 4407 3592 4445; x_wconf 86' lang='lat' dir='ltr'><strong>rur-</strong></span> 
     </span>
    </p>
   </div>
   <div class='ocr_carea' id='block_1_90' title="bbox 364 4454 1966 4555">
    <p class='ocr_par' dir='ltr' id='par_1_90' title="bbox 364 4454 1966 4555">
     <span class='ocr_line' id='line_1_90' title="bbox 364 4454 1966 4555; baseline -0.003 -16"><span class='ocrx_word' id='word_1_705' title='bbox 364 4487 466 4553; x_wconf 85' lang='grc' dir='ltr'>λεῖ,</span> <span class='ocrx_word' id='word_1_706' title='bbox 494 4454 730 4555; x_wconf 73' lang='grc' dir='ltr'>οὑδαμοῦ</span> <span class='ocrx_word' id='word_1_707' title='bbox 761 4454 1025 4555; x_wconf 79' lang='grc' dir='ltr'>διαίρεσιν</span> <span class='ocrx_word' id='word_1_708' title='bbox 1069 4454 1245 4546; x_wconf 82' lang='grc' dir='ltr'>διδοὺς</span> <span class='ocrx_word' id='word_1_709' title='bbox 1279 4483 1358 4554; x_wconf 77' lang='grc' dir='ltr'>τῷ</span> <span class='ocrx_word' id='word_1_710' title='bbox 1389 4454 1727 4553; x_wconf 79' lang='grc' dir='ltr'>σαρκωθέντι</span> <span class='ocrx_word' id='word_1_711' title='bbox 1767 4482 1927 4552; x_wconf 83' lang='grc' dir='ltr'>Λόγῳ</span> <span class='ocrx_word' id='word_1_712' title='bbox 1953 4454 1966 4513; x_wconf 75' lang='grc'>]</span> 
     </span>
    </p>
   </div>
   <div class='ocr_carea' id='block_1_91' title="bbox 1990 4454 3592 4555">
    <p class='ocr_par' dir='ltr' id='par_1_91' title="bbox 1990 4457 3592 4555">
     <span class='ocr_line' id='line_1_91' title="bbox 1990 4457 3592 4555; baseline -0.006 -12"><span class='ocrx_word' id='word_1_713' title='bbox 1990 4457 2131 4543; x_wconf 58' lang='grc' dir='ltr'><strong>ἐυε</strong></span> <span class='ocrx_word' id='word_1_714' title='bbox 2160 4485 2348 4542; x_wconf 81' lang='lat' dir='ltr'><strong>Jesum</strong></span> <span class='ocrx_word' id='word_1_715' title='bbox 2381 4487 2557 4555; x_wconf 88' lang='lat' dir='ltr'><strong>ipsum</strong></span> <span class='ocrx_word' id='word_1_716' title='bbox 2592 4493 2770 4548; x_wconf 90' lang='lat' dir='ltr'><strong>vocat,</strong></span> <span class='ocrx_word' id='word_1_717' title='bbox 2801 4485 3005 4538; x_wconf 86' lang='lat' dir='ltr'><strong>nullam</strong></span> <span class='ocrx_word' id='word_1_718' title='bbox 3049 4484 3339 4538; x_wconf 82' lang='lat' dir='ltr'><strong>admittens</strong></span> <span class='ocrx_word' id='word_1_719' title='bbox 3367 4484 3592 4537; x_wconf 82' lang='lat' dir='ltr'><strong>divisio-</strong></span> 
     </span>
    </p>
   </div>
   <div class='ocr_carea' id='block_1_92' title="bbox 366 4570 1968 4647">
    <p class='ocr_par' dir='ltr' id='par_1_92' title="bbox 366 4570 1926 4647">
     <span class='ocr_line' id='line_1_92' title="bbox 366 4570 1926 4647; baseline -0.001 -19"><span class='ocrx_word' id='word_1_720' title='bbox 366 4577 506 4647; x_wconf 72' lang='grc' dir='ltr'>μετὰ</span> <span class='ocrx_word' id='word_1_721' title='bbox 533 4578 632 4645; x_wconf 80' lang='grc' dir='ltr'>τὴν</span> <span class='ocrx_word' id='word_1_722' title='bbox 670 4576 884 4641; x_wconf 76' lang='grc' dir='ltr'>ἐνωσιν,</span> <span class='ocrx_word' id='word_1_723' title='bbox 916 4576 1189 4645; x_wconf 82' lang='grc' dir='ltr'>πανταχοῦ</span> <span class='ocrx_word' id='word_1_724' title='bbox 1224 4574 1331 4627; x_wconf 86' lang='grc' dir='ltr'>τῶν</span> <span class='ocrx_word' id='word_1_725' title='bbox 1363 4574 1575 4627; x_wconf 79' lang='grc' dir='ltr'>ἀσεϐῶν</span> <span class='ocrx_word' id='word_1_726' title='bbox 1598 4570 1926 4645; x_wconf 78' lang='grc' dir='ltr'>ἔμφράττων</span> 
     </span>
    </p>
   </div>
   <div class='ocr_carea' id='block_1_93' title="bbox 1989 4570 3591 4647">
    <p class='ocr_par' dir='ltr' id='par_1_93' title="bbox 2027 4572 3591 4644">
     <span class='ocr_line' id='line_1_93' title="bbox 2027 4572 3591 4644; baseline -0.004 -13"><span class='ocrx_word' id='word_1_727' title='bbox 2027 4592 2151 4631; x_wconf 89' lang='lat' dir='ltr'><strong>nem</strong></span> <span class='ocrx_word' id='word_1_728' title='bbox 2186 4578 2238 4629; x_wconf 91' lang='lat' dir='ltr'><strong>in</strong></span> <span class='ocrx_word' id='word_1_729' title='bbox 2269 4577 2554 4630; x_wconf 88' lang='lat' dir='ltr'><strong>incarnato</strong></span> <span class='ocrx_word' id='word_1_730' title='bbox 2585 4573 2764 4628; x_wconf 87' lang='lat' dir='ltr'><strong>Verbo</strong></span> <span class='ocrx_word' id='word_1_731' title='bbox 2791 4583 2915 4644; x_wconf 86' lang='lat' dir='ltr'><strong>post</strong></span> <span class='ocrx_word' id='word_1_732' title='bbox 2950 4572 3151 4627; x_wconf 85' lang='lat' dir='ltr'><strong>factam</strong></span> <span class='ocrx_word' id='word_1_733' title='bbox 3197 4574 3449 4627; x_wconf 88' lang='lat' dir='ltr'><strong>unionem</strong></span> <span class='ocrx_word' id='word_1_734' title='bbox 3483 4591 3498 4641; x_wconf 89' lang='lat'><strong>;</strong></span> <span class='ocrx_word' id='word_1_735' title='bbox 3538 4583 3591 4627; x_wconf 84' lang='lat' dir='ltr'><strong>et</strong></span> 
     </span>
    </p>
   </div>
   <div class='ocr_carea' id='block_1_94' title="bbox 360 4665 1962 4737">
    <p class='ocr_par' dir='ltr' id='par_1_94' title="bbox 360 4666 1009 4735">
     <span class='ocr_line' id='line_1_94' title="bbox 360 4666 1009 4735; baseline -0.002 -14"><span class='ocrx_word' id='word_1_736' title='bbox 360 4668 431 4731; x_wconf 76' lang='grc' dir='ltr'>τὰ</span> <span class='ocrx_word' id='word_1_737' title='bbox 456 4666 715 4724; x_wconf 75' lang='grc' dir='ltr'>ἁπὺλωτα</span> <span class='ocrx_word' id='word_1_738' title='bbox 749 4666 1009 4735; x_wconf 84' lang='grc' dir='ltr'>στόματα.</span> 
     </span>
    </p>
   </div>
   <div class='ocr_carea' id='block_1_95' title="bbox 1670 4665 3272 4737">
    <p class='ocr_par' dir='ltr' id='par_1_95' title="bbox 2028 4665 3272 4737">
     <span class='ocr_line' id='line_1_95' title="bbox 2028 4665 3272 4737; baseline -0.003 -15"><span class='ocrx_word' id='word_1_739' title='bbox 2028 4667 2109 4722; x_wconf 91' lang='lat' dir='ltr'><strong>sic</strong></span> <span class='ocrx_word' id='word_1_740' title='bbox 2138 4666 2335 4737; x_wconf 85' lang='lat' dir='ltr'><strong>ubique</strong></span> <span class='ocrx_word' id='word_1_741' title='bbox 2352 4666 2551 4721; x_wconf 77' lang='lat' dir='ltr'><strong>etlrena</strong></span> <span class='ocrx_word' id='word_1_742' title='bbox 2580 4666 2867 4736; x_wconf 88' lang='lat' dir='ltr'><strong>impiormn</strong></span> <span class='ocrx_word' id='word_1_743' title='bbox 2895 4665 3127 4720; x_wconf 89' lang='lat' dir='ltr'><strong>obstruit</strong></span> <span class='ocrx_word' id='word_1_744' title='bbox 3155 4679 3272 4718; x_wconf 90' lang='lat' dir='ltr'><strong>ora.</strong></span> 
     </span>
    </p>
   </div>
   <div class='ocr_carea' id='block_1_96' title="bbox 946 4755 2962 4812">
    <p class='ocr_par' dir='ltr' id='par_1_96' title="bbox 946 4755 2962 4812">
     <span class='ocr_line' id='line_1_96' title="bbox 946 4755 2962 4812; baseline 0 -1"><span class='ocrx_word' id='word_1_745' title='bbox 946 4756 1327 4811; x_wconf 72' lang='lat' dir='ltr'><strong>KElMENON.</strong></span> <span class='ocrx_word' id='word_1_746' title='bbox 2662 4755 2962 4812; x_wconf 75' lang='lat' dir='ltr'><strong>TEXTUS.</strong></span> 
     </span>
    </p>
   </div>
   <div class='ocr_carea' id='block_1_97' title="bbox 446 4845 2048 4923">
    <p class='ocr_par' dir='ltr' id='par_1_97' title="bbox 446 4845 1925 4923">
     <span class='ocr_line' id='line_1_97' title="bbox 446 4845 1925 4923; baseline -0.003 -20"><span class='ocrx_word' id='word_1_747' title='bbox 446 4849 534 4914; x_wconf 85' lang='grc' dir='ltr'>Ὠς</span> <span class='ocrx_word' id='word_1_748' title='bbox 557 4852 651 4906; x_wconf 78' lang='grc' dir='ltr'>καὶ</span> <span class='ocrx_word' id='word_1_749' title='bbox 674 4856 732 4909; x_wconf 89' lang='grc' dir='ltr'><strong>ἐν</strong></span> <span class='ocrx_word' id='word_1_750' title='bbox 760 4852 836 4923; x_wconf 83' lang='grc' dir='ltr'>τῷ</span> <span class='ocrx_word' id='word_1_751' title='bbox 861 4848 1061 4921; x_wconf 77' lang='grc' dir='ltr'>ψαλμῷ</span> <span class='ocrx_word' id='word_1_752' title='bbox 1077 4846 1153 4917; x_wconf 79' lang='grc' dir='ltr'>τῷ</span> <span class='ocrx_word' id='word_1_753' title='bbox 1175 4847 1409 4917; x_wconf 81' lang='grc' dir='ltr'>δευτέρῳ</span> <span class='ocrx_word' id='word_1_754' title='bbox 1436 4846 1771 4917; x_wconf 74' lang='grc' dir='ltr'>γέγραπταιο</span> <span class='ocrx_word' id='word_1_755' title='bbox 1796 4845 1925 4911; x_wconf 78' lang='grc' dir='ltr'>Υἱός</span> 
     </span>
    </p>
   </div>
   <div class='ocr_carea' id='block_1_98' title="bbox 1983 4845 3585 4923">
    <p class='ocr_par' dir='ltr' id='par_1_98' title="bbox 2094 4849 3585 4919">
     <span class='ocr_line' id='line_1_98' title="bbox 2094 4849 3585 4919; baseline -0.001 -15"><span class='ocrx_word' id='word_1_756' title='bbox 2094 4849 2319 4915; x_wconf 76' lang='lat' dir='ltr'><strong>XIH,53</strong></span> <span class='ocrx_word' id='word_1_757' title='bbox 2347 4851 2437 4906; x_wconf 82' lang='lat'><strong>55.</strong></span> <span class='ocrx_word' id='word_1_758' title='bbox 2455 4849 2673 4905; x_wconf 89' lang='lat' dir='ltr'><strong>Sicutet</strong></span> <span class='ocrx_word' id='word_1_759' title='bbox 2696 4850 2749 4903; x_wconf 92' lang='lat' dir='ltr'><strong>in</strong></span> <span class='ocrx_word' id='word_1_760' title='bbox 2773 4849 2981 4919; x_wconf 87' lang='lat' dir='ltr'><strong>psalmo</strong></span> <span class='ocrx_word' id='word_1_761' title='bbox 2994 4849 3233 4904; x_wconf 90' lang='lat' dir='ltr'><strong>secundo</strong></span> <span class='ocrx_word' id='word_1_762' title='bbox 3246 4849 3451 4904; x_wconf 85' lang='lat' dir='ltr'><strong>dictum</strong></span> <span class='ocrx_word' id='word_1_763' title='bbox 3470 4859 3585 4904; x_wconf 85' lang='lat' dir='ltr'><strong>est:</strong></span> 
     </span>
    </p>
   </div>
   <div class='ocr_carea' id='block_1_99' title="bbox 364 4937 1966 5014">
    <p class='ocr_par' dir='ltr' id='par_1_99' title="bbox 364 4937 1923 5014">
     <span class='ocr_line' id='line_1_99' title="bbox 364 4937 1923 5014; baseline -0.001 -23"><span class='ocrx_word' id='word_1_764' title='bbox 364 4955 464 5006; x_wconf 76' lang='grc' dir='ltr'>μου</span> <span class='ocrx_word' id='word_1_765' title='bbox 516 4938 566 4993; x_wconf 78' lang='grc' dir='ltr'>εἴ</span> <span class='ocrx_word' id='word_1_766' title='bbox 614 4944 714 4996; x_wconf 77' lang='grc' dir='ltr'><strong>σύ·</strong></span> <span class='ocrx_word' id='word_1_767' title='bbox 769 4944 880 5013; x_wconf 87' lang='grc' dir='ltr'>ἐγὼ</span> <span class='ocrx_word' id='word_1_768' title='bbox 933 4946 1174 5014; x_wconf 87' lang='grc' dir='ltr'>σήμερον</span> <span class='ocrx_word' id='word_1_769' title='bbox 1226 4938 1532 5008; x_wconf 79' lang='grc' dir='ltr'>γεγέννηκά</span> <span class='ocrx_word' id='word_1_770' title='bbox 1582 4952 1663 4991; x_wconf 89' lang='grc' dir='ltr'>σε.</span> <span class='ocrx_word' id='word_1_771' title='bbox 1697 4937 1821 4990; x_wconf 81' lang='grc' dir='ltr'>Ὅτι</span> <span class='ocrx_word' id='word_1_772' title='bbox 1865 4938 1923 4990; x_wconf 85' lang='grc' dir='ltr'><strong>δέ</strong></span> 
     </span>
    </p>
   </div>
   <div class='ocr_carea' id='block_1_100' title="bbox 2089 4937 3691 5014">
    <p class='ocr_par' dir='ltr' id='par_1_100' title="bbox 2089 4940 3691 5012">
     <span class='ocr_line' id='line_1_100' title="bbox 2089 4940 3691 5012; baseline -0.004 -16"><span class='ocrx_word' id='word_1_773' title='bbox 2089 4943 2206 4997; x_wconf 79' lang='lat' dir='ltr'><strong>ilius</strong></span> <span class='ocrx_word' id='word_1_774' title='bbox 2228 4958 2383 4997; x_wconf 91' lang='lat' dir='ltr'><strong>meus</strong></span> <span class='ocrx_word' id='word_1_775' title='bbox 2412 4958 2471 4997; x_wconf 90' lang='lat' dir='ltr'><strong>es</strong></span> <span class='ocrx_word' id='word_1_776' title='bbox 2500 4952 2581 5005; x_wconf 93' lang='lat' dir='ltr'><strong>tu,</strong></span> <span class='ocrx_word' id='word_1_777' title='bbox 2617 4958 2715 5012; x_wconf 76' lang='lat' dir='ltr'><strong>ego</strong></span> <span class='ocrx_word' id='word_1_778' title='bbox 2742 4941 2901 4996; x_wconf 88' lang='lat' dir='ltr'><strong>hodie</strong></span> <span class='ocrx_word' id='word_1_779' title='bbox 2924 4940 3086 5011; x_wconf 74' lang='lat' dir='ltr'><strong>genui</strong></span> <span class='ocrx_word' id='word_1_780' title='bbox 3117 4949 3187 4996; x_wconf 87' lang='lat' dir='ltr'><strong>te.</strong></span> <span class='ocrx_word' id='word_1_781' title='bbox 3216 4940 3371 5006; x_wconf 87' lang='lat' dir='ltr'><strong>Quod</strong></span> <span class='ocrx_word' id='word_1_782' title='bbox 3405 4949 3586 4993; x_wconf 89' lang='lat' dir='ltr'><strong>autem</strong></span> <span class='ocrx_word' id='word_1_783' title='bbox 3671 4986 3691 5006; x_wconf 75' lang='grc'><strong>,</strong></span> 
     </span>
    </p>
   </div>
   <div class='ocr_carea' id='block_1_101' title="bbox 359 5023 1961 5102">
    <p class='ocr_par' dir='ltr' id='par_1_101' title="bbox 359 5023 1922 5101">
     <span class='ocr_line' id='line_1_101' title="bbox 359 5023 1922 5101; baseline 0.001 -22"><span class='ocrx_word' id='word_1_784' title='bbox 359 5023 656 5097; x_wconf 69' lang='grc' dir='ltr'>ἀνέστησεν</span> <span class='ocrx_word' id='word_1_785' title='bbox 685 5035 846 5086; x_wconf 79' lang='grc' dir='ltr'>αὑτὸν</span> <span class='ocrx_word' id='word_1_786' title='bbox 875 5036 903 5086; x_wconf 86' lang='grc' dir='ltr'>ὀ</span> <span class='ocrx_word' id='word_1_787' title='bbox 926 5035 1057 5097; x_wconf 85' lang='grc' dir='ltr'>Θεὸς</span> <span class='ocrx_word' id='word_1_788' title='bbox 1089 5036 1150 5085; x_wconf 89' lang='grc' dir='ltr'><strong>ἐκ</strong></span> <span class='ocrx_word' id='word_1_789' title='bbox 1176 5031 1407 5101; x_wconf 81' lang='grc' dir='ltr'>νεκρῶν,</span> <span class='ocrx_word' id='word_1_790' title='bbox 1437 5028 1632 5100; x_wconf 80' lang='grc' dir='ltr'>μηκέτι</span> <span class='ocrx_word' id='word_1_791' title='bbox 1663 5027 1922 5098; x_wconf 85' lang='grc' dir='ltr'>μέλλοντα</span> 
     </span>
    </p>
   </div>
   <div class='ocr_carea' id='block_1_102' title="bbox 1978 5023 3580 5102">
    <p class='ocr_par' dir='ltr' id='par_1_102' title="bbox 2022 5032 3580 5102">
     <span class='ocr_line' id='line_1_102' title="bbox 2022 5032 3580 5102; baseline -0.006 -14"><span class='ocrx_word' id='word_1_792' title='bbox 2022 5034 2311 5089; x_wconf 79' lang='lat' dir='ltr'><strong>suscitavit</strong></span> <span class='ocrx_word' id='word_1_793' title='bbox 2333 5049 2455 5087; x_wconf 81' lang='lat' dir='ltr'><strong>eum</strong></span> <span class='ocrx_word' id='word_1_794' title='bbox 2479 5048 2506 5086; x_wconf 87' lang='lat' dir='ltr'><strong>a</strong></span> <span class='ocrx_word' id='word_1_795' title='bbox 2536 5035 2788 5097; x_wconf 86' lang='lat' dir='ltr'><strong>mortuis.</strong></span> <span class='ocrx_word' id='word_1_796' title='bbox 2813 5032 3171 5102; x_wconf 87' lang='lat' dir='ltr'><strong>ampliusjam</strong></span> <span class='ocrx_word' id='word_1_797' title='bbox 3198 5048 3304 5085; x_wconf 91' lang='lat' dir='ltr'><strong>non</strong></span> <span class='ocrx_word' id='word_1_798' title='bbox 3331 5044 3580 5085; x_wconf 83' lang='lat' dir='ltr'><strong>reversu-</strong></span> 
     </span>
    </p>
   </div>
   <div class='ocr_carea' id='block_1_103' title="bbox 361 5119 1963 5194">
    <p class='ocr_par' dir='ltr' id='par_1_103' title="bbox 361 5120 1920 5194">
     <span class='ocr_line' id='line_1_103' title="bbox 361 5120 1920 5194; baseline 0.001 -24"><span class='ocrx_word' id='word_1_799' title='bbox 361 5120 722 5191; x_wconf 79' lang='grc' dir='ltr'>ὑποστρέφειν</span> <span class='ocrx_word' id='word_1_800' title='bbox 776 5126 856 5185; x_wconf 81' lang='grc' dir='ltr'>εἰς</span> <span class='ocrx_word' id='word_1_801' title='bbox 902 5124 1223 5194; x_wconf 66' lang='grc' dir='ltr'>διαφθορὰν,</span> <span class='ocrx_word' id='word_1_802' title='bbox 1273 5121 1445 5184; x_wconf 82' lang='grc' dir='ltr'>οὑτως</span> <span class='ocrx_word' id='word_1_803' title='bbox 1500 5122 1752 5191; x_wconf 76' lang='grc' dir='ltr'>εἴρηκεν·</span> <span class='ocrx_word' id='word_1_804' title='bbox 1794 5121 1920 5173; x_wconf 87' lang='grc' dir='ltr'><strong>ὐτι</strong></span> 
     </span>
    </p>
   </div>
   <div class='ocr_carea' id='block_1_104' title="bbox 1977 5119 3579 5194">
    <p class='ocr_par' dir='ltr' id='par_1_104' title="bbox 2023 5119 3579 5193">
     <span class='ocr_line' id='line_1_104' title="bbox 2023 5119 3579 5193; baseline -0.002 -16"><span class='ocrx_word' id='word_1_805' title='bbox 2023 5138 2143 5177; x_wconf 90' lang='lat' dir='ltr'><strong>rum</strong></span> <span class='ocrx_word' id='word_1_806' title='bbox 2212 5124 2264 5177; x_wconf 93' lang='lat' dir='ltr'><strong>in</strong></span> <span class='ocrx_word' id='word_1_807' title='bbox 2309 5124 2739 5193; x_wconf 74' lang='lat' dir='ltr'><strong>corruptionem,</strong></span> <span class='ocrx_word' id='word_1_808' title='bbox 2778 5123 2849 5175; x_wconf 86' lang='lat' dir='ltr'><strong>ita</strong></span> <span class='ocrx_word' id='word_1_809' title='bbox 2884 5123 3041 5191; x_wconf 79' lang='lat' dir='ltr'><strong>dixit,</strong></span> <span class='ocrx_word' id='word_1_810' title='bbox 3083 5123 3207 5191; x_wconf 87' lang='lat' dir='ltr'><strong>quia</strong></span> <span class='ocrx_word' id='word_1_811' title='bbox 3247 5121 3393 5173; x_wconf 87' lang='lat' dir='ltr'><strong>Dabo</strong></span> <span class='ocrx_word' id='word_1_812' title='bbox 3424 5119 3579 5174; x_wconf 80' lang='lat' dir='ltr'><strong>vobis</strong></span> 
     </span>
    </p>
   </div>
   <div class='ocr_carea' id='block_1_105' title="bbox 357 5209 1959 5283">
    <p class='ocr_par' dir='ltr' id='par_1_105' title="bbox 357 5209 1918 5283">
     <span class='ocr_line' id='line_1_105' title="bbox 357 5209 1918 5283; baseline -0.001 -19"><span class='ocrx_word' id='word_1_813' title='bbox 357 5210 514 5264; x_wconf 79' lang='grc' dir='ltr'>δώσω</span> <span class='ocrx_word' id='word_1_814' title='bbox 543 5213 669 5283; x_wconf 86' lang='grc' dir='ltr'>ὑμῖν</span> <span class='ocrx_word' id='word_1_815' title='bbox 696 5213 761 5266; x_wconf 80' lang='grc' dir='ltr'>τὰ</span> <span class='ocrx_word' id='word_1_816' title='bbox 779 5215 901 5268; x_wconf 81' lang='grc' dir='ltr'>ὅσια</span> <span class='ocrx_word' id='word_1_817' title='bbox 929 5216 1094 5268; x_wconf 78' lang='grc' dir='ltr'>Δαϐὶδ</span> <span class='ocrx_word' id='word_1_818' title='bbox 1113 5217 1179 5267; x_wconf 76' lang='grc' dir='ltr'><strong>τὰ</strong></span> <span class='ocrx_word' id='word_1_819' title='bbox 1206 5213 1393 5267; x_wconf 83' lang='grc' dir='ltr'>πιστά.</span> <span class='ocrx_word' id='word_1_820' title='bbox 1420 5212 1511 5265; x_wconf 86' lang='grc' dir='ltr'>Διὸ</span> <span class='ocrx_word' id='word_1_821' title='bbox 1542 5213 1635 5264; x_wconf 72' lang='grc' dir='ltr'><strong>καὶ</strong></span> <span class='ocrx_word' id='word_1_822' title='bbox 1660 5212 1719 5264; x_wconf 77' lang='grc' dir='ltr'><strong>ἐν</strong></span> <span class='ocrx_word' id='word_1_823' title='bbox 1749 5209 1918 5282; x_wconf 80' lang='grc' dir='ltr'>ἑτέρῳ</span> 
     </span>
    </p>
   </div>
   <div class='ocr_carea' id='block_1_106' title="bbox 1734 5209 3336 5283">
    <p class='ocr_par' dir='ltr' id='par_1_106' title="bbox 1749 5209 3336 5283">
     <span class='ocr_line' id='line_1_106' title="bbox 1749 5209 3336 5283; baseline -0.002 -20"><span class='ocrx_word' id='word_1_824' title='bbox 1749 5209 1918 5282; x_wconf 80' lang='grc' dir='ltr'>ἑτέρῳ</span> <span class='ocrx_word' id='word_1_825' title='bbox 2021 5223 2211 5269; x_wconf 85' lang='lat' dir='ltr'><strong>sancta</strong></span> <span class='ocrx_word' id='word_1_826' title='bbox 2240 5212 2405 5268; x_wconf 85' lang='lat' dir='ltr'><strong>David</strong></span> <span class='ocrx_word' id='word_1_827' title='bbox 2436 5213 2634 5268; x_wconf 79' lang='lat' dir='ltr'><strong>ﬁdelia.</strong></span> <span class='ocrx_word' id='word_1_828' title='bbox 2668 5209 2900 5283; x_wconf 84' lang='lat' dir='ltr'><strong>Ideoque</strong></span> <span class='ocrx_word' id='word_1_829' title='bbox 2926 5220 2978 5268; x_wconf 90' lang='lat' dir='ltr'><strong>et</strong></span> <span class='ocrx_word' id='word_1_830' title='bbox 3003 5212 3140 5267; x_wconf 85' lang='lat' dir='ltr'><strong>alias</strong></span> <span class='ocrx_word' id='word_1_831' title='bbox 3165 5210 3295 5263; x_wconf 87' lang='lat' dir='ltr'><strong>dicit</strong></span> <span class='ocrx_word' id='word_1_832' title='bbox 3323 5224 3336 5260; x_wconf 89' lang='lat'><strong>:</strong></span> 
     </span>
    </p>
   </div>
   <div class='ocr_carea' id='block_1_107' title="bbox 357 5300 536 5369">
    <p class='ocr_par' dir='ltr' id='par_1_107' title="bbox 357 5300 536 5369">
     <span class='ocr_line' id='line_1_107' title="bbox 357 5300 536 5369; baseline 0.011 -17"><span class='ocrx_word' id='word_1_833' title='bbox 357 5300 504 5369; x_wconf 85' lang='grc' dir='ltr'>λέγει</span> <span class='ocrx_word' id='word_1_834' title='bbox 521 5317 536 5332; x_wconf 80' lang='grc'><strong><em>⁸</em></strong></span> 
     </span>
    </p>
   </div>
   <div class='ocr_carea' id='block_1_108' title="bbox 461 5432 2020 5506">
    <p class='ocr_par' dir='ltr' id='par_1_108' title="bbox 461 5432 2020 5506">
     <span class='ocr_line' id='line_1_108' title="bbox 461 5432 2020 5506; baseline 0 -19"><span class='ocrx_word' id='word_1_835' title='bbox 461 5435 506 5466; x_wconf 82' lang='grc'>⁸³</span> <span class='ocrx_word' id='word_1_836' title='bbox 542 5435 556 5487; x_wconf 95' lang='grc' dir='ltr'><strong>Ι</strong></span> <span class='ocrx_word' id='word_1_837' title='bbox 597 5436 723 5506; x_wconf 78' lang='lat' dir='ltr'><strong>Reg.</strong></span> <span class='ocrx_word' id='word_1_838' title='bbox 758 5453 875 5501; x_wconf 75' lang='lat' dir='ltr'><strong>xm,</strong></span> <span class='ocrx_word' id='word_1_839' title='bbox 926 5437 1006 5491; x_wconf 70' lang='lat' dir='ltr'><strong>l4.</strong></span> <span class='ocrx_word' id='word_1_840' title='bbox 1097 5433 1320 5491; x_wconf 76' lang='lat' dir='ltr'><strong>“lCor.</strong></span> <span class='ocrx_word' id='word_1_841' title='bbox 1350 5434 1496 5500; x_wconf 69' lang='lat'><strong>1,24.</strong></span> <span class='ocrx_word' id='word_1_842' title='bbox 1576 5433 1621 5465; x_wconf 82' lang='lat'>“</span> <span class='ocrx_word' id='word_1_843' title='bbox 1649 5432 1810 5490; x_wconf 79' lang='lat' dir='ltr'><strong>Joan.</strong></span> <span class='ocrx_word' id='word_1_844' title='bbox 1850 5445 1908 5499; x_wconf 85' lang='lat' dir='ltr'><strong>tt,</strong></span> <span class='ocrx_word' id='word_1_845' title='bbox 1935 5433 2020 5488; x_wconf 81' lang='lat' dir='ltr'><strong>l9.</strong></span> 
     </span>
    </p>
   </div>
   <div class='ocr_carea' id='block_1_109' title="bbox 1534 5571 2407 5651">
    <p class='ocr_par' dir='ltr' id='par_1_109' title="bbox 1534 5571 2407 5651">
     <span class='ocr_line' id='line_1_109' title="bbox 1534 5571 2407 5651; baseline -0.002 -17"><span class='ocrx_word' id='word_1_846' title='bbox 1534 5571 1730 5634; x_wconf 73' lang='lat' dir='ltr'><strong>Variae</strong></span> <span class='ocrx_word' id='word_1_847' title='bbox 1767 5571 2069 5635; x_wconf 88' lang='lat' dir='ltr'><strong>lectiones</strong></span> <span class='ocrx_word' id='word_1_848' title='bbox 2113 5577 2173 5634; x_wconf 90' lang='lat' dir='ltr'><strong>et</strong></span> <span class='ocrx_word' id='word_1_849' title='bbox 2202 5581 2407 5651; x_wconf 70' lang='lat' dir='ltr'><strong>notia.</strong></span> 
     </span>
    </p>
   </div>
   <div class='ocr_carea' id='block_1_110' title="bbox 425 5673 682 5739">
    <p class='ocr_par' dir='ltr' id='par_1_110' title="bbox 425 5673 682 5739">
     <span class='ocr_line' id='line_1_110' title="bbox 425 5673 682 5739; baseline 0 -14"><span class='ocrx_word' id='word_1_850' title='bbox 425 5673 468 5705; x_wconf 86' lang='lat'>&quot;</span> <span class='ocrx_word' id='word_1_851' title='bbox 488 5673 682 5739; x_wconf 80' lang='grc' dir='ltr'>Λόγον.</span> 
     </span>
    </p>
   </div>
  </div>
