4058 6210
936 337 1504 398 COMMENTARIUS.

509 435 633 490 I‘Imc
667 433 831 489 verba
864 431 1227 485 ineat-nationi
1254 427 1456 482 Christi
1487 425 1845 489 conveniunt,
1881 438 2001 494 quae

441 525 737 594 temporale
816 522 980 576 habet
1050 522 1443 574 incrementum
1498 535 1513 571 :
1563 532 1685 570 nam
1742 517 1897 569 hodie
1949 523 2003 570 et

439 635 558 671 cras
583 617 790 669 dierum
819 612 1248 674 successionem,
1285 625 1347 664 ac
1381 607 1813 664 vicissitudinem
1841 607 2002 676 260

439 703 832 759 dem’onstrant.
866 701 970 767 At,
1005 710 1062 754 ut
1109 701 1367 766 Verbum,
1405 699 1473 752 ab
1513 706 1716 752 aeterno
1759 712 1790 749 a
1845 696 2004 750 Patre

441 795 700 864 gignitur.

1067 877 1365 936 TEXTUS.

509 973 648 1038 XIII,
671 971 862 1027 35-59.
885 971 1004 1026 Non
1029 971 1185 1025 dabis
1217 971 1473 1024 Sanctum
1503 979 1651 1025 tuum
1676 971 1860 1026 videre
1881 985 2004 1025 cor-

441 1063 768 1131 ruptionem,
799 1061 962 1114 David
990 1062 1134 1114 enim
1160 1060 1214 1113 in
1252 1076 1345 1114 sua
1380 1063 1728 1131 generatione
1751 1076 1876 1116 cum
1905 1061 2004 1115 ad-

441 1151 805 1205 ministrasset
823 1151 1086 1205 voluntati
1107 1151 1222 1216 Dei,
1243 1151 1522 1216 dormivit,
1546 1158 1599 1204 et
1618 1152 1899 1220 appositus
1918 1161 2002 1206 est

442 1244 506 1296 ad
523 1253 702 1311 patres
717 1258 866 1306 suos,
881 1252 932 1296 et
948 1242 1078 1296 vidit
1093 1242 1517 1309 corruptionem.
1535 1241 1707 1306 Quem
1721 1257 1848 1296 vero
1864 1241 2006 1298 Deus

441 1335 725 1389 suscitavit
744 1349 772 1386 a
789 1335 1041 1396 mortuis,
1061 1349 1167 1388 non
1190 1335 1320 1388 vidit
1338 1335 1764 1401 corruptionem.
1807 1331 2001 1397 Notum

443 1423 607 1493 igitur
641 1424 713 1477 sit
746 1424 923 1483 vobis,
955 1425 1057 1477 viri
1114 1423 1331 1488 fratres,
1366 1422 1493 1491 quia
1531 1437 1626 1491 per
1671 1423 1819 1476 hunc
1847 1421 2001 1476 vobis

442 1515 694 1568 remissio
744 1523 1093 1582 peccatorum
1131 1515 1508 1579 annuntiatur,
1556 1521 1608 1566 et
1648 1512 1716 1566 ab
1747 1512 2003 1567 omnibus

359 1668 362 1671 .
442 1604 643 1670 quibus
679 1619 784 1658 non
811 1606 1064 1672 potuistis
1099 1607 1153 1658 in
1194 1606 1311 1673 lege
1365 1604 1533 1674 Moysi
1592 1602 1901 1673 jusziﬁcari,
1945 1602 1998 1656 in

445 1691 545 1745 hoc
582 1692 781 1756 omnis,
812 1693 903 1760 qui
937 1693 1128 1758 credit,
1155 1692 1510 1760 justiﬁcatur.

907 1865 1482 1923 COMMENTARIUS.

517 1960 926 2022 Adnotandum,
959 1975 1158 2029 corpus
1196 1958 1414 2013 Domini
1451 1958 1567 2025 Dei,
1596 1967 1652 2013 et
1705 1957 2006 2014 Salvatoris

446 2051 621 2105 nostri
645 2047 773 2104 Jesu
805 2050 1000 2105 Christi
1026 2060 1145 2119 post
1170 2049 1645 2116 resurrectionem,
1672 2049 2006 2117 passibilem,

451 2156 546 2194 seu
609 2140 848 2208 passioni
917 2139 1212 2193 obnoxium
1270 2137 1563 2192 dicendum
1632 2153 1744 2191 non
1808 2153 1930 2193 esse
1991 2155 2007 2192 :

444 2229 903 2297 quemadmodum
944 2236 1068 2282 ante
1097 2229 1562 2283 resurrectionem
1595 2243 1705 2280 non
1741 2236 1856 2282 erat
1906 2228 2008 2281 im-

445 2319 722 2390 passiblle,
772 2334 867 2374 seu
927 2319 1343 2388 incorruptibile
1395 2327 1446 2373 et
1499 2317 1822 2373 immortale.
1875 2316 2007 2372 Nam

447 2406 669 2461 aliunde
706 2408 774 2460 ab
812 2409 928 2477 ipsa
990 2406 1369 2461 incarnatione
1435 2407 2006 2477 incorruptibilitatem

447 2498 762 2566 quamdam,
789 2514 980 2566 nempe
1004 2498 1396 2568 impeccantize,
1420 2513 1544 2554 eum
1582 2499 1864 2566 habuisse,
1895 2514 2010 2553 ma-

451 2587 711 2642 nifestum
744 2589 905 2658 plaue
935 2596 1038 2643 est.

1088 2678 1388 2735 TEXTUS.

517 2766 658 2833 XIII,
676 2766 863 2822 40-47.
887 2768 1092 2835 Videte,
1119 2778 1546 2840 contemptores,
1564 2777 1616 2823 et
1639 2770 2008 2839 admiramini,

445 2863 500 2910 et
531 2856 902 2926 disperdimini
943 2877 956 2913 :
988 2859 1113 2928 quia
1152 2873 1290 2928 Opus
1319 2875 1512 2928 operor
1561 2874 1662 2929 ego
1714 2860 1768 2912 in
1817 2860 2010 2914 diebus

1341 226 1910 290 THEOPIIYLACTI
1954 223 2360 285 BULGARI/E
2399 226 2752 286 ARCHIEP.

3562 229 3672 292 968

2695 334 3046 388 EPMHNEIA
3062 375 3075 388 .

2175 425 2356 479 Ταῦτα
2400 429 2464 496 τῇ
2515 426 2866 496 άνθρωπήσει
2889 427 2932 458 ⁸⁸
2969 425 3064 479 τοῦ
3097 424 3333 497 Χριστοῦ
3364 423 3567 496 πρέπει
3597 425 3672 480 τά

2105 519 2346 587 ῥήματα,
2398 519 2520 588 ἥτις
2578 517 2836 587 χρονικὴν
2888 517 3001 588 ἔχει
3048 518 3146 588 τὴν
3179 517 3546 587 ἐπιφοίτησιν.
3596 517 3674 571 T6

2103 607 2232 680 γάρ,
2249 608 2535 676 σήμερον,
2557 611 2670 666 καὶ,
2693 609 2924 677 αὔριον,
2949 609 3057 678 ῆμε
3067 608 3174 679 ρῶν
3193 611 3308 662 ἐστι
3337 620 3677 680 παραστατι-

2104 697 2224 749 κόν·
2261 691 2415 759 οὗτος
2445 697 2523 762 δὲ,
2561 697 2697 750 καθδ
2739 699 2932 766 Λόγος,
2972 699 3219 768 ἀχρόνως
3253 699 3406 766 παρὰ
3432 697 3524 752 τοῦ
3554 699 3672 751 lla-

2103 789 2230 860 τρὸς
2259 789 2524 845 τίκτεται.
2665 843 2674 852 ,

2692 878 3082 933 KEIMENON.

2175 971 2249 1023 Οὐ
2284 970 2478 1034 δώσεις
2522 971 2612 1024 τὸν
2659 971 2807 1024 ὅσιόν
2841 987 2936 1022 σου
2977 971 3106 1023 ἰδεῖν
3151 969 3472 1040 διαφθοράν.
3509 969 3676 1021 Δαϐὶδ

2108 1061 2206 1131 μέν
2241 1062 2350 1134 γάρ
2383 1063 2485 1133 ίδία
2512 1065 2676 1134 γενεᾷ
2707 1064 3058 1134 ὑπηρετήσας
3089 1064 3157 1131 τῇ
3185 1061 3279 1114 τοῦ
3313 1061 3447 1114 Θεοῦ
3483 1059 3674 1130 βουλῇ,

2104 1155 2392 1224 ἐκοιμήθη,
2430 1156 2522 1208 καὶ
2555 1156 2857 1224 προσετέθη
2884 1156 3019 1225 πρὸς
3048 1156 3176 1218 τοὺς
3209 1155 3460 1224 Πατέρας
3485 1153 3673 1215 αὑτοῦ,

2107 1245 2200 1298 καὶ
2233 1242 2338 1298 εἶδε
2380 1246 2701 1318 διαφθοράν.
2737 1249 2834 1301 Ὃν
2863 1247 2920 1300 δέ
2955 1248 2982 1299 6
3007 1245 3138 1308 Θεὸς
3160 1245 3402 1316 ἤγειρεν,
3435 1244 3535 1297 οὐκ
3564 1239 3674 1296 εἶδε

2104 1337 2420 1408 διαφθοράν.
2453 1339 2698 1415 Γνωστὸν
2727 1334 2820 1392 οῦν
2847 1337 2988 1392 ἔστω
3023 1339 3172 1406 ὑμῖν,
3207 1337 3401 1406 ἄνδρες
3429 1335 3671 1404 ἀδελφάν

2106 1428 2186 1481 ὅτι
2229 1428 2314 1482 διὰ
2343 1429 2531 1482 τούτου
2569 1430 2698 1498 ύμῖν
2727 1431 2922 1499 ἄφεσις
2967 1429 3253 1498 ἁμαρτιῶν
3302 1425 3676 1495 καταγγέλλε-

2108 1537 2195 1572 ται
2219 1535 2232 1550 ’
2265 1522 2360 1574 καὶ
2387 1523 2495 1575 ἀπὸ
2526 1525 2741 1576 πάντων
2769 1516 2843 1576 ὧν
2873 1522 2972 1576 οὐκ
3001 1521 3300 1591 ἠδυνήθητε
3331 1520 3390 1572 ἐν
3419 1519 3493 1588 τῷ
3524 1521 3677 1588 νόμῳ

2109 1611 2388 1674 Μωῦσέως
2433 1613 2812 1683 δικαιωθῆναι,
2857 1615 2914 1667 ἐν
2963 1613 3136 1682 τούτῳ
3176 1614 3283 1674 πᾶς
3326 1615 3354 1665 6
3402 1610 3676 1663 πιστεύων

2108 1699 2428 1755 δικαιοῦται.
2479 1701 2714 1755 Βλέπετε
2761 1698 2878 1766 οὖν,
2937 1704 3014 1773 μὴ
3071 1700 3271 1771 ἐπέλθῃ
3315 1699 3400 1769 ἐφ’
3438 1700 3580 1769 ὑμᾶς
3612 1699 3677 1752 τὸ

2109 1791 2396 1862 εἰρημένον
2429 1793 2487 1846 ἐν
2523 1795 2636 1858 τοῖς
2668 1794 3002 1864 προφήταις.

2707 1884 3086 1938 ΕΡΜΗΝΕΙΑ.

2178 1973 2520 2044 Σημειωτέον
2552 1974 2755 2037 τοίνυν,
2797 1975 2880 2028 ὅτι
2917 1975 2976 2027 ού
3025 1975 3196 2028 δεῖτὸ
3235 1973 3395 2042 σῶμα
3433 1970 3525 2025 τοῦ
3560 1971 3678 2023 Κυ-

2111 2065 2250 2136 ρίου,
2286 2066 2378 2118 καὶ
2400 2065 2555 2131 Θεοῦ,
2597 2066 2694 2118 καὶ¹
2728 2066 2980 2135 Σωτῆρος
3021 2065 3178 2136 ἡμῶν
3202 2063 3380 2135 Ἰησοῦ
3411 2060 3672 2133 Χριστοῦ,

2114 2157 2251 2226 μετὰ
2273 2157 2372 2228 τὴν
2402 2157 2698 2211 ἀνάστασιν
2730 2159 2971 2227 παθητὸν
2999 2157 3303 2226 ὁμολογεῖν,
3333 2155 3452 2226 ῆτοι
3485 2151 3674 2207 παθῶν

2108 2245 2354 2301 δεκτικόν
2377 2264 2390 2278 ·
2437 2247 2558 2300 ούδέ
2597 2247 2704 2318 πρὸ
2738 2250 2837 2317 τῆς
2870 2247 3217 2308 ἀναστάσεως
3249 2245 3477 2308 ἀπαθὲς,
3513 2259 3674 2295 τουτ-

2110 2335 2258 2391 έστιν
2285 2335 2563 2407 ἄφθαρτον
2589 2338 2685 2391 καὶ
2717 2337 3005 2392 ἀθάνατον.
3036 2337 3147 2408 Τὴν
3177 2337 3353 2403 σάρκα
3372 2336 3414 2367 ¹⁹
3449 2333 3588 2387 κατὰ
3614 2330 3678 2384 τὸ

2111 2426 2497 2497 ἀναμάρτητον
2523 2427 2852 2500 ἀφθαρσίαν,
2893 2428 3177 2499 πρόδηλον,
3208 2425 3282 2490 ὡς
3310 2421 3456 2496 εἶχεν
3491 2424 3552 2488 ἐξ
3577 2422 3680 2476 a6-

2109 2517 2203 2571 τοῦ
2232 2516 2326 2571 τοῦ
2355 2517 2545 2590 καιροῦ
2578 2522 2676 2591 τῆς
2710 2519 3060 2590 σαρκώσεως.

2695 2695 3084 2750 KEIMENDN.

2187 2783 2376 2850 Ἴδετε,
2401 2785 2449 2838 nl
2478 2788 2908 2857 καταφρονηταὶ,
2929 2787 3026 2840 καὶ
3048 2782 3393 2853 ἐπιϐλέψατε,
3425 2781 3520 2836 καὶ
3543 2780 3693 2835 θαυ-’

2117 2875 2348 2943 μάσατε,
2381 2877 2474 2931 καὶ
2501 2876 2858 2946 ἀφανίσθητε,
2903 2876 2985 2930 ὃτι
3015 2875 3125 2944 ἐγὼ
3172 2875 3330 2946 ἔργον
3372 2873 3678 2944 ἐργάζομαι

445 2947 660 3010 vestris,
685 2960 822 3016 Opus
846 2946 992 3016 quod
1022 2963 1130 3001 non
1169 2947 1416 3012 creditis,
1452 2947 1498 3001 si
1523 2952 1647 3017 quis
1675 2948 2007 3002 enarraverit

2114 2969 2171 3019 ἐν
2197 2969 2316 3030 ταῖς
2348 2968 2580 3038 ἡμέραις
2622 2967 2800 3036 ὑμῶν,
2849 2967 3008 3037 ἔργον
3031 2967 3070 3020 ὓ
3103 2967 3162 3019 ού
3213 2967 3288 3037 μὴ
3324 2965 3676 3033 πιστεύσητε,

445 3034 980 3092 vobis.Exeuntibus
1005 3046 1184 3092 autem
1222 3039 1350 3101 illis,
1383 3039 2007 3108 rogabant,utsequcnti

452 3124 693 3178 Sabbato
745 3128 1096 3197 loquerentur
1127 3129 1234 3183 sibi
1267 3133 1433 3183 verba
1481 3130 1619 3182 lucc.
1650 3129 1891 3196 Cumque
1924 3129 2010 3182 di-

448 3215 616 3268 missa
648 3224 792 3270 esset
821 3220 1128 3286 Syuagoga,
1159 3219 1330 3272 secuti
1359 3225 1486 3270 sunt
1517 3218 1670 3270 multi
1700 3216 2010 3272 Iudaeorum

446 3314 502 3361 et
531 3305 826 3360 colentium
855 3306 1215 3371 advenarum,
1269 3304 1496 3359 Paulum
1554 3315 1608 3360 et
1659 3306 2007 3361 Barnabam:

447 3396 541 3465 qui
573 3397 860 3464 loquentes
917 3395 1221 3450 suadebant
1266 3397 1345 3451 cis
1407 3404 1464 3450 ut
1522 3405 1908 3466 permanerent
1957 3401 2008 3453 in

448 3487 622 3555 gratia
649 3486 761 3540 Dei.
795 3486 1051 3556 Sequenti
1094 3502 1221 3542 vero
1253 3487 1514 3554 Sabbato,
1568 3504 1706 3559 pene
1757 3490 2009 3546 universa

450 3572 646 3626 civitas
679 3576 936 3628 convenit
962 3578 1154 3629 audire
1201 3577 1424 3630 verbum
1473 3578 1588 3632 Dei.
1629 3578 1882 3634 Videntes
1914 3596 2013 3634 au-

451 3666 560 3710 tem
595 3659 784 3714 turbas
814 3657 1009 3724 Judaei,
1049 3663 1246 3732 reple:i
1277 3673 1408 3718 sunt
1461 3666 1597 3732 zelo,
1633 3675 1687 3720 et
1728 3670 2010 3724 contradi-

447 3749 642 3803 cebant
675 3751 757 3805 his
783 3753 834 3804 in
865 3768 985 3822 quae
1019 3768 1046 3805 a
1070 3752 1600 3822 Paulodicebantur,
1623 3757 2010 3828 blaspheman-

450 3847 552 3895 tes.
586 3838 739 3895 Tunc
764 3851 1082 3898 constanter
1106 3843 1310 3900 Paulus
1334 3854 1388 3901 et
1415 3845 1691 3902 Barnabas
1714 3849 2006 3904 dixerunt:

447 3931 617 3988 Vobis
643 3935 930 4004 oportebat
969 3937 1204 4004 primum
1265 3937 1414 4006 loqui
1466 3938 1694 3993 verbum
1737 3938 1831 3995 Dei
1865 3959 1877 3994 :
1913 3941 2009 3997 sed

448 4023 709 4092 quoniam
765 4025 1029 4094 repellitis
1066 4025 1220 4094 illud,
1253 4035 1308 4081 et
1335 4027 1588 4097 indignos
1623 4044 1723 4084 vos
1747 4031 2010 4100 judicatis

448 4125 665 4169 reterns
686 4115 832 4177 vitaz,
852 4131 980 4170 ecce
1010 4119 1385 4173 convertimur
1409 4119 1475 4173 ad
1506 4128 1716 4190 gentes.
1744 4120 1836 4176 Sic
1860 4123 2008 4177 enim

448 4205 703 4274 praecepit
728 4206 884 4260 nobis
923 4207 1208 4262 Dominus.

2112 3056 2205 3108 ἐάν
2251 3073 2338 3119 τις
2369 3056 2761 3126 ἐκδιηγήσηται
2805 3057 2954 3126 ὑμῖν.
2992 3056 3271 3120 Ἐξιόντων
3315 3055 3371 3107 δὲ
3401 3053 3580 3106 αὐτῶν
3608 3054 3677 3105 ἐκ

2111 3145 2210 3214 τῆς
2244 3147 2561 3216 συναγωγῆς
2588 3147 2697 3200 τῶν
2744 3146 3039 3210 Ἰουδαίων,
3070 3145 3413 3216 παρεκάλουν
3445 3144 3510 3197 τά
3546 3144 3674 3212 ἔθνη

2112 3238 2190 3297 εἱς
2217 3236 2277 3289 τὸ
2308 3235 2509 3306 μεταξὺ
2539 3237 2814 3292 Σάϐϐατον
2833 3237 3129 3308 λαληθῆναι
3161 3238 3342 3298 αὐτοῖς
3359 3235 3425 3288 τά
3451 3236 3671 3304 ῥήματα

2111 3323 2304 3378 ταῦτα.
2357 3327 2625 3397 Λυθείσης
2673 3327 2732 3380 δὲ
2777 3328 2878 3397 τῆς
2919 3331 3262 3396 συναγωγῆς,
3301 3325 3676 3396 ἠκολούθησαν

2113 3416 2301 3470 πολλοὶ
2337 3417 2445 3470 τῶν
2488 3418 2780 3482 Ἰουδαίων,
2809 3419 2902 3471 καὶ
2933 3418 3043 3471 τῶν
3069 3418 3375 3486 σεϐομένων
3399 3415 3675 3487 προσηλύ-

2110 3517 2240 3567 των,
2279 3502 2354 3570 τῷ
2388 3502 2585 3572 Παύλῳ
2617 3505 2710 3557 καὶ
2747 3504 2822 3573 τῷ
2867 3505 3156 3574 Βαρνάϐα·
3196 3504 3392 3568 οἵτινες
3435 3504 3679 3572 προσλα-

2110 3590 2324 3654 λοῦντες
2348 3593 2552 3656 αὐτοῖς,
2579 3593 2794 3648 ἔπειθον
2815 3597 3010 3656 αὐτοὺς
3033 3596 3364 3666 προσμένειν
3393 3597 3459 3665 τῇ
3491 3593 3679 3664 χάριτι

2110 3682 2204 3733 τοῦ
2241 3681 2395 3736 Θεοῦ.
2433 3682 2523 3753 Τῷ
2551 3683 2608 3737 δὲ
2637 3685 2914 3756 ἐρχομένῳ
2947 3687 3208 3757 Σαϐϐάτῳ
3240 3685 3428 3756 σχεδὸν
3458 3687 3605 3737 πᾶσα
3638 3686 3674 3753 ἡ

2111 3771 2266 3834 πόλις
2295 3773 2534 3844 συνήχθη
2565 3773 2798 3828 ἀκοῦσαι
2828 3776 2919 3828 τὸν
2950 3777 3107 3844 λόγον
3133 3777 3225 3830 τοῦ
3253 3775 3409 3828 Θεοῦ.
3451 3775 3679 3836 Ἰδόντες

2109 3861 2168 3914 δέ
2197 3861 2245 3912 οἱ
2291 3861 2533 3916 Ἰουδαῖοι
2574 3865 2702 3928 τοὺς
2744 3865 2956 3935 ὄχλους,
2992 3867 3342 3938 ἐπλήσθησαν
3369 3866 3551 3936 ζήλου,
3579 3865 3681 3918 καὶ

2111 3949 2400 4018 ἀντέλεγον
2431 3955 2545 4014 τοῖς
2581 3953 2685 4005 ὑπὸ
2717 3954 2810 4007 τοῦ
2847 3954 3058 4007 Παύλου
3093 3955 3426 4026 λεγομένοις,
3477 3955 3685 4008 ἀντιλέ-

2111 4055 2299 4106 γοντες
2345 4041 2441 4094 καὶ
2493 4040 2960 4113 βλασφημοῦντες.
3005 4046 3517 4117 Παῤῥησιασάμενοι
3549 4045 3605 4097 δέ
3648 4047 3681 4097 6

2112 4131 2322 4195 Παῦλος
2357 4134 2448 4185 καὶ
2477 4135 2506 4186 6
2535 4133 2818 4206 Βαρνάϐας
2851 4136 3003 4190 εἷπον
3027 4153 3044 4170 ο
3086 4139 3245 4208 Ὑμῖν
3275 4135 3340 4210 ἦν
3379 4140 3675 4206 ἀναγκαῖον

2111 4221 2326 4291 πρῶτον
2357 4222 2651 4295 λαληθῆναι
2673 4227 2742 4280 τά
2766 4227 2858 4280 τοῦ
2888 4228 3023 4282 Θεοῦ
3046 4244 3061 4259 ·
3111 4229 3302 4300 ἐπειδὴ
3345 4229 3402 4281 δὲ
3436 4229 3681 4282 ἀπωθεί-

452 4295 754 4391 σθε-αύτὸν,
781 4299 874 4350 καὶ
901 4299 1001 4350 ούκ
1033 4298 1213 4363 ἀξίους
1254 4297 1465 4368 κρίνετε
1493 4301 1716 4367 ἑαυτοὺς
1742 4303 1842 4374 τῆς
1872 4307 2093 4364 αἰωνίου
2126 4312 2292 4384 ζωῆς,
2326 4315 2434 4370 ἰδοὺ
2504 4318 2847 4388 στρεφόμεθα
2909 4322 2991 4384 εἰς
3023 4320 3092 4374 τὰ
3142 4295 3301 4391 ἔθνη.⁷
3361 4316 3518 4375 Οὕτω
3570 4322 3682 4391 γάρ

451 4389 758 4444 ἐντέταλται
790 4393 924 4462 ἡμῖν
955 4394 982 4445 6
1008 4393 1226 4464 Κύριος.

946 4482 1513 4540 COMMENTARIUS.

523 4573 659 4630 Cum
696 4575 961 4645 propheta
1010 4576 1266 4633 Ilabacuc
1316 4580 1676 4640 exclamasset
1716 4595 1771 4641 et
1827 4597 2017 4643 contra

2699 4500 3077 4556 EPMHNEIA.

2185 4588 2679 4658 Κατακεκραγότος
2754 4591 2850 4645 τοῦ
2915 4596 3193 4666 προφήτου
3261 4595 3538 4666 ’Ᾱϐακοὺμ
3580 4595 3682 4664 τῆς

449 4664 718 4733 judicium
746 4666 1031 4736 iniustum,
1073 4677 1122 4722 et
1155 4668 1222 4724 de
1273 4671 1429 4741 261
1460 4689 1674 4730 summa
1736 4676 1830 4733 Dei
1887 4697 2007 4751 erga

2115 4678 2300 4733 ἀδίκου
2330 4681 2584 4751 κρίσεως,
2613 4683 2708 4736 καὶ
2728 4684 2826 4753 τῆς
2852 4664 2992 4753 ἄγαν
3017 4664 3366 4753 ἀνεξικακίας
3393 4687 3487 4742 τοῦ
3501 4664 3678 4751 -Θεοῦ,

455 4755 630 4810 malos
687 4757 1123 4828 longanimitate,
1175 4772 1336 4832 atque
1389 4766 1620 4822 dixisset
1653 4771 1697 4801 “
1731 4789 1744 4824 :
1783 4789 1801 4822 ι
1841 4771 2007 4837 Quart

2114 4769 2210 4824 καὶ
2250 4768 2530 4838 λέγοντος⁸
2567 4789 2586 4822 ι
2619 4771 2734 4826 Ἵνα
2765 4773 2817 4825 τί
2851 4791 2940 4844 μοι
2975 4775 3179 4842 ἔδειξας
3209 4776 3412 4839 κόπους
3457 4778 3550 4829 καὶ
3584 4776 3684 4826 πό-

378 4905 388 4915 ,
455 4844 694 4898 ostendit
724 4846 858 4899 mihi
909 4845 1278 4916 iniquitatem,
1316 4859 1370 4905 et
1405 4851 1670 4918 laborem,
1701 4855 1882 4911 videre
1919 4859 2022 4912 mi-

372 4942 394 4965 '
458 4936 658 4991 seriam
690 4944 742 4991 et
779 4938 1108 5008 impietatem
1136 4941 1159 4994 τ
1187 4941 1391 4996 Contra
1446 4958 1532 4999 me
1563 4943 1766 4999 factum
1807 4956 1892 5002 est
1926 4949 2016 5015 ju-

461 5028 663 5084 dicium

457 5307 592 5354 tui-ae
617 5312 770 5355 erant
803 5303 1003 5369 injuste
1023 5304 1310 5373 agentibus
1327 5303 1686 5362 calamitates.
1716 5306 1778 5360 Et
1795 5309 2013 5377 quidem

566 5415 610 5444 “
646 5412 848 5468 llabac.
882 5429 919 5479 ι,
943 5415 997 5480 5,
1032 5415 1084 5469 4.

2116 4877 2240 4922 νους
2262 4878 2278 4927 ;
2303 4861 2426 4914 Ὅτι
2447 4862 2506 4928 ἐξ
2535 4864 2780 4926 ἐναντίας
2807 4865 3074 4937 γέγονενὴ
3099 4867 3296 4937 κρίσις,
3323 4869 3419 4921 καὶ
3445 4869 3472 4920 6
3490 4868 3680 4936 κριτὴς

2121 4949 2406 5020 λαμϐάνει,
2442 4953 2535 5007 καὶ
2565 4954 2764 5025 ἀσεϐὴς
2801 4956 3260 5010 καταδυναστεύει
3313 4958 3402 5010 τὸν
3450 4957 3680 5017 δίκαιον,

727 5047 740 5082 :
794 5043 848 5084 et
895 5030 1065 5100 judex
1126 5033 1346 5102 accipit,
1395 5042 1449 5086 ct
1503 5034 1703 5102 impius
1764 5040 2007 5105 praevalel

2125 5039 2219 5093 καὶ
2249 5041 2310 5092 ού
2341 5041 2649 5111 διεξάγεται
2672 5047 2751 5107 είς
2778 5046 2928 5110 τέλος
2968 5051 3139 5118 κρῖμα
3159 5065 3173 5079 ’
3214 5067 3234 5100 ι
3271 5049 3622 5118 ἀποκρίνεται
3653 5048 3684 5098 6

460 5117 725 5173 adversus
768 5119 973 5189 justum
1027 5138 1041 5174 :
1076 5131 1129 5176 et
1176 5136 1286 5176 non
1313 5123 1561 5177 educitur
1597 5124 1650 5177 in
1683 5124 1841 5178 linem
1871 5127 2016 5195 judi-

460 5211 639 5275 cium;
679 5230 698 5262 ι
730 5214 1027 5281 respondet
1074 5212 1215 5268 Deus
1240 5215 1632 5282 prmnuntians,
1665 5231 1783 5283 qua:
1807 5218 2016 5273 obven-

2123 5129 2276 5194 Θεὸς,
2308 5132 2418 5193 τοῖς
2455 5131 2699 5184 ἀδικοῦσι
2747 5134 2842 5198 τάς
2867 5137 3149 5205 ,ἐσομένας
3197 5135 3480 5204 συμφοράς
3525 5150 3687 5203 προαο

2126 5220 2476 5289 παγγέλλων·
2518 5223 2794 5293 θαυμάσια
2846 5225 2902 5278 δὲ
2948 5226 3113 5294 λέγει,
3149 5227 3217 5280 τὰ
3259 5229 3439 5289 αὐτοῖς
3474 5224 3688 5293 συμϐή-

2127 5311 2313 5364 σεσθαι
2339 5311 2616 5382 μέλλοντα.
2647 5314 2834 5370 Ταῦτα
2862 5315 2938 5382 δέ,
2971 5318 3124 5388 φησὶ,
3149 5317 3385 5370 τοσαῦτα
3415 5315 3508 5369 καὶ
3536 5312 3689 5382 τηλι-

1647 5486 1845 5549 Variae
1878 5488 2182 5553 lectiones
2229 5497 2288 5552 et
2333 5501 2519 5557 noue.

539 5581 581 5612 “
615 5579 1047 5652 ὲνανθρωπήσει.
1128 5584 1168 5617 ¹⁹
1208 5583 1335 5653 γάρ.
