4058 6210
458 295 558 355 971

1419 280 1992 341 TllEOPllYLAC’l‘l
2027 278 2436 336 BULGARUE
2470 279 2822 338 AliClllEP.

3586 283 3695 347 972

462 405 613 462 stris.
655 422 670 453 ι
715 401 806 457 lsti
839 408 1022 454 autem
1058 412 1168 452 non
1203 395 1379 452 solum
1404 410 1500 449 cos
1538 409 1644 447 non
1675 397 2020 459 receperunt,

2134 391 2224 440 ῦύκ
2253 387 2521 454 ἐδέξαντο,
2567 389 2700 443 ἀλλὰ
2739 391 2832 442 καὶ
2864 389 3153 459 ἀπήλασαν
3195 392 3392 454 αὐτοὺς
3439 394 3548 446 ἀπὸ
3587 411 3698 446 των

461 497 554 552 sed
577 495 737 550 etiam
778 491 1057 560 ejeccrunt
1102 489 1169 543 de
1221 487 1420 541 ﬁnibus
1466 485 1621 549 suis;
1686 481 1830 551 quod
1872 479 2024 548 pejus

460 597 562 642 est.
591 585 708 640 Non
740 585 851 638 vult
885 583 1068 650 itaque
1099 581 1390 642 Dominus,
1441 585 1498 630 ut
1535 572 1789 644 discipuli
1826 571 1910 626 sui
1943 570 2026 624 vcl

465 681 738 748 pulverem
773 675 826 728 in
860 674 1089 743 pedibus
1129 671 1246 725 suis
1287 669 1526 723 habeam
1584 682 1646 720 ex
1684 673 1828 718 terra
1854 661 2023 732 homi-

464 783 592 822 num
627 766 942 835 impiorum,
971 762 1136 818 utsic
1170 760 1524 815 ostenderent
1585 774 1644 812 se
1682 756 1820 810 nihil
1844 755 1912 809 ab
1947 755 2030 808 in-

465 858 714 911 ﬁdelibus
742 864 1054 925 reportasse
1092 849 1468 907 emolumenti.
1503 847 1598 902 Est
1633 855 1814 901 autem
1845 843 2027 915 pulvis

459 947 765 1020 symbolum
821 945 1044 1009 laboris,
1104 959 1264 1015 quem
1327 943 1544 998 illorum
1591 953 1758 996 causa
1822 937 2030 1009 pertule

461 1050 608 1094 I'Ulll.

1090 1143 1393 1200 TEXTUS.

529 1239 666 1303 XIV,
700 1240 754 1303 5,
786 1239 838 1293 6.
870 1237 1007 1293 Cum
1031 1245 1210 1292 autem
1254 1235 1430 1290 t‘actus
1480 1241 1626 1289 esset
1650 1233 1886 1302 impetus
1906 1244 2034 1300 gen-

459 1331 631 1386 tilium
661 1340 717 1385 et
757 1327 1070 1384 Iudaeorum
1105 1343 1227 1382 cum
1255 1327 1596 1396 principibus
1624 1325 1760 1389 suis,
1796 1331 1856 1378 ut
1897 1337 2032 1377 con-

459 1421 692 1478 tumeliis
739 1420 1012 1475 aﬁicerent
1041 1428 1094 1475 et
1127 1418 1432 1488 lapidarent
1462 1433 1580 1482 eos,
1645 1415 2030 1486 intelligentes,

775 1512 934 1567 Feria
968 1514 1002 1567 4
1053 1510 1412 1566 hebdomadas
1467 1509 1693 1579 quintm.

535 1603 920 1674 Confugerunt
964 1603 1246 1673 (apostoli)
1292 1603 1358 1656 ad
1410 1602 1660 1657 civitates
1718 1596 2031 1670 Lycaoniae,

2126 481 2290 550 ὁρίων
2324 481 2526 547 αύτῶν,
2556 477 2836 552 amotos).
2879 483 3079 560 χεῖρον.
3115 483 3250 534 Οὐδὲ
3280 483 3388 551 γὰρ
3421 486 3699 553 κονιορτόν

2129 571 2272 623 θέλει
2297 570 2499 642 ἔχειν’ό
2540 557 2744 641 Κύριος
2769 572 2896 634 τοὺς
2935 557 3182 641 μαθητάς
3216 571 3308 623 ἐπὶ
3348 572 3454 625 τῶν
3519 574 3701 627 ποδῶν

2128 664 2192 715 ἐκ
2230 663 2329 732 τῆς
2357 663 2466 716 τῶν
2493 665 2725 716 ἀνοσίων
2771 661 3076 733 ἀνθρώπων
3120 663 3246 733 γῆς,
3276 663 3584 728 δεικνύντες
3611 667 3702 719 διὰ

2129 751 2343 819 τούτου,
2373 754 2454 805 ὅτι
2486 753 2636 807 οὐδὲν
2665 753 2992 821 ἐκομίσαντο
3013 752 3120 805 ἀπὸ
3151 753 3259 805 τῶν
3288 754 3552 808 ἀπειθῶν.
3583 756 3703 807 Δεῖ-

2130 863 2246 914 γμα
2278 845 2332 897 δέ
2363 847 2507 900 ἐστιν
2535 846 2564 898 ό
2591 844 2866 914 κονιορτὸς
2893 845 2988 897 τοῦ
3018 845 3188 898 κόπου
3216 845 3274 898 ὃν
3303 845 3604 917 ὑπέμειναν
3632 848 3702 901 δι’

2131 935 2349 999 αὐτούς.

2724 1132 3112 1189 ΚΕΙΜΕΝΟΝ.

2218 1211 2304 1286 'd;
2334 1223 2392 1277 δὲ
2436 1223 2652 1291 ἐγένετο
2684 1225 2828 1295 ὁρμὴ
2875 1223 2985 1278 τῶν
3023 1223 3193 1278 ἐθνῶν
3222 1241 3281 1278 τε
3315 1223 3706 1278 καὶ¹1ουδα⁹ων

2133 1317 2231 1369 σὺν
2266 1317 2382 1380 τοῖς
2414 1317 2672 1386 ἄρχουσιν
2710 1315 2891 1370 αὐτῶν
2942 1315 3165 1388 ὑϐρίσαι
3220 1316 3315 1370 καὶ
3360 1313 3707 1386 λιθοϐολῆσαι

2134 1408 2354 1474 αὐτοὺς,
2389 1407 2710 1474 συνιδόντες,

2497 1499 2576 1569 Τῇ
2607 1497 2648 1552 δ’
2689 1500 2785 1570 τῆς
2817 1498 3365 1570 Μεσοπεντηκοστῆς.

2210 1592 2534 1660 Κατέφυγον
2566 1590 2615 1643 οἱ
2644 1591 2930 1646 ἀπόστολοι
2956 1593 3242 1664 Βαρνάϐας
3261 1594 3355 1647 καὶ
3380 1591 3589 1656 Παῦλος
3625 1595 3708 1656 εις

458 1664 707 1768 ὶγειιοιη
739 1706 794 1750 et
826 1695 1060 1758 Derben,
1080 1701 1134 1747 et
1165 1694 1478 1748 universam
1512 1695 1566 1747 in
1595 1694 1826 1746 circuitu
1851 1690 2032 1760 regio-

2135 1682 2232 1744 τὰς
2269 1683 2449 1745 πόλεις
2481 1684 2581 1754 τῆς
2626 1684 2954 1750 Λυκαονίας,
3007 1685 3279 1756 Λύστραν,
3333 1691 3428 1740 καὶ
3473 1687 3706 1756 Δέρὸην,

459 1804 606 1854 nem,
635 1797 688 1842 et
720 1786 790 1840 ibi
815 1785 1252 1856 evangelizantcs
1283 1794 1463 1839 erant.

959 1896 1530 1954 COMMENTARIUS.

411 2039 422 2046 .
528 1991 915 2046 Adnotandum
944 1989 1048 2046 hoc
1078 1991 1215 2056 loco,
1263 2005 1372 2045 non
1408 1996 1664 2059 oportere
1704 2003 1806 2042 nos
1850 1988 1902 2042 in
1935 2004 2028 2058 pe-

462 2084 635 2137 t-icula
665 2082 978 2150 conjicere,
1040 2081 1134 2134 sed
1193 2082 1394 2148 potius,
1443 2080 1487 2134 si
1528 2094 1664 2148 opus
1723 2077 1910 2142 fuerit,
1965 2078 2031 2131 ad

461 2185 676 2246 tempus
711 2174 896 2243 fugere
932 2189 946 2239 ;
978 2172 1420 2242 quandoquidem
1448 2179 1502 2226 et
1525 2171 1702 2225 nostri
1755 2169 2028 2241 coryphaai

462 2270 533 2321 ita
565 2267 820 2322 fecerunt
853 2305 866 2328 ,
904 2266 1104 2335 quippe
1125 2264 1220 2334 qui
1274 2264 1526 2319 volebant
1556 2261 2027 2333 praedicationem,

460 2356 702 2424 quandiu
735 2368 978 2423 congrue
1011 2353 1130 2407 ﬁeri
1154 2354 1733 2423 puterat,.cxtenderc,
1763 2362 1817 2406 et
1845 2366 2031 2421 perse-

463 2445 774 2500 cutionibus
802 2443 988 2514 potius
1019 2444 1234 2513 augeri.

946 2555 1107 2625 263
1145 2553 1370 2609 CAPUT
1406 2551 1543 2606 XXI.

460 2649 538 2706 De
563 2647 753 2704 claudo
783 2664 816 2701 a
848 2649 1125 2701 nativitate
1147 2645 1354 2714 Lystris
1379 2655 1569 2699 sanato
1619 2645 1684 2697 ab
1719 2644 1976 2713 apostolis
2011 2660 2032 2698 :

533 2740 872 2807 quamobrem
905 2739 980 2792 dii
1014 2740 1053 2793 ii
1078 2754 1190 2792 esse
1220 2747 1269 2791 et
1308 2738 1618 2806 apparuisse
1643 2737 1743 2790 risi
1769 2745 1888 2790 sunt
1923 2736 2023 2790 loci

527 2833 674 2886 illius
709 2830 1118 2885 habitatoribus.

1088 2941 1272 2996 ΤΕΧΤ
1288 2941 1391 2995 L'S.

527 3033 667 3096 XIV,
697 3035 855 3088 7-17.
880 3033 947 3086 Et
987 3033 1204 3101 quidam
1243 3032 1324 3085 \ir
1355 3033 1570 3102 Lystris
1598 3033 1848 3086 inﬁrmus
1877 3028 2029 3099 pedi-
2061 3064 2106 3124 ϐ

460 3131 562 3179 bus
589 3125 837 3188 sedebat,
861 3125 1087 3178 claudus
1109 3139 1173 3176 ex
1202 3131 1356 3175 utero
1381 3124 1571 3176 matris
1605 3138 1737 3186 suae,
1766 3121 1859 3190 qui
1893 3133 2034 3174 nun-

463 3229 627 3285 quam
658 3215 1053 3266 antbulaverat.
1084 3211 1184 3266 llic
1203 3213 1409 3265 audivit
1442 3212 1670 3265 Paulum
1703 3214 2032 3282 loquentem.

463 3305 568 3371 Qui
599 3305 832 3358 intuitus
863 3312 1079 3368 eum,et
1103 3303 1317 3368 videns,
1354 3305 1479 3372 quia
1515 3302 1674 3358 ﬁdem
1707 3303 1948 3369 haberet,
1977 3313 2037 3358 ut

460 3395 852 3462 salvusticret,
881 3393 1018 3447 dixit
1050 3407 1240 3463 magna
1275 3409 1404 3448 voce
1441 3409 1454 3445 :
1484 3393 1658 3464 §urge
1689 3410 1853 3463 super
1869 3395 2034 3464 pedes
2072 3411 2075 3414 ·

462 3497 590 3540 tuos
624 3493 826 3540 rectus.
855 3482 922 3536 Et
935 3482 1248 3540 .exsilivitet
1273 3483 1605 3538 ambulabat.
1631 3482 1828 3538 Turbae
1853 3492 2034 3539 autem

459 3592 584 3632 cum
616 3576 880 3647 vidissent
917 3574 1062 3646 quod
1093 3575 1304 3628 fecerat
1335 3574 1556 3640 Paulus,
1594 3577 1910 3630 levaverunt
1931 3593 2031 3632 vo-

461 3684 578 3722 cem
610 3680 788 3732 suam,
849 3665 1155 3737 Lycaonice
1185 3665 1428 3721 dicentes
1459 3684 1471 3720 :
1508 3666 1594 3720 Dii
1646 3668 1853 3722 similes
1903 3665 2032 3721 iacti

461 3758 773 3813 hominibus
811 3757 1210 3812 descenderunt
1241 3757 1306 3811 ad
1337 3772 1457 3812 nos.
1508 3758 1572 3810 Et
1606 3759 1874 3812 vocabant
1902 3755 2035 3812 Bar-

461 3850 658 3902 nabam
693 3846 904 3912 Jovem,
939 3849 1164 3903 Paulqu
1187 3863 1316 3903 vero
1348 3847 1704 3914 Mercurium,
1773 3849 2032 3919 quoniam

460 3941 578 4010 ipse
618 3948 736 3994 erat
773 3939 884 3992 dux
917 3941 1089 3994 verbi.
1146 3939 1418 3994 Sacerdos
1465 3955 1685 4010 quoque
1732 3939 1908 3993 .Iovis.
1938 3940 2031 4009 qui

460 4038 581 4082 erat
610 4040 736 4082 ante
766 4028 1070 4094 civitatem,
1103 4035 1292 4083 tauros
1325 4039 1378 4082 et
1410 4042 1644 4083 coronas
1673 4038 1798 4083 ante
1833 4028 2034 4096 januas

461 4117 716 4188 alerens,
775 4132 900 4171 cum
966 4117 1182 4187 populis
1229 4117 1445 4170 volebat
1493 4119 1828 4172 saeritlcarc.
1878 4117 2033 4183 Quod

461 4207 553 4261 ubi
597 4208 886 4262 audierunt
941 4207 1196 4276 apostoli,
1253 4205 1530 4262 Barnabas
1559 4217 1613 4260 et
1645 4207 1864 4271 Paulus,
1905 4223 2035 4261 con-

459 4297 650 4352 SCissis
679 4297 884 4350 tunicis
916 4295 1032 4350 suis
1063 4295 1390 4351 exsilierunt
1413 4297 1467 4349 in
1495 4297 1707 4357 turbas.
1731 4297 2034 4353 clamantes

2140 1770 2230 1824 mi
2260 1772 2358 1841 τὴν
2398 1772 2700 1843 περίχωρον
2723 1787 2737 1802 ο
2779 1773 2942 1827 κάκεῖ
2967 1769 3108 1846 ἦσαν
3141 1775 3636 1847 εὐαγγελιζόμενοι.

2737 1886 3115 1940 EPMHNEIA.

2204 1976 2567 2046 Σημειωτέον,
2615 1977 2696 2030 ὅτι
2745 1978 2806 2030 ού
2858 1978 2940 2031 δεῖ
2994 1979 3341 2049 ὲπιρῤίπτειν
3393 1982 3540 2050 ἡμᾶς
3592 1984 3707 2042 τοῖς

2136 2068 2435 2132 κινδύνοις,
2473 2069 2588 2123 ἀλλ’
2637 2070 2688 2122 εί
2716 2069 2851 2135 δέοι,
2897 2072 2992 2124 καὶ
3025 2071 3247 2140 φεύγειν
3295 2072 3433 2142 πρὸς
3479 2073 3707 2143 καιρόνο

2134 2161 2228 2212 καὶ⁸
2256 2159 2366 2214 τῶν
2397 2161 2712 2232 κορυφαίων
2743 2163 2904 2217 τοῦτο
2945 2166 3263 2228 ποιούντων,
3296 2163 3486 2234 ὥσπερ
3518 2166 3694 2235 ἐπίτη.

2133 2253 2222 2317 δες
2275 2255 2516 2308 ἐκτεῖναι
2572 2253 2890 2324 βουλόμενοι
2929 2257 2990 2309 τὸ
3024 2258 3304 2326 κήρυγμα.
3341 2257 3436 2310 καὶ
3480 2256 3568 2312 διὰ
3597 2257 3709 2310 τῶν

2135 2343 2392 2415 διωγμῶν
2419 2347 2622 2414 μᾶλλον
2655 2345 3007 2412 αὐξάνεσθαι.

2723 2549 2972 2602 ΚΕΦΔΑ.
3013 2549 3142 2604 KA'.

2137 2637 2273 2704 Περὶ
2310 2635 2417 2690 τοῦ
2457 2638 2525 2690 ἐν
2551 2643 2846 2708 Λύστροις
2865 2639 2934 2691 ἐκ
2969 2638 3217 2707 γενετῆς
3260 2641 3459 2709 χωλοῦ
3489 2641 3703 2694 ἐαθέν-

2208 2744 2310 2794 τος
2339 2727 2437 2781 διὰ
2465 2728 2584 2782 τῶν
2615 2730 2996 2794 ἀποστόλων,
3024 2727 3230 2798 διόπερ
3275 2727 3433 2785 εἶναι
3484 2748 3548 2786 τε
3581 2733 3708 2787 θεοὶ

2209 2820 2308 2874 καὶ
2337 2821 2612 2890 παρεῖναι
2637 2821 2857 2887 ἔδοξαν
2891 2823 3014 2890 τοῖς
3042 2824 3369 2894 ἐγχωρίοις.

2726 2934 3112 2988 ΚΕΙΜΕΝΟΝ.

2208 3028 2318 3081 Καί
2378 3046 2458 3090 τις
2517 3028 2655 3100 ἀνὴρ
2695 3030 2753 3080 ἐν
2777 3027 3044 3099 Λύστροις
3094 3028 3354 3092 ἀδύνατος
3383 3031 3496 3093 τὀῖς
3523 3030 3704 3096 ποσὶν,

2138 3117 2396 3188 ἐκάθητο,
2434 3118 2604 3188 χωλὸς
2629 3120 2694 3172 ἐκ
2722 3119 2930 3182 κοιλίας
2987 3119 3194 3189 μητρὸς
3223 3119 3388 3174 αὑτοῦ
3421 3120 3705 3191 ὑπάρχων,

2135 3208 2194 3271 ὃς
2212 3208 2471 3262 οὐδέποτε
2494 3210 2985 3282 περιεπεπατήκει.
3005 3203 3174 3272 Οὗτος
3209 3211 3407 3282 ἤκουσε
3435 3211 3528 3264 τοῦ
3557 3211 3708 3265 Παύ-

2135 3299 2228 3352 λου
2295 3300 2602 3363 λαλοῦντος.
2654 3303 2750 3363 Ὃς
2797 3301 3048 3366 ἀτενίσας
3100 3303 3266 3373 αύτῷ,
3312 3305 3404 3357 καὶ
3458 3303 3578 3356 ἰδὼν
3624 3304 3709 3356 ὅτι

2139 3392 2324 3445 πίστιν
2380 3393 2492 3462 ἔχει
2551 3393 2644 3446 τοῦ
2700 3393 2962 3463 σωθῆναι,
2996 3389 3118 3447 εἷπε
3179 3394 3387 3466 μεγάλῃ
3411 3398 3475 3466 τῇ
3513 3398 3706 3466 φωνῇ’

2137 3484 2224 3536 Σοὶ
2256 3484 2398 3551 λέγω
2423 3483 2502 3555 [ἐν
2532 3483 2610 3554 τῷ
2642 3485 2868 3553 ὀνόματι
2898 3484 2992 3538 τοῦ
3027 3487 3231 3556 Κυρίου
3274 3485 3472 3559 Ἰησοῦ]
3501 3527 3516 3552 ,
3572 3487 3701 3540 ἀνά-

2140 3576 2296 3646 στηθι
2362 3577 2455 3628 ἐπὶ
2507 3578 2634 3638 τοὺς
2689 3577 2855 3640 πόδας
2902 3593 2994 3631 σου
3051 3578 3227 3648 ὀρθός.
3259 3579 3367 3631 Καὶ
3393 3579 3583 3649 ἥλλετο
3611 3579 3711 3632 καὶ

2138 3664 2478 3733 περιεπάτει.
2512 3666 2574 3717 Οἱ
2603 3665 2658 3717 δὲ
2687 3665 2832 3734 δχλοι
2863 3665 3062 3728 ἰδόντες
3083 3666 3110 3718 ὃ
3131 3667 3386 3735 ἐποίησεν
3417 3667 3445 3718 ὁ
3475 3663 3706 3728 Παῦλος,

2136 3756 2348 3824 ἐπῆραν
2376 3755 2474 3822 τὴν
2529 3754 2713 3826 φωνὴν
2751 3755 2928 3808 αὐτῶν
2966 3756 3294 3810 Λυκαονιστὶ
3321 3755 3601 3824 λέγοντες⁶
3636 3757 3703 3808 οι

2136 3847 2250 3902 θεοὶ
2275 3847 2637 3917 ὁμοιωθέντες
2665 3846 2970 3917 ἀνθρώποις
3005 3846 3317 3917 κατέϐησαν
3349 3847 3487 3918 πρὸς
3517 3847 3667 3915 ἡμᾶς
3687 3862 3706 3879 ο

2137 3939 2366 3993 ἐκάλουν
2395 3956 2454 3991 τε
2485 3939 2574 3991 τὸν
2607 3938 2722 4008 μὲν·
2757 3938 3046 4010 Βαρνάϐαν
3096 3939 3214 4002 Δία,
3264 3938 3354 3991 τὸν
3398 3938 3455 3990 δὲ
3495 3936 3711 3991 Παῦλον

2147 4029 2377 4100 Ἐρμῆνο
2408 4029 2592 4099 ἐπειδὴ
2617 4029 2779 4093 αύτδς
2806 4026 2875 4098 ἦν
2895 4031 2923 4082 ό
2955 4029 3257 4099 ἡγούμενος
3293 4029 3392 4082 τοῦ
3423 4029 3604 4098 λόγου.
3648 4029 3709 4081 ὐ

2115 4120 2192 4174 .δέ
2223 4121 2402 4190 ἱερεὺς
2458 4117 2551 4171 τοῦ
2585 4119 2728 4183 Διδς,
2773 4117 2868 4170 τοῦ
2899 4119 3053 4181 ὄντος
3086 4119 3192 4188 πρὸ
3224 4118 3322 4188 τῆς
3363 4118 3569 4181 πόλεως
3600 4118 3710 4171 αῦο

2135 4212 2263 4278 τῶν,
2293 4210 2529 4282 ταύρους
2559 4211 2653 4263 καὶ
2683 4209 2972 4279 στέμματα
2996 4211 3086 4262 ἐπὶ
3107 4210 3234 4273 τοὺς
3269 4208 3523 4272 πυλῶνας
3553 4209 3706 4277 ἐνέγ-

2136 4320 2258 4368 κας,
2294 4303 2390 4355 σὺν
2438 4305 2549 4364 τοῖς
2598 4301 2776 4370 δχλοις
2835 4301 2995 4370 ἧθελε
3041 4299 3211 4355 θύειν.
3259 4300 3616 4364 Ἀκούσαντες
3645 4299 3706 4353 δὲ

457 4394 513 4442 et
541 4386 785 4441 dicentes
809 4403 822 4440 :
857 4383 994 4448 Viri,
1021 4385 1152 4454 quid
1186 4385 1298 4438 haec
1318 4384 1536 4438 facitis?
1560 4384 1625 4437 Et
1648 4400 1746 4439 nos
1769 4387 2028 4440 mortales

2135 4399 2182 4449 oi
2206 4394 2494 4448 ἀπόστολοι
2550 4393 2838 4464 Βαρνάϐας
2879 4393 2971 4446 καὶ
3031 4391 3267 4457 Παῦλος,
3305 4392 3706 4463 διαρρήξαντες

463 4492 676 4542 sumus,
709 4476 918 4532 similes
942 4477 1096 4530 vobis
1125 4475 1398 4540 homines,
1443 4479 1832 4532 atmuntiantes
1875 4477 2029 4532 vobis

461 4567 530 4620 ab
560 4569 644 4621 i'tis
676 4567 837 4621 vanis
867 4567 1112 4621 converti
1164 4565 1230 4620 ad
1282 4564 1452 4620 Deum
1511 4569 1716 4632 vivum,
1760 4569 1851 4637 qui
1904 4567 2032 4622 fecit

463 4657 658 4712 cwlum
688 4665 743 4711 et
772 4665 971 4710 terram
1002 4663 1054 4710 et
1078 4670 1228 4710 mare
1253 4665 1301 4712 et
1333 4659 1516 4712 omnia
1542 4675 1663 4728 quae
1684 4659 1738 4712 in
1767 4659 1846 4713 eis
1865 4669 2025 4712 sunt:

461 4752 555 4822 qui
585 4751 639 4805 in
658 4751 954 4820 preteritis
982 4751 1426 4822 generationibus
1444 4753 1664 4809 demisit
1685 4767 1876 4807 omnes
1898 4769 2032 4822 gen-

465 4853 547 4897 tes
575 4840 782 4910 ingredi
816 4844 932 4895 vias
958 4857 1110 4898 suas.
1145 4842 1210 4896 Et
1241 4842 1461 4912 quidem
1493 4856 1604 4896 non
1636 4843 1757 4896 sine
1787 4842 2035 4897 testimo-

463 4935 555 4988 nio
610 4936 964 5002 semetipsum
1023 4933 1266 5003 reliquit.
1321 4931 1671 4990 benefaciens
1735 4933 1802 4987 de
1865 4934 2027 4998 cmlo,

462 5027 598 5082 dans
619 5026 828 5096 pluvias
856 5036 908 5080 et
937 5037 1178 5094 tempora
1214 5024 1518 5085 fructifera,
1563 5023 1793 5092 implens
1823 5024 1946 5078 cibo
1975 5033 2030 5078 et

464 5117 654 5173 laetitia
679 5117 846 5172 corda
878 5129 1088 5170 nostra.
1125 5114 1190 5167 Et
1224 5115 1337 5168 haec
1373 5113 1639 5177 dicentes,
1677 5113 1760 5166 vix
1800 5113 2029 5168 sedave-

462 5217 590 5264 runt
615 5210 823 5272 turbas,
853 5223 923 5263 ne
958 5207 1061 5262 sibi
1086 5205 1455 5260 immolarent.

2134 4482 2202 4534 τὰ
2235 4482 2432 4550 ἱμάτια
2478 4478 2681 4542 αὐτῶν,
2717 4479 3085 4550 εἰσεπήδησαν
3119 4481 3198 4540 είς
3240 4478 3332 4531 τὸν
3371 4479 3530 4547 ὄχλον
3566 4479 3706 4548 κρά-

2135 4573 2318 4632 ζοντες
2340 4570 2435 4623 καὶ
2460 4570 2729 4638 λέγοντες·
2763 4569 3010 4640 Ἄνδρες,
3041 4569 3094 4622 τί
3131 4568 3302 4622 ταῦτα
3329 4571 3564 4634 ποιεῖτε;
3589 4569 3706 4622 Καὶ

2135 4663 2295 4732 ἡμεῖς
2313 4661 2664 4730 ὁμοιοπαθεῖς
2693 4662 2820 4730 ὑμῖν
2840 4661 3008 4730 ἐσμεν
3029 4657 3323 4728 ἄνθρωποι,
3355 4660 3706 4729 ιεὺαγγελιζό⁸

2136 4769 2289 4823 μενοι
2319 4753 2463 4822 ὑμᾶς
2515 4752 2624 4806 ἀπὸ
2648 4755 2863 4806 τούτων
2897 4752 3006 4804 τῶν
3074 4751 3317 4822 ματαίων
3351 4753 3706 4820 ἐπιστρέφειν

2133 4845 2228 4896 ἐπὶ
2263 4843 2354 4896 τὸν
2387 4843 2520 4897 Θεὸν
2547 4844 2638 4896 τὸν
2694 4843 2890 4908 ζῶντα,
2931 4842 2990 4904 ὂς
3029 4842 3252 4912 ἐποίησε
3304 4841 3396 4894 τὸν
3447 4841 3704 4912 οὐρανὸν,

2137 4937 2232 4990 καὶ
2295 4936 2396 5006 τὴν
2460 4935 2586 5002 γῆν,
2622 4935 2714 4986 καὶ
2775 4933 2870 5004 τὴν
2898 4933 3194 4998 θάλασσαν,
3226 4933 3322 4987 καὶ
3350 4931 3528 4986 πάντα
3549 4931 3616 4985 τά
3648 4935 3709 4985 ἐν

2139 5026 2352 5089 αὐτοῖς·
2380 5026 2440 5089 ὃς
2490 5029 2548 5078 ἐν
2619 5027 2739 5088 ταῖς
2805 5024 3236 5094 παρῳχημέναις
3294 5025 3507 5090 γενεαῖς
3551 5023 3708 5074 εἴασε

2139 5119 2318 5172 πάντα
2343 5121 2410 5170 τά
2445 5117 2570 5184 ἔθνη
2601 5115 2929 5186 πορεύεσθαι
2964 5116 3082 5174 ταῖς
3112 5115 3252 5176 ὁδοῖς
3307 5113 3510 5167 αὐτῶν.
3565 5112 3707 5164 Καί-

2138 5226 2287 5276 τοιγε
2343 5208 2442 5260 οὐκ
2490 5209 2806 5277 ἀμάρτυρον
2836 5206 3026 5258 ἐαυτὸν
3054 5205 3287 5275 ἀφῆκεν,
3333 5202 3704 5272 ἀγαθοποιῶν,

459 5302 750 5374 οὐρανόθεν
789 5264 918 5372 ημῖν
945 5299 1120 5360 διδοὺς
1145 5297 1332 5360 ὑετοὺς
1363 5301 1457 5352 καὶ
1483 5264 1711 5368 καιρους
1735 5299 2144 5372 καρποφόρους,
2169 5264 2458 5372 ἐμπιπλῶν
2493 5264 2697 5370 specii};
2717 5264 2729 5277 '
2763 5302 2857 5353 ml.
2915 5264 3282 5369 depasti-vna
3310 5264 3408 5361 τάξ
3472 5296 3705 5366 καρδίας

458 5391 633 5460 ἡμῶν.
674 5390 784 5442 Καὶ
809 5386 982 5440 ταῦτα
1020 5385 1292 5452 λέγοντες,
1323 5385 1476 5454 μόλις
1505 5388 1854 5440 κατέπαυσαν
1887 5389 2015 5452 τοὺς
2053 5390 2245 5461 ὄχλους
2279 5389 2371 5442 τοῦ
2405 5391 2481 5460 μὴ
2510 5390 2658 5442 θύειν
2682 5389 2883 5452 αὐτοῖς.

940 5477 1511 5536 COMMENTARIUS.

536 5599 554 5628 ι
599 5577 906 5633 Gonscissis
955 5575 1158 5630 tunicis
1186 5575 1322 5665 suis.
1355 5592 1374 5625 ι
1407 5573 1522 5629 llos
1543 5583 1660 5628 erat
1684 5573 1909 5637 Judznis.
1944 5586 2023 5641 ut,

462 5684 586 5723 cum
611 5665 976 5736 blasphemias
999 5666 1055 5720 in
1081 5664 1254 5719 Deum
1289 5664 1528 5734 prolatas
1555 5664 1827 5732 audirent,
1855 5674 2033 5722 vestes

2729 5484 3103 5538 ΕΡΜΗΝΕΙΛ.

2225 5573 2384 5635 Ἔθος
2453 5573 2600 5626 ἐστὶν
2676 5573 2951 5636 Ἰουδαίοις
3023 5576 3116 5626 ἐπὶ
3194 5577 3310 5638 ταῖς
3367 5572 3510 5627 κατὰ
3562 5571 3703 5624 Θεοῦ

2139 5663 2473 5737 δυσφημίαις
2581 5665 3013 5736 περιρῤηγνύναι
3110 5667 3177 5719 τὰ
3275 5667 3484 5737 ἱμάτια.
3590 5667 3708 5720 Καὶ
