4058 6210
450 320 555 390 973

1116 325 1653 386 EXPOSI‘I‘IONIS
1683 326 1765 386 ΙΝ
1799 328 1991 386 ACTA
2019 325 2318 386 TEXTUS
2355 324 2700 384 ALTER.—
2727 320 2885 385 CAP.
2923 322 3073 388 XIV.

3585 335 3690 396 074

451 438 605 503 γνοὺς
621 435 737 467 ²⁰ο²¹
762 437 790 488 ὀ
808 437 1062 505 Καϊάφας
1076 437 1200 490 Υίὸν
1221 436 1517 490 ἑαυτὺντοῦ
1539 436 1673 490 Θεοῦ
1688 432 1912 505 λέγοντα
1931 436 2010 489 τὸν

2125 433 2569 490 conscinderent.
2600 434 2783 501 Quare
2820 439 2983 491 etiam
3015 437 3276 507 Caipltas,
3307 447 3367 494 ut
3426 442 3693 499 intellexit

449 527 704 596 Χριστὸν,
743 546 762 578 ι
793 528 1122 598 περιέρρηξε
1144 528 1243 598 τὴν
1269 528 1490 598 ἐσθῆτα,
1524 547 1542 581 ι
1561 527 1936 599 διακεψαγώς
1958 544 2018 580 τε

448 619 544 669 καὶ
569 638 586 668 ι
613 617 697 685 te;
710 636 807 683 ων,
826 619 906 671 ὅτι
935 619 1370 689 Ἐδυσιρήμησε.›
1394 620 1568 673 Τοῦτο
1595 622 1911 691 πεπράκασι
1925 621 2019 674 καὶ⁸

445 708 494 758 οἱ
525 707 801 761 θεσπέσιοι
832 708 1071 779 μαθηταὶ
1096 709 1379 779 Βαρνάϐας
1403 712 1499 762 καὶ
1530 709 1741 774 Παῦλος
1762 709 2015 775 ἐνταῦθα,

448 794 559 847 θεοὶ
592 798 961 866 νομισθέντες,
994 800 1102 851 ἀπὸ
1130 800 1424 862 διαθέσεως
1467 801 1648 871 ψυχῆς
1674 800 2018 872 ἀποστρεφό-

450 904 602 956 μενοι
636 888 703 940 τὰ
739 889 1026 959 γενόμενα,
1085 892 1180 944 καὶ
1223 891 1452 955 πένθους
1478 892 1760 955 ποιοῦντες
1790 894 2014 963 σημεῖα.

448 978 650 1039 Πένθος
676 977 784 1048 γὰρ
811 976 880 1051 ἦν
918 982 1107 1048 ὅντως,
1140 984 1253 1051 είγε
1280 984 1506 1054 ἔμελλον
1533 984 1647 1037 θεοὶ
1672 983 2016 1055 νομίζεσθαι,

447 1071 542 1122 καὶ
607 1070 1052 1143 εἰδωλολατρείαν
1112 1076 1372 1143 εἰσάγειν,
1403 1078 1467 1146 ἢν
1499 1074 1664 1146 ἦλθον
1714 1076 2017 1131 καταλῦσαι

443 1161 537 1212 καὶ
561 1160 638 1221 είς
668 1160 819 1226 τέλος
860 1165 1140 1234 ἀφανίσαι.
1642 1232 1647 1234 _
1680 1174 1691 1181 '

444 1245 745 1307 Λιθάζετὰι
764 1232 1005 1322 Παῦλος
1015 1257 1167 1380 μετὲ
1189 1260 1234 1381 ’l’
1255 1256 1373 1399 “id?
1387 1232 1826 1330 ἀστυγειτόνων
1840 1258 2017 1331 [Ἰου-

1155 1346 1192 1380 ιι
1219 1347 1301 1381 ων
1333 1369 1346 1381 .
2001 1364 2007 1371 ο

1155 1346 1346 1381 ιιιωνι.
2001 1364 2007 1371 ο

1031 1414 1425 1473 ΚΕΙΜΕΝΟΝ.

523 1509 789 1581 Ἐπῇλθον
831 1510 888 1564 δὲ
944 1510 1052 1563 ἀπὸ
1109 1507 1436 1581 ’Δντιοχείας
1487 1511 1579 1563 καὶ
1625 1510 1844 1563 Ἰκονίου
1884 1512 2013 1565 ’1ου-

438 1600 597 1667 δαῖοι,
637 1603 733 1655 καὶ
791 1604 1081 1666 πείσαντες
1134 1604 1261 1666 τοὺς
1310 1602 1523 1672 δχλους,
1556 1603 1651 1656 καὶ
1691 1602 2013 1667 λιθάσαντες

439 1694 530 1744 τὸν
558 1694 791 1760 Παῦλον,
816 1696 1010 1765 ἔσυρον
1041 1696 1145 1762 ἔξω
1172 1695 1272 1764 τῆς
1300 1695 1531 1756 πόλεως,
1559 1694 1884 1762 νομίσαντες
1909 1694 2011 1746 αὐ-

2124 524 2404 580 Cbristum
2433 541 2493 581 se
2518 525 2715 581 Filium
2735 527 2827 581 Dei
2852 527 3107 596 dicere“,
3139 547 3158 580 ι
3179 530 3341 584 scidit
3367 534 3687 589 vestimenta

2124 631 2248 682 sua,
2295 618 2611 674 exclamans
2658 628 2712 673 et
2759 618 2987 674 dicens:
3019 620 3443 690 Blarpbemavit.
3486 643 3506 677 ι
3545 623 3690 679 Idem

2122 706 2371 763 fecerunt
2393 708 2496 764 boc
2513 710 2634 764 loco
2661 711 2827 764 etiam
2853 713 3026 765 sancti
3052 711 3327 783 discipuli,
3348 712 3622 771 Barnabas
3640 727 3694 771 et

2122 795 2347 867 Paulus,
2376 815 2499 855 cutn
2540 801 2617 855 dii
2654 802 3123 870 existimarentur,
3171 814 3286 860 toto
3323 806 3489 863 corde
3539 823 3692 864 avcr-
3736 846 3741 875 ς

2122 900 2309 948 santes
2358 908 2480 960 quae
2530 893 2733 947 ﬁebant
2783 902 2837 948 et
2890 895 3099 951 doloris
3150 898 3306 967 signa
3338 897 3584 965 edentes.
3630 900 3695 955 Et.

2121 984 2343 1052 quidem
2374 985 2663 1056 lugendum
2685 994 2825 1050 erat,
2842 986 2887 1041 si
2909 986 2984 1041 dii
3016 1001 3204 1042 revera
3225 990 3398 1058 putati
3424 989 3652 1047 fuissent
3676 1010 3691 1045 :

2122 1074 2203 1131 sic
2245 1077 2392 1131 enim
2436 1076 2803 1133 idololatriam
2831 1094 2994 1149 quam
3040 1080 3342 1137 dissolvere
3390 1090 3444 1137 et
3477 1085 3694 1152 penitus

2121 1167 2449 1223 exscindere
2480 1176 2761 1234 venerant,
2799 1169 2903 1238 ipsi
2936 1169 3358 1226 induxissentet
3389 1173 3691 1229 auxissent.
3785 1230 3794 1238 _

2191 1257 2357 1330 264
2385 1257 2684 1328 Lapidatur
2704 1260 2908 1314 Paulus
2942 1276 2975 1314 a
3012 1259 3219 1315 Iudaeis
3243 1261 3359 1315 urbi
3391 1263 3595 1317 vicinis.

2769 1418 3073 1479 TEXTUS.

2188 1511 2328 1576 XIV,
2362 1512 2544 1567 18-26.
2568 1513 3015 1583 Superveneront
3044 1527 3225 1573 autem
3253 1518 3474 1588 quidam
3491 1520 3696 1576 abAn-

2118 1603 2321 1659 tiocltia
2342 1614 2395 1660 et
2414 1604 2596 1661 Iconio
2613 1604 2783 1662 Judaei
2805 1625 2819 1674 ;
2846 1610 3199 1678 etfpersuasis
3219 1609 3417 1677 turbis,
3450 1610 3697 1680 lapidati-

2116 1703 2306 1765 tesque
2324 1686 2572 1761 Paulum,
2590 1707 2876 1753 traxerunt
2889 1711 3041 1753 extra
3058 1700 3359 1766 civitatem,
3373 1702 3694 1758 existiman-

438 1783 529 1837 τὸν
565 1784 839 1841 τεθνάναι.
878 1787 1291 1840 κυκλωσάντων
1320 1786 1379 1837 δὲ
1408 1782 1571 1837 αὐτὸν
1592 1783 1701 1836 τῶν
1726 1784 2008 1854 μαθητῶν,

2117 1797 2199 1842 tes
2221 1803 2344 1842 eum
2376 1797 2649 1841 mortuum
2686 1803 2830 1842 esse.
2855 1788 3340 1844 Circumdantibus
3366 1798 3546 1855 autem
3564 1806 3691 1847 eum

438 1877 678 1940 ἀναστὰς
741 1878 996 1949 εἰσῆλθεν
1029 1879 1110 1941 είς
1161 1880 1260 1948 τὴν
1298 1877 1472 1940 πόλιν,
1504 1876 1597 1930 καὶ
1626 1880 1692 1948 τῇ
1725 1876 2007 1947 ἐπαύριον,

1051 1962 1429 2023 ΕΡΜΗΝΕῘΔ.

520 2058 785 2112 Ἐνταῦθα
816 2059 1219 2131 πληροῦταιτὸ,
1262 2079 1280 2112 ι
1306 2060 1493 2131 ’Δρκεῖ
1520 2076 1601 2112 σοι
1632 2061 1664 2130 ὴ
1698 2058 1857 2130 χάρις
1880 2076 2005 2131 μου.

450 2146 513 2200 ’11
552 2149 659 2218 γὰρ
680 2148 911 2220 δύναμίς
944 2167 1048 2220 μου
1075 2151 1133 2204 ἐν
1165 2150 1423 2222 ἀσθενείᾳ
1444 2148 1748 2218 τελειοῦται
1772 2189 1786 2216 ,
1812 2168 1831 2202 ι
1872 2150 2010 2222 πρὸς

439 2240 602 2293 αὐτὸν
634 2241 785 2313 παρὰ
803 2241 938 2296 θεοῦ
966 2244 1279 2315 εἰρημένον.

892 2333 971 2405 Τῇ
994 2341 1035 2387 ε’
1055 2336 1153 2405 τῆς
1178 2342 1218 2389 ε’
1238 2334 1554 2406 ἑϐδομάδος.

1026 2420 1297 2478 ΚΕΙΜΕΝ
1302 2422 1393 2479 ΟΝ
1398 2465 1414 2480 .

517 2508 770 2582 Ἐξῆλθεν
802 2515 830 2567 ό
859 2514 1192 2578 Παῦλοςσῦν
1228 2515 1303 2587 τῷ
1327 2514 1584 2589 Βαρνάϐᾳ
1616 2519 1696 2582 είς
1755 2516 1992 2593 Δέρϐην.

442 2598 943 2674 Εὗαγγελισάμενοί
973 2623 1032 2659 τε
1065 2610 1164 2677 τὴν
1216 2606 1371 2683 πόλιν
1424 2610 1662 2682 ἐκείνην,
1701 2615 1796 2666 καὶ
1832 2614 2013 2685 μαθη-

437 2688 729 2755 τεύσαντες
784 2693 1021 2761 ἱκανοὺς,
1081 2696 1427 2768 ὑπέστρεψαν
1484 2702 1566 2764 είς
1613 2703 2012 2778 Λύστραν,καὶ

452 2779 691 2845 Ἰκόνιον,
719 2784 814 2836 καὶ
850 2786 1202 2856 Ἀντιόχειαν,
1233 2787 1676 2860 ἐπιστηρίζοντες
1701 2794 1798 2857 τὰς
1830 2794 2010 2866 ψυχὰς

437 2870 545 2922 τῶν
580 2872 858 2941 μαθητῶν,
893 2876 986 2927 καὶ
1032 2877 1483 2945 παρακαλοῦντες
1537 2883 1801 2952 ἐμμένειν
1818 2888 1885 2957 τῇ
1921 2888 2010 2940 πί-

442 2979 579 3028 στει,
611 2966 706 3017 καὶ
732 2965 814 3018 ὅτι
843 2966 932 3019 διὰ
957 2967 1168 3021 πολλῶν
1191 2968 1423 3040 θλίψεων
1447 2970 1529 3024 δεῖ
1570 2976 1719 3044 ἡμᾶς
1749 2976 2012 3030 εἰσελθεῖν

438 3053 519 3116 εἰς
559 3055 656 3124 τὴν
722 3055 999 3126 βασιλείαν
1051 3059 1147 3113 τοῦ
1193 3060 1350 3115 Θεοῦ.
1420 3063 1918 3136 Χειροτονήσαντες
1952 3070 2008 3123 δὲ

438 3141 622 3209 αὐτοῖς
657 3148 1065 3223 πρεσϐυτέρους
1115 3151 1237 3205 κατ’
1273 3153 1621 3223 Ἐκκλησίαν,
1652 3158 1742 3210 καὶ
1772 3175 2005 3227 προσευ-

438 3238 662 3308 ξάμενοι
682 3240 818 3309 μετά
841 3243 1122 3309 νηστειῶν,
1152 3245 1454 3313 παρέθεντο
1481 3246 1679 3310 αὐτοὺς
1698 3248 1774 3318 τῷ
1797 3250 2004 3321 Κυρίῳ,

437 3330 518 3390 εἰς
544 3327 604 3380 ὃν
633 3328 1111 3384 πεπιστεύκεισαν.
1144 3331 1254 3384 Καὶ
1286 3333 1585 3399 διελθόντες
1610 3338 1708 3407 τὴν
1739 3339 2006 3404 Πισιδίαν,

437 3411 600 3487 ἦλθον
627 3419 706 3481 είς
737 3421 1063 3489 Παμφυλίαν
1091 3437 1105 3451 ⁸
1138 3423 1231 3475 καὶ
1249 3423 1579 3495 λαλήσαντες
1618 3429 1677 3481 ὲν
1702 3426 1890 3501 Πέργῃ
1918 3431 2007 3486 τὸν

438 3507 619 3571 λόγον,
674 3509 986 3579 κατέδησαν
1044 3512 1124 3574 εἰς
1166 3511 1479 3569 ’Δττάλειαν
1533 3534 1548 3549 ·
1603 3520 1858 3574 κάκεῖθεν
1900 3524 2008 3575 ἅττ·

442 3597 711 3650 ἔπλευσαν
742 3601 821 3660 εἰς
859 3601 1208 3673 ’Δντιόχειαν,
1240 3604 1363 3659 ὅθεν
1394 3603 1533 3678 ἦσαν
1585 3610 2010 3683 παραδεδομένοι

438 3690 503 3757 τῇ
532 3689 716 3760 χάριτι
773 3692 868 3744 τοῦ
928 3693 1086 3761 Θεοῦ,
1142 3699 1224 3760 εἰς
1279 3698 1341 3751 τὸ
1408 3699 2007 3775 ἐργονὸὲπλήρωσαν.

440 3783 878 3855 Παραγενόμενοι
903 3785 981 3851 δὲ,
1036 3788 1130 3843 καὶ
1179 3791 1586 3859 συναγαγόντες
1630 3796 1733 3863 τὴν
1773 3796 2012 3868 Ἐκκλη-

440 3874 583 3938 σίαν,
654 3875 986 3945 ἀνήγγειλαν
1034 3879 1135 3932 ὅσα
1165 3880 1422 3950 ἐποίησεν
1447 3880 1635 3946 αὐτοῖς
1668 3885 1696 3936 ὁ
1729 3884 1881 3951 Θεὸς,
1916 3891 2010 3943 καὶ

438 3963 519 4018 ὅτι
544 3966 718 4035 ἡνοιξε
744 3969 856 4030 τοῖς
892 3968 1068 4021 ἔθνεσι
1097 3969 1266 4039 θύραν
1294 3970 1548 4035 πίστεως.

1003 4058 1411 4124 ,ΕΡΜΠΝΕῐιὼ

511 4150 605 4204 Διὰ
677 4151 724 4203 τί
773 4152 832 4204 ὲν
884 4151 1098 4222 Κύπρῳ
1148 4152 1268 4205 οὐδὲ
1313 4155 1373 4207 ὲν
1414 4154 1704 4229 Σαμαρείᾳ
1741 4158 2011 4231 ἐποίησαν

440 4243 849 4313 πρεσϐυτέρους
893 4246 942 4297 οἱ
996 4244 1309 4308 ἁπιᾶστολοι,
1374 4247 1488 4300 ἀλλ’
1554 4250 1827 4318 ὲνταῦθα;
1885 4253 2010 4308 Ὅτι

445 4337 649 4391 ἐκεῖναι
672 4337 771 4406 μὲν
792 4338 959 4405 ἐγγὺς
980 4332 1119 4410 ἦσαν
1142 4338 1239 4409 τῆς
1254 4339 1611 4412 Ἰερουσαλὴμ
1628 4345 1844 4414 καὶτῶν
1872 4347 2009 4399 ἁποο

2115 1878 2424 1947 discipulis,
2462 1892 2698 1947 surgens
2716 1878 2940 1931 intravit
2958 1876 3257 1943 civitatem,
3275 1889 3330 1932 et
3345 1887 3560 1948 postera
3581 1883 3692 1945 die,

2599 1965 3186 2023 COMMENTARIUS.

2104 2042 2109 2047 ’
2187 2054 2446 2127 impletur
2475 2055 2566 2111 bic
2606 2019 2844 2110 iliuda—
2861 2019 3103 2112 Domino
3152 2054 3324 2113 Paulo
3344 2019 3552 2114 dictum
3594 2061 3638 2093 ”
3674 2076 3690 2116 :

2120 2168 2137 2200 ι
2176 2146 2383 2202 Subicit
2413 2147 2510 2202 tibi
2545 2149 2722 2218 gratia
2775 2161 2896 2202 mea
2934 2164 2949 2201 :
2984 2161 3110 2201 nam
3145 2147 3322 2207 virtus
3369 2149 3690 2208 inﬁrmitate

2114 2238 2429 2311 perﬁcitur.
2464 2257 2485 2290 ι

2464 2325 2624 2383 Feria
2652 2328 2685 2382 5
2711 2322 3070 2383 hebdomade?
3093 2327 3321 2399 quinte.

2751 2416 3055 2474 TEXTUS.

2188 2510 2475 2568 Proiectus
2509 2520 2593 2569 est
2632 2511 2879 2584 (Paulus)
2911 2527 3036 2567 cum
3062 2510 3313 2567 Barnaba
3358 2512 3413 2567 in
3448 2504 3685 2571 Derben.

2116 2606 2365 2675 Cumque
2390 2603 2861 2675 evangelizassent
2907 2603 3118 2658 civitati
3157 2604 3260 2674 illi,
3281 2611 3336 2659 et
3366 2605 3687 2663 docuissent

2116 2700 2342 2764 multos,
2367 2696 2578 2752 reversi
2622 2705 2752 2751 sunt
2782 2694 3030 2767 Lystram
3056 2702 3111 2748 et
3137 2694 3379 2749 Iconium
3417 2707 3472 2752 et
3491 2697 3683 2754 Antio-

2115 2788 2317 2852 cbiam,
2353 2786 2738 2842 conﬁrmantes
2769 2785 2979 2838 animas
3023 2783 3440 2853 discipulorum,
3481 2786 3683 2842 exltor‘

2122 2889 2410 2949 tantosque
2458 2885 2515 2949 ut
2539 2883 2924 2947 permanerent
2945 2874 2998 2928 in
3024 2873 3127 2928 iide
3157 2892 3172 2928 :
3204 2883 3258 2928 et
3288 2876 3544 2944 quoniam
3589 2892 3687 2947 per

2118 2948 2723 3025 tuultasitribuiatioues
2762 2974 2982 3036 Oportet
3013 2979 3114 3020 nos
3138 2965 3342 3021 intrare
3372 2966 3427 3019 in
3456 2980 3683 3036 regnum

2117 3057 2235 3113 Dei.
2268 3055 2332 3111 Et
2365 3072 2488 3111 cum
2518 3054 2936 3109 constituissent
2969 3048 3077 3106 illis
3103 3066 3199 3120 per
3231 3046 3477 3121 singulas
3505 3044 3686 3108 eccleo

2115 3150 2227 3205 sias
2276 3146 2649 3218 presbyteros,
2682 3156 2735 3198 et
2788 3151 3044 3197 orassent
3073 3156 3197 3196 cum
3226 3134 3684 3211 jejunationibus,

2114 3236 2637 3294 commendaverunt
2662 3248 2757 3287 eos
2790 3232 3019 3287 Domino
3043 3231 3282 3300 in,'qu_em
3312 3224 3684 3289 crediderunt.

2113 3331 2596 3397 Transeuntesquc
2660 3325 2944 3388 Pisidiam,
3010 3326 3282 3377 venerunt
3323 3323 3375 3377 in
3420 3314 3688 3396 Pamphy-

2114 3421 2240 3475 liam
2275 3433 2290 3472 :
2322 3426 2376 3474 et
2408 3418 2694 3487 loquentes
2736 3415 2959 3468 verbum
2995 3409 3210 3466 Domini
3253 3411 3307 3464 itt
3340 3410 3530 3483 Perge,
3588 3412 3685 3468 de-

2116 3510 2450 3566 scenderunt
2481 3509 2535 3561 itt
2567 3505 2828 3559 Attaliam
2863 3520 2876 3556 :
2912 3512 2965 3557 et
2988 3500 3114 3556 inde
3155 3501 3547 3573 navigaverunt
3577 3504 3688 3560 An-

2115 3597 2404 3661 tiochiam,
2451 3595 2597 3650 unde
2628 3603 2789 3648 erant
2829 3590 3016 3645 traditi
3071 3592 3257 3660 gratia:
3302 3592 3418 3660 Dei,
3449 3594 3505 3648 in
3549 3609 3691 3666 opus
3790 3672 3795 3677 ἡ

2114 3689 2261 3761 quod
2301 3688 2734 3765 compleverunt.
2764 3682 2899 3738 Cum
2953 3689 3134 3735 autent
3165 3683 3443 3740 vcniss.:nt
3473 3695 3526 3741 et
3553 3703 3682 3742 con-

2114 3787 2436 3855 gregassent
2485 3775 2807 3840 Ecclesiatu,
2853 3772 3159 3829 retulerunt
3206 3785 3407 3841 quanta
3468 3770 3684 3833 fecisset

2116 3874 2259 3931 Deus
2287 3887 2410 3931 cum
2452 3871 2582 3936 illis,
2622 3878 2676 3923 et
2708 3865 2835 3938 quia
2866 3862 3175 3937 aperuisset
3200 3860 3458 3936 gentibus
3475 3869 3677 3924 ostium

2115 3966 2265 4022 ﬁdei.

2547 4072 2553 4080 ‘
2605 4044 3177 4112 COMMENTARIUS.

2185 4151 2369 4218 Quare
2403 4147 2637 4220 apostoli
2678 4144 2856 4217 neque
2885 4146 2941 4200 in
2970 4144 3172 4216 Cypro,
3205 4159 3382 4213 neque
3409 4143 3466 4198 in
3493 4143 3686 4199 Sama-

2112 4244 2192 4300 ria
2225 4243 2629 4299 constitueruttt
2663 4238 3034 4310 presbyteros,
3066 4236 3523 4308 quemadmodum
3584 4237 3688 4293 hoc

2115 4337 2168 4391 in
2192 4333 2349 4390 loco?
2370 4331 2639 4398 Quoniam
2679 4327 2784 4384 illae
2811 4327 3029 4398 quidem
3059 4328 3313 4397 regiones
3364 4320 3505 4383 baud
3542 4330 3685 4382 mul-

445 4426 648 4482 στόλων
671 4446 686 4460 ο
721 4430 813 4482 καὶ
836 4432 893 4482 ὲν
923 4432 1058 4501 αὐτῇ
1091 4430 1145 4483 δὲ
1176 4434 1240 4502 τῇ
1260 4432 1561 4504 Ἀντιοχείᾳ
1587 4434 1616 4486 ό
1644 4436 1803 4504 λόγος
1835 4437 2006 4509 ἐκράο

2118 4433 2232 4481 tum
2262 4424 2539 4479 distabant
2568 4421 2636 4475 ab
2664 4417 2964 4473 Jerusalem
2994 4427 3047 4473 et
3071 4414 3139 4472 ab
3159 4414 3424 4489 apostolis
3450 4435 3466 4476 :
3491 4419 3683 4473 Antio-

441 4531 546 4570 τει.
603 4517 870 4571 Ἐνταῦθα
893 4518 950 4571 δὲ
981 4520 1181 4591 πολλῆς
1226 4521 1439 4576 ἐδέοντο
1494 4527 1871 4596 παραμυθίας,
1903 4529 2008 4599 μά-

441 4604 603 4659 λιστα
634 4605 684 4656 οί
718 4604 778 4669 ἐξ
828 4605 997 4659 ἐθνῶν
1047 4608 1357 4677 ὀφείλοντες
1409 4610 1582 4667 πολλὰ
1632 4614 2010 4675 διδάσκεσθαι.

440 4698 786 4768 Σημειωτέον
812 4697 889 4762 δὲ,
925 4699 1007 4751 ὅτι
1067 4701 1116 4752 oi
1160 4700 1291 4771 napi.
1335 4702 1546 4758 Παῦλον
1592 4707 1687 4759 καὶ
1722 4709 2011 4780 Βαρνάὗαν

440 4789 754 4842 ἐπισκόπων
791 4785 939 4860 εἶχον
968 4789 1146 4854 ἀξίαν,
1176 4789 1235 4856 ἐξ
1265 4784 1340 4846 ὧν
1399 4797 1770 4866 ἐχειροτόνουν
1816 4802 1877 4854 οὺ
1913 4803 2010 4872 μό-

441 4892 528 4929 νον
559 4879 857 4946 διακόνους,
893 4881 1030 4935 and;
1055 4883 1148 4935 καὶ
1184 4885 1608 4959 πρεσϐυτέρους,
1641 4892 1734 4944 καὶ
1754 4894 1834 4946 ὅτι
1864 4895 2001 4964 μετὰ

441 4968 702 5035 νηστειῶν
756 4971 848 5023 καὶ
898 4972 1074 5042 εὐχῶν
1113 4973 1332 5027 ἐποίουν
1359 4976 1409 5028 οἱ
1434 4977 1677 5049 μαθηταὶ
1703 4982 1799 5045 τὰς
1826 5001 2006 5055 χειρο-

443 5056 643 5118 τονίας.
706 5061 1101 5131 Σημείωσαιδὲ
1136 5068 1233 5120 καὶ
1284 5067 1463 5136 τοῦτο,
1515 5072 1596 5125 ὄτι
1655 5075 1736 5138 είς
1764 5077 2006 5148 Μίλητον

440 5150 927 5223 ἐχειροτονήθησαν
976 5157 1025 5208 οί
1089 5160 1218 5229 περὶ
1286 5159 1571 5233 Βαρνάϐαν
1621 5168 1713 5220 καὶ¹
1772 5170 2003 5229 Παῦλον.

445 5241 610 5294 Ἀλλο
632 5242 690 5295 δὲ
717 5245 1049 5316 ἀντίγραφον
1111 5246 1290 5320 εὗρον,
1325 5254 1449 5324 ἔχον
1475 5258 1596 5312 ἀντὶ
1627 5260 1892 5331 Μιλήτου,
1924 5267 2004 5328 είς

457 5335 806 5407 Ἀντιόχειαν,
837 5338 867 5391 δ
899 5343 992 5394 καὶ
1015 5342 1434 5417 πειθανώτερον.

516 5534 561 5566 ⁸⁸
586 5532 778 5587 Matth.
806 5549 953 5600 nrt,
994 5534 1085 5590 65.
1162 5537 1208 5569 "
1247 5537 1289 5593 ΙΙ
1321 5539 1447 5597 Cor‘
1479 5558 1578 5611 nt,
1613 5542 1666 5599 9.

2111 4521 2249 4578 cbia:
2279 4526 2459 4573 autem
2502 4514 2731 4570 verbum
2776 4509 2871 4567 Dei
2906 4512 3045 4566 altas
3091 4508 3203 4581 jam
3238 4507 3451 4567 radices
3477 4521 3685 4583 egerat.

2110 4618 2210 4675 Hic
2236 4632 2366 4673 vero
2395 4612 2567 4668 multo
2605 4626 2745 4681 opus
2804 4608 3078 4663 habebant
3116 4606 3338 4670 solatio,
3386 4606 3683 4676 praesertim

2111 4710 2205 4780 qui
2235 4716 2477 4765 erantex
2521 4702 2797 4774 gentibus,
2842 4710 3029 4768 utpote
3059 4699 3151 4769 qui
3178 4691 3349 4753 multa
3377 4698 3555 4752 adhuc
3585 4698 3683 4752 ad-

2114 4801 2326 4856 discere
2385 4794 2674 4850 debebant.
2728 4790 3114 4845 Adnotandum
3178 4803 3305 4844 vero
3346 4787 3573 4844 Paulum
3630 4797 3685 4844 et

2113 4889 2415 4945 Barnabam
2449 4884 2609 4956 265
2643 4881 3006 4952 episcOpalem
3042 4876 3359 4952 dignitatem
3399 4880 3681 4943 habuisse,

2108 4976 2574 5051 (quandoquidem
2601 4981 2657 5028 et
2686 4972 2948 5026 diaconos
2980 4980 3034 5026 et
3066 4970 3413 5043 presbyteros
3458 4969 3651 5024 ordina
3694 5030 3697 5035 ς

2109 5073 2260 5138 bant)
2288 5084 2353 5124 ac
2372 5067 2578 5122 Christi
2610 5065 2911 5135 discipulos
2962 5078 3086 5117 cum
3117 5061 3346 5130 jejuniis
3387 5067 3443 5113 et
3473 5058 3681 5113 oratio-

2111 5161 2274 5215 nibus
2298 5152 2675 5211 ordinationes
2708 5151 2925 5208 l'ecissc.
2953 5146 3196 5205 ObServa
3250 5149 3413 5202 etiam
3450 5143 3681 5198 Paulum

2111 5261 2165 5304 et
2201 5247 2507 5300 Barnabam
2535 5244 2591 5297 itt
2629 5243 2764 5296 urbe
2812 5239 2994 5295 Mileto
3023 5238 3304 5293 ordinatos
3355 5231 3543 5287 fuisse.
3574 5230 3679 5285 Sed

2115 5356 2215 5411 ego
2243 5337 2521 5408 exemplar
2550 5334 2818 5406 quoddam
2868 5332 3072 5393 inveni,
3127 5328 3182 5380 itt
3216 5338 3324 5394 quo
3352 5337 3452 5392 pro
3498 5320 3680 5376 Mileto

2114 5432 2421 5488 habebatur
2447 5428 2750 5484 Antiochiae
2776 5445 2790 5481 :
2819 5423 2964 5496 quod
2995 5421 3156 5475 etiam
3192 5424 3273 5472 est
3304 5412 3677 5471 verisimilius.

1633 5629 2166 5717 Variaeiectiones
2205 5636 2267 5692 et
2307 5636 2500 5690 noue.

517 5724 636 5757 ³⁶·²¹
671 5722 822 5795 γοῦν.
897 5725 942 5756 ²¹
972 5725 1146 5797 παρά.
