4058 6210
457 296 558 356 971

1419 281 1992 342 TllEOPliYLACTl
2027 279 2435 338 BULGAliI/E
2469 280 2821 339 ARCIHEP.

3584 283 3693 348 972

461 407 613 464 stris.
654 423 670 454 ι
714 402 807 458 lsti
839 409 1022 455 autem
1058 413 1169 454 non
1201 397 1379 453 solum
1403 411 1500 450 eos
1537 410 1644 449 non
1675 398 2020 460 receperunt,

2134 392 2223 442 ούκ
2252 388 2521 455 ἐδέξαντο,
2567 391 2700 444 ἀλλὰ
2738 392 2831 444 καὶ
2863 391 3153 460 ἀπήλασαν
3195 392 3391 455 αὐτοὺς
3437 394 3547 447 ἀπὸ
3585 412 3696 447 των

461 498 554 553 sed
577 497 736 552 etiam
777 493 1057 563 ejecerunt
1101 490 1168 544 de
1221 489 1420 543 finibus
1466 487 1620 551 suis;
1686 482 1830 552 quod
1871 480 2023 549 pejus

459 599 562 644 est.
590 587 708 641 Non
739 586 850 639 vult
884 584 1067 652 itaque
1099 581 1389 644 Dominus,
1440 587 1498 632 ut
1535 574 1789 646 discipuli
1826 573 1910 626 sui
1943 571 2025 625 vel

465 681 737 749 pulverem
773 677 826 730 in
860 675 1088 744 pedibus
1129 673 1246 727 suis
1287 671 1526 724 habeam
1583 683 1646 722 ex
1683 674 1828 720 terra
1853 663 2023 733 homi-

463 784 592 824 num
627 767 942 836 impiorum,
970 764 1135 819 utsic
1170 761 1523 816 ostenderent
1585 775 1644 814 se
1682 758 1820 811 nihil
1844 756 1912 810 ab
1946 757 2029 810 in-

464 860 714 913 fidelibus
741 865 1053 927 reportasse
1091 851 1468 909 emolumenti.
1503 848 1598 903 Est
1633 857 1814 902 autem
1845 845 2027 916 pulvis

459 949 764 1021 symbolum
821 947 1044 1011 laboris,
1103 961 1264 1016 quem
1327 945 1544 999 illorum
1591 955 1758 997 causa
1821 937 2030 1009 pertule

460 1051 608 1096 ι·υιιι.

1089 1145 1392 1202 TEXTUS.

529 1241 666 1304 XIV,
700 1241 754 1305 5,
786 1240 838 1294 6.
869 1238 1007 1294 Cum
1031 1247 1209 1293 autem
1253 1237 1430 1292 factus
1480 1242 1626 1290 esset
1651 1234 1886 1304 impetus
1905 1245 2034 1302 gen-

459 1333 632 1388 tilium
661 1341 716 1386 et
757 1329 1069 1385 Judaeorum
1104 1345 1227 1384 cum
1255 1328 1596 1398 principibus
1623 1327 1760 1390 suis,
1795 1333 1855 1378 ut
1897 1338 2032 1378 eon-

459 1423 692 1479 tumeliis
739 1422 1012 1477 adicerent
1040 1429 1094 1476 et
1126 1419 1432 1490 lapidarent
1461 1434 1580 1483 eos,
1645 1416 2030 1487 intelligentes,

775 1513 933 1569 Feria
967 1515 1002 1568 4
1053 1512 1412 1567 hebdomada:
1466 1511 1693 1581 quintae.

458 1665 471 1689 ι
535 1605 919 1676 Confugerunt
963 1605 1246 1675 (apostoli)
1292 1604 1357 1658 ad
1410 1604 1660 1658 civitates
1719 1598 2031 1672 Lycaonim,

2126 483 2290 552 ὁρίων
2325 483 2526 548 αὐτῶν,
2555 479 2836 553 ὃπερ’ἐστὶ
2879 484 3079 560 χεῖρον.
3115 483 3248 534 Οὐδὲ
3279 484 3386 552 γάρ
3421 486 3698 554 κονιορτὸν

2129 572 2271 625 θέλει
2296 571 2498 643 ἔχεινὸ
2540 558 2744 642 Κύριος
2769 573 2896 635 τοὺς
2937 558 3182 642 μαθητάς
3215 572 3308 624 ἐπὶ
3347 573 3453 626 τῶν
3518 574 3700 627 ποδῶν

2128 665 2192 717 ἐκ
2230 665 2329 734 τῆς
2356 665 2466 718 τῶν
2492 666 2724 718 ἀνοσίων
2771 663 3076 734 ἀνθρώπων
3119 663 3245 734 γῆς,
3275 664 3584 728 δεικνύντες
3610 667 3701 720 διὰ

2128 754 2342 820 τούτου,
2373 755 2454 807 ὅτι
2485 754 2636 808 οὐδὲν
2665 755 2992 822 ἐκομίσαντο
3013 753 3120 806 ἀπὸ
3150 754 3258 806 τῶν
3288 755 3551 809 ἀπειθῶν.
3581 757 3702 808 Δεῖ-

2129 863 2245 916 γμα
2278 846 2333 898 δέ
2362 849 2507 901 ἐστιν
2535 847 2564 899 ὁ
2591 845 2866 915 κονιορτὸς
2893 846 2988 898 τοῦ
3017 845 3188 899 κόπου
3215 846 3273 899 ὃν
3302 846 3603 918 ὑπέμειναν
3631 849 3700 902 δι’

2130 936 2348 1000 αὐτούς.

2723 1133 3112 1190 ΚΕΙΜΕΝΟΝ.

2217 1213 2304 1287 Ὠς
2334 1224 2392 1278 δὲ
2435 1225 2652 1293 ἐγένετο
2685 1226 2828 1296 ὁρμὴ
2875 1225 2984 1279 τῶν
3022 1225 3192 1278 ἐθνῶν
3222 1241 3281 1278 τε
3314 1225 3408 1278 καὶ
3429 1224 3705 1278 Ἰουδαόαν

2133 1317 2230 1370 σὺν
2266 1319 2382 1381 τοῖς
2415 1317 2672 1387 ἄρχουσιν
2709 1317 2890 1371 αὐτῶν
2941 1316 3165 1388 ὑϐρίσαι
3219 1317 3315 1370 καὶ⁵
3360 1315 3705 1387 λιθοϐολῆσαι

2133 1409 2354 1475 αὐτοὺς,
2388 1408 2710 1476 συνιδόντες,

2497 1500 2576 1571 Τῇ
2606 1498 2648 1553 δ’
2688 1501 2786 1570 τῆς
2816 1499 3365 1571 Μεσοπεντηκοστῆς.

2210 1593 2534 1662 Κατέφυγον
2565 1591 2615 1644 οί
2644 1593 2929 1647 ἀπόστολοι
2955 1593 3242 1664 Βαρνάϐας
3261 1595 3355 1648 καὶ⁸
3380 1591 3588 1657 Παῦλος
3625 1595 3707 1656 είς

461 1684 706 1770 Lystram
739 1707 793 1752 et
825 1696 1059 1759 Derben,
1079 1703 1133 1748 et
1165 1695 1478 1749 universam
1511 1696 1566 1748 in
1595 1695 1826 1748 circuitu
1851 1692 2031 1762 regio-

2135 1684 2232 1746 τὰς
2269 1685 2448 1747 πόλεις
2481 1685 2581 1755 τῆς
2626 1685 2953 1750 Λυκαονίας,
3006 1686 3279 1756 Λύστραν,
3333 1691 3427 1740 καὶ
3473 1687 3705 1757 Δέρϐην,

460 1805 605 1855 nem,
635 1798 688 1843 et
719 1787 789 1842 ibi
814 1786 1252 1857 evangelizantes
1283 1795 1463 1841 erant.

958 1897 1530 1954 COMMENTANUS.

409 2040 420 2048 .
527 1992 915 2047 Adnotandum
943 1990 1048 2047 hoc
1077 1992 1214 2057 loco,
1262 2005 1371 2046 non
1407 1998 1664 2060 oportere
1703 2003 1805 2043 nos
1849 1989 1902 2044 in
1936 2006 2028 2059 pc-

462 2085 634 2138 ricula
664 2083 977 2150 conjicere,
1039 2081 1134 2136 sed
1192 2083 1393 2150 potius,
1442 2081 1487 2136 si
1527 2095 1665 2149 opus
1723 2078 1910 2143 fuerit,
1965 2079 2032 2132 ad

461 2186 676 2247 tempus
711 2175 896 2244 fugere
931 2190 946 2240 ;
977 2173 1420 2243 quandoquidem
1447 2180 1502 2226 et
1525 2172 1702 2226 nostri
1755 2171 2028 2242 coryphzei

462 2271 532 2322 ita
565 2267 820 2323 fecerunt
852 2306 865 2330 ,
904 2267 1104 2336 quippe
1125 2265 1220 2336 qui
1274 2265 1526 2320 volebant
1556 2263 2028 2334 praedicationem,

459 2357 702 2424 quandiu
734 2369 977 2424 congrue
1011 2354 1129 2409 ﬁeri
1153 2355 1734 2424 poterat,.extendere,
1764 2363 1817 2407 et
1846 2367 2032 2422 perse-

462 2446 773 2501 cutionibus
802 2445 987 2516 potius
1018 2445 1233 2514 augeri.

946 2557 1106 2626 233
1145 2554 1370 2610 CAPUT
1406 2553 1544 2608 χχι.

459 2650 538 2707 De
563 2648 752 2705 claudo
783 2665 815 2702 a
847 2651 1125 2702 nativitate
1147 2646 1354 2716 Lystris
1379 2656 1569 2700 sanato
1619 2645 1684 2699 ab
1720 2645 1976 2714 apostolis
2011 2661 2032 2699 :

532 2741 872 2808 quamobrem
905 2740 980 2793 dii
1014 2741 1052 2794 ii
1077 2755 1190 2794 esse
1221 2749 1269 2792 et
1308 2739 1618 2807 apparuisse
1644 2738 1744 2791 risi
1769 2746 1889 2791 sunt
1923 2737 2024 2790 loci

527 2833 673 2887 illius
708 2831 1118 2886 habitatoribus.

1088 2942 1272 2996 ἹῈΧΤ
1288 2941 1391 2997 L'S.

527 3034 667 3097 XIV,
697 3035 855 3089 7-17.
881 3035 946 3087 Et
986 3033 1203 3102 quidam
1243 3033 1324 3086 vir
1355 3033 1569 3104 Lystris
1599 3034 1855 3124 infirmus
1878 3029 2029 3099 pedi-
2061 3064 2105 3124 ϐ

2140 1772 2230 1826 καὶ
2259 1773 2358 1842 τὴν
2398 1773 2700 1844 περίχωρον
2722 1789 2736 1804 ⁸
2779 1775 2941 1828 κάκεῖ
2967 1770 3108 1846 ἦσαν
3141 1775 3634 1848 εὐαγγελιζόμενοι.

2736 1886 3115 1940 EPMHNEIA.

2205 1977 2567 2047 Σημειωτέον,
2615 1979 2696 2031 ὅτι
2745 1979 2806 2030 ού
2857 1979 2940 2032 δεῖ
2993 1979 3342 2050 ἐπιρρίπτειν
3393 1983 3540 2051 ἡμᾶς
3593 1984 3705 2043 τοῖς

2135 2069 2436 2133 κινδύνοις,
2473 2070 2588 2124 ἀλλ’
2637 2071 2688 2124 εί
2716 2071 2850 2136 δέοι,
2897 2073 2991 2125 καὶ
3025 2073 3246 2142 φεύγειν
3295 2073 3433 2143 πρὸς
3479 2074 3705 2144 καιρόν·

2135 2162 2228 2214 καὶ
2256 2160 2366 2216 τῶν
2397 2163 2712 2232 κορυφαίων
2742 2164 2904 2218 τοῦτο
2945 2167 3263 2229 ποιούντων,
3295 2164 3486 2236 ὥσπερ
3518 2167 3694 2236 ἐπίτη-

2134 2254 2222 2318 δες
2275 2256 2516 2310 ἐκτεῖναι
2572 2254 2889 2325 βουλόμενοι
2929 2258 2989 2310 τὸ
3023 2259 3305 2328 κήρυγμα,
3341 2258 3436 2311 καὶ
3480 2257 3567 2312 διά
3597 2258 3707 2311 τῶν

2135 2345 2391 2416 διωγμῶν
2419 2347 2623 2416 μᾶλλον
2655 2347 3006 2412 αὐξάνεσθαι.

2723 2550 2972 2603 ΚΕΦΑΑ.
3013 2550 3141 2604 KA'.

2137 2637 2273 2704 Περὶ
2311 2636 2417 2691 τοῦ
2457 2639 2525 2691 ἐν
2551 2644 2847 2708 Λύστροις
2865 2639 2934 2692 ἐκ
2969 2639 3217 2709 γενετῆς
3260 2642 3459 2710 χωλοῦ
3490 2643 3702 2696 ἐαθέν-

2209 2745 2310 2795 τος
2339 2729 2436 2782 διὰ
2465 2729 2584 2783 τῶν
2615 2731 2996 2795 ἀποστόλων,
3023 2729 3230 2799 διόπερ
3275 2729 3433 2786 εἶναί
3485 2749 3548 2787 τε
3582 2733 3706 2788 θεοὶ

2209 2821 2308 2875 καὶ
2338 2821 2612 2891 παρεῖναι
2637 2822 2858 2888 ἔδοξαν
2891 2824 3014 2891 τοῖς
3042 2825 3369 2894 ἐγχωρίοις.

2726 2935 3088 2990 KEIMENON
3098 2977 3112 2990 .

2209 3029 2319 3082 Καί
2378 3046 2459 3091 τις
2518 3028 2656 3100 ἀνὴρ
2695 3031 2752 3081 ἐν
2778 3029 3044 3100 Λύστροις
3095 3029 3354 3094 ἀδύνατος
3383 3033 3496 3094 τὀῖς
3523 3031 3702 3096 ποσὶν,

460 3132 562 3181 Dus
589 3126 837 3189 sedebat,
861 3125 1088 3178 claudus
1109 3140 1174 3177 ex
1201 3133 1357 3176 utero
1381 3126 1571 3177 matris
1606 3139 1737 3188 suae,
1766 3121 1860 3190 qui
1893 3131 2033 3174 nun-

2139 3118 2396 3188 ἐκάθητο,
2435 3119 2605 3189 χωλὸς
2630 3121 2695 3172 ἐκ
2723 3120 2930 3182 κοιλίας
2988 3120 3194 3190 μητρὸς
3223 3120 3388 3175 αὑτοῦ
3421 3121 3704 3192 ὑπάρχων,

462 3230 626 3286 quam
657 3216 1054 3267 ambulaverat.
1084 3213 1186 3267 llic
1203 3213 1409 3266 audivit
1443 3213 1670 3266 Paulum
1703 3215 2033 3283 loquentem.

463 3306 567 3372 Qui
599 3306 831 3359 intuitus
863 3313 1079 3370 enm,et
1104 3303 1317 3369 videns,
1354 3306 1480 3373 quia
1517 3303 1674 3358 [idem
1707 3303 1949 3370 haberet,
1979 3313 2038 3359 ut

460 3398 662 3464 salvus
677 3397 852 3458 fieret,
881 3394 1018 3448 dixit
1049 3407 1240 3464 magna
1276 3409 1404 3448 voce
1440 3410 1454 3446 :
1484 3393 1658 3464 ﬁtirge
1689 3410 1853 3464 super
1869 3395 2035 3464 pedes
2073 3413 2076 3416 ’

462 3497 589 3540 tuos
623 3494 826 3541 rectus.
855 3483 1249 3540 Etexsilivitet
1274 3485 1605 3538 ambulabat.
1631 3483 1829 3539 Turbae
1854 3492 2034 3540 autem

459 3593 584 3634 cum
615 3577 880 3648 vidissent
917 3575 1062 3646 quod
1093 3575 1306 3630 fecerat
1335 3575 1556 3641 Paulus,
1594 3577 1910 3631 levaverunt
1932 3593 2032 3632 vo-

461 3686 579 3723 cem
610 3681 788 3733 suam,
849 3667 1155 3738 Lyeaonice
1185 3666 1471 3722 dicentes:
1509 3666 1594 3720 Dii
1647 3669 1853 3723 similes
1903 3666 2033 3722 facti

461 3759 773 3814 hominibus
811 3758 1211 3814 descenderunt
1241 3757 1306 3812 ad
1338 3773 1457 3812 nos.
1508 3758 1572 3810 Et
1607 3759 1874 3812 vocabant
1903 3756 2036 3812 Bar»

459 3851 657 3904 nabam
693 3847 904 3914 Jovem,
939 3849 1165 3904 Paulum
1188 3863 1316 3904 vero
1348 3848 1705 3914 Mercurium,
1774 3850 2032 3920 quoniam

461 3941 578 4010 ipse
619 3949 736 3994 erat
773 3940 883 3994 dux
917 3941 1089 3994 verbi.
1147 3939 1418 3994 Sacerdos
1466 3956 1685 4010 quoque
1733 3939 1907 3994 Jovis.
1938 3940 2031 4009 qui

460 4039 581 4083 erat
611 4041 737 4083 ante
766 4029 1070 4095 civitatem,
1103 4035 1292 4084 tauros
1325 4039 1378 4082 et
1410 4043 1645 4083 cor0nas
1673 4039 1798 4083 ante
1833 4028 2034 4096 januas

461 4118 716 4189 εκεῖ-ειη,
775 4133 900 4172 cum
966 4117 1183 4187 pupulis
1229 4118 1446 4171 volebat
1493 4119 1829 4172 sacrificare.
1877 4117 2034 4183 Quod

460 4208 554 4262 ubi
597 4209 887 4263 audierunt
941 4207 1196 4276 apostoli,
1253 4206 1530 4262 Barnabas
1559 4216 1614 4261 et
1646 4207 1864 4272 Paulus,
1905 4223 2035 4262 con-

459 4299 650 4353 Scissis
679 4299 884 4351 tunicis
916 4297 1032 4351 suis
1063 4295 1390 4351 exsilierunt
1413 4297 1467 4350 in
1496 4298 1708 4356 turbas.
1731 4298 2034 4353 clamantes

2136 3209 2194 3271 ὃς
2213 3208 2472 3262 οὐδέποτε
2495 3212 2986 3282 περιεπεπατήκει.
3005 3203 3175 3272 Οὗτος
3209 3211 3408 3282 ἡκουσε
3435 3212 3528 3265 τοῦ
3556 3212 3707 3266 Παύ-

2136 3300 2228 3352 λου
2295 3301 2602 3364 λαλοῦντος.
2655 3303 2750 3364 ’ος
2798 3302 3047 3367 ἀτενίσας
3099 3303 3266 3374 αὐτῷ,
3313 3305 3404 3358 καὶ
3458 3303 3578 3357 ίδὼν
3624 3305 3708 3357 ὅτι

2139 3393 2324 3446 πίστιν
2380 3394 2493 3463 ἔχει
2551 3393 2644 3447 τοῦ
2701 3394 2962 3465 σωθῆναι,
2997 3390 3118 3448 εἶπε
3179 3395 3387 3467 μεγάλῃ
3411 3399 3475 3466 τῇ
3512 3398 3705 3466 φωνῇ·

2137 3485 2224 3537 Σοὶ
2256 3485 2399 3553 λέγω
2423 3484 2503 3556 [ἐν
2532 3484 2611 3554 τῷ
2643 3486 2868 3554 ὀνόματι
2898 3485 2992 3539 τοῦ
3028 3487 3232 3558 Κυρίου
3274 3485 3472 3560 Ἰησοῦ]
3501 3527 3516 3553 ,
3572 3488 3701 3541 ἀνά-

2141 3577 2297 3646 στηθι
2362 3578 2454 3629 ἐπὶ
2507 3578 2634 3639 τοὺς
2689 3577 2856 3641 πόδας
2903 3594 2995 3632 σου
3050 3579 3227 3648 ὀρθός.
3260 3580 3367 3632 Καὶ
3393 3579 3582 3650 ἥλλετο
3610 3579 3711 3633 καὶ

2138 3665 2477 3734 περιεπάτει.
2513 3667 2575 3717 Οἱ
2603 3665 2659 3718 δὲ
2687 3665 2832 3735 ὄχλοι
2863 3665 3063 3729 ίδόντες
3083 3666 3110 3719 ὂ
3131 3667 3387 3736 ἐποίησεν
3417 3668 3445 3719 ὁ
3475 3664 3706 3728 Παῦλος,

2137 3757 2348 3825 ἐπῆραν
2377 3756 2475 3824 τὴν
2530 3755 2714 3827 φωνὴν
2751 3757 2929 3809 αὐτῶν
2966 3757 3294 3810 Λυκαονιστὶ
3321 3757 3601 3826 λέγοντες·
3637 3758 3702 3809 οι

2137 3849 2252 3902 θεοὶ
2276 3848 2637 3918 ὁμοιωθέντες
2665 3846 2970 3918 ἀνθρώποις
3005 3847 3318 3918 κατέϐησαν
3349 3849 3486 3919 πρὸς
3517 3847 3667 3916 ἡμᾶς
3688 3863 3705 3880 ο

2137 3940 2366 3994 ἐκάλουν
2395 3957 2454 3992 τε
2485 3940 2574 3992 τὸν
2607 3939 2705 4008 μὲν
2757 3939 3046 4010 Βαρνάϐαν
3095 3940 3214 4003 Δία,
3263 3939 3354 3992 τὸν
3397 3938 3456 3991 δὲ
3495 3937 3710 3992 Παῦλον

2147 4030 2378 4101 Ἐρμῆνο
2409 4030 2593 4100 ἐπειδὴ
2618 4030 2779 4093 αὐτὸς
2806 4026 2876 4100 ἦν
2895 4032 2923 4083 ὁ
2955 4030 3257 4100 ἡγούμενος
3292 4029 3394 4083 τοῦ
3423 4029 3604 4098 λόγου.
3648 4030 3708 4082 '0

2116 4120 2193 4174 ,δὲ
2223 4121 2402 4191 ίερεὺς
2458 4118 2552 4172 τοῦ
2586 4120 2729 4184 Διὸς,
2773 4118 2868 4172 τοῦ
2900 4119 3053 4182 ὄντος
3086 4119 3193 4188 πρὸ
3225 4119 3323 4188 τῆς
3363 4119 3569 4182 πόλεως
3600 4119 3710 4172 αὖ-

2134 4212 2263 4278 τῶν,
2294 4211 2529 4282 ταύρους
2559 4212 2653 4264 καὶ
2683 4210 2972 4280 στέμματα
2995 4212 3086 4263 ἐπὶ
3107 4211 3234 4274 τοὺς
3269 4210 3524 4273 πυλῶνας
3553 4210 3708 4278 ἐνέγ--

2136 4321 2258 4368 κας,
2295 4304 2391 4356 σὺν
2439 4306 2550 4365 τοῖς
2599 4302 2776 4371 ὄχλοις
2835 4302 2995 4371 ἠθελε
3041 4300 3211 4356 θύειν.
3259 4301 3616 4364 Ἀκούσαντες
3645 4300 3704 4354 δὲ

457 4395 513 4443 et
541 4387 785 4441 dicentes
809 4404 823 4442 :
858 4385 995 4449 Viri,
1021 4385 1152 4454 quid
1187 4385 1299 4439 haec
1318 4384 1537 4439 facitis?
1561 4383 1626 4437 Et
1648 4400 1747 4439 nos
1769 4387 2029 4441 mortales

2136 4399 2183 4449 οἱ
2206 4394 2494 4448 ἀπόστολοι
2550 4394 2838 4464 Βαρνάϐας
2879 4394 2971 4446 καὶ
3031 4392 3267 4458 Παῦλος,
3305 4393 3704 4464 διαρρήξαντες

462 4493 676 4543 sumus,
709 4477 918 4532 similes
941 4478 1096 4549 vobis
1125 4476 1398 4540 homines,
1443 4479 1832 4532 annuntiantes
1875 4477 2030 4532 vobis

461 4567 531 4621 ab
560 4569 644 4621 i’iis
675 4567 837 4621 vanis
867 4567 1113 4640 converti
1165 4566 1230 4620 ad
1284 4565 1452 4621 Deum
1511 4569 1716 4633 vivum,
1760 4569 1851 4638 qui
1905 4567 2033 4623 fecit

463 4656 658 4712 cmlum
688 4665 743 4712 et
772 4665 971 4711 terram
1001 4664 1055 4711 et
1077 4671 1228 4711 mare
1253 4666 1301 4712 et
1333 4659 1516 4712 omnia
1542 4674 1663 4728 quae
1685 4660 1738 4713 in
1767 4659 1847 4713 eis
1865 4669 2025 4712 sunt:

461 4752 556 4823 qui
586 4752 639 4806 in
658 4752 954 4821 praeteritis
982 4753 1426 4823 generationibus
1444 4753 1664 4809 demisit
1685 4768 1876 4808 omnes
1899 4769 2032 4822 gen-

465 4854 547 4898 tes
575 4841 782 4910 ingredi
816 4844 932 4896 vias
958 4857 1111 4898 suas.
1147 4843 1210 4896 Et
1242 4843 1462 4912 quidem
1493 4857 1604 4897 non
1636 4843 1757 4896 sine
1787 4843 2035 4898 testimo-

464 4935 555 4989 nio
610 4936 964 5003 semetipsum
1024 4933 1266 5004 reliquit.
1322 4932 1670 4995 benefaciens
1736 4933 1802 4988 de
1865 4935 2027 4999 cwlo,

462 5028 598 5082 dans
618 5027 829 5096 pluvias
856 5036 909 5080 et
937 5038 1179 5095 tempora
1215 5025 1518 5086 fructifera,
1563 5024 1793 5092 implens
1823 5025 1946 5079 cibo
1975 5033 2030 5079 et

464 5118 654 5174 laetitia
679 5117 846 5172 corda
878 5129 1089 5172 nostra.
1125 5115 1190 5168 Et
1224 5115 1337 5169 haec
1373 5114 1639 5176 dicentes,
1677 5113 1760 5167 vix
1800 5115 2029 5169 sedave-

462 5218 590 5266 runt
615 5211 824 5273 turbas,
855 5224 924 5263 ne
959 5208 1061 5262 sibi
1087 5206 1455 5260 immolarent.

2134 4482 2203 4535 τά
2236 4482 2432 4550 ἱμάτια
2479 4479 2681 4543 αὐτῶν,
2717 4479 3086 4550 εἰσεπήδησαν
3119 4482 3198 4542 είς
3240 4479 3333 4532 τὸν
3372 4479 3531 4548 ὄχλον
3566 4479 3705 4549 κρά-

2135 4573 2319 4633 ζοντες
2341 4571 2435 4623 καὶ
2460 4571 2729 4638 λέγοντες·
2763 4570 3011 4640 Ἀνδρες,
3041 4571 3094 4624 τί
3131 4569 3302 4623 ταῦτα
3329 4572 3564 4635 ποιεῖτες
3589 4570 3703 4622 Καὶ

2136 4664 2296 4732 ἡμεῖς
2313 4661 2664 4731 ὁμοιοπαθεῖς
2693 4663 2820 4731 ὑμῖν
2840 4661 3008 4730 ἐσμεν
3029 4657 3323 4730 ἄνθρωποι,
3355 4661 3705 4730 ιεύαγγελιζό⁶

2137 4769 2290 4823 μενοι
2320 4753 2464 4823 ὑμᾶς
2516 4753 2624 4808 άπὸ
2648 4756 2854 4807 τούτων
2896 4753 3006 4805 τῶν
3073 4752 3317 4823 ματαίων
3352 4753 3705 4821 ἐπιστρέφειν

2134 4845 2228 4897 ἐπὶ
2263 4844 2355 4897 τὸν
2388 4844 2521 4897 Θεὸν
2547 4845 2638 4898 τὸν
2694 4843 2890 4909 ζῶντα,
2932 4843 2990 4906 ὃς
3030 4842 3252 4912 ἐποίησε
3305 4843 3397 4895 τὸν
3447 4843 3701 4912 οὐρα-δὺν,

2137 4938 2232 4990 καὶ
2296 4937 2396 5006 τὴν
2461 4936 2586 5004 γῆν,
2622 4935 2714 4988 καὶ
2775 4935 2870 5005 τὴν
2898 4934 3194 4998 θάλασσαν,
3227 4935 3323 4988 καὶ
3350 4933 3529 4986 πάντα
3549 4933 3615 4986 τὰ
3647 4935 3706 4986 ἐν

2139 5027 2440 5090 αὐτοῖςοός
2491 5029 2548 5078 ἐν
2620 5027 2740 5089 ταῖς
2804 5025 3236 5094 παρῳχημέναις
3294 5026 3508 5091 γενεαῖς
3551 5023 3704 5075 εἴασε

2139 5119 2318 5172 πάντα
2343 5121 2410 5170 τά
2446 5117 2570 5185 ἔθνη
2601 5116 2929 5187 πορεύεσθαι
2964 5117 3083 5174 ταῖς
3112 5115 3252 5176 ὁδοῖς
3307 5114 3510 5168 αὐτῶν.
3565 5113 3704 5164 Καί-

2137 5226 2287 5276 τοιγε
2343 5209 2442 5260 ούκ
2491 5209 2806 5278 ἀμάρτυρον
2836 5207 3026 5259 ἑαυτὸν
3055 5206 3287 5275 ἀφῆκεν,
3333 5203 3702 5273 ἀγαθοποιῶν.

459 5303 750 5375 οὐρανόθεν
789 5265 918 5372 ημῖν
945 5299 1121 5360 διδοὺς
1145 5299 1332 5360 ὑετοὺς
1363 5301 1457 5353 καὶ
1483 5265 1711 5368 καιρούς
1736 5299 2144 5372 καρποφόρους,
2169 5265 2458 5372 ἐμνπιπλῶν
2493 5265 2697 5371 τροιρῆς
2717 5265 2730 5278 ⁹
2763 5303 2858 5354 καὶ
2915 5265 3282 5370 εὐφροσύνης
3311 5265 3409 5362 τάξ
3473 5297 3703 5366 καρδίας

459 5393 633 5460 ἡμῶν.
673 5391 784 5443 Καὶ
809 5387 982 5441 ταῦτα
1020 5385 1292 5453 λέγοντες,
1323 5385 1477 5455 μόλις
1505 5387 1854 5440 κατέπαυσαν
1887 5389 2016 5452 τοὺς
2053 5390 2246 5461 ὄχλους
2279 5391 2372 5443 τοῦ
2405 5392 2482 5461 μὴ
2510 5391 2659 5442 θύειν
2682 5390 2883 5452 αὐτοῖς.

940 5479 1511 5537 COMMENTARIUS.

536 5600 554 5629 ι
599 5577 906 5633 Conscissis
955 5576 1158 5630 tunicis
1187 5575 1322 5667 suis.
1355 5593 1373 5626 ι
1407 5573 1522 5630 Mos
1543 5583 1660 5628 erat
1685 5573 1908 5637 ludatis.
1945 5585 2024 5640 ut,

463 5684 586 5722 cum
611 5665 976 5736 blasphemiae
1000 5666 1055 5720 in
1081 5664 1260 5720 Deum'
1289 5665 1528 5736 prolatas
1555 5664 1827 5732 audirent,
1855 5674 2033 5722 vestes

2730 5485 3103 5538 EPMHNEIA.

2225 5573 2384 5636 Ἐθος
2453 5574 2601 5626 ἐστὶν
2677 5574 2950 5636 Ἰουδαίοις
3024 5576 3116 5627 ἐπὶ
3194 5578 3310 5638 ταῖς
3367 5573 3511 5627 κατὰ
3562 5570 3700 5625 Θεοῦ

2140 5664 2474 5737 δυσφημίαις
2581 5665 3014 5736 περιρρηγνύναι
3109 5667 3177 5720 τά
3276 5668 3484 5738 ἱμάτια.
3589 5667 3704 5720 Καὶ
