4058 6210
445 322 550 391 973

1110 324 1648 384 EXPOSITIONIS
1678 325 1760 384 ΙΝ
1794 326 1986 384 ACTA
2014 316 2313 384 TEX’I‘US
2350 323 2694 383 ALTER.“
2723 324 2879 384 CAP.
2918 320 3068 386 XIV.

3580 332 3686 394 974

445 439 600 504 γνοὺς
616 436 731 468 ²⁰⁶²¹
757 437 785 488 ὁ
804 437 1057 504 Καϊάφας
1070 436 1195 489 Υίὺν
1216 435 1512 489 ἐαυτὸντοῦ
1534 434 1668 489 Θεοῦ
1683 431 1907 504 λέγοντα
1926 434 2008 487 τὸν

2120 430 2564 487 conscinderent.
2595 432 2778 498 Quare
2815 437 2978 488 etiam
3010 436 3269 505 Caipbas,
3301 445 3361 492 ut
3421 440 3689 496 intellexit

443 528 699 597 Χριστὸν,
739 546 757 578 ι
787 528 1117 598 περιέρρηξε
1138 527 1238 597 τὴν
1264 527 1485 596 ἐσθῆτα,
1519 546 1537 579 ι
1557 526 1931 596 διακεηαγώς
1953 542 2012 578 τε

443 619 539 670 καὶ
564 639 581 668 ι
608 617 802 684 λέξων,
820 619 901 671 ὅτι
930 618 1365 688 Ἐδυσιρήμησε.ι
1390 619 1563 671 Τοῦτο
1590 619 1906 690 πεπράκασι
1921 619 2014 673 καὶ

440 709 489 758 οἱ
520 707 795 760 θεσπέσιοι
827 707 1066 779 μαθηταὶ
1090 708 1375 778 Βαρνάϐας
1398 710 1495 761 καὶ
1525 708 1737 772 Παῦλος
1758 708 2011 774 ἐνταῦθα,

443 794 554 847 θεοὶ
587 796 956 866 νομισθέντες,
988 799 1097 850 ἀπὸ
1126 798 1420 861 διαθέσεως
1462 799 1643 870 ψυχῆς
1670 799 2013 870 ἀποστρεφό-

446 904 597 956 μενοι
631 888 698 939 τά
734 888 1021 959 γενόμενα,
1080 891 1175 944 καὶ
1218 890 1448 954 πένθους
1473 890 1756 954 ποιοῦντες
1787 893 2010 961 σημεῖα.

444 978 646 1039 Πένθος
672 977 780 1047 γὰρ
806 975 875 1051 ἦν
912 980 1103 1047 ὅντως,
1136 982 1249 1050 εἴτε
1275 982 1502 1053 ἔμελλον
1530 982 1643 1035 θεοὶ¹
1668 982 2012 1054 νομίζεσθαι,

443 1070 538 1121 καὶ
603 1069 1048 1142 εἰδωλολατρείαν
1108 1075 1367 1143 εἰσάγειν,
1398 1076 1463 1145 ἢν
1494 1072 1660 1145 ἦλθον
1710 1074 2013 1129 καταλῦσαι

439 1161 533 1212 καὶ
557 1159 634 1221 εἰς
663 1160 815 1225 τέλος
855 1165 1135 1234 ἀφανίσαι.
1638 1232 1643 1234 _
1678 1174 1687 1179 ’

440 1245 741 1307 Λιθάζετάι
760 1232 1001 1321 Παῦλος
1010 1256 1163 1380 μετὲ
1185 1259 1229 1381 't’
1250 1255 1368 1399 ttin-
1382 1232 1823 1329 ἀστυγειτόνων
1837 1257 2014 1329 [Ἰου-

1151 1345 1188 1380 ιι
1215 1346 1297 1380 ων
1328 1368 1342 1380 .
1998 1362 2004 1369 -

1151 1345 1342 1380 ιιιωνι.
1998 1362 2004 1369 ·

1027 1416 1420 1472 ΚΕΙΜΕΝΟΝ.

519 1509 785 1581 Ἐπῆλθαν
827 1509 884 1563 δὲ
940 1509 1048 1562 ἀπὸ
1104 1504 1432 1579 Ἀντιοχείας
1484 1511 1576 1562 καὶ
1621 1508 1841 1562 Ἰκονίου
1881 1511 2010 1563 ’1ου-

435 1600 594 1667 δαῖοι,
634 1602 729 1655 καὶ
787 1602 1077 1665 πείσαντες
1130 1602 1258 1664 τοὺς
1306 1601 1519 1671 ὄχλους,
1552 1601 1647 1655 καὶ
1687 1600 2010 1665 λιθάσαντες

435 1694 527 1744 τὸν
556 1694 787 1759 Παῦλον,
813 1694 1006 1764 ἔσυρεν
1037 1694 1140 1760 ἔξω
1168 1693 1268 1763 τῆς
1297 1694 1527 1754 πόλεως,
1556 1693 1881 1760 νομίσαντες
1906 1693 2008 1744 αύ-

2119 522 2399 578 Christum
2428 538 2488 579 se
2513 522 2710 578 Filium
2731 524 2822 578 Dei
2847 524 3102 592 dicere“,
3134 544 3151 578 ι
3173 528 3336 583 scidit
3361 532 3682 587 vestimenta

2119 629 2243 681 sua,
2290 615 2607 671 exclamans
2653 624 2708 671 et
2755 603 2982 672 dicens:
3015 618 3437 687 Blaspbemavit.
3481 642 3501 675 ι
3540 622 3685 677 Idem
3733 648 3752 697 ‘-

2117 704 2365 761 Iecerunt
2388 706 2491 761 hoc
2508 708 2630 762 loco
2656 708 2822 762 etiam
2849 710 3021 763 sancti
3047 708 3322 780 discipuli,
3344 710 3618 769 Barnabas
3636 725 3691 769 et

2118 794 2342 865 Paulus,
2371 814 2494 853 eum
2535 799 2612 853 dii
2649 800 3118 867 existimarentur,
3166 811 3281 857 toto
3319 804 3485 861 corde
3534 822 3688 863 aver-
3732 843 3738 875 ς

2119 898 2303 946 santes
2354 906 2475 959 quae
2525 891 2728 946 ﬁebant
2777 899 2832 945 et
2885 892 3095 947 doloris
3145 895 3301 965 signa
3333 894 3580 961 edentes.
3625 899 3692 953 Et

2117 982 2338 1050 quidem
2369 983 2658 1054 lugendum
2680 992 2820 1047 erat.
2838 984 2883 1039 si
2905 983 2980 1038 dii
3011 999 3199 1040 revera
3222 987 3394 1055 putati
3421 987 3687 1045 fuissent:

2119 1072 2199 1129 sic
2242 1075 2388 1129 enim
2431 1074 2798 1130 idololatriam
2825 1091 2989 1146 quam
3036 1077 3339 1134 dissolvere
3387 1088 3440 1135 et
3474 1083 3690 1150 penitus

2118 1165 2444 1220 exscindere
2475 1174 2757 1231 venerant,
2794 1166 2899 1236 ipsi
2933 1166 3354 1223 induxissentet
3385 1171 3687 1227 auxissent.
3780 1228 3790 1236 ,

2187 1255 2353 1327 264
2380 1254 2680 1325 Lapidatur
2701 1257 2904 1311 Paulus
2938 1274 2972 1311 ιι
3007 1256 3215 1312 Judwis
3239 1258 3355 1312 urbi
3387 1261 3592 1315 vicinis.

2764 1415 3069 1476 TEXTUS.

2184 1502 2324 1573 XIV,
2357 1510 2540 1565 18—26.
2563 1509 3011 1580 Supervenerunt
3040 1523 3221 1569 autem
3249 1516 3471 1585 quidam
3488 1517 3692 1573 abAn-

2115 1601 2317 1656 liocbia
2338 1611 2391 1657 et
2411 1601 2592 1658 Iconio
2609 1601 2778 1659 Judaei
2800 1622 2815 1671 ;
2842 1607 3195 1675 etjpersuasis
3216 1607 3414 1675 turbis,
3448 1608 3692 1678 lapidan-

2114 1701 2302 1763 tesque
2321 1693 2568 1758 Paulum,
2586 1704 2872 1751 traxerunt
2886 1708 3038 1750 extra
3055 1696 3355 1763 civitatem,
3370 1700 3690 1754 existiman-

362 1774 367 1779 Α
434 1782 526 1836 τὸν
562 1784 836 1840 τεθνάναι.
875 1785 1287 1838 κυκλωσάντων
1317 1784 1376 1836 δὲ
1404 1782 1567 1836 αὑτὸν
1589 1782 1698 1834 τῶν
1722 1782 2005 1852 μαθητῶν,

2115 1794 2196 1840 tes
2218 1800 2340 1839 eum
2372 1794 2645 1839 mortuum
2683 1801 2827 1840 esse.
2851 1785 3336 1841 Circumdantibus
3363 1795 3543 1853 autem
3560 1802 3687 1844 eum

435 1876 674 1939 ἀναστὰς
738 1877 993 1948 εἰσῆλθεν
1025 1878 1107 1940 εἰς
1158 1878 1257 1946 τὴν
1295 1876 1469 1938 πόλιν,
1500 1875 1594 1928 καὶ
1623 1878 1689 1946 τῇ
1722 1874 2005 1945 ἐπαύριον,

1047 1962 1427 2022 EPMHNEIA.

518 2058 783 2111 Ἐνταῦθα
814 2058 1217 2129 πληροῦταιτδ,
1259 2077 1278 2111 ι
1303 2059 1490 2129 Ἀρκεῖ
1516 2075 1598 2111 σοι
1629 2059 1661 2128 ὴ
1695 2057 1855 2128 χάρις
1878 2074 2003 2130 μου.

448 2145 511 2200 'II
549 2148 657 2218 γὰρ
678 2147 908 2219 δύναμίς
941 2166 1044 2219 μου
1072 2150 1131 2203 ἐν
1163 2149 1420 2221 ἀσθενείᾳ
1442 2140 1745 2216 τελειοῦται
1769 2187 1783 2214 ,
1810 2166 1829 2200 ι
1870 2148 2008 2220 πρὸς

437 2239 600 2292 αὐτὸν
632 2240 782 2312 παρὰ
801 2240 936 2295 Θεοῦ
964 2243 1276 2314 εἰρημένον.

889 2332 969 2404 Τῇ
993 2340 1033 2385 ε’
1053 2334 1151 2403 τῆς
1175 2341 1215 2387 ε’
1236 2334 1552 2406 ἑϐδομάδος,

1024 2418 1295 2477 ΚΕΙΜΕΝ
1300 2422 1412 2478 ΟΝ.

514 2508 768 2580 Ἐξῆλθεν
800 2515 827 2565 6
856 2512 1191 2577 Παῦλο;,σὶ›ν
1226 2514 1301 2585 τῷ
1325 2514 1582 2587 Βαρνάϐᾳ
1614 2517 1693 2580 εἰς
1753 2512 1990 2591 Δέρϐην.

440 2596 941 2673 [εὐαγγελισάμενοί
971 2622 1029 2658 τε
1064 2610 1163 2676 τὴν
1214 2606 1369 2681 πόλιν
1422 2609 1660 2681 ἐκείνην,
1698 2613 1794 2664 καὶ
1830 2612 2010 2684 μαθη-

434 2687 727 2754 τεύσαντες
782 2693 1019 2760 ἱκανοὺς,
1079 2694 1425 2766 ὑπέστρεψαν
1482 2700 1563 2763 είς
1610 2702 1888 2777 Λύστραν,
1915 2706 2010 2759 καὶ

450 2778 689 2845 Ἰκόνιον,
718 2784 812 2835 καὶ
848 2785 1199 2854 Ἀντιόχειαν,
1231 2786 1674 2858 ἐπιστηρίζοντες
1699 2792 1797 2856 τὰς
1828 2792 2008 2864 ψυχὰς

436 2870 543 2922 τῶν
577 2872 856 2940 μαθητῶν,
891 2876 985 2927 καὶ
1031 2876 1480 2945 παρακαλοῦντες
1535 2881 1799 2950 ἐμμένειν
1817 2887 1883 2955 τῇ
1919 2887 2009 2938 πί-

440 2979 577 3028 στει,
609 2965 704 3016 καὶ
731 2964 813 3017 ὃτι
841 2965 930 3018 διά
955 2967 1166 3019 πολλῶν
1189 2967 1420 3038 θλίψεων
1445 2969 1526 3023 δεῖ
1568 2974 1718 3043 ἡμᾶς
1748 2975 2011 3029 εἰσελθεῖν

2112 1876 2421 1945 discipulis,
2459 1890 2695 1945 surgens
2713 1876 2936 1928 intravit
2955 1873 3253 1941 civitatem,
3272 1887 3326 1930 et
3342 1885 3557 1947 postera
3578 1879 3689 1942 die,

2596 1963 3182 2021 COMMENTARIUS.
3398 2017 3411 2029 ,

2184 2052 2444 2124 Impletur
2472 2053 2563 2109 hic
2604 2053 2740 2108 illud
2789 2069 2819 2107 a
2864 2054 3101 2110 Domino
3148 2052 3320 2110 Paulo
3341 2055 3548 2111 dictum
3590 2058 3635 2090 "
3671 2073 3687 2113 :

2117 2166 2135 2197 ι
2174 2145 2381 2201 Sullicit
2411 2144 2508 2200 tibi
2542 2146 2720 2216 gratia
2773 2160 2893 2200 mea
2932 2162 2946 2199 :
2980 2159 3107 2199 nam
3141 2144 3318 2204 virtus
3366 2146 3687 2205 inﬁrmitate

2112 2237 2248 2310 perii
2258 2237 2427 2292 citur.
2462 2255 2483 2288 ι

2463 2323 2621 2382 Feria
2650 2326 2683 2381 5
2709 2318 3067 2380 hebdomade!
3090 2325 3317 2396 quintae.

2748 2414 3052 2472 TEXTUS.

2139 2535 2142 2537 λ
2186 2507 2475 2567 Profectus
2507 2518 2591 2567 est
2630 2508 2877 2581 (Paulus)
2909 2524 3033 2564 cum
3060 2508 3311 2564 Barnaba
3354 2509 3410 2564 in
3445 2501 3682 2567 Derben.

2115 2604 2363 2674 Cumque
2389 2601 2859 2672 evangelizassent
2904 2600 3115 2656 civitati
3155 2601 3335 2671 illi,et
3364 2602 3685 2659 docuissent

2115 2698 2341 2763 multos,
2366 2694 2577 2750 reversi
2620 2702 2750 2749 sunt
2779 2691 3028 2765 Lystram
3054 2700 3108 2746 et
3135 2692 3376 2747 Iconium
3415 2704 3469 2749 et
3488 2694 3681 2750 Antio-

2113 2785 2315 2850 ehiam,
2351 2784 2736 2839 continuantes
2767 2783 2977 2836 animas
3021 2781 3437 2850 discipulorum,
3479 2783 3682 2839 exhoro

2121 2887 2409 2947 tantesque
2457 2882 2514 2929 ut
2539 2880 2923 2945 permanerent
2943 2872 2997 2926 in
3022 2870 3125 2926 Iide
3156 2889 3170 2926 :
3203 2880 3256 2926 et
3286 2873 3542 2942 quoniam
3587 2889 3685 2944 per

2117 2970 2314 3023 multas
2342 2947 2721 3021 tribulationes
2760 2971 2980 3033 oportet
3012 2977 3112 3017 nos
3137 2962 3341 3018 intrare
3370 2963 3424 3016 in
3455 2977 3681 3033 regnum

435 3053 518 3115 είς
557 3056 655 3123 τὴν
720 3055 997 3125 βασιλείαν
1049 3057 1145 3111 τοῦ
1191 3058 1348 3114 Θεοῦ.
1418 3042 1916 3134 Χειροτονήσαντες
1951 3069 2007 3121 δὲ

2116 3055 2234 3111 Dei.
2267 3053 2331 3109 Et
2364 3070 2487 3109 cum
2517 3052 2934 3107 constituissent
2967 3046 3076 3103 illis
3102 3064 3197 3118 per
3230 3042 3475 3118 singulas
3503 3042 3685 3105 eceIev

436 3141 620 3208 αὐτοῖς
655 3147 1065 3221 πρεσϐυτέρους
1114 3150 1235 3204 κατ’
1271 3152 1620 3223 Ἐκκλησίαν,
1650 3158 1741 3209 καὶ
1770 3174 2005 3226 προσευ-

436 3237 660 3307 ξάμενοι
679 3240 817 3309 μετά
839 3242 1120 3308 νηστειῶν,
1151 3243 1452 3312 παρέθεντο
1479 3244 1678 3310 αὐτοὺς
1696 3248 1773 3317 τῷ
1796 3248 2003 3319 Κυρίῳ,

436 3329 515 3389 είς
542 3326 602 3379 ὃν
631 3328 1110 3383 πεπιστεύκεισαν.
1142 3330 1252 3383 Καὶ
1284 3332 1584 3398 διελθόντες
1609 3336 1707 3405 τὴν
1738 3338 2005 3402 Πισιδίαν,

435 3411 598 3486 ἦλθον
625 3418 704 3481 είς
736 3420 1063 3489 Παμφυλίαν
1090 3436 1103 3450 ·
1137 3422 1230 3474 καὶ
1247 3422 1579 3494 λαλήσαντες
1617 3427 1676 3479 ὲν
1701 3425 1889 3500 Πέργῃ
1917 3430 2007 3483 τὸν

436 3507 617 3572 λόγον,
672 3508 985 3579 κατέδησαν
1044 3510 1123 3573 εἰς
1164 3510 1478 3568 Ἀττάλειαν
1532 3532 1547 3548 ο
1603 3518 1857 3573 κάκεῖθεν
1900 3522 2008 3574 άπ-

442 3597 709 3650 έπλευσαν
740 3601 820 3659 εἰς
858 3600 1207 3672 Ἀντιόχειαν,
1240 3603 1362 3657 ὅθεν
1394 3601 1532 3677 ἦσαν
1585 3608 2009 3681 παραδεδομένοι

438 3691 502 3757 τῇ
530 3689 714 3760 χάριτι
771 3692 866 3745 ⁸τοῦ
927 3693 1084 3761 Θεοῦ,
1142 3697 1224 3759 είς
1279 3697 1341 3750 τὸ
1407 3695 2006 3774 ἔργονόὲπλήρωσαν.

439 3783 877 3855 Παραγενόμενοι
901 3785 980 3850 δὲ,
1035 3787 1129 3842 καὶ
1178 3791 1585 3858 συναγαγόντες
1630 3796 1732 3863 τὴν
1772 3794 2011 3866 Ἐκκλη-

440 3873 582 3938 σίαν,
653 3875 985 3944 άνήγγειλαν
1032 3878 1134 3930 ὃσα
1164 3878 1422 3949 ἐποίησεν
1447 3879 1634 3945 αὐτοῖς
1667 3884 1696 3935 ό
1728 3883 1881 3950 Θεὸς,
1916 3890 2010 3941 καὶ

438 3962 519 4018 ὅτι
544 3966 717 4035 ἤνοιξε
743 3969 856 4029 τοῖς
891 3967 1067 4020 ἔθνεσι
1096 3967 1266 4038 θύραν
1294 3969 1548 4034 πίστεως.

1002 4057 1410 4124 ,ΕΡΜιιΝΕιΑ.

510 4151 605 4203 Διὰ
677 4150 723 4203 τί
772 4152 830 4204 ὲν
882 4150 1097 4221 Κύπρῳ
1148 4151 1268 4204 οὐδὲ
1312 4154 1372 4205 ἐν
1414 4153 1704 4228 Σαμαρείᾳ
1741 4157 2009 4230 ἐποίησαν

440 4242 847 4313 πρεσϐυτέρους
892 4246 942 4296 οί
995 4243 1308 4308 ἀπόστολοι,
1373 4246 1488 4299 ἀλλ’
1554 4249 1826 4317 ὲνταῦθα;
1885 4252 2009 4307 Ὀτι

445 4337 649 4390 ἐκεῖναι
672 4336 770 4405 μὲν
791 4337 958 4405 ἔγγὺς
978 4331 1118 4409 ἦσαν
1141 4337 1238 4408 τῆς
1254 4338 1318 4391 ἰε
1327 4339 1565 4410 ρουσαλὴ
1574 4359 1612 4410 μ
1628 4343 1843 4412 καὶ-τῶν
1872 4346 2009 4398 άπο-

2114 3148 2226 3204 sias
2274 3144 2648 3216 presbyteros,
2681 3154 2733 3196 et
2786 3149 3042 3196 erassent
3072 3154 3196 3194 cum
3224 3136 3682 3209 jejunationibus,

2113 3235 2636 3293 commendaverunt
2661 3247 2755 3285 eos
2788 3230 3017 3285 Domino
3041 3229 3281 3299 in:quem
3311 3216 3682 3287 crediderunt.

2112 3330 2595 3396 Transeuntesque
2659 3323 2943 3387 Pisidiam,
3009 3326 3280 3375 venerunt
3321 3321 3373 3375 in
3418 3313 3687 3394 Pamphy-

2113 3420 2240 3473 liam
2275 3432 2289 3469 :
2322 3422 2375 3472 et
2407 3417 2693 3485 loquentes
2735 3413 2958 3466 verbum
2993 3408 3209 3464 Domini
3252 3409 3304 3463 in
3338 3407 3528 3480 Perge,
3586 3410 3684 3467 de-

2116 3508 2450 3564 scenderunt
2480 3506 2535 3559 in
2567 3503 2827 3557 Attaliam
2862 3519 2875 3555 :
2911 3510 2964 3555 et
2987 3498 3113 3554 inde
3154 3499 3545 3570 navigaverunt
3575 3502 3686 3558 An-

2114 3596 2404 3658 tiochiam,
2450 3593 2597 3648 unde
2628 3601 2788 3647 erant
2828 3589 3015 3642 traditi
3069 3590 3256 3658 gratia:
3299 3590 3416 3658 Dei,
3448 3592 3503 3646 in
3547 3607 3686 3663 opus

2113 3687 2260 3760 quod
2301 3686 2733 3763 compleverunt.
2764 3681 2899 3736 Cum
2952 3687 3133 3733 autem
3163 3674 3441 3737 venissuit
3472 3690 3525 3738 et
3551 3700 3681 3739 con.
3788 3670 3793 3675 ”

2113 3785 2436 3853 gregassent
2485 3772 2807 3838 Ecclesiam,
2853 3770 3157 3826 retulerunt
3204 3782 3406 3838 quanta
3466 3768 3682 3830 fecisset

2116 3872 2259 3928 Deus
2287 3884 2411 3928 eum
2452 3869 2582 3935 illis,
2621 3876 2676 3921 et
2708 3862 2834 3937 quia
2866 3860 3174 3934 aperuisset
3199 3855 3456 3933 gentibus
3474 3867 3676 3921 ostium

2115 3964 2265 4020 fidei.
2684 4000 2685 4003 η

2548 4072 2554 4077 ·
2604 4042 3176 4109 COMMENTARIUS.

2184 4149 2369 4216 Quare
2403 4145 2637 4218 apostoli
2678 4160 2855 4215 neque
2884 4143 2940 4197 in
2970 4141 3171 4213 Cypro,
3205 4155 3381 4211 neque
3408 4140 3466 4195 in
3492 4140 3685 4196 Sama-

2111 4243 2192 4298 ria
2224 4241 2628 4297 constituerunt
2663 4234 3033 4308 presbyteros,
3065 4233 3523 4305 quemadmodum
3582 4234 3688 4291 hoc

2114 4336 2167 4389 in
2192 4331 2349 4390 loco?
2370 4329 2638 4397 Quoniam
2679 4325 2784 4382 illa:
2811 4325 3030 4396 quidem
3059 4325 3312 4395 regiones
3363 4316 3505 4380 haud
3542 4326 3684 4379 ιιιιιι-

444 4426 647 4481 στόλων
671 4445 685 4459 ·
720 4429 813 4481 καὶ
835 4431 893 4482 ὲν
922 4431 1058 4499 αὐτῇ
1090 4430 1145 4482 δὲ
1175 4433 1239 4502 τῇ
1259 4431 1561 4503 Ἀντιοχείᾳ
1587 4433 1616 4485 6
1644 4410 1803 4502 λόχος
1835 4436 2005 4507 ἐκρά-

2118 4432 2231 4479 tum
2262 4422 2538 4478 distabant
2568 4419 2637 4473 ab
2664 4414 2964 4471 Jerusalem
2993 4425 3047 4471 et
3072 4414 3138 4470 ab
3159 4410 3423 4487 apostolis
3450 4433 3466 4473 :
3490 4416 3683 4470 Antio-

441 4531 546 4569 τει.
603 4516 869 4571 Ἐνταῦθα
893 4517 950 4569 δὲ
980 4519 1180 4590 πολλῆς
1226 4520 1438 4575 ἐδέοντο
1493 4524 1872 4595 παραμυθίας,
1902 4527 2008 4597 μά-

441 4604 602 4658 λιστα
633 4603 682 4656 οί
718 4604 777 4668 ἐξ
827 4605 997 4658 ὲθνῶν
1046 4608 1357 4676 ὀφείλοντες
1409 4610 1582 4665 πολλὰ
1632 4612 2009 4673 διδάσκεσθαι.

440 4698 784 4767 Σημειωτὲον
811 4697 888 4761 δὲ,
924 4698 1007 4750 ὅτι
1067 4700 1116 4751 oi
1160 4700 1291 4770 περὶ
1334 4701 1546 4756 Παῦλον
1592 4706 1687 4758 καὶ
1721 4707 2010 4778 Βαρνάϐαν

439 4789 753 4842 ἐπισκόπων
788 4784 939 4861 εἶχον
969 4789 1146 4855 ἀξίαν,
1176 4789 1235 4856 ἐξ
1265 4784 1339 4846 ὧν
1399 4796 1770 4865 ἐχειροτόνουν
1816 4800 1877 4853 ού
1912 4802 2010 4872 μό-

440 4893 528 4930 νον
558 4880 856 4947 διακόνους,
893 4882 1030 4935 άλλά
1055 4884 1148 4935 καὶ
1183 4886 1608 4959 πρεσϐυτέρους,
1642 4890 1734 4943 καὶ
1754 4893 1834 4945 ὅτι
1865 4894 2001 4963 μετὰ

441 4968 702 5035 νηστειῶν
757 4972 848 5023 καὶ
898 4972 1074 5042 εὐχῶν
1114 4973 1332 5028 ἐποίουν
1358 4976 1408 5028 οί
1434 4977 1677 5048 μαθηταὶ
1704 4981 1799 5044 τὰς
1826 5000 2006 5054 χειρο·

443 5057 643 5118 τονίας.
707 5061 1018 5131 Σημείωσαι
1044 5064 1101 5117 δὲ
1135 5068 1233 5120 καὶ
1274 5067 1463 5136 τοῦτο,
1514 5072 1596 5125 ὅτι
1655 5075 1735 5137 είς
1765 5076 2007 5147 Μίλητον

441 5149 926 5222 ἐχειροτονήθησαν
974 5155 1025 5207 oi
1089 5159 1218 5228 περὶ
1285 5159 1570 5232 Βαρνάϐαν
1621 5167 1712 5218 καὶ
1771 5169 2004 5228 Παῦλον.

446 5240 610 5292 Ἀλλο
633 5241 691 5294 δὲ
718 5244 1049 5315 ἀντίγραφον
1112 5245 1291 5320 εὗρον,
1325 5254 1449 5323 ἔχον
1475 5257 1595 5311 ἀντὶ
1627 5259 1893 5330 Μιλήτου,
1926 5265 2005 5327 είς

457 5334 807 5406 Ἀντιόχειαν,
838 5336 867 5389 δ
899 5341 992 5392 καὶ
1016 5341 1434 5416 πειθανώτερον.

517 5533 562 5565 ⁸⁸
587 5530 779 5586 Matth.
807 5546 954 5598 nm,
996 5531 1086 5588 65.
1163 5534 1209 5567 "
1248 5535 1289 5591 Il
1322 5536 1426 5595 Cor
1479 5555 1579 5609 ῐιι,
1614 5541 1668 5598 9.

2111 4519 2249 4576 cbia:
2278 4525 2459 4571 autem
2501 4512 2731 4568 verbum
2775 4508 2872 4565 Dei
2906 4509 3045 4563 altas
3091 4503 3202 4579 jam
3237 4504 3451 4564 radices
3476 4516 3684 4580 egerat.

2110 4616 2210 4673 Hic
2236 4630 2366 4671 vero
2395 4610 2567 4666 multo
2605 4624 2745 4678 opus
2804 4605 3078 4661 habebant
3116 4603 3338 4667 solatio,
3386 4594 3683 4673 praesertim

2111 4708 2205 4779 qui
2236 4714 2476 4763 erantex
2520 4700 2797 4772 gentibus,
2843 4708 3029 4767 utpote
3059 4697 3151 4766 qui
3179 4688 3349 4749 multa
3376 4695 3555 4749 adhuc
3585 4696 3683 4749 ad-

2114 4800 2326 4854 discere
2385 4792 2675 4849 debebant.
2729 4787 3115 4843 Adnolandum
3178 4800 3305 4841 vero
3346 4784 3573 4841 Paulum
3629 4794 3685 4841 et

2114 4888 2416 4944 Barnabam
2449 4883 2609 4955 265
2642 4880 3005 4951 episcopalem
3041 4872 3359 4950 dignitatem
3400 4877 3681 4941 habuisse,

2109 4975 2575 5051 (quandoquidem
2602 4981 2657 5027 et
2686 4971 2948 5025 diaconos
2980 4978 3035 5024 et
3066 4968 3413 5040 presbyteros
3458 4967 3652 5022 ordina
3694 5029 3697 5035 η

2110 5071 2261 5137 bant)
2288 5084 2353 5123 ac
2373 5066 2579 5121 Citriin
2611 5064 2911 5134 discipulos
2962 5076 3087 5115 cum
3117 5059 3346 5128 ieiuniis
3387 5065 3443 5112 et
3473 5057 3681 5111 oratio-

2111 5160 2275 5215 nibus
2299 5152 2676 5211 ordinatiOnes
2709 5150 2925 5207 fecisse.
2953 5145 3197 5204 ObServa
3251 5147 3414 5200 etiam
3451 5141 3681 5196 Paulum

2112 5260 2166 5304 et
2200 5246 2507 5299 Barnabam
2536 5243 2591 5296 in
2630 5242 2763 5295 urbe
2812 5238 2994 5293 Mileto
3023 5236 3305 5291 ordinatos
3354 5229 3544 5285 fuisse.
3575 5228 3680 5283 Sed

2116 5356 2216 5410 ego
2244 5336 2521 5407 exemplar
2550 5332 2818 5405 quoddam
2867 5330 3072 5392 inveni,
3127 5326 3183 5378 in
3217 5337 3325 5393 quo
3353 5336 3453 5391 pro
3499 5318 3681 5373 Mileto

2115 5432 2421 5487 habebatur
2447 5427 2750 5482 Antiochiae
2776 5443 2790 5479 :
2819 5421 2965 5494 quod
2995 5420 3157 5475 etiam
3192 5423 3274 5472 est
3305 5410 3678 5470 verisimilius.

1634 5629 2167 5716 Varieeﬂlecliones
2207 5634 2269 5689 et
2308 5635 2500 5689 noue.

517 5724 635 5756 ¹⁰·³¹
671 5720 823 5794 γοῦν.
898 5724 943 5806 ’.³
973 5722 1148 5795 παρά.
