4058 6210
371 382 479 446 979
1322 370 1899 437 THEOPHYLACTI
1931 368 2335 430 BULGARHE
2369 363 2721 427 ARCHIEI’.
3228 385 3232 390 ·
3493 358 3599 423 980

364 490 495 547 ἔθευ
530 491 759 549 Christi.
784 462 1076 563 Sapienter
1102 499 1279 547 autem
1312 506 1377 548 ex
1430 490 1588 546 novis
1639 487 1942 544 veteribus-

2049 483 2257 554 Κυρίου
2308 482 2465 552 ήμῶν
2499 479 2671 550 Ἰησοῦ
2721 475 2981 545 Χριστοῦ.
3038 471 3283 537 Συνετῶς
3317 468 3375 526 δὲ
3404 472 3511 526 ἀπό
3547 490 3608 525 τε

370 600 477 650 que
535 580 816 656 prophetis
869 596 982 638 rem
1016 583 1350 651 propositam
1383 579 1672 635 confirmat
1708 596 1722 631 :
1760 591 1937 646 neque

2045 575 2199 639 νέων,
2256 574 2367 627 ἀπό
2395 590 2454 625 τε
2485 572 2594 625 τῶν
2639 570 2888 625 παλαιῶν
2951 567 3257 639 βεϐαιοῦται
3314 564 3611 636 προφητῶν

369 677 515 731 enim
557 681 765 745 poterat
796 673 939 743 quod
987 673 1277 737 sentiebat,
1322 672 1464 726 farto
1496 671 1680 741 aliquo
1708 670 1936 744 demon-

372 774 570 827 strare,
601 764 1059 832 quemadmodum
1091 763 1286 820 Petrus
1314 773 1369 819 et
1412 762 1609 818 Paulus
1636 762 1751 831 jam
1799 760 1939 815 fece—

372 863 515 911 rant.
543 854 709 910 Recte
747 864 927 910 autem
966 856 1287 926 dispositum
1315 855 1435 919 fuit,
1457 863 1518 909 ut
1546 869 1640 924 per
1672 853 1791 907 illos
1824 851 1940 907 haec

376 947 588 1011 fierent,
620 947 711 1017 qui
757 945 1116 1019 Jerosolymis
1145 942 1288 1002 haud
1325 946 1419 1002 diu
1448 944 1711 1001 moraturi
1738 951 1936 998 erant:

374 1056 440 1096 ue
476 1039 566 1111 qui
609 1040 744 1094 istos
770 1039 1015 1106 doceret,
1050 1038 1221 1109 culpa:
1252 1040 1414 1094 alicui
1454 1038 1728 1093 videretur
1773 1035 1942 1089 obnoc

372 1129 520 1196 xius,
551 1142 615 1183 ac
642 1144 708 1188 ne
735 1131 1003 1187 sententia
1030 1129 1417 1185 dividerentur.

1027 1218 1325 1274 TEXTUS.

442 1306 559 1374 XV,
592 1308 772 1363 lli-54.
798 1308 927 1365 Post
956 1310 1072 1365 hcce
1103 1320 1367 1371 revertar,
1408 1319 1460 1365 et
1491 1309 1830 1364 rezediﬁcabo
1858 1317 1945 1363 ta-

374 1401 728 1459 bernaculum
760 1400 952 1467 David,
983 1402 1125 1471 quod
1157 1404 1379 1465 decidit,
1408 1412 1461 1458 et
1494 1403 1675 1458 diruta
1705 1404 1825 1470 ejus
1852 1419 1938 1456 re-

374 1489 672 1556 mdiﬁeabo,
698 1501 749 1546 ct
768 1493 968 1561 erigam
992 1493 1151 1546 illud:
1178 1502 1233 1547 ut
1256 1493 1541 1560 requirant
1569 1493 1752 1546 caeteri
1774 1491 1945 1545 homi-

375 1596 504 1637 num
538 1579 919 1645 Dominum,ct
935 1598 1124 1639 omnes
1147 1593 1354 1652 gentes,
1387 1598 1551 1653 super
1566 1598 1706 1652 quas
1729 1584 1947 1636 invoca-

376 1679 490 1729 tum
520 1678 600 1729 est
618 1686 812 1726 nomen
849 1687 1047 1734 meum,
1084 1673 1217 1726 dicit
1246 1672 1503 1727 Dominus
1527 1713 1541 1734 ,
1574 1671 1781 1725 faciens
1809 1671 1943 1724 haec.

374 1757 570 1815 Notum
589 1776 618 1813 a
640 1762 839 1816 saeculo
862 1761 1183 1816 estDomino
1200 1776 1338 1830 OptlS
1360 1777 1540 1817 suum.
1563 1761 1787 1830 Pr0pter
1804 1761 1946 1829 quod

1976 658 1981 665 ’
2042 669 2132 721 τὸν
2158 666 2336 733 λόγον.
2371 664 2446 717 Οὐ
2479 664 2588 733 γάρ
2621 660 2734 731 εἶχέ
2762 679 2815 713 τι
2844 662 3072 729 πρᾶγμα
3125 657 3317 723 δεῖξαι,
3355 654 3609 724 καθάπερ

2047 760 2250 829 Πέτρος
2287 758 2352 826 δή
2386 758 2479 810 καὶ
2534 754 2771 816 Παῦλος.
2832 751 3028 814 Καλῶς
3059 750 3115 803 δὲ
3145 749 3511 817 οἰκονομεῖται
3540 746 3608 800 δι’

2044 851 2270 904 ἐκείνων
2294 847 2466 900 ταῦτα
2479 845 2755 915 γενέσθαι,
2775 843 2884 895 τῶν
2908 842 2967 895 οὐ
3007 840 3308 910 μελλόντων
3340 836 3610 909 χρονίζειν

2044 944 2154 1005 τοῖς
2198 939 2587 1012 Ἱεροσολύμοις
2616 949 2634 968 ⁹
2674 936 2832 989 τοῦτο
2853 935 2931 1000 δέ,
2961 932 3148 1007 [ὥστε]
3171 932 3260 985 τὸν
3288 932 3607 985 διδάσκοντα

2044 1032 2242 1093 αὐτοὺς
2274 1028 2348 1100 μὴ
2378 1025 2515 1082 εἶναι
2570 1026 2889 1090 ὑπεύθυνον,
2945 1025 3081 1096 μηδέ
3146 1024 3253 1095 μὴν
3280 1022 3609 1093 ἀπεσχίσθαι

2043 1122 2143 1192 τῆς
2176 1121 2421 1193 γνώμηςο

2628 1210 3014 1267 KEIMENON.

2116 1308 2275 1363 Μετὰ
2328 1308 2502 1361 ταῦτα
2550 1305 2874 1376 ἀναστρέψω
2932 1304 3027 1357 καὶ
3071 1300 3476 1370 ἀνοικοδομήσω
3512 1298 3614 1367 τὴν

2049 1403 2251 1474 σκηνὴν
2308 1401 2470 1456 Δαεὶδ
2503 1400 2599 1471 τὴν
2635 1402 3008 1460 πεπτωκυῖαν,
3065 1398 3160 1450 καὶ
3191 1396 3257 1448 τά
3295 1410 3613 1460 κατεσκαμ-

2052 1495 2191 1563 μένα
2251 1493 2421 1561 αὐτῆς
2471 1491 2900 1559 ἀνοικοδομήσω,
2948 1489 3045 1542 καὶ
3073 1485 3365 1556 ἀνορθώσω
3396 1484 3566 1551 αὐτήν
3592 1499 3608 1513 ο

2048 1587 2194 1646 ὅπως
2225 1584 2291 1638 ἂν
2329 1583 2704 1652 ἐκζητήσωσιν
2732 1583 2783 1635 οἱ
2823 1580 3142 1634 κατάλοιποι
3174 1577 3279 1630 τῶν
3307 1573 3613 1645 ἀνθρώπων

2048 1674 2140 1726 τὸν
2174 1672 2399 1741 Κύριον,
2428 1671 2522 1724 καὶ
2564 1671 2740 1724 πάντα
2770 1668 2838 1722 τά
2868 1669 2996 1738 ἔθνη
3024 1668 3108 1736 ἐφ’
3131 1667 3226 1730 οὓς
3255 1664 3612 1733 ἐπικέκληται

2051 1764 2111 1817 τὸ
2132 1763 2302 1832 ὄνομά
2338 1779 2437 1831 μου
2483 1761 2570 1814 ἐπ’
2620 1762 2837 1822 αὐτοὺς,
2893 1760 3041 1826 λέγει
3100 1759 3325 1830 Κύριος,
3374 1760 3403 1810 ό
3440 1755 3612 1808 ποιῶν

374 1867 478 1922 ego
514 1853 723 1926 judico,
777 1868 885 1907 non
934 1852 1223 1920 inquietari
1258 1868 1376 1913 eos,
1438 1855 1528 1921 qui
1579 1869 1645 1907 ex
1694 1854 1946 1924 gentibus

2050 1853 2222 1908 ταῦτα
2247 1856 2446 1906 πάντα.
2473 1852 2694 1904 Γνωστά
2727 1852 2821 1904 ἀπ’
2845 1852 3037 1911 αἰῶνός
3067 1852 3180 1903 ἐστι
3204 1850 3280 1919 τῷ
3297 1848 3413 1918 Θεῷ
3436 1848 3612 1901 πάντα

374 1953 774 2000 convertuntur
803 1941 869 1996 ad
908 1941 1098 2007 Deum,
1126 1943 1220 1997 sed
1251 1942 1490 1997 scribere
1517 1942 1583 1996 ad
1607 1958 1702 1998 cos
1730 1955 1785 1997 ut
1818 1944 1944 1997 abs—

377 2036 591 2091 tineant
647 2050 707 2089 se
742 2049 772 2088 a
815 2033 1378 2089 contaminalionihus
1408 2034 1851 2100 simulacrorum,
1891 2042 1946 2091 et

376 2124 759 2191 fornicatione,
811 2133 868 2181 et
911 2124 1214 2188 suﬂ'ocatis,
1276 2133 1331 2178 et
1388 2126 1672 2194 sanguine.
1733 2124 1947 2196 Moyses

373 2214 520 2274 enim
547 2228 577 2268 a
605 2215 943 2283 temporibus
975 2216 1215 2284 antiquis
1241 2214 1406 2269 habet
1437 2214 1603 2285 268
1634 2216 1687 2269 in
1717 2216 1946 2283 singulis

377 2307 691 2362 civitatibus
719 2307 809 2376 qui
840 2322 963 2362 eum
998 2308 1289 2377 praedicent
1316 2307 1370 2360 in
1402 2307 1711 2377 synagogis,
1740 2304 1828 2359 ubi
1853 2321 1947 2375 per

379 2412 541 2454 omne
575 2396 873 2453 Sabbatum
926 2398 1144 2472 legitur.
1183 2397 1337 2452 Tune
1378 2398 1581 2468 placuit
1609 2398 1867 2466 apostolis
1896 2408 1949 2452 et

378 2488 689 2549 senioribus
724 2505 847 2543 cum
889 2490 1036 2544 omni
1073 2487 1315 2543 Ecclesia
1345 2488 1545 2558 eligere
1576 2489 1720 2542 viros
1754 2504 1817 2542 cx
1844 2488 1946 2551 eis,

377 2587 431 2630 et
459 2579 674 2635 mittere
702 2578 1048 2632 Antiochiam
1083 2592 1203 2631 cmn
1238 2575 1433 2641 Paulo,
1465 2586 1521 2631 et
1555 2577 1819 2638 Barnaba,
1849 2575 1947 2630 Ju-

375 2668 501 2739 dam
536 2669 629 2743 qui
657 2669 1146 2739 cognominabatur
1166 2667 1462 2732 Barsabas,
1485 2677 1541 2723 et
1573 2669 1764 2731 Silam,
1800 2669 1947 2722 viros

270 2773 283 2793 κ
377 2760 593 2835 primos
617 2759 668 2813 in
713 2758 994 2823 fratribus,
1025 2760 1327 2814 scribentes
1358 2774 1452 2828 per
1478 2774 1672 2812 manus
1702 2774 1889 2811 eorum
1928 2771 1944 2808 :

378 2853 624 2921 Apostoli
646 2863 700 2910 et
731 2854 972 2909 seniores
996 2852 1215 2919 fratres,
1237 2853 1321 2907 his
1355 2852 1445 2922 qui
1470 2848 1597 2907 Sunt
1619 2850 1940 2913 Antiochiae,

375 2952 429 2997 et
452 2942 642 3015 Syriae,
675 2954 728 3001 et
755 2945 975 3010 Clliciaa,
1012 2943 1274 2999 fratribus
1306 2959 1368 2999 ex
1388 2943 1658 3016 gentibus,
1695 2942 1947 2996 salutem.

376 3032 646 3098 Quoniam
681 3035 1009 3100 audivimus,
1039 3035 1167 3105 quia
1206 3035 1424 3104 quidem
1460 3048 1525 3088 ex
1559 3032 1716 3087 nobis
1743 3047 1950 3086 exeuno

374 3134 460 3181 tes
493 3126 851 3179 turbaverunt
885 3142 981 3180 vos
1021 3126 1220 3189 verbis,
1269 3133 1573 3179 evertentes
1610 3124 1821 3176 animas
1859 3138 1950 3178 ve-

377 3224 543 3282 stras,
573 3214 774 3285 quibus
803 3230 912 3269 non
938 3185 1318 3269 mandavimus
1343 3234 1357 3269 :
1400 3214 1606 3283 placuit
1636 3214 1794 3268 nobis
1833 3215 1947 3276 col-
1973 3185 2018 3246 ο

376 3307 533 3363 lectis
557 3306 613 3360 in
642 3320 808 3360 unum
832 3306 1034 3374 eligere
1058 3306 1222 3366 viros,
1246 3313 1300 3359 et
1332 3304 1549 3358 mittere
1581 3302 1648 3357 ad
1683 3319 1799 3365 vos.
1821 3319 1943 3359 cum

376 3395 717 3452 cbarissimis
773 3394 977 3450 nostris
1006 3393 1247 3448 Barnaba
1280 3404 1334 3448 et
1389 3393 1579 3457 Paulo,
1633 3393 1946 3469 hominibus

375 3485 472 3554 qui
524 3484 867 3540 tradiderunt
911 3484 1124 3537 animas
1159 3497 1289 3538 suas
1324 3498 1424 3554 pro
1475 3483 1695 3538 nomine
1735 3484 1943 3539 Domini

379 3575 554 3631 nostri
581 3574 709 3630 Iesu
747 3574 975 3630 Christi.
1013 3573 1258 3631 Misimus
1287 3589 1417 3646 ergo
1444 3573 1640 3630 Iudam
1670 3585 1723 3630 et
1753 3575 1942 3641 Silam,

350 3666 471 3737 qui
498 3674 551 3720 et
582 3666 684 3736 ipsi
716 3666 868 3720 vobis
900 3667 1075 3720 verbis
1125 3665 1362 3720 referant
1388 3666 1600 3722 eadem.
1629 3663 1819 3721 Visum
1861 3678 1945 3722 est
1984 3724 1989 3727 _

378 3759 525 3813 enim
552 3758 781 3828 Spiritui
814 3767 1006 3814 sancto
1035 3767 1087 3813 et
1112 3758 1293 3823 nobis,
1327 3759 1461 3813 nihil
1497 3759 1637 3813 ultra
1665 3758 1944 3828 imponere

374 3852 532 3907 vobis
565 3851 769 3915 oneris,
801 3865 963 3919 quam
991 3850 1104 3903 haec
1131 3850 1440 3904 necessaria
1473 3866 1489 3906 :
1522 3858 1579 3904 ut
1608 3850 1938 3904 abstineatis

372 3959 473 3998 vos
523 3942 593 3996 ab
642 3942 951 3996 immolatis'
981 3941 1420 4005 simulacrorum,
1476 3948 1529 3995 et
1565 3941 1852 4011 sanguine,
1888 3948 1943 3993 et

373 4033 657 4098 sulfocato,
705 4041 761 4087 et
814 4031 1196 4095 fornicatione,
1248 4045 1278 4085 a
1323 4031 1525 4101 quibus
1562 4017 1940 4086 custodientes

364 4128 473 4180 'vos
517 4126 658 4180 bene
697 4124 889 4194 agetis.
919 4121 1125 4179 Valete.
1166 4123 1246 4177 llli
1290 4137 1422 4192 ergo
1449 4123 1684 4184 dimissi,
1713 4123 1941 4179 descen-

371 4217 572 4272 derunt
631 4215 973 4270 Antiochiam
1077 4223 1133 4268 et
1215 4222 1543 4284 congregata
1593 4213 1941 4268 multitudine

371 4307 717 4362 tradiderunt
743 4305 1049 4375 epistolam.
1079 4303 1249 4369 Quam
1269 4318 1393 4358 eum
1434 4304 1710 4373 legissent,
1768 4304 1939 4376 gavisi

374 4406 506 4453 sunt
537 4412 703 4467 super
740 4395 1136 4451 consolatione.
1181 4392 1352 4449 ludas
1385 4404 1563 4449 autem
1594 4403 1648 4449 et
1677 4394 1852 4461 Silas,
1885 4402 1940 4449 et

2048 1946 2114 1998 τά
2138 1944 2272 2013 ἔργα
2298 1942 2483 1997 αὑτοῦ.
2519 1943 2607 1995 Διὸ
2630 1941 2745 2013 ἐγὼ
2763 1943 2952 2013 κρὶνω,
2994 1943 3069 2013 μὴ
3100 1941 3453 2011 παρενοχλεῖν
3496 1941 3610 1999 τοῖς

2047 2034 2153 2088 ἀπὸ
2201 2033 2308 2086 τῶν
2352 2031 2522 2086 ἐθνῶν
2572 2032 2991 2103 ἐπιστρέφουσιν
3033 2034 3127 2084 ἐπὶ
3179 2032 3270 2084 τὸν
3304 2030 3458 2093 Θεὸν,
3490 2027 3611 2082 ἀλλ’

2046 2125 2345 2178 ἐπιστεῖλαι
2384 2125 2563 2186 αὐτοῖς
2599 2123 2693 2176 τοῦ
2749 2122 3048 2193 ἀπέχεσθαι
3099 2123 3301 2183 αὐτοὺς
3360 2120 3470 2174 ἀπὸ
3501 2119 3613 2172 τῶν

2048 2217 2435 2289 ἀλισγημάτων
2495 2219 2606 2271 τῶν
2659 2216 2913 2279 εἰδώλων,
2957 2218 3175 2287 καὶτῆς
3204 2217 3483 2287 πορνείας,
3518 2213 3612 2268 καὶ

2046 2307 2142 2361 τοῦ
2177 2308 2424 2374 πνικτοῦ,
2447 2306 2670 2363 καὶτοῦ
2700 2310 2954 2377 αἵματος.
3010 2307 3263 2376 Μωῦσῆς
3290 2306 3402 2377 γάρ
3425 2307 3492 2358 ἐκ
3516 2322 3613 2373 γει

2046 2398 2153 2451 νῶν
2177 2398 2438 2468 ἀρχαίων,
2471 2400 2612 2452 κατὰ
2654 2399 2809 2452 πόλιν
2850 2397 2977 2460 τοὺς
3032 2396 3407 2467 κηρύσσοντας
3451 2393 3619 2447 αὑτὸν

2048 2486 2157 2558 ἔχει
2180 2488 2237 2539 ἐν
2262 2490 2381 2550 ταῖς
2404 2488 2769 2555 συναγωγαῖςῖ
2800 2488 2940 2541 κατὰ
2967 2488 3074 2539 πᾶν
3109 2485 3388 2540 Σάϐϐατον
3416 2487 3612 2550 ἀναγι-

2049 2579 2413 2647 νωσκόμενος.
2461 2578 2594 2630 Τότε
2649 2577 2792 2642 ἔδοξε
2828 2579 2941 2639 τοῖς
3006 2575 3323 2638 ἀποστόλοις
3371 2574 3467 2627 καὶ
3500 2575 3616 2635 τοῖς

2050 2667 2443 2736 πρεσϐυτέροις
2482 2668 2577 2719 σὺν
2600 2666 2694 2737 ὅλῃ
2723 2669 2789 2738 τῇ
2823 2664 3161 2736 Ἐκκλησία,
3220 2664 3616 2733 ἐκλεξαμένους

2049 2758 2246 2826 ἄνδρας
2276 2758 2333 2823 ἐξ
2391 2758 2574 2811 αὐτῶν
2628 2757 2842 2827 πέμψαι
2891 2758 2969 2820 εἰς
3013 2757 3348 2827 Ἀντιόχειαν
3390 2758 3490 2810 σὺν
3534 2754 3615 2822 τῷ

2050 2832 2246 2917 Παύλῳ
2276 2848 2368 2900 καὶ
2396 2847 2474 2917 τῷ
2505 2849 2785 2919 Βαρνάϐᾳ,
2830 2848 3030 2903 Ἰούδαν
3063 2849 3154 2901 τὸν
3183 2847 3612 2917 ἐπικαλούμενον

2050 2937 2364 3008 Βαρσαϐάν,
2414 2939 2509 2990 καὶ
2560 2938 2742 3001 Σελαν,
2802 2938 3003 3009 ἄνδρας
3036 2939 3371 3010 ἡγουμένους
3408 2941 3468 2991 ἐν
3496 2941 3614 3002 τοῖς

2048 3030 2318 3098 ἀδελφοῖς,
2353 3029 2661 3100 γράψαντες
2691 3032 2778 3084 διά
2798 3032 2978 3103 χειρὸς
3007 3031 3186 3085 αὐτῶν
3206 3032 3355 3086 τάδε·
3391 3031 3613 3085 Οἰὰπόο

2053 3123 2249 3186 στολοι,
2270 3126 2364 3175 καὶ
2394 3125 2444 3176 οἱ
2482 3123 2863 3194 πρεσϐύτεροι,
2895 3124 2988 3177 καὶ
3010 3126 3059 3177 οἱ
3081 3123 3318 3193 ἀδελφοὶ,
3347 3125 3459 3187 τοῖς
3476 3106 3616 3177 κατὰ

2047 3214 2147 3283 τὴν
2186 3214 2538 3283 Ἀντιόχειαν,
2574 3215 2667 3268 καὶ
2687 3215 2902 3284 Συρίαν,
2938 3218 3032 3270 καὶ
3066 3208 3615 3285 Κιλικίαν,νὰδελφοῖς

2045 3306 2157 3365 τοῖς
2178 3304 2236 3368 ἐξ
2257 3304 2426 3358 ἐθνῶν
2478 3307 2709 3377 χαίρειν.
2755 3308 2971 3378 Ἐπειδὴ
2997 3309 3314 3379 ἠκούσαμεν
3344 3310 3426 3363 ὅτι
3470 3309 3617 3373 τινὲς

2046 3393 2108 3459 ἐξ
2140 3394 2296 3465 ἡμῶν
2355 3396 2666 3460 ἐξελθόντες
2711 3398 2982 3469 ἐτάραξαν
3024 3400 3170 3470 ὑμᾶς
3215 3400 3433 3468 λόγοις,
3486 3402 3616 3453 ἀνα-

2048 3487 2405 3552 σκευάζοντες
2433 3488 2531 3551 τάς
2559 3489 2737 3560 ψυχάς
2771 3491 2943 3560 ὑμῶν,
2995 3492 3243 3560 λέγοντες
3289 3494 3612 3561 περιτέμνε·

2049 3579 2173 3633 σθαι
2214 3579 2309 3632 καὶ
2357 3581 2545 3650 τηρεῖν
2601 3580 2692 3633 τὸν
2744 3582 2931 3652 νόμον,
2965 3581 3046 3646 οἷς
3068 3585 3129 3636 οὐ
3160 3585 3609 3654 διεστειλάμεθα·

2045 3667 2220 3733 ἔδοξεν
2257 3667 2389 3737 ήμῖν
2454 3670 2769 3740 γενομένοις
2811 3671 3172 3742 ὁμοθυμαδὸν,
3217 3673 3612 3742 ἐκλεξαμένους

2044 3758 2243 3828 ἄνδρας
2294 3759 2429 3825 πρὸς
2453 3761 2603 3828 ἡμᾶς
2630 3760 2862 3831 πέμψαι,
2887 3764 2985 3817 σὺν
2999 3765 3106 3827 τοῖς
3124 3766 3429 3834 ἀγαπητοῖς
3455 3764 3611 3833 ήμῶν

2044 3850 2302 3921 Βαρνάϐᾳ
2336 3850 2432 3904 καὶ
2473 3851 2691 3924 Παύλῳ,
2727 3853 3038 3925 ἀνθρώποις
3074 3854 3483 3927 παραδεδωκόσι
3509 3855 3609 3916 τὰς

2041 3942 2221 4013 ψυχάς
2278 3943 2459 3996 αὐτῶν
2491 3944 2635 4014 ὑπὲρ
2660 3944 2755 3999 τοῦ
2802 3946 3064 4015 ὀνόματος
3089 3947 3182 4000 τοῦ
3215 3948 3424 4016 Κυρίου
3454 3945 3611 4015 ἡμῶν

2056 4033 2228 4101 Ἰησοῦ
2274 4034 2539 4104 Χριστοῦ.
2607 4035 3057 4101 Ἀπεστάλκαμεν
3100 4031 3195 4090 οῦν
3258 4036 3460 4089 Ἰούδαν
3516 4036 3611 4088 καὶ

2041 4124 2221 4187 Σίλαν,
2254 4124 2347 4178 καὶ
2362 4126 2558 4189 αὐτοὺς
2585 4126 2672 4179 διά
2692 4125 2852 4193 λόγου
2874 4126 3319 4195 ἀπαγγέλλοντας
3343 4128 3410 4179 τὰ
3439 4127 3604 4179 αὑτά.

2044 4216 2233 4280 Ἔδοξε
2288 4217 2397 4286 γὰρ
2421 4216 2500 4287 τῷ
2531 4217 2673 4288 ἁγίῳ
2737 4217 3015 4287 Πνεύματι
3076 4218 3172 4272 καὶ
3228 4219 3381 4287 ἡμῖν,
3444 4217 3612 4287 μηδὲν

2041 4304 2203 4375 πλέον
2259 4304 2599 4358 ἐπιτίθεσθαι
2652 4305 2778 4375 ὑμῖν
2828 4305 3015 4376 βάρος,
3069 4304 3207 4377 πλὴν
3248 4305 3452 4358 τούτων
3499 4306 3614 4359 τῶν

2041 4395 2373 4462 ἐπάναγκες,
2420 4395 2719 4465 ἀπέχεσθαι
2750 4395 3141 4463 εἰδωλοθύτων,
3198 4396 3293 4450 καὶ
3344 4398 3596 4467 αἵματος,

372 4489 477 4556 ipsi
505 4502 626 4542 cum
662 4497 848 4543 essent
887 4486 1178 4554 prophetae,
1211 4485 1376 4538 verbo
1406 4485 1638 4554 plurimo
1668 4485 1935 4540 consolati

2044 4486 2135 4539 καὶ
2164 4484 2410 4548 πνικτοῦ,
2436 4487 2529 4537 καὶ
2550 4485 2807 4555 πορνείας
2830 4501 2846 4517 ⁸
2873 4485 2932 4552 ἐξ
2956 4479 3032 4540 ὧν
3055 4486 3447 4557 διατηροῦντες
3481 4489 3609 4541 ἐαυ-

367 4589 501 4635 aunt
541 4578 737 4633 fratres
799 4586 854 4631 et
899 4575 1386 4630 confirmaverunt.
1439 4572 1606 4629 Facto
1646 4586 1825 4631 autem
1862 4575 1935 4630 ibi

2044 4577 2176 4640 τοὺς
2207 4571 2267 4629 εὗ
2299 4575 2554 4646 πράξετε.
2591 4576 2897 4650 Ἔρρωσθε.
2932 4579 2997 4631 οι
3029 4579 3130 4647 μὲν
3158 4575 3273 4644 οὖν,
3308 4578 3609 4633 ἀπολυθένο

369 4668 652 4732 aliquanto
678 4676 940 4734 letnporc,
966 4663 1180 4718 dimissi
1207 4671 1335 4717 sunt
1373 4678 1497 4719 cum
1532 4680 1664 4734 pace
1696 4679 1725 4717 a
1755 4664 1939 4718 fratri-

2045 4683 2137 4729 τες
2158 4664 2267 4719 ἀπὸ
2285 4665 2387 4733 τῆς
2433 4665 2778 4737 Ἐκκλησίας,
2811 4668 3079 4735 κατῆλθον
3109 4658 3191 4732 εἰς
3235 4668 3564 4739 Ἀντιόχειαν
3591 4683 3606 4699 ·

369 4759 476 4813 bus
548 4757 613 4810 ad
655 4771 751 4810 eos
799 4755 889 4824 qui
940 4753 1201 4808 miserant
1234 4754 1373 4808 illos.
1425 4753 1611 4809 Visum
1641 4762 1820 4811 autem
1856 4764 1941 4810 est

2047 4759 2143 4810 xui.
2176 4757 2573 4825 συναγαγόντες
2611 4757 2672 4811 τὸ
2700 4758 2921 4828 πλῆθος,
2950 4759 3232 4813 ἐπέδωκαν
3268 4760 3365 4830 τὴν
3395 4762 3613 4813 ἐπιστο-

368 4851 497 4907 Sila:
528 4849 600 4906 ibi
630 4863 907 4903 remanere
919 4888 933 4902 .

2050 4848 2173 4917 λήν.
2209 4848 2566 4916 ’Λναγνόντες
2588 4849 2645 4902 δὲ
2696 4850 2974 4921 ἐχάρησαν
3026 4852 3121 4903 ἐπὶ
3154 4854 3218 4921 τῇ
3245 4851 3607 4920 παρακλήσει.
3639 4864 3650 4911 ῖ

381 4945 582 5008 Ἰούδας
609 4942 666 4996 δὲ
700 4941 797 4996 καὶ
844 4939 1023 5007 Σίλας,
1068 4942 1163 4995 καὶ
1223 4940 1377 4995 αὐτοὶ
1428 4941 1699 5011 προφῆται
1743 4938 1915 5002 ὄντες,
1991 4939 2080 4993 διὰ
2137 4938 2294 5007 λόγου
2345 4939 2539 4993 πολλοῦ
2599 4943 2979 5011 παρεκάλεσαν
3047 4944 3174 5004 τοὺς
3209 4942 3471 5018 ἀδελφοὺς
3516 4948 3611 4996 καὶ

367 5036 749 5108 ἐπεστήριξαν.
802 5035 1130 5106 Ποιήσαντες
1176 5034 1232 5087 δὲ
1278 5034 1466 5103 χρόνον
1490 5073 1504 5095 ,
1535 5030 1881 5101 ἀπελύθησαν
1921 5031 2037 5100 μετ’
2068 5032 2289 5102 εἰρήνης
2315 5032 2423 5086 ἀπὸ
2445 5031 2551 5084 τῶν
2592 5031 2834 5100 ἀδελφῶν
2866 5032 3000 5102 πρὸς
3027 5032 3152 5096 τοὺς
3187 5032 3608 5096 ἀποστείλαντας

299 5158 303 5162 ·
364 5131 585 5198 αὐτούς.
616 5128 799 5194 Ἔδοξε
828 5128 887 5184 δὲ
914 5129 990 5197 τῷ
1010 5127 1141 5199 Σίλᾳ
1163 5130 1440 5195 ἐπιμεῖναι
1464 5125 1651 5181 αὐτοῦ.

866 5222 1416 5278 COMMENTARIUS
1435 5260 1449 5277 .

442 5343 463 5376 ι
486 5321 844 5381 Rezediﬁcaho
868 5318 1300 5382 tabernaculum,
1327 5337 1344 5370 ι
1385 5318 1490 5372 hoc
1507 5316 1622 5383 est,
1650 5306 1946 5373 conversos

366 5431 430 5472 ex
465 5415 715 5482 gentibus
736 5412 805 5468 ad
835 5412 1139 5474 Christum,
1165 5419 1218 5465 et
1249 5419 1468 5466 vocatos
1498 5411 1717 5465 nomine
1746 5410 1939 5480 ipsius.

361 5505 468 5561 Alii
492 5516 667 5560 autem
689 5510 881 5573 putant
903 5502 1017 5557 haec
1033 5502 1101 5557 de
1114 5501 1236 5570 ejus
1253 5502 1660 5556 resurrectione
1694 5517 1758 5556 ex
1795 5515 1940 5555 mor-

364 5595 480 5648 tuis
495 5595 640 5649 dicta
665 5606 809 5648 esse.
828 5591 962 5645 Cum
1002 5592 1145 5646 enim
1180 5591 1320 5647 Deus
1342 5589 1501 5646 Pater
1523 5591 1933 5646 tabernaculum

2044 5602 2197 5654 φασι.
2270 5584 2381 5653 Τήν
2437 5582 2547 5652 γὰρ
2609 5584 2689 5645 εὶς
2719 5582 2811 5635 τὸν
2850 5582 3079 5636 θάνατον
3117 5582 3281 5636 αὐτοῦ
3328 5582 3601 5636 πεσοῦσαν

365 5682 490 5738 Filii
521 5684 574 5736 in
600 5690 831 5737 mortem
848 5682 1181 5751 prolapsum,
1215 5684 1266 5737 id
1301 5692 1385 5738 est
1435 5698 1652 5738 carnem
1689 5698 1753 5736 ex
1789 5693 1932 5738 terra

2044 5676 2269 5747 σκηνὴν,
2298 5675 2549 5729 τουτέστι
2579 5675 2642 5727 τὸ
2667 5674 2774 5758 ἀπὸ
2805 5675 2909 5743 γῆς
2950 5676 3194 5739 σαρκίον,
3224 5675 3599 5743 ἁνεγείροντος

364 5781 569 5840 ortam,
622 5772 987 5845 resuscitavit,
1022 5782 1132 5827 tum
1182 5782 1293 5829 tota
1348 5774 1585 5835 humana
1629 5785 1822 5830 natura
1864 5775 1928 5828 ad

2044 5768 2127 5821 τοῦ
2157 5766 2292 5821 Θεοῦ
2324 5768 2418 5821 καὶ
2464 5767 2696 5839 Πατρὶς,
2752 5766 2869 5828 τότε
2904 5769 3014 5821 πᾶν
3038 5768 3103 5820 τὸ
3140 5766 3482 5838 ἀνθρώπινον
3514 5764 3596 5823 εἰς

2646 5219 3029 5273 ΕΡΜΗΝΕΙΑ.

2112 5309 2510 5372 Τουτέστιτοῦς
2531 5310 2590 5375 ἐξ
2614 5307 2784 5362 ἐθνῶν
2800 5307 3233 5380 ἐπιστρέψαντας
3250 5310 3329 5372 εἰς
3349 5309 3601 5379 Χριστὸν,

2043 5405 2136 5458 καὶ
2183 5402 2485 5473 κληθέντας
2515 5402 2593 5471 τῷ
2635 5402 2860 5469 ὀνόματι
2904 5401 2999 5455 τοῦ
3041 5400 3302 5472 Χριστοῦ.
3333 5402 3513 5454 Ἄλλοι
3544 5401 3602 5454 δέ

2041 5498 2119 5560 εἰς
2149 5496 2249 5563 τὴν
2282 5496 2347 5547 ἐκ
2362 5492 2573 5563 νεκρῶν
2604 5491 2902 5546 ἀνάστασιν
2930 5493 3095 5547 αὑτοῦ
3151 5492 3324 5547 ταῦτα
3353 5492 3603 5563 εἰρῆσθαι
