4058 6210
413 310 514 376 981

1046 317 1582 381 EXPOSITIONIS
1625 322 1705 383 ΙΝ
1740 320 1927 381 ACTA
1948 321 2250 381 TEXTUS
2280 322 2551 384 ALTER.
2603 347 2668 356 -
2701 321 2860 382 CAP.
2903 322 3024 384 XV.
3061 377 3070 385 .

3563 324 3671 386 982

412 428 475 478 τὸ
505 426 727 495 ἀρχαῖον
785 426 1049 501 ἀνέστησε
1102 431 1310 502 σχῆμα,
1365 433 1459 487 καὶ
1517 433 1697 488 πάντα
1717 415 1886 505 ήμῶν
1916 431 1985 486 τὰ

2115 431 2376 486 »τῑειίηοιη
2406 431 2635 488 formam
2667 433 2852 497 rediit,
2888 440 2944 487 et
2972 430 3154 486 omnia
3192 441 3376 487 nostra
3403 431 3585 487 diruta
3620 437 3673 486 in

417 518 831 609 κατερῤιμμένα
854 520 990 589 πρὸς
1016 520 1143 609 νέαν
1171 523 1293 592 ὄψιν
1314 524 1624 595 ἐνήνεκται·
1646 512 1989 597 συνηγέροηέ

418 625 517 676 μεν
556 609 660 681 γὰρ
685 609 763 679 τῷ
790 608 1031 681 Χριστῷ.
1071 615 1398 685 Κατέσκαψε
1432 617 1531 686 μὲν
1568 618 1677 690 7&9
1699 620 1726 670 ό
1760 619 1990 683 θάνατος

415 700 513 762 τὰς
543 700 801 755 ἁπάντων
838 705 1043 774 σκηνάς
1072 721 1087 735 '
1135 708 1554 779 ἀνῳκοδόμησεν
1580 710 1637 763 δὲ
1668 712 1697 763 ὁ
1731 710 1866 774 Θεὸς
1894 710 1990 763 καὶ

2095 536 2287 576 novam
2344 521 2536 576 faciem
2590 522 2841 577 restituta
2869 532 3017 577 sunt.
3084 540 3102 572 ι
3143 520 3496 578 Snrreximus
3528 525 3676 578 enim

2091 630 2215 670 cum
2246 614 2469 670 Christo
2496 616 2563 671 ".
2592 634 2611 668 ι
2646 615 2780 670 Nam
2808 631 2956 670 mors
2983 614 3200 683 quidem
3228 616 3472 669 omnium
3495 617 3679 671 taber~

2094 708 2289 761 naenia
2349 707 2609 776 disiecit;
2647 718 2703 762 at
2747 722 2809 761 ea
2840 707 3194 762 remdiftcavit
3240 704 3383 761 Deus
3432 707 3593 763 Pater
3623 708 3677 762 in

416 789 604 862 Πατὴρ
636 793 693 845 ἐν
716 794 957 866 Χριστῷ.
988 797 1102 849 Ούκ
1122 792 1190 866 ἦν
1220 797 1276 851 δὲ
1313 800 1518 871 ἑτέρως
1556 801 1857 872 ἀναστῆναι
1890 803 1990 872 τὴν

2115 796 2336 852 Iltristo.
2367 796 2556 867 Neque
2599 809 2781 853 autem
2819 799 2924 852 alia
2971 788 3184 851 ratione
3216 798 3548 853 surrexisset
3579 816 3682 852 un-

416 879 583 948 φύσιν
599 882 697 953 τὴν
728 885 1033 955 ἡμετέραν,
1066 886 1142 958 μὴ
1175 888 1269 956 τοῦ
1296 889 1395 960 τὴν
1444 890 1620 962 ἀρχὴν
1650 892 1991 946 διαπλάσανο

416 988 508 1035 τος
540 972 712 1044 αὐτὴν
740 979 899 1047 χεῖρα
927 976 1237 1059 ςρέξαντος,
1274 980 1370 1033 καὶ
1396 981 1840 1047 διατυπώσαντος
1864 985 1995 1039 ἄνω⁹

366 1070 377 1077 ‘
418 1062 512 1114 Θεν
563 1066 629 1136 τῇ
672 1064 741 1119 δι’
803 1066 995 1133 ὓδατος
1069 1069 1431 1142 ἁναγεννήσει
1490 1075 1587 1126 καί.
1650 1075 1990 1144 Πνεύματος.

430 1154 770 1212 Ἐπεπτὼκει
801 1160 911 1230 γὰρ
937 1160 1106 1225 ὅντως
1136 1163 1336 1234 πτῶμα
1357 1165 1575 1219 ἀνίατον
1608 1168 1701 1220 καὶ
1731 1168 1829 1236 τῆς
1857 1186 1996 1237 κρα-

416 1247 574 1309 ταιᾶς
606 1247 823 1318 ἐκείνης
847 1252 1026 1320 χειρὸς
1052 1253 1331 1323 δεόμενον.
1364 1257 1477 1311 Καὶ
1505 1260 1665 1311 τοῦτο
1724 1261 1858 1328 ἡμῖν
1895 1263 1995 1313 οὐκ

419 1340 501 1401 εἰς
529 1338 723 1410 χρόνον
765 1340 1002 1414 ὑπάρξει
1033 1347 1252 1416 μικρὸν,
1287 1348 1406 1401 ἀλλ’
1427 1351 1506 1414 εἰς
1534 1349 1749 1421 ἡμέρας
1777 1352 1994 1419 αἰῶνος,

421 1432 587 1507 φησίν
612 1449 626 1465 ·
667 1434 1049 1506 ἀναπόϐλητον
1099 1440 1208 1510 7&9
1264 1442 1396 1512 ἡμῖν
1435 1442 1496 1495 τὺ
1527 1445 1629 1513 τῆς
1685 1444 1997 1511 ἀφθαρσίας

419 1524 643 1592 ἀγαθόν.
678 1527 742 1580 Oi
777 1528 874 1598 μὲν
905 1528 1015 1599 7&9
1049 1530 1291 1585 Ἰουδαῖοι
1317 1533 1396 1597 εἰς
1439 1534 1538 1602 τὴν
1597 1535 1995 1605 αἰχμαλωσίαν,

420 1614 710 1685 οἰκοδομὴν
730 1616 824 1670 τοῦ
850 1618 908 1670 ἐν
953 1618 1222 1689 Ἰεροσολύ
1233 1639 1356 1691 μοις
1385 1622 1538 1689 ναοῦ,
1562 1623 1721 1677 τοῦτο
1747 1625 1999 1696 εἰρῆσθαι

423 1706 752 1777 νενοήκασιο
808 1708 968 1763 τοῦτο
995 1710 1050 1763 δὲ
1081 1712 1180 1765 οὐκ
1235 1712 1383 1765 ἐστιν
1436 1713 1634 1783 ἀληθές
1665 1730 1679 1745 ⁸
1708 1717 1803 1768 καὶ
1860 1715 1998 1783 μετὰ

423 1796 582 1851 τοῦτο
611 1799 720 1871 γὰρ
742 1801 1022 1872 πολλάκις
1047 1804 1452 1874 κατέστρεπται
1473 1821 1487 1837 ο
1519 1806 1551 1876 ὴ
1584 1806 1643 1860 δέ
1674 1808 1999 1878 προφητεία,
2033 1779 2074 1833 Β

424 1889 650 1945 αἰωνίαν
671 1889 772 1961 τὴν
794 1892 1145 1963 οἰκοδόμησιν
1185 1896 1604 1965 ἐπαγγέλλεται.
1643 1900 1777 1953 esse
1805 1902 1887 1964 εἰς
1911 1901 2001 1953 τὸν

428 1979 732 2049 Ζοροϐάϐελ
778 1982 937 2036 τοῦτο
979 1985 1232 2054 εἰρῆσθαι
1263 1989 1445 2048 καλῶς
1473 1992 1783 2062 νενοήκασι,
1809 1993 1903 2045 καὶ
1938 1994 2001 2045 ἐκ

427 2066 590 2120 Δαθῖίδ
621 2068 680 2121 τδ
708 2069 864 2137 γένος
917 2075 1211 2142 κατάγοντι
1233 2077 1300 2131 ’⁸.
1335 2078 1449 2132 Ούκ
1505 2078 1655 2134 ἔστιν
1680 2081 1801 2134 οὐδὲ
1846 2082 2003 2135 τοῦτο

428 2157 646 2228 ἀληθές.
669 2158 725 2214 Ὀ
747 2161 855 2232 7&9
875 2163 1180 2235 Ζοροϐάϐελ
1209 2167 1390 2238 ὀλίγον
1409 2171 1777 2242 ἡγεμονεύσαι
1800 2173 1845 2206 ’⁵
1874 2173 2002 2244 χρό-

428 2267 540 2313 νον,
572 2250 666 2305 τοῦ
699 2252 931 2310 θανάτου
986 2258 1078 2311 τὸν
1105 2258 1229 2330 ὅρον
1257 2260 1474 2327 ἐδέξατο
1499 2279 1514 2294 ο
1548 2267 1579 2335 ἡ
1609 2267 1918 2338 προφητεία
1947 2268 2005 2321 δὲ

428 2344 661 2399 αῐωνίων
693 2347 917 2416 ἀγαθῶν
975 2352 1306 2420 ἐπαγγελίαν
1355 2354 1489 2426 ἔχει,
1525 2359 1620 2410 καὶ
1658 2358 1767 2413 τῶν
1814 2359 1996 2412 ἐθνῶν

433 2434 690 2496 ἁπάντων
711 2440 810 2510 τὴν
835 2440 915 2503 εἰς
952 2441 1083 2511 θεὸν
1112 2444 1432 2513 ἐπίγνωσιν.
1479 2448 1756 2517 Πρόδηλον
1804 2449 2004 2511 τοίνυν,

434 2526 516 2579 ὅτι
561 2527 642 2592 εἰς
689 2528 781 2583 τὸν
813 2531 1019 2602 Κύριον
1067 2535 1226 2605 ἡμῶν
1272 2536 1481 2605 Ἰησοῦν
1511 2539 1748 2608 Χριστὸν
1777 2537 2009 2612 [ταύτην

430 2619 684 2689 εἰρῆσθαι
716 2621 1028 2695 νοήσομεν].
1069 2623 1136 2680 Ὅ
1161 2627 1269 2694 γὰρ
1309 2626 1516 2699 Κύριος
1537 2629 1715 2699 ἡμῶν,
1753 2632 1817 2683 ὲκ
1847 2631 2010 2684 Δαϐὶδ

437 2706 691 2774 κατάγων
722 2711 865 2764 κατὰ
913 2712 1095 2782 σάρκα
1124 2713 1182 2766 τὸ
1204 2714 1381 2782 γένος,
1423 2715 1524 2785 τὴν
1557 2716 1693 2787 πρὸς
1716 2717 1809 2770 τὸν
1848 2717 2013 2771 Δαϐὶδ

435 2802 813 2872 γεγενημένην
837 2803 1172 2873 ἐπαγγελίαν
1196 2806 1541 2879 ἐπλήρωσεν.

1028 2932 1173 2988 EPM
1180 2934 1274 2987 HN
1282 2935 1415 2990 EIA.

642 3061 747 3126 Εἰς
774 3059 892 3129 τὴν
923 3060 1259 3132 ἐπιστολὴν
1293 3064 1415 3118 τῶν
1440 3066 1821 3122 ἀποστόλων.

516 3169 664 3223 Ἔδει
705 3170 780 3240 μὴ
820 3170 919 3241 τὴν
978 3172 1271 3244 ἐπιστολὴν
1312 3177 1568 3245 παρεῖναι
1616 3177 1798 3247 μόνον,
1822 3179 1911 3233 ἵνα
1941 3176 2017 3250 μὴ

438 3259 662 3328 λέγωσι,
713 3261 1178 3333 Συνηρπάγησαν,
1220 3252 1350 3318 ἄλλο
1375 3265 1491 3318 ἀντ’
1529 3266 1691 3321 ἄλλου
1748 3268 2018 3335 εἰπόντες,

441 3350 560 3405 ἀλλ’
589 3350 729 3406 ὥστε
760 3353 856 3407 καὶ
887 3352 1329 3427 ἀξιοπιστότερον
1370 3358 1627 3426 γενέσθαι
1671 3359 1732 3413 τὸ
1763 3363 2020 3432 πρᾶγμα,

445 3444 724 3514 πέμπουσι
762 3446 891 3510 τοὺς
924 3448 1056 3518 παρ’
1088 3448 1272 3512 αὐτοῖς
1290 3450 1358 3516 ’⁸,
1410 3451 1497 3505 ἵνα
1548 3451 1851 3507 ἀνύποπτοι
1887 3447 2023 3508 ὦσιν

444 3537 496 3589 οἰ
516 3539 643 3605 περί
669 3537 762 3590 τὸν
797 3538 1010 3593 Παῦλον
1050 3542 1143 3595 καὶ
1186 3542 1497 3614 Βαρνάϐαν.
1531 3545 1649 3598 Ἵνα
1689 3545 1746 3598 δὲ
1791 3545 1864 3616 μὴ
1897 3546 2022 3617 δόξῃ

444 3625 699 3700 διαϐολῆς
730 3623 869 3684 εἶναι
904 3629 1120 3685 Παύλου
1160 3632 1253 3686 καὶ
1303 3634 1558 3706 Παρνάϐα
1582 3636 1642 3689 τδ
1673 3635 1753 3699 εἰς
1781 3635 2025 3699 ἐκείνους

448 3718 845 3789 ἀποσταλῆναι,
880 3722 1294 3793 ἐγκωμιάζει¹⁷
1342 3727 1558 3792 αὐτούς.
1603 3746 1622 3780 t
1665 3727 2023 3799 Ἀνθρὼποις,

448 3808 669 3879 enat“,
695 3811 1115 3884 παραδεδωκόσι
1164 3817 1265 3881 τὰς
1314 3817 1495 3888 ψυχὰς
1531 3819 1732 3872 ἀὐτῶν
1763 3821 1905 3890 ὑπὲρ
1926 3820 2023 3874 τοῦ

449 3897 714 3969 ὀνόματος
770 3901 866 3954 τοῦ
912 3903 1121 3975 Κυρίου
1159 3905 1318 3976 ἡμῶν
1372 3907 1551 3979 ’Ἰησοῦ
1599 3910 1863 3979 Χριστοῦ.
1903 3932 1921 3965 ι
1956 3940 2027 3953 -

457 4007 477 4039 ι
506 3988 711 4057 Ἔδοξε,
747 3992 882 4062 φησί
897 3993 943 4026 ’⁸
958 3997 998 4058 ',
1046 3992 1124 4067 τῷ
1173 3997 1315 4069 ἁγίῳ
1348 3999 1630 4071 Πνεύματι
1682 4004 1774 4057 καί
1815 4006 1966 4076 ἡμῖν.
2002 4026 2019 4059 ι

451 4080 699 4166 Οὐδαμοῦ
737 4082 848 4154 7&9
904 4086 1034 4156 περί
1048 4088 1277 4153 ,τούτων
1323 4090 1619 4164 διηλέγχθη
1637 4094 1682 4127 ³³
1715 4095 1743 4148 ό
1768 4096 2023 4166 Χριστὸς,

450 4171 568 4225 ἀλλ’
599 4165 750 4260 ρῦτοι
783 4175 895 4230 ἀπὸ
943 4177 1036 4231 τοῦ
1067 4177 1234 4250 νόμου
1263 4180 1436 4235 ταῦτα
1484 4182 1758 4253 λέγουσιν.
1787 4165 1902 4240 Ἵνα
1952 4189 2026 4258 μὴ

449 4260 545 4318 οὖν
581 4265 706 4341 δόξῃ
735 4267 1079 4340 ἀνθρώπινον
1130 4266 1293 4335 εἶναι,
1340 4292 1360 4326 ‹
1385 4274 1461 4345 τῷ
1488 4276 1630 4345 ἁγίῳ
1660 4277 1963 4349 Πνεύματι,
2001 4299 2021 4333 ι

452 4359 588 4429 φησί
607 4360 683 4393 ³⁸·
718 4362 815 4416 καὶ
858 4362 946 4417 ἵνα
1006 4364 1350 4436 διδαχοῶσιν,
1386 4368 1468 4423 ὅτι
1498 4371 1593 4424 καὶ
1649 4372 1806 4426 αύτοί
1833 4374 2030 4428 ἀποδέ-

2095 903 2258 955 quam
2295 897 2491 942 natura
2526 895 2737 953 nostra,
2770 889 2874 943 nisi
2907 890 2953 944 is
2978 891 3068 958 qui
3106 889 3345 943 abinitio
3371 906 3488 945 eam
3519 891 3684 961 269

2099 979 2378 1047 formavit,
2423 996 2642 1035 manum
2683 982 2733 1036 ei
2771 980 3131 1051 perrexisset,
3159 991 3215 1034 et
3240 981 3476 1050 desuper
3505 982 3681 1036 refor-

2097 1080 2298 1127 masset
2323 1074 2738 1143 regeneratione
2757 1087 2854 1142 per
2886 1087 3083 1143 aquam
3114 1081 3166 1125 et
3201 1070 3486 1140 Spiritum.
3523 1070 3683 1125 Ceci-

2100 1160 2263 1217 derat
2286 1144 2433 1217 enini
2468 1178 2599 1219 casu
2634 1179 2762 1219 vere
2793 1163 3136 1233 irreparahili
3159 1204 3174 1227 ,
3204 1170 3261 1218 et
3304 1165 3684 1233 omnipotente

2100 1254 2192 1309 illa
2245 1270 2410 1310 manu
2460 1271 2598 1326 opus
2632 1255 2886 1311 habebat.
2921 1254 3036 1310 Hoc
3069 1264 3274 1319 autem,
3322 1254 3519 1324 inquit,
3574 1269 3682 1307 non

2101 1345 2166 1398 ad
2187 1344 2349 1401 breve
2370 1354 2475 1401 tem
2486 1361 2587 1415 pus
2605 1346 2847 1418 durabit,
2864 1345 2988 1402 sedc
3010 1347 3065 1401 in
3095 1346 3214 1401 dies
3237 1345 3556 1407 aeternitatis
3578 1345 3646 1397 ’⁸.
3662 1365 3679 1397 ι

2104 1436 2430 1508 Perpetuum
2465 1439 2608 1493 enim
2651 1439 2756 1493 erit
2801 1438 2959 1493 nobis
2992 1436 3428 1493 immortalitatis
3457 1437 3682 1491 donum.

2102 1527 2318 1581 Atvero
2346 1526 2517 1583 Judaei
2560 1528 2917 1599 respicientes
2943 1530 3009 1582 ad
3051 1526 3451 1596 captivitatem,
3479 1525 3595 1579 Ita’e
3620 1527 3687 1580 de

2100 1617 2541 1692 Jcrosolymitani
2598 1603 2781 1693 templi
2831 1621 3257 1676 reaadilicatione
3289 1621 3435 1674 dicta
3478 1619 3691 1672 intelle-

2104 1722 2301 1766 xerunt
2333 1729 2348 1776 ;
2388 1711 2531 1782 quod
2566 1728 2698 1766 sane
2720 1727 2907 1766 verum
2948 1726 3056 1763 non
3099 1721 3182 1765 est
3211 1729 3225 1763 :
3270 1725 3396 1764 nam
3425 1718 3478 1763 et
3500 1715 3687 1778 postea

2104 1805 2309 1873 pluries
2337 1806 2658 1858 subversum
2688 1811 2768 1858 est
2799 1820 2814 1867 ;
2847 1810 2899 1855 at
2927 1801 3215 1871 prepltetia
3258 1808 3517 1856 teternam
3554 1799 3690 1854 aedi-

2106 1896 2411 1949 ficationem
2446 1893 2737 1964 promittit.
2769 1891 2956 1962 Neque
2995 1892 3061 1946 de
3116 1890 3454 1947 Zorohabele
3490 1892 3581 1961 qui
3624 1907 3691 1946 ex

2106 1984 2307 2039 Davide
2354 1999 2526 2055 genus
2564 1983 2834 2043 trahebat,
2860 1982 3066 2037 dictum
3113 1982 3214 2036 hoc
3250 1992 3399 2037 recte
3425 1982 3694 2049 interpre—

2106 2076 2201 2130 tati
2232 2086 2401 2132 sunt:
2433 2077 2708 2147 siquidem
2734 2075 3068 2139 Zorobahel,
3112 2085 3399 2145 postquam
3419 2075 3486 2129 ad
3527 2074 3693 2129 breve

2108 2176 2321 2239 tempus
2378 2167 2688 2239 imperavit,
2745 2166 2939 2222 mortis
2989 2167 3282 2221 terminum
3345 2169 3570 2234 recepit.
3624 2168 3693 2219 At

2107 2261 2394 2332 prophetia
2425 2270 2629 2317 teterna
2663 2261 2805 2315 bona
2840 2258 3155 2329 pollicetur,
3187 2267 3241 2311 et
3276 2273 3470 2313 omnes
3503 2264 3693 2327 gentes

2109 2350 2175 2404 ad
2206 2350 2295 2404 Dei
2318 2351 2687 2421 cognitionem
2705 2357 2966 2404 venturas
2985 2348 3298 2401 annuntiat.
3330 2348 3690 2418 Perspicuum

2109 2445 2193 2493 est
2217 2438 2406 2509 igitur,
2426 2439 2495 2494 de
2520 2439 2752 2493 Domino
2781 2445 2971 2494 nostro
2988 2438 3117 2493 Jesu
3141 2437 3361 2491 Christo
3385 2437 3692 2508 intelligen-

2110 2529 2235 2584 dam
2290 2544 2410 2583 eam
2452 2545 2594 2586 esse.
2632 2528 2895 2584 Dominus
2951 2529 3097 2585 enim
3161 2535 3349 2584 noster
3385 2544 3451 2583 ex
3494 2527 3694 2583 Davide

2111 2623 2320 2679 ducens
2367 2638 2542 2692 genus
2602 2622 2906 2679 secundum
2942 2637 3185 2688 carnem,
3242 2621 3442 2679 Factam
3506 2620 3695 2680 Davidi

2112 2715 2531 2786 promissionem
2561 2713 2803 2788 implevit

2633 2926 3202 2994 COMMENTARIUS.

2486 3060 2547 3112 In
2604 3058 2883 3128 epistolam
2943 3055 3328 3126 apostolorum.

2196 3169 2514 3237 Congruum
2543 3175 2664 3223 erat
2699 3174 2759 3220 ut
2794 3165 3029 3236 epistola
3065 3164 3182 3219 sola
3211 3177 3318 3217 non
3368 3159 3683 3215 mitteretur

2124 3278 2193 3317 ue
2223 3260 2569 3331 subreptitia,
2632 3274 2726 3314 seu
2789 3271 2854 3312 ex
2890 3271 2999 3311 non
3033 3255 3179 3311 veris
3215 3252 3578 3309 relationibus
3598 3267 3693 3307 ex-

2112 3357 2267 3410 torta
2320 3354 2616 3409 diceretur.
2655 3349 2729 3407 Ut
2790 3365 2922 3406 vero
2959 3350 3224 3421 majorem
3258 3348 3417 3404 fidem
3483 3346 3703 3418 negotio

2112 3438 2504 3511 conciliarent,
2576 3444 2800 3499 mittunt
2855 3444 3071 3514 aliquos
3127 3459 3192 3499 ex
3226 3441 3366 3506 suis,
3392 3455 3460 3496 ne
3502 3439 3705 3494 Paulus

2126 3547 2179 3591 et
2210 3536 2496 3592 Barnabas
2529 3536 2584 3589 in
2618 3535 2995 3603 suspicionem
3030 3533 3309 3589 venirent.
3343 3533 3419 3587 Ac
3450 3547 3520 3588 ne
3551 3531 3705 3602 parvi

2128 3643 2225 3683 eos
2257 3627 2496 3697 pendere
2526 3625 2870 3692 viderentur,
2903 3626 3051 3695 quod
3086 3627 3155 3681 iis
3192 3625 3362 3680 veluti
3411 3622 3708 3679 tabellariis

2129 3727 2439 3783 uterentur,
2474 3720 2624 3788 ipsos
2651 3716 2899 3780 laudant,
2930 3734 2949 3769 ι
2974 3716 3325 3782 Hominibus,
3363 3717 3701 3786 inquientcs,

2129 3813 2227 3883 qui
2288 3810 2641 3866 tradiderunt
2677 3810 2891 3864 animas
2930 3823 3061 3865 suas
3101 3823 3201 3878 pro
3242 3808 3460 3864 nomine
3494 3806 3707 3863 Domini

2128 3905 2303 3961 nostri
2325 3905 2452 3961 Jesu
2484 3903 2711 3959 Christi.
2754 3916 2773 3955 ι
2802 3899 3061 3955 Scribnnt
3090 3914 3219 3953 vero
3280 3918 3292 3952 :
3330 3914 3351 3951 ι
3387 3897 3578 3954 Visum
3617 3907 3705 3953 est

2131 3998 2363 4071 Spiritui
2409 4005 2600 4055 sancto
2629 4004 2684 4051 et
2731 3994 2919 4051 nobis.
2955 4012 2977 4046 ι
3011 3990 3220 4047 Nullibi
3272 3989 3417 4045 enim
3479 3990 3547 4044 de
3618 3988 3707 4045 ltis

2130 4092 2476 4148 disseruerat
2525 4087 2820 4149 Christus;
2849 4086 2944 4141 sed
2976 4083 3210 4156 apostoli
3239 4098 3303 4138 ex
3340 4081 3458 4152 lege
3490 4082 3709 4135 decreta

2132 4185 2237 4240 ista
2266 4186 2745 4252 exprompserunt.
2787 4177 2866 4234 Ne
2929 4177 3100 4247 igitur
3138 4173 3418 4229 hominum
3457 4172 3709 4226 doctrina

2131 4291 2195 4332 ea
2225 4275 2529 4338 videretur,
2555 4272 2749 4327 dicunt
2773 4287 2819 4327 ει
2843 4267 3035 4322 Visum
3050 4276 3134 4322 est
3165 4262 3394 4335 Spiritui
3420 4269 3649 4338 saneto:
3684 4279 3703 4317 ι

2118 4350 2197 4425 Iac
2222 4377 2282 4423 ttt
2320 4367 2677 4424 ostenderent
2746 4378 2806 4419 se
2836 4376 3078 4433 quoque,
3114 4372 3431 4429 quanquam
3472 4355 3709 4411 circuat-

452 4468 664 4520 χονται,
701 4454 798 4507 καὶ
852 4455 913 4508 ἐν
942 4460 1215 4529 περιτομῇ
1269 4458 1443 4527 ὄντες,
1494 4462 1744 4535 ἐπήγαγε
1764 4463 1805 4497 ⁸¹
1837 4483 1850 4498 ·
1891 4484 1910 4518 ‹
1936 4468 2013 4521 κα⁴

2138 4459 2238 4516 cisi
2280 4465 2489 4523 essent,
2523 4471 2642 4513 eam
2686 4456 2951 4525 recipere,
2992 4452 3244 4506 addunt:
3286 4468 3305 4501 ι
3342 4455 3398 4502 et
3467 4447 3646 4503 nobis.
3688 4465 3707 4498 ι

453 4543 608 4614 ἡμῖν.
637 4562 657 4597 ι
704 4544 998 4602 Ἦδύναντο
1046 4549 1147 4619 μὲν
1196 4551 1304 4621 γὰρ
1351 4553 1446 4606 καὶ
1479 4555 1648 4625 χωρὶς
1689 4558 2036 4629 γραμμάτων

452 4636 627 4693 ταῦτα
676 4637 937 4710 δηλῶσαι,
990 4640 1127 4697 ἀλλά
1168 4643 1256 4698 διὰ
1287 4645 1350 4699 τὸ
1398 4645 1727 4713 ἀνύποπτον,
1760 4650 1854 4704 καί.
1896 4650 2036 4706 ὥστε

455 4731 618 4801 νόμον
668 4732 948 4804 ἔγγραφον
1000 4733 1314 4807 βουλόμενοι
1343 4737 1517 4792 ταῦτα
1561 4742 1835 4808 γενέσθαι,
1896 4745 2034 4815 γρά-

455 4839 617 4890 φουσι
688 4825 789 4895 τὴν
844 4827 1158 4898 ἐπιστολήν.
1215 4830 1414 4902 Παύλῳ
1440 4833 1485 4865 ³³
1546 4832 1688 4888 ὥστε
1746 4836 2035 4908 πεισθῆναι

455 4915 535 4986 τῷ
571 4916 743 4988 νόμῳ,
786 4918 1031 4990 τέσσαρα
1056 4919 1231 4976 ταῦτα
1257 4922 1738 4996 ἀπαγορεύσαντες
1764 4934 1938 4983 ποιεῖν
1968 4930 2038 4984 τὰ

356 5010 361 5017 ’
459 5004 609 5074 ιθνη,
632 5008 702 5062 τὰ
728 5008 890 5064 λοιπά
916 5011 1103 5076 αὐτοῖς
1127 5013 1537 5087 συνεχώρησαν.
1575 5018 1642 5071 Τί
1670 5019 1727 5073 δέ
1761 5021 1877 5075 ἐστι
1902 5022 2036 5075 ταῦ-

458 5111 564 5161 τα;
628 5113 648 5148 ε
685 5098 1035 5169 Ἀπέχεσθαι,
1094 5105 1282 5174 φησιν,
1336 5107 1727 5176 εἰδωλοθύτων,
1780 5112 2033 5181 αἵματος,

460 5185 710 5255 πνικτοῦ,
732 5189 828 5243 καὶ
860 5192 1136 5261 πορνείας.
1162 5213 1182 5247 ι

545 5461 824 5519 "Coloss.
870 5481 952 5525 Iit,
992 5467 1038 5520 Ι.
1116 5468 1166 5499 ⁷⁸
1199 5468 1403 5526 llPetr.
1439 5488 1521 5538 Ill,
1548 5473 1633 5527 18.

2137 4552 2206 4607 Ει
2234 4551 2453 4623 quidem
2484 4555 2742 4620 poterant
2771 4547 2851 4602 illi
2903 4547 3065 4601 etiam
3096 4545 3304 4613 absque
3366 4540 3563 4596 litteris
3601 4538 3713 4594 haec

2139 4655 2270 4702 nota
2306 4644 2488 4700 facere
2522 4661 2536 4697 :
2572 4641 2819 4699 scribere
2854 4649 3036 4694 tamen
3104 4640 3446 4697 maluerunt,
3481 4643 3540 4687 ut
3595 4647 3713 4686 om-

2138 4754 2258 4795 nem
2292 4736 2483 4808 procul
2522 4734 2877 4790 admoverent
2910 4729 3315 4800 suspicionem,
3362 4734 3417 4780 et
3449 4737 3506 4779 ιιι
3560 4724 3593 4777 ii
3627 4738 3716 4777 vc-

2138 4830 2239 4885 Iuti
2290 4830 2462 4900 legem
2525 4826 2789 4895 scriptam
2851 4823 3141 4877 haberent.
3201 4819 3281 4874 Ae
3332 4825 3597 4889 prmterea
3658 4815 3712 4867 in

2138 4921 2396 4978 Mosaicae
2430 4917 2566 4989 legis
2596 4912 2951 4984 obsequium,
3015 4910 3118 4965 ista
3154 4918 3391 4977 quatuor
3426 4905 3718 4974 prohibent

2138 5012 2478 5086 gentilibus,
2534 5016 2729 5064 caetera
2806 5005 2942 5079 ipsis
3022 5001 3289 5058 relaxant.
3380 4996 3520 5050 Sunt
3572 5006 3704 5047 vero

2141 5108 2234 5162 illa
2268 5123 2284 5161 ε
2321 5122 2340 5156 ι
2387 5102 2681 5159 Abstinere
2708 5100 2778 5154 ab
2806 5096 3146 5167 idolothytis,
3188 5117 3205 5145 ι
3248 5106 3342 5148 seu
3379 5089 3447 5142 ab
3475 5090 3541 5141 iis
3598 5100 3718 5152 quae

2143 5198 2307 5255 idolis
2334 5195 2612 5254 immolata
2646 5199 2823 5258 erant,
2863 5209 2881 5241 σ
2919 5205 2947 5244 a
2972 5187 3256 5261 sanguine.
3286 5200 3315 5248 a
3370 5179 3635 5237 suffocato
3665 5185 3719 5232 et

2148 5310 2177 5347 a
2215 5287 2598 5347 fornicatione.
2649 5304 2667 5336 ι

1619 5587 1814 5649 Variae
1838 5586 2147 5648 lectiones
2192 5591 2254 5647 et
2300 5572 2492 5646 neten.

533 5674 581 5707 ”
614 5675 701 5753 τος.
734 5679 1063 5753 κατάγοντα.
1165 5683 1208 5716 ’⁵
1238 5682 1630 5753 ἡγεμονεύσας.

1709 5687 1754 5720 ³⁸
1782 5686 1984 5741 αὐτῶν.

463 5745 510 5777 ³⁸
551 5746 706 5813 φασί.
786 5749 828 5782 ⁸⁸
862 5745 1149 5818 ἐπάγουσι.
1230 5745 1491 5809 ³⁵’Πᾶλινο

2093 5686 2136 5719 ³⁷
2162 5682 2593 5753 ἐγκωμιάζουσι.
2673 5680 2718 5714 ’⁸
2746 5676 2900 5748 φασι.

2998 5677 3066 5710 ’θ’
3100 5677 3250 5747 φασί.
3379 5677 3424 5709 ι’
3446 5674 3716 5745 διελέχθη.

3802 6116 4007 6174 Δ
