4058 6210
372 335 540 399 ’98?

1353 327 1900 422 THEOPHYLAC’I‘
1907 328 1930 387 Ι
1961 320 2374 387 BULGARUE
2409 316 2766 380 ARCHIEP.

3592 300 3708 368 988

441 458 623 503 autem
667 444 1103 516 pertransisscnt
1134 416 1815 515 Mysiam,descendcruut
1852 439 2022 495 Troa-

2159 434 2232 505 γὴν
2250 431 2509 486 Βιθυνίαν
2532 426 2869 499 πορευθῆναι
2892 437 2906 452 °
2943 421 3040 475 καὶ
3071 416 3173 472 οὐκ
3206 417 3390 471 εἴασεν
3422 413 3621 479 αὐτοῦς
3654 415 3722 467 τὸ

443 541 595 598 dem.
651 538 715 593 Et
751 538 891 591 visio
915 552 1014 607 per
1042 544 1258 590 noctem
1291 524 1464 588 Paulo
1493 542 1715 589 ostensa
1770 540 1854 589 cst
1887 551 1900 587 :
1927 530 2024 587 Vir

442 630 670 685 Macedo
717 629 937 694 quidem
966 636 1085 685 erat
1140 636 1296 684 stans
1353 637 1407 683 ct
1454 620 1756 697 deprecans
1795 643 1917 682 eum
1972 637 2027 682 et

445 721 637 776 dicens
677 718 1027 774 :‘l‘ransiens
1080 718 1135 772 in
1173 717 1580 779 Macedoniam,
1647 717 1845 787 adjuva
1902 732 2024 771 nos.

452 812 520 868 Ut
550 822 731 867 autem
782 813 963 866 visum
995 810 1152 874 vidit,
1177 811 1362 866 statim
1395 810 1751 880 qtuesivimus
1809 809 2030 880 profici-

449 906 526 961 sci
560 906 612 959 in
646 904 1047 965 Macedoniam,
1080 904 1216 959 certi
1248 905 1375 960 facti
1409 904 1557 974 quod
1611 911 1866 959 vocasset
1926 917 2028 957 nos

450 993 596 1049 Dens
628 993 1013 1062 evangelizare
1043 992 1146 1046 eis.
1187 992 1524 1063 Navigantes
1576 1000 1756 1047 autem
1788 1007 1819 1045 a
1853 990 2030 1045 Troa-

352 1092 357 1097 ‘
449 1085 540 1150 de,
570 1094 918 1139 rcctocursu
948 1084 1203 1160 venimus
1237 1082 1699 1147 Samothraciam,
1727 1090 1781 1138 ct
1805 1096 2033 1150 sequen-

450 1180 488 1233 ti
527 1178 618 1231 die
650 1176 967 1246 Neapolim;
997 1184 1052 1231 et
1079 1176 1204 1230 inde
1230 1174 1531 1246 Philippos,
1582 1190 1702 1244 qua:
1733 1185 1815 1230 est
1841 1175 2033 1246 primae

452 1269 628 1341 partis
648 1267 989 1323 Macedonia:
1041 1269 1260 1334 civitas,
1290 1267 1528 1322 colonia.
1579 1266 1814 1322 Eramus
1848 1274 2030 1321 autem

455 1364 510 1416 in
560 1361 663 1416 hac
689 1361 825 1416 urbe
848 1360 1043 1416 diebus
1072 1362 1305 1430 aliquot,
1333 1361 1700 1417 conferentes.
1728 1359 1824 1415 Die
1854 1370 2034 1414 autem

456 1451 830 1507 Sabbatorum
886 1450 1101 1521 egressi
1177 1465 1372 1507 sumus
1426 1450 1576 1507 foras
1626 1457 1842 1521 portam
1880 1450 2035 1519 juxta

456 1544 682 1610 ﬂumen,
701 1545 791 1600 ubi
810 1543 1100 1600 videbatur
1122 1545 1300 1599 oratio
1316 1557 1462 1607 esse,
1487 1552 1540 1597 et
1563 1543 1818 1599 sedentes
1845 1543 2038 1610 loque-
2088 1538 2103 1561 ’

461 1635 664 1689 hamnr
698 1636 1032 1693 mulieribus
1088 1652 1210 1706 qna:
1268 1644 1658 1693 convenerant.
1694 1636 1760 1689 Et
1791 1633 2037 1704 quaedam

463 1729 663 1784 mulier
690 1729 916 1783 nomine
950 1727 1146 1800 Lydia,
1188 1729 1518 1799 purpuraria
1548 1729 1789 1783 civitatis
1816 1727 2041 1798 Thyati-

2128 525 2377 594 Πνεῦμα.
2405 520 2780 592 Παρελθόντες
2820 517 2875 569 δὲ
2909 513 3007 584 τὴν
3033 512 3275 570 Μυσίαν,
3300 506 3610 578 κατέϐησαν
3638 507 3721 569 εἰς

2128 617 2384 690 Τρῳάδα.
2422 615 2531 669 Καὶ
2561 615 2746 684 ὅραμα
2774 609 2863 663 διὰ
2891 608 2990 676 τῆς
3030 604 3228 665 νυκτὸς
3254 600 3415 670 ὤφθη
3447 600 3525 669 τῷ
3569 598 3722 652 Παῦε

2128 709 2206 779 λῳ
2231 726 2244 740 ·
2290 706 2454 778 Ἀνὴρ
2501 703 2771 761 Μακεδών
2810 719 2894 764 τις
2920 695 2987 770 ἦν
3023 698 3217 759 ἐστὼς,
3253 691 3589 764 παρακαλῶν
3618 691 3724 743 αὖ·

2128 802 2223 855 τὸν
2276 801 2373 855 καὶ
2415 800 2631 866 λέγων·
2662 794 2869 858 Διαϐὰς
2918 794 2997 855 εἰς
3064 785 3408 843 Μακεδονίαν
3452 783 3725 855 βοήθησον

2132 893 2288 963 ἡμῖν.
2329 891 2418 955 Ὠς
2470 890 2527 944 δὲ
2564 889 2626 942 τὸ
2658 887 2842 958 ὅραμα
2888 880 3051 947 εἶδεν,
3101 877 3305 940 εὐθέως
3367 874 3723 944 ἐζητήσαμεν

2134 984 2373 1051 ἐξελθεῖν
2423 984 2505 1047 είς
2548 986 2649 1052 τὴν
2695 978 3066 1036 Μακεδονίαν.
3127 967 3587 1041 συμὸιὸἀζοντες,
3638 967 3724 1018 ὅτι

2110 1076 2544 1153 ,προσκέκληται
2574 1074 2725 1144 ἡμᾶς
2748 1075 2775 1125 6
2803 1070 2958 1134 Θεὸς,
3009 1061 3475 1134 εὐαγγελίσασθαι
3512 1061 3724 1123 αὐτοῖς.

2148 1167 2504 1239 Ἀναχθέντες
2544 1166 2600 1220 δὲ
2636 1165 2748 1219 ἀπὸ
2789 1164 2886 1233 τῆς
2927 1159 3181 1230 Τρῳάδος
3235 1154 3731 1225 εὐθυδρομήσαμεν

2137 1262 2217 1324 εἰς
2250 1259 2651 1332 Σαμοθρᾴκην,
2681 1261 2749 1330 τῇ
2790 1274 2849 1309 τε
2882 1253 3114 1323 ἐπιούσῃ
3158 1252 3238 1315 εἰς
3299 1246 3604 1301 Νεάπολιν’
3628 1247 3734 1299 κὰ-

2139 1355 2319 1408 κεῖθεν
2356 1355 2437 1418 είς
2475 1352 2803 1414 Φιλίππους,
2835 1349 2958 1420 ἥτις
2991 1343 3114 1398 ἐστὶ
3145 1339 3339 1413 πρώτη
3367 1338 3465 1407 τῆς
3512 1335 3734 1407 μερίδος

2140 1448 2241 1518 τῆς
2267 1444 2633 1507 Μακεδονίας,
2690 1442 2844 1504 πόλις
2887 1437 3143 1493 κολωνία.
3185 1434 3371 1504 Ἦμεν
3407 1433 3462 1485 δὲ
3489 1434 3545 1484 ὲν
3588 1431 3734 1500 αὐτῇ

2140 1540 2206 1608 τῇ
2259 1537 2411 1590 πόλει
2461 1534 2834 1604 διατρίϐοντες
2879 1530 3099 1601 ἡμέρας
3146 1526 3323 1587 τινάς.
3348 1524 3429 1593 Τῇ
3458 1523 3513 1576 δὲ
3544 1522 3738 1592 ἡμέρα

2141 1631 2252 1685 τῶν
2294 1629 2597 1684 Σαϐϐάτων
2624 1625 2926 1697 ἐξήλθομεν
2967 1622 3073 1688 ἔξω
3099 1621 3200 1690 τῆς
3230 1617 3437 1680 πόλεως
3464 1615 3617 1684 παρὰ
3635 1630 3739 1665 πο·

2146 1729 2345 1794 ταμὸν,
2392 1718 2453 1778 οὗ
2501 1720 2787 1792 ἐνομίζετο
2833 1714 3115 1787 προσευχὴ
3146 1706 3323 1766 εἶναι’
3358 1710 3453 1763 καὶ
3480 1708 3739 1761 καθίσαν·

467 1832 752 1881 renorum,
804 1817 994 1872 colens
1034 1818 1219 1882 Deum,
1274 1818 1522 1872 audivit:
1582 1818 1740 1887 cujus
1781 1816 2051 1872 Dominus

2159 1835 2239 1880 τες
2290 1815 2591 1885 ἐλαλοῦμεν
2626 1815 2748 1873 ταῖς
2776 1807 3165 1869 συνελθούσαις
3208 1801 3451 1872 γυναιξί.
3494 1798 3606 1853 Καί
3646 1815 3738 1860 τις

460 1911 675 1979 aperuit
699 1926 796 1966 cor
826 1910 1116 1966 intendere
1143 1912 1230 1967 his
1262 1927 1384 1981 quae.
1412 1912 1737 1968 dicebantur
1771 1927 1799 1965 a
1852 1910 2042 1968 Paulo.

458 2001 596 2058 Cum
623 2010 804 2057 autem
829 2004 1108 2074 baptizata
1147 2011 1298 2059 esset
1331 2013 1387 2059 et
1421 2003 1619 2058 domus
1673 2004 1815 2072 ejus,
1851 2002 2048 2071 depre—

463 2102 583 2148 cata
615 2104 701 2151 est
725 2095 950 2154 dicens:
990 2096 1045 2152 Si
1093 2097 1384 2167 judicastis
1412 2111 1499 2151 me
1565 2094 1775 2149 fidelem
1817 2094 2049 2149 Domino

465 2199 611 2253 esse,
636 2187 860 2245 introitc
884 2191 937 2245 in
961 2190 1184 2246 domum
1213 2205 1387 2245 meam
1415 2198 1469 2244 et
1496 2197 1733 2242 manete.
1774 2186 1839 2240 Et
1869 2190 2050 2259 coegit

464 2290 587 2333 nos.

867 2533 1030 2604 273
1061 2532 1635 2589 COMMENTARIUS.

528 2622 806 2701 Dogmata
842 2634 1004 2678 vocat
1054 2631 1255 2680 statuta
1302 2627 1391 2680 illa
1424 2627 1738 2684 abstinendi
1775 2629 1845 2685 ab
1882 2631 2055 2688 idolo-

469 2714 642 2784 thytis
671 2755 688 2780 ,
717 2728 749 2768 a
782 2713 1168 2783 fornicatione,
1196 2734 1227 2772 a
1247 2717 1513 2775 suﬂ'ocato
1542 2729 1597 2775 et
1619 2736 1647 2775 a
1679 2722 1964 2793 sanguine.
1995 2724 2052 2779 ln

471 2803 603 2859 Asia
633 2811 690 2859 et
736 2803 988 2875 Bithynia
1042 2821 1152 2863 non
1199 2810 1449 2879 permisit
1500 2811 1738 2880 Spiritus
1791 2822 2044 2881 sanctus,

472 2902 533 2947 ut
571 2896 807 2966 apostoli
839 2894 1190 2968 Evangelium
1236 2901 1615 2970 praedicarent,
1651 2902 1882 2961 fortasse
1909 2904 2053 2976 quod

478 2988 843 3057 praevideret,
917 2988 1544 3050 Pneumatomacborum
1595 2996 1848 3053 heresim
1916 3000 2059 3054 inter

470 3086 663 3148 gentes
686 3079 809 3136 illas
827 3080 1254 3139 dominaturam.
1277 3083 1688 3143 Observandum
1724 3105 1876 3155 vero,
1910 3091 2053 3160 quod

472 3170 528 3223 iu
564 3171 792 3227 urbibus
824 3173 947 3230 istis
980 3174 1147 3231 simul
1184 3192 1310 3232 cum
1348 3179 1517 3236 Paulo
1561 3192 1704 3236 esset
1736 3181 1913 3237 Lucas
1946 3199 1962 3246 ;
2001 3194 2058 3239 ut

472 3270 623 3332 patet
651 3277 716 3317 ex
746 3280 812 3321 co
839 3267 983 3336 quod
1015 3283 1139 3324 sese
1166 3270 1218 3323 in
1251 3272 1568 3327 narratione
1594 3288 1693 3327 sua
1731 3276 2061 3344 complecta-

474 3361 585 3416 tur,
643 3354 881 3412 diecns:
942 3376 961 3409 ι
992 3356 1384 3427 Qutesivimns,
1420 3368 1529 3416 etc.
1555 3400 1571 3425 ,
1631 3363 1720 3418 ubi
1772 3363 2062 3420 videbatur

472 3446 670 3501 oratio.
699 3465 719 3499 ι
769 3447 888 3503 Non
930 3454 1108 3505 solum
1151 3452 1242 3508 ubi
1274 3468 1554 3527 synagoga
1593 3464 1732 3522 erat,
1769 3457 1864 3513 sed
1895 3459 2058 3513 etiam

475 3533 615 3594 foris
635 3539 867 3594 orabant
898 3558 915 3595 :
945 3544 1254 3598 namlocum
1287 3546 1526 3617 aliquem
1556 3549 1792 3604 orationi
1818 3551 2064 3608 destina-

475 3629 610 3685 bant
635 3629 831 3700 Judaai,
849 3643 1036 3706 utpote
1055 3638 1387 3696 crassiores.
1415 3641 1506 3695 Vel
1522 3655 1608 3709 eo,
1642 3643 1787 3712 quod
1812 3645 1960 3699 nulla
1987 3646 2059 3700 ibi

462 3730 644 3791 ,esset,
661 3727 1209 3796 pr0pter;Juda:orum
1225 3733 1577 3803 paucitatem,
1602 3751 1901 3807 synagoga;
1920 3741 2061 3794 clam

478 3827 647 3883 prope
665 3813 888 3873 fluvium
910 3825 1409 3894 congregabantur,
1430 3826 1524 3894 qui
1546 3827 1729 3894 pietati
1749 3809 2063 3886 studebant.

1067 3933 1296 3990 CAPUT
1327 3935 1518 3993 XXIV.

1011 4025 1293 4082 Dominica
1358 4037 1530 4083 sexta.

484 4112 562 4169 De
604 4123 905 4172 terrtcmotu
933 4128 984 4172 et
1016 4120 1165 4189 signa
1199 4138 1317 4187 qua,
1353 4120 1550 4177 ibidem
1588 4126 1916 4197 Contigerant
1963 4146 1980 4183 :
2017 4140 2066 4185 et

550 4207 812 4275 quomodo
853 4218 1026 4263 custos
1059 4216 1314 4278 carceris,
1346 4230 1464 4267 cum
1514 4217 1846 4287 credidisset,
1885 4227 2066 4277 eadem

552 4312 702 4354 nocte
733 4300 1038 4371 baptizatus
1056 4315 1135 4358 est
1168 4321 1283 4358 cum
1311 4316 1421 4361 tota
1440 4309 1656 4378 familia
1683 4328 1804 4366 sua.

1120 4396 1424 4457 TEXTUS.

549 4491 691 4558 XVI,
734 4490 920 4547 16—56.
951 4490 1176 4546 Factum
1200 4501 1284 4548 est
1304 4505 1508 4561 autem,
1529 4499 1788 4554 euntibus
1815 4500 1972 4556 nobis
2004 4503 2070 4557 ad

480 4583 1050 4650 orationem.puellam
1071 4584 1365 4651 quamdam
1390 4586 1675 4643 habentem
1695 4591 1949 4660 spiritum
1972 4591 2075 4665 Py-

483 4674 702 4726 thonem
721 4674 944 4731 obviare
962 4678 1271 4742 nobis,qu:e
1289 4687 1556 4743 quacsmm
1575 4692 1827 4751 maguum
1842 4679 2083 4752 praesim

484 4766 576 4818 hat
605 4766 847 4820 dominis
871 4767 990 4821 suis
1017 4767 1337 4824 divinando.
1379 4768 1504 4825 llarc
1529 4771 1827 4829 subsecuta
1843 4772 2070 4826 Paulum

484 4865 538 4908 et
576 4870 702 4922 nos,
730 4857 1004 4920 clamabat
1023 4851 1247 4918 dicens:
1278 4861 1369 4917 Isti
1410 4861 1663 4917 homines
1692 4862 1834 4923 servi
1858 4862 1948 4915 Dei
1974 4879 2070 4914 ex-

483 4945 616 5001 celsi
656 4956 805 5012 sunt,
844 4949 936 5017 qui
981 4952 1311 5006 annuntiant
1345 4951 1499 5009 vobis
1534 4951 1674 5007 viam
1711 4951 1927 5007 salutis.
1957 4952 2073 5006 Hoc

482 5048 665 5100 autem
699 5039 934 5100 faciebat
960 5044 1151 5098 multis
1175 5043 1392 5098 diebus.
1428 5042 1629 5098 Dolens
1660 5050 1843 5097 autem
1868 5043 2074 5097 Paulus

484 5141 540 5187 et
562 5146 885 5199 conversus,
909 5135 1127 5205 spiritui
1158 5135 1298 5191 dixit
1333 5152 1350 5199 ;
1383 5135 1644 5204 Przecipio
1674 5134 1775 5189 tibi
1809 5136 1861 5189 in
1898 5136 2078 5189 nomi-

486 5239 555 5278 ne
585 5222 717 5281 Jesu
759 5225 964 5281 Christi
994 5227 1144 5283 exire
1185 5226 1253 5281 ab
1299 5241 1387 5282 ea.
1432 5225 1496 5280 Et
1522 5224 1655 5280 exiit
1689 5227 1877 5281 eadem
1919 5226 2074 5281 hora.

489 5312 757 5373 Videntes
787 5327 972 5375 autem
1004 5316 1211 5373 domini
1240 5317 1384 5385 eius,
1415 5318 1543 5387 quia
1580 5318 1751 5374 exivit
1777 5334 1904 5387 spes
1927 5334 2077 5388 qua:-

485 5415 606 5463 stus
624 5423 814 5463 eorum
842 5450 857 5474 ,
882 5408 1361 5478 apprehendentes
1389 5407 1618 5463 Paulum
1661 5419 1715 5463 ct
1752 5407 1920 5463 Silam
1954 5424 2077 5479 per-

486 5496 767 5554 duxerunt
817 5502 869 5556 in
902 5502 1079 5557 forum
1112 5500 1179 5557 ad
1228 5501 1525 5572 principes,
1572 5508 1629 5558 et
1661 5500 1955 5558 oﬂ‘ercntes
1985 5518 2079 5558 eos

490 5590 929 5659 magistratibus,
979 5592 1287 5650 dixerunt:
1338 5591 1402 5646 Hi
1459 5593 1710 5649 homines
1747 5595 2079 5649 conturbant

492 5678 774 5737 civitatem
805 5694 1054 5740 nostram
1079 5725 1095 5751 ,
1125 5700 1251 5741 cum
1286 5685 1398 5741 sint
1426 5683 1622 5741 Judaai.
1658 5684 1722 5739 Et
1748 5684 2079 5740 annuntiant

490 5782 703 5829 Mrem
727 5790 888 5843 quem
917 5792 1025 5834 non
1053 5778 1180 5834 licet
1209 5778 1372 5836 nobis
1391 5780 1669 5851 suscipere
1699 5795 1877 5850 neque
1901 5779 2080 5834 facere

2149 1907 2309 1977 γυνὴ,
2344 1906 2571 1976 ὀνόματι
2625 1902 2817 1965 Λυδία,
2843 1895 3309 1969 πορφυρόπωλις,
3338 1893 3551 1954 πόλεως
3586 1890 3741 1943 Θυα-

2148 2001 2371 2071 τείρων,
2426 1997 2694 2068 σεϐομένη
2745 1994 2838 2049 τὸν
2885 1992 3021 2046 Θεὸν
3074 1990 3316 2062 ἤκουσεν
3340 2004 3351 2016 ·
3377 1980 3448 2057 ἧς
3478 1987 3505 2039 6
3532 1983 3742 2055 Κύριος

2148 2091 2384 2161 διήνοιξε
2422 2091 2520 2161 τὴν
2575 2089 2808 2159 καρδίαν
2864 2084 3159 2157 προσέχειν
3211 2082 3327 2143 τοῖς
3385 2076 3746 2146 λαλουμένοις

2150 2183 2256 2236 ὑπὸ
2296 2182 2389 2236 τοῦ
2423 2180 2661 2235 Παύλου.
2698 2181 2788 2242 Ὠς
2830 2178 2885 2231 δέ
2918 2175 3247 2246 ἐϐαπτίσθη,
3292 2172 3387 2227 καὶ
3417 2173 3444 2224 6
3471 2166 3619 2231 οἶκος
3644 2169 3749 2222 αὖ-

2149 2276 2270 2345 τῆς,
2322 2275 2670 2346 παρεκάλεσε
2715 2274 2953 2344 λέγουσα
2975 2289 2989 2303 ο
3021 2271 3085 2324 Εί
3112 2265 3411 2339 κεκρίκατέ
3430 2282 3513 2335 ,με
3543 2262 3750 2332 πιστὴν

2150 2369 2229 2440 τῷ
2265 2370 2457 2441 Κυρίῳ
2489 2363 2652 2429 εἶναι,
2686 2365 3024 2429 εἰσελθόντες
3076 2363 3156 2426 εἰς
3188 2359 3280 2414 τὸν
3305 2354 3456 2411 οἶκόν
3493 2373 3595 2427 μου
3628 2353 3751 2424 μείς

2141 2465 2280 2517 ’νατε
2305 2477 2318 2490 ·
2354 2461 2447 2515 καὶ
2486 2459 2862 2532 παρεϐιάσατο
2903 2456 3072 2526 ἡμᾶς.

2752 2546 3137 2603 EPMHNEIA.

2229 2634 2489 2716 Δόγματα
2514 2644 2753 2710 κέκληκε
2782 2640 3132 2712 τὴνάποχὴν
3188 2634 3299 2689 τῶν
3346 2629 3744 2692 εἰδωλοθύτων,

2166 2739 2429 2810 πορνείας
2479 2754 2538 2790 τε
2590 2736 2686 2790 καὶ
2746 2734 3003 2804 αἵματος,
3067 2729 3165 2784 καὶ
3220 2724 3470 2780 πνικτοῦ.
3537 2722 3626 2775 Ἐν
3676 2722 3749 2790 τῇ

2171 2828 2343 2900 Ἀσίᾳ.
2364 2828 2460 2880 καὶ
2489 2826 2719 2898 Βιθυνίᾳ
2745 2823 2945 2879 κωλύει
2967 2823 3027 2875 τὸ
3056 2819 3287 2890 Πνεῦμα
3333 2818 3564 2887 λαλῆσαι
3620 2815 3751 2876 τοὺς

2159 2920 2499 2984 ἀποστόλους
2528 2920 2620 2972 τὸν
2646 2917 2827 2987 λόγον,
2875 2914 3254 2987 προγινῶσκον
3284 2910 3384 2980 τὴν
3413 2908 3521 2962 τῶν
3573 2909 3749 2960 Πνευ-

2163 3015 2499 3087 ματομὰχων
2527 3013 2741 3081 αἵρεσιν
2780 3008 3059 3081 κυριεύειν
3094 3005 3204 3060 τῶν
3240 3002 3428 3058 ἐθνῶν.
3501 3001 3754 3069 Σημειω-

2138 3106 2308 3168 ντέον,
2344 3105 2425 3158 ὃτι
2450 3104 2549 3157 σὺν
2577 3102 2656 3174 τῷ
2685 3101 2883 3171 Παύλῳ
2914 3094 2981 3171 ἦν
3009 3102 3067 3153 ἐν
3099 3099 3221 3161 ταῖς
3272 3093 3464 3148 πόλεσι
3513 3090 3749 3151 ταύταις

2167 3198 2262 3251 καὶ
2287 3200 2316 3251 6
2355 3197 2589 3259 Λουκᾶς,
2620 3196 2698 3258 ὡς
2738 3193 2797 3259 ἐξ
2826 3187 2901 3248 ὧν
2933 3193 3027 3247 καὶ
3079 3190 3140 3243 τὸ
3196 3188 3491 3258 πρόσωπον
3549 3179 3751 3235 ἑαυτοῦ

2163 3287 2724 3359 συμπαραλαμϐάνει,
2791 3286 3008 3354 λέγων*
3087 3301 3107 3336 ι
3144 3280 3598 3350 Ἐζητήσαμεν.ι
3669 3273 3749 3325 Οὐ

2164 3382 2325 3452 μόνον
2385 3380 2512 3434 ἔνθα
2563 3380 2876 3451 συναγωγῆς
2906 3374 2994 3450 ἦν,
3039 3376 3177 3431 ἀλλὰ
3219 3375 3315 3428 καὶ
3355 3372 3461 3441 ἔξω
3487 3368 3752 3441 ηὔχοντο,

2164 3475 2356 3547 ὥσπερ
2384 3474 2550 3528 τόπον
2577 3474 2699 3529 τινὰ
2730 3471 3114 3544 ἀφορίζοντες.
3150 3470 3247 3525 ἂτε
3302 3460 3755 3536 σωματικώτεροι

2162 3568 2314 3633 ὄντες
2340 3570 2391 3622 οἱ
2437 3568 2680 3621 Ἰουδαῖοι
2716 3566 2798 3637 ’ἢ
2852 3566 3076 3635 μᾶλλον,
3123 3562 3197 3634 μὴ
3249 3564 3415 3630 οῦσης
3464 3558 3580 3610 ἐκεῖ
3621 3572 3757 3607 συν-

2168 3648 2415 3731 αγωγῆς,
2446 3661 2536 3714 διὰ
2559 3661 2620 3713 τὸ
2644 3660 2895 3721 σπάνιον,
2926 3656 3078 3728 παρὰ
3110 3657 3201 3709 τὸν
3233 3651 3478 3722 ποταμὸν
3519 3649 3624 3714 ἔξω
3654 3642 3761 3716 τῆς

2165 3754 2374 3818 πόλεως
2399 3754 2576 3825 λάθρα
2603 3755 2902 3824 συνήγοντο
2922 3752 2972 3806 οἱ
2992 3750 3154 3822 δῆθεν
3177 3746 3469 3806 θεοσεϐεῖς.

2740 3941 2785 3993 Κ
2798 3940 2997 3993 ΕΦΑΛ.
3057 3939 3187 3992 KA'.

2786 4028 3042 4099 κυριακῇ
3074 4032 3151 4091 ς’.

2172 4119 2309 4189 Περὶ
2325 4118 2430 4172 τοῦ
2452 4116 2795 4188 συμϐάντος
2812 4117 3011 4171 ἐκεῖσε
3031 4114 3290 4185 σεισμοῦ
3314 4112 3412 4168 καὶ
3434 4110 3766 4179 θαύματος,

2239 4217 2337 4270 καί
2361 4215 2523 4279 ὅπως
2541 4213 2884 4277 πιστεύσας
2910 4215 2943 4266 ὀ
2969 4207 3392 4281 είρκτοφύλαξ,
3416 4210 3487 4264 ἐν
3504 4209 3661 4278 αὐτῇ
3687 4209 3768 4279 τῇ

2190 4287 2195 4293 ’
2243 4304 2418 4363 νυκτὶ
2444 4305 2781 4369 ἐϐαπτίσθη
2809 4302 3155 4367 nar-eanec.

2773 4391 3163 4446 KEIMENON.

2259 4483 2532 4551 Ἐγένετο,
2560 4481 2949 4553 πορευομένων
2979 4484 3139 4553 ἡμῶν
3160 4483 3242 4547 είς
3277 4482 3375 4555 τὴν
3424 4481 3772 4554 προσευχὴν,

2178 4576 2469 4645 παιδίσκην
2494 4574 2619 4628 τινὰ
2653 4573 2888 4645 ἔχουσαν
2922 4574 3140 4645 πνεῦμα
3167 4575 3424 4639 Πύθωνος
3446 4575 3774 4643 ἀπαντῆσαι

2176 4670 2330 4739 ἡμῖν,
2358 4668 2483 4739 ἥτις
2526 4667 2796 4739 ἐργασίαν
2850 4667 3053 4738 πολλὴν
3112 4670 3339 4736 παρεῖχε
3387 4669 3502 4730 τοῖς
3553 4666 3775 4737 κυρίοις

2176 4759 2348 4829 αὐτῆς
2432 4758 2836 4830 μαντευομένη.
2863 4766 2886 4819 ξ’
2917 4758 3066 4827 Αὕτη
3117 4758 3648 4826 κατακολουθήσασα
3689 4757 3775 4826 τῷ

2179 4850 2376 4922 Παύλῳ
2406 4853 2499 4904 καὶ
2528 4853 2681 4921 ἡμῖν,
2724 4849 2925 4921 ἕκραζε
2958 4851 3231 4918 λέγουσα·
3272 4844 3435 4903 Οὗτοι
3469 4851 3516 4902 οξ
3549 4848 3739 4919 ἄνθρω
3760 4877 3777 4890 -

2179 4960 2269 4997 ποι
2296 4943 2471 4997 δοῦλοι
2495 4943 2590 4996 τοῦ
2610 4942 2744 4996 Θεοῦ
2762 4942 2857 4995 τοῦ
2886 4943 3113 5011 ὑψίστου
3142 4942 3303 5007 εἰσὶν,
3328 4941 3529 5003 οἵτινες
3555 4953 3736 5006 καταγ
3753 4970 3771 4980 ο

2178 5038 2463 5106 γὲλλουσιν
2494 5038 2626 5106 ἡμῖν
2654 5037 2773 5090 ὁδὸν
2807 5036 3089 5107 σωτηρίας
3113 5051 3126 5064 ο
3155 5034 3318 5087 τοῦτο
3348 5034 3406 5086 δὲ
3442 5032 3617 5087 ἐποίει
3674 5032 3778 5084 ἐπὶ

2180 5130 2379 5192 πολλὰς
2404 5130 2639 5203 ἡμέρας.
2695 5127 3051 5198 Διαπονηθεὶς
3077 5126 3135 5179 δὲ
3194 5128 3223 5178 6
3251 5126 3482 5189 Παῦλος,
3512 5126 3609 5179 καὶ
3644 5126 3775 5177 ἐπιδ

2181 5223 2442 5294 στρέψας,
2471 5223 2547 5294 τῷ
2573 5221 2847 5292 πνεύματι
2871 5215 2995 5274 εἷπε
3020 5237 3031 5250 ·
3068 5218 3456 5291 Παραγγέλλω
3486 5235 3570 5273 σοι
3600 5220 3658 5270 ἐν
3690 5215 3779 5287 τῷ

2178 5316 2403 5386 ὀνόματι
2438 5315 2615 5387 Ἰησοῦ
2665 5312 2905 5385 Χριστοῦ
2964 5311 3204 5379 ἐξελθεῖν
3254 5312 3350 5365 ἀπ’
3401 5310 3594 5380 αὐτῆς.
3658 5310 3780 5364 Καὶ

2181 5410 2403 5479 ἐξῆλθεν
2428 5408 2569 5479 αὐτῇ
2596 5408 2664 5478 τῇ
2693 5405 2834 5479 ὥρᾳ.
2873 5405 3099 5468 ’ἰδόντες
3140 5405 3198 5458 δὲ
3244 5404 3291 5457 el
3339 5400 3521 5475 κύριοι
3575 5400 3779 5468 αὐτῆς,

2182 5502 2261 5554 ὅτι
2284 5500 2506 5571 ἐξῆλθεν
2540 5501 2574 5569 ἡ
2601 5498 2758 5561 ἐλπὶς
2785 5497 2886 5568 τῆς
2931 5496 3196 5567 ἐργασίας
3253 5494 3455 5558 αὐτῶν,
3512 5491 3783 5550 ἐπιλαϐό-

2188 5608 2340 5661 μενοι
2374 5591 2464 5644 τδν
2500 5590 2712 5644 Παῦλον
2739 5587 2835 5641 καὶ
2873 5588 2965 5641 τὸν
3008 5586 3192 5651 Σίλαν,
3220 5585 3480 5638 εἵλκυσαν
3535 5583 3615 5643 είς
3668 5579 3781 5649 τὴν

2188 5683 2393 5753 ἀγορὰν
2438 5683 2531 5735 ἐπὶ
2587 5683 2714 5744 τοὺς
2790 5679 3055 5750 ἄρχοντας
3084 5694 3098 5710 ·
3162 5676 3257 5731 καὶ
3320 5673 3783 5745 προσαγαγόντες

2194 5775 2387 5837 αὐτοὺς
2428 5778 2533 5838 rei;
2565 5775 2910 5846 στρατηγοῖς,
2955 5767 3106 5824 εἷπον
3138 5787 3151 5799 ·
3200 5763 3360 5823 Οὗτοι
3384 5769 3431 5821 οἱ
3491 5765 3782 5836 ἄνθρωποι

2102 4441 2146 4495 D
