4058 6210
301 359 407 422 989

943 364 1478 427 EXPOSITIONIS
1512 368 1593 428 IN
1633 369 1822 429 ACTA
1854 370 2155 434 TEXTUS
2179 374 2452 435 ALTER.
2490 400 2560 410 ·-
2587 349 2743 437 CAP.
2774 376 2928 438 XVI.

3443 377 3547 438 990

297 473 724 545 ἐκταράσσουσιν
753 474 909 546 ἡμῶν
941 478 1039 548 τὴν
1069 479 1245 539 πόλιν,
1272 480 1520 534 Ἰουδαῖοι
1580 481 1853 552 ὑπαρχον-

1969 499 2085 539 cum
2135 487 2309 543 simus
2358 487 2612 544 Romani.
2660 489 2717 543 Et
2764 487 3010 545 cucurrit
3068 487 3220 556 plebs
3278 488 3543 544 adversus

295 583 404 631 τες,
431 567 524 621 καὶ
540 569 996 637 καταγγέλλοντες
1022 570 1313 641 ἕθη,ἃόύκ
1339 572 1512 637 ἕξεσιν
1531 573 1660 641 ἡμῖν
1675 590 1854 639 παρα-

294 659 712 729 δὲχεσθαι,ξούδὲ
744 664 935 725 ποιεῖν,
978 662 1272 733 Ῥωμαίοις
1302 659 1441 718 οὖσι.
1482 664 1596 719 Καὶ
1635 664 1864 717 συνεπέο

295 768 392 822 στη
413 751 441 802 6
456 750 611 822 δχλος
642 753 763 807 κατ’
780 754 982 822 αὐτῶν,
999 754 1153 809 καὶοὶ
1172 756 1471 827 στρατηγοὶ
1487 755 1859 826 περιρρήξαν-

290 858 381 905 τες
411 842 593 897 αὐτῶν
622 843 690 897 τὰ
723 845 939 914 ίμάτια,
968 847 1217 901 ἐκέλευον
1247 848 1542 919 ῥαϐδίζειν.
1564 847 1773 911 Πολλὰς
1801 864 1862 900 τε

291 933 571 998 ἐπιθέντες
594 935 777 1000 αὐτοῖς
804 936 1040 1004 πληγὰς,
1054 939 1240 993 ἔϐαλον
1259 940 1337 1003 εἰς
1355 939 1621 1009 φυλακὴν,
1641 957 1863 1011 παραγ-

286 1040 350 1091 γε
360 1024 568 1088 ίλαντες
584 1026 661 1094 τῷ
672 1027 1063 1098 δεσμοφύλακι,
1077 1030 1331 1099 ἀσφαλῶς
1341 1033 1525 1102 τηρεῖν
1536 1030 1751 1094 αὐτούς.
1765 1032 1863 1094 Ὃς

289 1117 666 1185 παραγγελίαν
689 1119 943 1190 τοιαύτην
958 1120 1216 1191 εἰληφὼς,
1242 1120 1430 1175 ἔϐαλεν
1458 1122 1653 1186 αὐτοὺς
1669 1123 1749 1183 είς
1764 1120 1859 1190 τὴν

287 1204 563 1272 ἐσωτέραν
593 1208 861 1279 φυλακὴν,
878 1211 973 1265 καὶ
997 1215 1122 1276 τοὺς
1146 1212 1311 1283 πόδας
1326 1212 1505 1266 αὐτῶν
1524 1214 1861 1282 ἠσφαλίσατο

286 1297 367 1360 εἰς
383 1298 443 1349 τὸ
461 1297 638 1362 ξύλον.
661 1301 816 1355 Κατὰ
831 1300 887 1354 δὲ
903 1303 962 1356 τὸ
980 1303 1347 1373 μεσονύκτιον,
1366 1303 1573 1367 Παῦλος
1588 1304 1681 1357 καὶ
1697 1303 1858 1365 Σίλας

284 1390 731 1460 προσευχόμενοι,
749 1391 948 1463 ὕμνουν
970 1396 1057 1447 τὸν
1073 1395 1227 1449 Θεόν·
1243 1396 1593 1467 ἐπηκροῶντο
1607 1394 1662 1448 δέ
1678 1395 1855 1448 αὐτῶν

282 1479 332 1531 οἱ
354 1480 582 1549 δέσμιοι.
604 1482 793 1552 Ἀιρνω
814 1483 872 1538 δέ
895 1487 1114 1556 σεισμὸς
1133 1488 1348 1556 ἐγένετο
1367 1487 1556 1557 μέγας,
1593 1487 1732 1540 ὥστε
1755 1503 1856 1541 σα-

284 1569 618 1638 λευθῆναιτά
637 1574 861 1643 θεμέλια
880 1575 974 1630 τοῦ
986 1578 1382 1648 δεσμωτηρίου.
1400 1577 1675 1649 ’Πνεῴχθη
1686 1595 1782 1632 σαν
1799 1578 1855 1631 δὲ

283 1662 622 1730 πιραχρῆμα
643 1665 698 1717 αἱ
717 1662 876 1734 θύραι
896 1668 1088 1730 πᾶσαι,
1117 1669 1211 1720 καὶ
1233 1668 1448 1721 πάντων
1478 1669 1545 1719 τὰ
1565 1667 1736 1737 δεσμὰ
1759 1668 1857 1719 ἀν-

283 1746 404 1816 έθη.
442 1749 710 1816 Ἔξυπνος
733 1753 790 1807 δὲ
812 1756 1108 1824 γενόμενος
1131 1758 1159 1808 6
1190 1755 1557 1825 δεσμοφύλαξ,
1594 1756 1690 1809 καὶ
1730 1755 1853 1809 ίδὼν

287 1837 642 1909 ἀνεῳγμένας
684 1844 784 1906 τὰς
844 1844 1013 1915 θύρας
1047 1846 1145 1914 τῆς
1181 1845 1448 1914 φυλακῆς,
1509 1845 1861 1916 σπασάμενος

286 1930 581 2001 μάχαιραν,
604 1933 796 2002 ἤθελεν
832 1935 1027 1989 ἑαυτὸν
1085 1937 1353 2006 ἀναιρεῖν,
1408 1936 1647 2005 νομίζων
1696 1938 1863 1991 ἐκπε-

282 2020 546 2086 φευγέναι
583 2023 708 2084 τοὺς
735 2024 1016 2093 δεσμίους.
1047 2025 1327 2095 Ἐφώνησε
1373 2027 1427 2079 δὲ
1458 2030 1608 2097 φρυνῇ
1648 2028 1860 2100 μεγάλῃ

280 2108 565 2203 δ-Παῦλος,
589 2112 796 2181 λέγων’
850 2117 1033 2186 Μηδὲν
1097 2118 1311 2203 πράξης
1373 2118 1584 2187 σεαυτῷ
1642 2121 1809 2173 κακόν
1844 2134 1859 2150 ⁸

283 2198 559 2266 Ἅπαντες
590 2205 696 2274 γάρ
743 2208 909 2276 ἐσμεν
939 2208 1147 2265 ἐνθάδε.
1178 2198 1414 2279 Δὶ-ἶήσας
1443 2209 1499 2261 δὲ
1542 2210 1697 2276 φῶτα
1743 2210 1858 2262 είσο

280 2291 545 2362 επήδησε,
590 2295 684 2348 καὶ
736 2294 997 2367 ἔντρομος
1058 2298 1367 2367 γενόμενος,
1416 2298 1723 2368 προσέπεσε
1781 2298 1860 2366 τῷ

284 2384 487 2455 Παύλῳ
514 2387 609 2439 καὶ
642 2387 721 2456 τῷ
752 2387 882 2458 Σίλᾳ
903 2407 918 2421 ι
958 2391 1048 2442 καὶ
1105 2388 1439 2460 προαγαγὼν
1494 2388 1692 2450 αὐτοὺς
1726 2376 1854 2452 ἔξω,

282 2475 386 2549 ἔφη
419 2495 434 2508 ⁸
464 2477 662 2548 Κύριοι
692 2497 817 2549 μου,
850 2480 903 2533 τί
947 2496 1013 2552 με
1038 2481 1119 2535 δεῖ
1147 2483 1315 2534 ποιεῖν
1366 2482 1456 2532 ἵνα
1489 2478 1646 2531 σωθῶ
1676 2494 1690 2543 ;
1715 2479 1784 2545 ,Οἱ
1805 2478 1860 2531 δὲ

281 2567 475 2624 εἷπονο
514 2572 811 2626 Πίστευσον
832 2574 923 2626 ἐπὶ
965 2576 1057 2627 τὸν
1084 2572 1287 2644 Κύριον
1332 2569 1546 2641 Ἰησοῦν
1602 2570 1859 2641 Χριστδν,
1907 2644 1911 2648 ι

283 2664 378 2717 καὶ
404 2665 626 2739 σωθήσῃ
657 2668 721 2719 σὺ
743 2668 838 2720 καὶ
864 2669 892 2720 ὁ
926 2663 1072 2729 οἶκός
1094 2683 1207 2720 σου.
1244 2664 1354 2718 Καὶ
1385 2663 1659 2734 ἐλάλησαν
1704 2660 1853 2731 αὐτῷ

281 2757 374 2809 τὸν
408 2757 567 2824 λόγον
594 2757 689 2810 τοῦ
714 2758 919 2827 Κυρῖου
947 2758 1041 2810 καὶ
1073 2758 1207 2811 πᾶσι
1232 2759 1344 2819 τοῖς
1381 2759 1437 2809 ἐν
1472 2758 1537 2826 τῇ
1564 2753 1713 2825 οἰκίᾳ
1756 2753 1856 2806 αὑ-

277 2847 401 2905 τοῦ.
431 2849 538 2901 Καὶ
570 2848 1012 2919 συμπαραλαϐὼν
1040 2849 1238 2911 αὐτοὺς
1283 2849 1342 2901 ἐν
1392 2846 1577 2919 ἐκείνῃ
1617 2847 1684 2915 τῇ
1734 2843 1855 2915 ὥρα

281 2938 498 3001 νυκτὸς,
524 2938 746 2993 ἔλουσεν
772 2941 880 2994 ἀπὸ
917 2940 1027 2992 τῶν
1072 2940 1297 3008 πληγῶν
1328 2956 1342 2971 '
1403 2939 1497 2991 καὶ
1552 2935 1857 3004 ἐϐαπτίσθη

1974 590 2092 642 eos,
2126 584 2177 633 et
2210 580 2788 650 magistratus.scissis
2808 581 3008 635 tunicis
3032 579 3545 648 eorum,jusserunt

1975 682 2071 722 eos
2100 668 2269 738 virgis
2308 670 2460 725 caedi.
2514 669 2581 724 Et
2610 686 2734 725 curn
2772 672 2974 726 multas
3010 671 3196 741 plagas
3234 672 3316 726 eis
3370 672 3541 741 impo-

1975 755 2238 820 suissent,
2279 758 2549 813 miserunt
2585 775 2678 816 eos
2724 760 2778 814 in
2829 775 3126 821 carcerem,
3171 760 3544 829 praecipientes

1973 847 2214 909 custodi,
2244 854 2304 902 ut
2328 848 2622 919 diligenter
2648 850 2950 905 custodiret
2990 866 3107 907 eos.
3142 849 3243 916 Qui
3274 866 3395 904 cum
3438 854 3544 905 tale.

1972 949 2303 1010 praeceptum
2339 941 2662 1012 accepisset,
2686 941 2834 998 misit
2863 957 2959 998 eos
2988 944 3042 996 in
3078 943 3391 998 interiorem
3423 959 3547 998 car-

1973 1046 2175 1097 cerem,
2209 1032 2447 1102 etpedes
2469 1048 2656 1087 eorum
2691 1034 2913 1089 strinxit
2938 1035 3108 1106 ligno.
3145 1033 3317 1089 Media
3358 1045 3541 1090 autem

1971 1132 2134 1180 nocte
2176 1124 2381 1180 Paulus
2407 1132 2462 1180 et
2493 1125 2639 1181 Silas
2670 1135 2897 1181 orantes
2943 1113 3237 1182 laudabant
3270 1126 3460 1190 Deum,
3490 1136 3543 1181 et

1975 1216 2269 1271 audiebant
2300 1230 2394 1271 eos
2443 1216 2535 1286 qui
2582 1217 2637 1270 in
2673 1217 2919 1272 custodia
2964 1223 3141 1273 erant.
3192 1214 3387 1271 Subito
3416 1231 3544 1270 vero

1971 1305 2137 1379 2⁸16.
2168 1314 2511 1363 termmotns
2541 1308 2717 1363 factus
2737 1317 2823 1364 est
2849 1324 3083 1378 magnus
3113 1350 3128 1373 ,
3178 1307 3251 1362 ita
3278 1317 3337 1363 ut
3366 1324 3548 1363 move-

1971 1408 2163 1454 rentur
2191 1398 2545 1455 fundamenta
2581 1402 2840 1457 carceris.
2886 1400 2953 1454 Et
2989 1402 3173 1455 statim
3200 1409 3383 1471 aperta
3416 1411 3543 1456 sunt

1969 1487 2149 1543 omnia
2195 1487 2357 1551 ostia,
2387 1496 2442 1543 et
2475 1489 2877 1555 universorum
2923 1489 3136 1544 vincula
3177 1492 3357 1544 soluta
3392 1501 3541 1546 sunt.

1966 1578 2413 1650 Expergel‘actus-
2454 1589 2633 1636 autem
2684 1592 2872 1638 custos
2924 1584 3164 1637 carceris
3205 1623 3222 1647 ,
3256 1592 3309 1636 et
3351 1583 3544 1637 viden.-

1963 1669 2163 1739 jaunas
2202 1679 2420 1740 apertas
2453 1672 2730 1734 careeris,
2783 1673 3069 1741 cvaginato
3104 1673 3284 1741 gladio
3330 1671 3542 1725 volebat

1933 1771 1936 1829 ς
1968 1776 2027 1815 se
2058 1760 2388 1826 interficere,
2439 1764 2720 1821 :cstimaus
2768 1761 2972 1832 fugisse
3019 1763 3250 1815 vinctos.
3279 1762 3543 1815 Clamavit

1967 1862 2144 1927 autem
2178 1854 2381 1906 Paulus
2419 1868 2551 1906 voce
2587 1868 2801 1922 magna,
2834 1852 3024 1906 dicens
3058 1868 3071 1903 :
3111 1851 3256 1906 Nihil
3286 1852 3383 1906 tibi
3414 1853 3539 1907 mali

1967 1942 2158 1997 feceris
2182 1961 2197 2010 ;
2222 1944 2460 1999 universi
2483 1947 2627 1998 enim
2656 1945 2741 1997 hic
2765 1959 2978 1999 smnus.
2998 1943 3283 2014 Petitoque
3315 1946 3540 2008 lumine.

1966 2032 2331 2100 introgressus
2359 2043 2483 2095 est;
2544 2043 2602 2087 et
2646 2033 3000 2089 tremefactus
3043 2036 3279 2105 procidit
3303 2036 3453 2089 Pauli
3486 2042 3541 2092 et

1968 2123 2096 2195 sila;
2132 2126 2195 2177 ad
2232 2124 2418 2193 pedes,
2453 2134 2506 2179 et
2535 2127 2843 2192 producens
2871 2142 2966 2181 eos
3005 2124 3171 2189 foras,
3206 2130 3281 2180 ait
3312 2143 3327 2183 :
3355 2127 3539 2182 Domi-

1967 2214 2044 2279 ni,
2075 2215 2205 2284 quid
2239 2229 2326 2268 me
2352 2223 2567 2281 oportet
2603 2215 2782 2270 facere
2804 2255 2820 2280 ,
2855 2223 2915 2269 ut
2947 2216 3130 2271 salvas
3158 2215 3277 2269 liam
3305 2217 3329 2270 ἳ
3358 2218 3424 2270 ΑΙ.
3459 2217 3540 2271 illi

1960 2307 2251 2361 dixerunt:
2286 2305 2459 2360 Crede
2487 2306 2542 2359 in
2574 2306 2857 2365 Dominum
2889 2304 3097 2371 Jesum,
3129 2316 3184 2360 et
3221 2308 3406 2363 salvus
3428 2308 3540 2363 eris

1962 2402 2015 2446 tu
2057 2402 2110 2447 et
2151 2393 2348 2447 domus
2383 2401 2500 2447 tua.
2542 2392 2606 2445 Et
2636 2394 2802 2448 loculi
2835 2404 2964 2448 sunt
2995 2393 3043 2446 ei
3071 2395 3291 2447 verbum
3328 2394 3536 2447 Domini

1961 2495 2086 2534 cum
2126 2480 2383 2536 omnibus
2422 2482 2514 2551 qui
2557 2488 2714 2536 crant
2753 2482 2808 2536 in
2860 2482 3024 2537 domo
3055 2482 3196 2552 ejus.
3247 2481 3307 2534 Et
3342 2482 3539 2537 tollens

1959 2586 2054 2627 eos
2106 2572 2160 2625 iu
2198 2571 2289 2626 illa
2332 2573 2467 2626 liora
2520 2571 2718 2636 noctis,
2764 2571 2897 2626 lavit
2945 2577 3132 2642 plagas
3178 2587 3366 2626 eorum
3409 2588 3427 2639 ;
3471 2582 3526 2628 et

1966 2660 2273 2729 baptizatus
2299 2671 2384 2715 est
2409 2662 2548 2730 ipse,
2580 2667 2634 2714 et
2673 2661 2852 2715 nrunis
2886 2661 3081 2715 domus
3102 2659 3222 2730 ejus
3252 2661 3535 2714 continuo.

1964 2751 2211 2820 Cumque
2245 2753 2590 2821 perduxisset
2619 2766 2713 2807 eos
2742 2753 2796 2806 in
2830 2751 3051 2806 domum
3082 2766 3258 2817 suam,
3290 2751 3540 2820 apposuit

1964 2846 2047 2898 eis
2095 2858 2363 2909 mensam,
2416 2850 2470 2898 et
2515 2845 2729 2899 laetatus
2760 2849 2844 2899 est
2889 2857 3014 2898 cum
3051 2841 3201 2897 omni
3243 2841 3406 2896 domo
3440 2855 3539 2897 sua

1965 2936 2192 2990 credens
2225 2935 2359 2990 Deo.

281 3030 444 3093 αὐτὸς
494 3033 588 3085 καὶ
612 3033 661 3085 οἱ
696 3033 813 3102 μετ’
844 3031 1010 3087 αὐτοῦ
1036 3033 1238 3095 πάντες
1294 3029 1661 3100 παραχρῆμα.
1702 3026 2024 3095 Ἀναγαγὼν
2048 3042 2107 3078 τε
2132 3026 2331 3090 αὐτοὺς
2359 3027 2441 3091 είς
2470 3026 2561 3081 τὸν
2625 3021 2774 3082 οἷκον
2821 3025 3009 3090 αὑτοῦ,
3074 3024 3353 3096 παρέθηκε
3411 3019 3543 3093 τρά-

283 3121 473 3187 πεζαν,
510 3123 604 3174 καὶ
666 3122 1033 3192 ἠγαλλιάσατο
1081 3122 1304 3175 πανοικὶ
1357 3119 1737 3182 πεπιστευκὼς
1779 3118 1858 3188 τῷ
1895 3117 2037 3188 Θεῷ.

856 3211 1241 3263 ΕΡΜΠΝΕΙᾹ.
1881 3212 1925 3269 C.

355 3304 592 3372 Λέγεται
620 3300 848 3371 ήΠυθία
882 3301 1041 3369 αῦτη,
1073 3302 1210 3368 γυνή
1254 3316 1336 3361 τις
1368 3299 1503 3352 οὖσα
1535 3298 1855 3352 ἐπικαθίσαι

284 3394 599 3466 τῷτρίποδι
626 3391 720 3446 τοῦ
793 3392 1148 3453 Ἀπόλλωνος,
1217 3389 1502 3460 διαιροῦσα
1543 3389 1612 3442 τὰ
1652 3388 1855 3458 σκέλη·

283 3485 385 3540 εἷθ’
418 3485 561 3539 οὕτω
604 3483 825 3551 πνεῦμα
864 3482 1099 3551 πονηρὸν
1162 3481 1543 3550 ἀναδιδόμενον
1588 3481 1856 3544 κάτωθεν,

285 3580 384 3633 καὶ
413 3579 502 3631 διὰ
526 3577 634 3629 τῶν
667 3575 1001 3644 γεννητικῶν
1021 3574 1192 3643 αὐτῆς
1223 3574 1593 3642 διαδιδὸμενον
1626 3575 1857 3642 μορίων,

289 3667 536 3740 πληροῦν
584 3667 682 3737 τὴν
743 3668 975 3733 γυναῖκα
1026 3665 1125 3733 τῆς
1170 3664 1503 3734 μανίας,καὶ
1556 3661 1859 3734 ταύτης

287 3755 521 3827 ταύτην]
555 3755 654 3818 τὰς
687 3755 879 3825 τρίχας
900 3753 1151 3815 λύουσαν,
1184 3753 1370 3807 λοιπὸν
1414 3751 1776 3823 βακχεύεσθαί
1802 3767 1863 3804 τε

287 3851 381 3904 καὶ
397 3849 568 3919 ἀφρδν
596 3851 661 3901 ἐκ
677 3846 772 3901 τοῦ
804 3847 1071 3917 στὸματος
1109 3845 1330 3914 ἀφιέναι
1360 3885 1374 3910 ,
1432 3845 1527 3898 καὶ
1581 3844 1756 3907 οὕτως
1807 3843 1865 3895 ἐν
1902 3905 1907 3911 _

290 3941 547 4012 παροινίᾳ
570 3939 889 4007 γινομένην,
923 3938 990 3990 τὰ
1019 3940 1117 4007 τῆς
1144 3936 1346 4006 μανίας
1401 3935 1735 4006 φθέγγεσθαι
1770 3936 1868 4006 ρή-

294 4050 463 4101 ματα.
490 4032 556 4083 Τί
584 4031 784 4099 δήποτε
812 4030 907 4083 καὶ
962 4031 991 4081 6
1044 4029 1254 4099 δαίμων
1310 4028 1628 4097 ἐφθέγγετο,
1673 4026 1867 4100 [καὶ]ὁ

295 4123 499 4185 Παῦλος
526 4120 844 4186 ἐκώλυσεν;
914 4120 1195 4174 Ἐϐούλετο
1244 4120 1430 4173 λοιπὸν
1463 4121 1507 4153 ³⁷
1559 4121 1868 4185 ἀξιόπιστον

292 4216 481 4269 ἐαυτὸν
511 4214 557 4248 ⁸⁸
577 4217 775 4270 ποιεῖν.
807 4213 869 4265 Εἰ
896 4212 1006 4283 γὰρ
1040 4213 1359 4283 προσήκατο
1398 4210 1563 4265 αὑτοῦ
1593 4212 1692 4278 τὴν
1726 4227 1869 4280 μαρ-

290 4304 503 4369 τυρίαν,
524 4309 552 4358 6
570 4304 802 4367 Παῦλος,
830 4302 1054 4366 πολλοὺς
1068 4303 1135 4357 ἂν
1156 4306 1254 4355 καὶ
1277 4304 1383 4355 τῶν
1411 4300 1617 4355 πιστῶν
1650 4302 1869 4372 ἠπάτη-

294 4414 406 4451 σεν.
436 4396 530 4450 ἅτε
557 4396 661 4449 ὑπὸ
692 4394 898 4448 ἐκείνου
927 4393 1159 4464 δεχθείς,
1191 4393 1291 4446 Διά
1322 4393 1480 4447 τοῦτο
1501 4393 1795 4463 ἀνέχεσθαι
1825 4391 1869 4425 ³³

297 4486 416 4540 καθ’
466 4484 663 4538 ἑαυτοῦ
725 4486 922 4548 εἰπεῖν,
950 4483 1040 4535 ἴνα
1072 4485 1245 4556 στήσῃ
1265 4484 1335 4537 τὰ
1376 4483 1515 4553 ὑπὲρ
1546 4482 1737 4543 αὑτοῦ,
1776 4480 1870 4534 καὶ¹

295 4575 458 4639 αὐτὸς
490 4573 900 4641 συγκαταϐασει
940 4573 1383 4643 κέχρηταιοπρδς
1438 4573 1538 4646 τὴν
1575 4572 1871 4626 ἀπώλειαν.

297 4667 371 4718 Τὸ
395 4668 493 4737 μὲν
526 4662 620 4721 οὖν
665 4666 883 4733 πρῶτον
963 4666 1024 4718 ού
1075 4667 1392 4737 προσήκατο
1450 4666 1683 4732 Παῦλος,
1742 4664 1879 4718 ἀλλὰ

297 4760 604 4824 διέπτυσεν,
628 4760 690 4812 οὐ
740 4757 1067 4830 βουλόμενος
1124 4757 1314 4821 ἁπλῶς
1372 4760 1718 4832 ἐπιρῤίπτειν
1768 4761 1880 4820 τοῖς

303 4848 570 4918 σημείοις.
604 4850 692 4913 Ὦς
720 4850 778 4902 δὲ
818 4850 1053 4920 ἐπέμενε
1085 4848 1244 4902 τοῦτο
1271 4848 1464 4910 ποιῶν,
1499 4850 1597 4901 καὶ
1623 4847 1686 4900 τὸ
1716 4846 1879 4917 ἔργον

302 4938 534 5002 ἐδείκνυ,
554 4939 671 4992 τότε
694 4940 981 4994 ἐκέλευσεν
1006 4938 1155 5008 αὐτῷ
1178 4936 1434 5002 ἐξελθεῖν.
1476 4954 1495 4986 ι
1523 4935 1880 5004 Διαπονηθεὶς

306 5026 435 5097 γὰρ,
462 5028 624 5094 φησὶν
652 5030 680 5079 6
713 5030 979 5095 Παῦλος,ι
996 5028 1243 5082 τουτέστι
1265 5026 1506 5097 κινηθεὶς
1526 5026 1873 5096 καὶδηχθεὶς,

306 5117 401 5170 καὶ
428 5116 605 5185 ἀληθῆ
630 5116 897 5185 λέγουσαν
949 5118 1311 5189 ἐπιστομίσας
1355 5117 1548 5187 αὐτὴν,
1592 5117 1875 5170 ἐκέλευσεν

305 5205 543 5270 ἐξελθεῖν
566 5204 625 5271 ἐξ
638 5207 808 5274 αὐτῆς
825 5207 885 5258 τὸ
912 5207 1212 5276 δαιμόνιον,
1242 5207 1510 5261 διδάσκων
1531 5208 1698 5277 ἡμᾶς,
1734 5205 1872 5277 μηδὲ

301 5299 370 5368 τῇ
433 5295 666 5368 ἀληθείᾳ
714 5300 1032 5368 συνηγορεῖν
1074 5301 1578 5371 προσποιουμένους
1626 5298 1874 5367 δέχεσθαι

302 5388 586 5459 δαίμονας,
639 5388 778 5442 ἀλλὰ
806 5391 984 5443 πᾶσαν
1014 5391 1197 5453 αὐτοῖς
1246 5389 1615 5460 ἀποτειχίζειν
1666 5389 1871 5457 πλάνης

299 5480 442 5546 ὁδὸν,
473 5481 569 5536 καὶ
617 5481 1011 5553 περιφράττειν
1032 5481 1171 5552 πρὸς
1201 5485 1271 5535 τὰ
1305 5482 1436 5553 παρ’
1482 5480 1666 5534 αὐτῶν
1697 5480 1873 5533 πάντα

2360 3269 2364 3274 ,
2456 3205 3033 3262 COMMENTARIUS.

2037 3299 2331 3355 Dicebatur
2365 3294 2563 3351 mulier
2593 3297 2799 3367 Pythia
2836 3313 2922 3360 ea,
2976 3313 3096 3366 quae
3137 3311 3298 3367 supra
3338 3297 3543 3366 Apolli-

1967 3398 2054 3449 nis
2088 3390 2356 3461 tripodem
2385 3387 2577 3444 sedere
2598 3388 2758 3441 solita
2781 3396 2899 3442 crat
2927 3387 3239 3443 divaricatis
3268 3389 3538 3442 cruribus.

1960 3485 2079 3552 Quo
2103 3486 2157 3539 in
2194 3489 2337 3538 statu
2370 3480 2582 3535 daemon
2609 3480 2676 3533 ab
2706 3481 2816 3532 imo
2832 3496 2953 3535 sese
2990 3480 3296 3544 insinuans,
3336 3493 3400 3532 ac
3423 3483 3542 3547 ejus

1962 3572 2199 3627 verenda
2237 3569 2564 3639 pervadens,
2610 3566 2795 3619 furore
2843 3566 3016 3635 ipsam
3055 3567 3316 3636 replebat.
3356 3564 3542 3630 Quare

1964 3662 2172 3734 Sparsis
2212 3659 2458 3731 crinibus
2501 3656 2890 3718 bacchabatur,
2940 3664 2992 3709 ct
3041 3671 3290 3724 spumam
3325 3670 3390 3709 ex
3445 3670 3543 3710 ore.

1963 3752 2243 3811 emittebat
2267 3767 2282 3814 ;
2313 3750 2499 3817 sicque
2522 3746 2817 3800 furibunda
2834 3746 3061 3800 insaniae
3082 3748 3243 3799 verba
3264 3745 3543 3799 fundebat.

1965 3845 2029 3900 At
2053 3859 2226 3913 quare
2261 3852 2312 3897 et
2337 3841 2547 3894 daemon
2570 3836 2624 3890 id
2652 3837 2886 3899 dicebat,
2913 3845 2966 3890 et
2995 3835 3193 3891 Paulus
3223 3850 3290 3890 ne
3316 3836 3543 3900 diceret,

1965 3930 2294 4009 prohibuit?
2333 3928 2475 3995 Quia
2521 3926 2731 3982 volebat
2757 3925 2860 3980 sibi
2893 3926 3048 3980 iidem
3083 3934 3135 3980 et
3163 3925 3540 3980 auctoritatem

1971 4022 2291 4080 conciliare.
2330 4019 2388 4073 Si
2435 4017 2579 4074 enim
2618 4016 2990 4071 testimonium
3028 4015 3199 4084 ipsius
3238 4013 3548 4068 admisisset

1969 4114 2194 4177 Paulus,
2221 4112 2406 4166 ﬁdeles
2424 4109 2646 4171 multos,
2671 4106 2816 4161 velut
2836 4107 2904 4159 ab
2926 4107 3015 4160 illo
3034 4106 3313 4174 probatus,
3349 4101 3547 4158 fortas-

1971 4219 2030 4258 se
2064 4201 2389 4267 decepisset.
2424 4196 2596 4264 Quam
2634 4197 2704 4251 ob
2734 4210 2957 4250 causam
2996 4209 3100 4249 non
3138 4192 3318 4248 renuit
3349 4200 3543 4247 contra

1971 4309 2031 4350 se
2081 4292 2288 4353 dicere,
2342 4299 2403 4344 ut
2442 4303 2564 4358 qum
2601 4303 2698 4357 pro
2742 4302 2803 4342 se
2846 4286 3113 4347 dixisset,
3151 4285 3545 4338 conﬁrmaret:

1974 4384 2179 4440 scilicet
2236 4380 2385 4435 novit
2438 4379 2550 4443 ille,
2599 4386 2659 4432 ut
2702 4375 2951 4431 homines
3002 4375 3214 4445 perdat,
3272 4376 3436 4428 etiam
3489 4390 3549 4426 se

1977 4473 2209 4543 tempori
2237 4470 2673 4526 accommodare.
2719 4467 2920 4522 Paulus
2968 4466 3145 4536 primo
3174 4463 3393 4535 quidem
3432 4465 3549 4534 ejus

1981 4562 2353 4619 testimonium
2387 4575 2497 4614 non
2538 4557 2794 4621 admisit,
2842 4556 2935 4611 sed
2972 4554 3322 4622 contempsit.
3358 4552 3548 4605 nolens

1977 4656 2161 4712 statim
2218 4652 2389 4723 signis
2440 4664 2658 4704 manum
2713 4647 3022 4702 admovere.
3069 4640 3299 4699 At'cum
3339 4644 3547 4698 damon

1977 4743 2266 4801 clamando
2298 4748 2711 4812 perseveraret,
2747 4749 2800 4792 et
2823 4738 2934 4806 jam
2973 4736 3234 4790 molestia:
3265 4734 3341 4788 illi
3381 4742 3550 4799 esset,

1977 4848 2108 4893 tunc
2142 4833 2425 4904 imperavit
2451 4830 2578 4899 ipsi,
2606 4837 2665 4884 nt
2692 4829 2884 4883 exiret.
2915 4845 2934 4879 ι
2964 4826 3163 4881 Dolens
3197 4836 3373 4881 autem
3405 4823 3547 4878 Pau-

1976 4930 2085 4992 lus,
2122 4945 2141 4978 ι
2181 4922 2382 4993 inquit,
2429 4922 2531 4976 hoc
2562 4928 2667 4984 est,
2706 4917 2865 4972 taedio
2901 4924 2953 4969 et
3004 4915 3252 4970 molestia
3301 4912 3549 4973 affectus,

1973 5017 2230 5090 quamvis
2258 5030 2384 5071 vera
2418 5013 2624 5067 diceret
2647 5050 2660 5071 .
2694 5021 2757 5063 os
2790 5007 2865 5061 illi
2905 5006 3224 5067 obstruxit,
3280 5003 3551 5072 jnssitque

1976 5121 2035 5167 ut
2062 5128 2125 5166 ex
2159 5110 2247 5163 illa
2290 5106 2488 5161 exiret.
2524 5103 2645 5168 Quo
2680 5115 2780 5155 nos
2828 5099 3036 5163 docuit,
3078 5113 3145 5152 ne
3188 5094 3550 5154 daemonibus,

1977 5203 2059 5256 vel
2088 5198 2249 5270 275
2283 5212 2407 5252 cum
2451 5193 2665 5249 veritati
2716 5188 3052 5261 patrocinari
3098 5187 3351 5242 videntur
3381 5222 3394 5244 .
3443 5183 3553 5236 ullo

1972 5295 2136 5348 modo
2182 5291 2493 5351 credamus,
2563 5287 2656 5341 sed
2707 5284 2979 5340 obturatis
3010 5281 3076 5335 ad
3110 5278 3292 5332 omnia
3326 5290 3448 5345 qua:
3483 5274 3553 5329 ab

1981 5384 2118 5454 ipsis
2152 5384 2478 5452 procedunt,
2508 5379 2757 5441 auribus.
2776 5390 2994 5433 omnem
3024 5372 3133 5426 illis
3164 5366 3387 5424 fallendi
3409 5367 3550 5419 viam

1976 5473 2401 5546 prmcludamus.
2450 5490 2470 5525 ι
2500 5471 2869 5528 Terraemotus
2921 5465 3102 5520 factus
3132 5469 3238 5515 est.
3269 5477 3288 5511 ›
3338 5458 3417 5513 Ex
3444 5470 3556 5528 quo

1492 5656 1692 5719 Variae
1723 5652 2029 5718 lectiones
2076 5658 2138 5713 et
2181 5658 2371 5713 none.

371 5764 419 5796 ³⁷
457 5762 590 5835 γὰρ.
657 5763 702 5798 ⁸⁸
730 5760 914 5817 αὐτόν.
992 5760 1039 5795 ³³
1064 5760 1335 5831 ἀνέχεται.
1742 5832 1763 5861 ι
