4058 6210
465 280 573 343 995

1097 380 1396 437 TEXTUS.

538 482 703 544 XVII,
738 476 923 532 16-18.
948 472 1149 529 Paulus
1178 480 1357 525 autem
1396 482 1520 523 cum
1553 468 1780 522 Athenis
1805 481 1902 521 eos
1933 480 2029 519 ex-

469 581 762 644 spectaret,
798 568 1130 622 incitabatur
1172 562 1401 633 spiritus
1447 560 1564 628 ejus
1592 560 1646 613 in
1679 560 1817 628 ipso,
1854 557 2042 611 videns

471 664 794 719 idololatria:
820 662 1054 716 deditam
1091 658 1388 712 civitatein.
1429 653 1751 723 Disputabat
1791 652 1955 720 igitur
1984 651 2040 703 in

473 758 753 827 Synagoga
798 768 920 806 cum
948 749 1152 804 ludatis
1178 759 1233 802 et
1268 746 1598 805 colentibus.
1624 752 1675 797 et
1700 744 1754 796 in
1779 742 1920 807 foro,
1946 757 2042 812 per

469 862 660 899 euntes
679 844 795 898 dies
811 841 877 896 ad
905 856 1000 896 eos
1015 841 1104 911 qui
1127 839 1374 894 aderant.
1390 834 1619 902 Quidam
1652 845 1828 888 autem
1842 833 2042 901 Epicu-

471 941 548 995 rei
571 948 621 992 et
643 934 1131 1005 Stoieiphilosomii
1156 931 1498 988 disserebant
1515 942 1637 984 cum
1652 938 1802 994 eo,et
1822 925 2040 995 quidam

366 1082 375 1091 ,
469 1029 760 1083 dicebant:
797 1026 935 1092 Quid
968 1023 1082 1078 vult
1110 1021 1532 1078 seminiverbius
1561 1019 1649 1072 hic
1676 1014 1902 1070 dicere?
1935 1014 2040 1067 Alii

471 1137 599 1176 vero
630 1117 946 1173 :Novorum
974 1113 1368 1170 danunniorum
1407 1110 1622 1165 videtur
1672 1105 2028 1160 annuntiator

471 1225 593 1264 esse
628 1226 641 1259 ε
676 1207 804 1278 quia
833 1206 1018 1261 Jesum
1071 1213 1125 1258 et
1189 1198 1648 1256 resurrectionem
1680 1195 2041 1250 annuntiabat

471 1303 573 1355 eis.

875 1477 1037 1550 17s
1070 1455 1642 1532 conuemAtt’ius.

547 1594 566 1628 ι
600 1570 957 1630 lncitahatur.
999 1590 1019 1623 ι
1052 1567 1171 1623 Non
1206 1572 1344 1621 iram
1378 1565 1465 1619 hic
1516 1560 1797 1633 intelligit,
1832 1569 1926 1616 aut
1953 1559 2039 1615 in-

475 1666 884 1736 dignationem;
919 1660 1109 1731 procul
1142 1658 1287 1713 enim
1337 1657 1405 1710 ab
1440 1657 1518 1709 ira
1586 1663 1642 1709 et
1670 1654 2040 1726 indignatidne

1374 262 1951 326 THEOPHYLACTI
1990 260 2326 322 BULGABI
2336 262 2402 322 1E
2424 332 2425 337 η
2440 266 2484 323 Α
2497 263 2799 329 RCHIEP.

2061 393 2108 448 Δ

3597 270 3725 334 996

2680 412 2683 415 λ
2722 382 3112 435 ΚΕΙΜΕΝΟΝ.

2214 471 2360 525 “'Ev
2391 473 2446 526 δὲ
2477 476 2598 536 ταῖς
2651 472 2902 545 Ἀθήναις
2949 475 3307 545 ἐκδεχομένου
3357 474 3556 541 αὐτοὺς
3607 477 3721 532 τοῦ

2140 561 2376 628 Παύλου,
2403 562 2753 635 παρωξύνετο
2778 565 2841 618 τὸ
2881 564 3097 635 πνεῦμα
3123 564 3290 618 αὐτοῦ
3311 565 3371 619 ἐν
3394 565 3545 636 αὐτῷ
3574 567 3725 621 Osos-

2141 652 2362 723 ροῦντος
2395 654 2720 708 κατείδωλον
2744 650 2912 709 οὖσαν
2937 655 3035 725 τὴν
3065 654 3243 710 πόλιν.
3284 657 3566 725 Διελέγετο
3601 661 3713 729 μὲν

2140 741 2233 799 οὖν
2261 746 2319 799 ὲν
2342 749 2407 816 τῇ
2447 751 2739 817 συναγωγῇ
2771 751 2886 811 τοῖς
2919 748 3193 811 Ἰουδαίοις
3216 749 3443 811 καὶτοῖς
3475 751 3717 815 σεϐομέ-

2139 854 2272 903 νοις,
2313 840 2407 892 καὶ
2433 841 2490 891 έν
2515 842 2580 909 τῇ
2606 841 2782 911 ἀγορᾷ
2808 840 2951 894 κατὰ
2976 841 3155 894 πᾶσαν
3175 840 3387 911 ἡμέραν
3413 841 3548 913 πρὸς
3576 844 3715 906 τοὺς

2139 931 2681 1000 παρατυγχάνοντας.
2733 931 2890 994 Τινὲς
2933 931 2989 985 δὲ
3048 932 3157 984 τῶν
3204 921 3713 1003 Ἐπικουρίων’καί

2138 1018 2246 1073 τῶν
2267 1020 2520 1074 Στωϊκῶν
2551 1020 2857 1091 φιλοσόφων
2890 1021 3208 1075 συνὲὁαλλον
3246 1023 3418 1094 αὐτῷ,
3437 1025 3530 1078 καί
3561 1043 3714 1089 τινες

2141 1110 2350 1178 ἔλεγονσ
2374 1111 2440 1162 Τί
2484 1109 2552 1164 ἂν
2588 1110 2778 1165 θέλοιό
2800 1111 3171 1182 σπερμολόγος
3205 1107 3360 1177 οὗτος
3397 1112 3607 1182 λέγειν;
3645 1118 3714 1170 Οῑ

2090 1234 2097 1243 ι
2138 1201 2215 1255 δέ.⁸
2244 1202 2423 1257 Ξένων
2472 1203 2766 1274 δαιμονίων
2818 1204 2966 1258 δοκεῖ
3013 1205 3385 1274 καταγγελεὺς
3423 1202 3594 1260 εἶναι·
3625 1210 3711 1263 ὅτι

2138 1293 2230 1346 τὸν
2289 1291 2495 1364 ἰησοῦν
2528 1299 2623 1350 καὶ
2681 1297 2780 1366 τὴν
2831 1297 3130 1352 ἀνάστασιν
3180 1296 3564 1375 εὐηγγελίζετο
3607 1299 3714 1353 αῦ-

2139 1386 2268 1438 τοῖς.

2223 1422 2247 1450 ἱ
2700 1479 3085 1535 ΕΡΜΗΝΕΙΑ.

2216 1587 2235 1620 ι
2268 1567 2647 1638 Παρωξύνετο.
2695 1587 2714 1619 ι
2754 1569 2868 1621 Οὐκ
2898 1569 3069 1641 ὀργὴν
3106 1567 3339 1623 ἐνταῦθά
3363 1586 3550 1639 φησιν,
3582 1571 3711 1626 οὐδὲ

2140 1660 2542 1731 ἀγανάκτησιν.
2585 1660 2785 1730 Ὀργῆς
2817 1661 2925 1731 γὰρ
2953 1662 3049 1714 καὶ
3069 1663 3493 1732 ἀγανακτήσεως
3517 1664 3713 1735 adﬁges

473 1766 556 1811 cst
586 1756 778 1824 gratia.
811 1754 992 1817 Quare
1044 1767 1064 1800 ι
1133 1747 1463 1802 incitabatur
1504 1764 1523 1798 ι
1569 1744 1794 1816 perinde
1842 1750 1927 1800 est
1953 1758 2038 1809 ac,

2143 1750 2205 1803 τὸ
2264 1751 2530 1821 χάρισμα.
2575 1748 2669 1815 Τὸ,
2721 1768 2740 1801 ι
2791 1749 3147 1819 Παρωξὺνετο
3204 1769 3224 1802 ι
3282 1750 3376 1816 δὲ,
3431 1752 3713 1805 τουτέστιν

472 1845 924 1906 exacerbabatur,
978 1854 1083 1894 non
1118 1837 1352 1902 ferebat,
1376 1836 1734 1890 vehementer
1766 1834 1981 1890 dolebat
2023 1848 2037 1885 :

474 1935 926 2007 quemadmodum
956 1928 1084 1982 alibi
1115 1927 1243 1982 dicit
1261 1926 1306 1957 ⁷⁸
1340 1943 1353 1979 :
1395 1943 1412 1975 ι
1438 1924 1601 1979 Facta
1619 1935 1701 1979 est
1725 1933 2043 1978 antemexa-

474 2028 714 2083 cerbatio
748 2025 859 2096 (24)
880 2022 1183 2091 interipsos
1212 2026 1321 2074 etc.
1344 2038 1363 2070 ι
1384 2049 1452 2059 -
1476 2036 1494 2067 ι
1531 2014 1826 2071 Confestim
1859 2023 2039 2068 autem

474 2117 724 2172 Paulum.
750 2134 771 2169 ι
804 2114 876 2167 Ex
920 2110 1218 2182 prudentiae
1254 2109 1509 2170 consilio,
1536 2117 1588 2161 et
1616 2121 1724 2159 non
1752 2119 1815 2159 ex
1849 2105 2045 2158 timore

473 2207 683 2278 aufugit
702 2205 992 2274 Apostolus
1012 2219 1027 2268 ;
1047 2201 1173 2271 quia
1189 2201 1399 2255 scilicet
1419 2196 1859 2268 praedicationem
1877 2209 2044 2249 evan-

474 2299 697 2367 gelicum
729 2296 969 2358 dilatari,
1015 2301 1069 2347 et
1127 2293 1262 2346 iram
1288 2290 1533 2360 ipsorum
1587 2287 1858 2355 exstingui
1894 2300 2043 2339 sum-

477 2401 697 2456 mepere
721 2383 1086 2441 desiderabat.
1126 2400 1143 2433 ι
1195 2378 1425 2446 Quidam
1476 2385 1680 2431 autem.
1721 2394 1741 2427 ι
1777 2371 2042 2443 Epicura'i

475 2479 693 2547 quidem
725 2491 790 2529 ex
821 2474 1022 2528 atomis
1060 2475 1375 2527 universum
1428 2486 1525 2525 sua
1558 2477 1749 2537 sponte
1771 2466 2045 2521 coaluisse

476 2565 889 2620 arbitrabantur
923 2584 935 2616 :
965 2563 1138 2616 Stoici
1184 2570 1360 2614 autem
1412 2560 1544 2613 illud
1599 2572 1719 2613 esse
1778 2555 2045 2627 putabant

477 2671 680 2727 corpus
725 2667 779 2710 et
835 2653 1342 2708 inﬂammationem.
1399 2650 1628 2716 Quidam
1671 2665 1737 2703 ex
1803 2648 1916 2703 illis
1974 2648 2044 2702 ob

477 2750 784 2804 doctrinam
808 2749 874 2803 de
898 2762 957 2804 se
981 2746 1088 2801 alte
1115 2746 1408 2817 sapientes,
1437 2747 1601 2799 stulte
1622 2742 1867 2798 divinum
1903 2740 2044 2794 Pau-

482 2843 592 2894 lum
636 2839 967 2897 irridentes:
995 2856 1014 2888 ι
1044 2835 1183 2904 Quid
1203 2838 1314 2893 vult
1340 2834 1841 2906 spermologus(25)
1869 2834 2038 2890 iste?»

479 2932 754 2987 dicebant.
794 2931 1063 2997 Quoniam
1113 2930 1258 2983 enim
1296 2946 1314 2979 ι
1345 2928 1726 2997 spermologus
1758 2944 1776 2977 ι
1830 2926 2045 2979 avicula

480 3039 645 3094 parva
675 3033 727 3076 ct
764 3023 887 3077 vilis
918 3031 1023 3083 est,
1066 3021 1226 3075 solita
1265 3019 1474 3074 semina
1506 3019 1560 3072 iu
1593 3018 1770 3072 triviis
1803 3017 2045 3086 proiecta

479 3114 763 3182 colligere;
807 3113 935 3166 hinc
987 3112 1124 3166 viles
1178 3120 1233 3164 et
1298 3109 1502 3164 nullius
1565 3109 1737 3177 frugis
1794 3108 2044 3162 homines

485 3218 507 3254 ι
539 3202 911 3270 spermologos
945 3218 964 3251 ι
1020 3200 1389 3268 appellabant.
1461 3196 1600 3262 Quia
1658 3209 1787 3250 vero
1842 3195 2043 3251 Paulus

479 3292 665 3343 Jesum
717 3298 773 3343 et
838 3289 1294 3353 resurrectionem
1328 3285 1680 3356 praedicabat,
1733 3285 1795 3351 ii,
1859 3292 2045 3355 utpote

480 3378 643 3431 etiam
675 3376 807 3432 dcas
830 3375 1061 3431 fetuinas
1093 3375 1275 3431 colere
1310 3374 1518 3429 assueti
1546 3372 1769 3445 (quippe
1802 3376 1895 3446 qui
1933 3376 2043 3430 dae-

483 3484 671 3523 mones
701 3483 801 3539 pro
821 3468 928 3522 diis
954 3466 1273 3536 habebant),
1310 3486 1328 3518 ι
1360 3467 1812 3524 resurrectionem
1846 3486 1865 3520 ι
1887 3468 2045 3524 deam

482 3561 770 3629 quamdam
794 3574 917 3616 esse
945 3559 1347 3614 existimabant.

846 3742 1005 3799 Feria
1031 3742 1066 3797 5
1090 3742 1441 3799 hebdomadas
1472 3753 1659 3799 sextae.

1120 3832 1413 3890 TEXTUS.

562 3925 728 3995 XVII,
754 3926 929 3983 ιεοδιι.
955 3925 1019 3980 Ει
1050 3927 1444 3996 apprehensum
1462 3942 1585 3982 eum
1611 3928 1678 3982 ad
1701 3930 2044 4000 Areopagum

483 4021 752 4078 duxerunt
798 4016 1044 4071 dicentes
1078 4033 1093 4070 :
1125 4013 1421 4070 Possumus
1450 4016 1614 4079 scire,
1641 4032 1762 4085 qua:
1806 4025 1890 4071 est
1933 4018 2046 4071 haec

484 4128 623 4167 nova
640 4123 764 4181 qua:
791 4124 821 4161 a
846 4116 897 4162 te
909 4106 1127 4172 dicitur,
1153 4105 1434 4160 doctrina?
1458 4104 1604 4181 Nova
1628 4108 1771 4161 enim
1798 4108 2045 4176 quaedam

485 4205 657 4261 inlers
683 4203 908 4257 auribus
935 4213 1164 4255 nostris.
1185 4198 1446 4255 Volumus
1466 4214 1597 4266 ergo
1619 4200 1759 4255 scire
1787 4200 2044 4269 quidnam

485 4295 655 4351 velint
677 4294 946 4349 haecesse.
968 4288 1347 4350 (Atheuienses
1363 4299 1541 4341 autem
1555 4303 1741 4342 onmes
1753 4298 1805 4342 et
1825 4288 2046 4343 advena:

2072 3087 2114 3143 C

2141 1842 2263 1894 ἀντὶ
2285 1841 2402 1906 τοῦ,
2443 1841 2775 1913 διηγείρετο,
2817 1841 2989 1903 οὕτως
3012 1844 3077 1905 η,
3101 1841 3215 1897 ἀλλ’
3245 1843 3485 1913 ἐτήκετο·
3521 1844 3711 1909 καθὼς

2143 1933 2240 1985 καί
2268 1933 2503 2004 ἀλλαχοῦ
2535 1949 2732 2002 φησιν’
2775 1952 2793 1984 ι
2845 1933 3088 2000 Ἐγένετο
3129 1934 3476 2003 παροξυσμὸς
3502 1937 3708 2004 μεταξῦ

2143 2021 2342 2087 αὐτῶν,
2380 2043 2399 2074 ι
2430 2022 2616 2076 καὶτὰ
2637 2020 2783 2091 ἑξῆς.
2825 2039 2844 2073 ι
2877 2020 3099 2084 Εὐθέως
3128 2021 3183 2075 δὲ
3214 2022 3274 2074 τὸ
3302 2023 3394 2075 τὸν
3422 2022 3653 2077 Παῦλον.
3682 2040 3707 2078 ι

2142 2111 2518 2180 Οἰκονομικῶς
2542 2112 2800 2179 ἐνταῦθα,
2843 2112 2905 2166 οὐ
2938 2112 3148 2166 δειλιῶν
3177 2112 3378 2180 ἔφυγεν
3400 2116 3429 2167 ό
3450 2112 3714 2167 Ἀπόστο-

2144 2202 2255 2267 λος,
2288 2203 2400 2256 ἀλλ’
2439 2202 2580 2256 ὥστε
2608 2203 2704 2256 καὶ
2732 2202 2793 2257 τὸ
2827 2204 3097 2274 κήρυγμα
3128 2202 3315 2270 αὔξειν
3362 2202 3728 2273 βουλόμενος,⁴

2144 2293 2239 2346 καὶ
2273 2292 2366 2346 τὸν
2400 2292 2570 2362 θυμὸν
2615 2292 2795 2347 αὐτῶν
2831 2293 3194 2347 κατασϐέσειν
3244 2295 3711 2365 πραγματευόμε-

2143 2401 2253 2446 νος.
2297 2401 2315 2434 ι
2354 2385 2511 2447 Τινὲς
2543 2384 2598 2437 δὲ
2634 2384 2766 2437 τῶν.
2806 2405 2823 2436 ι
2864 2385 2928 2439 Ol
2949 2384 3050 2455 μὲν
3089 2384 3423 2456 Ἐπικούριοι
3465 2386 3707 2455 αὐτόμα-⁵

2143 2495 2233 2529 τον
2270 2459 2362 2530 καῖ
2409 2478 2516 2530 ἀπὸ
2568 2477 2790 2547 ἀτόμων
2817 2477 3131 2543 δοξάζουσιν
3164 2474 3306 2532 εἶναι
3330 2482 3389 2531 τὸ
3423 2478 3550 2531 πάνθ
3572 2479 3621 2532 οἱ
3648 2476 3711 2530 δὲ

2143 2567 2373 2620 Στωῖκοὶ
2435 2564 2580 2619 οὕτω
2625 2567 2786 2637 σῶμα
2839 2568 2933 2620 καὶ⁵
2981 2567 3314 2637 ἐκπύρωσιν.
3349 2566 3505 2630 Τινὲς
3530 2564 3623 2620 οῦν
3648 2566 3715 2628 ἐξ

2144 2657 2324 2710 αὐτῶν
2349 2658 2442 2709 ἐπὶ
2478 2658 2678 2725 γνώσει
2709 2657 2853 2729 μέγα
2887 2657 3231 2730 φρονοῦντες,
3261 2659 3501 2730 ἀνοήτως
3526 2658 3713 2724 λέγον·

2145 2767 2233 2812 τες
2260 2750 2309 2781 ⁸⁸
2332 2750 2424 2802 τὸν
2464 2749 2750 2804 θεσπέσιον
2782 2749 3010 2814 Παῦλον,
3052 2768 3071 2801 ι
3101 2750 3168 2803 Ti
3200 2749 3266 2804 ἂν
3300 2749 3446 2803 θέλοι
3477 2751 3505 2802 ὁ
3540 2765 3679 2818 σπερ
3706 2780 3711 2785 -

2148 2839 2372 2909 μολόγος
2408 2833 2597 2906 οῦτος;
2634 2858 2653 2891 ι
2710 2839 2913 2909 ἔλεγον.
2958 2840 3177 2910 Ἐπειδὴ
3206 2840 3313 2909 γὰρ
3350 2838 3534 2910 δρνεόν
3564 2841 3715 2892 ἐστιν

2143 2934 2171 2984 ὁ
2228 2930 2604 3002 σπερμολόγος
2632 2971 2647 2996 ,
2699 2930 2873 3002 βραχὺ
2915 2931 2971 2984 δὲ
3019 2930 3113 2984 καὶ
3162 2930 3399 2996 εὐτελὲς,
3423 2927 3547 2983 οὔτε
3573 2930 3715 2999 πρὸς

2149 3021 2352 3092 βρῶσιν
2423 3022 2546 3076 οὔτε
2592 3023 2730 3094 πρὸς
2771 3022 2962 3095 τέρψιν
3008 3023 3340 3094 ἐπιτήδειον,
3388 3022 3456 3098 τά
3504 3023 3563 3075 ιν
3590 3024 3715 3082 ταῖς

2146 3111 2379 3180 τριόδοις
2429 3112 2742 3182 ὲῤῥιμμένα
2777 3112 2887 3165 τῶν
2941 3113 3276 3182 σπερμάτων
3307 3111 3498 3170 εἰωθὸς
3524 3109 3712 3162 συλλέ-

2144 3217 2283 3268 γεινο
2315 3200 2442 3263 τοὺς
2468 3197 2563 3252 οῦν
2591 3201 2827 3263 εὐτελεῖς
2858 3201 2956 3253 καὶ
2994 3202 3095 3255 οὐκ
3123 3200 3307 3266 ἀξίους
3336 3199 3494 3265 λόγου
3539 3214 3715 3268 σπερ-

2149 3290 2408 3360 μολόγους
2423 3292 2669 3347 ἐκάλουν.
2696 3310 2715 3344 ι
2740 3292 2957 3361 Ἐπειδὴ
2975 3293 3066 3345 τὸν
3096 3293 3303 3362 Ἰησοῦν
3332 3294 3424 3344 καὶ
3449 3290 3548 3361 τὴν
3577 3289 3713 3342 ἀνά·

2148 3396 2337 3436 στασιν
2353 3383 2759 3454 εὐηγγελίζετο.
2789 3403 2808 3435 ι
2850 3385 2959 3438 Καὶ
2998 3385 3107 3455 γὰρ
3141 3384 3241 3452 τὴν
3265 3383 3559 3438 ἀνάστασιν
3582 3382 3716 3434 θεὸν

2144 3489 2269 3526 τινα
2332 3468 2471 3528 εἶναι
2532 3475 2818 3546 ἐνόμιζον,
2894 3475 2989 3529 ἅτε
3043 3473 3294 3538 εἰωθότες
3350 3474 3444 3527 καὶ
3495 3471 3716 3543 θηλείας

2146 3564 2276 3628 θεάς
2316 3565 2515 3620 σέϐειν·
2558 3566 2810 3638 δαιμόνια
2842 3567 2951 3637 γὰρ
2991 3566 3118 3630 τοὺς
3167 3564 3323 3629 θεοὺς
3370 3564 3553 3619 αὐτῶν
3584 3563 3720 3618 ἑκά·

2145 3656 2291 3710 λουν.
2858 3674 2859 3677 ‘

2585 3748 2663 3820 Τῇ
2695 3755 2742 3816 γ’
2772 3749 2870 3818 τῆς
2897 3747 2950 3813 ς’
2974 3749 3295 3820 έὸδομάδος.

2735 3841 3123 3896 ΚΕΙΜΕΝΟΝ.

2232 3928 2648 4002 Ἐπιλαϐὀμενοί
2688 3948 2747 3983 τε
2796 3932 2986 3994 αὑτοῦ,
3018 3934 3112 3985 ἐπὶ
3148 3932 3240 3985 τὸν
3282 3931 3498 4002 Ἀρειον
3532 3931 3712 3999 πάγον

2146 4020 2375 4091 ἤγαγον,
2424 4020 2709 4089 λέγοντεςο
2746 4022 3034 4092 Δυνάμεθα
3088 4022 3293 4091 γνῶναι
3340 4024 3425 4085 τις
3475 4023 3507 4091 ἡ
3545 4021 3714 4091 καινὴ

2147 4109 2284 4181 αῦτη
2319 4111 2353 4181 ὴ
2395 4111 2500 4164 ὑπὸ
2549 4111 2643 4164 σοῦ
2679 4110 2988 4181 λαλουμένη
3013 4110 3201 4182 διδαχή
3230 4128 3246 4178 ;
3288 4109 3575 4173 Ξενίζοντα
3602 4111 3719 4179 γάρ

2146 4218 2267 4253 τινα
2314 4201 2591 4273 εἰσφέρεις
2629 4188 2823 4266 εἰςτὰς
2852 4204 3021 4266 ἀκοάς
3069 4204 3248 4273 ἡμῶν.
3278 4200 3589 4272 Βουλόμεθα
3620 4195 3717 4254 οὖν

2148 4294 2348 4362 γνῶναι
2374 4294 2426 4347 τί
2461 4295 2527 4349 ἂν
2548 4294 2690 4347 θέλοι
2712 4296 2887 4349 ταῦτα
2916 4291 3079 4351 εἶναι.
3102 4296 3379 4367 Ἀθηναῖοι
3415 4296 3472 4349 δὲ
3512 4295 3716 4358 πάντες

483 4368 747 4456 hospites,
794 4384 860 4436 ad
913 4380 1048 4435 nihil
1080 4380 1225 4433 aliud
1275 4379 1560 4444 vacabant,
1595 4379 1699 4433 nisi
1725 4388 1818 4432 aut
1844 4380 2041 4445 dicere,

2152 4389 2247 4442 ml
2278 4390 2327 4441 oi
2364 4388 2761 4459 ἐπιδημοῦντες
2806 4387 2972 4455 ξένοι,
3006 4390 3087 4452 εἰς
3113 4389 3267 4441 οὐδὲν
3288 4387 3475 4459 ἕτερον
3511 4386 3712 4457 ηὐκαί-

483 4485 578 4532 aut
607 4475 797 4530 audire
840 4472 1046 4543 aliquid
1080 4470 1254 4537 novi.)
1288 4470 1451 4525 Stans
1514 4478 1693 4524 autem
1756 4468 1959 4526 Paulus
1988 4471 2041 4525 in

483 4568 663 4625 medio
685 4566 974 4636 Areopagi,
1010 4565 1085 4617 ait
1119 4580 1133 4618 :
1171 4562 1288 4616 Viri
1312 4563 1693 4629 Athenienses,
1727 4579 1822 4631 per
1860 4565 2043 4618 omnia

484 4660 642 4730 quasi
720 4655 1220 4726 superstitioslores
1275 4668 1376 4708 vos
1458 4653 1635 4709 video.
1719 4653 2043 4710 Praeterieris

482 4751 629 4808 enim
661 4759 715 4804 et
748 4749 939 4806 videns
971 4746 1265 4801 simulacra
1293 4753 1491 4810 vestra,
1518 4746 1774 4800 inveniet
1807 4760 1957 4800 aram
1985 4749 2041 4801 in

481 4857 591 4913 qua
628 4841 888 4909 scriptum
913 4846 1029 4894 erat
1068 4854 1083 4892 :
1123 4856 1141 4889 ι
1188 4837 1378 4909 Ignoto
1452 4840 1583 4894 Deo.
1626 4858 1647 4891 ι
1727 4841 1881 4906 Quod
1908 4824 2042 4913 ergo

2152 4494 2304 4549 ρουν,
2336 4478 2368 4544 ἢ
2399 4477 2579 4546 λέγειν
2625 4494 2679 4530 τι
2731 4480 2828 4531 καὶ
2875 4477 3097 4533 ἀκούειν
3118 4480 3454 4551 καινότερον.
3485 4477 3715 4542 Σταθεὶς

2147 4572 2206 4624 δὲ
2244 4572 2283 4623 ιό
2316 4571 2523 4634 Παῦλος
2555 4572 2613 4623 ὲν
2641 4569 2799 4640 μέσῳ
2830 4570 2922 4623 τοῦ
2954 4571 3164 4642 ’Δρείου
3194 4571 3396 4639 πάγου,
3426 4571 3551 4640 ἔφη’
3585 4570 3718 4622 Ἀν-

2147 4662 2273 4734 δρες
2303 4662 2598 4732 Ἀθηναῖοι,
2627 4663 2771 4716 κατὰ
2799 4662 2977 4715 πάντα
3016 4662 3092 4725 ὡς
3120 4659 3716 4730 δεισιδαιμονεστέρους

2150 4753 2292 4823 ὑμᾶς
2351 4752 2563 4823 θεωρῶ.
2614 4754 2977 4822 Διερχόμενος
3034 4754 3144 4823 γὰρ
3173 4755 3267 4806 καὶ
3296 4750 3621 4820 ἀναθεωρῶν
3645 4751 3717 4802 τά

2151 4845 2471 4917 σεϐάσματα
2506 4844 2683 4915 ὑμῶν,
2714 4841 2873 4915 εὗρον
2901 4846 2994 4898 καὶ
3037 4844 3217 4914 βωμὸν
3261 4847 3319 4897 ἐν
3339 4837 3382 4912 ᾧ
3409 4842 3713 4911 ἐπεγέγρα-

484 4935 797 5006 ignorantes
830 4930 1032 4998 colitis,
1091 4930 1193 4985 hoc
1256 4945 1357 5000 ego
1401 4931 1665 4985 annuntio
1688 4932 1859 4986 vobis.
1898 4932 2039 4986 Deus

2149 4952 2273 4989 νιτοο
2309 4955 2327 4987 ι
2364 4937 2656 5008 ’Λγνώστῳ
2686 4936 2827 5010 Θεῷ.
2869 4956 2888 4989 ι
2933 4938 3030 4989 Ὃν
3082 4953 3176 4989 ουν
3207 4933 3531 5003 ἀγνοοῦντες
3560 4933 3718 4985 εὐσε-

554 5090 807 5148 τσιιιθιπ.
838 5072 921 5160 m’,
954 5092 1040 5146 ts.

1664 5181 1864 5241 Variae
1895 5180 2200 5244 lectiones
2245 5192 2307 5243 et
2353 5189 2518 5245 notae
2535 5230 2549 5243 .

552 5306 601 5338 “
626 5305 797 5377 ἀίει-ε.
829 5305 1061 5375 Λέγεται
1086 5306 1180 5358 καὶ
1205 5305 1286 5366 εἰς
1307 5306 1409 5373 τὴν
1440 5304 1634 5375 ἑορτήν
1660 5303 1755 5355 τοῦ
1789 5303 1948 5370 ἀγίου
1979 5305 2281 5358 Διονυσίου.
2359 5304 2406 5336 ⁸⁸
2435 5306 2535 5358 οὐκ
2558 5305 2777 5375 ἔφερεν.
2865 5304 2912 5337 ’⁵⁸
2944 5304 3328 5374 ἐπιγελῶντες.

552 5461 643 5532 (24
675 5462 857 5532 )νγυΙε.
900 5461 1079 5526 habet,
1113 5458 1393 5513 dissensio.

557 5528 684 5602 (25)
735 5528 994 5601 Vulgatus
1057 5533 1326 5602 interpres
1383 5528 1544 5583 vertit
1621 5530 2038 5602 semint'verbius,

485 5600 641 5668 quasi
687 5600 1150 5670 seniiuansiverba,
1183 5600 1286 5653 hoc
1351 5608 1457 5665 est,
1486 5600 1757 5669 garrulus.
1789 5611 2036 5670 nugator.

483 5679 552 5730 At
576 5669 817 5740 pressius
850 5669 979 5723 verti
1005 5679 1183 5738 posset
1226 5672 1579 5740 sentinilegus,
1611 5684 1707 5725 seu
1757 5669 2014 5725 seminum

2146 5460 2413 5514 collector.
2440 5458 2610 5527 Cujus
2637 5460 3087 5515 nomenclationis
3112 5461 3252 5513 ratio
3273 5474 3338 5512 ex
3359 5458 3600 5525 subjecta
3618 5472 3716 5512 ex-

2148 5532 2417 5598 positione
2467 5538 2632 5596 patet.
2676 5528 3040 5598 Metaphorice
3087 5540 3267 5583 autem
3321 5530 3554 5598 smnitnr
3613 5541 3719 5596 pro

2147 5602 2380 5721 υεῖῡοδο,
2437 5610 2689 5669 nugatore
2739 5608 2793 5654 et
2823 5597 3164 5665 ’locutulcio,
3218 5608 3276 5654 ut
3328 5597 3555 5666 Plautus
3628 5600 3716 5651 di-

2149 5685 2201 5724 xi
2235 5708 2248 5723 .
3729 5680 3735 5684 ·
