4058 6210
418 277 519 340 997

1057 274 1594 335 ΕΧΡΟδΙΤΙΟΝΙΞ
1623 276 1702 337 ΙΝ
1737 277 1924 337 ACTA
1954 279 1985 338 Ἰ

2086 282 2254 344 ἱἸἪΞ
2283 286 2625 347 ALTER.-—
2659 293 2814 353 CAP.
2849 295 3034 356 XVII.

3567 304 3671 366 9538

418 392 586 452 θεῖτε,
642 387 828 442 τοῦτον
879 386 989 455 ἐγὼ
1045 387 1400 456 καταγγέλλω
1455 389 1603 458 ὑμῖν.
1664 388 1725 442 '0
1777 389 1914 453 Θεὸς
1961 393 1985 444 0

2094 396 2186 481 qui
2225 396 2354 452 fecit
2383 403 2645 456 mundum
2678 413 2730 458 et
2766 410 2943 461 omnia
2995 426 3115 478 qua:
3166 412 3220 465 in
3253 428 3321 467 eo
3374 428 3527 482 sunt,
3579 421 3670 477 hic

417 483 645 551 ποιήσας
676 479 765 533 τὸν
801 480 1007 549 κόσμον
1038 478 1129 531 καὶ
1162 478 1339 532 πάντα
1382 479 1452 532 τὰ
1496 483 1554 532 ἐν
1608 480 1778 552 αὐτῷ,
1829 480 1985 548 οὗτος

415 570 645 640 οὐρανοῦ
700 570 795 622 καὶ
844 568 947 638 γῆς
1011 567 1273 639 ὑπάρχων
1300 567 1531 638 Κύριος,
1569 571 1670 624 οὐκ
1717 573 1776 624 ἐν
1812 589 1987 643 χειρο-

414 663 655 732 ποιήτοις
687 662 832 723 ναοῖς
872 660 1138 724 κατοικεῖ,
1165 658 1285 712 οὐδὲ
1320 660 1425 713 ὑπὸ
1452 660 1652 730 χειρῶν
1682 662 1988 733 ἀνθρώπων

414 752 795 823 θεραπεύεται,
826 749 1218 819 προσδεόμενός
1246 767 1415 813 τινος,
1438 752 1601 816 αὐτὸς
1637 753 1815 816 διδοὺς
1854 755 1988 808 πᾶσι

414 844 561 915 ζωὴν
614 843 709 895 καὶ
760 837 930 907 πνοὴν
989 841 1131 895 κατὰ
1175 842 1390 895 πάνταο
1422 844 1648 913 ἐποίησέ
1686 861 1746 896 τε
1779 844 1838 910 ἐξ
1871 845 1989 909 ἐνὸς

412 937 645 1006 αἵματος
682 936 790 986 πᾶν
834 935 993 1001 γένος
1023 932 1328 1003 ἀνθρώπων
1359 938 1635 991 κατοικεῖν
1659 937 1752 990 ἐπὶ
1783 938 1890 990 πᾶν
1928 938 1989 991 τὸ

413 1030 705 1099 πρόσωπον
751 1026 851 1097 τῆς
889 1027 1014 1094 γῆς,
1067 1026 1259 1098 ὁρίσας
1310 1027 1828 1096 προστεταγμένους
1864 1046 1988 1081 και-

414 1119 543 1189 ροὺς
590 1118 685 1172 καὶ
714 1117 811 1181 τὰς
856 1117 1141 1188 ὁροθεσίας
1180 1117 1279 1186 τῆς
1310 1119 1593 1182 κατοικίας
1638 1119 1836 1185 αὐτῶν,
1887 1120 1986 1191 ζη-

410 1214 525 1264 τεῖν
548 1209 638 1263 τὸν
659 1208 814 1268 Θεὸν,
844 1209 892 1261 εί
926 1208 1102 1278 ἄραγε
1127 1207 1512 1278 ψηλαφήσειαν
1551 1210 1713 1264 αὑτὸν
1760 1210 1854 1263 καὶ
1885 1209 1979 1262 εὖ-

415 1316 579 1373 ροιενο
616 1300 795 1354 καίτοι
822 1315 886 1367 γε
912 1300 974 1352 οὐ
1006 1300 1228 1370 μακρὰν
1262 1301 1370 1352 ἀπὸ
1407 1300 1526 1363 ἐνὸς
1558 1301 1793 1353 ἑκάστου
1830 1302 1987 1372 ἡμῶν

411 1388 741 1466 ὑπάρχοντα.
776 1393 863 1446 Ἐν
890 1392 1039 1463 αὐτῷ
1068 1394 1175 1462 γὰρ
1200 1392 1403 1463 ζῶμεν,
1429 1394 1524 1446 καὶ
1552 1393 1872 1465 κινούμεθα,
1893 1394 1988 1448 καὶ

411 1486 580 1556 ἐσμέν
611 1502 626 1518 ο
665 1484 741 1548 ὡς
783 1483 876 1536 καί
908 1498 1050 1546 τινες
1097 1482 1205 1536 τῶν
1234 1483 1358 1537 καθ’
1389 1483 1533 1553 ὑμᾶς
1565 1485 1803 1555 ποιητῶν
1836 1487 1987 1555 εἰρή-

411 1593 557 1632 κασι’
620 1575 727 1630 Τοῦ
752 1578 861 1649 γὰρ
887 1578 983 1628 καὶ
1017 1574 1179 1643 γένος
1224 1574 1417 1644 ἐσμέν.
1474 1575 1636 1637 Γὲνος
1686 1570 1778 1629 οὖν
1806 1575 1985 1645 ὕπαρ-

411 1685 599 1737 χοντες
630 1667 726 1721 τοῦ
748 1667 909 1732 Θεοῦ,
941 1668 1044 1720 οὐκ
1077 1666 1369 1735 ὀφείλομεν
1398 1666 1643 1736 νομίζειν
1684 1667 1913 1737 χρυσίῳ,
1948 1668 1981 1739 ἢ

2091 488 2213 543 cmli
2248 499 2301 544 et
2349 501 2505 548 terrze
2536 510 2659 549 cum
2685 499 2757 553 sit
2784 498 3064 566 Dominus,
3101 520 3207 558 nou
3254 506 3308 559 in
3341 510 3671 570 manufactis

2091 580 2309 648 templis
2344 583 2575 650 habitat,
2600 602 2699 641 uec
2755 592 3008 646 inanibus
3059 597 3311 652 humanis
3340 600 3541 656 colitur
3567 605 3656 658 in-

1996 737 2003 744 .
2090 670 2279 740 digens
2310 664 2512 745 aliquo,
2550 694 2672 733 cum
2706 681 2819 750 ipse
2850 684 2940 738 det
2979 688 3234 743 omnibus
3274 691 3433 747 vitam
3464 705 3518 748 et
3580 698 3667 749 in-

2090 763 2442 831 spiratiunem
2466 778 2517 822 et
2542 772 2723 825 munia
2754 790 2770 831 ς
2828 774 3061 846 fecitque
3089 792 3155 832 ex
3186 795 3292 833 uno
3315 797 3475 838 omne
3496 801 3669 854 genus

2089 851 2254 922 279
2282 854 2560 909 hominum
2597 858 2902 917 inhabitare
2930 880 3094 934 super
3133 868 3443 924 universam
3473 851 3664 929 faciem

2091 948 2277 1025 terrae,
2303 939 2572 998 deﬁniens
2620 955 2821 1001 statuta
2857 958 3102 1025 textipora
3136 962 3188 1008 et
3218 959 3483 1017 terminos
3515 963 3668 1018 habi-

2091 1022 2315 1087 talionis
2338 1048 2552 1101 eorum,
2608 1022 2861 1106 quaerere
2877 1041 3067 1111 Deum,
3101 1046 3146 1100 si
3205 1046 3343 1103 forte
3378 1060 3667 1110 attrecteut

2090 1136 2215 1176 eum
2245 1131 2339 1176 aut
2370 1124 2675 1192 inveniant,
2704 1133 2955 1199 quamvis
2991 1149 3098 1189 non
3127 1136 3288 1207 longe
3322 1139 3393 1194 sit
3425 1143 3493 1197 ab
3521 1159 3667 1199 uno-
3696 1176 3705 1184 κ

2091 1228 2310 1285 quoque
2341 1227 2613 1271 nostrum.
2646 1217 2705 1273 In
2738 1221 2859 1289 ipso
2883 1226 3026 1277 enim
3072 1225 3327 1292 vivimus,
3385 1238 3440 1284 et
3478 1248 3663 1288 move-

2091 1321 2234 1370 mur,
2270 1313 2325 1358 ιιι
2366 1321 2595 1363 sumus:
2625 1310 2768 1363 sicut
2811 1320 2863 1366 et
2903 1314 3121 1383 quidatn
3152 1326 3454 1373 vestrorum
3482 1333 3666 1389 poeta-

2089 1407 2210 1446 rum
2243 1394 2491 1449 dixerunt
2521 1411 2536 1448 :
2606 1394 2783 1467 Ipsius
2844 1403 2987 1455 enim
3021 1409 3074 1456 et
3097 1419 3269 1473 genus
3301 1422 3512 1464 sumus.
3565 1407 3668 1463 Ge-

2090 1498 2194 1538 nus
2218 1499 2349 1553 ergo
2371 1501 2494 1539 cum
2524 1486 2699 1542 simus
2738 1489 2851 1555 Dei,
2887 1506 2996 1546 non
3055 1493 3316 1550 debemus
3371 1499 3664 1564 mstimare,

2090 1588 2246 1640 auro,
2282 1585 2375 1629 aut
2402 1586 2650 1647 argento,
2684 1588 2774 1633 aut
2807 1581 2994 1652 lapidi,
3016 1585 3309 1655 sculptura:
3330 1588 3461 1642 artis
3493 1598 3546 1642 et
3571 1606 3664 1643 co-

2091 1665 2370 1734 gitationis
2397 1667 2655 1735 hominis,
2685 1670 2929 1725 divinum
2953 1689 3076 1729 esse
3101 1676 3301 1731 simile.
3322 1677 3387 1749 Et
3420 1689 3663 1749 tempora

413 1759 685 1831 ἀργυρίῳ,
721 1759 756 1829 ἢ
791 1758 953 1829 λίθῳ,
1004 1755 1328 1827 χαράγματι
1370 1756 1570 1825 τέχνης
1625 1756 1717 1808 καὶ
1749 1755 1985 1827 ἐνθυμή-

2091 1758 2307 1829 quidem
2330 1761 2488 1830 hujus
2523 1763 2840 1832 ignorantia:
2878 1783 2896 1813 ι
2918 1764 3267 1822 dissimulans
3299 1788 3314 1819 ι
3361 1770 3470 1841 (26)
3504 1771 3664 1836 Deus,

378 1885 383 1889 η
417 1868 552 1914 σεως
578 1850 871 1921 ἀνθρώπου
906 1851 967 1901 τδ
995 1849 1151 1901 Θείον
1179 1843 1322 1899 εἶναι
1362 1847 1567 1915 ὅμοιον.
1595 1847 1733 1908 Τοὺς
1766 1847 1866 1916 μὲν
1892 1846 1988 1900 οῦν
2032 1882 2033 1885 η

412 1943 638 2011 χρόνους
676 1941 773 2008 τῆς
804 1938 1029 2007 ἀγνοίας
1062 1934 1334 2006 ὑπεριδὼν
1371 1937 1399 1987 0
1426 1934 1579 2000 Θεὸς,
1630 1934 1697 1988 τὰ
1722 1933 1818 1987 νῦν
1847 1951 1985 2005 παρα

410 2030 665 2099 αγγὲλλει
718 2031 829 2092 τοῖς
886 2027 1194 2098 ἀνθρώποις
1252 2027 1387 2079 πᾶσι
1465 2026 1741 2094 πανταχοῦ
1814 2043 1983 2096 μετα-

412 2127 572 2178 νοεῖν.
613 2122 818 2178 Καθότι
870 2122 1101 2190 ἔστησεν
1143 2120 1385 2191 ἡμέραν,
1416 2112 1532 2191 ἐνῇ
1566 2118 1749 2187 μέλλει
1776 2118 1983 2188 κρίνειν

409 2217 508 2285 τὴν
533 2216 860 2285 οἰκουμένην
905 2217 963 2268 ἐν
996 2211 1343 2282 δικαιοσύνῃ,
1387 2212 1445 2262 ἐν
1502 2211 1657 2280 ἀνδρὶ
1698 2203 1742 2278 ᾧ
1790 2209 1982 2280 ὥρισε,

411 2308 595 2359 πίστιν
643 2303 943 2377 παρασχὼν
994 2306 1185 2370 πᾶσιν,
1237 2301 1550 2371 ἀναστήσας
1580 2300 1744 2354 αὐτὸν
1779 2302 1843 2352 ἐκ
1894 2316 1982 2352 νε-

411 2399 580 2470 κρῶν.
610 2397 969 2462 ’Δκούσαντες
1003 2399 1061 2451 δὲ
1124 2400 1420 2455 ἀνάστασιν
1481 2399 1713 2469 νεκρῶν,
1769 2400 1820 2449 οἱ
1886 2396 1986 2466 μὲν

409 2488 729 2560 ἐχλεύαζον,
764 2490 814 2543 oi
848 2490 904 2542 δὲ
935 2485 1110 2543 εἶπον
1157 2488 1531 2559 Ἀκουσόμεθά
1561 2505 1654 2543 σου
1684 2490 1815 2557 περὶ
1858 2487 1982 2539 τού-

408 2598 504 2634 του
533 2584 628 2635 καὶ
663 2581 846 2635 πάλιν.
896 2583 1008 2635 Καὶ
1034 2580 1208 2645 οὕτως
1233 2583 1262 2635 0
1292 2580 1501 2645 Παῦλος
1534 2580 1760 2650 ἐξῆλθεν
1795 2582 1858 2633 ἐκ
1890 2580 1984 2648 μὲ-

413 2691 508 2727 σου
539 2674 740 2729 αὐτῶν.
762 2674 919 2736 Τινὲς
950 2674 1008 2726 δὲ
1046 2674 1237 2745 ἄνδρες
1266 2674 1621 2745 κολληθέντες
1659 2671 1831 2742 αὐτῷ,
1860 2671 1980 2724 ἐπί-

2089 1866 2235 1905 nunc
2263 1853 2553 1906 annuntiat
2583 1852 2920 1918 hominibus,
2953 1864 3012 1909 ut
3055 1872 3246 1914 omnes
3288 1861 3489 1930 ubique
3545 1878 3665 1933 pw—

2085 1943 2372 1995 nitentiam
2404 1952 2589 2012 agant.
2618 1942 2696 1997 Eo
2716 1945 2858 2014 quod
2890 1948 3079 2003 statuit
3104 1947 3268 2016 diem,
3299 1952 3351 2005 in
3383 1969 3491 2023 quo
3514 1954 3633 2023 judi
3655 1985 3667 1993 -

2085 2040 2308 2086 caturus
2329 2039 2414 2087 est
2443 2032 2632 2088 orbem
2668 2035 2720 2088 in
2755 2036 3038 2105 equitate,
3073 2039 3128 2094 in
3160 2042 3298 2106 viro,
3324 2042 3379 2096 in
3408 2060 3517 2113 quo
3545 2054 3665 2101 sta-

2086 2124 2208 2187 tuit,
2240 2122 2400 2178 tidem
2434 2127 2683 2193 prmbens
2707 2130 2984 2193 omnibus,
3021 2134 3299 2188 suscitans
3315 2151 3437 2189 eum
3470 2151 3499 2188 a
3523 2153 3669 2193 mor-

2091 2217 2217 2269 tuis.
2250 2215 2386 2270 Cmu
2410 2218 2692 2273 audissent
2717 2231 2898 2274 autem
2930 2211 3389 2280 resurrectionem
3427 2241 3671 2286 mortuo-

2090 2322 2234 2368 rum,
2261 2308 2481 2376 quidam
2515 2311 2738 2379 quidem
2763 2312 3086 2379 irridebant,
3106 2316 3327 2385 quidam
3361 2333 3487 2373 vero
3516 2321 3668 2377 dixe-

2091 2405 2217 2450 runt
2249 2414 2262 2450 :
2302 2399 2601 2456 Audiemus
2625 2409 2679 2455 te
2710 2403 2775 2457 de
2833 2403 2937 2457 hoc
2953 2406 3186 2471 iterum.
3217 2406 3307 2464 Sic
3331 2402 3530 2467 Paulus
3552 2413 3668 2467 exi-

2089 2487 2167 2540 vit
2212 2488 2279 2542 de
2308 2489 2487 2543 medio
2519 2491 2980 2558 eorum.Quidatn
3010 2510 3137 2551 vero
3165 2497 3267 2552 viri
3329 2499 3668 2557 adhaerentes

2089 2579 2161 2641 ci,
2189 2581 2541 2636 crediderunt
2594 2600 2614 2665 ,ζ
2646 2584 2698 2636 in
2731 2586 2930 2653 quibus
2992 2596 3045 2641 et
3099 2589 3393 2663 Dionysius
3424 2593 3668 2664 Are0pa—

2090 2674 2221 2738 gita,
2260 2677 2315 2724 et
2342 2671 2538 2725 mulier
2562 2674 2783 2729 nomine
2809 2674 3076 2743 Damaris,
3105 2688 3159 2735 et
3217 2682 3307 2736 alii
3341 2699 3465 2739 cum
3493 2686 3595 2740 eis.

412 2781 672 2831 στευσαν,
726 2765 785 2819 ὲν
816 2758 897 2827 οἷς
922 2765 1020 2818 καὶ
1048 2766 1327 2828 Διονύσιος
1373 2765 1402 2817 0
1435 2762 1856 2834 Ἀρεοπαγίτης,
1879 2764 1972 2815 καὶ
1996 2760 2135 2831 γυνὴ
2167 2760 2391 2831 ὀνόματι
2430 2762 2703 2833 Δάμαρις,
2735 2767 2827 2820 καὶ
2854 2769 3030 2840 ἕτεροι
3066 2773 3164 2826 σὺν
3196 2775 3400 2840 αὐτοῖς.

999 2857 1380 2911 ΕΡΜΗΝΕΙΔ.

490 2950 736 3018 Ἥγαγον
776 2948 961 3017 αὐτὸν,
1012 2949 1177 3019 φησιν
1203 2990 1218 3015 ,
1267 2950 1362 3002 ἐπὶ
1393 2950 1486 3003 τὸν
1524 2950 1743 3020 ’Ἄρειον
1784 2948 1981 3015 πάγον.

2587 2855 3166 2918 COMMENTARIUS.
3406 2898 3441 2907 -—

2171 2965 2188 2998 ι
2228 2946 2513 3002 Duxerunt
2550 2960 2723 3014 eum,’
2758 2952 2955 3022 inquit,
2990 2954 3056 3008 ad
3092 2954 3461 3027 Areopagum,
3503 2979 3522 3013 ι
3559 2977 3665 3016 non

412 3042 510 3111 οὐχ
542 3040 686 3096 ὥστε
748 3042 962 3111 μαθεῖν,
1020 3041 1138 3095 ἀλλ’
1193 3040 1336 3094 ὥστε
1380 3039 1741 3108 κολάσασθαι,
1769 3039 1897 3092 ἔνθα
1926 3039 1982 3092 αἱ

2089 3047 2148 3092 ιιι
2181 3038 2388 3107 aliquid
2420 3040 2524 3109 ipsi
2548 3040 2844 3106 discerent,
2901 3045 2995 3100 sed
3028 3052 3085 3099 ut
3134 3047 3181 3102 is
3226 3038 3530 3117 puniretur,
3575 3056 3666 3109 ubi

411 3134 632 3203 φονικαὶ
668 3132 839 3188 δίκαι.
888 3134 1107 3202 Ἀρειος
1135 3132 1192 3186 δέ
1219 3134 1415 3203 ςῐῐάγος
1465 3132 1683 3199 ἐλέγετο
1727 3132 1756 3183 0
1798 3131 1981 3194 τόπος,

410 3219 599 3290 ἐπειδὴ
626 3221 653 3271 0
683 3219 881 3289 Ἀρης,
907 3217 982 3281 ὥς
1033 3235 1190 3288 φασι,
1219 3219 1318 3285 τῆς
1351 3220 1570 3288 μοιχίας
1609 3219 1786 3269 ἐκεῖσε
1829 3217 1983 3279 δίκας

409 3309 599 3364 ἔδωκε.
635 3311 815 3378 Πάγος
860 3309 917 3361 δὲ
947 3310 976 3361 0
1011 3310 1214 3379 ὑψηλὸς
1243 3309 1429 3371 τόποςο
1461 3309 1519 3362 ἐν
1548 3309 1658 3378 γὰρ
1691 3308 1835 3377 ὄχθῳ
1878 3306 1984 3359 τινὶ

407 3399 474 3473 ἦν
504 3404 681 3456 ἐκεῖνο
720 3405 783 3455 τὸ
833 3402 1209 3472 δικαστήριον·
1257 3401 1381 3455 ὅθεν
1437 3401 1532 3454 καὶ
1581 3401 1862 3470 Πάγαρχοι
1893 3415 1985 3452 κα-

409 3493 629 3548 λοῦνται
655 3495 810 3567 παρά
836 3510 1004 3558 τισιν,
1038 3494 1087 3547 oi
1131 3492 1248 3547 τῶν
1282 3493 1465 3547 τόπων
1498 3492 1532 3563 ἢ
1574 3490 1779 3561 κωμῶν
1821 3508 1982 3545 τινων

410 3589 689 3658 ἄρχοντες.
725 3605 744 3638 ι
784 3581 956 3657 Εὗρον
1010 3586 1107 3638 καὶ
1159 3584 1364 3654 βωμόν.
1403 3601 1423 3636 ι
1485 3584 1590 3636 Δύο
1620 3582 1798 3645 αἰτίας
1844 3576 1986 3634 εἶναι

410 3683 627 3749 λέγουσι
672 3679 734 3732 τὸ
778 3677 843 3750 [ι.
865 3675 982 3749 τοῦ]
1041 3675 1160 3749 [ἐπι
1199 3674 1289 3747 γε]
1325 3674 1566 3746 γράφθαι
1596 3672 1855 3743 Ἀθήνῃσι
1911 3669 1986 3739 τῷ

416 3772 583 3844 βωμῷ
619 3790 637 3824 ι
666 3769 959 3839 Ἀγνώστῳ
1004 3768 1144 3839 Θεῷ.
1189 3787 1209 3821 ι
1247 3769 1313 3822 Οί
1365 3767 1465 3837 μὲν
1519 3766 1627 3835 γάρ
1672 3779 1857 3833 φασιν,
1909 3760 1985 3824 ὡς

412 3861 740 3933 Φιλιππίδην
791 3860 1048 3931 ἔπεμψαν
1102 3857 1382 3928 Ἀθηναῖοι
1445 3856 1584 3926 πρὸς
1644 3853 1988 3922 Λακεδαιμο-

412 3955 558 4017 νίους
582 3955 712 4024 περὶ
738 3952 1081 4023 συμμαχίας,
1110 3950 1276 4020 ἡνίκα
1308 3949 1515 4017 Πέρσαι
1546 3945 1986 4015 ἐπεστράτευσαν

408 4049 476 4117 τῇ
529 4045 762 4111 Ἑλλάδι,
793 4036 838 4112 ᾧ
875 4043 1016 4097 κατά
1062 4042 1125 4095 τὸ
1182 4039 1485 4109 Παρθένιον
1524 4037 1649 4110 δρος
1687 4036 1863 4099 Πανὸς
1888 4034 1989 4104 φά-

412 4154 524 4208 σμα
585 4136 826 4206 ἐντυχὸν,
873 4135 1066 4206 ᾐτιᾶτο
1132 4132 1230 4203 μὲν
1285 4129 1603 4199 Ἀθηναίους
1653 4126 1987 4199 ἀμελοῦντας

413 4229 578 4283 αὐτοῦ
607 4268 622 4295 ,
672 4229 865 4291 ἄλλους
921 4227 1079 4290 θεοὺς
1131 4224 1538 4296 θεραπεύοντας
1568 4262 1583 4287 ,
1626 4224 1723 4277 καὶ
1769 4220 1986 4292 βοηθεῖν

415 4320 805 4392 ἐπηγγέλλετο.
846 4320 1190 4390 Νικήσαντες
1243 4316 1361 4381 οῦν,
1383 4315 1574 4385 ἐκείνῳ
1599 4314 1727 4369 ναὸν
1752 4313 1985 4383 ἀνέστη-

2086 3124 2354 3194 capitales
2382 3139 2560 3180 causa:
2583 3126 2953 3182 habebantur.
2987 3148 3007 3181 ι
3061 3130 3378 3202 Areopagus
3400 3146 3435 3186 ι
3484 3146 3666 3192 autem

2087 3215 2242 3267 locus
2290 3213 2383 3267 ille
2434 3214 2740 3279 dicebatur,
2812 3219 3071 3286 qucuiant
3140 3221 3298 3285 Arcs,
3352 3238 3445 3278 seu
3515 3225 3660 3283 Mars

2086 3304 2339 3358 adulterii
2376 3317 2567 3374 poenas
2628 3306 2723 3371 ibi,
2759 3315 2818 3361 ut
2856 3308 3195 3375 fabulantur,
3252 3315 3379 3368 olim
3419 3314 3663 3377 dederat.

2091 3415 2110 3447 ι
2145 3393 2325 3465 Pagus
2363 3414 2382 3447 ι
2419 3403 2505 3451 est
2562 3397 2717 3452 locus
2750 3400 3006 3457 excelsus
3035 3419 3051 3467 ;
3081 3404 3350 3475 siquidem
3407 3407 3460 3461 in
3520 3411 3661 3465 colle

2084 3486 2248 3539 situm
2280 3493 2400 3539 erat
2434 3485 2787 3541 dicasterium
2820 3489 2972 3542 illud.
2999 3488 3136 3546 Hinc
3166 3509 3186 3543 ι
3239 3493 3502 3564 I‘agarchi
3531 3513 3552 3548 >
3585 3497 3669 3551 di-

2086 3586 2289 3631 cuntur
2343 3578 2586 3632 locorqu
2638 3582 3000 3647 quorumdam
3081 3584 3162 3639 vel
3213 3600 3472 3654 pagorum
3530 3603 3668 3658 prie-

2087 3667 2233 3723 fecti.
2289 3687 2306 3719 ι
2345 3668 2530 3722 Inveni
2561 3679 2612 3724 et
2637 3683 2810 3722 aram.
2856 3688 2875 3721 ι
2911 3669 3040 3726 Duae
3066 3689 3246 3731 causae
3279 3678 3529 3733 feruntur
3575 3695 3667 3735 ce-

2091 3759 2260 3815 lebris
2346 3760 2512 3824 illius,
2581 3777 2704 3830 quae
2752 3759 2983 3818 Athenis
3037 3773 3175 3830 erat,
3236 3767 3660 3840 inscriptionis:

2093 3869 2112 3901 ι
2142 3851 2331 3920 Ignoto
2370 3850 2499 3906 Deo.
2536 3869 2556 3903 ι
2597 3852 2829 3917 Quidam
2860 3854 3006 3907 enim
3066 3854 3274 3918 dicunt.
3325 3860 3472 3927 quod
3532 3876 3660 3916 cum

2087 3941 2476 4007 Athenienses,
2519 3940 2703 3999 Persis
2764 3951 2958 3997 contra
2989 3943 3138 4013 ipsos
3172 3946 3372 4000 bellum
3423 3953 3662 4017 gerenti-

2096 4031 2224 4097 bus,
2256 4030 2598 4101 Pbilippiden
2631 4033 2919 4102 quemdam
2950 4034 3017 4088 ad
3063 4033 3481 4096 Lacedaemones
3508 4043 3665 4096 auxi-

2089 4123 2146 4178 Iii
2175 4123 2392 4193 petendi
2430 4139 2597 4179 causa
2629 4123 2928 4190 misissent,
2961 4140 3260 4183 occurrens
3288 4128 3363 4183 illi
3395 4130 3450 4184 in
3480 4145 3664 4188 monte

2089 4213 2368 4270 Partheno
2400 4214 2606 4269 idolum
2667 4213 2833 4271 Panis
2862 4218 3101 4287 graviter
3127 4220 3196 4274 de
3232 4220 3663 4280 Atheniensibus

2090 4314 2450 4378 conquestum
2480 4306 2666 4371 fuerit,
2695 4309 2837 4378 quod
2867 4325 2991 4363 eum
3026 4321 3253 4390 caeteros
3280 4312 3495 4383 quidem
3531 4315 3664 4372 deos

414 4428 511 4466 σαν
533 4411 627 4465 καὶ
675 4410 857 4481 βωμὸν
884 4409 1260 4481 ᾠκοδόμησαν.
1293 4411 1402 4462 Καὶ
1441 4408 1515 4471 ὠς
1562 4405 1975 4476 φυλαττόμενοι,

2086 4401 2333 4470 gnaviter
2363 4400 2630 4463 colerent,
2659 4415 2717 4455 se
2748 4416 2975 4469 prorsus
2992 4404 3355 4474 negligerent;
3391 4415 3445 4461 et
3466 4408 3666 4463 nihilo—

417 4502 492 4573 μὴ
529 4503 591 4556 τὸ
633 4503 766 4555 αὐτὸ
804 4502 869 4571 δὴ
897 4502 990 4555 καὶ
1014 4501 1205 4556 ἄλλοτε
1240 4500 1487 4566 πάθοιεν,
1519 4498 1788 4569 παρέντες
1856 4494 1981 4549 τινὰ

414 4596 536 4650 θεὸν
565 4595 844 4665 ἄγνωστον
876 4595 1085 4659 αὐτοῖς,
1134 4590 1442 4663 ἀνέστησαν
1494 4592 1586 4646 τὸν
1620 4590 1802 4661 βωμὸν
1839 4590 1981 4642 ἐκεῖ·

413 4702 522 4751 νον,
552 4683 970 4753 ἐπιγράφοντες*
1007 4700 1025 4734 ι
1054 4681 1343 4753 ’Δγνώστῳ
1370 4681 1509 4751 Θεῷ·
1550 4698 1569 4731 ι
1597 4679 1755 4733 τοῦτο
1787 4678 1978 4741 λέγον-

412 4791 526 4836 τες,
585 4774 671 4826 ὅτι
695 4773 805 4827 Καὶ
832 4772 884 4824 εῐ
914 4788 996 4834 τις
1027 4772 1212 4843 ἕτερος
1260 4773 1504 4840 ἠγνοεῖτο
1549 4769 1677 4840 παρ’
1705 4769 1883 4839 ἡμῶν,
1911 4770 1990 4830 εἰς

414 4863 578 4934 τιμὴν
607 4864 821 4918 ἐκείνου
860 4858 1015 4927 οὗτος
1051 4862 1115 4931 δὴ
1154 4864 1285 4932 παρ’
1337 4861 1497 4932 ἡμῶν
1550 4862 1871 4931 ἐγήγερται,
1910 4859 1986 4923 ὡς

416 4956 483 5010 ἂν
539 4958 696 5020 ῐλεως
739 4959 872 5028 ἡμῖν
919 4956 1029 5026 εἴη,
1064 4955 1225 5026 εἰπερ
1271 4954 1639 5024 ἀγνοούμενος
1695 4952 1771 5023 μὴ
1826 4952 1988 5021 θερα-

417 5048 664 5106 πεύεται.
721 5049 908 5103 Ἄλλοι
949 5048 1006 5102 δέ
1052 5064 1239 5116 φασιν,
1271 5048 1354 5100 ὅτι
1382 5047 1540 5117 λιμὸς
1588 5046 1631 5078 ⁸⁷
1669 5044 1984 5115 κατέσκηψὲ

417 5151 546 5189 ποτε
583 5136 863 5208 Ἀθήνῃσι,
894 5138 990 5191 καὶ
1030 5138 1110 5201 είς
1156 5136 1407 5190 τοσοῦτον
1435 5135 1634 5198 αὐτοὺς
1670 5134 1981 5200 ἐξέκαυσεν,

414 5228 491 5291 ὡς
521 5226 657 5297 μηδὲ
694 5227 803 5280 τῶν
833 5228 1181 5282 λεπτοτάτων
1215 5227 1470 5280 σινδόνων
1504 5224 1812 5296 ἀνέχεσθαι.
1848 5226 1889 5278 Τ
1892 5225 1986 5287 οὺς

412 5317 805 5388 νομιζομένους
833 5318 926 5371 οῦν
964 5319 1149 5381 αὐτοῖς
1183 5317 1339 5381 θεοὺς
1383 5319 1801 5390 θεραπεύοντες,
1833 5316 1984 5371 οὐδὲν

414 5412 720 5466 ἀπώναντο.
757 5411 1137 5481 Ἐννοήσαντες
1172 5411 1288 5478 οῦν,
1331 5413 1412 5465 ὅτι
1442 5411 1570 5475 ἴσως
1602 5411 1750 5465 ἐστὶν
1782 5412 1810 5462 0
1840 5411 1982 5477 θεὸς,

484 5629 528 5659 ⁵⁷
563 5627 772 5696 λοιμός.

488 5721 598 5797 (26)
630 5721 787 5793 Vulg.
809 5722 1122 5792 despiciens.

2091 4492 2276 4546 minus
2309 4491 2515 4546 auxilio
2540 4506 2599 4545 se
2619 4490 2860 4545 futurum
2889 4495 3263 4563 spoponderit.
3297 4496 3476 4562 Quare
3497 4499 3665 4555 Athe-

2091 4583 2334 4648 nienses,
2365 4597 2491 4636 cum
2521 4582 2805 4646 vicissent,
2843 4587 3099 4652 templum
3147 4587 3223 4641 illi
3256 4574 3594 4654 excitarunt,
3610 4599 3665 4646 et

2087 4679 2263 4733 altare
2313 4686 2762 4734 construxerunt.
2812 4677 3082 4736 Caventes
3153 4697 3303 4747 vero,
3357 4699 3427 4739 ne
3484 4685 3664 4741 simile

2086 4769 2214 4840 quid
2247 4769 2443 4823 iterum
2478 4768 2585 4823 illis
2614 4770 2978 4839 contingeret,
3008 4772 3156 4840 quod
3199 4773 3340 4830 forte
3380 4776 3537 4831 deum
3567 4778 3664 4831 ali-

2084 4877 2244 4932 quem
2284 4862 2528 4932 ignotum
2561 4860 2934 4931 praeterirent,
2971 4864 3132 4917 aliam
3165 4875 3457 4921 erexerunt
3490 4882 3661 4932 aram,

2082 4954 2241 5023 eique
2275 4953 2709 5021 inscripserunt:
2754 4972 2773 5004 ι
2810 4951 3002 5022 Ignoto
3042 4954 3176 5022 Deo,
3226 4975 3245 5009 ι
3304 4960 3612 5029 inquientes
3645 4977 3660 5014 :

2083 5045 2138 5100 Si
2174 5045 2339 5115 280
2376 5045 2556 5099 adhuc
2578 5045 2776 5115 aliquis
2813 5061 2842 5100 a
2887 5047 3044 5103 nubis
3091 5049 3374 5118 ignoretur
3417 5051 3572 5116 deus,
3608 5050 3664 5105 in

2084 5138 2230 5193 illius
2262 5138 2521 5197 honorem
2589 5137 2702 5191 haec
2735 5152 2828 5191 ara
2858 5148 3000 5201 esto,
3055 5150 3115 5194 ut
3172 5142 3331 5196 nobis
3394 5143 3664 5212 propitius

2084 5229 2174 5291 sit,
2210 5226 2338 5292 etsi,
2373 5233 2562 5296 utpote
2584 5226 2823 5297 ignotus,
2850 5230 3111 5298 peculiari
3139 5230 3290 5284 cultu
3318 5245 3350 5285 a
3372 5231 3525 5287 nobis
3545 5247 3658 5287 non

2082 5318 2316 5373 colatur.
2341 5318 2447 5372 Alii
2476 5334 2606 5375 vero
2632 5322 2706 5373 ita
2740 5335 2853 5375 rem
2888 5330 3113 5376 narrant
3140 5337 3155 5376 :
3182 5322 3316 5378 Cum
3344 5322 3462 5378 dira
3494 5325 3666 5394 pestis

2084 5410 2139 5464 in
2169 5409 2529 5466 Athenienses
2563 5420 2924 5482 grassaretur,
2956 5428 3163 5485 eosque
3196 5424 3452 5471 exureret
3497 5416 3660 5486 adeo,

1585 5549 1795 5621 Variae
1821 5546 2129 5611 lectiones
2170 5551 2233 5607 et
2275 5552 2465 5609 notae.

2706 5660 2729 5687 κ
2904 5668 2923 5699 ι
