4058 6210
404 286 515 350 999

1301 262 1889 332 THEOPHYLACTI
1914 223 2711 324 BULGAmIE'ARcmEr.

3541 251 3698 316 1000

402 405 463 452 ut
489 406 587 448 uec
612 385 933 445 tenuissima
956 380 1278 438 linteamina
1328 378 1469 432 ferre
1499 387 1764 448 possent;
1809 355 1986 429 omni-
2018 422 2025 435 ,

2136 391 2153 425 ν
2194 372 2351 426 αὐτοὶ
2386 369 2683 424 κατέλιπον
2745 370 3075 440 ἀγέραστον,
3102 370 3128 421 ὁ
3155 367 3244 420 τὶν
3285 366 3475 437 λοιμὸν
3513 386 3701 424 κατα»

405 490 529 548 bus.
554 496 695 553 quos
734 476 1004 548 putabant
1035 474 1190 540 deos,
1223 472 1428 526 cultum
1461 469 1694 538 aliquem
1729 457 1995 553 praestite~

406 547 864 645 runt,'quiniude
900 567 1070 622 ullum
1111 574 1375 642 caperent
1410 562 1862 617 emolumentum.
1890 547 1996 612 Re-

407 678 664 744 putantes
704 676 859 727 vero,
910 658 1056 731 quod
1096 649 1336 713 fortasse
1377 655 1520 740 deus
1567 661 1715 709 esset
1775 648 1994 731 aliquis,
2035 669 2040 672 ·

408 736 566 836 quem
602 761 704 830 ipsi
765 757 1155 811 inhonoratum
1207 736 1551 820 reliquerint,
1603 762 1667 801 ac
1711 752 1997 816 prepterea

408 835 524 926 ipse
557 859 762 924 pestem
831 845 1152 900 immisisset
1206 840 1381 901 illam,
1440 835 2002 920 novamzediticarunt

406 944 589 1010 aram,
615 942 704 997 cui
745 959 762 992 ι
795 939 983 1010 Ignoto
1015 935 1125 990 Deo
1170 953 1188 985 ι
1279 931 1682 1008 inscripserunt
1715 943 1726 978 :
1765 939 2002 1012 cumque

409 1055 571 1108 super
605 1035 750 1090 illam
779 1009 1212 1089 sacriﬁcassent,
1241 1009 1541 1098 confestim
1564 1019 1730 1090 pestis
1759 1009 2001 1104 evanuit.

410 1129 567 1185 lluuc
599 1128 763 1197 igitur
813 1122 1018 1176 Paulus
1087 1119 1163 1172 ait
1207 1113 1682 1190 esserristum,
1756 1109 2002 1178 omnium

409 1221 601 1284 Deum,
637 1231 799 1288 quem
830 1230 890 1270 se
913 1205 1245 1267 annuntiare
1271 1203 1594 1285 amriu‘abat.
1623 1201 1896 1285 Caeterum
1925 1200 2003 1285 ip-

2103 464 2346 535 πέμψας,
2376 464 2494 536 νέον
2541 463 2863 534 δειμάμενοι
2918 462 3103 532 βωμὸν
3140 464 3238 514 καὶ
3278 461 3700 532 ἐγγράψαντες,

2108 577 2126 609 ι
2161 557 2458 628 ’Δγνώστῳ
2505 556 2646 627 Θεῷ,
2690 576 2708 608 ι
2745 557 2839 609 καὶ
2884 554 3174 620 θύσαντες,
3234 554 3438 617 εύθέως
3485 555 3697 627 ἐθεραο

2101 650 2405 726 πεύθησαν.
2437 649 2640 701 Τοῦτον
2680 647 2796 714 οῦν,
2853 664 3012 717 φησι,
3052 646 3288 716 Χριστὸν
3345 646 3558 715 Ἰησοῦν
3600 649 3706 701 τὸν

2102 741 2326 797 πάντων
2353 741 2486 794 Θεὸν
2516 740 2544 792 ὁ
2577 739 2810 802 Παῦλος,
2853 738 2912 791 ὃν
2947 739 3039 792 καὶ
3076 738 3472 807 καταγγέλλειν
3510 740 3707 802 αὐτοῖς

2103 829 2366 906 ἔφασκεν.
2408 837 2566 905 Ἔστι
2619 834 2675 888 δὲ
2726 835 2758 902 ὴ
2821 833 2968 886 πᾶσα
3022 831 3118 882 τοῦ
3170 829 3359 898 βωμοῦ
3406 831 3704 902 ἐπιγραφὴ

2101 911 2351 1000 τοιαύτη·
2389 946 2408 980 ι
2442 928 2596 990 Θεοῖς
2625 928 2837 1000 Ἀσίας,
2869 909 2965 978 καὶ
2998 921 3294 998 Εὐρώπης,
3339 923 3433 975 καὶ
3462 923 3701 993 Λιϐύης,

2104 1021 2213 1090 θεῷ
2258 1020 2529 1092 ἀγνώστῳ
2565 1020 2659 1072 καὶ
2695 1019 2851 1094 ξένῳ.
2895 1035 3018 1068 ι--ι
3081 1016 3139 1069 'U
3169 1015 3307 1077 Θεὸς
3341 1016 3370 1068 ὁ
3401 1015 3694 1087 ποιήσας..

2107 1115 2229 1186 Ἵνα
2257 1113 2672 1186 μὴ-νομίσωσιν
2696 1113 2791 1164 ’ἐνα
2835 1109 2945 1163 τῶν
2972 1108 3188 1182 πολλῶν
3231 1103 3373 1162 εἶναι
3426 1106 3558 1161 Θεὸν
3604 1108 3703 1161 τὸν

2108 1206 2201 1258 ὑπ’
2231 1205 2399 1258 αύτοῦ
2433 1203 2870 1275 κηρυττόμενον,
2899 1200 3212 1270 διορθοῦται
3251 1201 3498 1268 ἐπάγωνυ
3535 1220 3554 1251 ι
3595 1201 3704 1255 οὐκ

411 1322 559 1383 tegra
587 1275 677 1365 illa
720 1305 1010 1375 inscriptio
1051 1303 1126 1356 ita
1185 1293 1244 1355 se
1276 1275 1559 1382 habebat:
1605 1312 1652 1379 ¹ι
1697 1291 1810 1346 Diis
1842 1275 2008 1368 Αὲίᾲξ,

2139 1299 2609 1377 νγχειροποιὴτοις
2658 1298 2829 1360 ναοῖς.
2873 1315 2892 1348 ι
2937 1296 3093 1347 Οῑκεῖ
3149 1294 3249 1364 μὲν
3283 1296 3392 1365 γὰρ
3435 1296 3492 1347 ὲν
3529 1297 3704 1360 ναοῖς,
3740 1281 3752 1298 ’

412 1379 660 1470 Europaz,
685 1409 735 1454 et
759 1397 974 1466 Libyas,
1001 1393 1106 1448 Deo
1133 1379 1384 1472 ignotoet
1409 1379 2010 1464 peregriiio.t——tDeus

2136 1391 2228 1443 ιλλ’
2275 1391 2375 1444 οὐκ
2439 1392 2498 1444 ὲν
2535 1387 2824 1453 τοιούτοις,
2883 1387 3000 1443 ἀλλ’
3035 1389 3094 1442 έν
3151 1387 3472 1458 ἀνθρωπίνῃ
3525 1386 3699 1458 ψυχῇ.

412 1495 506 1564 qui
545 1491 696 1547 fecit.
740 1508 758 1541 ι
822 1487 901 1541 Ne
940 1479 1219 1556 putarent,
1251 1479 1418 1535 Deum
1486 1477 1554 1564 ab
1591 1476 1710 1562 ipso
1740 1473 2010 1562 praedica-

2136 1481 2250 1534 ita:
2284 1482 2394 1552 γὰρ
2427 1483 2485 1533 ὲν
2528 1480 2644 1551 ναῷ
2675 1479 2785 1534 τῶν
2837 1478 3235 1550 Ἰεροσολύμων
3259 1477 3480 1547 λέγεται
3508 1477 3704 1544 οἰκεῖν,

414 1598 526 1639 tum
558 1584 794 1639 similem
831 1595 953 1636 esse
984 1576 1180 1654 multis
1222 1571 1350 1636 illis,
1389 1586 1530 1641 quas
1554 1568 1697 1654 alias
1723 1567 2004 1630 colebant,

2136 1573 2228 1626 ιλλ¹
2283 1574 2566 1645 ἐνεργεῖν·
2602 1571 2727 1626 οὐδὲ
2766 1572 2872 1625 ὑπὸ
2935 1571 3139 1644 χειρῶν
3191 1569 3498 1642 ἀνθρώπων
3551 1569 3708 1642 παρὰ

411 1681 541 1742 diis,
588 1695 654 1733 ac
707 1688 767 1731 ut
797 1688 1039 1730 errorem
1087 1655 1258 1725 istum
1322 1656 1710 1742 submoveret,
1781 1653 2010 1718 subdit:

2136 1665 2389 1720 ιουδαίων
2439 1665 2807 1736 ἐθεραπεύθη,
2849 1664 2964 1733 ἀλλ’
3004 1663 3110 1718 ὑπὸ
3139 1663 3400 1735 διανοίας·
3435 1663 3560 1716 ἐπεὶ
3592 1666 3700 1717 κά-

423 1793 441 1827 ι
459 1773 648 1827 Nonin
671 1757 998 1822 manufuclis
1023 1763 1243 1831 templis
1270 1758 1608 1812 habitath
1643 1756 1889 1818 Scilicet,
1915 1754 2009 1807 ba-

2136 1761 2267 1815 ιεῖνά
2299 1777 2362 1829 γε
2408 1759 2510 1812 ούκ
2543 1758 2724 1830 ἐζήτει
2774 1757 2970 1821 οὕτως,
3007 1756 3083 1820 ὡς
3121 1755 3535 1826 προσδεόμενος
3572 1753 3714 1824 φησὶ

420 1864 554 1918 bitat
587 1858 810 1930 quidem
845 1857 898 1910 in
928 1839 1169 1923 templis,
1191 1841 1286 1905 sed
1318 1863 1428 1902 non
1455 1849 1512 1900 in
1556 1849 1792 1911 talibus;
1839 1844 1930 1920 sed
1958 1847 2010 1898 in

2136 1854 2250 1924 γάρ·
2296 1873 2314 1905 ι
2357 1852 2449 1924 Μὴ
2490 1853 2737 1922 φάγομαι
2786 1853 2924 1922 κρέα
2969 1850 3210 1922 ταύρων,
3258 1868 3277 1902 ο
3313 1849 3411 1904 καὶ
3446 1848 3515 1902 τὰ
3554 1847 3709 1918 ἑξῆς.

421 1951 604 2006 anima
645 1950 908 2002 humana.
963 1942 1122 1999 Unde
1154 1955 1253 1994 uec
1288 1939 1343 1993 in
1391 1936 1780 2008 Jerosolymita
1814 1935 2014 2005 templo

2136 1947 2330 2018 Ι(ρ’ἠσιν
2361 1946 2545 2010 αὐτοῖς
2571 1945 2806 2016 Ἀράτου
2839 1945 3062 2013 ἐπάγει,
3107 1943 3225 2006 ἑνός
3249 1958 3395 2004 τινος
3427 1940 3710 2010 τῶν,πιρ⁹

419 2038 706 2093 dicebatur
735 2026 1005 2110 habitare,
1039 2025 1134 2086 sed
1175 2048 1192 2081 ι
1232 2029 1470 2100 operari.
1514 2046 1532 2077 ι
1564 2025 1688 2110 Νοο
1710 2044 1728 2077 ι
1759 2026 2013 2107 manibus

2136 2041 2311 2103 αὐτοῖς
2352 2039 2594 2110 ποιητῶν
2642 2041 2722 2102 εἰς
2775 2035 3129 2106 κατασκευὴν
3159 2035 3253 2090 τοῦ
3286 2033 3484 2089 ἑαυτοῦ
3508 2034 3699 2103 λόγου.

422 2123 682 2184 humanis
734 2115 1016 2181 colebatur
1057 2142 1075 2176 ι
1111 2139 1141 2177 a
1167 2115 1396 2188 Iudaeis,
1452 2121 1544 2177 sed
1602 2125 1784 2174 mente
1818 2135 1831 2170 :
1861 2134 2014 2184 nam,

2136 2150 2151 2184 ι
2195 2130 2302 2184 Τοῦ
2332 2132 2442 2200 γὰρ
2475 2132 2567 2185 καὶ
2615 2131 2770 2200 γένος
2800 2131 2988 2200 ἐσμέν,
3023 2149 3041 2181 ι
3081 2129 3236 2197 φησί.
3268 2127 3378 2180 Καὶ
3411 2119 3568 2189 οὗτος
3607 2127 3715 2196 μὲν

421 2239 543 2293 quae
570 2224 606 2276 ii
645 2213 968 2302 oiierebaut,
1025 2216 1171 2273 Deus
1209 2230 1316 2270 non
1355 2215 1512 2284 quasi
1549 2232 1568 2265 ι
1614 2213 1870 2283 indigens
1907 2212 2010 2266 ali-

2136 2223 2247 2293 τερὶ
2289 2222 2384 2277 τοῦ
2429 2223 2779 2295 Δημιουργοῦ
2811 2222 2944 2276 αὐτὸ
2977 2219 3311 2291 ἐκλαμϐάνει
3347 2219 3419 2290 (εἰ
3449 2220 3544 2273 καὶ
3570 2219 3709 2288 περὶ

420 2320 530 2386 quo
563 2335 581 2369 ι
619 2313 969 2386 requirebat;
996 2308 1072 2365 ait
1101 2311 1248 2366 enim
1285 2324 1300 2381 ς
1334 2328 1352 2361 ι
1385 2307 1641 2378 Nunquid
1676 2307 2020 2383 mandueabo

2136 2313 2219 2368 τοῦ
2251 2314 2375 2378 Διὸς
2437 2313 2597 2368 τοῦτο
2650 2312 2905 2385 εἰρῆσθαί
2935 2312 3146 2382 φασιν),
3179 2311 3238 2365 ού
3276 2311 3368 2364 τὸν
3397 2311 3604 2364 ἐκεῖνον
3624 2309 3722 2362 λέ-

423 2393 614 2464 carnes
642 2404 923 2463 taurorum
941 2406 1010 2472 τ’,
1041 2413 1148 2460 etc.
1177 2422 1197 2455 ι
1236 2401 1510 2457 Deindeiu
1545 2399 2015 2456 conﬁrmationem

2136 2421 2256 2474 raw,
2288 2407 2426 2460 ἀλλὰ
2476 2407 2537 2460 τὸ
2600 2406 2810 2474 κυρίως
2848 2405 2934 2459 ἐπ’
2987 2403 3140 2474 αὐτῷ
3199 2402 3466 2474 ἁρμόζειν
3516 2402 3717 2471 λέγων.

423 2501 694 2556 sermonis
719 2500 803 2556 sui
825 2497 972 2553 istud
999 2497 1174 2562 Arati,
1205 2493 1374 2550 unius
1426 2509 1491 2549 ex
1530 2493 1776 2564 ipsorum
1811 2491 2014 2562 poetis,

2136 2499 2287 2563 Γένος
2342 2499 2398 2553 δὲ
2445 2498 2581 2552 Θεοῦ
2615 2495 2759 2553 εἶναι
2815 2499 2967 2568 ἡμᾶς
3027 2513 3164 2568 φησι
3216 2494 3452 2560 Παῦλος,
3497 2495 3596 2565 οὐχ
3639 2494 3723 2560 ὡς

431 2593 714 2662 egregium
739 2592 945 2647 dictum
979 2588 1185 2660 profert
1213 2607 1225 2643 :
1285 2607 1302 2640 ι
1357 2587 1538 2660 Ipsius
1562 2585 1708 2641 enim
1764 2593 1818 2640 et
1840 2600 2016 2658 genus

2136 2591 2325 2645 ἐκεῖνοί
2389 2609 2577 2661 φασιν,
2639 2589 2754 2646 ἀλλ’
2787 2591 2960 2662 ἑτέρῳ
3011 2589 3110 2660 νῷσ
3144 2586 3415 2656 τουτέστι,
3457 2588 3720 2652 οἰκείους,

423 2689 616 2740 sumus
649 2702 664 2740 :
703 2703 723 2737 ι
755 2693 809 2740 et
831 2671 960 2738 illud
991 2683 1211 2754 quidem
1244 2680 1314 2738 de
1339 2697 1554 2740 summo
1589 2678 1798 2751 Opitiee
1815 2679 2016 2750 accipit

2136 2684 2426 2756 ἑγγυτάτου
2437 2702 2480 2748 ς.

427 2779 664 2843 Paulus,
700 2770 1015 2858 quanquam
1045 2777 1113 2832 de
1141 2775 1274 2833 Jove
1294 2776 1362 2831 ab
1398 2776 1566 2830 Arato
1591 2760 2004 2845 pronuntiatum
2039 2772 2225 2831 fuerit.
2261 2777 2526 2834 Videlicet
2575 2779 2778 2834 Aratus
2832 2792 2940 2832 non
2973 2778 3039 2833 de
3100 2779 3292 2834 eodem
3355 2776 3580 2832 omnino
3633 2773 3722 2829 lo-

427 2883 588 2927 eutus
617 2880 723 2938 est,
785 2873 879 2927 sed
932 2881 1112 2926 tamen
1145 2871 1198 2926 id
1247 2870 1495 2940 protulit,
1527 2869 1672 2939 quod
1705 2869 1754 2924 ei
1793 2866 2012 2938 proprie
2052 2873 2230 2942 aptari
2263 2879 2508 2942 potestq
2547 2868 2735 2927 Genus
2765 2880 2950 2925 autem
2978 2869 3072 2926 Dei
3101 2889 3120 2923 ι
3173 2885 3276 2926 nos
3338 2884 3481 2934 esse,
3545 2864 3726 2936 inquit

427 2965 746 3036 Apostolus,
782 2981 891 3022 non
933 2980 998 3019 eo
1029 2953 1217 3031 suis“,
1245 2981 1354 3034 quo
1377 2963 1555 3020 Greci
1590 2971 1768 3034 poetae
1800 2961 2013 3024 dicunt,
2053 2962 2150 3018 sed
2175 2964 2324 3031 alio;
2364 2978 2560 3035 nempe
2594 2962 2748 3035 quod
2805 2965 2910 3020 nes
2983 2961 3158 3019 simus
3207 2961 3261 3018 ei
3292 2953 3615 3028 ‘familiares
3665 2966 3728 3016 et.

429 3058 684 3130 proximi.

501 3153 581 3204 Ad
604 3150 966 3206 Athenienses
987 3123 1152 3205 verba
1178 3149 1388 3228 iaciens
1416 3149 1619 3202 Paulus
1647 3168 1665 3200 ‹
1691 3148 1968 3204 hominem
1998 3169 2016 3202 ι

2203 3151 2250 3184 ⁸⁸
2268 3151 2584 3222 Ἀθηναίοις
2609 3151 2719 3222 γὰρ
2738 3150 3122 3222 διαλεγόμενος
3141 3151 3169 3204 ὁ
3195 3149 3424 3216 Παῦλος,
3450 3148 3602 3220 φησὶ,
3627 3147 3727 3203 ἇν-

431 3239 811 3295 lantummodo
839 3239 1121 3294 Christum
1141 3238 1400 3308 appellat,
1426 3239 1614 3294 dicens
1635 3239 1679 3271 ⁷⁸
1706 3252 1722 3292 :
1760 3257 1779 3291 ‹
1815 3238 1872 3294 In
1891 3241 2030 3308 viro,

442 3338 496 3391 in
527 3350 637 3406 quo
665 3333 882 3396 statuit,
931 3332 1094 3386 tidem
1145 3330 1397 3401 promens
1427 3331 1706 3396 omnibus,
1757 3335 2032 3390 suscitans

432 3441 557 3480 eum
591 3439 621 3478 a
671 3423 911 3479 mortuis
947 3439 960 3476 :
1000 3439 1019 3474 ι
1055 3429 1109 3476 et
1136 3420 1271 3476 nilnil
1303 3419 1372 3476 de
1412 3439 1430 3472 ι
1467 3418 1645 3476 forma
1678 3421 1769 3476 Dei
1803 3440 1821 3473 ι
1859 3422 2030 3488 addit,

434 3534 616 3587 neque
644 3517 791 3588 quod
828 3534 846 3568 ι
881 3515 1111 3582 aequalis
1147 3533 1166 3566 ι
1224 3523 1370 3570 esset
1399 3513 1499 3579 illi,
1557 3530 1575 3564 ι
1611 3522 1665 3568 et
1690 3514 1734 3546 "
1772 3515 2032 3584 splendor

434 3611 620 3682 gloriae
667 3608 788 3679 ejus
820 3622 835 3660 :
873 3626 892 3658 ι
930 3614 985 3662 et
1035 3605 1256 3676 quidem
1286 3621 1567 3674 congrue;
1615 3604 1856 3659 nondum
1881 3607 2028 3661 enim

434 3712 554 3758 erat
580 3713 798 3770 tempus
831 3709 1202 3770 opportunum
1252 3697 1436 3752 verbis
1467 3697 1624 3764 istis;
1683 3697 1780 3752 sed
1808 3697 2028 3753 interim

436 3791 682 3865 contenti
708 3791 1152 3864 erantapostoli,
1203 3790 1251 3846 si
1285 3789 1604 3861 crederetur
1631 3803 1794 3844 verus
1839 3789 2028 3854 homo,

438 3897 491 3942 et
527 3885 923 3949 resurrexisse,
963 3884 1316 3940 dissimulata
1364 3883 1634 3952 tantisper
1687 3883 1807 3952 ejus
1827 3880 2030 3937 divini-

436 3985 570 4035 tate.

514 4089 533 4122 ι
569 4069 636 4125 Et
661 4081 903 4140 tempora
954 4066 1201 4138 quidem.
1237 4084 1257 4118 ι
1309 4063 1433 4120 Νοιι
1480 4064 1586 4119 hoc
1615 4063 1881 4133 ait,quod
1909 4063 2034 4118 nul-

438 4162 526 4218 lus
558 4143 793 4217 istorum
835 4161 1118 4232 puniatur,
1157 4157 1252 4213 sed
1279 4158 1409 4226 quia
1449 4169 1612 4210 nemo
1663 4153 1906 4217 illorum,
1935 4154 2031 4224 qni

447 4274 465 4308 ι
486 4257 1036 4326 poenitentiamagere
1057 4271 1076 4306 ι
1103 4250 1358 4313 voluerit,
1377 4246 1690 4319 puniendus
1716 4246 1788 4301 sit
1812 4262 1826 4299 :
1856 4260 2033 4315 neque

440 4347 508 4400 de
529 4347 639 4402 illis
672 4345 764 4417 qui
787 4346 900 4415 jam
925 4344 1179 4399 obierant
1206 4339 1472 4412 loquitur,
1546 4337 1643 4391 sed
1669 4335 1737 4391 de
1768 4336 1879 4392 illis
1913 4336 2033 4407 qui-

443 4441 548 4497 bus
576 4449 709 4495 tunc
739 4438 1094 4510 praedicabat.
1123 4434 1246 4490 Non
1306 4433 1508 4502 exiget,
1561 4430 1765 4510 inquit,
1813 4443 1845 4484 a
1875 4429 2032 4486 vobis

2139 3240 2243 3311 δρα
2276 3243 2446 3296 αὑτὸν
2483 3243 2740 3298 ὲπικαλεῖ
2770 3243 2952 3314 μόνον,
2981 3235 3127 3297 οὕτω
3159 3232 3358 3312 λέγων’
3389 3261 3407 3295 ι
3438 3241 3529 3296 Ἐν
3569 3241 3731 3311 ἀνδρὶ

2139 3327 2183 3403 ᾧ
2215 3333 2414 3406 ὥρισε,
2440 3335 2628 3389 πίστιν
2659 3335 2964 3408 παρασχὼν
2989 3337 3176 3398 πᾶσιν,
3216 3325 3527 3407 ἀναστήσας
3563 3333 3731 3387 αὑτὸν

2138 3429 2204 3482 ὲκ
2231 3431 2461 3498 νεκρῶν·
2507 3445 2526 3480 ι
2575 3427 2674 3481 καὶ
2720 3427 2875 3482 οὐδὲν
2907 3429 3038 3499 περὶ
3105 3427 3207 3498 τῆς
3252 3426 3349 3480 τοῦ
3399 3425 3537 3480 Θεοῦ
3578 3426 3733 3493 λέγει

2144 3520 2380 3590 μορφῆς,
2427 3516 2553 3572 οὐδὲ
2590 3519 2677 3573 ὅτι
2750 3520 2865 3582 τσος
2913 3518 3087 3589 αὐτῷ,
3125 3518 3248 3572 οὐδὲ
3277 3520 3360 3572 ὄτι
3388 3517 3734 3587 ἀπαύγασμα

2138 3609 2235 3674 τῆς
2264 3609 2428 3679 δόξης
2458 3607 2650 3663 αὐτοῦ’
2695 3603 2947 3675 εἰκότως.
3004 3601 3174 3664 Οὔπω
3226 3605 3336 3682 γὰρ
3397 3609 3591 3681 καιρὸς
3620 3609 3733 3662 τῶν

2139 3701 2403 3772 ῥημάτων
2455 3698 2664 3756 τούτων
2735 3698 2824 3775 ἦν.
2883 3702 3029 3756 Ἀλλ’
3073 3703 3359 3774 ἀγαπητὸν
3403 3693 3473 3773 ἦν
3532 3701 3735 3764 αὐτοὺς

2137 3794 2553 3864 παραδέξασθαι
2609 3795 2768 3860 τέως,
2820 3795 2902 3850 ὅτι
2955 3789 3253 3866 ἄνθρωπός
3315 3795 3455 3860 ἐστι,
3498 3792 3594 3845 καὶ
3648 3791 3734 3844 ὅτι

2141 3888 2367 3959 ἀνέστη,
2404 3881 2572 3943 αὑτοῦ
2606 3889 2706 3962 τὴν
2743 3880 2975 3959 θεότητὰ
3009 3877 3365 3959 ἐξεκάλυψεν.

2214 4090 2232 4121 ι
2262 4071 2402 4134 Τοὺς
2421 4068 2524 4142 ’μὲν
2551 4071 2644 4126 οῦν
2664 4072 2944 4144 χρόνους.»
2976 4072 3051 4125 Ού
3067 4070 3222 4125 τοῦτό
3245 4085 3432 4140 φησιν,
3459 4067 3736 4131 ὃτιούδεὶς

2138 4160 2432 4228 κολάζεται
2471 4165 2703 4231 τούτων,
2719 4164 2834 4219 ἀλλ’
2857 4165 2939 4218 ὃτι
2957 4163 3135 4228 οὐδεὶς
3153 4163 3260 4216 τῶν
3281 4162 3547 4216 θελόντων
3571 4178 3736 4231 μεταο

2137 4257 2301 4308 νοεῖν.
2327 4256 2403 4309 Οὐ
2433 4256 2565 4326 περὶ
2582 4252 3060 4310 τῶνάπελθόντων
3077 4256 3185 4325 γὰρ
3209 4254 3366 4308 τοῦτό
3389 4271 3577 4323 φησιν,
3601 4254 3739 4306 ἀλλὰ

2137 4347 2488 4417 περὶτούτων
2504 4342 2585 4413 οἷς
2607 4348 2993 4419 παραγγέλλει.
3010 4349 3124 4402 υύκ
3139 4331 3365 4402 ἀπαιτεῖ
3384 4349 3544 4417 λόγον
3568 4347 3735 4416 ὑμᾶς,

2137 4439 2437 4509 φησὶ,περὶ
2461 4439 2572 4494 τῶν
2591 4437 2876 4512 προτέρων
2896 4441 3036 4496 ἑτῶν
3056 4443 3156 4510 τῆς
3177 4440 3398 4508 ἀγνοίας
3413 4437 3587 4509 ὑμῶν.
3622 4440 3739 4491 Οὐκ

445 4533 718 4588 rationem
754 4532 822 4586 de
841 4529 1133 4601 praeteritis
1155 4526 1315 4597 281
1339 4525 1501 4579 anuis
1525 4543 1543 4576 ι
1573 4521 1908 4593 ignorantia:
1944 4539 2025 4578 ve-

2153 4529 2278 4586 εἷπε
2305 4526 2364 4586 δὲ
2395 4534 2676 4605 παρεῖδεν,
2730 4534 2765 4607 ἢ
2796 4573 2812 4600 ,
2863 4535 3050 4588 εἴασεν
3074 4576 3089 4600 ,
3121 4533 3279 4597 ἀλλὰ,
3317 4551 3335 4584 ι
3359 4605 3361 4607 ι
3386 4529 3628 4602 περιεῖδε
3666 4532 3736 4562 ⁸⁸·

445 4638 594 4682 stne.
623 4645 640 4677 ι
671 4623 960 4692 Νοιιθὶιὶι
985 4634 1189 4687 autem,
1232 4615 1554 4684 contemnit,
1610 4616 1696 4672 vel
1749 4615 2039 4685 permittit,

445 4717 566 4778 sed,
594 4733 613 4765 ι
639 4713 974 4780 dissimulat,
1007 4731 1026 4765 ι
1072 4713 1178 4768 hoc
1199 4718 1309 4780 est,
1337 4725 1448 4766 non
1479 4706 1652 4780 punit,
1685 4707 2040 4776 quantumvis

450 4805 736 4878 punitione
767 4804 986 4876 dignos.
1254 4853 1256 4856 .
1314 4859 1317 4861 _

1011 4896 1240 4953 CAPUT
1279 4896 1494 4955 XXVII.

450 4993 527 5050 De
550 4991 744 5062 Aquila
791 5002 839 5049 et
874 4991 1153 5057 Prisciila,
1217 4993 1382 5063 deque
1429 4989 1826 5047 Corinthiorum
1874 4989 2049 5046 incre-

519 5086 747 5168 duiitate
772 5101 835 5141 ac
859 5086 922 5140 de
947 5086 1273 5156 beneplacito
1316 5085 1413 5139 Dei
1445 5084 1732 5141 secundum
1759 5086 2047 5153 prmcien-

521 5182 655 5235 (iam
681 5197 806 5251 erga
832 5180 980 5247 illos,
1029 5180 1170 5250 quod
1213 5178 1503 5233 revelatum
1542 5188 1620 5232 est
1663 5173 1861 5236 Paulo.
1909 5175 2051 5231 Item

521 5274 584 5327 de
625 5272 811 5342 Crispo
863 5272 1306 5342 archisynagogo,
1360 5268 1451 5337 qui
1494 5268 1721 5323 credidit
1763 5283 1884 5322 cum
1928 5267 2052 5321 aliis

2148 4626 2451 4692 τουτέστιν,
2483 4627 2584 4681 οὐκ
2611 4627 2834 4683 ἀπαιτεῖ
2865 4626 3110 4684 κόλασιν.
3136 4623 3334 4679 ’ὥσπερ
3357 4621 3541 4690 ἀξίους
3575 4622 3737 4676 ὂντας

2149 4720 2446 4783 κολάσεως.

2731 4898 2986 4952 ΚΕΦΑΛ.
3021 4897 3147 4951 KZ'.
3595 4969 3598 4971 _

2147 4991 2286 5061 Περι
2315 4981 2536 5046 Ἀκύλά
2576 4992 2674 5047 καὶ
2724 4978 3122 5061 Πρίσκιλλὴς,
3165 4985 3276 5058 τῆς
3318 5005 3381 5042 τε
3409 4983 3742 5062 Κόρινθὶων

2221 5084 2530 5149 ἀπειθείας
2587 5085 2688 5138 καὶ
2745 5083 2858 5153 τῆς
2887 5080 3038 5137 κὰτὰ
3075 5076 3424 5155 πρόγνωσιν
3440 5080 3510 5134 ἐν
3532 5077 3743 5144 αὐτοῖς

2221 5175 2507 5242 εὐδοκίας
2526 5177 2632 5232 τοῦ
2649 5177 2798 5231 Θεοῦ
2814 5177 2897 5232 ἀπ
2905 5171 3361 5243 οκαλυφθείσης
3377 5173 3458 5239 τῷ
3486 5174 3708 5237 Παύλῳ
3725 5187 3738 5200 ·

2225 5269 2295 5323 ἐν
2343 5263 2392 5336 ᾧ
2432 5255 2568 5340 περὶ
2605 5271 2879 5340 Κρίσπον
2909 5259 3443 5339 ἀρχισυναγώγου,
3495 5252 3746 5319 ,πιστεύ-

524 5415 590 5487 ’δλ
613 5453 735 5509 Act.
764 5469 862 5521 vn,
895 5453 986 5508 48.
1083 5453 1125 5484 ’⁷
1168 5451 1317 5508 Psal.
1347 5466 1495 5519 χιιι,
1529 5451 1621 5506 25.
1698 5450 1746 5482 "
1779 5449 1982 5522 Ephes.
2015 5468 2025 5508 ι

2136 5452 2190 5509 i.-
2253 5452 2299 5485 "
2324 5452 2490 5509 ﬂebr.
2533 5467 2574 5518 I,
2605 5453 2662 5509 3.

1674 5588 1874 5651 Variae
1903 5589 2217 5654 lectiones
2262 5598 2324 5651 et
2367 5596 2558 5653 notua.

531 5715 577 5748 "
609 5714 775 5786 Marg.
804 5715 899 5768 τοῦ
937 5715 1327 5786 Χρυσοστόμου
1354 5714 1420 5767 ἐκ
1451 5714 1546 5768 τοῦ
1577 5713 1723 5770 κατὰ
1750 5713 2055 5787 Ἱωάννην.-
2107 5716 2154 5748 δ’
2189 5714 2462 5786 ὑπερεῖδε.
2503 5730 2505 5732 ·
