4058 6210
421 317 548 381 1001

988 312 1524 374 EXPOSITIONIS
1562 310 1659 373 IN'
1680 311 1869 372 ACTA
1907 307 2208 371 TEXTUS
2247 307 2513 368 ALTER.
2548 331 2614 343 --
2655 307 2812 367 CAP.
2858 307 3079 368 XVIII.

3509 309 3644 373 1002

485 443 706 492 σαντος
757 426 878 480 σὺν
916 426 1141 495 ἑτέροις
1161 426 1303 491 τισί,
1339 424 1435 480 καὶ
1478 425 1924 492 βαπτισθέντος
1957 465 1972 490 ,

2149 425 2484 496 quibusdam,
2524 433 2573 478 et
2606 423 2901 492 baptizatus
2950 433 3074 479 est:
3115 439 3176 477 ac
3215 425 3472 494 quomodo
3513 427 3650 481 sedi-

487 514 756 580 στάσεως
787 515 1158 590 ,κινηθείσης
1211 516 1283 567 ἐν
1333 515 1616 582 Κορίνθῳ,
1661 518 1692 568 ό
1741 515 1983 580 Παῦλος

486 604 912 674 ὑπεχώρησεν
958 605 1150 660 ἐλθὼν
1199 605 1267 658 δὲ
1320 607 1406 671 είς
1440 607 1708 674 Ἔφεσον
1737 604 1833 659 καί
1859 604 1985 658 δια-

483 698 722 767 λεχθείς
749 695 1030 767 ἐξῆλθεν.
1159 743 1162 746 .

524 817 527 819 ·
1010 789 1391 844 ΚΕΙΜΕΝΟΝ.

485 881 644 936 Μετὰ
677 881 735 935 δὲ
758 881 932 936 ταῦτα
957 881 1248 952 χωρισθεὶς
1277 882 1305 933 ὁ
1327 879 1538 944 Παῦλος
1569 881 1634 935 ὲκ
1672 882 1780 934 τῶν
1825 881 1987 951 Ἀθη-

416 967 726 1042 νών,ἦλθεν
757 971 837 1034 είς
888 971 1184 1041 Κόρινθονο
1231 972 1326 1025 καὶ
1357 970 1534 1042 εὑρών
1565 989 1688 1026 τινα
1740 971 1987 1026 Ἰουδαῖον

417 1062 642 1133 ὀνόματι
678 1061 900 1128 Ἀκύλα,
923 1062 1184 1117 Ποντικὸν
1200 1063 1279 1133 τῷ
1307 1063 1476 1132 γένει,
1503 1063 1834 1133 προσφάτως
1863 1063 1993 1133 ἐλη-

417 1154 617 1207 λυθότα
644 1154 753 1208 ἀπὸ
801 1155 901 1224 τῆς
940 1153 1189 1218 Ἰταλίας,
1231 1156 1326 1208 καὶ
1384 1153 1716 1226 Πρισκίλλαν
1752 1156 1988 1221 γυναῖκα

418 1245 582 1297 αὑτοῦ
609 1245 718 1314 (διὰ
739 1245 800 1298 τὸ
825 1245 1169 1316 διατετάχθαι
1195 1244 1460 1300 Κλαύδιον
1484 1244 1820 1315 χωρισθῆναι
1848 1245 1984 1298 πάνυ

418 1355 518 1399 τας
548 1337 674 1399 τοὺς
713 1337 998 1400 Ἰουδαίους
1021 1339 1088 1390 ἐκ
1124 1339 1221 1407 τῆς
1255 1338 1518 1407 Ῥώμης),
1550 1338 1853 1409 προσῆλθεν
1889 1339 1987 1392 αύ-

418 1427 533 1490 τοϊς
551 1441 564 1456 ·
594 1426 690 1480 καὶ
715 1425 804 1479 διὰ
821 1427 882 1479 τὸ
902 1427 1192 1498 ὁμότεχνον
1220 1424 1382 1491 εἶναι,
1414 1427 1596 1498 ἔμεινε
1627 1426 1754 1498 παρ’
1782 1427 1987 1491 αὐτοῖς,

419 1518 516 1569 καὶ
555 1515 876 1587 είργάζετω
909 1512 1050 1588 ἦσαν
1098 1517 1208 1586 γὰρ
1259 1517 1573 1587 σκηνοποιοὶ
1620 1517 1720 1587 τὴν
1771 1517 1988 1590 τέχνην.

421 1608 703 1677 Διελέγετο
727 1609 784 1662 δὲ
813 1609 872 1662 ὲν
911 1613 974 1679 τῇ
1015 1610 1305 1680 συναγωγῇ
1337 1608 1477 1663 κατά
1537 1610 1644 1662 πᾶν
1691 1609 1989 1673 Σάϐϐατόν,

421 1699 605 1754 ἔπειθέ
626 1716 686 1754 τε
723 1678 1009 1764 Ἰουδαίους
1035 1678 1154 1753 ὶκαὶ
1183 1678 1471 1769 Ἕλληνας.
1511 1701 1606 1761 Ὠς
1642 1699 1699 1752 δὲ
1724 1698 1990 1766 κατῆλθον

422 1792 530 1845 ἀπὸ
553 1791 652 1860 τῆς
693 1762 1056 1856 Μακεδονίας,
1107 1791 1135 1844 ὅ
1180 1807 1240 1843 τε
1286 1762 1448 1852 Σίλας
1479 1789 1573 1841 καὶ
1623 1789 1652 1841 ὸ
1703 1762 1989 1858 Τιμόθεος,
2023 1762 2065 1816 Β

423 1881 702 1952 συνείχετο
723 1881 802 1951 τῷ
833 1881 1114 1950 Πνεύματι
1136 1881 1165 1932 ὁ
1197 1878 1431 1942 Παῦλος,
1453 1878 1991 1950 διαμαρτυρούμενος

421 1979 532 2037 τοῖς
571 1972 849 2034 Ἰουδαίοις
873 1966 1016 2024 εἶναι
1055 1969 1148 2024 τὸν
1177 1969 1413 2042 Χριστὸν
1444 1968 1674 2040 Ἰησοῦν.
1718 1969 1992 2022 Ἀντιτασ-

417 2063 670 2135 γσομένων
703 2062 759 2116 δὲ
799 2060 979 2117 αὐτῶν
1005 2062 1101 2131 καὶ
1147 2057 1632 2132 βλασφημούντων,
1686 2059 1992 2124 ὲκτειναξά-

427 2171 586 2226 μενος
614 2155 680 2208 τά
705 2154 896 2224 ίμάτια
921 2152 1109 2218 αὑτοῦ,
1135 2147 1254 2205 εἶπε
1279 2151 1416 2224 πρὸς
1437 2149 1633 2215 αὐτούς
1653 2166 1669 2182 ο
1728 2149 1804 2203 Τὸ
1853 2143 1993 2220 αἷμα

425 2246 580 2318 ὑμῶν
612 2245 708 2299 ἐπὶ
735 2245 832 2317 τὴν
859 2242 1101 2316 κεφαλὴν
1159 2243 1346 2314 ὑμῶν’
1405 2243 1644 2314 καθαρὸς
1687 2244 1797 2313 ἐγώ
1819 2260 1835 2275 ·
1883 2244 1992 2298 ἀπὸ

422 2339 516 2393 τοῦ
556 2337 652 2392 νῦν
721 2340 801 2400 είς
847 2337 915 2392 τά
971 2335 1097 2407 ἔθνη
1150 2334 1509 2406 πορεύσομαι.
1578 2335 1690 2388 Καὶ
1751 2334 1991 2403 μεταδάς

424 2431 652 2498 ἐκεῖθεν,
703 2427 954 2499 εἰσῆλθεν
998 2428 1078 2491 είς
1123 2427 1304 2480 οἰκίαν
1357 2425 1503 2489 τινὸς
1551 2425 1774 2494 ὀνόματι
1829 2424 1991 2478 Τίτου

437 2525 670 2578 Ἰούστου
707 2521 1000 2595 σεϐομένου
1029 2520 1121 2574 τὸν
1159 2519 1314 2584 Θεὸν,
1342 2511 1405 2573 οῦ
1435 2520 1468 2587 ἡ
1492 2517 1639 2570 οίκία
1661 2512 1730 2588 ἦν
1762 2533 1993 2587 συνομο-

429 2617 595 2688 ροῦσα
627 2618 694 2686 τῇ
743 2614 1055 2683 συναγωγῇ.
1097 2611 1340 2683 Κρίσπος
1387 2610 1444 2662 δὲ
1474 2609 1507 2662 ὁ
1545 2608 1994 2679 ἀρχισυνάγωγος

425 2707 712 2761 ἐπίστευσε
766 2705 845 2776 τῷ
893 2705 1083 2776 Κυρίῳ
1141 2702 1239 2757 σὺν
1276 2703 1383 2773 ὅλῳ
1414 2699 1492 2771 τῷ
1519 2700 1654 2769 οίκῳ
1679 2698 1869 2764 αὐτοῦ,
1901 2700 1994 2752 καὶ

423 2794 610 2848 ’πολλοὶ
657 2793 765 2854 τῶν
823 2791 1129 2864 Κορινθίων
1189 2790 1523 2852 ἀκούσαντες
1573 2788 1859 2842 ἐπίστευον
1900 2789 1994 2840 καὶ

427 2882 801 2948 ἐϐαπτίζοντο.
827 2876 967 2935 Eius
992 2881 1048 2935 δὲ
1081 2883 1110 2934 ὁ
1129 2879 1332 2950 Κύριος
1362 2880 1419 2932 ὲν
1451 2877 1606 2932 νυκτὶ
1631 2877 1698 2930 δι’
1719 2877 1995 2946 ὁράματος

426 2977 505 3047 τῷ
541 2976 738 3045 Παύλῳ
758 2991 773 3005 ⁸
822 2973 915 3042 Μὴ
945 2971 1132 3042 φοϐοῦ,
1165 2971 1302 3026 ἀλλά
1355 2969 1528 3036 λάλει,
1560 2973 1654 3023 καὶ
1680 2969 1755 3041 μὴ
1786 2967 1996 3038 σιωπή-

2159 515 2297 569 tione
2329 525 2444 574 orta
2487 513 2756 579 Corinthi,
2791 515 2988 570 Paulus
3023 516 3315 578 secesserit,
3361 517 3652 587 abieritque

2167 609 2462 678 Ephesum;
2508 609 2750 677 indeque,
2796 619 3072 677 postquam
3111 623 3400 660 sermonem
3450 607 3657 672 habuit,

2156 704 2364 757 exierit.

2722 792 3020 849 TEXTUS.

2161 884 2349 950 XVIII,
2382 885 2530 938 1-21.
2552 883 2680 939 Post
2713 885 2824 938 haec
2848 898 3096 954 egressus
3126 884 3194 938 ab
3230 883 3479 948 Athenis,
3518 884 3662 938 vcnit

2084 977 2428 1034 Corinthum.
2456 977 2522 1032 Et
2554 976 2837 1033 invenicns
2867 975 3152 1046 quemdam
3177 975 3422 1031 Judaeum
3444 977 3662 1031 nomine

2087 1067 2361 1137 Aquilam,
2390 1067 2904 1139 Punticumgenere,
2934 1067 3026 1136 qui
3043 1081 3214 1137 nuper
3234 1069 3540 1123 veneratab
3559 1067 3662 1122 Ita-

2089 1158 2183 1225 lia,
2215 1166 2270 1214 et
2295 1157 2602 1214 Priscillam
2620 1173 2844 1214 uxorem
2871 1158 2988 1228 ejus
3032 1158 3118 1229 (eo
3141 1158 3284 1226 quod
3317 1159 3661 1227 prmecpi~set

2089 1251 2354 1307 Claudius
2387 1250 2670 1306 discedere
2697 1265 2885 1306 omnes
2915 1248 3134 1305 Judaeos
3164 1265 3194 1304 a
3226 1248 3443 1320 Roma),
3471 1265 3660 1305 acces-

2089 1340 2160 1396 sit
2185 1340 2252 1394 ad
2287 1354 2404 1396 eos.
2465 1340 2528 1394 Et
2577 1343 2703 1410 quia
2752 1338 2994 1408 ejusdem
3039 1348 3157 1394 erat
3204 1338 3361 1403 artis,
3409 1338 3660 1393 manebat

2089 1431 2232 1501 apud
2269 1446 2365 1488 eos
2401 1442 2454 1488 et
2484 1432 2815 1502 operabatur
2847 1432 3026 1502 (erant
3077 1439 3258 1486 autem
3313 1429 3658 1487 scenol‘acto-

2092 1525 2186 1580 riae
2217 1523 2398 1596 artis).
2449 1525 2515 1580 Et
2563 1524 2878 1597 disputabat.
2925 1529 2977 1581 in
3021 1539 3294 1596 synagoga
3359 1540 3456 1595 per
3499 1539 3660 1580 omne

2093 1612 2416 1681 Sabbatum,
2454 1615 2808 1686 interponens
2860 1631 3054 1671 nomen
3086 1614 3300 1670 Domini
3340 1614 3494 1678 Jesu,
3531 1629 3659 1670 sua-

2092 1705 2362 1776 debatque
2403 1705 2608 1762 Iudaeis
2648 1715 2704 1762 et
2748 1706 2974 1762 Graecis.
3003 1707 3138 1761 Cum
3171 1706 3451 1762 venissent
3479 1714 3658 1761 autem

2093 1796 2158 1852 de
2186 1796 2501 1854 Macedonia
2547 1797 2690 1850 Silas
2733 1807 2787 1850 et
2837 1796 3175 1859 Timotheus,
3212 1795 3452 1851 instabat
3494 1795 3660 1851 verbo

2092 1889 2316 1955 Paulus,
2358 1887 2657 1942 testificans
2702 1884 2907 1942 ludatis
2950 1901 3076 1942 esse
3120 1885 3400 1942 Christum
3450 1885 3656 1941 Jesum.

2092 1977 2603 2036 Contradiceutibus
2645 1987 2824 2033 autem
2871 1977 2952 2034 eis
3006 1985 3061 2032 et
3129 1976 3658 2047 blasphemantibus,

2090 2073 2374 2127 excutiens
2421 2071 2752 2126 vestimenta
2801 2084 2921 2134 sua,
2955 2068 3094 2124 dixit
3132 2069 3198 2124 ad
3235 2083 3375 2126 eos:
3425 2066 3660 2141 Sanguis

2091 2170 2276 2217 vester
2309 2175 2474 2230 super
2504 2169 2670 2231 caput
2695 2165 2940 2215 vestrum
2966 2173 2982 2212 ζ
3027 2156 3266 2212 mundus
3297 2173 3420 2230 ego,
3452 2175 3520 2215 ex
3555 2160 3658 2214 hoc

2092 2249 2160 2304 ad
2183 2257 2373 2320 gentes
2405 2249 2623 2303 vadam.
2653 2246 2718 2301 Et
2749 2247 2991 2318 migrans
3017 2244 3170 2312 inde,
3201 2245 3424 2300 intravit
3463 2246 3520 2301 in
3560 2247 3662 2301 do-

2096 2357 2243 2396 mum
2278 2341 2586 2410 cujusdam,
2619 2338 2839 2394 nomine
2861 2335 2971 2392 Titi
2998 2336 3164 2400 Justi,
3203 2336 3430 2393 colentis
3466 2337 3657 2401 Deum,

2093 2434 2250 2504 cujus
2295 2433 2491 2488 domus
2536 2439 2655 2488 erat
2708 2430 2998 2502 conjuncta
3051 2443 3362 2501 synagogas.
3422 2427 3651 2499 Crispus

2097 2533 2275 2580 autem
2317 2524 2788 2597 archisynagogus
2821 2521 3056 2578 credidit
3092 2521 3322 2577 Domino
3357 2536 3478 2578 cum
3511 2520 3660 2578 omni

2095 2617 2259 2670 domo
2298 2629 2398 2672 sua
2431 2629 2447 2669 :
2478 2624 2532 2670 et
2562 2614 2718 2669 multi
2753 2610 3159 2670 Corinthiorum
3213 2611 3499 2668 audientes
3542 2625 3663 2666 cre-

2097 2707 2294 2762 debant
2347 2715 2402 2764 et
2455 2707 2892 2778 baptizabantur.
2952 2705 3098 2759 Dixit
3161 2714 3342 2760 autem
3397 2703 3661 2759 Dominus

2099 2805 2257 2853 nocte
2304 2813 2401 2868 per
2447 2799 2714 2854 visionem
2758 2795 2973 2853 Paulo:
3023 2795 3145 2851 Noli
3195 2794 3409 2858 timere,
3445 2794 3542 2849 sed
3584 2794 3664 2846 lo-

2097 2901 2285 2956 quare,
2335 2897 2392 2942 et
2438 2903 2506 2943 ne
2535 2896 2768 2944 taceas:
2819 2894 3043 2957 propter
3070 2885 3218 2956 quod
3267 2899 3367 2954 ego
3413 2899 3532 2940 sum
3582 2893 3663 2938 te-

2098 2994 2223 3034 cum
2258 2995 2272 3031 :
2303 2988 2358 3034 et
2401 2993 2562 3034 nemo
2605 2987 2902 3049 apponetur
2941 2975 3038 3032 tibi
3082 2985 3141 3031 ut
3171 2985 3369 3031 noceat
3395 2982 3448 3030 te
3475 2989 3492 3029 :
3524 2991 3659 3044 quo-

433 3085 551 3142 σῃς,
581 3067 715 3123 διότι
743 3066 854 3135 ὲγώ
876 3067 991 3137 εἰμι
1027 3064 1166 3135 μετά
1186 3063 1303 3127 σοῦ,
1336 3063 1431 3116 καὶ
1464 3062 1635 3126 οὐδεὶς
1674 3059 1991 3126 ἐπιθήσεταί

2098 3071 2240 3124 niam
2297 3070 2530 3139 populus
2580 3080 2666 3126 est
2720 3069 2848 3123 mihi
2900 3067 3104 3123 multus
3157 3066 3213 3121 in
3254 3066 3356 3122 hac
3413 3067 3656 3122 civitate.

430 3179 512 3215 σοι
541 3161 633 3213 τοῦ
683 3156 931 3212 κακῶσαί
965 3171 1024 3207 σε
1046 3171 1062 3186 ο
1099 3153 1236 3207 διότι
1286 3152 1414 3217 λαδς
1459 3151 1574 3205 ἔστι
1605 3168 1698 3220 μοι
1739 3151 1904 3213 πολὺς
1936 3151 1995 3204 ὲν

429 3255 493 3319 τῇ
525 3250 677 3303 πόλει
701 3249 894 3319 ταύτῃ.
940 3245 1190 3300 Ἐκάθισέ
1227 3261 1287 3297 τε
1310 3243 1554 3296 ἐνιαυτὸν
1580 3243 1675 3296 καὶ
1714 3241 1890 3312 μῆνας
1913 3239 1993 3304 ἓξ,

427 3346 694 3406 διδάσκων
740 3346 798 3397 ὲν
837 3343 1018 3406 αὐτοῖς
1047 3339 1141 3393 τὸν
1169 3339 1328 3406 λόγον
1362 3336 1456 3389 τοῦ
1492 3335 1650 3392 Θεοῦ.
1696 3333 1996 3395 Γαλλίωνος

429 3435 895 3498 ἁνθυπατεύοντος
919 3434 1019 3503 τῆς
1060 3430 1306 3501 Ἀχαΐας,
1352 3427 1772 3497 κατεπέστησαν
1797 3423 1997 3496 ὁμοθυ-

435 3527 600 3598 μαδὸν
633 3527 685 3580 oi.
715 3524 964 3578 Ἰουδαῖοι
987 3521 1066 3592 τῷ
1095 3521 1312 3589 Παύλῳ,
1347 3518 1440 3573 καὶ
1471 3518 1678 3588 ἧγαγον
1711 3516 1874 3569 αὐτὸν
1903 3515 1998 3568 ἐπὶ

431 3619 492 3670 τὸ
558 3616 727 3686 βῆμα,
790 3614 1060 3681 λέγοντες,
1094 3613 1178 3666 ὅτι
1213 3609 1370 3681 Παρά
1398 3609 1490 3662 τὸν
1518 3608 1682 3678 νόμον
1711 3606 1997 3680 ἀναπείθει

433 3701 588 3770 οὗτος
608 3708 736 3770 τοὺς
763 3704 1084 3775 ἀνθρώπους
1110 3700 1364 3756 σέϐεσθαι
1397 3700 1490 3754 τὸν
1520 3699 1676 3753 Θεόν.
1696 3697 1999 3760 Μέλλοντος

434 3801 490 3854 δὲ
522 3798 611 3853 τοῦ
651 3797 861 3851 Παύλου
887 3794 1123 3863 ἀνοίγειν
1181 3792 1244 3846 τὸ
1289 3793 1488 3861 στόμα,
1525 3785 1677 3843 εἶπεν
1707 3792 1736 3842 ὁ
1762 3787 2000 3841 Γαλλίων

438 3891 570 3960 προς
595 3889 720 3951 τοὺς
751 3886 1066 3947 Ἰουδαίους·
1093 3883 1158 3938 Εί
1215 3881 1314 3953 μὲν
1351 3878 1422 3952 ἦν
1456 3881 1700 3950 ἀδίκημά
1727 3895 1803 3943 τι,
1836 3878 1867 3947 ἢ
1905 3880 2002 3948 ρᾳ-

436 3979 743 4049 διούργημα
797 3973 1057 4045 πονηρὸν,
1111 3967 1157 4026 ὦ
1220 3972 1488 4037 Ἰουδαῖοι,
1545 3969 1688 4022 κατά
1740 3969 1898 4036 λόγον
1934 3966 2002 4020 ἂν

438 4069 748 4141 ἠνεσχόμην
798 4065 988 4136 ὑμῶν’
1038 4063 1174 4118 εἰδὲ
1223 4061 1446 4134 ζήτημά
1487 4061 1604 4114 ἐστι
1652 4057 1782 4129 περὶ
1815 4059 2000 4128 λόγου,

440 4160 534 4213 καὶ
565 4158 866 4228 ὀνομάτων,
895 4155 990 4209 καὶ
1021 4155 1187 4226 νόμου
1214 4153 1308 4206 τοῦ
1337 4152 1459 4206 καθ’
1488 4152 1656 4222 ὑμᾶς,
1687 4149 1870 4220 ὄψεσθ’
1903 4151 2018 4204 αύ-⁶

438 4252 520 4305 τοί
541 4272 555 4284 ·
579 4251 773 4324 κριτὴς
800 4252 908 4322 γάρ
938 4249 1048 4318 εγὼ
1079 4247 1287 4302 τούτων
1307 4247 1369 4299 ού
1404 4243 1665 4316 βούλομαι
1695 4239 1860 4297 εἶναι.
1891 4243 2004 4297 Καὶ

439 4343 721 4412 ἀπήλασεν
747 4341 945 4405 αὐτοὺς
981 4340 1090 4394 ἀπὸ
1136 4338 1232 4393 τοῦ
1285 4337 1546 4408 βήματος.
1592 4333 2004 4404 Ἐπιλασόμενοι

2098 3159 2246 3215 Sedit
2273 3167 2457 3214 autem
2483 3159 2553 3214 ibi
2577 3173 2778 3215 annum
2806 3169 2861 3215 et
2889 3173 2984 3214 sex
3023 3172 3260 3222 menses,
3286 3157 3490 3212 docens
3517 3159 3658 3227 apud

2095 3265 2190 3306 eos
2219 3247 2438 3304 verbum
2463 3247 2580 3302 Dei.
2597 3247 2844 3303 Gallione
2867 3255 3046 3302 autem
3077 3246 3404 3316 proconsule
3422 3245 3662 3314 Achaiae,

2098 3339 2512 3394 insurrexerunt
2541 3350 2649 3391 uno
2688 3336 2872 3392 animo
2898 3332 3072 3391 Judaei
3117 3335 3173 3391 in
3213 3333 3444 3390 Paulum
3490 3346 3545 3391 et
3569 3337 3665 3390 ad-

2097 3428 2371 3484 duxerunt
2395 3442 2518 3483 eum
2549 3427 2616 3481 ad
2665 3426 2931 3489 tribunal,
2976 3426 3264 3481 dicentes:
3300 3425 3429 3496 quia
3455 3423 3660 3480 Contra

2099 3518 2268 3589 legem
2301 3519 2390 3572 hic
2419 3515 2714 3588 persuadet
2736 3515 3050 3573 hominibus
3077 3517 3257 3572 colere
3299 3515 3493 3572 Deum.
3521 3516 3664 3572 Inci-

2101 3604 2280 3671 piente
2307 3613 2485 3658 autem
2511 3601 2682 3656 Paulo
2713 3604 2925 3672 aperire
2952 3617 3040 3668 os,
3068 3603 3209 3657 dixit
3241 3603 3419 3660 Gallio
3460 3606 3526 3658 ad
3564 3603 3662 3659 Ju-

2099 3693 2246 3748 dzeos
2281 3710 2295 3745 :
2329 3691 2384 3745 Si
2417 3690 2637 3761 quidem
2671 3699 2817 3745 esset
2842 3690 3086 3760 iniquum
3134 3692 3360 3761 aliquid,
3392 3702 3487 3748 aut
3535 3695 3665 3748 [οεί-

2101 3799 2206 3838 nus
2227 3781 2547 3852 pessimum,
2582 3795 2614 3834 ο
2644 3781 2744 3836 viri
2773 3779 2966 3848 Judaei,
2999 3791 3147 3838 recte
3185 3799 3279 3840 vos
3309 3786 3660 3843 sustinerem.

2102 3874 2160 3929 Si
2190 3887 2317 3928 vero
2343 3873 2670 3942 qumstiones
2697 3879 2828 3926 sunt
2870 3870 2939 3927 de
2981 3872 3148 3928 verbo
3178 3879 3232 3926 et
3265 3874 3579 3930 nominibus
3611 3886 3666 3931 et

2103 3965 2220 4034 lege
2236 3969 2434 4023 vestra,
2459 3976 2556 4018 vos
2580 3961 2679 4032 ipsi
2700 3961 2966 4017 videritis.
2984 3960 3155 4017 Judes
3180 3976 3280 4032 ego
3297 3963 3488 4019 horum
3503 3965 3666 4034 282

2103 4055 2230 4111 nolo
2275 4068 2417 4110 esse.
2463 4051 2528 4108 Et
2565 4054 2792 4108 minavit
2822 4068 2920 4109 eos
2946 4068 2976 4108 a
3023 4054 3310 4109 tribunali.
3345 4055 3665 4124 Apprehen-

2103 4143 2295 4199 dentes
2325 4151 2503 4196 autem
2548 4157 2740 4198 omnes
2787 4141 3111 4199 Sosthencm
3162 4143 3462 4214 principem
3508 4160 3670 4215 syna-

2104 4247 2271 4304 gogas.
2301 4231 2682 4302 percutiebant
2707 4248 2830 4288 eum
2858 4240 2984 4288 ante
3019 4233 3257 4288 tribunal
3284 4249 3302 4300 ;
3327 4243 3378 4290 ct
3410 4235 3544 4289 nihil
3572 4250 3668 4290 eo-

2107 4340 2226 4380 rum
2263 4324 2497 4379 Gallioni
2543 4339 2688 4380 cura:
2735 4333 2876 4380 erat.
2925 4322 3126 4380 Paulus
3154 4341 3282 4381 vero
3329 4341 3452 4381 cum
3493 4327 3672 4382 adhuc

438 4436 495 4489 δὲ
523 4407 725 4497 πάντες
747 4435 798 4486 oi.
814 4433 1074 4502 Ἕλληνες
1102 4407 1386 4499 Σωσθένην
1411 4428 1502 4481 τὸν
1532 4425 1999 4497 ἀρχισυνάγωγον,

2109 4416 2464 4472 sustinuisset
2491 4415 2609 4472 dies
2637 4416 2858 4481 multos,
2891 4415 3154 4473 fratribus
3180 4417 3528 4485 valefaciens,
3571 4435 3669 4474 na-

440 4527 670 4580 ἐτυπτον
695 4523 1000 4595 ἔμπροσθεν
1027 4522 1123 4576 τοῦ
1173 4523 1446 4592 βήματος’
1493 4520 1589 4572 καὶ
1619 4516 1772 4571 οὐδὲν
1801 4513 2006 4568 τούτων

438 4617 521 4690 τῷ
552 4616 816 4673 Γαλλίωνι
847 4614 1091 4685 ἔμελλεν.
1125 4613 1187 4665 'O
1215 4611 1270 4665 δὲ
1300 4609 1530 4677 Παῦλος,
1560 4608 1640 4662 ἔτι
1669 4605 2006 4679 προσμείνας

441 4708 654 4778 ἡμέρας
685 4705 898 4769 ἱκανὰς,
926 4705 1038 4765 τοῖς
1059 4702 1304 4769 ἀδελφοῖς
1332 4698 1765 4768 ἀποταξάμενος,
1793 4692 2008 4759 ἐξέπλει

441 4801 521 4860 εἱς
553 4797 651 4868 τὴν
669 4796 890 4868 Συρίαν,
917 4793 1013 4848 καὶ
1043 4793 1137 4846 σὺν
1160 4789 1309 4860 αύτῷ
1357 4787 1678 4860 Πρίσκιλλα,
1710 4785 1806 4837 καὶ
1850 4781 2011 4835 Ἀκύ-

441 4887 560 4951 λας,
583 4889 908 4958 κειράμενος
930 4885 989 4937 ὲν
1011 4883 1318 4953 Κεγχρεαῖς
1338 4880 1437 4950 τὴν
1461 4875 1702 4945 κεφαλήν
1722 4890 1736 4905 ο
1767 4868 1880 4943 εἶχε
1900 4871 2010 4943 γὰρ

444 4974 629 5044 εὐχήν.
669 4978 989 5046 Κατήντησε
1013 4973 1070 5027 δὲ
1096 4974 1181 5034 είς
1210 4971 1465 5039 Ἔφεσον,
1489 4965 1775 5027 κάκείνους
1795 4962 2012 5016 κατέλι-

446 5081 547 5117 πεν
573 5065 761 5121 αὐτοῦ.
797 5066 968 5127 Αὐτὸς
1003 5064 1060 5117 δὲ
1099 5059 1381 5117 ἐἰσελθὼν
1413 5060 1494 5124 είς
1534 5057 1634 5126 τὴν
1680 5057 2011 5125 συναγωγὴν

443 5155 713 5220 διελέξατο
761 5159 872 5219 τοῖς
897 5154 1195 5218 Ἰουδαίοις.
1249 5150 1607 5223 Ἐρωτώντων
1639 5148 1697 5202 δὲ
1725 5146 1890 5200 αὐτὸν
1917 5145 2013 5197 ἐπὶ

2112 4507 2311 4578 vigavit
2354 4508 2406 4561 in
2447 4504 2659 4578 Syriam
2709 4509 2939 4578 (etcum
2969 4524 3034 4564 eo
3081 4507 3328 4564 Priscilla
3359 4516 3412 4565 et
3432 4510 3678 4579 Aquila),

2111 4600 2204 4670 qui
2260 4599 2360 4654 sibi
2412 4599 2720 4656 totonderat
2776 4600 2832 4655 in
2885 4599 3148 4658 Cenchris
3190 4612 3392 4671 caput:
3440 4602 3677 4658 habebat

2113 4693 2258 4747 enim
2285 4699 2491 4746 votum.
2523 4692 2852 4764 Devenitque
2875 4693 3172 4764 Ephesum,
3215 4702 3268 4748 et
3299 4693 3372 4748 ibi
3403 4694 3524 4750 illos
3549 4695 3679 4750 reli-

2113 4782 2253 4852 quit.
2308 4783 2432 4852 lpse
2477 4798 2603 4838 vero
2633 4785 2914 4854 ingressus
2961 4799 3330 4855 synagogam,
3361 4785 3675 4856 disputabat

2113 4887 2238 4927 cum
2292 4871 2512 4930 ludatis.
2577 4873 2917 4944 Rogantibus
2965 4883 3148 4930 autem
3195 4876 3279 4930 eis
3319 4884 3380 4930 ut
3423 4875 3676 4945 ampliori

2112 4971 2360 5034 tempore
2403 4975 2668 5032 maneret,
2717 4981 2824 5021 non
2851 4967 3164 5033 consensit;
3198 4965 3296 5022 sed
3347 4967 3678 5021 valel’acicns

2112 5065 2166 5111 et
2199 5057 2430 5111 dicens:
2479 5056 2680 5112 Itertnu
2731 5065 2974 5113 revertar
3020 5058 3088 5112 ad
3141 5074 3257 5124 vos,
3293 5057 3402 5113 Deo
3439 5057 3674 5122 volente,

2115 5146 2392 5216 proiectus
2416 5156 2499 5204 est
2530 5148 2598 5204 ab
2619 5147 2852 5218 Epheso.

445 5251 665 5304 πλείονα
686 5251 876 5322 χρόνον
908 5252 1087 5320 μεῖναι
1123 5247 1252 5321 παρ’
1292 5237 1498 5313 αύτοῖς,
1530 5245 1631 5300 οὐκ
1676 5244 1965 5297 ἐπένευσεν
1989 5257 2004 5273 ·
2045 5241 2162 5295 ἀλλ’
2191 5243 2601 5315 ἀποταξάμενος
2647 5245 2851 5308 αὐτοῖς,
2879 5245 2972 5300 καὶ
3032 5243 3230 5297 εἰπών’
3266 5245 3356 5295 Δεῖ
3406 5259 3474 5313 με
3543 5241 3679 5294 πάν-

443 5364 550 5409 τως
584 5347 685 5417 τὴν
715 5343 906 5415 ἑορτὴν
935 5341 1035 5412 τὴν
1073 5340 1373 5412 ἐρχομένην
1401 5338 1626 5408 ποιῆσαι
1658 5339 1738 5401 είς
1775 5334 2152 5407 Ἰερουσαλὴμ,
2183 5336 2278 5390 καὶ
2339 5336 2501 5392 πάλιν
2550 5336 2859 5407 ἀνακάμψω
2907 5337 3040 5408 πρὸς
3079 5335 3224 5405 ὑμᾶς
3261 5332 3356 5386 τοῦ
3406 5333 3544 5388 Θεοῦ
3590 5334 3678 5386 θὲ-

442 5443 648 5507 λοντος,
686 5438 783 5491 καὶ
809 5433 1021 5506 ἀνήχθη
1050 5433 1160 5486 ἀπὸ
1192 5435 1291 5502 τῆς
1331 5429 1574 5499 Ἐφέσου.

1040 5522 1420 5579 ΕΡΜΗΝΕΙᾹ.

519 5626 585 5679 Ὃ
609 5623 666 5677 δὲ
690 5623 839 5691 λέγει
860 5617 1100 5674 τοιοῦτόν
1119 5617 1295 5669 ἐστιν*
1324 5614 1590 5677 Ἕκαστος
1629 5613 1738 5666 τῶν
1771 5613 2012 5667 ἀποστα-

443 5715 679 5769 τούντων
702 5709 942 5780 Χριστῷ,
969 5709 1026 5772 ὃς
1046 5709 1161 5761 ἐστι
1187 5704 1322 5776 ζωὴ,
1356 5705 1502 5758 δοκεῖ
1524 5703 1714 5759 ἑαυτὸν
1743 5703 2006 5774 φονεύειν,

778 5801 1046 5862 Parnm"
1090 5801 1204 5861 Gn.
1251 5797 1482 5859 CXXV.

2617 5515 3183 5575 COMMENTARIUS.

2199 5630 2218 5664 ι
2263 5611 2496 5684 Sanguis
2553 5621 2733 5666 vester
2783 5626 2948 5678 super
2993 5619 3155 5678 caput
3203 5617 3467 5665 vestrum.
3506 5630 3524 5663 ι
3562 5612 3677 5666 Hoc

2121 5703 2343 5770 perinde
2395 5712 2498 5768 est,
2535 5717 2596 5756 ac
2647 5701 2692 5756 si
2724 5699 2924 5754 diceret
2957 5718 2970 5754 :
3013 5699 3334 5769 Quicunque
3380 5716 3409 5755 a
3438 5699 3678 5767 Christo,

3259 5790 3336 5851 32
