4058 6210
445 335 463 394 1
476 335 580 398 005

1076 337 1612 401 EXPOSI'I‘IONIS
1651 337 1732 397 IN
1771 336 1958 395 ACTA
1985 335 2286 398 TEXTUS
2318 335 2588 396 ALTER.
2611 360 2673 370 --
2699 338 2856 398 CAP.
2889 337 3050 396 XIX.

3553 339 3691 403 1006

439 448 739 519 ἐδεήθησαν
789 449 885 504 τοῦ
943 447 1320 521 βαπτίσματος
1374 450 1467 505 τοῦ
1525 449 1787 521 Χριστοῦ,
1831 449 2010 521 πολλῷ

2128 451 2249 505 bat:
2288 467 2412 506 nam
2457 451 2692 522 Spiritus
2723 462 2949 510 sanctus
2981 468 3088 508 non
3122 453 3197 508 ita
3238 451 3470 509 dabatur
3499 471 3515 511 :
3563 468 3614 513 et
3643 460 3691 515 si

443 541 644 610 μᾶλλον
677 542 771 596 καὶ
829 535 985 606 οὗτος
1030 543 1224 615 ἐδεήθη
1267 544 1355 598 ἄν.
1383 543 1448 598 Τί
1480 543 1574 597 οῦν
1615 543 1764 596 ἔστιν
1801 544 2015 609 εἰπεῖνς

439 633 560 687 οὺδέ
601 635 711 704 γὰρ
767 635 955 699 ἁπλῶς
1001 637 1201 707 ἐφεξῆς
1251 636 1447 706 ἔθηκεν
1506 636 1816 707 ἀμφότερα.
1859 636 2020 688 Δοκεῖ

439 723 620 777 τοίνυν
641 717 797 789 οὗτος
821 720 960 780 εἶναι
983 727 1092 780 τῶν
1119 726 1220 798 ρκ’,
1253 727 1364 780 τῶν
1389 726 1525 797 μετὰ
1552 725 1662 780 τῶν
1703 723 2018 779 ἀποστόλων

443 814 849 884 βαπτισθέντων
878 835 892 852 ι
931 818 989 889 ἢ,
1021 819 1068 871 εἰ
1123 818 1196 889 μὴ
1240 818 1422 882 τοῦτο,
1444 818 1580 888 ὅπερ
1621 819 1713 870 ἐπὶ
1745 815 1843 872 τοῦ
1872 819 2019 887 Κορ-

441 907 624 976 νηλίου
655 907 868 976 γέγονε,
904 911 1194 979 γεγένηται
1230 912 1321 963 καὶ
1364 911 1458 964 ἐπὶ
1494 909 1669 980 τούτῳ
1699 926 1713 940 ο
1747 909 1863 963 ἀλλ’
1899 909 2021 962 οὐδὲ

445 997 784 1068 βαπτίζεται.
851 1001 1056 1054 Τούτου
1111 996 1206 1055 οῦν
1265 1002 1509 1072 ἀκριϐῶς
1553 1001 1912 1067 ὲξεπαθέντος
1951 1001 2018 1066 ⁸ο,

440 1089 590 1143 δοκεῖ
617 1091 776 1145 τοῦτο
825 1092 899 1164 μὴ
952 1089 1115 1157 εἶναι,
1168 1095 1250 1148 ὅτι
1289 1095 1384 1148 καὶ
1447 1094 1812 1165 βαπτισθῆναι
1861 1092 2022 1147 αὐτὸν

443 1180 588 1234 ἔδει·
619 1184 742 1235 ἐπεὶ.
802 1183 850 1234 oi
893 1183 955 1253 ιβ’
1011 1186 1057 1236 oi
1097 1184 1248 1238 ἄλλοι
1300 1185 1452 1239 οὐδὲν
1494 1186 1714 1257 ⁴ᾔδεισαν
1757 1180 2022 1255 ἀκριὸῶζ,

442 1271 563 1323 οὐδὲ
588 1272 657 1324 τὰ
688 1273 815 1342 περὶ
843 1272 1041 1342 Ἰησοῦ.
1063 1275 1225 1339 Είκὺς
1245 1275 1300 1328 δὲ
1328 1275 1492 1330 αὑτὸν
1517 1277 1610 1329 καὶ
1635 1274 2020 1346 βαπτισθῆναι.

444 1361 506 1412 Εἰ
539 1361 596 1414 δὲ
638 1355 788 1433 οὗτοι
819 1364 868 1416 οἱ
912 1364 1162 1418 Ἰωάννου
1209 1365 1350 1434 μετὰ
1398 1365 1460 1418 rb
1513 1364 1795 1436 βάπτισμα
1855 1364 2018 1419 πάλιν

442 1452 818 1518 ἐϐαπτίζοντο,
853 1455 960 1508 ἔδει
1007 1455 1249 1520 καὶτοὺς
1294 1456 1543 1526 μαθητάς
1575 1456 1734 1510 τοῦτο
1769 1457 2015 1526 ποιῆσαι.

2119 545 2212 614 qui
2265 551 2389 614 post
2439 544 2605 599 istum
2669 543 2910 610 fuerunt,
2964 559 3102 616 opus
3128 546 3370 602 habuere
3417 548 3690 621 baptismo

2119 633 2372 700 Christi,
2427 633 2602 688 multo
2654 635 2826 705 magis
2878 635 2966 691 hic
3015 651 3156 706 opus
3215 635 3485 694 habuerit.
3551 639 3694 707 Quid

2122 726 2288 797 igitur
2308 724 2636 781 dicendum?
2664 726 2782 781 Non
2833 727 2978 782 cnim
3037 728 3157 783 sine
3204 743 3369 785 causa
3402 739 3696 803 utrumque

2122 817 2305 886 posuit
2335 831 2492 871 sacer
2545 816 2805 887 scriptor.
2869 817 3098 874 Videtur
3165 818 3347 890 itaque
3413 821 3543 877 mihi
3606 823 3694 880 hic

2124 922 2267 962 unus
2292 922 2356 961 ex
2386 906 2454 960 iis
2479 916 2698 960 centum
2731 907 2921 978 viginti
2957 907 3146 975 fuisse,
3181 910 3276 978 qui
3307 926 3430 965 cum
3466 924 3691 983 aposto-

2125 998 2192 1052 lis
2225 997 2485 1068 baptizati
2520 1009 2671 1053 sunt.
2705 998 2860 1065 Quod
2897 999 2942 1055 si
2978 999 3049 1054 ita
3098 1015 3220 1056 sese
3249 1017 3336 1057 res
3375 1003 3559 1070 habet,
3607 1005 3695 1060 di-

2125 1091 2378 1154 cendum,
2410 1089 2551 1144 idem
2582 1091 2724 1160 quod
2768 1092 2822 1145 in
2876 1090 3131 1147 Cornelio
3182 1102 3237 1148 et
3280 1094 3333 1148 in
3367 1095 3473 1151 isto
3515 1097 3694 1152 conti-

2127 1178 2272 1250 gisse
2302 1194 2317 1234 :
2348 1185 2584 1232 attamen
2617 1193 2727 1233 non
2761 1179 3089 1249 baptizatur.
3125 1177 3239 1234 IIac
3271 1180 3438 1249 igitur
3469 1197 3527 1237 re
3558 1164 3697 1239 bene

2126 1283 2392 1340 perpensa
2425 1268 2642 1324 videtur
2679 1283 2786 1324 non
2824 1271 2896 1324 ita
2933 1279 3078 1335 esse,
3117 1279 3176 1324 ut
3207 1271 3536 1339 baptizatum
3570 1287 3696 1329 esse

2125 1362 2430 1433 oportuerit
2460 1361 2869 1433 (27),quoniam
2893 1361 3178 1418 duodecim
3201 1361 3289 1416 alii
3322 1362 3432 1431 (28)
3458 1364 3592 1418 nihil
3609 1379 3698 1419 ac-

2126 1462 2316 1508 curate
2339 1453 2604 1517 sciebant,
2631 1467 2808 1522 neque
2828 1452 3049 1523 quidem
3078 1451 3244 1524 285
3275 1468 3338 1510 ea
3360 1470 3479 1525 quae
3504 1455 3690 1512 Jesum

443 1544 620 1613 ipsum
681 1548 1026 1616 spectabant.
1081 1547 1404 1604 Verosimile
1467 1556 1651 1603 tamen
1718 1557 1805 1604 est
1858 1548 2026 1603 etiam
2063 1545 2397 1616 baptizatum
2434 1543 2627 1599 fuisse.
2670 1545 2732 1598 Et
2771 1543 3069 1602 siJoannis
3110 1545 3365 1617 discipuli
3429 1553 3554 1616 post
3624 1544 3692 1600 il-

443 1643 549 1697 lius
578 1642 846 1713 baptisma
919 1647 1114 1700 iterum
1167 1645 1609 1716 baptizabantur,
1651 1645 1967 1716 oportebat,
2033 1651 2089 1697 ut
2129 1650 2182 1698 et
2207 1640 2459 1711 discipuli
2489 1640 2562 1694 ita
2594 1639 2860 1696 facerent.

1011 1739 1263 1791 ΚΕΦΑΛ.
1307 1739 1444 1792 κη’.

2654 1730 2882 1786 CAPUT
2920 1729 3162 1785 XXVIII.

443 1824 580 1894 Περὶ
611 1825 1054 1896 βαπτίσματος,
1085 1829 1184 1880 καὶ
1215 1828 1322 1894 τῆς
1351 1829 1457 1884 τοῦ
1473 1831 1646 1900 ἁγίου
1675 1831 2021 1900 Πνεύματος

2128 1825 2204 1880 De
2235 1825 2549 1894 baptismate
2577 1833 2626 1877 et
2655 1825 2794 1878 dono
2825 1822 3057 1892 Spiritus
3087 1825 3259 1878 sancti
3305 1825 3366 1879 ob
3397 1829 3691 1882 orationem

513 1916 736 1985 δωρεᾶς
764 1918 1049 1986 δοθείσης
1086 1918 1184 1974 διὰ
1224 1921 1575 1991 προσευχῆς
1619 1923 1866 1976 Παύλου
1900 1921 2024 1987 τοῖς

514 2010 584 2060 ἐν
629 2010 884 2078 Ἐφέσου
923 2013 1318 2069 πιστεύσασι·
1352 2016 1451 2068 καὶ
1491 2013 1623 2085 περὶ
1671 2015 1886 2080 ἰάσεως
1915 2013 2023 2067 τοῦ

516 2099 689 2155 λαοῦ.

727 2194 768 2245 Τ
771 2195 804 2264 ᾗ
857 2197 1178 2265 παρασκευῇ
1215 2199 1312 2265 τῆς
1344 2194 1397 2260 ς’
1428 2196 1740 2266 ἑϐδομάδος.

1038 2285 1421 2341 ΚΕΙΜΕΝΟΝ.

516 2375 765 2443 Ἐγένετο
795 2375 850 2429 δέ
879 2377 937 2430 ἐν
966 2375 1045 2446 τῷ
1090 2375 1182 2430 τὸν
1211 2376 1459 2429 Ἀπολλῶ
1490 2374 1628 2431 εῖναι
1665 2380 1723 2431 ὲν
1747 2381 2018 2452 Κορίνθῳ,

447 2469 657 2522 Παῦλον
717 2469 996 2523 διελθόντα
1045 2470 1114 2522 τὰ
1170 2469 1480 2538 ἀνωτερικὰ
1534 2469 1677 2542 μέρη
1727 2471 1903 2526 ἐλθεῖν
1943 2475 2022 2536 είς

449 2559 680 2627 Ἔφεσον
701 2573 716 2590 ⁸
750 2563 842 2613 καὶ
873 2559 1048 2630 εὑρών
1087 2575 1241 2620 τινας
1279 2559 1550 2630 μαθητάς,
1601 2559 1722 2614 εἷπε
1755 2563 1890 2632 πρὸς
1921 2563 2023 2616 αὐ-

447 2651 604 2714 τούς’
643 2651 706 2704 Ei
731 2651 956 2720 Πνεῦμα
977 2652 1132 2721 ἅγιον
1162 2650 1385 2706 ἐλάϐετε
1407 2651 1830 2718 πιστεύσαντες;
1862 2654 1926 2708 Οἱ
1967 2654 2023 2707 Ci;

447 2735 600 2792 εἷπον
623 2739 758 2810 πρὸς
787 2739 949 2794 αὐτόν
972 2757 984 2772 ·
1017 2739 1160 2792 Ἀλλ’
1187 2739 1310 2793 οὖδέ
1341 2742 1388 2793 εί
1435 2740 1654 2811 Πνεῦμα
1687 2741 1845 2810 ἆγιόν
1877 2743 2024 2796 ἐστιν

446 2829 784 2899 ἠκούσαμεν.
817 2830 878 2884 '0
907 2831 962 2884 δὲ
1010 2827 1163 2884 εἶπεν
1212 2832 1398 2895 αὐτοῖς
1419 2847 1435 2864 ο
1471 2832 1566 2896 Εἰς
1603 2833 1656 2885 τί
1686 2831 1777 2886 οῦν
1799 2833 2024 2887 ἐϐαπτί-

450 2922 614 2991 σθητε
635 2939 648 2983 ς
673 2922 737 2975 Οἱ
766 2922 822 2975 δέ
847 2918 1002 2976 εἷπον
1028 2939 1041 2953 ·
1072 2922 1166 2986 Εἰς
1192 2923 1251 2976 τὸ
1279 2925 1531 2978 Ἰωάννου
1559 2922 1863 2994 βάπτισμα.
1889 2919 2023 2977 Eine

448 3009 504 3063 δέ
538 3009 750 3074 Παῦλος
773 3023 787 3038 ⁸
814 3011 1070 3079 Ἰωάννης
1103 3012 1202 3081 μέν
1237 3011 1506 3064 ἐόάπτισε
1538 3011 1823 3082 βάπτισμα
1857 3029 2025 3081 μετα-

449 3099 598 3162 νοίας
627 3099 704 3169 τῷ
746 3098 881 3169 λαῷ,
911 3099 1102 3168 λέγων,
1145 3101 1226 3164 είς
1255 3100 1346 3154 τὸν
1392 3101 1685 3171 ἐρχόμενον
1720 3101 1837 3170 μετ’
1863 3101 2024 3153 αὐτὸν

2198 1915 2379 1980 Pauli,
2405 1915 2471 1968 iis
2500 1915 2590 1984 qui
2631 1912 2822 1982 Ephesi
2855 1912 3218 1982 crediderunt,
3239 1925 3286 1969 et
3322 1918 3386 1970 de
3418 1920 3694 1972 sanatione

2188 2007 2368 2076 populi

2497 2183 2654 2240 Feria
2685 2184 2718 2240 6
2750 2185 3108 2242 hebdomadas
3133 2198 3318 2242 sextae.

2770 2275 3001 2335 TEXTU
3013 2277 3070 2334 S.

2193 2367 2336 2434 XIX,
2353 2368 2472 2423 1-8.
2499 2367 2720 2423 Factum
2735 2379 2819 2424 est
2846 2379 3049 2438 autem,
3074 2387 3200 2428 cum
3219 2373 3412 2441 Apollo
3427 2385 3572 2432 esset
3592 2377 3697 2436 Co-

2125 2460 2313 2521 rinthi.
2340 2459 2638 2527 utI’aulus,
2671 2461 2974 2532 peragratis
3013 2465 3393 2534 superioribus
3425 2469 3693 2538 partibus,

2124 2554 2331 2606 veniret
2356 2549 3030 2620 Ephesum,et_inveniret
3064 2557 3328 2625 quosdam
3369 2559 3694 2631 discipulos,
3774 2609 3782 2615 .

2125 2642 2368 2712 dixitque
2385 2643 2452 2698 ad
2479 2657 2576 2698 eos
2601 2660 2614 2696 :
2637 2642 2694 2697 Si
2718 2642 2978 2714 Spiritum
2993 2654 3244 2702 sanctum
3267 2651 3555 2720 accepistis
3579 2669 3698 2710 cre-

2125 2734 2360 2791 dentes?
2411 2735 2480 2788 At
2526 2734 2602 2789 illi
2659 2735 2914 2790 dixerunt
2961 2736 3029 2792 ad
3073 2753 3239 2794 eum:
3287 2739 3393 2796 Sed
3444 2758 3624 2813 neque
3649 2747 3695 2800 si

2127 2823 2366 2895 Spiritus
2397 2835 2620 2880 sanctus
2651 2833 2756 2890 est,
2801 2822 3134 2884 audivimus.
3179 2827 3276 2884 llle
3320 2846 3449 2887 vero
3487 2833 3606 2887 ait:
3635 2835 3694 2889 In

2126 2929 2234 2983 quo
2261 2930 2392 2985 ergo
2421 2913 2682 2984 baptizati
2723 2914 2895 2970 estis?
2932 2915 3034 2982 Qui
3063 2917 3318 2973 dixerunt
3343 2937 3356 2975 :
3378 2919 3438 2975 In
3469 2918 3700 2979 Joannis

2130 3005 2478 3075 baptismate.
2509 3003 2654 3060 Dixit
2685 3015 2868 3061 autem
2907 3005 3111 3064 Paulus
3144 3027 3158 3064 :
3186 3007 3430 3067 Joannes
3456 3012 3701 3082 baptiza-

2126 3096 2205 3150 vit
2231 3097 2506 3167 baptismo
2532 3099 2866 3166 pmnitcntire
2889 3099 3175 3169 populum,
3207 3101 3397 3157 dicens
3429 3118 3443 3155 :
3479 3105 3538 3157 in
3573 3120 3698 3160 eum

452 3189 541 3243 ἵνα
567 3188 924 3251 πιστεύσωσι,
950 3191 1230 3241 τουτέστιν
1261 3189 1343 3251 είς
1391 3190 1482 3241 τὸν
1517 3187 1752 3258 Χριστὸν
1788 3186 2020 3256 Ἰησοῦν.

2129 3187 2222 3256 qui
2251 3194 2516 3242 venturus
2567 3196 2713 3242 esset
2747 3196 2871 3257 post
2917 3188 3116 3258 ipsum,
3161 3197 3219 3244 ut
3249 3191 3556 3259 crederent,
3595 3197 3702 3252 hoc

463 3281 820 3344 Ἀκούσαντες
857 3280 912 3333 δέ
953 3279 1362 3350 ἐϐαπτίσθησαν
1389 3281 1470 3343 είς
1496 3280 1556 3332 τὸ
1585 3279 1758 3350 ὄνομα
1787 3279 1881 3334 τοῦ
1915 3281 2024 3332 Κυ-

452 3376 570 3447 ρίου
601 3373 802 3444 Ἰησοῦ.
863 3371 974 3426 Καὶ
1025 3371 1306 3435 ἐπιθέντος
1359 3370 1542 3434 αὐτοῖς
1572 3370 1666 3424 τοῦ
1691 3369 1901 3424 Παύλου
1925 3371 2024 3435 τὰς

453 3469 662 3536 χεῖρας,
682 3462 815 3536 ἦλθε
849 3464 908 3516 τὸ
933 3462 1157 3532 Πνεῦμα
1179 3461 1242 3515 τὸ
1267 3463 1421 3530 ἅγιον
1445 3464 1531 3514 ἐπ’
1551 3461 1748 3524 αὐτούς
1768 3461 2024 3517 ’ἐλάλουν

451 3576 511 3614 τε
540 3559 814 3627 γλώσσαις
862 3557 956 3608 καὶ
995 3555 1392 3627 προεφήτευον.
1424 3551 1609 3606 ἾΙσαν
1645 3553 1704 3607 δὲ
1727 3554 1775 3606 οί
1801 3553 2023 3614 πάντες,

452 3651 643 3720 ἄνδρες
676 3648 806 3701 ὡσεὶ⁸
825 3646 1050 3701 δώδεκα.
1087 3645 1359 3700 Εἰσελθὼν
1392 3645 1450 3700 δὲ
1474 3646 1554 3709 είς
1569 3644 1668 3716 τὴν
1701 3645 2025 3715 συναγωγὴν

453 3741 912 3813 ἐπαρρησιάζετο,
948 3739 1042 3792 ἐπὶ¹
1099 3739 1276 3808 μῆνας
1326 3740 1476 3810 τρεῖς
1525 3737 1909 3808 διαλεγόμενος
1933 3738 2026 3790 καὶ

455 3834 660 3886 πείθων
685 3831 755 3885 τὰ
785 3829 913 3900 περὶ
942 3829 1040 3898 τῆς
1066 3827 1345 3897 βασιλείας
1374 3827 1468 3880 τοῦ
1496 3828 1656 3882 Θεοῦ.

1056 3918 1436 3973 EPMHNEIA.

525 4016 693 4073 Πόθεν
721 4010 864 4069 οῦτοι
898 4014 956 4067 ἐν
999 4008 1208 4080 Ἐφέσῳ
1260 4009 1431 4072 ὄντες,
1477 4007 1538 4061 τὸ
1567 4007 1851 4079 βάπτισμα
1882 4002 2028 4078 εἶχον

466 4115 744 4178 Ἰωάννου;
769 4113 928 4173 Ἴσως
953 4109 1305 4178 ἐπεδήμησαν
1332 4104 1442 4165 τοῖς
1467 4100 1730 4172 Ἰεροσολύ
1739 4118 1859 4170 μοις
1881 4101 2023 4166 τότε,

453 4205 546 4259 καὶ
587 4203 830 4272 ἀπῆλθον
858 4200 996 4272 πρὸς
1028 4199 1118 4252 τὸν
1154 4195 1428 4265 Ἰωάννην,
1458 4192 1554 4247 καὶ
1583 4192 1990 4262 ἐϐαπτίσθησαν
2010 4234 2024 4259 ,

454 4297 551 4350 καὶ
572 4295 691 4348 οὑδέ
707 4293 799 4345 τὸν
825 4289 1036 4360 Ἰησοῦν
1053 4289 1371 4358 ἠπίσταντο·
1390 4284 1470 4338 διδ
1510 4285 1631 4338 οὐδέ
1656 4283 1800 4353 λέγει
1821 4284 2024 4348 αὐτοῖς,

456 4388 742 4440 Πιστεύετε
768 4386 845 4445 εἰς
864 4383 955 4435 τὸν
970 4379 1176 4450 Ἰησοῦν
1193 4395 1207 4441 ;
1227 4377 1362 4441 ἀλλ’,
1376 4396 1394 4428 ι
1415 4377 1475 4430 Ei
1492 4375 1719 4449 Πνεῦμα
1737 4377 1888 4445 ἅγιον
1905 4375 2030 4430 ἐλά-

455 4478 612 4540 ϐετες
638 4494 656 4527 ι
669 4472 925 4528 καὶτοῦτο
938 4471 1088 4533 εἰδὼς
1106 4471 1188 4526 ὅτι
1204 4469 1302 4521 οὐκ
1319 4463 1463 4539 εἶχον
1479 4483 1495 4498 ο
1515 4467 1647 4521 ἀλλὰ
1667 4467 1914 4538 βούλεται
1931 4467 2029 4521 aia-

2128 3283 2212 3332 est
2247 3277 2299 3330 in
2324 3273 2536 3330 Jesum.
2598 3274 2695 3331 [Iis
2746 3277 2972 3344 auditis,
3028 3279 3291 3349 baptizati
3324 3294 3460 3339 sunt
3501 3286 3556 3340 in
3597 3302 3703 3342 no-

2129 3367 2276 3422 mine
2297 3365 2444 3423 Jesu.
2476 3365 2542 3422 Et
2575 3383 2697 3422 cum
2732 3368 3085 3439 imposuisset
3113 3371 3224 3429 illis
3253 3387 3448 3430 manus
3474 3375 3700 3446 Paulus,

2126 3461 2276 3514 venit
2326 3460 2564 3529 Spiritus
2609 3467 2833 3516 sanctus
2887 3477 3054 3530 super
3091 3477 3207 3531 eos,
3236 3474 3292 3521 et
3342 3467 3702 3539 loquebantur

2127 3549 2332 3619 linguis
2374 3557 2428 3605 et
2483 3551 2901 3620 prophetabant.
2942 3551 3111 3608 Erant
3149 3565 3330 3613 autem
3365 3575 3560 3618 omnes
3601 3563 3701 3618 viri

2127 3638 2243 3694 fere
2304 3640 2615 3695 duodecim.
2667 3639 3044 3710 Introgressus
3099 3654 3278 3701 antem
3329 3664 3698 3724 synagogam,

2127 3744 2252 3786 cum
2284 3730 2480 3784 ﬁducia
2510 3731 2835 3800 loquebatur
2866 3746 2962 3802 per
2995 3741 3103 3788 tres
3138 3751 3376 3805 menses,
3415 3743 3702 3813 disputans

2127 3825 2180 3872 et
2211 3817 2448 3873 suadens
2481 3818 2548 3875 de
2580 3832 2746 3888 regno
2777 3817 2889 3874 Dei.

2626 3906 3191 3967 COMMENTARIUS.

2201 3997 2357 4055 Unde
2402 3999 2493 4054 isti
2545 4000 2638 4070 qui
2696 4001 2892 4071 Ephesi
2942 4003 3322 4072 morabantur,
3365 4005 3697 4078 baptismum

2129 4089 2404 4146 habebant
2448 4091 2716 4146 Joannis?
2768 4092 3024 4150 Fortasse
3067 4095 3104 4150 ii
3162 4097 3370 4166 pridem
3423 4098 3702 4174 Jerosoly-

2129 4199 2272 4238 mam
2307 4183 2534 4254 profecti
2567 4183 2822 4244 fuerant:
2856 4193 2911 4241 et
2955 4195 3084 4242 tunc
3116 4188 3182 4242 ad
3225 4186 3486 4246 Joannem
3512 4208 3696 4249 acces-

2131 4283 2343 4342 serunt,
2374 4284 2428 4330 et
2459 4275 2714 4346 baptizati
2744 4277 2811 4330 ab
2847 4291 2911 4332 eo
2935 4288 3083 4345 sunt,
3112 4280 3243 4352 quin
3269 4281 3454 4338 Jesum
3491 4302 3697 4360 cogno-

2130 4373 2366 4420 scerent.
2394 4363 2574 4431 Quare
2619 4380 2726 4420 non
2784 4365 2916 4421 dicit
2955 4368 3107 4425 illis:
3162 4369 3380 4429 Credite
3409 4375 3464 4430 in
3509 4375 3697 4434 Jesum

2131 4458 2411 4514 Christum
2442 4458 2466 4511 ?
2496 4456 2644 4522 sed,¢
2680 4455 2735 4512 Si
2754 4457 3016 4528 Spiritum
3058 4473 3308 4519 sanctum
3343 4470 3698 4538 recepistis?»

454 4569 787 4630 τοὺςείτιεῖν,
809 4564 893 4617 ἴνα
915 4563 1177 4634 μαθόντες
1193 4556 1266 4615 ὧν
1283 4561 1703 4632 ἀπεστέρηνται,
1722 4559 1922 4623 εὐθέως
1941 4562 2026 4613 αἱ·
2055 4528 2109 4588 D
2137 4553 2261 4608 Ιίεεῑ
2285 4551 2530 4621 ²ΡΡΓῘ¹¹¹θ
2564 4557 2772 4615 ηοδεων
2821 4565 2918 4607 eos
2948 4568 3057 4609 "0“
3101 4556 3396 4626 Γθθθρίεεθ·
3442 4558 3546 4615 sed
3589 4566 3704 4618 νυη

455 4659 712 4730 τῆσωσιν.
751 4656 882 4708 Ἀπὸ
910 4654 1003 4708 τοῦ
1021 4652 1394 4725 βαπτίσματος
1428 4652 1674 4705 Ἰωάννου
1695 4650 2026 4722 προφητεύει

458 4754 548 4804 καὶ
566 4750 748 4818 ἐνάγει
781 4748 996 4812 αὐτοὺς,
1031 4747 1114 4801 ὅτι
1156 4742 1311 4798 τοῦτο
1353 4743 1602 4814 βούλεται
1642 4741 1704 4796 τὸ
1744 4743 2024 4812 βάπτισμα

2139 4651 2198 4699 ιιι
2249 4644 2352 4714 ipsi
2401 4643 2504 4698 hoc
2545 4641 2844 4708 fateantur,
2894 4653 2952 4699 ut
3015 4646 3536 4720 auimadvertentes,
3593 4669 3702 4724 quo

2139 4737 2284 4793 dono
2311 4743 2582 4806 carerent,
2608 4735 2938 4804 quantocius
2986 4737 3118 4793 illud
3151 4750 3516 4804 exposcerent
3561 4744 3696 4818 (29).

1641 4857 1842 4918 Variae
1866 4855 2170 4919 lectiones
2212 4859 2275 4914 et
2316 4856 2506 4912 notae.

530 4943 575 4974 ⁸ο
604 4941 1000 5006 ἐξετασθέντος.

532 5085 1107 5156 (9.7}Chrysostomus,
1159 5087 1306 5142 unde
1351 5087 1466 5142 haec
1507 5086 1897 5142 commentatio
1927 5085 2024 5142 de-

463 5164 678 5225 sumpta
711 5166 821 5226 est,
843 5157 1003 5223 paulo
1026 5158 1202 5221 aliter,
1226 5167 1299 5217 et,
1330 5167 1383 5210 ut
1410 5165 1562 5226 puto,
1599 5158 1777 5226 verius
1818 5165 1874 5212 ct
1911 5157 2026 5212 cla-

466 5231 605 5290 rius,
651 5225 973 5295 ista__habet
1017 5227 1140 5279 sic:
1192 5227 1331 5277 Ἀλλ’
1386 5227 1448 5278 οὐ
1498 5225 1854 5295 βαπτίζεται,
1910 5227 2025 5295 am

2125 5082 2358 5156 gendum
2389 5081 2499 5150 μοι,
2525 5078 2672 5147 mihi,
2695 5087 2750 5134 et
2773 5080 2934 5136 verba
2973 5082 3338 5152 praetermissa
3367 5083 3701 5140 restituenda

2123 5154 2188 5211 ex
2231 5154 2649 5211 Chrvsustomo.

2095 5227 2105 5238 “
2198 5224 2309 5294 (28)

2388 5239 2419 5294 e
2454 5220 2656 5294 quibus
2686 5235 2808 5289 cap.
2840 5233 3140 5294 sequente:
3174 5222 3266 5278 ubi
3289 5238 3341 5276 ν.
3380 5223 3412 5275 7
3433 5222 3540 5292 fere
3568 5223 3702 5278 duo-

463 5299 551 5352 ὃτε
592 5289 998 5366 ίάκριὸἐστερον
1042 5295 1190 5366 αὑτῷ
1228 5289 1525 5366 ἐξέθεντοξᾷ
1551 5289 1722 5349 Τοῦτο
1768 5289 1850 5350 δὲν
1885 5293 2023 5350 εἷναί

2128 5289 2297 5366 desint
2322 5289 2490 5366 fuisse
2519 5289 2816 5366 dicuntur;

469 5385 558 5437 μοι
594 5363 790 5437 ἀληθὲς
836 5364 1104 5437 φαίνεται,
1144 5363 1226 5437 δτι
1274 5363 1845 5437 βαπτισθῆναι-αὑτὸν
1882 5366 2024 5419 ἔδει·

466 5431 586 5490 ἐπεί
615 5431 718 5496 τις.
750 5431 854 5487 Sed
885 5449 986 5485 non
1022 5431 1341 5497 baptizatur,
1392 5431 1556 5486 donec
1603 5433 1684 5487 illi
1725 5437 2029 5490 accuratius

461 5512 830 5575 exposuerunt.
857 5507 968 5558 Hoc
987 5503 1112 5555 mihi
1127 5520 1301 5575 verum
1323 5519 1434 5575 esse
1451 5503 1673 5566 videtur,
1704 5506 1827 5574 quia
1858 5507 2032 5571 bapti-

470 5573 585 5631 zari
660 5576 813 5628 illuni
865 5576 1156 5640 oportebat.
1189 5573 1496 5639 Quoniam,
1549 5583 1654 5628 etc.
1705 5576 2029 5642 Discrepan-

465 5651 594 5702 tiam
626 5645 766 5698 hanc
798 5660 862 5698 ex
893 5643 1237 5698 librariorum
1276 5645 1564 5697 oscitantia
1609 5643 1688 5696 vel
1726 5647 2030 5697 temeritate

464 5728 640 5774 Ortain
685 5729 806 5770 esse
854 5723 1014 5784 puto;
1057 5714 1198 5769 unde
1235 5713 1471 5768 arbitror
1510 5728 1608 5781 pro
1658 5712 1752 5782 μὴ.
1789 5730 1915 5778 non,
1952 5714 2030 5768 le-

2199 5365 2312 5435 (29)
2346 5360 2549 5435 Testus
2573 5358 2993 5435 Crtecus‘hujus
3021 5359 3386 5435 espositionis
3416 5361 3575 5435 plane
3601 5363 3702 5418 de"

2158 5429 2403 5491 ideratttr
2437 5432 2491 5484 in
2522 5429 2764 5485 editione
2786 5429 3105 5484 (Ecumenii
3137 5438 3326 5483 curata
3355 5429 3578 5487 Parisiis
3607 5448 3699 5488 au.

2132 5507 2291 5569 1651,
2329 5505 2452 5557 licet
2478 5509 2654 5571 exstet
2672 5501 2852 5555 versio
2893 5499 3127 5571 Latiua‘:
3169 5500 3262 5554 scd
3316 5501 3392 5555 illi
3450 5503 3515 5557 ad
3541 5503 3702 5571 ,latus

2131 5567 2310 5628 deum.
2371 5569 2658 5640 appositus
2702 5578 2789 5640 Vest
2838 5576 3033 5640 textus
3068 5567 3292 5625 Graccus
3342 5567 3701 5640 expositionis

2131 5638 2462 5715 superioris,
2513 5639 2711 5708 insigni
2771 5652 2902 5693 sane
2955 5638 3178 5695 editoris
3237 5643 3318 5697 vel
3378 5638 3702 5715 typographi

2133 5727 2362 5767 lllCIll‘la.
