4058 6210
362 306 497 370 1007
1278 289 1852 352 THEOPHYLACT!
1898 283 2229 346 BULGARI
2239 282 2302 341 Ε
2343 279 2695 341 ARCHIEP.
3461 269 3599 333 1008

357 424 404 477 Δ
433 414 662 474 Joann's
712 407 1043 480 baptismate
1096 402 1424 458 vaticinatur
1477 401 1591 473 (50)
1637 409 1694 455 et
1733 397 1971 458 edocet,

2070 391 2315 446 Ιωάννου.
2354 387 2638 442 Ἐντεῦθεν
2672 385 2728 440 δὲ
2757 383 3052 446 δείκνυται,
3083 380 3166 437 ὅτι
3199 377 3390 444 ἀτελὲς
3439 375 3511 453 ἧν
3542 373 3608 434 τὺ

355 526 472 574 eos,
505 507 645 578 quod
692 470 804 558 hoc.
829 501 931 557 sibi
983 501 1144 555 vellet
1177 496 1409 554 Joannis
1447 470 1733 565 baptisma.
1765 488 1927 560 285

2070 488 2312 554 ἁπτισμα
2341 480 2614 535 Ἰωάννου.
2665 479 2740 532 Οὐ
2781 477 2890 548 γάρ
2915 470 3068 528 εἶπεν
3127 473 3395 544 ἀφέσεως,
3447 471 3610 540 ἀλλὰ,

363 603 499 656 llinc
523 564 656 654 vero
703 594 1010 651 ostenditur
1046 593 1318 662 baptisma
1360 586 1495 643 illud
1546 582 1926 655 imperfectum

2089 573 2398 646 μετανοίας,
2429 591 2448 625 ›
2473 568 2632 626 εἶναι.
2677 567 2809 624 Εἶτα
2838 567 3223 639 βαπτισθέντες
3251 567 3329 630 είς
3351 564 3412 619 τὸ
3435 566 3610 636 δνομα

363 697 534 750 fuisse
567 709 581 745 :
611 705 720 745 non
757 687 900 743 enim
931 685 1069 740 dixit
1098 703 1115 736 ι
1145 684 1472 750 baptismum
1517 696 1536 730 ι
1580 689 1702 730 esse
1735 671 1930 726 remis-

2070 666 2122 720 oii
2163 663 2370 735 Κυρίου
2411 660 2612 733 Ἰησοῦ,
2644 660 2830 730 φησὶν,
2862 658 2969 712 ὑπὸ
2997 658 3104 711 τῶν
3136 655 3335 727 χειρῶν
3366 655 3608 719 Παύλου,

363 788 555 848 sionis,
607 784 728 848 sed,
760 801 778 834 ι
821 746 1228 852 poenitentian
1271 771 1476 827 Deinde
1507 787 1526 820 ι
1563 763 1818 835 baptizati
1875 761 1932 813 in

2070 755 2236 818 ὑθέως
2262 755 2322 808 τὺ
2367 755 2594 824 Πνεῦμα
2651 749 2976 821 ἐλάμϐανον.
3003 747 3177 802 Τοῦτο
3201 747 3259 800 δὲ
3299 748 3400 818 οὐχ
3423 746 3614 818 ἐώρων

365 877 587 932 nomine
619 873 834 928 Domini
866 870 1019 936 Jcsu,
1055 888 1073 920 ι
1107 865 1305 936 inquit,
1344 860 1596 915 manibus
1634 854 1784 910 Pauli
1824 860 1936 907 sta-

2070 847 2288 916 iopavov
2313 845 2420 917 γάρ
2442 843 2634 914 ἐστιν),
2659 840 2916 912 αἰσθητὸν
2941 839 2998 893 δέ
3020 855 3145 893 τινα
3176 838 3401 908 ἔλεγχον
3438 839 3613 892 ἐδίδου

364 969 460 1022 tim
505 965 770 1035 Spiritum
822 969 1074 1016 sanctum
1123 959 1475 1023 acceperunt.
1517 946 1700 1017 Ipsum
1756 954 1935 1035 tamen

2070 940 2131 1010 ἧς
2155 939 2440 1009 ἐνεργείας
2460 936 2676 1006 ἐκείνης
2702 934 2912 1005 ἡχάρις
2929 950 2943 964 ⁸
2977 932 3070 986 καὶ
3099 934 3127 986 ὁ
3147 932 3245 1002 μὲν
3271 934 3338 1000 τῇ
3364 931 3613 1003 Περσῶν.

365 1073 473 1114 non
501 1022 757 1111 videbant
780 1071 794 1109 :
827 1047 1117 1106 invisibilis
1141 1053 1224 1101 est
1253 1046 1420 1100 enim.
1445 1039 1646 1096 Verum
1679 1034 1938 1092 sensibile

2085 1030 2142 1083 δὲ
2171 1032 2238 1101 τῇ
2279 1028 2592 1100 Ῥωμαίων,
2623 1027 2652 1078 6
2681 1026 2737 1079 δὲ
2759 1027 2826 1096 τῇ
2859 1023 3066 1090 Ἰνδῶν,
3117 1025 3145 1076 6
3184 1022 3241 1076 δὲ
3298 1023 3462 1092 ἑτέρᾳ.
3506 1022 3620 1075 τινὶ

366 1147 588 1218 aliquod
617 1148 793 1217 ipsius
821 1142 1039 1196 virtutis
1086 1146 1469 1208 argumentum
1521 1131 1714 1186 edebat
1747 1125 1939 1218 igratia

2072 1119 2265 1192 οιαύτη
2293 1120 2498 1182 εὐθέως
2521 1117 2822 1186 ἐφθέγγετο
2843 1112 3084 1185 γλώσσῃ,
3109 1115 3206 1167 καὶ
3232 1111 3393 1166 τοῦτο
3423 1115 3621 1181 ἐφανε-

367 1246 422 1296 in
455 1208 541 1303 eo,
574 1239 717 1309 quod
764 1235 904 1288 alius
957 1232 1174 1302 quidem
1212 1227 1527 1288 Persarum,
1571 1221 1710 1275 alius
1745 1217 1941 1309 Roma-

2070 1213 2200 1266 ιοῦτο
2253 1216 2363 1278 τοῖς
2395 1211 2615 1277 ἔξωθεν,
2641 1211 2724 1265 ὅτι
2765 1210 2825 1263 τὸ
2849 1209 3076 1278 Πνεῦμά
3112 1209 3262 1261 ἐστιν
3286 1208 3344 1262 ἐν
3367 1208 3516 1277 αύτῷ
3541 1208 3624 1279 τῷ

367 1300 561 1387 norum
589 1300 642 1383 et
683 1326 836 1380 alius
882 1300 1328 1384 ludorutn,.alius
1357 1317 1591 1384 denique
1633 1310 1795 1366 simili
1831 1308 1935 1362 alia

2070 1304 2425 1376 ιθεγγομένῳ,
2453 1305 2669 1366 δεικνὺς
2715 1304 2743 1355 6
2787 1301 2918 1364 Θεὸς
2945 1301 3025 1354 ὅτι
3068 1300 3225 1354 τοῦτό
3261 1301 3377 1353 ἐστι
3402 1301 3501 1372 τῆς
3533 1302 3624 1366 ἐξ·

367 1423 549 1491 aliqua
576 1419 760 1487 lingua
803 1407 1474 1485 protinusloquebatur:
1519 1409 1574 1456 et
1617 1400 1722 1453 hoc
1757 1404 1939 1491 extra-

2070 1414 2104 1448 ιυ
2114 1399 2230 1460 σίας
2263 1398 2363 1467 τῆς
2393 1396 2673 1450 ἀνωτάτω.

369 1485 896 1564 neismanilestabat
951 1500 1216 1572 Spiritum
1251 1498 1435 1552 inesse
1497 1492 1574 1546 ita
1634 1485 2011 1558 loquentibus,
2053 1485 2164 1542 Deo
2237 1488 2415 1557 palam
2490 1485 2763 1553 faciente,
2835 1485 2890 1540 id
2956 1491 3224 1555 supremae
3291 1498 3416 1540 esse
3471 1491 3631 1553 pote-

369 1607 545 1661 statis.

609 1694 698 1748 hic
725 1691 944 1761 pmprie
972 1686 1229 1755 impletur
1259 1681 1392 1737 illud
1421 1697 1476 1735 ιι
1502 1677 1608 1743 Qui
1637 1682 1820 1730 autem
1844 1651 1950 1728 mi;
1982 1682 2024 1738 Β

2151 1673 2282 1725 Ἰδοὺ
2313 1671 2549 1725 ἐνταῦθα
2575 1669 2876 1742 πληροῦται
2906 1669 3088 1732 ίδικῶς
3108 1669 3189 1735 τδ,
3226 1686 3245 1716 ι
3273 1667 3339 1724 ,⁸0
3370 1670 3627 1742 μικρότε-

373 1802 472 1842 uor
495 1796 579 1842 est
627 1784 682 1838 in
715 1795 884 1852 regno
915 1777 1200 1837 caelorum.
1225 1773 1402 1842 tiiajor
1437 1779 1520 1826 est
1550 1770 1643 1824 illo
1680 1769 1723 1800 ⁸¹
1759 1783 1776 1822 :
1813 1786 1833 1820 ι
1871 1765 1952 1844 si-

2070 1783 2150 1830 οος
2198 1768 2257 1820 ἐν
2312 1768 2379 1837 τῇ
2422 1764 2671 1835 βασιλείᾳ⁸
2718 1763 2826 1817 τῶν
2901 1763 3149 1833 οὐρανῶν
3201 1762 3405 1834 μείζων
3458 1763 3625 1818 αὐτοῦ

372 1875 594 1949 quidem
634 1873 837 1927 Paulus
868 1868 1245 1941 apostolorum
1299 1864 1526 1920 ultimus
1573 1858 1754 1930 quoad
1771 1872 1953 1949 νοτε·
1997 1877 2002 1880 ·

375 1946 599 2031 tionem,
633 1963 779 2034 quod
811 1959 1058 2015 Joannes
1092 1958 1149 2011 in
1181 1955 1514 2026 baptismate
1549 1965 1659 2006 non
1683 1947 1855 2016 dedit,
1886 1946 1955 2000 il-

376 2057 471 2112 lud
503 2071 603 2128 per
634 2068 896 2110 manuum
929 2048 1338 2120 impositionem
1365 2041 1577 2099 tribuit.

381 2235 457 2290 De
471 2234 598 2303 ﬁliis
627 2231 836 2296 Scerce;
871 2236 921 2283 et
951 2225 1089 2299 quod
1115 2242 1216 2280 non
1246 2229 1483 2293 oporteat
1508 2225 1749 2276 accedere
1776 2219 1842 2274 ad
1873 2220 1957 2274 in-

453 2323 659 2395 fideles,
697 2334 744 2378 et
771 2322 860 2391 qui
903 2336 958 2375 se
998 2317 1102 2388 ﬁde
1141 2317 1385 2386 indignos
1422 2312 1784 2368 reddiderunt.
1821 2310 1957 2366 Item

455 2418 518 2469 de
555 2413 880 2484 confessione
903 2410 1258 2476 credentium;
1293 2415 1341 2463 et
1368 2408 1432 2461 de
1470 2405 1723 2460 seditione
1766 2402 1955 2476 Ephesi

457 2516 599 2561 mota
626 2524 660 2560 a
689 2505 954 2561 Demetrio
977 2502 1282 2575 argentario
1314 2509 1502 2556 contra
1524 2497 1814 2570 apostolos.

1017 2747 1323 2807 TEXTUS.

460 2841 598 2914 XIX,
617 2847 766 2904 9-40.
782 2845 920 2902 Cum
934 2857 1112 2900 autem
1131 2844 1350 2915 quidam
1365 2842 1772 2909 indurarentur,
1787 2844 1963 2899 et'non

389 2941 696 3004 crederent,
716 2937 1102 2994 maledicentes
1121 2937 1259 2991 viam
1278 2934 1490 2990 Domini
1509 2949 1692 2991 coram
1719 2935 1964 2990 multitu-

2055 1856 2225 1911 ἐστιν.
2263 1874 2284 1907 ›
2334 1853 2466 1906 Ἰξοὺ
2502 1853 2611 1924 γὰρ
2656 1853 2686 1905 6
2735 1851 2844 1905 τῶν
2885 1851 3202 1906 ἀποστόλων
3228 1849 3455 1921 ἔσχατος
3496 1850 3628 1921 περὶ

2054 1945 2155 2017 τὴν
2187 1945 2401 2015 κλῆσιν,
2433 1945 2568 2014 ὅπερ
2601 1944 2702 1997 οὑκ
2735 1941 2936 1995 ἔδωκεν
2965 1941 3218 2012 Ἰωάννης
3239 1942 3296 1995 ἐν
3326 1941 3403 2012 τῷ
3431 1940 3634 2012 βαπτί-

2060 2055 2256 2108 σματι,
2289 2036 2451 2092 τοῦτο
2482 2036 2572 2091 διὰ
2603 2036 2713 2091 τῶν
2739 2035 2939 2107 χειρῶν
2963 2035 3057 2090 τοῦ
3089 2033 3302 2088 Παύλου
3345 2034 3535 2090 ἔλαϐον
3577 2035 3629 2089 οἱ

2059 2129 2470 2200 βαπτισθέντες.

2059 2219 2198 2289 Περὶ
2243 2218 2361 2273 τῶν
2419 2218 2567 2272 υἱῶν
2611 2217 2833 2284 Σκευᾶ,
2873 2217 2964 2272 ὅτι
3016 2220 3090 2273 οὐ
3133 2218 3229 2272 δεῖ
3261 2217 3634 2286 προσχωρεῖν

2131 2308 2436 2374 ἀπίστοις.
2481 2309 2580 2361 καὶ
2634 2308 2908 2374 ἀναξίοις
2944 2307 3057 2375 τῆς
3091 2308 3350 2371 πίστεως
3390 2306 3633 2376 γενομέ-

2127 2415 2293 2466 νοις·
2331 2398 2429 2453 καὶ
2459 2397 2593 2467 περὶ
2631 2397 3124 2468 ἐξομολογήσεως
3161 2398 3278 2454 τῶν
3317 2401 3639 2453 maeandro

2132 2508 2252 2545 των
2271 2507 2284 2520 ·
2317 2490 2417 2546 καί
2449 2490 2583 2556 περὶ
2612 2487 2722 2556 τῆς
2745 2491 2817 2544 ἐν
2844 2491 3079 2560 Ἐφέσῳ
3112 2491 3462 2558 κινηθείσης
3489 2490 3634 2544 στά-

2135 2595 2290 2648 σεως
2320 2583 2442 2636 ὑπὸ
2489 2581 2831 2651 Δημητρίου
2872 2581 2980 2636 τοῦ
3022 2581 3440 2651 ἀργυροκόπου
3484 2581 3638 2636 κατὰ

2134 2671 2253 2727 τῶν
2277 2671 2662 2728 ἀποστόλων.

2659 2766 3048 2822 ΚΕΙΜΕΝΟΝ.

2159 2852 2246 2918 Ὠς
2269 2854 2326 2909 δέ
2360 2872 2507 2919 τινες
2542 2855 2936 2926 ἐσκληρύνοντο
2970 2854 3067 2910 καὶ
3099 2855 3379 2927 ⁴ηπείθουν,
3407 2854 3636 2910 κακολο-

2066 2946 2293 3016 γοῦντες
2317 2947 2418 3018 τὴν
2459 2947 2583 3001 ὁδὸν
2613 2947 2842 3000 ἐνώπιον
2871 2947 2966 3000 τοῦ
2995 2947 3253 3018 πλήθους,
3280 2948 3521 3012 ἀποστὰς
3541 2946 3643 3002 ἀπ’

391 3032 548 3097 dine;
581 3027 871 3085 discedens
893 3029 961 3082 ab
979 3026 1080 3090 eis,
1101 3025 1406 3099 segregavit
1432 3026 1754 3097 discipulos,
1777 3024 1960 3094 quoti-

2070 3038 2266 3104 αὐτῶν,
2289 3038 2537 3109 ἀφώρισε
2558 3039 2686 3102 τοὺς
2717 3037 2989 3109 μαθητὰς,
3013 3038 3136 3093 καθ’
3155 3040 3366 3110 ἡμέραν
3391 3040 3637 3109 διαλεγό-

391 3122 478 3176 die
507 3119 797 3186 disputans
826 3117 881 3171 in
906 3116 1093 3172 schola
1125 3116 1340 3185 tyranni
1364 3114 1676 3184 cujusdam.
1719 3112 1832 3168 iloc
1866 3129 1967 3167 au-

388 3221 498 3266 tem
530 3209 734 3263 factum
759 3216 844 3262 est
874 3221 969 3276 per
989 3206 1295 3269 biennium,
1334 3205 1405 3258 ita
1439 3213 1498 3258 ut
1524 3218 1718 3258 omnes
1746 3205 1838 3274 qui
1868 3203 1969 3258 ha-

391 3302 642 3357 bitabant
685 3299 739 3354 in
779 3297 932 3362 Asia,
978 3293 1231 3349 audirent
1268 3296 1496 3349 verbum
1522 3293 1762 3358 Domini,
1793 3293 1967 3350 Judaci

396 3402 563 3463 atque
606 3389 864 3462 gentiles.
899 3386 1253 3457 Vittutesque
1296 3401 1406 3441 non
1442 3386 1712 3458 quaslibet
1739 3387 1969 3442 faciebat

392 3485 536 3542 Deus
570 3499 670 3554 per
696 3497 895 3539 manus
922 3478 1120 3546 Pauli;
1154 3480 1231 3534 ita
1262 3487 1323 3535 ut
1349 3480 1512 3535 etiam
1557 3494 1725 3550 super
1754 3480 1969 3552 langui-

393 3576 495 3631 dos
546 3574 892 3630 deterrentur
937 3588 969 3628 a
1017 3585 1248 3641 corpore
1298 3570 1419 3642 ejus
1459 3571 1683 3628 sudaria
1728 3583 1783 3626 et
1810 3571 1970 3628 semi-

394 3667 619 3729 einctia,
653 3673 708 3721 et
732 3663 1068 3720 recedebant
1090 3664 1157 3717 ab
1193 3664 1274 3718 eis
1304 3663 1621 3732 languores,
1657 3672 1711 3718 et
1741 3664 1968 3732 spiritus

397 3771 630 3825 nequam
666 3754 1109 3826 egrediebantur.
1129 3751 1502 3809 Tentaverunt
1525 3760 1704 3807 autem
1742 3753 1966 3825 quidam

374 3856 449 3900 [et
482 3847 550 3901 de
596 3845 1064 3901 circumeuntibus
1091 3843 1306 3899 .Judzeis
1353 3844 1645 3900 exorcistis
1693 3844 1966 3909 invocare,

368 3967 374 3971 α
396 3954 560 4006 super
594 3953 689 3994 eos
713 3938 807 4008 qui
836 3937 1113 3992 habebant
1150 3936 1378 4006 spiritus
1408 3937 1603 4002 malos,
1642 3952 1838 3993 nomen
1865 3937 1972 3991 Do-

395 4031 531 4086 mini
555 4028 703 4096 Jesu,
720 4029 1208 4099 dicentes:Adjuro
1223 4044 1434 4099 vosper
1445 4026 1634 4084 Jesum
1655 4044 1815 4099 quem
1833 4029 1975 4085 Pau-

379 4119 487 4175 lus
531 4120 812 4190 prsedieat.
863 4119 1034 4173 Erant
1078 4126 1259 4173 autem
1309 4118 1526 4188 quidam
1573 4116 1742 4173 Judrei
1791 4121 1973 4176 Seeva:

401 4213 666 4283 principis
691 4209 1040 4267 sacerdotum
1061 4219 1276 4279 septem
1311 4210 1405 4264 lilii
1436 4211 1527 4280 qui
1555 4210 1658 4266 hoc
1678 4210 1970 4268 faciebant.

391 4301 763 4373 Respondens
784 4308 983 4357 autem
1028 4301 1258 4371 spiritus
1279 4315 1520 4370 nequam
1554 4301 1692 4356 dixit
1725 4304 1806 4358 eis
1835 4321 1849 4358 :
1874 4303 1966 4358 Je-

2071 3145 2230 3200 μενος
2264 3129 2324 3181 ἐν
2352 3131 2419 3198 τῇ
2449 3128 2613 3199 σχολῇ
2643 3129 2908 3199 τυράννου
2937 3130 3103 3193 τινός.
3135 3129 3306 3184 Τοῦτο
3335 3131 3392 3184 δέ
3423 3131 3640 3200 ἐγένετο

2069 3220 2166 3271 ἐπὶ
2201 3218 2297 3289 ἐτη
2351 3218 2465 3284 δύο,
2524 3220 2666 3274 ὥστε
2698 3221 2914 3284 πάντας
2955 3222 3082 3285 τοὺς
3117 3222 3505 3286 κατοικοῦντας
3541 3222 3640 3292 τὴν

2085 3307 2274 3361 Ἀσίαν
2330 3308 2563 3363 ἀκοῦσαι
2597 3310 2690 3364 τὸν
2727 3310 2884 3379 λόγον
2912 3311 3007 3364 τοῦ
3047 3312 3254 3378 Κυρίου
3284 3311 3480 3381 Ἰησοῦ,
3510 3311 3641 3364 Ἰου-

2070 3400 2256 3466 δαίους
2284 3419 2342 3454 τε
2383 3401 2480 3455 καὶ
2502 3400 2793 3472 Ἕλληνας.
2819 3403 3091 3472 Δυνάμεις
3125 3419 3184 3455 τε
3227 3403 3290 3454 ού
3323 3405 3422 3466 τὰς
3446 3401 3639 3473 τυχού-

2072 3510 2172 3557 σας
2193 3495 2220 3546 ό
2244 3493 2378 3558 Θεὸς
2409 3493 2582 3547 ἐποίει
2610 3493 2699 3546 διὰ
2717 3493 2826 3547 τῶν
2853 3493 3052 3564 χειρῶν
3086 3493 3301 3547 Παύλου
3319 3510 3333 3524 ·
3373 3492 3515 3546 ὥστε
3545 3493 3640 3546 καὶ

2067 3586 2160 3640 ἐπὶ
2192 3587 2318 3649 τοὺς
2363 3585 2726 3649 ἀσθενοῦντας
2759 3586 3120 3656 ἐπιφέρεσθαι
3163 3587 3269 3640 ἀπὸ
3299 3585 3394 3639 τοῦ
3432 3584 3642 3657 χρωτδς

2067 3676 2236 3731 αὑτοῦ
2269 3676 2524 3748 σουδάρια
2563 3678 2660 3730 καὶ
2695 3677 3026 3748 σιμικίνθια,
3058 3679 3151 3733 καὶ
3199 3677 3640 3732 ἀπαλλάσσεσθαι

2067 3768 2162 3821 ἀπ’
2189 3767 2368 3822 αὐτῶν
2413 3768 2511 3832 τὰς
2540 3767 2748 3834 νόσους,
2791 3769 2861 3823 τά
2885 3785 2944 3822 τε
2997 3769 3291 3840 πνεύματα
3326 3769 3397 3822 τά
3427 3769 3644 3840 πονηρά

2069 3858 2391 3930 ἐξέρχεσθαι
2420 3859 2516 3914 ἀπ’
2543 3859 2745 3913 αὐτῶν.
2787 3859 3185 3931 Ἐπεχείρησαν
3233 3860 3291 3913 δέ
3345 3877 3490 3923 τινες
3532 3860 3641 3915 τῶν

2071 3950 2517 4021 περιερχομένων
2557 3950 2826 4004 Ἰουδαίων
2853 3950 3205 4021 ἐξορκιστῶν,
3235 3951 3523 4018 ὀνομάζειν
3549 3951 3642 4004 ἐπὶ

2070 4041 2199 4102 τοὺς
2234 4039 2457 4110 ἔχοντας
2483 4038 2554 4092 τὰ
2592 4039 2880 4110 πνεύματα
2903 4040 2973 4093 τὰ
3002 4041 3214 4110 πονηρὰ
3245 4041 3306 4094 τὸ
3342 4041 3512 4110 ὄνομα
3547 4041 3642 4094 τοῦ

2071 4127 2274 4200 Κυρίου
2349 4129 2548 4201 Ἰησοῦ,
2607 4130 2896 4200 λέγοντες⁹
2963 4131 3290 4202 Ὀρκίζομεν
3345 4133 3488 4202 ὑμᾶς
3552 4133 3643 4186 τὸν

2086 4219 2316 4291 Ἰησοῦν,
2341 4221 2400 4275 ὃν
2426 4222 2455 4274 6
2479 4221 2690 4286 Παῦλος
2723 4224 3011 4295 κηρύσσει.
3039 4219 3224 4278 Ἦσαν
3261 4224 3318 4278 δέ
3355 4241 3500 4288 τινες
3537 4223 3644 4276 olei.

2072 4309 2254 4364 Σκευᾶ
2286 4311 2544 4366 Ἰουδαίου
2571 4311 2877 4382 ἀρχιερέως
2901 4313 3062 4381 ἐπτά,
3087 4314 3138 4366 oi
3162 4313 3319 4367 τοῦτο
3345 4314 3640 4377 ποιοῦντες.
3712 4356 3715 4359 -

403 4409 523 4446 sum
565 4393 715 4460 novi,
743 4401 797 4448 et
837 4391 1068 4446 Paulum
1121 4392 1275 4457 scio;
1320 4407 1420 4447 vos
1449 4400 1630 4447 autem
1654 4394 1759 4463 .qui
1793 4395 1968 4452 estis?

2085 4399 2420 4469 Ἀποκριθέν
2450 4399 2507 4452 δὲ
2543 4399 2604 4452 τὸ
2624 4399 2840 4470 πνεῦμα
2867 4401 2927 4454 τὸ
2957 4403 3211 4472 πονηρὸν,
3239 4399 3392 4456 εἶπεν
3419 4403 3604 4464 αὐτοῖς
3626 4414 3638 4427 ⁸

390 4483 470 4538 .Et
523 4485 770 4540 insiliens
801 4485 856 4538 in
887 4498 984 4540 eos
1016 4483 1202 4549 homo,
1245 4485 1299 4536 in
1325 4497 1434 4552 quo
1477 4491 1596 4539 erat
1641 4484 1970 4541 daemonium

400 4573 723 4642 pessimum,
755 4581 809 4627 et
835 4571 1148 4626 dominatus
1179 4571 1487 4640 amborum,
1519 4573 1752 4649 invaluit.
1783 4585 1972 4631 contra

2069 4487 2174 4540 Τὸν
2216 4485 2427 4558 Ἰησοῦν
2463 4486 2740 4556 γινώσκω,
2773 4487 2869 4541 καὶ
2921 4489 3010 4543 τὸν
3059 4488 3268 4544 Παῦλον
3302 4489 3602 4560 ἐπίσταμαι
3627 4504 3642 4519 ’

2070 4577 2231 4646 ὑμεῖς
2265 4576 2322 4630 δέ
2352 4577 2496 4641 τίνες
2525 4577 2685 4646 ἑστός
2719 4579 2830 4632 Καὶ
2879 4579 3244 4651 ἐφαλλόμενος
3279 4582 3307 4634 6
3355 4579 3644 4651 ἄνθρωπος

405 4679 524 4725 eos,
578 4664 653 4717 ita
701 4671 760 4716 ut
805 4661 937 4716 nudi
980 4670 1035 4717 et
1070 4664 1342 4718 vulnerati
1380 4664 1684 4737 eﬂ‘ugerent
1714 4668 1782 4723 de
1811 4668 1971 4724 domo

2070 4670 2157 4721 ἐπ’
2183 4670 2404 4734 αὐτοὺς,
2431 4671 2492 4726 ἐν
2517 4663 2561 4739 ᾧ
2580 4667 2648 4742 ἧν
2668 4671 2730 4724 τὸ
2749 4671 2967 4744 πνεῦμα
2986 4673 3048 4726 τὸ
3069 4672 3325 4742 πονηρὸν,
3351 4673 3446 4725 καὶ
3471 4688 3642 4725 κατα-

406 4755 522 4809 illa.
542 4753 676 4810 [Hoc
702 4761 882 4809 autem
915 4762 1103 4810 notum
1137 4755 1340 4811 factum
1373 4766 1458 4814 est
1487 4761 1746 4817 omnibus
1773 4758 1974 4816 Judaeis

387 4853 569 4915 .atque
615 4842 930 4915 gentilibus,
964 4844 1058 4914 qui
1083 4843 1416 4912 habitabant
1462 4847 1686 4918 Ephesi,
1735 4857 1790 4904 et
1831 4851 1972 4906 ccci-

463 5024 517 5055 "'
551 5021 744 5077 Matth.
780 5037 840 5088 ll,
881 5023 960 5076 ll.

2073 4760 2376 4831 κυριεύσας
2439 4763 2792 4835 ἀμφοτέρων,
2837 4764 3024 4835 ἴσχυσε
3081 4765 3202 4818 κατ’
3252 4763 3451 4829 αὐτῶν,
3498 4762 3641 4816 ὥστε

2077 4853 2320 4923 γυμνοὺς
2365 4855 2460 4910 καὶ
2504 4857 3083 4928 τετραυματισμένους
3135 4857 3394 4927 ἐκφυγεῖν
3435 4857 3500 4910 ἐκ
3545 4852 3641 4909 τοῦ

1587 5137 1788 5200 νειὶω
1823 5138 2128 5206 lectiones
2165 5150 2235 5206 .et
2275 5153 2462 5212 noue.

477 5259 587 5340 (50)
615 5259 821 5340 Toxlus
853 5259 974 5340 iste,
1007 5258 1098 5340 qui
1145 5259 1282 5340 alias
1324 5267 1410 5340 est
1461 5259 1864 5332 Chrysostomi,
1895 5266 1969 5322 ita

404 5328 627 5402 vitiatus
654 5343 738 5402 Aac
779 5328 1127 5402 deformatus
1164 5339 1270 5402 est,
1315 5339 1385 5384 ιιι-
1413 5328 1718 5402 congruum
1746 5349 1968 5390 sensum

405 5411 514 5454 non
538 5399 744 5452 reddat.
779 5397 857 5452 En
897 5399 1179 5468 integram
1209 5395 1582 5468 Chrysostomi
1632 5413 1973 5458 commenta-

406 5470 615 5548 tionem
651 5467 704 5548 i‘n
743 5483 807 5548 ea
859 5467 1093 5548 verba}.
1137 5467 1202 5548 E_t
1260 5467 1608 5548 loguehantur
1657 5470 1871 5542 linguis,
1921 5485 1971 5530 et

405 5536 848 5613 proplt_etaban__t_:_
881 5537 1002 5613 Ἀπ’
1033 5539 1200 5613 αύτοῦ
1230 5536 1337 5613 ,τοῦ
1403 5536 1785 5613 Δβοιπνιίσματός
1835 5536 1971 5613 προ-

409 5604 721 5685 φητεύουσι.
747 5607 915 5685 Τοῦτο
947 5605 1094 5685 δὲ-τὸ
1126 5607 1372 5685 Ἰωάννου
1398 5604 1803 5685 βάπτισμαούκ
1825 5604 1970 5685 εἶχε,

401 5672 487 5726 διδ
521 5673 615 5724 καὶ
664 5675 846 5739 ἀτελὲς
885 5672 974 5746 ἦν.
1003 5677 1120 5731 ’Ἰνα
1148 5677 1202 5730 δὲ
1225 5677 1334 5733 τῶν
1383 5672 1640 5736 τοούτων
1676 5672 1970 5753 ἀξιωθῶσι,

2072 5285 2566 5343 προπαρεσκευασε
2586 5271 2786 5343 μᾶλλον
2813 5269 3000 5343 αὐτοῦ.
3023 5270 3189 5323 Ὥστε
3219 5270 3376 5343 τοῦτο
3397 5271 3647 5326 ἐϐούλετο

2082 5339 2335 5412 Ἰωάννης
2376 5339 2676 5412 βαπτίζων,
2701 5411 2705 5412 ν
2731 5339 3018 5412 πιστεῦσαι
3080 5343 3189 5412 εἰςΔ
3223 5341 3314 5393 τὸν
3352 5345 3646 5411 ἐρχόμενον

2093 5408 2394 5480 μετάὐτόνζ
2427 5411 2506 5464 Ab
2539 5413 2650 5477 ipso
2691 5411 3002 5480 baptismate
3035 5408 3516 5480 ριόριιειαηιζηοε
3545 5429 3646 5464 an-

2073 5479 2174 5550 tem
2203 5479 2431 5534 Joannis
2480 5481 2742 5550 baptisma
2776 5496 2877 5550 non
2913 5479 3136 5550 habebat
3162 5497 3180 5543 ;
3207 5479 3423 5550 ideoque
3449 5482 3644 5548 imper-

2071 5549 2264 5618 fectum
2295 5559 2437 5620 erat.
2465 5549 2532 5604 Ut
2571 5567 2729 5619 porro
2777 5549 2854 5620 his
2885 5549 3038 5620 {ligni
3073 5552 3411 5615 haberentur,
3435 5566 3645 5620 μητρα-

2073 5617 2208 5672 ravit
2236 5620 2377 5674 illos.
2412 5617 2599 5689 Itaque
2640 5623 2736 5674 hoc
2767 5617 2967 5673 volebat
3005 5617 3262 5682 Joannes,
3315 5636 3435 5673 cum
3467 5617 3645 5690 bapti-

2071 5691 2250 5757 zabat,
2279 5701 2334 5745 ut
2366 5691 2631 5745 crederent
2661 5693 2713 5745 in
2748 5699 3018 5743 venturum
3043 5700 3160 5759 post
3189 5693 3381 5759 ipsum.
