  <div class='ocr_page' id='page_1' title='image "/cluster/home/n/w/nwhite01/storage/ocr_20150623/125/hvd.32044073502429/554.png"; bbox 0 0 4058 6210; ppageno 0'>
   <div class='ocr_carea' id='block_1_1' title="bbox 496 283 626 346">
    <p class='ocr_par' dir='ltr' id='par_1_1' title="bbox 496 283 626 346">
     <span class='ocr_line' id='line_1_1' title="bbox 496 283 626 346; baseline 0.008 -1"><span class='ocrx_word' id='word_1_1' title='bbox 496 283 626 346; x_wconf 85' lang='grc'>1009</span> 
     </span>
    </p>
   </div>
   <div class='ocr_carea' id='block_1_2' title="bbox 1110 291 3107 378">
    <p class='ocr_par' dir='ltr' id='par_1_2' title="bbox 1110 291 3107 378">
     <span class='ocr_line' id='line_1_2' title="bbox 1110 291 3107 378; baseline 0.014 -28"><span class='ocrx_word' id='word_1_2' title='bbox 1110 291 1642 360; x_wconf 77' lang='lat' dir='ltr'><strong>EXPOSITIONIS</strong></span> <span class='ocrx_word' id='word_1_3' title='bbox 1666 299 1746 360; x_wconf 76' lang='lat' dir='ltr'><strong>IN</strong></span> <span class='ocrx_word' id='word_1_4' title='bbox 1785 300 1973 362; x_wconf 77' lang='lat' dir='ltr'><strong>ACTA</strong></span> <span class='ocrx_word' id='word_1_5' title='bbox 2000 303 2301 369; x_wconf 76' lang='lat' dir='ltr'><strong>TEXTUS</strong></span> <span class='ocrx_word' id='word_1_6' title='bbox 2339 310 2608 372; x_wconf 78' lang='lat' dir='ltr'><strong>ALTER.</strong></span> <span class='ocrx_word' id='word_1_7' title='bbox 2654 339 2716 351; x_wconf 78' lang='lat'><strong>-</strong></span> <span class='ocrx_word' id='word_1_8' title='bbox 2751 316 2910 378; x_wconf 78' lang='lat' dir='ltr'><strong>CAP.</strong></span> <span class='ocrx_word' id='word_1_9' title='bbox 2947 319 3107 378; x_wconf 83' lang='lat' dir='ltr'><strong>XIX.</strong></span> 
     </span>
    </p>
   </div>
   <div class='ocr_carea' id='block_1_3' title="bbox 3590 324 3727 394">
    <p class='ocr_par' dir='ltr' id='par_1_3' title="bbox 3590 324 3727 394">
     <span class='ocr_line' id='line_1_3' title="bbox 3590 324 3727 394; baseline 0.058 -8"><span class='ocrx_word' id='word_1_10' title='bbox 3590 324 3727 394; x_wconf 88' lang='grc'>1010</span> 
     </span>
    </p>
   </div>
   <div class='ocr_carea' id='block_1_4' title="bbox 465 394 2043 496">
    <p class='ocr_par' dir='ltr' id='par_1_4' title="bbox 465 394 2043 472">
     <span class='ocr_line' id='line_1_4' title="bbox 465 394 2043 472; baseline 0.011 -26"><span class='ocrx_word' id='word_1_11' title='bbox 465 395 636 460; x_wconf 40' lang='grc' dir='ltr'>,οῐκου</span> <span class='ocrx_word' id='word_1_12' title='bbox 663 394 896 450; x_wconf 76' lang='grc' dir='ltr'>ἐκείνου.</span> <span class='ocrx_word' id='word_1_13' title='bbox 925 397 1095 452; x_wconf 87' lang='grc' dir='ltr'>Τοῦτο</span> <span class='ocrx_word' id='word_1_14' title='bbox 1121 400 1177 454; x_wconf 87' lang='grc' dir='ltr'><strong>δέ</strong></span> <span class='ocrx_word' id='word_1_15' title='bbox 1216 413 1454 469; x_wconf 68' lang='grc' dir='ltr'>γνωστὸν</span> <span class='ocrx_word' id='word_1_16' title='bbox 1476 405 1692 472; x_wconf 88' lang='grc' dir='ltr'>ἐγένετο</span> <span class='ocrx_word' id='word_1_17' title='bbox 1719 410 1883 462; x_wconf 84' lang='grc' dir='ltr'>πᾶσιν</span> <span class='ocrx_word' id='word_1_18' title='bbox 1913 410 2043 463; x_wconf 85' lang='grc' dir='ltr'><strong>Ἰου-</strong></span> 
     </span>
    </p>
   </div>
   <div class='ocr_carea' id='block_1_5' title="bbox 2147 394 3717 496">
    <p class='ocr_par' dir='ltr' id='par_1_5' title="bbox 2152 416 3717 496">
     <span class='ocr_line' id='line_1_5' title="bbox 2152 416 3717 496; baseline 0.013 -26"><span class='ocrx_word' id='word_1_19' title='bbox 2152 416 2232 470; x_wconf 92' lang='lat' dir='ltr'><strong>dit</strong></span> <span class='ocrx_word' id='word_1_20' title='bbox 2265 417 2428 471; x_wconf 90' lang='lat' dir='ltr'><strong>timor</strong></span> <span class='ocrx_word' id='word_1_21' title='bbox 2455 435 2619 488; x_wconf 83' lang='lat' dir='ltr'><strong>super</strong></span> <span class='ocrx_word' id='word_1_22' title='bbox 2642 435 2832 477; x_wconf 88' lang='lat' dir='ltr'><strong>omnes</strong></span> <span class='ocrx_word' id='word_1_23' title='bbox 2871 422 3014 486; x_wconf 89' lang='lat' dir='ltr'><strong>illos,</strong></span> <span class='ocrx_word' id='word_1_24' title='bbox 3047 432 3099 476; x_wconf 90' lang='lat' dir='ltr'><strong>ct</strong></span> <span class='ocrx_word' id='word_1_25' title='bbox 3124 427 3588 496; x_wconf 79' lang='lat' dir='ltr'><strong>,magniticabatur</strong></span> <span class='ocrx_word' id='word_1_26' title='bbox 3620 453 3717 490; x_wconf 85' lang='lat' dir='ltr'><strong>no-</strong></span> 
     </span>
    </p>
   </div>
   <div class='ocr_carea' id='block_1_6' title="bbox 485 481 2042 571">
    <p class='ocr_par' dir='ltr' id='par_1_6' title="bbox 485 481 2042 571">
     <span class='ocr_line' id='line_1_6' title="bbox 485 481 2042 571; baseline 0.015 -38"><span class='ocrx_word' id='word_1_27' title='bbox 485 481 652 546; x_wconf 88' lang='grc' dir='ltr'>δαίοις</span> <span class='ocrx_word' id='word_1_28' title='bbox 677 500 736 537; x_wconf 88' lang='grc' dir='ltr'><strong>τε</strong></span> <span class='ocrx_word' id='word_1_29' title='bbox 769 487 864 540; x_wconf 85' lang='grc' dir='ltr'><strong>καὶ</strong></span> <span class='ocrx_word' id='word_1_30' title='bbox 897 487 1122 560; x_wconf 87' lang='grc' dir='ltr'>Ἕλλησι</span> <span class='ocrx_word' id='word_1_31' title='bbox 1155 499 1267 556; x_wconf 87' lang='grc' dir='ltr'>τοῖς</span> <span class='ocrx_word' id='word_1_32' title='bbox 1297 498 1607 552; x_wconf 86' lang='grc' dir='ltr'>κατοικοῦσι</span> <span class='ocrx_word' id='word_1_33' title='bbox 1644 500 1745 571; x_wconf 80' lang='grc' dir='ltr'>τὴν</span> <span class='ocrx_word' id='word_1_34' title='bbox 1773 502 2008 569; x_wconf 81' lang='grc' dir='ltr'>Ἔφεσον</span> <span class='ocrx_word' id='word_1_35' title='bbox 2029 519 2042 533; x_wconf 87' lang='grc'><strong>·</strong></span> 
     </span>
    </p>
   </div>
   <div class='ocr_carea' id='block_1_7' title="bbox 479 578 2046 662">
    <p class='ocr_par' dir='ltr' id='par_1_7' title="bbox 479 578 2046 662">
     <span class='ocr_line' id='line_1_7' title="bbox 479 578 2046 662; baseline 0.01 -32"><span class='ocrx_word' id='word_1_36' title='bbox 479 578 572 630; x_wconf 80' lang='grc' dir='ltr'>καὶ</span> <span class='ocrx_word' id='word_1_37' title='bbox 599 579 835 632; x_wconf 81' lang='grc' dir='ltr'>ἐπέπεσε</span> <span class='ocrx_word' id='word_1_38' title='bbox 869 581 1032 649; x_wconf 77' lang='grc' dir='ltr'>φόϐος</span> <span class='ocrx_word' id='word_1_39' title='bbox 1066 585 1161 636; x_wconf 82' lang='grc' dir='ltr'>ἐπὶ</span> <span class='ocrx_word' id='word_1_40' title='bbox 1205 587 1416 652; x_wconf 81' lang='grc' dir='ltr'><strong>πάντας</strong></span> <span class='ocrx_word' id='word_1_41' title='bbox 1454 589 1675 653; x_wconf 81' lang='grc' dir='ltr'>αὐτοὺς,</span> <span class='ocrx_word' id='word_1_42' title='bbox 1707 593 1801 645; x_wconf 74' lang='grc' dir='ltr'><strong>καὶ</strong></span> <span class='ocrx_word' id='word_1_43' title='bbox 1839 593 2046 662; x_wconf 82' lang='grc' dir='ltr'>ἐμεγα-</span> 
     </span>
    </p>
   </div>
   <div class='ocr_carea' id='block_1_8' title="bbox 478 667 2046 750">
    <p class='ocr_par' dir='ltr' id='par_1_8' title="bbox 478 667 2046 750">
     <span class='ocr_line' id='line_1_8' title="bbox 478 667 2046 750; baseline 0.011 -30"><span class='ocrx_word' id='word_1_44' title='bbox 478 667 667 724; x_wconf 86' lang='grc' dir='ltr'>λύνετο</span> <span class='ocrx_word' id='word_1_45' title='bbox 693 672 753 724; x_wconf 77' lang='grc' dir='ltr'>τὸ</span> <span class='ocrx_word' id='word_1_46' title='bbox 781 672 952 744; x_wconf 77' lang='grc' dir='ltr'>ὄνομα</span> <span class='ocrx_word' id='word_1_47' title='bbox 985 675 1078 730; x_wconf 92' lang='grc' dir='ltr'><strong>τοῦ</strong></span> <span class='ocrx_word' id='word_1_48' title='bbox 1115 678 1320 750; x_wconf 80' lang='grc' dir='ltr'>Κυρίου</span> <span class='ocrx_word' id='word_1_49' title='bbox 1363 680 1560 750; x_wconf 82' lang='grc' dir='ltr'><strong>Ἰησοῦ.</strong></span> <span class='ocrx_word' id='word_1_50' title='bbox 1604 682 1795 736; x_wconf 86' lang='grc' dir='ltr'>Πολλοί</span> <span class='ocrx_word' id='word_1_51' title='bbox 1832 701 1892 735; x_wconf 85' lang='grc' dir='ltr'><strong>τε</strong></span> <span class='ocrx_word' id='word_1_52' title='bbox 1935 684 2046 737; x_wconf 83' lang='grc' dir='ltr'><strong>τῶν</strong></span> 
     </span>
    </p>
   </div>
   <div class='ocr_carea' id='block_1_9' title="bbox 474 765 2041 843">
    <p class='ocr_par' dir='ltr' id='par_1_9' title="bbox 474 765 2041 843">
     <span class='ocr_line' id='line_1_9' title="bbox 474 765 2041 843; baseline 0.01 -30"><span class='ocrx_word' id='word_1_53' title='bbox 474 765 918 820; x_wconf 79' lang='grc' dir='ltr'><strong>πεπιστευκότων</strong></span> <span class='ocrx_word' id='word_1_54' title='bbox 949 768 1201 838; x_wconf 62' lang='grc' dir='ltr'><strong>1ἤρχοντο,</strong></span> <span class='ocrx_word' id='word_1_55' title='bbox 1244 770 1725 843; x_wconf 80' lang='grc' dir='ltr'><strong>ἐξομολογούμενοι</strong></span> <span class='ocrx_word' id='word_1_56' title='bbox 1751 776 1844 828; x_wconf 82' lang='grc' dir='ltr'>καὶ</span> <span class='ocrx_word' id='word_1_57' title='bbox 1871 777 2041 843; x_wconf 83' lang='grc' dir='ltr'>ἀναγ-</span> 
     </span>
    </p>
   </div>
   <div class='ocr_carea' id='block_1_10' title="bbox 474 853 2046 927">
    <p class='ocr_par' dir='ltr' id='par_1_10' title="bbox 474 853 2046 927">
     <span class='ocr_line' id='line_1_10' title="bbox 474 853 2046 927; baseline 0.01 -24"><span class='ocrx_word' id='word_1_58' title='bbox 474 853 755 920; x_wconf 80' lang='grc' dir='ltr'>γέλλοντες</span> <span class='ocrx_word' id='word_1_59' title='bbox 783 862 884 921; x_wconf 87' lang='grc' dir='ltr'><strong>τάς</strong></span> <span class='ocrx_word' id='word_1_60' title='bbox 937 859 1166 927; x_wconf 77' lang='grc' dir='ltr'>πράξεις</span> <span class='ocrx_word' id='word_1_61' title='bbox 1210 862 1412 918; x_wconf 78' lang='grc' dir='ltr'>αὐτῶν.</span> <span class='ocrx_word' id='word_1_62' title='bbox 1459 863 1664 919; x_wconf 77' lang='grc' dir='ltr'>Ἱκανοὶ</span> <span class='ocrx_word' id='word_1_63' title='bbox 1710 866 1768 918; x_wconf 83' lang='grc' dir='ltr'><strong>δέ</strong></span> <span class='ocrx_word' id='word_1_64' title='bbox 1813 864 1923 920; x_wconf 86' lang='grc' dir='ltr'><strong>τῶν</strong></span> <span class='ocrx_word' id='word_1_65' title='bbox 1977 866 2046 919; x_wconf 76' lang='grc' dir='ltr'><strong>τά</strong></span> 
     </span>
    </p>
   </div>
   <div class='ocr_carea' id='block_1_11' title="bbox 481 947 2044 1026">
    <p class='ocr_par' dir='ltr' id='par_1_11' title="bbox 481 947 2044 1026">
     <span class='ocr_line' id='line_1_11' title="bbox 481 947 2044 1026; baseline 0.016 -30"><span class='ocrx_word' id='word_1_66' title='bbox 481 947 751 1015; x_wconf 84' lang='grc' dir='ltr'>περίεργα</span> <span class='ocrx_word' id='word_1_67' title='bbox 795 949 1137 1019; x_wconf 82' lang='grc' dir='ltr'><strong>πραξάντων,</strong></span> <span class='ocrx_word' id='word_1_68' title='bbox 1185 954 1608 1021; x_wconf 80' lang='grc' dir='ltr'>συνενέγκαντες</span> <span class='ocrx_word' id='word_1_69' title='bbox 1658 958 1757 1020; x_wconf 81' lang='grc' dir='ltr'><strong>τάς</strong></span> <span class='ocrx_word' id='word_1_70' title='bbox 1808 957 2044 1026; x_wconf 73' lang='grc' dir='ltr'>βίϐλους,</span> 
     </span>
    </p>
   </div>
   <div class='ocr_carea' id='block_1_12' title="bbox 480 1036 2046 1118">
    <p class='ocr_par' dir='ltr' id='par_1_12' title="bbox 480 1036 2046 1118">
     <span class='ocr_line' id='line_1_12' title="bbox 480 1036 2046 1118; baseline 0.011 -30"><span class='ocrx_word' id='word_1_71' title='bbox 480 1036 768 1090; x_wconf 83' lang='grc' dir='ltr'><strong>κατέκαιον</strong></span> <span class='ocrx_word' id='word_1_72' title='bbox 801 1037 1106 1110; x_wconf 74' lang='grc' dir='ltr'>ἔμπροσθεν</span> <span class='ocrx_word' id='word_1_73' title='bbox 1145 1044 1361 1097; x_wconf 85' lang='grc' dir='ltr'>πάντων</span> <span class='ocrx_word' id='word_1_74' title='bbox 1383 1061 1395 1074; x_wconf 87' lang='lat'><strong><em>°</em></strong></span> <span class='ocrx_word' id='word_1_75' title='bbox 1415 1047 1506 1100; x_wconf 69' lang='grc' dir='ltr'><strong>καὶ</strong></span> <span class='ocrx_word' id='word_1_76' title='bbox 1539 1048 1911 1118; x_wconf 79' lang='grc' dir='ltr'><strong>συνεψήφισαν</strong></span> <span class='ocrx_word' id='word_1_77' title='bbox 1947 1053 2046 1117; x_wconf 71' lang='grc' dir='ltr'><strong>τὰς</strong></span> 
     </span>
    </p>
   </div>
   <div class='ocr_carea' id='block_1_13' title="bbox 478 1127 2041 1209">
    <p class='ocr_par' dir='ltr' id='par_1_13' title="bbox 478 1127 2041 1209">
     <span class='ocr_line' id='line_1_13' title="bbox 478 1127 2041 1209; baseline 0.012 -32"><span class='ocrx_word' id='word_1_78' title='bbox 478 1127 644 1194; x_wconf 69' lang='grc' dir='ltr'>τιμὰς</span> <span class='ocrx_word' id='word_1_79' title='bbox 671 1128 869 1193; x_wconf 84' lang='grc' dir='ltr'>αὐτῶν,</span> <span class='ocrx_word' id='word_1_80' title='bbox 907 1131 1001 1183; x_wconf 70' lang='grc' dir='ltr'><strong>καὶ</strong></span> <span class='ocrx_word' id='word_1_81' title='bbox 1041 1127 1197 1204; x_wconf 71' lang='grc' dir='ltr'>εὗρον</span> <span class='ocrx_word' id='word_1_82' title='bbox 1237 1136 1502 1206; x_wconf 80' lang='grc' dir='ltr'>ἀργυρίου</span> <span class='ocrx_word' id='word_1_83' title='bbox 1543 1141 1808 1209; x_wconf 80' lang='grc' dir='ltr'><strong>μυριάδας</strong></span> <span class='ocrx_word' id='word_1_84' title='bbox 1843 1143 2001 1196; x_wconf 81' lang='grc' dir='ltr'>πέντε</span> <span class='ocrx_word' id='word_1_85' title='bbox 2025 1160 2041 1175; x_wconf 79' lang='grc' dir='ltr'><strong>ο</strong></span> 
     </span>
    </p>
   </div>
   <div class='ocr_carea' id='block_1_14' title="bbox 475 1215 2043 1302">
    <p class='ocr_par' dir='ltr' id='par_1_14' title="bbox 475 1215 2043 1302">
     <span class='ocr_line' id='line_1_14' title="bbox 475 1215 2043 1302; baseline 0.012 -35"><span class='ocrx_word' id='word_1_86' title='bbox 475 1215 621 1269; x_wconf 87' lang='grc' dir='ltr'>οῦτω</span> <span class='ocrx_word' id='word_1_87' title='bbox 667 1220 1009 1289; x_wconf 85' lang='grc' dir='ltr'>κατακράτος</span> <span class='ocrx_word' id='word_1_88' title='bbox 1047 1223 1075 1274; x_wconf 99' lang='lat'><strong>6</strong></span> <span class='ocrx_word' id='word_1_89' title='bbox 1119 1223 1277 1291; x_wconf 80' lang='grc' dir='ltr'>λόγος</span> <span class='ocrx_word' id='word_1_90' title='bbox 1309 1226 1403 1279; x_wconf 88' lang='grc' dir='ltr'><strong>τοῦ</strong></span> <span class='ocrx_word' id='word_1_91' title='bbox 1445 1229 1654 1299; x_wconf 79' lang='grc' dir='ltr'>Κυρίου</span> <span class='ocrx_word' id='word_1_92' title='bbox 1703 1229 1905 1302; x_wconf 75' lang='grc' dir='ltr'>ηὔξανε</span> <span class='ocrx_word' id='word_1_93' title='bbox 1946 1233 2043 1287; x_wconf 78' lang='grc' dir='ltr'>καὶ</span> 
     </span>
    </p>
   </div>
   <div class='ocr_carea' id='block_1_15' title="bbox 477 1304 2041 1386">
    <p class='ocr_par' dir='ltr' id='par_1_15' title="bbox 477 1304 2041 1386">
     <span class='ocr_line' id='line_1_15' title="bbox 477 1304 2041 1386; baseline 0.014 -30"><span class='ocrx_word' id='word_1_94' title='bbox 477 1304 676 1374; x_wconf 72' lang='grc' dir='ltr'>ἴσχυεν.</span> <span class='ocrx_word' id='word_1_95' title='bbox 722 1309 809 1374; x_wconf 88' lang='grc' dir='ltr'>Ὠς</span> <span class='ocrx_word' id='word_1_96' title='bbox 841 1312 897 1365; x_wconf 79' lang='grc' dir='ltr'>δὲ</span> <span class='ocrx_word' id='word_1_97' title='bbox 923 1313 1215 1386; x_wconf 76' lang='grc' dir='ltr'><strong>ἐπληρώθη</strong></span> <span class='ocrx_word' id='word_1_98' title='bbox 1253 1319 1446 1384; x_wconf 89' lang='grc' dir='ltr'>ταῦτα,</span> <span class='ocrx_word' id='word_1_99' title='bbox 1493 1319 1647 1374; x_wconf 76' lang='grc' dir='ltr'>ἔθετο</span> <span class='ocrx_word' id='word_1_100' title='bbox 1671 1323 1698 1374; x_wconf 92' lang='lat'><strong>6</strong></span> <span class='ocrx_word' id='word_1_101' title='bbox 1739 1323 1950 1386; x_wconf 83' lang='grc' dir='ltr'>Παῦλος</span> <span class='ocrx_word' id='word_1_102' title='bbox 1983 1326 2041 1378; x_wconf 88' lang='grc' dir='ltr'><strong>ἐν</strong></span> 
     </span>
    </p>
   </div>
   <div class='ocr_carea' id='block_1_16' title="bbox 472 1390 2037 1484">
    <p class='ocr_par' dir='ltr' id='par_1_16' title="bbox 472 1390 2037 1484">
     <span class='ocr_line' id='line_1_16' title="bbox 472 1390 2037 1484; baseline 0.015 -38"><span class='ocrx_word' id='word_1_103' title='bbox 472 1395 550 1466; x_wconf 82' lang='grc' dir='ltr'>τῷ</span> <span class='ocrx_word' id='word_1_104' title='bbox 577 1390 873 1468; x_wconf 64' lang='grc' dir='ltr'>Πνεύματι,</span> <span class='ocrx_word' id='word_1_105' title='bbox 911 1402 1135 1457; x_wconf 86' lang='grc' dir='ltr'>διελθὼν</span> <span class='ocrx_word' id='word_1_106' title='bbox 1161 1405 1260 1476; x_wconf 79' lang='grc' dir='ltr'>τὴν</span> <span class='ocrx_word' id='word_1_107' title='bbox 1298 1408 1637 1466; x_wconf 83' lang='grc' dir='ltr'><strong>Μακεδονίαν</strong></span> <span class='ocrx_word' id='word_1_108' title='bbox 1667 1413 1760 1466; x_wconf 74' lang='grc' dir='ltr'>καὶ</span> <span class='ocrx_word' id='word_1_109' title='bbox 1788 1412 2037 1484; x_wconf 70' lang='grc' dir='ltr'>Ἀχαΐαν,</span> 
     </span>
    </p>
   </div>
   <div class='ocr_carea' id='block_1_17' title="bbox 473 1491 2039 1569">
    <p class='ocr_par' dir='ltr' id='par_1_17' title="bbox 473 1491 2039 1569">
     <span class='ocr_line' id='line_1_17' title="bbox 473 1491 2039 1569; baseline 0.013 -29"><span class='ocrx_word' id='word_1_110' title='bbox 473 1491 805 1559; x_wconf 87' lang='grc' dir='ltr'>πορεύεσθαι</span> <span class='ocrx_word' id='word_1_111' title='bbox 854 1496 934 1557; x_wconf 88' lang='grc' dir='ltr'><strong>είς</strong></span> <span class='ocrx_word' id='word_1_112' title='bbox 997 1495 1369 1569; x_wconf 86' lang='grc' dir='ltr'>Ἰεροσόλυμα,</span> <span class='ocrx_word' id='word_1_113' title='bbox 1421 1501 1614 1568; x_wconf 83' lang='grc' dir='ltr'>είπὼν,</span> <span class='ocrx_word' id='word_1_114' title='bbox 1656 1503 1762 1569; x_wconf 86' lang='grc' dir='ltr'>ὅτι,</span> <span class='ocrx_word' id='word_1_115' title='bbox 1793 1506 1946 1558; x_wconf 84' lang='grc' dir='ltr'>Μετὰ</span> <span class='ocrx_word' id='word_1_116' title='bbox 1979 1506 2039 1559; x_wconf 81' lang='grc' dir='ltr'>τὸ</span> 
     </span>
    </p>
   </div>
   <div class='ocr_carea' id='block_1_18' title="bbox 472 1581 2042 1662">
    <p class='ocr_par' dir='ltr' id='par_1_18' title="bbox 472 1581 2042 1662">
     <span class='ocr_line' id='line_1_18' title="bbox 472 1581 2042 1662; baseline 0.011 -31"><span class='ocrx_word' id='word_1_117' title='bbox 472 1581 726 1648; x_wconf 88' lang='grc' dir='ltr'>γενέσθαι</span> <span class='ocrx_word' id='word_1_118' title='bbox 758 1602 825 1654; x_wconf 90' lang='grc' dir='ltr'><strong>με</strong></span> <span class='ocrx_word' id='word_1_119' title='bbox 854 1587 990 1652; x_wconf 87' lang='grc' dir='ltr'>ἐκεῖ,</span> <span class='ocrx_word' id='word_1_120' title='bbox 1015 1587 1096 1640; x_wconf 87' lang='grc' dir='ltr'><strong>δεῖ</strong></span> <span class='ocrx_word' id='word_1_121' title='bbox 1127 1605 1194 1657; x_wconf 87' lang='grc' dir='ltr'><strong>με</strong></span> <span class='ocrx_word' id='word_1_122' title='bbox 1225 1591 1318 1643; x_wconf 75' lang='grc' dir='ltr'><strong>καὶ</strong></span> <span class='ocrx_word' id='word_1_123' title='bbox 1347 1590 1567 1662; x_wconf 87' lang='grc' dir='ltr'><strong>Ῥώμην</strong></span> <span class='ocrx_word' id='word_1_124' title='bbox 1593 1594 1745 1648; x_wconf 83' lang='grc' dir='ltr'>ἰδεῖν.</span> <span class='ocrx_word' id='word_1_125' title='bbox 1766 1597 2042 1649; x_wconf 76' lang='grc' dir='ltr'>’Δποστεί-</span> 
     </span>
    </p>
   </div>
   <div class='ocr_carea' id='block_1_19' title="bbox 2158 507 3712 584">
    <p class='ocr_par' dir='ltr' id='par_1_19' title="bbox 2158 507 3712 584">
     <span class='ocr_line' id='line_1_19' title="bbox 2158 507 3712 584; baseline 0.016 -27"><span class='ocrx_word' id='word_1_126' title='bbox 2158 519 2278 559; x_wconf 91' lang='lat' dir='ltr'><strong>men</strong></span> <span class='ocrx_word' id='word_1_127' title='bbox 2313 507 2479 579; x_wconf 77' lang='lat'><strong>286</strong></span> <span class='ocrx_word' id='word_1_128' title='bbox 2518 507 2731 564; x_wconf 86' lang='lat' dir='ltr'><strong>Domini</strong></span> <span class='ocrx_word' id='word_1_129' title='bbox 2773 511 2920 568; x_wconf 86' lang='lat' dir='ltr'><strong>Jesu.</strong></span> <span class='ocrx_word' id='word_1_130' title='bbox 2959 512 3220 584; x_wconf 84' lang='lat' dir='ltr'><strong>Multique</strong></span> <span class='ocrx_word' id='word_1_131' title='bbox 3259 519 3596 579; x_wconf 87' lang='lat' dir='ltr'><strong>credentium</strong></span> <span class='ocrx_word' id='word_1_132' title='bbox 3633 545 3712 582; x_wconf 82' lang='lat' dir='ltr'><strong>ve-</strong></span> 
     </span>
    </p>
   </div>
   <div class='ocr_carea' id='block_1_20' title="bbox 2155 595 3716 674">
    <p class='ocr_par' dir='ltr' id='par_1_20' title="bbox 2155 595 3716 674">
     <span class='ocr_line' id='line_1_20' title="bbox 2155 595 3716 674; baseline 0.017 -26"><span class='ocrx_word' id='word_1_133' title='bbox 2155 595 2380 650; x_wconf 81' lang='lat' dir='ltr'><strong>niebant</strong></span> <span class='ocrx_word' id='word_1_134' title='bbox 2431 601 2758 656; x_wconf 87' lang='lat' dir='ltr'><strong>conﬁtentes</strong></span> <span class='ocrx_word' id='word_1_135' title='bbox 2806 613 2862 658; x_wconf 88' lang='lat' dir='ltr'><strong>et</strong></span> <span class='ocrx_word' id='word_1_136' title='bbox 2915 605 3305 662; x_wconf 88' lang='lat' dir='ltr'><strong>annuntiantes</strong></span> <span class='ocrx_word' id='word_1_137' title='bbox 3358 622 3512 668; x_wconf 87' lang='lat' dir='ltr'><strong>actus</strong></span> <span class='ocrx_word' id='word_1_138' title='bbox 3565 632 3716 674; x_wconf 92' lang='lat' dir='ltr'><strong>suos.</strong></span> 
     </span>
    </p>
   </div>
   <div class='ocr_carea' id='block_1_21' title="bbox 2154 687 3715 774">
    <p class='ocr_par' dir='ltr' id='par_1_21' title="bbox 2154 687 3715 774">
     <span class='ocr_line' id='line_1_21' title="bbox 2154 687 3715 774; baseline 0.017 -35"><span class='ocrx_word' id='word_1_139' title='bbox 2154 687 2305 742; x_wconf 85' lang='lat' dir='ltr'><strong>Multi</strong></span> <span class='ocrx_word' id='word_1_140' title='bbox 2356 702 2534 745; x_wconf 86' lang='lat' dir='ltr'><strong>autem</strong></span> <span class='ocrx_word' id='word_1_141' title='bbox 2586 709 2649 748; x_wconf 81' lang='lat' dir='ltr'><strong>ex</strong></span> <span class='ocrx_word' id='word_1_142' title='bbox 2696 695 2798 759; x_wconf 90' lang='lat' dir='ltr'><strong>eis,</strong></span> <span class='ocrx_word' id='word_1_143' title='bbox 2832 696 2924 765; x_wconf 90' lang='lat' dir='ltr'><strong>qui</strong></span> <span class='ocrx_word' id='word_1_144' title='bbox 2975 697 3191 752; x_wconf 77' lang='lat' dir='ltr'><strong>fuerant</strong></span> <span class='ocrx_word' id='word_1_145' title='bbox 3229 702 3446 759; x_wconf 85' lang='lat' dir='ltr'><strong>curiosa</strong></span> <span class='ocrx_word' id='word_1_146' title='bbox 3500 712 3715 774; x_wconf 87' lang='lat' dir='ltr'><strong>sectati,</strong></span> 
     </span>
    </p>
   </div>
   <div class='ocr_carea' id='block_1_22' title="bbox 2152 781 3718 854">
    <p class='ocr_par' dir='ltr' id='par_1_22' title="bbox 2152 781 3718 854">
     <span class='ocr_line' id='line_1_22' title="bbox 2152 781 3718 854; baseline 0.015 -22"><span class='ocrx_word' id='word_1_147' title='bbox 2152 781 2500 836; x_wconf 85' lang='lat' dir='ltr'><strong>contulerunt</strong></span> <span class='ocrx_word' id='word_1_148' title='bbox 2550 785 2718 840; x_wconf 81' lang='lat' dir='ltr'><strong>libros</strong></span> <span class='ocrx_word' id='word_1_149' title='bbox 2764 797 2818 841; x_wconf 88' lang='lat' dir='ltr'><strong>et</strong></span> <span class='ocrx_word' id='word_1_150' title='bbox 2859 789 3282 847; x_wconf 87' lang='lat' dir='ltr'><strong>combusserunt</strong></span> <span class='ocrx_word' id='word_1_151' title='bbox 3321 808 3503 850; x_wconf 90' lang='lat' dir='ltr'><strong>coram</strong></span> <span class='ocrx_word' id='word_1_152' title='bbox 3536 801 3718 854; x_wconf 87' lang='lat' dir='ltr'><strong>omni-</strong></span> 
     </span>
    </p>
   </div>
   <div class='ocr_carea' id='block_1_23' title="bbox 2151 869 3718 957">
    <p class='ocr_par' dir='ltr' id='par_1_23' title="bbox 2151 869 3718 957">
     <span class='ocr_line' id='line_1_23' title="bbox 2151 869 3718 957; baseline 0.012 -33"><span class='ocrx_word' id='word_1_153' title='bbox 2151 869 2255 926; x_wconf 88' lang='lat' dir='ltr'><strong>bus</strong></span> <span class='ocrx_word' id='word_1_154' title='bbox 2290 889 2303 924; x_wconf 90' lang='lat'>:</span> <span class='ocrx_word' id='word_1_155' title='bbox 2340 879 2395 927; x_wconf 90' lang='lat' dir='ltr'><strong>et</strong></span> <span class='ocrx_word' id='word_1_156' title='bbox 2429 876 2758 943; x_wconf 89' lang='lat' dir='ltr'><strong>computatis</strong></span> <span class='ocrx_word' id='word_1_157' title='bbox 2783 878 2970 946; x_wconf 86' lang='lat' dir='ltr'><strong>pretiis</strong></span> <span class='ocrx_word' id='word_1_158' title='bbox 2997 879 3234 947; x_wconf 90' lang='lat' dir='ltr'><strong>illorum,</strong></span> <span class='ocrx_word' id='word_1_159' title='bbox 3266 883 3593 941; x_wconf 83' lang='lat' dir='ltr'><strong>invenerunt</strong></span> <span class='ocrx_word' id='word_1_160' title='bbox 3626 904 3718 957; x_wconf 87' lang='lat' dir='ltr'><strong>pe-</strong></span> 
     </span>
    </p>
   </div>
   <div class='ocr_carea' id='block_1_24' title="bbox 2149 958 3713 1039">
    <p class='ocr_par' dir='ltr' id='par_1_24' title="bbox 2149 958 3713 1039">
     <span class='ocr_line' id='line_1_24' title="bbox 2149 958 3713 1039; baseline 0.013 -28"><span class='ocrx_word' id='word_1_161' title='bbox 2149 958 2364 1014; x_wconf 89' lang='lat' dir='ltr'><strong>cuniam</strong></span> <span class='ocrx_word' id='word_1_162' title='bbox 2406 960 2752 1019; x_wconf 84' lang='lat' dir='ltr'><strong>denariorum</strong></span> <span class='ocrx_word' id='word_1_163' title='bbox 2784 967 3173 1039; x_wconf 81' lang='lat' dir='ltr'><strong>quinquaginta</strong></span> <span class='ocrx_word' id='word_1_164' title='bbox 3207 971 3459 1027; x_wconf 86' lang='lat' dir='ltr'><strong>millium.</strong></span> <span class='ocrx_word' id='word_1_165' title='bbox 3487 974 3566 1030; x_wconf 86' lang='lat' dir='ltr'><strong>Ita</strong></span> <span class='ocrx_word' id='word_1_166' title='bbox 3597 976 3713 1032; x_wconf 78' lang='lat' dir='ltr'><strong>for-</strong></span> 
     </span>
    </p>
   </div>
   <div class='ocr_carea' id='block_1_25' title="bbox 2149 1053 3710 1126">
    <p class='ocr_par' dir='ltr' id='par_1_25' title="bbox 2149 1053 3710 1126">
     <span class='ocr_line' id='line_1_25' title="bbox 2149 1053 3710 1126; baseline 0.015 -23"><span class='ocrx_word' id='word_1_167' title='bbox 2149 1053 2276 1105; x_wconf 91' lang='lat' dir='ltr'><strong>titer</strong></span> <span class='ocrx_word' id='word_1_168' title='bbox 2307 1055 2588 1110; x_wconf 84' lang='lat' dir='ltr'><strong>crescebat</strong></span> <span class='ocrx_word' id='word_1_169' title='bbox 2624 1058 2848 1114; x_wconf 80' lang='lat' dir='ltr'><strong>verbum</strong></span> <span class='ocrx_word' id='word_1_170' title='bbox 2894 1061 2986 1116; x_wconf 86' lang='lat' dir='ltr'><strong>Dei</strong></span> <span class='ocrx_word' id='word_1_171' title='bbox 3017 1071 3070 1117; x_wconf 88' lang='lat' dir='ltr'><strong>et</strong></span> <span class='ocrx_word' id='word_1_172' title='bbox 3121 1063 3571 1122; x_wconf 89' lang='lat' dir='ltr'><strong>conﬁrmabatur.</strong></span> <span class='ocrx_word' id='word_1_173' title='bbox 3614 1068 3710 1126; x_wconf 78' lang='lat' dir='ltr'><strong>His</strong></span> 
     </span>
    </p>
   </div>
   <div class='ocr_carea' id='block_1_26' title="bbox 2147 1145 3709 1226">
    <p class='ocr_par' dir='ltr' id='par_1_26' title="bbox 2147 1145 3709 1226">
     <span class='ocr_line' id='line_1_26' title="bbox 2147 1145 3709 1226; baseline 0.013 -32"><span class='ocrx_word' id='word_1_174' title='bbox 2147 1150 2328 1196; x_wconf 89' lang='lat' dir='ltr'><strong>autem</strong></span> <span class='ocrx_word' id='word_1_175' title='bbox 2360 1145 2612 1215; x_wconf 80' lang='lat' dir='ltr'><strong>expletis,</strong></span> <span class='ocrx_word' id='word_1_176' title='bbox 2647 1151 2932 1218; x_wconf 89' lang='lat' dir='ltr'><strong>proposuit</strong></span> <span class='ocrx_word' id='word_1_177' title='bbox 2962 1152 3165 1208; x_wconf 85' lang='lat' dir='ltr'><strong>Paulus</strong></span> <span class='ocrx_word' id='word_1_178' title='bbox 3194 1154 3247 1207; x_wconf 92' lang='lat' dir='ltr'><strong>in</strong></span> <span class='ocrx_word' id='word_1_179' title='bbox 3282 1155 3512 1226; x_wconf 83' lang='lat' dir='ltr'><strong>Spiritu,</strong></span> <span class='ocrx_word' id='word_1_180' title='bbox 3560 1168 3709 1214; x_wconf 77' lang='lat' dir='ltr'><strong>tran-</strong></span> 
     </span>
    </p>
   </div>
   <div class='ocr_carea' id='block_1_27' title="bbox 2145 1232 3710 1316">
    <p class='ocr_par' dir='ltr' id='par_1_27' title="bbox 2145 1232 3710 1316">
     <span class='ocr_line' id='line_1_27' title="bbox 2145 1232 3710 1316; baseline 0.012 -29"><span class='ocrx_word' id='word_1_181' title='bbox 2145 1233 2250 1287; x_wconf 83' lang='lat' dir='ltr'><strong>sita</strong></span> <span class='ocrx_word' id='word_1_182' title='bbox 2281 1232 2593 1291; x_wconf 81' lang='lat' dir='ltr'><strong>Macedonia</strong></span> <span class='ocrx_word' id='word_1_183' title='bbox 2616 1247 2670 1293; x_wconf 92' lang='lat' dir='ltr'><strong>et</strong></span> <span class='ocrx_word' id='word_1_184' title='bbox 2687 1240 3006 1307; x_wconf 77' lang='lat' dir='ltr'><strong>Acbaia,ire</strong></span> <span class='ocrx_word' id='word_1_185' title='bbox 3035 1243 3425 1316; x_wconf 84' lang='lat' dir='ltr'><strong>Jerosolymam</strong></span> <span class='ocrx_word' id='word_1_186' title='bbox 3450 1289 3464 1314; x_wconf 87' lang='lat'><strong>,</strong></span> <span class='ocrx_word' id='word_1_187' title='bbox 3484 1249 3671 1305; x_wconf 90' lang='lat' dir='ltr'><strong>dicens</strong></span> <span class='ocrx_word' id='word_1_188' title='bbox 3695 1268 3710 1305; x_wconf 88' lang='lat'><strong>:</strong></span> 
     </span>
    </p>
   </div>
   <div class='ocr_carea' id='block_1_28' title="bbox 2146 1325 3713 1404">
    <p class='ocr_par' dir='ltr' id='par_1_28' title="bbox 2146 1325 3713 1404">
     <span class='ocr_line' id='line_1_28' title="bbox 2146 1325 3713 1404; baseline 0.013 -30"><span class='ocrx_word' id='word_1_189' title='bbox 2146 1325 2403 1391; x_wconf 89' lang='lat' dir='ltr'><strong>quoniam</strong></span> <span class='ocrx_word' id='word_1_190' title='bbox 2450 1328 2748 1398; x_wconf 82' lang='lat' dir='ltr'><strong>Postquam</strong></span> <span class='ocrx_word' id='word_1_191' title='bbox 2790 1331 2943 1386; x_wconf 80' lang='lat' dir='ltr'><strong>fuero</strong></span> <span class='ocrx_word' id='word_1_192' title='bbox 2980 1333 3074 1398; x_wconf 89' lang='lat' dir='ltr'><strong>ibi,</strong></span> <span class='ocrx_word' id='word_1_193' title='bbox 3132 1345 3346 1404; x_wconf 85' lang='lat' dir='ltr'><strong>oportet</strong></span> <span class='ocrx_word' id='word_1_194' title='bbox 3395 1353 3480 1392; x_wconf 90' lang='lat' dir='ltr'><strong>me</strong></span> <span class='ocrx_word' id='word_1_195' title='bbox 3513 1348 3568 1394; x_wconf 91' lang='lat' dir='ltr'><strong>et</strong></span> <span class='ocrx_word' id='word_1_196' title='bbox 3600 1339 3713 1394; x_wconf 83' lang='lat' dir='ltr'><strong>Ro-</strong></span> 
     </span>
    </p>
   </div>
   <div class='ocr_carea' id='block_1_29' title="bbox 2146 1413 3713 1481">
    <p class='ocr_par' dir='ltr' id='par_1_29' title="bbox 2146 1413 3713 1481">
     <span class='ocr_line' id='line_1_29' title="bbox 2146 1413 3713 1481; baseline 0.01 -16"><span class='ocrx_word' id='word_1_197' title='bbox 2146 1426 2288 1465; x_wconf 89' lang='lat' dir='ltr'><strong>mam</strong></span> <span class='ocrx_word' id='word_1_198' title='bbox 2339 1413 2544 1469; x_wconf 85' lang='lat' dir='ltr'><strong>videre.</strong></span> <span class='ocrx_word' id='word_1_199' title='bbox 2588 1415 2806 1472; x_wconf 83' lang='lat' dir='ltr'><strong>Mittens</strong></span> <span class='ocrx_word' id='word_1_200' title='bbox 2847 1428 3027 1473; x_wconf 85' lang='lat' dir='ltr'><strong>autem</strong></span> <span class='ocrx_word' id='word_1_201' title='bbox 3075 1421 3128 1475; x_wconf 93' lang='lat' dir='ltr'><strong>in</strong></span> <span class='ocrx_word' id='word_1_202' title='bbox 3177 1422 3544 1478; x_wconf 80' lang='lat' dir='ltr'><strong>Macedoniam</strong></span> <span class='ocrx_word' id='word_1_203' title='bbox 3574 1426 3713 1481; x_wconf 85' lang='lat' dir='ltr'><strong>duos</strong></span> 
     </span>
    </p>
   </div>
   <div class='ocr_carea' id='block_1_30' title="bbox 2143 1505 3711 1583">
    <p class='ocr_par' dir='ltr' id='par_1_30' title="bbox 2143 1505 3711 1583">
     <span class='ocr_line' id='line_1_30' title="bbox 2143 1505 3711 1583; baseline 0.008 -26"><span class='ocrx_word' id='word_1_204' title='bbox 2143 1519 2208 1558; x_wconf 83' lang='lat' dir='ltr'><strong>ex</strong></span> <span class='ocrx_word' id='word_1_205' title='bbox 2255 1505 2692 1565; x_wconf 86' lang='lat' dir='ltr'><strong>ministrantibus</strong></span> <span class='ocrx_word' id='word_1_206' title='bbox 2751 1510 2876 1576; x_wconf 87' lang='lat' dir='ltr'><strong>sibi,</strong></span> <span class='ocrx_word' id='word_1_207' title='bbox 2936 1512 3279 1568; x_wconf 83' lang='lat' dir='ltr'><strong>Timotheum</strong></span> <span class='ocrx_word' id='word_1_208' title='bbox 3334 1523 3386 1567; x_wconf 91' lang='lat' dir='ltr'><strong>et</strong></span> <span class='ocrx_word' id='word_1_209' title='bbox 3437 1514 3711 1583; x_wconf 89' lang='lat' dir='ltr'><strong>Erastum,</strong></span> 
     </span>
    </p>
   </div>
   <div class='ocr_carea' id='block_1_31' title="bbox 2144 1592 3710 1670">
    <p class='ocr_par' dir='ltr' id='par_1_31' title="bbox 2144 1592 3710 1670">
     <span class='ocr_line' id='line_1_31' title="bbox 2144 1592 3710 1670; baseline 0.01 -24"><span class='ocrx_word' id='word_1_210' title='bbox 2144 1592 2259 1662; x_wconf 91' lang='lat' dir='ltr'><strong>ipse</strong></span> <span class='ocrx_word' id='word_1_211' title='bbox 2288 1598 2552 1652; x_wconf 88' lang='lat' dir='ltr'><strong>remansit</strong></span> <span class='ocrx_word' id='word_1_212' title='bbox 2585 1600 2651 1653; x_wconf 92' lang='lat' dir='ltr'><strong>ad</strong></span> <span class='ocrx_word' id='word_1_213' title='bbox 2692 1607 2906 1670; x_wconf 81' lang='lat' dir='ltr'><strong>tempus</strong></span> <span class='ocrx_word' id='word_1_214' title='bbox 2938 1603 2992 1656; x_wconf 90' lang='lat' dir='ltr'><strong>in</strong></span> <span class='ocrx_word' id='word_1_215' title='bbox 3029 1604 3178 1659; x_wconf 83' lang='lat' dir='ltr'><strong>Asia.</strong></span> <span class='ocrx_word' id='word_1_216' title='bbox 3213 1605 3372 1659; x_wconf 86' lang='lat' dir='ltr'><strong>Facta</strong></span> <span class='ocrx_word' id='word_1_217' title='bbox 3420 1616 3505 1661; x_wconf 83' lang='lat' dir='ltr'><strong>est</strong></span> <span class='ocrx_word' id='word_1_218' title='bbox 3531 1615 3710 1662; x_wconf 75' lang='lat' dir='ltr'><strong>autem</strong></span> 
     </span>
    </p>
   </div>
   <div class='ocr_carea' id='block_1_32' title="bbox 474 1673 2043 1758">
    <p class='ocr_par' dir='ltr' id='par_1_32' title="bbox 474 1673 2042 1750">
     <span class='ocr_line' id='line_1_32' title="bbox 474 1673 2042 1750; baseline 0.009 -24"><span class='ocrx_word' id='word_1_219' title='bbox 474 1673 572 1737; x_wconf 85' lang='grc' dir='ltr'><strong>λας</strong></span> <span class='ocrx_word' id='word_1_220' title='bbox 605 1675 660 1729; x_wconf 85' lang='grc' dir='ltr'><strong>δέ</strong></span> <span class='ocrx_word' id='word_1_221' title='bbox 699 1679 778 1739; x_wconf 84' lang='grc' dir='ltr'><strong>είς</strong></span> <span class='ocrx_word' id='word_1_222' title='bbox 826 1678 924 1750; x_wconf 77' lang='grc' dir='ltr'>τὴν</span> <span class='ocrx_word' id='word_1_223' title='bbox 967 1682 1308 1735; x_wconf 80' lang='grc' dir='ltr'>Μακεδονίαν</span> <span class='ocrx_word' id='word_1_224' title='bbox 1355 1684 1450 1738; x_wconf 87' lang='grc' dir='ltr'><strong>δύο</strong></span> <span class='ocrx_word' id='word_1_225' title='bbox 1494 1686 1605 1739; x_wconf 84' lang='grc' dir='ltr'><strong>τῶν</strong></span> <span class='ocrx_word' id='word_1_226' title='bbox 1651 1687 2042 1743; x_wconf 81' lang='grc' dir='ltr'><strong>διακονούντων</strong></span> 
     </span>
    </p>
   </div>
   <div class='ocr_carea' id='block_1_33' title="bbox 2147 1673 3792 1758">
    <p class='ocr_par' dir='ltr' id='par_1_33' title="bbox 2147 1683 3792 1758">
     <span class='ocr_line' id='line_1_33' title="bbox 2147 1683 3792 1758; baseline 0.009 -20"><span class='ocrx_word' id='word_1_227' title='bbox 2147 1683 2239 1740; x_wconf 91' lang='lat' dir='ltr'><strong>illo</strong></span> <span class='ocrx_word' id='word_1_228' title='bbox 2271 1695 2512 1758; x_wconf 91' lang='lat' dir='ltr'><strong>tempore</strong></span> <span class='ocrx_word' id='word_1_229' title='bbox 2553 1691 2790 1747; x_wconf 88' lang='lat' dir='ltr'><strong>turbatio</strong></span> <span class='ocrx_word' id='word_1_230' title='bbox 2828 1709 2936 1747; x_wconf 89' lang='lat' dir='ltr'><strong>non</strong></span> <span class='ocrx_word' id='word_1_231' title='bbox 2979 1696 3201 1750; x_wconf 91' lang='lat' dir='ltr'><strong>minima</strong></span> <span class='ocrx_word' id='word_1_232' title='bbox 3232 1699 3298 1752; x_wconf 90' lang='lat' dir='ltr'><strong>de</strong></span> <span class='ocrx_word' id='word_1_233' title='bbox 3334 1699 3418 1751; x_wconf 88' lang='lat' dir='ltr'><strong>via</strong></span> <span class='ocrx_word' id='word_1_234' title='bbox 3474 1698 3708 1754; x_wconf 88' lang='lat' dir='ltr'><strong>Domini.</strong></span> <span class='ocrx_word' id='word_1_235' title='bbox 3790 1750 3792 1752; x_wconf 74' lang='grc'><strong>,</strong></span> 
     </span>
    </p>
   </div>
   <div class='ocr_carea' id='block_1_34' title="bbox 474 1751 2043 1854">
    <p class='ocr_par' dir='ltr' id='par_1_34' title="bbox 474 1764 2037 1852">
     <span class='ocr_line' id='line_1_34' title="bbox 474 1764 2037 1852; baseline 0.011 -34"><span class='ocrx_word' id='word_1_236' title='bbox 474 1764 644 1834; x_wconf 82' lang='grc' dir='ltr'>αύτῷ,</span> <span class='ocrx_word' id='word_1_237' title='bbox 678 1767 945 1838; x_wconf 89' lang='grc' dir='ltr'>Τιμόθεον</span> <span class='ocrx_word' id='word_1_238' title='bbox 975 1771 1067 1822; x_wconf 75' lang='grc' dir='ltr'>καὶ</span> <span class='ocrx_word' id='word_1_239' title='bbox 1096 1772 1387 1843; x_wconf 85' lang='grc' dir='ltr'>Ἔραστον,</span> <span class='ocrx_word' id='word_1_240' title='bbox 1421 1774 1581 1840; x_wconf 81' lang='grc' dir='ltr'>αὐτὸς</span> <span class='ocrx_word' id='word_1_241' title='bbox 1611 1777 1810 1850; x_wconf 77' lang='grc' dir='ltr'>ἐπέσχε</span> <span class='ocrx_word' id='word_1_242' title='bbox 1849 1781 2037 1852; x_wconf 84' lang='grc' dir='ltr'>χρόνον</span> 
     </span>
    </p>
   </div>
   <div class='ocr_carea' id='block_1_35' title="bbox 2147 1751 3712 1854">
    <p class='ocr_par' dir='ltr' id='par_1_35' title="bbox 2147 1775 3712 1854">
     <span class='ocr_line' id='line_1_35' title="bbox 2147 1775 3712 1854; baseline 0.01 -27"><span class='ocrx_word' id='word_1_243' title='bbox 2147 1775 2452 1833; x_wconf 88' lang='lat' dir='ltr'><strong>Demetrius</strong></span> <span class='ocrx_word' id='word_1_244' title='bbox 2499 1780 2643 1835; x_wconf 90' lang='lat' dir='ltr'><strong>enim</strong></span> <span class='ocrx_word' id='word_1_245' title='bbox 2683 1782 2906 1850; x_wconf 88' lang='lat' dir='ltr'><strong>quidam</strong></span> <span class='ocrx_word' id='word_1_246' title='bbox 2941 1783 3182 1850; x_wconf 91' lang='lat' dir='ltr'><strong>nomine,</strong></span> <span class='ocrx_word' id='word_1_247' title='bbox 3231 1788 3602 1854; x_wconf 77' lang='lat' dir='ltr'><strong>argentarius,</strong></span> <span class='ocrx_word' id='word_1_248' title='bbox 3635 1789 3712 1842; x_wconf 79' lang='lat' dir='ltr'><strong>fa-</strong></span> 
     </span>
    </p>
   </div>
   <div class='ocr_carea' id='block_1_36' title="bbox 473 1857 2037 1942">
    <p class='ocr_par' dir='ltr' id='par_1_36' title="bbox 473 1857 2037 1942">
     <span class='ocr_line' id='line_1_36' title="bbox 473 1857 2037 1942; baseline 0.014 -35"><span class='ocrx_word' id='word_1_249' title='bbox 473 1857 552 1918; x_wconf 86' lang='grc' dir='ltr'><strong>είς</strong></span> <span class='ocrx_word' id='word_1_250' title='bbox 585 1857 684 1927; x_wconf 69' lang='grc' dir='ltr'><strong>τὴν</strong></span> <span class='ocrx_word' id='word_1_251' title='bbox 726 1859 930 1914; x_wconf 79' lang='grc' dir='ltr'>Ἀσίαν.</span> <span class='ocrx_word' id='word_1_252' title='bbox 968 1862 1214 1929; x_wconf 78' lang='grc' dir='ltr'>Ἐγένετο</span> <span class='ocrx_word' id='word_1_253' title='bbox 1233 1865 1287 1918; x_wconf 87' lang='grc' dir='ltr'>δὲ</span> <span class='ocrx_word' id='word_1_254' title='bbox 1322 1867 1463 1920; x_wconf 80' lang='grc' dir='ltr'>κατὰ</span> <span class='ocrx_word' id='word_1_255' title='bbox 1490 1868 1580 1922; x_wconf 82' lang='grc' dir='ltr'>τὸν</span> <span class='ocrx_word' id='word_1_256' title='bbox 1610 1873 1800 1942; x_wconf 77' lang='grc' dir='ltr'>καιρὸν</span> <span class='ocrx_word' id='word_1_257' title='bbox 1831 1877 2037 1929; x_wconf 88' lang='grc' dir='ltr'>ἐκεῖνον</span> 
     </span>
    </p>
   </div>
   <div class='ocr_carea' id='block_1_37' title="bbox 468 1948 2037 2037">
    <p class='ocr_par' dir='ltr' id='par_1_37' title="bbox 468 1948 2037 2037">
     <span class='ocr_line' id='line_1_37' title="bbox 468 1948 2037 2037; baseline 0.013 -39"><span class='ocrx_word' id='word_1_258' title='bbox 468 1948 704 2018; x_wconf 81' lang='grc' dir='ltr'>τάραχος</span> <span class='ocrx_word' id='word_1_259' title='bbox 726 1951 826 2003; x_wconf 85' lang='grc' dir='ltr'><strong>ούκ</strong></span> <span class='ocrx_word' id='word_1_260' title='bbox 853 1951 1030 2020; x_wconf 77' lang='grc' dir='ltr'>ὀλίγος</span> <span class='ocrx_word' id='word_1_261' title='bbox 1051 1956 1296 2027; x_wconf 75' lang='grc' dir='ltr'>περὶτῆς</span> <span class='ocrx_word' id='word_1_262' title='bbox 1324 1959 1467 2016; x_wconf 85' lang='grc' dir='ltr'>ὁδοῦ.</span> <span class='ocrx_word' id='word_1_263' title='bbox 1486 1963 1794 2036; x_wconf 84' lang='grc' dir='ltr'>Δημήτριος</span> <span class='ocrx_word' id='word_1_264' title='bbox 1818 1969 1925 2037; x_wconf 86' lang='grc' dir='ltr'><strong>γάρ</strong></span> <span class='ocrx_word' id='word_1_265' title='bbox 1953 1985 2037 2031; x_wconf 89' lang='grc' dir='ltr'><strong>τις</strong></span> 
     </span>
    </p>
   </div>
   <div class='ocr_carea' id='block_1_38' title="bbox 465 2038 2036 2130">
    <p class='ocr_par' dir='ltr' id='par_1_38' title="bbox 465 2038 2036 2130">
     <span class='ocr_line' id='line_1_38' title="bbox 465 2038 2036 2130; baseline 0.012 -36"><span class='ocrx_word' id='word_1_266' title='bbox 465 2038 711 2130; x_wconf 59' lang='grc' dir='ltr'>ὀνόματι,</span> <span class='ocrx_word' id='word_1_267' title='bbox 735 2040 1133 2113; x_wconf 84' lang='grc' dir='ltr'>ἀργυροκόπος,</span> <span class='ocrx_word' id='word_1_268' title='bbox 1157 2049 1326 2103; x_wconf 84' lang='grc' dir='ltr'>ποιῶν</span> <span class='ocrx_word' id='word_1_269' title='bbox 1355 2053 1518 2116; x_wconf 81' lang='grc' dir='ltr'>ναοὺς</span> <span class='ocrx_word' id='word_1_270' title='bbox 1547 2055 1822 2127; x_wconf 80' lang='grc' dir='ltr'>ἀργυροῦς</span> <span class='ocrx_word' id='word_1_271' title='bbox 1853 2057 2036 2130; x_wconf 81' lang='grc' dir='ltr'>Ἀρτέ-</span> 
     </span>
    </p>
   </div>
   <div class='ocr_carea' id='block_1_39' title="bbox 473 2127 2033 2217">
    <p class='ocr_par' dir='ltr' id='par_1_39' title="bbox 473 2127 2033 2217">
     <span class='ocr_line' id='line_1_39' title="bbox 473 2127 2033 2217; baseline 0.015 -37"><span class='ocrx_word' id='word_1_272' title='bbox 473 2127 642 2198; x_wconf 89' lang='grc' dir='ltr'>μιδος,</span> <span class='ocrx_word' id='word_1_273' title='bbox 662 2133 954 2204; x_wconf 85' lang='grc' dir='ltr'>παρείχετο</span> <span class='ocrx_word' id='word_1_274' title='bbox 976 2140 1087 2201; x_wconf 86' lang='grc' dir='ltr'>τοῖς</span> <span class='ocrx_word' id='word_1_275' title='bbox 1110 2140 1385 2209; x_wconf 79' lang='grc' dir='ltr'>τεχνίταις</span> <span class='ocrx_word' id='word_1_276' title='bbox 1409 2143 1510 2195; x_wconf 86' lang='grc' dir='ltr'><strong>ούκ</strong></span> <span class='ocrx_word' id='word_1_277' title='bbox 1529 2143 1724 2216; x_wconf 82' lang='grc' dir='ltr'>ὀλίγην</span> <span class='ocrx_word' id='word_1_278' title='bbox 1754 2127 2033 2217; x_wconf 79' lang='grc' dir='ltr'>ἐργασίαν.</span> 
     </span>
    </p>
   </div>
   <div class='ocr_carea' id='block_1_40' title="bbox 467 2221 2038 2311">
    <p class='ocr_par' dir='ltr' id='par_1_40' title="bbox 467 2221 2038 2311">
     <span class='ocr_line' id='line_1_40' title="bbox 467 2221 2038 2311; baseline 0.014 -38"><span class='ocrx_word' id='word_1_279' title='bbox 467 2221 575 2285; x_wconf 81' lang='grc' dir='ltr'>υῦς</span> <span class='ocrx_word' id='word_1_280' title='bbox 607 2226 966 2297; x_wconf 85' lang='grc' dir='ltr'>συναθροίσας</span> <span class='ocrx_word' id='word_1_281' title='bbox 1009 2230 1102 2284; x_wconf 80' lang='grc' dir='ltr'>καὶ</span> <span class='ocrx_word' id='word_1_282' title='bbox 1151 2233 1280 2297; x_wconf 82' lang='grc' dir='ltr'>τοὺς</span> <span class='ocrx_word' id='word_1_283' title='bbox 1331 2235 1560 2306; x_wconf 78' lang='grc' dir='ltr'>περὶτὰ</span> <span class='ocrx_word' id='word_1_284' title='bbox 1613 2238 1838 2293; x_wconf 81' lang='grc' dir='ltr'>τοιαῦτα</span> <span class='ocrx_word' id='word_1_285' title='bbox 1871 2242 2038 2311; x_wconf 87' lang='grc' dir='ltr'>ἐργά-</span> 
     </span>
    </p>
   </div>
   <div class='ocr_carea' id='block_1_41' title="bbox 469 2311 2038 2401">
    <p class='ocr_par' dir='ltr' id='par_1_41' title="bbox 469 2311 2038 2401">
     <span class='ocr_line' id='line_1_41' title="bbox 469 2311 2038 2401; baseline 0.012 -34"><span class='ocrx_word' id='word_1_286' title='bbox 469 2330 588 2378; x_wconf 90' lang='grc' dir='ltr'>τας,</span> <span class='ocrx_word' id='word_1_287' title='bbox 616 2311 800 2369; x_wconf 74' lang='grc' dir='ltr'>εἶπεν·</span> <span class='ocrx_word' id='word_1_288' title='bbox 836 2320 1080 2392; x_wconf 73' lang='grc' dir='ltr'><strong>ΙἌνδρες,</strong></span> <span class='ocrx_word' id='word_1_289' title='bbox 1141 2323 1403 2378; x_wconf 83' lang='grc' dir='ltr'>ἐπίσταθε</span> <span class='ocrx_word' id='word_1_290' title='bbox 1441 2327 1522 2380; x_wconf 77' lang='grc' dir='ltr'>ὄτι</span> <span class='ocrx_word' id='word_1_291' title='bbox 1573 2328 1638 2380; x_wconf 88' lang='grc' dir='ltr'><strong>ἐκ</strong></span> <span class='ocrx_word' id='word_1_292' title='bbox 1681 2329 1885 2400; x_wconf 83' lang='grc' dir='ltr'>ταύτης</span> <span class='ocrx_word' id='word_1_293' title='bbox 1939 2332 2038 2401; x_wconf 84' lang='grc' dir='ltr'>τῆς</span> 
     </span>
    </p>
   </div>
   <div class='ocr_carea' id='block_1_42' title="bbox 470 2405 2038 2490">
    <p class='ocr_par' dir='ltr' id='par_1_42' title="bbox 470 2405 2038 2490">
     <span class='ocr_line' id='line_1_42' title="bbox 470 2405 2038 2490; baseline 0.013 -34"><span class='ocrx_word' id='word_1_294' title='bbox 470 2405 735 2475; x_wconf 75' lang='grc' dir='ltr'>ἐργασίας</span> <span class='ocrx_word' id='word_1_295' title='bbox 788 2410 822 2480; x_wconf 74' lang='grc' dir='ltr'><strong>ἡ</strong></span> <span class='ocrx_word' id='word_1_296' title='bbox 861 2410 1092 2480; x_wconf 86' lang='grc' dir='ltr'>εὐπορία</span> <span class='ocrx_word' id='word_1_297' title='bbox 1143 2414 1276 2483; x_wconf 76' lang='grc' dir='ltr'>ἡμῖν</span> <span class='ocrx_word' id='word_1_298' title='bbox 1325 2417 1475 2469; x_wconf 86' lang='grc' dir='ltr'>ἐστι·</span> <span class='ocrx_word' id='word_1_299' title='bbox 1511 2419 1607 2471; x_wconf 69' lang='grc' dir='ltr'><strong>καὶ</strong></span> <span class='ocrx_word' id='word_1_300' title='bbox 1660 2417 1913 2490; x_wconf 86' lang='grc' dir='ltr'>Θεωρεῖτε</span> <span class='ocrx_word' id='word_1_301' title='bbox 1945 2424 2038 2476; x_wconf 76' lang='grc' dir='ltr'>καὶ</span> 
     </span>
    </p>
   </div>
   <div class='ocr_carea' id='block_1_43' title="bbox 468 2493 2032 2578">
    <p class='ocr_par' dir='ltr' id='par_1_43' title="bbox 468 2493 2032 2578">
     <span class='ocr_line' id='line_1_43' title="bbox 468 2493 2032 2578; baseline 0.012 -34"><span class='ocrx_word' id='word_1_302' title='bbox 468 2493 716 2560; x_wconf 88' lang='grc' dir='ltr'>ἀκούετε,</span> <span class='ocrx_word' id='word_1_303' title='bbox 760 2497 841 2550; x_wconf 87' lang='grc' dir='ltr'>ὄτι</span> <span class='ocrx_word' id='word_1_304' title='bbox 891 2499 953 2551; x_wconf 82' lang='grc' dir='ltr'>οὐ</span> <span class='ocrx_word' id='word_1_305' title='bbox 992 2500 1152 2569; x_wconf 89' lang='grc' dir='ltr'>μόνον</span> <span class='ocrx_word' id='word_1_306' title='bbox 1203 2503 1302 2572; x_wconf 81' lang='grc' dir='ltr'>τῆς</span> <span class='ocrx_word' id='word_1_307' title='bbox 1368 2504 1618 2572; x_wconf 67' lang='grc' dir='ltr'>Ἐφέσου,</span> <span class='ocrx_word' id='word_1_308' title='bbox 1667 2507 1804 2562; x_wconf 70' lang='grc' dir='ltr'>ἀλλὰ</span> <span class='ocrx_word' id='word_1_309' title='bbox 1845 2510 2032 2578; x_wconf 69' lang='grc' dir='ltr'>σχεδον</span> 
     </span>
    </p>
   </div>
   <div class='ocr_carea' id='block_1_44' title="bbox 470 2585 2027 2672">
    <p class='ocr_par' dir='ltr' id='par_1_44' title="bbox 470 2585 2027 2672">
     <span class='ocr_line' id='line_1_44' title="bbox 470 2585 2027 2672; baseline 0.012 -35"><span class='ocrx_word' id='word_1_310' title='bbox 470 2585 650 2657; x_wconf 76' lang='grc' dir='ltr'>πάσης</span> <span class='ocrx_word' id='word_1_311' title='bbox 681 2590 781 2659; x_wconf 80' lang='grc' dir='ltr'>τῆς</span> <span class='ocrx_word' id='word_1_312' title='bbox 821 2591 1006 2653; x_wconf 82' lang='grc' dir='ltr'>Ἀσίας</span> <span class='ocrx_word' id='word_1_313' title='bbox 1045 2593 1075 2645; x_wconf 90' lang='lat'><strong>6</strong></span> <span class='ocrx_word' id='word_1_314' title='bbox 1106 2594 1316 2659; x_wconf 82' lang='grc' dir='ltr'>Παῦλος</span> <span class='ocrx_word' id='word_1_315' title='bbox 1345 2589 1499 2658; x_wconf 76' lang='grc' dir='ltr'>οὗτος</span> <span class='ocrx_word' id='word_1_316' title='bbox 1527 2599 1723 2660; x_wconf 86' lang='grc' dir='ltr'>πείσας</span> <span class='ocrx_word' id='word_1_317' title='bbox 1757 2601 2027 2672; x_wconf 89' lang='grc' dir='ltr'>μετέστη-</span> 
     </span>
    </p>
   </div>
   <div class='ocr_carea' id='block_1_45' title="bbox 472 2682 2040 2754">
    <p class='ocr_par' dir='ltr' id='par_1_45' title="bbox 472 2682 2040 2754">
     <span class='ocr_line' id='line_1_45' title="bbox 472 2682 2040 2754; baseline 0.011 -24"><span class='ocrx_word' id='word_1_318' title='bbox 472 2695 564 2730; x_wconf 90' lang='grc' dir='ltr'><strong>σεν</strong></span> <span class='ocrx_word' id='word_1_319' title='bbox 615 2683 796 2734; x_wconf 80' lang='grc' dir='ltr'>ίκανδν</span> <span class='ocrx_word' id='word_1_320' title='bbox 846 2682 1022 2753; x_wconf 74' lang='grc' dir='ltr'>ὄχλον,</span> <span class='ocrx_word' id='word_1_321' title='bbox 1058 2685 1258 2754; x_wconf 88' lang='grc' dir='ltr'>λέγων,</span> <span class='ocrx_word' id='word_1_322' title='bbox 1301 2689 1382 2742; x_wconf 84' lang='grc' dir='ltr'>ὅτι</span> <span class='ocrx_word' id='word_1_323' title='bbox 1428 2689 1529 2744; x_wconf 88' lang='grc' dir='ltr'><strong>ούκ</strong></span> <span class='ocrx_word' id='word_1_324' title='bbox 1558 2691 1666 2743; x_wconf 76' lang='lat' dir='ltr'><strong>eici.</strong></span> <span class='ocrx_word' id='word_1_325' title='bbox 1721 2692 1834 2746; x_wconf 77' lang='grc' dir='ltr'>θεοὶ</span> <span class='ocrx_word' id='word_1_326' title='bbox 1872 2695 1922 2748; x_wconf 80' lang='grc' dir='ltr'>οἱ</span> <span class='ocrx_word' id='word_1_327' title='bbox 1951 2695 2040 2748; x_wconf 70' lang='grc' dir='ltr'><strong>διὰ</strong></span> 
     </span>
    </p>
   </div>
   <div class='ocr_carea' id='block_1_46' title="bbox 471 2769 2040 2854">
    <p class='ocr_par' dir='ltr' id='par_1_46' title="bbox 471 2769 2040 2854">
     <span class='ocr_line' id='line_1_46' title="bbox 471 2769 2040 2854; baseline 0.011 -34"><span class='ocrx_word' id='word_1_328' title='bbox 471 2769 670 2839; x_wconf 73' lang='grc' dir='ltr'>χειρῶν</span> <span class='ocrx_word' id='word_1_329' title='bbox 694 2772 988 2840; x_wconf 88' lang='grc' dir='ltr'>γινόμενοι.</span> <span class='ocrx_word' id='word_1_330' title='bbox 1011 2775 1086 2827; x_wconf 83' lang='grc' dir='ltr'><strong>Ού</strong></span> <span class='ocrx_word' id='word_1_331' title='bbox 1117 2776 1274 2845; x_wconf 89' lang='grc' dir='ltr'>μόνον</span> <span class='ocrx_word' id='word_1_332' title='bbox 1305 2777 1359 2830; x_wconf 90' lang='grc' dir='ltr'><strong>δέ</strong></span> <span class='ocrx_word' id='word_1_333' title='bbox 1381 2777 1538 2831; x_wconf 88' lang='grc' dir='ltr'>τοῦτο</span> <span class='ocrx_word' id='word_1_334' title='bbox 1559 2779 1857 2835; x_wconf 79' lang='grc' dir='ltr'>κινδυνεύει</span> <span class='ocrx_word' id='word_1_335' title='bbox 1884 2783 2040 2854; x_wconf 73' lang='grc' dir='ltr'>ἡμῶν</span> 
     </span>
    </p>
   </div>
   <div class='ocr_carea' id='block_1_47' title="bbox 472 2861 2042 2943">
    <p class='ocr_par' dir='ltr' id='par_1_47' title="bbox 472 2861 2042 2943">
     <span class='ocr_line' id='line_1_47' title="bbox 472 2861 2042 2943; baseline 0.008 -29"><span class='ocrx_word' id='word_1_336' title='bbox 472 2861 534 2914; x_wconf 80' lang='grc' dir='ltr'>τὸ</span> <span class='ocrx_word' id='word_1_337' title='bbox 569 2863 733 2933; x_wconf 84' lang='grc' dir='ltr'>μέρος</span> <span class='ocrx_word' id='word_1_338' title='bbox 764 2865 842 2929; x_wconf 87' lang='grc' dir='ltr'><strong>είς</strong></span> <span class='ocrx_word' id='word_1_339' title='bbox 874 2865 1184 2937; x_wconf 76' lang='grc' dir='ltr'>ἀπελεγμὸν</span> <span class='ocrx_word' id='word_1_340' title='bbox 1211 2869 1406 2934; x_wconf 85' lang='grc' dir='ltr'>ἐλθεῖν,</span> <span class='ocrx_word' id='word_1_341' title='bbox 1430 2869 1564 2924; x_wconf 89' lang='grc' dir='ltr'><strong>ἀλλά</strong></span> <span class='ocrx_word' id='word_1_342' title='bbox 1600 2872 1780 2926; x_wconf 75' lang='grc' dir='ltr'>καὶτὸ</span> <span class='ocrx_word' id='word_1_343' title='bbox 1813 2874 1908 2943; x_wconf 87' lang='grc' dir='ltr'>τῆς</span> <span class='ocrx_word' id='word_1_344' title='bbox 1947 2891 2042 2943; x_wconf 82' lang='grc' dir='ltr'>με-</span> 
     </span>
    </p>
   </div>
   <div class='ocr_carea' id='block_1_48' title="bbox 473 2954 2038 3036">
    <p class='ocr_par' dir='ltr' id='par_1_48' title="bbox 473 2954 2038 3036">
     <span class='ocr_line' id='line_1_48' title="bbox 473 2954 2038 3036; baseline 0.01 -30"><span class='ocrx_word' id='word_1_345' title='bbox 473 2954 646 3024; x_wconf 89' lang='grc' dir='ltr'>γάλης</span> <span class='ocrx_word' id='word_1_346' title='bbox 678 2954 806 3019; x_wconf 76' lang='grc' dir='ltr'>θεάς</span> <span class='ocrx_word' id='word_1_347' title='bbox 855 2957 1170 3028; x_wconf 80' lang='grc' dir='ltr'>Ἀρτέμιδος</span> <span class='ocrx_word' id='word_1_348' title='bbox 1204 2960 1349 3032; x_wconf 76' lang='grc' dir='ltr'>ἱερὸν</span> <span class='ocrx_word' id='word_1_349' title='bbox 1385 2965 1464 3026; x_wconf 87' lang='grc' dir='ltr'><strong>είς</strong></span> <span class='ocrx_word' id='word_1_350' title='bbox 1495 2963 1650 3018; x_wconf 80' lang='grc' dir='ltr'>οὐδὲν</span> <span class='ocrx_word' id='word_1_351' title='bbox 1692 2965 2038 3036; x_wconf 76' lang='grc' dir='ltr'>λογισθῆναιο</span> 
     </span>
    </p>
   </div>
   <div class='ocr_carea' id='block_1_49' title="bbox 2139 1867 3732 1945">
    <p class='ocr_par' dir='ltr' id='par_1_49' title="bbox 2139 1867 3732 1945">
     <span class='ocr_line' id='line_1_49' title="bbox 2139 1867 3732 1945; baseline 0.01 -25"><span class='ocrx_word' id='word_1_352' title='bbox 2139 1867 2290 1922; x_wconf 90' lang='lat' dir='ltr'><strong>ciens</strong></span> <span class='ocrx_word' id='word_1_353' title='bbox 2326 1869 2471 1924; x_wconf 85' lang='lat' dir='ltr'><strong>aedes</strong></span> <span class='ocrx_word' id='word_1_354' title='bbox 2500 1881 2784 1940; x_wconf 74' lang='lat' dir='ltr'><strong>argenteas</strong></span> <span class='ocrx_word' id='word_1_355' title='bbox 2833 1870 3034 1939; x_wconf 62' lang='lat' dir='ltr'><strong>Dianae,</strong></span> <span class='ocrx_word' id='word_1_356' title='bbox 3082 1877 3372 1945; x_wconf 65' lang='lat' dir='ltr'><strong>praestabat</strong></span> <span class='ocrx_word' id='word_1_357' title='bbox 3407 1879 3732 1936; x_wconf 69' lang='lat' dir='ltr'><strong>artiﬁcibus</strong></span> 
     </span>
    </p>
   </div>
   <div class='ocr_carea' id='block_1_50' title="bbox 2136 1960 3713 2035">
    <p class='ocr_par' dir='ltr' id='par_1_50' title="bbox 2136 1960 3713 2035">
     <span class='ocr_line' id='line_1_50' title="bbox 2136 1960 3713 2035; baseline 0.009 -23"><span class='ocrx_word' id='word_1_358' title='bbox 2136 1972 2247 2012; x_wconf 89' lang='lat' dir='ltr'><strong>non</strong></span> <span class='ocrx_word' id='word_1_359' title='bbox 2280 1960 2552 2014; x_wconf 88' lang='lat' dir='ltr'><strong>modicum</strong></span> <span class='ocrx_word' id='word_1_360' title='bbox 2592 1970 2858 2032; x_wconf 63' lang='lat' dir='ltr'><strong>qumstum</strong></span> <span class='ocrx_word' id='word_1_361' title='bbox 2894 1980 2909 2019; x_wconf 89' lang='lat'><strong>:</strong></span> <span class='ocrx_word' id='word_1_362' title='bbox 2959 1980 3099 2035; x_wconf 90' lang='lat' dir='ltr'><strong>quos</strong></span> <span class='ocrx_word' id='word_1_363' title='bbox 3155 1981 3488 2034; x_wconf 82' lang='lat' dir='ltr'><strong>convocans,</strong></span> <span class='ocrx_word' id='word_1_364' title='bbox 3516 1981 3575 2024; x_wconf 87' lang='lat' dir='ltr'><strong>et</strong></span> <span class='ocrx_word' id='word_1_365' title='bbox 3618 1986 3713 2026; x_wconf 83' lang='lat' dir='ltr'><strong>eos</strong></span> 
     </span>
    </p>
   </div>
   <div class='ocr_carea' id='block_1_51' title="bbox 2137 2051 3714 2126">
    <p class='ocr_par' dir='ltr' id='par_1_51' title="bbox 2137 2051 3714 2126">
     <span class='ocr_line' id='line_1_51' title="bbox 2137 2051 3714 2126; baseline 0.012 -27"><span class='ocrx_word' id='word_1_366' title='bbox 2137 2051 2228 2121; x_wconf 88' lang='lat' dir='ltr'><strong>qni</strong></span> <span class='ocrx_word' id='word_1_367' title='bbox 2267 2051 2576 2121; x_wconf 89' lang='lat' dir='ltr'><strong>hujusmodi</strong></span> <span class='ocrx_word' id='word_1_368' title='bbox 2623 2063 2782 2110; x_wconf 87' lang='lat' dir='ltr'><strong>erant</strong></span> <span class='ocrx_word' id='word_1_369' title='bbox 2824 2055 3070 2126; x_wconf 91' lang='lat' dir='ltr'><strong>opiﬁces,</strong></span> <span class='ocrx_word' id='word_1_370' title='bbox 3123 2058 3309 2114; x_wconf 81' lang='lat' dir='ltr'><strong>dixit:</strong></span> <span class='ocrx_word' id='word_1_371' title='bbox 3369 2059 3506 2124; x_wconf 86' lang='lat' dir='ltr'><strong>Viri,</strong></span> <span class='ocrx_word' id='word_1_372' title='bbox 3559 2062 3714 2119; x_wconf 78' lang='lat' dir='ltr'><strong>scitis</strong></span> 
     </span>
    </p>
   </div>
   <div class='ocr_carea' id='block_1_52' title="bbox 2137 2139 3716 2218">
    <p class='ocr_par' dir='ltr' id='par_1_52' title="bbox 2137 2139 3716 2218">
     <span class='ocr_line' id='line_1_52' title="bbox 2137 2139 3716 2218; baseline 0.01 -25"><span class='ocrx_word' id='word_1_373' title='bbox 2137 2139 2264 2209; x_wconf 90' lang='lat' dir='ltr'><strong>quia</strong></span> <span class='ocrx_word' id='word_1_374' title='bbox 2297 2142 2364 2197; x_wconf 87' lang='lat' dir='ltr'><strong>de</strong></span> <span class='ocrx_word' id='word_1_375' title='bbox 2391 2143 2494 2199; x_wconf 80' lang='lat' dir='ltr'><strong>hoc</strong></span> <span class='ocrx_word' id='word_1_376' title='bbox 2534 2144 2766 2198; x_wconf 85' lang='lat' dir='ltr'><strong>artiﬁcio</strong></span> <span class='ocrx_word' id='word_1_377' title='bbox 2818 2155 2902 2200; x_wconf 89' lang='lat' dir='ltr'><strong>est</strong></span> <span class='ocrx_word' id='word_1_378' title='bbox 2936 2147 3094 2202; x_wconf 89' lang='lat' dir='ltr'><strong>nobis</strong></span> <span class='ocrx_word' id='word_1_379' title='bbox 3124 2150 3534 2218; x_wconf 82' lang='lat' dir='ltr'><strong>arquisiti0;.et</strong></span> <span class='ocrx_word' id='word_1_380' title='bbox 3565 2153 3716 2209; x_wconf 77' lang='lat' dir='ltr'><strong>vide-</strong></span> 
     </span>
    </p>
   </div>
   <div class='ocr_carea' id='block_1_53' title="bbox 2138 2229 3711 2312">
    <p class='ocr_par' dir='ltr' id='par_1_53' title="bbox 2138 2229 3711 2312">
     <span class='ocr_line' id='line_1_53' title="bbox 2138 2229 3711 2312; baseline 0.01 -30"><span class='ocrx_word' id='word_1_381' title='bbox 2138 2229 2228 2296; x_wconf 86' lang='lat' dir='ltr'><strong>tis,</strong></span> <span class='ocrx_word' id='word_1_382' title='bbox 2256 2240 2312 2286; x_wconf 90' lang='lat' dir='ltr'><strong>et</strong></span> <span class='ocrx_word' id='word_1_383' title='bbox 2335 2233 2554 2298; x_wconf 88' lang='lat' dir='ltr'><strong>auditis,</strong></span> <span class='ocrx_word' id='word_1_384' title='bbox 2587 2235 2716 2303; x_wconf 90' lang='lat' dir='ltr'><strong>quia</strong></span> <span class='ocrx_word' id='word_1_385' title='bbox 2753 2251 2859 2290; x_wconf 92' lang='lat' dir='ltr'><strong>non</strong></span> <span class='ocrx_word' id='word_1_386' title='bbox 2889 2237 3068 2290; x_wconf 91' lang='lat' dir='ltr'><strong>solum</strong></span> <span class='ocrx_word' id='word_1_387' title='bbox 3102 2237 3322 2309; x_wconf 80' lang='lat' dir='ltr'><strong>Ephesi,</strong></span> <span class='ocrx_word' id='word_1_388' title='bbox 3344 2241 3437 2295; x_wconf 88' lang='lat' dir='ltr'><strong>sed</strong></span> <span class='ocrx_word' id='word_1_389' title='bbox 3472 2258 3606 2312; x_wconf 91' lang='lat' dir='ltr'><strong>pene</strong></span> <span class='ocrx_word' id='word_1_390' title='bbox 3631 2252 3711 2297; x_wconf 63' lang='lat' dir='ltr'><strong>to.-</strong></span> 
     </span>
    </p>
   </div>
   <div class='ocr_carea' id='block_1_54' title="bbox 2139 2320 3716 2389">
    <p class='ocr_par' dir='ltr' id='par_1_54' title="bbox 2139 2320 3716 2389">
     <span class='ocr_line' id='line_1_54' title="bbox 2139 2320 3716 2389; baseline 0.01 -15"><span class='ocrx_word' id='word_1_391' title='bbox 2139 2320 2247 2377; x_wconf 89' lang='lat' dir='ltr'><strong>tius</strong></span> <span class='ocrx_word' id='word_1_392' title='bbox 2272 2323 2430 2388; x_wconf 61' lang='lat' dir='ltr'><strong>Asiae,</strong></span> <span class='ocrx_word' id='word_1_393' title='bbox 2473 2324 2674 2380; x_wconf 89' lang='lat' dir='ltr'><strong>Paulus</strong></span> <span class='ocrx_word' id='word_1_394' title='bbox 2742 2326 2828 2380; x_wconf 90' lang='lat' dir='ltr'><strong>hic</strong></span> <span class='ocrx_word' id='word_1_395' title='bbox 2864 2329 3099 2384; x_wconf 90' lang='lat' dir='ltr'><strong>suadens</strong></span> <span class='ocrx_word' id='word_1_396' title='bbox 3135 2332 3335 2385; x_wconf 30' lang='lat' dir='ltr'><strong>avertit.</strong></span> <span class='ocrx_word' id='word_1_397' title='bbox 3357 2334 3576 2387; x_wconf 88' lang='lat' dir='ltr'><strong>multam</strong></span> <span class='ocrx_word' id='word_1_398' title='bbox 3603 2341 3716 2389; x_wconf 91' lang='lat' dir='ltr'><strong>tur-</strong></span> 
     </span>
    </p>
   </div>
   <div class='ocr_carea' id='block_1_55' title="bbox 2139 2405 3712 2491">
    <p class='ocr_par' dir='ltr' id='par_1_55' title="bbox 2139 2405 3712 2491">
     <span class='ocr_line' id='line_1_55' title="bbox 2139 2405 3712 2491; baseline 0.008 -26"><span class='ocrx_word' id='word_1_399' title='bbox 2139 2411 2286 2478; x_wconf 89' lang='lat' dir='ltr'><strong>bam,</strong></span> <span class='ocrx_word' id='word_1_400' title='bbox 2317 2413 2503 2468; x_wconf 89' lang='lat' dir='ltr'><strong>dicens</strong></span> <span class='ocrx_word' id='word_1_401' title='bbox 2535 2453 2549 2476; x_wconf 95' lang='lat'><strong>,</strong></span> <span class='ocrx_word' id='word_1_402' title='bbox 2579 2415 2833 2482; x_wconf 80' lang='lat' dir='ltr'><strong>quoniam</strong></span> <span class='ocrx_word' id='word_1_403' title='bbox 2881 2433 2990 2472; x_wconf 91' lang='lat' dir='ltr'><strong>non</strong></span> <span class='ocrx_word' id='word_1_404' title='bbox 3030 2427 3157 2473; x_wconf 87' lang='lat' dir='ltr'><strong>sunt</strong></span> <span class='ocrx_word' id='word_1_405' title='bbox 3200 2420 3297 2485; x_wconf 76' lang='lat' dir='ltr'><strong>dii,</strong></span> <span class='ocrx_word' id='word_1_406' title='bbox 3330 2423 3420 2491; x_wconf 88' lang='lat' dir='ltr'><strong>qui</strong></span> <span class='ocrx_word' id='word_1_407' title='bbox 3459 2405 3712 2478; x_wconf 85' lang='lat' dir='ltr'><strong>manibus</strong></span> 
     </span>
    </p>
   </div>
   <div class='ocr_carea' id='block_1_56' title="bbox 2141 2499 3729 2577">
    <p class='ocr_par' dir='ltr' id='par_1_56' title="bbox 2141 2499 3729 2577">
     <span class='ocr_line' id='line_1_56' title="bbox 2141 2499 3729 2577; baseline 0.01 -26"><span class='ocrx_word' id='word_1_408' title='bbox 2141 2499 2297 2554; x_wconf 90' lang='lat' dir='ltr'><strong>ﬁunt.</strong></span> <span class='ocrx_word' id='word_1_409' title='bbox 2343 2501 2459 2555; x_wconf 80' lang='lat' dir='ltr'><strong>Non</strong></span> <span class='ocrx_word' id='word_1_410' title='bbox 2513 2503 2687 2558; x_wconf 84' lang='lat' dir='ltr'><strong>solum</strong></span> <span class='ocrx_word' id='word_1_411' title='bbox 2755 2516 2934 2560; x_wconf 89' lang='lat' dir='ltr'><strong>autem</strong></span> <span class='ocrx_word' id='word_1_412' title='bbox 3000 2507 3117 2563; x_wconf 64' lang='lat' dir='ltr'><strong>hac</strong></span> <span class='ocrx_word' id='word_1_413' title='bbox 3164 2509 3504 2577; x_wconf 84' lang='lat' dir='ltr'><strong>periclitatur</strong></span> <span class='ocrx_word' id='word_1_414' title='bbox 3554 2513 3729 2567; x_wconf 72' lang='lat' dir='ltr'><strong>nobis</strong></span> 
     </span>
    </p>
   </div>
   <div class='ocr_carea' id='block_1_57' title="bbox 2141 2592 3713 2672">
    <p class='ocr_par' dir='ltr' id='par_1_57' title="bbox 2141 2592 3713 2672">
     <span class='ocr_line' id='line_1_57' title="bbox 2141 2592 3713 2672; baseline 0.011 -30"><span class='ocrx_word' id='word_1_415' title='bbox 2141 2604 2268 2659; x_wconf 91' lang='lat' dir='ltr'><strong>pars</strong></span> <span class='ocrx_word' id='word_1_416' title='bbox 2304 2592 2358 2644; x_wconf 93' lang='lat' dir='ltr'><strong>in</strong></span> <span class='ocrx_word' id='word_1_417' title='bbox 2387 2592 2822 2663; x_wconf 76' lang='lat' dir='ltr'><strong>redargutionem</strong></span> <span class='ocrx_word' id='word_1_418' title='bbox 2847 2599 3056 2663; x_wconf 87' lang='lat' dir='ltr'><strong>venire,</strong></span> <span class='ocrx_word' id='word_1_419' title='bbox 3095 2599 3191 2654; x_wconf 91' lang='lat' dir='ltr'><strong>sed</strong></span> <span class='ocrx_word' id='word_1_420' title='bbox 3221 2612 3275 2656; x_wconf 91' lang='lat' dir='ltr'><strong>et</strong></span> <span class='ocrx_word' id='word_1_421' title='bbox 3299 2602 3713 2672; x_wconf 63' lang='lat' dir='ltr'><strong>magnaeDiana:</strong></span> 
     </span>
    </p>
   </div>
   <div class='ocr_carea' id='block_1_58' title="bbox 2140 2683 3714 2760">
    <p class='ocr_par' dir='ltr' id='par_1_58' title="bbox 2140 2683 3714 2760">
     <span class='ocr_line' id='line_1_58' title="bbox 2140 2683 3714 2760; baseline 0.01 -25"><span class='ocrx_word' id='word_1_422' title='bbox 2140 2684 2401 2753; x_wconf 81' lang='lat' dir='ltr'><strong>templum</strong></span> <span class='ocrx_word' id='word_1_423' title='bbox 2440 2683 2492 2738; x_wconf 92' lang='lat' dir='ltr'><strong>in</strong></span> <span class='ocrx_word' id='word_1_424' title='bbox 2521 2685 2751 2741; x_wconf 90' lang='lat' dir='ltr'><strong>nihilum</strong></span> <span class='ocrx_word' id='word_1_425' title='bbox 2789 2691 3152 2760; x_wconf 87' lang='lat' dir='ltr'><strong>reputabitur,</strong></span> <span class='ocrx_word' id='word_1_426' title='bbox 3195 2693 3288 2749; x_wconf 92' lang='lat' dir='ltr'><strong>sed</strong></span> <span class='ocrx_word' id='word_1_427' title='bbox 3311 2701 3366 2749; x_wconf 89' lang='lat' dir='ltr'><strong>et</strong></span> <span class='ocrx_word' id='word_1_428' title='bbox 3388 2693 3598 2749; x_wconf 90' lang='lat' dir='ltr'><strong>destrui</strong></span> <span class='ocrx_word' id='word_1_429' title='bbox 3629 2695 3714 2750; x_wconf 84' lang='lat' dir='ltr'><strong>in—</strong></span> 
     </span>
    </p>
   </div>
   <div class='ocr_carea' id='block_1_59' title="bbox 2140 2773 3704 2849">
    <p class='ocr_par' dir='ltr' id='par_1_59' title="bbox 2140 2773 3704 2849">
     <span class='ocr_line' id='line_1_59' title="bbox 2140 2773 3704 2849; baseline 0.009 -22"><span class='ocrx_word' id='word_1_430' title='bbox 2140 2773 2305 2843; x_wconf 91' lang='lat' dir='ltr'><strong>cipiet</strong></span> <span class='ocrx_word' id='word_1_431' title='bbox 2342 2774 2598 2845; x_wconf 86' lang='lat' dir='ltr'><strong>majestas</strong></span> <span class='ocrx_word' id='word_1_432' title='bbox 2628 2778 2767 2849; x_wconf 88' lang='lat' dir='ltr'><strong>ejus,</strong></span> <span class='ocrx_word' id='word_1_433' title='bbox 2795 2795 2956 2849; x_wconf 92' lang='lat' dir='ltr'><strong>quam</strong></span> <span class='ocrx_word' id='word_1_434' title='bbox 2991 2790 3101 2836; x_wconf 88' lang='lat' dir='ltr'><strong>tota</strong></span> <span class='ocrx_word' id='word_1_435' title='bbox 3133 2783 3260 2838; x_wconf 86' lang='lat' dir='ltr'><strong>Asia</strong></span> <span class='ocrx_word' id='word_1_436' title='bbox 3293 2790 3346 2837; x_wconf 91' lang='lat' dir='ltr'><strong>et</strong></span> <span class='ocrx_word' id='word_1_437' title='bbox 3371 2785 3521 2840; x_wconf 87' lang='lat' dir='ltr'><strong>orbis</strong></span> <span class='ocrx_word' id='word_1_438' title='bbox 3548 2787 3704 2841; x_wconf 91' lang='lat' dir='ltr'><strong>colit.</strong></span> 
     </span>
    </p>
   </div>
   <div class='ocr_carea' id='block_1_60' title="bbox 2141 2867 3711 2940">
    <p class='ocr_par' dir='ltr' id='par_1_60' title="bbox 2141 2867 3711 2940">
     <span class='ocr_line' id='line_1_60' title="bbox 2141 2867 3711 2940; baseline 0.006 -18"><span class='ocrx_word' id='word_1_439' title='bbox 2141 2867 2238 2922; x_wconf 85' lang='lat' dir='ltr'><strong>His</strong></span> <span class='ocrx_word' id='word_1_440' title='bbox 2269 2869 2492 2932; x_wconf 89' lang='lat' dir='ltr'><strong>auditis,</strong></span> <span class='ocrx_word' id='word_1_441' title='bbox 2531 2869 2717 2940; x_wconf 82' lang='lat' dir='ltr'><strong>repleti</strong></span> <span class='ocrx_word' id='word_1_442' title='bbox 2765 2881 2892 2926; x_wconf 87' lang='lat' dir='ltr'><strong>sunt</strong></span> <span class='ocrx_word' id='word_1_443' title='bbox 2929 2873 3032 2935; x_wconf 89' lang='lat' dir='ltr'><strong>ira,</strong></span> <span class='ocrx_word' id='word_1_444' title='bbox 3069 2882 3124 2928; x_wconf 92' lang='lat' dir='ltr'><strong>et</strong></span> <span class='ocrx_word' id='word_1_445' title='bbox 3162 2874 3711 2931; x_wconf 82' lang='lat' dir='ltr'><strong>cxclamaveruntdi-</strong></span> 
     </span>
    </p>
   </div>
   <div class='ocr_carea' id='block_1_61' title="bbox 2143 2956 3722 3033">
    <p class='ocr_par' dir='ltr' id='par_1_61' title="bbox 2143 2956 3722 3033">
     <span class='ocr_line' id='line_1_61' title="bbox 2143 2956 3722 3033; baseline 0.007 -23"><span class='ocrx_word' id='word_1_446' title='bbox 2143 2965 2371 3013; x_wconf 89' lang='lat' dir='ltr'><strong>centes:</strong></span> <span class='ocrx_word' id='word_1_447' title='bbox 2406 2956 2598 3027; x_wconf 83' lang='lat' dir='ltr'><strong>Magna</strong></span> <span class='ocrx_word' id='word_1_448' title='bbox 2634 2958 2796 3014; x_wconf 88' lang='lat' dir='ltr'><strong>Diana</strong></span> <span class='ocrx_word' id='word_1_449' title='bbox 2831 2961 3214 3030; x_wconf 86' lang='lat' dir='ltr'><strong>Ephesiorum.</strong></span> <span class='ocrx_word' id='word_1_450' title='bbox 3267 2962 3330 3016; x_wconf 89' lang='lat' dir='ltr'><strong>Et</strong></span> <span class='ocrx_word' id='word_1_451' title='bbox 3380 2963 3600 3033; x_wconf 89' lang='lat' dir='ltr'><strong>impleta</strong></span> <span class='ocrx_word' id='word_1_452' title='bbox 3632 2973 3722 3021; x_wconf 69' lang='lat' dir='ltr'><strong>est</strong></span> 
     </span>
    </p>
   </div>
   <div class='ocr_carea' id='block_1_62' title="bbox 479 3045 2043 3135">
    <p class='ocr_par' dir='ltr' id='par_1_62' title="bbox 479 3045 2038 3129">
     <span class='ocr_line' id='line_1_62' title="bbox 479 3045 2038 3129; baseline 0.011 -32"><span class='ocrx_word' id='word_1_453' title='bbox 479 3045 662 3114; x_wconf 83' lang='grc' dir='ltr'>μέλλει</span> <span class='ocrx_word' id='word_1_454' title='bbox 687 3047 743 3100; x_wconf 81' lang='grc' dir='ltr'>δὲ</span> <span class='ocrx_word' id='word_1_455' title='bbox 771 3048 865 3101; x_wconf 74' lang='grc' dir='ltr'><strong>καὶ</strong></span> <span class='ocrx_word' id='word_1_456' title='bbox 890 3049 1276 3122; x_wconf 82' lang='grc' dir='ltr'>καθαιρεῖσθαι</span> <span class='ocrx_word' id='word_1_457' title='bbox 1301 3053 1398 3124; x_wconf 82' lang='grc' dir='ltr'>τὴν</span> <span class='ocrx_word' id='word_1_458' title='bbox 1431 3055 1826 3129; x_wconf 88' lang='grc' dir='ltr'>μεγαλειότητα</span> <span class='ocrx_word' id='word_1_459' title='bbox 1851 3059 2038 3128; x_wconf 80' lang='grc' dir='ltr'>αὐτῆς,</span> 
     </span>
    </p>
   </div>
   <div class='ocr_carea' id='block_1_63' title="bbox 2147 3045 3716 3135">
    <p class='ocr_par' dir='ltr' id='par_1_63' title="bbox 2147 3048 3716 3122">
     <span class='ocr_line' id='line_1_63' title="bbox 2147 3048 3716 3122; baseline 0.005 -21"><span class='ocrx_word' id='word_1_460' title='bbox 2147 3048 2340 3104; x_wconf 84' lang='lat' dir='ltr'><strong>civitas</strong></span> <span class='ocrx_word' id='word_1_461' title='bbox 2363 3049 2702 3111; x_wconf 78' lang='lat' dir='ltr'><strong>confusione.</strong></span> <span class='ocrx_word' id='word_1_462' title='bbox 2737 3059 2792 3105; x_wconf 90' lang='lat' dir='ltr'><strong>et</strong></span> <span class='ocrx_word' id='word_1_463' title='bbox 2820 3052 3361 3122; x_wconf 79' lang='lat' dir='ltr'><strong>impetumfecerunt</strong></span> <span class='ocrx_word' id='word_1_464' title='bbox 3389 3070 3500 3108; x_wconf 94' lang='lat' dir='ltr'><strong>uno</strong></span> <span class='ocrx_word' id='word_1_465' title='bbox 3530 3053 3716 3110; x_wconf 86' lang='lat' dir='ltr'><strong>animo</strong></span> 
     </span>
    </p>
   </div>
   <div class='ocr_carea' id='block_1_64' title="bbox 475 3136 2040 3214">
    <p class='ocr_par' dir='ltr' id='par_1_64' title="bbox 475 3136 2040 3214">
     <span class='ocr_line' id='line_1_64' title="bbox 475 3136 2040 3214; baseline 0.01 -27"><span class='ocrx_word' id='word_1_466' title='bbox 475 3136 542 3206; x_wconf 72' lang='grc' dir='ltr'>ην</span> <span class='ocrx_word' id='word_1_467' title='bbox 563 3137 659 3205; x_wconf 82' lang='grc' dir='ltr'>ὅλη</span> <span class='ocrx_word' id='word_1_468' title='bbox 685 3139 718 3208; x_wconf 83' lang='grc' dir='ltr'>ἠ</span> <span class='ocrx_word' id='word_1_469' title='bbox 749 3139 903 3192; x_wconf 82' lang='grc' dir='ltr'>Ἀσία</span> <span class='ocrx_word' id='word_1_470' title='bbox 926 3140 1023 3193; x_wconf 75' lang='grc' dir='ltr'><strong>καὶ</strong></span> <span class='ocrx_word' id='word_1_471' title='bbox 1048 3143 1080 3209; x_wconf 82' lang='grc' dir='ltr'><strong>ἡ</strong></span> <span class='ocrx_word' id='word_1_472' title='bbox 1101 3145 1390 3214; x_wconf 81' lang='grc' dir='ltr'>οἰκουμένη</span> <span class='ocrx_word' id='word_1_473' title='bbox 1418 3146 1655 3202; x_wconf 80' lang='grc' dir='ltr'>σέϐεται.</span> <span class='ocrx_word' id='word_1_474' title='bbox 1686 3147 2040 3212; x_wconf 79' lang='grc' dir='ltr'>Ἀκούσαντες</span> 
     </span>
    </p>
   </div>
   <div class='ocr_carea' id='block_1_65' title="bbox 474 3227 2038 3306">
    <p class='ocr_par' dir='ltr' id='par_1_65' title="bbox 474 3227 2038 3306">
     <span class='ocr_line' id='line_1_65' title="bbox 474 3227 2038 3306; baseline 0.01 -30"><span class='ocrx_word' id='word_1_475' title='bbox 474 3227 548 3283; x_wconf 84' lang='grc' dir='ltr'><strong>δέ.</strong></span> <span class='ocrx_word' id='word_1_476' title='bbox 585 3228 678 3279; x_wconf 71' lang='grc' dir='ltr'><strong>καὶ</strong></span> <span class='ocrx_word' id='word_1_477' title='bbox 709 3228 992 3296; x_wconf 85' lang='grc' dir='ltr'>γενόμενοι</span> <span class='ocrx_word' id='word_1_478' title='bbox 1017 3231 1246 3300; x_wconf 83' lang='grc' dir='ltr'>πλήρεις</span> <span class='ocrx_word' id='word_1_479' title='bbox 1278 3233 1475 3302; x_wconf 91' lang='grc' dir='ltr'>θυμοῦ,</span> <span class='ocrx_word' id='word_1_480' title='bbox 1498 3234 1728 3305; x_wconf 75' lang='grc' dir='ltr'>ἔκραζον</span> <span class='ocrx_word' id='word_1_481' title='bbox 1755 3237 2004 3306; x_wconf 90' lang='grc' dir='ltr'>λέγοντες</span> <span class='ocrx_word' id='word_1_482' title='bbox 2024 3256 2038 3270; x_wconf 92' lang='grc'><strong>·</strong></span> 
     </span>
    </p>
   </div>
   <div class='ocr_carea' id='block_1_66' title="bbox 473 3315 2041 3400">
    <p class='ocr_par' dir='ltr' id='par_1_66' title="bbox 473 3315 2041 3400">
     <span class='ocr_line' id='line_1_66' title="bbox 473 3315 2041 3400; baseline 0.009 -31"><span class='ocrx_word' id='word_1_483' title='bbox 473 3315 700 3387; x_wconf 83' lang='grc' dir='ltr'>Μεγάλη</span> <span class='ocrx_word' id='word_1_484' title='bbox 729 3319 764 3385; x_wconf 79' lang='grc' dir='ltr'><strong>ἡ</strong></span> <span class='ocrx_word' id='word_1_485' title='bbox 789 3319 1054 3390; x_wconf 84' lang='grc' dir='ltr'>Ἀρτεμις</span> <span class='ocrx_word' id='word_1_486' title='bbox 1097 3321 1375 3390; x_wconf 82' lang='grc' dir='ltr'>Ἐφεσίων.</span> <span class='ocrx_word' id='word_1_487' title='bbox 1404 3326 1511 3379; x_wconf 70' lang='grc' dir='ltr'><strong>Καὶ</strong></span> <span class='ocrx_word' id='word_1_488' title='bbox 1541 3327 1787 3399; x_wconf 80' lang='grc' dir='ltr'>ἐπλήσθη</span> <span class='ocrx_word' id='word_1_489' title='bbox 1823 3331 1858 3400; x_wconf 79' lang='grc' dir='ltr'><strong>η</strong></span> <span class='ocrx_word' id='word_1_490' title='bbox 1889 3331 2041 3396; x_wconf 90' lang='grc' dir='ltr'>πόλις</span> 
     </span>
    </p>
   </div>
   <div class='ocr_carea' id='block_1_67' title="bbox 474 3407 2043 3488">
    <p class='ocr_par' dir='ltr' id='par_1_67' title="bbox 474 3407 2043 3488">
     <span class='ocr_line' id='line_1_67' title="bbox 474 3407 2043 3488; baseline 0.01 -29"><span class='ocrx_word' id='word_1_491' title='bbox 474 3407 569 3476; x_wconf 84' lang='grc' dir='ltr'>ὅλη</span> <span class='ocrx_word' id='word_1_492' title='bbox 593 3407 693 3476; x_wconf 83' lang='grc' dir='ltr'>τῆς</span> <span class='ocrx_word' id='word_1_493' title='bbox 727 3409 1039 3480; x_wconf 86' lang='grc' dir='ltr'>συγχύσεως</span> <span class='ocrx_word' id='word_1_494' title='bbox 1059 3426 1074 3442; x_wconf 77' lang='grc' dir='ltr'><strong>ο</strong></span> <span class='ocrx_word' id='word_1_495' title='bbox 1115 3411 1385 3483; x_wconf 85' lang='grc' dir='ltr'>ὥρμησάν</span> <span class='ocrx_word' id='word_1_496' title='bbox 1423 3432 1483 3469; x_wconf 91' lang='grc' dir='ltr'><strong>τε</strong></span> <span class='ocrx_word' id='word_1_497' title='bbox 1507 3417 1849 3488; x_wconf 82' lang='grc' dir='ltr'>ὁμοθυμαδὸν</span> <span class='ocrx_word' id='word_1_498' title='bbox 1876 3422 1954 3485; x_wconf 89' lang='grc' dir='ltr'><strong>είς</strong></span> <span class='ocrx_word' id='word_1_499' title='bbox 1981 3422 2043 3475; x_wconf 86' lang='grc' dir='ltr'><strong>τδ</strong></span> 
     </span>
    </p>
   </div>
   <div class='ocr_carea' id='block_1_68' title="bbox 477 3496 2045 3578">
    <p class='ocr_par' dir='ltr' id='par_1_68' title="bbox 477 3496 2045 3578">
     <span class='ocr_line' id='line_1_68' title="bbox 477 3496 2045 3578; baseline 0.01 -31"><span class='ocrx_word' id='word_1_500' title='bbox 477 3496 723 3565; x_wconf 68' lang='grc' dir='ltr'>θέιτρον,</span> <span class='ocrx_word' id='word_1_501' title='bbox 788 3500 1234 3570; x_wconf 81' lang='grc' dir='ltr'>συναρπάσαντες</span> <span class='ocrx_word' id='word_1_502' title='bbox 1285 3503 1443 3556; x_wconf 82' lang='grc' dir='ltr'>Γάϊον</span> <span class='ocrx_word' id='word_1_503' title='bbox 1494 3505 1589 3558; x_wconf 79' lang='grc' dir='ltr'><strong>καὶ</strong></span> <span class='ocrx_word' id='word_1_504' title='bbox 1649 3503 2045 3578; x_wconf 80' lang='grc' dir='ltr'>’Δρίσταρχον,</span> 
     </span>
    </p>
   </div>
   <div class='ocr_carea' id='block_1_69' title="bbox 481 3584 2042 3659">
    <p class='ocr_par' dir='ltr' id='par_1_69' title="bbox 481 3584 2042 3659">
     <span class='ocr_line' id='line_1_69' title="bbox 481 3584 2042 3659; baseline 0.008 -21"><span class='ocrx_word' id='word_1_505' title='bbox 481 3584 822 3650; x_wconf 83' lang='grc' dir='ltr'>Μακεδόνας,</span> <span class='ocrx_word' id='word_1_506' title='bbox 870 3589 1243 3659; x_wconf 82' lang='grc' dir='ltr'>συνεκδήμους</span> <span class='ocrx_word' id='word_1_507' title='bbox 1299 3593 1530 3649; x_wconf 87' lang='grc' dir='ltr'>Παύλου.</span> <span class='ocrx_word' id='word_1_508' title='bbox 1565 3594 1671 3649; x_wconf 87' lang='grc' dir='ltr'><strong>Τοῦ</strong></span> <span class='ocrx_word' id='word_1_509' title='bbox 1719 3595 1777 3649; x_wconf 82' lang='grc' dir='ltr'>δὲ</span> <span class='ocrx_word' id='word_1_510' title='bbox 1832 3598 2042 3650; x_wconf 86' lang='grc' dir='ltr'>Παύλου</span> 
     </span>
    </p>
   </div>
   <div class='ocr_carea' id='block_1_70' title="bbox 485 3673 2044 3753">
    <p class='ocr_par' dir='ltr' id='par_1_70' title="bbox 485 3673 2044 3753">
     <span class='ocr_line' id='line_1_70' title="bbox 485 3673 2044 3753; baseline 0.01 -28"><span class='ocrx_word' id='word_1_511' title='bbox 485 3673 810 3744; x_wconf 81' lang='grc' dir='ltr'>βουλομένου</span> <span class='ocrx_word' id='word_1_512' title='bbox 850 3677 1111 3734; x_wconf 77' lang='grc' dir='ltr'>εἰσελθεῖν</span> <span class='ocrx_word' id='word_1_513' title='bbox 1138 3682 1216 3744; x_wconf 88' lang='grc' dir='ltr'><strong>είς</strong></span> <span class='ocrx_word' id='word_1_514' title='bbox 1244 3681 1336 3734; x_wconf 76' lang='grc' dir='ltr'>τὸν</span> <span class='ocrx_word' id='word_1_515' title='bbox 1360 3683 1553 3753; x_wconf 83' lang='grc' dir='ltr'>δῆμον,</span> <span class='ocrx_word' id='word_1_516' title='bbox 1583 3684 1682 3738; x_wconf 78' lang='grc' dir='ltr'><strong>οὐκ</strong></span> <span class='ocrx_word' id='word_1_517' title='bbox 1722 3686 1850 3740; x_wconf 84' lang='grc' dir='ltr'>εῐων</span> <span class='ocrx_word' id='word_1_518' title='bbox 1882 3687 2044 3742; x_wconf 79' lang='grc' dir='ltr'>αὐτὸν</span> 
     </span>
    </p>
   </div>
   <div class='ocr_carea' id='block_1_71' title="bbox 482 3766 2045 3850">
    <p class='ocr_par' dir='ltr' id='par_1_71' title="bbox 482 3766 2045 3850">
     <span class='ocr_line' id='line_1_71' title="bbox 482 3766 2045 3850; baseline 0.01 -32"><span class='ocrx_word' id='word_1_519' title='bbox 482 3768 529 3819; x_wconf 85' lang='grc' dir='ltr'>οἱ</span> <span class='ocrx_word' id='word_1_520' title='bbox 564 3766 826 3838; x_wconf 88' lang='grc' dir='ltr'>μαθηταί.</span> <span class='ocrx_word' id='word_1_521' title='bbox 861 3769 1019 3834; x_wconf 79' lang='grc' dir='ltr'>Τινὲς</span> <span class='ocrx_word' id='word_1_522' title='bbox 1046 3771 1104 3824; x_wconf 87' lang='grc' dir='ltr'><strong>δέ</strong></span> <span class='ocrx_word' id='word_1_523' title='bbox 1137 3772 1231 3825; x_wconf 74' lang='grc' dir='ltr'><strong>καὶ</strong></span> <span class='ocrx_word' id='word_1_524' title='bbox 1257 3773 1364 3828; x_wconf 86' lang='grc' dir='ltr'><strong>τῶν</strong></span> <span class='ocrx_word' id='word_1_525' title='bbox 1388 3775 1699 3848; x_wconf 57' lang='grc' dir='ltr'>Ἀσιαρχιῖνμ</span> <span class='ocrx_word' id='word_1_526' title='bbox 1719 3776 1872 3841; x_wconf 17' lang='grc' dir='ltr'>ὅντες,</span> <span class='ocrx_word' id='word_1_527' title='bbox 1897 3778 2045 3850; x_wconf 85' lang='grc' dir='ltr'>αύτῷ</span> 
     </span>
    </p>
   </div>
   <div class='ocr_carea' id='block_1_72' title="bbox 481 3859 2044 3937">
    <p class='ocr_par' dir='ltr' id='par_1_72' title="bbox 481 3859 2044 3937">
     <span class='ocr_line' id='line_1_72' title="bbox 481 3859 2044 3937; baseline 0.01 -29"><span class='ocrx_word' id='word_1_528' title='bbox 481 3859 643 3926; x_wconf 76' lang='grc' dir='ltr'>φίλοι,</span> <span class='ocrx_word' id='word_1_529' title='bbox 670 3860 989 3931; x_wconf 76' lang='grc' dir='ltr'>πέμψαντες</span> <span class='ocrx_word' id='word_1_530' title='bbox 1028 3863 1162 3933; x_wconf 76' lang='grc' dir='ltr'>πρὸς</span> <span class='ocrx_word' id='word_1_531' title='bbox 1190 3863 1352 3917; x_wconf 80' lang='grc' dir='ltr'>αὐτὸν</span> <span class='ocrx_word' id='word_1_532' title='bbox 1387 3865 1732 3932; x_wconf 81' lang='grc' dir='ltr'>παρεκάλουν</span> <span class='ocrx_word' id='word_1_533' title='bbox 1760 3865 1836 3937; x_wconf 79' lang='grc' dir='ltr'>μὴ</span> <span class='ocrx_word' id='word_1_534' title='bbox 1858 3868 2044 3922; x_wconf 79' lang='grc' dir='ltr'>ἐκδοῦ-</span> 
     </span>
    </p>
   </div>
   <div class='ocr_carea' id='block_1_73' title="bbox 479 3950 2046 4027">
    <p class='ocr_par' dir='ltr' id='par_1_73' title="bbox 479 3950 2046 4027">
     <span class='ocr_line' id='line_1_73' title="bbox 479 3950 2046 4027; baseline 0.007 -25"><span class='ocrx_word' id='word_1_535' title='bbox 479 3966 568 4003; x_wconf 91' lang='grc' dir='ltr'><strong>ναι</strong></span> <span class='ocrx_word' id='word_1_536' title='bbox 595 3950 785 4003; x_wconf 86' lang='grc' dir='ltr'>ἐαυτδν</span> <span class='ocrx_word' id='word_1_537' title='bbox 820 3953 900 4015; x_wconf 84' lang='grc' dir='ltr'><strong>είς</strong></span> <span class='ocrx_word' id='word_1_538' title='bbox 941 3951 1004 4005; x_wconf 81' lang='grc' dir='ltr'>τὸ</span> <span class='ocrx_word' id='word_1_539' title='bbox 1054 3952 1303 4025; x_wconf 83' lang='grc' dir='ltr'>θέατρον.</span> <span class='ocrx_word' id='word_1_540' title='bbox 1332 3955 1518 4009; x_wconf 80' lang='grc' dir='ltr'>Ἀλλοι</span> <span class='ocrx_word' id='word_1_541' title='bbox 1573 3957 1673 4027; x_wconf 81' lang='grc' dir='ltr'>μὲν</span> <span class='ocrx_word' id='word_1_542' title='bbox 1712 3953 1804 4011; x_wconf 84' lang='grc' dir='ltr'><strong>οῦν</strong></span> <span class='ocrx_word' id='word_1_543' title='bbox 1838 3957 1966 4012; x_wconf 82' lang='grc' dir='ltr'>ἄλλο</span> <span class='ocrx_word' id='word_1_544' title='bbox 1992 3977 2046 4014; x_wconf 91' lang='grc' dir='ltr'><strong>τι</strong></span> 
     </span>
    </p>
   </div>
   <div class='ocr_carea' id='block_1_74' title="bbox 482 4038 2045 4120">
    <p class='ocr_par' dir='ltr' id='par_1_74' title="bbox 482 4038 2045 4120">
     <span class='ocr_line' id='line_1_74' title="bbox 482 4038 2045 4120; baseline 0.009 -29"><span class='ocrx_word' id='word_1_545' title='bbox 482 4039 745 4111; x_wconf 71' lang='grc' dir='ltr'><strong>ἔκραζον·</strong></span> <span class='ocrx_word' id='word_1_546' title='bbox 778 4038 845 4113; x_wconf 81' lang='grc' dir='ltr'>ἦν</span> <span class='ocrx_word' id='word_1_547' title='bbox 879 4042 987 4112; x_wconf 75' lang='grc' dir='ltr'><strong>γάρ</strong></span> <span class='ocrx_word' id='word_1_548' title='bbox 1039 4046 1074 4115; x_wconf 79' lang='grc' dir='ltr'><strong>η</strong></span> <span class='ocrx_word' id='word_1_549' title='bbox 1103 4042 1389 4118; x_wconf 73' lang='grc' dir='ltr'>ἐκκλησία</span> <span class='ocrx_word' id='word_1_550' title='bbox 1428 4049 1837 4120; x_wconf 81' lang='grc' dir='ltr'>συγκεχυμένη,</span> <span class='ocrx_word' id='word_1_551' title='bbox 1873 4051 1968 4105; x_wconf 85' lang='grc' dir='ltr'><strong>καὶ</strong></span> <span class='ocrx_word' id='word_1_552' title='bbox 1996 4052 2045 4104; x_wconf 77' lang='grc' dir='ltr'>οἱ</span> 
     </span>
    </p>
   </div>
   <div class='ocr_carea' id='block_1_75' title="bbox 488 4131 2042 4210">
    <p class='ocr_par' dir='ltr' id='par_1_75' title="bbox 488 4131 2042 4210">
     <span class='ocr_line' id='line_1_75' title="bbox 488 4131 2042 4210; baseline 0.008 -27"><span class='ocrx_word' id='word_1_553' title='bbox 488 4131 706 4196; x_wconf 85' lang='grc' dir='ltr'>πλείους</span> <span class='ocrx_word' id='word_1_554' title='bbox 750 4135 850 4187; x_wconf 84' lang='grc' dir='ltr'><strong>οὐκ</strong></span> <span class='ocrx_word' id='word_1_555' title='bbox 899 4134 1122 4205; x_wconf 70' lang='grc' dir='ltr'>ᾔδεισαν</span> <span class='ocrx_word' id='word_1_556' title='bbox 1179 4136 1322 4200; x_wconf 86' lang='grc' dir='ltr'>τίνος</span> <span class='ocrx_word' id='word_1_557' title='bbox 1374 4137 1536 4191; x_wconf 73' lang='grc' dir='ltr'>ἕνεκα</span> <span class='ocrx_word' id='word_1_558' title='bbox 1574 4138 2042 4210; x_wconf 84' lang='grc' dir='ltr'>συνεληλύθεισαν.</span> 
     </span>
    </p>
   </div>
   <div class='ocr_carea' id='block_1_76' title="bbox 497 4225 2048 4306">
    <p class='ocr_par' dir='ltr' id='par_1_76' title="bbox 497 4225 2048 4306">
     <span class='ocr_line' id='line_1_76' title="bbox 497 4225 2048 4306; baseline 0.006 -28"><span class='ocrx_word' id='word_1_559' title='bbox 497 4225 589 4279; x_wconf 80' lang='grc' dir='ltr'>Ἕκ</span> <span class='ocrx_word' id='word_1_560' title='bbox 619 4226 675 4278; x_wconf 83' lang='grc' dir='ltr'>δὲ</span> <span class='ocrx_word' id='word_1_561' title='bbox 705 4227 798 4280; x_wconf 91' lang='grc' dir='ltr'><strong>τοῦ</strong></span> <span class='ocrx_word' id='word_1_562' title='bbox 815 4227 971 4296; x_wconf 77' lang='grc' dir='ltr'>ὄχλου</span> <span class='ocrx_word' id='word_1_563' title='bbox 1002 4228 1370 4298; x_wconf 70' lang='grc' dir='ltr'>προεϐίϐασαν</span> <span class='ocrx_word' id='word_1_564' title='bbox 1409 4230 1776 4304; x_wconf 83' lang='grc' dir='ltr'>Ἀλέξανδρον,</span> <span class='ocrx_word' id='word_1_565' title='bbox 1805 4233 2048 4306; x_wconf 70' lang='grc' dir='ltr'>προϐαλ-</span> 
     </span>
    </p>
   </div>
   <div class='ocr_carea' id='block_1_77' title="bbox 481 4317 2047 4395">
    <p class='ocr_par' dir='ltr' id='par_1_77' title="bbox 481 4317 2047 4395">
     <span class='ocr_line' id='line_1_77' title="bbox 481 4317 2047 4395; baseline 0.007 -26"><span class='ocrx_word' id='word_1_566' title='bbox 481 4317 678 4370; x_wconf 87' lang='grc' dir='ltr'>λόντων</span> <span class='ocrx_word' id='word_1_567' title='bbox 698 4317 858 4372; x_wconf 71' lang='grc' dir='ltr'>αὐτὸν</span> <span class='ocrx_word' id='word_1_568' title='bbox 881 4317 988 4372; x_wconf 83' lang='grc' dir='ltr'><strong>τῶν</strong></span> <span class='ocrx_word' id='word_1_569' title='bbox 1023 4319 1312 4375; x_wconf 83' lang='grc' dir='ltr'>Ἰουδαίων.</span> <span class='ocrx_word' id='word_1_570' title='bbox 1339 4321 1402 4378; x_wconf 88' lang='grc' dir='ltr'><strong>Ὀ</strong></span> <span class='ocrx_word' id='word_1_571' title='bbox 1431 4323 1488 4376; x_wconf 83' lang='grc' dir='ltr'><strong>δέ</strong></span> <span class='ocrx_word' id='word_1_572' title='bbox 1512 4323 1858 4395; x_wconf 81' lang='grc' dir='ltr'>Ἀλέξανδρος</span> <span class='ocrx_word' id='word_1_573' title='bbox 1888 4343 2047 4380; x_wconf 87' lang='grc' dir='ltr'>κατα-</span> 
     </span>
    </p>
   </div>
   <div class='ocr_carea' id='block_1_78' title="bbox 2150 3137 3716 3207">
    <p class='ocr_par' dir='ltr' id='par_1_78' title="bbox 2150 3137 3716 3207">
     <span class='ocr_line' id='line_1_78' title="bbox 2150 3137 3716 3207; baseline 0.007 -18"><span class='ocrx_word' id='word_1_574' title='bbox 2150 3137 2201 3189; x_wconf 68' lang='grc' dir='ltr'><strong>ἱιι</strong></span> <span class='ocrx_word' id='word_1_575' title='bbox 2231 3138 2523 3199; x_wconf 89' lang='lat' dir='ltr'><strong>theatrum,</strong></span> <span class='ocrx_word' id='word_1_576' title='bbox 2563 3148 2716 3207; x_wconf 87' lang='lat' dir='ltr'><strong>rapto</strong></span> <span class='ocrx_word' id='word_1_577' title='bbox 2759 3139 2893 3195; x_wconf 87' lang='lat' dir='ltr'><strong>Gaio</strong></span> <span class='ocrx_word' id='word_1_578' title='bbox 2938 3153 2992 3197; x_wconf 88' lang='lat' dir='ltr'><strong>ct</strong></span> <span class='ocrx_word' id='word_1_579' title='bbox 3051 3144 3365 3198; x_wconf 75' lang='lat' dir='ltr'><strong>Aristarcho</strong></span> <span class='ocrx_word' id='word_1_580' title='bbox 3408 3143 3716 3200; x_wconf 77' lang='lat' dir='ltr'><strong>Macedoni—</strong></span> 
     </span>
    </p>
   </div>
   <div class='ocr_carea' id='block_1_79' title="bbox 2150 3217 3715 3289">
    <p class='ocr_par' dir='ltr' id='par_1_79' title="bbox 2150 3217 3715 3289">
     <span class='ocr_line' id='line_1_79' title="bbox 2150 3217 3715 3289; baseline 0.006 -11"><span class='ocrx_word' id='word_1_581' title='bbox 2150 3225 2271 3289; x_wconf 85' lang='lat' dir='ltr'><strong>bus,</strong></span> <span class='ocrx_word' id='word_1_582' title='bbox 2293 3226 2588 3281; x_wconf 85' lang='lat' dir='ltr'><strong>comitibus</strong></span> <span class='ocrx_word' id='word_1_583' title='bbox 2619 3225 2795 3280; x_wconf 87' lang='lat' dir='ltr'><strong>Pauli.</strong></span> <span class='ocrx_word' id='word_1_584' title='bbox 2819 3225 2992 3282; x_wconf 77' lang='lat' dir='ltr'><strong>Panlo</strong></span> <span class='ocrx_word' id='word_1_585' title='bbox 3035 3239 3218 3284; x_wconf 90' lang='lat' dir='ltr'><strong>autem</strong></span> <span class='ocrx_word' id='word_1_586' title='bbox 3252 3217 3469 3287; x_wconf 82' lang='lat' dir='ltr'><strong>volente</strong></span> <span class='ocrx_word' id='word_1_587' title='bbox 3510 3234 3715 3288; x_wconf 88' lang='lat' dir='ltr'><strong>intrare</strong></span> 
     </span>
    </p>
   </div>
   <div class='ocr_carea' id='block_1_80' title="bbox 2148 3315 3712 3393">
    <p class='ocr_par' dir='ltr' id='par_1_80' title="bbox 2148 3315 3712 3393">
     <span class='ocr_line' id='line_1_80' title="bbox 2148 3315 3712 3393; baseline 0.004 -23"><span class='ocrx_word' id='word_1_588' title='bbox 2148 3315 2206 3370; x_wconf 88' lang='lat' dir='ltr'><strong>in</strong></span> <span class='ocrx_word' id='word_1_589' title='bbox 2240 3316 2536 3386; x_wconf 62' lang='lat' dir='ltr'><strong>,‘populum,</strong></span> <span class='ocrx_word' id='word_1_590' title='bbox 2583 3331 2703 3371; x_wconf 91' lang='lat' dir='ltr'><strong>non.</strong></span> <span class='ocrx_word' id='word_1_591' title='bbox 2742 3320 3108 3388; x_wconf 84' lang='lat' dir='ltr'><strong>permiserunt</strong></span> <span class='ocrx_word' id='word_1_592' title='bbox 3153 3321 3427 3393; x_wconf 84' lang='lat' dir='ltr'><strong>discipuli.</strong></span> <span class='ocrx_word' id='word_1_593' title='bbox 3484 3323 3712 3389; x_wconf 86' lang='lat' dir='ltr'><strong>Quidam</strong></span> 
     </span>
    </p>
   </div>
   <div class='ocr_carea' id='block_1_81' title="bbox 2149 3409 3714 3484">
    <p class='ocr_par' dir='ltr' id='par_1_81' title="bbox 2149 3409 3714 3484">
     <span class='ocr_line' id='line_1_81' title="bbox 2149 3409 3714 3484; baseline 0.005 -22"><span class='ocrx_word' id='word_1_594' title='bbox 2149 3417 2326 3463; x_wconf 91' lang='lat' dir='ltr'><strong>antem</strong></span> <span class='ocrx_word' id='word_1_595' title='bbox 2352 3419 2405 3464; x_wconf 92' lang='lat' dir='ltr'><strong>et</strong></span> <span class='ocrx_word' id='word_1_596' title='bbox 2430 3409 2497 3463; x_wconf 85' lang='lat' dir='ltr'><strong>de</strong></span> <span class='ocrx_word' id='word_1_597' title='bbox 2530 3409 2669 3464; x_wconf 64' lang='lat' dir='ltr'><strong>Asia&#39;</strong></span> <span class='ocrx_word' id='word_1_598' title='bbox 2688 3411 3051 3482; x_wconf 78' lang='lat' dir='ltr'><strong>principibus,</strong></span> <span class='ocrx_word' id='word_1_599' title='bbox 3077 3415 3170 3484; x_wconf 87' lang='lat' dir='ltr'><strong>qui</strong></span> <span class='ocrx_word' id='word_1_600' title='bbox 3199 3426 3356 3470; x_wconf 92' lang='lat' dir='ltr'><strong>erant</strong></span> <span class='ocrx_word' id='word_1_601' title='bbox 3389 3416 3550 3470; x_wconf 90' lang='lat' dir='ltr'><strong>amici</strong></span> <span class='ocrx_word' id='word_1_602' title='bbox 3577 3415 3714 3484; x_wconf 87' lang='lat' dir='ltr'><strong>ejus,</strong></span> 
     </span>
    </p>
   </div>
   <div class='ocr_carea' id='block_1_82' title="bbox 2150 3497 3714 3570">
    <p class='ocr_par' dir='ltr' id='par_1_82' title="bbox 2150 3497 3714 3570">
     <span class='ocr_line' id='line_1_82' title="bbox 2150 3497 3714 3570; baseline 0.006 -21"><span class='ocrx_word' id='word_1_603' title='bbox 2150 3499 2416 3552; x_wconf 87' lang='lat' dir='ltr'><strong>miserunt</strong></span> <span class='ocrx_word' id='word_1_604' title='bbox 2443 3497 2509 3551; x_wconf 93' lang='lat' dir='ltr'><strong>ad</strong></span> <span class='ocrx_word' id='word_1_605' title='bbox 2527 3512 2953 3570; x_wconf 76' lang='lat' dir='ltr'><strong>eunn,,rogantes</strong></span> <span class='ocrx_word' id='word_1_606' title='bbox 2976 3518 3042 3556; x_wconf 90' lang='lat' dir='ltr'><strong>nc</strong></span> <span class='ocrx_word' id='word_1_607' title='bbox 3066 3519 3124 3558; x_wconf 88' lang='lat' dir='ltr'><strong>se</strong></span> <span class='ocrx_word' id='word_1_608' title='bbox 3147 3503 3302 3558; x_wconf 86' lang='lat' dir='ltr'><strong>daret</strong></span> <span class='ocrx_word' id='word_1_609' title='bbox 3330 3503 3383 3559; x_wconf 91' lang='lat' dir='ltr'><strong>in</strong></span> <span class='ocrx_word' id='word_1_610' title='bbox 3404 3504 3672 3559; x_wconf 88' lang='lat' dir='ltr'><strong>theatrum</strong></span> <span class='ocrx_word' id='word_1_611' title='bbox 3697 3521 3714 3560; x_wconf 88' lang='lat'><strong>:</strong></span> 
     </span>
    </p>
   </div>
   <div class='ocr_carea' id='block_1_83' title="bbox 2149 3585 3716 3651">
    <p class='ocr_par' dir='ltr' id='par_1_83' title="bbox 2149 3585 3716 3651">
     <span class='ocr_line' id='line_1_83' title="bbox 2149 3585 3716 3651; baseline 0.007 -13"><span class='ocrx_word' id='word_1_612' title='bbox 2149 3585 2239 3639; x_wconf 91' lang='lat' dir='ltr'><strong>alii</strong></span> <span class='ocrx_word' id='word_1_613' title='bbox 2293 3596 2474 3640; x_wconf 86' lang='lat' dir='ltr'><strong>autem</strong></span> <span class='ocrx_word' id='word_1_614' title='bbox 2553 3587 2701 3641; x_wconf 90' lang='lat' dir='ltr'><strong>aliud</strong></span> <span class='ocrx_word' id='word_1_615' title='bbox 2755 3589 3086 3646; x_wconf 88' lang='lat' dir='ltr'><strong>clamabant.</strong></span> <span class='ocrx_word' id='word_1_616' title='bbox 3135 3591 3262 3648; x_wconf 86' lang='lat' dir='ltr'><strong>Erat</strong></span> <span class='ocrx_word' id='word_1_617' title='bbox 3305 3595 3446 3650; x_wconf 88' lang='lat' dir='ltr'><strong>enim</strong></span> <span class='ocrx_word' id='word_1_618' title='bbox 3487 3594 3716 3651; x_wconf 79' lang='lat' dir='ltr'><strong>ecclesia</strong></span> 
     </span>
    </p>
   </div>
   <div class='ocr_carea' id='block_1_84' title="bbox 2149 3675 3717 3750">
    <p class='ocr_par' dir='ltr' id='par_1_84' title="bbox 2149 3675 3717 3750">
     <span class='ocr_line' id='line_1_84' title="bbox 2149 3675 3717 3750; baseline 0.005 -19"><span class='ocrx_word' id='word_1_619' title='bbox 2149 3675 2375 3731; x_wconf 72' lang='lat' dir='ltr'><strong>Confusa</strong></span> <span class='ocrx_word' id='word_1_620' title='bbox 2394 3716 2416 3742; x_wconf 84' lang='lat'><strong>,</strong></span> <span class='ocrx_word' id='word_1_621' title='bbox 2436 3685 2488 3731; x_wconf 91' lang='lat' dir='ltr'><strong>ct</strong></span> <span class='ocrx_word' id='word_1_622' title='bbox 2511 3678 2691 3745; x_wconf 83' lang='lat' dir='ltr'><strong>plures</strong></span> <span class='ocrx_word' id='word_1_623' title='bbox 2720 3680 3040 3734; x_wconf 85' lang='lat' dir='ltr'><strong>nesciebant</strong></span> <span class='ocrx_word' id='word_1_624' title='bbox 3086 3697 3190 3750; x_wconf 89' lang='lat' dir='ltr'><strong>qua</strong></span> <span class='ocrx_word' id='word_1_625' title='bbox 3216 3698 3280 3737; x_wconf 82' lang='lat' dir='ltr'><strong>ex</strong></span> <span class='ocrx_word' id='word_1_626' title='bbox 3321 3699 3487 3741; x_wconf 90' lang='lat' dir='ltr'><strong>causa</strong></span> <span class='ocrx_word' id='word_1_627' title='bbox 3513 3698 3717 3740; x_wconf 84' lang='lat' dir='ltr'><strong>conve-</strong></span> 
     </span>
    </p>
   </div>
   <div class='ocr_carea' id='block_1_85' title="bbox 2150 3767 3714 3838">
    <p class='ocr_par' dir='ltr' id='par_1_85' title="bbox 2150 3767 3714 3838">
     <span class='ocr_line' id='line_1_85' title="bbox 2150 3767 3714 3838; baseline 0.006 -19"><span class='ocrx_word' id='word_1_628' title='bbox 2150 3769 2375 3824; x_wconf 85' lang='lat' dir='ltr'><strong>nissent.</strong></span> <span class='ocrx_word' id='word_1_629' title='bbox 2412 3767 2485 3822; x_wconf 90' lang='lat' dir='ltr'><strong>De</strong></span> <span class='ocrx_word' id='word_1_630' title='bbox 2512 3770 2668 3822; x_wconf 87' lang='lat' dir='ltr'><strong>turba</strong></span> <span class='ocrx_word' id='word_1_631' title='bbox 2711 3777 2889 3823; x_wconf 88' lang='lat' dir='ltr'><strong>autem</strong></span> <span class='ocrx_word' id='word_1_632' title='bbox 2924 3771 3281 3828; x_wconf 78' lang='lat' dir='ltr'><strong>detraxerunt</strong></span> <span class='ocrx_word' id='word_1_633' title='bbox 3325 3775 3714 3838; x_wconf 81' lang='lat' dir='ltr'><strong>Alexandrum,</strong></span> 
     </span>
    </p>
   </div>
   <div class='ocr_carea' id='block_1_86' title="bbox 2149 3857 3714 3930">
    <p class='ocr_par' dir='ltr' id='par_1_86' title="bbox 2149 3857 3714 3930">
     <span class='ocr_line' id='line_1_86' title="bbox 2149 3857 3714 3930; baseline 0.004 -18"><span class='ocrx_word' id='word_1_634' title='bbox 2149 3857 2580 3929; x_wconf 82' lang='lat' dir='ltr'><strong>propellentibus</strong></span> <span class='ocrx_word' id='word_1_635' title='bbox 2605 3873 2727 3912; x_wconf 86' lang='lat' dir='ltr'><strong>eum</strong></span> <span class='ocrx_word' id='word_1_636' title='bbox 2750 3859 2972 3914; x_wconf 61' lang='lat' dir='ltr'><strong>Indicis.</strong></span> <span class='ocrx_word' id='word_1_637' title='bbox 2999 3861 3300 3924; x_wconf 75' lang='lat' dir='ltr'><strong>Alexander</strong></span> <span class='ocrx_word' id='word_1_638' title='bbox 3327 3872 3528 3930; x_wconf 90' lang='lat' dir='ltr'><strong>autem,</strong></span> <span class='ocrx_word' id='word_1_639' title='bbox 3551 3880 3714 3919; x_wconf 92' lang='lat' dir='ltr'><strong>manu</strong></span> 
     </span>
    </p>
   </div>
   <div class='ocr_carea' id='block_1_87' title="bbox 2152 3949 3713 4024">
    <p class='ocr_par' dir='ltr' id='par_1_87' title="bbox 2152 3949 3713 4024">
     <span class='ocr_line' id='line_1_87' title="bbox 2152 3949 3713 4024; baseline 0.003 -18"><span class='ocrx_word' id='word_1_640' title='bbox 2152 3950 2370 4006; x_wconf 88' lang='lat' dir='ltr'><strong>silentio</strong></span> <span class='ocrx_word' id='word_1_641' title='bbox 2393 3949 2687 4020; x_wconf 83' lang='lat' dir='ltr'><strong>postulato,</strong></span> <span class='ocrx_word' id='word_1_642' title='bbox 2707 3951 2920 4006; x_wconf 81' lang='lat' dir='ltr'><strong>volebat</strong></span> <span class='ocrx_word' id='word_1_643' title='bbox 2947 3952 3174 4009; x_wconf 85' lang='lat' dir='ltr'><strong>reddere</strong></span> <span class='ocrx_word' id='word_1_644' title='bbox 3200 3954 3467 4010; x_wconf 90' lang='lat' dir='ltr'><strong>rationem</strong></span> <span class='ocrx_word' id='word_1_645' title='bbox 3493 3957 3713 4024; x_wconf 88' lang='lat' dir='ltr'><strong>populo.</strong></span> 
     </span>
    </p>
   </div>
   <div class='ocr_carea' id='block_1_88' title="bbox 2151 4043 3716 4114">
    <p class='ocr_par' dir='ltr' id='par_1_88' title="bbox 2151 4043 3716 4114">
     <span class='ocr_line' id='line_1_88' title="bbox 2151 4043 3716 4114; baseline 0 -14"><span class='ocrx_word' id='word_1_646' title='bbox 2151 4045 2321 4111; x_wconf 87' lang='lat' dir='ltr'><strong>Quem</strong></span> <span class='ocrx_word' id='word_1_647' title='bbox 2347 4051 2405 4098; x_wconf 91' lang='lat' dir='ltr'><strong>ut</strong></span> <span class='ocrx_word' id='word_1_648' title='bbox 2427 4051 2796 4114; x_wconf 81' lang='lat' dir='ltr'><strong>cognoverunt</strong></span> <span class='ocrx_word' id='word_1_649' title='bbox 2827 4043 3076 4101; x_wconf 71' lang='lat' dir='ltr'><strong>Judaeum</strong></span> <span class='ocrx_word' id='word_1_650' title='bbox 3125 4061 3270 4108; x_wconf 75' lang='lat' dir='ltr'><strong>esse,</strong></span> <span class='ocrx_word' id='word_1_651' title='bbox 3297 4061 3399 4102; x_wconf 82' lang='lat' dir='ltr'><strong>vox</strong></span> <span class='ocrx_word' id='word_1_652' title='bbox 3434 4047 3576 4101; x_wconf 81' lang='lat' dir='ltr'><strong>facta</strong></span> <span class='ocrx_word' id='word_1_653' title='bbox 3610 4063 3716 4102; x_wconf 90' lang='lat' dir='ltr'><strong>una</strong></span> 
     </span>
    </p>
   </div>
   <div class='ocr_carea' id='block_1_89' title="bbox 2151 4135 3716 4206">
    <p class='ocr_par' dir='ltr' id='par_1_89' title="bbox 2151 4135 3716 4206">
     <span class='ocr_line' id='line_1_89' title="bbox 2151 4135 3716 4206; baseline 0.001 -15"><span class='ocrx_word' id='word_1_654' title='bbox 2151 4145 2236 4192; x_wconf 91' lang='lat' dir='ltr'><strong>est</strong></span> <span class='ocrx_word' id='word_1_655' title='bbox 2275 4135 2540 4200; x_wconf 90' lang='lat' dir='ltr'><strong>omnium,</strong></span> <span class='ocrx_word' id='word_1_656' title='bbox 2580 4135 2736 4204; x_wconf 89' lang='lat' dir='ltr'><strong>quasi</strong></span> <span class='ocrx_word' id='word_1_657' title='bbox 2768 4151 2865 4206; x_wconf 89' lang='lat' dir='ltr'><strong>per</strong></span> <span class='ocrx_word' id='word_1_658' title='bbox 2920 4136 3084 4193; x_wconf 90' lang='lat' dir='ltr'><strong>horas</strong></span> <span class='ocrx_word' id='word_1_659' title='bbox 3127 4138 3266 4194; x_wconf 86' lang='lat' dir='ltr'><strong>duas</strong></span> <span class='ocrx_word' id='word_1_660' title='bbox 3306 4138 3659 4195; x_wconf 85' lang='lat' dir='ltr'><strong>clamantium</strong></span> <span class='ocrx_word' id='word_1_661' title='bbox 3700 4155 3716 4192; x_wconf 84' lang='lat'><strong>:</strong></span> 
     </span>
    </p>
   </div>
   <div class='ocr_carea' id='block_1_90' title="bbox 2153 4222 3718 4296">
    <p class='ocr_par' dir='ltr' id='par_1_90' title="bbox 2153 4222 3718 4296">
     <span class='ocr_line' id='line_1_90' title="bbox 2153 4222 3718 4296; baseline 0.001 -18"><span class='ocrx_word' id='word_1_662' title='bbox 2153 4223 2342 4296; x_wconf 75' lang='lat' dir='ltr'><strong>Magna</strong></span> <span class='ocrx_word' id='word_1_663' title='bbox 2378 4222 2548 4277; x_wconf 91' lang='lat' dir='ltr'><strong>Diana</strong></span> <span class='ocrx_word' id='word_1_664' title='bbox 2578 4222 2960 4294; x_wconf 81' lang='lat' dir='ltr'><strong>Ephesiorum.</strong></span> <span class='ocrx_word' id='word_1_665' title='bbox 2993 4225 3060 4281; x_wconf 88' lang='lat' dir='ltr'><strong>Et</strong></span> <span class='ocrx_word' id='word_1_666' title='bbox 3091 4240 3218 4282; x_wconf 86' lang='lat' dir='ltr'><strong>cum</strong></span> <span class='ocrx_word' id='word_1_667' title='bbox 3254 4224 3503 4281; x_wconf 84' lang='lat' dir='ltr'><strong>sedasset</strong></span> <span class='ocrx_word' id='word_1_668' title='bbox 3532 4224 3718 4280; x_wconf 89' lang='lat' dir='ltr'><strong>scriba</strong></span> 
     </span>
    </p>
   </div>
   <div class='ocr_carea' id='block_1_91' title="bbox 2155 4313 3719 4387">
    <p class='ocr_par' dir='ltr' id='par_1_91' title="bbox 2155 4313 3719 4387">
     <span class='ocr_line' id='line_1_91' title="bbox 2155 4313 3719 4387; baseline 0.001 -18"><span class='ocrx_word' id='word_1_669' title='bbox 2155 4317 2367 4380; x_wconf 87' lang='lat' dir='ltr'><strong>turbas,</strong></span> <span class='ocrx_word' id='word_1_670' title='bbox 2412 4315 2549 4372; x_wconf 79' lang='lat' dir='ltr'><strong>dixit</strong></span> <span class='ocrx_word' id='word_1_671' title='bbox 2579 4335 2594 4370; x_wconf 86' lang='lat'><strong>:</strong></span> <span class='ocrx_word' id='word_1_672' title='bbox 2628 4313 2751 4369; x_wconf 57' lang='lat' dir='ltr'><strong>Viri,</strong></span> <span class='ocrx_word' id='word_1_673' title='bbox 2783 4315 3026 4383; x_wconf 85' lang='lat' dir='ltr'><strong>Ephesii,</strong></span> <span class='ocrx_word' id='word_1_674' title='bbox 3062 4317 3187 4387; x_wconf 90' lang='lat' dir='ltr'><strong>quis</strong></span> <span class='ocrx_word' id='word_1_675' title='bbox 3233 4317 3380 4372; x_wconf 88' lang='lat' dir='ltr'><strong>enim</strong></span> <span class='ocrx_word' id='word_1_676' title='bbox 3419 4325 3503 4372; x_wconf 85' lang='lat' dir='ltr'><strong>est</strong></span> <span class='ocrx_word' id='word_1_677' title='bbox 3538 4317 3719 4371; x_wconf 90' lang='lat' dir='ltr'><strong>homi-</strong></span> 
     </span>
    </p>
   </div>
   <div class='ocr_carea' id='block_1_92' title="bbox 481 4399 2043 4489">
    <p class='ocr_par' dir='ltr' id='par_1_92' title="bbox 481 4399 2043 4489">
     <span class='ocr_line' id='line_1_92' title="bbox 481 4399 2043 4489; baseline 0.008 -29"><span class='ocrx_word' id='word_1_678' title='bbox 481 4407 668 4472; x_wconf 86' lang='grc' dir='ltr'>σείσας</span> <span class='ocrx_word' id='word_1_679' title='bbox 719 4411 785 4480; x_wconf 80' lang='grc' dir='ltr'>τῇ</span> <span class='ocrx_word' id='word_1_680' title='bbox 831 4411 975 4481; x_wconf 76' lang='grc' dir='ltr'>χειρὶ</span> <span class='ocrx_word' id='word_1_681' title='bbox 1022 4411 1212 4482; x_wconf 63' lang='grc' dir='ltr'>ἠθελεν</span> <span class='ocrx_word' id='word_1_682' title='bbox 1260 4399 1702 4485; x_wconf 84' lang='grc' dir='ltr'>ἀπολογήσασθαι</span> <span class='ocrx_word' id='word_1_683' title='bbox 1752 4416 1828 4487; x_wconf 85' lang='grc' dir='ltr'>τῷ</span> <span class='ocrx_word' id='word_1_684' title='bbox 1871 4417 2043 4489; x_wconf 82' lang='grc' dir='ltr'>δήμῳ.</span> 
     </span>
    </p>
   </div>
   <div class='ocr_carea' id='block_1_93' title="bbox 2147 4399 3714 4489">
    <p class='ocr_par' dir='ltr' id='par_1_93' title="bbox 2157 4408 3714 4480">
     <span class='ocr_line' id='line_1_93' title="bbox 2157 4408 3714 4480; baseline 0 -16"><span class='ocrx_word' id='word_1_685' title='bbox 2157 4425 2284 4464; x_wconf 91' lang='lat' dir='ltr'><strong>num</strong></span> <span class='ocrx_word' id='word_1_686' title='bbox 2315 4409 2410 4480; x_wconf 89' lang='lat' dir='ltr'><strong>qui</strong></span> <span class='ocrx_word' id='word_1_687' title='bbox 2454 4408 2665 4464; x_wconf 88' lang='lat' dir='ltr'><strong>nesciat</strong></span> <span class='ocrx_word' id='word_1_688' title='bbox 2705 4408 3066 4480; x_wconf 88' lang='lat' dir='ltr'><strong>Ephesiorum</strong></span> <span class='ocrx_word' id='word_1_689' title='bbox 3108 4410 3381 4464; x_wconf 86' lang='lat' dir='ltr'><strong>civitatem</strong></span> <span class='ocrx_word' id='word_1_690' title='bbox 3429 4409 3714 4464; x_wconf 85' lang='lat' dir='ltr'><strong>Neocoron</strong></span> 
     </span>
    </p>
   </div>
   <div class='ocr_carea' id='block_1_94' title="bbox 493 4498 2052 4578">
    <p class='ocr_par' dir='ltr' id='par_1_94' title="bbox 493 4498 2052 4578">
     <span class='ocr_line' id='line_1_94' title="bbox 493 4498 2052 4578; baseline 0.006 -27"><span class='ocrx_word' id='word_1_691' title='bbox 493 4498 837 4567; x_wconf 83' lang='grc' dir='ltr'>Ἐπιγνόντες</span> <span class='ocrx_word' id='word_1_692' title='bbox 881 4501 938 4554; x_wconf 75' lang='grc' dir='ltr'>δὲ</span> <span class='ocrx_word' id='word_1_693' title='bbox 966 4503 1048 4555; x_wconf 83' lang='grc' dir='ltr'>ὅτι</span> <span class='ocrx_word' id='word_1_694' title='bbox 1077 4503 1332 4567; x_wconf 81' lang='grc' dir='ltr'>Ἰουδαῖός</span> <span class='ocrx_word' id='word_1_695' title='bbox 1364 4506 1504 4572; x_wconf 81' lang='grc' dir='ltr'>ἐστι,</span> <span class='ocrx_word' id='word_1_696' title='bbox 1531 4505 1682 4578; x_wconf 75' lang='grc' dir='ltr'>φωνὴ</span> <span class='ocrx_word' id='word_1_697' title='bbox 1706 4506 1924 4575; x_wconf 87' lang='grc' dir='ltr'>ἐγένετο</span> <span class='ocrx_word' id='word_1_698' title='bbox 1952 4507 2052 4577; x_wconf 89' lang='grc' dir='ltr'><strong>μία</strong></span> 
     </span>
    </p>
   </div>
   <div class='ocr_carea' id='block_1_95' title="bbox 483 4591 2047 4667">
    <p class='ocr_par' dir='ltr' id='par_1_95' title="bbox 483 4591 2047 4667">
     <span class='ocr_line' id='line_1_95' title="bbox 483 4591 2047 4667; baseline 0.005 -26"><span class='ocrx_word' id='word_1_699' title='bbox 483 4592 546 4642; x_wconf 83' lang='grc' dir='ltr'><strong>ἐκ</strong></span> <span class='ocrx_word' id='word_1_700' title='bbox 576 4591 820 4656; x_wconf 88' lang='grc' dir='ltr'>πάντων,</span> <span class='ocrx_word' id='word_1_701' title='bbox 849 4591 924 4654; x_wconf 81' lang='grc' dir='ltr'><strong>ὡς</strong></span> <span class='ocrx_word' id='word_1_702' title='bbox 952 4593 1045 4644; x_wconf 67' lang='grc' dir='ltr'>ἐπὶ</span> <span class='ocrx_word' id='word_1_703' title='bbox 1068 4592 1217 4663; x_wconf 83' lang='grc' dir='ltr'>ὥρας</span> <span class='ocrx_word' id='word_1_704' title='bbox 1249 4595 1344 4647; x_wconf 86' lang='grc' dir='ltr'><strong>δύο</strong></span> <span class='ocrx_word' id='word_1_705' title='bbox 1380 4596 1688 4666; x_wconf 74' lang='grc' dir='ltr'>κραζόντων</span> <span class='ocrx_word' id='word_1_706' title='bbox 1709 4612 1723 4627; x_wconf 87' lang='grc'>⁶</span> <span class='ocrx_word' id='word_1_707' title='bbox 1759 4597 1988 4666; x_wconf 85' lang='grc' dir='ltr'>Μεγάλη</span> <span class='ocrx_word' id='word_1_708' title='bbox 2016 4599 2047 4667; x_wconf 75' lang='grc' dir='ltr'>ἡ</span> 
     </span>
    </p>
   </div>
   <div class='ocr_carea' id='block_1_96' title="bbox 486 4681 2051 4758">
    <p class='ocr_par' dir='ltr' id='par_1_96' title="bbox 486 4681 2051 4758">
     <span class='ocr_line' id='line_1_96' title="bbox 486 4681 2051 4758; baseline 0.004 -24"><span class='ocrx_word' id='word_1_709' title='bbox 486 4683 754 4753; x_wconf 81' lang='grc' dir='ltr'>’Δρτεμις</span> <span class='ocrx_word' id='word_1_710' title='bbox 809 4681 1095 4750; x_wconf 83' lang='grc' dir='ltr'>Ἐφεσίων.</span> <span class='ocrx_word' id='word_1_711' title='bbox 1135 4685 1506 4749; x_wconf 84' lang='grc' dir='ltr'>Καταστείλας</span> <span class='ocrx_word' id='word_1_712' title='bbox 1536 4686 1593 4739; x_wconf 84' lang='grc' dir='ltr'>δὲ</span> <span class='ocrx_word' id='word_1_713' title='bbox 1631 4689 1660 4740; x_wconf 82' lang='grc' dir='ltr'><strong>ό</strong></span> <span class='ocrx_word' id='word_1_714' title='bbox 1691 4689 2051 4758; x_wconf 74' lang='grc' dir='ltr'>γραμματεὺς</span> 
     </span>
    </p>
   </div>
   <div class='ocr_carea' id='block_1_97' title="bbox 483 4771 2051 4847">
    <p class='ocr_par' dir='ltr' id='par_1_97' title="bbox 483 4771 2051 4847">
     <span class='ocr_line' id='line_1_97' title="bbox 483 4771 2051 4847; baseline 0.005 -25"><span class='ocrx_word' id='word_1_715' title='bbox 483 4771 573 4823; x_wconf 82' lang='grc' dir='ltr'>τὸν</span> <span class='ocrx_word' id='word_1_716' title='bbox 605 4772 782 4842; x_wconf 76' lang='grc' dir='ltr'>ὄχλον,</span> <span class='ocrx_word' id='word_1_717' title='bbox 821 4773 1014 4842; x_wconf 72' lang='grc' dir='ltr'>φησίνο</span> <span class='ocrx_word' id='word_1_718' title='bbox 1053 4775 1279 4845; x_wconf 76' lang='grc' dir='ltr'>’Ἄνδρες</span> <span class='ocrx_word' id='word_1_719' title='bbox 1338 4777 1592 4844; x_wconf 81' lang='grc' dir='ltr'>Ἐφέσιοι,</span> <span class='ocrx_word' id='word_1_720' title='bbox 1635 4776 1718 4840; x_wconf 82' lang='grc' dir='ltr'><strong>τίς</strong></span> <span class='ocrx_word' id='word_1_721' title='bbox 1751 4777 1858 4847; x_wconf 85' lang='grc' dir='ltr'><strong>γάρ</strong></span> <span class='ocrx_word' id='word_1_722' title='bbox 1904 4780 2051 4831; x_wconf 91' lang='grc' dir='ltr'>ἐστιν</span> 
     </span>
    </p>
   </div>
   <div class='ocr_carea' id='block_1_98' title="bbox 483 4861 2052 4936">
    <p class='ocr_par' dir='ltr' id='par_1_98' title="bbox 483 4861 2052 4936">
     <span class='ocr_line' id='line_1_98' title="bbox 483 4861 2052 4936; baseline 0.004 -23"><span class='ocrx_word' id='word_1_723' title='bbox 483 4861 809 4933; x_wconf 81' lang='grc' dir='ltr'>ἀνθρώπων,</span> <span class='ocrx_word' id='word_1_724' title='bbox 831 4863 889 4926; x_wconf 83' lang='grc' dir='ltr'>ὃς</span> <span class='ocrx_word' id='word_1_725' title='bbox 920 4864 980 4917; x_wconf 85' lang='grc' dir='ltr'>οὐ</span> <span class='ocrx_word' id='word_1_726' title='bbox 1009 4864 1267 4933; x_wconf 78' lang='grc' dir='ltr'>γινώσκει</span> <span class='ocrx_word' id='word_1_727' title='bbox 1295 4865 1394 4934; x_wconf 72' lang='grc' dir='ltr'>τὴν</span> <span class='ocrx_word' id='word_1_728' title='bbox 1435 4864 1700 4936; x_wconf 79' lang='grc' dir='ltr'>Ἐφεσίων</span> <span class='ocrx_word' id='word_1_729' title='bbox 1739 4867 1893 4919; x_wconf 83' lang='grc' dir='ltr'>πόλιν</span> <span class='ocrx_word' id='word_1_730' title='bbox 1921 4885 2052 4922; x_wconf 92' lang='grc' dir='ltr'>νεω-</span> 
     </span>
    </p>
   </div>
   <div class='ocr_carea' id='block_1_99' title="bbox 486 4951 2050 5028">
    <p class='ocr_par' dir='ltr' id='par_1_99' title="bbox 486 4951 2050 5028">
     <span class='ocr_line' id='line_1_99' title="bbox 486 4951 2050 5028; baseline 0.006 -25"><span class='ocrx_word' id='word_1_731' title='bbox 486 4951 646 5020; x_wconf 80' lang='grc' dir='ltr'>κόρον</span> <span class='ocrx_word' id='word_1_732' title='bbox 692 4951 855 5007; x_wconf 85' lang='grc' dir='ltr'>οῦσαν</span> <span class='ocrx_word' id='word_1_733' title='bbox 887 4955 985 5024; x_wconf 84' lang='grc' dir='ltr'>τῆς</span> <span class='ocrx_word' id='word_1_734' title='bbox 1033 4955 1280 5026; x_wconf 86' lang='grc' dir='ltr'>μεγάλης</span> <span class='ocrx_word' id='word_1_735' title='bbox 1318 4955 1446 5018; x_wconf 83' lang='grc' dir='ltr'>θεᾶς</span> <span class='ocrx_word' id='word_1_736' title='bbox 1474 4955 1790 5028; x_wconf 79' lang='grc' dir='ltr'>’Δρτέμιδος</span> <span class='ocrx_word' id='word_1_737' title='bbox 1822 4957 1918 5012; x_wconf 73' lang='grc' dir='ltr'><strong>καὶ</strong></span> <span class='ocrx_word' id='word_1_738' title='bbox 1955 4957 2050 5012; x_wconf 87' lang='grc' dir='ltr'><strong>τοῦ</strong></span> 
     </span>
    </p>
   </div>
   <div class='ocr_carea' id='block_1_100' title="bbox 486 5041 2048 5116">
    <p class='ocr_par' dir='ltr' id='par_1_100' title="bbox 486 5041 2048 5116">
     <span class='ocr_line' id='line_1_100' title="bbox 486 5041 2048 5116; baseline 0.007 -24"><span class='ocrx_word' id='word_1_739' title='bbox 486 5043 810 5111; x_wconf 76' lang='grc' dir='ltr'>Διοπετοῦς;</span> <span class='ocrx_word' id='word_1_740' title='bbox 853 5045 1289 5116; x_wconf 77' lang='grc' dir='ltr'>Ἀναντιρῤήτων</span> <span class='ocrx_word' id='word_1_741' title='bbox 1318 5041 1410 5099; x_wconf 83' lang='grc' dir='ltr'><strong>οῦν</strong></span> <span class='ocrx_word' id='word_1_742' title='bbox 1450 5046 1621 5099; x_wconf 76' lang='grc' dir='ltr'>ὄντων</span> <span class='ocrx_word' id='word_1_743' title='bbox 1653 5049 1879 5115; x_wconf 89' lang='grc' dir='ltr'>τούτων,</span> <span class='ocrx_word' id='word_1_744' title='bbox 1905 5043 2048 5114; x_wconf 78' lang='grc' dir='ltr'>εἷπε,</span> 
     </span>
    </p>
   </div>
   <div class='ocr_carea' id='block_1_101' title="bbox 485 5133 2052 5210">
    <p class='ocr_par' dir='ltr' id='par_1_101' title="bbox 485 5133 2052 5210">
     <span class='ocr_line' id='line_1_101' title="bbox 485 5133 2052 5210; baseline 0.005 -26"><span class='ocrx_word' id='word_1_745' title='bbox 485 5133 605 5185; x_wconf 88' lang='grc' dir='ltr'>δέον</span> <span class='ocrx_word' id='word_1_746' title='bbox 629 5134 775 5187; x_wconf 77' lang='grc' dir='ltr'>ἐστὶν</span> <span class='ocrx_word' id='word_1_747' title='bbox 799 5135 943 5205; x_wconf 81' lang='grc' dir='ltr'>ὑμᾶς</span> <span class='ocrx_word' id='word_1_748' title='bbox 961 5135 1434 5204; x_wconf 87' lang='grc' dir='ltr'>κατεσταλμένους</span> <span class='ocrx_word' id='word_1_749' title='bbox 1458 5137 1748 5208; x_wconf 82' lang='grc' dir='ltr'>ὑπάρχειν,</span> <span class='ocrx_word' id='word_1_750' title='bbox 1766 5139 1860 5192; x_wconf 75' lang='grc' dir='ltr'><strong>καὶ</strong></span> <span class='ocrx_word' id='word_1_751' title='bbox 1885 5139 2052 5210; x_wconf 89' lang='grc' dir='ltr'>μηδὲν</span> 
     </span>
    </p>
   </div>
   <div class='ocr_carea' id='block_1_102' title="bbox 489 5224 2042 5299">
    <p class='ocr_par' dir='ltr' id='par_1_102' title="bbox 489 5224 2042 5299">
     <span class='ocr_line' id='line_1_102' title="bbox 489 5224 2042 5299; baseline 0.004 -23"><span class='ocrx_word' id='word_1_752' title='bbox 489 5224 758 5297; x_wconf 80' lang='grc' dir='ltr'>προπετὲς</span> <span class='ocrx_word' id='word_1_753' title='bbox 788 5227 1073 5296; x_wconf 88' lang='grc' dir='ltr'>πράσσειν.</span> <span class='ocrx_word' id='word_1_754' title='bbox 1119 5227 1386 5295; x_wconf 85' lang='grc' dir='ltr'>Ἠγάγετε</span> <span class='ocrx_word' id='word_1_755' title='bbox 1418 5227 1525 5297; x_wconf 84' lang='grc' dir='ltr'><strong>γὰρ</strong></span> <span class='ocrx_word' id='word_1_756' title='bbox 1556 5229 1682 5291; x_wconf 78' lang='grc' dir='ltr'>τοὺς</span> <span class='ocrx_word' id='word_1_757' title='bbox 1708 5229 1904 5299; x_wconf 81' lang='grc' dir='ltr'>ἄνδρας</span> <span class='ocrx_word' id='word_1_758' title='bbox 1925 5229 2042 5282; x_wconf 84' lang='grc' dir='ltr'>τού-</span> 
     </span>
    </p>
   </div>
   <div class='ocr_carea' id='block_1_103' title="bbox 487 5313 2054 5388">
    <p class='ocr_par' dir='ltr' id='par_1_103' title="bbox 487 5313 2054 5388">
     <span class='ocr_line' id='line_1_103' title="bbox 487 5313 2054 5388; baseline 0.004 -22"><span class='ocrx_word' id='word_1_759' title='bbox 487 5329 634 5377; x_wconf 88' lang='grc' dir='ltr'>τους,</span> <span class='ocrx_word' id='word_1_760' title='bbox 662 5313 784 5367; x_wconf 82' lang='grc' dir='ltr'>οῦτε</span> <span class='ocrx_word' id='word_1_761' title='bbox 817 5314 1290 5385; x_wconf 81' lang='grc' dir='ltr'>ίεροσύ).ους,οῦτε</span> <span class='ocrx_word' id='word_1_762' title='bbox 1321 5316 1774 5386; x_wconf 85' lang='grc' dir='ltr'>βλασφημοῦντας</span> <span class='ocrx_word' id='word_1_763' title='bbox 1806 5319 1905 5388; x_wconf 72' lang='grc' dir='ltr'>τὴν</span> <span class='ocrx_word' id='word_1_764' title='bbox 1926 5318 2054 5373; x_wconf 83' lang='grc' dir='ltr'>θεάν</span> 
     </span>
    </p>
   </div>
   <div class='ocr_carea' id='block_1_104' title="bbox 487 5402 2050 5478">
    <p class='ocr_par' dir='ltr' id='par_1_104' title="bbox 487 5402 2050 5478">
     <span class='ocr_line' id='line_1_104' title="bbox 487 5402 2050 5478; baseline 0.003 -21"><span class='ocrx_word' id='word_1_765' title='bbox 487 5404 662 5474; x_wconf 87' lang='grc' dir='ltr'>ύμῶν.</span> <span class='ocrx_word' id='word_1_766' title='bbox 696 5406 757 5459; x_wconf 80' lang='lat' dir='ltr'><strong>Ei</strong></span> <span class='ocrx_word' id='word_1_767' title='bbox 793 5405 893 5477; x_wconf 77' lang='grc' dir='ltr'>μὲν</span> <span class='ocrx_word' id='word_1_768' title='bbox 931 5402 1025 5459; x_wconf 80' lang='grc' dir='ltr'><strong>οῦν</strong></span> <span class='ocrx_word' id='word_1_769' title='bbox 1060 5408 1391 5477; x_wconf 81' lang='grc' dir='ltr'>Δημήτριος,</span> <span class='ocrx_word' id='word_1_770' title='bbox 1426 5409 1519 5461; x_wconf 77' lang='grc' dir='ltr'><strong>καὶ</strong></span> <span class='ocrx_word' id='word_1_771' title='bbox 1558 5409 1608 5461; x_wconf 77' lang='grc' dir='ltr'><strong>οἱ</strong></span> <span class='ocrx_word' id='word_1_772' title='bbox 1652 5408 1748 5460; x_wconf 80' lang='grc' dir='ltr'>σὺν</span> <span class='ocrx_word' id='word_1_773' title='bbox 1777 5407 1928 5478; x_wconf 84' lang='grc' dir='ltr'><strong>αὐτῷ</strong></span> <span class='ocrx_word' id='word_1_774' title='bbox 1957 5425 2050 5462; x_wconf 86' lang='grc' dir='ltr'>τε-</span> 
     </span>
    </p>
   </div>
   <div class='ocr_carea' id='block_1_105' title="bbox 487 5495 2048 5569">
    <p class='ocr_par' dir='ltr' id='par_1_105' title="bbox 487 5495 2048 5569">
     <span class='ocr_line' id='line_1_105' title="bbox 487 5495 2048 5569; baseline 0.002 -22"><span class='ocrx_word' id='word_1_775' title='bbox 487 5499 686 5565; x_wconf 83' lang='grc' dir='ltr'>χνῖται,</span> <span class='ocrx_word' id='word_1_776' title='bbox 718 5495 899 5567; x_wconf 76' lang='grc' dir='ltr'>έχουσι</span> <span class='ocrx_word' id='word_1_777' title='bbox 942 5496 1078 5566; x_wconf 86' lang='grc' dir='ltr'>πρός</span> <span class='ocrx_word' id='word_1_778' title='bbox 1115 5514 1238 5550; x_wconf 85' lang='grc' dir='ltr'>τινα</span> <span class='ocrx_word' id='word_1_779' title='bbox 1295 5498 1475 5565; x_wconf 88' lang='grc' dir='ltr'>λόγον,</span> <span class='ocrx_word' id='word_1_780' title='bbox 1516 5499 1763 5569; x_wconf 79' lang='grc' dir='ltr'>ἀγοραῖοι</span> <span class='ocrx_word' id='word_1_781' title='bbox 1800 5498 2048 5568; x_wconf 76' lang='grc' dir='ltr'>ἄγονται,</span> 
     </span>
    </p>
   </div>
   <div class='ocr_carea' id='block_1_106' title="bbox 488 5587 2048 5660">
    <p class='ocr_par' dir='ltr' id='par_1_106' title="bbox 488 5587 2048 5660">
     <span class='ocr_line' id='line_1_106' title="bbox 488 5587 2048 5660; baseline 0.004 -22"><span class='ocrx_word' id='word_1_782' title='bbox 488 5588 583 5641; x_wconf 71' lang='grc' dir='ltr'><strong>καὶ</strong></span> <span class='ocrx_word' id='word_1_783' title='bbox 611 5587 903 5642; x_wconf 85' lang='grc' dir='ltr'>ἀνθύπατοι</span> <span class='ocrx_word' id='word_1_784' title='bbox 947 5589 1117 5642; x_wconf 84' lang='grc' dir='ltr'>είσίν·</span> <span class='ocrx_word' id='word_1_785' title='bbox 1152 5589 1552 5658; x_wconf 80' lang='grc' dir='ltr'>ἐγκαλείτωσαν</span> <span class='ocrx_word' id='word_1_786' title='bbox 1598 5589 1867 5660; x_wconf 80' lang='grc' dir='ltr'>ἀλλήλοις.</span> <span class='ocrx_word' id='word_1_787' title='bbox 1904 5593 1966 5644; x_wconf 83' lang='lat' dir='ltr'><strong>El</strong></span> <span class='ocrx_word' id='word_1_788' title='bbox 1991 5591 2048 5644; x_wconf 83' lang='grc' dir='ltr'><strong>δέ</strong></span> 
     </span>
    </p>
   </div>
   <div class='ocr_carea' id='block_1_107' title="bbox 2147 4499 3717 4571">
    <p class='ocr_par' dir='ltr' id='par_1_107' title="bbox 2147 4499 3717 4571">
     <span class='ocr_line' id='line_1_107' title="bbox 2147 4499 3717 4571; baseline -0.002 -14"><span class='ocrx_word' id='word_1_789' title='bbox 2147 4517 2269 4556; x_wconf 91' lang='lat' dir='ltr'><strong>esse</strong></span> <span class='ocrx_word' id='word_1_790' title='bbox 2298 4516 2504 4571; x_wconf 78' lang='lat' dir='ltr'><strong>magnae</strong></span> <span class='ocrx_word' id='word_1_791' title='bbox 2537 4499 2741 4566; x_wconf 71' lang='lat' dir='ltr'><strong>Dianae,</strong></span> <span class='ocrx_word' id='word_1_792' title='bbox 2772 4508 2825 4556; x_wconf 90' lang='lat' dir='ltr'><strong>et</strong></span> <span class='ocrx_word' id='word_1_793' title='bbox 2853 4499 3136 4571; x_wconf 86' lang='lat' dir='ltr'><strong>Diopctis?</strong></span> <span class='ocrx_word' id='word_1_794' title='bbox 3165 4501 3297 4555; x_wconf 90' lang='lat' dir='ltr'><strong>Cum</strong></span> <span class='ocrx_word' id='word_1_795' title='bbox 3323 4515 3454 4571; x_wconf 78' lang='lat' dir='ltr'><strong>ergo</strong></span> <span class='ocrx_word' id='word_1_796' title='bbox 3478 4500 3563 4556; x_wconf 90' lang='lat' dir='ltr'><strong>his</strong></span> <span class='ocrx_word' id='word_1_797' title='bbox 3583 4515 3717 4554; x_wconf 82' lang='lat' dir='ltr'><strong>con-</strong></span> 
     </span>
    </p>
   </div>
   <div class='ocr_carea' id='block_1_108' title="bbox 2149 4590 3716 4662">
    <p class='ocr_par' dir='ltr' id='par_1_108' title="bbox 2149 4590 3716 4662">
     <span class='ocr_line' id='line_1_108' title="bbox 2149 4590 3716 4662; baseline -0.001 -17"><span class='ocrx_word' id='word_1_798' title='bbox 2149 4591 2343 4648; x_wconf 83' lang='lat' dir='ltr'><strong>tradici</strong></span> <span class='ocrx_word' id='word_1_799' title='bbox 2367 4607 2474 4646; x_wconf 92' lang='lat' dir='ltr'><strong>non</strong></span> <span class='ocrx_word' id='word_1_800' title='bbox 2497 4591 2689 4662; x_wconf 88' lang='lat' dir='ltr'><strong>possit,</strong></span> <span class='ocrx_word' id='word_1_801' title='bbox 2708 4600 2923 4662; x_wconf 86' lang='lat' dir='ltr'><strong>oportet</strong></span> <span class='ocrx_word' id='word_1_802' title='bbox 2948 4605 3044 4646; x_wconf 84' lang='lat' dir='ltr'><strong>vos</strong></span> <span class='ocrx_word' id='word_1_803' title='bbox 3076 4591 3293 4646; x_wconf 85' lang='lat' dir='ltr'><strong>sedatos</strong></span> <span class='ocrx_word' id='word_1_804' title='bbox 3321 4602 3466 4656; x_wconf 83' lang='lat' dir='ltr'><strong>esse,</strong></span> <span class='ocrx_word' id='word_1_805' title='bbox 3495 4598 3550 4644; x_wconf 89' lang='lat' dir='ltr'><strong>et</strong></span> <span class='ocrx_word' id='word_1_806' title='bbox 3579 4590 3716 4645; x_wconf 86' lang='lat' dir='ltr'><strong>nihil</strong></span> 
     </span>
    </p>
   </div>
   <div class='ocr_carea' id='block_1_109' title="bbox 2149 4682 3718 4752">
    <p class='ocr_par' dir='ltr' id='par_1_109' title="bbox 2149 4682 3718 4752">
     <span class='ocr_line' id='line_1_109' title="bbox 2149 4682 3718 4752; baseline 0.001 -16"><span class='ocrx_word' id='word_1_807' title='bbox 2149 4691 2353 4737; x_wconf 78' lang='lat' dir='ltr'><strong>temere</strong></span> <span class='ocrx_word' id='word_1_808' title='bbox 2379 4698 2561 4752; x_wconf 72' lang='lat' dir='ltr'><strong>agere.</strong></span> <span class='ocrx_word' id='word_1_809' title='bbox 2597 4682 2917 4737; x_wconf 73' lang='lat' dir='ltr'><strong>Adduxistis</strong></span> <span class='ocrx_word' id='word_1_810' title='bbox 2959 4683 3104 4736; x_wconf 88' lang='lat' dir='ltr'><strong>enim</strong></span> <span class='ocrx_word' id='word_1_811' title='bbox 3148 4682 3396 4738; x_wconf 87' lang='lat' dir='ltr'><strong>homines</strong></span> <span class='ocrx_word' id='word_1_812' title='bbox 3429 4684 3589 4748; x_wconf 86' lang='lat' dir='ltr'><strong>istos,</strong></span> <span class='ocrx_word' id='word_1_813' title='bbox 3618 4696 3718 4738; x_wconf 88' lang='lat' dir='ltr'><strong>ne-</strong></span> 
     </span>
    </p>
   </div>
   <div class='ocr_carea' id='block_1_110' title="bbox 2148 4773 3715 4846">
    <p class='ocr_par' dir='ltr' id='par_1_110' title="bbox 2148 4773 3715 4846">
     <span class='ocr_line' id='line_1_110' title="bbox 2148 4773 3715 4846; baseline -0.001 -16"><span class='ocrx_word' id='word_1_814' title='bbox 2148 4791 2255 4846; x_wconf 93' lang='lat' dir='ltr'><strong>que</strong></span> <span class='ocrx_word' id='word_1_815' title='bbox 2282 4775 2600 4845; x_wconf 79' lang='lat' dir='ltr'><strong>sacrilegos,</strong></span> <span class='ocrx_word' id='word_1_816' title='bbox 2621 4789 2795 4842; x_wconf 89' lang='lat' dir='ltr'><strong>neque</strong></span> <span class='ocrx_word' id='word_1_817' title='bbox 2820 4773 3262 4843; x_wconf 82' lang='lat' dir='ltr'><strong>blasphemantes</strong></span> <span class='ocrx_word' id='word_1_818' title='bbox 3279 4774 3435 4828; x_wconf 89' lang='lat' dir='ltr'><strong>deam</strong></span> <span class='ocrx_word' id='word_1_819' title='bbox 3455 4782 3715 4830; x_wconf 86' lang='lat' dir='ltr'><strong>vestram.</strong></span> 
     </span>
    </p>
   </div>
   <div class='ocr_carea' id='block_1_111' title="bbox 2151 4865 3714 4932">
    <p class='ocr_par' dir='ltr' id='par_1_111' title="bbox 2151 4865 3714 4932">
     <span class='ocr_line' id='line_1_111' title="bbox 2151 4865 3714 4932; baseline -0.001 -13"><span class='ocrx_word' id='word_1_820' title='bbox 2151 4865 2306 4932; x_wconf 87' lang='lat' dir='ltr'><strong>Quod</strong></span> <span class='ocrx_word' id='word_1_821' title='bbox 2338 4867 2385 4921; x_wconf 91' lang='lat' dir='ltr'><strong>si</strong></span> <span class='ocrx_word' id='word_1_822' title='bbox 2429 4865 2756 4930; x_wconf 88' lang='lat' dir='ltr'><strong>Demetrius,</strong></span> <span class='ocrx_word' id='word_1_823' title='bbox 2799 4873 2856 4919; x_wconf 88' lang='lat' dir='ltr'><strong>et</strong></span> <span class='ocrx_word' id='word_1_824' title='bbox 2887 4865 2980 4932; x_wconf 88' lang='lat' dir='ltr'><strong>qui</strong></span> <span class='ocrx_word' id='word_1_825' title='bbox 3012 4880 3135 4920; x_wconf 91' lang='lat' dir='ltr'><strong>cum</strong></span> <span class='ocrx_word' id='word_1_826' title='bbox 3180 4880 3247 4920; x_wconf 91' lang='lat' dir='ltr'><strong>eo</strong></span> <span class='ocrx_word' id='word_1_827' title='bbox 3281 4873 3412 4921; x_wconf 86' lang='lat' dir='ltr'><strong>sunt</strong></span> <span class='ocrx_word' id='word_1_828' title='bbox 3455 4865 3714 4927; x_wconf 87' lang='lat' dir='ltr'><strong>artiﬁces,</strong></span> 
     </span>
    </p>
   </div>
   <div class='ocr_carea' id='block_1_112' title="bbox 2151 4952 3719 5024">
    <p class='ocr_par' dir='ltr' id='par_1_112' title="bbox 2151 4952 3719 5024">
     <span class='ocr_line' id='line_1_112' title="bbox 2151 4952 3719 5024; baseline 0 -16"><span class='ocrx_word' id='word_1_829' title='bbox 2151 4955 2354 5010; x_wconf 89' lang='lat' dir='ltr'><strong>habent</strong></span> <span class='ocrx_word' id='word_1_830' title='bbox 2394 4955 2660 5009; x_wconf 88' lang='lat' dir='ltr'><strong>adversus</strong></span> <span class='ocrx_word' id='word_1_831' title='bbox 2713 4955 2949 5024; x_wconf 87' lang='lat' dir='ltr'><strong>aliquem</strong></span> <span class='ocrx_word' id='word_1_832' title='bbox 3000 4968 3246 5019; x_wconf 91' lang='lat' dir='ltr'><strong>causam,</strong></span> <span class='ocrx_word' id='word_1_833' title='bbox 3285 4966 3591 5012; x_wconf 86' lang='lat' dir='ltr'><strong>conventus</strong></span> <span class='ocrx_word' id='word_1_834' title='bbox 3637 4952 3719 5008; x_wconf 77' lang='lat' dir='ltr'><strong>fo-</strong></span> 
     </span>
    </p>
   </div>
   <div class='ocr_carea' id='block_1_113' title="bbox 2152 5042 3721 5116">
    <p class='ocr_par' dir='ltr' id='par_1_113' title="bbox 2152 5042 3721 5116">
     <span class='ocr_line' id='line_1_113' title="bbox 2152 5042 3721 5116; baseline -0.003 -16"><span class='ocrx_word' id='word_1_835' title='bbox 2152 5061 2340 5102; x_wconf 88' lang='lat' dir='ltr'><strong>renses</strong></span> <span class='ocrx_word' id='word_1_836' title='bbox 2373 5052 2609 5116; x_wconf 79' lang='lat' dir='ltr'><strong>aguntur</strong></span> <span class='ocrx_word' id='word_1_837' title='bbox 2638 5052 2692 5098; x_wconf 90' lang='lat' dir='ltr'><strong>et</strong></span> <span class='ocrx_word' id='word_1_838' title='bbox 2714 5044 3070 5114; x_wconf 89' lang='lat' dir='ltr'><strong>proconsules</strong></span> <span class='ocrx_word' id='word_1_839' title='bbox 3093 5054 3258 5100; x_wconf 88' lang='lat' dir='ltr'><strong>sunt:</strong></span> <span class='ocrx_word' id='word_1_840' title='bbox 3285 5051 3545 5100; x_wconf 90' lang='lat' dir='ltr'><strong>accusent</strong></span> <span class='ocrx_word' id='word_1_841' title='bbox 3579 5042 3721 5096; x_wconf 87' lang='lat' dir='ltr'><strong>invi-</strong></span> 
     </span>
    </p>
   </div>
   <div class='ocr_carea' id='block_1_114' title="bbox 2150 5134 3719 5207">
    <p class='ocr_par' dir='ltr' id='par_1_114' title="bbox 2150 5134 3719 5207">
     <span class='ocr_line' id='line_1_114' title="bbox 2150 5134 3719 5207; baseline -0.003 -14"><span class='ocrx_word' id='word_1_842' title='bbox 2150 5153 2288 5193; x_wconf 92' lang='lat' dir='ltr'><strong>cem.</strong></span> <span class='ocrx_word' id='word_1_843' title='bbox 2317 5135 2374 5192; x_wconf 92' lang='lat' dir='ltr'><strong>Si</strong></span> <span class='ocrx_word' id='word_1_844' title='bbox 2404 5136 2532 5207; x_wconf 87' lang='lat' dir='ltr'><strong>quid</strong></span> <span class='ocrx_word' id='word_1_845' title='bbox 2568 5142 2748 5190; x_wconf 88' lang='lat' dir='ltr'><strong>autem</strong></span> <span class='ocrx_word' id='word_1_846' title='bbox 2775 5135 2938 5206; x_wconf 76' lang='lat'><strong>287</strong></span> <span class='ocrx_word' id='word_1_847' title='bbox 2969 5135 3193 5190; x_wconf 86' lang='lat' dir='ltr'><strong>alterius</strong></span> <span class='ocrx_word' id='word_1_848' title='bbox 3226 5135 3316 5189; x_wconf 89' lang='lat' dir='ltr'><strong>rei-</strong></span> <span class='ocrx_word' id='word_1_849' title='bbox 3345 5134 3630 5202; x_wconf 83' lang='lat' dir='ltr'><strong>quaeritis,</strong></span> <span class='ocrx_word' id='word_1_850' title='bbox 3661 5134 3719 5188; x_wconf 89' lang='lat' dir='ltr'><strong>in</strong></span> 
     </span>
    </p>
   </div>
   <div class='ocr_carea' id='block_1_115' title="bbox 2152 5223 3718 5299">
    <p class='ocr_par' dir='ltr' id='par_1_115' title="bbox 2152 5223 3718 5299">
     <span class='ocr_line' id='line_1_115' title="bbox 2152 5223 3718 5299; baseline -0.005 -16"><span class='ocrx_word' id='word_1_851' title='bbox 2152 5229 2394 5299; x_wconf 76' lang='lat' dir='ltr'><strong>legitima</strong></span> <span class='ocrx_word' id='word_1_852' title='bbox 2442 5227 2675 5283; x_wconf 89' lang='lat' dir='ltr'><strong>ecclesia</strong></span> <span class='ocrx_word' id='word_1_853' title='bbox 2707 5227 2904 5294; x_wconf 85' lang='lat' dir='ltr'><strong>poterit</strong></span> <span class='ocrx_word' id='word_1_854' title='bbox 2929 5226 3160 5282; x_wconf 74' lang='lat' dir='ltr'><strong>absolvi.</strong></span> <span class='ocrx_word' id='word_1_855' title='bbox 3191 5224 3325 5278; x_wconf 82' lang='lat' dir='ltr'><strong>Nam</strong></span> <span class='ocrx_word' id='word_1_856' title='bbox 3355 5234 3410 5278; x_wconf 81' lang='lat' dir='ltr'><strong>et</strong></span> <span class='ocrx_word' id='word_1_857' title='bbox 3439 5223 3718 5292; x_wconf 81' lang='lat' dir='ltr'><strong>periclita-</strong></span> 
     </span>
    </p>
   </div>
   <div class='ocr_carea' id='block_1_116' title="bbox 2153 5313 3716 5389">
    <p class='ocr_par' dir='ltr' id='par_1_116' title="bbox 2153 5313 3716 5389">
     <span class='ocr_line' id='line_1_116' title="bbox 2153 5313 3716 5389; baseline -0.005 -16"><span class='ocrx_word' id='word_1_858' title='bbox 2153 5335 2277 5374; x_wconf 81' lang='lat' dir='ltr'><strong>mur</strong></span> <span class='ocrx_word' id='word_1_859' title='bbox 2307 5319 2457 5389; x_wconf 81' lang='lat' dir='ltr'><strong>argui</strong></span> <span class='ocrx_word' id='word_1_860' title='bbox 2489 5317 2774 5371; x_wconf 86' lang='lat' dir='ltr'><strong>seditionis</strong></span> <span class='ocrx_word' id='word_1_861' title='bbox 2801 5317 3108 5382; x_wconf 63' lang='lat' dir='ltr'><strong>hodiernae,</strong></span> <span class='ocrx_word' id='word_1_862' title='bbox 3154 5329 3280 5369; x_wconf 87' lang='lat' dir='ltr'><strong>cum</strong></span> <span class='ocrx_word' id='word_1_863' title='bbox 3321 5313 3507 5368; x_wconf 84' lang='lat' dir='ltr'><strong>nullus</strong></span> <span class='ocrx_word' id='word_1_864' title='bbox 3540 5313 3716 5368; x_wconf 89' lang='lat' dir='ltr'><strong>obno-</strong></span> 
     </span>
    </p>
   </div>
   <div class='ocr_carea' id='block_1_117' title="bbox 2152 5403 3719 5476">
    <p class='ocr_par' dir='ltr' id='par_1_117' title="bbox 2152 5403 3719 5476">
     <span class='ocr_line' id='line_1_117' title="bbox 2152 5403 3719 5476; baseline -0.003 -15"><span class='ocrx_word' id='word_1_865' title='bbox 2152 5409 2275 5462; x_wconf 76' lang='lat' dir='ltr'><strong>xius</strong></span> <span class='ocrx_word' id='word_1_866' title='bbox 2307 5408 2378 5462; x_wconf 89' lang='lat' dir='ltr'><strong>sit.</strong></span> <span class='ocrx_word' id='word_1_867' title='bbox 2407 5406 2496 5476; x_wconf 90' lang='lat' dir='ltr'><strong>(de</strong></span> <span class='ocrx_word' id='word_1_868' title='bbox 2543 5420 2650 5476; x_wconf 90' lang='lat' dir='ltr'><strong>quo</strong></span> <span class='ocrx_word' id='word_1_869' title='bbox 2690 5405 2965 5476; x_wconf 88' lang='lat' dir='ltr'><strong>possimus</strong></span> <span class='ocrx_word' id='word_1_870' title='bbox 2997 5403 3224 5457; x_wconf 88' lang='lat' dir='ltr'><strong>reddere</strong></span> <span class='ocrx_word' id='word_1_871' title='bbox 3264 5403 3558 5474; x_wconf 89' lang='lat' dir='ltr'><strong>rationem)</strong></span> <span class='ocrx_word' id='word_1_872' title='bbox 3587 5417 3719 5457; x_wconf 66' lang='lat' dir='ltr'><strong>cono</strong></span> 
     </span>
    </p>
   </div>
   <div class='ocr_carea' id='block_1_118' title="bbox 2151 5493 3718 5559">
    <p class='ocr_par' dir='ltr' id='par_1_118' title="bbox 2151 5493 3718 5559">
     <span class='ocr_line' id='line_1_118' title="bbox 2151 5493 3718 5559; baseline -0.004 -4"><span class='ocrx_word' id='word_1_873' title='bbox 2151 5514 2348 5555; x_wconf 88' lang='lat' dir='ltr'><strong>cursus</strong></span> <span class='ocrx_word' id='word_1_874' title='bbox 2388 5499 2574 5554; x_wconf 91' lang='lat' dir='ltr'><strong>istius.</strong></span> <span class='ocrx_word' id='word_1_875' title='bbox 2601 5495 2666 5550; x_wconf 85' lang='lat' dir='ltr'><strong>Et</strong></span> <span class='ocrx_word' id='word_1_876' title='bbox 2699 5511 2824 5551; x_wconf 83' lang='lat' dir='ltr'><strong>cum</strong></span> <span class='ocrx_word' id='word_1_877' title='bbox 2853 5497 2968 5550; x_wconf 69' lang='lat' dir='ltr'><strong>haec</strong></span> <span class='ocrx_word' id='word_1_878' title='bbox 3003 5494 3251 5559; x_wconf 81' lang='lat' dir='ltr'><strong>dixisset,</strong></span> <span class='ocrx_word' id='word_1_879' title='bbox 3282 5493 3492 5550; x_wconf 90' lang='lat' dir='ltr'><strong>dimisit</strong></span> <span class='ocrx_word' id='word_1_880' title='bbox 3540 5495 3718 5550; x_wconf 65' lang='lat' dir='ltr'><strong>eccleo</strong></span> 
     </span>
    </p>
   </div>
   <div class='ocr_carea' id='block_1_119' title="bbox 2149 5605 2309 5644">
    <p class='ocr_par' dir='ltr' id='par_1_119' title="bbox 2149 5605 2309 5644">
     <span class='ocr_line' id='line_1_119' title="bbox 2149 5605 2309 5644; baseline -0.013 0"><span class='ocrx_word' id='word_1_881' title='bbox 2149 5605 2309 5644; x_wconf 70' lang='lat' dir='ltr'><strong>sram.</strong></span> 
     </span>
    </p>
   </div>
   <div class='ocr_carea' id='block_1_120' title="bbox 484 5676 3717 5754">
    <p class='ocr_par' dir='ltr' id='par_1_120' title="bbox 484 5676 3717 5754">
     <span class='ocr_line' id='line_1_120' title="bbox 484 5676 3717 5754; baseline -0 -21"><span class='ocrx_word' id='word_1_882' title='bbox 484 5694 539 5732; x_wconf 84' lang='grc' dir='ltr'><strong>τι</strong></span> <span class='ocrx_word' id='word_1_883' title='bbox 579 5680 704 5752; x_wconf 72' lang='grc' dir='ltr'>περὶ</span> <span class='ocrx_word' id='word_1_884' title='bbox 746 5680 950 5753; x_wconf 78' lang='grc' dir='ltr'>ἑτέρων</span> <span class='ocrx_word' id='word_1_885' title='bbox 995 5678 1339 5752; x_wconf 81' lang='grc' dir='ltr'>ἐπιζητεῖτε,</span> <span class='ocrx_word' id='word_1_886' title='bbox 1371 5683 1430 5734; x_wconf 87' lang='grc' dir='ltr'><strong>ἐν</strong></span> <span class='ocrx_word' id='word_1_887' title='bbox 1497 5685 1563 5754; x_wconf 79' lang='grc' dir='ltr'>τῇ</span> <span class='ocrx_word' id='word_1_888' title='bbox 1605 5683 1816 5754; x_wconf 73' lang='grc' dir='ltr'>ἐννόμῳ</span> <span class='ocrx_word' id='word_1_889' title='bbox 1873 5683 2135 5754; x_wconf 72' lang='grc' dir='ltr'>ἐκκλησίᾳ</span> <span class='ocrx_word' id='word_1_890' title='bbox 2175 5681 2582 5751; x_wconf 77' lang='grc' dir='ltr'>ἐπιλυθήσεται.</span> <span class='ocrx_word' id='word_1_891' title='bbox 2640 5679 2746 5733; x_wconf 68' lang='grc' dir='ltr'><strong>Καὶ</strong></span> <span class='ocrx_word' id='word_1_892' title='bbox 2797 5677 2903 5749; x_wconf 79' lang='grc' dir='ltr'><strong>γάρ</strong></span> <span class='ocrx_word' id='word_1_893' title='bbox 2948 5676 3322 5750; x_wconf 84' lang='grc' dir='ltr'>κινδυνεύομεν</span> <span class='ocrx_word' id='word_1_894' title='bbox 3374 5679 3717 5749; x_wconf 85' lang='grc' dir='ltr'>ἐγκαλεῖσθαι</span> 
     </span>
    </p>
   </div>
  </div>
