4058 6210
297 245 300 248 λ
347 217 480 277 1011
1228 211 1804 273 TIIEOPHYLACTI
1837 209 2250 272 BULGARI/E
2296 212 2654 274 ABCllIEP.
3438 206 3576 271 1012

337 327 598 388 στάσεως
631 322 758 385 περὶ
808 323 907 391 τῆς
957 323 1221 393 σήμερον,
1262 323 1491 392 μηδενὸς
1523 322 1700 376 αίτίου
1735 321 2090 391 ὑπάρχοντος,
2159 321 2287 391 περὶ
2352 316 2414 376 οὗ
2487 319 2833 392 δυνησόμεθα
2890 317 3178 374 ἀποδοῦναι
3247 318 3402 389 λόγον
3457 328 3585 391 περὶ

346 421 437 487 τῆς
472 415 780 486 συστροφῆς
830 410 1057 482 ταύτης.
1091 412 1200 465 Καὶ
1224 411 1400 466 ταῦτα
1456 412 1629 466 είπὼν
1675 412 1908 466 ἀπέλυσε
1947 411 2046 483 τὴν
2073 411 2380 482 ἐκκλησίαν.

895 525 1123 583 CAPUT
1162 526 1355 582 XXIX.

2583 522 2836 576 ΚΕΦΑΛ.
2888 518 3020 576 ΚΘ’.

341 647 610 702 Circuitus
650 643 806 698 Pauli
837 661 854 700 :
890 643 979 696 ubi
1018 653 1068 697 et
1107 643 1171 698 de
1199 653 1364 713 morte
1413 651 1462 696 el
1513 640 1915 696 resuscitatione

2034 639 2302 710 Περίοδος
2339 641 2586 694 Παύλου
2607 654 2621 669 ο
2653 639 2723 692 ἐν
2751 632 2791 709 ᾖ
2829 638 2963 706 περὶ
3016 636 3276 692 θανάτου
3319 639 3415 692 καὶ
3443 640 3575 694 dra-

549 737 783 807 Eutyclti
821 751 912 805 per
951 737 1242 790 oralionem
1281 733 1440 789 Pauli
1474 733 1701 790 Troade.

984 825 1282 882 TEXTUS.

410 919 660 983 XX,l-6.
687 921 981 990 Postquam
997 929 1174 974 autem
1202 917 1738 981 cessavittumultus,
1757 930 1920 970 voca-

344 1012 424 1066 vit
446 1010 648 1067 Paulus
671 1010 994 1080 discipulos,
1019 1017 1073 1065 et
1089 1010 1413 1064 exhortatus
1429 1023 1547 1073 eos,
1568 1005 1844 1070 valedixit,
1864 1011 1919 1059 et

345 1104 624 1174 profectus
644 1112 729 1159 est
746 1110 805 1158 ut
834 1103 941 1158 iret
961 1103 1014 1157 in
1033 1101 1429 1156 Macedoniam.
1445 1100 1579 1154 Cum
1599 1105 1780 1153 autem
1796 1111 1920 1168 per-

345 1195 684 1252 antbulasset
723 1203 904 1266 partes
936 1195 1081 1259 illas,
1132 1202 1187 1248 et
1225 1193 1548 1248 exhortatus
1584 1205 1681 1246 eos
1727 1189 1920 1246 fuisset

347 1285 520 1342 multo
559 1300 835 1354 sermone,
861 1287 1010 1340 venit
1039 1285 1106 1340 ad
1136 1283 1423 1340 Graeciam.
1453 1281 1557 1338 Ubi
1606 1297 1730 1338 cum
1762 1281 1920 1337 iecis-

347 1386 432 1434 set
461 1393 678 1435 menses
717 1387 852 1445 tres,
901 1377 1059 1434 factae
1098 1386 1227 1431 sunt
1266 1376 1346 1431 illi
1392 1375 1603 1431 insidiae
1647 1389 1677 1428 a
1718 1372 1920 1429 .Iudaeis

350 1471 674 1538 navigaturo
709 1470 760 1524 in
800 1469 1048 1539 Syriam;
1075 1468 1372 1538 habuitque
1426 1466 1716 1521 consilium
1749 1473 1808 1519 ut
1838 1478 1922 1520 re-

2079 733 2357 802 κλήσεως
2385 730 2697 802 Et;ch
2720 730 2817 784 διὰ
2833 727 3179 799 προσευχῆς
3203 730 3273 785 ἐν
3307 732 3543 801 Τρωάδι.

2607 823 2992 879 ΚΕΙΜΕΝΟΝ.

2088 919 2241 974 Μετά
2273 917 2330 971 δέ
2363 917 2424 970 τὸ
2469 915 2779 970 παύσασθαι
2811 914 2904 967 τὸν
2939 912 3192 985 θόρυϐον,
3224 915 3590 985 μεταπεμψά.

2023 1029 2184 1084 μενος
2220 1013 2249 1064 ό
2277 1009 2488 1073 Παῦλος
2536 1009 2663 1071 τοὺς
2729 1007 3004 1078 μαθητὰς,
3059 1005 3153 1060 καὶ
3203 1006 3591 1076 παρακαλέσας

2021 1101 2408 1172 ἀσπασάμενός
2427 1117 2510 1166 τε,
2533 1097 2725 1168 ἐξῆλθε
2759 1095 3088 1166 πορεύεσθαι
3119 1097 3200 1160 είς
3221 1096 3588 1151 Μακεδονίαν.

2021 1193 2258 1248 Διελθὼν
2281 1193 2337 1247 δέ
2362 1193 2428 1246 τὰ
2460 1191 2602 1261 μέρη
2631 1189 2838 1253 ἐκεῖνα,
2866 1187 2962 1242 καὶ
2984 1187 3370 1258 παρακαλέσας
3395 1188 3594 1252 αὐτοὺς

2020 1287 2164 1358 λόγῳ
2203 1284 2384 1354 πολλῷ
2407 1323 2424 1350 ,
2481 1280 2645 1355 ἦλθεν
2680 1282 2759 1346 εἰς
2807 1278 2909 1351 τὴν
2947 1278 3194 1333 Ἐλλάδα.
3251 1280 3489 1350 Ποιήσας
3531 1296 3593 1332 τε

2025 1379 2202 1450 μῆνας
2245 1377 2432 1449 τρεῖς,
2488 1375 2788 1445 γενομένης
2821 1371 2970 1444 αύτῷ
3025 1371 3318 1442 ἐπιϐουλῆς
3351 1369 3455 1424 ὑπὸ
3483 1371 3596 1423 τῶν

2034 1469 2322 1535 Ἰουδαίων,
2360 1467 2608 1539 μέλλοντι
2638 1463 2938 1534 ἀνάγεσθαι
2965 1464 3045 1529 είς
3083 1463 3184 1534 τὴν
3215 1463 3436 1534 Συρίαν,
3470 1461 3599 1530 ext.

349 1567 655 1615 verteretur
669 1574 765 1630 per
776 1558 1171 1615 Macedoniam.
1189 1557 1492 1613 Comitatus
1505 1567 1581 1612 εει
1599 1561 1780 1609 autem
1797 1568 1920 1608 eum

2034 1578 2144 1615 νετο
2167 1559 2360 1629 γνώμη
2391 1558 2485 1612 τοῦ
2538 1557 2901 1628 ὑποστρέφειν
2942 1555 3030 1610 διὰ
3064 1553 3420 1617 Μακεδονίας.
3458 1555 3596 1608 Συνο

350 1649 581 1720 Sopater
620 1649 809 1721 Pyrrhi
836 1649 1168 1715 Berteensis,
1199 1647 1772 1704 'l‘hessalonicensium
1795 1659 1924 1700 vero

2034 1653 2208 1708 είπετο
2255 1651 2311 1706 δέ
2355 1649 2502 1720 αὐτῷ
2542 1649 2667 1719 ἄχρι
2696 1649 2794 1719 τῆς
2828 1648 3013 1711 Ἀσίας
3050 1646 3345 1718 Σώπατρος
3371 1645 3593 1718 Πύρρου

351 1738 704 1795 Aristarchus
730 1751 785 1794 et
813 1738 1100 1794 Secundus
1125 1748 1176 1792 et
1199 1739 1367 1794 Gaius
1393 1739 1632 1794 Derbeus
1661 1749 1713 1794 et
1739 1737 1926 1792 Timo-

2034 1745 2334 1816 Βεροιαῖος·
2371 1741 2812 1797 Θεσσαλονικέων
2849 1741 2926 1804 δὲ,
2960 1739 3338 1810 Ἀρίσταρχος,
3375 1741 3468 1793 καὶ
3495 1740 3596 1792 Σε-

352 1833 533 1896 theus,
577 1831 761 1887 Asiani
789 1845 918 1885 vero
942 1830 1215 1902 Tychicus
1243 1838 1296 1884 et
1318 1829 1684 1903 Trophymus.
1718 1829 1922 1885 Hicum

2034 1836 2267 1902 κοῦνδος,
2301 1835 2396 1888 καὶ
2425 1834 2583 1896 Γάϊος
2610 1831 2889 1902 Δερϐαῖος,
2911 1830 3008 1884 καὶ⁵
3035 1830 3298 1902 Τιμόθεος
3317 1847 3331 1861 ’
3356 1829 3598 1884 Ἀσιανοὶ

353 1924 792 1994 prmcessissent,
826 1923 1209 1979 sustinuerunt
1243 1937 1344 1978 nos
1388 1920 1623 1977 Troade.
1653 1919 1766 1976 Nos
1793 1936 1924 1976 vero

2034 1926 2102 1992 δέ,
2142 1925 2375 1995 Τυχικδς
2423 1923 2518 1976 καὶ
2581 1921 2883 1992 Τρόφιμος.
2912 1914 3071 1974 Οὗτοι
3115 1920 3170 1973 δὲ
3219 1919 3592 1992 προελθόντες,

358 2014 736 2082 navigavimus
785 2021 909 2084 post
949 2013 1068 2068 dies
1108 2011 1440 2084 Azymorum
1480 2025 1509 2065 a
1549 2009 1837 2080 Philippis,
1870 2018 1926 2065 et

2034 2017 2216 2088 έμενον
2238 2018 2381 2087 ἡμᾶς
2405 2017 2460 2068 ἐν
2479 2014 2714 2086 Τρωάδι.
2735 2013 2923 2084 Ἡμεῖς
2947 2013 3002 2066 δὲ
3031 2011 3428 2084 ἐξεπλεύσαμεν
3459 2013 3596 2082 μετὰ

356 2104 610 2160 venimus
657 2103 724 2158 ad
751 2118 848 2160 eos
893 2101 1160 2158 Troadem
1197 2103 1251 2157 in
1299 2102 1494 2158 diebus
1535 2101 1797 2172 quinque,
1833 2099 1925 2155 ubi

2034 2111 2128 2173 τὰς
2161 2110 2378 2179 ἡμέρας
2406 2107 2516 2160 τῶν
2544 2105 2799 2176 Ἀζύμων
2836 2103 2944 2158 ἀπὸ
2973 2103 3280 2168 Φιλίππων,
3307 2104 3400 2157 καὶ
3439 2102 3598 2174 ἦλθο-

357 2198 622 2256 demorati
662 2213 853 2256 sumus
882 2198 1075 2254 diebus
1104 2207 1334 2269 septem.

2034 2218 2131 2270 μεν
2183 2198 2321 2269 πρὸς
2371 2197 2568 2258 αὐτοὺς
2612 2197 2692 2259 είς
2736 2195 2836 2267 τὴν
2887 2193 3118 2266 Τρωάδα
3165 2194 3322 2266 ἄχρις
3374 2194 3596 2266 ἡμερῶν

2030 2292 2212 2355 πέντε,
2247 2283 2307 2345 οὗ
2335 2289 2686 2361 διετρίψαμεν
2723 2287 2936 2358 ἡμέρας
2974 2286 3134 2340 ἐπτά.

865 2448 1314 2506 COMMENTARI
1326 2449 1422 2516 US,
2628 2448 3002 2503 EPMHNEIA.

431 2563 588 2620 Viam
627 2565 718 2620 hic
761 2565 892 2620 dicit
921 2565 1224 2630 Christum,
1258 2567 1342 2622 vel
1367 2567 1523 2621 iidem
1557 2583 1738 2622 veram
1770 2586 1782 2620 :
1814 2567 1930 2625 haec

361 2658 507 2712 enim
531 2665 614 2713 est
642 2657 750 2723 via,
787 2672 917 2727 quae
946 2657 1096 2712 ducit
1115 2657 1180 2712 ad
1208 2673 1435 2727 regnum
1475 2660 1762 2714 caelorum.
1791 2659 1930 2716 Hinc

361 2749 540 2816 docet,
578 2756 832 2819 oportere
863 2758 921 2804 ut
963 2749 1032 2804 ah
1055 2749 1120 2805 iis
1141 2750 1234 2821 qui
1266 2749 1536 2821 inﬁt'ilium
1572 2752 1662 2807 Dei
1684 2752 1932 2823 blasphe-

365 2847 534 2907 mant,
561 2841 784 2898 omnino
817 2841 1096 2907 recedant,
1129 2843 1218 2911 qui
1251 2842 1305 2896 in
1339 2843 1514 2913 ipsum
1540 2842 1790 2899 credunt.
1829 2841 1932 2898 Su-

363 2933 517 2988 daria
560 2941 613 2990 et
663 2935 1025 2990 semicinctia.
1066 2934 1312 3006 Utraque
1349 2935 1491 2991 linea
1531 2946 1682 2992 sunt.
1729 2935 1930 2992 Verum

365 3022 582 3078 sudaria
610 3024 775 3093 capiti
807 3025 1166 3095 imponuntur
1197 3043 1211 3079 :
1257 3033 1313 3079 at
1352 3025 1694 3081 semicinctia
1724 3025 1780 3080 in
1819 3040 1934 3079 ma-

367 3116 532 3170 nibus
571 3121 763 3170 tenere
802 3117 1000 3182 solent,
1031 3116 1198 3185 288
1233 3115 1325 3184 qui
1354 3116 1534 3169 oraria
1576 3123 1791 3185 gestare
1825 3131 1931 3169 non

365 3212 621 3275 possunt,
653 3211 716 3258 ut
745 3212 893 3269 sunt,
921 3178 1013 3271 qui
1031 3178 1361 3256 angulares
1391 3178 1604 3270 gestant
1630 3201 1816 3267 stolas,
1842 3210 1936 3256 aut
1959 3178 2003 3235 θ

371 3311 525 3365 saga,
575 3293 640 3348 ad
687 3290 1082 3363 abstergendos
1122 3306 1151 3345 a
1192 3291 1330 3346 facie
1360 3291 1639 3359 humores,
1672 3299 1734 3346 ut
1775 3291 1939 3346 sudo-

371 3401 512 3449 rem,
553 3386 802 3450 salivam,
846 3384 1116 3456 lacrymas
1157 3391 1212 3438 et
1263 3381 1480 3439 similia.
1514 3399 1534 3434 ι
1569 3382 1938 3438 Tentavcrunt

369 3486 573 3532 autem.
616 3493 636 3529 ι
675 3473 797 3545 Ipsa
838 3475 955 3529 haec
1007 3488 1106 3528 vox
1151 3473 1408 3538 ostendit,
1443 3473 1746 3529 exorcistas
1789 3472 1935 3542 illos,

367 3582 477 3624 non
509 3569 637 3640 quia
676 3567 959 3624 crederent
997 3565 1048 3622 iu
1083 3563 1290 3633 Iesum,
1325 3565 1418 3621 sed
1449 3566 1691 3620 tentandi
1727 3573 1935 3621 tantum

370 3673 557 3724 causa,
587 3674 874 3732 aggressos
902 3673 1025 3714 esse
1056 3658 1369 3714 cxorcizare
1417 3659 1628 3727 impura
1672 3657 1937 3714 daemonia

371 3752 426 3804 in
457 3750 678 3805 nomine
704 3746 939 3803 Domini.
964 3748 1166 3814 Quare,
1190 3747 1337 3802 velut
1371 3746 1638 3813 inﬁdeles,
1676 3755 1734 3801 ut
1760 3747 1940 3818 impu-

371 3852 469 3894 rus
497 3837 639 3893 dixit
665 3836 916 3906 spiritus,
941 3836 1104 3906 paulo
1141 3843 1267 3906 post
1309 3836 1633 3890 temeritatis
1675 3851 1790 3890 sua:
1820 3850 1938 3905 pm-

371 3943 470 3984 nas
492 3928 708 3984 dedere.
739 3925 1194 3997 Redarguitenim
1227 3926 1397 3996 ipsos,
1424 3933 1476 3980 et
1497 3939 1715 3980 scenam
1747 3940 1937 3980 eorum

371 4016 647 4088 patefecit,
680 4018 1030 4073 vehementer
1070 4017 1240 4071 iratus
1294 4015 1504 4071 daemon
1539 4033 1553 4070 :
1585 4016 1938 4088 quemadmo-

369 4112 522 4176 dum,
549 4112 594 4166 si
627 4109 750 4180 quis
776 4108 844 4164 de
872 4108 1132 4163 extremis
1165 4107 1504 4177 periclitans,
1541 4122 1570 4162 a
1598 4109 1800 4164 misero
1826 4109 1936 4178 (5|)

371 4200 554 4270 aliquo
612 4206 668 4255 et
703 4213 1015 4255 aerumnosa
1061 4207 1413 4268 coarguatur,
1441 4213 1656 4253 omnem
1688 4199 1742 4252 in
1785 4198 1936 4254 illum

373 4291 612 4345 furorem
643 4288 926 4345 edundere
955 4300 1208 4345 conatur.
1243 4307 1260 4340 ι
1291 4289 1651 4343 Contulerunt
1682 4289 1872 4344 libros.
1913 4308 1932 4342 ι

368 4381 751 4435 Aantandum
797 4379 965 4450 quod,
1001 4394 1314 4450 quanquam
1362 4381 1562 4449 magici
1609 4380 1734 4436 libri
1784 4382 1935 4436 multi

367 4478 552 4526 essent
586 4469 767 4540 pretii,
817 4469 1019 4539 quippe
1056 4469 1147 4539 qui
1200 4468 1565 4537 pulcherrima
1608 4469 1732 4524 vita:
1759 4470 1936 4524 conti-

368 4559 592 4626 nebant,
637 4559 841 4616 Christi
874 4560 1060 4615 ﬁdeles
1093 4567 1275 4615 tamen
1307 4574 1367 4614 ea
1398 4574 1507 4615 non
1551 4562 1930 4630 vendiderint;

366 4649 461 4704 sed
487 4650 610 4705 licet
635 4665 702 4706 eo
726 4651 832 4705 loci
857 4651 948 4705 alii
983 4658 1186 4715 essent,
1211 4652 1301 4721 qui
1333 4667 1427 4708 eos
1456 4663 1777 4710 enumerato
1806 4671 1930 4726 pre-

365 4739 444 4794 tio
487 4753 807 4808 comparare
848 4740 951 4794 sibi
1005 4740 1325 4807 voluissent,
1370 4744 1792 4800 combusserunt
1826 4764 1838 4799 :
1876 4753 1932 4802 et

364 4829 490 4896 hoc,
527 4829 705 4900 primo
749 4829 988 4902 quidem,
1046 4847 1113 4887 ne
1145 4834 1435 4906 quisquam
1466 4834 1737 4890 exitialem
1782 4836 1926 4890 illam

361 4922 668 4978 animarum
702 4931 911 4994 pestem
964 4925 1348 4997 participaret;
1389 4925 1584 4981 deinde
1613 4941 1681 4982 ne
1717 4927 1820 4982 hac
1843 4927 1928 4982 via

2113 2567 2262 2621 Ὀδδν
2295 2566 2442 2632 λέγει
2475 2563 2565 2618 τὸν
2594 2563 2849 2634 Χριστὸν,
2883 2564 2916 2634 ἢ
2947 2564 3066 2618 όδδν
3099 2564 3247 2633 λέγει
3285 2563 3383 2634 τὴν
3416 2563 3600 2617 πίστιν

2031 2658 2130 2730 τὴν
2163 2655 2448 2726 ἀληθινήν.
2482 2654 2630 2725 Αὕτη
2669 2655 2778 2726 γάρ
2810 2656 2957 2708 ἐστιν
3004 2657 3037 2725 ἡ
3087 2655 3202 2719 ὁδὸς
3240 2657 3272 2726 ὴ
3311 2657 3602 2722 ἀπάγουσα

2034 2751 2114 2815 είς
2142 2749 2242 2820 τὴν
2289 2746 2568 2818 βασιλείαν
2595 2746 2704 2800 τῶν
2741 2743 3009 2816 οὐρανῶν.
3056 2745 3334 2800 Ἐντεῦθεν
3363 2746 3600 2799 διδάσκει

2033 2846 2202 2917 ἡμᾶς,
2239 2841 2348 2897 άπὸ
2383 2841 2493 2899 τῶν
2524 2839 2991 2949 βλασφημούντων
3026 2839 3118 2894 τὸν
3169 2839 3298 2893 Υἱὸν
3329 2837 3424 2894 τοῦ
3465 2839 3600 2892 Θεοῦ

2035 2934 2365 3008 χωρίζεσθαι
2411 2933 2539 2997 τοὺς
2590 2933 2668 2996 είς
2701 2922 2863 2986 ἆῦτδν
2916 2930 3288 2994 πιστεύοντας.
3337 2929 3605 2998 Σουδάρια

2034 3028 2130 3081 καὶ
2163 3025 2491 3097 σιμικίνθια,
2524 3023 2812 3095 ἀμφότερα
2845 3021 3044 3092 λινώδη
3076 3022 3202 3078 είσί.
3233 3022 3378 3093 Πλὴν
3409 3022 3479 3075 τά
3505 3021 3603 3090 μὲν

2045 3118 2306 3187 σουδάρια
2340 3117 2434 3169 ἐπὶ
2470 3117 2567 3185 τῆς
2595 3115 2837 3184 κεφαλῆς
2866 3113 3212 3169 ἐπιϐάλλεται
3231 3128 3246 3145 °
3275 3115 3344 3167 τὰ
3368 3113 3424 3166 δέ
3451 3130 3602 3181 σιμι-

2037 3204 2221 3257 κίνθια
2255 3204 2313 3256 ἐν
2366 3205 2486 3265 ταῖς
2544 3203 2702 3271 χερσὶ
2752 3202 3071 3274 κατέχουσιν
3122 3203 3171 3256 οἱ
3204 3202 3279 3272 μὴ
3317 3200 3604 3270 δυνάμενοι

2036 3291 2232 3360 όράρια
2268 3290 2518 3360 φορέσαι,
2553 3286 2656 3345 οἷοί
2683 3291 2821 3344 εἰσιν
2844 3291 2894 3345 oi
2925 3291 3216 3361 φοροῦντες
3246 3291 3536 3354 ὑπατικὰς,
3568 3291 3604 3361 ἢ

2037 3383 2254 3452 γουϐία,
2285 3383 2422 3454 πρὸς
2471 3382 2532 3436 τὸ
2583 3383 2990 3453 ἀπομάττεσθαι
3031 3383 3131 3447 τὰς
3172 3383 3475 3455 ὑγρότητας
3508 3381 3603 3435 τοῦ

2039 3475 2354 3546 προσώπου,
2398 3471 2510 3529 οἷον
2541 3474 2795 3546 ἱδρῶτας,
2823 3475 3076 3541 πτύελον,
3114 3475 3367 3547 δάκρυον,
3400 3475 3493 3528 καὶ
3531 3474 3605 3528 τά

2037 3567 2218 3636 ὅμοια.
2267 3566 2547 3620 Δείκνυσιν
2579 3563 2720 3636 αὕτη
2753 3567 2784 3635 ὴ
2825 3565 3001 3632 λέξις,
3039 3567 3122 3620 ὅτι
3154 3567 3250 3636 οὐχ
3281 3566 3356 3628 ώς
3386 3563 3606 3618 πιστεύ-

2037 3672 2188 3718 οντες
2231 3655 2311 3723 τῷ
2354 3652 2532 3723 Ἰησοῦ
2575 3654 2624 3707 οἱ
2670 3655 2986 3724 ἐξορκισταὶ
3023 3654 3319 3726 ἐξώρκιζον
3359 3654 3428 3708 τὰ
3465 3654 3606 3707 dtde-

2038 3746 2210 3816 θαρτα
2250 3744 2533 3816 πνεύματα
2570 3745 2650 3815 τῷ
2699 3744 2923 3816 ὀνόματι
2963 3745 3058 3798 τοῦ
3115 3743 3344 3815 Κυρίου,
3388 3743 3502 3797 ἀλλ’
3528 3743 3606 3805 ὡς

2039 3835 2414 3906 πειράζοντες.
2459 3836 2550 3890 Διὸ
2601 3837 2695 3890 καὶ
2728 3837 2803 3900 ώς
2859 3835 2934 3907 μὴ
2966 3836 3119 3899 ὄντες
3174 3837 3378 3900 πιστοὶ,
3426 3835 3500 3898 ὡς
3543 3833 3606 3886 τὸ

2039 3926 2350 3997 ἀκάθαρτον
2401 3926 2622 3997 πνεῦμά
2649 3944 2806 3997 φησι,
2838 3927 2937 3996 τῆς
2981 3928 3310 3995 προπετείας
3339 3926 3605 3980 δεδώκασι

2039 4019 2175 4091 πρὸς
2198 4019 2378 4089 ὀλίγον
2407 4019 2584 4090 δίκην.
2634 4019 2894 4090 Διήλεγξε
2947 4021 3053 4090 γάρ
3085 4020 3320 4086 αὐτοὺς,
3369 4018 3463 4073 καὶ
3508 4017 3605 4088 τὴν

2039 4110 2245 4180 σκηνὴν
2295 4111 2476 4165 αὐτῶν
2515 4112 2755 4181 φανερὰν
2797 4111 3044 4182 ἐποίησε,
3089 4111 3296 4181 σφόδρα
3335 4109 3604 4183 θυμωθεὶς

2035 4203 2063 4253 ὁ
2101 4201 2330 4271 δαίμων,
2352 4201 2500 4256 ώσὰν
2522 4203 2574 4255 εἰ
2601 4219 2683 4266 τις
2708 4202 2836 4272 περὶ
2856 4202 2965 4255 τῶν
2988 4203 3230 4273 ἐσχάτων
3256 4203 3601 4265 κινδυνεύων,

2037 4294 2140 4347 ὑπό
2170 4311 2312 4357 τινος
2341 4293 2559 4364 οἰκτροῦ
2586 4293 2705 4366 [καὶ¹
2735 4294 3110 4367 ταλαιπώρου]
3133 4295 3478 4365 διελέγχοιτο,
3507 4296 3603 4348 καὶ

2036 4384 2214 4438 πάντα
2268 4386 2348 4447 είς
2379 4384 2586 4438 ἐκεῖνον
2630 4383 2846 4453 ἀφιέναι
2878 4384 2921 4416 ⁸¹
2985 4385 3231 4456 βούλεται
3270 4385 3362 4438 τὸν
3411 4385 3599 4455 θυμόν.

2038 4475 2387 4546 Σημειωτέον
2433 4474 2511 4540 δὲ,
2568 4474 2649 4528 ὃτι
2691 4474 2865 4529 καίτοι
2913 4476 3244 4546 πολυτίμους
3287 4475 3452 4538 οὓσας
3503 4475 3601 4538 τὰς

2039 4565 2300 4637 γοητικάς
2322 4564 2501 4618 αὐτῶν
2534 4564 2771 4636 βίϐλους,
2801 4566 2874 4630 ὡς
2902 4566 3011 4619 τῶν
3045 4569 3101 4620 ἐν
3129 4567 3229 4638 βὲῳ
3267 4567 3502 4638 ἐχουσῶν
3533 4566 3602 4619 τά

2038 4657 2318 4721 κάλλιστα,
2351 4659 2399 4710 οἱ
2427 4658 2505 4721 είς
2536 4658 2771 4729 Χριστὸν
2810 4657 3196 4721 πιστεύσαντες
3229 4660 3329 4712 οὐκ
3386 4657 3601 4727 ἐπώλη-

2039 4763 2161 4812 σαν,
2216 4745 2332 4799 ἀλλ’
2369 4745 2643 4800 ἔκαυσαν·
2681 4747 2861 4801 καίτοι
2908 4748 3083 4802 ἄλλων
3129 4750 3305 4802 ἐκεῖσε
3348 4748 3602 4802 τοιούτων

2036 4835 2207 4889 ὄντων
2237 4836 2344 4890 τῶν
2371 4837 2633 4891 θελόντων
2652 4837 2751 4900 τὰς
2775 4837 2990 4908 βίϐλους
3022 4840 3326 4909 κτήσασθαι
3343 4855 3358 4870 ο
3389 4839 3600 4911 πρῶτον

2042 4925 2162 4996 μέν,
2195 4927 2282 4980 ἵνα
2314 4929 2388 5000 μή
2419 4945 2504 4992 τις
2535 4929 2780 5003 μετάσχῃ
2809 4929 2909 4997 τῆς
2933 4930 3028 4983 ἀπ’
3052 4931 3228 4984 αὐτῶν
3258 4931 3597 5002 ψυχοφθόρου

1568 5106 1770 5166 Varios
1798 5104 2102 5166 lectiones
2140 5114 2200 5170 et
2245 5113 2432 5170 notas.

427 5227 478 5260 ⁸⁸
499 5229 739 5284 ἀφεῖναι.

427 5382 881 5465 (ξίλῐζοιιιεηίιιε
911 5396 1030 5505 (ρτο
1075 5377 1314 5462 οἰκτροῦ,
1365 5381 1598 5464 miserat
1625 5382 1789 5438 habet
1831 5387 1920 5455 ἐχ-

427 5471 513 5505 ου.
548 5467 800 5505 inimico:
833 5467 905 5505 un
949 5467 978 5505 e
1022 5459 1181 5505 vertit
1211 5490 1226 5505 .
1263 5451 1400 5504 velut
1437 5453 1484 5504 si
1507 5468 1627 5505 aurs
1664 5454 1717 5505 in
1745 5465 1920 5505 extre-

359 5451 800 5522 OpoG,'inimico;
833 5451 978 5522 unde
1022 5451 1181 5522 vertit
1200 5490 1226 5522 _,
1263 5451 1400 5522 velut
1437 5453 1484 5522 si
1507 5453 1627 5520 quis
1664 5454 1717 5506 in
1745 5451 1922 5507 extre-

358 5520 459 5593 3m.
490 5521 765 5593 periculis
809 5520 1012 5587 positus
1057 5520 1122 5593 ait
1154 5520 1331 5593 aliqua
1382 5521 1597 5574 inimico
1640 5533 1919 5593 arguatur,

359 5589 669 5647 haud'sane
697 5599 845 5644 rccto
865 5604 1053 5646 sensu.
1083 5590 1151 5645 At
1189 5589 1632 5662 Chrysostomus,
1665 5589 1821 5664 cujus
1841 5603 1927 5650 est

2031 5385 2121 5442 hic
2144 5395 2344 5455 textus,
2376 5387 2537 5443 habet
2557 5389 2896 5470 οἰκτροῦοιαὶ
2929 5389 3298 5464 ταλαιπώρου,
3333 5394 3522 5448 misero
3546 5400 3596 5470 gl

2031 5471 2349 5534 mrumnoso,
2397 5467 2458 5511 ut
2501 5472 2605 5534 nos
2647 5463 2972 5534 posuimus;
3018 5477 3135 5534 Δ(ιυο
3173 5463 3414 5534 Cougrua
3460 5463 3598 5520 ratio

2031 5526 2276 5582 redditur
2307 5526 2774 5584 excandescentia:
2803 5526 3084 5586 daemonis.
