4058 6210
458 275 592 338 1013

1111 278 1644 340 EXPOSlTlONlS
1687 281 1766 340 IN
1810 280 1994 341 ACTA
2028 284 2328 345 TEX'I‘US
2367 287 2636 353 ALTER,
2694 312 2760 320 -
2827 288 2982 346 CAP.
3019 287 3146 345 XX.

3578 287 3728 350 I'Ols't'

453 390 662 458 λύμης’
703 387 896 441 ἔπειτα
944 387 1022 449 δὲ,
1088 387 1175 440 ἵνα
1229 390 1302 458 μή
1356 389 1465 442 ἀπὸ
1512 389 1767 459 τοιαύτης
1838 392 2018 455 αἰτίας

2127 395 2420 465 quidquam
2461 396 2564 450 sibi
2613 395 2981 480 acquirerem.
3027 393 3497 460 Quema‘lmodum
3532 402 3717 462 enim,

461 479 768 550 κτήσωνται
807 498 882 533 τι.
923 480 1134 550 ’Ὠσπερ
1160 480 1268 548 γὰρ
1312 480 1373 533 τὺ
1403 481 1511 534 ἀπὸ
1535 483 1792 552 πορνείας
1841 483 2028 549 κέρδος

455 571 829 640 ἀπηγόρευται
873 571 1170 641 προσάγειν
1196 570 1334 641 Θεῷ,
1360 570 1534 635 οὕτως
1579 572 1701 626 οὐδὲ
1730 575 1789 626 τὸ
1818 575 1884 626 ἐκ
1929 573 2026 641 τῆς

457 665 639 726 αίτίας
691 663 894 728 ταύτης
952 661 1216 734 ἀργύριον
1264 663 1486 734 τεθῆναι
1533 665 1684 735 παρὰ
1733 666 1858 728 τοὺς
1917 666 2027 719 τῶν

453 756 770 810 ἀποστόλων
803 755 971 817 πόδας
1023 754 1229 807 δίκαιον
1282 754 1525 824 ἔκριναν,
1566 755 1598 826 ἢ
1640 756 2025 811 εὐαπύδεκτον.

458 867 476 898 ι
509 849 617 900 Καὶ
660 847 754 900 τοῦ
788 845 1104 909 Διοπετοῦς.
1131 865 1149 898 ι
1196 846 1268 898 Τὸ
1315 847 1536 900 εἴδωλον
1573 847 1672 917 τῆς
1709 848 2026 919 ’Δρτὲμιδος

455 942 703 992 ἐκαλεῖτο
732 938 1009 1003 Διοπετὲς,
1041 939 1118 1000 ὡς
1159 941 1222 992 ὲκ
1260 939 1355 992 τοῦ
1392 939 1513 1004 Διὸς
1559 941 1874 1004 πεπτωκός·
1909 941 2026 1012 ἦτοι

457 1029 517 1080 τὸ
548 1029 813 1100 δστρακον
844 1028 1078 1100 [ἔλεγον]
1119 1030 1294 1082 ἐκεῖνο
1336 1029 1552 1093 πάντως
1580 1032 1625 1062 δ’
1659 1031 1938 1095 Διοπετὲς,
1967 1031 2027 1083 τὸ

451 1120 512 1184 ἐξ
558 1119 788 1190 ούρανοῦ
845 1121 995 1190 πιρὰ
1049 1121 1141 1174 τοῦ
1197 1121 1320 1185 Διὸς
1363 1121 1650 1192 πεμφθὲν,
1703 1123 1822 1192 ἦτοι
1853 1138 2025 1176 καταο

459 1211 609 1264 πτὼν
637 1213 701 1277 ⁵³,
769 1212 862 1264 καί
900 1213 961 1265 οὐ
1010 1213 1300 1283 γενόμενον
1330 1214 1437 1267 ὑπὸ
1462 1213 1749 1285 ἀνθρώπου
1802 1214 2026 1285 ἄγαλμα

451 1303 548 1368 τῆς
598 1304 932 1374 Ἀρτέμιδος,
969 1304 1152 1369 καθὼς
1185 1307 1452 1375 ὲμύθευον
1493 1307 1774 1378 Ἕλληνες.
1824 1324 1842 1360 ι
1871 1308 2024 1360 Νεω-

451 1394 609 1464 κόρον
645 1413 664 1447 ι
697 1395 772 1460 δὲ,
820 1395 942 1448 ἀντὶ
968 1395 1082 1460 τοῦ,
1131 1397 1455 1464 ίερὸδουλον.
1489 1397 1724 1468 Κύρημα
1755 1398 1864 1468 γάρ
1908 1399 2024 1451 ἐστι

451 1487 511 1538 τὸ
543 1487 796 1557 σάρωμα,
826 1486 942 1558 [ἀφ’
980 1483 1039 1542 οὗ
1093 1492 1186 1542 καὶ
1213 1487 1532 1560 νεωκόρος,]
1576 1489 1821 1542 τουτέστι
1853 1487 1903 1559 [ὁ
1932 1487 2024 1541 τὸν

452 1577 600 1649 ναὸν]
634 1579 814 1648 σαρῶν
845 1580 941 1633 καὶ
989 1581 1232 1651 κοσμῶν.
1266 1577 1419 1646 Εἶδος
1448 1577 1516 1651 ἦν
1560 1582 1832 1636 δικαστῶν
1866 1583 1924 1634 ὲν
1954 1584 2021 1653 τῇ

461 1669 616 1741 Ἀσία
655 1669 934 1744 [εὐτελῶν]
963 1689 976 1701 ο
1019 1672 1266 1740 λέγονται
1292 1673 1348 1726 δὲ
1383 1674 1633 1744 ἀγοραῖοι
1670 1674 1766 1728 καὶ
1796 1676 1844 1728 οί
1874 1674 2022 1729 δικο-

450 1762 615 1831 λύγοι.

763 1947 853 2018 Τῷ
883 1947 1150 2017 Σαϐϐάτῳ
1177 1948 1276 2016 τῆς
1310 1954 1363 2012 ς’
1400 1948 1713 2018 ἑϐδομάδος.

1047 2037 1436 2092 ΚΕΙΜΕΝΟΝ.

529 2124 615 2177 Ἐν
645 2125 699 2176 δὲ
720 2126 786 2196 τῇ
814 2125 914 2197 μιᾷ
932 2125 1039 2178 τῶν
1052 2126 1362 2192 Σαϐϐἀτων,
1379 2125 1735 2196 συνηγμένων
1758 2127 1913 2196 ἡμῶν
1934 2125 2028 2181 τοῦ

449 2216 643 2270 κλᾶσαι
667 2217 850 2287 ἄρτον,
867 2219 894 2270 ὁ
912 2216 1121 2281 Παῦλον,
1153 2218 1424 2286 διελέγετο
1443 2218 1648 2281 αὐτοῖς,
1673 2219 1882 2288 μέλλων
1899 2220 2031 2284 sed-

448 2326 532 2362 ναι
552 2312 617 2381 τῇ
633 2310 912 2380 ἐπαύριονο
938 2307 1291 2380 παρέτεινέτε
1312 2309 1582 2378 τὸνλόγον
1611 2309 1773 2380 μέχρι
1801 2328 2030 2380 μεσονυ-

447 2395 801 2456 κτίου.⁷Πσαν
818 2399 874 2452 δὲ
888 2398 1166 2468 λαμπάδες
1181 2399 1360 2453 ἱκαναὶ
1381 2401 1438 2452 ὲν
1450 2399 1526 2469 τῷ
1539 2399 1640 2452 ὑπε
1650 2398 1791 2470 ρῴῳ,
1811 2396 1872 2456 οὗ
1888 2397 2032 2472 ἦμεν

450 2489 796 2562 συνηγμένοι.
823 2489 1146 2560 Καθήμενος
1175 2490 1233 2542 δέ
1255 2507 1338 2553 τις
1357 2489 1575 2552 νεανίας
1597 2489 1820 2561 ὀνόματι
1851 2491 2028 2546 Elisu-

449 2600 541 2654 χος
562 2583 653 2636 ἐπὶ
672 2583 773 2652 τῆς
790 2582 1024 2652 θυρίδος,
1045 2581 1484 2652 καταφερόμενος
1505 2581 1656 2654 ὕπνῳ
1676 2583 1831 2654 βαθεί
1854 2585 2032 2638 διαλε-

456 2675 690 2744 γομένου
715 2674 810 2728 τοῦ
829 2673 1040 2727 Παύλου
1064 2674 1156 2727 ἐπὶ
1190 2672 1400 2740 πλεῖον,
1427 2675 1770 2746 κατενεχθεὶς
1794 2675 1904 2730 ἀπὸ
1931 2677 2026 2730 τοῦ

454 2762 647 2828 ὕπνου,
707 2761 905 2816 ἔπεσεν
951 2761 1059 2817 ἀπὸ
1099 2763 1195 2816 τοῦ
1225 2764 1518 2834 τριστέγου
1550 2764 1722 2831 κάτω,
1753 2767 1848 2820 καὶ
1884 2765 2026 2838 ἤρθη

455 2858 670 2924 νεκρός.
699 2853 957 2918 Καταϐὰς
989 2854 1046 2908 δὲ
1091 2853 1121 2908 ὁ
1160 2854 1371 2919 Παῦλος
1419 2855 1693 2910 ἐπέπεσεν
1736 2856 1824 2910 ἐπ’
1853 2857 2023 2928 αὐτῷ,

454 2946 548 2998 καὶ
585 2944 1010 3017 συμπεριλαϐὼν
1043 2945 1227 3012 αὐτὸν,
1263 2940 1418 3000 εἷπε·
1466 2947 1558 3017 Μὴ
1601 2947 1920 3019 θορυϐεῖσθε
1941 2967 1954 2981 ·
1989 2951 2022 3018 ἡ

2129 500 2196 539 ne
2221 485 2508 539 collectum
2537 500 2602 538 ex
2631 484 2990 539 fornicatione
3015 484 3225 537 lucrum
3262 484 3368 536 Deo
3397 485 3714 552 offerretur,

2128 577 2463 644 prohibitum
2525 585 2677 641 erat;
2724 575 2794 629 ita
2852 590 3025 644 nquIe
3072 584 3360 644 argentum
3411 577 3501 631 tali
3548 579 3710 633 tuodo

2127 679 2526 737 comparatum,
2563 679 2617 722 ut
2653 668 2718 722 ad
2763 670 2928 738 pedes
2970 670 3344 739 apostolorum
3394 682 3707 738 poneretur,

2125 757 2347 829 dignum
2404 759 2730 822 censebant,
2788 769 2882 813 aut
2930 760 2998 814 ab
3047 761 3153 815 illis
3200 761 3360 816 facile
3413 771 3707 833 acceptan-

2125 851 2276 916 dum,
2307 848 2646 919 judicabant.
2681 871 2698 903 ι
2730 850 2793 904 Et
2822 850 3062 922 Diopetis
3098 853 3232 922 (32).
3277 871 3295 904 ι
3339 854 3705 908 Simulacrum

2128 939 2310 994 Diana:
2343 941 2596 1012 Diepetes
2631 942 2957 1009 vocabatur,
3005 943 3109 998 hoc
3155 953 3239 999 est
3299 957 3328 996 a
3375 942 3509 998 Jove
3562 944 3709 998 dela-

2127 1047 2310 1102 psum,
2340 1033 2456 1088 sive
2488 1031 2618 1102 quia
2651 1041 2846 1089 testam
2887 1034 3034 1087 illam
3069 1049 3258 1090 omnes
3311 1035 3389 1090 sic
3420 1035 3716 1102 vocabant,

2125 1125 2272 1179 velut
2303 1140 2333 1179 a
2372 1123 2507 1180 love
2547 1140 2578 1180 e
2613 1127 2757 1181 coelo
2805 1126 3144 1188 demissam;
3179 1143 3277 1183 seu
3332 1129 3479 1197 quod
3528 1136 3706 1182 statua

2125 1215 2217 1270 illa
2245 1215 2428 1271 Dianae
2453 1231 2484 1270 e
2514 1217 2654 1272 cmlo
2685 1216 3046 1284 devolaverit,
3075 1220 3320 1290 adeoque
3354 1220 3422 1274 ab
3473 1220 3710 1274 homini-

2125 1304 2227 1358 bus
2283 1304 2428 1360 facta
2475 1321 2581 1361 non
2635 1307 2842 1363 fuerit:
2883 1310 3028 1379 quod
3074 1308 3246 1364 Graeci
3298 1311 3702 1365 fabulabantur.

2132 1417 2150 1450 ι
2191 1397 2478 1453 Neocoron
2510 1417 2528 1450 ι
2570 1409 2750 1455 autem
2781 1402 2923 1456 idem
2954 1414 3058 1466 ρει,
3104 1418 3166 1457 ac
3211 1417 3492 1457 sacrorum
3530 1403 3710 1454 lamu-

2125 1488 2228 1542 lam
2257 1526 2274 1554 ,
2305 1489 2580 1544 mdituam.
2602 1491 2829 1546 Corema
2870 1493 3013 1547 enim
3050 1495 3188 1548 idem
3243 1501 3324 1548 est
3352 1508 3414 1546 ac
3439 1491 3716 1562 purgatio.

2129 1577 2285 1633 Unde-
2326 1579 2601 1637 Neocoros
2638 1583 2727 1639 ille
2773 1592 2858 1639 est
2891 1625 2906 1649 ,
2943 1586 3033 1655 qui
3087 1602 3249 1651 naon,
3301 1600 3397 1639 seu
3446 1584 3706 1654 templum

2127 1681 2390 1744 purgatet
2427 1677 2744 1745 oruat(53).
2784 1695 2802 1729 ι
2837 1677 3154 1734 Cuttveulus
3206 1678 3454 1733 forenses
3495 1695 3512 1726 ι
3544 1686 3703 1730 erant

2057 1767 2100 1826 B
2127 1758 2180 1819 in
2203 1766 2327 1819 Asia
2361 1781 2532 1836 genus
2575 1766 2824 1837 judieum
2853 1768 3196 1823 inferiorum.
3237 1769 3509 1824 Caeterum
3539 1769 3716 1823 etiam.

2131 1856 2397 1912 causidici
2440 1855 2701 1912 dicuntur
2729 1859 2996 1914 forenses.

2486 1948 2728 2004 Sahbato
2768 1949 3120 2006 hebdomadas
3163 1961 3354 2008 sextae.

2762 2039 3060 2097 TEXTUS.

2205 2131 2319 2197 XX,
2343 2134 2491 2190 7—15.
2510 2133 2629 2191 Una
2659 2144 2840 2190 autem
2864 2135 3084 2189 Sabhati
3112 2150 3232 2189 cum
3256 2135 3708 2190 convenissemus

2131 2223 2198 2276 ad
2217 2223 2576 2294 frangendum
2625 2239 2843 2295 panem,
2878 2223 3079 2279 Paulus
3118 2226 3431 2295 disputabat
3463 2224 3706 2290 cumeis,

2132 2315 2476 2382 pro"ecturus
2497 2313 2550 2368 in
2567 2314 2888 2377 crastinum,
2905 2315 3274 2383 protraxitque
3290 2330 3595 2368 sermonem
3615 2330 3706 2366 us-

2130 2419 2238 2474 que
2268 2404 2320 2458 in
2352 2405 2582 2459 mediam
2615 2412 2856 2461 nectent.
2895 2405 3064 2459 Erant
3098 2414 3278 2459 autem
3309 2404 3475 2474 289
3501 2405 3707 2472 lampa-

2130 2495 2228 2550 des
2257 2496 2496 2566 copiosae
2547 2497 2601 2551 in
2644 2496 2931 2551 caenaculo
2975 2496 3067 2550 ubi
3117 2511 3336 2552 eramus
3364 2497 3712 2564 congregati.

2133 2589 2343 2645 Sedens
2366 2599 2543 2646 autem
2571 2590 2794 2661 quidam
2824 2591 3142 2648 adolescens
3175 2591 3395 2646 nomine
3425 2588 3706 2660 Eutychus

2128 2698 2296 2754 super
2322 2683 2639 2750 fenestram,
2668 2699 2789 2738 cum
2822 2694 3157 2753 mergeretur
3173 2697 3364 2739 somno
3392 2681 3565 2752 gravi,
3586 2680 3704 2736 dis-

2125 2785 2354 2848 putante
2411 2776 2502 2831 ditt
2543 2775 2734 2841 Paulo,
2764 2775 2962 2831 ductus
3004 2789 3196 2831 somno
3224 2774 3422 2830 cecidit
3459 2772 3525 2827 de
3549 2771 3714 2826 tertio.

2129 2869 2417 2926 cmnaculo
2467 2869 2746 2932 deorsum,
2789 2876 2845 2924 et
2893 2869 3144 2924 sublatus
3187 2876 3270 2923 est
3321 2874 3589 2920 mortuus.
3627 2864 3712 2918 Ad»

2125 2977 2287 3032 quem
2328 2977 2450 3017 cum
2508 2961 2887 3016 descendisset
2939 2958 3179 3021 Paulus,
3211 3008 3213 3011 .
3243 2955 3489 3010 incubuit
3543 2969 3708 3020 super

455 3034 565 3104 γὰρ
622 3034 770 3106 ψυχὴ
812 3033 980 3088 αὐτοῦ
1031 3037 1089 3087 ὲν
1136 3032 1284 3106 αὐτῷ
1317 3036 1485 3090 ἐστιν.
1540 3036 1768 3100 ’Δναϐὁις
1825 3036 1882 3090 δὲ
1933 3038 2027 3092 καὶ

2128 3067 2274 3115 eum,
2330 3061 2380 3106 et
2429 3049 2748 3120 complexus
2795 3048 2975 3104 dixit:
3018 3045 3195 3100 Nolite
3244 3044 3475 3106 turbari,
3526 3043 3713 3095 anima

454 3103 659 3190 κλάσας
851 3127 1016 3198 ἄρτον
1049 3127 1145 3180 καὶ
1196 3103 1554 3199 γευσάμενος,
1613 3131 1697 3198 ἐφ’
1731 3131 1913 3184 ἱκανόν
1962 3148 2023 3184 τε

2131 3141 2275 3197 enim
2307 3141 2479 3210 ipsius
2503 3141 2555 3194 in
2587 3142 2707 3210 ipso
2724 3149 2828 3195 est.
2852 3139 3168 3194 Ascendcns
3189 3143 3392 3201 autem,
3427 3135 3710 3200 frangens-

454 3218 721 3288 ὁμιλήσας
761 3218 923 3288 ἄχρις
955 3219 1151 3287 αὐγῆς,
1191 3218 1362 3282 οὕτως
1396 3219 1640 3288 ἐξῆλθεν.
1686 3223 1930 3289 Ἥγαγον
1969 3223 2024 3276 δὲ

455 3309 545 3361 τὸν
574 3309 739 3362 παῖδα
789 3307 988 3373 ζῶντα,
1036 3311 1130 3362 καὶ
1177 3309 1604 3380 παρεκλήθησαν
1647 3310 1705 3364 οὐ
1765 3313 2023 3381 μετρίως.

467 3402 658 3470 Ἠμεῖς
680 3400 736 3454 δὲ
768 3399 1130 3470 προελθόντες
1158 3401 1250 3453 ἐπὶ
1293 3401 1354 3454 τὺ
1387 3401 1567 3456 πλοῖον
1597 3403 1912 3475 ἀνήχθημεν
1935 3405 2028 3459 ἐπὶ

455 3493 556 3560 τὴν
607 3494 831 3556 Ἀσσον,
883 3493 1092 3545 ἐκεῖθεν
1144 3493 1432 3562 μέλλοντες
1486 3495 1890 3566 ἀναλαμϐάνειν
1937 3497 2028 3550 τὸν

464 3585 673 3639 Παῦλον
697 3600 710 3615 ·
744 3584 890 3640 οὕτω
919 3586 1028 3656 γὰρ
1057 3581 1124 3656 ἦν
1154 3587 1594 3659 διατεταγμένος,
1632 3589 1841 3660 μέλλων
1870 3591 2029 3653 αὐτὸς

462 3679 732 3745 πεζεύειν.
787 3681 872 3744 Ὡς
916 3681 973 3734 δὲ
1029 3681 1322 3736 συνέϐαλεν
1362 3684 1492 3753 ἡμῖν
1548 3683 1628 3747 εἰς
1675 3682 1772 3754 τὴν
1808 3684 2027 3748 Ἀσσον,

461 3774 824 3838 ἀναλαϐόντες
851 3775 1012 3828 αὑτὸν
1041 3775 1278 3845 ἦλθομεν
1299 3778 1376 3838 εἰς
1398 3776 1735 3847 Μιτυλήνην.
1763 3777 2030 3830 Κάκεῖθεν

463 3860 924 3925 ἀποπλεύσαντες,
959 3865 1026 3934 τῇ
1059 3863 1286 3935 ἐπιούσῃ
1327 3866 1744 3934 κατηντήσαμεν
1773 3867 2032 3939 ἄντικρυς

460 3952 626 4006 Χίου·
678 3955 744 4025 τῇ
796 3954 852 4008 δὲ
901 3953 1064 4025 ὲτέρςι
1105 3954 1492 4026 παρεϐάλομεν
1539 3956 1619 4019 είς
1666 3958 1882 4026 Σάμον·
1941 3961 2033 4011 καὶ

465 4046 744 4113 μείναντες
783 4047 841 4099 ὲν
881 4045 1216 4117 Τρωγυλίῳ,
1273 4049 1341 4118 τῇ
1381 4044 1617 4118 ἐχομένῃ
1660 4047 1898 4119 ἦλθομεν
1953 4050 2033 4112 εἰς

462 4137 725 4208 Μίλητον.

1074 4233 1330 4303 Κυριακῇ
1367 4230 1430 4296 ζ’.

504 4321 861 4390 Παραίνεσις
887 4325 1130 4379 Παύλου
1165 4322 1523 4393 aequarum}
1571 4336 1722 4392 προς
1759 4323 1902 4392 τοὺς
1931 4323 2002 4377 ἐν

2133 3244 2239 3298 que
2276 3244 2471 3299 panem
2503 3238 2556 3284 et
2587 3235 2838 3297 gustatis,
2876 3229 3120 3297 satisque
3143 3226 3418 3280 allocutus
3460 3239 3631 3293 usque
3655 3224 3711 3276 in

2131 3320 2330 3384 lucem,
2355 3320 2433 3375 sic
2458 3318 2735 3390 profectus
2763 3326 2869 3372 est.
2890 3317 3244 3372 Adduxerunt
3271 3326 3449 3371 autem
3481 3333 3707 3385 puerum

2136 3410 2431 3474 viventem,
2479 3417 2534 3464 ct
2566 3408 2834 3464 consolati
2869 3416 2998 3463 sunt
3049 3424 3153 3462 non
3189 3408 3434 3460 minime.
3468 3404 3579 3460 Nos
3610 3421 3708 3459 au.-

2135 3507 2242 3554 tcm
2276 3499 2634 3554 ascendentes
2672 3513 2884 3562 navem,
2912 3498 3286 3568 navigavimus
3313 3497 3367 3552 in
3389 3495 3601 3562 Asson,
3629 3497 3710 3550 in»

2136 3592 2203 3646 de
2241 3592 2553 3662 suscepturi
2604 3591 2872 3658 Paulum;
2910 3591 2990 3645 sic
3023 3591 3165 3645 enim
3198 3591 3548 3660 disposuerat
3595 3590 3712 3660 ipse

2137 3697 2232 3754 per
2255 3692 2454 3737 terram
2511 3683 2614 3737 iter
2665 3682 2932 3736 facturus.
2965 3682 3098 3736 Cum
3143 3690 3324 3735 autem
3367 3682 3714 3736 convenisset

2137 3787 2238 3827 nos
2272 3773 2325 3827 in
2357 3773 2557 3839 Asson,
2587 3780 2868 3841 assumpto
2907 3788 2993 3838 eo,
3022 3773 3272 3828 venimus
3303 3772 3615 3842 Mitylenen.
3647 3771 3716 3825 Et

2139 3863 2265 3919 inde
2283 3863 2622 3933 navigantes,
2639 3864 2886 3934 sequenti
2905 3864 2990 3919 die
3011 3863 3262 3918 venimus
3280 3871 3470 3917 contra
3489 3863 3714 3927 Citium,

2138 3963 2192 4010 et
2218 3954 2322 4009 alia
2363 3954 2725 4025 applicuintus
2774 3953 3026 4022 Samum,
3073 3964 3128 4011 et
3166 3954 3416 4026 sequenti
3441 3954 3529 4010 die
3555 3957 3712 4010 veni-

2142 4063 2262 4103 mus
2291 4044 2556 4102 Miletum.

2635 4229 2916 4283 Dominica
2971 4229 3226 4298 septima.

2179 4319 2479 4378 Admouitio
2505 4323 2801 4392 pastoralis
2836 4320 2996 4373 Pauli
3025 4321 3092 4374 ad
3123 4321 3454 4389 presbyteros
3489 4319 3675 4386 Ephesi

2729 4422 3133 4468 commoranm.

893 4414 1125 4484 Ἐφέσῳ
1150 4414 1622 4509 πρεσϐυτέρους.
2063 4448 2117 4509 D

1049 4505 1442 4560 ΚΕΙΜΕΝΟΝ.

539 4591 779 4664 Κέκρικε
808 4594 917 4662 γὰρ
941 4595 970 4646 ὁ
1002 4595 1210 4659 Παῦλος
1239 4594 1624 4666 παραπλεῦσαι
1649 4594 1746 4666 τὴν
1783 4597 2027 4665 Ἔφεσον1

2211 4597 2326 4652 XX.
2349 4598 2536 4655 16-36.
2553 4596 3068 4666 Proposueratenim
3087 4594 3713 4664 Paulustransnavigare

466 4684 616 4748 ὅπως
667 4684 743 4754 μὴ
775 4685 999 4756 γένηται
1029 4686 1180 4756 αὐτῷ
1219 4687 1637 4758 χρονοτριϐῆσαι
1671 4690 1729 4740 ὲν
1755 4690 1821 4757 τῇ
1864 4687 2019 4758 Ἀσίᾳ

2140 4685 2439 4756 Ephesum,
2461 4703 2528 4741 tte
2557 4700 2664 4755 qua
2683 4700 2832 4739 mora
2859 4684 2934 4738 illi
2970 4683 3190 4739 lierctin
3222 4684 3370 4738 Asia.
3397 4683 3715 4739 Festinabat

472 4775 738 4830 Ἐσπευδε
767 4777 960 4848 γὰρ,εί
994 4777 1218 4831 δυνατὸν
1246 4774 1313 4848 ἦν
1347 4779 1518 4848 αύτῷ,
1557 4778 1658 4851 τὴν
1700 4778 1912 4850 ἡμέραν
1945 4779 2027 4848 τῆς

2142 4776 2314 4841 enim,
2343 4774 2386 4829 si
2423 4774 2684 4844 possibile
2716 4773 2820 4828 sibi
2859 4781 3028 4839 esset,
3063 4785 3121 4827 ut
3179 4773 3322 4827 diem
3360 4772 3712 4828 Pentecostcs

477 4864 878 4938 Ιῐεντηκοστῆς,
908 4868 1164 4936 γενέσθαι
1191 4869 1270 4932 εἰς
1303 4869 1670 4939 Ἰεροσόλυμα.
1712 4867 1845 4922 Ἀπὸ
1865 4867 1921 4920 δὲ
1944 4867 2027 4938 τῆς

2145 4865 2351 4921 faceret
2406 4866 2793 4937 .Icrosolymis.
2864 4864 2908 4918 A
2967 4865 3158 4921 Mileto
3231 4874 3415 4920 autem
3488 4867 3714 4918 mittens

475 4952 714 5024 Μιλήτου
761 4959 984 5029 πέμψας
1035 4963 1115 5022 είς
1170 4960 1423 5028 Ἔφεσον,
1479 4959 1880 5030 μετεκαλέσατο
1917 4961 2027 5022 τοὺς

2149 4958 2445 5028 Ephesum,
2480 4959 2691 5014 vocavit
2729 4955 2960 5026 majores
2991 4965 3119 5012 natu
3149 4955 3422 5011 Ecclesire.
3458 4955 3560 5021 Qui
3589 4969 3716 5007 cum

478 5046 880 5118 πρεσϐυτέρους
927 5046 1026 5120 τῆς
1067 5052 1417 5121 Ἐκκλησίας.
1462 5053 1547 5115 Ὠς
1585 5051 1641 5105 δὲ
1682 5053 2027 5124 παρεγένοντς

2149 5050 2428 5104 venissent
2460 5049 2527 5103 ad
2557 5064 2706 5113 cum,
2733 5055 2787 5102 et
2810 5048 2978 5102 simul
3023 5058 3229 5111 essent,
3283 5045 3422 5100 dixit
3449 5047 3562 5100 eis:
3605 5043 3715 5098 Vos

479 5133 616 5204 πρὸς
667 5138 854 5205 αὑτὸν,
908 5137 1061 5195 εἶπεν
1113 5145 1332 5208 αὐτοῖς’
1376 5145 1568 5214 Ὑμεῖς
1614 5144 1909 5199 ἐπίστασθε
1939 5145 2027 5199 ἀπὶ

2151 5139 2305 5197 scitis
2339 5141 2564 5210 aprima
2612 5139 2722 5205 die,
2779 5139 3192 5210 quaiugressus
3253 5153 3373 5192 sum
3427 5135 3714 5196 inAsiam,

2781 4501 3086 4559 TEXTUS.

1660 5317 1864 5382 Variae
1903 5321 2214 5400 lectiones
2259 5328 2322 5384 et
2367 5327 2558 5384 nota).

548 5419 596 5452 ⁸⁸
631 5421 850 5486 πάντες.
927 5423 973 5454 ⁸³
1005 5423 1314 5478 καταπτάν.

2153 5568 2264 5612 tum
2288 5558 2414 5625 quia
2447 5559 2514 5611 ab
2543 5569 2761 5613 auctore
2791 5561 2878 5613 hic
2908 5552 3229 5625 explicatur.

2225 5621 2338 5696 ('53)
2385 5628 2540 5696 Vulg.
2572 5624 3157 5696 interpres“Neocorou
3203 5625 3363 5680 vertit
3409 5621 3724 5687 cultricem;

2152 5695 2398 5768 plerique
2424 5695 2514 5750 alii
2545 5703 2762 5752 vertunt
2784 5695 3058 5749 a'diluam.

551 5554 664 5624 (32)
699 5554 858 5628 Vulg.
897 5557 1165 5628 interpres
1206 5558 1392 5618 habet.
1430 5557 1678 5627 Iovisque
1707 5559 1892 5627 prolis,
1928 5557 2042 5610 for-

483 5631 628 5698 tasse
669 5625 811 5696 quod
849 5625 1197 5698 legerit'Atb;
1229 5629 1436 5698 παιδός.
1475 5625 1601 5698 Ipse
1624 5625 1821 5682 retinui
1855 5644 2040 5681 vocem

479 5695 748 5762 (irtccam,
782 5707 892 5751 tum
912 5695 1053 5767 quia
1087 5698 1248 5754 unica
1279 5697 1469 5753 Latina
1497 5695 1649 5753 reddi
1683 5714 1794 5753 non
1830 5701 2044 5768 potest;
