4058 6210
434 231 572 296 1015

1312 239 1884 302 THEOPHYLACTI
1918 245 2330 311 BULGARUE
2373 255 2731 322 ARCHIEP.
2845 260 2853 267 ’

3507 265 3656 338 1016

432 340 670 412 qualiter
700 343 980 398 vobiscum
1035 361 1130 416 per
1176 362 1335 402 omne
1367 356 1582 419 tempus
1627 350 1842 422 fuerim,
1877 369 1994 411 ser-

2101 365 2322 434 πρώτης
2355 367 2568 438 ἡμέρας
2598 369 2695 439 ἀφ’
2722 363 2790 444 ἧς
2818 370 3022 444 ἐπέϐην
3053 375 3133 439 είς
3163 374 3262 449 τὴν
3305 378 3509 446 Ἀσίαν,
3542 385 3669 449 πῶς

432 437 591 489 viens
618 434 849 490 Domino
883 454 1008 492 cum
1043 441 1191 496 omni
1221 442 1527 500 humilitate
1560 456 1616 502 et
1652 447 1911 521 lacrymis
1942 459 1996 507 et

434 526 857 589 tcntationibus,
915 543 1035 597 quae
1083 531 1216 585 mihi
1272 533 1594 590 acciderunt
1653 553 1718 592 ex
1777 539 1997 597 insidiis

433 617 742 673 Judaornm
794 621 1116 689 :quomodo
1147 623 1279 678 nihil
1327 626 1691 684 subtraxerim
1736 631 1978 700 utilium,

427 723 538 777 quo
603 708 788 764 minus
825 712 1211 768 annuntiarem
1243 715 1420 779 vobis,
1469 724 1528 772 et
1589 718 1842 776 docerem
1899 737 1997 778 vos

427 797 648 868 publice
691 807 747 854 et
802 815 900 870 per
949 802 1166 868 domos,
1227 808 1532 864 testificaris
1572 807 1777 868 Judmis
1834 823 1995 885 atque

424 892 718 964 gentilibus
746 893 800 948 in
828 893 996 950 Deum
1036 900 1417 967 paenitentiam
1466 914 1520 959 et
1549 904 1708 961 ﬁdem
1734 907 1790 961 in
1809 906 1996 964 Domi-

431 1000 561 1039 num
599 994 850 1040 nostrum
881 986 1068 1044 Jesum
1098 991 1404 1050 Christum.
1441 995 1509 1050 Et
1541 1013 1690 1052 nunc
1719 1013 1849 1055 ecce
1870 999 1993 1056 alli-

426 1085 581 1144 gatus
611 1092 711 1148 ego
749 1078 978 1149 Spiritu,
1013 1083 1151 1138 vado
1195 1087 1250 1141 in
1281 1085 1580 1144 Jerusalem
1609 1107 1626 1159 ;
1687 1107 1809 1162 qua
1837 1092 1892 1146 in
1928 1106 1992 1148 ea

425 1175 650 1223 ventura
676 1170 789 1226 sint
821 1172 974 1238 mihi,
1035 1175 1295 1246 ignorans
1355 1201 1368 1235 ι
1413 1181 1519 1238 nisi
1550 1184 1694 1252 quod
1754 1185 1992 1256 Spiritus

424 1266 652 1316 sanctus
713 1276 812 1330 per
859 1279 1053 1320 omnes
1110 1267 1356 1326 civitates
1417 1274 1549 1327 mihi
1601 1283 1984 1343 protestatur,

429 1349 622 1406 dicens
692 1355 949 1423 quoniam
993 1358 1208 1413 vincula
1241 1369 1296 1416 et
1346 1361 1734 1420 tribulationes
1769 1364 1992 1422 Jeroso-

425 1438 586 1508 lymis
616 1455 704 1496 me
769 1450 1012 1498 manent.
1048 1442 1154 1502 Sed
1209 1447 1344 1502 nihil
1394 1449 1589 1504 horum
1623 1466 1840 1516 vereor,
1892 1465 1992 1508 nec

423 1528 565 1584 facio
592 1531 830 1586 animam
873 1549 1048 1590 meam
1079 1538 1460 1607 pretiosiorem
1493 1556 1654 1610 quam
1690 1556 1798 1606 me,
1831 1541 1990 1596 dum-

425 1619 586 1674 modo
610 1633 985 1678 consummem
1013 1640 1235 1682 cursum
1279 1644 1484 1698 meum,
1529 1641 1585 1686 et
1627 1631 1987 1687 ministerium

424 1709 572 1765 verbi
611 1712 755 1781 quod
787 1716 970 1783 accepi
1009 1732 1038 1770 a
1078 1717 1304 1774 Domino
1335 1719 1484 1786 Jesn,
1508 1721 1786 1779 testiﬁcari
1811 1723 1990 1779 Evan-

421 1799 621 1869 gelium
653 1801 816 1872 29o
846 1803 1035 1873 gratiae
1067 1803 1181 1860 Dei.
1221 1806 1286 1861 Et
1334 1826 1480 1865 nunc
1533 1827 1660 1867 ecce
1713 1828 1814 1883 ego
1846 1812 1988 1878 scio,

423 1890 552 1959 quia
611 1892 850 1962 amplius
913 1909 1022 1949 non
1079 1895 1336 1952 videbitis
1406 1898 1600 1956 faciem
1667 1919 1844 1958 meam
1891 1920 1989 1960 vos

421 1993 634 2044 omnes,
661 1994 758 2049 per
792 1997 934 2050 quos
986 1985 1217 2041 transivi
1251 1988 1558 2057 praedicans
1614 2006 1841 2063 regnum
1869 1995 1986 2050 Dei.

423 2068 768 2140 Quapropter
795 2081 1080 2130 contestor
1116 2092 1214 2132 vos
1236 2077 1498 2136 hodierna
1530 2083 1640 2150 die,
1679 2085 1805 2153 quia
1828 2101 1987 2141 mum-

421 2162 524 2215 dus
564 2175 683 2217 sum
733 2177 764 2217 a
808 2165 1073 2235 sanguine
1103 2168 1373 2225 omnium.
1408 2171 1524 2227 Non
1580 2174 1724 2230 enim
1775 2177 1991 2232 subter-

429 2247 566 2320 fugi,
599 2251 897 2321 quominus
932 2258 1318 2315 annuntiarem
1344 2277 1506 2318 omne
1561 2267 1854 2323 consilium
1890 2269 1985 2326 Dei

418 2340 594 2396 vobis.

485 2520 762 2579 Attendite
811 2526 967 2584 vobis
1021 2537 1074 2584 et
1105 2529 1362 2590 universo
1407 2537 1581 2608 gregi,
1631 2539 1683 2593 in
1731 2557 1841 2611 quo
1888 2559 1985 2601 vos

417 2609 656 2681 Spiritus
675 2623 904 2672 sanctus
930 2621 1120 2688 posuit
1145 2623 1432 2696 episcopos
1462 2644 1649 2700 regere
1678 2609 1982 2691 Ecclesiam

419 2703 512 2758 Dei
537 2719 698 2774 quam
727 2707 1023 2777 acquisivit
1061 2715 1336 2784 sanguine
1369 2732 1495 2775 suo.
1542 2721 1656 2794 Ego
1685 2725 1824 2792 scio,
1846 2741 1985 2797 quo-

417 2799 562 2850 niam
636 2797 919 2856 intrabunt
985 2813 1108 2874 post
1172 2806 1565 2868 discessionem
1617 2830 1794 2872 meam
1867 2819 1981 2892 lupi

415 2901 642 2956 rapaces
665 2888 718 2944 in
748 2905 866 2955 vos,
898 2907 1005 2948 non
1059 2907 1346 2964 parcentes
1384 2903 1555 2975 gregi.
1598 2904 1666 2960 Et
1709 2921 1775 2961 ex
1824 2888 1980 2967 vobis

411 2973 546 3043 ipsis
575 2987 871 3049 exsurgent
900 2980 1004 3037 viri
1047 2983 1332 3055 loquentes
1376 2973 1656 3060 perversa,
1707 3002 1767 3049 ut
1805 2997 1981 3053 abdu-
2008 3015 2050 3073 ο

409 3073 539 3120 cant
585 3066 885 3138 discipulos
945 3081 1068 3143 post
1116 3089 1196 3130 se.
1259 3076 1490 3149 Propter
1545 3085 1689 3151 quod
1735 3085 1975 3158 vigilate,

411 3155 675 3208 memoria
709 3159 1032 3228 retinentes,
1061 3167 1321 3233 quoniam
1349 3184 1449 3237 per
1479 3171 1774 3228 triennium
1798 3155 1981 3234 vnocte

409 3251 464 3298 et
491 3242 579 3299 die
601 3259 707 3299 non
735 3249 970 3311 cessavi,
1017 3266 1142 3306 cum
1191 3254 1450 3326 lacrymis
1505 3275 1733 3320 monens
1772 3281 1980 3322 unum-

411 3349 682 3405 quemque
716 3345 984 3393 vestrum.
1016 3339 1083 3394 Et
1111 3357 1257 3398 nunc
1289 3350 1608 3406 commendo
1655 3368 1754 3409 vos
1784 3354 1894 3412 Deo
1923 3367 1979 3414 et

407 3425 577 3483 verbo
601 3427 792 3498 gratia:
837 3428 1034 3500 ipsius,
1075 3433 1168 3504 qui
1221 3443 1416 3505 potens
1475 3448 1560 3498 est
1611 3443 1889 3504 aedificare
1921 3457 1975 3504 et

407 3517 542 3573 dare
571 3518 944 3577 limreditatem
978 3523 1030 3579 in
1058 3527 1415 3586 sanetiiicatis
1444 3534 1723 3594 omnibus.
1764 3541 1973 3609 Argen-

406 3617 520 3662 tum
540 3618 591 3666 et
626 3625 819 3666 aurum
857 3623 950 3670 aut
979 3624 1185 3673 vestem
1251 3621 1459 3680 nullius
1488 3629 1804 3699 concupivi,
1832 3633 1975 3688 sicut

406 3699 511 3768 ipsi
541 3700 698 3758 scitis
726 3720 739 3756 :
766 3708 1022 3773 quoniam
1053 3707 1118 3762 ad
1171 3725 1234 3766 ea
1282 3727 1404 3782 quae
1434 3716 1567 3775 mihi
1599 3734 1738 3790 opus
1789 3733 1970 3789 erant,

401 3799 457 3843 et
492 3791 580 3848 his
629 3793 723 3864 qui
780 3810 993 3852 mecum
1047 3811 1197 3869 sunt,
1255 3804 1710 3866 ministraverunt
1777 3829 1972 3871 manus

403 3880 541 3937 istae.
574 3884 765 3939 Omnia
807 3890 1026 3945 ostendi
1060 3892 1238 3960 vobis,
1285 3900 1542 3968 quoniam
1591 3903 1673 3960 sic
1705 3904 1970 3962 laboran-

400 3980 508 4040 tes,
535 3983 754 4045 oportet
777 3981 1059 4051 suscipere
1082 3985 1356 4055 infirmos,
1384 4007 1448 4049 ac
1478 3996 1793 4052 meminisse
1817 4001 1968 4056 verbi

399 4063 618 4121 Domini
675 4066 806 4126 Iesu
863 4074 1124 4143 quoniam
1192 4079 1308 4150 ipse
1364 4083 1543 4143 dixit:
1607 4085 1829 4146 Beatius
1883 4100 1967 4147 est

398 4152 531 4210 dare
552 4171 717 4227 quam
748 4161 1020 4231 accipere.
1072 4162 1138 4220 Et
1175 4182 1302 4224 cum
1345 4171 1459 4227 hac
1493 4173 1742 4244 dixisset,
1769 4178 1964 4250 positis

397 4245 628 4316 genibus
657 4250 800 4317 suis,
829 4255 1008 4310 oravit
1037 4271 1160 4313 cum
1185 4261 1444 4320 omnibus
1467 4265 1602 4323 illis.

895 4504 1462 4570 COMMENTARIUS.

471 4608 490 4639 σ
543 4591 682 4648 Cum
730 4595 878 4649 omni
932 4595 1242 4658 humilitate
1322 4611 1376 4657 et
1443 4605 1720 4679 lacrymis.
1782 4629 1803 4664 ι
1860 4611 1962 4669 Hic

397 4677 656 4738 doctrina:
684 4697 796 4739 suae
829 4685 1201 4745 characterem
1238 4693 1308 4748 ob
1341 4696 1530 4752 oculos
1556 4677 1731 4769 ponit,
1767 4715 1963 4774 nempe

2102 458 2223 528 μεθ’
2251 459 2407 530 ὑμῶν
2432 461 2523 516 τὸν
2551 463 2730 520 πάντα
2754 465 2944 536 χρόνον
2967 467 3234 541 ἐγενόμην
3253 488 3267 503 ο
3297 472 3564 527 δουλεύων
3585 475 3671 546 τῷ

2100 549 2289 619 Κυρίῳ
2339 550 2480 618 μετὰ
2529 552 2712 624 πάσης
2755 557 3279 629 ταπεινοφροσύνης,
3310 561 3404 614 καὶ
3457 562 3672 616 πολλῶν

2096 638 2349 710 δακρύων
2379 641 2474 696 καὶ
2504 647 2826 717 πειρασμῶν
2852 646 2961 702 τῶν
2999 648 3322 719 συμϐάντων
3347 667 3438 721 μοι
3465 651 3523 704 ἓν
3543 655 3670 716 ταῖς

2097 731 2412 797 ἐπιϐουλαῖς
2455 734 2565 789 τῶν
2615 737 2919 791 Ἰουδαίωνο
2963 739 3038 803 ὠς
3069 740 3222 794 οὐδὲν
3260 741 3666 813 ὑπεστειλάμην

2095 823 2204 877 τῶν
2229 829 2618 897 συμφερόντων
2641 828 2736 884 τοῦ
2765 831 2840 902 μὴ
2867 832 3184 901 ἀναγγεῖλαι
3214 834 3363 904 ὑμῖν,
3394 835 3491 887 καὶ
3513 835 3662 889 διδά-

2096 916 2186 982 ξαι
2221 918 2364 988 ὑμᾶς
2392 919 2626 992 δημοσίᾳ
2669 923 2763 976 καὶ
2798 923 2918 976 κατ’
2950 924 3132 988 οῐκους
3153 942 3168 956 ·
3223 925 3666 998 διαμαρτυρόμε-

2092 1026 2185 1073 νος
2217 1007 2488 1075 Ἰουδαίοις
2521 1029 2581 1065 τε
2617 1013 2712 1068 καὶ
2743 1015 2966 1084 Ἕλλησι
2993 1014 3092 1085 τὴν
3111 1015 3192 1079 είς
3213 1015 3303 1070 τὸν
3327 1016 3461 1070 Θεὸν
3497 1021 3664 1088 μετάλ-

2094 1121 2266 1166 νοιαν,
2299 1107 2394 1160 καὶ
2426 1108 2611 1162 πίστιν
2641 1109 2739 1178 τὴν
2773 1110 2848 1173 είς
2889 1111 2980 1164 τὸν
3023 1111 3227 1181 Κύριον
3256 1112 3415 1183 ἡμῶν
3456 1113 3660 1184 Ἰησοῦν

2093 1195 2346 1264 Χριστόν.
2378 1197 2487 1251 Καὶ
2517 1197 2612 1252 νῦν
2655 1199 2764 1254 ίδοὺ
2796 1200 3078 1270 δεδεμένος
3123 1201 3233 1270 ἐγὼ
3274 1202 3353 1272 τῷ
3382 1203 3660 1272 Πνεύματι

2097 1287 2399 1357 πορεύομαι
2430 1289 2510 1350 είς
2562 1288 2946 1361 Ἰερουσαλὴμ,
2978 1291 3047 1346 τά
3091 1294 3149 1346 ὲν
3201 1293 3340 1364 αὐτῇ
3385 1295 3664 1366 συμδησό-

2097 1379 2234 1450 μενά
2266 1397 2356 1446 μοι
2387 1380 2460 1452 μὴ
2506 1382 2696 1446 είδὼςο
2727 1383 2870 1455 πλὴν
2917 1383 3000 1438 δτι
3045 1384 3106 1438 τὸ
3152 1385 3375 1455 Πνεῦμα
3416 1386 3477 1440 τὸ
3505 1387 3663 1455 ἀγιον

2094 1471 2235 1525 κατά
2268 1472 2424 1528 πόλιν
2455 1473 2886 1546 διαμαρτύρεταί
2921 1493 3010 1546 μοι
3041 1475 3200 1546 λέγον
3220 1493 3237 1510 ο
3267 1478 3349 1531 ὅτι
3383 1477 3560 1548 δεσμά
3594 1497 3662 1549 με

2093 1565 2189 1618 καὶ
2218 1565 2424 1636 θλίψεις
2459 1567 2730 1638 μένουσιν.
2769 1568 2912 1622 Ἀλλ’
2942 1569 3154 1634 οὐδενὸς
3184 1569 3344 1639 λόγον
3375 1572 3661 1643 ποιοῦμαι,

2021 1695 2064 1750 Β
2093 1657 2214 1710 οὐδὲ
2245 1658 2352 1729 ἔχω
2382 1659 2481 1729 τὴν
2508 1658 2688 1730 ψυχήν
2725 1677 2825 1729 μου
2852 1661 3042 1732 τιμίαν
3067 1661 3315 1732 ἐμαυτῷ,
3341 1662 3418 1726 ὡς
3441 1663 3664 1716 τελειῶ-

2007 1789 2023 1805 .
2095 1767 2186 1803 σαι
2214 1752 2304 1804 τὸν
2333 1751 2534 1821 δρόμον
2575 1769 2677 1822 μου
2709 1752 2843 1821 μετά
2877 1754 3074 1824 χαρᾶς,
3108 1753 3201 1807 καὶ
3233 1755 3331 1824 τὴν
3360 1753 3662 1821 διακονίαν,

2090 1841 2160 1912 ἢν
2192 1839 2382 1896 ἔλαϐον
2410 1843 2560 1912 παρὰ
2594 1842 2687 1897 τοῦ
2720 1844 2926 1914 Κυρίου
2967 1844 3162 1914 Ἰησοῦ,
3187 1844 3662 1917 διαμαρτύρασθαι

2089 1932 2151 1984 τὸ
2199 1933 2527 2002 Εὑαγγέλιον
2549 1935 2650 2006 τῆς
2678 1937 2902 2007 χάριτος
2933 1936 3027 1991 τοῦ
3059 1935 3218 1992 Θεοῦ.
3260 1937 3370 1990 Καὶ
3414 1937 3510 1990 νῦν
3549 1937 3660 1991 ίδοὺ

2091 2023 2203 2092 ἐγὼ
2233 2022 2371 2090 οἶδα,
2395 2026 2477 2080 ὅτι
2505 2026 2606 2080 οὐκ
2639 2025 2718 2080 ἔτι
2742 2027 2939 2096 ὄψεσθε
2965 2027 3027 2081 τὸ
3055 2027 3345 2099 πρόσωπόν
3372 2045 3472 2098 μου
3501 2028 3662 2098 ὑμεῖς

2090 2115 2312 2181 πάντες,
2347 2117 2406 2170 έν
2442 2113 2524 2180 οἷς
2553 2118 2768 2188 διῆλθον
2800 2118 3092 2191 κηρύσσων
3123 2119 3223 2191 τὴν
3253 2119 3530 2192 βασιλείαν
3560 2117 3658 2172 τοῦ

2089 2207 2248 2262 Θεοῦ.
2275 2207 2366 2261 Διὸ
2413 2209 2763 2280 μαρτύρομαι
2805 2211 2936 2280 ὑμῖν
2969 2213 3026 2265 έν
3071 2213 3138 2284 τῇ
3174 2211 3415 2283 σήμερον
3447 2211 3656 2282 ἡμέρα,

2089 2299 2171 2353 ὅτι
2201 2299 2440 2370 καθαρός
2461 2303 2578 2371 είμι
2608 2301 2714 2356 ἀπὸ
2735 2301 2829 2356 τοῦ
2858 2304 3091 2374 αἵματος
3119 2304 3339 2358 πάντων
3369 2304 3543 2375 ὑμῶν.
3576 2305 3655 2358 Οὐ

2087 2390 2193 2459 γὰρ
2225 2391 2630 2462 ὑπεστειλάμην
2683 2393 2776 2447 τοῦ
2829 2394 2902 2466 μὴ
2950 2394 3272 2464 ἀναγγεῖλαι
3313 2396 3442 2464 ὑμῖν
3475 2395 3658 2449 πᾶσαν

2085 2483 2185 2555 τὴν
2209 2483 2406 2555 βουλὴν
2429 2485 2523 2539 τοῦ
2551 2485 2708 2540 Θεοῦ.

2158 2576 2461 2647 Προσέχετε
2490 2576 2584 2631 οὖν
2615 2579 2849 2642 ἑαυτοῖς,
2880 2577 2976 2631 καὶ
3011 2578 3173 2632 τιαντλ⁵
3196 2577 3273 2649 τῷ
3303 2578 3560 2648 ποιμνίῳ,
3592 2578 3654 2631 ἐν

2083 2658 2128 2734 ᾧ
2164 2670 2308 2738 ὑμᾶς
2335 2670 2396 2722 τὸ
2423 2670 2647 2739 Πνεῦμα
2686 2669 2746 2724 τὸ
2773 2670 2928 2738 ἀγιον
2958 2669 3109 2724 ἔθετο
3147 2670 3500 2734 ἐπισκόπους,
3528 2687 3651 2722 ποι-

2089 2761 2299 2829 μαίνειν
2321 2760 2422 2833 τὴν
2453 2761 2778 2832 Ἐκκλησίαν
2806 2761 2899 2817 τοῦ
2929 2761 3086 2826 Θεοῦ,
3125 2763 3191 2834 ἢν
3225 2763 3652 2834 περιεποιήσατο

2083 2851 2172 2906 διά
2221 2852 2318 2906 τοῦ
2374 2853 2504 2908 ίδίου
2563 2853 2817 2925 αἵματος.
2847 2853 2992 2921 Ἐγὼ
3026 2855 3136 2924 γάρ
3182 2849 3300 2908 οἶδα
3346 2854 3525 2918 τοῦτο,
3566 2854 3650 2906 ὅτι

2086 2945 2226 3014 μετά
2253 2945 2353 3016 τὴν
2381 2946 2565 3016 ἄφιξίν
2598 2963 2701 3016 μου
2741 2945 3139 3000 εἰσελεύσονται
3171 2944 3324 2999 λύκοι
3351 2944 3538 3016 βαρεῖς
3569 2944 3651 3007 είς

2082 3042 2248 3112 ὑμεῖς,
2282 3040 2357 3112 μὴ
2383 3041 2687 3112 φειδόμενοι
2709 3040 2804 3095 τοῦ
2833 3041 3084 3111 ποιμνίου
3105 3056 3121 3071 °
3153 3042 3248 3096 καὶ
3273 3041 3332 3106 ἐξ
3365 3039 3517 3111 ὑμῶν
3546 3040 3647 3093 αὑ-

2081 3134 2189 3187 τῶν
2231 3135 2623 3205 ἀναστήσονται
2657 3133 2847 3203 ἄνδρες
2889 3133 3176 3196 λαλοῦντες
3217 3134 3644 3205 διεστραμμένα,

2079 3223 2174 3277 τοῦ
2202 3227 2456 3296 ἀποσπᾷν
2480 3225 2605 3288 τοὺς
2630 3225 2874 3299 μαθητὰς
2903 3225 3078 3279 ὀπίσω
3103 3225 3302 3281 αὑτῶν.
3333 3226 3425 3279 Διὸ
3446 3243 3648 3296 γρηγο-

2081 3317 2224 3386 ρεῖτε
2251 3315 2699 3386 μνημονεύοντες,
2718 3317 2799 3371 ὅτι
2825 3318 3086 3388 τριετίαν,
3103 3315 3274 3375 νύκτα
3298 3319 3392 3372 καὶ
3409 3319 3643 3388 ἡμέραν,

2078 3407 2178 3460 οὑκ
2199 3407 2528 3480 ἐπαυσάμην
2562 3410 2700 3478 μετά
2723 3409 2975 3481 δακρύων
2996 3412 3260 3466 νουθετῶν
3293 3412 3389 3465 ἕνα
3415 3411 3643 3465 ἕκαστον

2078 3499 2255 3569 ὑμῶν.
2301 3499 2410 3553 Καὶ
2455 3499 2618 3556 τανῦν
2657 3502 3028 3574 παρατίθεμαι
3067 3503 3241 3573 ὑμᾶς,
3290 3504 3528 3574 ἀδελφοὶ,
3563 3503 3642 3575 τῷ

2075 3590 2196 3661 Θεῷ
2224 3591 2321 3645 καὶ
2347 3590 2426 3662 τῷ
2453 3591 2597 3662 λόγῳ
2631 3591 2729 3664 τῆς
2767 3594 2990 3666 χάριτος
3022 3594 3210 3662 αὐτοῦ,
3245 3595 3324 3667 τῷ
3362 3596 3645 3667 δυναμένῳ

2075 3681 2496 3753 ὲποικοδομῆσαι
2539 3683 2635 3735 καὶ⁹
2661 3681 2847 3737 δοῦναι
2889 3685 3022 3754 ἡμῖν
3048 3685 3417 3756 κληρονομίαν
3445 3687 3503 3738 ἐν
3531 3689 3644 3750 τοῖς

2073 3771 2428 3842 ἡγιασμένοις
2459 3772 2941 3845 πᾶσιν.’Δργυρίου
2973 3774 3006 3846 ἢ
3035 3776 3319 3846 χρυσίουῆ
3344 3776 3641 3845 ἱματισμοῦ

2071 3864 2284 3927 οὐδενὸς
2331 3864 2674 3936 ἐπεθύμησα.
2719 3867 2884 3920 Αὐτοὶ
2935 3865 2990 3919 δὲ
3041 3867 3356 3934 γινώσκετε,
3409 3869 3489 3922 ὅτι
3521 3871 3641 3928 ταῖς

2073 3955 2284 4025 χρείαις
2322 3973 2448 4026 μου,
2481 3957 2576 4012 καὶ
2597 3958 2712 4021 τοῖς
2728 3957 2846 4011 οὖσι
2875 3959 2996 4029 μετ’
3022 3959 3179 4030 ἐμοῦ,
3201 3960 3554 4031 ὑπηρέτησαν
3582 3961 3638 4014 αί

2070 4049 2252 4118 χεῖρες
2267 4042 2445 4105 αὗται.
2460 4050 2641 4104 Πάντα
2654 4050 2904 4118 ὑπέδειξα
2920 4053 3069 4121 ὑμῖν,
3083 4053 3166 4106 ὅτι
3179 4051 3320 4107 οὕτω
3336 4054 3640 4117 κοπιῶντας

2068 4138 2774 4207 δεῖάντιλαμόἀνεσθαιτῶν
2790 4141 3178 4210 ἀσθενούντων,
3203 4143 3557 4214 μνημονεύειν
3579 4161 3635 4197 τε

2068 4230 2180 4284 τῶν
2221 4231 2397 4300 λόγων
2431 4231 2528 4285 τοῦ
2568 4232 2774 4304 Κυρίου
2813 4233 3012 4306 Ἰησοῦ,
3044 4235 3124 4290 ὅτι
3158 4235 3320 4300 αὐτὸς
3353 4231 3474 4289 εἷπε
3495 4237 3636 4290 ’Μαο

1998 4341 2042 4396 ι)
2072 4322 2265 4392 κάριόν
2284 4324 2400 4376 ἐστι
2432 4323 2632 4394 μᾶλλον
2650 4323 2872 4401 διδόναι,
2907 4325 2940 4397 ἢ
2967 4325 3284 4396 λαμϐάνειν.
3317 4327 3431 4381 Καὶ
3463 4327 3635 4381 ταῦτα

2067 4411 2260 4481 εἰπὼν,
2315 4412 2429 4478 θεὶς
2476 4415 2548 4468 τὰ
2597 4414 2802 4484 γόνατα
2857 4415 3042 4484 αὑτοῦ,
3085 4417 3182 4472 σὺν
3237 4420 3405 4474 πᾶσιν
3451 4419 3634 4484 αὐτοῖς

2067 4504 2434 4577 προσηύξατο.

2673 4597 3052 4655 ΕΡΜΗΝΕΙΑ.

2133 4689 2404 4744 Ἐνταῦθα
2459 4693 2786 4763 χαρακτῆρα
2844 4695 3194 4760 διδασκαλίας
3243 4697 3507 4760 δείκνυσι,
3567 4697 3630 4751 τὸ

395 4767 603 4824 invidia
643 4778 701 4826 et
732 4773 872 4830 fastu
904 4784 1180 4844 expertem
1211 4795 1352 4849 esse,
1382 4767 1613 4856 aliisque
1672 4767 1963 4847 condolere

2079 4783 2315 4851 ίφθονον,
2333 4782 2392 4837 τὸ
2418 4783 2612 4839 ἄοκνον
2632 4785 2774 4850 ⁸⁸,τὸ
2796 4789 3081 4858 συμπαθὲς
3103 4789 3325 4861 (ἔπασχε
3355 4791 3460 4860 γάρ
3489 4791 3629 4861 ὑπὲρ

403 4857 646 4928 (dolebat
683 4862 828 4917 enim
858 4863 949 4920 ille
980 4875 1035 4922 et
1066 4882 1162 4937 pro
1202 4871 1312 4928 illis
1333 4874 1426 4942 qui
1463 4876 1735 4945 peribant,
1774 4887 1828 4934 et
1860 4896 1958 4951 pro

2079 4875 2168 4928 τῶν
2195 4875 2604 4947 ἀπολλυμένων,
2655 4878 2798 4949 ὑπὲρ
2829 4857 2938 4932 τῶν
2985 4857 3378 4954 ἀπολλύντων),
3422 4857 3518 4937 καὶ
3565 4857 3627 4936 τί)

389 4949 457 5005 iis
488 4951 581 5022 qui
606 4952 957 5025 perdebant),
985 4967 1038 5012 et
1068 4957 1300 5017 humiles
1327 4977 1450 5021 esse
1511 4968 1590 5036 (at
1614 4982 1722 5023 non
1760 4949 1958 5024 utcun-

2079 4970 2313 5021 ταπεινὸν
2343 4969 2460 5038 (καὶ
2490 4969 2588 5040 οὐχ
2619 4969 2804 5033 ἁπλῶς
2826 5011 2842 5037 ,
2873 4970 3030 5037 ἀλλά,
3069 4991 3088 5025 ι
3128 4973 3266 5044 μετὰ
3315 4949 3495 5045 πάσης
3525 4991 3624 5027 τα-

387 5055 516 5109 que,
557 5042 651 5098 sed
679 5058 802 5100 cum
828 5046 976 5104 omni
1005 5047 1330 5116 humilitate,
1353 5071 1568 5126 nempe,
1592 5058 1646 5112 in
1676 5060 1862 5127 verbo,
1899 5062 1954 5115 in

2079 5057 2508 5130 τεινοςρροσύνης,
2544 5077 2563 5112 ι
2611 5060 2768 5130 φησί·
2812 5062 2983 5116 πολλά
3009 5042 3269 5136 γάρνεῖδη
3310 5064 3410 5135 τῆς
3436 5042 3628 5120 ταπει-

386 5147 575 5201 opere,
610 5150 736 5208 erga
763 5140 1074 5209 superiores
1104 5152 1159 5198 et
1209 5143 1544 5218 inferiores),
1573 5159 1627 5203 et
1652 5165 1773 5218 quae
1803 5151 1954 5204 utilia

2079 5148 2386 5218 ιορροσύνης
2417 5165 2432 5179 θ
2490 5152 2548 5202 ὲν
2600 5151 2762 5222 λόγῳ,
2809 5153 2866 5206 ἐν
2907 5153 3074 5225 ἔργῳ,
3121 5158 3259 5225 πρὸς
3331 5157 3620 5228 ἄρχοντας,

388 5232 520 5277 sunt
586 5224 773 5296 loqui:
811 5240 970 5286 erant
1003 5247 1239 5302 namque
1285 5234 1454 5289 multa
1488 5251 1609 5307 quae
1653 5239 1953 5295 discereiis

2079 5239 2190 5310 πρὸς
2244 5239 2628 5311 ἀρχομένους),
2663 5244 2758 5297 καὶ
2788 5243 2850 5297 τὸ
2893 5245 2960 5298 τὰ
3012 5224 3619 5318 συμφέροντανλέγειν·

385 5329 493 5371 ιιοιι
519 5320 870 5387 expediebat.
895 5323 1070 5381 Sicuti
1091 5325 1233 5380 enim
1253 5327 1499 5397 quaedam
1523 5329 1632 5386 illis
1650 5331 1947 5398 occultare,

2079 5349 2117 5400 ιν
2169 5331 2277 5404 γὰρ
2327 5331 2544 5403 πρῶτον
2569 5335 2616 5368 ⁸³
2661 5334 2762 5389 οὐκ
2799 5333 2905 5392 ἔδει
2932 5335 3148 5408 μαθεῖν.
3182 5338 3396 5411 ’Ὠσπερ
3425 5340 3532 5413 γὰρ
3559 5339 3623 5394 τό

1529 5509 1613 5570 Va
1625 5506 1734 5572 riae
1761 5505 2068 5573 lectiones
2110 5516 2170 5574 et
2215 5520 2404 5574 notae.

447 5589 496 5622 “
519 5592 606 5646 ιον.
649 5593 868 5663 ἀογκον.
943 5603 991 5633 δ’
1023 5602 1082 5654 ἂ.
