4058 6210
365 311 498 376 10ίῖ

990 316 1527 378 ΕΧΡΟς-ἰΙΤΙΟΝίΞ
1556 317 1634 376 IN
1679 312 1864 374 ACTA
1901 311 2202 377 TEXTUS
2232 320 2505 382 ALTER.
2557 345 2621 354 —
2643 320 2800 380 CAP.
2841 321 2970 380 XX.

3464 315 3598 382 1018

365 445 486 482 τινα
517 427 874 498 κρύπτεσθαι,
922 431 1149 500 φθόνου·
1197 432 1342 487 οὕτω
1393 433 1486 486 καὶ
1521 432 1582 485 τδ
1615 432 1722 484 πᾶν
1749 430 1930 497 λέγειν

2036 443 2125 485 res
2177 431 2374 488 fuisset
2429 432 2692 499 invidiae;
2743 433 2818 485 ita
2874 429 3060 486 omnia
3124 427 3347 492 dicere,
3401 428 3595 485 fuisset

365 522 568 586 αύτοί;,
609 522 812 584 ἀνοίας.
849 525 960 578 Καὶ
992 526 1079 580 διὰ
1109 527 1272 582 τοῦτο
1299 526 1608 596 προσέθηκε
1643 522 1751 578 τῶν
1790 538 1930 590 συμ-

365 613 638 683 φερόντων
663 615 765 669 ούκ
797 616 972 668 είπεῖν
1015 618 1192 687 μόνον,
1241 618 1376 672 ἀλλᾶ
1425 617 1520 671 καὶ
1546 612 1775 679 διδάξαι.
1809 613 1931 666 Ἐνο

363 705 536 758 ταῦθα
583 707 664 768 είς
712 707 794 770 τδ,
849 727 868 760 ι
903 708 1204 776 δεδεμένος,
1247 727 1267 762 ι
1303 709 1386 762 δεῖ
1419 705 1708 772 ύποστίξαι
1744 746 1758 770 ,
1799 704 1926 774 ῐν’ή

359 794 567 848 διάνοια
596 797 820 867 τοιαύτη
841 813 856 828 ο
887 797 1196 868 Πορεύομαι
1241 799 1320 862 είς
1374 797 1756 868 Ἰερουσαλήμ·
1790 811 1925 864 προ-

359 889 523 954 γνοὺς
556 887 644 942 διὰ
691 887 787 942 106
843 888 1159 958 Πνεύματος
1201 889 1270 944 τὰ
1320 889 1577 960 ἐσόμενα,
1623 888 1928 958 πορεύομαι

356 978 579 1047 δέσμιος
615 978 713 1033 ὢν.
740 979 856 1034 Ἰνα
900 980 957 1034 δὲ
988 980 1137 1051 δείξῃ
1181 981 1263 1034 δτι
1305 980 1468 1042 ἑκὼν,
1499 981 1593 1033 καὶ
1631 979 1752 1048 οὐχὶ
1782 979 1928 1032 ἄκων

357 1069 681 1140 ἀπέρχεται,
733 1070 937 1140 φησιν’
984 1089 1004 1125 ι
1045 1072 1167 1125 Ὀτι
1217 1071 1359 1125 κατὰ
1411 1071 1566 1125 πόλιν
1613 1072 1789 1141 δεσμὰ
1835 1070 1928 1123 καὶ

359 1158 569 1228 θλίψεις
617 1176 687 1230 με
738 1161 984 1230 μένουσι.
1024 1180 1045 1214 ι
1097 1193 1167 1205 -
1217 1180 1238 1214 ι
1282 1163 1535 1232 Καθαρός
1581 1163 1718 1232 είμι,
1767 1162 1924 1232 φησὶ,

357 1248 466 1300 ἀπὸ
493 1248 588 1300 τοῦ
621 1248 856 1317 αἵματος
888 1250 1130 1315 πάντων,
1162 1269 1182 1304 ι
1227 1251 1276 1304 εί
1308 1252 1690 1317 νυστάξαντες,
1723 1251 1929 1306 ἀποθα-

360 1341 497 1391 νεῖτε
521 1339 590 1371 ⁸⁵·
627 1339 732 1393 ὑπὸ
757 1339 852 1394 τοῦ
908 1341 1169 1409 φονευτοῦ
1200 1341 1310 1397 τῶν
1337 1343 1544 1414 ψυχῶν.
1575 1342 1650 1396 Τὸ
1675 1344 1784 1414 γὰρ
1828 1343 1926 1396 τοῦ

357 1427 704 1493 διδασκάλου,
755 1431 911 1501 φησι,
968 1434 1266 1503 πεποίηκα,
1313 1434 1376 1487 τὸ
1421 1434 1751 1503 ἀπαγγεῖλαι
1799 1436 1926 1505 ύμῖν

357 1518 457 1600 ⁸τὴν
484 1518 682 1590 βουλὴν
727 1520 822 1574 τού
848 1521 1006 1576 Θεοῦ.
1042 1524 1183 1593 ’Δρα
1215 1525 1243 1576 ὁ
1286 1523 1360 1595 μὴ
1388 1524 1580 1592 λέγων,
1627 1525 1928 1588 ὑπεύθυνος

356 1609 450 1661 106
471 1609 703 1680 αἵματός
737 1612 874 1678 ἐστι,
916 1613 1166 1668 τουτέστι
1193 1613 1293 1681 τῆς
1332 1615 1549 1684 σφαγῆς
1577 1616 1778 1670 αὐτῶν.
1810 1615 1927 1668 Δεί-

358 1716 516 1753 κνυσι
544 1702 724 1756 τοίνυν
762 1705 845 1758 ὅτι
883 1705 1146 1766 κάκεῖνοι,
1191 1705 1260 1758 ἂν
1294 1705 1369 1775 μὴ
1413 1705 1659 1770 ποιῶσιν,
1693 1705 1925 1757 ὑπεύθυ-

357 1791 438 1844 νοί
475 1794 582 1846 εἰσι
627 1792 724 1847 106
760 1795 892 1848 ἰδίου
935 1797 1189 1865 αἵματος.
1240 1797 1346 1849 Δύο
1379 1797 1710 1865 προστάσσει
1753 1799 1926 1850 ποιεῖν

357 1883 484 1945 τοὺς
529 1884 917 1948 διδασκάλους·
973 1885 1098 1937 οὔτε
1147 1885 1256 1955 γὰρ
1296 1885 1359 1939 τὸ
1390 1886 1582 1956 ἑτέρου
1629 1886 1928 1955 κατορθοῦν

361 1975 544 2042 μόνον,
575 1976 686 2046 ἔχει
717 1976 906 2045 κέρδος
926 1992 941 2007 ·
977 1976 1102 2029 οὕτε
1131 1977 1192 2029 τὸ
1221 1977 1414 2031 ἑαυτοῦ
1451 1979 1610 2048 μόνον
1642 1979 1927 2047 ἐπιμελεῖ-

364 2064 515 2115 σθαιο
546 2065 574 2115 ὁ
607 2066 717 2135 γὰρ
745 2065 1009 2128 τοιοῦτος,
1043 2065 1320 2134 φίλαυτος.
1364 2067 1703 2137 Σημειωτέον
1733 2068 1811 2131 δὲ,
1842 2069 1926 2121 ὄτι

357 2151 451 2217 οὓς
519 2153 694 2208 ὀπίσω
745 2155 880 2225 φησὶ
932 2157 1362 2228 πρεσϐυτέρους,
1411 2152 1535 2230 [ὦδε
1593 2158 1927 2222 ἐπισκόπους

365 2245 554 2299 καλεῖ·
603 2247 744 2318 ἦτοι,
794 2248 879 2302 διὰ
927 2250 988 2302 τὸ
1025 2251 1152 2313 τοὺς
1209 2251 1632 2324 πρεσϐυτέρους]
1683 2254 1928 2324 ἀνάγκην

362 2336 508 2406 ἔχειν
533 2339 856 2392 ἐποπτεύειν
877 2340 946 2394 τὰ
970 2343 1069 2411 τῆς
1096 2340 1423 2412 Ἐκκλησίας
1450 2343 1643 2410 λογικὰ
1677 2345 1923 2412 ποίμνια,

365 2427 439 2495 μή
473 2443 558 2486 τις
586 2427 782 2498 άσθενῇ
816 2431 882 2499 τῇ
928 2429 1129 2492 πίστει,
1167 2431 1243 2500 μή
1289 2447 1372 2494 τις
1424 2431 1603 2502 πεινᾷ,
1633 2431 1665 2501 ἢ
1717 2431 1926 2501 διψᾷ,ἦ

361 2516 583 2588 ἐλέγχου
618 2517 760 2590 [καὶ]
791 2521 1126 2591 ἐπιστροφῆς
1147 2520 1316 2574 δεῖται
1337 2537 1351 2551 ·
1385 2520 1418 2589 ἢ
1464 2521 1798 2584 ἐπισκόπους
1827 2516 1929 2574 ὦδε

358 2611 484 2674 τοὺς
528 2610 696 2674 ὅντως
750 2611 1082 2675 ἐπισκόπους
1139 2613 1313 2669 καλεῖ.
1349 2613 1462 2682 Τὴν
1513 2613 1669 2684 ῥίζαν
1715 2614 1932 2683 ἀναιρεῖ

359 2700 466 2752 τῶν
495 2703 701 2767 κακῶν,
728 2702 826 2772 τὴν
859 2703 1248 2774 φιλαργυρίαν.
1298 2704 1374 2756 Ού
1403 2701 1512 2772 γὰρ
1551 2702 1735 2766 ἁπλῶς
1773 2720 1926 2774 φησι,

358 2792 459 2845 ούκ
485 2791 697 2858 ἔλαϐον,
733 2793 876 2858 ἀλλ’,
910 2794 1032 2848 οὐδὲ
1065 2813 1083 2847 ι
1113 2793 1457 2865 ἐπεθύμησα.
1498 2814 1517 2846 ι
1553 2792 1687 2869 Εἶτα
1723 2795 1932 2848 δείκνυ-

363 2901 470 2948 σιν,
517 2885 600 2938 ὃτι
634 2885 836 2955 ἀληθὴς
899 2886 1236 2956 ἐλεημοσύνη
1284 2887 1350 2939 ὲκ
1393 2885 1504 2939 τῶν
1553 2885 1698 2939 ίδίων
1748 2887 1932 2941 κόπων

363 2975 566 3044 ὀφείλει
611 2975 856 3044 γίνεσθαι
899 2977 1012 3038 τοῖς
1044 2976 1315 3030 ἐνδεέσιν
1363 2975 1488 3029 ἐπεὶ
1532 2979 1597 3030 ὲκ
1648 2976 1757 3031 τῶν
1784 2978 1934 3032 ἀλλο-

2031 525 2300 580 amentize.
2324 525 2386 580 Et
2402 524 2523 580 ideo
2547 523 2752 578 addidit
2776 540 2790 578 :
2811 539 2832 573 ι
2857 521 3096 586 utilium,
3123 520 3415 590 quominus
3442 538 3462 572 ι
3488 536 3596 575 non

2027 614 2205 668 solum
2240 615 2500 680 dicerem,
2531 615 2626 670 sed
2660 633 2680 667 ι
2721 623 2776 669 et
2799 614 3213 668 docerem.i-¢
3255 613 3546 681 Alligatus.
3571 631 3591 665 ι

2031 705 2130 762 Hic
2195 709 2264 763 ad
2345 723 2532 763 vocem
2584 708 2842 777 alligatus
2909 704 3410 775 interpungendum
3473 712 3594 769 est;

2029 800 2188 870 291
2222 809 2281 853 ut
2309 801 2408 854 iste
2441 801 2512 856 sit
2551 815 2786 856 sensus:
2823 797 2972 854 Vado
3001 799 3055 852 in
3097 798 3425 862 Jerusalem,
3453 811 3594 865 pra:-

2029 891 2222 946 videns
2246 906 2344 960 per
2375 891 2638 963 Spiritum
2691 898 2938 946 sanctum
2969 903 3090 956 quae
3139 899 3365 942 ventura
3421 897 3592 951 sunt,

2027 984 2170 1038 vado
2203 993 2384 1040 autem
2445 985 2703 1054 alligatus
2735 1002 2748 1037 :
2789 991 2958 1052 utque
2989 980 3246 1035 ostendat
3295 994 3354 1034 se
3377 988 3593 1048 sponte,

2030 1085 2084 1130 et
2117 1092 2228 1130 non
2281 1075 2509 1130 invitum
2578 1074 2884 1140 discedere,
2951 1074 3144 1128 addit:
3187 1091 3206 1124 ι
3253 1073 3359 1126 Per
3405 1085 3596 1126 omnes

2029 1167 2276 1223 civitates
2303 1167 2517 1222 vincula
2555 1176 2607 1220 et
2638 1165 3027 1220 tribulationes
3058 1179 3142 1218 me
3201 1167 3445 1216 manent.
3485 1180 3505 1212 ι
3527 1189 3599 1201 --

2034 1277 2053 1310 ι
2101 1257 2330 1313 Mundus
2363 1273 2506 1321 sum,
2531 1259 2765 1326 inquit,a
2796 1257 3061 1325 sanguine
3093 1255 3391 1321 omnium,»
3426 1254 3471 1306 si
3503 1267 3598 1308 vos

2028 1350 2436 1404 obdormientes
2461 1349 2788 1402 occidamini
2843 1350 2912 1400 ab
2971 1345 3322 1402 interfectore
3385 1346 3596 1398 anima-

2029 1457 2172 1495 rum.
2206 1441 2567 1511 Prmceptoris
2601 1442 2745 1495 enim
2771 1440 2924 1494 oneri
2960 1438 3197 1494 satisfeci
3220 1437 3596 1492 aununtiaudo

2028 1531 2186 1585 vobis
2245 1530 2539 1585 consilium
2603 1528 2723 1583 Dei.
2785 1526 2927 1598 Ergo
2956 1527 3047 1595 qui
3113 1541 3221 1580 non
3277 1525 3413 1578 dicit
3476 1540 3597 1593 qua:

2029 1621 2207 1686 debet,
2239 1636 2364 1676 reus
2388 1628 2470 1676 est
2499 1619 2782 1689 sanguinis
2843 1633 2938 1673 seu
2969 1618 3158 1673 caedis.
3185 1619 3366 1682 Quare
3393 1617 3594 1680 innuit,

2033 1722 2088 1768 et
2121 1714 2270 1782 ipsos
2305 1713 2350 1767 si
2384 1729 2488 1767 non
2523 1711 2773 1774 fecerint,
2805 1726 2931 1765 reos
2965 1711 3181 1765 futuros
3231 1709 3435 1777 proprii
3469 1721 3597 1760 san-

2029 1804 2233 1873 guinis.
2267 1821 2289 1856 ι
2320 1802 2599 1858 Attendile
2644 1802 2800 1855 vobis
2847 1809 2902 1855 et
2937 1801 3191 1854 universo
3227 1800 3396 1870 gregi.
3433 1816 3450 1848 ι
3483 1797 3596 1851 Duo

2033 1895 2147 1949 haec
2204 1893 2524 1948 doctoribus
2582 1890 2878 1960 praecipit:
2942 1905 3066 1944 nam
3124 1905 3302 1958 neque
3371 1887 3597 1942 alterius

2033 1993 2242 2039 tantum
2274 1985 2477 2038 bonum
2509 1984 2790 2052 prosequi,
2833 1983 2965 2036 utile
3003 1990 3108 2046 est,
3144 1995 3316 2050 neque
3363 1979 3446 2035 sui
3475 1987 3596 2032 tan.

2031 2075 2311 2131 tummodo
2369 2088 2556 2128 curam
2603 2073 2843 2128 habere:
2909 2073 3036 2127 talis
3088 2074 3232 2126 enim
3286 2071 3370 2126 sui
3424 2070 3598 2140 ipsius

2029 2172 2240 2218 amator
2263 2162 2639 2216 tantummodo
2674 2169 2777 2216 est.
2822 2160 3208 2214 Adnotandum
3263 2175 3414 2220 vero,
3448 2159 3594 2227 quod

2028 2269 2144 2317 eos,
2177 2268 2314 2323 quos
2337 2267 2504 2322 supra
2570 2253 2916 2322 presbyteros
2946 2251 3104 2311 dixit,
3130 2266 3273 2304 nunc
3311 2250 3598 2318 episcopos

2029 2361 2124 2401 St‘tl
2156 2347 2502 2413 inspectores
2551 2345 2806 2414 appellet,
2843 2345 2923 2398 vel
2971 2344 3097 2411 quia
3131 2357 3356 2397 necesse
3401 2351 3504 2404 est,
3539 2349 3598 2394 ut

2031 2435 2334 2506 presbyteri
2386 2435 2671 2488 attendant
2723 2447 2891 2502 supra
2928 2433 3236 2487 rationales
3284 2445 3497 2500 greges,
3531 2445 3598 2484 ne

2029 2529 2156 2597 quis
2189 2527 2273 2580 vel
2303 2526 2556 2584 infirmus
2611 2526 2683 2581 sit
2716 2525 2840 2591 fide,
2890 2525 2977 2580 vel
3039 2524 3270 2586 esuriat,
3317 2522 3402 2577 vel
3424 2522 3597 2586 sitiat,

2031 2617 2118 2673 vel
2186 2615 2615 2686 reprehensione
2672 2623 2726 2670 ct
2768 2615 3112 2670 correctione
3164 2613 3402 2682 indigeat
3455 2630 3468 2665 :
3513 2613 3597 2665 vel

2033 2708 2324 2778 episcopos
2382 2707 2490 2774 hic,
2545 2708 2637 2777 qui
2714 2722 2842 2762 vere
2906 2706 3149 2776 episcopi
3205 2714 3355 2768 sunt,
3413 2713 3596 2758 vocat.

2039 2819 2057 2853 ι
2093 2800 2387 2870 Argentum
2419 2808 2474 2854 et
2516 2813 2736 2854 aurum.
2774 2817 2792 2850 ι
2828 2796 3083 2852 Radicem
3113 2796 3384 2853 exscindit
3430 2795 3600 2848 malo-

2034 2907 2179 2954 rum,
2209 2905 2404 2960 nempe
2437 2888 2766 2946 avaritiam:
2813 2902 2990 2956 neque
3046 2887 3190 2942 enim
3251 2883 3599 2941 solummodo

2033 2983 2187 3049 dicit,
2219 2996 2328 3036 non
2351 2983 2556 3051 accepi,
2591 2981 2708 3045 sed,
2730 2993 2910 3049 neque
2935 2997 2952 3030 ι
2977 2978 3306 3033 desideravi.
3338 2995 3356 3028 ι
3399 2975 3602 3030 Deinde

364 3068 530 3139 τρίων
557 3067 778 3132 διδόναι,
809 3067 870 3121 ού
911 3067 1099 3122 καλόν.
1135 3063 1266 3121 Εἶτα
1298 3068 1393 3122 καὶ
1419 3069 1614 3140 χρῆσιν
1651 3071 1732 3134 είς
1764 3088 1932 3126 κατα-

2037 3075 2196 3129 docet
2227 3089 2411 3129 veram
2465 3073 2870 3142 eleemosynam
2911 3085 2978 3123 ex
3035 3069 3267 3138 propriis
3321 3067 3603 3121 laboribus

366 3159 564 3230 σκευὴν
601 3159 794 3213 τούτου
823 3159 911 3212 διὰ
939 3163 1123 3229 φωνῆς
1156 3160 1252 3213 τοῦ
1286 3160 1495 3231 Κυρίου
1548 3161 1800 3232 εἰρῆσθαί
1831 3181 1937 3232 φη-

365 3268 490 3314 σιν,
521 3252 659 3320 ὅπερ
703 3249 798 3304 νῦν
846 3251 944 3320 οὐχ
997 3249 1227 3320 εὓρηται
1276 3253 1336 3303 ὲν
1381 3252 1613 3321 Γραφῇ,
1665 3251 1758 3304 καὶ
1807 3253 1936 3316 ῐσως

361 3341 623 3412 ἀγράφως
670 3341 992 3411 παρέδωκαν
1034 3343 1082 3394 οί
1109 3341 1400 3394 ἀπόστολοι
1425 3358 1439 3372 ο
1473 3342 1506 3412 ἢ
1545 3341 1604 3406 ἐξ
1652 3335 1727 3395 ὧν
1759 3343 1826 3397 ἄν
1851 3362 1936 3408 τις

363 3436 738 3503 συλλογίσαιτο
784 3435 1009 3489 δυνατὸν
1058 3434 1313 3505 είρῆσθαι
1367 3434 1436 3488 δι’
1486 3435 1690 3507 ἑτέρων
1737 3437 1936 3503 λέξεων

362 3526 522 3581 τοῦτο
570 3526 867 3596 δηλουσῶν.
904 3525 979 3580 Ού
1011 3524 1170 3578 τοῦτο
1206 3525 1262 3578 δέ
1308 3541 1494 3596 φησιν,
1549 3527 1632 3580 ὅτι
1677 3529 1846 3581 κακὸν
1875 3530 1938 3582 τὸ

365 3617 662 3687 λαμϐάνειν
693 3617 787 3670 καὶ
820 3616 1182 3688 μεταδιδόναι,
1211 3615 1348 3670 ἀλλὰ
1377 3616 1590 3686 βέλτιον
1631 3619 1694 3672 τὸ
1723 3621 1797 3690 μὴ
1838 3620 1936 3674 λα-

366 3708 512 3763 ϐεῖν’
565 3707 724 3762 τοῦτο
767 3709 875 3779 γὰρ
927 3708 1270 3778 συμπαθείας
1300 3708 1402 3778 τῆς
1445 3710 1580 3780 πρὸς
1612 3712 1739 3774 τοὺς
1775 3712 1942 3767 ἁσθε·

366 3801 498 3863 νεῖς.
531 3800 686 3853 Ἐστι
712 3799 894 3853 τοίνυν
928 3799 1145 3871 πρῶτος
1173 3798 1402 3869 βαθμδς,
1448 3800 1600 3871 ῥῖψαι
1632 3801 1703 3854 τὲ
1729 3802 1900 3856 αὑτοῦ
1921 3819 1938 3834 ο

362 3892 634 3964 δεύτερος,
669 3891 846 3960 ἑαυτῷ
878 3892 1142 3962 ἐπαρκεῖν
1167 3904 1182 3920 ⁸
1215 3891 1419 3961 τρίτος,
1461 3891 1522 3942 τδ
1551 3893 1645 3946 καὶ
1688 3892 1898 3964 ἑτέροις
1919 3911 1934 3927 ο

365 3985 645 4055 τέταρτος,
699 3983 760 4038 τὸ
789 3983 884 4038 καὶ
933 3981 1272 4052 κηρύττοντα
1319 3981 1416 4036 καὶ
1464 3982 1711 4047 ἐξουσίαν
1743 3985 1938 4055 ἔχοντα

365 4073 684 4146 λαμϐάνειν,
717 4074 792 4144 μὴ
825 4072 1151 4144 λαμϐάνειν.
1181 4071 1346 4126 Ὥστε
1389 4071 1524 4126 πολὺ
1555 4073 1664 4130 τῶν
1695 4076 1938 4149 ἀκτημό-

365 4187 471 4222 νων
499 4168 642 4222 οὕτω
663 4168 712 4201 ⁸⁸
742 4165 964 4238 βελτίων
998 4163 1116 4217 ὲστί
1136 4163 1207 4220 ⁸⁷.

2041 3165 2350 3220 faciendam
2383 3178 2534 3228 esse;
2586 3161 3032 3230 quandoquidem
3089 3174 3153 3213 ex
3185 3160 3379 3212 alienis
3445 3157 3600 3220 dare,

2037 3257 2181 3312 haud
2213 3258 2414 3310 bonum
2462 3262 2546 3308 est
2589 3253 2725 3321 (54).
2765 3253 2968 3306 Deinde
3016 3251 3069 3304 in
3100 3251 3262 3319 hujus
3298 3249 3373 3304 rei
3404 3251 3601 3304 contir-

2036 3350 2331 3405 matiouem
2363 3345 2650 3402 oraculum
2688 3343 2902 3396 Domini
2958 3341 3187 3412 profert,
3241 3340 3391 3410 quod
3443 3340 3604 3393 modo

2035 3443 2259 3512 quidem
2296 3441 2354 3495 in
2401 3439 2690 3507 Scriptura
2747 3451 2853 3491 non
2897 3434 3206 3504 reperitur;
3263 3444 3318 3490 et
3369 3433 3606 3488 fortasse

2037 3533 2171 3587 illud
2208 3531 2418 3600 absque
2452 3530 2661 3597 scripto
2687 3526 2965 3581 tradidere
2996 3527 3268 3595 apostoli:
3306 3525 3388 3579 vel
3434 3525 3608 3578 ratio-

2037 3621 2274 3678 cinando
2323 3620 2581 3686 colligere
2653 3618 2780 3686 quis
2845 3625 3042 3685 potest,
3086 3615 3138 3668 id
3195 3616 3405 3670 dictum
3459 3629 3604 3677 esse,

2037 3712 2161 3767 aliis
2193 3710 2376 3765 verbis
2409 3709 2512 3763 boc
2537 3707 2678 3762 idem
2711 3705 3168 3775 significantibus.
3196 3703 3314 3759 Non
3354 3707 3427 3759 ait
3451 3720 3605 3770 vero,

2043 3803 2246 3859 malum
2282 3815 2405 3856 esse
2436 3798 2708 3869 accipere,
2736 3805 2792 3852 et
2823 3797 2903 3852 sic
2931 3797 3056 3850 aliis
3078 3796 3210 3850 dare
3239 3812 3256 3860 ;
3287 3795 3382 3850 sed
3414 3797 3610 3850 melius

2043 3908 2164 3950 esse
2201 3907 2309 3948 non
2349 3892 2636 3961 accipere:
2675 3890 2779 3944 hoc
2807 3889 2950 3944 enim
3000 3896 3084 3944 est
3118 3887 3610 3942 commiserationis

2044 4001 2175 4057 erga
2209 3986 2481 4040 infirmos.
2516 3981 2732 4037 Primus
2757 3981 2926 4052 igitur
2973 3978 3178 4052 gradus
3231 3977 3610 4048 (perfectionis

2043 4081 2149 4135 hac
2189 4081 2242 4134 in
2284 4076 2364 4147 re)
2394 4085 2477 4132 est
2511 4091 2610 4131 sua
2659 4075 2932 4144 abjicere;
2972 4070 3268 4137 secundus,
3315 4071 3416 4126 sibi
3452 4069 3608 4125 sum-

2045 4187 2210 4237 cere;
2272 4168 2492 4232 tertius,
2541 4174 2596 4222 et
2646 4166 2772 4220 aliis
2829 4165 3288 4230 subministrare;
3347 4172 3600 4232 quartus.

365 4261 528 4318 etiam
593 4259 1026 4332 praedicatorem,
1093 4265 1149 4314 et
1206 4255 1301 4327 qui
1356 4255 1523 4313 habet
1594 4268 1920 4330 potestatem
1961 4264 2287 4338 accipiendi,
2339 4277 2447 4316 non
2507 4259 2777 4330 accipere.
2834 4257 3014 4323 Quare
3077 4256 3281 4312 Paulus
3366 4253 3458 4322 iis,
3517 4243 3609 4324 qui

367 4371 478 4413 non
512 4355 819 4427 possident,
850 4355 1028 4409 multo
1052 4351 1246 4407 melior
1264 4358 1406 4408 erat.

962 4445 1353 4500 KEIMENON.

449 4537 658 4601 Ἱκανὸς
687 4537 744 4591 δὲ
781 4535 1062 4607 κλαυθμὸς
1088 4536 1304 4603 ἐγένετο
1343 4535 1577 4602 πάντων,
1627 4538 1724 4593 καὶ
1750 4540 1944 4596 ἐπιπε-

369 4630 551 4692 σόντες
568 4629 660 4683 ἐπὶ
673 4628 1038 4698 τδντράχηλον
1059 4627 1152 4680 τοῦ
1171 4626 1405 4692 Παύλου,
1417 4629 1738 4697 κατεφίλουν
1755 4632 1941 4702 αὐτὸν,

366 4723 691 4793 ὀδυνώμενοι
749 4720 983 4791 μάλιστα
1001 4720 1094 4772 tul.
1119 4719 1197 4788 τῷ
1222 4718 1384 4788 λόγῳ,
1405 4711 1450 4785 ᾧ
1487 4721 1721 4791 εἰρήκει,
1744 4723 1828 4777 ὃτι
1845 4727 1944 4780 οὐκ

316 4821 319 4824 '
368 4815 450 4864 ιτι
469 4811 721 4881 μέλλουσι
749 4811 810 4864 τὸ
821 4811 1108 4881 πρόσωπον
1127 4810 1291 4864 αὑτοῦ
1317 4810 1560 4882 θεωρεῖν.
1585 4813 1944 4884 Προέπεμπον

368 4903 425 4956 δὲ
440 4904 603 4957 αύτδν
628 4905 707 4968 είς
722 4903 783 4957 τὸ
804 4905 1005 4957 πλοῖον.
1036 4901 1126 4966 Ὠς
1154 4902 1210 4956 δὲ
1230 4902 1446 4972 ἐγένετο
1466 4903 1767 4975 ἀναχθῆναι
1791 4908 1941 4977 ἡμᾶς

371 4994 819 5055 ἀποσπασθέντας
837 4994 933 5047 ἀπ’
951 4992 1152 5057 αὐτῶν,
1168 4993 1671 5064 εὐθυδρομήσαντες
1704 4996 1939 5067 ἤλθομεν

371 5084 450 5146 είς
466 5081 564 5152 τὴν
581 5083 695 5136 Κῶ·
716 5086 780 5155 τῇ
801 5084 856 5137 δὲ
875 5083 999 5153 ἑξῆς
1017 5085 1096 5147 είς
1115 5083 1432 5154 τὴνῬόδον,
1455 5085 1807 5151 κὰκεῖθενιίς
1831 5087 1946 5141 Πά-

368 5189 546 5245 ταρα·
599 5173 692 5227 καὶ
747 5175 996 5244 εὑρόντες
1048 5176 1232 5229 πλοῖον
1272 5177 1544 5248 διαπερῶν
1561 5179 1650 5242 είςκ
1672 5179 1945 5251 Φοινίκην,

370 5265 662 5329 ἐπιϐάντες
677 5267 882 5336 ἀνήχθη
892 5265 1408 5336 μεν.Ἀναφανέντες
1422 5266 1478 5320 δὲ
1491 5269 1570 5332 είς
1584 5268 1650 5338 τὴ
1663 5284 1683 5320 θ
1700 5269 1743 5320 Κ
1753 5268 1944 5341 ύπρον,

371 5361 470 5414 καὶ
528 5357 919 5422 καταλιπόντες
970 5359 1142 5430 αὐτὴν
1188 5357 1508 5431 εὐώνυμον,
1559 5359 1822 5431 ἐπλέομεν
1861 5363 1943 5426 είς

2682 4443 2982 4500 TEXTUS.

2112 4543 2340 4610 XX,37,
2360 4541 2430 4595 58
2455 4538 2630 4607 ;XXI,
2668 4538 2782 4595 1-8.
2811 4536 3036 4605 Magnus
3059 4540 3235 4588 autem
3264 4531 3420 4585 ﬂetus
3439 4530 3616 4586 factus

2039 4646 2123 4692 est
2137 4635 2404 4697 omnium,
2425 4643 2479 4687 et
2498 4633 2918 4703 procumbentes
2937 4641 3100 4695 supra
3114 4626 3313 4681 collum
3336 4625 3507 4691 Pauli,
3526 4641 3617 4680 os-

2039 4729 2362 4785 culabantur
2374 4741 2518 4791 eum,
2534 4724 2780 4778 dolentes
2795 4721 3027 4775 maxime
3044 4722 3095 4773 in
3111 4719 3297 4784 verbo,
3311 4720 3454 4787 quod
3468 4718 3620 4772 dixe-

2041 4828 2148 4884 rat,
2184 4819 2442 4886 quoniam
2465 4815 2697 4884 amplius
2725 4813 2915 4868 faciem
2935 4811 3054 4881 ejus
3078 4824 3186 4863 non
3205 4817 3392 4863 essent
3411 4808 3615 4873 visuri;
3648 4815 3654 4821 '

2041 4918 2094 4965 et
2110 4908 2448 4964 deducebant
2464 4921 2586 4961 eum
2599 4905 2664 4959 ad
2686 4919 2897 4958 navem.
2915 4903 3046 4956 Cum
3065 4910 3241 4957 autem
3261 4899 3461 4954 factum
3477 4907 3619 4953 esset

2043 5008 2103 5053 ut
2123 4998 2504 5068 navigaremus
2522 4994 2775 5049 abstracti
2795 4995 2862 5048 ab
2881 4994 2981 5060 eis,
2997 5001 3148 5048 recto
3171 5007 3336 5046 cursu
3367 4991 3619 5043 venimus

2049 5089 2244 5156 Coum,
2273 5099 2326 5145 et
2355 5089 2606 5157 sequenti
2631 5089 2715 5142 die
2734 5086 2985 5140 Rhodum
3013 5095 3066 5140 et
3096 5085 3222 5139 inde
3245 5083 3520 5138 Pataram.
3552 5077 3616 5130 Et

2049 5197 2176 5236 cum
2209 5183 2609 5237 invenissemus
2631 5178 2792 5248 292
2847 5193 3036 5232 navem
3085 5174 3524 5230 transfretantem
3559 5169 3612 5223 in

2047 5271 2358 5330 Phoenicem
2393 5315 2407 5340 ,
2443 5273 2799 5328 ascendentes
2831 5270 3229 5340 navigavimus.
3280 5265 3416 5320 Cum
3451 5276 3616 5332 appa-

2049 5366 2362 5421 ruissemus
2419 5373 2598 5419 autem
2659 5363 2858 5435 Cypro,
2933 5361 3302 5428 relinquentes
3374 5369 3492 5408 eam
3544 5353 3613 5407 ad

1537 5469 1735 5530 Varia:
1756 5469 2068 5533 lectiones
2102 5478 2164 5534 et
2209 5479 2401 5534 notae.

441 5549 510 5581 "‘
544 5545 876 5616 ἀποθάνητε.
913 5538 1154 5609 “0610;.
1228 5546 1277 5579 ⁸⁷
1303 5541 1392 5617 ἦν.

443 5640 556 5711 (54)
593 5637 1018 5716 Clirysostomus
1058 5641 1260 5698 habet:
1299 5643 1374 5696 Οὔ
1429 5639 1588 5711 μόνον
1636 5641 1695 5696 ού
1729 5641 1911 5709 καλὸν,

2035 5644 2084 5698 ιὰ
2107 5647 2199 5700 καὶ
2227 5645 2554 5716 ἐπισφαλὲς,
2605 5658 2708 5698 non
2741 5639 2893 5694 modo
2944 5655 3048 5694 non
3083 5637 3274 5694 bonum
3353 5645 3454 5701 est,
3517 5631 3612 5688 sed

374 5709 531 5766 etiam
565 5709 936 5780 periculosum.
