4058 6210
484 287 626 355 1019

1330 274 1912 341 THEOPHYLACTI
1955 270 2369 334 BULGARI/E
2402 268 2759 329 ARCHlEtP.

3580 258 3748 323 1020

481 406 784 465 sinistram.
841 396 1218 468 navigavimus
1262 393 1319 449 in
1373 391 1633 463 Syriam,
1694 400 1751 448 et
1798 390 2053 447 venimus

2178 386 2380 459 Ξυρίαν,
2412 385 2505 439 καὶ
2539 376 2893 453 κατήχθημεν
2928 380 3005 442 είς
3050 378 3263 449 Τύρον*
3311 378 3496 430 ἐκεῖσε
3530 376 3638 446 γὰρ
3660 377 3752 447 ἦν

482 497 721 571 Tyrum:
783 491 856 548 ibi
910 490 1057 546 enim
1108 487 1263 542 navis
1315 483 1636 556 expositum
1705 490 1829 540 erat
1872 496 2044 538 onus.

2154 476 2215 531 τὸ
2252 476 2435 529 πλοῖον
2469 472 2970 544 ἀποφορτιζόμενον
3015 470 3108 523 τὸν
3154 468 3348 538 γόμον.
3380 468 3748 537 Ἂνευρόντες

486 555 727 648 Inventis
776 593 959 642 autem
1015 583 1321 655 discipulis,
1375 555 1682 638 mansimus
1729 580 1803 636 ibi
1860 579 2056 636 diebus

2178 568 2213 621 ῑὲ
2238 566 2366 628 τοὺς
2391 563 2661 636 μαθητὰς,
2684 560 3056 631 ἐπεμείναμεν
3085 558 3269 655 αὐτοῖς
3298 555 3513 655 ἡμέρας
3550 555 3734 655 ἑπτά.

485 694 731 755 septem:
790 678 891 750 qui
950 676 1122 733 Paulo
1174 675 1430 731 dicebant
1482 690 1582 746 per
1635 672 1928 744 Spiritum,
1985 688 2056 729 ne

486 771 806 829 ascenderet
830 767 1251 838 Jerosolymam.
1283 767 1352 822 Et
1384 765 1643 838 perfectis
1675 765 1899 830 diebus,
1928 779 2059 836 pro-

490 863 618 920 fecti
679 860 918 924 ibamus,
973 856 1371 912 deducentibus
1447 871 1549 911 nos
1613 854 1874 910 omnibus
1928 869 2054 909 cum

491 953 758 1009 uxoribus
792 959 847 1006 et
876 949 1004 1005 ﬁliis
1035 963 1212 1019 usque
1236 947 1387 1004 foras
1421 947 1739 1014 civitatem;
1769 955 1825 1003 et
1864 946 2059 1016 positis

489 1043 723 1115 genibus
753 1042 808 1095 in
836 1039 1042 1103 littore,
1082 1038 1383 1094 oravimus.
1423 1036 1489 1091 Et
1549 1050 1676 1089 cum
1708 1034 2063 1090 valefecisse-

489 1151 614 1190 mus
641 1134 903 1196 invicem,
942 1130 1292 1187 ascendimus
1315 1144 1533 1193 navem,
1556 1127 1631 1182 illi
1680 1135 1864 1183 autem
1887 1127 2062 1181 redie-

492 1236 621 1280 runt
651 1227 706 1279 in
734 1240 856 1280 sua.
888 1223 1001 1279 Nos
1030 1238 1163 1278 vero
1196 1220 1546 1291 navigatione
1582 1219 1821 1289 expleta,
1859 1234 1888 1272 a
1911 1217 2061 1289 Tyro

491 1314 876 1370 descendimus
927 1311 1339 1376 Ptolemaidam,
1397 1319 1455 1366 et
1484 1309 1739 1366 salutatis
1772 1308 2062 1374 fratribus,

492 1407 800 1461 mansimus
822 1404 913 1461 die
939 1418 1046 1459 una
1076 1402 1219 1475 apud
1249 1402 1393 1458 illos.
1425 1400 1543 1455 Alia
1596 1410 1781 1457 autem
1806 1400 1921 1467 die,

998 1666 1569 1723 COMMENTARIUS.

2157 657 2371 719 Οίτινες
2419 654 2605 722 ἔλεγον
2654 653 2733 723 τῷ
2786 650 2985 721 Παύλῳ
3035 650 3125 703 διὰ
3162 647 3256 702 τοῦ
3304 645 3623 717 Πνεύματος
3654 646 3746 717 μὴ

2156 746 2458 802 ἐπιϐαίνειν
2508 747 2590 810 είς
2624 742 2996 813 Ἰεροσόλυμα.
3031 741 3162 794 Ὅτε
3214 738 3272 791 δὲ
3312 736 3535 804 ἐγένετο
3579 736 3747 805 ἡμᾶς

2157 834 2441 905 ἐξαρτίσαι
2460 834 2558 898 τὰς
2587 833 2820 904 ἡμέρας,
2853 831 3159 896 ἐξελθόντες
3179 826 3577 898 ἐπορευόμεθα,
3601 842 3751 896 προ-

2161 926 2489 997 πεμπόντων
2537 926 2685 996 ὴμᾶς
2731 925 2951 980 πάντων
2982 921 3082 976 σὺν
3115 919 3332 990 γυναιξὶ
3382 918 3476 972 καὶ
3520 917 3747 981 τέκνοις

2158 1017 2263 1083 ἕως
2297 1015 2404 1083 ἔξω
2422 1016 2526 1087 τῆς
2549 1014 2759 1081 πόλεως
2780 1032 2796 1047 ·
2840 1016 2936 1070 καὶ⁵
2971 1013 3161 1075 θέντες
3189 1013 3256 1066 τὰ
3285 1012 3488 1080 γόνατα
3511 1009 3606 1063 ἐπὶ
3645 1009 3747 1064 τὸν

2163 1108 2430 1178 αἰγιαλὸν,
2458 1106 2902 1179 προσηυξάμεθα.
2934 1107 3045 1159 Καὶ
3071 1103 3451 1172 ἀσπασάμενοι
3475 1100 3747 1170 ἀλλήλους

2163 1199 2437 1270 ἁνέϐημεν
2466 1199 2547 1262 είς
2577 1199 2639 1252 τὸ
2667 1200 2849 1252 πλοῖον
2868 1213 2886 1231 ο
2921 1195 3120 1251 ἐκεῖνοί
3157 1212 3218 1249 τε
3263 1191 3614 1264 ὑπέστρεψαν
3658 1193 3749 1256 είς

2163 1292 2232 1346 τὰ
2281 1292 2408 1346 ίδια.
2452 1291 2645 1361 Ἦμεῖς
2687 1290 2744 1343 δὲ
2783 1291 2876 1344 τὸν
2911 1289 3079 1344 πλοῦν
3105 1286 3458 1349 διανύσαντες
3484 1285 3595 1339 ἀπὺ
3636 1284 3747 1337 Τύ-

2167 1402 2284 1454 ρου,
2316 1384 2740 1453 κατηντήσαμεν
2768 1383 2848 1446 είς
2879 1379 3254 1452 Πτολεμαῖδαυ
3283 1378 3379 1433 καὶ
3404 1377 3746 1447 ἀσπασάμεο

2165 1495 2247 1531 νοι
2293 1477 2420 1540 τοὺς
2463 1476 2753 1543 ἀδελφοὺς,
2804 1476 3106 1546 ἐμείναμεν
3159 1471 3378 1544 ἡμέραν
3431 1471 3562 1540 μίαν
3609 1470 3744 1542 παρ’

2165 1571 2369 1633 αὐτοῖς.
2401 1569 2480 1638 Τῇ
2519 1567 2575 1621 δὲ
2608 1567 2893 1638 ἐπαύριον,

2776 1655 3161 1711 EPMHNEIA.

572 1777 592 1810 ι
621 1758 760 1813 Cum
809 1758 1219 1813 invenissemus
1252 1757 1455 1812 navim.
1497 1776 1517 1809 ι
1561 1755 1677 1813 Hoc
1727 1756 1957 1827 perinde
1982 1764 2067 1812 est

2243 1753 2309 1805 Ὃ
2335 1749 2484 1819 λέγει
2520 1748 2761 1804 τοιοῦτόν
2805 1747 2958 1799 ιστιο
3014 1743 3107 1815 Μὴ
3158 1728 3512 1816 εὑρίσκοντες
3558 1741 3746 1795 πλοῖον

498 1865 562 1905 ac
593 1851 638 1904 si
654 1848 892 1906 diceret:
921 1847 1059 1904 Cum
1092 1864 1201 1902 non
1234 1847 1609 1903 inveniremus
1639 1848 1821 1903 navim
1862 1847 2070 1903 abeun-

500 1949 611 1996 tem
642 1940 973 2006 Caesaream,
1005 1938 1099 1995 sed
1129 1939 1184 1992 in
1209 1938 1552 2004 Phoenicem,
1582 1939 1758 2008 ipsam
1803 1953 2071 1994 conscen-

500 2034 686 2088 dimus
712 2074 728 2097 ,
747 2048 813 2087 ac
843 2031 1082 2102 Cyprum
1104 2029 1429 2099 reliquimus
1446 2038 1499 2084 et
1527 2028 1738 2099 Syriam
1768 2029 1903 2099 (55).
1927 2030 2067 2086 Illud

501 2123 647 2178 enim
690 2139 705 2177 :
738 2140 759 2175 ι
790 2122 1162 2191 relinquentes
1191 2134 1313 2175 eam
1336 2120 1400 2174 ad
1431 2120 1731 2187 sinistram,
1766 2139 1787 2173 ι
1815 2135 1925 2177 non
1951 2122 2072 2179 sine

501 2229 671 2270 causa
703 2215 912 2269 dictum
971 2220 1088 2279 est;
1129 2212 1226 2270 sed
1263 2212 1525 2282 quoniam
1577 2213 1869 2282 nequidem
1900 2230 2072 2286 prope

504 2308 571 2362 ad
624 2305 836 2378 Syriam
887 2305 1151 2361 accedere
1211 2303 1547 2360 festinabant
1596 2302 1734 2375 (56).
1790 2302 2073 2360 Venerunt

503 2396 687 2466 itaque
725 2396 782 2451 in
833 2395 1077 2467 Lyciam,
1128 2407 1184 2452 et
1245 2396 1438 2452 relicta
1489 2395 1691 2467 Cypro,
1748 2398 2074 2469 navigarunt

505 2486 741 2558 Tyrum:
780 2487 855 2542 ibi
906 2488 1052 2543 enim
1098 2487 1376 2558 navigium
1402 2503 1546 2544 onus
1592 2503 1752 2544 suum
1795 2488 2071 2557 deposuit.

511 2595 533 2630 ι
565 2579 631 2633 Ει
655 2578 934 2645 perlectis,
974 2599 994 2631 ι
1023 2580 1077 2634 id
1129 2593 1216 2636 est
1232 2581 1465 2650 expletis
1500 2599 1520 2633 ι
1547 2581 1763 2645 diebus,
1798 2598 1819 2632 ι
1881 2597 2076 2652 nempe

507 2670 770 2737 statutis;
801 2671 905 2727 hoc
961 2678 1046 2728 est
1081 2681 1206 2742 post
1243 2672 1360 2728 dies
1411 2672 1772 2745 Azymorum,
1803 2683 2076 2731 venerunt

508 2761 775 2820 Troadem
804 2764 998 2821 diebus
1026 2766 1291 2836 quinque.

1074 2857 1305 2915 CAPUT
1342 2857 1515 2913 XXX.

507 2948 679 3019 Agnbi
702 2948 978 3020 prophetia
998 2949 1063 3007 de
1093 2952 1158 3007 iis
1190 2967 1307 3023 qua
1336 2963 1589 3009 coetuum
1619 2962 1773 3010 erant
1813 2953 1990 3011 Paulo
2021 2957 2077 3012 in

1131 3045 1456 3103 Jerusalem.

829 3137 991 3193 Feria
1026 3140 1063 3192 Ξ
1093 3136 1450 3193 Ιιε1ιάοηιαι1ω
1488 3140 1760 3208 septimae.

1144 3227 1450 3283 TEXTUS.

578 3316 724 3386 XXI,
741 3316 896 3373 8-H.
916 3316 1772 3382 Profecti,venimusCaesaream.
1791 3317 1856 3372 Et
1874 3320 2085 3374 intran-

510 3420 534 3468 t
552 3412 825 3467 'sdomum
839 3408 1073 3480 Philippi
1086 3409 1450 3481 evangelistam
1469 3411 1561 3481 qui
1580 3417 1696 3465 erat
1715 3428 1854 3467 unus
1874 3414 1943 3468 de
1957 3427 2083 3481 sep-

514 3512 647 3566 t-~m,
669 3503 971 3557 mansimus
998 3502 1138 3571 apud
1160 3516 1306 3556 eum.
1331 3501 1468 3558 Huic
1486 3514 1662 3558 autem
1677 3513 1833 3559 erant
1849 3513 2086 3574 quatuor

521 3592 643 3648 tilia:
686 3593 927 3663 virgines
981 3595 1391 3663 pr0phetantes.
1440 3595 1506 3650 Et
1563 3611 1685 3651 cum
1744 3612 2086 3653 moraremur

518 3699 612 3754 per
635 3683 754 3740 dies
783 3684 1015 3754 aliquot,
1071 3687 1387 3755 supervenit
1413 3686 1636 3756 quidam
1673 3701 1704 3741 a
1732 3686 1918 3743 Judzea
1956 3704 2081 3759 pro.

518 3775 705 3843 pheta,
763 3777 986 3831 nomine
1020 3777 1260 3846 Agabus.
1315 3777 1366 3832 ls
1422 3792 1546 3832 cum
1580 3779 1821 3834 venisset
1865 3779 1933 3834 ad
1961 3795 2084 3845 nos,

518 3865 640 3919 tulit
660 3880 852 3920 zonam
885 3863 1064 3931 Pauli,
1095 3875 1150 3920 et
1176 3866 1409 3937 alligans
1445 3868 1548 3924 sibi
1597 3868 1762 3939 pedes
1806 3868 1968 3939 393
2030 3880 2086 3926 et

517 3973 734 4019 manus.
769 3958 942 4012 dixit:
973 3955 1099 4011 Haec
1126 3958 1260 4013 dicit
1313 3957 1552 4027 Spiritus
1586 3968 1847 4014 sanctus:
1897 3961 2084 4015 Virum

508 4049 678 4117 cujus
702 4058 790 4104 est
849 4063 988 4104 zona
1035 4048 1174 4113 haec,
1205 4049 1289 4104 sic
1324 4049 1630 4119 alligabunt
1677 4050 1733 4104 in
1778 4047 2084 4107 Jerusalem

442 4164 447 4169 ι
519 4139 709 4207 ιηιιαξί,
743 4150 798 4195 et
853 4138 1072 4194 tradent
1104 4140 1159 4193 in
1193 4154 1388 4194 manus
1429 4142 1696 4209 gentium.
1765 4139 1920 4206 Quod
1960 4157 2085 4197 cum

518 4234 908 4296 audissemus,
958 4230 1285 4303 rogabamus
1367 4246 1469 4287 nos
1527 4243 1583 4287 et
1638 4233 1732 4301 qui
1788 4233 1890 4288 loci
1942 4235 2089 4291 illius

518 4332 698 4391 erant,
732 4339 802 4380 ne
830 4325 1150 4378 ascenderet
1180 4321 1600 4393 Jerosolymam.
1626 4323 1780 4380 Tunc
1806 4325 2089 4396 respondit

2167 1844 2541 1913 ἀπερχόμενον
2598 1842 2679 1904 είς
2735 1838 3097 1907 Καισάρειαν.
3146 1834 3262 1889 ἀλλ’
3323 1836 3404 1897 είς
3469 1834 3746 1903 Φοινίκην,

2167 1935 2406 2004 ἀνῆλθον
2438 1934 2521 1997 είς
2562 1932 2717 1997 αὐτὸ,
2748 1931 2841 1984 καὶ
2874 1928 3098 1999 Κύπρον
3128 1926 3184 1981 δὲ
3213 1926 3405 1981 εἴασαν
3427 1926 3472 1959 ⁸⁸
3516 1925 3607 1979 καὶ
3640 1926 3747 1978 Συ-

2171 2023 2316 2095 ρίαν.
2347 2024 2421 2076 Τὸ
2470 2023 2601 2093 γάρ,
2639 2041 2658 2074 ι
2692 2018 3101 2082 Καταλιπόντες
3142 2018 3313 2089 αὐτὴν
3367 2015 3666 2087 εὐώνυμον,
3715 2035 3738 2068 ι

2168 2114 2270 2185 οὐχ
2288 2113 2480 2175 ἀπλῶς
2511 2114 2747 2184 εῖρηται,
2777 2109 2894 2164 ἀλλ’
2923 2110 3008 2163 δτι
3032 2108 3156 2162 οὐδὲ
3180 2108 3347 2176 ἐγγὺς
3366 2106 3617 2176 γενέσθαι
3642 2106 3747 2174 τῆς

2171 2206 2371 2275 Συρίας
2419 2204 2699 2259 ἔσπευδον.
2735 2197 2938 2256 Ἦλθον
2971 2199 3065 2255 οὖν
3117 2199 3198 2263 είς
3235 2199 3469 2265 Λυκίαν,
3507 2197 3595 2252 καὶ
3643 2197 3747 2268 τὴν

2172 2295 2399 2364 Κύπρον
2442 2294 2694 2364 ἀφέντες,
2754 2294 2835 2358 είς
2881 2291 3058 2363 Τύρον
3104 2289 3520 2345 κατέπλευσαν·
3565 2289 3747 2342 ἐκεῖσε

2172 2387 2281 2458 γὰρ
2309 2385 2370 2440 τὸ
2398 2385 2581 2439 πλοῖον
2612 2382 2972 2453 ἀπεφόρτωσε
3012 2380 3106 2434 τὸν
3168 2379 3362 2448 γόμον.
3403 2376 3497 2440 Τὸ,
3536 2394 3554 2427 ι
3582 2375 3751 2445 ἐξαρ-

2171 2479 2340 2543 τίσαι,
2383 2496 2403 2531 ι
2441 2477 2566 2533 ἀντὶ
2596 2475 2715 2542 τοῦ,
2745 2473 3052 2546 πληρῶσαι,
3088 2470 3246 2541 φησὶ,
3278 2470 3379 2532 τὰς
3404 2467 3749 2536 τεταγμένας

2173 2568 2418 2640 ἡμέρας
2481 2569 2751 2631 τουτέστι,
2808 2565 2945 2635 μετὰ
2993 2564 3065 2616 τά
3115 2561 3357 2632 ’Δζυμα.
3409 2563 3486 2623 είς
3516 2558 3753 2628 Τρωάδα

2173 2656 2337 2734 ἦλθον
2364 2659 2432 2716 δι’
2471 2658 2697 2732 ἡμερῶν
2724 2658 2906 2713 πέντε.

2778 2837 3035 2896 ΚΕΦΔΔ.
3070 2841 3151 2894 Δ’.
3632 2884 3637 2885 ,

2191 2931 2432 3006 Ἁτάὸου
2488 2932 2825 3002 προφητεία
2893 2930 3028 2999 περὶ
3100 2929 3221 2985 τῶν
3275 2924 3760 2997 συμϐησομένων

2492 3011 2500 3018 ’
2575 3026 2795 3090 Παύλῳ
2830 3025 2900 3078 ἐν
2941 3022 3364 3092 Ἰερουσαλήμ.

2614 3117 2693 3187 Tit
2729 3115 2775 3186 β’
2798 3117 2895 3185 τῆς
2922 3116 2968 3181 ζ’
3002 3114 3316 3183 ἑϐδομάδος.

2771 3205 3161 3261 ΚΕΙΜΕΝΟΝ.

2266 3297 2606 3364 Ἐξελθόντες
2637 3298 2876 3370 ἧλθομεν
2917 3300 2998 3362 είς
3033 3297 3403 3366 Καισάρειαν·
3442 3294 3534 3348 καὶ
3578 3294 3763 3347 είσελ-

2184 3388 2369 3454 θόντες
2411 3391 2515 3454 είς¹
2549 3390 2639 3445 τὸν
2688 3386 2838 3444 οἶκον
2878 3390 3147 3443 Φιλίππου
3195 3387 3291 3442 τοῦ
3343 3386 3760 3454 εὐαγγελιστοῦ,

2183 3481 2335 3546 ὄντος
2358 3482 2423 3535 ὲκ
2448 3481 2556 3536 τῶν
2576 3481 2736 3546 ἑπτὰ,
2766 3481 3063 3552 ἐμείναμεν
3103 3479 3238 3552 παρ’
3262 3477 3431 3549 αύτῷ.
3480 3478 3671 3547 Τούτῳ
3700 3477 3762 3531 δὲ

2184 3570 2325 3645 ἦσαν
2356 3573 2655 3642 θυγατέρες
2685 3573 2950 3643 παρθένοι
2977 3572 3245 3641 τέσσαρες
3290 3569 3762 3642 προφητεύουσαι.

2200 3663 2600 3734 Ἐπιμενόντων
2647 3661 2705 3716 δὲ
2753 3661 2913 3733 ἡμῶν
2962 3662 3177 3733 ἡμέρας
3227 3660 3470 3725 πλείους,
3521 3658 3764 3724 κατῆλθὲ

2187 3773 2271 3821 τις
2302 3757 2413 3809 ἀπὸ
2441 3754 2541 3825 τῆς
2583 3753 2845 3818 Ἰουδαίας
2894 3755 3181 3825 προφήτης
3224 3755 3450 3824 ὀνόματι
3484 3754 3759 3821 "Angor

2176 3848 2282 3902 ικαὶ
2317 3846 2485 3901 ἐλθὼν
2512 3847 2649 3918 πρὸς
2678 3848 2847 3916 ἡμᾶς,
2872 3847 2967 3900 καὶ
2995 3846 3136 3918 ἀρας
3158 3847 3258 3918 τὴν
3291 3845 3468 3916 ζώνην
3488 3844 3581 3900 τοῦ
3612 3846 3768 3898 Παύ-

2188 3939 2303 4003 λου,
2344 3939 2515 4009 δήσας
2552 3953 2611 3990 τε
2661 3936 2829 3991 αὐτοῦ
2862 3937 2990 4001 τοὺς
3037 3937 3206 4001 πόδας
3252 3938 3345 3991 καὶ
3393 3938 3494 3999 τὰς
3547 3939 3765 4007 χεῖρας,

2189 4028 2311 4084 εἷπε
2332 4048 2348 4064 ο
2381 4032 2424 4084 Τ
2427 4031 2521 4086 ἅδε
2564 4031 2712 4098 λέγει
2774 4028 2836 4083 τὸ
2879 4027 3104 4099 Πνεῦμα
3132 4030 3194 4083 τὸ
3224 4030 3382 4098 ἅγιον
3403 4046 3418 4062 ·
3452 4029 3554 4083 Τὸν
3596 4030 3770 4099 ἀνδρα

2189 4117 2250 4175 οὗ
2296 4124 2443 4174 ἐστιν
2471 4123 2506 4191 ἡ
2536 4119 2682 4190 ζώνη
2712 4119 2875 4190 αῦτη,
2914 4119 3058 4175 οὕτω
3089 4120 3347 4191 δήσουσιν
3380 4122 3438 4174 ὲν
3488 4121 3771 4191 Ἰερουσσο

2188 4213 2255 4283 λὴ
2264 4231 2303 4284 μ
2326 4212 2377 4264 οἱ
2418 4211 2679 4274 Ἰουδαῖοι,
2697 4212 2790 4264 καὶ
2809 4208 3224 4281 παραδώσουσιν
3252 4211 3333 4273 είς
3356 4212 3542 4281 χεῖρας
3564 4210 3768 4266 ἐθνῶν.

2204 4305 2292 4366 Ὠς
2320 4302 2377 4355 δὲ
2417 4301 2732 4371 ἠκούσαμεν
2765 4300 2960 4367 ταῦτα,
3014 4300 3437 4372 παρεκαλοῦμεν
3493 4304 3653 4372 ⁴ἡμεῖς
3705 4320 3768 4354 τε

518 4416 721 4471 Paulus
744 4423 796 4471 et
834 4414 1013 4470 dixit:
1041 4413 1182 4481 Quid
1216 4391 1408 4471 facitis
1436 4414 1627 4471 flentes
1692 4425 1748 4471 et
1788 4391 2075 4488 amigentes

2196 4395 2290 4447 καὶ
2314 4394 2365 4446 οί
2390 4393 2646 4457 ἐντόπιοι,
2675 4391 2770 4446 τοῦ
2803 4392 2879 4463 μὴ
2902 4392 3216 4448 ἀναϐαίνειν
3248 4394 3410 4448 αὑτὸν
3443 4395 3522 4458 εἰς
3563 4393 3768 4463 Ἰερου-

448 4536 451 4537 ν
520 4519 619 4557 eor
647 4500 866 4557 meum?
902 4500 1016 4571 Ego
1079 4502 1226 4556 enim
1257 4517 1369 4556 non
1436 4503 1615 4557 solum
1643 4503 1881 4575 alligari,
1902 4482 2010 4562 sed
2040 4522 2071 4562 e

2211 4484 2414 4555 σαλήμ..
2447 4482 2743 4554 Ἀπεκρίθη
2782 4499 2841 4537 τε
2874 4485 2903 4538 ό
2931 4482 3143 4547 Παῦλος
3165 4497 3182 4514 ο
3213 4484 3287 4536 Τί·
3312 4485 3516 4537 ποιεῖτε
3556 4482 3771 4536 κλαίον-

520 4594 660 4649 mori
698 4593 753 4647 in
813 4591 1118 4649 Jerusalem
1154 4603 1377 4663 paratus
1445 4609 1566 4650 sum
1631 4573 1852 4667 propter
1893 4613 2075 4654 nomen

2190 4594 2304 4642 τες,
2345 4574 2438 4628 καὶ
2465 4573 2883 4645 συνθρίπτοντές
2912 4592 3015 4647 μου
3051 4575 3151 4647 τὴν
3180 4575 3440 4647 καρδίαν;
3488 4574 3632 4644 Ἐγὼ
3656 4574 3769 4646 γὰρ

524 4688 740 4741 Domini
762 4686 916 4741 Jesu.
951 4685 1017 4737 Et
1056 4698 1182 4738 eum
1233 4685 1282 4739 ei
1325 4684 1559 4742 suadere
1615 4702 1725 4743 non
1783 4690 2103 4758 possemus,‘

519 4778 858 4848 quievimus,
879 4776 1161 4832 dicentes:
1196 4775 1413 4832 Domini
1451 4778 1705 4834 voluntas
1729 4778 1846 4835 fiat.

2191 4672 2252 4723 ού
2295 4668 2455 4739 μόνον
2478 4669 2723 4740 δεθῆναι,
2755 4670 2895 4724 ἀλλά
2927 4672 3022 4726 καὶ
3052 4672 3347 4726 ἀποθανεῖν
3375 4674 3456 4734 εἰς
3497 4671 3771 4741 Ἰερουσα-

2191 4760 2303 4830 λὴμ
2354 4760 2593 4830 ἑτοίμοις
2641 4760 2752 4831 ἔχω
2791 4761 2934 4832 ὑπὲρ
2988 4762 3082 4816 τοῦ
3134 4762 3398 4833 ὀνόματος
3425 4761 3521 4815 τοῦ
3558 4760 3767 4831 Κυρίου

2211 4851 2408 4925 Ἰησοῦ.
2445 4853 2537 4923 Μὴ
2587 4852 2912 4922 πειθομένου
2945 4853 3002 4906 δὲ
3044 4853 3235 4918 αὐτοῦ,
3279 4854 3652 4926 ἡσυχάσαμεν,
3693 4855 3771 4907 ει-

2198 4945 2394 5007 πὸντες
2415 4959 2430 4973 ⁸
2463 4944 2537 4997 Τὸ
2569 4942 2784 5016 θέλημα
2806 4943 2904 4998 τοῦ
2941 4943 3147 5015 Κυρίου
3168 4944 3433 5013 γενέσθω.

1671 5030 1884 5110 Narin)
1911 5031 2219 5097 lectiones
2258 5041 2322 5098 et
2365 5039 2556 5097 notua.

606 5112 655 5145 ⁸⁸
682 5111 969 5182 είάσαμεν.

593 5208 709 5279 (55)
747 5205 1038 5275 Perperam
1090 5205 1181 5279 hic
1247 5203 1499 5279 additum
1550 5218 1695 5279 e_ssc_.
1748 5214 1798 5259 et
1839 5202 2079 5274 Syriam,

519 5272 735 5334 clarum
793 5272 915 5343 est;
955 5290 1081 5331 cum
1128 5275 1232 5330 hoc
1288 5275 1589 5330 narrationi
1658 5272 1822 5330 Lucae
1862 5272 2085 5331 contra-

524 5351 665 5404 rium
701 5347 794 5401 sit.

593 5417 708 5488 (56)
739 5416 943 5471 Textus
991 5415 1096 5472 iste
1153 5412 1290 5469 adeo
1340 5411 1531 5488 mujile
1573 5427 1637 5468 ex
1683 5412 2084 5488 Chrysostomo

520 5482 832 5552 exscriptus
873 5495 977 5549 est,
1016 5497 1077 5540 ut
1111 5498 1333 5538 sensum
1379 5482 1570 5554 ell’erat
1604 5493 1712 5536 tam
1762 5482 1864 5553 ipsi
1920 5499 2083 5554 quam

524 5570 686 5610 sacro
712 5551 898 5609 textui
941 5555 1100 5619 plane
1138 5553 1455 5609 adversum.
1503 5551 1887 5622 Clirysostomi
1922 5551 2085 5609 verba

525 5626 600 5679 ita
624 5639 683 5678 se
706 5624 940 5678 habent:
963 5624 1136 5678 Τοῦτο
1159 5622 1569 5691 (καταλιπόντες
1583 5623 1752 5676 αὐτὴν
1780 5622 2085 5691 εὐώνυμον)

523 5694 624 5761 οὐχ
650 5692 832 5756 ἁπλῶς
879 5692 1118 5763 εἴρηται,
1157 5692 1271 5765 ἀλλ’
1305 5694 1393 5748 ἵνα
1419 5692 1603 5764 δείξῃ,
1636 5692 1719 5747 ὅτι
1764 5693 1884 5747 οὐδὲ
1931 5693 2096 5762 ἔγγὺς

2190 5206 2364 5276 αὐτῆς
2433 5206 2690 5277 γενέσθαι
2747 5205 2967 5277 ἠξίωσε,
3009 5205 3272 5277 ’κατευθὺ
3346 5205 3600 5277 πλέοντες
3669 5207 3770 5276 τῆς

2190 5273 2410 5348 Συρίας.
2445 5273 2643 5340 Ὁῦτως
2677 5273 2959 5348 ἔσπευδεν.
3000 5273 3114 5330 Hoc
3165 5276 3382 5348 (nempe
3422 5273 3771 5348 relinquentes

2190 5345 2308 5401 eam
2339 5346 2407 5399 ad
2436 5348 2734 5415 sinistram)
2765 5360 2866 5399 non
2891 5346 3001 5399 sine
3024 5345 3188 5399 causa
3218 5345 3418 5401 dictum
3449 5345 3575 5413 est:
3600 5345 3690 5400 sed
3711 5359 3772 5400 ut

2191 5417 2509 5481 ostenderet,
2539 5433 2600 5471 ne
2630 5431 2792 5487 prope
2841 5416 3056 5487 quidem
3110 5415 3264 5467 illam
3324 5417 3601 5487 (videlicet
3655 5417 3767 5487 (Zy-

2194 5488 2383 5556 prum)
2429 5487 2672 5540 accedere
2708 5483 2954 5548 coluisse,
2976 5501 3093 5556 cum
3109 5492 3249 5556 rec_to
3275 5483 3452 5556 mrsu,
3469 5486 3541 5556 in:
3555 5483 3775 5554 Syriam

2191 5551 2490 5625 pergerent:
2522 5558 2598 5609 ita
2629 5570 2807 5624 nempe
2837 5552 3379 5625 festinabat.ATextus
3409 5555 3478 5609 ab
3498 5551 3774 5625 ﬂetitenio

2201 5621 2384 5680 editus
2407 5625 2673 5694 congruit
2698 5621 2819 5679 cum
2838 5621 3036 5680 nostro
3057 5621 3249 5681 codice
3274 5640 3287 5680 :
3318 5624 3569 5682 similiter
3600 5623 3773 5679 etiam

2204 5696 2375 5751 codex
2405 5691 2776 5751 Florentiuus.
