4058 6210
323 311 446 378 1021

921 429 1302 486 EPMHNEIA.

386 516 748 589 Σημειωτέον,
799 519 884 572 ὅτι
918 519 1012 572 τοῦ
1057 521 1309 575 διακόνου
1348 521 1614 576 Φιλίππου
1653 518 1794 592 ἦσαν
1832 524 1888 576 αί

316 608 611 677 θυγατέρες
633 624 649 641 ·
677 607 818 663 ὥστε
879 605 972 665 οὖν
1000 610 1112 664 ’καὶ
1141 611 1220 682 τῷ
1272 613 1663 682 κοινωνήσαντι
1693 613 1888 682 γάμων

313 699 580 752 διακονεῖν
615 698 812 764 ἔξεστι.
843 701 1158 771 Σημείωσαι
1187 701 1264 766 δὲ,
1294 703 1377 756 ὅτι
1401 703 1495 755 καὶ
1523 704 1578 756 αί
1615 702 1886 773 προφητίο

311 790 400 852 δες
436 790 494 844 αἱ
556 789 856 860 Θυγατέρες
906 790 1070 844 αὐτοῦ
1123 793 1383 864 παρθένοι
1434 788 1598 863 ἦσαν,
1651 794 1748 845 καὶ
1801 794 1886 845 ὅτι

311 884 512 950 ἢσκουν
531 883 599 937 δι’
627 883 915 937 εὐλάϐειαν
951 883 1149 954 μᾶλλον
1172 883 1329 939 τοῦτο
1357 925 1372 951 ,
1400 886 1542 939 ὥστε
1609 887 1703 940 καὶ
1747 903 1879 956 προσ

311 973 538 1041 φητείας
564 973 846 1041 ⁴ἠξιῶσθαι.
884 974 1048 1027 Ὥστε
1076 976 1255 1045 δῆλον,
1293 977 1378 1029 ὅτι
1415 977 1884 1047 περισπούδαστον

309 1057 378 1132 ἦν
407 1063 598 1128 αὐταῖς
619 1066 652 1134 ἡ
685 1064 970 1134 παρθενία.
993 1066 1178 1138 Είγὰρ
1204 1067 1278 1138 μὴ
1297 1063 1366 1138 ἦν
1395 1068 1880 1138 περισπούδαστον,

310 1155 412 1208 οὐκ
440 1154 507 1209 ἂν
535 1156 876 1229 προσέθηκεν
913 1159 941 1210 ὀ
970 1159 1346 1228 συγγραφεὺς,
1379 1161 1461 1213 ὅτι
1494 1160 1590 1213 καὶ
1624 1159 1882 1230 παρθένοι

309 1240 473 1316 ἦσαν.

900 1339 1293 1396 ΚΕΙΜΕΝΟΝ.

379 1429 535 1482 Met:
585 1429 643 1482 δε
695 1430 795 1494 τὰς
857 1431 1073 1502 ἡμέρας
1119 1430 1324 1494 ταύτας
1371 1431 1880 1502 ἀποσκευασάμενοι

306 1518 664 1590 ἀνεϐαίνομεν
697 1522 780 1584 είς
810 1521 1191 1592 Ἰερουσαλήμ.
1224 1522 1493 1591 Συνῆλθον
1520 1523 1578 1576 δὲ
1630 1524 1722 1576 καὶ
1770 1523 1880 1575 τῶν

885 315 1345 377 EXPOSITION
1356 316 1425 376 IS
1455 315 1538 377 ΙΝ
1561 317 1750 378 ACTA
1787 317 2091 380 TEXTUS
2126 323 2394 384 ALTER.
2426 350 2493 360 -
2514 328 2676 389 CAP.
2717 329 2878 393 XXI.

3425 325 3564 392 1022

2481 435 3049 503 COMMENTARIUS.

2062 525 2475 591 Adnotandum,
2510 526 2747 597 Philippi
2787 526 3006 582 diaconi
3044 525 3182 580 ﬁlias
3217 524 3336 581 Illas
3371 523 3557 581 fuisse:

1989 631 2161 686 quare
2185 617 2349 671 etiam
2376 619 2624 674 uxoratis
2645 619 2772 674 licet
2799 619 3126 673 diaconatus
3147 615 3381 672 oilicium
3405 633 3565 670 exer-

1987 707 2272 778 cerej(57).
2299 707 2538 764 Observa
2578 724 2708 764 vero
2734 711 2898 764 etiam
2925 709 3296 779 proplietissas
3325 707 3469 761 illius
3500 707 3564 760 ti-

1987 799 2090 854 lias
2127 798 2296 854 fuisse
2327 799 2592 871 virgines,
2622 816 2686 856 ac
2715 811 2937 871 pr0pter
2962 802 3218 871 pietatem
3254 801 3355 855 boc
3387 802 3562 869 magis

1985 889 2300 945 exercuisse
2323 907 2338 952 ;
2377 891 2520 946 unde
2541 893 2837 961 prophetiae
2853 892 2996 946 dono
3019 891 3197 962 dignae
3222 891 3376 946 facta:
3404 900 3558 946 sunt.

1986 979 2063 1036 Ex
2085 996 2196 1050 quo
2219 991 2386 1051 patet,
2414 998 2630 1039 summo
2669 985 2790 1038 illas
2841 984 3028 1038 studio
3062 984 3424 1053 virginitatem
3458 997 3554 1036 co-

1986 1071 2190 1128 luisse:
2232 1073 2392 1128 aliter
2427 1088 2586 1129 saeer
2641 1075 2878 1144 scriptor
2908 1088 3016 1128 non
3055 1072 3374 1137 addidisset,
3406 1070 3552 1143 quod

1985 1169 2172 1217 essent
2205 1163 2473 1232 virgines.

2617 1343 2919 1400 TEXTUS.

2049 1433 2194 1495 XXI,
2211 1434 2278 1488 l5
2296 1433 2542 1491 'l9.Post
2554 1436 2666 1491 dies
2681 1446 2859 1491 antem
2881 1438 3011 1491 istos
3039 1436 3344 1506 praeparati,
3365 1450 3558 1488 ascen-

1981 1525 2163 1580 dimus
2184 1523 2508 1580 Jerusalem.
2536 1524 2815 1581 Venerunt
2834 1538 3012 1581 autem
3037 1534 3092 1581 et
3121 1542 3188 1582 ex
3214 1526 3498 1595 discipulis
3529 1540 3559 1579 a

311 1611 568 1681 μαθητῶν
596 1614 704 1666 ἀπὸ
753 1613 1088 1683 Καισαρείας
1131 1613 1228 1666 σὺν
1253 1617 1384 1685 ἡμῖν
1421 1616 1645 1683 ἄγοντες
1676 1615 1806 1684 παρ’
1833 1607 1877 1680 ᾧ

1982 1615 2230 1668 Caesarea
2257 1614 2564 1678 nobiscum,
2591 1616 2924 1671 adducentes
2961 1631 3147 1672 secum
3199 1617 3364 1685 (apud
3395 1633 3558 1686 quem

310 1701 658 1773 ξενισθῶμεν,
689 1707 952 1776 Μνάσωνί
967 1727 1072 1762 τινι
1103 1709 1342 1778 Κυπρίῳ
1370 1707 1590 1778 ἀρχαίῳ
1634 1706 1874 1776 μαθητῇ.

310 1791 619 1862 Γενομένων
637 1794 694 1848 δὲ
715 1796 870 1865 ἡμῶν
890 1798 969 1860 είς
982 1798 1049 1850 ’ῐε
1059 1798 1348 1868 ροσόλυμα,
1363 1795 1612 1865 ἀσμένως
1637 1796 1884 1860 ἐδέξαντο

306 1885 453 1952 ἡμᾶς
486 1885 536 1936 ot
555 1885 794 1954 ἀδελφοί.
825 1887 905 1957 Τῇ
940 1887 998 1940 δὲ
1029 1887 1259 1959 ἐπιούσῃ
1281 1885 1458 1958 εἰσῄει
1487 1887 1516 1939 ὁ
1548 1886 1761 1950 Παῦλος
1781 1888 1880 1941 σὺν

307 1972 438 2040 ἡμῖν
467 1973 605 2042 πρὸς
643 1973 930 2026 ἰάκωϐονσ
975 1973 1174 2039 πάντες
1211 1977 1320 2047 γὰρ
1377 1974 1539 2048 [ναις.
1592 1975 1676 2046 τε]
1736 1993 1880 2047 παρ-

317 2065 568 2132 εγέ·.οντο
595 2066 646 2119 οί
669 2065 1053 2138 πρεσϐύτεροι.
1096 2070 1204 2124 Καὶ
1231 2071 1618 2142 ἀσπασάμενος
1659 2070 1877 2134 αὐτοὺς,

304 2154 554 2225 ἐξηγεῖτο
583 2157 704 2211 καθ’
725 2158 782 2212 ἓν
804 2159 1055 2223 ἕκαστον,
1083 2154 1158 2214 ὧν
1194 2162 1448 2233 ἐποίησεν
1480 2163 1508 2214 ὁ
1527 2161 1660 2224 Θεὸς
1687 2161 1746 2213 ἐν
1767 2163 1880 2225 τοῖς

304 2247 484 2302 ἔθνεσι
506 2248 593 2302 διὰ
627 2249 724 2319 τῆς
740 2250 1014 2318 διακονίας
1037 2253 1227 2307 αὐτοῦ.

320 2347 324 2349 “
879 2345 1130 2402 ΚΕΦΔΛ.
1175 2343 1304 2401 AA'.

305 2433 664 2501 Παραίνεσις
686 2434 972 2490 Ἰακώϐου
1000 2437 1152 2504 πρὸς
1180 2437 1425 2492 Παῦλον
1463 2437 1596 2506 περὶ
1647 2437 1754 2492 τοῦ
1790 2434 1876 2505 μὴ

343 2523 544 2578 δοκεῖν
570 2527 828 2580 κωλύειν
847 2527 990 2594 τοὺς
1026 2528 1334 2596 Ἑϐραίους
1365 2527 1838 2597 περιτέμνεσθαι.

375 2616 437 2666 Οί
468 2615 526 2667 δὲ
575 2615 928 2682 ἀκούσαντες,
979 2615 1234 2682 ἐδόξασαν
1262 2618 1354 2671 τὸν
1400 2617 1567 2671 Θεὸνο
1608 2614 1762 2672 εἷπον
1821 2617 1878 2670 δὲ

304 2704 454 2774 αὐτῷ
481 2721 496 2735 ·
525 2705 785 2777 Θεωρεῖς,
842 2707 1060 2778 ἀδελφὶ,
1113 2711 1280 2764 πόσαι
1321 2711 1580 2782 μυριάδες
1630 2711 1737 2763 εἰσὶ
1765 2708 1876 2765 τῶν

305 2795 750 2850 πεπιστευκότων
793 2797 1086 2864 Ἰουδαίων,
1135 2801 1230 2853 καὶ
1273 2802 1474 2862 πάντες
1513 2799 1757 2870 ζηλωταὶ
1781 2797 1875 2852 τοῦ

303 2886 468 2956 νόμου
512 2887 840 2959 ὑπάρχουσι.
894 2890 1304 2962 Κατηχήθησαν
1350 2892 1407 2945 δὲ
1455 2893 1585 2962 περὶ
1635 2890 1751 2957 σοῦ,
1794 2893 1875 2944 ὅτι

1989 1700 2420 1777 Ιιοερίιπτοηιυτῖ
2447 1706 2768 1762 Mnasoncm
2819 1707 3109 1777 quemdam
3143 1709 3427 1779 Cyprium,
3458 1723 3561 1761 an-

1987 1799 2196 1866 tiquum
2244 1797 2596 1866 discipulum.
2633 1797 2695 1850 Et
2725 1812 2848 1850 cum
2903 1798 3247 1852 venissemus
3277 1795 3559 1865 Jerosoly-

1986 1902 2153 1947 mam.
2202 1887 2432 1941 libenter
2477 1893 2812 1952 exceperunt
2862 1901 2962 1941 nos
3024 1884 3245 1941 lratres.
3297 1886 3558 1955 Sequenti

1984 1985 2164 2033 autem
2195 1978 2284 2032 die
2317 1978 2579 2034 introibat
2609 1978 2810 2033 Paulus
2846 1979 3135 2034 nobiscum
3174 1978 3241 2032 ad
3267 1977 3556 2042 Jacobum,

1982 2082 2282 2138 omnesque
2309 2071 2524 2126 collecti
2571 2082 2703 2125 sunt
2749 2072 3019 2126 seniores.
3053 2073 3204 2137 Quos
3231 2086 3356 2126 cum
3407 2070 3555 2126 salu-

1983 2168 2175 2224 lasset,
2200 2162 2460 2216 narrabat
2489 2177 2584 2232 per
2615 2164 2830 2232 singula
2884 2178 3006 2232 qua
3061 2163 3206 2218 Deus
3237 2163 3456 2219 fecisset
3502 2164 3556 2216 in

1981 2253 2240 2324 gentibus
2265 2267 2361 2322 per
2389 2253 2758 2308 ministerium
2793 2254 2986 2322 ipsius.

2533 2344 2759 2398 CAPUT
2799 2343 2994 2399 XXXI.

1983 2434 2305 2489 Adhortalio
2339 2434 2530 2488 Jacobi
2550 2434 2618 2486 ad
2665 2435 2898 2488 Paulum
2931 2435 2995 2488 de
3023 2451 3084 2489 eo
3119 2434 3258 2504 quod
3292 2449 3393 2486 non
3420 2433 3558 2486 uide-

2224 2533 2369 2577 retur
2385 2524 2659 2590 prohibere
2686 2523 2932 2578 Hebrwos
2965 2526 3302 2580 circumcidi.

2049 2613 2192 2678 XX],
2213 2614 2397 2669 2035.
2425 2615 2494 2667 At
2517 2615 2593 2668 illi
2631 2629 2755 2668 cum
2799 2615 3104 2681 audissent,
3133 2617 3559 2686 magniﬁcabant

1981 2706 2174 2771 Deum,
2197 2708 2560 2777 dixeruntque
2579 2707 2629 2761 ei
2647 2706 2853 2772 :V'ides,
2883 2707 3075 2773 frater,
3096 2710 3412 2778 quottnillia
3428 2719 3556 2761 sunt

1979 2797 2032 2851 in
2057 2795 2259 2853 Judaris
2277 2797 2367 2866 qui
2391 2796 2763 2860 crediderunt,
2781 2805 2836 2852 et
2853 2812 3046 2852 omnes
3063 2799 3406 2852 aemulatores
3427 2807 3556 2852 sunt

1980 2889 2135 2958 legis.
2176 2890 2484 2943 Andierunt
2517 2899 2701 2942 autem
2734 2891 2799 2943 de
2848 2897 2922 2956 te,
2970 2889 3098 2958 quia
3158 2889 3555 2944 discessionem

305 2979 644 3034 ἀποστασίαν
682 2980 954 3044 διδάσκεις
999 2982 1106 3035 ἀπὸ
1141 2983 1423 3047 Μωῦσέως
1463 2985 1586 3047 τοὺς
1624 2982 1765 3037 κατά
1802 2983 1870 3036 τὰ

1982 2980 2176 3034 doceas
2209 2993 2239 3032 a
2272 2977 2458 3051 Moyse
2487 2995 2678 3034 eorum
2711 2980 2802 3049 qui
2824 2995 2921 3049 per
2951 2987 3144 3049 gentes
3194 2986 3322 3033 sunt
3347 2978 3562 3031 Judteo-

305 3071 430 3140 ἔθνη
462 3071 672 3136 πάντας
710 3073 1020 3139 Ἰουδαίους,
1055 3074 1254 3143 λέγων,
1290 3079 1365 3146 μὴ
1393 3075 1740 3146 περιτέμνειν
1777 3075 1876 3128 αύ-

305 3163 431 3226 τοὺς
456 3162 526 3216 τὰ
554 3163 742 3226 τέκνα,
777 3165 909 3234 μηδὲ
949 3166 1060 3228 τοῖς
1108 3165 1256 3218 ἔθεσι
1302 3169 1645 3234 περιπατεῖν.
1681 3165 1747 3217 Τί
1784 3165 1877 3218 οὖν

310 3255 468 3320 tm;
504 3255 729 3317 Πάντως
751 3255 831 3308 δεῖ
863 3255 1065 3323 πλῆθος
1097 3255 1395 3308 συνελθεῖν·
1425 3257 1746 3309 ἀκούσονται
1770 3255 1878 3325 γὰρ

300 3348 380 3399 ὅτι
414 3345 698 3417 ἐλήλυθας.
721 3344 892 3401 Τοῦτο
916 3345 1009 3399 οὖν
1037 3345 1265 3417 ποίησον
1291 3347 1320 3398 ὃ
1350 3363 1431 3398 σοι
1462 3345 1710 3413 λέγομεν.
1730 3345 1877 3398 Εἰσὶν

308 3441 366 3491 ὲν
395 3439 530 3507 ἡμῖν
559 3437 752 3508 ἄνδρες
791 3438 1056 3508 τέσσαρες
1087 3437 1253 3508 εὐχὴν
1287 3436 1502 3507 ἔχοντες
1538 3437 1623 3506 ἐφ’
1641 3436 1872 3490 ἑαυτῶν.

303 3528 538 3590 Τούτους
589 3527 925 3598 παραλαϐὼν
953 3527 1238 3598 ἁγνίσθητι
1271 3529 1369 3580 σὺν
1407 3527 1614 3592 αὐτοῖς,
1662 3527 1756 3578 καὶ
1785 3525 1877 3578 δα·

304 3617 546 3686 πάνησον
594 3615 684 3669 ἐπ’
711 3616 914 3682 αὐτοῖς,
940 3616 1028 3670 ἴνα
1080 3615 1424 3687 ξυρησωνται
1457 3616 1558 3687 τὴν
1587 3615 1834 3686 κεφαλήν
1857 3630 1874 3646 ο

305 3709 401 3761 καὶ
433 3706 732 3776 γνώσονται
765 3708 986 3773 πάντες,
1017 3709 1100 3762 ὅτι
1125 3701 1200 3762 ὧν
1233 3709 1569 3778 κατήχηνται
1617 3708 1747 3776 περὶ
1782 3706 1877 3760 σοῦ

303 3797 458 3851 οὐδέν
489 3799 660 3862 ἐστιν,
693 3797 830 3852 ἀλλᾶ
863 3799 1094 3868 στοιχεῖς
1123 3799 1219 3852 καὶ
1249 3798 1413 3860 αὐτὸς
1462 3798 1756 3866 φυλάσσων
1789 3797 1878 3850 τὸν

303 3890 486 3959 νόμον.
539 3889 678 3958 Περὶ
725 3889 783 3943 δὲ
841 3888 954 3942 τῶν
999 3889 1443 3942 πεπιστευκότων
1493 3888 1659 3941 ιθνῶν
1717 3890 1880 3958 ἡμεῖς

303 3981 717 4051 ἐπεστείλαμεν,
770 3980 1057 4052 κρίναντες
1106 3981 1274 4051 μηδὲν
1290 3981 1532 4034 τοιοῦτον
1559 3984 1746 4052 τηρεῖν
1775 3983 1880 4034 αὺ-

302 4075 450 4138 τοὺς,
497 4076 544 4126 εί
586 4073 662 4144 μὴ
695 4073 1065 4144 φυλάσσεσθαι
1101 4075 1300 4138 αὐτοὺς
1329 4075 1390 4128 τό
1418 4091 1479 4128 τε
1507 4074 1878 4142 εἰδωλόθυτον,

305 4166 399 4221 καὶ
421 4166 481 4220 τὺ
513 4160 670 4237 αἷμα,
699 4166 877 4220 καὶτὸ
912 4167 1157 4232 πνικτὸν,
1192 4168 1287 4221 καὶ
1316 4168 1598 4240 πορνείαν.

912 4259 1300 4317 EPMHNEIA.

382 4368 399 4400 ι
450 4349 972 4421 Ἐπισκευασάμενοι
1000 4390 1016 4415 ,
1057 4365 1082 4402 r
1113 4351 1381 4418 τουτέστι,
1432 4352 1503 4406 τὰ
1542 4354 1678 4425 πρὸς
1699 4355 1795 4427 τὴν
1823 4359 1882 4411 δ-

304 4439 586 4512 δοιπορίαν
638 4440 917 4504 λαϐόντες.
953 4441 1442 4511 Συμϐουλεύουσιν,
1502 4445 1603 4498 οὐκ
1658 4447 1881 4500 ἐπιτάτ-

304 4549 486 4586 τουσιν
530 4533 581 4585 οἱ
614 4533 742 4605 περὶ
770 4533 863 4587 τὸν
909 4534 1189 4590 Ἰάκωϐον.
1240 4536 1303 4589 Οἱ
1337 4537 1448 4607 γὰρ
1485 4537 1544 4591 ἐν
1584 4537 1881 4608 Ἱεροσολύ-

308 4641 430 4691 μοις
474 4623 866 4688 πιστεύσαντες
917 4623 1026 4678 ἁπδ
1073 4627 1178 4679 τῶν
1202 4627 1476 4686 Ἰουδαίων
1536 4630 1606 4682 τὰ
1663 4630 1760 4701 ἔθη
1811 4632 1881 4686 τὰ

305 4715 504 4785 νομικὰ
549 4715 742 4786 ἤθελον
766 4715 846 4769 ἔτι
882 4715 1194 4784 φυλάττειν.
1213 4718 1400 4790 "Ep-(qi
1447 4720 1549 4790 τὴν
1585 4721 1882 4791 ἀπολογίαν

198 4865 202 4869 ς
307 4806 531 4872 ποιῆσαι
560 4807 713 4877 αύτῷ
757 4808 1240 4878 συμϐουλεύουσιν,
1273 4811 1334 4864 οὐ
1387 4812 1555 4882 λόγῳ.
1589 4813 1759 4867 Τοῦτο
1785 4810 1879 4869 οὖν

309 4907 442 4962 φησι
469 4895 538 4949 ⁸³.
566 4897 676 4961 Τὰς
733 4901 1188 4971 προσφερομένας
1218 4901 1357 4973 ὑπὲρ
1384 4902 1567 4956 αὐτῶν
1616 4904 1762 4960 κατὰ
1786 4905 1880 4960 τὸν

308 4982 470 5051 νόμον
512 4985 700 5052 θυσίας
763 4992 830 5044 σὺ
857 4993 1130 5062 πάρασχε,
1162 4992 1250 5045 ἵνα
1289 4991 1455 5063 λύσῃς
1498 4992 1596 5063 τὴν
1622 4995 1880 5064 ὑποψίαν,

308 5074 402 5126 καὶ
429 5075 632 5148 δείξῃς,
653 5081 733 5133 ὅτι
762 5083 822 5134 οὺ
861 5085 1022 5152 μόνον
1051 5084 1112 5136 οὐ
1147 5083 1420 5148 διδάσκεις
1449 5083 1556 5149 ἔξω
1572 5085 1665 5139 τοῦ
1689 5087 1877 5158 νόμου,

307 5161 424 5216 ἀλλ’
453 5167 536 5218 ὅτι
575 5167 671 5220 καὶ
699 5171 860 5233 αὐτὸς
891 5171 1181 5241 φυλάττεις
1204 5174 1271 5226 τὰ
1299 5175 1357 5226 ὲν
1389 5173 1468 5245 τῷ
1497 5174 1666 5246 νόμῳ.
1686 5176 1804 5231 Ἵνα
1821 5177 1879 5230 δὲ

309 5255 386 5326 μὴ
400 5256 554 5330 λέγῃ·
581 5259 708 5312 Ἐὰν
735 5261 803 5315 τὰ
842 5263 968 5333 ἔθνη
1010 5263 1172 5318 τοῦτο
1209 5263 1445 5334 μάθωσι,
1478 5267 1875 5339 σκανδαλισθή-

306 5361 518 5401 σονται’
544 5350 780 5420 ἐπάγειο
837 5371 857 5406 ι
896 5353 1032 5424 Περὶ
1064 5353 1171 5407 τῶν
1228 5358 1671 5412 πεπιστευκότων
1707 5360 1878 5414 ὲθνῶν

1981 3086 2136 3124 rum:
2179 3070 2369 3125 dicens
2408 3085 2516 3125 non
2569 3071 2768 3125 debere
2821 3085 2916 3125 eos
2965 3071 3362 3126 circumcidere
3419 3068 3558 3124 ﬁlios

1982 3175 2135 3219 suos,
2193 3175 2372 3230 neque
2434 3159 2739 3215 secundum
2800 3161 3258 3215 consuetudinem
3322 3156 3555 3228 ingredi.

1981 3251 2122 3316 Quid
2166 3265 2296 3320 ergo
2349 3253 2472 3306 est?
2509 3251 2708 3321 Utique
2754 3260 2973 3322 oportet
3033 3252 3330 3307 convenire
3394 3249 3560 3320 294

1979 3342 2441 3398 multitudinem:
2492 3344 2715 3399 audient
2789 3345 2936 3399 enim
3019 3352 3072 3400 te
3149 3345 3556 3413 supervenisse.

1978 3433 2093 3489 Hoc
2149 3450 2281 3504 ergo
2345 3437 2430 3490 fac
2481 3437 2626 3504 quod
2687 3436 2782 3490 tibi
2836 3437 3106 3492 dicimus:
3179 3438 3318 3493 Sunt
3400 3436 3558 3490 nobis

1981 3527 2078 3581 viri
2102 3536 2358 3596 quatuor,
2389 3536 2576 3580 votum
2599 3527 2860 3581 habentes
2885 3542 3055 3597 super
3090 3544 3170 3584 se.
3209 3530 3306 3584 His
3338 3543 3556 3584 assum-

1979 3617 2106 3686 ptis,
2138 3616 2417 3672 sanctitica
2451 3624 2503 3670 te
2545 3632 2668 3670 cum
2701 3617 2836 3680 illis,
2870 3627 2925 3671 et
2955 3619 3209 3688 impende
3251 3622 3306 3676 in
3351 3621 3460 3675 illis
3497 3627 3557 3673 ut

1981 3707 2176 3761 radant
2221 3707 2436 3776 capita;
2490 3714 2544 3761 et
2597 3707 2773 3762 scient
2822 3723 3013 3762 omnes
3061 3711 3189 3780 quia
3245 3727 3366 3780 qua:
3406 3713 3471 3766 de
3504 3718 3558 3764 te

1980 3800 2274 3854 audierunt
2302 3798 2438 3853 falsa
2463 3809 2613 3865 sunt,
2635 3800 2729 3855 sed
2757 3799 3010 3853 ambulas
3033 3800 3218 3869 etipse
3242 3803 3557 3856 custodiens

1981 3892 2173 3963 legem.
2212 3890 2288 3946 De
2320 3891 2406 3946 bis
2457 3899 2638 3945 autem
2673 3893 2764 3962 qui
2789 3892 3145 3946 crediderunt
3176 3906 3240 3944 ex
3279 3893 3555 3961 gentibus,

1983 4000 2081 4037 nos
2113 3983 2790 4054 scripsimusjudicantes,
2816 3992 2874 4038 ut
2899 3985 3214 4038 abstineant
3245 4000 3304 4038 se
3340 3985 3407 4037 ab
3441 3985 3558 4036 ido-

1983 4075 2050 4130 lis
2113 4075 2397 4131 innnolato
2453 4085 2506 4130 et
2554 4076 2820 4146 sanguine
2853 4085 2908 4132 et
2932 4075 3198 4132 sutl‘ocato
3228 4083 3282 4129 et
3315 4074 3555 4128 fornica-

1982 4167 2159 4223 tione.

2489 4254 3057 4312 COMMENTARIUS.

2055 4367 2074 4400 ι
2115 4349 2432 4418 Przeparati,
2454 4365 2473 4399 ι
2520 4349 2624 4402 hoc
2653 4355 2738 4402 est
2777 4349 3026 4416 sumptis,
3073 4361 3196 4416 qua:
3229 4347 3297 4401 ad
3327 4349 3430 4403 iter
3460 4363 3555 4402 ne-

1974 4440 2216 4498 cessaris
2274 4449 2451 4495 erant.
2493 4457 2511 4491 ι
2556 4436 2738 4502 Vides,
2766 4438 2995 4492 frater.»
3057 4439 3362 4494 Consilium
3402 4439 3556 4505 dant,

1979 4547 2089 4588 non
2111 4532 2305 4602 jubent
2327 4532 2568 4587 Jacobns
2600 4541 2654 4586 et
2676 4533 2810 4585 socii
2842 4531 2982 4598 ejus.
3019 4529 3230 4584 Etenim
3276 4533 3370 4600 qui
3397 4531 3557 4586 Jero-

1978 4624 2203 4694 solytnis
2257 4639 2322 4678 ex
2368 4623 2576 4678 Judaeis
2607 4622 2981 4685 crediderant,
3034 4622 3229 4691 legalia
3296 4623 3554 4678 instituta

1980 4717 2162 4771 adhuc
2193 4730 2410 4774 servare
2441 4715 2714 4768 volebant.
2755 4733 2773 4765 ‹
2815 4714 3046 4769 Purilica
3084 4725 3156 4768 te.
3200 4733 3220 4767 ι
3260 4713 3329 4770 Ut
3369 4730 3560 4786 opere,

1980 4823 2089 4861 non
2123 4806 2288 4862 verbo
2318 4804 2696 4860 defensionem
2740 4805 2844 4858 sibi
2877 4816 3054 4873 paret,
3088 4805 3340 4859 suadent.
3370 4804 3558 4876 Igitur,

1979 4896 2291 4963 ainnt,eas,
2343 4909 2484 4964 quas
2549 4895 2653 4964 ipsi
2711 4895 2866 4963 juxta
2896 4895 3064 4965 legem
3110 4894 3364 4958 oll‘erunt,
3397 4896 3551 4950 victi-

1981 5003 2100 5042 mas
2153 4989 2270 5058 ipse
2317 4986 2631 5056 suppedita,
2669 4997 2728 5039 ut
2781 4987 3152 5056 suspicionem
3201 5002 3366 5058 quam
3411 4989 3479 5042 de
3507 4997 3567 5043 te

1981 5079 2204 5143 habent,
2233 5079 2526 5145 dissolvas,
2570 5079 2793 5148 illisque
2838 5079 3096 5135 ostendas
3130 5081 3276 5149 quod
3312 5093 3420 5135 non
3463 5093 3555 5132 so-

1980 5175 2092 5228 lum
2154 5174 2291 5228 nihil
2324 5184 2516 5228 contra
2574 5175 2746 5244 legem
2789 5173 3009 5238 doceas,
3063 5174 3160 5230 sed
3218 5175 3336 5243 ipse
3394 5173 3562 5225 etiam

1985 5283 2107 5338 quae
2149 5267 2281 5336 legis
2321 5276 2471 5333 sunt,
2509 5267 2787 5322 observes.
2835 5265 2914 5322 Ne
2943 5281 3073 5322 vero
3131 5264 3334 5319 Paulus
3373 5262 3560 5316 dicat:

1986 5357 2042 5412 Si
2067 5358 2183 5413 bzee
2229 5360 2463 5429 gentiles
2490 5357 2838 5427 resciverim,
2876 5357 3198 5414 scandalum
3253 5353 3564 5426 patientur,

1454 5469 1653 5531 Varie)
1687 5471 1994 5534 lectiones
2038 5479 2100 5534 et
2150 5479 2342 5534 nolae.

376 5557 423 5592 ”
458 5578 612 5628 φασι.

377 5701 493 5772 (57)
529 5700 741 5776 Utique,
772 5703 865 5762 ubi
897 5719 1005 5762 non
1028 5704 1212 5761 obstat
1254 5703 1627 5764 ecclesiastica
1651 5706 1756 5774 lex,
1796 5715 1855 5763 ut
1885 5707 1940 5762 in
1963 5708 2194 5764 ecclesia
2229 5706 2442 5764 Latina.
