4058 6210
551 283 690 348 1023
1388 279 1972 343 TIIEOPI-IYLACTI’
2009 273 2421 337 BULGARIE
2455 271 2812 334 ARCHIEP.
3638 261 3809 327 1024

549 393 823 452 subdunt:
871 409 888 442 ι
928 388 1000 444 De
1025 390 1109 444 his
1139 397 1319 444 autem
1349 390 1442 459 qui
1474 388 1831 444 crediderunt
1860 403 1922 442 ex
1963 401 2102 456 gen-

2223 384 2370 452 ἡμεῖς
2403 381 2817 450 ἐπεστείλαμεν,
2842 377 2998 450 φησὶ,
3023 375 3309 449 κρίναντες
3335 376 3503 447 μηδὲν
3534 376 3808 430 τοιοῦτον

542 488 752 547 tilibus,
777 497 879 536 nos
900 481 1240 550 scripsimus,
1269 481 1607 550 iudicantes,
1643 500 1661 532 ι
1704 479 1837 534 nihil
1901 478 2100 532 horum

2223 477 2398 544 τηρεῖν
2429 473 2644 536 αὐτούς.
2675 491 2694 524 ι
2731 471 2944 542 Ὠσπερ
2974 464 3067 524 οὖν
3116 470 3281 539 ἡμεῖς
3332 467 3560 530 ἐκείνοις
3584 466 3810 520 ἐπετά-

543 575 870 634 servandum
912 572 1019 626 illis
1068 588 1212 628 esse.
1262 571 1731 639 Quemadmodum
1783 569 2102 641 igiturnos,

2223 568 2400 638 Ξαμεν,
2432 566 2610 620 καίτοι
2654 561 2930 627 Ἰουδαίοις
2977 560 3376 632 κηρύττοντες,
3410 558 3554 613 οὕτω
3586 558 3685 612 καὶ
3722 559 3802 611 σὺ

542 668 644 724 etsi
665 663 869 718 ludatis
906 661 1286 734 praedicemus,
1317 664 1427 718 illis
1462 662 1830 732 praecipimus,
1862 660 1942 714 sic
1965 668 2012 714 et
2045 667 2102 713 tu

2223 661 2320 722 τοῖς
2373 658 2551 711 ἐθνεσι
2583 656 2897 726 κηρύσσων,
2936 651 3256 722 σύμπραξον
3286 653 3442 720 ἡμῖν.
3493 651 3800 718 Συγκατα-

542 759 637 828 qui
676 757 928 828 gentibus
959 756 1246 825 praedicas,
1273 757 1430 811 nobis
1459 769 1778 823 cooperare.
1827 753 2110 820 Attempe—

2223 750 2423 812 ϐάσεως
2485 749 2642 802 τοῦτό
2678 749 2816 812 ἐστι,
2879 746 3047 816 μηδὲν
3077 742 3459 812 ὑποπτεύσῃςο
3489 742 3584 795 καὶ
3620 743 3684 796 τὸ
3728 744 3800 794 ἐν

545 849 684 903 ratio
712 857 831 914 est;
862 849 995 902 nihil
1033 849 1333 916 suspicare.
1371 846 1435 901 Et
1467 846 1685 914 quidem
1734 845 1838 898 hoc
1877 842 2111 897 .Ieroso-

543 935 703 1005 lymis
739 933 922 989 facere
945 935 1162 989 diIIicile
1187 951 1296 988 non
1336 945 1441 990 cst.
1483 933 1595 988 Hoc
1634 934 1800 1001 igitur
1848 929 1933 984 fac
1997 929 2107 994 hic,

544 1037 601 1079 ut
633 1026 763 1080 illud
796 1027 920 1080 alibi
948 1027 1044 1080 tibi
1075 1025 1252 1080 facere
1291 1027 1472 1081 liceat.
1505 1024 1600 1079 liis
1626 1038 1924 1093 persuasus
1968 1020 2112 1075 Pau-

546 1115 630 1169 lus
661 1130 720 1171 se
748 1114 1007 1180 totondit,
1048 1125 1101 1170 et
1139 1119 1319 1169 omnia
1351 1114 1544 1184 Iegalia
1578 1112 1828 1183 perfecit.

1093 1257 1321 1312 CAPUT
1351 1257 1568 1312 XXXII.

548 1382 626 1438 De
653 1385 1041 1451 perturbatione
1065 1394 1206 1438 mota
1237 1394 1423 1439 contra
1458 1384 1689 1438 Paulum
1741 1383 2113 1452 Jerosolymis,

615 1486 665 1528 et
694 1477 953 1543 quomodo
979 1493 1094 1530 eum
1134 1477 1380 1530 tribunus
1420 1493 1448 1530 e
1491 1476 1846 1530 multitudinis
1875 1477 2116 1529 manibus

615 1570 882 1635 eripuerit.

897 1675 1049 1730 Fcria
1078 1678 1111 1730 5
1139 1676 1491 1731 ltebdomadae
1514 1675 1775 1745 septimae.

1178 1820 1480 1876 TEXTUS.

620 1926 976 1993 XXI,26-40.
995 1927 1148 1983 'I‘unc
1172 1927 1392 1992 Paulus,
1411 1929 1708 1998 assumptis
1731 1930 1885 1995 viris,
1902 1939 2119 2000 postera

553 2020 642 2074 die
666 2018 984 2088 purificatus
1003 2033 1126 2071 cum
1151 2019 1257 2073 illis
1275 2019 1500 2071 intravit
1522 2019 1574 2071 in
1603 2021 1883 2087 templum,
1907 2036 2122 2075 annun-

555 2108 702 2161 tians
717 2105 1079 2174 expletionem
1099 2105 1311 2180 dierum
1335 2105 1751 2174 purilicationis,
1770 2107 1941 2160 donec
1964 2106 2124 2161 olfer-

553 2205 702 2252 retur
720 2212 816 2265 pro
837 2205 1370 2266 unoquoque‘eorum
1389 2197 1613 2251 oblatio.
1653 2198 1784 2250 Dum
1801 2207 1980 2253 autem
2001 2214 2122 2268 sep-

552 2299 660 2345 tem
679 2289 797 2344 dies
809 2295 1342 2352 consummarentur,
1363 2289 1415 2342 hi
1431 2290 1520 2358 qui
1534 2290 1600 2343 de
1615 2289 1741 2344 Asia
1759 2299 1913 2345 erant
1928 2290 2120 2360 Judaei,

553 2397 678 2437 cum
713 2381 973 2436 vidissent
995 2396 1116 2435 eum
1143 2383 1194 2435 in
1227 2382 1448 2451 templo,
1466 2383 1877 2437 concitaverunt
1904 2399 2119 2438 omnem

554 2472 834 2541 populum,
857 2481 910 2527 et
945 2471 1253 2541 iniecerunt
1282 2472 1332 2525 ei
1369 2487 1581 2536 manus,
1599 2471 1759 2542 295
1785 2473 2117 2527 clamantes:

556 2560 670 2615 Viri
703 2561 982 2626 Israelita,
1010 2563 1304 2631 adjuvate:
1340 2561 1430 2616 hic
1459 2571 1544 2618 est
1577 2563 1764 2626 homo,
1791 2563 1882 2632 qui
1924 2563 2119 2617 adver-

553 2667 650 2707 sus
679 2652 936 2723 populum
975 2664 1028 2708 et
1059 2655 1228 2722 legem
1270 2661 1326 2708 et
1357 2653 1533 2707 locum
1583 2654 1728 2707 hunc
1763 2670 1954 2710 omnes
2001 2656 2122 2710 ubi-

553 2759 659 2813 que
681 2744 906 2806 docens,
939 2745 1163 2810 insuper
1184 2755 1238 2798 et
1260 2745 1491 2813 gentiles
1515 2745 1729 2798 induxit
1753 2744 1808 2799 in
1837 2747 2118 2815 templum,

553 2841 609 2885 et
661 2833 884 2887 violavit
936 2844 1184 2888 sanctum
1222 2834 1400 2886 locum
1455 2833 1642 2887 istum.
1685 2831 1949 2888 Videraut
1975 2835 2120 2888 enim

554 2922 909 2992 TrOphimum
941 2923 1234 2994 Ephesium
1271 2925 1327 2978 in
1351 2925 1572 2978 civitate
1603 2940 1727 2979 cum
1775 2925 1919 2994 ipso,
1955 2940 2118 2994 quem

553 3015 986 3078 aestimaverunt,
1021 3016 1280 3084 quoniam
1323 3014 1376 3068 in
1417 3016 1679 3085 templum
1721 3015 2118 3071 introduxisset

2224 840 2623 912 Ἱεροσολύμοις
2675 839 2732 893 δὲ
2767 836 2926 893 τοῦτο
2979 839 3172 901 ποιεῖν,
3231 835 3489 906 φορητόν.
3541 835 3792 904 Ποίησον

2210 934 2304 988 οῦν
2331 935 2488 988 τοῦτο
2518 934 2771 999 ἐνταῦθα,
2801 934 2891 987 ἵνα
2939 933 3032 1002 ἐξῇ
3086 947 3167 984 σοι
3194 927 3348 1002 [ἔξω]
3374 929 3549 980 ποιεῖν
3581 929 3790 981 ἐκεῖνο.

2213 1024 2346 1081 Εἶτα
2383 1029 2608 1098 ἐπείσθη
2650 1027 2851 1092 αὐτοῖς,
2906 1025 3156 1096 ἐξυρᾶτο,
3184 1023 3276 1076 καὶ
3320 1021 3496 1075 πάντα
3547 1020 3616 1073 τά
3654 1019 3800 1072 Ἰου-

2211 1117 2371 1172 δαϊκὰ
2402 1116 2668 1171 ἐτέλεσεν.

2784 1261 3032 1315 ΚΕΦΛΛ.
3069 1260 3190 1312 ΛΒΥ.

2217 1387 2354 1455 Περὶ
2383 1387 2492 1455 τῆς
2519 1388 2588 1441 ἐν
2612 1386 3010 1456 Ἰερουσαλὴμ
3033 1385 3182 1440 κατὰ
3209 1385 3316 1439 τοῦ
3349 1385 3592 1440 Παύλου
3618 1403 3795 1453 κινη-

2285 1482 2494 1547 θείσης
2517 1480 2786 1546 ἀταξίας,
2819 1480 2978 1546 ὅπως
2993 1496 3057 1533 τε
3085 1478 3272 1532 αὐτὸν
3292 1481 3326 1532 ὁ
3348 1479 3658 1547 χιλίαρχος
3680 1479 3798 1533 τοῦ

2288 1570 2561 1636 πλήθους
2595 1570 2931 1638 ἐξαιρεῖται.

2627 1681 2705 1752 Τῇ
2737 1680 2785 1749 γ’
2830 1681 2927 1750 τῆς
2967 1678 3010 1742 ζ’
3049 1679 3365 1750 ἑϐδομάδος.

2801 1806 3187 1860 ΚΕΙΜΕΝΟΝ.

2291 1916 2423 1967 Τότε
2447 1915 2476 1967 6
2511 1912 2724 1976 Παῦλος
2773 1913 3106 1982 παραλαϐὼν
3139 1914 3264 1975 τοῦς
3310 1915 3522 1984 ινδρας,
3563 1916 3628 1984 τῇ
3664 1914 3792 1983 ἐχο-

2226 2007 2360 2078 μένῃ
2387 2007 2593 2076 ἡμέρᾳ,
2633 2007 2728 2059 καὶ
2756 2005 2855 2059 σὺν
2883 2006 3065 2066 αὐτοῖς
3093 2005 3392 2073 ἁγνισθεὶς,
3415 2005 3586 2075 εἰσῄει
3619 2006 3700 2067 εἰς
3729 2006 3793 2058 τὸ

2224 2097 2388 2166 ἱερὸν,
2415 2096 2745 2165 διαγγέλλων
2777 2097 2873 2165 τὴν
2915 2095 3261 2165 ἐκπλήρωσιν
3293 2095 3401 2147 τῶν
3443 2095 3665 2165 ἡμερῶν
3694 2095 3791 2147 τοῦ

2222 2189 2513 2260 ἁγνισμοῦ,
2554 2188 2660 2252 ἕως
2693 2181 2754 2240 οὗ
2810 2187 3159 2258 προσηνέχθη
3214 2188 3353 2259 ὑπὲρ
3402 2189 3517 2250 ἐνὸς
3552 2190 3789 2242 ἑκάστου

2221 2281 2401 2334 αὐτῶν
2435 2284 2466 2350 ἡ
2501 2281 2804 2353 προσφορά.
2852 2281 2941 2343 Ὠς
2993 2281 3049 2334 δὲ
3081 2281 3303 2350 ἔμελλον
3336 2283 3392 2334 αἰ
3417 2281 3553 2335 ἐπτά
3583 2283 3792 2352 ἡμέραι

2226 2371 2614 2433 συντελεῖσθαι,
2639 2373 2688 2424 οἱ
2715 2372 2821 2425 ἀπὸ
2845 2373 2940 2440 τῆς
2979 2371 3162 2436 Ἀσίας
3193 2371 3430 2426 Ἰουδαῖοι
3461 2372 3792 2442 θεασάμενοι

2224 2463 2385 2514 αὑτὸν
2429 2464 2485 2514 ἐν
2537 2463 2614 2534 τῷ
2643 2462 2792 2531 ἱερῷ,
2841 2463 3093 2532 συνέχεον
3141 2463 3228 2516 ἐπ’
3273 2463 3436 2516 αύτὶν
3468 2465 3646 2518 πάντα
3697 2467 3794 2516 τὸν

2223 2554 2395 2622 ὄχλον,
2420 2553 2513 2606 καὶ
2539 2553 2802 2606 ἐπέϐαλον
2831 2554 2914 2605 ἐπ’
2937 2551 3097 2608 αὐτὸν
3120 2553 3216 2617 τὰς
3235 2556 3438 2624 χεῖρας,
3466 2553 3792 2625 κράζοντες·

2229 2645 2456 2715 Ἄνδρες
2503 2645 2851 2714 Ἰσραηλῖται,
2895 2644 3173 2714 βοηθεῖτε·
3207 2639 3361 2707 οὗτός
3417 2645 3564 2697 ἐστιν
3610 2647 3640 2696 6
3695 2646 3792 2699 άν-

2225 2735 2440 2805 θρωπος
2477 2737 2507 2787 6
2533 2735 2672 2788 κατὰ
2703 2735 2796 2788 τοῦ
2830 2735 2980 2800 λαοῦ,
3027 2735 3119 2788 καὶ
3167 2735 3260 2789 τοῦ
3305 2737 3488 2804 νόμου,
3551 2735 3644 2788 καὶ
3693 2735 3790 2788 τοῦ

2223 2825 2389 2877 τόπου
2420 2825 2631 2891 τούτου,
2674 2828 2882 2889 πάντας
2930 2827 3207 2896 πανταχοῦ
3267 2827 3570 2881 διδάσκωνσ
3618 2827 3698 2879 ἐτι
3725 2845 3790 2880 τε

2224 2919 2319 2972 καὶ
2355 2917 2616 2987 Ἕλληνας
2647 2921 2938 2989 εἰσήγαγεν
2959 2920 3038 2982 εἰς
3062 2920 3124 2972 τὺ
3167 2921 3328 2991 ἱερὸν,
3366 2920 3461 2974 καὶ
3494 2921 3791 2974 κεκοίνωκε

2224 3008 2314 3062 τὸν
2369 3008 2525 3075 ἄτιον
2562 3009 2725 3069 τόπον
2777 3009 2966 3062 τοῦτον
3013 3005 3174 3080 (ἦσαν
3211 3009 3320 3080 γὰρ
3375 3010 3788 3080 προεωρακότες

555 3102 782 3158 Paulus.
815 3069 1208 3174 Commo‘taque
1239 3115 1324 3159 est
1349 3069 1547 3161 civitas
1574 3115 1683 3158 tota
1720 3146 1734 3168 ,
1766 3115 1829 3182 et_
1860 3105 2001 3160 facta
2036 3120 2118 3164 est

2226 3069 2504 3168 Τρόφιμον
2559 3100 2648 3153 τὸν
2679 3100 2924 3168 Ἐφέσιον
2973 3069 3030 3153 ἐν
3058 3069 3126 3171 τῇ
3160 3069 3336 3154 mare
3385 3069 3482 3154 σῦν
3515 3069 3683 3170 αύτῷ,
3729 3069 3792 3154 ὃν

556 3194 851 3248 concursio
883 3195 1090 3263 populi.
1119 3196 1185 3248 Et
1229 3197 1705 3264 apprehendentes
1734 3196 1982 3261 Paulum,
2011 3207 2122 3252 tra-

557 3283 760 3338 hebant
788 3300 912 3338 ettm
933 3277 1096 3339 extra
1129 3286 1411 3354 templum,
1444 3295 1499 3341 et
1525 3288 1712 3342 statim
1763 3288 1964 3343 clausa:
1996 3300 2123 3344 sunt

553 3375 754 3446 januaa.
789 3374 1174 3442 Quaerentibus
1203 3386 1384 3431 autem
1441 3393 1563 3432 eum
1597 3378 1872 3444 occidere,
1902 3382 2122 3434 nuntia-

559 3477 671 3521 tum
710 3478 793 3522 est
846 3467 1066 3522 tribuno
1107 3468 1374 3533 cohortis,
1401 3470 1552 3540 "quia
1602 3478 1712 3524 tota
1770 3472 2124 3528 confunditur

557 3555 884 3613 Jerusalem.
922 3558 1024 3624 Qui
1056 3559 1265 3623 statim.
1289 3561 1586 3631 assumptis
1614 3563 1880 3619 militibus
1905 3575 1959 3620 et
1991 3582 2124 3621 cen-

561 3651 892 3717 turiOnibus,
927 3650 1175 3706 decurrit
1221 3652 1287 3706 ad
1340 3653 1484 3708 illos.
1542 3653 1644 3720 Qui
1703 3671 1826 3710 cum
1859 3658 2125 3714 vidissent

559 3741 837 3798 tribunum
888 3753 943 3800 et
993 3745 1211 3810 milites,
1251 3757 1606 3802 cessaverunt
1655 3757 1940 3818 percutere
1981 3751 2122 3806 Pau-

558 3833 693 3890 lum.

631 4125 787 4180 Tunc
828 4125 1093 4181 accedens
1150 4126 1410 4183 tribunus
1465 4128 1829 4198 apprehendit
1876 4147 2022 4195 cum,
2069 4139 2124 4187 et

557 4215 722 4282 iussit
756 4231 880 4270 eum
906 4215 1117 4288 alligari
1145 4218 1356 4273 catenis
1386 4217 1621 4284 duabus,
1650 4227 1704 4274 et
1751 4220 2124 4291 interrogabat

556 4305 681 4374 quis
758 4314 924 4368 esset,
1003 4317 1057 4360 et
1105 4305 1236 4375 quid
1283 4305 1522 4362 fecisset.
1588 4307 1694 4360 Alii
1742 4317 1922 4364 autem
1975 4312 2123 4366 aliud

2195 3208 2198 3210 τ
2226 3190 2474 3258 ἐνόμιζον
2513 3191 2595 3244 ὃτι
2627 3192 2707 3254 εἰς
2737 3192 2798 3245 τὸ
2830 3192 2972 3262 ἱερὸν
2988 3193 3282 3261 εἰσήγαγεν
3314 3195 3343 3246 6
3374 3192 3624 3256 Παῦλος).
3645 3193 3791 3246 Ἐκιο

2229 3279 2364 3351 νήθη
2386 3297 2443 3333 τε
2474 3283 2507 3351 ἡ
2533 3281 2684 3344 πόλις
2706 3283 2823 3353 ὅλη,
2855 3284 2948 3336 καὶ
2964 3283 3181 3352 ἐγένετο
3203 3284 3476 3354 συνδρομὴ
3510 3283 3602 3337 τοῦ
3623 3284 3750 3337 λαοῦ
3772 3301 3786 3314 ·

2230 3371 2324 3422 καὶ
2351 3371 2733 3443 ἐπιλαϐόμενοι
2763 3375 2859 3428 τοῦ
2891 3374 3125 3441 Παύλου,
3155 3371 3336 3429 εἷλκον
3366 3377 3528 3429 αὐτὸν
3559 3375 3662 3439 ἐξω
3695 3375 3788 3429 τοῦ

2233 3463 2380 3534 ίεροῦ
2406 3482 2418 3494 ·
2450 3465 2545 3519 καὶ
2571 3465 2772 3528 εὐθέως
2793 3467 3148 3537 ἐκλείσθησαν
3168 3469 3226 3521 αἰ
3260 3467 3442 3537 θύραι.
3478 3466 3790 3537 Ζητούντων

2225 3553 2282 3606 δέ
2321 3554 2485 3609 αὐτὸν
2507 3557 2848 3621 ἀποκτεῖναι,
2890 3558 3057 3628 ἀνέϐη
3095 3559 3261 3628 φάσις
3293 3558 3372 3627 τῷ
3397 3559 3662 3630 χιλιάρχῳ
3694 3561 3788 3628 τῆς

2227 3648 2478 3719 σπείρης,
2509 3650 2590 3702 ὅτι
2627 3649 2723 3721 ὅλη
2763 3651 3092 3722 συγκέχυται
3131 3654 3166 3724 ἡ
3203 3653 3587 3723 Ἰερουσαλήμ.
3611 3656 3709 3715 ’ος
3733 3652 3793 3717 ἐξ

2225 3739 2398 3808 αὐτῆς
2456 3740 2790 3811 παραλαϐὼν
2834 3744 3172 3814 στρατιώτας
3201 3746 3298 3797 καὶ
3342 3744 3792 3815 ἑκατοντάρχους,

2226 3832 2566 3904 κατέδραμεν
2589 3837 2678 3888 ἐπ’
2716 3835 2933 3897 αύτούς.
2964 3835 3027 3889 Oi
3060 3836 3138 3902 δὲ,
3173 3835 3373 3899 ἰδόντες
3394 3835 3486 3890 τὸν
3510 3834 3793 3906 χιλίαρχον

2225 3925 2320 3980 καὶ
2348 3927 2475 3991 τοὺς
2505 3927 3197 3999 στρατιώτας,¹ἐπαύσαντο
3217 3928 3510 3993 τύπτοντες
3533 3928 3625 3982 τὸν
3647 3928 3794 3984 Παῦο

2256 4035 2336 4074 ον.

2294 4128 2430 4195 Τότε
2481 4129 2707 4198 ἐγγίσας
2732 4131 2761 4183 6
2787 4129 3089 4201 χιλίαρχος,
3127 4129 3423 4184 ἐπελάϐετο
3466 4130 3654 4196 αὑτοῦ,
3697 4133 3790 4184 καὶ

2225 4217 2478 4270 ἐκέλευσε
2503 4219 2727 4290 δεθῆναι
2774 4220 2995 4275 ἁλύσεσι
3027 4221 3184 4274 δυσί·
3219 4222 3314 4275 καὶ
3360 4221 3686 4277 ἐπυνθάνετο
3707 4224 3788 4286 τίς

2227 4309 2292 4362 ἂν
2321 4309 2430 4380 εἴη,
2474 4312 2568 4364 καὶ
2604 4310 2658 4364 τί
2707 4314 2824 4366 ἐστι
2867 4313 3206 4381 πεποιηκώς.
3240 4314 3424 4367 Ἀλλοι
3455 4315 3511 4369 δὲ
3573 4315 3697 4369 ἄλλο
3735 4333 3786 4368 τι

557 4397 867 4453 clamabant
909 4397 964 4451 in
1020 4397 1200 4452 turba.
1253 4397 1316 4451 Et
1367 4414 1490 4454 cum
1538 4415 1648 4453 non
1697 4410 1881 4471 posset
1909 4412 2116 4458 certum

2225 4401 2536 4468 ἐπεφώνουν
2570 4402 2626 4455 ἐν
2648 4401 2725 4471 τῷ
2746 4402 2907 4473 δχλῳ.
2930 4405 3020 4474 Μὴ
3049 4404 3347 4475 δυναμένου
3378 4405 3435 4458 δὲ
3463 4405 3625 4460 αὐτοῦ
3657 4407 3786 4473 γνῶ-

556 4503 886 4559 rognoscere
968 4505 1081 4559 prae
1146 4489 1404 4556 tumultu,
1460 4491 1630 4561 jussit
1683 4493 1808 4548 duci
1855 4509 1981 4549 eum
2061 4495 2116 4549 in

555 4591 757 4637 castra.
814 4581 880 4637 Et
931 4597 1057 4637 cum
1123 4584 1364 4636 venisset
1419 4585 1484 4639 ad
1553 4586 1794 4656 gradus,
1851 4588 2117 4658 contigit,

559 4681 620 4726 ut
675 4681 986 4742 portaretur
1045 4686 1075 4726 a
1132 4672 1396 4728 militibus
1454 4685 1676 4746 propter
1731 4678 1839 4732 vim
1909 4680 2116 4750 populi.

559 4765 897 4834 Sequebatur
970 4765 1115 4820 enim
1181 4766 1470 4824 multitudo
1542 4769 1724 4839 populi
1818 4771 2118 4828 clamans:

559 4851 710 4908 'I‘olle
760 4870 905 4909 eum.
953 4855 1182 4913 Etcum
1244 4862 1502 4930 coepisset
1557 4863 1739 4919 induci
1799 4863 1853 4917 in
1915 4873 2119 4927 castra,

558 4947 759 5003 Paulus
801 4948 934 5004 dicit
973 4953 1192 5008 tribuno
1233 4972 1248 5008 :
1315 4957 1372 5011 Si
1442 4959 1566 5011 licet
1619 4959 1750 5012 mihi
1797 4960 1944 5027 loqui
2018 4957 2119 5010 ali-

556 5041 684 5110 quid
748 5044 811 5094 anl
861 5045 957 5099 te?
1011 5044 1114 5113 Qui
1153 5048 1291 5102 dixit
1331 5065 1345 5102 :
1382 5049 1569 5105 Graece
1609 5051 1796 5104 nosti?
1827 5051 2018 5105 Nonne
2063 5057 2120 5103 tu

557 5149 616 5188 cs
648 5133 960 5206 Aﬂgyptius,
993 5141 1084 5207 qui
1113 5150 1239 5194 ante
1266 5140 1368 5194 hos
1400 5141 1518 5196 dies
1545 5141 1838 5194 tumultum
1873 5141 2119 5195 concita-

558 5225 629 5280 sti
657 5238 709 5280 et
737 5228 972 5283 eduxisti
1007 5230 1059 5282 in
1090 5229 1366 5284 desertum
1398 5241 1638 5301 quatuor
1678 5233 1846 5285 millia
1877 5233 2118 5286 virorum

557 5313 928 5369 sicariorum?
964 5313 1030 5368 Et
1075 5316 1209 5369 dixit
1248 5318 1314 5371 ad
1347 5333 1470 5372 eum
1526 5319 1760 5374 Paulus:
1818 5318 1930 5390 Ego
1960 5319 2121 5374 homo

559 5419 680 5456 sum
731 5405 948 5473 quidem
1004 5405 1228 5463 Judzeus
1259 5425 1286 5462 a
1326 5408 1499 5464 Tarso
1527 5410 1754 5474 Ciliciae,
1788 5426 1894 5464 non
1924 5411 2122 5480 ignota:

559 5493 798 5546 civitatis
845 5496 1149 5568 municeps.
1194 5496 1344 5569 Rogo
1376 5507 1555 5554 autem
1604 5507 1678 5560 te,
1711 5499 1959 5568 permitte
1989 5500 2118 5554 mihi

561 5581 707 5651 loqui
740 5583 804 5637 ad
831 5586 1113 5656 populum.
1153 5587 1216 5641 Et
1243 5604 1364 5644 cum
1409 5589 1497 5644 ille
1530 5590 1888 5660 permisisset,
1923 5590 2121 5645 Paulus

564 5679 717 5726 stans
739 5673 790 5728 in
812 5677 1298 5747 gradibus,annuit
1323 5697 1483 5736 tuatui
1505 5681 1569 5737 ad
1599 5681 1808 5751 plcbcm
1831 5691 1882 5738 ct
1926 5697 2122 5753 magno

2223 4509 2312 4544 ναι
2367 4493 2428 4545 τὸ
2455 4493 2694 4563 άσφαλές
2733 4495 2820 4549 διά
2855 4497 2948 4551 τὸν
2983 4496 3230 4567 θόρυϐον,
3283 4499 3570 4553 ἐκέλευσεν
3626 4499 3787 4551 αὐτὸν

2218 4581 2248 4634 6
2278 4583 2552 4654 χιλίαρχος
2599 4585 2825 4654 άγεσθαι
2875 4587 2956 4650 εἰς
3013 4586 3116 4659 τὴν
3172 4587 3542 4660 παρεμϐολήν.
3572 4590 3699 4641 Ὀτε
3729 4588 3788 4640 δέ

2222 4675 2436 4740 ἐγένετο
2469 4677 2561 4730 ἐπὶ
2603 4677 2729 4741 τοὺς
2755 4679 3125 4750 άναϐαθμοὺς,
3181 4681 3377 4751 συνέϐη
3423 4680 3785 4750 βαστάζεσθαι

2221 4766 2382 4819 αὐτὸν
2410 4766 2513 4820 ὑπὸ
2541 4768 2650 4823 τῶν
2700 4770 3050 4840 στρατιωτῶν
3078 4769 3165 4822 διὰ
3192 4770 3290 4840 τὴν
3313 4769 3459 4838 βίαν
3486 4770 3580 4822 τοῦ
3607 4770 3782 4838 δχλου.

2233 4858 2529 4930 Ἦκολούθη
2574 4859 2684 4931 γὰρ
2730 4861 2791 4914 τὸ
2838 4861 3037 4930 πλῆθος
3087 4861 3181 4913 τοῦ
3239 4861 3408 4925 λαοῦ,
3450 4861 3785 4932 κράζοντεςο

2219 4943 2355 5020 Αἶρε
2383 4951 2564 5005 αὐτόν.
2601 4953 2828 5006 Μέλλων
2876 4971 2935 5006 τε
2959 4953 3274 5019 εἰσάγεσθαι
3327 4955 3407 5014 εἰς
3445 4953 3546 5023 τὴν
3573 4969 3785 5024 παρεμ-

2222 5041 2383 5112 ϐολὴν
2415 5045 2444 5096 6
2479 5041 2708 5110 Παῦλος,
2745 5044 2894 5112 λέγει
2927 5043 3006 5114 τῷ
3033 5043 3302 5113 χιλιάρχῳ
3326 5057 3340 5071 °
3385 5041 3448 5094 Εἰ
3487 5042 3664 5107 ἔξεστί
3697 5057 3785 5111 μοι

2225 5133 2400 5187 εἰπεῖν
2448 5151 2502 5187 τι
2553 5134 2691 5204 πρὸς
2747 5134 2848 5199 ei;
2891 5135 2949 5186 Ὀ
2981 5133 3040 5187 δὲ
3088 5133 3234 5203 ἔφη·
3280 5132 3582 5202 Ἑλληνιστὶ
3625 5133 3790 5200 γινώ-

2224 5239 2409 5289 σκεις;
2436 5224 2550 5277 Ούκ
2568 5223 2678 5295 ἄρα
2712 5226 2776 5277 σὺ
2802 5220 2853 5277 εἴ
2887 5226 2916 5278 6
2943 5223 3236 5292 Αἰγύπτιος
3257 5225 3286 5276 6
3315 5224 3423 5295 πρὸ
3456 5223 3656 5276 τούτων
3679 5223 3790 5275 τῶν

2220 5315 2442 5386 ἡμερῶν
2473 5313 2876 5380 ἀναστατώσας,
2908 5319 3000 5368 καὶ
3035 5316 3319 5385 ἐξαγαγὼν
3349 5318 3426 5378 εἰς
3453 5316 3550 5384 τὴν
3579 5315 3787 5384 ἔρημον

2223 5407 2351 5469 τοὺς
2401 5407 2868 5476 τετρακισχιλίους
2916 5407 3118 5477 ἄνδρας
3168 5407 3276 5458 τῶν
3305 5407 3606 5476 σικαρίων;
3650 5401 3790 5456 Eius

2221 5498 2280 5550 δέ
2331 5499 2359 5550 6
2417 5497 2668 5562 Παῦλοςο
2715 5497 2858 5566 Ἐγὼ
2907 5497 3191 5567 ἄνθρωπος
3239 5497 3338 5567 μέν
3387 5499 3502 5566 εἰμι
3535 5495 3788 5558 Ἰουδαῖος

2224 5591 2469 5660 Ταρσεὺς
2489 5589 2589 5661 τῆς
2621 5590 2894 5653 Κιλικῖας,
2925 5589 3024 5640 οὐκ
3056 5589 3272 5658 ἀσήμου
3305 5588 3509 5650 πόλεως
3541 5586 3789 5654 πολίτης.

2227 5681 2428 5752 Δέομαι
2451 5681 2508 5734 δέ
2543 5699 2656 5748 σου,
2681 5679 2971 5752 ἐπίτρεψόν
2993 5697 3084 5750 μοι
3107 5679 3340 5749 λαλῆσαι
3369 5677 3501 5748 πρὸς
3526 5678 3618 5732 τὸν
3637 5675 3789 5730 λαόν.
