4058 6210
331 300 469 366 1025
960 306 1496 374 EXPOSITIONIS
1521 313 1604 375 IN
1644 315 1832 375 ACTA
1870 316 2170 376 TEXTUS
2197 317 2462 378 ALTER.
2497 342 2563 352 --
2590 318 2747 378 CAP.
2778 319 2968 384 XXII.
3415 319 3552 387 1026

339 414 762 488 Ἐπιτρέψαντος
789 414 847 470 δὲ
879 415 1067 482 αὑτοῦ,
1121 421 1150 471 δ
1184 419 1394 485 Παῦλος
1451 424 1622 487 ἑστὼς
1652 426 1745 478 ἐπὶ
1783 426 1890 479 τῶν

1995 426 2215 482 εἱὲειιιίο
2265 428 2428 492 iacto,
2483 429 2752 485 allocutus
2801 442 2887 486 est
2940 431 3121 501 lingua
3175 429 3420 503 llebraaa,
3479 439 3564 494 di-

327 507 681 578 ἀναϐαθμῶν,
727 508 1012 562 κατέσεισε
1043 513 1110 580 τῇ
1146 515 1290 583 χειρὶ
1329 513 1408 581 τῷ
1433 514 1567 584 λαῷ.
1601 516 1810 587 Πολλῆς
1833 517 1891 571 δὲ

330 599 487 666 σιγῆς
522 596 840 667 γενομένης,
885 600 1277 669 προσεφώνησε
1305 603 1371 672 τῇ
1416 601 1656 674 Ἐϐραΐδι
1708 603 1890 659 διαλέ·

330 705 459 756 κτῳ.
492 687 687 756 λέγων.

327 779 571 832 Παύλου
621 777 990 843 κατάστασις
1045 779 1177 847 περὶ
1231 769 1444 847 αὐτοῦ,
1502 782 1600 837 καί
1652 783 1764 852 τῆς
1803 786 1892 851 εις

651 871 1002 924 ἀπόστολον
1037 871 1223 926 αὐτοῦ
1261 873 1558 942 κλήσεως.

402 959 631 1030 ’Ἄνδρες
654 960 872 1029 ἀδελφοὶ
905 961 998 1013 καὶ
1034 964 1289 1030 πατέρες,
1344 963 1614 1018 ἀκούσατέ
1661 982 1762 1034 μου
1793 966 1891 1035 τῆς

327 1046 464 1115 πρὸς
511 1047 657 1116 ὑμᾶς
690 1047 808 1100 νυνὶ
864 1048 1158 1115 ἀπολογίας
1182 1051 1540 1120 (ἀκούσαντες
1595 1053 1654 1106 δὲ
1705 1057 1789 1108 δτι
1821 1058 1886 1127 τῇ

339 1136 578 1205 Ἐϐραΐδι
609 1135 871 1206 διαλέκτῳ
923 1138 1262 1207 προσεφώνει
1292 1141 1498 1207 αὐτοῖς,
1525 1144 1723 1212 μᾶλλον
1747 1162 1891 1216 παρ-

327 1230 471 1296 εῖχον
518 1228 768 1298 ἡσυχίαν.
841 1229 948 1282 Καί
1000 1235 1186 1306 φησιν)
1216 1251 1229 1266 ο
1275 1235 1417 1302 Ἐγὼ
1453 1237 1553 1306 μέν
1592 1238 1706 1306 είμι
1753 1239 1891 1309 ἀνὴρ

340 1318 616 1386 Ἰουδαῖος,
659 1323 1057 1392 γεγεννημένος
1105 1327 1163 1379 ὲν
1220 1325 1423 1398 Ταρσῷ
1463 1329 1564 1398 τῆς
1614 1331 1889 1396 Κιλικίας,

329 1409 814 1480 ἀνατεθραμμένος
842 1413 895 1465 δὲ
943 1415 1002 1466 έν
1043 1418 1106 1486 τῇ
1166 1417 1320 1470 πόλει
1371 1418 1541 1489 ταύτῃ
1575 1420 1728 1490 παρὰ
1763 1423 1892 1486 τοὺς

330 1498 498 1561 πόδας
525 1498 830 1571 Γαμαλιήλ,
864 1503 1296 1575 πεπαιδευμένος
1325 1508 1468 1562 κατὰ
1488 1511 1772 1579 ἀκρίϐειαν
1796 1512 1893 1565 τοῦ

331 1587 586 1660 πατρῴου
619 1590 805 1659 νόμου,
832 1591 1082 1664 ζηλωτὴς
1113 1596 1373 1668 ὑπάρχων
1395 1599 1488 1652 τοῦ
1519 1600 1677 1664 Θεοῦ,
1711 1603 1890 1666 καθὼς

329 1682 531 1745 πάντες
582 1682 740 1752 ὑμεῖς
791 1684 911 1738 ἐστε
953 1688 1213 1757 σήμερον.
1244 1690 1342 1752 Ὃς
1388 1689 1596 1761 ταύτην
1627 1691 1729 1761 τὴν
1777 1693 1894 1746 ὁδὸν

2001 531 2151 571 ('(EIIS.

2035 786 2195 842 Pauli
2222 791 2462 844 narratio
2498 792 2560 845 de
2591 792 2782 861 scipio,
2822 808 3023 864 suaque
3059 792 3129 847 ad
3178 795 3530 862 apostolalam

2644 885 2927 939 vocatione.

2069 970 2236 1039 XXlI,
2263 974 2414 1028 i-il.
2441 974 2554 1030 Viri
2577 973 2771 1031 fratres
2803 985 2853 1032 et
2874 985 3075 1046 patres,
3099 979 3282 1034 audite
3309 995 3472 1049 quam
3499 982 3565 1035 ad

1998 1080 2096 1119 vos
2124 1065 2290 1119 reddo
2306 1065 2594 1120 rationem.
2613 1067 2749 1122 Cum
2785 1069 3066 1126 audissent
3084 1080 3288 1134 autem,
3313 1072 3439 1142 quia
3463 1071 3567 1125 Hc-

1999 1154 2140 1208 braea
2159 1155 2337 1225 lingua
2351 1157 2737 1226 loquereturad
2755 1159 2898 1225 illos,
2919 1161 3092 1230 magis
3112 1161 3568 1230 praestiteruntjsi-

1999 1245 2248 1301 lentimn.
2297 1245 2360 1301 Et
2393 1247 2526 1302 dicit
2561 1265 2576 1301 :
2630 1247 2740 1318 Ego
2780 1266 2900 1304 sum
2937 1253 3014 1304 vir
3044 1249 3289 1315 Iudaeus,
3322 1262 3483 1304 natus
3509 1251 3564 1305 in

2000 1337 2173 1392 Tarso
2195 1337 2419 1404 Cilieim,
2456 1339 2696 1395 nutritus
2717 1350 2896 1395 autem
2924 1342 2976 1396 in
3007 1343 3109 1397 ista
3143 1345 3380 1409 civitate,
3407 1357 3566 1399 secus

1999 1429 2162 1498 pedes
2206 1430 2490 1494 Gamaliel,
2525 1431 2773 1486 eruditus
2801 1433 2955 1500 juxta
2984 1434 3266 1488 veritatem
3319 1445 3562 1504 paterna:

2001 1519 2154 1590 legis,
2209 1521 2492 1575 aemulator
2546 1522 2702 1592 legis,
2737 1523 2879 1578 sicut
2916 1530 2968 1577 et
3013 1523 3175 1594 296
3223 1539 3323 1581 vos
3375 1541 3565 1581 omnes

2001 1611 2136 1666 estis
2167 1611 2363 1666 hodie:
2401 1613 2495 1682 qui
2531 1612 2672 1666 hanc
2707 1615 2845 1667 viam
2878 1627 3201 1683 persecutus
3237 1631 3357 1670 sum
3386 1631 3564 1687 usque

2000 1703 2064 1756 ad
2091 1710 2343 1766 mortem,
2375 1705 2604 1772 alligans
2635 1711 2690 1759 et
2719 1705 2937 1760 tradens
2984 1706 3037 1760 in
3087 1707 3370 1760 custodias
3415 1709 3563 1762 viros

329 1771 524 1838 ἐδίωξα
574 1773 700 1844 ἄχρι
730 1775 987 1842 Θανάτου,
1013 1779 1294 1849 δεσμεύων
1327 1781 1420 1834 καὶ
1454 1783 1780 1852 παραδιδοὺς
1814 1787 1890 1848 εἰς

1996 1809 2058 1847 ac
2094 1795 2385 1861 mulieres;
2421 1797 2563 1850 sicut
2590 1796 2848 1864 princeps
2873 1794 3220 1850 sacerdotum
3261 1797 3392 1849 mihi
3415 1798 3566 1851 testi-

330 1860 574 1928 φυλακὰς
589 1863 787 1932 ἄνδρας
815 1881 873 1917 τε
894 1866 987 1918 καὶ
1016 1870 1297 1934 γυναῖκας,
1325 1869 1402 1932 ώς
1424 1871 1516 1923 καὶ
1547 1874 1575 1923 ὁ
1603 1873 1894 1942 ἀρχιερεὺς

333 1957 601 2023 μαρτνρεί
623 1970 712 2022 μοι
753 1955 847 2006 καὶ
881 1957 987 2010 πᾶν
1008 1957 1070 2010 τὸ
1095 1958 1514 2030 πρεσϐυτέριον
1542 1964 1672 2032 παρ’
1701 1957 1776 2016 ὦν
1801 1965 1894 2016 καὶ

329 2041 616 2104 ἐπιστολὰς
661 2042 954 2113 δεξάμενος
998 2047 1140 2117 πρὸς
1188 2050 1312 2112 τοὺς
1343 2051 1627 2122 ἀδελφοὺς,
1674 2054 1754 2116 είς
1784 2057 1893 2107 Δα-

333 2133 542 2198 μασκὸν
588 2135 953 2208 ἐπορευόμην,
981 2137 1126 2202 ἄξων
1173 2141 1269 2194 καὶ
1323 2144 1452 2207 τοὺς
1502 2145 1685 2198 ἐκεῖσε
1729 2145 1891 2209 ὄντας

327 2223 640 2293 δεδεμένους
665 2228 744 2289 είς
779 2225 1152 2301 Ἰερουσαλὴμ,
1182 2231 1269 2285 ἵνα
1300 2234 1708 2305 τιμωρηθῶσιν.
1739 2236 1892 2304 Ἐγέ-

328 2333 449 2368 νετο
482 2317 539 2368 δέ
573 2335 664 2387 μοι
683 2321 1056 2392 πορευομένῳ,
1091 2325 1184 2377 καὶ
1213 2325 1484 2394 ἐγγίζοντι
1513 2329 1580 2397 τῇ
1613 2328 1891 2400 Δαμασκῷ

327 2411 453 2477 περὶ
493 2409 862 2482 μεσημϐρίαν,
897 2413 1153 2484 ἐξαίφνης
1203 2417 1268 2468 ὲκ
1308 2416 1402 2470 τοῦ
1451 2418 1682 2486 οὐρανοῦ
1738 2436 1894 2489 περι-

327 2499 604 2570 αστράψαι
627 2501 741 2569 φῶς
767 2502 947 2556 ἱκανὸν
972 2505 1100 2572 περὶ
1125 2506 1467 2574 ἐμέ.¹Ἐπεσά
1489 2523 1550 2560 τε
1575 2509 1656 2570 είς
1692 2508 1753 2562 τὸ
1779 2509 1895 2564 ἔδα-

326 2607 444 2658 φος,
464 2593 557 2643 καὶ
585 2593 795 2664 ηκουσα
816 2593 998 2664 φωνῆς
1019 2595 1282 2667 λεγούσης
1322 2613 1445 2666 μοι’
1477 2599 1668 2663 Σαοὺλ,
1693 2601 1889 2663 Σαοὺλ,

324 2685 378 2735 τί
415 2700 482 2753 με
513 2683 762 2751 διώκειςς
810 2685 951 2755 Ἐγὼ
979 2688 1035 2742 δὲ
1083 2689 1419 2759 ἀπεκρίθην
1445 2691 1540 2752 Τίς
1575 2685 1645 2756 εἷ,
1686 2691 1887 2762 Κύριες

329 2772 460 2828 Είπέ
497 2793 556 2828 τε
593 2778 728 2846 πρός
755 2795 821 2848 με
846 2797 860 2809 ο
905 2778 1044 2849 Ἐγώ
1086 2783 1202 2851 εἰμι
1244 2780 1501 2852 Ἰησοῦςδ
1546 2781 1887 2853 Ναζωραῖος,

323 2871 381 2922 δν
420 2871 485 2923 σὺ
527 2867 763 2933 διώκεις.
797 2871 860 2923 Οἱ
887 2871 943 2925 δὲ
997 2873 1095 2925 σὺν
1149 2875 1272 2944 ἐμοὶ
1319 2873 1473 2937 ὄντες
1528 2875 1588 2928 τὸ
1641 2875 1741 2946 μὲν
1775 2876 1890 2944 φῶς

324 2958 635 3022 ἐθεάσαντο,
659 2961 757 3013 καὶ
786 2960 1016 3030 ἔμφοϐοι
1055 2962 1305 3030 ἐγένοντο
1327 3002 1342 3028 ,
1374 2966 1472 3033 τὴν
1501 2964 1557 3017 δὲ
1579 2965 1763 3035 φωνὴν
1791 2967 1891 3020 οὐκ

322 3051 562 3120 ἡκουσαν
591 3051 684 3104 τοῦ
742 3052 1030 3117 λαλοῦντός
1066 3071 1172 3124 μοι.
1215 3051 1380 3114 Εἶπον
1413 3055 1503 3109 δέ’
1547 3057 1612 3109 Τί
1650 3058 1884 3127 ποιήσω,

1997 1885 2241 1939 monium
2279 1887 2476 1948 reddit,
2499 1895 2553 1940 et
2579 1900 2767 1940 omnes
2815 1886 3050 1955 majores
3094 1896 3266 1954 natu;
3300 1901 3329 1941 a
3361 1888 3564 1958 quibus

1994 1981 2050 2029 et
2086 1975 2352 2047 epistolas
2390 1976 2670 2046 accipiens
2698 1973 2764 2029 ad
2798 1975 2994 2032 fratres
3029 1974 3356 2032 Damascum
3383 1993 3566 2048 perge-

1993 2067 2140 2131 bam,
2171 2077 2230 2121 ut
2275 2067 2605 2122 adducerem
2652 2068 2779 2122 inde
2825 2069 3041 2125 vinctos
3069 2069 3122 2123 in
3167 2069 3471 2124 Jerusalem
3505 2078 3564 2123 ut

1991 2159 2340 2229 punirentur.
2368 2157 2594 2212 Factum
2644 2166 2730 2212 est
2770 2168 2973 2224 autem,
3007 2171 3173 2214 eunte
3219 2175 3325 2224 me,
3363 2169 3416 2214 et
3468 2175 3566 2229 ap-

1995 2250 2402 2320 propinquante
2429 2247 2692 2302 Damasco
2725 2247 2901 2301 media
2927 2247 3036 2312 die,
3075 2248 3262 2302 subito
3305 2248 3371 2303 de
3421 2248 3564 2302 cmlo

1992 2338 2356 2394 circumfulsit
2386 2353 2471 2392 me
2500 2339 2592 2391 lux
2621 2338 2875 2406 capiosa:
2907 2345 2962 2392 et
2981 2338 3241 2394 decidens
3264 2339 3317 2391 in
3337 2348 3561 2402 terram,

1993 2429 2174 2484 audivi
2221 2443 2406 2482 vocem
2442 2427 2714 2483 dicentem
2771 2428 2943 2482 mihi:
2987 2427 3173 2492 Sable,
3211 2427 3396 2491 Saule,
3429 2428 3561 2496 quid

1995 2538 2077 2575 me
2121 2521 2510 2591 persequeris?
2555 2521 2664 2590 Ego
2713 2529 2890 2574 autem
2954 2519 3249 2588 respondi:
3296 2519 3428 2586 Quis
3481 2527 3565 2573 est

1996 2608 2253 2665 Domine?
2280 2611 2532 2680 Dixitque
2561 2610 2630 2664 ad
2659 2625 2746 2665 me
2771 2629 2784 2665 :
2823 2612 2935 2680 Ego
2957 2626 3075 2666 smn
3121 2610 3286 2667 Jesus
3325 2609 3566 2664 Nazare-

1993 2715 2119 2766 nus,
2159 2717 2321 2770 quem
2379 2710 2433 2755 tu
2479 2701 2846 2771 persequeris.
2882 2700 2950 2755 Et
2998 2701 3089 2771 qui
3131 2715 3344 2756 mecum
3384 2709 3561 2767 erant,

1992 2791 2174 2846 lumen
2198 2793 2416 2862 quidem
2466 2791 2736 2858 viderunt,
2770 2806 2958 2849 vocem
3009 2802 3184 2847 autem
3234 2807 3341 2848 non
3372 2791 3564 2846 audie-

1991 2893 2119 2936 runt
2149 2885 2267 2952 ejus
2302 2884 2393 2953 qui
2428 2884 2753 2952 loquebatur
2781 2899 3013 2939 mecum.
3046 2884 3111 2937 Et
3141 2883 3286 2937 dixi:
3312 2881 3455 2949 Quid
3483 2881 3562 2935 fa-

1994 2975 2157 3039 ciam,
2188 2974 2418 3029 Domine
2446 2976 2468 3028 ?
2503 2976 2765 3030 Dominus
2787 2981 2969 3029 autem
2998 2973 3136 3029 dixit
3163 2973 3231 3027 ad
3264 2988 3348 3026 me
3375 2991 3389 3026 :
3433 2971 3564 3028 Sur-

1997 3081 2150 3136 gens,
2195 3067 2329 3121 vade
2370 3066 2716 3132 Damascum,
2743 3075 2798 3121 et
2829 3067 2900 3120 ibi
2929 3065 3024 3120 tibi
3059 3065 3270 3120 dicetur
3293 3063 3360 3119 de
3387 3063 3565 3118 omni-

326 3141 531 3208 Ktipie;
571 3141 629 3193 '0
675 3141 732 3194 δὲ
789 3143 989 3214 Κύριος
1019 3139 1140 3196 εἶπε
1177 3145 1314 3214 πρός
1355 3163 1422 3215 με
1446 3159 1464 3178 ο
1511 3146 1772 3209 Ἀναστὰς
1797 3165 1890 3200 πο-

1997 3158 2100 3210 bus
2131 3173 2251 3226 quae
2284 3165 2335 3211 te
2359 3167 2606 3225 oporteat
2636 3157 2838 3211 facere.
2892 3157 2958 3210 Et
3000 3170 3125 3209 cum
3184 3169 3294 3208 non
3327 3154 3562 3206 viderent

326 3233 483 3303 ρεύου
543 3236 622 3294 είς
659 3235 968 3303 Δαμασκὸν,
1002 3237 1166 3287 κάκεῖ
1228 3252 1310 3288 σοι
1340 3235 1705 3307 λαληθήσεται
1759 3238 1888 3308 περὶ

323 3327 537 3379 πάντων
571 3319 646 3379 ὧν
677 3325 949 3392 ζτέτακταί
1003 3343 1084 3379 σοι
1115 3326 1356 3396 ποιῆσαι.
1398 3327 1487 3390 Ὠς
1517 3328 1573 3380 δὲ
1631 3330 1733 3382 οῦκ
1789 3331 1888 3383 ἀν-

1995 3265 2107 3320 prae
2136 3249 2382 3302 claritate
2413 3249 2636 3301 luminis
2667 3248 2835 3310 illius,
2890 3247 2958 3302 ad
2990 3261 3212 3300 manum
3242 3245 3506 3301 deductus
3534 3258 3564 3296 a

1998 3337 2311 3398 comitibus,
2345 3338 2464 3390 veni
2496 3335 2844 3390 Damascum.

319 3417 546 3471 έϐλεπον
582 3417 690 3470 ἀπὸ
724 3418 820 3486 τῆς
849 3415 1003 3486 δόξης
1033 3416 1126 3469 τοῦ
1155 3417 1331 3484 φωτὸς
1365 3417 1594 3482 ἐκείνου,
1631 3423 2133 3495 χειραγωγούμενος
2193 3425 2297 3478 ὑπὸ
2334 3425 2441 3478 τῶν
2505 3425 2770 3479 συνόντων
2835 3441 2948 3494 μοι,
3017 3419 3181 3495 ἦλθον
3251 3423 3333 3486 είς
3377 3423 3564 3492 Δαμα-

323 3515 472 3568 σκόν.

322 3607 461 3674 Περὶ
485 3599 574 3659 ὧν
595 3605 710 3674 ἔφη
739 3607 772 3658 ό
800 3606 1080 3669 Ἀνανίας
1099 3603 1250 3672 πρὸς
1281 3603 1390 3659 τὸν
1416 3606 1660 3662 Παῦλον
1690 3608 1760 3661 ἐν
1787 3610 1897 3664 Δα-

386 3698 604 3766 μασκῷ
622 3714 636 3728 ο
662 3697 957 3762 ὀπτασίας
975 3713 1037 3750 τε
1054 3698 1148 3750 καὶ
1173 3697 1380 3766 φωνῆς
1402 3699 1550 3753 Θεοῦ
1570 3701 1896 3768 γενομένης

389 3788 460 3840 ἐν
513 3785 593 3850 τῷ
624 3786 795 3854 ίερῷ·
845 3786 946 3842 καὶ
991 3787 1080 3839 ὅτι
1131 3787 1377 3855 μέλλων
1427 3792 1461 3842 ὁ
1503 3790 1746 3857 Παῦλος
1795 3791 1896 3845 ἐπὶ

393 3879 627 3943 τούτοις
673 3877 1022 3942 τύπτεσθαι,
1063 3877 1248 3930 εἰπὼν
1303 3879 1392 3932 ὄτι
1434 3879 1716 3949 Ῥωμαῖός
1753 3885 1891 3951 ειμι,

391 3970 427 4022 ἀ
437 3970 574 4037 ι’ἐθη
583 4008 598 4022 .

406 4060 655 4124 Ἀνανίας
703 4061 760 4114 δέ
787 4078 889 4126 τις,
922 4061 1060 4132 ἀνὴρ
1111 4060 1342 4128 εὐλαϐὴς
1371 4062 1514 4116 κατὰ
1562 4062 1653 4116 τὸν
1700 4065 1885 4135 νόμον,

1995 3607 2070 3662 De
2111 3609 2177 3661 iis
2197 3623 2315 3677 qua:
2345 3607 2595 3661 Damasci
2620 3607 2857 3661 Ananiae
2899 3605 2970 3658 ad
3011 3605 3240 3660 Paulum
3265 3607 3439 3672 dixit;
3473 3608 3566 3662 de-

2063 3715 2160 3769 que
2186 3700 2382 3752 visione
2407 3708 2456 3752 et
2490 3713 2610 3752 voce
2641 3699 2734 3751 Dei
2781 3697 2925 3764 facta
2968 3696 3024 3749 in
3070 3696 3260 3765 templo
3289 3713 3308 3751 :
3340 3709 3386 3749 et
3429 3713 3560 3767 quo-

2059 3790 2211 3845 modo
2231 3789 2460 3858 jamjam
2515 3789 2577 3841 ob
2609 3789 2720 3841 hwc
2775 3787 3154 3854 verberandus,
3181 3788 3270 3840 ubi
3288 3804 3342 3842 se
3373 3787 3565 3842 Roma-

2063 3899 2186 3937 num
2219 3883 2377 3949 dixit,
2411 3883 2664 3935 liberatus
2686 3881 2777 3933 sit.

2065 4057 2230 4122 XXII,
2257 4055 2434 4111 I2-22.
2458 4057 2696 4109 Anamas
2713 4061 2890 4108 autem
2905 4052 3146 4124 quidam,
3164 4054 3244 4107 vir
3261 4053 3562 4109 secundum

327 4154 771 4226 μαρτυρούμενος
815 4153 921 4206 ὑπὸ
974 4156 1195 4208 πάντων
1229 4154 1340 4205 τῶν
1373 4155 1774 4208 κατοικούντων
1827 4158 1888 4208 ὲν

1994 4153 2161 4222 legem
2196 4149 2564 4205 testimonium
2594 4147 2800 4202 habens
2830 4147 2896 4200 ab
2913 4146 3169 4201 omnibus
3202 4146 3564 4223 cohabitanti-

322 4247 600 4316 Δαμασκῷ
640 4245 936 4314 Ἰουδαίων,
994 4245 1164 4300 ἐλθὼν
1194 4246 1330 4317 πρός
1365 4264 1454 4317 με,
1490 4249 1588 4302 καὶ
1637 4250 1884 4314 ἐπιστὰς,

1994 4243 2094 4298 bus
2109 4241 2330 4303 Judazis,
2344 4240 2569 4294 veniens
2592 4240 2657 4290 ad
2686 4253 2770 4292 me
2785 4246 2838 4291 et
2852 4245 3038 4291 astans
3057 4237 3193 4290 dixit
3210 4237 3338 4290 mihi
3362 4253 3377 4290 :
3400 4235 3564 4291 Saule

325 4332 446 4388 εῐπέ
479 4354 570 4406 μοι
590 4353 604 4368 °
648 4337 820 4390 Σαοὺλ
845 4336 1062 4405 άδελφὲ,
1092 4337 1414 4407 ἀνάϐλεψον.
1451 4338 1621 4406 Καγὼ
1646 4339 1786 4410 αὐτῇ
1818 4341 1884 4410 τῇ

1994 4334 2182 4397 frater,
2209 4332 2444 4402 respice.
2479 4330 2543 4384 Et
2569 4346 2670 4400 ego
2701 4331 2890 4384 eadem
2919 4331 3050 4383 liora
3082 4331 3294 4398 respexi
3325 4329 3380 4382 in
3413 4343 3560 4382 eum.

322 4425 442 4497 ὥρᾳ
470 4425 742 4494 ἀνέϐλεψα
770 4426 850 4490 εἰς
877 4427 1065 4480 αὐτόν.
1111 4427 1168 4480 '0
1212 4425 1268 4480 δὲ
1292 4421 1448 4479 εἶπεν
1471 4441 1486 4456 ·
1533 4429 1592 4480 '0
1614 4428 1748 4491 θεὸς
1779 4428 1888 4480 τῶν

1994 4423 2179 4477 Atille
2206 4422 2374 4476 dixit:
2419 4420 2564 4475 Deus
2607 4427 2822 4490 patrum
2853 4427 3171 4473 nostrorum
3226 4419 3564 4488 praeordina-

323 4517 576 4588 πατέρων
625 4517 780 4586 ἡμῶν
812 4517 1224 4587 προεχειρίσατό
1265 4533 1323 4569 σε
1353 4517 1556 4585 γνῶναι
1582 4519 1640 4572 τὸ
1676 4519 1890 4590 θέλημα

1996 4516 2095 4581 vit,
2133 4526 2192 4569 ut
2229 4527 2590 4584 cognosceres
2643 4510 2976 4565 voluntatem
3031 4508 3174 4580 ejus,
3232 4517 3288 4563 et
3338 4509 3562 4590 ~videres

323 4606 509 4673 αὐτοῦ,
541 4606 632 4660 καὶ
662 4606 789 4659 ἰδεῖν
834 4607 926 4659 τὸν
963 4607 1193 4673 δίκαιον,
1216 4609 1311 4662 καὶ¹
1347 4608 1583 4662 ἀκοῦσαι
1616 4609 1802 4680 φωνὴν
1830 4611 1890 4664 ὲκ

1994 4607 2222 4676 justum,
2256 4611 2310 4659 et
2349 4603 2570 4658 audires
2623 4615 2812 4656 vocem
2864 4615 2932 4656 ex
2977 4614 3072 4655 ore
3101 4601 3264 4669 ejus;
3293 4602 3418 4671 quia
3453 4600 3563 4656 eris

325 4692 421 4746 τοῦ
452 4694 722 4764 στόματος
766 4692 969 4746 αὐτοῦ’
1024 4692 1106 4747 ὅτι
1154 4694 1252 4766 ἐστι
1286 4696 1494 4766 μάρτυς
1539 4697 1705 4751 αὐτοῦ
1758 4699 1890 4768 πρὸς

1997 4698 2152 4753 testis
2182 4697 2331 4751 illius
2360 4696 2426 4749 ad
2461 4708 2652 4748 omnes
2685 4694 2935 4747 homines
2981 4707 3196 4758 eorum,
3226 4708 3348 4763 qua:
3377 4692 3559 4748 vidisti

326 4785 536 4846 πάντας
564 4785 912 4856 ἀνθρώπους,
967 4778 1043 4839 ὧν
1078 4785 1329 4856 ἑώρακας
1363 4789 1456 4841 καὶ
1498 4789 1757 4859 ἤκουσας.
1784 4791 1895 4844 Καὶ

326 4875 424 4928 νῦν
456 4876 510 4927 τί
551 4877 801 4946 μέλλεις;
829 4877 1094 4942 Ἀναστὰς
1144 4877 1403 4948 βάπτισαι
1445 4882 1539 4934 καὶ
1595 4882 1891 4935 ἀπόλουσαι

326 4964 425 5026 τὰς
456 4964 728 5034 ἁμαρτίας
751 4982 866 5029 σου,
898 4965 1364 5034 ἐπικαλεσάμενος
1409 4966 1470 5019 τὸ
1495 4966 1667 5035 ὄνομα
1701 4967 1888 5023 αὐτοῦ.

343 5054 586 5120 Ἐγένετο
627 5055 684 5106 δέ
717 5071 809 5124 μοι
839 5055 1237 5126 ὑποστρέφοντι
1264 5057 1344 5119 εἰς
1385 5055 1766 5128 Ἰερουσαλὴμ,
1798 5059 1892 5112 καὶ

324 5146 748 5215 προσευχομένῳ
789 5162 877 5214 μοι
936 5148 994 5199 ὲν
1021 5145 1100 5215 τῷ
1142 5147 1292 5218 ἱερῷ,
1335 5148 1588 5215 γενέσθαι
1616 5166 1682 5218 με
1719 5150 1778 5202 ὲν
1802 5152 1893 5203 ὲκ-

330 5238 539 5299 στάσει,
583 5239 678 5289 καὶ
724 5238 851 5290 ἰδεῖν
896 5238 1057 5292 αὐτὸν
1080 5239 1308 5307 λέγοντά
1360 5257 1449 5310 μοι
1474 5255 1491 5272 ο
1522 5241 1765 5294 Σπεῦσον
1799 5241 1892 5293 καὶ⁵

326 5329 510 5394 ἔξελθε
544 5331 602 5382 ὲν
635 5330 790 5400 τάχει
826 5330 887 5394 ἐξ
925 5330 1282 5402 Ἰερουσαλήμ
1306 5347 1319 5362 ⁸
1356 5331 1490 5386 διότι
1541 5333 1602 5385 οὐ
1658 5333 1894 5403 παραδέ-

328 5421 507 5486 ξονταί
534 5439 626 5473 σου
655 5422 754 5490 τὴν
788 5421 1102 5491 μαρτυρίαν
1130 5423 1257 5493 περὶ
1292 5422 1449 5492 ἐμοῦ.
1484 5423 1654 5493 Κάγὼ
1705 5420 1888 5478 εἷπον·

328 5514 522 5586 Κύριε,
552 5516 703 5568 αὐτοὶ
743 5517 1060 5568 ἐπίστανται
1105 5514 1190 5567 ὅτι
1240 5515 1350 5585 ἐγὼ
1379 5517 1528 5587 ήμην
1576 5516 1891 5585 φυλακίζων

328 5607 424 5660 καὶ
467 5607 641 5677 δέρων
686 5605 827 5661 κατὰ
873 5604 973 5669 τὰς
1013 5605 1334 5675 συναγωγὰς
1379 5608 1504 5671 τοὺς
1533 5607 1888 5670 πιστεύοντας

327 5701 420 5752 ἐπὶ
448 5700 548 5752 σέ·
604 5700 701 5755 καὶ
759 5702 846 5755 ὅτε
877 5699 1156 5772 ὲξεχύνετο
1198 5701 1260 5756 τὸ
1310 5695 1451 5772 αἷμα
1491 5702 1764 5770 Στεφάνου
1792 5700 1885 5756 τοῦ

1993 4796 2049 4842 et
2082 4787 2305 4842 audisti.
2334 4786 2402 4839 Et
2430 4801 2575 4840 nunc
2610 4783 2742 4854 quid
2774 4784 3006 4839 moraris
3032 4784 3056 4836 ?
3085 4782 3352 4854 Exsurge,
3383 4793 3436 4840 et
3465 4785 3564 4838 ba-

1992 4878 2222 4948 ptizare,
2270 4885 2325 4931 et
2383 4876 2541 4930 ablue
2597 4885 2822 4942 peccata
2871 4882 2986 4937 tua,
3036 4873 3291 4928 invocato
3343 4875 3564 4929 nomine

1995 4970 2189 5040 ipsius.
2233 4966 2459 5022 Factum
2493 4975 2578 5021 est
2599 4973 2777 5019 autem
2811 4965 3104 5019 revertenti
3140 4965 3270 5019 milii
3320 4965 3372 5018 in
3401 4963 3561 5018 Jeru-

1993 5061 2185 5124 salem,
2208 5069 2261 5115 et
2283 5060 2462 5114 oranti
2494 5059 2548 5112 in
2579 5058 2798 5126 templo,
2817 5055 2932 5110 ﬁeri
2966 5071 3051 5110 me
3072 5057 3126 5110 in
3161 5063 3382 5124 stupore
3407 5069 3562 5108 men-

1993 5152 2150 5216 tis,et
2178 5151 2358 5204 videre
2383 5150 2531 5203 illum
2548 5149 2815 5202 dicentem
2842 5148 2969 5202 mihi
2996 5165 3009 5201 :
3035 5148 3276 5208 Festina,
3301 5149 3441 5201 etexi
3465 5163 3559 5202 ve-

1993 5244 2256 5298 lociterex
2279 5241 2599 5304 Jerusalem,
2621 5244 2876 5311 quoniam
2903 5223 3009 5296 non
3038 5242 3299 5310 recipient
3319 5239 3562 5294 testimo-

1994 5336 2143 5389 nium
2175 5345 2322 5389 tuum
2350 5333 2538 5390 deme.
2562 5334 2621 5389 Et
2645 5349 2744 5403 ego
2769 5335 2882 5389 dixi
2909 5333 3319 5402 :,Domine,ipsi
3353 5332 3557 5398 sciunt,

1991 5428 2115 5499 quia
2143 5443 2241 5498 ego
2266 5443 2414 5483 eram
2439 5427 2769 5489 concludens
2786 5429 2838 5482 in
2862 5440 3137 5482 carcerem
3150 5435 3202 5481 et
3225 5425 3562 5496 cmdens'per

1990 5535 2292 5591 synagogas
2327 5535 2422 5575 eos
2450 5521 2539 5590 qui
2565 5520 2929 5588 credebantjin
2957 5527 3010 5571 te
3037 5527 3124 5572 :et
3151 5531 3276 5571 cum
3306 5516 3563 5573 fundere-

1989 5621 2081 5666 tur
2101 5614 2325 5682 sanguis
2355 5612 2612 5682 Stephani
2639 5612 2796 5665 testis
2821 5609 2923 5673 tui,
2953 5623 3054 5679 ego
3069 5611 3339 5676 astabam,
3365 5622 3418 5666 et
3435 5625 3564 5667 con-

1987 5704 2285 5762 sentiebam
2317 5714 2372 5759 et
2412 5702 2788 5760 custodiebam
2853 5701 3172 5760 vestimenta
3221 5703 3559 5760 interﬁcien-

3795 6115 3996 6179 Α
4038 6087 4050 6179 l
