4058 6210
529 277 664 341 1θ27
1108 339 1114 345 .

529 385 663 436 tium
690 379 861 432 illum.
894 378 959 430 Et
989 374 1127 430 dixit
1161 373 1226 427 ad
1256 387 1345 428 me
1392 390 1407 428 :
1446 373 1610 442 297
1640 370 1808 436 Vade,
1841 371 2106 442 quoniam

526 488 629 544 ego
661 473 714 526 in
751 469 1002 523 nationes
1037 468 1196 536 longe
1221 464 1432 518 mittam
1461 472 1538 518 te.
1581 463 2094 518 Audiebantautem

527 581 651 622 eum
676 575 845 631 usque
874 559 938 613 ad
959 559 1060 613 hoc
1081 559 1388 622 verbum,et
1409 556 1728 611 levaverunt
1745 570 1928 610 vecem
1945 569 2099 610 suam

527 658 801 712 dicentes:
834 651 986 706 Tolle
1032 651 1098 704 de
1127 658 1271 703 terra
1300 647 1612 718 huiusmodi
1638 664 1652 699 :
1683 663 1791 702 non
1825 647 1970 701 enim
2019 646 2101 700 Ias

524 755 608 802 est
638 761 761 799 eum
795 743 1003 797 vivere.
1032 739 1477 795 Vociferantibus
1508 751 1694 792 autem
1722 739 1827 802 eis,
1876 745 1931 790 et
1970 751 2100 806 pro-

522 836 838 904 jicicntibus
869 834 1194 887 vestimenta
1219 847 1341 896 sua,
1372 840 1426 886 et
1458 829 2100 901 pulveremjaetantibus

524 929 577 980 in
609 941 810 992 aerem,
837 925 1004 993 jussit
1040 925 1298 979 tribunus
1344 921 1530 977 induci
1561 937 1685 977 cum
1729 921 1783 974 in
1815 928 2016 986 castra,
2047 929 2102 973 et

522 1018 748 1086 ﬂagellis
786 1017 944 1081 aedi,
972 1025 1027 1070 et
1062 1014 1306 1085 torqueri
1348 1030 1496 1078 eum,
1543 1022 1601 1067 ut
1647 1013 1837 1078 sciret,
1877 1023 2102 1083 propter

521 1124 686 1179 quam
721 1122 942 1162 causam
984 1107 1062 1162 sic
1093 1108 1462 1161 acclamarent
1500 1106 1573 1158 ei.
1615 1103 1675 1156 Et
1711 1119 1838 1157 cum
1895 1103 2102 1158 astrin-

523 1204 732 1254 xisscnt
784 1191 926 1252 eum'
965 1197 1117 1261 loris,
1173 1197 1307 1252 dicit
1364 1195 1564 1250 astanti
1625 1196 1731 1251 sibi
1787 1193 2099 1249 centurioni

521 1290 760 1344 Paulus:
810 1289 867 1342 Si
910 1289 1185 1342 hominem
1238 1284 1551 1342 Romanum
1613 1295 1670 1340 et
1727 1286 2098 1340 indemnatum

522 1384 648 1437 licet
699 1381 857 1436 vobis
909 1379 1224 1449 ﬂagellare?
1271 1380 1390 1444 Quo
1442 1379 1654 1441 audito,
1715 1377 1966 1432 centurio
2011 1392 2104 1432 ac-

517 1476 685 1529 cessit
713 1474 778 1528 ad
832 1474 1138 1537 tribunum,
1167 1483 1219 1528 et
1265 1472 1540 1526 nuntiavit
1569 1472 1642 1535 ei,
1685 1472 1915 1527 dicens:
1957 1469 2100 1536 Quid

517 1577 745 1622 acturus
795 1566 901 1620 es?
972 1564 1070 1620 Hic
1101 1565 1245 1620 enim
1303 1566 1466 1619 homo
1495 1563 1631 1618 civis
1663 1561 1946 1617 Romanus
1993 1571 2097 1618 est.

519 1657 799 1712 Accedens
830 1666 1007 1711 autem
1041 1657 1314 1720 tribunus,
1350 1657 1488 1709 dixit
1519 1656 1634 1710 illi:
1667 1655 1762 1709 Dic
1791 1654 1926 1708 mihi
1958 1655 2002 1708 si
2035 1664 2092 1710 tu

1397 267 1979 329 THEOPHYLACTI
2022 266 2437 330 BULGABI/E
2465 265 2822 327 ABCHIEP.

3635 259 3819 320 102%

2209 372 2494 443 μάρτυρός
2526 388 2644 438 σου,
2673 372 2768 424 καὶ
2800 368 2962 433 αὐτὸς
2989 367 3138 440 ήμην
3172 366 3432 436 ἐφεστὼς,
3460 364 3555 420 καὶ
3588 381 3817 419 συνευ-

2202 465 2380 520 δοκῶν
2400 468 2467 536 τῇ
2497 465 2780 535 ἀναιρέσει
2811 461 3000 528 αὑτοῦ,
3045 462 3139 516 καὶ
3175 461 3465 530 φυλάσσων
3495 458 3566 512 τὰ
3585 459 3815 527 ἱμάτια

2203 556 2311 610 τῶν
2331 555 2700 626 ἀναιρούντων
2720 556 2902 609 αὐτόν.
2931 554 3040 608 Καὶ
3065 550 3186 607 εἷπε
3212 551 3347 621 πρός
3375 568 3444 621 με
3465 567 3480 581 ·
3509 550 3810 618 Πορεύου,

2201 648 2283 701 ὅτι
2311 647 2421 715 ἐγὼ
2450 652 2531 711 εἰς
2583 647 2708 716 ἔθνη
2761 646 2979 717 μακρὰν
3031 643 3378 710 ἐξαποστελῶ
3421 658 3504 697 σε.
3539 643 3811 694 Ἤκουον

2201 739 2261 792 δὲ
2290 741 2458 794 αὐτοῦ
2489 741 2618 811 άχρι
2642 740 2831 794 τούτου
2856 738 2952 793 τοῦ
2974 739 3164 808 λόγου,
3191 738 3288 792 καὶ
3320 737 3534 809 ἐπῆραν
3553 752 3807 806 τηνφω-

2201 831 2300 902 νὴν
2322 833 2503 886 αὐτῶν
2524 833 2800 901 λέγοντεςο
2833 828 2966 902 Αἶρε
2990 831 3099 886 ἀπό
3115 831 3213 900 τῆς
3243 830 3348 899 γῆς
3376 829 3469 882 τὸν
3497 827 3751 881 τοιοῦτον
3777 842 3798 857 ο

2201 923 2265 976 ού
2287 924 2396 995 γάρ
2422 923 2664 992 καθῆκον
2690 923 2853 978 αὐτὸν
2882 923 3003 994 ζῇν.
3036 921 3484 993 Κραυγαζόντων
3511 919 3569 972 δὲ
3591 918 3797 973 αὐτῶν

2201 1015 2298 1070 καὶ
2332 1017 2636 1085 ριπτόντων
2669 1017 2738 1070 τά
2776 1015 2989 1086 ἱμάτια,
3016 1014 3124 1072 καὶ,
3163 1013 3440 1082 κονιορτὸν
3474 1010 3794 1082 βαλλόντων

2199 1109 2280 1172 είς
2303 1109 2392 1162 τὸν
2451 1109 2609 1180 ἀέρα,
2640 1109 2924 1161 ἐκέλευσεν
2953 1111 2982 1162 6
3019 1107 3297 1178 χιλίαρχος
3334 1104 3651 1172 εἰσάγεσθαι
3675 1104 3790 1156 αύ-

2199 1200 2293 1253 τδν
2345 1202 2425 1263 είς
2455 1200 2554 1270 τὴν
2583 1200 2958 1271 παρεμϐολὴν.
2993 1199 3166 1254 εἰπὼν
3221 1197 3476 1267 μάστιξιν
3515 1195 3790 1258 ἀνετάζε-

2204 1290 2328 1343 σθαι
2353 1291 2538 1355 αύτδν,
2565 1292 2652 1344 ἵνα
2681 1290 2887 1360 ἐπιγνῷ
2907 1290 2974 1344 δι’
3014 1292 3081 1360 ἣν
3117 1289 3300 1342 αἰτίαν
3333 1288 3506 1350 οὕτως
3561 1286 3792 1354 ἐπεφώ-

2199 1398 2326 1434 νουν
2351 1381 2522 1450 αύτῷ.
2561 1382 2652 1444 Ὠς
2671 1382 2730 1434 δὲ
2755 1382 3064 1451 προέτεινον
3091 1379 3256 1434 αὑτὸν
3279 1381 3392 1442 τοῖς
3423 1378 3632 1447 ίμάσιν,
3654 1371 3788 1428 εἷπε

2203 1473 2342 1544 πρὸς
2376 1473 2468 1526 τὸν
2505 1473 2718 1526 ἑστῶτα
2773 1473 3171 1542 ἑκατόνταρχον
3203 1472 3230 1524 6
3284 1469 3534 1532 Παῦλος·
3579 1469 3643 1521 Ei
3689 1468 3790 1522 ἇν-

2204 1563 2423 1634 θρωπον
2486 1564 2758 1634 Ῥωμαῖον
2813 1564 2910 1618 καὶ
2961 1563 3324 1633 ἀκατάκριτον
3379 1560 3590 1626 ἔξεστιν
3647 1561 3786 1629 ὑμῖν

2205 1657 2526 1726 μαστίζειν;
2565 1657 2830 1719 Ἀκούσας
2853 1658 2910 1710 δὲ
2960 1657 2988 1709 6
3017 1656 3432 1726 ἑκατόνταρχος,
3463 1651 3786 1722 προσελθὼν

521 1747 798 1802 Romanus
826 1748 927 1802 es?
953 1749 1018 1800 At
1037 1748 1127 1800 ille
1153 1747 1327 1801 dixit:
1351 1747 1554 1802 Etiam.
1585 1747 1652 1801 Et
1695 1747 1976 1818 respondit
2003 1749 2098 1803 tri-

2202 1747 2280 1817 τῷ
2335 1748 2623 1818 χιλιάρχῳ,
2656 1747 2979 1818 ἀπήγγειλε,
3016 1746 3385 1816 λέγων’Ὅρα
3447 1745 3501 1797 τί
3558 1743 3784 1812 μέλλεις

522 1839 737 1892 bimus:
782 1839 892 1906 Ego
933 1839 1106 1890 multa
1141 1852 1354 1892 summa
1383 1842 1660 1893 civitatem
1711 1840 1854 1895 hanc
1905 1856 2104 1896 conse-

521 1939 683 1984 cutus
725 1946 869 1986 sum.
901 1930 995 1995 LEt
1043 1928 1243 1983 Paulus
1289 1930 1401 1984 ait:
1448 1930 1558 2000 Ego
1588 1939 1793 1992 autem,
1826 1939 1881 1984 et
1939 1939 2104 1987 natus

528 2037 678 2076 sum.
734 2019 992 2074 Protinus
1053 2035 1184 2090 ergo
1224 2020 1596 2076 discesserunt
1642 2020 1713 2075 ab
1743 2021 1834 2076 illo
1854 2023 1946 2090 qui
1978 2036 2102 2076 eum

521 2113 718 2165 torturi
759 2120 938 2168 erant.
989 2111 1272 2168 Tribunus
1329 2127 1550 2183 quoque
1577 2113 1782 2177 titnuit,
1812 2121 2102 2182 postquam

523 2203 764 2267 rescivit,
796 2203 922 2272 quia
955 2203 1093 2258 civis
1125 2203 1408 2261 Romanus
1437 2211 1605 2270 esset,
1637 2213 1692 2259 et
1718 2206 1846 2276 quia
1888 2205 2106 2276 alligas-

521 2300 602 2347 sct
639 2307 786 2346 eum.
839 2328 854 2332 -

1045 2580 1277 2637 CAPUT
1332 2581 1574 2637 XXXIII.

522 2691 656 2760 Qui?
721 2691 948 2753 Paulus.
1003 2710 1121 2746 cum
1169 2694 1520 2749 descendisset
1547 2697 1600 2750 in
1632 2697 1934 2761 concilium,
1973 2715 2098 2767 pas-

593 2801 684 2838 sns
717 2794 794 2839 est
823 2826 837 2848 ,
887 2801 1103 2858 quicque
1131 2785 1289 2852 dixit,
1323 2795 1374 2841 et
1407 2787 1663 2856 prwclare
1689 2788 1791 2842 sibi
1820 2790 2097 2844 consulem

593 2878 737 2943 fecit.

596 2968 763 3033 XXII,
783 2969 870 3024 50.
896 2967 1120 3024 Postera
1141 2979 1322 3024 autem
1361 2969 1451 3025 die
1483 2973 1673 3026 volens
1695 2973 1837 3028 scire
1864 2973 2098 3045 diligen-

2207 1843 2402 1894 ποιεῖν.
2445 1839 2504 1894 '0
2525 1841 2634 1910 γὰρ
2659 1840 2942 1910 ἄνθρωπος
2960 1832 3114 1901 οὗτος
3141 1837 3406 1907 Ῥωμαῖός
3437 1837 3574 1889 ἐστι.
3598 1837 3783 1906 Προσ-

2207 1932 2377 1986 ελοὼν
2441 1934 2498 1987 δὲ
2543 1936 2570 1986 6
2596 1934 2895 2004 χιλίαρχος,
2923 1927 3076 1986 εἶπεν
3103 1931 3251 1998 αὺτῷ
3273 1945 3286 1959 ⁸
3322 1929 3459 1996 Λέγε
3499 1946 3612 1999 μοι,
3631 1929 3680 1980 εἰ
3713 1928 3780 1979 σὺ

2221 2023 2488 2094 Ῥωμαῖος
2508 2023 2588 2091 si;
2608 2025 2732 2078 Ὀδὲ
2751 2025 2876 2093 ἔφη’
2890 2025 3021 2079 Ναί.
3039 2022 3333 2093 Ἀπεκρίθη
3345 2039 3404 2074 τε
3417 2023 3444 2072 ό
3459 2020 3740 2091 χιλίαρχος
3763 2034 3781 2050 ·

2218 2116 2362 2183 Ἐγὼ
2394 2116 2590 2170 πολλοῦ
2625 2116 2925 2184 κεφαλαίου
2957 2115 3056 2185 τὴν
3079 2114 3356 2168 πολιτείαν
3383 2112 3586 2180 ταύτην
3611 2113 3785 2180 ἑκτη-

2207 2211 2410 2280 σάμην.
2455 2210 2514 2262 ’0
2533 2209 2588 2262 δὲ
2617 2209 2827 2272 Παῦλος
2851 2209 2988 2279 ἔφη·
3040 2207 3180 2276 Ἐγὼ
3206 2207 3261 2260 δὲ
3292 2205 3385 2259 κει)⁸
3417 2205 3784 2274 γεγέννημαι.

2204 2302 2420 2364 Εὐθέως
2451 2297 2549 2355 οὖν
2575 2301 2893 2372 ἀπέστησαν
2925 2301 3022 2354 ἀπ’
3051 2297 3219 2353 αὐτοῦ
3273 2300 3322 2351 oi
3356 2297 3638 2367 μέλλοντες
3680 2295 3786 2349 αύ-

2203 2392 2294 2445 τδν
2323 2391 2606 2456 ἀνετάζειν
2628 2409 2644 2424 ·
2677 2394 2771 2445 καὶ
2796 2394 2823 2444 6
2846 2391 3122 2462 χιλίαρχος
3144 2391 3200 2444 δὲ
3223 2389 3490 2459 ἐφοϐήθη,
3519 2387 3785 2457 ἐπιγνοὺς

2203 2484 2284 2537 ὅτι
2327 2482 2597 2554 Ῥωμαῖός
2626 2485 2766 2548 ἐστι,
2803 2485 2898 2537 καὶ
2925 2483 3008 2536 ὅτι
3043 2484 3204 2536 αὐτὴν
3229 2479 3297 2554 ἦν
3323 2481 3576 2545 δεδεκώς.

2776 2597 3030 2650 ΚΕΦΑΛ.
3063 2597 3148 2649 ΛΓ
3163 2602 3196 2649 ’.

2203 2707 2360 2759 Ὅσα
2413 2708 2669 2772 Παῦλος,
2703 2708 2960 2773 καταϐὰς
2998 2710 3084 2773 είς
3110 2708 3174 2760 τὸ
3202 2706 3545 2774 συνέδριον,
3589 2706 3780 2760 exat”

2273 2817 2356 2860 τε,
2388 2801 2488 2853 καί
2529 2797 2677 2865 εἷπε,
2709 2800 2805 2854 καὶ
2836 2802 3172 2866 εὐθυϐόλως
3204 2799 3446 2867 ἔπραξε.

2275 2989 2354 3058 Τῇ
2392 2950 2449 3041 δὲ
2481 2987 2741 3058 ἐπαύριον
2784 2969 3104 3056 βουλόμενος
3152 2984 3356 3053 γνῶναι
3407 2982 3468 3036 τὸ
3515 2982 3786 3051 ἀσφαλὲς,

523 3057 658 3117 tius.
680 3074 782 3126 qua
810 3063 873 3112 ex
910 3073 1074 3115 causa
1098 3072 1451 3115 accusaretur
1472 3077 1501 3114 a
1528 3060 1751 3128 ludatis,
1771 3063 1931 3117 solvit
1949 3080 2098 3131 emn,

2203 3079 2284 3142 τὸ,
2321 3078 2372 3130 τί
2398 3081 2785 3148 κατηγορεῖται
2820 3078 2924 3132 ύπδ
2962 3077 3071 3130 τῶν
3109 3076 3402 3140 Ἰουδαίων,
3450 3074 3636 3126 ἔλυσεν
3680 3075 3790 3125 a6-

521 3155 576 3201 et
596 3147 762 3215 jussit
783 3152 1095 3206 sactrdotes
1115 3154 1426 3219 convenire,
1445 3161 1498 3208 et
1521 3171 1683 3210 omne
1699 3156 2012 3223 concilium,
2047 3169 2100 3213 et

525 3236 834 3306 produccns
868 3237 1119 3304 Paulum,
1152 3241 1346 3294 statuit
1376 3243 1517 3296 inter
1551 3244 1694 3298 illos.

1031 3436 1596 3495 COMMENTARIUS.

604 3570 622 3603 ι
667 3550 820 3606 Tolle
846 3567 993 3606 eum.
1031 3571 1051 3604 ι
1091 3551 1205 3607 Mos
1237 3563 1357 3608 erat
1406 3553 1608 3610 Judaeis
1665 3555 1808 3611 lianc
1851 3557 2098 3628 proferre

526 3657 713 3697 vocem
741 3650 930 3696 contra
951 3641 1134 3712 justos
1165 3643 1276 3714 (38)
1296 3645 1442 3698 sicut
1463 3653 1518 3699 et
1539 3653 1734 3701 contra
1763 3645 2053 3704 Dominum
2081 3669 2096 3707 :

533 3751 549 3783 ι
595 3729 745 3785 Tolle
771 3745 968 3793 eum,»
1021 3730 1126 3785 hoc
1183 3738 1271 3785 est
1345 3731 1413 3786 de
1467 3748 1697 3788 numero
1773 3736 2094 3794 viventium.

525 3821 815 3894 Egyptius
844 3831 1024 3878 autem
1047 3823 1138 3892 (de
1171 3837 1280 3892 quo
1301 3823 1389 3879 hic
1411 3825 1642 3896 mentio)
1675 3827 1840 3884 homo
1873 3830 2094 3900 quidem

525 3916 625 3972 fuit
656 3918 913 3973 novitatis
939 3926 1174 3982 amator,
1205 3919 1529 3984 seditiosus,
1571 3920 1841 3992 impostor
1867 3933 1923 3980 et
1960 3940 2098 3995 prae-

524 4009 799 4078 stigiator.
830 4006 1073 4076 Cupiens
1115 4005 1302 4076 itaque
1339 4007 1589 4064 diabolus
1623 4011 1936 4082 criminum,
1975 4030 2097 4084 qua:

523 4098 604 4152 illi
680 4097 1121 4164 conveniebant,
1189 4095 1421 4152 Paulum
1483 4112 1798 4156 consortem
1865 4105 2096 4162 reddere

525 4188 1011 4258 (quemadmodum
1035 4196 1092 4243 et
1116 4187 1306 4242 eodem
1363 4197 1612 4260 tempore
1672 4194 1954 4250 Christum
1989 4198 2091 4252 Do-

525 4281 765 4350 minum)
817 4278 1082 4334 excitavit
1114 4278 1283 4349 298
1310 4279 1589 4337 Lominem
1644 4284 1820 4350 illum,
1857 4297 1919 4341 ut
1953 4288 2094 4343 inter

2204 3171 2298 3222 τὸν
2343 3171 2451 3222 ἀπὸ
2486 3171 2596 3223 τῶν
2628 3169 2866 3239 δεσμῶν,
2908 3169 3002 3222 καὶ
3031 3168 3315 3222 ἐκέλευσεν
3352 3164 3623 3219 συνελθεῖν
3650 3163 3787 3226 τοὺς

2202 3255 2475 3325 ἀρχιερεῖς
2512 3257 2607 3308 καὶ
2632 3258 2739 3309 πᾶν
2773 3255 2835 3308 τδ
2867 3256 3138 3326 συνέδριον
3160 3255 3370 3308 αὐτῶνθ
3410 3266 3505 3307 και
3535 3265 3785 3318 καταγα-

2201 3341 2314 3412 γὼν
2349 3342 2439 3397 τὸν
2467 3341 2700 3409 Παῦλον,
2729 3342 2956 3412 ἔστησεν
2992 3345 3072 3406 εἰς
3104 3339 3319 3404 αὐτούς.

2807 3451 3191 3508 EPMHNEIA.

2275 3562 2436 3626 Ἐθος
2480 3564 2593 3626 τοῖς
2627 3561 2922 3626 Ἰουδαίοις,
2969 3562 3174 3633 ταύτην
3209 3561 3386 3630 λέγειν
3442 3561 3543 3631 τὴν
3594 3561 3786 3629 φωνὴν

2201 3654 2343 3709 κατά
2371 3653 2480 3710 τῶν
2506 3653 2750 3721 δικαίων,
2781 3654 2856 3717 ὡς
2881 3656 2976 3708 καὶ
3008 3653 3149 3710 κατά
3179 3653 3274 3707 τοῦ
3315 3653 3552 3724 Κυρίου·
3590 3671 3610 3704 ι
3643 3647 3785 3722 Alps

2198 3749 2382 3813 αὑτὸν,
2424 3765 2446 3800 ι
2491 3747 2610 3801 ἀντὶ
2638 3745 2756 3813 τοῦ,
2799 3747 3044 3817 Ἐπαρον
3085 3746 3245 3800 αὑτὸν
3284 3747 3348 3798 ὲκ
3383 3744 3490 3798 τῶν
3534 3743 3780 3809 ζώντων.

2199 3831 2366 3900 Οὗτος
2397 3836 2427 3889 6
2461 3833 2755 3904 Αἰγύπτιος
2805 3835 3087 3906 ἄνθρωπος
3130 3851 3214 3897 τις
3251 3829 3321 3904 ἦν
3367 3831 3780 3901 νεωτεροποιὸς,

2199 3927 2293 3980 καὶ
2325 3924 2674 3996 στασιαστὴς,
2704 3924 2800 3977 καὶ
2831 3923 3106 3986 ἀπατεὼν,
3157 3925 3251 3976 καλ⁸
3280 3922 3434 3993 γόης.
3464 3921 3575 3974 Καὶ
3605 3920 3780 3972 θέλων

2196 4015 2226 4068 6
2271 4014 2515 4079 διάσολος
2574 4014 2830 4068 κοινωνὸν
2887 4015 3061 4066 ποιεῖν
3123 4012 3334 4068 Παῦλον
3393 4012 3503 4065 τῶν
3582 4012 3782 4080 ἐκείνῳ

2199 4107 2583 4176 προσηκόντων
2613 4105 2996 4176 ἐγκλημάτων,
3025 4103 3212 4173 ὥσπερ
3236 4105 3328 4158 καὶ
3355 4103 3448 4156 ἐπὶ
3477 4102 3572 4156 τοῦ
3637 4103 3779 4170 Χρι-

2200 4198 2327 4251 στοῦ
2359 4199 2502 4252 κατὰ
2528 4198 2621 4251 τὸν
2653 4199 2844 4268 καιρὸν
2871 4199 3098 4260 ἐκεῖνον,
3120 4197 3393 4267 διήγειρεν
3417 4197 3580 4249 αὐτὸν
3610 4211 3775 4262 τερα-

2195 4288 2445 4342 τεύεσθαι
2507 4289 2565 4341 ὲν
2619 4290 2732 4353 τοῖς
2787 4287 3082 4350 Ἰουδαίοις.
3143 4285 3360 4357 Ἐπειδὴ
3415 4285 3475 4339 δέ
3531 4301 3696 4354 φησιν
3746 4285 3780 4334 6

521 4366 743 4424 Judwos
790 4377 1042 4436 portenta
1109 4370 1357 4438 quadam
1419 4382 1761 4442 operaretur.
1825 4375 2091 4442 Quoniam

2202 4378 2520 4449 χιλίαρχοςο
2581 4395 2600 4429 ι
2637 4377 2709 4430 Σὺ
2757 4371 2806 4429 εἷ
2837 4378 2866 4430 6
2915 4375 3254 4445 Αίγύπτιος;
3310 4376 3512 4440 εὐθέως
3581 4373 3774 4428 ἑαυτὸν

526 4475 654 4516 vero
712 4462 968 4530 tribunus
1020 4459 1192 4518 Paulo
1252 4464 1487 4519 dixitu
1539 4464 1734 4524 Nonne
1793 4481 1849 4524 tu
1895 4486 1954 4527 es
2008 4472 2098 4527 ille

2202 4471 2402 4538 ταύτης
2432 4470 2685 4538 ἀπήγαγε
2730 4470 2828 4539 τῆς
2870 4469 3122 4539 ὑποψίας,
3160 4470 3254 4522 καὶ
3297 4468 3358 4521 τὸ
3413 4466 3564 4528 ἔθνος
3603 4468 3776 4518 εἰπὼν

523 4550 866 4624 Egyptius?
905 4570 926 4605 ι
959 4553 1103 4608 bane
1149 4563 1209 4609 ut
1258 4554 1346 4609 ille
1395 4567 1673 4614 amoveret
1705 4561 2100 4632 suspicionem,

526 4659 580 4696 et
616 4659 790 4712 genus
823 4660 984 4699 suum
1021 4653 1076 4701 et
1103 4645 1419 4716 religionem
1467 4664 1631 4719 quam
1659 4653 1896 4719 colebat,
1951 4670 2101 4710 eon-

525 4732 706 4789 festim
782 4737 1200 4806 manifestavit,
1245 4738 1388 4795 sicut
1453 4752 1510 4797 et
1567 4744 1698 4799 alibi
1755 4760 1816 4802 se
1874 4745 2104 4817 «1εείιὶ-

528 4841 675 4880 mum
707 4843 728 4877 ι
767 4825 968 4884 Christi
1000 4828 1370 4899 appellavit“.
1404 4830 1597 4887 Sicarii
1627 4847 1808 4890 autem
1845 4835 2103 4892 dicuntur

529 4918 795 4984 latrones,
829 4919 1014 4988 parvis
1069 4921 1400 4991 quibusnam
1449 4924 1646 4992 gladiis
1705 4934 1943 4994 utentes,
2001 4929 2094 5000 qui

525 5011 908 5081 magnitudine
953 5009 1248 5067 Persarum
1303 5014 1580 5082 acinaces,
1643 5018 1914 5074 curvitate
1968 5033 2096 5074 vero

526 5099 898 5156 Iioinanorum
925 5103 1072 5158 sicas
1102 5102 1348 5158 referunt
1387 5123 1402 5160 :
1436 5121 1500 5160 ex
1541 5107 1746 5176 quibus
1770 5109 2094 5166 sicariorum

527 5208 725 5249 nomen
758 5195 876 5265 ejus
905 5195 1118 5264 generis
1144 5195 1460 5254 hominibus
1484 5199 1736 5255 adhazsit.
1771 5200 1914 5256 Sunt
1943 5216 2092 5269 vero,

586 5371 633 5404 "
677 5373 691 5426 l
727 5373 852 5430 Cor.
883 5392 958 5444 ix,
986 5376 1077 5430 2i.

2202 4560 2298 4614 καὶ
2319 4559 2418 4630 τὴν
2450 4558 2770 4629 θρησκείαν.
2807 4559 2917 4614 Καὶ
2957 4560 3066 4630 γάρ
3114 4560 3208 4612 καὶ
3252 4556 3486 4630 ἀλλαχοῦ
3552 4557 3777 4626 ἔννομον

2202 4651 2394 4706 ἑαυτὸν
2433 4649 2526 4704 τοῦ
2593 4651 2829 4722 Χριστοῦ
2881 4654 3056 4710 καλεῖ.
3115 4652 3358 4723 Σικάριοι
3415 4651 3471 4704 δὲ
3523 4650 3774 4717 λέγονται

2200 4743 2416 4816 λῃσταὶ,
2461 4743 2706 4814 ξιφιδίοις
2753 4744 3043 4815 χρώμενοι,
3093 4743 3491 4816 παραπλησίοις
3553 4742 3651 4811 μὲν
3712 4740 3777 4793 τὸ

2209 4838 2433 4908 μέγεθος
2455 4840 2564 4903 τοῖς
2599 4838 2704 4892 τῶν
2734 4840 2957 4909 Περσῶν
2987 4839 3297 4902 ἀκινάκαις,
3331 4835 3667 4905 ἐπικαμπέσι
3713 4831 3773 4884 δὲ

2200 4933 2297 4984 καὶ
2326 4931 2528 5002 ὁμοίοις
2555 4932 2676 4993 ταῖς
2708 4929 2812 4983 ὑπὸ
2850 4927 3138 4997 Ῥωμαίων
3163 4929 3341 4989 σικαῖς
3374 4925 3733 4994 καλουμέναις
3755 4940 3767 4953 ·

2201 5022 2294 5088 ἀφ’
2322 5015 2396 5074 ὧν
2425 5023 2520 5074 καὶ
2546 5021 2647 5091 τὴν
2678 5018 3052 5090 προσηγορίαν
3082 5019 3133 5070 οί
3163 5016 3516 5090 λῃστεύοντες
3557 5013 3770 5068 ἔλαϐον.

2205 5112 2388 5166 ’Ἄλλοι
2407 5111 2483 5178 δὲ,
2514 5113 2724 5182 αἵρεσίν
2747 5129 2865 5164 τινα
2888 5111 3040 5182 παρὰ
3091 5109 3359 5172 Ἰουδαίοις
3391 5107 3411 5180 [
3439 5108 3646 5176 ἔφασαν
3693 5099 3773 5157 εῖ-

2203 5221 2314 5258 ναι.
2351 5204 2512 5275 Τρεῖς
2550 5202 2656 5273 γάρ
2687 5205 2826 5258 είσιν
2852 5203 3093 5273 αἱρέσεις
3117 5203 3332 5270 γενικαὶ
3364 5201 3516 5271 παρά
3555 5198 3774 5254 Ἰουδαία

1701 5471 1906 5532 Varia
1933 5471 2242 5536 lectiones
2282 5480 2345 5536 et
2386 5481 2580 5538 noue.

597 5589 711 5663 (A38)
741 5590 1166 5663 Clirysostomus
1225 5594 1315 5649 hic
1367 5593 1550 5658 habet,
1585 5594 1710 5647 καθ’
1745 5587 1821 5649 ὧν
1853 5596 1919 5650 ἂν
1946 5599 2085 5651 ἀπο-

2190 5602 2490 5672 gcneratim
2522 5601 2726 5656 dictum
2776 5601 2976 5656 melius
3023 5616 3083 5658 se
3108 5599 3292 5668 habet,
3321 5616 3485 5672 quam
3516 5599 3779 5656 determi-

525 5660 819 5728 φαίνοιντο,
855 5660 1044 5718 contm
1081 5681 1166 5720 eos
1191 5705 1208 5732 ,
1235 5680 1365 5734 quos
1421 5667 1738 5720 damnarent
1777 5682 1797 5720 :
1829 5669 1974 5737 quod
2022 5668 2105 5724 sic
2192 5660 2342 5727 vnate
2369 5670 2573 5738 dicere,
2604 5680 2788 5726 contra
2813 5673 3012 5741 justas.
