4058 6210
294 311 432 376 1029

884 307 1426 368 EXPOSITIONIS
1463 308 1546 368 ΙΝ
1583 309 1770 369 ACTA
1802 305 2104 368 TEXTUS
2134 305 2405 365 ALTER.
2440 331 2509 342 --
2533 303 2690 365 CAP.
2728 304 2954 364 XXIII.

3423 303 3562 369 1030

289 419 425 492 οις·]
479 417 784 489 Φαρισαῖοι,
838 415 1208 481 Σαδδουκαῖοι,
1238 415 1335 468 καὶ
1397 415 1665 486 Ἐσσηνοί.
1725 408 1886 469 Οὗτοι

1998 415 2078 482 qui
2111 413 2343 470 sicarios
2368 427 2531 468 unam
2561 427 2625 468 ex
2647 410 2964 467 Iudaeorum
2993 411 3159 470 sectis
3181 427 3302 470 esse
3348 425 3559 485 putent.

287 513 378 567 τὸν
403 512 516 582 βίον
557 509 884 578 σεμνότερον
912 506 1163 572 ἀσκοῦσι,
1217 506 1535 576 φιλάλληλοι
1580 506 1735 570 ὄντες
1782 506 1880 560 καὶ

289 601 604 670 ἐγκρατεῖς·
635 597 716 649 διὸ
755 597 849 649 καὶ
883 595 1133 666 Ἐσσηνοί⁵
1161 595 1680 666 προσαγορεύονται,
1713 596 1881 664 ῆτουν

289 695 448 746 ὅσιοι.
504 691 688 744 ’Ἄλλοι
717 691 773 742 δὲ
821 688 1017 750 αὐτοὺς
1057 688 1339 757 σικαρίους
1384 688 1674 750 ἐκάλεσαν,
1719 687 1882 756 ἦτουν

290 783 559 853 ζηλωτάς.
605 801 622 832 ι
649 783 710 835 El.
752 779 1039 852 ἄνθρωπον
1073 777 1363 848 Ῥωμαῖον.
1405 798 1423 830 r
1463 779 1576 832 Ούκ
1615 777 1884 846 ἐψεύσατο

288 876 502 938 Παῦλος
542 874 813 940 Ῥωμαῖον
845 872 1038 925 ἑαυτὸν
1104 870 1366 934 καλέσας,
1405 870 1585 923 καίτοι
1630 868 1884 929 Ἰουδαῖος

289 969 579 1037 ὑπάρχων,
619 966 692 1027 ὡς
727 967 823 1018 καὶ
855 964 1014 1026 αὐτὸς
1055 963 1161 1032 πρὸ
1207 962 1388 1030 ὀλίγου
1432 961 1557 1030 ἐφη.
1606 959 1740 1012 Ἀπὸ
1777 959 1883 1029 γὰρ

300 1058 588 1129 Ἀδριανοῦ
621 1057 820 1128 συνέϐη
850 1058 1061 1120 πάντας
1089 1051 1228 1109 εἶναι
1271 1052 1597 1124 Ῥωμαίους.
1626 1050 1884 1119 Μεγάλην

291 1151 400 1221 γὰρ
450 1147 594 1220 εἶχον
637 1149 756 1202 τότε
803 1148 1060 1218 πρόνοιαν
1114 1146 1165 1198 οἱ
1220 1144 1395 1208 οὕτως
1433 1141 1746 1212 ἀξιούμενοι
1780 1158 1881 1195 κα-

289 1242 525 1296 λεῖσθαι.
565 1241 736 1294 Τοῦτο
757 1241 813 1294 δέ
841 1258 1026 1309 φησιν,
1060 1240 1145 1292 ἵνα
1175 1239 1250 1308 μὴ
1296 1235 1637 1307 μαστιχθεὶς,
1660 1235 1887 1288 εὐκατα-

290 1337 562 1405 φρὸνητος
610 1333 854 1403 γένηται.
905 1331 968 1385 Εί
1023 1331 1132 1400 γὰρ
1188 1329 1513 1399 ἐμάστιξαν,
1569 1327 1664 1380 καὶ
1743 1343 1886 1396 παρ-

292 1422 534 1491 έτρεψαν
578 1422 644 1475 ἂν
682 1422 742 1474 τὸ
777 1422 1031 1491 πρᾶγμα,
1061 1419 1152 1472 καὶ
1187 1419 1514 1470 ἀπέκτειναν
1541 1415 1726 1468 αὐτόν.
1772 1413 1886 1467 Νῦν

290 1512 371 1577 δὲ,
403 1515 454 1565 εί
493 1516 585 1566 καί
627 1511 646 1583 [
677 1513 751 1582 μὴ
791 1511 907 1581 ]·δι’
941 1511 1144 1580 ἕτερον,
1177 1508 1314 1562 ἀλλά
1354 1523 1414 1574 γε
1447 1505 1534 1558 διὰ
1590 1505 1770 1570 τοῦτο,
1823 1505 1884 1556 ού

293 1604 459 1672 μόνον
481 1605 581 1657 οὑκ
631 1602 949 1674 ἐμάστιξαν,
999 1600 1134 1654 ἀλλά
1177 1601 1272 1654 καὶ
1309 1597 1606 1652 ἀπέλυσαν.
1669 1615 1687 1648 ι
1738 1597 1798 1650 'O
1830 1597 1888 1650 δὲ

1991 503 2128 560 Tres
2186 505 2333 558 enim
2395 511 2528 559 sunt
2590 503 2873 574 generales
2937 502 3060 571 ejus
3113 507 3296 574 gentis
3348 519 3561 563 sectae:

1986 611 2182 666 nempe
2223 595 2508 663 Pharismi,
2549 594 2910 651 Sadducaeiet
2937 593 3155 650 Esseni.
3214 594 3307 651 Isti
3349 601 3562 657 caeteris

1986 689 2361 744 honestiorem
2396 691 2563 743 vitam
2593 688 2824 752 ducunt,
2861 703 2927 743 ac
2962 699 3155 745 mutuo
3203 707 3262 747 se
3304 693 3561 765 diligunt,

1985 789 2040 833 et
2071 778 2471 833 continentiam
2515 779 2726 834 colunt.
2760 779 2943 844 Quare
2972 778 3162 836 Esseni
3197 785 3562 852 appellantur,

1985 871 2145 940 quasi
2178 869 2307 934 osii,
2337 869 2388 922 id
2421 877 2507 923 est
2536 871 2734 934 sancti,
2758 886 2895 939 quos
2935 872 3026 925 alii
3072 873 3302 929 sicarios
3341 887 3559 942 vocant,

1987 961 2091 1017 hoc
2139 969 2246 1026 est,
2277 963 2503 1015 zelotas.
2543 977 2560 1010 ι
2602 958 2657 1013 Si
2701 960 2973 1016 hominem
3029 962 3356 1020 Romanum.
3392 985 3410 1018 ι
3444 967 3559 1021 Non

1989 1054 2180 1122 utique
2203 1052 2573 1109 mentiebatur
2619 1051 2820 1106 Paulus
2851 1066 2974 1106 sese
3012 1051 3324 1110 Romanum
3379 1060 3564 1128 appeL

1988 1143 2132 1207 lans,
2170 1143 2388 1197 tametsi
2433 1141 2655 1196 Iudaeus
2677 1149 2840 1204 esset,
2888 1150 2946 1194 ut
2979 1143 3094 1211 ipse
3129 1145 3289 1214 paulo
3322 1154 3450 1200 ante
3478 1146 3564 1200 di-

1987 1240 2160 1288 xerat.
2194 1232 2324 1285 Nam
2358 1232 2427 1285 ab
2460 1231 2685 1285 Adriani
2721 1239 2966 1300 tempore
2995 1234 3247 1302 contigit,
3281 1245 3339 1289 ut
3371 1252 3564 1292 omnes

1988 1333 2181 1379 essent
2230 1322 2504 1388 Romani;
2543 1337 2739 1392 magna
2773 1325 2920 1377 enim
2966 1323 3105 1377 ratio
3140 1325 3358 1379 Illorum
3396 1328 3564 1381 habe-

1987 1415 2170 1478 batur,
2197 1416 2289 1486 qui
2329 1416 2468 1470 hanc
2500 1417 2730 1485 gratiam
2759 1416 3041 1470 consecuti
3063 1426 3240 1480 erant,
3285 1429 3340 1470 nt
3374 1419 3444 1471 ita
3477 1436 3566 1489 ap-

1988 1507 2181 1576 pellari
2217 1517 2466 1577 possent.
2499 1507 2610 1563 Iloe
2631 1519 2815 1563 autem
2870 1510 3092 1564 dicebat
3147 1509 3349 1566 Paulus
3381 1529 3470 1578 ne,
3519 1515 3564 1568 si

1989 1599 2222 1668 ﬂagellis
2252 1601 2572 1662 caederetur,
2621 1601 2676 1654 in
2719 1611 3091 1670 contemptum
3126 1603 3286 1658 facile
3337 1606 3564 1660 veniret.

294 1691 506 1755 Παῦλος
539 1691 665 1760 ἔφη.
710 1711 728 1742 ι
765 1691 1046 1743 Δείκνυσιν
1086 1684 1181 1743 οῦν
1226 1690 1254 1741 6
1296 1687 1530 1750 Παῦλος,
1581 1686 1662 1738 δτι
1708 1687 1804 1740 καὶ
1860 1687 1890 1738 6

1998 1691 2055 1746 Et
2087 1693 2308 1762 quidem
2359 1695 2402 1748 si
2441 1692 2805 1762 ﬂagellasscut
2856 1710 3004 1760 eum,
3067 1706 3121 1750 et
3181 1712 3293 1750 rem
3349 1713 3564 1752 omnem

291 1783 480 1854 πατὴρ
504 1783 665 1836 αὑτοῦ
701 1782 972 1852 Ῥωμαῖος
1006 1777 1096 1851 ἦν.
1147 1781 1260 1850 Πρὸ
1294 1780 1403 1848 γάρ
1434 1777 1530 1830 τοῦ
1555 1778 1884 1848 γεννηθῆναι

1998 1792 2304 1852 pervertere
2357 1785 2692 1854 potuissent,
2732 1800 2795 1839 ac
2851 1785 3016 1839 etiam
3075 1801 3199 1840 eum
3239 1787 3565 1840 interficere.

291 1875 385 1928 τὸν
417 1874 647 1939 Παῦλον,
670 1874 1047 1942 γεγενημένης
1079 1875 1180 1939 τῆς
1203 1870 1458 1933 Κιλικίας
1493 1870 1602 1922 ὑπὸ
1649 1871 1889 1939 Ῥωμαῖε

1998 1871 2147 1927 Nunc
2178 1889 2327 1939 vero,
2381 1874 2465 1928 sin
2501 1874 2572 1928 ob
2621 1875 2808 1939 aliam,
2841 1883 2990 1928 certe
3025 1876 3096 1927 ob
3123 1877 3282 1928 istum
3325 1891 3565 1938 causam,

293 1985 411 2032 ους,
444 1969 663 2035 ἀνάγκη
697 1967 792 2018 καὶ
820 1964 1002 2028 αὑτὸν,
1033 1962 1108 2026 ὡς
1148 1963 1280 2016 ὄντα
1327 1961 1416 2014 ὑπ’
1470 1960 1690 2025 αὐτοὺς,
1751 1960 1884 2012 Ῥω-

1998 1980 2098 2018 ηοιι
2129 1966 2306 2019 solum
2346 1981 2450 2019 non
2479 1965 2911 2033 ﬂagellaveruut,
2944 1966 3038 2020 sed
3068 1967 3232 2020 etiam
3271 1981 3300 2018 a
3334 1967 3568 2019 vinculis

298 2061 458 2128 μαῖον
484 2058 644 2111 εἶναι.
675 2058 825 2118 Τέως
843 2056 898 2109 δέ
925 2054 1068 2109 κατὰ
1091 2055 1188 2125 τὴν
1212 2052 1552 2124 προφητείαν
1582 2051 1884 2120 ἐδεσμεύθη

1998 2053 2294 2107 solverunt.
2344 2072 2363 2105 ι
2403 2053 2608 2108 Paulus
2647 2056 2744 2108 ait.
2798 2072 2817 2104 ι
2868 2055 3078 2108 Iudicat
3133 2053 3358 2120 Paulus,
3401 2054 3568 2108 etiam

297 2151 357 2202 ἐν
403 2147 780 2220 Ἰερουσαλήμ.
818 2146 883 2200 Τί
914 2145 1008 2200 οὖν
1041 2145 1148 2199 άπὸ
1196 2144 1390 2198 τούτου
1421 2142 1662 2211 γίνεται;
1703 2141 1886 2203 Λύσας

1998 2153 2202 2212 patrem
2252 2161 2413 2200 suum
2475 2145 2780 2199 Romanum
2834 2144 3026 2199 fuisse.
3072 2145 3378 2214 Antequam
3424 2146 3570 2200 enim

296 2241 613 2309 κατήγαγεν
661 2240 822 2292 αύτδν
892 2237 1030 2307 πρὸς
1075 2236 1204 2299 τοὺς
1259 2235 1564 2294 Ἰουδαίους.
1609 2233 1724 2286 Ούκ
1775 2231 1886 2301 ἄρα

1998 2234 2196 2289 Paulus
2223 2246 2566 2302 nasceretur,
2595 2251 2718 2289 cum
2745 2235 2936 2290 Cilicia
2959 2233 3218 2289 Romanae
3242 2234 3466 2290 ditionis
3491 2234 3572 2288 fa-

296 2330 496 2399 ψεῦδος
525 2326 614 2402 ἦν,
646 2331 728 2384 δτι
766 2329 1033 2399 Ῥωμαίος
1069 2322 1158 2398 ἦν.
1207 2343 1227 2377 ι
1272 2323 1547 2394 Ἐφοὸήθη
1603 2323 1734 2394 γὰρ.
1786 2341 1889 2391 φη·

1998 2335 2082 2380 cta
2115 2335 2285 2390 esset,
2333 2342 2559 2382 necesse
2607 2327 2711 2382 fuit
2771 2335 2830 2381 ut
2891 2328 2937 2382 is
2991 2326 3178 2390 etiam,
3233 2335 3418 2396 utpote
3464 2324 3572 2379 illis

302 2422 410 2485 σὶν,
462 2424 489 2476 6
538 2422 834 2492 χιλίαρχος,
897 2419 1153 2485 ἐπιγνοὺς
1209 2419 1290 2470 ὅτι
1353 2416 1627 2486 Ῥωμαῖός
1688 2417 1826 2480 ἐστι,
1863 2431 1882 2464 ι

1998 2415 2303 2483 subjectus,
2357 2419 2640 2472 Romanus
2683 2427 2851 2472 esset.
2894 2417 3118 2472 Interim
3174 2426 3379 2482 tamen,
3413 2415 3569 2486 juxta

300 2513 584 2567 τουτέστιν
633 2511 1006 2582 άξιωματικοῦ
1048 2511 1240 2578 γένους
1273 2511 1424 2564 ὄντα.

1998 2507 2167 2577 Agabi
2207 2509 2565 2578 prophetiam,
2592 2509 2846 2580 alligatus
2877 2518 2960 2564 est
2992 2509 3045 2563 in
3069 2507 3396 2565 Jerusalem.
3429 2504 3570 2572 Quid

306 2618 494 2675 postea
523 2605 791 2676 contigit?
837 2603 1011 2658 Solvit
1068 2619 1192 2658 eum
1245 2603 1502 2656 tribunus
1533 2609 1589 2656 et
1618 2599 1776 2655 duxit
1810 2598 1878 2652 ad
1917 2597 2156 2654 Iudaeos.
2193 2598 2330 2656 Vere
2381 2601 2566 2670 itaque
2633 2600 2838 2657 Paulus
2883 2599 3166 2656 Romanus
3231 2608 3370 2655 erat.
3420 2615 3439 2649 ι
3480 2595 3572 2650 'I‘i-

321 2696 461 2750 muit
525 2696 695 2761 enim,
755 2695 957 2765 inquit,
1020 2693 1274 2748 tribunus
1330 2701 1623 2763 postquam
1704 2689 1951 2757 rescivit,
1993 2691 2121 2760 quia
2167 2690 2306 2747 civis
2371 2691 2675 2760 Romanus,
2728 2711 2746 2745 ι
2807 2691 2912 2747 hoc
2961 2701 3046 2748 est
3104 2689 3304 2746 nobilis
3349 2700 3570 2761 genere.

307 2800 449 2844 crat.

725 2884 807 2955 Τῇ
842 2883 896 2937 δ’
943 2883 1043 2952 τῆς
1071 2880 1125 2946 ζ’
1159 2881 1475 2952 ἐδδομάδος.

910 2972 1302 3027 KEIMENON.

2309 2881 2465 2937 Feria
2509 2881 2542 2936 ε
2599 2882 2954 2937 ltebdomndze
2993 2882 3260 2954 septima).

2630 2971 2934 3029 TEXTUS.

391 3066 669 3130 ’Λτενίσας
710 3065 767 3119 δέ
814 3065 844 3118 6
881 3064 1094 3128 Παῦλος
1146 3065 1205 3117 ἐν
1245 3061 1326 3132 τῷ
1381 3061 1643 3132 συνεδρίῳ
1696 3055 1884 3115 εἶπεν·

2061 3062 2250 3130 XXIII,
2290 3066 2372 3120 l-l
2391 3067 2434 3133 l,
2456 3065 2744 3122 Intendeus
2766 3077 2945 3121 autem
2974 3065 3332 3121 ineoncilium
3347 3062 3570 3132 Paulus,

312 3159 542 3230 Ἀνδρες
576 3156 816 3224 ἀδελφοὶ,
859 3155 970 3224 ἐγὼ
993 3155 1140 3225 πάσῃ
1167 3154 1471 3223 συνειδήσει
1517 3151 1694 3223 ἀγαθῇ
1721 3169 1889 3205 πεπο-

1998 3157 2068 3211 ait
2097 3176 2110 3211 ε
2142 3158 2253 3212 Viri
2275 3159 2496 3226 fratres,
2529 3176 2629 3233 ego
2654 3160 2804 3215 omni
2829 3160 3162 3215 conscientia
3181 3160 3324 3215 bona
3347 3173 3574 3212 conver-

309 3251 563 3321 λίτευμαι
621 3249 698 3318 τῷ
749 3247 869 3317 Θεῷ
907 3248 1034 3316 ἄχρι
1062 3246 1267 3316 ταύτης
1305 3244 1407 3315 τῆς
1451 3243 1684 3315 ἡμέρας.
1729 3243 1788 3298 '0
1832 3244 1890 3297 δὲ

1998 3261 2145 3306 satus
2165 3267 2284 3306 sum
2307 3261 2432 3307 ante
2443 3251 2633 3318 Deum,
2648 3253 2886 3322 usquein
2903 3252 3225 3305 hodiernum
3239 3250 3401 3304 diem.
3419 3249 3576 3304 Prin-

307 3341 600 3413 ἀρχιερεῦς
629 3337 880 3400 Ἀνανίας
905 3336 1134 3400 ἐπέταξε
1167 3337 1281 3398 τοῖς
1332 3333 1678 3404 παρεστῶσιν
1718 3331 1888 3402 αύτῷ,

307 3435 536 3487 τύπτειν
565 3431 729 3485 αὑτοῦ
758 3431 819 3484 τὸ
850 3431 1044 3498 στόμα.
1072 3429 1208 3482 Τότε
1240 3431 1268 3482 6
1292 3428 1502 3491 Παῦλος
1548 3425 1685 3496 πρὸς
1731 3425 1892 3479 αὑτὸν

308 3520 465 3578 εἷπε*
503 3523 738 3574 Τύπτειν
773 3537 830 3572 σε
864 3518 1048 3589 μέλλει
1076 3519 1104 3570 6
1139 3518 1290 3580 Θεὸς,
1329 3519 1476 3586 τοῖχε
1517 3515 1891 3584 κεκονιαμένε.

311 3615 423 3666 Καὶ
444 3613 508 3664 σὺ
547 3609 689 3682 κάθῃ
715 3609 913 3679 κρίνων
940 3623 1008 3677 με
1067 3607 1210 3660 κατὰ
1241 3607 1334 3660 τὸν
1366 3606 1552 3675 νόμον,
1595 3606 1690 3657 καὶ
1713 3620 1896 3675 παραο

311 3704 499 3773 νομῶν
537 3701 779 3764 κελεύεις
843 3717 910 3771 με
933 3698 1272 3764 τύπτεσθαι;
1338 3698 1401 3750 Oi
1434 3697 1492 3750 δέ
1545 3695 1898 3764 παρεστῶτες

311 3791 472 3849 εἶπον
500 3794 577 3864 τῷ
600 3793 796 3862 Παύλῳ
819 3807 834 3822 °
872 3793 976 3844 Τὸν
1011 3790 1271 3860 ἀρχιερέα
1297 3788 1391 3841 τοῦ
1430 3787 1567 3841 Θεοῦ
1596 3787 1895 3857 λοιδορεῖς;

312 3889 465 3958 Ἔφη
481 3903 540 3938 τε
566 3886 595 3937 6
618 3884 823 3946 Παῦλος
847 3898 862 3914 °
897 3884 1010 3937 Ούκ
1037 3883 1206 3952 ⁴ᾔδειν,
1239 3880 1478 3948 ἀδελφοὶ,
1504 3880 1584 3932 δτι
1610 3877 1900 3948 ἀρχιερεύς

305 3979 455 4030 ἐστι.
503 3975 816 4045 Γέγραπται
859 3973 986 4042 γὰρ,
1019 3974 1128 4036 ὅτι,
1161 3971 1434 4041 Ἄρχοντα
1479 3968 1576 4021 τοῦ
1618 3968 1750 4019 λαοῦ
1805 3983 1900 4019 σου

305 4069 418 4123 οὐκ
451 4069 594 4137 ἐρεῖς
621 4065 827 4128 κακῶς.
857 4065 1023 4126 Γνοὺς
1051 4063 1108 4116 δὲ
1150 4065 1178 4116 6
1214 4060 1426 4124 Παῦλος
1448 4061 1531 4114 ὅτι
1559 4060 1620 4112 τδ
1648 4058 1705 4110 ἓν
1735 4058 1903 4128 μέρος

309 4162 439 4216 ἐστὶ
476 4157 870 4223 Σαδδουκαίων,
898 4157 957 4208 τὸ
984 4155 1041 4208 δὲ
1067 4155 1252 4224 ἕτερον
1289 4153 1623 4222 Φαρισαίων,
1673 4148 1903 4218 ἔκραξεν

307 4257 376 4308 ἐν
419 4252 496 4322 τῷ
535 4249 822 4320 συνεδρίῳο
877 4245 1102 4317 Ἀνδρες
1143 4243 1386 4312 ἀδελφοὶ,
1437 4239 1550 4309 ἐγὼ
1610 4237 1905 4308 Φαρισαῖός

310 4345 458 4414 είμι,
480 4343 590 4405 υίὸς
619 4339 912 4411 Φαρισαίου
939 4355 954 4369 ο
986 4338 1114 4407 περ).
1158 4335 1374 4397 ἐλπίδος
1425 4333 1520 4385 καὶ
1557 4329 1905 4391 ἀναστάσεως

1993 3357 2121 3413 ceps
2140 3351 2321 3398 autem
2354 3344 2702 3398 sacerdotum
2733 3341 2972 3397 Ananias
2990 3341 3246 3412 praecepit
3267 3340 3577 3398 astantibus

1995 3435 2096 3489 sibi
2123 3444 2479 3504 percutereos
2490 3435 2630 3506 ejus.
2650 3434 2800 3488 Tunc
2815 3435 3016 3490 Paulus
3036 3434 3172 3489 dixit
3189 3433 3252 3487 ad
3271 3449 3425 3490 eum:
3449 3431 3578 3486 Per-

1998 3530 2173 3582 cutiet
2205 3537 2256 3581 te
2286 3527 2453 3592 Dens,
2475 3529 2658 3595 paries
2681 3507 2954 3581 dealbate.
2995 3526 3061 3580 Et
3092 3536 3146 3581 tu
3196 3527 3393 3582 sedens
3419 3524 3574 3594 judi-

1999 3629 2093 3671 eas
2117 3631 2204 3670 me
2238 3615 2540 3670 secundum
2567 3615 2761 3683 legem,
2792 3624 2845 3669 et
2876 3622 3067 3668 contra
3097 3616 3267 3684 legem
3301 3615 3459 3682 jubes
3489 3630 3576 3670 me.

2004 3707 2212 3777 percuti
2237 3705 2260 3759 ἲ
2286 3707 2354 3760 Et
2398 3707 2491 3776 qui
2538 3705 2777 3770 stabant,
2831 3705 3091 3760 dixerunt
3122 3722 3135 3758 :
3167 3704 3450 3761 Summum
3485 3719 3576 3760 sa-

2001 3798 2280 3854 cerdotem
2321 3796 2486 3868 299
2517 3797 2612 3851 Dei
2649 3794 2982 3851 maledicis?
3014 3795 3162 3849 Dixit
3212 3805 3393 3850 autem
3428 3795 3576 3850 Pau-

2002 3887 2089 3942 lus
2123 3907 2136 3943 :
2168 3887 2512 3950 Nesciebam.
2548 3887 2772 3951 fratres,
2842 3887 2970 3957 quia
3005 3888 3258 3957 princeps
3288 3897 3367 3940 est
3397 3902 3579 3941 sacer-

2002 3977 2215 4032 dotum.
2261 3967 2538 4048 Scriptum
2568 3987 2653 4032 est
2691 3976 2840 4032 enim
2883 3993 2897 4032 :
2944 3975 3248 4046 Principem
3281 3975 3466 4046 pOpull
3497 3973 3576 4027 tui

2003 4085 2114 4124 non
2158 4071 2470 4126 maledicas.
2533 4071 2725 4126 Sciens
2775 4080 2958 4124 autem
3015 4067 3238 4130 Paulus,
3290 4066 3419 4134 quia
3466 4081 3577 4120 una

2005 4176 2134 4231 pars
2178 4170 2326 4217 esset
2386 4161 2816 4218 Sadduezeorum
2856 4172 2910 4216 et
2941 4160 3113 4213 altera
3152 4156 3577 4223 Pharisaeorum,

2005 4253 2332 4308 exclamavit
2356 4254 2407 4306 in
2436 4253 2672 4308 concilio
2705 4270 2718 4304 :
2753 4249 2869 4303 Viri
2903 4251 3120 4313 fratres,
3144 4264 3244 4318 ego
3269 4246 3578 4302 Pharisaus

2007 4359 2127 4399 sum
2161 4383 2176 4407 ,
2210 4345 2351 4400 filius
2411 4341 2699 4403 Pharisaei;
2742 4341 2810 4395 de
2879 4355 2974 4410 Spe
3034 4347 3088 4392 et
3175 4338 3579 4392 resurrectione

311 4433 528 4505 νεκρῶν
582 4432 690 4500 ἐγὼ
734 4431 1014 4502 κρίνομαι.
1079 4427 1249 4480 Τοῦτο
1291 4426 1348 4478 δὲ
1409 4422 1577 4478 αὐτοῦ
1627 4421 1895 4486 εἰπόντος,

2006 4441 2347 4488 mortuorum
2376 4446 2475 4500 ego
2503 4431 2744 4495 jndicor.
2782 4429 2993 4484 Etcum
3017 4429 3132 4483 haec
3160 4425 3409 4489 dixisset,
3437 4425 3578 4480 facta

316 4527 538 4594 ἐγένετο
587 4525 773 4585 στάσις
824 4522 932 4574 τῶν
983 4517 1358 4572 Σαδδουκαίων
1421 4516 1516 4568 καὶ
1566 4511 1899 4586 Φαρισαίων,

317 4618 416 4673 καὶ
445 4615 668 4686 ἐσχίσθη
688 4613 750 4665 τὸ
777 4611 1003 4682 πλῆθος.
1033 4609 1377 4662 Σαδδουκαῖοι
1401 4607 1498 4677 μὲν
1523 4604 1632 4674 γὰρ
1659 4603 1902 4672 λέγουσι,

324 4705 400 4776 μὴ
435 4701 572 4758 εἶναι
619 4701 936 4763 ἀνάστασιν,
981 4699 1117 4768 μήτε
1168 4697 1421 4765 ἄγγελον,
1460 4695 1598 4764 μήτε
1646 4691 1903 4763 πνεῦμαο

319 4797 602 4865 Φαρισαῖοι
643 4793 700 4846 δὲ
738 4788 1061 4860 ὁμολογοῦσι
1090 4787 1160 4840 τὰ
1196 4787 1502 4856 ἀμφότερα.
1567 4782 1817 4851 Ἐγένετο
1842 4781 1900 4834 δὲ

325 4884 542 4954 κραυγὴ
593 4881 803 4954 μεγάλη
831 4899 843 4910 ·
885 4882 981 4932 καὶ
1009 4878 1342 4938 ἀναστάντες
1376 4875 1521 4938 τινες
1563 4874 1673 4926 τῶν
1716 4873 1905 4943 Γραμο

332 4975 544 5044 ματέων
605 4972 698 5028 τοῦ
761 4973 958 5044 μέρους
1025 4969 1134 5023 τῶν
1196 4964 1505 5037 Φαρισαίων
1558 4964 1902 5033 διεμάχοντο,

326 5063 574 5131 λέγοντες
595 5080 609 5096 ο
642 5063 808 5116 Οὐδὲν
854 5062 1022 5115 κακὸν
1057 5059 1382 5130 εὑρίσκομεν
1427 5059 1484 5110 ἐν
1513 5057 1592 5128 τῷ
1633 5055 1905 5126 ἀνθρώπῳ

328 5153 534 5224 τούτῳο
579 5156 626 5207 εί
673 5153 731 5206 δὲ
782 5153 998 5223 πνεῦμα
1049 5150 1311 5220 ἐλάλησεν
1359 5149 1528 5220 αύτῷ,
1576 5149 1610 5219 ἢ
1655 5148 1904 5215 ἄγγελος,

330 5246 406 5316 μὴ
461 5244 838 5314 θεομαχῶμεν.
906 5229 1111 5315 Πολλῆς
1159 5243 1218 5296 δὲ
1279 5240 1578 5311 γενομένης
1641 5240 1904 5305 στάσεως,

330 5335 586 5405 φοϐηθεὶς
635 5335 663 5386 6
718 5335 997 5404 χιλίαρχος
1041 5335 1114 5404 μὴ
1145 5332 1450 5402 διασπασθῇ
1503 5333 1532 5384 6
1578 5330 1785 5394 Παῦλος
1813 5330 1905 5383 ὑπ’

330 5425 534 5490 αὐτῶν,
563 5425 812 5479 ἐκέλευσε
845 5425 908 5478 τὸ
953 5425 1266 5494 στράτευμα
1294 5422 1620 5491 καταϐῆναι,
1663 5423 1756 5474 καὶ
1799 5421 1904 5491 ap-

329 5519 498 5573 πάσαι
529 5519 688 5572 αὐτὸν
717 5521 780 5572 ἐκ
811 5517 974 5588 μέσου
1006 5517 1204 5584 αὐτῶν,
1234 5515 1387 5584 άγειυ
1428 5531 1485 5568 τε
1523 5516 1600 5579 εἰς
1631 5513 1731 5586 τὴν
1767 5531 1906 5585 παρ-

327 5611 586 5680 εμϐολήν.
649 5611 728 5681 Τῇ
791 5611 848 5663 δὲ
914 5607 1142 5679 ἐπιούσῃ
1197 5608 1355 5661 νυκτὶ
1402 5610 1630 5670 ἐπιστὰς
1685 5607 1833 5677 αύτῴ
1878 5608 1907 5660 6

327 5703 554 5774 Κύριος,
599 5696 719 5755 εἶπε
743 5717 758 5735 ο
805 5701 1030 5772 Θάρσει,
1059 5698 1236 5753 Παῦλε
1262 5715 1278 5730 ·
1315 5699 1390 5761 ὡς
1427 5699 1534 5769 γὰρ
1558 5699 1906 5770 διεμαρτύρω

327 5801 396 5852 τὰ
425 5799 556 5868 περὶ
596 5795 732 5868 ἐμοῦ
765 5797 845 5858 είς
885 5793 1263 5866 Ἰερουσαλὴμ,
1296 5790 1438 5847 οὕτω
1467 5809 1526 5846 σε
1576 5792 1658 5845 δεῖ
1698 5794 1791 5846 καὶ
1827 5797 1908 5861 είς

2007 4530 2092 4577 est
2128 4521 2406 4578 dissensio
2445 4520 2590 4574 inter
2636 4518 2945 4575 Pltarisatos
2999 4527 3054 4575 et
3114 4517 3469 4579 Sadducaeos,
3526 4527 3580 4571 et

2006 4615 2186 4672 soluta
2224 4621 2310 4670 est
2360 4611 2675 4666 multitudo.
2729 4611 3012 4666 Saddueazi
3074 4610 3222 4665 enim
3250 4608 3439 4664 dicunt
3469 4622 3578 4662 non

2006 4721 2130 4763 esse
2151 4704 2629 4768 resurrectionem,
2662 4719 2838 4774 neque
2885 4703 3156 4775 angelum,
3186 4716 3360 4773 neque
3415 4701 3583 4772 spiri-

2009 4806 2122 4852 tum
2155 4813 2170 4850 :
2202 4795 2463 4850 Pharisaei
2496 4801 2680 4849 autem
2711 4805 2944 4866 utraque
2971 4795 3331 4850 confitentur.
3377 4791 3583 4849 Factus

2007 4895 2092 4943 est
2137 4894 2318 4940 autem
2351 4886 2558 4941 clamor
2600 4901 2852 4956 magnus.
2903 4885 2968 4939 Et
3017 4894 3306 4956 surgentes
3356 4884 3580 4956 quidam

2008 4978 2409 5033 Pharisaeorum
2476 4977 2811 5046 pugnabant,
2835 4976 3120 5031 dicentes:
3159 4977 3308 5030 Nihil
3339 4976 3464 5029 mali
3498 4975 3583 5027 in-

2008 5070 2262 5124 venimus
2296 5065 2350 5121 in
2385 5067 2607 5120 homine
2640 5067 2746 5120 isto
2789 5083 2804 5123 :
2837 5065 2966 5136 quid
2998 5065 3043 5120 si
3093 5067 3320 5136 spiritus
3365 5067 3584 5120 locutus

2006 5167 2094 5215 est
2123 5157 2194 5223 ei,
2221 5165 2317 5210 aut
2345 5155 2616 5226 angelus?
2645 5154 2710 5209 Et
2762 5169 2886 5210 cum
2916 5169 3109 5224 magna
3139 5156 3406 5211 dissensio
3438 5154 3583 5208 facta

2008 5262 2176 5315 esset,
2215 5251 2417 5305 timens
2445 5251 2702 5304 tribunus
2759 5264 2828 5304 ne
2854 5249 3255 5320 discerperetur
3286 5246 3488 5300 Paulus
3514 5246 3588 5299 ab

2010 5343 2166 5413 ipsis,
2193 5342 2364 5412 jussit
2399 5341 2601 5396 milites
2632 5340 2970 5397 descendere
2999 5350 3054 5395 et
3099 5354 3293 5409 rapere
3341 5353 3464 5392 eum
3517 5337 3588 5392 de

2009 5433 2192 5488 medio
2221 5448 2409 5487 eorum
2450 5447 2515 5486 ac
2541 5431 2814 5488 deducere
2841 5448 2964 5488 eum
2991 5432 3043 5485 in
3067 5439 3268 5487 castra.
3318 5427 3584 5500 Sequenti

2007 5534 2190 5580 autem
2243 5531 2406 5578 nocte
2459 5523 2728 5578 assistens
2759 5523 2809 5578 ei
2843 5522 3128 5588 Dominus,
3164 5522 3239 5576 ait
3267 5539 3284 5582 ;
3313 5521 3588 5577 Constans

2008 5627 2128 5674 esto
2170 5615 2355 5674 :sicut
2391 5615 2538 5670 enim
2571 5616 2897 5671 testificatus
2937 5630 2998 5670 es
3032 5615 3100 5670 de
3148 5629 3234 5670 me
3274 5614 3328 5670 in
3357 5612 3587 5670 Jerusa-

2011 5705 2139 5768 lem,
2170 5702 2251 5756 sic
2281 5709 2332 5754 te
2364 5707 2586 5771 Oportet
2607 5707 2662 5754 et
2691 5698 2878 5758 Romae
2918 5700 3225 5758 testificari.

1958 5797 2182 5868 Ῥώμην
2235 5799 2600 5870 μαρτυρῆσαι.
