4058 6210
493 265 625 331 1031
1342 265 1562 322 ΤΗΕΟ]

992 371 1562 428 COMMENTARIUS.

567 487 586 518 ι
629 463 904 521 Percutiet
933 471 986 518 te
1019 463 1184 528 Deus,
1238 463 1418 532 paries
1480 462 1755 518 dealbate.
1801 479 1822 513 ι
1872 461 2059 530 Inqui-

493 557 693 612 sitioue
732 554 955 622 dignum
1018 561 1123 617 est,
1169 550 1449 621 quomodo
1492 550 1718 616 Paulus,
1749 567 1874 607 cum
1931 551 2060 607 alibi

1342 258 1919 322 THEOPHYLACTI
1953 254 2365 317 BULGARLE
2410 251 2770 314 ARCHIEP.

3607 247 3768 312 1032

2769 365 3122 420 EPMHNEIA
3133 403 3147 418 .

2236 460 2422 525 ’Ἄξιον
2481 459 2734 528 ζητῆσαι,
2787 456 2906 520 πῶς
2957 457 2985 509 ὁ
3043 453 3205 517 αὐτὸς
3253 453 3490 522 ἀλλαχοῦ
3548 455 3756 521 εἰπὼν,

2170 569 2192 605 ι
2230 551 2649 620 Δοιδορούμενοι
2676 547 3024 618 εὐλογοῦμεν,
3064 543 3537 616 βλασφημούμενοι
3563 561 3761 616 παραο

493 648 725 703 dixerit:
767 663 786 695 ι
821 643 1197 698 Maledicimur
1229 652 1284 698 et
1339 643 1753 710 benedicimus;
1808 643 2064 714 blasphe-

2175 643 2456 712 καλοῦμεν,
2503 661 2523 691 ι
2569 639 2804 695 ἐνταῦθα
2831 640 3142 692 τούναντίον
3171 637 3233 690 ού
3287 636 3448 705 μόνον
3484 636 3756 708 λοιδορεῖ-

493 755 724 803 mamur,
759 744 814 792 et
845 737 1200 792 obsecramus
1231 735 1296 800 ⁸³,
1321 754 1340 787 ι
1371 746 1478 790 etc.
1505 752 1522 801 ;
1565 735 1652 789 hic
1683 751 1712 790 e
1733 745 1926 790 contra
1956 750 2062 789 non

2175 751 2274 797 rat,
2311 733 2448 787 ἀλλὰ
2487 733 2582 786 καὶ
2619 732 2918 803 ἐπαρᾶται.
2957 730 3066 783 Καί
3099 745 3303 799 φαμεν,
3345 729 3428 782 ὅτι
3458 727 3629 782 ταῦτα
3675 730 3758 781 τά

493 830 669 883 solum
705 827 1068 891 convicietur,
1093 825 1186 880 sed
1223 826 1388 880 etiam
1428 825 1757 879 maledicat?
1811 825 2060 894 Respon-

493 922 685 976 demus
721 920 838 974 htec
902 919 1070 972 verba
1101 919 1258 973 liberi
1298 919 1478 986 potius
1507 916 1674 970 animi
1723 933 1864 979 esse,
1896 931 2063 986 quam

495 1009 653 1063 irati:
686 1024 792 1062 non
823 1008 968 1062 enim
1014 1008 1226 1062 volebat
1271 1007 1698 1077 contemptibilis
1751 1005 1925 1060 videri
1960 1006 2063 1059 tri-

501 1099 668 1152 buno.
713 1096 770 1150 Si
806 1098 949 1150 enim
987 1097 1232 1150 Ananias
1271 1094 1492 1165 quidem
1543 1096 1612 1149 ab
1641 1110 1707 1149 eo
1736 1093 2063 1166 ﬂagellantio

494 1188 871 1252 abstinuisset,
910 1188 1056 1256 quod
1105 1203 1226 1241 mox
1283 1185 1486 1241 Judaais
1547 1187 1845 1241 tradendus
1894 1196 2063 1251 esset,

499 1279 764 1348 profecto,
787 1277 932 1348 quod
965 1279 1162 1333 Paulus
1188 1293 1218 1332 a
1243 1278 1458 1333 famulis
1483 1279 1882 1345 verberaretur,
1916 1278 2066 1332 illum

498 1369 850 1423 audaciorem
903 1367 1198 1423 effecisset.
1261 1366 1337 1421 Ea
1395 1375 1576 1422 autem
1632 1366 1798 1422 verba
1847 1381 1979 1432 non,
2010 1373 2068 1420 ut

497 1458 652 1512 aiunt
711 1459 956 1530 quidam,
1000 1458 1066 1513 ad
1114 1459 1472 1525 ministrum,
1525 1459 1618 1513 sed
1667 1460 1735 1512 ad
1784 1458 2069 1526 iubentem

502 1551 680 1618 ipsum
751 1550 987 1615 direxit;
1042 1565 1105 1603 ac
1153 1559 1445 1620 propterea
1502 1549 1688 1604 statim
1746 1563 1806 1603 se
1833 1562 2070 1618 purgare

505 1639 835 1710 aggreditur.
860 1640 1053 1694 Sciens
1083 1643 1228 1694 enim
1281 1640 1489 1705 justam
1529 1639 1694 1694 etiarn
1726 1638 1862 1693 iram
1897 1639 2071 1709 repri-

2165 829 2384 899 ρήματα
2427 824 2740 897 παρρησίας
2773 821 2973 892 μᾶλλον
3012 822 3161 875 ἐστιν
3202 820 3236 891 ἢ
3281 816 3478 890 Θυμοῦ.
3530 819 3606 872 υύ
3634 819 3753 890 γὰρ

2163 919 2414 974 ἐϐούλετο
2469 916 2978 987 εὑκαταφρόνητος-
3033 914 3267 984 φανῆναι
3326 910 3405 981 τῷ
3458 911 3750 982 χιλιάρχῳ.

2165 1013 2228 1064 El
2249 1011 2356 1081 γὰρ
2381 1010 2543 1072 αὐτὸς
2565 1009 2664 1079 μὲν
2689 1008 2945 1076 ἐφείσατο
2968 1003 3246 1077 μαστίξαι,
3284 1003 3359 1067 ὡς
3385 1002 3449 1073 δὴ
3467 1004 3580 1066 τοῖς
3611 1003 3750 1056 Ίου-

2164 1102 2333 1164 δαίοις
2381 1100 2684 1154 ἐκδίδοσθαι
2729 1099 3020 1169 μέλλοντα’
3067 1099 3127 1151 τὸ
3169 1096 3276 1150 ὑπὸ
3336 1095 3444 1149 τῶν
3515 1096 3750 1150 οἰκετῶν

2165 1192 2465 1245 τύπτεσθαι
2521 1189 2722 1260 μᾶλλον
2755 1189 2821 1243 ἂν
2844 1190 3049 1241 ἐκεῖνον
3077 1185 3410 1258 θρασύτερον
3427 1185 3750 1255 εἰργάσατο.

2168 1283 2338 1336 Τοῦτο
2366 1283 2421 1336 δὲ
2451 1283 2570 1352 ούχ,
2603 1281 2680 1343 ὡς
2719 1281 2853 1350 φασί
2880 1297 3046 1343 τινες,
3090 1278 3229 1348 πρὸς
3273 1277 3364 1332 τὸν
3407 1278 3572 1330 παῖδα
3607 1277 3750 1330 ἁπο-

2167 1374 2422 1440 τείνεται,
2450 1373 2586 1426 ἀλλὰ
2635 1373 2773 1444 πρὸς
2809 1371 2972 1424 αὐτὸν
3003 1370 3093 1424 τὸν
3116 1369 3481 1434 ἐπιτάξαντα*
3528 1367 3611 1420 διὸ
3650 1367 3754 1420 καὶ

2171 1467 2516 1534 ἀπολογεῖται
2560 1463 2784 1526 εὐθέως.
2835 1461 3004 1526 Εἰδὼς
3039 1460 3165 1532 γάρ,
3202 1460 3283 1512 ὅτι
3321 1458 3404 1511 δεῖ
3440 1456 3537 1512 καὶ
3575 1456 3754 1527 Θυμδν

2169 1557 2379 1609 δίκαιον
2417 1553 2818 1624 περιστέλλειν,
2841 1553 2936 1606 καὶ
2985 1551 3359 1619 ἀγανάκτησιν
3403 1546 3617 1602 δικαίαν
3656 1563 3753 1599 κα·

2170 1643 2418 1708 λύπτειν,
2466 1642 2655 1713 ὥσπερ
2703 1637 3101 1712 μεταμεληθεὶς
3159 1636 3344 1703 λέγει’
3378 1653 3399 1687 ι
3444 1635 3560 1688 Ούκ
3596 1633 3752 1704 ᾔδειν

506 1733 757 1786 mendam
808 1748 952 1795 esse,
1014 1747 1078 1786 ac
1111 1734 1318 1800 justam
1373 1748 1591 1802 quoque
1639 1733 2065 1803 indignationem

2176 1735 2256 1788 ὅτι
2301 1734 2448 1787 ἔστιν
2488 1731 2800 1802 ἀρχιερεὺς,
2845 1748 2865 1782 s
2904 1730 3081 1783 καίτοι
3148 1727 3328 1792 εἰδὼς,
3374 1725 3549 1796 (ἔλεγε
3599 1727 3746 1795 γάρ·

501 1823 860 1885 obruendam,
883 1821 1047 1876 veluti
1073 1824 1392 1892 paenitentia
1419 1824 1639 1888 ductus,
1663 1825 1774 1877 ait:
1804 1842 1823 1874 ‹
1852 1822 2070 1878 Nescie-

506 1914 626 1965 bam
661 1913 789 1981 quia
843 1911 1098 1981 princeps
1137 1920 1222 1965 est
1271 1913 1641 1969 sacerdotum.
1690 1932 1710 1965 ι
1747 1913 1812 1968 Et
1849 1915 2068 1984 quidem

503 2003 594 2056 ille
640 2002 847 2056 sciebat
911 2001 1064 2070 (39);
1122 2001 1357 2071 (dixerat
1401 2002 1566 2072 300
1602 2003 1786 2058 enim:
1850 2022 1868 2055 ι
1905 2003 1972 2057 Et
2011 2013 2070 2058 tu

503 2092 703 2148 sedens
729 2093 949 2161 judicas
984 2108 1070 2147 me
1130 2094 1434 2147 secundum
1488 2094 1696 2163 legem?
1735 2113 1753 2146 ι
1829 2103 2069 2151 attamen

505 2182 870 2250 ignorantiam
904 2181 1110 2234 nemini
1144 2183 1390 2250 noxiam,
1421 2182 1515 2238 sed
1540 2184 1641 2238 sibi
1675 2184 1863 2239 utilem
1893 2186 2067 2240 simu-

504 2272 596 2325 lat.
633 2270 713 2324 Ad
738 2271 908 2325 animi
943 2273 1087 2326 enim
1131 2273 1440 2329 libertatem
1481 2281 1711 2344 spectat,
1775 2277 2070 2332 vehemen-

503 2361 640 2415 tiore
667 2361 996 2433 quandoque
1024 2363 1102 2416 uti
1151 2363 1450 2419 locutione.
1495 2365 1562 2420 Et
1621 2367 1840 2435 quidem
1877 2367 2072 2422 intem-

503 2451 712 2517 pestiva
765 2450 1024 2520 loquendi
1055 2452 1284 2507 libertas
1325 2455 1540 2509 veritati
1591 2453 1736 2525 szepe
1788 2467 1982 2526 nocet;
2015 2467 2069 2513 at

502 2544 846 2604 opportunus
910 2538 1031 2606 ejus
1081 2556 1216 2595 usus
1251 2540 1569 2612 frequenter
1632 2546 1880 2612 coniicit,
1921 2549 2068 2617 quod

505 2627 828 2686 intenditur.
895 2648 913 2680 ι
985 2628 1176 2686 Sciens
1230 2641 1411 2689 autem
1478 2635 1705 2692 Paulus.
1770 2656 1790 2692 ι
1855 2637 2069 2696 Rursus

503 2717 743 2771 humana
782 2720 957 2772 utitur
1001 2722 1293 2790 industria,
1347 2740 1410 2779 ac
1470 2742 1578 2782 non
1626 2745 1845 2798 semper
1890 2733 2068 2800 gratia

504 2808 720 2863 fruitur.
762 2810 820 2864 Et
849 2811 1065 2882 quidem
1110 2830 1206 2884 per
1233 2815 1354 2881 hoc,
1386 2819 1530 2874 sicut
1603 2829 1658 2876 et
1687 2829 1897 2890 postea,
1931 2824 2072 2878 mul-

501 2898 811 2966 titudinem,
844 2918 964 2971 quae
992 2913 1185 2959 contra
1216 2907 1390 2976 ipsum
1414 2909 1599 2981 inique
1636 2913 2067 2982 conspiraverat,

501 2987 744 3044 dividere
770 2993 976 3045 studet.
1022 2992 1197 3063 Atque
1233 2996 1320 3049 hic
1381 2997 1544 3051 etiam
1598 3015 1707 3054 non
1771 3002 2066 3056 mentitur:

501 3087 619 3128 erat
640 3079 784 3130 enim
815 3095 882 3132 ex
916 3083 1357 3150 progenitoribus
1406 3085 1736 3141 Pharisaeus.
1763 3087 2072 3156 Sadduczei,

507 3175 694 3232 utpote
757 3170 956 3230 crassi,
1031 3171 1264 3226 lortasse
1334 3189 1512 3244 neque
1580 3176 1751 3232 Deum
1834 3188 2068 3237 norant:

502 3259 762 3324 quocirca
821 3257 984 3310 etiam
1041 3263 1496 3317 resurrectionem
1537 3281 1661 3322 esse
1722 3282 1831 3322 non
1883 3272 2071 3325 crede-

503 3345 654 3400 bant.
698 3364 718 3398 ι
762 3345 1023 3402 Pliariszci
1044 3358 1225 3406 autem
1271 3364 1502 3424 utraque
1562 3357 1916 3414 conﬁtentur.
1945 3380 1963 3414 ι
2003 3363 2069 3416 At

503 3451 626 3489 cum
655 3438 757 3489 tria
782 3446 910 3492 sunt
946 3478 959 3503 ,
998 3441 1270 3509 quomodo
1297 3443 1426 3499 dicit
1448 3464 1467 3498 ι
1502 3449 1769 3518 utraque?
1797 3468 1816 3501 ι
1842 3450 2069 3520 Nempe,

502 3527 585 3579 vel
617 3529 742 3595 quia
802 3533 1050 3599 spiritum
1077 3540 1130 3586 et
1165 3536 1414 3604 angelum
1453 3552 1550 3606 pro
1605 3554 1710 3592 una
1738 3555 1796 3594 re
1833 3543 2070 3612 accipit:

503 3617 589 3669 vel
621 3621 747 3686 quia
774 3620 943 3674 dictio
971 3629 1202 3692 utraque
1234 3640 1340 3679 non
1375 3627 1548 3680 solum
1584 3628 1652 3684 de
1690 3629 1902 3686 duobus
1928 3633 2070 3705 (qum

504 3707 723 3774 quidem
779 3712 995 3778 proprie
1049 3713 1364 3783 significat),
1411 3716 1504 3770 sed
1557 3718 1726 3772 etiam
1771 3719 1839 3774 de
1895 3722 2069 3778 tribus

505 3796 838 3864 (quanquam
878 3799 1059 3855 minus
1107 3803 1350 3876 proprie)
1405 3807 1693 3876 accipitur.
1750 3808 1889 3866 lline
1957 3829 2069 3869 non

504 3895 719 3953 oportet
747 3893 812 3942 ad
848 3890 1092 3960 profanae
1145 3895 1438 3952 locutionis
1486 3901 1872 3969 preprietatem
1931 3906 2067 3961 sim-

503 3978 726 4044 plicium
784 3990 839 4035 et
899 3985 1114 4039 rudium
1174 3989 1512 4056 piscatorum
1573 3993 1776 4062 scripta
1824 3997 2070 4068 exigere.

569 4163 615 4194 ⁸³
649 4162 670 4216 l
712 4163 836 4220 Cor.
898 4184 971 4232 tv,
1012 4170 1072 4222 2!

2178 1843 2197 1876 ι
2237 1825 2346 1877 Καὶ
2370 1825 2433 1877 σὺ
2464 1822 2606 1893 κάθῃ
2649 1821 2852 1892 κρίνων
2877 1837 2944 1890 με
2967 1819 3110 1872 κατὰ
3159 1817 3251 1871 τὸν
3300 1816 3492 1887 vapori;
3524 1816 3585 1884 ι)
3611 1814 3753 1869 ἀλλὰ

2174 1919 2554 1985 προσποιεῖται
2593 1915 2836 1983 ἄγνοιαν,
2869 1913 2931 1965 ού
2979 1911 3343 1980 βλάπτουσαν,
3397 1907 3512 1966 ἀλλ’
3541 1910 3751 1961 οἰκονο-

2178 2006 2408 2077 μοῦσαν.
2465 2007 2622 2060 Ἐστι
2666 2005 2774 2074 γὰρ
2815 2003 2907 2058 καὶ
2965 2001 3377 2074 μεταχειρισμῷ
3438 1999 3753 2072 χρήσασθαι

2179 2100 2518 2171 ἰσχυροτέρῳ
2548 2098 2884 2170 παρρησίας.
2916 2095 3183 2157 Πολλάκις
3209 2093 3435 2165 μὲνγὰρ
3469 2091 3753 2164 παρρησία

2173 2191 2398 2260 ἄκαιρος
2460 2189 2660 2260 ἔϐλαψε
2702 2188 2800 2259 τὴν
2851 2186 3150 2258 ἀλήθειανο
3214 2184 3637 2256 μεταχειρισμδς
3690 2183 3756 2235 δὲ

2175 2279 2430 2350 εὔκαιρος
2459 2280 2787 2351 κατώρθωσε
2813 2277 2874 2333 τὸ
2905 2276 3285 2350 προκείμενον.
3339 2273 3504 2326 Πάλιν
3532 2271 3754 2338 άνθρω·

2175 2369 2346 2433 πίνως
2363 2371 2692 2438 διαλέγεται,
2715 2373 2810 2424 καὶ
2838 2373 2900 2425 ού
2930 2367 3205 2440 πανταχοῦ
3237 2365 3338 2434 τῆς
3365 2365 3584 2434 χάριτος
3610 2364 3752 2415 ἀπο-

2173 2458 2329 2512 mea
2354 2459 2400 2490 ⁶⁰
2425 2499 2439 2513 .
2478 2460 2590 2512 Καὶ
2623 2462 2680 2514 ὲν
2707 2459 2902 2530 τούτῳ,
2930 2459 3025 2513 καὶ
3061 2461 3200 2529 μετὰ
3235 2454 3430 2521 ταῦτα»,
3474 2450 3754 2524 ἡδουλήθη

2177 2551 2362 2620 σκχίσαι
2409 2549 2469 2604 τὺ
2504 2549 2708 2619 πλῆθος
2735 2551 2796 2604 τὸ
2848 2551 3034 2613 κακῶς
3076 2549 3335 2620 δμονοοῦν
3399 2551 3516 2602 κατ’
3557 2541 3756 2601 αὐτοῦ.

2176 2644 2285 2696 Καὶ
2321 2643 2381 2694 ού
2434 2641 2690 2712 ψεύδεται
2727 2643 2853 2696 οὐδὲ
2889 2641 3158 2695 ἐνταῦθα·
3205 2642 3495 2712 Φαρισαῖος
3524 2640 3632 2710 γάρ
3675 2635 3755 2710 ἦν

2175 2732 2241 2785 ὲκ
2273 2732 2570 2802 προγόνων.
2605 2731 2951 2786 Σαδδουκαῖοι
2982 2734 3172 2802 παχεῖς
3209 2748 3351 2794 τινες
3389 2732 3566 2798 ὄντες,
3605 2733 3756 2801 τάχα

2175 2822 2293 2875 οὐδὲ
2312 2822 2403 2875 τὸν
2440 2821 2572 2875 Θεδν
2595 2821 2772 2876 ίσασιν
2791 2839 2807 2855 ο
2829 2822 2952 2876 ὅθεν
2984 2823 3106 2876 οὐδὲ
3139 2823 3433 2879 ἀνάστασιν
3468 2822 3752 2892 βούλονται

2177 2914 2452 2968 πιστεύειν
2484 2911 2647 2972 εἶναι.
2685 2935 2705 2968 ι
2740 2919 3025 2987 Φαρισαῖοι
3064 2918 3122 2971 δὲ
3183 2917 3504 2986 ὁμολογοῦσι
3549 2918 3615 2971 τά
3641 2917 3756 2985 ἁμα

2178 3006 2402 3077 φότερα.
2443 3026 2464 3060 s
2499 3008 2610 3062 Kal
2639 3008 2747 3078 μὴν
2775 3010 2902 3080 τρία
2932 3009 3068 3074 ἐστὶ,
3097 3009 3214 3072 πῶς
3267 3008 3360 3062 οῦν
3388 3009 3554 3076 λέγει,
3589 3025 3610 3061 ι
3643 3009 3757 3077 ἅμ-

2179 3096 2416 3168 φότερα;
2453 3117 2472 3151 ι
2501 3099 2573 3152 ’Ἡ
2621 3101 2704 3153 ὅτι
2751 3098 2968 3170 πνεῦμα
3007 3105 3099 3176 καὶ
3135 3100 3363 3169 ἄγγελον
3394 3100 3456 3153 ἓν
3488 3117 3672 3170 φησιν,
3709 3100 3750 3170 ῆ

2177 3189 2487 3257 ὅτιήλέξις
2543 3193 2602 3243 οὐ
2647 3193 2807 3262 μόνον
2851 3195 2977 3264 περὶ
3016 3193 3110 3246 δύο
3137 3193 3304 3260 λέγει,
3345 3195 3480 3263 ὅπερ
3540 3191 3748 3262 κυρίως

2175 3277 2325 3346 δηλοῖ
2346 3279 2424 3341 τὸ,
2457 3279 2768 3351 ἀμφότερα,
2821 3283 2956 3336 ἀλλὰ
2990 3285 3082 3337 καὶ
3110 3284 3238 3352 περὶ
3268 3283 3433 3354 τριῶν
3469 3283 3488 3355 [
3523 3282 3752 3352 λαμϐά-

2175 3384 2324 3422 νεται
2435 3369 2597 3424 Ὥστε
2628 3369 2722 3425 οὖν
2764 3374 2826 3427 ού
2881 3374 2964 3427 δεῖ
3001 3377 3074 3428 Δἐκ
3096 3376 3192 3445 τῆς
3228 3375 3426 3442 ἔξωθεν
3465 3375 3753 3446 άκρισολέ-

2174 3477 2305 3519 κτου
2330 3466 2648 3536 κυριότητος
2671 3469 2875 3538 κρίνειν
2891 3468 2988 3532 τὰς
3011 3469 3120 3522 τῶν
3143 3468 3328 3522 ἁπλῶν
3347 3469 3439 3521 καὶ
3454 3466 3758 3538 ἀγραμμά-

2172 3571 2280 3608 των
2318 3554 2512 3610 άλιέων
2557 3561 2902 3629 συγγραφάς.
2947 3559 3122 3630 Διχῶς
3163 3559 3281 3612 ἐστι
3321 3560 3510 3628 νοῆσαι
3557 3555 3617 3609 τὸ
3664 3558 3754 3609 sl-

2173 3643 2444 3712 ρημένον⁶
2507 3645 2540 3715 ἢ
2569 3646 2676 3716 γὰρ
2711 3647 2888 3700 λείπει
2933 3665 2988 3701 τι
3007 3649 3154 3718 αύτῷ
3177 3649 3315 3719 πρὸς
3363 3647 3754 3716 ἀναπλήρωσιν

2146 3733 2264 3786 ’τοῦ
2297 3735 2586 3804 νοήματος,
2617 3735 2762 3811 ἴναῄ
2792 3739 2966 3802 οὕτως
2986 3754 2999 3767 ·
3030 3741 3092 3792 Et
3125 3739 3184 3793 δὲ
3208 3738 3426 3808 πνεῦμα
3454 3738 3486 3807 ἢ
3517 3737 3754 3804 ἄγγελος

2168 3822 2426 3893 ὲλὰλησεν
2451 3826 2621 3897 αύτῷ,
2665 3827 2881 3900 ἄδηλον,
2909 3830 3071 3899 φησίν
3090 3846 3105 3862 ο
3137 3831 3173 3901 ἢ
3200 3830 3276 3894 ὡς
3301 3825 3410 3882 aut
3441 3828 3550 3882 τῶν
3577 3829 3750 3896 thaps-

2175 3914 2341 3967 σαίων
2382 3915 2446 3968 τὸ
2489 3917 2641 3987 ῥῆμα
2688 3917 2929 3973 λεκτέον.
2985 3940 3004 3973 ι
3042 3921 3104 3974 El
3141 3920 3197 3974 δὲ
3223 3920 3439 3991 πνεῦμα
3483 3918 3754 3988 ἐλάλησεν

2176 4001 2346 4072 αὐτῷ,
2376 4002 2409 4073 ἢ
2441 4003 2693 4074 ἄγγελος.
2731 4025 2752 4060 s
2799 4009 2946 4064 Ἀντὶ
2983 4011 3102 4078 τοῦ,
3167 4012 3300 4066 Ἰδοὺ
3329 4011 3400 4065 τά
3441 4010 3571 4080 περὶ
3614 4009 3754 4062 ἀναο

1696 4267 1894 4330 Varite
1923 4269 2229 4334 lectiones
2271 4277 2334 4336 et
2375 4279 2568 4337 notua.

574 4358 620 4390 ‘°
659 4361 941 4417 ἀπολαύει.

579 4515 690 4584 (39)
727 4517 943 4603 Mirum,
974 4521 1119 4603 quod
1137 4529 1338 4603 auctor
1364 4525 1488 4603 iste,
1526 4524 1619 4594 qui
1646 4525 1782 4603 alias
1827 4527 2068 4598 Cliryso-
2099 4532 2145 4588 ι)
2171 4539 2390 4603 quenter
2419 4528 2637 4603 Indicos
2658 4531 2997 4598 convenisset,
3025 4535 3319 4603 videretque
3347 4553 3462 4591 eum
3492 4538 3546 4590 in
3571 4539 3742 4592 medio

506 4592 890 4660 stuinuntl'ere
916 4593 1198 4655 esset-ibit,
1236 4594 1323 4648 hic
1366 4592 1569 4650 diserte
1627 4597 1693 4650 ab
1725 4597 1840 4660 illo,
1897 4592 1973 4659 εἰ,
2009 4609 2071 4653 ut

507 4670 619 4738 ego
639 4658 856 4724 quidem
887 4661 1239 4738 putn,_etiai_n
1268 4678 1297 4715 a
1324 4666 1555 4738 veritate
1583 4658 1854 4738 discedat.
1895 4658 2076 4738 Chry-

508 4731 808 4790 sostomus,
843 4737 903 4800 ut
933 4729 1164 4800 aequitas
1196 4731 1312 4800 ipsa
1339 4736 1618 4799 postulare
1673 4736 1912 4799 videtur,
1944 4729 2078 4790 cen-

511 4799 597 4874 set
651 4802 704 4873 et
737 4796 1006 4850 sustinet’
1041 4796 1270 4874 Paulum
1319 4796 1508 4858 revera
1573 4796 2076 4874 ignorassefquod

511 4862 753 4943 {inanias
773 4878 839 4918 eo
897 4877 1138 4943 tempore
1192 4872 1448 4943 princeps
1501 4862 1649 4943 esset
1706 4862 2073 4928 sacerdotum.

519 4928 714 5011 Verbs,
748 4949 871 5011 qua:
899 4937 988 4992 ille
1007 4928 1353 4994 liabet-hom.
1385 4928 1556 4996 'vaut
1605 4942 1660 4994 in
1705 4944 1844 5011 ,Act.
1869 4959 1958 5011 ap.
1990 4945 2080 4998 ltic

512 5002 716 5056 referre
747 5002 913 5078 libet,
935 5017 1181 5078 utnemo
1207 5011 1667 5066 commentatoris
1701 5010 1866 5078 hujus
1895 5002 1992 5065 liae
2019 5014 2072 5065 in

512 5079 665 5149 parte
691 5077 1016 5149 expositioni
1063 5077 1207 5131 lidat.
1239 5078 1346 5149 Ait_
1385 5082 1571 5149 itaque
1602 5077 1956 5134 initio’num.
1986 5081 2022 5133 2
2057 5097 2071 5134 :

510 5140 1015 5218 Quidam’dicuut
1063 5154 1248 5218 (verna
1307 5140 1497 5203 Graeca
1564 5149 1845 5218 brevitatis
1903 5160 2076 5218 gratta

508 5214 726 5280 omitto)
755 5228 845 5279 per
879 5216 1105 5269 ironiam
1139 5217 1366 5268 locutum
1399 5234 1534 5272 esse.
1563 5216 1698 5270 Mihi
1729 5214 2078 5272 autem'ride-

511 5288 598 5331 tur
653 5283 820 5358 ipsum
875 5285 1084 5358 omnino
1115 5287 1435 5358 nescivisse,
1481 5288 1617 5357 quod
1641 5298 1776 5341 esset
1812 5290 2077 5358 princeps

509 5356 878 5404 sacerdotum:
921 5353 1159 5423 alioquin
1221 5355 1378 5407 illum
1427 5353 1755 5411 Iro'norasset.
1799 5353 1924 5413 Ideo
1966 5353 2074 5412 sese

507 5431 696 5486 purgat
736 5432 1108 5495 accusatus,_et
1159 5425 1345 5479 addit:
1385 5444 1404 5476 ι
1442 5427 1738 5492 l’rinci;em
1787 5429 1965 5495 populi
1998 5430 2077 5482 tui

510 5502 614 5539 non
644 5491 942 5566 maledica.
978 5510 1000 5566 ρ
1034 5492 1098 5546 Et
1120 5495 1284 5566 paulo
1315 5504 1470 5563 post:
1506 5495 1570 5548 Et
1624 5491 1836 5549 omnino
1856 5491 2076 5566 persna-

511 5570 604 5610 sus
626 5572 762 5620 sum,
801 5562 1074 5636 nescivisse
1101 5562 1270 5625 illum,
1308 5562 1443 5635 quod
1478 5566 1718 5636 princeps
1745 5562 2074 5620 sacerdotum

509 5635 664 5692 isset,
705 5630 844 5693 quod
871 5641 987 5696 post
1035 5632 1244 5704 (angunt
1279 5630 1489 5704 tempus
1530 5630 1795 5703 redii'sset,
1848 5654 1938 5692 nec
1966 5639 2079 5707 [re-

2183 4599 2470 4652 inultorum
2502 4600 2775 4674 aliorum;
2807 4618 2908 4655 non
2942 4605 3075 4658 enim
3125 4599 3434 4674 manifestus
3463 4619 3575 4660 erat
3598 4609 3746 4669 prin-

2185 4683 2302 4735 ceps
2363 4671 2694 4724 sacerdotum
2743 4673 2879 4724 inter
2927 4675 3118 4727 multos
3170 4686 3218 4728 et
3263 4671 3491 4728 diversos
3536 4686 3740 4730 astans.

2183 4737 2245 4790 Et
2285 4739 2341 4790 in
2393 4741 2497 4792 line
2528 4739 2688 4810 hujus
2725 4743 2972 4814 n_um_eri:
3008 4740 3341 4806 Nesciebam.
3380 4746 3570 4813 inquit,
3600 4748 3742 4814 quod

2183 4822 2420 4883 summus
2445 4808 2692 4883 sacerdos
2715 4811 2808 4862 sit.
2835 4808 2977 4880 Ergo
3002 4827 3076 4883 ea:
3099 4814 3404 4881 ignorantia
3449 4808 3740 4883 increpatio

2186 4875 2461 4950 {uit._Nisi
2489 4881 2627 4931 enim
2651 4881 2749 4950 hoc
2804 4875 3086 4950 esseLVillo
3113 4875 3327 4950 accepto
3380 4875 3612 4942 abiisset',
3648 4900 3740 4937 nec

2188 4946 2458 5018 tacuisset,
2517 4957 2670 5018 atque
2723 4949 2893 5015 ipsum
2945 4949 3054 5002 illis
3099 4946 3340 5006 tribunus
3405 4955 3738 5007 tradidisset.

2181 5012 2446 5068 Similiter
2504 5012 2658 5092 ιιιιίι)2
2703 5012 2860 5092 seqq.
2886 5034 2900 5071 :
2951 5018 3292 5092 Nescieaam,
3356 5022 3546 5092 inquit,
3602 5025 3740 5091 quod

2183 5099 2418 5161 summus
2470 5086 2716 5161 sacerdos
2767 5086 2860 5140 Dei
2907 5097 3063 5141 esset.
3110 5089 3234 5161 Hoc
3259 5086 3434 5154 (ιὶεεὶι,⁷
3467 5086 3627 5161 neque
3657 5092 3744 5144 hic

2185 5153 2370 5229 stetit;
2401 5152 2490 5229 sed
2524 5157 2798 5229 ostendens
2849 5172 3055 5229 senon
3101 5159 3300 5213 ironice
3331 5152 3494 5229 loqui,
3542 5152 3742 5229 'addit:

2191 5239 2210 5272 ι
2251 5219 2552 5287 Principem
2611 5227 2791 5292 populi
2856 5227 2933 5278 tui
2991 5243 3094 5280 non
3145 5219 3440 5282 maledice}.
3479 5219 3522 5281 ἰ
3581 5227 3741 5282 Nulla

2186 5292 2371 5368 verior
2402 5301 2499 5368 aut
2547 5298 2755 5363 aequior
2783 5296 3056 5368 expositio
3083 5297 3170 5368 ltic
3198 5298 3316 5353 dari
3341 5309 3535 5368 potest.
3559 5297 3740 5352 Caete-

2183 5376 2304 5414 rum
2346 5363 2398 5414 in
2426 5360 2834 5418 Commentario
2862 5360 2970 5419 isto
3024 5367 3128 5420 sub
3156 5360 3372 5422 nomine
3419 5366 3740 5423 (Ecumenii

2182 5431 2330 5505 edito
2358 5431 2592 5505 refertur
2615 5437 2786 5505 etiam
2811 5435 2922 5505 inec
2953 5437 3265 5505 explicatio,
3302 5438 3450 5492 velut
3477 5452 3739 5505 quorum-

2183 5453 2330 5482 cuuu
2358 5453 2592 5485 αξιοι-ιω·
2615 5453 2778 5486 etiam
2811 5453 2922 5487 tunc
2953 5453 3204 5503 expttcatt
3250 5475 3265 5498 ,
3302 5453 3450 5492 vellit
3477 5453 3739 5505 quorum-

2183 5499 2346 5573 dam:
2380 5502 2522 5561 τινές
2541 5501 2915 5573 φασι,(ιιιὶάαιιι
2953 5504 3155 5559 dicunt.
3190 5453 3358 5560 ἣῗίι-οι·
3406 5523 3555 5573 vero,
3587 5521 3741 5558 com-

2184 5570 2492 5647 pilatoretn,
2529 5582 2584 5647 u_t
2617 5571 2936 5647 plurimum,
2963 5575 3335 5644 Clirysostumi
3393 5586 3503 5647 tam
3539 5570 3741 5647 Trig'tde

2184 5639 2304 5706 ejus
2333 5639 2684 5706 sententiam,
2715 5641 2884 5711 ipsius
2911 5639 3093 5700 ferme
3107 5647 3307 5712 verbis,
3331 5646 3554 5704 referre.
