4058 6210
416 296 557 369 1035
1260 302 1361 362 ΤΗ
1375 300 1832 361 EOPHYLACTI
1872 298 2277 361 summus
2308 301 2662 361 meumr.
3516 295 3659 364 1036

410 414 598 468 minis.
621 412 683 467 Et
717 425 839 466 cum
875 409 1005 463 mihi
1041 408 1308 479 perlatum
1339 416 1486 463 esset
1519 408 1587 462 de
1611 407 1978 477 insidiisquas

2091 409 2277 474 ιὶτίαν,
2312 409 2381 461 δι’
2402 409 2468 480 ἣν
2490 408 2779 463 ἐνεκάλουν
2826 407 2996 475 αὐτῷ,
3025 408 3342 478 κατήγαγον
3385 407 3549 461 αὐτὸν
3579 409 3666 471 εἰς

414 502 863 575 paraverantilli.
884 499 1007 553 misi
1038 514 1161 554 eum
1191 498 1258 554 ad
1289 507 1339 553 te
1367 499 1723 564 denuntians,
1753 508 1806 553 et
1823 513 1985 555 accu—

2091 498 2152 551 τδ
2186 499 2461 571 συνέδριον
2492 500 2695 555 αὐτῶν.
2738 500 2833 553 Ὃν
2894 495 3052 571 εὖρον
3079 498 3479 568 ἐγκαλούμενον
3534 498 3669 567 περὶ

418 596 719 661 satoribus,
748 601 806 647 ut
834 593 1022 646 dicant
1058 590 1202 661 apud
1233 598 1303 645 te.
1325 590 1477 645 Vale.
1538 609 1556 642 ι

2101 589 2436 661 ζητημάτων
2464 593 2559 647 τοῦ
2599 592 2765 664 νόμου
2808 592 3013 659 αὐτῶν,
3046 593 3209 665 μηδὲν
3237 592 3295 646 δὲ
3316 591 3466 658 ἄξιον
3496 590 3669 645 θανά-

416 705 514 745 του
555 685 587 757 ἢ
642 684 857 755 δεσμῶν
888 684 1083 754 ἔχοντα
1110 680 1387 753 ἔγκλημα.
1422 681 1776 753 Μηνυθεῐσης
1806 681 1861 734 δέ
1899 698 1988 750 μοι
2025 681 2315 755 ἐπιϐουλῆς
2349 690 2429 750 είς
2480 687 2571 740 τὸν
2616 687 2785 758 ἄνδρα
2838 687 3051 756 μέλλειν
3106 685 3325 741 ἔσεσθαι
3392 683 3498 738 ὑπὸ
3554 683 3673 738 τῶν

427 778 719 845 Ἰουδαίων,
744 775 805 841 ἐξ
849 774 1021 845 αὐτῆς
1069 773 1292 845 ἔπεμψα
1316 773 1454 846 πρὸς
1504 774 1583 841 σὲ,
1615 773 1991 846 παραγγείλας
2030 774 2126 828 καὶ
2158 779 2269 842 τοῖς
2341 779 2669 851 κατηγόροις
2735 780 2912 848 λέγειν
2938 779 3006 834 τά
3044 764 3180 851 πρὸς
3212 778 3375 832 αὑτὸν
3410 777 3500 831 ἐπὶ
3545 777 3664 832 σοῦ.

416 874 688 945 Ἐρρωσο.
722 888 741 922 ι

492 966 692 1022 Milites
706 976 835 1035 ergo
865 960 1169 1016 secundum
1202 965 1529 1029 prmceptum
1561 957 1684 1022 sibi,
1710 970 1994 1011 assumen-

417 1071 500 1116 tcs
533 1057 759 1112 Paulum
796 1055 1073 1109 duxerunt
1108 1066 1202 1121 per
1222 1050 1383 1121 302
1418 1057 1633 1104 noctem
1668 1049 1721 1103 in
1751 1049 1987 1117 Antipa-

416 1153 644 1217 tridetn;
679 1158 733 1204 et
761 1154 978 1218 postera
1003 1145 1113 1209 die,
1139 1144 1385 1198 dimissis
1409 1143 1709 1212 equitibus,
1753 1150 1813 1195 ut
1863 1155 1988 1194 cum

414 1262 481 1300 eo
518 1247 681 1306 irent,
716 1239 922 1295 reversi
944 1246 1072 1293 sunt
1102 1235 1169 1290 ad
1196 1244 1398 1290 castra.
1419 1233 1521 1299 Qui
1552 1243 1677 1287 cum
1708 1233 1989 1287 venissent

416 1338 726 1392 Cznsaream
771 1341 824 1387 et
863 1330 1217 1387 tradidissent
1249 1327 1537 1397 epistolam
1595 1322 1837 1395 pra'sidi,
1869 1331 1985 1377 sta-

417 1438 644 1484 tuerunt
677 1434 801 1481 ante
824 1425 976 1479 illum
1003 1429 1057 1475 et
1084 1420 1335 1474 Paulum.
1360 1418 1495 1472 Cum
1525 1417 1746 1486 legisset
1802 1422 1983 1469 autem

412 1534 468 1575 et
502 1522 897 1587 interrogasset
925 1516 990 1570 de
1015 1528 1122 1584 qua
1155 1510 1435 1581 provincia
1463 1523 1609 1563 esset
1637 1525 1651 1573 ;
1690 1515 1744 1561 et
1775 1519 1982 1577 cogno-

397 1624 601 1671 scens,
640 1608 769 1677 quia
802 1608 869 1661 de
920 1604 1108 1659 Cilicia
1146 1600 1423 1656 :Audiam
1480 1608 1554 1664 te,
1606 1596 1806 1666 inquit,
1859 1610 1981 1650 cum

414 1711 764 1758 accusatores
794 1700 870 1753 ttti
900 1692 1468 1763 venerintJussitQtte
1500 1693 1555 1746 in
1591 1690 1844 1761 praetorio
1878 1687 1985 1743 lle—

415 1794 567 1848 rodis
592 1788 865 1847 custodiri
893 1802 1039 1841 eum.

922 2059 1154 2118 CAPUT
1202 2054 1419 2113 XXXV.

418 2156 646 2213 Tertulli
666 2155 938 2210 accusatio
971 2161 1161 2207 contra
1195 2148 1448 2214 Paulum,
1485 2158 1532 2203 et
1565 2147 1723 2218 hujus
1751 2148 1986 2217 defensio

842 2232 847 2235 ’
973 2259 1155 2298 coram
1171 2242 1417 2311 preside.

486 2337 675 2405 XXIV,
708 2337 854 2394 1-9.6.
896 2336 1025 2392 Post
1060 2337 1299 2406 quinque
1330 2344 1510 2391 autem
1544 2333 1660 2388 dies
1710 2331 1987 2387 descendit

412 2436 672 2507 princeps
688 2430 1026 2487 sacerdotum
1040 2428 1282 2482 Ananias
1294 2441 1418 2481 cum
1440 2424 1748 2482 senioribus
1764 2423 1990 2494 quibus-

417 2530 540 2580 dam
560 2534 614 2579 et
638 2522 882 2577 Tertullo
903 2520 1137 2590 quodam
1157 2527 1393 2586 oratore,
1419 2518 1509 2587 qtti
1532 2516 1784 2571 adierunt
1802 2514 1988 2585 praesi-

416 2620 540 2671 dem
567 2616 828 2670 adversus
854 2612 1102 2675 Paulum.
1127 2608 1216 2676 Et,
1238 2610 1406 2664 citato
1427 2609 1614 2673 Paulo,
1635 2606 1798 2677 C(Bpit
1824 2619 1986 2661 accu-

415 2718 541 2757 sare
561 2700 862 2766 Tertullus,
884 2699 1072 2754 dicens
1107 2697 1279 2754 :Cum
1312 2698 1367 2751 in
1407 2698 1577 2776 multa
1608 2711 1742 2767 pace
1763 2709 1988 2766 agamus

418 2792 611 2865 perte,
661 2801 715 2849 et
751 2792 920 2846 multa
983 2790 1329 2860 corrigantur
1368 2804 1463 2859 per
1510 2800 1654 2843 tuam
1696 2786 1989 2858 providen-

418 2887 586 2950 tiam,
633 2898 845 2952 semper
871 2891 926 2938 et
972 2881 1176 2951 ubique
1208 2880 1564 2951 suscipimus,
1598 2875 1985 2949 optimeFelix,

415 2990 540 3029 cum
586 2974 735 3027 omni
772 2973 1074 3043 gratiarum
1137 2972 1372 3027 actione.
1435 2969 1512 3024 Ne
1565 2969 1774 3024 diutius
1805 2975 1985 3021 autent

417 3078 470 3122 te
499 3067 837 3138 protraltam,
868 3082 987 3132 oro,
1015 3066 1252 3121 breviter
1285 3064 1478 3119 audias
1507 3077 1608 3119 nos
1643 3078 1743 3133 pro
1767 3071 1856 3115 tua
1874 3061 1987 3116 cle-

2164 960 2230 1013 Οί
2260 960 2360 1031 μὲν
2393 957 2488 1012 οῦν
2531 959 2862 1031 στρατιῶται
2909 959 2997 1012 διὰ
3044 958 3259 1022 νυκτὸς,
3292 956 3434 1010 κατὰ
3461 956 3521 1009 τὸ
3547 952 3664 1009 εια-

2090 1052 2424 1121 τεταγμένον
2451 1051 2653 1115 αὐτοῖς,
2685 1050 3045 1112 ἀνα’·αδόντες
3082 1048 3174 1102 τὸν
3204 1047 3435 1111 Παῦλον,
3459 1047 3666 1116 ἤγαγον

2090 1145 2169 1207 είς
2232 1145 2331 1214 τὴν
2373 1143 2778 1210 Ἃντιπατρίδα.
2837 1143 2914 1210 Τῇ
2962 1142 3017 1195 δὲ
3070 1140 3334 1209 ἐπαύριον
3400 1140 3664 1200 ἐάσαντες

2090 1234 2216 1297 τοὺς
2269 1235 2456 1296 ἱππεῖς
2486 1234 2817 1304 πορεύεσθαι
2858 1233 2951 1286 σὺν
2999 1229 3169 1299 αὐτῷ,
3198 1227 3549 1299 ὑπέστρεψαν
3583 1227 3666 1288 εἰς

2088 1323 2186 1394 τὴν
2223 1323 2596 1395 παρεμϐολήν.
2632 1323 2842 1384 Οἴτινες
2887 1319 3220 1381 εἰσελθόντες
3260 1319 3341 1381 είς
3391 1317 3489 1386 τὴν
3523 1317 3666 1369 Και-

2091 1415 2339 1485 σάρειαν,
2367 1415 2462 1467 καὶ
2508 1414 2790 1476 ἀναδόντες
2826 1412 2924 1482 τὴν
2971 1411 3262 1479 ἐπιστολὴν
3292 1408 3370 1479 τῷ
3409 1407 3663 1478 ἡγεμόνι,

2090 1506 2434 1578 παρίστησαν
2484 1507 2578 1560 καὶ
2623 1506 2712 1559 τὸν
2772 1505 2984 1559 Παῦλον
3012 1502 3183 1573 αὐτῷ.
3239 1503 3517 1568 Αναγνοῦς
3547 1501 3604 1552 δέ
3635 1502 3668 1553 δ

2088 1599 2333 1671 ήγεμὼν,
2368 1601 2463 1653 καὶ
2515 1600 2869 1671 ἐπερωτήσας
2909 1600 2972 1651 ἐκ
3016 1596 3176 1659 ποίας
3214 1594 3490 1665 ἐπαρχίας
3520 1595 3666 1658 ἐστὶ,

2093 1694 2183 1746 καὶ
2219 1692 2524 1762 πυθόμενος
2553 1693 2637 1744 ὅτι
2679 1690 2787 1744 ἀπὸ
2833 1688 3110 1755 Κιλικίας,
3140 1687 3510 1757 Διακούσομαί
3539 1703 3661 1750 σου,

2019 1780 2062 1835 Β
2090 1782 2219 1856 ἔφη,
2252 1784 2378 1837 ὅταν
2407 1784 2504 1837 καὶ
2544 1785 2592 1837 οί
2623 1782 2922 1853 κατήγοροί
2960 1798 3055 1836 σου
3100 1780 3538 1852 παραγένωνται,
3564 1795 3661 1831 κε-

2091 1877 2286 1959 λεύσας
2343 1879 2401 1932 ἐν
2458 1876 2536 1948 τῷ
2593 1876 2914 1948 πραιτωρίῳ
2970 1873 3214 1946 Ἡρώδου
3290 1871 3661 1943 φυλάσσεσθαι

2091 1968 2271 2023 αὐτόν.

2670 2059 2922 2114 ΚΕΦΑΛ.
2947 2058 3034 2112 ΛΕ
3055 2099 3069 2112 .

2098 2148 2434 2216 Τερτύλλου
2468 2148 2618 2202 κατὰ
2656 2149 2900 2203 Παύλου
2946 2145 3289 2216 κατηγορία,
3334 2142 3433 2197 καὶ
3476 2139 3667 2197 αὐτοῦ

2431 2238 2726 2309 ἀπολογία
2749 2238 2845 2293 ἐπὶ
2876 2236 2982 2291 τοῦ
3004 2236 3317 2305 ἡγεμόνος.

2161 2329 2319 2385 Μετὰ
2341 2330 2399 2383 δέ
2428 2330 2589 2387 πέντε
2614 2330 2852 2401 ἡμέρας,
2884 2327 3092 2398 κατέϐη
3118 2327 3146 2379 δ
3178 2322 3468 2397 ἀρχιερεὺς
3502 2322 3663 2375 Ἀναο

2091 2420 2213 2483 νίας
2266 2421 2407 2490 μετὰ
2465 2419 2854 2491 πρεσδυτέρων
2902 2418 3085 2483 τινῶν,
3120 2416 3213 2471 καὶ
3266 2414 3496 2484 ῥήτορος
3525 2408 3666 2480 Tage

2091 2513 2286 2566 τύλλου
2323 2511 2466 2576 τινὸς
2491 2551 2506 2578 ,
2534 2512 2728 2576 οἵτινες
2760 2511 3099 2581 ἐνεφάνησαν
3138 2507 3215 2579 τῷ
3247 2505 3474 2577 ἡγεμόνι
3523 2504 3668 2556 κατά

2093 2605 2187 2659 τοῦ
2222 2603 2461 2660 Παύλου.
2490 2603 2801 2675 Κληθέντος
2847 2603 2904 2657 δὲ
2938 2602 3131 2667 αὑτοῦ,
3171 2600 3375 2673 ήρξατο
3429 2613 3668 2665 κατηγο-

2098 2701 2211 2771 ρεῖν
2238 2701 2266 2753 ὁ
2286 2698 2587 2769 Τέρτυλλος
2617 2697 2793 2765 λέγων
2813 2696 3064 2765 ’Ἠολλῆς
3105 2695 3330 2766 εἰρήνης
3367 2693 3665 2762 τυγχάνονο

2092 2808 2186 2853 τες
2218 2790 2306 2844 διὰ
2336 2789 2455 2856 σοῦ,
2484 2789 2580 2843 καὶ
2611 2788 2822 2842 πολλῶν
2869 2786 3310 2856 κατορθωμάτων
3356 2782 3667 2853 γενομένων

2094 2882 2171 2953 τῷ
2193 2882 2336 2935 ἔθνει
2373 2881 2551 2953 τούτῳ
2584 2880 2674 2934 διὰ
2704 2880 2802 2951 τῆς
2833 2880 2927 2950 σῆς
2959 2877 3239 2950 προνοίας,
3280 2876 3454 2945 πάντη
3487 2891 3543 2927 τε
3567 2875 3666 2925 καὶ

2095 2974 2370 3046 πανταχοῦ
2403 2972 2805 3045 ἀποδεχόμεθα,
2841 2971 3100 3044 κράτιστε
3117 2969 3301 3039 Φῆλιξ,
3327 2968 3465 3039 μετά
3480 2968 3667 3036 πάσης

2095 3067 2613 3139 εὐχαριστίας-,Ἵνα
2668 3066 2725 3120 δέ
2757 3064 2834 3137 μή
2884 3064 2978 3118 ἐπὶ
3034 3062 3215 3117 πλεῖόν
3275 3078 3335 3115 σε
3389 3061 3663 3124 ἐκκόπτω,

420 3155 645 3209 utentia.
687 3155 1003 3208 Invenimus
1064 3153 1211 3207 hunc
1242 3153 1520 3206 hominem
1575 3149 1895 3219 pestiferum
1937 3154 1991 3203 et

2096 3134 2398 3232 παρακαλῶ
2421 3159 2653 3215 ἀκοῦσαί
2684 3176 2744 3213 σε
2759 3134 2930 3229 ήμῶν
2957 3157 3257 3227 συντόμως,
3295 3157 3357 3224 τῇ
3391 3155 3456 3221 σῇ
3493 3154 3667 3204 ἐπιει-

420 3246 789 3302 concitantetn
828 3244 1129 3298 seditiones
1178 3241 1439 3296 omnibus
1483 3239 1694 3294 Judteis
1744 3240 1799 3294 in
1863 3238 1991 3293 uni-

418 3352 585 3392 verso
625 3335 777 3400 orbe,
808 3342 862 3390 et
893 3341 1175 3387 auctorem
1202 3330 1485 3386 seditionis
1537 3340 1701 3384 sectae
1752 3329 1993 3385 Nazare-

421 3443 616 3485 norum
650 3445 663 3482 :
695 3425 790 3498 qui
830 3425 992 3480 etiam
1028 3424 1287 3494 templum
1347 3422 1551 3478 violare
1600 3430 1828 3478 conatus
1883 3430 1988 3489 est,

420 3535 583 3591 quem
614 3528 669 3573 et
699 3504 1102 3589 apprehensum
1153 3514 1430 3569 voluimus
1460 3512 1763 3569 secundum
1816 3512 1990 3582 legem

422 3618 667 3662 nostram
710 3606 975 3677 judicare.
1038 3603 1446 3675 Superveniens
1498 3612 1683 3659 autem
1739 3603 1991 3659 tribunus

415 3698 629 3769 Lysias,
654 3713 776 3752 cum
811 3697 861 3752 vi
902 3712 1099 3767 magna
1126 3697 1331 3766 eripuit
1367 3710 1491 3751 eum
1527 3696 1594 3750 de
1617 3695 1870 3751 manibus
1892 3711 1993 3749 no-

419 3794 572 3854 stris,
590 3790 790 3860 jubens
814 3799 1163 3844 accusatores
1205 3787 1324 3858 ejus
1361 3787 1430 3842 ad
1458 3797 1510 3842 te
1558 3788 1743 3843 venire
1773 3803 1787 3841 :
1818 3803 1848 3840 a
1879 3802 1989 3858 quo

419 3882 624 3953 poteris
655 3883 773 3951 ipse
796 3881 1074 3952 judicans,
1104 3881 1170 3935 de
1191 3880 1448 3935 omnibus
1479 3881 1602 3936 iSIis
1653 3894 1988 3951 cognoscere

415 3973 484 4028 de
512 3974 709 4044 quibus
732 3989 832 4029 nos
860 3986 1181 4028 accusamus
1201 3988 1348 4027 eum.
1369 3971 1703 4041 Adjecerunt
1730 3979 1911 4026 autem
1934 3977 1989 4026 et

413 4066 610 4131 Judaei,
633 4065 1006 4121 dicentesltaec
1032 4066 1107 4118 ita
1140 4079 1197 4119 se
1229 4064 1445 4119 habere.
1465 4061 1765 4134 Respondit
1806 4072 1987 4118 autem

421 4153 619 4208 Paulus
652 4154 947 4224 (annuente
986 4153 1092 4208 sibi
1127 4153 1354 4222 praeside
1403 4153 1607 4216 dicere)
1643 4170 1657 4206 :
1694 4153 1773 4207 Ex
1806 4152 1989 4208 multis

419 4252 578 4301 annis
613 4258 663 4303 te
683 4261 807 4302 esse
826 4248 1033 4316 justum
1060 4246 1299 4315 judieem
1320 4247 1463 4312 genti
1487 4245 1612 4300 huic
1643 4246 1823 4301 sciens
1848 4246 1988 4302 bono

418 4341 603 4395 animo
630 4355 726 4408 pro
749 4353 836 4394 me
854 4338 1214 4393 satisfaciam.
1249 4328 1413 4391 Potes
1441 4338 1585 4391 enim
1634 4352 1990 4408 cognoscere,

418 4435 548 4503 quia
598 4445 708 4486 non
741 4432 864 4503 plus
915 4420 1047 4485 mihi
1084 4429 1199 4484 dies
1235 4444 1398 4499 quam
1434 4428 1740 4495 duodecim,
1768 4446 1835 4485 ex
1884 4444 1990 4500 quo
2015 4462 2070 4522 Ι)

416 4524 635 4580 ascendi
666 4525 894 4580 adorare
927 4525 981 4578 in
1013 4521 1340 4589 Jerusalem,
1362 4529 1417 4577 et
1447 4538 1625 4593 neque
1681 4523 1738 4579 in
1789 4525 1992 4595 templo

418 4617 745 4671 invenerunt
768 4631 854 4670 me
882 4631 1006 4670 cum
1052 4615 1238 4684 aliquo
1298 4614 1688 4683 dismitantem,
1730 4625 1825 4671 aut
1860 4632 1994 4672 con-

417 4722 637 4761 cursum
663 4707 951 4761 lacicntetn
973 4708 1168 4773 turbm,
1191 4721 1365 4776 neque
1398 4707 1453 4777 in
1484 4708 1796 4778 synagogis,
1820 4721 1996 4777 neque

419 4800 474 4853 in
494 4798 747 4864 "civilate,
778 4813 957 4867 neque
1003 4797 1235 4869 probare
1264 4806 1499 4869 pessunt
1540 4800 1637 4854 tibi
1684 4783 1756 4854 de
1797 4799 1995 4869 quibus

418 4905 566 4944 nunc
598 4904 683 4944 me
701 4896 989 4945 accusant.
1023 4891 1301 4945 Conliteor
1333 4901 1519 4946 autem
1550 4891 1653 4945 hoc
1691 4890 1811 4954 tibi,
1847 4890 1994 4960 quod

418 4981 722 5037 smundum
782 4992 1012 5044 sectam,
1049 4996 1213 5052 quam
1244 4982 1435 5036 dicunt
1467 4980 1737 5043 haeresim,
1768 4982 1849 5036 sic
1898 4980 1996 5036 de-

419 5072 602 5125 servio
622 5069 773 5123 Patri
802 5078 856 5124 et
877 5068 987 5125 Deo
1024 5084 1164 5135 meo,
1215 5070 1444 5125 credens
1475 5069 1729 5125 omnibus
1772 5086 1890 5138 quae
1939 5071 1993 5123 in

420 5167 537 5235 lege
565 5172 619 5220 et
652 5162 936 5234 prophetis
987 5163 1192 5232 scripta
1244 5173 1419 5217 sunt:
1468 5176 1619 5231 spem
1684 5161 1890 5219 habens
1939 5162 1994 5216 in

418 5262 612 5325 Deum,
632 5273 795 5329 quam
828 5265 881 5312 et
920 5256 975 5311 hi
1008 5257 1110 5328 ipsi
1139 5263 1481 5326 exspectant,
1532 5256 1991 5327 resurrectionem

423 5354 666 5407 futuram
707 5349 984 5421 justorum
1035 5358 1089 5403 et
1146 5347 1479 5416 iniquorum.
1518 5336 1707 5402 lnltoc
1765 5353 1820 5400 et
1880 5346 1996 5416 ipse

417 5445 612 5500 studeo
659 5443 778 5497 sine
821 5440 1154 5497 ollendiculo
1207 5436 1603 5493 conscientiam
1672 5437 1875 5493 habere
1927 5438 1993 5491 ad

429 5536 597 5592 Deum
631 5543 687 5589 et
712 5535 779 5589 ad
812 5535 1063 5590 homines
1118 5545 1357 5600 semper.
1400 5529 1533 5586 Post
1598 5544 1773 5585 annos
1813 5540 1995 5585 autem

420 5626 602 5694 plures
621 5626 997 5695 eleemosynas
1024 5622 1188 5694 303
1220 5624 1461 5679 tacturus
1491 5623 1543 5677 in
1568 5631 1782 5693 gentem
1817 5637 1992 5678 meam

422 5715 546 5769 veni
580 5720 634 5767 et
653 5711 964 5768 oblationes
996 5718 1052 5767 et
1082 5720 1203 5767 vota
1246 5728 1262 5765 :
1317 5711 1369 5765 in
1402 5711 1601 5780 quibus
1659 5711 1993 5768 invenerunt

2093 3253 2240 3324 κείᾳ.
2275 3251 2544 3322 Εὐρὸντες
2602 3250 2711 3320 γάρ
2757 3248 2850 3302 τδν
2911 3247 3080 3318 ἄνδρα
3115 3244 3303 3300 τοῦτον
3330 3244 3537 3315 λοιμὸν,
3566 3243 3664 3296 καὶ

2093 3342 2345 3409 κινοῦντα
2378 3339 2596 3401 στάσεις
2628 3339 2758 3393 πᾶσι
2796 3337 2909 3400 τοῖς
2949 3335 3221 3399 Ἰουδαίοις
3249 3337 3363 3398 τοῖς
3395 3334 3536 3387 κατά
3562 3334 3666 3400 τὴν

2092 3432 2444 3503 οἰκουμένην,
2480 3431 2871 3502 πρωτοστάτην
2902 3446 2963 3482 τε
2993 3428 3122 3482 sm
3162 3427 3261 3496 τῆς
3308 3424 3414 3478 τῶν
3465 3421 3663 3485 Ναζω-

2093 3525 2263 3596 ραίων
2313 3525 2605 3595 αἱρέσεωςο
2635 3521 2693 3584 ὃς
2736 3522 2827 3574 καὶ
2859 3519 2919 3574 τδ
2953 3519 3096 3590 ἱερὸν
3125 3516 3378 3587 ἐπείρασε
3427 3513 3662 3584 βεδηλῶ-

2094 3631 2207 3681 σαι,
2240 3614 2299 3667 ὃν
2330 3614 2424 3667 καὶ
2462 3613 2873 3684 ἐκρατήσαμεν,
2906 3610 3002 3663 καὶ
3048 3608 3189 3662 κατὰ
3240 3606 3330 3660 τὸν
3382 3605 3655 3675 ήμέτερον

2091 3705 2255 3776 νόμον
2301 3702 2651 3773 ἠθελήσαμεν
2684 3699 2917 3772 κρίνειν.
2960 3695 3254 3770 Παρελθὼν
3284 3695 3341 3750 δὲ
3390 3694 3592 3757 Λυσίας
3633 3692 3667 3744 ό

2090 3794 2394 3865 χιλίαρχος,
2444 3791 2586 3864 μετὰ
2615 3789 2819 3859 πολλῆς
2843 3789 2967 3861 βίας
2997 3788 3063 3841 ἐκ
3114 3785 3224 3839 τῶν
3275 3783 3474 3855 χειρῶν
3501 3779 3666 3852 ήμῶν

2091 3886 2374 3958 ἀπήγαγε,
2404 3883 2667 3947 κελεύσας
2725 3882 2852 3945 τοὺς
2898 3878 3238 3950 κατηγόρους
3296 3873 3463 3930 αὐτοῦ
3504 3872 3667 3944 ἔρχε-

2094 3979 2218 4033 σθαι
2259 3977 2351 4031 ἐπὶ
2389 3976 2469 4030 σέ.
2502 3975 2639 4046 Παρ’
2675 3966 2737 4029 οὗ
2777 3973 2982 4045 δυνήσῃ
3017 3970 3115 4024 καὶ
3150 3967 3313 4032 αὐτὸς
3361 3964 3667 4036 ἀνακρίνας

2092 4072 2225 4143 περὶ
2274 4067 2493 4123 πάντων
2547 4067 2756 4121 τούτων
2785 4063 3103 4133 ἐπιγνῶναι,
3137 4054 3212 4116 ὧν
3238 4061 3398 4132 ἡμεῖς
3429 4071 3670 4127 κατηγο-

2097 4159 2301 4228 ροῦμεν
2361 4154 2550 4210 αύτοῦ.
2610 4150 2980 4206 Συνεπέθεντο
3047 4149 3104 4203 δὲ
3163 4147 3260 4215 καὶ
3316 4148 3364 4200 οἱ
3399 4145 3663 4209 Ἰουδαῖοι,

2070 4249 2391 4319 ,φάσκοντεέ
2422 4246 2599 4300 ταῦτα
2628 4244 2806 4306 οὕτως
2842 4242 3009 4314 ἔχειν.
3042 4239 3342 4310 Ἀπεκρίθη
3374 4238 3429 4292 δὲ
3461 4238 3490 4290 ὁ
3511 4236 3665 4291 Παῦ-

2091 4340 2204 4406 λος,
2230 4336 2521 4400 νεύσαντος
2559 4335 2708 4406 αύτῷ
2742 4333 2838 4387 τοῦ
2865 4333 3129 4404 ἡγεμόνος
3157 4330 3339 4398 λέγειν
3358 4345 3371 4359 ’
3408 4329 3502 4382 Ἐκ
3534 4326 3666 4381 πολ-

2093 4433 2204 4487 λῶν
2236 4430 2374 4486 ἐτῶν
2402 4431 2533 4484 δντα
2565 4445 2626 4482 σε
2656 4430 2850 4499 κριτήν
2893 4425 3101 4478 δίκαιον
3163 4423 3239 4493 τῷ
3294 4422 3438 4476 ἔθνει
3486 4422 3667 4488 τούτῳ

2094 4523 2480 4594 ἐπιστάμενος,
2531 4517 2785 4589 εὐθύμως
2829 4517 2898 4570 τά
2930 4517 3058 4588 περὶ
3098 4513 3337 4586 ἐμαυτοῦ
3365 4511 3666 4580 άπολογοῦυ

2097 4633 2218 4688 μαι,
2253 4610 2555 4682 δυναμένου
2599 4625 2694 4662 σου
2732 4607 3051 4687 ἐπιγνῶναι,
3083 4606 3165 4659 ὅτι
3195 4607 3256 4659 ού
3311 4603 3527 4666 πλείους
3556 4601 3666 4654 sici

2097 4682 2188 4775 μοι
2217 4704 2417 4776 ήμέραι
2451 4704 2483 4774 ἢ
2533 4700 2762 4765 δώδεκα,
2792 4700 2888 4768 ἀφ’
2921 4682 2989 4769 ἧς
3020 4697 3222 4769 ἀνέϐην
3268 4701 3667 4769 προσκυνήσων

2094 4801 2177 4865 είς
2236 4798 2632 4867 Ἰερουσαλήμ’
2674 4793 2772 4849 καὶ
2823 4791 2946 4848 οὕτε
2998 4793 3057 4848 sv
3089 4790 3169 4860 τῷ
3222 4787 3353 4859 ἱερῷ
3403 4782 3558 4857 εὗρόν
3596 4801 3668 4856 με

2096 4891 2233 4962 πρός
2284 4907 2407 4943 τινα
2443 4888 2851 4956 διαλεγόμενον,
2903 4885 2936 4954 ἢ
2993 4883 3357 4938 ἐπισύστασιν
3406 4876 3668 4931 ποιοῦντα

2096 4981 2280 5052 δχλου,
2306 4979 2431 5033 οὕτε
2484 4981 2541 5031 ἐν
2569 4981 2684 5040 ταῖς
2716 4976 3083 5043 συναγωγαῖς,
3116 4971 3238 5026 οὔτε
3271 4969 3413 5025 κατὰ
3445 4966 3543 5039 τὴν
3570 4967 3666 5020 πό-

2093 5072 2209 5126 λινο
2258 5069 2382 5124 οὔτε
2435 5068 2788 5142 παραστῆσαι
2818 5064 3072 5125 δύνανταί
3130 5081 3233 5130 σοι,
3291 5062 3421 5131 περὶ
3447 5053 3522 5113 ὧν
3550 5059 3667 5111 νυνὶ

2095 5158 2464 5231 κατηγοροῦσί
2506 5175 2632 5228 μου.
2678 5154 2958 5226 Ὁμολογῶ
2998 5154 3054 5208 δὲ
3087 5150 3246 5221 τοῦτό
3266 5167 3369 5217 σοι,
3396 5150 3479 5202 δτι
3523 5147 3668 5200 κατὰ

2094 5254 2195 5324 τὴν
2232 5252 2373 5319 ὁδὸν,
2406 5252 2472 5321 ἢν
2522 5250 2778 5318 λέγουσιν
2835 5247 3069 5318 αἰρεσιν,
3125 5243 3270 5298 οὕτω
3309 5239 3561 5311 λατρεύω
3588 5235 3667 5307 τῷ

2096 5345 2338 5417 πατρῴῳ
2367 5341 2513 5413 Θεῷ,
2554 5341 2827 5396 πιστεύων
2861 5341 2996 5393 πᾶσι
3025 5338 3136 5401 τοῖς
3180 5335 3323 5391 κατὰ
3350 5335 3444 5388 τὸν
3476 5332 3665 5400 νόμον,

2095 5437 2190 5491 καὶ
2241 5439 2355 5500 τοῖς
2405 5436 2463 5490 ἐν
2492 5438 2611 5498 τοῖς
2644 5432 2956 5502 προφήταις
2997 5426 3436 5499 γεγραμμένοις,
3473 5420 3668 5475 ἐλπίδα

2096 5528 2234 5599 ἔχων
2268 5526 2405 5598 πρὶς
2435 5524 2525 5579 τὸν
2565 5524 2721 5590 Θεὸν,
2750 5521 2821 5593 ήν
2848 5520 2943 5575 καὶ
2974 5520 3128 5573 αὐτοὶ
3158 5513 3305 5572 οὗτοι
3339 5511 3668 5587 πρισδέχον·

2094 5636 2207 5683 ται,
2247 5618 2545 5673 ἀνάστασιν
2597 5613 2813 5684 μέλλειν
2836 5610 3056 5665 ἔσεσθαι
3082 5608 3307 5662 δικαίων
3329 5623 3390 5659 τε
3427 5605 3521 5658 καὶ
3545 5599 3670 5656 ἀδί-

2098 5729 2229 5767 κων.
2275 5712 2360 5765 Ἐν
2396 5708 2569 5781 τούτῳ
2598 5707 2691 5761 καὶ
2727 5704 2890 5768 αὐτὸς
2936 5702 3089 5758 ἀσκῶ
3130 5700 3492 5772 ἀσιτιρόσκοῑντον⁸
3522 5692 3671 5767 ἔχειν
