4058 6210
487 279 618 362 1037

1106 283 1636 364 EXPOSITIONIS
1676 302 1756 364 1N
1799 304 1986 364 ACTA
2023 298 2323 364 TEXTUS
2357 301 2624 362 ALTER.
2657 329 2721 338 —
2765 293 2921 364 ear.
2960 304 3170 363 XXIV.

3576 265 3708 366 10:28

478 407 783 477 συνείδησιν
839 409 973 474 πρός
1020 426 1079 463 τε
1128 413 1218 464 τὸν
1271 413 1406 465 Θεὸν
1450 413 1543 468 καὶ
1575 416 1700 476 τοὺς
1726 414 2037 484 ἀνθρώπους

2155 432 2240 470 me
2266 415 2681 484 puriﬁcalumin
2711 415 2932 484 templo,
2971 431 3076 468 non
3125 429 3247 468 cum
3304 416 3482 479 turba,
3530 433 3705 489 neque

474 499 786 562 διαπαντός.
823 502 898 554 Δι’
922 504 1059 556 ἐτῶν
1088 503 1143 558 δὲ
1184 505 1444 558 πλειόνων
1493 506 1862 576 ἐλεημοσύνας
1891 509 2045 579 ποιὴο

476 607 584 644 σων
615 594 694 654 εἰς
721 593 782 645 τὸ
835 592 986 658 ἔθνος
1021 614 1124 663 μου
1169 598 1552 669 παρεγενόμην
1591 602 1683 653 καὶ
1708 603 2040 672 προσφοράς.

487 683 571 734 Ἑν
604 680 694 746 αἷς
727 679 886 755 εὗρόν
936 704 1001 755 με
1042 690 1368 759 ἡγνισμένον
1413 693 1471 744 ἐν
1507 691 1584 762 τῷ
1618 691 1770 761 ἱερῷ,
1795 693 1855 744 οῦ
1907 693 2044 762 μετὰ

470 773 650 842 ὄχλου,
685 776 808 828 οὐδὲ
841 777 980 845 μετά
1008 778 1260 850 θορύϐου,
1295 780 1438 844 τινὲς
1469 781 1576 833 τῶν
1599 783 1705 834 ἀπὸ
1727 783 1826 851 τῆς
1860 783 2045 846 Ἀσίας

486 863 786 918 Ἰουδαίωνο
813 866 908 930 οὓς
935 868 1042 921 ἔδει
1075 871 1168 924 ἐπὶ
1199 869 1294 922 σοῦ
1358 874 1615 942 παρεῖναι
1668 874 1764 926 καὶ
1808 889 2044 941 κατηγο-

472 955 586 1030 ρεῖν
616 956 668 1007 εἰ
699 973 749 1008 τι
779 956 845 1010 ἂν
873 957 1046 1028 ἔχοιεν
1074 961 1208 1032 πρὸς
1243 980 1310 1031 με
1331 976 1345 990 ⁸
1380 963 1412 1034 ἢ
1446 963 1599 1017 αὐτοὶ
1630 964 1960 1027 εἰπάτωσαν,
1992 963 2045 1016 τί

472 1040 627 1115 εὗρον
651 1049 844 1118 ὲνέμοὶ
875 1051 1136 1122 ἀδίκημα,
1169 1054 1353 1106 στάντι
1383 1073 1473 1123 μοι
1505 1056 1563 1108 ἐν
1592 1055 1667 1124 τῷ
1694 1055 1976 1126 συνεδρίῳ,
2010 1055 2044 1124 ἢ

473 1139 601 1206 περὶ
637 1141 763 1208 μιᾶς
793 1141 994 1209 ταύτης
1018 1145 1220 1214 φωνῆς,
1241 1141 1310 1215 ἧς
1328 1145 1532 1216 ἔκραξα
1557 1147 1614 1197 ἐν
1641 1147 1820 1208 αὐτοῖς
1853 1146 2042 1209 ἑστὼς,

477 1230 557 1280 ὅτι
587 1231 721 1299 Περί
754 1232 1099 1298 ἀναστάσεως
1130 1239 1339 1303 νεκρῶν
1364 1238 1476 1304 ἐγὼ
1509 1238 1764 1308 κρίνομαι
1805 1239 2045 1306 σήμερον

471 1322 560 1391 ὑφ’
597 1322 772 1392 ὑμῶν.
820 1325 1086 1390 Ἀκούσας
1126 1327 1182 1379 δὲ
1236 1327 1407 1380 ταῦτα
1463 1330 1492 1381 6
1528 1329 1694 1398 Φῆλιξ
1749 1329 2043 1382 ἀνεϐάλετο

470 1414 688 1477 αὐτοὺς,
713 1414 1102 1486 ἀκριϐέστερον
1129 1416 1285 1480 εἰδὼς
1311 1417 1380 1470 τά
1409 1418 1536 1487 περί
1564 1419 1664 1488 τῆς
1690 1418 1831 1484 ὁδοῦ,
1854 1419 2041 1471 εἰπών’

472 1505 641 1582 Ὅταν
675 1508 880 1568 Λυσίας
904 1509 931 1560 6
961 1507 1242 1580 χιλίαρχος
1273 1509 1508 1578 καταϐῇ,
1557 1510 1929 1579 διαγνώσομαι
1977 1509 2046 1562 τὰ

471 1596 592 1650 καθ’
625 1598 787 1667 ὑμᾶς,
810 1599 1204 1670 διαταξάμενος
1237 1601 1314 1669 τῷ
1359 1602 1731 1672 ἑκατοντάρχῃ
1766 1601 2044 1672 τηρεῖσθαι

471 1688 652 1753 αὑτὸν,
692 1689 836 1758 ἔχειν
886 1708 945 1744 τε
990 1691 1197 1756 ἄνεσιν,
1233 1693 1327 1746 καὶ
1374 1693 1581 1762 μηδένα
1641 1691 1875 1746 κωλύειν
1938 1693 2045 1745 τῶν

2148 523 2271 562 cum
2301 507 2560 571 tumultu,
2597 505 2819 576 quidam
2872 519 3048 559 autem
3095 522 3158 560 ex
3184 507 3307 560 Asia
3340 506 3534 574 Jud.ei,
3576 525 3712 576 quos

2147 597 2436 666 oportebat
2471 596 2610 666 apud
2639 605 2690 649 te
2729 604 2929 665 praesto
2953 610 3097 657 esse,
3141 604 3195 648 et
3215 611 3478 652 accusare
3508 599 3554 653 si
3581 601 3708 669 quid

2151 687 2413 739 baberent
2439 684 2728 739 adversum
2762 698 2847 738 me
2871 701 2886 738 :
2911 691 3004 737 aut
3030 683 3081 736 hi
3125 683 3240 752 ipse
3269 683 3455 740 dicant
3503 689 3548 742 si
3582 693 3712 758 quid

2149 777 2474 830 invenerunt
2500 776 2551 828 in
2579 791 2664 829 me
2697 775 3000 845 iniquitatis
3029 791 3153 828 cum
3185 786 3319 828 stem
3356 777 3407 830 in
3459 781 3714 839 concilio.

2149 868 2254 923 nisi
2311 868 2380 922 de
2434 883 2540 922 una
2601 867 2702 921 hac
2761 867 3103 922 solummodo
3139 882 3271 920 voce
3328 883 3433 937 qua
3484 871 3712 926 clamavi

2151 960 2291 1014 inter
2317 974 2414 1014 eos
2450 967 2633 1026 stans,
2689 959 2947 1028 quoniam
3008 959 3082 1013 De
3138 962 3538 1015 resurrectione
3572 979 3715 1018 inor-

2150 1061 2368 1104 tuorum
2397 1065 2498 1120 ego
2540 1050 2759 1116 judicor
2782 1049 2943 1104 hodie
2994 1065 3022 1101 a
3058 1051 3227 1104 vobis.
3277 1050 3499 1106 Distulit
3534 1067 3712 1109 autem

2149 1143 2272 1196 illos
2300 1140 2468 1206 Felix,
2503 1142 2805 1197 certissime
2827 1142 3009 1196 sciens
3037 1142 3102 1196 de
3157 1144 3240 1195 via
3290 1143 3410 1207 hac,
3469 1145 3659 1201 dicens
3701 1162 3715 1197 :

2147 1233 2282 1288 Cum
2309 1234 2562 1289 tribunus
2620 1233 2810 1305 Lysias
2872 1235 3247 1301 descenderit,
3305 1236 3520 1290 audiam
3597 1255 3715 1291 vos.

2147 1320 2428 1390 Jussitque
2459 1321 2765 1376 centurioni
2800 1322 3076 1376 custodire
3116 1338 3264 1385 eum,
3294 1331 3347 1375 rt
3399 1323 3602 1377 habere
3633 1342 3715 1379 rev-

2148 1412 2350 1481 quicm,
2386 1427 2486 1465 nec
2509 1427 2836 1482 queinquam
2873 1413 2938 1466 de
2965 1413 3078 1467 suis
3092 1413 3381 1482 prohibere
3407 1415 3719 1468 ministrare

2146 1506 2220 1558 ei.
2251 1503 2381 1560 Post
2423 1488 2639 1573 aliquos
2688 1513 2865 1560 autem
2914 1506 3032 1561 dies
3095 1507 3318 1560 veniens
3376 1505 3522 1560 Felix
3595 1523 3718 1561 (‘llltl

2149 1595 2382 1650 Drusilla
2407 1611 2686 1650 uxoresua
2715 1613 2834 1664 quae
2859 1596 3199 1666 cratJudaea,
3230 1598 3439 1652 vocavit
3467 1597 3718 1661 Paulum,

2146 1695 2200 1742 et
2229 1688 2439 1742 audivit
2468 1689 2538 1742 ab
2563 1703 2630 1744 eo
2664 1687 2822 1742 iidem
2848 1704 2972 1757 qua:
3007 1698 3092 1743 cst
3121 1689 3174 1742 in
3205 1687 3483 1743 Christum
3511 1687 3719 1743 Jesum.

471 1779 615 1832 ἰδίων
652 1781 818 1834 αὐτοῦ
842 1783 1156 1854 ὑπηρετεῖν,
1191 1784 1224 1853 ἦ
1261 1784 1663 1854 προσέρχεσθαι
1693 1784 1861 1854 αὐτῷ.
1892 1785 2037 1838 Μετὰ

2153 1778 2472 1849 Disputante
2492 1788 2673 1834 autem
2699 1780 2793 1834 illo
2825 1780 2890 1832 de
2926 1780 3137 1846 iustitia
3161 1789 3217 1833 ct
3265 1781 3520 1834 castitate
3550 1789 3604 1834 et
3655 1781 3723 1834 de

465 1867 520 1920 δὲ
553 1869 763 1940 ἡμέρας
793 1873 944 1932 τινὰς
969 1872 1416 1941 παραγενόμενος
1443 1874 1472 1925 6
1499 1873 1668 1942 Φῆλιξ
1694 1875 1792 1926 σὺν
1817 1875 2040 1945 Δροσί).-

466 1959 535 2029 λῃ
567 1963 633 2029 τῇ
669 1961 776 2031 ἰδίᾳ
797 1962 1040 2028 γυναικὶ,
1071 1961 1208 2033 οῦσῃ
1241 1963 1491 2034 Ἰουδαίᾳ,
1534 1963 1923 2034 μετεπέμψατο
1949 1965 2042 2016 τὸν

467 2049 703 2117 Παῦλον,
744 2053 838 2104 καὶ
889 2053 1120 2124 ἡκουσεν
1172 2053 1338 2106 αὑτοῦ
1393 2054 1524 2124 περὶ
1568 2055 1667 2124 τῆς
1699 2058 1778 2118 εἰς
1804 2054 2040 2126 Χριστὸν

479 2141 688 2211 Ἰησοῦν
722 2145 975 2209 πίστεως.
1021 2145 1420 2216 Διαλεγομένου
1457 2145 1514 2200 δὲ
1565 2145 1731 2200 αὐτοῦ
1777 2148 1902 2216 περί
1959 2147 2037 2201 δι-

465 2232 782 2305 καιοσύνης,
823 2237 917 2289 καὶ
958 2237 1309 2308 ἐγκρατείας,
1340 2237 1435 2290 καὶ
1484 2237 1580 2291 τοῦ
1630 2237 1897 2309 κρίματος
1938 2238 2034 2292 τοῦ

469 2323 754 2391 μέλλοντος
793 2327 1031 2392 ἔσεσθαι,
1059 2328 1297 2397 ἔμφοϐος
1325 2328 1614 2400 γενόμενος
1647 2330 1676 2380 6
1709 2329 1877 2399 Φῆλιξ
1925 2330 2035 2382 ἀπ-

2145 1871 2354 1941 judicio
2399 1870 2603 1932 futuro,
2652 1869 3003 1923 tremefactus
3030 1866 3176 1922 Felix
3207 1870 3488 1939 respondit
3519 1888 3532 1925 :
3571 1870 3722 1937 Quod

2153 1977 2293 2016 nunc
2331 1961 2545 2023 attinet,
2583 1959 2758 2015 vade:
2787 1972 3034 2030 tempore
3064 1968 3244 2015 autem
3295 1972 3606 2032 opportuno
3629 1978 3725 2018 ac-

2148 2067 2363 2108 cersam
2400 2063 2491 2106 te:
2523 2051 2687 2106 simul
2718 2061 2772 2106 et
2801 2067 3052 2122 sperans,
3086 2053 3228 2122 quod
3279 2055 3509 2123 pecunia
3553 2054 3603 2110 ei
3628 2056 3725 2108 da-

2149 2153 2303 2200 retur
2334 2158 2363 2198 a
2388 2143 2581 2208 Paulo,
2617 2153 2844 2213 propter
2873 2143 3020 2213 quod
3054 2153 3106 2198 ct
3140 2144 3486 2215 frequentem
3535 2160 3723 2200 accer-

2155 2252 2288 2294 sens
2322 2251 2447 2292 eum
2481 2235 2809 2305 loquebatur
2838 2249 2964 2288 cum
2996 2249 3084 2290 eo.

463 2417 656 2488 εκρίθη
678 2435 691 2450 °
729 2419 803 2472 Τὸ
835 2419 927 2471 νῦν
955 2419 1077 2489 ἕχον
1115 2420 1346 2489 πορεύου
1367 2435 1380 2450 ο
1400 2423 1592 2490 καιρὸν
1631 2421 1687 2474 δὲ
1713 2421 2034 2491 μεταλαϐὼν
2073 2419 2514 2491 μετακαλέσομαί
2545 2437 2604 2472 σε
2625 2436 2639 2448 ο
2671 2419 2790 2488 ἅμα
2811 2417 2869 2472 δὲ
2891 2419 2984 2472 καὶ
3008 2417 3264 2482 ἐλπίζων,
3319 2419 3402 2472 ὅτι
3463 2421 3723 2490 χρήματα

464 2507 747 2578 δοθήσεται
781 2510 930 2583 αὐτῷ
971 2512 1076 2566 ὑπὸ
1106 2510 1200 2564 τοῦ
1228 2510 1467 2576 Παύλου,
1493 2513 1641 2577 ὅπως
1666 2513 1804 2584 λύσῃ
1841 2513 2035 2568 αὐτόν·
2111 2515 2192 2568 διὸ
2253 2513 2348 2568 καὶ
2380 2513 2711 2582 πυκνότερον
2767 2513 2933 2566 αὐτὸν
2977 2527 3492 2583 μεταπεμπομενος,
3527 2512 3722 2582 ὡμίλει

463 2601 632 2674 αὐτῷ.

1031 2699 1464 2769 ι(ΕονιΑ..ΑςΓι

467 2789 605 2855 Περὶ
653 2787 764 2858 τῆς
824 2790 1088 2858 Φήλικος
1139 2793 1448 2863 διαδοχῆς,
1505 2796 1603 2849 καί
1654 2795 1763 2864 τῆς
1792 2796 2038 2866 Φήστου

535 2881 909 2949 προαγωγείας
935 2921 950 2946 ,
1004 2881 1118 2951 τῆς
1167 2899 1233 2938 τε
1281 2884 1376 2937 ἐπ’
1428 2886 1616 2940 αὐτοῦ
1665 2886 2039 2956 ἀνακρίσεως

535 2973 779 3028 Παύλου
815 2974 911 3027 καί
942 2975 1235 3044 ἀφέσεως.

537 3065 750 3125 Διετίας
797 3065 856 3118 δὲ
892 3066 1298 3139 πληρωθείσης,
1333 3067 1490 3122 ἔλαϐε
1531 3067 1770 3138 διάδοχον
1799 3070 1828 3121 6
1869 3067 2036 3140 Φῆλιξ

2703 2697 2934 2756 CAPUT
2988 2697 3224 2753 XXXVI.
3255 2734 3260 2739 ι

2144 2795 2223 2850 De
2253 2793 2444 2850 Felicis
2474 2793 2800 2848 sucressione
2826 2803 2874 2847 et
2904 2789 3050 2846 Festi
3065 2792 3349 2860 functione.
3373 2803 3422 2848 ct
3459 2793 3521 2850 de
3563 2793 3722 2849 PntJi

2428 2901 2603 2941 coram
2635 2887 2745 2954 ipso
2772 2886 3013 2940 examine
3039 2886 3433 2940 ctdimissioue.

2215 3074 2482 3140 ltXlV,27
2502 3071 2698 3140 ;XXV,
2720 3075 2874 3131 lé-l5.
2899 3074 3124 3128 Biennio
3155 3080 3334 3127 autem
3358 3074 3594 3143 expleto,
3633 3091 3724 3129 ac-

469 3155 700 3226 Πόρκιον
749 3157 960 3225 Φῆστον
981 3135 1015 3188 ’ἡ
1046 3135 1240 3212 θέλων*
1265 3161 1324 3212 δὲ
1367 3161 1527 3230 χάριν
1563 3135 1894 3215 καταθέσθαι
1923 3135 2037 3225 τοῖς

2144 3168 2291 3236 cepit
2307 3182 2680 3223 successorem
2698 3165 2846 3221 Felix
2866 3166 3110 3220 Portium
3130 3164 3375 3220 Festum.
3401 3165 3602 3220 Veiens
3620 3181 3717 3220 au-

477 3246 756 3308 Ἰουδαίοις
791 3249 819 3298 6
845 3246 1031 3317 Φῆλιξ,
1067 3249 1326 3301 κατέλιπε
1356 3251 1448 3302 τὸν
1485 3249 1698 3304 Παῦλον
1729 3251 2038 3321 δεδεμένον.

461 3337 669 3406 Φῆστος
698 3335 791 3392 οὖν
829 3339 1030 3402 ἐπιϐὰς
1057 3342 1123 3410 τῇ
1155 3341 1420 3412 ἐπαρχίᾳ,
1455 3342 1596 3411 μετὰ
1649 3334 2040 3414 τρεῖξήμέρας

463 3428 631 3500 ἀνέϐη
657 3431 737 3491 εἰς
783 3430 1134 3501 Ἰεροσόλυμα
1183 3433 1291 3485 ἀπὸ
1342 3433 1702 3504 Καισαρείας.
1746 3434 2040 3504 Ἐνεφάνη-

465 3522 565 3575 σάν
598 3539 655 3573 τε
687 3522 836 3592 αύτῷ
891 3525 940 3576 οἰ
997 3525 1275 3594 ἀρχιερεῖς
1308 3525 1402 3577 καὶ
1441 3526 1491 3578 οἰ
1527 3525 1735 3596 πρῶτοι
1757 3526 1866 3580 τῶν
1906 3527 2038 3579 Ἰου-

461 3613 628 3665 δαίων
660 3614 800 3667 κατὰ
832 3614 925 3667 τοῦ
956 3614 1191 3678 Παύλου,
1223 3616 1322 3669 καὶ
1346 3616 1699 3686 παρεκάλουν
1733 3617 1919 3681 αὐτὸν,
1948 3617 2035 3669 αἰ-

465 3703 719 3774 τούμενοι
765 3708 922 3777 χάριν
968 3709 1092 3760 κατ’
1143 3707 1336 3770 αὐτοῦ,
1396 3709 1544 3772 ὅπως
1610 3707 2036 3778 μεταπέμψηται

463 3797 628 3849 αὑτὸν
688 3800 768 3861 εἰς
819 3797 1200 3869 Ἰερουσαλὴμ,
1241 3799 1463 3869 ἐνέδραν
1503 3800 1783 3862 ποιοῦντες
1818 3799 2028 3851 ἀνελεῖν

462 3889 625 3941 αὑτὸν
658 3890 794 3942 κατά
823 3889 918 3958 τὴν
967 3889 1107 3943 ὁδόν.
1153 3888 1211 3941 'U
1241 3889 1339 3958 μὲν
1383 3888 1476 3942 οὖν
1498 3890 1703 3959 Φῆστος
1749 3888 2025 3959 ἀπεκρίθη

464 3981 746 4050 τηρεῖσθαι
770 3983 860 4034 τὸν
896 3971 1106 4034 Παῦλον
1141 3982 1197 4032 ἐν
1226 3982 1560 4051 Καισαρείᾳ,
1595 3980 1787 4033 ἑαυτὸν
1818 3981 1874 4033 δὲ
1905 3981 2035 4052 μέλ-

463 4073 573 4124 λειν
601 4075 658 4124 ἐν
689 4077 842 4142 τάχει
895 4073 1314 4143 ἐκπορεύεσθαι.
1350 4074 1412 4126 Οἰ
1432 4066 1524 4125 οὖν
1555 4073 1771 4125 δυνατοί
1798 4073 1854 4124 ἐν
1883 4073 2030 4142 ὑμῖν,

461 4166 619 4235 φησί,
652 4165 1117 4232 συγκαταϐάντες,
1154 4163 1208 4217 εί
1226 4167 1279 4216 τί
1303 4166 1450 4216 ἑστιν
1480 4167 1537 4218 ἐν
1562 4163 1642 4235 τῷ
1669 4164 1826 4234 ἀνδρὶ
1859 4165 2035 4235 τούτῳ

461 4257 698 4321 ἄτοπον,
745 4260 1222 4330 κατηγορείτωσαν
1290 4257 1482 4312 αὑτοῦ.
1517 4257 1818 4329 Διατρίψας
1876 4259 1934 4312 δὲ
1975 4260 2035 4312 ἐν

461 4349 646 4412 αὐτοῖς
677 4351 885 4421 ἡμέρας
910 4352 970 4403 οὐ
1005 4349 1222 4414 πλείους
1249 4350 1417 4414 ὀκτὼ,
1449 4352 1480 4421 ἢ
1505 4351 1659 4415 δέκα,
1686 4349 1930 4414 καταϐὰς
1955 4353 2034 4413 είς

2144 3265 2252 3312 tem
2275 3258 2505 3327 gratiam
2529 3266 2787 3325 praestare
2815 3254 3021 3310 ludatis
3051 3253 3225 3318 Felix,
3248 3256 3466 3324 reliquit
3488 3255 3716 3310 Paulqu

2143 3345 2410 3401 vinctum.
2452 3344 2649 3401 FeStus
2675 3360 2807 3416 ergo
2837 3360 2960 3400 cum
2997 3346 3238 3400 venisset
3267 3346 3321 3399 in
3356 3347 3716 3416 provinciam,

2141 3445 2263 3507 post
2295 3438 2534 3492 triduum
2597 3438 2848 3494 ascendit
2907 3436 3306 3509 Jerosolymam
3361 3452 3390 3490 a
3444 3438 3716 3496 Caesarea.

2139 3529 2515 3598 Adierunlque
2562 3544 2688 3582 eum
2719 3528 2997 3598 principes
3044 3529 3390 3584 sacerdotum
3442 3538 3496 3584 et
3548 3533 3708 3602 primi

2137 3620 2451 3676 Judteorum
2483 3619 2747 3674 adversus
2781 3620 3030 3683 Paulum.
3063 3630 3116 3676 ct
3150 3622 3413 3692 rogabant
3434 3637 3583 3685 eum,
3620 3641 3720 3695 po-

2139 3713 2408 3770 stulantes
2439 3711 2666 3781 gratiam
2696 3711 2958 3766 adversus
3003 3728 3150 3778 eum,
3178 3725 3234 3766 ut
3247 3714 3464 3782 iuberet
3488 3716 3714 3785 perduci

2138 3821 2264 3862 cum
2297 3806 2350 3858 in
2373 3803 2700 3870 Jerusalem,
2736 3802 2964 3859 insidias
3012 3805 3319 3870 tendentes,
3351 3821 3409 3860 ut
3440 3807 3717 3864 interlice~

2138 3904 2260 3949 rent
2311 3909 2436 3948 eum
2471 3893 2526 3944 in
2561 3892 2667 3945 via.
2702 3889 2899 3946 Festus
2951 3899 3132 3946 autem
3169 3893 3451 3962 reSpundit
3507 3899 3716 3952 servari

2137 3975 2362 4040 Paulum
2388 3985 2441 4038 in
2471 3982 2741 4046 Caesarea.
2792 3997 2852 4038 se
2878 3993 3070 4036 autem
3125 3985 3399 4040 maturius
3436 3986 3715 4056 profectu-

2138 4097 2282 4134 rum.
2312 4078 2559 4147 Quicrgo
2589 4077 2642 4130 in
2669 4076 2823 4130 vobis
2858 4074 2980 4146 (ait)
3013 4084 3265 4146 potentes
3302 4085 3455 4144 sunt,
3481 4077 3717 4133 descen-

2136 4175 2326 4227 dentes
2345 4171 2529 4233 simul,
2553 4169 2598 4224 si
2625 4168 2768 4238 quod
2827 4175 2911 4222 est
2955 4166 3008 4219 in
3041 4168 3158 4222 viro
3182 4167 3412 4234 crimen,
3452 4179 3716 4224 accusent

2135 4277 2278 4316 eum.
2306 4247 2628 4314 Demaratus
2647 4269 2823 4312 autem
2855 4256 3016 4328 30a.
3039 4257 3180 4313 inter
3198 4273 3295 4313 eos
3322 4258 3438 4314 dies
3461 4274 3569 4314 non
3595 4274 3714 4313 am-

2139 4353 2280 4422 plius
2307 4366 2469 4421 quam
2513 4359 2639 4404 octo
2671 4357 2763 4402 aut
2799 4348 3010 4410 decem,
3060 4349 3344 4405 descendit
3383 4350 3712 4410 Caesaream.

464 4443 820 4512 Καισάρειαν,
854 4445 920 4512 τῇ
953 4443 1219 4514 ἐπαύριον
1258 4437 1490 4505 καθίσας
1518 4443 1612 4495 ἐπὶ
1637 4441 1732 4494 τοῦ
1765 4431 2028 4513 βήματος,

2142 4457 2189 4500 et
2221 4446 2392 4499 altera
2437 4443 2526 4497 die
2555 4443 2696 4498 sedit
2723 4457 2821 4512 pro
2848 4441 3126 4506 tribunali,
3181 4450 3236 4496 et
3285 4442 3452 4511 jussit
3483 4440 3712 4497 Paulum

458 4533 711 4585 ἐκέλευσε
761 4528 851 4585 τὸν
902 4529 1112 4586 Παῦλον
1156 4533 1405 4604 ἀχθῆναι.
1467 4523 1920 4604 Παραγενομένου
1971 4531 2028 4586 δὲ

459 4621 646 4686 αὐτοῦ,
691 4624 1058 4692 περιέστησαν
1109 4623 1306 4698 [αὐτῷ]
1365 4628 1415 4679 οἱ
1469 4627 1576 4679 ἀπὸ
1643 4625 2030 4696 Ἰεροσολύμων

461 4716 796 4778 καταϐάντες
835 4714 1102 4779 Ἰουδαῖοι,
1136 4717 1307 4770 πολλά
1351 4719 1446 4770 καὶ
1506 4718 1678 4788 βαρέα
1733 4719 2032 4786 αἰτιάματα

462 4807 719 4876 φέροντες
745 4808 886 4860 κατὰ
905 4807 1000 4861 τοῦ
1030 4807 1266 4870 Παύλου,
1303 4808 1338 4863 ἃ
1370 4811 1472 4862 οὐκ
1504 4811 1692 4880 ἴσχυον
1721 4810 2028 4874 ἀποδεῖξαι·

459 4900 553 4952 τοῦ
584 4899 798 4953 Παύλου
827 4899 1292 4970 ἀπολογουμένου,
1321 4900 1404 4953 ὅτι
1452 4899 1590 4953 Οὔτε
1625 4901 1706 4963 εἰς
1753 4902 1842 4953 τὸν
1871 4902 2032 4970 νόμον

383 4981 388 4986 ’
462 4993 568 5044 τῶν
603 4994 895 5057 Ἰουδαίων,
917 4993 1039 5047 οὔτε
1071 4996 1149 5055 εἰς
1190 4993 1252 5046 τδ
1282 4993 1446 5063 ἱερὸν,
1473 4992 1594 5046 οὔτε
1649 4996 1728 5056 εἰς
1781 4995 2035 5064 Καίσαρά

463 5100 512 5136 τι
544 5086 813 5154 ἥμαρτον.
842 5086 1052 5152 Φῆστος
1078 5086 1156 5148 δὲ,
1191 5086 1363 5139 θέλων
1417 5088 1528 5148 τοῖς
1570 5085 1843 5149 Ἰουδαίοις
1876 5086 2033 5157 χάριν

472 5176 813 5240 ιιαταθὲσθαι,
850 5179 1173 5247 ἀποκριθεὶς
1200 5177 1277 5246 τῷ
1308 5177 1524 5248 Παύλῳ,
1559 5173 1709 5230 εἷπε·
1741 5177 1926 5242 Θέλεις
1956 5181 2034 5239 εἰς

471 5267 821 5336 Ἰεροσόλυμα
853 5268 1080 5329 ἀναϐὰς,
1117 5267 1236 5318 ἐκεῖ
1279 5267 1410 5337 περὶ
1439 5266 1642 5320 τούτων
1667 5267 1922 5336 κριθῆναι
1949 5267 2034 5318 ἐπ’

460 5359 628 5429 εμοῦ;
664 5357 797 5412 Eine
824 5359 882 5410 δὲ
908 5363 935 5411 ὁ
961 5359 1206 5420 Παῦλοςο
1260 5359 1383 5411 Ἐπὶ
1419 5357 1512 5411 τοῦ
1545 5360 1786 5429 βήματος
1826 5361 2036 5413 Καίσα-

463 5469 556 5522 ρος
610 5451 782 5515 ἑστώς
821 5453 958 5521 εἰμι,
996 5443 1058 5504 οὗ
1130 5468 1197 5522 με
1239 5451 1323 5504 δεῖ
1369 5451 1691 5521 κρίνεσθαι·
1752 5451 2036 5516 Ἰουδαίους

461 5544 617 5597 οὐδὲν
675 5544 938 5614 ἠδίκησα,
983 5543 1058 5606 ὡς
1113 5544 1208 5596 καὶ
1257 5543 1321 5596 σὺ
1373 5542 1591 5596 κάλλιον
1629 5541 2032 5612 ἐπιγινώσκεις.

465 5636 528 5690 Εἰ
556 5637 654 5707 μὲν
679 5633 772 5690 οὗν
793 5635 964 5690 ἀδικῶ
1001 5637 1100 5689 καὶ
1127 5635 1278 5696 ἄξιον
1315 5635 1546 5688 θανάτου
1583 5635 1844 5705 πέπραχά
1873 5653 1946 5696 τι,
1974 5637 2034 5688 οῦ

463 5732 837 5802 παραιτοῦμαι
866 5730 958 5784 τοῦ
985 5731 1271 5784 ἀποθανεῖν
1295 5744 1308 5758 °
1339 5731 1386 5782 εἰ
1403 5727 1455 5782 δὲ
1479 5727 1629 5784 οὐδέν
1651 5730 1816 5796 ἐστιν,
1840 5722 1912 5782 ὧν
1945 5721 2034 5780 οὗ-

2133 4535 2353 4590 adduci.
2385 4535 2508 4602 Qui,
2537 4548 2660 4589 cum
2691 4533 2986 4603 perductus
3005 4541 3174 4594 esset,
3221 4532 3713 4588 circumsteterunt

2134 4647 2280 4694 eum,
2302 4631 2393 4700 qui
2425 4629 2492 4683 ab
2521 4625 2855 4697 Jerolosyuia
2872 4624 3478 4688 descenderautJudaei,
3509 4626 3709 4680 inultas

2134 4732 2191 4779 et
2221 4738 2414 4794 graves
2472 4735 2672 4776 causas
2727 4719 3070 4789 objicientes,
3143 4733 3280 4788 quas
3309 4733 3414 4772 non
3463 4729 3710 4788 poterant

2136 4811 2387 4880 probare,
2404 4807 2571 4861 Paulo
2593 4807 2858 4860 rationein
2878 4805 3157 4869 reddente,
3181 4807 3437 4875 quoniam
3455 4806 3640 4875 Neque
3655 4805 3708 4858 in

2137 4903 2308 4972 legem
2361 4899 2696 4963 Judaeorum,
2754 4913 2929 4967 neque
2995 4897 3047 4951 in
3098 4899 3384 4967 templum,
3443 4909 3619 4967 neque
3651 4897 3706 4950 iu

2137 4994 2410 5050 Czrsarem
2468 4991 2768 5062 quidquam
2818 4991 3058 5060 peccavi.
3095 4989 3290 5046 Festus
3317 5001 3496 5044 autem
3519 4991 3708 5045 volens

2138 5087 2370 5156 gratiam
2392 5093 2651 5155 praestare
2669 5083 2896 5146 Judaais,
2926 5085 3266 5152 respondens
3293 5082 3483 5146 Paulo,
3514 5081 3652 5136 dixit
3686 5121 3701 5145 .

2139 5177 2234 5234 Vis
2263 5177 2658 5247 Jerosolymam
2699 5175 3183 5240 ascenderc,etibi
3219 5175 3286 5227 de
3345 5172 3428 5226 bis
3467 5172 3699 5240 jtldicari

2139 5272 2284 5343 apud
2332 5286 2417 5325 me
2443 5269 2630 5324 ?Dixit
2656 5278 2838 5323 autem
2867 5267 3066 5322 Paulus
3101 5285 3116 5320 :
3151 5267 3231 5320 Ad
3254 5265 3491 5319 tribunal
3521 5265 3701 5320 (ἐθεη-

2142 5366 2217 5420 ris
2249 5372 2357 5430 sto,
2379 5364 2460 5418 ibi
2485 5370 2701 5434 oportet
2755 5377 2841 5415 me
2867 5360 3122 5430 iudicari.
3150 5356 3352 5412 ludatis
3379 5374 3487 5412 non
3517 5359 3700 5419 nocui,

2139 5458 2285 5513 sicut
2325 5463 2383 5509 tu
2416 5456 2612 5510 melius
2641 5454 2806 5508 nosti.
2833 5451 2891 5505 Si
2933 5450 3079 5505 cuitu
3137 5449 3300 5502 nocui
3343 5458 3434 5504 aut
3482 5449 3700 5519 dignum

2140 5555 2316 5604 morte
2355 5546 2558 5613 aliquid
2589 5544 2716 5608 l'eci,
2748 5558 2856 5596 non
2895 5556 3088 5595 recuso
3111 5523 3245 5595 inuri
3279 5557 3294 5606 ;
3331 5543 3376 5596 si
3410 5557 3538 5596 vero
3563 5536 3700 5594 nihil

2139 5649 2222 5692 cst
2271 5652 2461 5691 eorum
2508 5635 2704 5704 quaelii
2736 5642 2999 5686 accusant
3027 5648 3132 5693 me,
3167 5649 3324 5688 nemo
3381 5641 3560 5703 potest
3610 5646 3697 5686 nm

2143 5731 2249 5784 illis
2275 5728 2499 5783 donare.
2532 5727 2795 5781 Caesarem
2845 5725 3078 5794 appello.
3118 5721 3271 5781 'l‘unc
3321 5723 3513 5783 Festus
3574 5739 3698 5780 cum
