4058 6210
355 235 495 304 1039

1276 237 1848 304 THEUPHYLACTI
1892 237 2305 299 BULGARI/E
2341 240 2693 314 ARCHIEP.

3461 242 3592 308 1(350

350 352 588 408 concilio
641 351 856 406 locutus
909 347 1189 420 respondit
1219 363 1235 401 :
1279 345 1551 406 Cmsarem
1583 346 1868 418 appellasti
1898 345 1911 398 ἓ

2023 348 2104 399 τοί
2154 366 2256 418 μου
2309 349 2729 428 κατηγοροῦσιν,
2790 350 2964 414 οὐδείς
3018 369 3082 425 με
3131 352 3354 407 δύναται
3409 357 3591 422 αὐτοῖς

352 443 420 496 ad
486 440 751 495 Cmsarem
810 437 934 492 ibis.
990 435 1056 489 Et
1100 451 1221 491 cum
1255 436 1372 492 dies
1416 437 1624 507 aliquot
1651 436 1915 490 transacti

347 545 550 599 CSSCIII,

833 809 1393 883 COMMENTARIUS.

424 948 442 980 ι
472 927 1037 990 Anathematizarunt,
1069 943 1166 983 seu
1197 927 1529 984 devorerunt
1559 945 1638 994 se,
1677 948 1694 981 ι
1716 929 1915 1000 inquit,

349 1022 451 1076 hoc
479 1030 562 1077 est
614 1019 844 1090 proiessi
873 1029 1022 1084 sunt,
1053 1035 1114 1077 se
1139 1029 1295 1076 extra
1336 1021 1436 1076 Dei
1454 1021 1614 1082 ﬁdem
1646 1021 1783 1085 fore,
1806 1023 1912 1078 nisi

347 1109 491 1179 quod
554 1118 744 1166 contra
823 1107 1048 1164 Paulum
1116 1114 1466 1164 decreverant
1535 1107 1910 1177 perfecissent.

347 1199 482 1256 tium
524 1207 704 1252 autem
755 1197 955 1267 duplex
1006 1198 1077 1254 sit
1141 1198 1470 1261 anathema,
1519 1211 1617 1252 seu
1675 1207 1910 1254 votum:

351 1306 518 1344 unum
575 1289 794 1356 quidem
852 1287 1104 1344 omnibus
1176 1288 1260 1343 vel
1304 1288 1489 1343 multis
1547 1289 1912 1354 inaccessum,

350 1385 458 1436 Deo
489 1392 668 1435 autem
696 1380 797 1434 soli
825 1380 1090 1445 oblatum;
1113 1380 1340 1434 alterum
1361 1390 1539 1434 autem
1569 1381 1718 1435 omni
1743 1380 1914 1436 ferme

345 1496 358 1522 ι
380 1483 683 1532 reatumae
707 1482 854 1528 certe
878 1474 1082 1527 sanctis
1114 1475 1506 1542 potestatibus,
1538 1458 1802 1542 intactum
1856 1483 1911 1528 et

346 1587 370 1614 ει
414 1563 521 1620 Deo
587 1565 853 1627 alienum,
919 1564 1117 1634 quippe
1173 1565 1320 1634 quod
1379 1565 1596 1620 diabolo
1657 1567 1912 1622 convenit

2022 442 2374 510 χαρίσασθαι.
2404 442 2662 512 Καίσαρα
2708 443 3100 513 ἐπικαλοῦμαι.
3157 445 3290 498 Τότε
3320 447 3348 498 ὁ
3381 447 3590 518 Φῆστος

2023 532 2362 602 συλλαλήσας
2399 533 2538 603 μετὰ
2585 534 2679 588 τοῦ
2732 534 3082 606 συμϐουλίου,
3111 536 3419 614 ἀπεκρίθη·
3454 542 3591 597 Καί·

2023 641 2163 696 σαρα
2192 626 2576 696 ἐπικέκλησαι,
2604 627 2694 680 ἐπὶ
2727 628 2983 699 Καίσαρα
3037 629 3304 702 πορεύσῃ.
3338 629 3591 703 Ἥμερῶν

2017 717 2072 769 δὲ
2104 717 2499 787 διαγενομένων
2529 719 2714 785 τινῶν,

2614 822 2993 886 EPMHNEIA.

2097 959 2115 992 ι
2158 939 2607 1012 Ἀνεθεμάτισαν,
2627 943 2812 1012 φησιν,
2843 943 3095 1006 ἑαυτοὺς,
3129 962 3147 995 ι
3178 943 3460 999 τουτέστιν
3486 946 3596 1012 ἔξω

2017 1025 2158 1081 εἶναι
2185 1028 2284 1098 τῆς
2318 1032 2460 1084 κατὰ
2501 1031 2632 1083 Θεὸν
2679 1031 2917 1095 πίστεως
2943 1026 3100 1086 εἷπον
3131 1033 3376 1097 ἑαυτοὺς,
3426 1037 3478 1087 εί
3508 1039 3586 1106 μὴ

2018 1121 2302 1191 ποιήσαιεν
2328 1121 2396 1175 τὰ
2427 1121 2712 1186 δόξανταδί
2741 1122 2907 1195 [κατὰ
2962 1124 3224 1196 Παύλου.]
3253 1125 3367 1178 Τοῦ
3395 1129 3586 1182 ames-

2019 1227 2185 1278 ματος
2213 1211 2399 1264 δισσοῦ
2434 1213 2724 1282 νοουμένου
2752 1229 2768 1247 ο
2810 1212 2906 1269 τοῦ
2947 1215 3067 1284 μὲν,
3110 1215 3185 1278 ὡς
3214 1219 3326 1279 τοῖς
3360 1220 3524 1271 πᾶσιν
3554 1219 3585 1287 ἦ

2017 1304 2230 1366 πολλοῖς
2264 1305 2488 1360 ἀθίκτου
2511 1307 2577 1370 κ,
2615 1305 2735 1376 Θεῷ
2763 1305 2818 1360 δὲ
2875 1307 3021 1378 μόνῳ
3046 1309 3436 1378 ἀνατιθεμένου
3453 1327 3465 1338 ·
3491 1312 3592 1363 τοῦ

2014 1395 2092 1455 δὲ,
2118 1394 2192 1458 ὡς
2223 1396 2372 1468 πάσῃ
2421 1399 2487 1464 τῇ
2541 1397 2719 1450 κτίσει
2755 1400 2849 1451 καὶ
2905 1401 3027 1462 ταῖς
3057 1399 3244 1467 ἁγίαις
3293 1400 3588 1468 δυνάμεσιν

2015 1484 2317 1554 ἀψαύστου,
2348 1487 2443 1540 καὶ
2487 1487 2609 1558 Θεῷ
2652 1488 2960 1559 ἀλλοτρίου,
2987 1490 3063 1553 ὡς
3097 1490 3176 1558 τῷ
3206 1491 3438 1559 διαϐόλῳ
3461 1494 3591 1554 ἀνα-

2015 1577 2292 1648 κειμένου,
2329 1580 2416 1635 διὰ
2461 1579 2560 1648 τὴν
2594 1581 2766 1652 ἀμιγῆ
2824 1582 2919 1634 τοῦ
2975 1581 3142 1636 καλοῦ
3199 1583 3585 1653 ἀλλοτρίωσινο

346 1664 564 1725 prepter
611 1653 984 1710 omnimodam
1043 1656 1423 1710 alienationem
1487 1673 1514 1708 a
1563 1657 1739 1724 bono';
1785 1656 1911 1710 huic

2018 1671 2244 1742 τοιούτῳ
2267 1671 2362 1724 νῦν
2392 1674 2486 1724 καὶ
2518 1667 2664 1726 οὗτοι
2693 1674 3079 1727 ἐπιϐάλλουσιν
3112 1675 3336 1738 ἑαυτοὺς
3387 1677 3587 1729 ἀναθέ-

345 1747 633 1815 posteriori
664 1745 996 1801 anathemati
1050 1747 1137 1799 isti
1177 1763 1321 1800 nunc
1375 1748 1698 1803 semctiosos
1743 1749 1911 1818 sabji-

344 1840 516 1892 ciunt.
549 1837 935 1906 Adnotaudum
970 1851 1121 1901 vero,
1148 1838 1295 1905 quod
1334 1836 1479 1892 Felix
1512 1838 1671 1894 {idem
1727 1849 1911 1895 notam

346 1932 586 1993 haberet,
619 1937 807 2002 utpote
828 1936 1079 1982 accurate
1129 1928 1432 1990 instructus
1455 1929 1522 1983 de
1561 1931 1630 1985 iis
1677 1946 1799 2000 qua:
1844 1934 1911 1987 ad

343 2022 617 2078 Christum
659 2028 931 2089 spectant,
964 2035 1032 2078 ex
1056 2020 1232 2089 Veteri
1286 2020 1658 2077 Testamento.
1714 2023 1914 2078 Nihilo-

346 2112 528 2166 minus
564 2126 672 2168 non
703 2110 934 2166 absolvit
968 2108 1218 2175 Paulum,
1242 2109 1311 2166 ad
1339 2109 1648 2167 Judaaorum
1681 2117 1911 2185 gratiam

343 2202 668 2272 captandam
698 2244 712 2270 ,
743 2203 859 2257 sive
889 2203 1031 2274 quod
1057 2217 1286 2257 munera
1312 2218 1371 2258 se
1404 2213 1753 2274 accepturum
1778 2223 1902 2278 spe-

343 2294 517 2357 rabat,
549 2303 606 2346 ut
635 2294 689 2348 in
720 2294 1075 2364 sequentibus
1105 2294 1376 2371 innuitur.
1431 2293 1666 2350 Noverat
1727 2308 1910 2353 autem

342 2385 526 2449 etiam,
559 2386 687 2455 quia
714 2399 938 2442 uxorem
961 2384 1201 2441 Iudaeam
1234 2385 1492 2449 habebat,
1513 2402 1542 2440 a
1567 2401 1676 2457 qua
1733 2391 1911 2445 conti-

345 2485 535 2530 nenter
556 2475 658 2536 ista
676 2474 1020 2543 audiebat.Et
1039 2474 1256 2545 quidem
1273 2473 1385 2540 illa,
1399 2473 1586 2531 Judaea
1601 2491 1724 2532 cum
1740 2488 1908 2543 esset,

341 2574 528 2620 contra
551 2565 726 2639 legem
758 2565 962 2620 homini
991 2562 1187 2620 Gentili
1221 2574 1502 2636 nupserat.
1529 2565 1629 2622 Vel
1677 2567 1910 2624 fortasse

340 2665 458 2712 erat
483 2655 702 2723 quidem
732 2657 966 2726 primum
994 2653 1202 2723 Iudaea,
1239 2666 1296 2710 at
1320 2672 1445 2712 cum
1475 2658 1551 2711 illi
1605 2659 1908 2729 nupsisset,

342 2751 486 2802 facta
512 2756 596 2803 est
629 2746 859 2804 Gentilis
918 2764 1132 2819 :quarc
1187 2751 1440 2818 exposuit
1495 2750 1570 2804 illi
1629 2753 1906 2822 propriam

340 2838 524 2902 ﬁdem,
575 2847 629 2892 et
701 2839 754 2893 in
837 2839 1338 2909 praevaricationem
1392 2841 1625 2898 induxit.
1687 2860 1706 2894 ι
1765 2841 1908 2896 Dixit

342 2939 520 2984 autem
548 2929 772 2985 Paulus.
806 2948 827 2984 ι
858 2930 971 2986 Hoc
1015 2932 1255 3004 (nempe,
1285 2931 1509 2988 Romam
1540 2948 1762 3004 pergere
1782 2934 1905 2989 volo

340 3023 408 3076 ad
439 3023 730 3090 Caesarem,
774 3033 828 3079 et
864 3025 940 3080 ibi
977 3026 1238 3099 judicari)
1281 3028 1418 3092 dixit
1469 3025 1694 3093 Paulus,
1723 3038 1784 3091 ut
1809 3025 1904 3082 Ju-
1931 3041 1974 3101 ο

348 3111 578 3166 ποθι-οη]
603 3127 798 3172 manus
833 3111 1119 3184 cﬂugeret.

745 3225 917 3296 305
949 3224 1178 3284 canor
1217 3225 1479 3282 χχχιιι.

409 3340 656 3409 Agrippa
685 3349 734 3394 et
763 3339 1003 3393 Bernicia
1037 3338 1312 3402 adventus,
1371 3349 1422 3391 et
1479 3339 1822 3408 interrogatio
1845 3341 1909 3394 de

930 3445 1095 3482 causa
1151 3428 1332 3483 Pauli.

690 3520 848 3574 Feria
866 3518 898 3572 6
918 3520 1268 3576 heddomada:
1284 3525 1547 3594 septimas.

972 3610 1271 3670 TEXTUS.

407 3700 572 3765 XXV,
595 3701 1035 3775 15-19.Agrippa
1068 3721 1159 3761 rex
1174 3717 1227 3762 et
1253 3707 1481 3767 Bernice
1506 3711 1908 3777 descenderunt

335 3794 636 3852 Caesaream
664 3798 728 3849 ad
743 3796 1087 3852 salutandum
1102 3797 1346 3858 Festum.
1366 3804 1566 3862 Etcum
1587 3809 1704 3864 dies
1723 3812 1905 3880 plures

336 3888 409 3942 ibi
439 3887 874 3956 demorarentur,
919 3888 1114 3947 Festus
1163 3893 1275 3964 regi
1307 3895 1570 3954 indicavit
1616 3901 1684 3956 de
1712 3901 1903 3974 Paulo,

335 3979 558 4037 dicens:
601 3979 695 4035 Vir
734 3983 952 4052 quidatn
981 3993 1068 4038 est
1092 3984 1386 4043 derelictus
1413 4003 1442 4042 a
1469 3987 1648 4046 Felice
1669 3994 1904 4064 vinctus,

2021 1779 2174 1831 ματι.
2209 1763 2570 1831 Σημειωτέον,
2601 1763 2813 1834 ὅτιῇδει
2841 1765 3048 1834 ὁΦῆλιξ
3068 1765 3164 1835 τὴν
3193 1766 3396 1830 πίστιν,
3425 1767 3585 1835 ἀκριο

2015 1853 2126 1914 ϐὡς
2177 1853 2503 1924 κατηχηθεὶς
2547 1855 2616 1908 τὰ
2662 1857 2785 1924 περὶ
2814 1856 2905 1908 τοῦ
2940 1856 3177 1928 Χριστοῦ
3228 1859 3293 1911 ὲκ
3319 1859 3416 1926 τῆς
3463 1859 3580 1911 Πα-

2014 1944 2204 2006 λαιᾶςο
2239 1946 2373 2016 πρὸς
2422 1948 2580 2016 χάριν
2628 1946 2684 1998 δὲ
2722 1947 2832 2000 τῶν
2878 1949 3149 2002 Ἰουδαίων
3198 1949 3299 2002 οὐκ
3344 1950 3584 2004 ἀπέλυσε

2017 2038 2106 2089 τὸν
2139 2037 2372 2102 Παῦλον,
2407 2039 2437 2106 ἢ
2483 2039 2576 2090 καὶ
2605 2038 2694 2090 διὰ
2725 2039 3088 2111 δωροληψίαν,
3119 2040 3192 2104 ὡς
3227 2044 3586 2111 παρακατιὼν

2012 2129 2041 2179 6
2065 2127 2219 2195 λόγος
2251 2127 2471 2193 ἔδειξεν,
2510 2130 2665 2200 ᾚδει
2692 2129 2750 2183 δὲ
2795 2133 2889 2184 καὶ
2914 2121 2989 2194 ὡς
3021 2130 3161 2201 ἔχων
3189 2136 3423 2200 γυναῖκα
3451 2134 3586 2186 Ἰου-

2011 2219 2188 2285 δαίαν,
2220 2221 2350 2292 παρ’
2380 2217 2447 2294 ἦς
2477 2223 2716 2292 συνεχῶς
2737 2223 2902 2294 ἤκουε
2937 2224 3127 2278 ταῦτα.
3162 2223 3309 2294 Αὕτη
3337 2225 3391 2277 δὲ
3418 2227 3569 2292 παρὰ

2011 2317 2101 2369 τὸν
2157 2317 2322 2387 νόμον
2363 2317 2609 2387 συνήφθη
2663 2317 2834 2388 αὐτῷ,
2895 2317 3122 2371 Ἰουδαία
3161 2316 3584 2386 οὖσα,Ἕλληη.

2011 2410 2082 2461 Ἢ
2101 2409 2241 2480 τάχα
2277 2404 2346 2480 ἦν
2373 2409 2470 2480 μὲν
2515 2407 2742 2465 Ἰουδαία
2762 2450 2777 2474 ,
2814 2410 3124 2481 γαμηθεῖσα
3175 2409 3230 2464 δὲ
3259 2408 3426 2478 αύτῷ,
3455 2407 3582 2476 ἐγί-

2010 2517 2131 2555 νετο
2168 2501 2438 2571 Ἑλληνίς.
2477 2502 2568 2554 Διὸ
2609 2503 2703 2556 καὶ
2751 2503 2936 2569 ἔλεγεν
2961 2502 3108 2571 αὐτῷ
3147 2501 3242 2571 τὴν
3261 2501 3455 2570 ἑαυτῆς
3489 2499 3582 2552 πί·-

2011 2612 2148 2660 στιν,
2181 2595 2445 2648 πείθουσα
2495 2594 2590 2648 καὶ
2609 2595 2701 2648 τὸν
2751 2594 2919 2666 ἄνδρα
2954 2594 3276 2664 παραϐάτην
3305 2591 3576 2661 γενέσθαι.

2014 2700 2034 2734 ι
2059 2678 2196 2735 Eine
2225 2682 2283 2736 δὲ
2315 2685 2342 2736 6
2365 2682 2574 2747 Παῦλος
2603 2683 2698 2737 ἐπὶ
2718 2684 2835 2739 τοῦ,
2865 2702 2884 2735 ι
2914 2683 3084 2738 Τοῦτο
3111 2684 3168 2737 δὲ
3197 2680 3351 2737 εἶπεν
3378 2685 3406 2737 6
3429 2683 3578 2737 Παῦ-

2007 2774 2118 2838 λος,
2147 2773 2468 2845 βουλόμενος
2499 2776 2598 2838 τὰς
2627 2776 2734 2830 τῶν
2775 2775 3043 2831 Ἰουδαίων
3067 2779 3254 2848 χεῖρας
3284 2777 3540 2846 ἐκφυγεῖν
3558 2791 3582 2810 ο

2006 2867 2311 2930 τουτέστιν,
2355 2868 2449 2920 Ἑν
2479 2869 2546 2936 τῇ
2586 2865 2774 2940 Ῥώμῃ
2807 2867 2948 2922 θέλω
2996 2868 3256 2937 ᾁπελθεεν
3302 2869 3450 2939 παρὰ
3495 2868 3584 2938 τῷ

2009 2956 2240 3027 βασιλεῖ,
2271 2960 2433 3012 κάκεῖ
2457 2958 2800 3014 δικάσασθαι.

2589 3250 2835 3303 ΚΕΦΛΛ.
2879 3247 3000 3305 AZ'.

2021 3361 2313 3428 Ἀγρίππα
2361 3361 2459 3416 καὶ
2513 3361 2803 3431 Βερνίκης
2836 3365 3155 3430 παρουσία,
3214 3363 3312 3417 καὶ
3360 3363 3575 3431 πεῦσις

2484 3452 2604 3512 τῶι⁴
2631 3453 2781 3505 κατὰ
2811 3454 3076 3508 Παύλου.

2407 3533 2412 3536 ’
2436 3547 2511 3616 Τῇ
2542 3543 2585 3598 ε’
2611 3547 2710 3614 τῆς
2737 3545 2782 3620 ζ’
2816 3547 3153 3617 ἑϐδομάδος,

2609 3637 2996 3701 KEIMENON.
3118 3621 3123 3625 ’

2104 3729 2411 3797 Ἀγρίππας
2448 3731 2475 3781 6
2518 3728 2770 3799 βασιλεὺς
2807 3729 2902 3783 καὶ
2951 3729 3181 3802 Βερνίκη
3231 3731 3578 3803 κατήντησαν

2007 3818 2088 3881 εἰς
2137 3819 2500 3889 Καισάρειαν,
2569 3819 2943 3888 ἀσπασόμενοι
2994 3820 3085 3874 τὸν
3122 3819 3348 3891 Φῆστον.
3403 3819 3491 3882 Ὠς
3519 3820 3577 3872 δὲ

2006 3910 2226 3974 πλείους
2262 3913 2472 3982 ἡμέρας
2493 3912 2760 3986 διέτριϐον
2798 3914 2931 3978 ἐκεῖ,
2959 3914 2987 3966 6
3020 3913 3227 3984 Φῆστος
3259 3913 3336 3982 τῷ
3367 3912 3576 3984 βασιλεί

2007 4003 2228 4060 ἀνέθετο
2281 4005 2347 4057 τὰ
2404 4005 2542 4057 κατὰ
2581 4005 2670 4058 τὸν
2710 4003 2919 4057 Παῦλον
2947 4046 2962 4070 ,
3011 4004 3187 4074 λέγων
3217 4021 3230 4034 ⁸
3287 4005 3451 4076 Ἀνήρ
3485 4003 3571 4068 τίς

338 4072 408 4126 de
437 4087 546 4142 quo
580 4087 701 4127 cum
735 4089 914 4130 essem
953 4073 1610 4150 Jerosolymis.adierunt
1637 4101 1722 4141 me
1756 4088 1906 4157 prin-

2014 4098 2120 4149 ἐστι
2147 4096 2639 4168 καταλελειμμένος
2679 4095 2783 4149 ὑπὸ
2810 4096 3038 4166 Φήλικος
3059 4096 3298 4167 δέσμιος,
3331 4102 3459 4168 περὶ
3485 4091 3583 4161 οὖν

334 4162 483 4232 cipes
507 4167 852 4219 sacerdotum
878 4176 933 4221 et
965 4169 1212 4225 seniores
1237 4171 1568 4242 intimorum,
1622 4180 1906 4247 postulan-

2014 4189 2302 4258 γενομένου
2339 4162 2450 4258 μου.
2481 4162 2562 4252 εἰς
2603 4162 2980 4260 Ἰεροσόλυμα,
3022 4162 3363 4258 ὲνεφάνησαν
3393 4162 3442 4240 οἱ
3479 4189 3576 4257 ἁρ-

335 4262 416 4310 tcs
443 4255 708 4311 adversus
738 4257 888 4313 illum
915 4260 1345 4319 damnationem.
1380 4266 1458 4320 Ad
1493 4283 1632 4337 quos
1673 4287 1905 4343 respon-

2014 4281 2207 4351 κιερείς
2239 4279 2334 4332 καὶ
2369 4278 2418 4331 οί
2448 4279 2812 4349 πρεσϐύτεροι
2843 4278 2950 4330 τῶν
2993 4277 3279 4341 Ἰουδαίων,
3315 4276 3574 4347 αἰτούμε-

333 4346 410 4409 di,
468 4349 593 4416 quia
638 4345 755 4403 Non
805 4357 890 4405 est
949 4352 1207 4409 Romanis
1258 4358 1601 4416 consuetudo
1648 4361 1907 4420 damnare

2014 4387 2090 4422 νοι
2123 4369 2238 4422 κατ’
2268 4368 2434 4422 αὐτοῦ
2473 4368 2647 4438 δίκην.
2696 4367 2838 4439 Πρδς
2867 4368 2960 4431 οὓς
2992 4369 3316 4440 ἀπεκρίθην,
3345 4371 3426 4422 δτι
3463 4369 3576 4422 Οὐκ

333 4438 567 4506 aliquem
628 4439 934 4510 hominem,
989 4443 1328 4515 priusquam"
1364 4449 1411 4503 is
1464 4451 1556 4520 qui
1606 4464 1900 4510 accusatur

2014 4461 2155 4514 ἔστιν
2178 4460 2295 4523 ἔθος
2337 4459 2624 4529 Ῥωμαίοις
2671 4438 2994 4530 χαρίζεσθαί
3039 4438 3158 4513 τινα
3189 4438 3471 4531 ἄνθρωπον
3496 4461 3580 4522 εἰς

335 4537 630 4597 praesentes
647 4532 844 4587 habeat
873 4545 1237 4602 accusatores,
1271 4539 1558 4612 locumque
1598 4544 1897 4602 defenden-

2014 4553 2304 4615 ἀπώλειαν,
2334 4552 2466 4621 πρὶν
2491 4551 2524 4622 ἢ
2561 4553 2588 4604 6
2619 4551 3094 4626 κατηγορούμενος
3123 4551 3260 4605 κατὰ
3286 4552 3579 4620 πρόσωπον

333 4619 386 4673 di
421 4622 652 4690 accipiat
708 4625 773 4678 ad
834 4626 1104 4681 abluenda
1136 4629 1394 4684 crimina.
1443 4633 1575 4689 Cum
1609 4652 1738 4708 ergo
1791 4639 1898 4694 huc

2014 4644 2119 4716 ἔχοι
2174 4646 2301 4706 τοὺς
2351 4619 2947 4714 κατηκόρουςξτόνπον
2975 4662 3034 4698 τε
3086 4619 3382 4713 ἀπολογίας
3418 4643 3571 4697 λάϐοι

334 4717 726 4768 convenissent
778 4716 902 4770 sine
925 4718 1034 4770 ulla
1067 4719 1350 4789 dilatione,
1399 4731 1648 4796 sequenti
1679 4729 1767 4785 die
1814 4747 1902 4788 se-

2014 4732 2250 4805 περὶτοῦ
2278 4733 2443 4805 ἐγκλή
2454 4749 2642 4802 ματος.
2677 4731 3048 4786 Συνελθόντων
3071 4732 3126 4785 δὲ
3156 4733 3336 4784 αὐτῶν
3361 4729 3567 4790 ἐνθάδε,

333 4805 467 4858 deus
519 4821 615 4873 pro
646 4807 1091 4878 tribunali,jussi
1123 4811 1248 4867 duci
1301 4815 1497 4871 virum.
1523 4818 1595 4876 De
1628 4836 1739 4891 quo
1772 4838 1896 4879 cum

2014 4825 2281 4896 ἀναϐολὴν
2322 4824 2593 4896 μηδεμίαν
2626 4824 3022 4895 ποιησάμενος,
3069 4825 3132 4892 τῇ
3178 4821 3305 4889 ἑξῆς
3343 4820 3573 4881 καθίσας

331 4897 617 4950 stetissent
652 4906 1024 4964 accusatores,
1057 4904 1261 4959 nullam
1291 4920 1510 4962 causam
1556 4909 1896 4982 deferebant,

2014 4918 2098 4972 ἐπὶ
2127 4916 2222 4971 τοῦ
2255 4917 2518 4988 βήματος,
2549 4916 2810 4968 ἐκέλευσα
2843 4916 3074 4985 ἀχθῆναι
3105 4913 3195 4966 τὸν
3225 4913 3416 4983 ἄνδρα.
3440 4912 3579 4980 Περὶ

329 4988 396 5042 de
423 4986 622 5057 quibus
651 5002 750 5058 ego
772 4992 1116 5061 suspicabar,
1145 4999 1365 5054 malam.
1391 4997 1732 5066 Quaestiones
1762 5023 1896 5063 vero

2014 5005 2062 5064 ab
2098 4987 2418 5070 σταθέντες.
2436 5009 2483 5061 oi
2516 5011 2834 5079 κατήγοροι,
2865 5007 3121 5077 οὐδεμίαν
3150 5006 3332 5060 αἰτίαν
3376 5006 3574 5072 ἐπέφε-

329 5079 594 5150 quasdam
642 5080 710 5136 de
753 5098 848 5137 sua
900 5087 1292 5155 superstitione
1337 5090 1608 5148 habebant
1635 5097 1899 5154 adversus

2014 5119 2096 5172 ρον
2143 5099 2265 5153 κατ’
2304 5097 2494 5159 αὐτοῦ,
2535 5091 2608 5149 ὧν
2642 5099 2751 5165 ἐγὼ
2784 5097 3045 5151 ὑπενόουν
3076 5097 3340 5167 πονηράν.
3397 5095 3575 5165 Ζητή-

332 5188 480 5236 eum,
508 5182 560 5228 et
592 5177 659 5229 de
689 5178 925 5246 qutudam
991 5180 1119 5237 Jesu
1163 5183 1446 5250 defuncto,
1476 5202 1634 5258 quem
1668 5189 1899 5247 allirma-

2014 5207 2152 5261 ματα
2193 5189 2248 5242 δέ
2278 5205 2400 5250 τινα
2441 5189 2569 5258 περὶ
2617 5190 2715 5258 τῆς
2766 5188 2901 5252 ἰδίας
2949 5185 3400 5256 δεισιδαιμονίας
3428 5182 3574 5254 εἶχον

333 5267 416 5318 hat
442 5266 642 5323 Paulus
677 5270 878 5324 vivere.

2014 5285 2142 5353 πρὸς
2190 5281 2372 5346 αὑτὸν,
2418 5282 2512 5334 καὶ
2554 5281 2678 5352 περί
2721 5298 2864 5346 τινος
2919 5279 3094 5352 Ἰησοῦ
3140 5278 3484 5352 τεθνηκότος,
3514 5277 3582 5330 ὃν

614 5433 640 5460 ἡ
2005 5374 2242 5443 ἔφασκεν
2281 5375 2308 5426 ὀ
2349 5369 2556 5434 Παῦλος
2583 5370 2703 5442 ζῇν.

1689 5546 1888 5610 Variae
1917 5548 2250 5614 lectiones.

408 5658 449 5688 ⁸³⁸
476 5659 535 5708 τδ
560 5656 735 5722 δόξαν.
814 5663 857 5692 ⁶¹²
885 5664 1196 5730 ἀνεφίκτου.
