4058 6210
434 327 569 390 10ιὸ

504 532 706 584 Ἕνεκα
735 530 940 585 τούτων
965 573 980 597 ,
1023 534 1264 587 Ἰουδαῖοί
1309 551 1376 604 με
1408 534 1822 607 συλλαϐόμενοι,
1870 537 2000 590 ὄντα

433 626 491 678 ὲν
511 623 592 695 τῷ
619 624 770 696 ἱερῷ,
804 625 1104 697 ἐπειρῶντο
1134 626 1597 698 διαχειρίσασθαι.
1652 628 2003 698 Ἑπικουρίας

433 716 526 771 οὖν
546 716 724 788 τυχὼν
759 717 857 788 τῆς
882 717 990 771 ἀπὸ
1015 716 1108 770 τοῦ
1146 717 1305 785 Θεοῦ,
1343 719 1471 790 ἄχρι
1499 721 1597 790 τῆς
1626 719 1840 791 ἡμέρας
1866 718 2005 776 ταῦτ

434 824 533 879 της
566 808 780 877 ἕστηκα
825 806 1270 879 μαρτυρούμενος
1311 808 1494 881 μικρῷ
1526 826 1587 861 τε
1620 810 1716 862 καὶ
1745 808 2002 879 μεγάλῳ·

435 900 590 954 οὐδὲν
636 900 792 963 ἐκτὸς
846 899 1046 968 λέγων,
1083 894 1160 953 ῶν
1197 916 1257 952 τε
1302 900 1351 953 oi
1403 901 1683 972 προφῆται
1735 899 2006 971 ἐλάλησαν

439 991 748 1061 μελλόντων
798 991 1063 1060 γίνεσθαι,
1115 993 1209 1047 καὶ
1256 992 1503 1063 Μωῦσῆς
1532 1033 1547 1058 ,
1589 992 1639 1046 εί
1691 992 1931 1063 παθητὸς
1978 991 2007 1044 6

439 1084 709 1155 Χριστὸς,
755 1085 805 1138 εί
853 1082 1065 1154 πρῶτος
1096 1083 1157 1148 ἐξ
1189 1080 1539 1148 ἀναστάσεως
1587 1083 1833 1155 νεκρῶν,
1891 1081 2008 1153 φῶς

444 1175 630 1243 μέλλει
684 1174 1075 1243 καταγγέλλειν
1120 1175 1197 1245 τῷ
1239 1192 1301 1228 τε
1352 1175 1468 1245 λαῷ
1513 1176 1610 1228 καὶ
1645 1176 1759 1238 τοῖς
1802 1174 2005 1228 ἔθνεσι.

440 1265 625 1318 Ταῦτα
651 1265 710 1318 δὲ
735 1264 901 1318 αὐτοῦ
927 1266 1392 1336 ἀπολογουμένου,
1425 1268 1454 1320 6
1474 1267 1681 1335 Φῆστος
1712 1265 1923 1337 μεγάλῃ
1941 1268 2008 1337 τῇ

441 1357 593 1425 φωνῇ
626 1371 760 1426 φησι
782 1371 798 1386 ο
834 1353 1041 1424 Μαίνῃ,
1074 1355 1253 1410 Παῦλε
1275 1371 1291 1386 ’
1323 1356 1390 1409 τὰ
1414 1356 1584 1411 πολλά
1614 1374 1671 1410 σε
1706 1356 2013 1428 γράμματα

440 1447 518 1508 εἰς
553 1446 749 1517 μανίαν
781 1446 1130 1517 περιτρέπει.
1172 1448 1230 1501 '0
1258 1449 1315 1501 δὲ
1350 1448 1588 1514 Παῦλος,
1623 1449 1699 1503 06
1725 1448 2012 1520 μαίνομαι,

438 1538 597 1606 φησι,
645 1536 906 1608 κράτιστε
949 1537 1153 1608 Φῆστε,
1189 1539 1328 1593 ἀλλά
1370 1539 1630 1610 ἀληθείας
1669 1541 1763 1594 καὶ
1794 1556 2011 1609 σωφρο·

443 1628 607 1699 σύνης
635 1629 858 1700 ῥήματα
885 1630 1333 1700 ἀποφθέγγομαι.
1376 1629 1699 1685 Ἐπίσταται
1733 1631 1844 1701 γάρ
1882 1631 2017 1702 περὶ

440 1704 645 1773 τοῦτων
671 1721 702 1773 6
759 1720 1048 1790 βασιλεὺς,
1103 1722 1240 1791 πρὸς
1282 1722 1343 1775 δν
1374 1723 1465 1775 καὶ
1500 1722 2015 1794 παρρησιαζόμενος

439 1810 608 1866 λαλῶ.
661 1811 962 1866 Δανθάνειν
986 1813 1099 1882 γὰρ
1129 1812 1292 1866 αὐτόν
1317 1829 1369 1865 τι
1410 1811 1617 1865 τούτων
1652 1812 1715 1866 οὐ
1747 1812 2009 1884 πείθομαι

438 1902 611 1957 οὐδέν.
663 1904 740 1957 Οὐ
772 1903 882 1973 γάρ
911 1906 1058 1955 ἐστιν
1090 1904 1148 1957 ὲν
1192 1903 1368 1974 γωνία
1409 1905 1799 1975 πεπραγμένον
1829 1906 2007 1959 τοῦτο.

445 1993 748 2056 Πιστεύεις,
783 1992 1004 2063 βασιλεῦ
1036 1993 1338 2064 Ἀγρίππα,
1358 1996 1470 2058 τοῖς
1503 1996 1851 2066 προφήταιςς
1883 1992 2012 2049 οἶδα

444 2085 528 2135 ὅτι
574 2084 872 2148 πιστεύεις.
933 2084 994 2138 '0
1038 2084 1096 2138 δὲ
1140 2085 1455 2155 Ἀγρίππας
1501 2085 1638 2156 πρὸς
1678 2085 1768 2139 τὸν
1800 2084 2011 2140 Παῦλον

446 2181 548 2247 ἔφη
576 2196 592 2211 ·
637 2179 724 2232 Ἐν
758 2179 923 2250 ὀλίγῳ
964 2196 1032 2249 με
1062 2180 1270 2244 πείθεις
1292 2180 1614 2256 Χριστιανὸν
1640 2179 1915 2248 γενέσθαι.
1952 2178 2011 2233 Ὀ

444 2272 500 2324 δὲ
557 2270 764 2333 Παῦλος
810 2267 963 2325 εἶπεν
991 2289 1007 2304 ο
1057 2271 1336 2342 Εὐξαίμην
1386 2270 1453 2324 ἂν
1503 2270 1589 2341 τῷ.
1617 2270 1769 2342 Θεῷ,
1818 2273 1912 2324 καὶ
1959 2273 2016 2323 ὲν

442 2360 632 2432 ὀλίγῳ,
666 2362 761 2414 καὶ
790 2364 847 2415 ἐν
880 2360 1081 2431 πολλῷ,
1115 2362 1178 2414 οὐ
1211 2361 1375 2430 μόνον
1404 2360 1491 2426 σὲ,
1519 2361 1655 2414 ἀλλὰ
1686 2362 1782 2415 καὶ
1809 2361 2017 2425 πάντας

422 2432 571 2513 ’τοὺς
615 2452 915 2515 ἀκούοντάς
961 2469 1065 2522 μου
1111 2451 1383 2522 σήμερον,
1428 2450 1684 2519 γενέσθαι
1722 2450 2019 2517 τοιούτους,

444 2546 627 2607 ὁποῐος
658 2542 816 2612 κάγώ
861 2545 1015 2614 είμι,
1057 2542 1333 2614 παρεκτὸς
1379 2543 1487 2595 τῶν
1531 2542 1748 2612 δεσμῶν
1795 2543 2020 2599 τούτων.

448 2632 557 2686 Καὶ
589 2632 763 2686 ταῦτα
806 2633 1056 2695 εἰπόντος
1094 2630 1264 2685 αὐτοῦ
1285 2669 1302 2695 ,
1339 2630 1540 2698 ἀνέστη
1574 2647 1636 2683 τε
1679 2632 1708 2683 6
1738 2628 2012 2699 βασιλεὺς,

450 2725 542 2777 καὶ
567 2727 595 2777 6
637 2724 859 2795 ἡγεμὼν
879 2765 895 2790 ,
920 2725 956 2788 ἦ
1001 2742 1062 2778 τε
1087 2723 1346 2796 Βερνίκη,
1393 2724 1489 2776 καὶ
1522 2724 1572 2775 at
1608 2722 2017 2801 συγκαθήμενοι

450 2815 633 2879 αὐτοῖς
666 2831 679 2845 ⁶
729 2817 825 2870 καὶ
879 2816 1339 2887 ἀναχωρήσαντες
1393 2813 1617 2868 ἐλάλουν
1666 2814 1804 2885 πρὸς
1844 2813 2015 2884 ἀλλή-

945 324 1482 388 EXPOSITIONIS
1521 324 1605 387 IN
1632 326 1816 386 ACTA
1853 326 2156 388 TEXTUS
2185 324 2450 388 ALTER.
2486 351 2554 361 -
2592 326 2749 387 CAP.
2793 326 2997 387 XXVI.

1012 443 1401 497 KEIMENON.
2024 447 2076 507 Α

3536 326 3679 390 1θὶίῖ

2738 440 3037 496 TEXTUS.

2176 534 2367 601 XXVI,
2387 535 2576 589 2152.
2604 533 2715 589 Hac
2728 550 2790 589 ex
2814 548 2980 588 causa
3014 546 3099 587 me
3122 530 3316 596 Judaei,
3343 549 3465 587 cum
3494 551 3669 589 CSSt‘itl

2106 627 2159 680 in
2185 625 2404 693 templo,
2432 624 2886 693 comprehensum
2912 623 3195 679 tentabant
3212 622 3536 677 interﬁcere.
3565 627 3675 677 An-

2102 718 2235 774 xilio
2261 724 2441 773 autem
2458 717 2674 788 adjutus
2700 716 2978 787 Deiusque
2996 716 3049 769 in
3067 716 3386 770 hodiernum
3403 716 3543 770 diem
3563 728 3670 773 sto.

2107 809 2409 866 testiﬁcans
2440 807 2642 862 minori
2675 816 2843 878 atque
2864 807 3081 877 majori,
3116 806 3249 860 nihil
3290 815 3442 862 extra
3485 806 3674 862 dicens

2105 915 2269 970 quam
2300 913 2364 955 ea
2391 914 2513 968 quae
2544 898 2818 970 propheta:
2851 898 3017 953 loculi
3048 906 3176 954 sunt
3208 897 3389 952 futura
3446 913 3587 962 esse,
3622 906 3675 951 et

2109 988 2347 1061 Moyses,
2383 989 2429 1045 si
2468 988 2748 1059 passibilis
2772 988 3048 1067 Christus,
3082 989 3128 1045 si
3159 991 3370 1059 primus
3402 1003 3466 1044 ex
3495 1004 3674 1044 resur«

2108 1082 2354 1137 rectione
2411 1092 2777 1144 mortuorum,
2866 1082 3047 1138 lumen
3108 1081 3536 1138 annuntiaturus
3592 1092 3676 1138 est

2108 1172 2308 1243 popqu
2336 1181 2389 1228 et
2418 1173 2694 1243 gentibus.
2726 1172 2849 1228 Htec
2896 1174 3150 1243 loquente
3180 1187 3246 1227 eo
3319 1181 3375 1228 et
3404 1174 3672 1230 rationem

2109 1265 2384 1328 reddente,
2401 1265 2597 1320 Festus
2627 1280 2819 1334 magna
2850 1280 2979 1320 voce
3008 1265 3142 1320 dixit
3169 1282 3182 1319 :
3206 1264 3442 1328 Insanis,
3472 1264 3676 1334 Paule;

2113 1357 2295 1412 multzr
2316 1366 2368 1410 te
2398 1358 2595 1413 litterae
2627 1358 2695 1411 ad
2750 1358 3019 1412 insaniam
3053 1365 3404 1413 convertunt.
3437 1358 3503 1411 Et
3539 1359 3680 1413 Pau-

2111 1448 2198 1504 lus
2234 1445 2395 1504 :Non
2429 1449 2668 1515 insanio,
2697 1449 2896 1517 inquit,
2927 1454 3129 1519 optime
3159 1447 3341 1515 Feste,
3373 1449 3466 1504 sed
3490 1451 3680 1504 verita-

2113 1539 2183 1593 tis
2211 1547 2265 1593 et
2301 1537 2617 1595 sobrietatis
2639 1540 2805 1593 verba
2871 1539 3084 1607 loquor.
3122 1539 3240 1595 Scit
3284 1540 3429 1596 enim
3468 1539 3535 1594 de
3594 1540 3681 1594 his

2116 1645 2237 1697 rex,
2268 1629 2336 1685 ad
2373 1645 2533 1701 quem
2587 1637 2640 1685 et
2673 1640 2995 1686 constanter
3028 1632 3263 1702 loquor:
3329 1633 3497 1687 latere
3535 1633 3679 1687 enim

2112 1738 2235 1779 eum
2267 1724 2404 1778 nihil
2437 1723 2635 1778 horum
2668 1724 2929 1778 arbitror.
2959 1722 3146 1793 Neque
3168 1725 3312 1778 enim
3368 1726 3423 1779 in
3483 1727 3682 1796 angulo

2044 1794 2086 1847 Β
2110 1815 2415 1886 quidquam
2444 1816 2639 1869 horum
2678 1824 2889 1884 gestum
2924 1826 3026 1871 est.
3051 1815 3267 1881 Credis,
3296 1832 3390 1871 rex
3421 1794 3681 1890 Agrippa,

2113 1906 2447 1977 prophetis?
2500 1905 2629 1960 Scio
2684 1906 2812 1976 quia
2870 1907 3071 1963 credis.
3110 1909 3342 1978 Agrippa
3401 1919 3583 1966 autem
3614 1913 3681 1966 ad

2112 1994 2339 2050 Paulum
2373 2011 2388 2047 :
2416 1993 2476 2048 In
2502 1993 2720 2049 modico
2772 1996 2966 2049 suades
2998 2011 3082 2049 me
3111 1995 3485 2052 Christianum
3546 1999 3680 2054 ﬁeri.

2112 2083 2177 2141 Et
2202 2082 2409 2138 Paulus
2437 2100 2451 2137 :
2480 2082 2627 2152 Opto
2652 2083 2801 2153 apud
2854 2082 3045 2148 Deum,
3071 2093 3125 2138 et
3177 2085 3230 2139 in
3285 2087 3500 2142 modico
3530 2099 3583 2143 et
3627 2089 3681 2142 in

2120 2189 2339 2245 magno,
2371 2189 2481 2229 non
2508 2181 2724 2229 tantum
2753 2181 2830 2240 te,
2859 2176 2956 2230 sed
2999 2176 3167 2230 etiam
3220 2193 3409 2234 omnes
3438 2181 3529 2248 qui
3584 2195 3683 2235 au-

2120 2266 2301 2329 diunt,
2332 2265 2495 2320 hodie
2526 2265 2643 2320 ﬁeri
2669 2265 2826 2330 tales,
2853 2257 3031 2335 qt'talis
3057 2276 3112 2321 et
3139 2282 3241 2337 ego
3274 2284 3418 2335 sunt,
3442 2272 3685 2339 exceptis

2118 2356 2356 2411 vinculis
2383 2356 2491 2411 his.
2519 2355 2586 2410 Et
2620 2358 2931 2413 exsurrexit
2955 2373 3074 2421 rex,
3094 2369 3143 2414 et
3170 2373 3394 2429 prmses,
3415 2370 3469 2416 et
3500 2363 3688 2418 Berni-

2115 2462 2202 2512 ce,
2256 2456 2310 2502 et
2368 2448 2464 2516 qui
2512 2448 2833 2504 assidebam
2867 2449 2969 2505 eis.
3031 2449 3244 2506 Etcum
3301 2453 3683 2517 recessissent,

2119 2542 2482 2611 loquebantur
2544 2543 2613 2598 ad
2677 2544 2931 2613 invicem,
3003 2547 3266 2613 dicentes,
3343 2549 3469 2618 quia
3537 2550 3685 2604 Nihil

2125 2640 2322 2696 morte,
2352 2642 2447 2687 aut
2476 2634 2714 2690 vinculis
2749 2635 2972 2706 dignum
3006 2637 3135 2706 quid
3182 2637 3311 2694 fecit
3360 2639 3522 2695 homo
3562 2642 3687 2695 iste.

2129 2723 2366 2793 Agrippa
2419 2734 2598 2778 autem
2635 2724 2798 2781 Festo
2827 2726 2963 2781 dixit
2988 2743 3005 2782 :
3030 2725 3234 2782 Dimitti
3284 2710 3495 2798 poterat
3527 2729 3688 2783 homo

2126 2814 2238 2880 hic,
2263 2814 2310 2869 si
2340 2829 2446 2869 non
2478 2815 2807 2884 appellasset
2826 2817 3118 2872 Caesarem.

451 2903 605 2968 λους,
644 2905 893 2974 λέγοντες
916 2946 932 2972 ,
976 2908 1057 2960 ὅτι
1088 2905 1257 2960 Οὐδὲν
1286 2904 1516 2959 θανάτου
1549 2904 1697 2970 ἄξιόν
1735 2922 1822 2969 τι,
1852 2906 1886 2976 ἢ
1918 2904 2137 2975 δεσμῶν
2205 2906 2443 2977 πράσσει
2474 2904 2503 2957 6
2527 2905 2816 2977 ἄνθρωπος
2880 2901 3057 2973 οὗτος.
3135 2910 3442 2982 Ἀγρίππας
3500 2908 3559 2963 δὲ
3612 2908 3689 2979 τῷ

451 2995 643 3067 Φήστῳ
675 2996 781 3069 ἔφη
803 3015 818 3028 ο
876 2999 1273 3053 Ἀπολελύσθαι
1301 2996 1533 3068 ¹ήδύνατο
1555 2999 1584 3052 6
1613 2997 1899 3066 ἄνθρωπος
1927 2991 2105 3063 οὗτος,
2133 2997 2185 3050 εί
2214 2996 2290 3069 μὴ
2315 2997 2645 3071 ἐπικέκλητο
2664 2999 2939 3071 Καίσαρα.
3022 3032 3025 3039 ‹

1042 3112 1433 3168 EPMHNEIA.

526 3203 644 3262 Ἵνα
696 3204 772 3280 μὴ
834 3204 959 3282 δόξῃ
1020 3206 1182 3268 αὐτὸς
1239 3205 1566 3268 διδάσκαλος
1610 3200 1751 3257 εἶναι
1802 3204 2015 3267 τούτου,

459 3298 654 3366 ἐπάγει
712 3302 996 3369 προφήτας
1034 3294 1131 3353 καὶ
1174 3295 1267 3353 τὸν
1296 3295 1539 3356 Μωῦσέα
1569 3293 1798 3367 λέγοντα
1833 3309 1849 3325 ⁴
1904 3311 1923 3345 ι
1955 3293 2018 3347 Εί

451 3387 692 3460 παθητὸς
733 3391 762 3442 6
792 3389 1049 3460 Χριστὸς,
1088 3390 1136 3442 εί
1179 3388 1395 3459 πρῶτος
1442 3389 1501 3455 ὲξ
1546 3386 1899 3451 ἀναστάσεως
1928 3399 2019 3438 ve-

453 3479 624 3546 κρῶν,
650 3499 670 3532 ι
708 3481 805 3534 καὶ
841 3480 910 3534 τά
950 3480 1101 3549 ἑξῆς.
1143 3480 1217 3534 Τὸ
1253 3479 1332 3543 δὲ,
1381 3497 1402 3531 ι
1432 3480 1512 3545 εί,
1544 3497 1563 3531 ι
1597 3478 1831 3533 ἐνταῦθα
1853 3520 1867 3543 ,
1899 3479 2022 3534 ἀντὶ

456 3566 572 3630 τσῦ,
602 3569 711 3635 ὅτι,
729 3570 866 3625 ἔστι.
888 3572 1150 3640 Μωῦσῆς,
1177 3556 1362 3641 φησιν,
1393 3566 1537 3635 εἷπε,
1564 3570 1648 3623 ὅτι
1681 3588 1699 3622 ι
1726 3567 1966 3639 παθητὸς
1997 3586 2016 3619 ι

456 3665 484 3714 6
516 3663 749 3732 Χριστὸς
793 3662 1049 3736 [πρῶτος
1101 3664 1158 3729 ἐξ
1207 3660 1645 3735 ἀναστάσεωςοι]
1669 3660 1885 3734 πρῶτος
1915 3660 2024 3730 γάρ

456 3748 608 3817 οὗτος
636 3755 859 3826 ἀνέστη,
900 3758 997 3811 καὶ
1021 3758 1122 3810 οὐκ
1155 3755 1236 3810 ἔτι
1271 3755 1630 3826 ἀποθνήσκει.
1666 3755 1732 3809 Ol
1760 3753 1869 3823 γὰρ
1895 3748 2028 3806 ἀναέ

459 3844 684 3907 στάντες
717 3844 786 3899 δι’
832 3845 1025 3911 αὑτοῦ,
1057 3847 1089 3915 ἢ
1120 3845 1209 3900 διά
1243 3846 1352 3899 τῶν
1377 3854 1381 3858 ’
1409 3846 1692 3917 μαθητῶν,
1723 3845 1818 3899 καὶ
1861 3846 1909 3898 oi
1937 3844 2024 3898 διὰ

457 3935 565 3987 τιῖιν
595 3936 908 4006 προφητῶν,
955 3935 1120 3990 πάλιν
1173 3934 1464 4000 ἀπέθανον,
1513 3937 1620 4001 ἓως
1648 3937 1749 4006 τῆς
1795 3936 2024 3989 καθόλου

459 4025 803 4092 ἀναστάσεως
835 4028 1110 4096 μένοντες.
1158 4028 1378 4100 Ἐπειδὴ
1408 4028 1496 4083 ἀεὶ
1530 4032 1666 4101 πρὸς
1686 4029 1778 4082 τὸν
1802 4028 2027 4098 βασιλέα

458 4115 748 4186 διελέγετο,
782 4118 970 4189 ὥσπερ
1005 4118 1191 4174 ’ἔπαθέ
1219 4138 1274 4174 τι
1318 4122 1346 4174 6
1375 4120 1606 4190 Φῆστος,
1638 4121 1733 4173 καὶ
1770 4120 1893 4174 ἰδὼν
1930 4119 2031 4189 τὴν

462 4211 795 4279 παρρησίαν,
833 4210 943 4265 ἀπὸ
991 4210 1165 4282 θυμοῦ
1205 4212 1301 4266 καὶ
1344 4211 1514 4282 ὀργῆς
1554 4228 1725 4283 φησι·
1764 4228 1783 4262 ι
1820 4210 2028 4282 Μαίνῃ,

465 4299 665 4363 Παῦλε.
694 4321 715 4354 ι
764 4303 825 4356 '0
867 4302 927 4356 δὲ
969 4302 1185 4367 Παῦλος
1216 4303 1317 4375 τήν
1348 4303 1525 4357 αἰτίαν
1560 4301 1823 4366 διδάσκει,
1852 4300 1919 4354 δι’
1964 4300 2032 4369 ἥν

466 4393 601 4464 πρὸς
624 4395 735 4448 τὸν
759 4394 987 4476 βασιλέα
1029 4395 1126 4450 τὸν
1166 4394 1322 4464 λόγον
1350 4395 1682 4465 ἀπέστρεψε.
1737 4389 1896 4466 [Εἶτα
1920 4393 2031 4447 δει-

2635 3114 3202 3172 COMMENTARIUS.

2199 3204 2279 3261 Ne
2310 3206 2516 3262 Paulus
2544 3216 2740 3261 auctor
2765 3208 3045 3262 videretur
3068 3208 3337 3263 doctrinae
3361 3223 3524 3278 quam
3551 3223 3693 3278 pra:-

2127 3296 2370 3363 dicabat,
2395 3298 2619 3352 adducit
2640 3299 2695 3352 in
2717 3299 3092 3354 testimonium
3119 3300 3413 3368 prophetas
3431 3309 3485 3356 et
3508 3301 3691 3357 Mosen

2126 3384 2396 3441 dicentem
2434 3405 2448 3441 :
2490 3403 2509 3437 ι
2551 3385 2610 3441 Si
2647 3386 2926 3455 passibilis
2977 3387 3255 3453 Christus,
3283 3390 3326 3442 si
3356 3390 3567 3459 primus
3626 3406 3692 3444 ex

2129 3479 2529 3534 resurrectione
2586 3486 3013 3544 mortuorum,”
3073 3489 3179 3535 etc.
3225 3478 3324 3534 Ubi
3379 3482 3561 3537 illudi
3591 3483 3635 3537 si
3669 3502 3687 3534 ι

2127 3576 2213 3624 est
2253 3583 2353 3638 pro
2401 3570 2563 3639 quod,
2614 3568 2699 3622 vel
2750 3570 3024 3635 quoniam.
3082 3570 3503 3644 Moses,inquit,
3533 3572 3690 3639 dixit,

2130 3660 2276 3732 quod
2309 3678 2329 3713 ‹
2365 3658 2620 3715 Christus
2647 3662 2928 3729 passibilis
2961 3679 2981 3713 ›
3014 3671 3183 3727 esset,
3244 3678 3309 3719 ac
3347 3682 3367 3715 ι
3402 3666 3609 3735 primus
3632 3682 3696 3720 ex

2134 3748 2564 3807 resurrectione.
2604 3768 2621 3802 ι
2660 3749 2797 3804 Nam
2851 3751 3061 3820 primus
3124 3752 3216 3807 ille
3266 3758 3590 3819 resurrexit,
3644 3765 3699 3811 et

2137 3861 2156 3894 ι
2180 3841 2289 3912 jam
2326 3855 2432 3895 non
2475 3840 2709 3911 amplius
2753 3841 3051 3896 moritur.»
3080 3841 3137 3897 Si
3161 3843 3306 3898 enim
3338 3845 3431 3914 qui
3455 3849 3523 3899 ah
3554 3848 3695 3918 ipso,

2131 3922 2294 4005 309
2340 3933 2423 3988 vel
2453 3932 2522 3988 ab
2576 3933 2693 4003 ejus
2720 3932 3024 4003 discipulis,
3048 3935 3131 3990 vel
3159 3951 3190 3990 a
3215 3937 3495 4007 prophetis
3535 3954 3697 3994 exsu-

2134 4026 2316 4081 scitati
2349 4032 2499 4089 sunt,
2534 4024 2726 4079 iterum
2756 4024 2956 4080 mortui
2981 4033 3110 4082 sunt
3135 4068 3151 4094 ,
3182 4027 3491 4097 mortuique
3516 4046 3701 4085 mane-

2134 4118 2271 4173 bnnt
2301 4131 2478 4188 usque
2508 4115 2574 4172 ad
2602 4116 2971 4172 universaletn
3022 4121 3508 4177 resurrectionem.
3562 4121 3704 4188 Quo-

2141 4209 2287 4264 niam
2320 4222 2451 4263 vero
2475 4208 2679 4263 Paulus
2709 4223 2925 4280 semper
2957 4209 3025 4264 ad
3083 4226 3261 4282 regem
3290 4212 3450 4267 verba
3499 4213 3701 4282 dirige-

2140 4302 2253 4365 bat,
2289 4298 2487 4357 Festus
2508 4300 2677 4355 veluti
2705 4315 2827 4356 sese
2855 4300 3118 4357 oll'ensum
3138 4304 3345 4373 putavit
3375 4305 3704 4375 ;vidensquc

2138 4392 2261 4461 ejus
2314 4390 2623 4446 libertatem
2688 4389 2988 4460 loquendi,
3048 4392 3128 4449 ira
3208 4401 3263 4447 et
3335 4393 3705 4464 indignatione

462 4487 617 4559 κνὺς]
649 4489 733 4541 ὅτι
812 4487 1093 4558 πανταχοῦ
1138 4488 1240 4559 τῆς
1272 4488 1597 4559 οἰκουμένης
1649 4486 1807 4541 τοῦτο
1838 4485 2020 4565 γέγονε

2141 4479 2380 4549 percitus
2414 4496 2427 4531 :
2459 4497 2478 4530 ι
2512 4477 2746 4544 Insanis,
2776 4480 2973 4549 inquit,
3008 4481 3193 4537 Paule.
3229 4500 3248 4532 ι
3291 4482 3492 4541 Paulus
3525 4493 3703 4539 autem

461 4578 523 4639 τὸ
553 4577 750 4647 δόγμα,
785 4578 1066 4650 ἐπήγαγεν
1091 4595 1106 4612 ⁸
1143 4578 1192 4658 [ι
1231 4580 1307 4632 Οὐ
1330 4580 1438 4650 γάρ
1456 4579 1521 4651 ⁴ἐν
1561 4579 1732 4650 γωνίᾳ
1777 4595 2033 4648 πεπραγ-

467 4669 628 4737 μένον
654 4668 811 4721 τοῦτο
835 4683 850 4699 ⁸
883 4688 903 4721 ι
935 4668 955 4740 ]
994 4670 1243 4723 τουτέστι
1270 4671 1331 4723 τὸ
1361 4670 1489 4739 περὶ
1518 4669 1611 4722 τοῦ
1659 4668 1894 4738 σταυροῦ
1937 4669 2032 4722 καὶ

461 4760 561 4828 τῆς
611 4761 959 4823 ἀναστάσεως
1014 4760 1104 4813 τοῦ
1150 4759 1384 4829 Χριστοῦ
1435 4761 1623 4828 λέγων.
1664 4759 1712 4830 [ι
1754 4759 2033 4830 Παρεκτὸς

464 4848 573 4902 τῶν
634 4849 851 4921 δεσμῶν
908 4850 1132 4905 τούτων.
1170 4870 1189 4902 ι
1230 4851 1394 4923 lt)th
1462 4850 1833 4920 ἀπευχόμενος
1908 4851 2036 4903 ἐαυ-

465 4938 543 5013 τῷ
597 4942 668 4995 τὰ
715 4943 927 5012 δεσμά,
970 4943 1090 4997 οὐδὲ
1155 4943 1545 5013 αἰσιυνόμενος
1574 4984 1587 5007 ,
1640 4939 1799 4993 τοῦτο
1850 4940 2037 5009 ἔλεγεν

469 5031 780 5104 (τοῦτοιγάρ
799 5030 868 5104 ἦν
903 5035 1075 5105 αὐτῷ,
1116 5037 1275 5106 εἴπερ
1298 5035 1428 5088 ἀλλο
1469 5052 1544 5096 τι,
1571 5031 1722 5101 ἄξιον
1749 5032 1907 5102 δόξης
1947 5035 2043 5086 καὶ

468 5121 788 5194 καύχημα)⁶
828 5124 966 5178 ἀλλά
1023 5125 1157 5195 πρὸς
1205 5124 1309 5195 τὴν
1371 5125 1596 5176 ἐκείνων
1639 5122 1906 5194 ὑπόληψιν
1940 5122 2046 5190 ἀφ-

468 5212 612 5284 ορῶν
644 5253 658 5279 ,
695 5214 788 5267 καὶ
808 5217 875 5287 τῇ
902 5217 1123 5270 ἐκείνων
1138 5216 1391 5286 ἀσθενείᾳ
1412 5214 1883 5283 συγκαταὸαίνων,
1915 5232 1934 5264 ι
1952 5214 2050 5266 Γέ-

471 5303 615 5357 νοιτό
666 5321 794 5375 μοι,
843 5306 1007 5377 φησὶ,
1056 5308 1262 5369 πάντας
1308 5305 1581 5368 τοιούτους
1639 5304 1891 5373 γενέσθαι
1934 5299 2048 5370 οἷος

470 5392 580 5458 ἔιγώ
602 5394 737 5462 εἰμι,
767 5393 1037 5464 παρεκτὸς
1066 5393 1173 5449 τῶν
1198 5393 1411 5464 δεσμῶν
1441 5393 1664 5447 τούτων.
1701 5412 1721 5445 ι

2134 4584 2357 4625 causam
2406 4570 2634 4640 profert,
2690 4572 2762 4627 ob
2808 4586 2970 4640 quam
3015 4574 3083 4628 ad
3157 4589 3341 4644 regem
3395 4591 3704 4632 sermonem

2137 4670 2505 4717 converterat.
2538 4661 2768 4730 Deinde,
2792 4670 2850 4716 ut
2881 4663 3192 4720 ostenderet
3222 4681 3316 4736 per
3337 4674 3507 4721 totum
3532 4676 3705 4722 terra-

2138 4766 2258 4807 rum
2307 4752 2497 4807 orbem
2557 4752 2836 4821 vulgatum
2886 4767 3007 4808 esse
3035 4754 3227 4826 dogma
3278 4755 3445 4823 istud,
3477 4758 3704 4814 subdit:

2144 4862 2163 4894 ι
2200 4843 2386 4913 Neque
2412 4843 2556 4899 enim
2590 4846 2644 4897 in
2673 4845 2872 4914 angulo
2923 4847 3220 4917 quidquam
3255 4847 3450 4903 horum
3492 4860 3702 4920 gestum

2142 4943 2263 4990 est:
2293 4958 2315 4987 ι
2340 4935 2584 5005 loquitur
2615 4936 2825 4991 scilicet
2867 4937 2935 4992 de
2974 4949 3149 4996 morte
3197 4948 3252 4996 et
3306 4942 3709 4997 resurreetione

2147 5027 2354 5082 Christi
2409 5027 2646 5083 Domini.
2704 5046 2723 5079 ι
2763 5029 3018 5099 Exceptis
3082 5033 3318 5089 vinculis
3372 5034 3477 5089 his.
3542 5032 3708 5087 tNon

2144 5117 2288 5188 quod
2314 5118 2528 5172 vincula
2576 5126 2671 5172 aut
2723 5119 3044 5176 abhorreret
3071 5131 3164 5177 aut
3187 5126 3559 5186 erubesceret,
3607 5123 3712 5178 hoc

2147 5209 2278 5265 dicit
2328 5209 2638 5280 (siquidem
2667 5210 2757 5264 illa
2814 5212 2923 5282 pati
2964 5214 3133 5284 gloria
3167 5222 3220 5267 et
3245 5213 3631 5279 exsultatione,
3663 5215 3710 5270 si

2148 5300 2448 5372 quidquam
2500 5301 2671 5366 aliud,
2720 5302 2944 5374 dignum
2976 5303 3428 5376 existimabat);
3494 5305 3591 5361 sed
3638 5307 3707 5360 ad

2144 5392 2363 5448 illorum
2391 5400 2625 5447 mentem
2657 5394 3010 5467 animumque
3045 5396 3364 5465 respiciens,
3387 5405 3442 5453 et
3470 5397 3716 5468 ipsorum

469 5488 828 5545 imbecillitati
896 5504 1015 5545 sese
1070 5487 1494 5545 accommodans
1525 5507 1538 5545 :
1584 5506 1603 5540 ι
1639 5485 1802 5560 Οριο,
1835 5486 2033 5570 inquit,
2065 5500 2257 5543 omnes
2283 5484 2400 5541 ﬁeri
2435 5485 2603 5550 tales,
2652 5487 2832 5556 qualis
2876 5496 2930 5542 et
2972 5502 3073 5557 ego
3090 5503 3245 5554 sum,
3269 5490 3717 5561 exceptisvincu-

470 5582 539 5636 lis
564 5581 681 5637 his.
709 5599 728 5636 ι

538 5698 583 5731 ⁸³
614 5698 769 5763 (iniu.
791 5714 870 5757 γι.
892 5699 951 5757 9..
