4058 6210
376 366 517 441 1053

935 380 1470 447 EXPOSITIONIS
1507 379 1589 442 IN
1629 375 1817 439 ACTA
1856 370 2161 433 TEXTUS
2196 371 2550 435 ALTER.-—
2590 370 2747 433 CAP.
2782 366 3060 428 XXVIII.

3487 353 3625 420 Ῑθέιί

374 496 505 559 Θεὸς
525 495 731 559 πάντας
758 496 883 557 τοὺς
916 497 1177 561 πλέοντας
1213 501 1349 570 μετά
1381 498 1499 553 σοῦ.
1537 518 1555 550 ι
1579 497 1691 549 Καὶ
1721 489 1823 546 ὧδε
1855 491 1954 560 μὲν

2063 489 2158 544 tibi
2189 490 2333 546 Deus
2358 506 2552 545 omnes
2576 489 2666 559 qui
2718 494 2896 542 tecum
2921 483 3201 548 navigant.
3242 497 3261 529 ι
3301 478 3363 532 Et
3401 476 3622 545 quidem

375 588 464 641 διὰ
491 587 582 639 τὸν
608 586 817 665 δίκαιον
844 587 1011 652 ζῶσιν
1043 591 1093 643 οἱ
1143 593 1359 654 ἀσεόεῖς
1382 609 1398 625 ο
1437 591 1552 643 ἐστι
1598 587 1654 640 δὲ
1685 587 1773 638 ὅτε
1830 582 1956 637 τού-

377 677 592 731 ναντίον
623 679 717 731 καὶ
769 680 874 749 πρὸ
922 678 1072 752 ὧρας
1117 684 1145 735 ὁ
1172 683 1377 751 ἀσεϐὴς
1397 679 1716 741 ἀπόλλυται,
1745 674 1832 728 διὰ
1856 673 1955 746 τὴν

376 769 575 824 ἑαυτοῦ
605 770 826 836 κακίαν,
855 773 1000 826 κατά
1030 774 1094 828 τὸ
1120 775 1410 844 εἰρημένον
1430 791 1445 806 υ
1487 792 1504 824 ι
1544 770 1637 841 Μὴ
1680 768 1957 839 ἀσεϐήσῃς

376 862 541 923 πολὺ,
578 859 714 931 μηδὲ
739 862 891 929 γίνου
926 862 1179 933 σκληρὸς,
1226 865 1315 918 ἶνα
1348 862 1424 934 μὴ
1464 861 1740 932 ἀποθάνῃς
1792 860 1850 911 ὲν
1893 855 1954 909 ού

376 949 556 1026 καιρῷ
585 968 699 1005 σου.
730 970 750 1003 ι
778 952 894 1007 ⁸’ίνα
916 951 1008 1005 οὖν
1028 954 1275 1025 κατάσχῃ
1310 954 1507 1017 αὐτοὺς
1530 954 1559 1005 ὁ
1589 949 1822 1017 Παῦλος,
1857 938 1956 1004 καὶ

381 1049 456 1116 μὴ
477 1043 709 1115 διαπέσῃ
729 1043 896 1098 αὐτοῦ
918 1046 951 1115 ή
978 1046 1305 1117 προφητεία,
1323 1042 1684 1115 οἰκονομικῶς
1716 1042 1905 1111 ἔλεγεν
1938 1056 1953 1070 ⁸

386 1157 405 1190 ι
445 1137 568 1191 Ἐὰν
588 1138 663 1208 μὴ
683 1131 829 1192 οὗτοι
853 1139 1111 1207 μείνωσιν
1128 1139 1187 1193 έν
1207 1138 1285 1209 τῷ
1307 1137 1476 1208 πλοίῳ
1492 1135 1642 1207 (τοὺς
1658 1135 1860 1195 ναύτας
1871 1130 1959 1184 λέ-

377 1231 545 1302 γων,)
579 1230 735 1300 ὑμεῖς
789 1231 1028 1300 σωθῆναι
1079 1231 1141 1284 ού
1186 1228 1437 1289 δύνασθε.
1475 1229 1639 1281 »Ὀτε
1684 1222 1779 1280 οῦν
1816 1220 1959 1277 είδον

377 1324 460 1378 Em
485 1325 519 1394 ἡ
559 1322 788 1377 ἀϐουλία
822 1322 1004 1377 αὐτῶν
1052 1323 1309 1391 ἐποίησεν
1341 1323 1542 1383 αὐτοὺς
1591 1317 1954 1380 κινδυνεῦσαι,

377 1415 501 1469 τότε
527 1413 764 1485 ἧρξαντο
807 1412 957 1485 αὐτῷ
1008 1413 1293 1468 πείθεσθαι
1316 1430 1332 1446 ·
1368 1413 1444 1476 ὡς
1478 1411 1681 1481 μᾶλλον
1710 1410 1810 1480 τῆς
1870 1408 1957 1463 εύ-

380 1507 573 1576 καίρου
612 1505 965 1576 συμόουλίας,
999 1506 1096 1573 τῆς
1119 1504 1272 1577 παρά
1314 1504 1469 1571 ἀγίου
1497 1501 1690 1574 ἀνδρὸς
1735 1500 1963 1573 γινομέ-

378 1595 814 1665 νης,δυναμένης
842 1595 1088 1666 σῶσαι,ἢ
1112 1596 1212 1665 τῆς
1229 1594 1593 1666 είμαρμένης,
1620 1593 1721 1661 τῆς
1745 1595 1804 1646 ἐν
1842 1612 1960 1649 κιν-

378 1687 519 1771 δύνιρ
537 1686 669 1757 μηδὲ
690 1686 859 1756 ὄνομα
877 1685 1126 1756 ἐχούσης.
1151 1686 1215 1738 El
1230 1684 1339 1753 γὰρ
1354 1683 1665 1756 εἱμαρμένῃ
1681 1683 1959 1744 ἐπείθοντο

379 1770 598 1839 ἐκεῖνοι,
652 1775 832 1830 καίτοι
868 1776 1021 1836 ὅντες
1069 1774 1297 1837 ἐθνικοὶ,
1326 1772 1641 1841 παρειὸντες
1669 1770 1688 1843 Ῐ
1711 1772 1754 1841 f.
1786 1789 1954 1843 παρι-

378 1866 561 1927 δόντες
585 1863 663 1918 vel
688 1860 1028 1933 παρεῶντες]
1056 1861 1156 1931 τὴν
1182 1860 1277 1913 τοῦ
1301 1857 1589 1922 θεοσεϐοῦς
1620 1857 1949 1928 συμϐουλὴν,

378 1955 509 2013 εἴων
540 1954 607 2007 ἂν
633 1951 889 2005 ἀπελθεῖν
920 1952 1046 2013 τοὺς
1100 1949 1324 2014 ναύτας,
1374 1949 1644 2018 λέγοντες,
1678 1950 1782 2014 ὅτι,
1831 1948 1954 2002 Κᾶν

378 2038 526 2099 οῦτοι
550 2042 859 2106 ἀπέλθωσι,
906 2042 1174 2112 συμφέρει
1205 2032 1261 2095 δὲ
1293 2042 1442 2112 ἡμᾶς
1470 2022 1783 2104 ἀποθανεῖν,
1800 2041 1952 2097 οὐδε-

385 2137 484 2208 μία
504 2136 687 2205 ὄνησις
717 2135 851 2205 ἡμῖν
873 2134 1163 2201 γενήσεται
1191 2136 1255 2191 ὲκ
1294 2133 1389 2190 τοῦ
1423 2133 1497 2207 μὴ
1531 2133 1788 2187 ἀπελθεῖν
1830 2132 1953 2186 τού·

379 2244 525 2302 τους.
569 2227 711 2281 Ἀλλ’
758 2226 858 2279 οὐκ
898 2218 1051 2288 εἶπον
1123 2224 1302 2288 τοῦτο,
1357 2224 1477 2284 οὐδὲ
1513 2226 1700 2278 εἴασαν
1759 2224 1956 2286 αὐτοὺς

379 2318 651 2386 ἀπελθεῖν.
679 2318 769 2374 Διὸ
800 2319 863 2370 ὲκ
893 2316 1101 2371 πολλῶν
1130 2316 1423 2386 ἐκόλητέος
1455 2317 1483 2368 ὁ
1512 2318 1642 2386 περὶ
1685 2314 1958 2386 εἱμαρμέ-

380 2429 475 2481 νης
503 2412 535 2481 ἢ
558 2409 726 2481 τύχης
764 2409 941 2478 λόγος.
976 2410 1233 2479 Παραινεῖ
1256 2407 1467 2469 Παῦλος
1487 2405 1807 2475 μεταλαϐεῖν
1825 2422 1952 2476 τρο-

382 2504 487 2574 φῆς
513 2517 527 2531 ⁸
582 2502 676 2555 καὶ
723 2500 884 2562 αὐτὸς
920 2499 1135 2569 πρῶτος
1214 2498 1733 2568 μεταλαμϐάνει,ού
1778 2496 1954 2566 λόγῳ,

384 2597 501 2664 ἀλλ’
534 2597 681 2669 ἔργῳ
711 2596 916 2649 πείθων
937 2612 951 2627 ο
980 2595 1152 2648 Τοῦτο
1179 2596 1309 2666 γὰρ,
1344 2595 1498 2664 φησὶ,
1523 2596 1663 2666 πρὸς
1686 2595 1786 2665 τῆς
1824 2596 1960 2665 ὑμε-

383 2691 547 2762 τέρας
577 2690 850 2760 σωτηρίας
876 2687 994 2741 ἐστὶ
1034 2686 1321 2758 (τουτέστι,
1370 2690 1430 2741 τὸ
1461 2689 1701 2758 φαγεῖν),
1753 2689 1961 2757 μήποτε

388 2779 537 2850 λιμῷ
576 2779 939 2849 διαφθαρῆτε.
999 2779 1074 2832 Οὐ
1104 2778 1213 2848 γὰρ
1236 2773 1305 2847 ἦν
1347 2780 1532 2842 αὐτοῖς
1564 2781 1771 2849 τροφῆς
1801 2795 1964 2848 φρον-

384 2870 489 2933 τὶς.
535 2870 631 2924 ἆτε
662 2870 721 2921 οὐ
759 2869 889 2942 περὶ
920 2869 1028 2922 τῶν
1067 2868 1339 2940 τυχόντων
1368 2869 1521 2933 ὄντος
1568 2872 1663 2925 τοῦ
1695 2870 1961 2932 κινδύνου.

389 2960 560 3015 Πόθεν
601 2960 659 3014 δὲ
710 2960 933 3028 γέγονεν
992 2962 1179 3024 αὐτοῖς
1222 2960 1378 3029 δῆλος
1416 2960 1526 3015 τῶν
1577 2962 1967 3030 συμπλεόντων

386 3053 415 3113 ὁ
457 3050 687 3121 ἀριθμός
715 3068 730 3118 ;
761 3050 922 3119 Εἰκὸς
948 3045 1015 3122 ἦν
1043 3050 1241 3115 αὐτοὺς
1268 3052 1480 3123 ἐρωτᾷν
1529 3053 1626 3124 τὴν
1662 3052 1862 3117 αίτίαν,
1899 3054 1967 3106 δι’

2058 597 2201 636 nunc
2226 591 2450 652 propter
2476 582 2686 650 justum
2719 578 2911 631 vivunt
2948 570 3121 640 impii.
3161 569 3470 638 Aliquando
3496 583 3628 621 vero

2058 675 2350 728 immature
2403 671 2546 742 perit
2593 669 2794 738 impius
2846 672 3070 736 propter
3119 659 3383 714 malitiam
3445 672 3626 721 suam,

2055 765 2216 836 313
2247 765 2401 834 juxta
2437 761 2614 817 illud:
2654 780 2671 812 ι
2721 757 2801 813 Ne
2846 756 3012 823 impie
3066 767 3197 822 agas
3249 751 3478 803 multum
3527 757 3629 802 :et

2058 858 2169 912 noli
2215 870 2337 911 esse
2395 854 2622 917 stultus,
2674 864 2744 905 ne
2786 845 3055 902 moriaris
3108 841 3164 895 in
3221 849 3467 909 tempore
3521 853 3627 892 non

2059 961 2155 1006 tuo
2187 950 2255 1002 ⁸⁵.
2296 968 2314 999 ι
2342 946 2544 1001 Paulus
2583 944 2752 1015 igitur
2800 949 2858 995 ut
2915 948 3012 993 eos
3060 936 3351 997 detineret,
3395 930 3629 1000 ejusque

2058 1041 2340 1112 prophetia
2384 1039 2723 1108 impleretur,
2769 1031 2990 1088 dicebat
3035 1045 3049 1081 :
3092 1044 3112 1078 ι
3147 1025 3261 1080 Nisi
3313 1024 3370 1078 hi
3418 1024 3473 1077 in
3502 1024 3628 1076 navi

2060 1135 2391 1195 manserint,
2427 1146 2525 1186 vos
2561 1128 2696 1185 salvi
2730 1125 2847 1185 ﬁeri
2880 1137 2986 1182 non
3019 1119 3275 1191 potestis.
3307 1134 3327 1169 ι
3360 1115 3429 1170 Ut
3465 1115 3631 1185 igitur

2058 1231 2430 1293 cognoverunt
2489 1236 2549 1276 se
2586 1224 2625 1273 ‘a
2673 1216 2890 1288 propria
2924 1209 3288 1281 imprudentia
3347 1206 3411 1260 ad
3453 1213 3632 1260 extre-

2059 1332 2208 1372 mum
2234 1314 2431 1370 adduci
2452 1312 2779 1383 periculum,
2806 1318 2941 1361 tunc
2971 1309 3254 1369 cmpernnt
3289 1298 3467 1353 eidem
3515 1311 3634 1349 cre—

2059 1407 2209 1473 dere,
2240 1403 2612 1475 quippequod
2648 1406 3019 1469 opportunum
3044 1389 3338 1447 consilium
3376 1402 3404 1440 a
3438 1391 3630 1440 sancto

2058 1499 2179 1553 viro
2217 1496 2404 1551 datum
2435 1493 2604 1563 magis
2629 1506 2724 1546 eos
2751 1501 2970 1544 servare
3000 1491 3207 1554 posset,
3241 1495 3404 1548 quam
3459 1474 3630 1528 fatum

2059 1591 2203 1662 quod
2234 1589 2288 1644 in
2333 1576 2573 1656 periculo
2603 1600 2672 1639 ne
2716 1596 2912 1635 nomen
2952 1576 3167 1645 quidem
3215 1585 3375 1626 suum
3408 1567 3626 1621 retinet.

2066 1661 2123 1737 Si
2159 1681 2305 1736 enim
2335 1677 2417 1733 illi
2461 1676 2597 1739 lato,
2629 1671 2778 1726 velut
2808 1668 3056 1740 gentiles,
3087 1661 3472 1720 credidissent,
3508 1669 3633 1725 pro-

2064 1775 2226 1839 fecto,
2256 1771 2447 1827 relicto
2491 1767 2563 1836 pii
2594 1765 2695 1821 viri
2746 1759 2996 1819 consilio,
3027 1755 3289 1811 sivissent
3319 1750 3470 1805 abire
3501 1763 3632 1801 nau-

1986 1832 2027 1886 B
2058 1877 2163 1930 tas,
2196 1864 2437 1918 dicentes
2467 1832 2568 1914 :'Si
2593 1856 2680 1909 his
2701 1854 2861 1907 etiam
2897 1844 3243 1904 abeuntibus,
3283 1845 3500 1909 oportet
3534 1851 3634 1891 nos

2057 1958 2217 2020 mori,
2254 1954 2387 2008 nihil
2411 1944 2761 2006 emolumenti
2793 1942 2951 1997 nobis
2979 1938 3105 2001 erit,
3141 1934 3352 1991 etiamsi
3382 1947 3488 1985 non
3517 1928 3635 1985 dis-

2054 2019 2247 2104 cedant
2279 2045 2426 2117 (nam
2461 2038 2816 2095 nihilominus
2858 2034 2965 2087 fato
3001 2029 3251 2097 adigente
3287 2019 3629 2095 peribimus).

2053 2110 2305 2199 Attamen
2323 2150 2433 2190 non
2458 2134 2531 2186 ita
2553 2130 2828 2190 dixerunt,
2850 2137 3027 2189 neque
3048 2127 3371 2190 potestatem
3394 2110 3632 2169 abeundi

2058 2234 2165 2286 illis
2200 2229 2464 2284 fecerunt.
2497 2222 2682 2289 Quare
2717 2232 2782 2272 ex
2818 2211 3104 2281 multiplici
3137 2208 3315 2276 capite
3370 2203 3635 2271 abiicien-

2057 2323 2188 2377 dum
2218 2332 2444 2390 prorsus
2491 2322 2575 2370 est
2602 2314 2969 2366 commentum
3008 2303 3075 2357 de
3124 2299 3236 2353 fato
3282 2306 3336 2351 et
3390 2297 3632 2348 fortuna.

2060 2416 2323 2470 llortatnr
2344 2422 2474 2461 vero
2503 2403 2706 2458 Paulus
2730 2406 2961 2453 cunctos
2991 2394 3082 2463 qui
3116 2396 3273 2446 erant
3307 2389 3360 2440 in
3404 2384 3548 2446 navi,
3573 2392 3634 2437 ut

2062 2511 2342 2563 sumerent
2378 2501 2584 2562 cibum,
2625 2506 2673 2549 et
2723 2494 2838 2563 ipse
2872 2487 3081 2559 primus
3134 2480 3390 2551 sumpsit,
3427 2487 3487 2532 ut
3524 2492 3633 2530 non

2064 2609 2173 2654 tam
2202 2596 2365 2651 verbo
2399 2606 2560 2662 quam
2588 2601 2751 2657 opere
2771 2580 3123 2654 persuaderet
3156 2594 3169 2630 :
3204 2575 3312 2627 lloc
3347 2572 3516 2632 enim,
3547 2569 3636 2623 in-

2062 2686 2305 2756 quiebat,
2334 2681 2400 2736 ad
2433 2688 2668 2734 vestram
2703 2672 2936 2728 salutem
2987 2663 3360 2721 necessarium
3417 2668 3522 2720 est,
3567 2668 3638 2709 ne

2064 2779 2208 2834 fame
2236 2770 2473 2846 pereatis
2508 2786 2522 2822 :
2555 2778 2733 2835 neque
2779 2761 2922 2817 enim
2955 2757 3111 2813 cibus
3146 2767 3291 2809 curae
3341 2750 3453 2804 illis
3494 2752 3635 2807 erat,

2065 2870 2212 2943 quod
2239 2868 2292 2921 in
2334 2875 2551 2920 summo
2579 2858 2705 2912 vita:
2742 2852 2982 2924 periculo
3032 2852 3401 2904 versarentur.
3441 2857 3462 2891 ι
3501 2836 3636 2890 Era-

2067 2978 2188 3017 mns
2205 2972 2351 3014 vero.
2394 2974 2414 3007 ι
2454 2951 2609 3008 Unde
2633 2944 2960 3003 manifestus
2993 2940 3169 2995 lactus
3191 2942 3274 2990 est
3298 2932 3409 2986 illis
3425 2942 3635 2988 eorum,

2069 3056 2162 3125 qui
2195 3053 2248 3107 in
2287 3047 2413 3105 navi
2441 3055 2618 3108 erant,
2654 3037 2959 3097 numerus?
2991 3034 3250 3088 Fortasse
3281 3042 3405 3083 sese
3441 3031 3634 3077 mutuo

387 3144 454 3215 ἢν
504 3115 748 3208 πλέουσι,
803 3117 909 3197 καὶ.
953 3115 1144 3213 μαθεῖν
1192 3115 1390 3199 πάντα.
1422 3115 1597 3211 Πάλιν
1647 3146 1712 3199 ἐκ
1770 3115 1961 3199 τούτου

2069 3147 2563 3210 interrogaveram,
2599 3150 2707 3205 qua
2737 3133 2805 3187 de
2838 3142 3005 3185 causa
3052 3124 3393 3192 navigarent,
3449 3115 3641 3183 sicque

385 3235 683 3299 δείκνυται,
706 3235 789 3287 ὅτι
829 3233 907 3303 τῷ
940 3234 1137 3304 Παύλῳ
1164 3234 1567 3304 εὐχαρίστησαν
1615 3234 1681 3301 ⁸⁸,
1722 3236 1805 3288 ὄτι
1863 3235 1958 3289 καί

385 3345 468 3382 τοι
499 3326 843 3399 βουλομένων
863 3327 1015 3390 τινὰς
1047 3329 1313 3399 ἀναιρεῖν,
1351 3327 1439 3381 ἵνα
1468 3326 1543 3399 μὴ
1576 3327 1777 3401 πέσῃή
1823 3345 1959 3399 προσ

387 3419 586 3490 φητεία
628 3418 865 3482 Παύλου,
915 3419 1018 3472 οὐκ
1077 3417 1264 3472 είασεν
1296 3418 1499 3483 αὐτοὺς
1550 3419 1961 3491 ἀναιρεθῆναιὸ

389 3511 816 3581 ἑκατοντάρχης,
851 3510 937 3566 ἵνα
956 3508 1049 3561 τὸν
1079 3506 1291 3569 Παῦλον
1323 3510 1495 3583 σώσῃ.

845 3690 934 3761 Τῷ
988 3690 1251 3762 Σαόὕάτῳ
1286 3691 1386 3763 τῆς
1423 3698 1490 3753 νο,

972 3783 1360 3851 KEIMENON.

463 3873 531 3928 Οί
556 3890 617 3940 τε
652 3872 933 3944 Βάρὸαροι
960 3876 1222 3944 παρεῖχον
1248 3875 1310 3927 οὐ
1338 3873 1437 3946 τὴν
1460 3875 1728 3945 τυχοῦσαν
1768 3875 1963 3945 φιλαν-

392 3963 830 4043 θρωπίανυημῖν.
881 3962 1214 4033 Ἀνάψαντες
1268 3963 1378 4036 γὰρ
1432 3965 1633 4043 πυράν,
1690 3965 1962 4034 προσελά-

392 4058 550 4111 ϐοντο
598 4040 804 4119 πάντας
850 4056 1019 4127 ἡμᾶς,
1073 4055 1163 4110 διά
1193 4055 1285 4110 τδν
1335 4056 1490 4110 ὑετὸν
1523 4040 1615 4118 τ’ὸν
1655 4056 1961 4126 ἐφεστῶτα,

392 4151 487 4211 καὶ
540 4148 629 4201 διὰ
680 4147 741 4202 τὸ
784 4147 978 4218 ψύχος.
1031 4147 1444 4219 Συστρέψαντος
1492 4147 1550 4201 δὲ
1606 4147 1700 4202 τοῦ
1746 4147 1964 4211 Παύλου

395 4240 690 4319 φρυγάνων
724 4258 779 4294 τι
808 4236 1037 4309 πλῆθος,
1073 4241 1164 4293 καὶ
1202 4239 1483 4304 ἐπιθέντος
1517 4240 1608 4293 ἐπὶ
1638 4239 1738 4310 τὴν
1762 4240 1963 4311 πυράν,

396 4333 578 4403 ἔχιδνα
609 4332 718 4385 ἀπὺ
747 4334 845 4401 τῆς
876 4331 1084 4401 θέρμης
1122 4329 1438 4395 ἐξελθοῦσα,
1472 4330 1688 4402 καθῆψε
1719 4331 1819 4399 τῆς
1848 4348 1963 4401 χει-

398 4427 489 4505 ρδς
515 4425 703 4479 αὐτοῦ.
743 4424 833 4488 Ὠς
857 4425 913 4478 δὲ
956 4420 1098 4477 εἶδον
1144 4423 1193 4475 οί
1224 4423 1501 4495 Βάρϐαροι
1526 4423 1872 4494 κρεμάμενον
1903 4424 1965 4476 τὸ

399 4513 588 4585 θηρίον
621 4514 681 4565 ὲν
714 4515 780 4583 τῇ
815 4513 959 4582 χειρὶ
990 4513 1178 4578 αὐτοῦ,
1228 4515 1368 4583 πρὸς
1418 4511 1681 4583 ἀλλήλους
1734 4512 1918 4581 ἔλεγον
1948 4529 1962 4542 ο

400 4605 625 4667 Πάντως
657 4603 853 4673 φονεύς
907 4605 1055 4657 ἐστιν
1098 4606 1126 4657 ὁ
1154 4603 1440 4674 ἄνθρωπος
1465 4597 1645 4672 οὗτος,
1676 4605 1735 4658 ὃν
1772 4606 1971 4659 διασω-

2064 3240 2329 3290 noverant
2356 3229 2561 3284 omnia.
2604 3244 2624 3277 ι
2657 3224 2888 3278 Militum
2919 3227 3100 3274 autem
3127 3211 3414 3269 consilium
3439 3212 3575 3261 erat.
3612 3222 3633 3258 ι

2064 3326 2141 3380 Ex
2173 3326 2277 3379 hoc
2305 3321 2470 3377 etiam
2502 3318 2678 3388 palam
2714 3314 2796 3379 tit,
2840 3326 2938 3367 eos
3003 3305 3174 3361 Paulo
3219 3302 3456 3357 donatos
3490 3310 3636 3353 esse.

2065 3416 2236 3489 quod,
2263 3427 2388 3470 cum
2415 3412 2617 3467 vellent
2643 3405 2909 3477 quosdam
2942 3399 3216 3458 occidere,
3254 3407 3322 3447 ne
3360 3389 3640 3446 excideret

2062 3488 2218 3566 Pauli
2254 3503 2558 3576 prophetia.
2599 3499 2867 3562 centurio,
2898 3502 2959 3549 ut
2987 3491 3217 3546 Paulum
3240 3488 3502 3544 servaret,
3527 3494 3641 3537 non

2065 3600 2335 3673 permisit,
2362 3603 2422 3653 ut
2453 3595 2598 3650 ullus
2628 3590 3047 3645 interficeretur.

2533 3683 2772 3738 Sabbato
2810 3678 3182 3731 Pentecostes.

2704 3766 3006 3824 TEXTUS.

2136 3870 2377 3934 XXVIII,
2411 3860 2799 3923 l-l0.Barbari
2830 3873 2960 3914 vero
2981 3854 3307 3926 praestabant
3333 3867 3436 3904 non
3462 3847 3642 3903 modi-

2066 3985 2184 4027 cam
2221 3961 2615 4021 humanitatem
2645 3953 2827 4012 nobis.
2862 3952 3104 4004 Accensa
3134 3945 3281 4000 enim
3331 3957 3481 4014 pyra,
3517 3940 3641 3993 rell-

2068 4059 2284 4116 ciebant
2311 4070 2414 4110 nos
2441 4064 2632 4108 omnes
2657 4053 2877 4118 propter
2907 4040 3136 4097 imbrem
3178 4035 3272 4104 qui
3301 4030 3642 4093 imminebat,

2066 4161 2118 4208 et
2142 4151 2326 4221 frigus.
2351 4147 2488 4202 Cum
2505 4145 2894 4213 congregasset
2909 4141 3086 4188 autem
3107 4129 3311 4184 Paulus
3337 4131 3645 4179 sarmento-

2067 4259 2186 4306 rum
2217 4220 2287 4296 ali
2307 4248 2565 4310 quantam
2594 4228 2991 4286 nmltitudineni
3027 4234 3078 4278 et
3107 4220 3454 4289 imposuisset
3480 4228 3646 4282 super

2069 4335 2274 4408 ignem,
2300 4330 2507 4399 vipera,
2531 4323 2889 4385 acalorecum
2911 4313 3290 4389 processisset,
3309 4305 3507 4362 invasit
3530 4319 3646 4356 ma-

2070 4441 2194 4482 num
2210 4419 2425 4494 ejus.Ut
2438 4432 2565 4473 vero
2579 4416 2829 4470 viderunt
2842 4407 3061 4465 Barbari
3080 4404 3402 4476 pendentem
3418 4396 3645 4451 bestiam

2076 4519 2142 4573 de
2175 4530 2334 4570 manu
2364 4511 2503 4580 ejus,
2548 4508 2612 4562 ad
2657 4504 2886 4559 invicem
2921 4496 3084 4569 31h,
3111 4493 3365 4548 dicebant
3400 4507 3412 4543 :
3449 4487 3647 4555 Utique

2080 4604 2357 4664 homicida
2395 4608 2479 4657 est
2515 4599 2677 4652 homo
2702 4593 2814 4659 hic,
2851 4591 2940 4661 qui
2977 4604 3098 4642 enm
3126 4582 3365 4640 evaserit
3393 4580 3460 4634 de
3487 4576 3647 4638 mari,

403 4698 565 4750 θέντα
597 4669 795 4765 ὲκντῆς
836 4693 1082 4764 θαλάσση
1099 4713 1136 4759 τ,
1173 4695 1207 4764 ἡ
1250 4669 1374 4764 δίκη
1408 4695 1510 4767 ζῇν
1539 4669 1640 4750 οὐκ
1667 4697 1871 4762 εἴασεν,
1916 4696 1961 4749 'C

2078 4699 2213 4761 ultio
2238 4712 2345 4751 non
2369 4694 2499 4750 sinit
2520 4706 2642 4745 cum
2674 4688 2877 4740 vixere.
2907 4680 2971 4734 Et
3012 4679 3099 4732 ille
3124 4675 3342 4747 quidem
3367 4669 3652 4726 excutiens

407 4787 504 4856 μὲν
533 4782 646 4852 οὖν,
679 4783 1143 4853 ἀποτιναξάμενος
1172 4786 1234 4838 τὸ
1266 4776 1454 4855 θηρίον
1480 4790 1559 4850 είς
1583 4788 1644 4840 τὸ
1675 4788 1808 4857 πῦρ,
1838 4787 1974 4840 ἔπα-

406 4878 497 4931 θεν
542 4880 697 4932 οὐδὲν
751 4878 955 4931 κακόν·
984 4878 1033 4930 oi
1069 4877 1124 4930 δὲ
1167 4878 1513 4949 προσεδόκων
1547 4880 1707 4933 αὑτὸν
1759 4880 1972 4948 μέλλειν

404 4969 509 5034 πίμ
525 4969 775 5043 πρασθαι,
809 4968 841 5039 ἢ
870 4969 1230 5022 καταπίπτειν
1257 4968 1410 5039 ἄφνω
1440 4969 1657 5041 νεκρόν.
1690 4969 1813 5022 Ἐπὶ
1838 4969 1973 5022 πολὺ

403 5060 458 5111 δὲ
485 5060 666 5113 αὐτῶν
694 5061 1139 5131 προσδοκώντων,
1174 5062 1268 5114 καὶ
1296 5060 1647 5131 θεωρούντων
1681 5061 1849 5131 μηδὲν
1893 5061 1974 5124 είς

405 5151 569 5217 αὑτὸν
623 5152 917 5221 γενόμενον
974 5153 1212 5218 ἄτοπον,
1269 5152 1735 5224 μεταϐαλλόμενοι
1786 5152 1975 5220 ελεγον

403 5240 565 5294 αὑτὸν
618 5236 756 5293 εἶναι
785 5240 924 5294 θεόν.
959 5240 1048 5293 Ἑν
1075 5241 1131 5293 δὲ
1162 5243 1273 5304 τοῖς
1307 5242 1433 5312 περὶ
1452 5242 1543 5294 τὸν
1572 5243 1735 5295 τόπον
1769 5243 1976 5294 ἐκεῖνον

406 5332 620 5403 ὑπῆρχε
650 5332 827 5402 χωρία
876 5330 953 5399 τῷ
985 5329 1184 5402 πρώτῳ
1211 5331 1310 5401 τῆς
1342 5333 1506 5402 νήσου
1547 5334 1721 5403 ἀνδρὶ,
1748 5334 1971 5404 ὀνόματι

407 5423 646 5493 Ποπλίῳ.
685 5423 782 5486 Ὃς
811 5422 1208 5494 ἀναδεξάμενος
1249 5424 1416 5503 ἡμᾶς,
1450 5427 1600 5506 τρεῖς
1638 5426 1849 5501 ἡμέρας
1881 5445 1972 5494 φι-

486 5606 532 5640 ⁸δ
559 5605 739 5662 Eeele.
775 5621 872 5671 vu,
900 5604 987 5661 l8.

2055 4784 2308 4847 ’δοειίίιιιι
2334 4787 2388 4840 in
2416 4788 2617 4854 ignem,
2657 4778 2789 4834 nihil
2849 4774 2973 4828 mali
3034 4784 3231 4841 passus
3288 4773 3394 4821 est.
3460 4762 3528 4816 At
3574 4759 3649 4814 illi

2077 4882 2463 4949 existimabant
2498 4892 2619 4933 eum
2656 4875 2709 4927 in
2765 4882 3033 4925 tumorem
3096 4860 3547 4921 comet-tendum,
3598 4861 3652 4907 et

2083 4975 2262 5030 subito
2288 4983 2567 5031 casurum,
2598 4972 2653 5019 et
2684 4962 2842 5016 mori.
2879 4960 2976 5012 Diu
3000 4968 3179 5012 autem
3203 4955 3310 5008 illis
3329 4955 3655 5018 exspectan-

2085 5065 2232 5122 tibus
2267 5070 2323 5117 et
2353 5057 2667 5120 videntibus
2703 5055 2836 5108 nihil
2870 5051 2993 5105 mali
3030 5049 3084 5102 in
3112 5062 3177 5101 eo
3228 5042 3365 5104 tieii,
3422 5049 3653 5092 conver-

2085 5163 2261 5212 tentes
2291 5168 2350 5209 sc
2401 5150 2653 5204 dicebant
2684 5160 2804 5199 enm
2837 5157 2960 5197 esse
2987 5139 3171 5194 deum.
3207 5134 3266 5187 In
3301 5130 3438 5183 locis
3468 5132 3647 5177 autem

2087 5244 2196 5300 illis
2228 5249 2385 5298 erant
2412 5235 2609 5309 praedia
2643 5232 2904 5304 principis
2938 5228 3152 5287 insul-.e,
3196 5216 3415 5273 nomine
3450 5208 3649 5274 Publii,

2084 5336 2175 5406 qtti
2209 5347 2309 5388 nos
2337 5327 2663 5400 suspiciens,
2696 5324 2877 5379 triduo
2935 5319 3168 5389 benigne
3216 5306 3645 5378 ItOSpitalitatcm

2081 5399 2348 5493 exhibuit.
2374 5420 2614 5491 Contigit
2642 5427 2822 5481 autem
2850 5421 3057 5485 patrem
3108 5403 3282 5459 Publii
3316 5399 3559 5456 febribus
3593 5401 3649 5449 et

1746 5694 1940 5765 Varia:
1974 5693 2305 5771 lectiones.

481 5798 529 5838 ⁸⁸
557 5799 943 5877 ἐχαρίσοηοαν,
