4058 6210
436 311 583 378 1055

1355 308 1927 375 TUEUPHYLACTI
1962 305 2370 369 BULGARIAI
2412 305 2766 367 ARCHIEP.

3546 301 3688 373 1056

436 423 779 497 dyssenteria
819 432 1039 479 reatum
1075 422 1283 492 jacere.
1317 422 1396 476 Ad
1425 438 1588 493 quem
1627 420 1831 476 Paulus
1877 418 2017 473 intra

2127 417 2398 486 λοερρόνως
2448 417 2705 482 ἐξένισεν.
2775 413 3020 481 Ἐγένετο
3070 410 3128 465 δὲ
3176 411 3269 465 τὸν
3330 411 3541 482 πατέρα
3588 414 3683 466 τοῦ

439 518 571 572 vit:
620 526 675 569 et
751 530 874 571 cum
936 522 1149 570 orasset
1184 526 1238 569 et
1286 514 1640 584 imposuisset
1694 512 1745 569 ei
1802 527 2016 577 manus,

438 607 668 663 salvavit
691 621 841 660 eum.
863 604 981 670 Quo
1007 604 1172 669 facto,
1204 620 1395 662 omnes
1428 607 1520 677 qui
1552 605 1606 661 in
1643 605 1817 659 insula
1850 603 2019 658 habe-

438 704 569 757 bant
601 698 800 754 infirmi
842 707 1005 762 tates,
1027 696 1361 752 accedebant
1420 706 1474 752 et
1512 694 1848 751 curabantur
1881 712 1895 749 :
1924 693 2016 763 qui

442 791 570 845 tiam
616 789 802 845 multis
847 788 1145 843 honoribus
1180 803 1280 845 nos
1321 788 1748 855 honoraverunt,
1778 796 1832 844 et
1861 786 2015 843 navi-

441 880 692 951 gantibus
732 878 1112 950 imposuerunt
1163 894 1283 950 qua:
1303 879 1612 936 necessaria
1637 887 1813 935 erant.

790 1224 795 1227 _
962 1128 1191 1204 CAPUT
1247 1138 1490 1204 xxxix.

546 1239 822 1306 Quomodo
851 1240 1056 1297 Paulus
1101 1239 1291 1297 Melita
1344 1243 1565 1300 Romam
1597 1238 1907 1314 pervenerit.

490 1419 727 1483 XXVIII,
748 1422 766 1474 I
785 1408 868 1475 l-I
882 1422 932 1476 5.
951 1421 1310 1477 Postmcnses
1324 1431 1503 1479 autem
1520 1431 1630 1479 tres
1641 1421 2015 1491 navigavimus

441 1511 496 1565 in
522 1512 644 1567 navi
672 1512 1063 1577 Alexandrina,
1095 1528 1216 1583 qua:
1243 1514 1298 1568 in
1329 1513 1501 1569 insula
1536 1514 1892 1577 hiemaverat,
1923 1511 2011 1567 cui

443 1612 563 1657 erat
585 1603 794 1672 insigne
814 1603 1127 1661 Castorum.
1152 1602 1219 1658 Et
1253 1621 1375 1662 cum
1403 1606 1744 1661 venissemus
1773 1602 2008 1676 Syracu-

444 1705 582 1757 sam,
608 1692 911 1775 mansimus
934 1693 1009 1747 ibi
1036 1693 1241 1747 triduo.
1269 1692 1403 1749 Inde
1436 1691 1890 1765 circumiegentes
1917 1694 2013 1750 de-

444 1781 692 1837 venimus
715 1782 977 1851 Rhegium
1013 1799 1027 1837 :
1065 1792 1118 1836 et
1159 1792 1280 1852 post
1312 1802 1482 1839 unum
1517 1785 1683 1850 diem,
1713 1783 1876 1841 ﬂante
1907 1784 2016 1840 Au-

447 1882 587 1936 stro,
620 1872 861 1927 secunda
904 1873 991 1928 die
1031 1875 1279 1929 venimus
1307 1872 1600 1938 Puteolos;
1639 1877 1751 1942 uhi,
1784 1875 2020 1931 inventis

448 1961 733 2030 fratribus,
774 1965 947 2034 rogati
988 1981 1178 2020 sumus
1227 1981 1451 2021 manere
1498 1966 1641 2036 apud
1671 1982 1764 2022 eos
1787 1966 1907 2023 dies
1933 1970 2019 2024 Se-

451 2063 594 2122 ptem
629 2070 643 2106 :
674 2066 731 2109 et
756 2056 837 2111 sic
870 2056 1118 2112 venimus
1145 2055 1396 2111 Romam.
1427 2050 1492 2110 Et
1523 2057 1649 2114 inde
1674 2070 1798 2113 cum
1831 2058 2018 2113 audis-

446 2152 569 2198 sent
621 2143 844 2209 fratres,
897 2146 1256 2201 occurrerunt
1309 2146 1470 2202 nobis
1527 2150 1700 2215 usque
1744 2142 1810 2202 ad
1857 2146 2018 2218 Appii

448 2235 645 2296 forum,
668 2249 733 2289 ac
754 2231 888 2290 Tres
910 2235 1211 2291 Tabernas.
1234 2234 1381 2301 Quos
1395 2252 1518 2291 cum
1541 2237 1766 2292 vidisset
1792 2238 2015 2307 Paulus,

453 2325 659 2395 gratias
694 2340 862 2396 agens
885 2326 1017 2391 Deo,
1061 2328 1269 2397 accepit
1298 2319 1579 2384 ﬁduciam.

1033 2505 1263 2563 CAPUT
1301 2507 1413 2562 XL.

447 2594 523 2651 De
571 2596 893 2654 allocutione
938 2596 1097 2654 Pauli
1146 2601 1216 2655 ad
1248 2598 1467 2656 ludam:
1502 2601 1593 2672 qui
1621 2599 1802 2658 Roma:
1839 2615 2013 2660 erant.

514 2764 755 2837 XXVIII,
787 2770 976 2830 I6-3l.
1003 2772 1137 2829 Cum
1184 2786 1362 2831 autem
1393 2776 1735 2835 venissemus
1762 2776 2015 2847 Romam,

447 2864 772 2934 permissum
787 2875 872 2921 est
888 2865 1052 2922 Paulo
1068 2876 1286 2923 manere
1300 2868 1520 2925 sibimet
1535 2884 1657 2926 cum
1676 2873 2019 2930 custodiente

446 2970 506 3010 se
522 2957 711 3013 milite.
728 2953 858 3014 Post
876 2959 1096 3014 tertium
1118 2970 1299 3014 autem
1317 2960 1456 3015 diem
1476 2964 1795 3019 convotEavit
1814 2966 2019 3035 primos

444 3044 775 3107 Judazormn.
794 3048 1455 3118 Cumqueconvenisscnt,
1488 3052 1703 3109 diccbat
1729 3056 1810 3111 eis
1844 3074 1858 3111 :
1882 3057 2016 3126 Ego,

449 3138 552 3193 viri
610 3136 833 3205 fratres,
867 3139 1001 3194 nihil
1057 3141 1323 3196 adversus
1378 3143 1586 3212 plebem
1638 3145 1847 3201 faciens
1927 3156 2022 3201 aut

449 3244 652 3285 morem
682 3238 998 3299 paternum,
1035 3230 1255 3286 vinctus
1286 3232 1354 3286 ab
1383 3232 1741 3305 JerosMymis
1791 3238 2022 3296 traditus

447 3314 608 3390 315
643 3334 762 3374 sum
792 3318 848 3373 in
873 3333 1066 3374 manus
1104 3319 1511 3389 Romanorum;
1547 3324 1663 3394 qui,
1690 3338 1814 3381 cum
1849 3328 2021 3382 inter-

450 3410 783 3482 rogationem
821 3410 887 3467 de
925 3426 1012 3466 me
1041 3410 1385 3478 habuissent,
1409 3414 1702 3471 voluerunt
1732 3432 1816 3472 me
1840 3419 2022 3474 dimit-

446 3511 588 3565 tere,
628 3515 694 3556 eo
726 3501 874 3570 quod
928 3502 1079 3557 nulla
1129 3512 1279 3559 esset
1337 3520 1503 3562 causa
1564 3510 1760 3566 mortis
1799 3511 1853 3565 in
1909 3528 2016 3568 me.

448 3591 971 3650 Contradicentibus
996 3603 1177 3650 autem
1218 3595 1445 3665 Iudaeis,
1492 3612 1717 3657 coactus
1759 3620 1876 3658 sunt
1926 3620 2023 3676 ap-

452 3685 654 3755 pellare
675 3684 941 3743 Caesarem
965 3728 980 3753 ,
1011 3704 1121 3743 non
1146 3691 1303 3760 quasi
1341 3700 1557 3761 gentem
1593 3711 1768 3750 meam
1814 3700 2020 3757 habens

452 3775 658 3845 aliquid
687 3790 970 3833 accusare.
1010 3780 1238 3850 I‘r‘opter
1287 3782 1429 3838 hanc
1454 3785 1618 3856 igitur
1652 3802 1875 3842 causam
1935 3808 2020 3844 ro-

450 3866 572 3938 gavi
608 3883 702 3924 vos
743 3870 930 3926 videre
976 3880 1031 3926 et
1085 3873 1331 3944 alloqui;
1388 3888 1607 3949 pmpter
1668 3892 1817 3949 spent
1872 3885 2016 3937 enim

451 3958 615 4018 Israel
643 3970 839 4018 catena
869 3963 969 4019 hac
989 3965 1363 4023 circumdatus
1394 3984 1536 4024 sum.
1562 3971 1630 4024 At
1658 3968 1733 4026 illi
1766 3973 2019 4029 dixerunt

448 4051 518 4109 ad
539 4070 665 4111 eum
699 4074 713 4110 :
744 4054 857 4112 Nos
879 4072 1057 4127 neque
1087 4059 1298 4115 litteras
1322 4063 1636 4133 accepimus
1668 4065 1734 4119 de
1771 4074 1823 4119 te
1857 4082 1884 4119 a
1920 4065 2018 4120 Ju-

449 4146 588 4211 daea,
631 4161 812 4217 neque
851 4147 1149 4204 adveniens
1200 4149 1399 4220 aliquis
1465 4152 1693 4209 fratrum
1746 4157 2019 4213 nuntiavit

449 4246 544 4291 aut
576 4236 793 4294 locutus
821 4250 905 4293 εει
933 4238 1066 4309 quid
1096 4239 1164 4295 de
1196 4247 1249 4296 te
1280 4241 1501 4297 malum.
1532 4243 1807 4314 Rogamus
1833 4259 2013 4305 autem

449 4347 479 4384 a
517 4337 571 4385 te
601 4329 792 4386 audire
826 4346 948 4402 quae
994 4334 1167 4389 sentis
1201 4351 1214 4387 ε
1247 4349 1372 4389 nam
1414 4336 1481 4391 de
1519 4346 1667 4393 secta
1692 4339 1793 4396 hac
1828 4353 2013 4398 notum

2122 507 2359 562 Ποπλίου
2404 508 2659 577 πυρετοῖς
2693 507 2787 560 καὶ
2829 502 3148 575 δυσεντερίη.
3196 502 3550 572 συνεχόμενον
3581 520 3687 556 κα-

2118 600 2425 654 τακεῖσθαι.
2460 599 2604 670 Πρὸς
2648 599 2706 652 ὃν
2738 597 2767 649 ὁ
2796 595 3005 658 Παῦλος
3034 594 3293 648 εἰσελθὼν
3332 593 3426 647 καὶ
3454 610 3686 664 προσευ-

2119 693 2373 761 ξάμενος,
2407 691 2615 754 ἐπιθείς
2645 709 2704 744 τε
2734 689 2880 760 αὐτῷ
2904 690 3003 751 τὰς
3041 690 3253 758 χεῖρας,
3283 686 3473 741 ίάσατο
3501 686 3681 742 αὐτόν.

2118 782 2324 837 Τούτου
2353 779 2446 836 οῦν
2479 783 2798 851 γενομένου,
2852 782 2947 833 καὶ
2974 780 3024 834 oi
3071 779 3250 832 λοιποὶ⁵
3282 778 3331 831 οἱ
3360 776 3513 846 ἐν’τῇ
3540 782 3686 847 νήσῳ

2117 868 2332 944 ἔχοντες
2367 875 2675 939 ἀσθενείας,
2717 873 3097 944 προσήρχοντο
3128 870 3223 923 καὶ
3262 869 3680 939 ἐθεραπεύοντο.

2034 948 2041 975 ⁸
2117 966 2183 1038 Οἳ
2234 967 2328 1020 καὶ
2378 966 2598 1028 πολλαῖς
2631 968 2819 1035 τιμαῖς
2865 962 3131 1034 ἐτίμησαν
3170 962 3336 1033 ἡμᾶς,
3370 964 3462 1016 καὶ
3490 962 3685 1029 ἀναγο-

2119 1057 2298 1130 μένοις
2330 1056 2586 1110 ἔπέθεντο
2610 1045 2691 1109 τὰ
2711 1057 2846 1127 πρὸς
2882 1054 2983 1121 τὴν
3018 1053 3230 1124 χρείαν.

2695 1146 2945 1204 ΚΕΦΑΛ.
2986 1147 3110 1201 AG’.

2118 1243 2316 1308 Ὅπως
2362 1240 2482 1298 ἀπὸ
2527 1242 2789 1307 Μελίτης
2817 1230 2907 1306 είς
2956 1238 3195 1309 Ῥώμην
3239 1235 3616 1305 κατήντησεν
3658 1243 3691 1292 ό

2468 1320 2471 1325 λ
2757 1328 3021 1396 Παῦλος.

2186 1421 2338 1478 Μετὰ
2377 1418 2434 1477 δὲ
2465 1423 2613 1494 τρεῖς
2646 1406 2820 1493 μῆνας
2841 1422 3156 1491 ἀνήχθημεν
3180 1422 3236 1472 ἐν
3271 1438 3342 1473 πα
3355 1436 3695 1490 ρακεχειμα-

2118 1516 2237 1570 κότι
2292 1518 2350 1568 ἐν
2383 1518 2448 1586 τῇ
2490 1516 2638 1586 νήσῳ
2661 1555 2677 1579 ,
2711 1513 2881 1583 πλοίῳ
2919 1512 3302 1583 Ἀλεξανδρινῷ
3369 1512 3690 1583 παρασήμῳ

2122 1605 2488 1677 Διοσκούροις.
2545 1597 2658 1659 Καὶ
2718 1603 3088 1675 καταχθέντες
3152 1604 3232 1666 είς
3290 1600 3691 1671 Συρακούσας,

2122 1697 2489 1769 ἐπεμείναμεν
2539 1698 2759 1769 ἡμέρας
2818 1698 2988 1766 τρεῖς.
3052 1695 3213 1750 Ὅθεν
3294 1693 3695 1763 περιελθόντες,

2122 1784 2545 1859 κατηντήσαμεν
2577 1786 2656 1850 είς
2698 1783 2941 1856 Ῥήγιον·
2988 1784 3084 1837 καὶ
3123 1783 3261 1851 μετᾶ
3297 1783 3424 1853 μίαν
3453 1780 3694 1853 ἡμέραν,

2120 1878 2509 1949 ἐπιγενομένου
2551 1877 2726 1940 νότου,
2772 1877 3074 1945 δευτεραῖοι
3107 1875 3343 1945 ἤλθομεν
3383 1875 3463 1937 είς
3502 1874 3697 1927 Ποτιόο

2119 1967 2266 2030 λους.
2313 1964 2387 2023 Ob
2434 1967 2687 2038 εὑρόντες
2738 1965 3042 2036 ἀδελφοὺς,
3077 1958 3503 2035 παρεκλήθημεν
3557 1952 3695 2035 παρ’

2119 2061 2304 2124 αὐτοῖς
2332 2056 2709 2129 ἐπιμείναντες
2732 2058 2948 2131 ἡμέρας
2992 2058 3151 2112 ἑπτά·
3187 2060 3280 2110 καὶ
3309 2057 3484 2120 οὕτως
3515 2058 3685 2128 meo-

2122 2169 2222 2223 μεν
2247 2154 2326 2215 εἰς
2364 2148 2603 2223 Ῥώμην.
2634 2150 2906 2207 Κάκεῖθεν
2938 2150 2986 2203 οἱ
3013 2150 3231 2225 ἀδελφοὶ
3256 2147 3590 2209 ἀκούσαντες
3621 2148 3692 2200 τὰ

2121 2245 2249 2314 περὶ
2296 2242 2473 2314 ἡμῶν,
2542 2242 2764 2313 ἐξῆλθον
2823 2240 2904 2304 εἰς
2961 2242 3265 2312 ἀπάντησιν
3324 2240 3457 2310 ἡμῖν
3514 2239 3675 2308 ἄχρις

2133 2334 2362 2388 ’Δππίου
2413 2334 2583 2406 Φόρου
2628 2337 2723 2389 καὶ
2766 2332 2945 2406 Τριῶν
2989 2332 3297 2403 Ταϐερνῶν.
3332 2329 3439 2395 οὓς
3488 2331 3614 2384 ίδὼν
3654 2331 3688 2381 ό

2121 2424 2358 2490 Παῦλος,
2399 2425 2800 2498 εὐχαριστήσας
2846 2426 2924 2496 τῷ
2955 2424 3097 2496 Θεῷ,
3134 2424 3292 2478 ἔλασε
3328 2425 3547 2495 θάρσος.

2666 2575 2674 2581 ,
2723 2514 2973 2573 ΚΕΦΔΔ.
3001 2517 3093 2573 Μ’.

2121 2609 2259 2679 Περὶ
2290 2607 2609 2677 διαλέξεως
2636 2610 2879 2665 Παύλου
2899 2610 3009 2679 τῆς
3035 2610 3185 2679 πρὸς
3214 2609 3358 2676 τοὺς
3392 2609 3464 2664 ἐν
3496 2607 3695 2681 Ῥώμῃ

2724 2703 3047 2770 Ἰουδαίους

2190 2792 2319 2849 ὀτε
2367 2792 2424 2847 δὲ
2474 2792 2711 2864 ήλθομεν
2757 2795 2837 2856 είς
2912 2793 3151 2866 Ῥώμην,
3201 2796 3230 2848 δ
3296 2794 3691 2866 ἑκατόνταρχος

2122 2882 2408 2956 παρέδωκε
2442 2885 2569 2946 τοὺς
2604 2884 2859 2954 δεσμίους
2892 2885 2967 2956 τῷ
3018 2887 3490 2959 στρατοπεδάρχῃ.
3530 2887 3689 2939 Ἐπε-

2120 2975 2306 3046 τράπη
2327 2974 2386 3028 δὲ
2415 2973 2493 3045 τῷ
2540 2973 2739 3046 Παύλῳ
2774 2976 2958 3045 μένειν
2987 2977 3109 3031 καθ’
3136 2974 3326 3031 ἑαυτὸν
3358 2981 3451 3032 σὺν
3475 2979 3550 3049 τῷ
3587 2998 3689 3047 ςυ-

2122 3067 2376 3122 λάσσοντι
2407 3067 2573 3122 αύτδν
2621 3067 2950 3141 στρατιώτῃ.
2994 3067 3240 3139 Ἐγένετο
3285 3066 3341 3124 δὲ
3378 3073 3517 3142 μετὰ
3547 3071 3689 3143 ὴμέ-

2124 3175 2224 3229 ρας
2254 3160 2405 3230 τρεῖς
2458 3160 2894 3229 συγκαλέσασθαι
2955 3163 3048 3215 τὸν
3103 3162 3315 3217 Παῦλον
3368 3166 3496 3229 τοὺς
3529 3167 3686 3230 ὄντας

2121 3249 2231 3303 τῶν
2288 3250 2561 3306 Ἰουδαίων
2624 3251 2894 3324 πρώτους.
2956 3255 3326 3311 Συνελθόντων
3375 3252 3432 3311 δὲ
3490 3258 3688 3322 αὐτῶν,

2120 3340 2273 3411 ἔλεγε
2326 3344 2464 3415 πρὸς
2522 3345 2751 3409 αὐτούς’
2790 3345 2964 3414 Ἐγὼ,
2998 3347 3192 3419 ἄνδρες
3241 3330 3483 3421 ἀδελφοὶ,
3533 3351 3688 3405 οὐδὲν

2121 3434 2362 3489 ἐναντίον
2411 3438 2646 3506 ποιήσας
2692 3437 2771 3510 τῷ
2813 3439 2948 3510 λαῷ,
2999 3440 3033 3511 ἢ
3075 3444 3188 3505 τοῖς
3242 3442 3389 3497 ἔθεσι
3442 3446 3553 3509 τοῖς
3585 3462 3689 3497 πα-

2119 3523 2339 3595 τρῴοις,
2370 3525 2590 3595 δέσμιος
2623 3525 2683 3591 ἐξ
2722 3527 3116 3601 Ἰεροσολύμων
3147 3531 3450 3602 παρεδόθην
3485 3534 3563 3595 είς
3590 3533 3687 3595 τὰς

2120 3618 2309 3685 χεῖρας
2362 3616 2474 3669 τῶν
2535 3618 2847 3686 Ῥωμαίων.
2905 3621 3116 3685 Οῐτινες
3166 3622 3555 3694 ἀνακρίναντές
3598 3642 3687 3692 με,

2120 3707 2402 3761 ἐϐούλοντο
2441 3709 2738 3775 ἀπολῦσαι,
2784 3711 2874 3765 διὰ
2900 3712 2962 3764 τὸ
2997 3713 3268 3783 μηδεμίαν
3312 3714 3493 3768 αίτίαν
3523 3715 3689 3769 θανά·

2120 3815 2215 3850 του
2245 3799 2512 3869 ὑπάρχειν
2556 3803 2613 3854 ἐν
2668 3802 2809 3871 ἐμοί.
2855 3802 3271 3871 Ἀντιλεγόντων
3298 3805 3354 3857 δὲ
3404 3805 3512 3857 τῶν
3557 3803 3687 3858 Ἰου-

2127 3890 2313 3955 δαίων,
2347 3893 2702 3963 ἠναγκάσθην
2723 3894 3152 3949 ἐπικαλέσασθαι
3180 3898 3457 3968 Καέσαρα,
3491 3900 3588 3967 οὐχ
3614 3898 3688 3961 ὡς

2118 3984 2212 4037 τοῦ
2265 3984 2447 4048 ἔθνους
2478 4002 2589 4063 μου
2621 3984 2766 4056 ἔχων
2795 4004 2844 4040 τι
2890 3985 3291 4058 κατηγορῆσαι.
3333 3988 3433 4041 Διὰ
3471 3990 3676 4060 ταύτην

2120 4069 2213 4127 οῦν
2240 4074 2339 4145 τὴν
2370 4075 2551 4129 αἰτίαν
2583 4077 2938 4151 παρεκάλεσα
2977 4078 3123 4151 ὑμᾶς
3153 4078 3281 4132 ἰδεῖν
3318 4082 3414 4133 καὶ
3444 4083 3685 4150 προσλα-

2118 4164 2303 4234 λῆσαιο
2335 4165 2522 4219 ἕνεκεν
2571 4166 2683 4237 γὰρ
2735 4168 2833 4238 τῆς
2881 4167 3092 4230 ἐλπίδος
3129 4168 3227 4222 τοῦ
3282 4169 3537 4239 Ἰσραὴλ,
3591 4171 3688 4239 τὴν

2119 4254 2315 4309 ἅλυσιν
2354 4255 2559 4325 ταύτην
2613 4257 2957 4328 περίκειμαι.
2989 4260 3052 4311 Οί
3083 4258 3140 4311 δὲ
3169 4259 3305 4330 πρὸς
3332 4260 3490 4314 αὐτὸν
3515 4255 3685 4313 εἶπον

2128 4345 2321 4417 Ἦμεῖς
2346 4344 2470 4401 οὕτε
2515 4348 2819 4419 γράμματα
2845 4349 3141 4419 ἐδεξάμεθα
3162 4353 3288 4422 περὶ
3316 4351 3410 4406 σοῦ
3445 4353 3551 4405 ἀπὸ
3591 4353 3688 4422 τῆς

447 4430 530 4476 est
561 4420 741 4487 nobis,
779 4422 905 4493 quia
935 4423 1134 4494 ubique
1160 4422 1209 4479 ei
1245 4427 1663 4485 contradicitur.
1708 4429 1848 4484 Cum
1882 4448 2015 4487 con-

2129 4439 2410 4505 ’1ουδαίας,
2471 4438 2596 4493 οὔτε
2636 4443 3075 4512 παραγενόμενα
3137 4420 3239 4507 τιςδ
3280 4444 3388 4497 τῶν
3423 4420 3684 4512 ἀδελφῶν,

443 4513 762 4570 stituissent
800 4526 983 4571 autem
1031 4515 1108 4569 illi
1153 4515 1318 4581 diem,
1359 4529 1633 4583 venerunt
1683 4521 1751 4575 ad
1804 4538 1929 4577 eum
1964 4525 2013 4578 in

447 4602 750 4671 hospitium
806 4603 1052 4674 plurimi,
1089 4605 1292 4674 quibus
1343 4610 1652 4677 exponebat
1711 4612 2016 4669 testim-aus

444 4712 675 4767 regnum
712 4698 827 4765 Dei,
855 4700 1201 4770 suadensque
1228 4703 1311 4760 eis
1339 4704 1406 4759 de
1436 4704 1566 4761 Jesu
1599 4723 1663 4762 ex
1694 4708 1813 4779 Icge‘
1848 4709 2015 4781 Moysi

442 4795 505 4847 .et
542 4785 822 4859 prophetis
852 4804 885 4844 a
921 4804 1079 4846 mane
1111 4806 1286 4863 usque
1317 4795 1383 4850 ad
1417 4812 1722 4866 vesperam.
1769 4798 1836 4853 Et
1890 4804 2018 4870 qui-

443 4879 574 4934 dam
606 4880 906 4936 credebant
948 4883 1033 4940 his
1066 4900 1188 4955 qua:
1216 4886 1583 4956 dicebantur;
1633 4889 1851 4959 quidam
1890 4908 2019 4947 vero

448 4986 558 5027 non
602 4972 916 5030 credebant.
945 4974 1193 5049 Cumque
1243 4979 1476 5034 invicem
1521 4994 1630 5035 non
1666 4990 1852 5037 essent
1888 4994 2020 5038 con-

447 5066 777 5133 sentientes,
819 5068 1192 5137 discedebant,
1225 5070 1443 5126 dicente
1484 5071 1651 5126 Paulo
1698 5088 1863 5127 unum
1901 5086 2019 5129 ver-

452 5156 603 5225 bum,
661 5160 789 5229 quia
868 5158 1015 5217 Bene
1073 5161 1311 5231 Spiritus
1394 5173 1620 5220 sanctus
1686 5166 1899 5220 locutus
1937 5176 2021 5222 est

452 5262 547 5315 per
575 5248 771 5305 Isaiam
823 5253 1144 5323 prophetam
1184 5251 1251 5307 ad
1285 5263 1467 5322 patres
1511 5264 1748 5319 nostros,
1776 5255 1967 5311 dicens
2003 5276 2015 5312 :

451 5341 602 5411 Vade
624 5344 690 5400 ad
712 5347 970 5416 populum
1011 5346 1198 5410 istum,
1233 5355 1288 5400 et
1315 5346 1406 5400 dic
1436 5346 1502 5399 ad
1526 5362 1621 5402 eos
1654 5366 1668 5402 :
1695 5366 1714 5399 ι
1746 5348 1891 5403 Aure
1919 5363 2019 5403 au-

448 5431 614 5503 dietis
676 5442 730 5488 et
758 5449 866 5489 non
899 5435 1236 5507 intelligetis,
1264 5444 1318 5489 ct
1373 5438 1621 5493 videntes
1668 5437 1918 5493 videbitis
1967 5447 2021 5494 et

454 5537 566 5586 non
619 5527 981 5598 perspicietis.
1015 5527 1381 5584 Iucrassatum
1405 5537 1493 5606 est
1540 5529 1684 5584 enim
1714 5546 1810 5586 cor
1838 5533 2020 5603 populi

454 5614 641 5685 hujus,
672 5626 728 5672 et
745 5618 967 5677 auribus
991 5622 1228 5691 graviter
1251 5622 1541 5678 audierunt
1600 5632 1655 5679 et
1683 5626 1874 5681 oculos
1892 5642 2024 5683 suos

458 5716 929 5787 compresserunt,
965 5727 1032 5766 ne
1065 5711 1212 5767 forte
1235 5712 1453 5769 videant
1487 5715 1684 5780 oculis,
1716 5727 1768 5771 et
1798 5718 2023 5775 auribus

2121 4529 2472 4600 ἀπήγγειλεν,
2501 4530 2533 4602 ἢ
2560 4530 2787 4600 ἐλάλησε
2822 4536 2950 4604 περὶ
2981 4534 3074 4587 σοῦ
3105 4554 3158 4588 τι
3188 4538 3440 4607 πονηρόν.
3483 4538 3688 4604 ’Δξιοῦ-

2126 4638 2223 4691 μεν
2255 4621 2310 4673 δὲ
2338 4623 2488 4691 παρὰ
2520 4623 2610 4676 σοῦ
2639 4624 2868 4678 ἀκοῦσαι
2894 4625 2930 4680 ἃ.
2975 4631 3189 4697 φρονεῖς
3214 4645 3228 4659 σ
3264 4629 3391 4699 περὶ
3422 4629 3520 4700 μὲν
3570 4629 3673 4700 γὰρ

2121 4716 2221 4783 τῆς
2250 4713 2512 4783 αἱρέσεως
2547 4716 2774 4787 ταύτης,
2808 4718 3047 4784 γνωστὸν
3076 4719 3205 4789 ἡμῖν
3240 4721 3406 4783 ἐστιν,
3435 4721 3517 4773 ὅτι
3556 4737 3691 4772 πανο

2123 4804 2298 4874 ταχοῦ
2340 4805 2703 4874 ἀντιλέγεται.
2766 4807 3075 4876 Ταξάμενοι
3137 4809 3194 4862 δὲ
3247 4808 3396 4878 αύτῷ
3451 4810 3688 4881 ἡμέραν,

2122 4889 2257 4967 ἦγον
2289 4897 2423 4968 πρὸς
2450 4898 2611 4950 αὑτὸν
2639 4900 2715 4959 είς
2743 4898 2845 4970 τὴν
2879 4898 3061 4964 ξενίαν
3095 4901 3362 4963 πλείονες.
3395 4896 3488 4962 Οἷς
3518 4900 3693 4964 ἐξετί-

2126 4983 2247 5037 θετο
2301 4986 2844 5058 διαμαρτυρούμενος
2906 4988 3005 5059 τὴν
3046 4988 3322 5059 βασιλείαν
3378 4989 3472 5043 τοῦ
3512 4990 3692 5055 Θεοῦ,

2127 5073 2329 5128 πείθων
2358 5092 2416 5128 τε
2449 5078 2646 5142 αὐτοὺς
2703 5078 2773 5133 τὰ
2820 5086 2947 5150 περὶ
2981 5080 3075 5133 τοῦ
3109 5081 3339 5151 Κυρίου,
3369 5082 3478 5134 ἀπό
3508 5099 3565 5136 τε
3597 5083 3693 5135 τοῦ

2127 5167 2292 5234 νόμου
2328 5168 2570 5233 Μωσέως
2623 5172 2717 5226 καὶ
2767 5171 2875 5224 τῶν
2927 5172 3242 5244 προφητῶν,
3270 5175 3376 5227 ἀπὸ
3406 5174 3554 5245 πρωῒ
3584 5172 3694 5237 ἕως

2127 5259 2387 5330 ἑσπέρας.
2423 5261 2534 5314 Καὶ
2575 5264 2623 5314 οἱ
2670 5262 2771 5333 μὲν
2806 5263 3084 5317 ἐπείθοντο
3116 5266 3227 5327 τοῖς
3265 5264 3602 5334 λεγομένοις,
3642 5268 3694 5319 οί

2127 5353 2182 5406 δὲ
2236 5354 2518 5422 ἠπίστουν.
2564 5354 2911 5425 Ἀσύμφωνοι
2952 5356 3009 5410 δὲ
3041 5356 3194 5420 ὄντες
3242 5358 3378 5427 πρὸς
3406 5356 3693 5427 ἀλλήλους,

2129 5433 2445 5509 ἀπελύοντο,
2476 5444 2721 5506 είπὸντος
2749 5445 2841 5497 τοῦ
2867 5444 3079 5497 Παύλου
3105 5444 3264 5515 ῥῆμα»
3285 5445 3365 5501 ἐν.
3393 5446 3477 5498 ὅτι
3500 5443 3695 5503 Καλῶς

2128 5535 2188 5588 τδ
2227 5533 2454 5605 Πνεῦμα
2511 5536 2572 5587 τὸ
2606 5535 3030 5606 ἆγιονοέλάλησε
3061 5536 3149 5589 διὰ
3181 5536 3405 5590 Ἡσαΐου
3431 5534 3524 5588 τοῦ
3554 5550 3693 5602 προ-ι

2130 5628 2302 5695 φὴτου
2333 5625 2467 5696 πρὸς
2489 5626 2614 5689 τοὺς
2642 5625 2882 5697 πατέρας
2913 5627 3089 5696 ἡμῶν,
3123 5626 3304 5694 λέγον*
3336 5643 3354 5677 ι
3388 5623 3692 5697 Πορεύθητι

2134 5718 2270 5788 πρὸς
2294 5716 2386 5769 τὸν
2413 5716 2539 5771 λαὸν
2562 5715 2767 5785 τοῦτον,
2794 5718 3045 5773 καὶείπέ·
3088 5717 3249 5791 Ἀκοῇ
3289 5717 3573 5782 ἀκούσετε,
3598 5715 3700 5770 καὶ
