4058 6210
329 327 460 396 i057

913 323 1453 394 EXPOSITIONIS
1493 329 1576 392 IN
1616 326 1800 390 ACTA
1832 323 2135 390 'I'EXTUS
2161 326 2505 404 ALTER.‘
2546 330 2704 394 CAP.
2747 331 3022 394 XXVIII.

3427 336 3570 402 1058

325 445 384 497 οὐ
427 445 500 514 μὴ
541 441 758 512 συνῆτε’
801 440 894 494 καὶ
943 440 1234 511 βλέποντες
1272 441 1519 510 βλέψετε,
1556 439 1654 497 καὶ
1706 441 1766 496 οὑ
1816 440 1886 510 μὴ

1995 441 2247 508 audiant,
2293 451 2348 499 et
2379 444 2548 500 corde
2606 445 2936 516 intelligant,
2967 456 3023 504 et
3057 454 3456 510 convertantur
3515 463 3570 506 ct

327 535 492 604 ἴδητε.
542 531 852 602 Ἐπαχύνθη
902 534 1008 603 γὰρ
1060 535 1094 604 ἡ
1145 533 1342 604 καρδία
1372 532 1466 586 τοῦ
1498 531 1628 586 λαοῦ
1674 531 1889 591 τούτου.

324 627 416 678 καὶ
463 626 575 687 τοῖς
613 615 748 677 ὠσὶν
794 624 974 676 αὐτῶν
1013 623 1224 695 βαρέως
1276 625 1551 694 ἥκουσαν,
1616 624 1710 676 καὶ
1765 625 1892 684 τοὺς

321 715 638 786 ὀφθαλμοὺς
679 715 858 768 αὐτῶν
906 715 1236 786 ἐκάμμυσαν
1264 730 1278 745 ο
1328 715 1536 783 μήποτε
1583 712 1732 765 ἴδωσι
1780 715 1893 775 τοῖς

321 808 644 877 ὀφθαλμοῖς,
679 808 772 862 καὶ
808 810 920 871 τοῖς
948 807 1080 861 ὠσὶν
1135 805 1432 869 ἀκούσωσι,
1464 806 1558 858 καὶ
1593 807 1660 878 τῇ
1697 805 1896 876 καρδίᾳ

322 901 544 955 ουνιῶσι
597 899 761 975 [vulg.
799 899 1042 972 συνῶσι],
1078 901 1174 952 καὶ
1227 898 1632 969 ἐπιστρέψωσι,
1669 897 1763 949 καὶ
1817 897 1899 950 lai-

321 1011 500 1064 σωμαι
527 995 742 1056 αὐτούς.
768 1012 786 1045 ι
811 992 1052 1046 Γνωστὸν
1078 991 1169 1048 οῦν
1183 991 1319 1050 ἔστω
1346 993 1492 1062 ὑμῖν,
1516 995 1597 1050 ὅτι
1617 993 1728 1054 τοῖς
1749 989 1900 1042 ἔθνε-

323 1100 408 1135 σιν
468 1084 750 1153 ἀπεστάλη
803 1083 862 1136 τὸ
904 1084 1184 1154 Σωτήρων
1228 1083 1323 1140 τοῦ
1375 1083 1510 1139 Θεοῦ
1537 1100 1552 1115 ·
1607 1084 1763 1138 αὐτοὶ
1801 1081 1895 1134 καὶ

319 1173 666 1227 ἀκούσονται.
700 1175 811 1227 Καὶ
849 1173 1023 1227 ταῦτα
1055 1173 1222 1227 αὐτοῦ
1261 1174 1528 1240 εἰπόντος,
1568 1171 1812 1244 ἀπῆλθον
1839 1171 1891 1225 οἱ

1994 545 2180 586 sanem
2219 546 2370 586 eos.»
2398 529 2594 588 Notum
2625 549 2755 602 engo
2794 535 2867 587 sit
2896 534 3074 598 vobis,
3099 538 3357 604 quoniam
3391 544 3569 607 genti-

1997 624 2098 678 bus
2136 625 2363 680 missum
2397 631 2477 680 est
2515 624 2614 678 hoc
2649 624 2902 680 Salutare
2935 625 3052 690 Dei,
3088 636 3142 681 et
3184 627 3288 696 ipsi
3325 631 3565 685 audient.

1999 711 2203 768 Etcum
2228 713 2341 769 hinc
2368 713 2622 778 dixisset,
2656 717 2911 770 exierunt
2931 716 3000 770 ab
3025 731 3090 770 eo
3117 715 3312 783 Judaei,
3344 723 3566 776 multant

1995 803 2262 859 habentes
2294 806 2436 860 inter
2473 819 2533 860 se
2571 807 2954 875 quaestionem.
2979 807 3177 862 Mansit
3206 819 3385 868 autem
3420 813 3573 866 bim-

2001 895 2092 954 nio
2131 902 2246 949 teto
2287 897 2338 949 in
2373 911 2475 950 suo
2510 897 2784 952 conducto
2816 915 2828 950 :
2889 907 2942 952 et
2991 900 3329 968 suscipiebat
3379 917 3577 956 omnes

1997 989 2092 1060 qui
2152 989 2597 1059 ingrediebantur
2653 991 2720 1048 ad
2775 1006 2920 1056 eum,
2981 992 3282 1061 praedicans
3339 1010 3570 1065 regnum
3657 999 3662 1008 ‘

1995 1079 2113 1142 Dei,
2142 1087 2197 1135 et
2236 1082 2438 1136 docens
2480 1097 2600 1151 qua:
2645 1093 2774 1140 sunt
2807 1085 2873 1140 de
2908 1084 3137 1144 Domino
3170 1085 3298 1142 Jcsu
3349 1087 3567 1143 Christo

1989 1186 2112 1230 cum
2137 1173 2284 1225 omni
2308 1171 2523 1237 ﬁducia,
2548 1172 2666 1232 sine
2701 1175 3085 1242 prohibitione.

332 1268 595 1331 Ἰουδαῖοι,
639 1266 842 1334 πολλὴν
897 1265 1112 1336 ἔχοντες
1175 1268 1232 1319 ἐν
1293 1268 1506 1330 ἑαυτοῖς
1561 1266 1880 1338 συζήτησιν.
1925 1264 2150 1334 Ἔμεινε
2193 1263 2250 1318 δὲ
2295 1266 2324 1317 ὁ
2359 1263 2573 1330 Παῦλος
2635 1267 2754 1318 ἐκεῖ
2781 1267 2982 1343 διετίαν
3015 1267 3144 1338 ὃλην
3220 1270 3276 1322 ἐν
3325 1269 3439 1340 ίδίῳ
3476 1288 3570 1339 μι-

321 1356 589 1426 σθώματι.
658 1356 770 1408 Καὶ
842 1356 1140 1428 ἀπεδέχετο
1201 1359 1408 1421 πάντας
1467 1359 1593 1422 τοὺς
1630 1357 2120 1427 εἰσπορευομένους
2143 1355 2279 1424 πρὸς
2311 1355 2497 1420 αὐτὸν,
2531 1356 2824 1427 κηρύσσων
2852 1358 2949 1427 τὴν
2976 1358 3247 1428 βασιλείαν
3271 1360 3367 1414 τοῦ
3404 1361 3568 1428 Θεοῦ,

319 1451 411 1503 καὶ
449 1449 717 1510 διδάσκων
773 1447 844 1501 τὰ
899 1448 1150 1520 περὶτοῦ
1204 1449 1410 1518 Κυρίου
1452 1446 1628 1520 Ἰησοῦ
1655 1447 1894 1518 Χριστοῦ
1935 1445 2075 1516 μετὰ
2094 1445 2274 1515 πάσης
2312 1447 2626 1517 παρρησίας
2651 1448 2966 1512 ἀκωλύτως.

909 1536 1296 1594 ΕΡΜΗΝΕΙΑ.

401 1632 461 1684 Ὀ
487 1631 623 1700 ἔχις,
649 1633 716 1702 τῇ
740 1629 832 1683 τοῦ
871 1631 1192 1684 Ἀποστόλου
1218 1633 1364 1702 χειρὶ
1391 1631 1518 1695 τοὺς
1545 1631 1761 1695 ὀδόντας
1788 1633 1891 1698 ἐμ.-

320 1721 519 1786 εαλὼν,
555 1708 761 1792 καὶτῆς
781 1722 1058 1794 ἁμαρτίας
1083 1723 1141 1775 τὸ
1167 1722 1362 1792 χαῦνον
1398 1725 1496 1791 οὐχ
1557 1723 1754 1793 εὑρὼν,
1786 1725 1894 1778 ἀπο

320 1815 560 1885 επήδησε
603 1802 938 1886 παραυτίκα,
987 1815 1079 1867 καὶ
1135 1814 1276 1866 κατὰ
1324 1815 1422 1884 τῆς
1458 1816 1633 1886 πυρᾶς
1683 1814 1886 1884 ἥλατο,

319 1904 508 1976 ὥσπερ
538 1903 690 1970 δίκας
725 1905 905 1973 ἐαυτῷ
944 1902 1428 1973 εἰσπραττόμενος,
1463 1904 1546 1956 ὅτι
1605 1903 1682 1974 τῷ
1715 1904 1888 1975 μηδα-

323 1997 486 2065 μόθεν
528 1997 864 2065 προσήκοντι
894 1995 1198 2066 προσέϐαλε
1236 1998 1465 2066 σώματι.
1513 1997 1704 2068 Ἡμεῖς
1732 1998 1788 2054 δὲ
1822 1997 1891 2050 τὰ

320 2088 484 2158 θηρία
515 2087 854 2156 δεδοίκαμεν,
889 2087 1075 2158 ἐπιιδὴ
1115 2088 1213 2156 τῆς
1235 2090 1435 2160 ἀρετῆς
1459 2090 1558 2160 τὴν
1593 2089 1889 2142 πανοπλίαν

318 2179 417 2231 οὐκ
454 2177 668 2248 ἔχομεν.
721 2177 944 2240 Ἰδόντες
995 2174 1089 2230 οὖν
1122 2177 1282 2231 τοῦτο
1335 2179 1385 2230 oi
1430 2177 1741 2248 Βάρϐαροι,
1795 2177 1888 2230 καὶ⁹

321 2267 628 2336 ἐκφυγόντα
660 2265 749 2320 τὸν
771 2267 1141 2336 ἀναμφίὸολον
1172 2267 1420 2334 θάνατον,
1451 2268 1569 2322 θεὸν
1595 2268 1755 2322 αὑτὸν
1781 2268 1889 2328 ἐνό-

325 2377 488 2429 μισαν
522 2355 687 2424 εἶναι,
719 2358 793 2422 ὡς
835 2357 954 2422 ἔθος
1006 2360 1239 2430 ἔχοντες,
1275 2361 1454 2420 πάντα
1495 2361 1586 2414 τὸν
1633 2358 1888 2412 ποιοῦντά

321 2467 370 2503 τι
393 2449 711 2521 παράδοξον,
743 2449 864 2504 θεὸν
897 2451 1159 2520 νομίζειν,
1188 2453 1220 2520 ἢ
1259 2451 1325 2502 δι’
1369 2453 1520 2522 ἰσχὺν
1553 2452 1809 2520 περισσόν
1835 2467 1888 2502 τι

321 2541 429 2594 τῶν
473 2542 594 2594 καθ’
629 2541 850 2604 ἑαυτοὺς
884 2541 1162 2605 ποιοῦντα,
1203 2537 1313 2606 οἷος
1347 2537 1413 2610 ἦν
1447 2543 1471 2594 ό
1517 2539 1812 2610 Ἡρακλῆς·
1853 2539 1886 2612 ἢ

320 2635 407 2688 διὰ
443 2634 677 2702 μαγείας
713 2632 1058 2699 ἐξιστὰνοντα
1079 2634 1206 2696 τοὺς
1238 2634 1505 2705 ὁρῶντας.
1534 2628 1646 2695 οἷος
1671 2627 1736 2702 ἦν
1772 2633 1800 2683 ὁ
1832 2632 1888 2683 ἐν

326 2726 607 2797 Σαμαρείᾳ.
637 2725 842 2796 Σίμων,
876 2725 1036 2788 Ἕθος
1072 2720 1139 2796 ἦν
1167 2742 1305 2787 πως,
1359 2726 1416 2775 ἐν
1469 2725 1588 2785 ταῖς
1635 2722 1890 2786 Ἀλεξαν-

323 2816 493 2886 δρέων
525 2817 760 2886 μάλιστα
779 2819 957 2882 ναυσὶ,
990 2818 1126 2886 πρός
1160 2833 1222 2884 γε
1254 2818 1320 2887 τῇ
1348 2813 1560 2886 πρώρᾳ,
1589 2813 1714 2886 [εἰς]
1740 2813 1890 2878 δεξιὰ

330 2908 424 2960 καὶ
458 2908 538 2971 εἰς
569 2908 843 2977 εὐώνυμα,
869 2911 1084 2979 γραφὰς
1110 2903 1251 2960 εἶναι
1281 2907 1552 2968 τοιαύτας.
1578 2905 1794 2974 Ἐπειδὴ
1831 2905 1888 2958 δὲ

322 2998 391 3072 ἧν
440 3003 610 3069 εἰκὸς,
663 3002 1105 3073 είδωλολατρείας
1153 3001 1462 3072 κρατούσης
1505 2999 1622 3053 κατ’
1674 2999 1886 3052 ἐκείνου

325 3093 541 3164 καιροῦ,
584 3094 896 3165 γεγράφθαι
933 3096 998 3165 τῇ
1035 3093 1124 3166 νηῒ
1150 3094 1276 3156 τοὺς
1318 3092 1663 3162 Διοσκόρους,
1703 3091 1796 3144 καὶ
1826 3092 1889 3144 ἐκ

325 3185 511 3238 τούτου
549 3188 690 3238 νοεῖν
721 3185 1036 3249 ἀκόλουθον,
1068 3183 1387 3253 ἀλλόφυλον,
1419 3181 1698 3234 τουτέστιν
1733 3180 1887 3232 εἰδω-

2483 1537 3054 1602 COMMENTARIUS.

2063 1629 2258 1699 Vipera
2289 1644 2412 1684 cum
2445 1630 2688 1699 Aposmli
2741 1633 2924 1690 manui
2957 1633 3145 1688 dentes
3181 1633 3481 1702 injecisset,
3507 1644 3562 1690 et

1990 1719 2199 1786 peccati
2225 1734 2332 1774 non
2363 1722 2658 1790 reperisset
2688 1722 2995 1786 mollitiem,
3027 1724 3210 1780 statim
3241 1727 3454 1786 resiliit,
3497 1741 3561 1779 ac

1987 1809 2156 1887 veluti
2189 1810 2289 1865 sia
2320 1826 2378 1866 se
2407 1812 2522 1881 ipsa
2551 1825 2766 1880 pinnam
2817 1813 3075 1880 exigeret,
3111 1828 3178 1867 eo
3214 1814 3358 1883 quod
3401 1815 3572 1887 316

1989 1884 2191 1972 corpus
2214 1903 2526 1958 nullatesz
2561 1902 2666 1958 sibi
2698 1903 3033 1962 conveniens
3059 1903 3405 1972 iutpeiiisset,
3443 1923 3565 1961 Sese

1993 1991 2048 2044 in
2107 1993 2284 2059 ignem
2321 1991 2703 2061 praecipitavit.
2763 1990 2872 2048 Nos
2908 2007 3037 2052 vero
3102 1994 3246 2050 feras
3285 1998 3561 2060 timemus,

1990 2082 2135 2158 quod
2161 2097 2270 2137 non
2319 2083 2585 2152 integrann
2621 2083 2842 2143 virtutis
2875 2093 3207 2140 armaturam
3244 2086 3560 2143 habeamus.

1988 2174 2257 2228 Caeterum
2291 2173 2518 2228 Barbari
2559 2173 2811 2238 videntes
2841 2175 2985 2242 quod
3021 2176 3220 2229 Paulus
3252 2177 3558 2243 indubiam,

1990 2275 2049 2332 ut
2105 2263 2327 2333 quidem
2385 2265 2691 2332 putabant,
2745 2272 2976 2320 mortem
3031 2268 3318 2326 evasisset.
3382 2271 3560 2340 ipsum

1990 2355 2152 2410 deum
2195 2369 2316 2412 esse
2345 2354 2446 2422 sibi
2475 2365 2888 2424 persuaserunt,
2926 2358 3071 2416 velut
3103 2357 3139 2411 ii
3204 2359 3296 2427 qui
3336 2359 3391 2413 in
3425 2377 3556 2415 con.

1989 2443 2278 2501 suetudine
2309 2444 2608 2508 habebant,
2633 2454 2692 2498 ut
2714 2448 3032 2517 quicunque
3066 2450 3273 2520 aliquid
3303 2453 3563 2521 opinione

1992 2535 2168 2610 majus
2211 2535 2523 2599 eﬂecisset,
2569 2551 2764 2607 nempe
2792 2539 2878 2594 vel
2933 2539 3129 2595 robore
3175 2550 3399 2598 caeteros
3449 2559 3566 2599 sua:

1991 2626 2619 2684 conditionis'liomines
2669 2639 3008 2699 superasset,
3049 2641 3110 2689 ut
3142 2630 3402 2688 Hercules
3426 2675 3441 2700 ,
3479 2636 3561 2689 vel

1991 2716 2181 2784 magiae
2203 2731 2304 2786 ope
2327 2725 2659 2785 spectatores
2681 2719 2736 2774 in
2750 2721 3160 2777 admirationem
3181 2725 3472 2791 rapuisset,
3502 2734 3561 2779 ut

1991 2809 2043 2861 in
2076 2807 2320 2862 Samaria
2354 2807 2568 2876 Simon,
2602 2826 2724 2864 eum
2768 2825 2865 2880 pro
2897 2812 3000 2866 deo
3035 2813 3316 2870 haberent.
3351 2833 3368 2868 ι
3413 2815 3552 2871 Insi-

1989 2915 2094 2972 gne
2119 2901 2428 2958 Castorum.
2464 2921 2482 2953 ›
2520 2901 2636 2958 Mos
2668 2911 2786 2958 erat
2835 2903 3135 2973 pra‘sertim
3182 2905 3561 2961 Alexandrinis

1993 2991 2048 3044 in
2081 2992 2311 3056 navibus
2345 2993 2410 3046 ad
2440 2993 2720 3048 dexteram
2745 3002 2800 3048 et
2835 2995 3114 3050 sinistram
3154 3011 3329 3066 prora;
3368 2998 3560 3066 hujus-

1991 3081 2136 3136 modi
2161 3083 2402 3158 picturas
2425 3083 2646 3142 habere.
2675 3083 2946 3150 Quoniam
2978 3101 3107 3140 vero
3133 3096 3560 3144 consentaneum

1993 3181 2110 3226 erat
2145 3173 2470 3231 idololatria:
2513 3184 2643 3229 tunc
2691 3177 2880 3240 viginti
2915 3177 2968 3230 in
3001 3178 3232 3234 navibus
3286 3179 3566 3236 Dinscoris

323 3275 630 3344 λολάτρην,
687 3270 850 3345 [εἶναι
927 3270 1279 3342 ναύκληρον].
1345 3271 1482 3340 Περὶ
1540 3269 1732 3321 τούτου
1789 3267 1884 3320 καὶ

1989 3279 2082 3328 seu
2111 3264 2391 3332 Castorem
2423 3274 2478 3322 et
2507 3266 2781 3320 Pollucem
2825 3267 3140 3338 depingere,
3170 3271 3300 3328 hinc
3328 3285 3568 3340 pronum-

331 3362 558 3428 Ἡσαΐας
594 3363 721 3433 ἔφη·
785 3381 803 3413 ι
835 3361 1270 3430 Πετασθήσονται
1312 3359 1369 3410 ἐν
1407 3356 1613 3418 πλοίοις
1655 3353 1884 3424 ὰλλοςςύ-

322 3457 448 3521 λων,
477 3454 754 3513 Δθςίιλοισσαν
786 3453 905 3524 ἅμα
936 3453 1392 3524 προνομεύσουσι.
1430 3469 1448 3502 ι
1488 3449 1702 3511 Τόπους
1731 3446 1885 3510 τινὰς

325 3547 750 3615 ἐπισημαίνεται
791 3546 898 3613 πρὸ
940 3545 1042 3616 τῆς
1099 3544 1355 3616 Ῥώμης’
1397 3543 1488 3596 τὸν
1547 3541 1645 3611 μὲν
1701 3537 1887 3592 είκόνα

323 3639 442 3692 τινὰ
491 3637 726 3692 Ἀππίου
773 3637 984 3708 ἔχοντα,
1018 3637 1094 3701 ὼς
1132 3635 1299 3704 εἰκὸς,
1327 3635 1423 3688 καὶ
1475 3633 1640 3704 φόρον
1675 3630 1885 3685 ἐκείνου

329 3729 670 3798 καλουμένην
835 3724 1215 3798 καλούμενον],
1247 3725 1323 3789 ὡς
1354 3725 1520 3794 μέχρι
1550 3721 1644 3776 νῦν
1687 3722 1744 3773 αἱ
1775 3718 1884 3772 τῶν

325 3819 586 3888 βασιλέων
613 3821 840 3884 εἰκόνες,
873 3818 1025 3888 παρὰ
1070 3815 1384 3886 Ῥωμαίοις,
1413 3815 1568 3885 φόροι
1611 3827 1889 3882 προσαγο-

322 3913 572 3979 ρεύονται
596 3927 609 3940 °
644 3909 711 3964 τὰ
743 3911 800 3964 δὲ
822 3911 931 3964 τῶν
957 3907 1269 3977 Ταϐερνῶν,
1299 3905 1630 3976 πανδοχείων
1663 3902 1827 3957 τινῶν
1849 3900 1886 3970 ἢ

323 4001 634 4072 καπηλείων
667 4003 864 4074 χρῆσιν
903 4003 1256 4065 αἰνίσσονται,
1288 4001 1360 4070 τῇ,
1401 3995 1690 4067 Ῥωμαίων
1730 3995 1882 4064 φωνῇ

318 4091 492 4156 οὕτως
525 4091 920 4162 ὀνομαζόμενα.

391 4267 558 4330 Εἰδὼς
586 4269 613 4320 ὁ
647 4267 876 4333 Παῦλος,
923 4268 1005 4321 ὅτι
1056 4269 1257 4322 ἄτοπον
1289 4262 1354 4339 ἦν
1383 4265 1519 4331 ὅλως
1559 4265 1619 4319 τὸ
1657 4265 1886 4320 δικάσα-

320 4357 465 4420 σθαι,
501 4358 594 4409 καὶ
631 4359 862 4420 μάλιστα
903 4357 1053 4428 παρὰ
1095 4359 1330 4429 ἀπίστῳ,
1372 4358 1512 4412 ὥστε
1558 4356 1634 4429 μὴ
1679 4358 1886 4429 προλη-

319 4447 518 4517 φθῆναι
579 4450 676 4510 τὰς
735 4448 927 4512 ἀκοὰς,
967 4449 1094 4518 περὶ
1141 4449 1470 4519 ἀμςςοτέρων
1513 4449 1882 4517 ἀπολογεῖται.

325 4557 342 4588 ι
393 4539 492 4591 Διὰ
544 4537 750 4606 ταύτην
803 4539 933 4608 γὰρ,
986 4538 1160 4608 φησὶ,
1200 4537 1299 4610 τὴν
1341 4539 1523 4594 αἰτίαν
1583 4538 1885 4609 ἐϐουλόμην

1985 3365 2073 3413 est
2116 3358 2375 3427 colligere
2415 3357 2780 3428 alienigenam
2840 3373 2936 3416 seu
2999 3360 3341 3420 idololatram
3397 3362 3572 3419 fuisse

1986 3445 2323 3509 nauclerum.
2355 3446 2472 3513 Qua
2500 3448 2568 3504 de
2601 3464 2657 3503 re
2681 3449 2756 3502 ait
2779 3449 2985 3505 lsaias:
3022 3469 3040 3502 ι
3066 3450 3333 3510 Volabunt
3361 3452 3413 3510 in
3439 3453 3567 3507 navi.

1987 3536 2311 3606 alienigena,
2343 3553 2494 3592 mare
2527 3539 2690 3594 simul
2725 3539 3202 3611 depopulabuntur
3223 3543 3293 3599 ⁸⁸.
3319 3561 3338 3594 ι
3399 3562 3418 3595 ι
3449 3543 3568 3613 Ap-

1986 3627 2058 3697 pii
2083 3625 2282 3691 forum,
2301 3637 2352 3682 et
2368 3630 2503 3684 Tres
2524 3628 2786 3693 Tabernae
2809 3650 2828 3682 ι
2849 3643 3006 3692 erant
3025 3636 3142 3692 loca
3163 3637 3409 3706 quaedam
3438 3647 3562 3694 ante

1989 3719 2292 3790 ingressum
2314 3719 2520 3776 Roman
2550 3719 2770 3778 Primus
2794 3725 3038 3796 quidem,
3071 3730 3215 3797 quod
3243 3729 3298 3785 in
3326 3747 3392 3788 eo
3411 3743 3563 3788 esset

1988 3819 2171 3866 statua
2210 3812 2392 3881 Appii,
2425 3812 2602 3881 [orum
2638 3815 2798 3883 Appii
2831 3818 3125 3880 vocabatur
3159 3836 3174 3874 :
3205 3821 3561 3889 quemadmo-

1987 3901 2116 3956 dum
2156 3901 2318 3956 etiam
2347 3917 2491 3958 nunc
2523 3902 2666 3970 loca,
2693 3905 2788 3960 ubi
2837 3905 3226 3978 imperatorum
3261 3918 3456 3968 statuae
3479 3913 3566 3966 Iov

1987 4001 2123 4071 catae
2147 4003 2294 4056 sunt,
2329 3993 2451 4062 [ora
2482 4011 2511 4049 a
2542 3993 2808 4052 Romanis
2871 3999 3237 4071 appellantur.
3291 3999 3566 4057 Tabernas

1989 4067 2171 4139 autem
2210 4083 2328 4138 loca
2373 4093 2526 4140 erant
2567 4067 2999 4142 diversoriorum
3045 4099 3099 4144 et
3130 4103 3499 4161 cauponarum
3538 4107 3560 4158 ς

1986 4171 2068 4226 sic
2091 4171 2236 4226 enim
2259 4172 2370 4229 haec
2394 4173 2637 4240 Romana
2666 4173 2847 4250 lingua
2884 4187 3168 4233 vocantur.

2063 4280 2082 4313 ι
2118 4263 2251 4332 Ego,
2305 4264 2405 4318 viri
2447 4263 2663 4322 fratres.
2711 4283 2732 4316 ι
2763 4265 2954 4323 Sciens
2987 4266 3208 4335 Paulus,
3256 4267 3556 4326 absurdum

1985 4369 2107 4410 esse
2139 4355 2345 4425 judicio
2367 4357 2688 4428 (praesertim
2733 4358 2875 4428 apud
2907 4358 3174 4432 inﬁdeles)
3203 4359 3561 4435 contendere,

1985 4460 2056 4500 ne
2082 4445 2396 4502 Iudaeorum
2426 4462 2586 4503 aures
2614 4458 3008 4518 praeoccupatae
3035 4460 3224 4504 contra
3254 4452 3432 4520 ipsum
3465 4466 3561 4506 es-

1988 4545 2130 4601 sent,
2161 4550 2284 4592 sese
2314 4535 2383 4591 de
2417 4545 2649 4606 utraque
2677 4537 2780 4593 hac
2836 4553 2897 4592 re
2944 4555 3176 4608 purgare
3216 4540 3559 4610 aggreditur.

318 4631 460 4698 ὑμᾶς
498 4629 647 4690 ἰδεῖν,
692 4647 710 4681 ι
744 4628 885 4682 ὥστε
919 4630 996 4700 μὴ
1023 4630 1223 4695 ἐξεῖναί
1264 4649 1369 4684 τινι
1402 4635 1746 4702 κατηγορεῖν.
1774 4632 1883 4684 Καὶ

1992 4624 2143 4682 Unde
2175 4627 2254 4681 ait
2283 4643 2296 4681 :
2334 4646 2353 4679 ι
2387 4626 2614 4698 Propter
2645 4629 2784 4684 hanc
2832 4644 3056 4686 causam
3097 4631 3404 4686 desideravi
3457 4647 3565 4687 vos

322 4721 387 4771 τὰ
445 4719 831 4789 παριστάμενα
877 4719 1048 4786 λέγει,
1083 4721 1165 4773 ὅτι
1187 4721 1297 4784 Τὰς
1319 4724 1506 4792 χείρας
1533 4722 1713 4776 αὐτῶν
1755 4722 1874 4776 δια-

319 4812 510 4877 φυγεῖν
594 4810 959 4881 βουλόμενος,
1027 4812 1381 4882 ἠναγκάσθην
1452 4811 1882 4866 ἐπικαλέσασθαι

324 4897 592 4968 Καίσαραο
632 4903 728 4973 οὐχ
768 4902 845 4966 ὡς
878 4903 1085 4973 ἑτέροις
1125 4904 1300 4966 διδοὺς
1338 4905 1506 4970 κακὰ,
1534 4904 1652 4958 ἀλλ’
1679 4903 1754 4963 ὡς
1787 4903 1881 4956 αύ-

317 4987 406 5049 τὺς
450 4988 665 5056 φεύγων
717 4993 882 5047 κακά.
934 4995 1070 5065 Πρὶν
1120 4995 1457 5065 ἐπιδημῆσαι
1485 4993 1692 5048 Παῦλον
1725 4994 1782 5045 ἐν
1813 4995 1880 5064 τῇ

329 5077 512 5150 Ῥώμῃ
544 5087 1012 5154 ,παρηγγελμένοι
1032 5083 1174 5157 ἦσαν
1215 5089 1264 5140 oi
1307 5089 1569 5152 Ἰουδαῖοι,
1603 5085 1678 5158 μὴ
1710 5105 1886 5158 παρα-

315 5168 570 5233 δέξασθαι
618 5174 678 5226 τὸ
714 5177 840 5246 περὶ
896 5177 991 5230 τοῦ
1020 5177 1258 5247 Χριστοῦ
1295 5181 1574 5249 κήρυγμα·
1602 5179 1701 5231 οὐκ
1730 5179 1885 5231 αὐτοὶ

317 5258 372 5312 δὲ
407 5259 581 5328 μόνοι,
614 5261 747 5316 ἀλλὰ
792 5267 887 5318 καὶ
917 5267 966 5318 οἱ
996 5266 1268 5336 πανταχοῦ
1319 5268 1446 5338 γῆς.
1479 5267 1650 5320 Πόθεν
1698 5268 1756 5320 δὲ
1785 5267 1879 5336 δῆ-

316 5350 444 5414 λον;
489 5349 736 5424 Εὖρομεν
767 5358 826 5408 ἐν
854 5357 966 5418 τοῖς
995 5357 1103 5412 τῶν
1137 5358 1384 5414 παλαιῶν
1425 5359 1877 5428 συγγράμμασιν,

311 5441 386 5504 ὡς
417 5443 466 5495 oi
500 5444 598 5514 τὴν
644 5446 999 5520 Ἰερουσαλὴμ
1036 5450 1309 5514 οἰκοῦντες
1357 5451 1524 5522 ἱερεῖς
1560 5451 1653 5505 καὶ
1691 5452 1880 5524 Γραμ-

313 5533 506 5600 ματεῖς
539 5533 636 5587 καὶ
670 5537 1389 5612 πρεσϐύτεροιιγρὰμματα
1418 5542 1868 5614 διαχαράξιντες,

375 5714 420 5744 ⁸³
451 5714 554 5772 lsa.
582 5732 656 5782 xl,
688 5717 772 5772 Μ.

1983 4715 2173 4772 videre
2199 4726 2255 4770 et
2281 4715 2510 4786 alloqui,
2539 4736 2558 4768 ι
2593 4733 2660 4774 ne
2688 4719 2898 4775 scilicet
2928 4730 3112 4790 posset
3148 4737 3233 4776 me
3280 4722 3559 4791 quispiam

1985 4807 2335 4862 calumniari.
2369 4808 2503 4863 Rem
2537 4809 2729 4880 igitur,
2773 4820 2832 4866 ut
2880 4827 2940 4867 se
2999 4813 3249 4878 habebat,
3307 4814 3558 4884 exponit,

1986 4900 2290 4970 inquiens:
2330 4899 2400 4956 Ut
2448 4900 2796 4957 inimicorum
2832 4917 3080 4959 meorum
3110 4919 3305 4961 manus
3349 4905 3558 4975 etl‘uge-

1987 5007 2132 5058 rem,
2159 4999 2323 5062 atque
2371 4993 2507 5047 adeo
2539 5007 2644 5047 non
2674 5002 2734 5048 ut
2763 4995 2898 5049 alios
2954 5010 3294 5061 accusarem,
3343 4997 3439 5050 sed
3492 5004 3561 5048 ut

1987 5081 2254 5152 meipsum
2296 5081 2665 5144 defenderem,
2697 5094 2923 5140 coactus
2956 5101 3075 5140 sum
3109 5087 3381 5157 appellare
3428 5085 3551 5143 Cae-

1979 5190 2183 5230 sarem.
2219 5176 2287 5229 At
2322 5190 2450 5230 vero
2471 5185 2772 5246 antequam
2795 5177 2998 5233 Paulus
3037 5177 3262 5235 Romam
3297 5177 3549 5246 perveni-

1982 5275 2089 5330 ret,
2119 5266 2317 5334 Judaei,
2359 5283 2465 5322 non
2497 5270 2674 5324 solum
2709 5270 2800 5340 qui
2837 5267 3020 5324 Romae
3039 5269 3553 5330 commorabantur,

1977 5361 2074 5414 sed
2107 5359 2268 5413 etiam
2297 5361 2389 5429 qui
2419 5361 2620 5432 ubique
2649 5369 2916 5416 terrarum
2946 5361 3176 5430 dispersi
3205 5367 3383 5422 erant,
3409 5371 3548 5426 pras-

1977 5451 2167 5506 moniti
2209 5450 2448 5518 fuerant,
2485 5467 2551 5508 ne
2614 5452 2898 5523 Evangelii
2951 5450 3392 5522 praedicationem
3447 5464 3546 5507 su-

1979 5543 2275 5613 sciperent.
2313 5543 2468 5601 Unde
2492 5560 2619 5600 vero
2675 5545 2778 5600 hoc
2828 5542 3143 5598 notumiln
3193 5541 3548 5614 antiquorum
