4058 6210
329 258 468 328 1365
1189 265 1718 328 EXPOSITIONIS
1755 269 1832 330 IN
1872 271 2059 331 ACTA
2093 272 2388 336 TEXTUS
2429 281 2776 345 TERTIUS.
3445 285 3580 354 1066

338 392 362 428 ε
409 377 555 429 Ὣσιελ⁵
589 377 774 446 πνοῆς,
813 395 831 430 3
859 376 958 430 οὐκ
979 376 1086 448 ἄρα
1113 377 1312 446 ἄνεμος
1342 373 1430 445 ἦν.
1456 396 1474 427 ι
1509 376 1648 431 Ὡσεὶ
1679 380 1898 448 πυρός.)
1937 387 1980 442 Α
2013 385 2154 450 στὸν,
2193 388 2274 440 ὅτι
2306 390 2510 454 ἐκεῖνος
2562 393 2928 462 ἐπηγγείλατο
2965 395 3134 449 ταῦτα
3164 397 3301 467 μετά
3323 399 3384 452 τὸ
3416 419 3578 456 σταυ-

335 464 468 521 Ὅτε
501 467 600 536 μὲν
626 467 732 538 7&9
763 467 874 536 Υίῷ
895 468 1204 536 γνωσθῆναι
1231 467 1333 520 ἔδει
1375 468 1435 520 τὸ
1473 467 1713 538 Πνεῦμα,
1741 471 1816 532 ὠς
1846 471 1903 522 ἐν

337 557 469 610 εῖδει
495 559 826 627 περιστερᾶς
871 553 1035 627 ἦλθεν
1082 558 1176 610 ἐπὶ
1224 557 1324 628 τὴν
1375 558 1618 628 κεφαλὴν
1649 560 1742 612 τοῦ
1771 562 1904 631 Χρι-

337 649 462 703 στοῦ
483 665 497 678 ·
522 650 618 704 νῦν
643 652 699 704 δὲ
748 653 835 705 ὅτε
872 652 1074 722 πλῆθος
1111 651 1233 706 δλον
1272 654 1678 724 ἐπιστραφῆναι
1712 656 1898 727 ἐχρῆν,

339 757 358 790 ι
386 741 519 794 ὡσεὶ
552 742 743 811 πυρός.
784 760 803 794 3

406 832 480 883 Τὸ
512 832 732 885 καθίσαι
794 831 890 884 τοῦ
921 833 1142 902 ἐδραίου
1195 835 1312 886 ἐστὶ
1349 836 1681 903 σημαντικόν
1704 856 1718 870 -
1755 836 1903 906 Παρ⁹

333 923 570 992 έμεινεν,
629 923 1099 978 Ἐπανεπαύσατο.
1157 926 1300 995 Ἀρα
1361 926 1455 978 ἐπὶ
1503 927 1632 988 τοὺς
1690 925 1900 980 δώδεκα

331 1010 497 1082 ἦλθεν
521 1031 535 1078 ;
562 1016 718 1085 Οὐχὶ,
745 1015 862 1069 ἀλλ’
885 1016 975 1068 ἐπὶ
1029 1015 1157 1079 τοὺς
1197 1015 1393 1070 ἑκατὸν
1438 1015 1672 1070 εἴκοσιν·
1706 1017 1766 1070 οῦ
1794 1017 1902 1087 γὰρ

335 1105 400 1157 ἂν
425 1106 607 1167 ἁπλῶς
628 1108 918 1176 παρήγαγε
963 1105 1062 1175 τὴν
1096 1107 1407 1177 μαρτυρίαν
1435 1105 1530 1159 τοῦ
1567 1108 1842 1176 προφήτου
1873 1109 1902 1159 ὁ

335 1195 540 1264 Πέτρος
565 1195 773 1263 λέγων·
813 1214 832 1247 ι
891 1196 1099 1264 Ἐκχεῶ
1147 1197 1255 1250 ἀπὸ
1305 1197 1624 1266 Πνεύματός
1679 1214 1778 1266 μου
1808 1196 1902 1249 ἐπὶ

335 1286 516 1338 πᾶσαν
542 1286 739 1354 σάρκα,
786 1304 804 1336 3
842 1287 936 1338 καὶ
962 1287 1030 1338 τὰ
1075 1286 1225 1354 ἑξῆς.
1255 1285 1410 1347 Τίνος
1444 1285 1624 1338 ἕνεκεν
1656 1286 1764 1356 πρὸ
1791 1286 1905 1342 τῶν,

332 1371 506 1425 ἄλλων
537 1372 893 1442 χαρισμάτων
939 1374 1001 1425 τὸ
1033 1374 1140 1426 τῶν
1171 1374 1430 1442 γλωσσῶν
1467 1373 1656 1428 ἔλαϐον
1692 1375 1740 1426 οί
1767 1374 1902 1426 ἀπό.

335 1463 542 1526 στόλοις
581 1461 800 1532 Ἐπειδὴ
840 1463 1118 1532 πανταχοῦ
1155 1463 1464 1532 διέρχεσθαι
1498 1463 1756 1534 ἤμελλον.
1791 1465 1900 1516 Καὶ

331 1552 519 1622 ὥσπερ
542 1555 598 1605 ἐν
618 1552 695 1621 τῷ
728 1552 906 1624 καιρῷ
933 1554 1028 1616 τῆς
1063 1555 1425 1623 πυργοποιίας
1456 1557 1489 1624 ή
1540 1556 1638 1624 μία
1678 1555 1898 1623 γλῶσσα

329 1645 413 1707 είς
446 1644 644 1707 πολλάς
663 1645 939 1714 διενέμετο
957 1682 974 1709 ,
997 1644 1138 1698 οὕτω
1159 1645 1279 1698 τότε
1323 1647 1380 1698 αἱ
1411 1646 1602 1698 πολλαὶ
1660 1645 1900 1714 γλῶσσαι

333 1735 592 1799 πολλάκις
620 1738 698 1798 είς
722 1735 818 1788 ἐνα
853 1735 1139 1806 ἄνθρωπον
1163 1733 1336 1805 ἦσαν’
1385 1737 1480 1788 καὶ
1515 1736 1676 1798 αὐτὸς
1711 1738 1805 1788 καὶ
1836 1739 1900 1808 τῇ

336 1826 576 1894 Περσῶν,
631 1825 726 1878 καὶ
780 1828 850 1895 τῇ
932 1824 1128 1888 Ἰνδῶν,
1186 1826 1280 1877 καὶ
1319 1827 1384 1894 τῇ
1449 1825 1757 1893 Ῥωμαίων,
1805 1828 1898 1880 καὶ

325 1912 546 1985 δτέραις
566 1915 786 1978 πολλαῖς
810 1915 1084 1982 διελέγετο
1110 1913 1383 1982 γλώσσαις
1407 1929 1421 1944 ’
1456 1917 1551 1969 καὶ
1569 1917 1628 1969 τὸ
1651 1917 1898 1988 χάρισμα

333 2006 580 2058 ἐκαλεῖτο
602 2006 846 2076 χάρισμα
881 2005 1163 2073 γλωσσῶν.

401 2096 475 2148 Τὸ
498 2098 772 2148 κατοικεῖν
817 2096 1100 2159 εὐλαϐείας
1135 2093 1201 2167 ἦν
1223 2099 1466 2166 σημεῖον,
1488 2097 1595 2150 ἀπὸ
1631 2098 1899 2151 τοσούτων

335 2186 502 2240 ἐθνῶν
542 2189 804 2257 πατρίδας
853 2187 1112 2255 ἀφέντας,
1144 2189 1236 2239 καὶ
1255 2188 1507 2249 οίκείους,
1555 2173 1673 2239 ἐκεῖ
1712 2205 1898 2242 κατοι-

334 2280 468 2332 κεῖν.
515 2260 731 2348 Ἐπειδὴ
783 2278 892 2347 7&9
942 2279 999 2332 ἐν
1036 2279 1183 2347 οἰκίᾳ
1236 2279 1452 2345 ἐγένετο
1495 2278 1557 2331 τὸ
1583 2279 1896 2347 γενόμενον,

335 2367 558 2430 εἰκότως
590 2366 788 2432 ἔξωθεν
819 2367 1173 2436 συνέδραμον.
1201 2385 1219 2417 ι
1252 2368 1326 2420 Τὸ
1364 2367 1566 2436 πλῆθος
1598 2367 1895 2436 συνεχύθη»

335 2461 424 2513 διὰ
455 2461 545 2512 τὸν
567 2459 757 2527 φόϐον,
785 2459 879 2512 καὶ
931 2458 1018 2510 ἵνα
1067 2457 1213 2527 δείξῃ
1246 2459 1327 2511 ὅτι
1364 2457 1464 2527 τὴν
1505 2456 1762 2524 σύγχυσιν
1790 2457 1903 2525 είρ·

335 2551 540 2616 γάσατο
568 2552 596 2603 ό
621 2550 783 2617 φόϐος
833 2548 1016 2602 καὶτὸ
1056 2548 1204 2612 ξένον
1259 2547 1351 2601 τοῦ
1397 2549 1687 2616 θεάματος,
1718 2546 1896 2614 λέγει·

336 2640 715 2712 Συνεχύθγαν
760 2641 838 2711 τῷ
894 2640 1065 2710 φόϐῳ.
1112 2640 1303 2694 Ἔστιν
1341 2634 1434 2692 οῦν
1467 2639 1749 2708 σύγχυσις,
1784 2638 1902 2708 ήτοι

339 2735 528 2786 στάσιν
565 2733 930 2804 ἐργαζομένη.
963 2733 1135 2786 Ὅταν
1160 2731 1366 2803 συγχέῃ
1394 2748 1454 2783 σε
1499 2732 1527 2782 ὁ
1550 2730 1712 2798 φόϐος
1743 2729 1900 2794 Θεοῦ,

337 2827 416 2888 είς
443 2826 736 2890 κατάνυξιν
781 2827 956 2894 φέρει.
989 2824 1320 2894 Συνεχύθης.
1353 2823 1442 2877 διὰ
1471 2825 1570 2893 τὴν
1601 2825 1904 2892 συνείδησιν

336 2917 444 2968 τῶν
473 2917 920 2987 ἀμαρτημάτωνε
951 2917 1239 2988 κατέστης,
1286 2915 1378 2968 διά
1425 2914 1526 2986 τὴν
1577 2915 1763 2967 ἐλπίδα
1803 2913 1904 2982 τῆς

341 3009 651 3080 μετανοίας.

411 3100 487 3152 Οὐ
519 3100 626 3170 γάρ
658 3099 842 3163 ἁπλῶς
875 3098 1121 3164 ἐλάλουν,
1157 3099 1293 3152 ἀλλά
1320 3102 1442 3154 τινά
1468 3099 1756 3168 θαυμαστά
1785 3096 1904 3150 ελε-

339 3203 453 3257 γον.
485 3190 724 3253 Εἰκότως
775 3191 1034 3260 ὴπόρουν,
1067 3191 1320 3243 οὐδέποτε
1367 3189 1476 3258 7&9
1501 3188 1692 3256 γέγονέ
1719 3205 1770 3240 τι
1793 3205 1906 3240 τοι-

333 3279 514 3335 οῦτον.
549 3281 691 3351 Ὀρα
723 3279 1143 3349 εὐγνωμοσύνην
1174 3277 1498 3347 ἀνθρώπων.

410 3371 474 3423 Ὢ
499 3371 600 3439 «τῆς
630 3369 1042 3439 ἀναισχυντίαςί
1078 3369 1188 3422 Καὶ
1211 3368 1264 3420 τί
1313 3366 1646 3437 θαυμαστὸν,
1677 3367 1810 3419 ὅπου
1844 3382 1905 3434 γε

338 3463 436 3517 καὶ
464 3461 625 3515 αὐτὸν
650 3461 741 3514 τὸν
767 3459 1046 3528 Δεσπότην
1105 3459 1367 3527 δαίμονας
1413 3458 1740 3511 ἐκϐάλλοντα
1791 3456 1905 3510 δαί-

345 3570 482 3624 μονα
503 3553 749 3619 λέγουσιν
803 3551 985 3619 ἐχειν;
1021 3547 1190 3602 Ἔνθα
1222 3548 1330 3618 7&9
1362 3549 1644 3618 ίταμότης,
1670 3550 1728 3599 ἓν
1755 3547 1909 3615 ζητεῖ

343 3643 539 3713 μόνον·
597 3643 769 3694 εἰπεῖν
813 3641 895 3693 ὅτι
937 3639 1158 3709 δήποτε,
1198 3641 1294 3692 καὶ
1339 3639 1436 3709 οὐχ
1477 3641 1624 3702 ὅπως
1654 3657 1706 3692 τι
1745 3638 1904 3705 λόγου

342 3731 575 3800 πρᾶγμα
608 3729 863 3799 ἐχόμενον
891 3728 1087 3782 είπεῖν.

409 3821 475 3874 Τί
505 3823 640 3885 ἐστι,
677 3837 695 3869 ι
723 3821 820 3871 σὺν
849 3822 960 3881 τοῖς
987 3818 1214 3884 ἐνδεκα;
1241 3837 1259 3870 3
1290 3819 1492 3887 Κοινὴν
1515 3819 1908 3886 προεϐάλλοντο

344 3911 545 3980 φωνὴν,
574 3911 666 3963 καὶ
699 3910 913 3963 πάντων
939 3909 1069 3962 αὐτὸ
1091 3909 1156 3982 [Ῑ.
1180 3910 1240 3963 τὸ
1261 3909 1418 3980 αὐτὸ]
1446 3905 1513 3980 ἦν
1537 3909 1733 3977 στόμα.
1764 3913 1911 3979 Παρ-

342 4002 604 4070 εστήκασι
638 3999 692 4052 δὲ
713 4001 762 4051 οί
783 3999 974 4052 ἕνδεκα
1014 3998 1415 4072 μαρτυροῦντες
1440 4001 1553 4062 τοῖς
1575 3997 1906 4069 λεγομένοις.

347 4088 579 4158 ιἘπῆρε
608 4090 706 4158 τὴν
736 4089 918 4160 φωνὴν
945 4091 1111 4142 αὑτοῦ
1135 4106 1152 4122 ·
1183 4109 1202 4141 3
1231 4090 1500 4152 τουτέστι,
1538 4089 1677 4156 μετά
1708 4089 1910 4159 πολλῆς

345 4180 656 4250 παρρησίας
715 4181 810 4231 καὶ
849 4179 1049 4242 εὐθέως
1105 4179 1212 4232 ἀπὸ
1260 4181 1360 4248 τῆς
1397 4179 1584 4248 φωνῆς
1620 4180 1908 4249 ἐδήλωσεν,

342 4261 424 4324 ὃτῖ
444 4273 542 4345 οὐχ
571 4273 832 4341 ἑστήκασι
855 4271 1106 4338 καθάπερ
1132 4274 1179 4323 οί
1204 4275 1450 4342 μάντεις.

2017 472 2273 539 ρωοῆναι.
2296 472 2372 529 Ἦ
2395 479 2502 548 7&9
2529 479 2596 533 ἂν
2621 481 2798 534 πάντα
2823 484 3135 554 ἀνέτρεψεν.

2084 562 2220 616 Οὔτε
2245 566 2400 635 ἡμῶν
2431 569 2491 620 τὸ
2525 571 2855 640 κατόρθωμα
2901 574 3078 640 τοῦτο,
3113 574 3236 627 οὔτε
3278 579 3573 649 ἐγκώμιον,

2011 651 2090 714 είς
2119 652 2186 706 τά
2220 655 2410 708 παιδία
2435 659 2501 710 τὰ
2531 660 2774 730 ἡμέτερα
2801 661 2951 732 διέϐη
2985 665 3016 732 ή
3049 666 3229 734 χάρις,
3268 670 3372 737 ή...
3412 672 3596 735 οὺς...

2009 743 2146 812 αὐτὴ
2177 745 2358 798 αὐτῶν
2379 748 2554 813 καλεῖ,
2586 751 2680 803 καὶ
2705 753 2830 813 τοὺς
2854 753 3097 824 πατέρας
3126 757 3386 821 ἐκείνους.

2079 835 2266 927 Ταῦτα
2316 841 2408 891 καὶ
2465 843 2592 911 περὶ
2649 844 2948 916 μελλούσης
3010 849 3261 917 κρίσεως,
3314 854 3576 927 καὶπερὶ
3624 893 3626 895 ›

2010 924 2118 1020 τῶν
2157 925 2542 1001 Ἰεροσολύμων
2593 936 2749 1003 φησὶ,
2795 940 2888 992 καὶ
2943 941 3042 1010 τῆς
3070 944 3446 1012 αἰχμαλωσίας
3469 965 3483 979 ο
3522 924 3574 1020 Ἴῆ

2010 1015 2096 1108 τά
2143 1021 2484 1089 γενησόμενα
2555 1025 2646 1077 ἐπὶ
2717 1027 2794 1096 τῷ
2853 1022 3072 1102 σταυρῷ
3143 1035 3237 1086 τοῦ
3309 1015 3576 1108 Χριστοῦ.

2009 1107 2328 1246 ἐιἮμέραν
2380 1113 2439 1164 δὲ
2529 1118 2768 1188 ἐπιφανῆ
2838 1139 2857 1172 3
2916 1123 3015 1194 τὴν
3073 1125 3169 1194 τῆς
3230 1127 3580 1198 ἀναστάσεως

2045 1213 2179 1246 εγει.

2045 1213 2179 1263 εγει.

2082 1289 2277 1341 Πολλοὶ
2305 1292 2581 1360 ἐνόμισαν,
2619 1295 2701 1348 ὅτι
2740 1292 2880 1369 αἷμα
2912 1302 3156 1374 περὶτῆς
3177 1308 3404 1377 σελήνης
3429 1308 3571 1376 εἶπε,

2009 1377 2104 1471 καὶ
2143 1380 2204 1432 ού
2237 1382 2366 1451 περὶ
2393 1384 2493 1454 τῆς
2515 1387 2773 1458 πλευρᾶς.
2832 1387 2982 1461 Αἷμα
3009 1395 3063 1447 δὲ
3099 1397 3266 1464 λέγει,
3303 1400 3331 1452 ὃ
3355 1402 3575 1471 ἐξέχεαν

2009 1468 2058 1521 οί
2076 1469 2317 1524 Ἰουδαῖοι
2357 1476 2452 1526 καὶ
2481 1478 2606 1528 καθ’
2631 1480 2838 1534 ἑαυτῶν
2864 1485 3261 1550 ἐπεσπάσαντο,
3303 1468 3572 1557 λέγοντες*

2017 1578 2035 1609 ι
2067 1560 2134 1653 '1"!
2175 1561 2428 1631 βούλεσθε
2485 1570 2786 1638 ἐπαγαγεῖν
2836 1574 2896 1626 τὸ
2946 1573 3085 1646 αἷμα
3145 1579 3238 1632 τοῦ
3287 1581 3574 1653 ἀνθρώπου

2009 1649 2198 1704 τούτου
2232 1655 2317 1723 ἐφ’
2344 1659 2527 1726 ήμᾶςξ
2579 1680 2598 1712 3

1940 1730 1978 1783 Β
2007 1831 2050 1835 ﬂ
2076 1741 2188 1835 ρύχ
2217 1745 2420 1810 ἁπλῶς.
2456 1767 2474 1800 ι
2514 1751 2587 1803 Οὐ
2627 1753 2734 1822 γάρ
2781 1757 2888 1819 πᾶς
2935 1759 2962 1810 ό
3007 1758 3179 1826 λέγων
3221 1780 3346 1830 μοι·
3378 1767 3570 1835 Κύριε,

2007 1830 2202 1929 Χύριε,
2244 1835 2430 1929 ιάλλά
2466 1842 2602 1908 μετὰ
2631 1842 2936 1907 διαθέσεως.
2957 1847 3069 1900 Οὐκ
3090 1830 3572 1929 εἷπε.[Πείσθητε,]

2005 1923 2143 2017 ἀλλ’,
2228 1927 2566 2017 -ΪΑκούσατα
2607 1933 2743 2003 ὅπερ
2794 1932 2862 2005 ἦν
2917 1938 3241 2010 ἀνεπαχθές.
3303 1923 3459 2017 Ὅρα
3490 1923 3571 2015 δὲ,

2007 2011 2124 2073 πῶς
2157 2013 2480 2107 ούᾼδὲνῌλέγει
2517 2019 2624 2071 τῶν
2647 2021 2886 2090 ὑψηλῶν,
2931 2026 3044 2078 ἀλλ’
3075 2031 3181 2083 άπὸ
3209 2032 3315 2085 τῶν
3367 2011 3572 2107 ἁφόδρά

2005 2103 2277 2156 ταπεινῶν
2306 2105 2532 2176 ἄρχεται
2559 2151 2574 2176 ,
2631 2113 2724 2165 καὶ
2758 2115 2876 2166 οὐδὲ
2921 2113 3031 2170 οἷον
3061 2119 3124 2172 ἄν
3145 2140 3228 2185 τις
3271 2103 3423 2179 εἴποι
3446 2103 3573 2198 περὶ

2007 2193 2310 2281 προφήτου,
2340 2194 2454 2246 ἀλλ’
2479 2197 2586 2250 άπὸ
2613 2201 2872 2270 πατρίδος
2902 2202 3143 2274 ἄρχεται,
3188 2228 3205 2260 ι
3249 2209 3453 2281 Ἰησοῦν
3480 2193 3570 2269 τὸν

2007 2278 2338 2348 Ναζαραῖον.
2377 2301 2396 2334 3

2081 2366 2212 2422 Εἶτα
2263 2372 2320 2422 ἐν
2362 2375 2510 2444 μέσῳ
2560 2374 2674 2437 θεὶς
2701 2376 2761 2430 τὸ
2789 2379 3046 2450 τόλμημα
3086 2385 3284 2452 αὐτῶν,
3313 2388 3412 2460 ὅρα
3454 2393 3571 2453 πῶς

2011 2460 2264 2553 πειράται
2286 2459 2483 2553 αύτοῦς
2504 2464 2820 2553 ἀπαλλάξαι
2844 2468 2938 2521 τοῦ
2959 2474 3317 2543 ἐγκλήματος.
3344 2459 3360 2529 ι
3383 2481 3444 2532 Εἰ
3462 2484 3570 2553 7&9

2009 2549 2105 2600 καὶ
2135 2548 2439 2618 ὡρισμένον
2498 2549 2587 2623 ἦν,
2616 2558 2778 2625 φησίν
2797 2575 2813 2590 ο
2846 2559 3012 2615 ὠδῖνα
3067 2563 3298 2620 θανάτου
3329 2548 3572 2626 κίνδυνον

2008 2641 2041 2708 ἡ
2077 2640 2290 2693 Παλαιά
2316 2659 2470 2712 φησι,
2506 2647 2598 2696 καὶ
2630 2651 2934 2720 συμφοράν.
2979 2652 3038 2705 '0
3080 2654 3283 2708 ὠδίνων
3339 2661 3398 2711 οὐ
3435 2679 3570 2715 κατ-

2011 2733 2124 2801 έχει
2152 2733 2211 2785 τὸ
2233 2735 2615 2806 κατεχόμενον,
2643 2739 2779 2794 ἀλλὰ
2803 2742 2999 2812 πάσχει
3029 2747 3124 2798 καὶ
3146 2750 3296 2817 ῥῖψαι
3328 2753 3570 2808 σπεύδει.

2010 2819 2084 2876 Εῦ
2132 2825 2188 2878 δὲ
2241 2829 2333 2880 καὶ
2372 2827 2522 2881 λύσιν
2579 2829 2783 2886 ὠδίνων
2833 2833 2928 2886 τοῦ
2983 2835 3212 2890 θανάτου
3239 2880 3252 2904 ,
3303 2842 3401 2912 τὴν
3446 2835 3575 2898 ἀνά-

2011 2932 2202 2970 στασιν
2233 2919 2635 2990 προηγόρευσεν
2662 2921 2727 2993 [Γ.
2762 2926 3049 2998 τιροσηγ.],
3093 2929 3280 3000 ὥσπερ
3312 2935 3368 2986 ἐν
3395 2935 3574 3008 κοιλίᾳ

2008 3008 2152 3072 τινὸς
2185 3010 2499 3081 ὠδινούσης,
2530 3016 2674 3083 φημὶ
2702 3015 2766 3086 δὴ
2817 3018 2926 3071 τῶν
2946 3021 3039 3073 τοῦ
3071 3022 3302 3077 θανάτου
3335 3027 3570 3098 δεσμῶν,

2009 3098 2104 3190 καλ,
2132 3100 2244 3190 τῶν
2262 3099 2357 3152 τοῦ
2388 3101 2516 3171 ᾅδου
2564 3104 2750 3173 μυχῶν
2793 3107 3115 3174 ἀναδοῦντος
3164 3112 3228 3182 [Γ.
3259 3117 3574 3190 ἀναδύντος]

2007 3186 2100 3238 τοῦ
2129 3189 2384 3258 Σωτῆρος
2413 3192 2672 3261 Χριστοῦ,
2707 3195 2801 3247 καὶ
2831 3199 3184 3268 προελθόντος
3203 3203 3280 3264 ὠς
3317 3207 3380 3258 ἐκ
3409 3186 3570 3261 τοκεέ

2007 3275 2099 3326 τοῦ
2131 3276 2282 3339 ξένου
2332 3278 2432 3348 τῆς
2483 3281 2853 3346 ἀναστάσεως.
2895 3287 3078 3360 Ταύτῃ
3131 3307 3213 3343 τοι
3242 3293 3335 3345 καὶ
3360 3297 3576 3368 ὠνόμα-

2008 3384 2130 3420 σται
2182 3387 2199 3419 ι
2237 3372 2578 3440 πρωτότοκος
2617 3375 2682 3427 ἐκ
2711 3376 2953 3444 νεκρῶν·
2991 3397 3010 3430 3
3043 3381 3214 3446 οὕτως
3246 3385 3465 3458 ἀνέστη,
3498 3389 3580 3452 ὡς

2010 3459 2204 3527 μηκέτι
2237 3460 2399 3514 πάλιν
2423 3503 2425 3505 .
2449 3463 2760 3517 ἀποθανεῖν.
2797 3467 2966 3520 Τοῦτο
3000 3470 3108 3539 γάρ
3133 3472 3248 3524 ἐστι
3287 3473 3369 3536 τὸ,
3404 3492 3423 3526 ι
3460 3469 3576 3532 οὐκ

2004 3541 2072 3615 ἦν
2109 3547 2333 3601 δυνατὸν
2388 3550 2731 3616 κρατεῖσθαι,
2772 3572 2791 3605 3
2819 3555 2898 3608 ὅτι
2937 3557 2998 3609 ού
3040 3560 3194 3631 κοινὴ
3232 3565 3342 3626 τοῖς
3391 3566 3573 3632 ἄλλοις

2005 3637 2226 3701 γέγονεν
2253 3639 2284 3705 ή
2315 3639 2628 3701 ἀνάστασις.

2078 3727 2154 3779 Τὸ
2186 3728 2250 3779 ἐκ
2271 3727 2459 3794 δεξιῶν
2507 3732 2727 3785 ἑστάναι
2758 3733 2848 3787 τὸν
2898 3736 3118 3808 Πατέρα
3175 3739 3429 3810 λέγεσθαι
3478 3749 3575 3802 τοῦ

2009 3817 2138 3869 Υἱοῦ
2170 3816 2284 3884 νῦν,
2317 3820 2447 3873 ποτὲ
2478 3821 2534 3873 δὲ
2569 3824 2634 3874 ἐκ
2682 3823 2870 3888 δεξιῶν
2900 3826 2994 3878 τοῦ
3048 3829 3259 3899 Πατρὸς
3302 3836 3576 3904 καθῆσθαι

2007 3908 2097 3960 τὸν
2129 3907 2276 3974 Υίὸν,
2301 3911 2453 3962 οὐδὲν
2479 3911 2712 3982 ἕτερονῆ
2737 3914 2834 3982 τὴν
2867 3918 3087 3986 ίσότητα
3108 3922 3238 3989 ήμῖν
3279 3929 3536 3994 σημαίνει
3557 3946 3572 3960 ⁸

2012 4015 2032 4047 ι
2073 3995 2273 4066 Κύριον
2306 4017 2324 4048 3
2351 3998 2408 4051 δὲ
2467 4000 2634 4052 αὐτοῦ
2691 4002 2781 4056 τὸν
2818 4005 3036 4076 Πατέρα
3074 4009 3247 4071 καλεῖ,
3281 4012 3369 4065 διά
3410 4030 3473 4081 γε
3514 4017 3575 4068 τὸ

2009 4087 2192 4142 λαϐεῖν
2227 4090 2387 4144 αὑτὸν
2421 4092 2607 4146 δούλου
2648 4098 2892 4166 μορφήν.

2080 4181 2178 4235 Διά
2204 4183 2362 4236 τοῦτο
2386 4189 2678 4257 τριήμερος
2696 4189 2911 4252 ἀνεϐίω,
2939 4191 3125 4244 καθότι
3141 4193 3238 4244 οὐκ
3262 4190 3328 4266 ἦν
3351 4197 3574 4252 δυνατὸν

2012 4275 2158 4345 ζωὴν
2187 4276 2313 4329 ὄντα
2342 4279 2483 4331 κατὰ
2503 4280 2662 4348 φύσιν
2708 4281 2869 4334 αὐτὸν
2899 4285 3010 4345 τοῖς
3043 4283 3136 4335 τοῦ
3178 4286 3406 4339 θανάτου
3436 4306 3573 4358 κρα-

411 4360 550 4424 Τοὺς
581 4361 761 4424 ξένους
787 4358 940 4414 εἶπεν
987 4363 1288 4432 άνὼτεροψ
1334 4361 1565 4415 ἐνταῦθα
1601 4363 1735 4430 πρὸς
1764 4364 1910 4432 ςὲκείο
1940 4388 1987 4446 ῃ
2014 4367 2222 4419 τεῖσθαι
2241 4367 2478 4439 δεσμοῖς.
2528 4371 2605 4422 Οὐ
2634 4371 2740 4440 γὰρ
2763 4371 2920 4441 θέμις
2954 4375 3128 4426 εἰπεῖν
3153 4375 3410 4431 δύνασθαι
3437 4396 3572 4448 κρα-

345 4470 468 4516 von;
503 4454 666 4506 τείνει
694 4453 785 4506 τὸν
807 4454 984 4520 λόγον,
1026 4455 1150 4517 τοὺς
1184 4454 1628 4524 διαχλευάζοντας
1650 4471 1665 4489 ·
1701 4458 1792 4509 καὶ
1823 4457 1909 4509 δο-

347 4543 436 4593 κεῖ
459 4541 559 4609 μὲν
598 4544 837 4604 ἐκείνους
888 4541 952 4613 [Ῑ.
993 4543 1244 4616 ἐκείνοις]
1285 4544 1650 4613 διαλέγεσθαι,
1685 4547 1833 4620 ὀρθοῖ
1855 4548 1909 4601 δὲ

344 4632 508 4702 τούτη
541 4631 606 4704 [1⁸.
634 4632 905 4704 τούτους].

416 4724 490 4775 Τὸ
537 4725 595 4778 ἐν
643 4725 802 4796 τρίτῃ
831 4725 951 4795 ὥρᾳ
1001 4725 1170 4779 ταῦτα
1227 4729 1500 4794 γενέσθαι,
1555 4731 1651 4800 οὐχ
1703 4729 1908 4792 ἁπλῶς.

347 4811 482 4862 Τότε
517 4812 624 4880 7&9
645 4813 704 4864 τὸ
724 4813 976 4883 λαμπρὸν
1014 4813 1110 4864 τοῦ
1141 4815 1314 4882 φωτὸς
1349 4816 1646 4879 δείκνυται,
1674 4815 1761 4866 ὅτε
1786 4816 1911 4883 περὶ

349 4900 484 4970 ἔργα
511 4901 724 4970 ἔχουσιν
783 4904 834 4957 οί
882 4904 1179 4972 ἅνθρωποι,
1230 4905 1318 4956 ὅτε
1367 4906 1493 4974 περὶ
1539 4905 1783 4973 ἄριστον,
1821 4905 1908 4956 ὅτε

347 4988 575 5055 λαμπρά
602 4993 634 5058 ή
667 4993 867 5062 ἡμέρα,
899 4992 984 5044 ὅτε
1010 4994 1207 5055 πάντες
1241 4991 1328 5042 ἐπ’
1348 4993 1572 5059 ἀγορᾶς.

434 5078 492 5132 Ὀ
526 5079 618 5133 οὖν
654 5082 740 5134 διὰ
793 5081 886 5133 τοῦ
945 5085 1224 5152 προφήτου
1278 5081 1744 5151 ἐπαγγειλάμενος
1779 5081 1910 5143 Θεὸς

348 5168 586 5239 πέμψειν
612 5172 670 5223 τὸ
703 5172 924 5240 Πνεῦμα
980 5173 1144 5225 αὐτοῦ
1208 5173 1300 5225 ἐπὶ
1355 5175 1454 5240 τὴν
1494 5172 1905 5242 ἀνθρωπότητα,

346 5253 501 5324 οὗτος
540 5261 634 5312 καὶ
675 5262 884 5330 ἔπεμψε
907 5280 920 5293 ·
967 5264 1059 5315 καὶ
1095 5264 1123 5314 ό
1155 5263 1286 5325 Θεὸς
1328 5264 1433 5315 ἀπὸ
1474 5264 1679 5333 Πέτρου
1705 5280 1911 5331 καταγ-

345 5354 618 5420 γέλλεται,
653 5355 752 5425 τὴν
777 5356 912 5408 ίδῐαν
939 5356 1268 5425 ἐπαγγελίαν
1299 5358 1695 5428 πεπληρωκὼς.

417 5445 668 5513 Οὐδαμοῦ
697 5445 833 5508 τέως
851 5446 1019 5515 ὄνομα
1053 5449 1144 5500 τοῦ
1177 5449 1434 5518 Χριστοῦ,
1465 5449 1584 5500 οὐδὲ
1612 5449 1909 5516 ἐπαγγελία

347 5536 532 5601 αὐτοῦ,
565 5537 699 5590 ἀλλὰ
727 5538 819 5590 τοῦ
860 5537 1170 5606 ΙΙνεύματος
1209 5542 1241 5608 ἡ
1268 5540 1584 5608 ἐπαγγελία.
1619 5539 1763 5609 Ὅρα
1788 5542 1909 5592 σύν-

348 5643 463 5681 εσιν
484 5645 497 5658 ο
531 5630 605 5681 Οὐ
635 5628 900 5698 παρῆλθε,
957 5630 1050 5682 καὶ
1090 5625 1240 5680 εἶπεν
1265 5630 1462 5692 εὐθέως
1508 5631 1572 5682 τά
1603 5631 1744 5683 κατᾶ
1776 5633 1908 5698 Χρι-

668 5726 942 5785 Ριτιιοι..
985 5727 1101 5785 Gn.
1147 5725 1358 5785 CXXV

2011 4459 2218 4511 τεῖσθαί
2250 4477 2376 4513 ποτε
2397 4462 2493 4532 τὴν
2514 4462 2809 4515 ἐνωθεῖσαν
2835 4463 2911 4530 τῷ
2928 4465 3086 4533 Λόγῳ
3115 4465 3316 4533 σάρκα,
3345 4469 3573 4538 κάτοχον

2011 4550 2068 4602 δὲ
2104 4551 2292 4614 αὐταῖς
2325 4551 2449 4622 ᾅδου
2484 4553 2679 4616 πύλαις
2700 4553 2797 4624 τὴν
2825 4553 2974 4606 θείαν
3005 4555 3302 4622 γεύσασθαι
3420 4560 3572 4626 γενέ-

2013 4643 2160 4714 σθαι]
2191 4643 2407 4712 ψυχὴν(
2441 4664 2458 4693 ι
2491 4644 2601 4696 Οὐκ
2656 4645 3047 4715 ἐγκατελείφθη
3094 4648 3200 4718 γάρ
3233 4650 3312 4711 είς
3352 4649 3477 4720 ᾇδου
3499 4665 3513 4679 °
3546 4668 3564 4701 3

2012 4735 2154 4786 καθὰ
2213 4735 2308 4786 καὶ
2367 4735 2395 4786 ὁ
2446 4733 2731 4799 θεσπέσιος
2793 4737 2897 4807 ἔφη
2958 4739 3184 4807 Πέτρος,
3215 4740 3438 4807 ἀνεϐίω]
3462 4741 3571 4811 γάρ

2014 4823 2314 4887 σκυλεύσας
2359 4826 2451 4877 τὸν
2496 4825 2671 4894 ᾅδην),
2714 4826 2806 4879 καὶ
2868 4849 2884 4878 ι
2922 4831 3031 4891 τοῖς
3061 4831 3116 4880 ἐν
3137 4829 3351 4901 δεσμοῖς
3375 4835 3568 4896 εἰπεῖν,

2025 4913 2331 4981 Ἐξέλθετε”
2373 4921 2597 4979 καὶτοῖς
2633 4920 2688 4972 ἐν
2710 4917 2786 4986 τῷ
2815 4921 3014 4985 σκότει,
3058 4922 3514 4994 Ἀνακαλύφθητε.
3547 4945 3565 4975 3

2015 5005 2192 5073 Ἀπερ
2240 5008 2294 5057 αί
2325 5006 2496 5073 ψυχαϊ
2525 5007 2628 5058 τῶν
2651 5009 2870 5062 δικαίων
2917 5006 3054 5078 μετὰ
3106 5012 3198 5064 τοῦ
3239 5015 3487 5082 Σωτῆρος
3509 5016 3570 5066 ἐκ

2010 5096 2119 5148 τῶν
2134 5096 2284 5148 κάτω
2307 5096 2748 5166 χωρίωνέτριψαν
2777 5097 2841 5168 [Ῑ.
2872 5099 3134 5170 ἔπραξαν]
3169 5102 3565 5156 ἀναϐαίνουσαι.

2086 5187 2292 5240 Ἐκεῖνο
2324 5189 2587 5240 διδάσκων
2633 5189 2714 5240 ὅτι
2757 5190 2814 5240 τὸ
2844 5192 2941 5257 τῆς
2990 5193 3404 5261 ἀνθρωπότητος
3432 5193 3570 5258 ἔχων

2015 5279 2324 5347 πρόσωπον,
2361 5280 2432 5340 ὠς
2465 5280 2584 5332 καθ’
2631 5282 2779 5350 ἡμᾶς
2813 5282 3073 5349 γεγονὼς,
3102 5283 3226 5340 τοὺς
3270 5282 3402 5346 ἡμῖν
3436 5283 3570 5348 μᾶλ-

2014 5365 2128 5427 λον,
2158 5366 2252 5417 καὶ
2282 5367 2380 5417 οὐκ
2429 5368 2574 5436 αὐτῷ
2632 5370 2962 5437 πρέποντας,
2997 5368 3133 5420 καθὸ
3179 5369 3380 5420 νοεῖται
3416 5369 3567 5431 Θεὸς.

2011 5452 2193 5520 ἀνίησι
2245 5451 2454 5519 λόγους,
2524 5454 2596 5515 ὠς
2653 5457 2737 5522 ἐφ’
2769 5454 2964 5522 ἐαυτῷ,
3009 5454 3101 5506 καὶ
3151 5451 3363 5520 πρῶτον
3394 5455 3570 5507 καλῶν

2013 5542 2097 5609 ἐφ’
2135 5543 2302 5611 ἡμᾶς,
2363 5547 2457 5610 τὴν
2501 5544 2603 5595 τῶν
2635 5545 2992 5612 οὐρανίων...
3049 5543 3164 5609 ἐξιν
3219 5544 3455 5610 ἀγαθῶν.
3502 5547 3567 5596 '0

2013 5632 2119 5699 γὰρ
2179 5633 2356 5701 ἐαυτῷ
2399 5633 2634 5684 δεδόσθαι
2668 5633 2820 5698 φησὶ,
2850 5636 2914 5701 τῇ
2967 5633 3059 5685 τοῦ
3093 5633 3378 5704 ἀνθρώπου
3406 5635 3567 5705 φύσει

3189 5732 3266 5790 34
