4058 6210
486 209 624 277 1-067

1401 199 1971 263 THEOPHYLACTI
2004 200 2414 260 BULGARDE
2440 202 2794 263 ARCHIEP.

3572 201 3710 266 1068

479 321 792 395 προνόημα,
817 315 936 369 ἐπεὶ
989 315 1103 378 πῶς
1158 317 1253 385 τῆς
1302 313 1396 367 τοῦ
1437 313 1725 386 ἀνθρώπου
1777 313 2046 382 πτωχείας
2080 319 2120 372 Α
2152 316 2578 370 ἐπιδεικτιῶντα.
2611 335 2626 366 ι
2652 315 3061 392 Διεμαριύρατο
3087 313 3706 388 ίιλαίθῶιεμαρτύρετοῙ.

476 411 890 479 πεπλούτηκεν;
923 405 1093 458 ὀταν
1160 405 1333 474 μέλλῃ
1377 422 1429 456 τι
1468 404 1650 470 λέγειν
1675 403 1837 472 μέγα,
1867 402 2042 468 τούτῳ

474 495 837 572 κέχρηταιτῷ
865 492 1156 566 προοιμίῳ,
1173 493 1454 563 διεγείρων
1477 493 1670 556 αὐτοὺς
1695 495 1789 545 καὶ
1815 491 2043 545 οίκειού-

521 606 660 651 ενος.

476 606 722 746 “Sami;
773 675 806 744 ἡ
863 673 1332 742 ταπεινοφροσύνη
1387 671 1518 726 ἔνθα
1562 672 1712 726 οὐδὲν
1751 671 2042 736 ἔϐλαπτεν,

472 771 580 825 οὐδ’
631 768 697 822 ἂν
761 765 1113 836 ὠργίσθησαν
1135 779 1150 793 ·
1179 765 1240 817 οὐ
1265 764 1374 832 γὰρ
1403 758 1546 828 εἷπε,
1569 763 1770 828 Ταῦταῗ
1801 765 1863 816 οὐ
1915 765 2045 833 περὶ

471 862 566 916 τοῦ
599 857 762 913 Δαϐὶδ
797 857 1037 928 εἴρηκεν,
1065 855 1219 921 ἀλλά,
1255 875 1274 906 ι
1314 855 1545 925 περὶτοῦ
1574 855 1831 925 Χριστοῦ,
1853 853 1970 907 ἀλλ’
2017 871 2038 906 ι

475 952 680 1021 ἐτέρως
738 951 805 1019 τῇ
860 947 1025 1017 πολλῇ
1081 948 1213 1019 περὶ
1261 947 1352 999 τὸν
1414 946 1686 1015 μακάρων
1711 947 1844 1014 τιμῇ
1883 943 2046 997 Δαϐὶδ

473 1023 762 1111 ἐνέτρεψεν
786 1039 1004 1102 αὐτοὺς,
1039 1038 1114 1101 ὡς
1135 1037 1272 1108 πρὸς
1303 1036 1607 1106 τολμηροὺς
1640 1035 2008 1104 φθεγγόμενος
2029 1051 2041 1063 ·

476 1134 570 1186 καὶ
602 1132 700 1199 οὐχ
721 1128 930 1190 ἁπλῶς,
967 1131 1096 1196 περὶ
1125 1128 1218 1180 τοῦ
1245 1128 1433 1194 Δαϐὶδ,
1458 1129 1642 1196 φησὶν,
1673 1127 1828 1192 ἀλλὰ,
1856 1145 1872 1177 ι
1909 1144 1974 1179 πε
1993 1127 2046 1196 ρὶ

475 1222 570 1274 τοῦ
600 1219 963 1290 πατριάρχου,
991 1235 1012 1268 ο
1048 1218 1139 1270 καὶ
1160 1216 1344 1270 οὐκέτι
1375 1217 1542 1285 λέγει,
1573 1217 1795 1282 Καὶρύκ
1824 1215 2045 1286 ἀνέστη,

476 1313 591 1366 ἀλλ’
624 1310 848 1379 ἑτέρως,
873 1308 1051 1362 καίτοι
1077 1308 1198 1361 οὐδὲ
1232 1307 1390 1361 τοῦτο
1427 1324 1563 1377 με...
1599 1325 1693 1362 ν...
1735 1303 1824 1376 ἦν.
1861 1307 2046 1360 Ταῦτα

479 1403 655 1471 λέγει,
724 1402 813 1454 ἵνα
862 1399 969 1454 κάν
1007 1401 1106 1469 τὴν
1169 1399 1252 1462 είς
1327 1399 1534 1452 ἐκεῖνον
1576 1398 1742 1468 τιμὴν
1809 1397 2046 1462 δέξονται

483 1493 548 1565 Π.
575 1495 714 1562 τῇ...
748 1493 882 1562 τιμῇ
919 1487 1203 1560 δέξωνται]
1235 1488 1325 1540 τὸν
1369 1491 1499 1559 περὶ
1546 1488 1641 1558 τῆς
1696 1487 2044 1550 ἀναστάσεως

478 1581 658 1649 λόγον,
691 1581 765 1644 ὡς
795 1581 888 1633 καὶ
931 1580 1029 1648 τῆς
1059 1579 1399 1648 προφητείας
1447 1577 1844 1648 βλαπτομένης,
1877 1578 1939 1630 εί.
1966 1578 2042 1647 μὴ

477 1671 640 1725 τοῦτο
659 1671 768 1738 εῐη,
799 1671 894 1723 καὶ
927 1669 1026 1738 τῆς
1059 1669 1138 1727 είς
1163 1667 1324 1721 αὐτὸν
1345 1667 1536 1736 τιμῆς.

549 1763 722 1815 Τοῦτο
771 1761 930 1814 πάλιν
977 1759 1289 1829 θαυμαστὸν
1322 1759 1613 1827 δείκνυσιν,
1654 1760 1736 1814 ὃτι
1767 1760 1863 1829 οὐχ
1893 1761 2053 1830 ὁμοία

478 1853 592 1915 τοῖς
611 1850 788 1912 ἀλλοις
817 1846 885 1918 ἦν
919 1850 952 1919 ἡ
989 1849 1302 1915 ἀνάστασις,
1333 1851 1562 1920 κατέσχε
1592 1851 1692 1919 μὲν
1729 1852 1839 1920 γάρ
1867 1851 2048 1918 αὐτὸν,

483 1942 585 1994 οὐκ
633 1938 930 2010 εἰργάσατο
989 1937 1042 1990 δέ
1098 1937 1229 2011 [τις]
1269 1937 1328 1991 τὸ
1372 1938 1536 2005 αὐτοῦ
1593 1939 1715 1991 τότε
1742 1941 1770 1992 6
1803 1939 2049 2003 θάνατος.

484 2031 668 2083 Πάντα
692 2029 872 2082 τοίνυν
908 2027 1193 2097 ἀνατίθησι
1240 2026 1318 2097 τῷ
1352 2027 1547 2098 Πατρὶ,
1580 2028 1666 2081 ἵνα
1696 2027 1955 2092 δέξωνται
1985 2028 2053 2080 τά

483 2121 771 2189 λεγόμενα.
794 2119 962 2173 Πάλιν
993 2118 1085 2172 ἐπὶ
1137 2118 1229 2170 τὸν
1265 2119 1484 2188 Πατέρα
1535 2118 1890 2188 μεταφεύγει.
1925 2119 2054 2171 Καί-

480 2229 627 2280 τοιγε
658 2213 819 2281 ἤρκει
849 2213 1020 2263 εἰπεῖν
1075 2208 1364 2279 πρότερον,
1397 2209 1512 2261 ἀλλ’
1560 2207 1702 2262 οἶδεν
1728 2209 1853 2262 ὅσον
1892 2208 2052 2262 τοῦτό

483 2307 648 2358 ἐστιν.
699 2301 963 2358 Ἐνταῦθα
1018 2302 1271 2370 καὶπερὶ
1316 2300 1414 2372 τῆς
1455 2299 1778 2370 ἀναλήψεως
1809 2299 2046 2372 ᾐνίξατο,

483 2396 579 2450 καὶ
631 2395 714 2448 ὅτι
749 2395 805 2445 ἐν
836 2396 947 2457 τοῖς
979 2393 1226 2461 οὐρανοῖς
1262 2394 1412 2446 ἐστιν
1438 2407 1453 2422 °
1490 2391 1605 2445 ἀλλ’
1633 2391 1743 2446 οὐδ’
1773 2391 1907 2444 αὐτὸ
1950 2409 2052 2460 φα-

482 2485 654 2554 νερῶς
707 2484 877 2552 λέγει,
915 2501 933 2534 ι
983 2484 1218 2552 Ἐξέχεε.
1259 2501 1277 2533 ι
1314 2483 1423 2540 Καί
1456 2500 1642 2553 φησιν.
1692 2484 1792 2536 οὐκ
1832 2482 2048 2552 ἀξίωμα

481 2575 684 2646 ζητῶν,
717 2574 810 2628 καὶ
838 2575 937 2644 οὐχ
967 2574 1175 2642 ἁπλῶς,
1199 2574 1334 2628 ἀλλὰ
1360 2575 1500 2643 μετά
1533 2573 1834 2642 δαψιλείας.

548 2680 906 2754 Θαρῤούντως
935 2680 1073 2750 μετά
1097 2679 1200 2751 τὴν
1249 2679 1344 2733 τοῦ
1392 2679 1708 2748 Πνεύματος
1749 2677 1917 2740 δόσιν.
1951 2679 2048 2732 καὶ

483 2775 613 2844 περὶ
659 2774 758 2842 τῆς
807 2772 1156 2837 ἀναστάσεως
1200 2772 1526 2840 διαλέγεται,
1578 2771 1673 2826 καὶ
1713 2771 1811 2840 οὐχ
1835 2769 2046 2834 ἁπλῶς,

483 2865 620 2916 ἀλλὰ
666 2863 829 2918 πάλιν
885 2862 980 2919 τὸν
1037 2862 1291 2933 μάρτυρα
1344 2863 1609 2932 παράγων
1655 2861 1748 2914 καὶ
1808 2861 2046 2922 ἐκείνους

2149 405 2304 474 φησὶ,
2342 405 2435 457 καὶ
2469 407 2791 474 παρεκάλει.
2818 423 2838 457 ι

2219 497 2345 560 Πῶς
2396 496 2536 557 οῐεις
2573 497 2744 550 Τοῦτο
2788 497 2916 559 τούς
2973 496 3300 559 ἀποστόλους
3338 497 3707 562 ἀνεκτήσατο·

2152 588 2350 658 μᾶλλον
2388 587 2480 641 τοῦ
2525 587 2746 641 Ἡσαῑου
2785 586 3020 641 ἐνταῦθα
3075 587 3372 658 πληροῦται
3415 587 3450 657 ἡ
3500 603 3716 657 προφη-

2146 680 2267 733 τεία
2299 681 2332 748 ὴ
2365 680 2636 747 λέγουσαι
2691 699 2709 730 ι
2754 680 2850 739 Τίς
2908 681 3106 749 ἢκουσε
3157 680 3429 744 τοιοῦτον,
3482 681 3577 733 καὶ
3626 679 3714 744 τίς

2147 768 2430 838 ἐώρακενς
2457 770 2523 821 Εἰ
2553 768 2710 822 ῶδινε
2738 769 2810 837 γῆ
2848 770 2905 822 ἐν
2936 771 3034 839 μιᾷ
3073 769 3277 838 ἡμέρᾳ,
3307 770 3356 821 εί
3395 770 3488 822 καὶ
3517 769 3710 837 ἐτέχθη

2147 859 2297 922 ἔθνος
2344 860 2391 911 εί
2421 858 2487 930 [γ’.
2514 858 2614 929 είς]
2647 859 2810 922 ἅπαξ.
2844 861 2926 913 ὅτι
2957 859 3112 913 ῶδινε
3142 860 3236 912 καὶ
3270 859 3421 912 ἔτεκε
3463 862 3617 928 κοινῇ
3645 860 3710 911 τά

2147 951 2334 1006 παιδία
2367 951 2555 1018 αὐτῆς.
2590 950 2731 1017 Ἐγὼ
2771 949 2827 1002 δέ
2857 949 3032 1004 ἐδ..κα
3075 949 3172 1018 τὴν
3209 947 3532 1018 προσδοκίαν
3582 947 3714 1001 ταύ-

2150 1062 2269 1111 την.
2309 1041 2676 1111 Εὐφράνθητι,
2727 1039 3102 1110 Ἰερουσαλὴμ,
3142 1039 3236 1091 καὶ
3284 1038 3712 1108 πανηγυρίσατε,

2149 1137 2350 1195 πάντες
2388 1134 2439 1185 οἱ
2473 1132 2795 1198 ἀγαπῶντες
2837 1133 3025 1200 αὐτήν.
3068 1150 3088 1182 ι
3133 1131 3244 1185 Καὶ
3271 1129 3306 1184 ἃ
3347 1133 3375 1182 6
3426 1132 3714 1200 προφήτης

2149 1225 2408 1288 ἐδίδαξεν,
2437 1223 2678 1277 ἐνταῦθα
2712 1225 2928 1293 ἡπεῖρα
2958 1223 3228 1275 δείκνυσιν
3251 1221 3517 1290 ἐναργῶς.

2220 1315 2326 1367 Δύο
2353 1315 2570 1384 ἀρεταὶ,
2599 1315 2692 1366 καὶ
2723 1314 2786 1365 τὸ
2814 1313 3268 1382 προσκαρτερεῖν,
3295 1313 3387 1362 καὶ
3424 1311 3484 1362 τὸ
3511 1311 3714 1380 ὁμοθυ-

2153 1406 2340 1475 μαδὸν,
2371 1409 2438 1475 τῇ
2471 1405 2682 1475 διδαχῇ,
2715 1404 2871 1472 φησὶ.
2900 1403 3010 1454 τῶν
3047 1400 3376 1455 ἀποστόλων.
3413 1400 3579 1453 Πάλιν
3609 1399 3717 1468 γάρ

2151 1491 2346 1553 αὐτοὺς
2375 1491 2673 1553 ἐδίδασκον,
2704 1489 2800 1543 καὶ
2852 1491 2916 1558 τῇ
2965 1487 3238 1556 κοινωνίᾳ,
3291 1487 3382 1538 καὶ
3409 1488 3476 1556 τῇ
3527 1484 3718 1537 κλάσει

2150 1581 2242 1634 τοῦ
2268 1581 2456 1651 ἄρτου,
2487 1580 2581 1634 καὶ
2610 1582 2676 1649 τῇ
2711 1580 3009 1648 προσευχῇ.
3040 1578 3226 1631 Πάντα
3260 1577 3416 1630 κοινά
3445 1577 3540 1630 καὶ
3579 1578 3716 1646 μετά

2156 1670 2471 1741 καρτερίας.
2506 1670 2581 1722 Οὐ
2616 1670 2722 1736 γὰρ
2749 1667 2823 1732 ὡς
2870 1667 2978 1720 τῶν
3029 1667 3298 1736 τυχόντων
3331 1667 3715 1736 κατεφρόνουν,

2155 1763 2275 1817 οὐδέ
2327 1763 2441 1822 τοῖς
2484 1760 2786 1829 ὁρωμένοις
2839 1759 3164 1828 προσεῖχον,
3224 1756 3341 1809 ἀλλ’
3394 1756 3717 1826 ἐπεπύρωτο

2154 1852 2335 1908 αὐτῶν
2363 1853 2395 1922 ἠ
2423 1851 2650 1904 διάνοια.
2691 1849 2910 1916 Ἐπειδὴ
2941 1849 3050 1917 γάρ
3082 1849 3247 1911 πολὺς
3285 1844 3352 1918 ἦν
3383 1848 3522 1918 ῥέων
3559 1849 3587 1898 ό
3613 1847 3718 1900 Πέ-

2153 1963 2301 2016 τρος,
2333 1945 2424 1998 καὶ
2443 1944 2650 1996 ἐδείκνυ
2681 1943 2779 2004 τὰς
2810 1941 3141 2008 ἐπαγγελίας
3199 1941 3293 1994 καὶ
3320 1942 3388 1994 τά
3424 1940 3712 2009 μέλλοντα’

2155 2037 2382 2098 εἰκότως
2435 2034 2730 2102 ἐξέστησαν
2781 2032 2858 2102 τῷ
2911 2032 3083 2102 φόϐῳ,
3117 2032 3212 2084 καὶ
3255 2031 3555 2101 ἐμαρτύρει
3607 2031 3716 2090 τοῖς

2153 2124 2464 2192 λεγομένοις
2493 2122 2563 2175 τὰ
2601 2120 2890 2190 θαύματα’
2927 2119 3179 2188 καθάπερ
3202 2119 3295 2172 ἐπὶ
3325 2117 3420 2170 τοῦ
3480 2115 3718 2188 Χριστοῦ

2153 2213 2368 2284 πρῶτον
2402 2213 2621 2281 σημεῖα,
2644 2205 2762 2262 εἷτα
2787 2209 3126 2271 διδασκαλία,
3158 2205 3271 2262 εἶτα
3301 2208 3574 2276 θαύματα.

2227 2303 2340 2373 Τῆς
2393 2299 2746 2362 διδασκαλίας
2803 2298 3106 2368 ἀπήλαυον.
3158 2297 3361 2350 Σκόπει
3411 2298 3526 2358 πῶς
3566 2296 3719 2348 οἰδὲν

2153 2394 2340 2464 ἕτερον
2361 2392 2579 2445 ἐποίουν
2611 2391 2659 2443 οἱ
2699 2389 2959 2452 Ἰουδαῖοι,
2991 2389 3024 2459 ἢ
3059 2386 3135 2457 τῷ
3169 2386 3298 2457 ίερῷ
3330 2387 3716 2456 προσήδρευον,

2153 2485 2247 2538 an
2279 2482 2682 2552 σπουδαιότεροι
2728 2478 3108 2549 γεγενημένιι,
3140 2478 3240 2530 καὶ⁵
3271 2480 3400 2548 περὶ
3428 2477 3517 2529 τὸν
3550 2477 3715 2529 τόπον

2153 2578 2372 2632 πλείονα
2401 2576 2684 2630 εὐλάϐειαν
2715 2569 2878 2643 εἶχον.
2915 2574 2991 2624 Οὐ
3020 2572 3127 2643 γάρ
3160 2571 3422 2625 ἀπέσπων
3443 2567 3632 2629 αὐτοὺς
3665 2566 3718 2616 οἱ

2151 2669 2440 2724 ἀπόστολοι
2459 2669 2601 2722 ὥστε
2639 2667 2714 2736 μὴ
2743 2666 2965 2737 βλάψαι.
2993 2665 3137 2734 Ὅρα
3169 2663 3310 2716 πόσα
3337 2663 3518 2724 αὐτοῖς
3547 2673 3716 2728 προσ·

2155 2757 2447 2825 μαρτυρεῖ.

2219 2847 2322 2900 Τὸν
2350 2847 2514 2916 ἄρτον
2543 2861 2635 2915 μοι
2663 2845 2808 2897 δοκεῖ
2835 2842 3035 2910 λέγειν,
3067 2843 3161 2895 καὶ
3191 2841 3447 2910 νηστείαν
3477 2838 3718 2891 ἐνταῦθα

485 2956 942 3025 ἀναμιμνήσκων,
995 2932 1126 3022 περὶ
1166 2946 1228 3008 οὗ
1270 2952 1364 3007 καὶ
1386 2954 1415 3006 6
1443 2952 1677 3023 Χριστὸς
1712 2947 1887 3006 εἶπεν.
1915 2971 1934 3003 ι
1969 2950 2046 3006 Οὐ
2076 2965 2117 3020 c
2154 2939 2430 3009 σημαίνει.
2453 2939 2547 2991 καὶ
2579 2936 2813 3006 σκληρὸν
2857 2935 3218 3005 βίον⁶τροφῆς
3246 2933 3376 3004 γὰρ.
3409 2933 3468 2984 οὗ
3505 2932 3719 3001 τρυφῆς

483 3044 592 3112 γάρ
623 3043 786 3097 Δαϐὶδ
813 3043 983 3110 ἀνέϐη
1036 3045 1116 3104 είς
1169 3042 1454 3110 οὐρανούς.
1485 3062 1503 3096 ι
1546 3042 1810 3097 Ἐνταῦθα
1835 3043 1934 3094 οὐκ
1967 3041 2048 3095 ἐτι

487 3131 607 3200 μεθ’
652 3131 954 3200 ὑποστολῆς
985 3131 1164 3197 λέγων
1201 3131 1266 3202 [ί.
1296 3131 1470 3201 λέγει]
1517 3132 1656 3200 ἔχων
1687 3133 1747 3183 τὸ
1777 3131 1886 3184 ἀπὸ
1939 3129 2050 3182 τῶν

483 3219 788 3291 εἰρημένων
817 3219 1038 3288 θάρσος.
1095 3221 1172 3272 Οὐ
1201 3221 1375 3286 λέγει,
1413 3239 1431 3273 ι
1479 3220 1628 3283 Ἐξδν
1669 3222 1866 3282 εἰπεῖν,
1907 3238 1927 3271 ι
1959 3222 2050 3272 καὶ

483 3313 582 3366 δσα
616 3308 860 3374 τοιαῦτα,
899 3325 918 3358 ι
951 3306 1113 3374 Λέγει
1165 3307 1223 3364 δέ
1256 3307 1418 3371 αὑτός
1440 3323 1452 3336 ·
1494 3303 1660 3360 Εἶπεν
1704 3308 1734 3360 6
1765 3305 1989 3377 Κύριος,
2026 3324 2044 3358 ι

486 3403 578 3457 καὶ
605 3401 676 3454 τά
697 3401 845 3470 ἑξῆς.

564 3511 828 3566 Ἐνταῦθα
856 3511 912 3568 δὲ
959 3510 1122 3579 φόϐον
1149 3508 1418 3577 ἐπέστησε
1447 3509 1640 3578 μέγαν,
1691 3509 1941 3579 καθάπερ
1993 3512 2050 3561 ἐν

485 3603 648 3670 ἀρχῇ.
681 3599 874 3663 Καλῶς
912 3597 1146 3651 ἐνταῦθα
1185 3599 1361 3665 ἔληξε,
1404 3599 1656 3651 διασείων
1703 3599 1884 3652 αὐτῶν
1947 3599 2048 3667 τὴν

481 3691 740 3744 διάνοιαν.
799 3689 1013 3760 Ἐπειδὴ
1058 3689 1167 3759 γάρ
1221 3689 1422 3756 ἔδειξεν
1472 3691 1675 3760 ἡλίκως
1727 3691 1790 3762 [Ῑ.
1839 3689 2047 3762 ἡλίκος]

483 3783 624 3848 ἐστὶ,
675 3783 797 3835 τότε
849 3782 946 3837 καὶ
985 3779 1048 3833 τὸ
1072 3781 1330 3851 τόλμημα
1369 3781 1553 3834 λοιπὸν
1605 3781 1938 3848 ἐγύμνωσεν,
1975 3782 2050 3845 ὼς

484 3881 707 3952 μείζονα
733 3879 902 3944 δεῖξαι
925 3879 1020 3932 καὶ
1048 3879 1129 3948 τῷ
1159 3879 1309 3949 φόϐῳ
1347 3881 1542 3942 αὐτοὺς
1566 3879 1724 3932 ἑλεῖν.

552 3995 660 4056 Οὓς
714 3993 949 4056 πλάνους
999 3994 1247 4058 ἐκάλουν,
1299 3991 1561 4062 ἀδελφοὺς
1596 3990 1886 4045 καλοῦσιν·
1927 3988 2048 4059 οὐχὶ

477 4083 730 4136 τοσοῦτον
759 4082 984 4142 ἑαυτοὺς
1009 4080 1493 4150 παρεξετάζοντες,
1516 4082 1640 4133 ὅσον
1657 4081 1735 4144 είς
1765 4079 2047 4148 φιλοστορ-

480 4175 605 4241 γίαν
639 4172 1008 4240 ἐπισπώμενοι
1059 4174 1157 4224 καὶ
1193 4171 1538 4242 κηδεμονίαν.
1559 4169 1782 4223 Πάντων
1817 4169 1873 4222 δὲ
1913 4171 2050 4238 ἐρωο

2157 3028 2584 3100 μετελάμϐανον.
2630 3027 2788 3098 Ὁρᾷς
2820 3027 2901 3079 ὅτι
2932 3027 2980 3078 οί
3011 3026 3216 3097 Πέτρου
3246 3026 3394 3093 λόγοι
3413 3026 3505 3078 καὶ
3532 3025 3720 3078 τοῦτον

2155 3117 2297 3188 εἶχον
2342 3118 2434 3171 τοῦ
2465 3118 2582 3188 βίου
2629 3115 3043 3185 σωφρονισμόν;
3079 3117 3154 3168 Οὐ
3193 3117 3302 3186 γὰρ
3337 3116 3416 3168 ἔνι
3466 3115 3724 3183 γενέσθαι

2153 3207 2474 3274 ἀγαλλίασιν
2497 3207 2572 3276 μὴ
2615 3205 2872 3273 ἀφελείας
2910 3203 3098 3273 οὐσης.
3132 3206 3413 3274 Πανταχοῦ
3446 3206 3724 3273 φαίνονται

2153 3291 2298 3350 οὗτοι
2337 3294 2537 3365 πολλὴν
2569 3283 2783 3364 ἔχοντες
2827 3293 2926 3363 τὴν
2965 3294 3236 3363 ὁμόνοιαν.
3285 3295 3470 3364 Τούτῳ
3516 3295 3655 3347 νεύει
3690 3298 3723 3346 6

2154 3387 2358 3456 Πέτρος
2378 3401 2392 3417 ο
2434 3384 2570 3454 όμοῦ
2605 3385 2684 3448 είς
2707 3384 2798 3437 τὸν
2824 3385 2991 3454 τάφον
3013 3381 3202 3455 ἦλθον·
3239 3387 3366 3456 περὶ
3395 3384 3557 3439 αὐτοῦ
3576 3375 3721 3454 ’φησι

2153 3476 2230 3546 τῷ
2265 3474 2499 3546 Χριστῷ.
2551 3471 2716 3536 Οὗτος
2745 3475 2803 3527 δέ
2848 3474 2936 3538 τίς
2972 3475 3052 3528 Τά
3083 3475 3183 3545 μέν
3217 3473 3308 3529 οὖν
3338 3476 3472 3528 ἀλλα
3518 3477 3720 3544 σημεῖα⁵

2154 3567 2428 3636 παρεῖδεν,
2473 3565 2554 3617 έτι
2617 3563 2818 3633 βιϐλίον
2869 3565 3221 3634 συγγράφων.
3281 3565 3442 3630 Λέγει
3495 3568 3720 3634 σημεῖον

2154 3655 2246 3722 ἀφ’
2275 3650 2336 3708 οὗ
2365 3655 2543 3708 πάντα
2569 3654 2809 3721 ἐκίνησε.
2835 3653 3066 3704 Φυσικὸν
3087 3654 3146 3706 τὸ
3175 3653 3341 3716 πάθος
3363 3649 3449 3724 ἦν,
3475 3655 3721 3722 κρεῖττον

2156 3745 2401 3816 ίατρικῆς
2435 3744 2648 3813 τέχνης.
2702 3743 3120 3814 Τεσσαράκοντα
3150 3739 3216 3815 ἦν
3261 3744 3352 3813 ἐτη
3397 3741 3723 3813 πεποιηκὼς

2151 3837 2209 3887 ἐν
2239 3837 2303 3904 τῇ
2340 3833 2618 3904 Γαλιλαίᾳ.
2661 3834 2958 3903 Ἐπίσημος
2981 3834 3036 3886 δέ
3065 3829 3131 3903 ἦν
3161 3836 3188 3887 ὀ
3231 3835 3371 3905 ἀνὴρ
3395 3835 3502 3888 ἀπό
3531 3850 3584 3886 τε
3616 3831 3721 3887 τοῦ

2149 3924 2338 3986 τόπου,
2367 3924 2474 3978 ἀπό
2515 3939 2572 3975 τε
2616 3922 2708 3974 τοῦ
2760 3923 2985 3985 πάθους.
3026 3924 3164 3992 Ὅρα
3201 3925 3324 3986 τούς
3385 3923 3717 3987 ἀποστόλους

2149 4017 2208 4069 οὐ
2247 4017 2673 4087 προηγουμένως
2701 4014 2787 4066 ἐπ’
2825 4014 2962 4067 αὐτά
2992 4015 3316 4085 ἐρχομένους
3338 4031 3352 4044 °
3385 4015 3528 4068 οὓτω
3558 4015 3716 4084 φιλο-

2147 4104 2334 4175 τιμίας
2358 4099 2496 4174 ἦσαν
2522 4103 2772 4175 καθαροί.

2219 4195 2374 4250 Οὕτω
2401 4195 2496 4248 καὶ
2528 4197 2555 4248 6
2587 4195 2817 4263 Χριστὸς
2846 4196 3090 4266 ἐποίησε,
3117 4194 3374 4257 πολλάκις
3410 4195 3552 4262 λόγῳ
3590 4195 3714 4247 ἐθε-

476 4263 1028 4356 ἠθέῨῗωνξὸΠέτροῗ
1051 4260 1904 4356 ἀπέκρςνεταιῇΚ-αξμῆἶὲτερθξ
1935 4261 2042 4311 τῶν
2077 4282 2118 4337 D
2151 4284 2410 4356 ράπευσε,
2443 4260 2702 4345 πολλάκις
2735 4282 2904 4353 ἔργῳ,
2947 4260 3206 4345 πολλάκις
3268 4285 3361 4336 καὶ
3409 4260 3506 4353 τὴν
3528 4260 3534 4262 ⁷
3555 4287 3712 4354 χεῖρι

480 4354 714 4407 ἐνταῦθα
740 4352 1107 4423 δικαστηρίων
1128 4354 1156 4405 6
1191 4354 1354 4421 νόμος
1380 4394 1396 4419 ,
1426 4352 1518 4405 ἐπί
1543 4352 1598 4405 δὲ
1623 4351 1716 4404 τοῦ
1753 4349 2043 4421 κηρύγμα-

478 4465 568 4510 τος
591 4449 718 4499 ὂταν
745 4446 772 4499 6
798 4445 1135 4516 ἡμαρτηκὼς
1163 4445 1495 4514 ὁμολογήσῃ,
1521 4445 1640 4496 τότε
1657 4441 1909 4508 σώζεται.
1934 4440 2043 4492 Βα-

477 4536 689 4588 λανεῖον
734 4536 842 4603 γάρ
892 4539 1037 4587 ἐστιν
1091 4537 1124 4604 ἡ
1201 4534 1495 4604 Ἐκκλησία
1549 4534 1936 4605 πνευματικὸν,
1978 4531 2040 4583 οὐ

477 4627 648 4696 ῥύπον
685 4627 958 4695 σώματος,
990 4625 1124 4678 ἀλλά
1145 4625 1320 4694 ψυχῆς
1355 4627 1678 4698 ἀποσμῆχον
1709 4625 1902 4696 κηλίδα
1931 4627 2040 4686 τοῖς

477 4717 691 4778 πολλοῖς
714 4715 812 4782 τῆς
844 4715 1134 4782 μετανοίας
1168 4717 1409 4785 τρόποις.

559 4825 895 4889 Ἀξιόπιστος
921 4826 950 4876 6
972 4824 1128 4893 λόγος
1166 4825 1226 4891 ἐξ
1258 4819 1332 4880 ὧν
1365 4827 1528 4880 αὐτὸν
1573 4827 1784 4892 ἔλαϐον,
1815 4825 1950 4888 τέως
1984 4824 2038 4878 δὲ

475 4916 698 4970 εὔκολον
729 4917 825 4968 καὶ¹
853 4916 1054 4986 πολλὴν
1088 4915 1226 4987 ἔχων
1262 4917 1490 4988 δωρεάν,
1518 4918 1614 4970 καὶ
1659 4917 1779 4970 τότε
1819 4916 1912 4969 ἐπί
1948 4914 2038 4966 τὸν

477 5009 590 5078 βίον
634 5008 779 5075 ἄγει.
821 5006 1037 5078 Ἐπειδὴ
1063 5007 1120 5060 δέ
1171 5007 1340 5078 ἐπόθη
1388 5008 1416 5060 ό
1441 5007 1736 5077 ἀκροατὴς,
1774 5006 1825 5060 τί
1864 5002 1931 5075 ἦν
1978 5006 2039 5057 τὸ

473 5097 584 5150 τῶν
608 5097 869 5150 πλειόνων
893 5096 1065 5163 λόγων
1099 5096 1425 5165 κεφάλαιονς
1460 5095 1632 5149 Τοῦτό
1669 5098 1834 5160 ἐστιν,
1869 5096 1901 5165 ἠ
1933 5095 2038 5148 δω-

477 5186 594 5256 ρεὰ,
643 5186 798 5255 φησὶ,
860 5186 955 5238 τοῦ
1011 5186 1166 5252 ἁγίου
1220 5186 1554 5256 Πνεύματος.
1605 5188 1928 5250 Ἐπαινέσας
1968 5188 2036 5242 τά

473 5275 749 5344 λεχθέντα,
777 5274 955 5328 καίτοι
987 5274 1154 5342 φόϐου
1189 5275 1448 5343 γέμοντα,
1472 5276 1564 5327 καὶ
1602 5276 1740 5344 μετά
1773 5275 1868 5346 τὴν
1909 5293 2037 5344 συγ-

475 5366 790 5428 κατάθεσιν,
821 5366 941 5426 τότε
973 5367 1064 5422 ἐπὶ
1115 5365 1177 5419 τὸ
1223 5364 1504 5435 βάπτισμα
1557 5367 1772 5436 ἔρχεται
1824 5366 2032 5434 λέγων’

475 5453 659 5526 Πολλῷ
689 5455 890 5524 μᾶλλον
919 5457 1051 5525 ἡμῖν
1081 5455 1144 5528 [Γ.
1169 5453 1319 5525 ὑμῖν]
1351 5458 1462 5519 τοῖς
1491 5456 1674 5524 ἐγγύς.
1706 5458 1846 5529 Ὅρα
1875 5459 2035 5512 αὐτὸν

472 5545 746 5614 πανταχοῦ
777 5547 1134 5613 ἐπιτιμῶντα,
1177 5547 1268 5602 καὶ
1301 5547 1358 5599 οὐ
1395 5547 1769 5613 satiatum-6515'.
1785 5567 1864 5614 ον,
1914 5551 2032 5604 οὐδὲ

2146 4375 2520 4446 προσήγαγεν,
2559 4373 2691 4426 ὅπου
2722 4367 2864 4442 ἦσαν
2908 4375 3286 4444 ἀσθενέστεροι
3321 4375 3448 4442 περὶ
3477 4376 3572 4444 τὴν
3617 4375 3711 4425 πί-

2149 4485 2286 4531 στιν,
2322 4467 2411 4519 ῖνα
2456 4465 2532 4538 μὴ
2575 4465 2701 4538 δόξῃ
2738 4465 2844 4519 ἀπὸ
2872 4467 3214 4537 ταυτομάτου
3245 4468 3510 4538 γίνεσθαι.
3547 4485 3564 4518 ι
3598 4467 3709 4521 Καὶ

2146 4558 2345 4619 πιάσας
2383 4556 2480 4625 τῆς
2513 4555 2690 4620 δεξιᾶς
2739 4559 2920 4627 χειρδς
2969 4558 3175 4628 ἤγειρε.
3207 4576 3226 4608 ι
3270 4558 3441 4611 Τοῦτο
3485 4559 3706 4628 ἐποίησε

2143 4647 2318 4716 δηλῶν
2346 4648 2443 4716 τὴν
2466 4648 2760 4701 ἀνάστασιν
2785 4664 2796 4676 '
2831 4649 3178 4711 ἀναστάσεως
3213 4650 3280 4713 γὲ
3291 4666 3321 4718 ρ
3349 4652 3381 4715 η
3433 4649 3613 4702 εἰκών.

2225 4736 2387 4790 Ἀλλά
2422 4738 2517 4789 καὶ
2562 4736 2764 4806 ἂλμασι
2793 4738 2887 4789 καὶ
2922 4738 3236 4807 πηδήμασιν
3266 4737 3484 4806 ἐχρῆτο,
3514 4737 3708 4807 πειρά-

2143 4831 2252 4892 ζων
2285 4828 2414 4890 ἴσως
2448 4828 2639 4880 ἐαυτὸν
2674 4828 2749 4898 μὴ
2795 4829 2981 4893 ἁπλῶς
3012 4833 3127 4882 ἐστι
3162 4829 3221 4880 τὸ
3258 4830 3496 4897 γεγονός.
3547 4829 3703 4894 Τινὲς

2138 4919 2196 4972 δέ
2230 4936 2414 4987 φασιν,
2448 4921 2530 4972 ὅτι
2559 4921 2652 4972 καὶ
2681 4921 2863 4989 ἠγνόει
2891 4923 3232 4990 περιπατεῖν.

2215 5009 2421 5072 Ὄντως
2454 5009 2728 5079 θαύματος
2758 5011 2906 5076 ἄξιος
2927 5029 2938 5042 ·
2962 5013 3060 5064 οὐκ
3095 5013 3248 5066 αὐτοὶ
3277 5013 3440 5066 αὐτὸν
3470 5013 3710 5082 ἐπάγον,

2139 5117 2251 5165 ται,
2297 5099 2412 5153 ἀλλ’
2461 5101 2626 5163 αὐτὸς
2675 5101 2993 5168 ἀκολουθεῖ,
3025 5102 3112 5155 διὰ
3159 5103 3259 5172 τῆς
3291 5104 3708 5174 ἀκολουθήσεως

2138 5193 2265 5258 τοὺς
2300 5193 2592 5260 εὐεργέτας
2624 5193 2857 5256 δεικνύς.
2899 5212 2917 5244 ι
2938 5193 3047 5246 Καὶ
3079 5195 3394 5264 ἀλλόμενος,
3421 5197 3576 5264 φησὶ,
3605 5201 3705 5251 καὶ

2138 5284 2304 5334 αἰνῶν
2329 5282 2419 5334 τὸν
2445 5282 2598 5336 Θεόν.
2628 5301 2646 5332 ι
2687 5283 2798 5336 Οὐκ
2832 5284 3069 5347 ἐκείνους
3104 5285 3419 5354 θαυμάζων,
3449 5285 3582 5339 ἀλλά
3604 5292 3704 5340 τὸν

2137 5373 2289 5435 Θεὸν,
2336 5373 2424 5425 τὸν
2468 5374 2536 5425 δι’
2586 5374 2762 5428 αὐτῶν
2804 5376 3189 5445 ἐνεργήσαντα.
3239 5377 3571 5446 Εὐχάριστος
3631 5375 3702 5446 ἦν

2136 5466 2161 5514 6
2194 5465 2352 5532 ἀνὴρ.

2206 5554 2401 5614 Καλῶς
2450 5550 2622 5614 εἶπεν.
2660 5573 2678 5608 ι
2719 5556 3138 5614 Ἐπεγίνωσκον.
3179 5577 3198 5611 ι
3241 5559 3316 5616 ὡς
3352 5564 3442 5613 καὶ
3477 5561 3698 5613 ἀγνοου-
