4058 6210
475 224 606 287 1071

1369 213 1942 274 TI'IEOPHYLACTI
1974 212 2384 274 BULGARl/E
2423 209 2777 273 ARCHIEP.

3585 207 3715 273 1072

475 335 739 406 θριῶντες
785 331 852 386 τὰ
892 329 1168 398 πρότερα,
1231 325 1305 397 μὴ
1363 325 1504 396 ὑπὲρ
1567 325 1794 408 ἐκείνων
1844 325 2047 396 ἐγκλη-
2081 327 2126 386 Α
2230 327 2290 380 Εἰ
2331 328 2431 396 μὲν
2453 327 2685 397 ψευδῆά
2714 325 2968 396 λέγομεν,
3021 323 3313 377 induco-3'
3347 323 3393 376 εί
3424 323 3481 377 δὲ
3529 324 3714 396 ἀληθῆ,

474 425 633 480 θῶσι.

543 517 646 570 Διά
693 513 851 568 τοῦτο
905 510 1200 580 προέλεγεν
1257 508 1505 563 ἐπὶ-τῶν
1561 508 2049 578 πεντακισχιλίων·

483 627 501 659 ι
527 608 657 660 Δότε
703 605 886 665 αὐτοῖς
929 601 1088 670 ὑμεῖς
1133 601 1356 667 φαγεῖν·
1386 617 1404 649 ι
1437 600 1703 664 τουτέστι,
1742 599 2051 650 Πεντακισ-

477 701 679 772 χιλίους
738 695 994 766 κορέσετε
1046 692 1282 754 πίστεως
1354 693 1448 745 καὶ
1488 691 1648 761 ὑμεῖς
1689 689 1827 760 μετά
1853 689 2050 743 ταῦτα.

477 791 702 846 Οὐκέτι
742 787 854 858 γάρ
903 785 1042 853 μετά
1076 783 1183 836 τῶν
1213 783 1388 837 ἀλλων
1435 782 1622 836 κακῶν
1649 782 1718 834 τὰ
1757 780 1848 834 τοῦ
1886 779 2052 851 νόμου

475 881 825 951 ἐφυλάττετο.
858 877 969 928 Καὶ
997 873 1160 928 πάλιν
1198 873 1552 944 δικαστηρίου
1597 873 1782 943 σχῆμα
1811 871 1888 941 τῷ
1915 873 2055 940 πρά-

476 988 647 1042 γματι
675 968 1070 1038 περιτιθέασιν,
1105 966 1190 1018 ἵνα
1223 964 1512 1018 ὑπεύθυνοι
1545 967 1610 1034 τῇ
1654 963 1823 1033 ἀδίκῳ
1850 962 2054 1031 γένων-

475 1086 566 1123 ται
593 1067 796 1137 κρίσει.
830 1065 938 1118 Καὶ
971 1065 1078 1134 μὴν
1106 1062 1329 1132 ᾔδεσαν·
1366 1079 1384 1112 ι
1434 1059 1849 1129 διαπονούμενοι
1887 1078 1904 1110 ι
1945 1059 2051 1129 γὰρ

477 1158 743 1227 κατέσχον
767 1155 986 1216 αὐτούς.
1024 1155 1066 1205 Τ
1074 1153 1181 1215 ίνος
1217 1152 1309 1205 οῦν
1341 1153 1528 1204 ἕνεκεν
1556 1149 1841 1221 ἐρωτῶσι;
1873 1151 2048 1220 Προσ-

476 1249 740 1310 ὅοκῶντες
767 1246 968 1307 αὐτοὺς
1007 1244 1096 1298 διὰ
1144 1245 1205 1296 τὸ
1236 1243 1439 1312 πλῆθος
1479 1242 1741 1312 ἐξάρνους
1772 1241 2049 1309 γενέσθαι,

476 1342 573 1394 καὶ
612 1340 674 1392 τὸ
701 1338 790 1392 διὰ
841 1336 1034 1390 τούτου
1082 1337 1393 1404 νομίζοντες
1436 1333 1880 1404 κατωρθωκέναι.
1913 1332 2055 1402 Ὅρα

475 1430 608 1500 γοῦν
629 1430 684 1484 τί
721 1446 887 1500 φασιν
906 1447 921 1462 ·
976 1447 994 1478 ι
1033 1427 1122 1478 Ἐν
1172 1426 1308 1495 ποίῳ
1329 1425 1555 1495 ὀνόματι
1583 1424 1875 1493 ἐποιήσατε
1898 1423 2056 1476 τοῦτο

476 1526 668 1594 ὑμεῖς;
698 1542 718 1574 ι
746 1552 814 1562 -
845 1539 862 1572 ι
895 1517 1089 1581 Τοῦτο,
1126 1539 1143 1570 ι
1182 1521 1366 1582 ποῖ’.ν;
1402 1517 1545 1571 διατί
1583 1516 1658 1586 μὴ
1685 1515 1886 1583 λέγεις,
1920 1516 2056 1569 ἀλλὰ

475 1613 828 1678 συσκιάζεις⁶
895 1629 914 1662 ι
957 1609 1047 1664 Ἐν
1101 1610 1240 1678 ποίῳ
1293 1608 1516 1678 ὀνόματι
1560 1607 1855 1676 ἐποιήσατε
1901 1605 2056 1658 τοῦτο

476 1709 636 1777 ὑμεῖς
658 1722 673 1770 ;
700 1724 718 1757 ι

525 1799 690 1868 ,Ὅρα
735 1791 1052 1864 παρρησίαν
1113 1790 1304 1857 ἀνδρὸς
1359 1789 1454 1843 καὶ
1507 1787 1822 1857 φιλοσοφίαν
1857 1805 1870 1818 ·
1903 1787 2055 1841 οὐδὲν

477 1883 786 1956 ὑϐριστικὸν
806 1881 1120 1952 φθέγγεται,
1145 1877 1283 1932 ἀλλά
1304 1878 1441 1948 μετά
1470 1880 1634 1947 τιμῆς
1660 1878 1863 1946 σφόδρα
1875 1876 2056 1930 αὐτῶν

474 1974 777 2046 καθήψατο.
806 1974 918 2028 Καὶ
946 1971 1055 2024 ἀπὸ
1084 1969 1180 2023 τοῦ
1208 1968 1502 2040 προοιμίου
1531 1968 1701 2021 διεκω
1762 1966 1941 2038 [δώνι]
1965 1983 2056 2019 σεν

475 2066 674 2126 αὐτοὺς
716 2065 811 2116 καὶ
870 2060 950 2131 τῷ
1017 2059 1286 2129 πρότερον
1341 2058 1670 2129 ἀνέμνησεν,
1706 2058 1790 2111 ὃτι
1835 2057 1932 2110 καὶ
1965 2057 2055 2109 ἐπ’

477 2155 818 2227 εὐεργεσίαις
851 2151 1050 2213 αὐτοὺς
1102 2148 1383 2218 κρίνουσιν
1414 2164 1428 2179 ⁸
1464 2149 1666 2203 ὡσανεὶ
1718 2148 1909 2216 ἔλεγε·
1941 2147 2058 2202 Μά-

476 2249 636 2301 λιστα
686 2247 785 2316 μὲν
833 2242 1004 2314 ἐχρῆν
1065 2239 1467 2308 στεφανοῦσθαι
1521 2241 1713 2308 ἡμᾶς,
1792 2239 1887 2292 καὶ⁸
1963 2238 2058 2291 ἐπὶ

477 2340 688 2401 τούτοις
719 2337 794 2400 ὼς
830 2333 1124 2405 εὐεργέτας
1154 2329 1655 2401 ἀνακηρύττεσθαι.
1689 2349 1706 2380 ι
1750 2329 1972 2399 Ἐπειδὴ
2001 2329 2057 2382 δὲ

476 2435 570 2484 καὶ
599 2429 897 2498 κρινόμεθα
933 2423 1020 2478 ἐπ’
1062 2423 1356 2494 εὐεργεσίᾳ
1385 2421 1680 2489 ἀνθρώπου
1713 2420 2000 2484 ἀσθενοῦς,
2031 2439 2050 2470 ι

475 2523 598 2593 οὐχὶ
623 2521 856 2586 ἐνδόξου,
885 2519 919 2589 ἦ
946 2517 1223 2570 πλουσίου.
1258 2515 1466 2584 Πολλῆς
1496 2515 1635 2586 βαρύ
1664 2514 1849 2583 [τητος
1871 2511 2059 2584 γέμῙει

477 2619 512 2687 ή
545 2612 867 2682 ἐπαγγελία.
907 2613 971 2664 '0
1003 2609 1239 2678 μάλιστα
1269 2609 1462 2669 αὐτοὺς
1487 2607 1674 2661 ἐλύπει
1702 2625 1717 2638 ·
1759 2607 1920 2660 τοῦτο
1951 2606 2058 2676 γάρ

479 2713 627 2762 ἐστιν
659 2708 686 2760 ὃ
715 2706 900 2772 ἔλεγεν
939 2702 1169 2764 αὐτοῖςό
1198 2699 1469 2769 Χριστός·
1513 2718 1530 2750 ι
1565 2701 1633 2752 "0
1671 2699 1946 2768 ήκούσατε
1979 2699 2058 2760 είς

477 2801 538 2854 τὸ
561 2795 675 2863 οῦς,
718 2794 988 2867 κηρύξατε
1024 2793 1118 2846 ἐπί
1140 2791 1247 2844 τῶν
1277 2790 1563 2860 δωμάτων.
1598 2809 1615 2842 ι
1676 2791 1796 2844 Ὀτι
1818 2791 1874 2843 δὲ
1897 2792 1926 2844 ό
1957 2791 2060 2843 Ila-

478 2891 583 2961 τὴρ
614 2891 678 2943 ἐκ
702 2885 913 2958 νεκρῶν
959 2882 1258 2954 ἀναστῆσαι
1301 2881 1519 2950 λέγεται
1552 2879 1644 2935 τὸν
1670 2880 1876 2952 Κύριον
1901 2881 2060 2952 ἡμῶν

491 2980 697 3054 Ἰησοῦν
747 2979 1007 3048 Χριστὸν,
1061 2973 1458 3046 ἐνεργουμένω
1512 2973 1758 3043 δηλονότι
1795 2973 1923 3044 περὶ
1959 2971 2058 3042 τήν
2085 3009 2131 3070 C

490 3073 670 3144 σάρκα
735 3072 902 3125 αὐτοῦ
963 3067 1058 3122 τοῦ
1115 3068 1439 3137 πράγματος
1481 3106 1494 3129 ,
1573 3065 1674 3118 οὐκ
1737 3065 1803 3118 ἂν
1851 3064 2060 3118 ἐνδοιά-

480 3163 593 3218 σειέ
633 3178 719 3224 τις
743 3175 758 3191 ⁶
792 3159 954 3220 αὐτός
984 3177 1043 3211 τε
1074 3158 1332 3227 ὑπάρχων
1372 3156 1406 3224 ή
1457 3153 1724 3217 ζωοποιός
1757 3171 1818 3206 τε
1853 3154 1946 3206 καὶ
1969 3156 2058 3206 ἐν-

479 3254 648 3327 εργὴς
666 3251 758 3304 τοῦ
785 3248 993 3318 Πατρὸς
1013 3247 1266 3315 δύναμις,
1293 3245 1384 3296 τὸν
1415 3245 1547 3296 ἴδιον
1575 3243 1859 3307 ἐζωοποίει
1908 3245 2057 3308 ναὸν,

482 3345 623 3400 κατὰ
642 3342 723 3407 τὸ,
757 3360 774 3392 ι
805 3338 1020 3393 Λύσατε
1068 3335 1162 3388 τὸν
1216 3333 1344 3388 ναὸν
1398 3333 1610 3396 τοῦτον,
1661 3335 1755 3387 καὶ
1793 3335 1850 3388 ἐν
1884 3335 2062 3403 τρισὶν

479 3436 715 3505 ἡμέραις
736 3429 913 3499 ἐγερῶ
941 3425 1124 3481 αὐτόν.
1151 3441 1172 3476 -ι
1203 3419 1308 3477 Ἦν
1337 3423 1431 3477 οὖν
1457 3421 1565 3495 ἄρα
1593 3423 1655 3476 τὸ
1689 3424 2061 3494 ζωοποιούμε-

485 3546 575 3583 νον
607 3526 706 3579 οὐκ
759 3522 1060 3591 ἀλλότριον,
1101 3517 1224 3572 οὐτε
1275 3517 1383 3588 μὴν
1441 3518 1559 3580 ἐνὸς
1603 3516 1712 3570 τῶν
1765 3517 1886 3571 καθ’
1914 3519 2062 3588 ἡμᾶς

480 3616 784 3688 ἀνθρώπων
849 3612 1008 3681 σῶμα
1035 3650 1052 3674 ,
1127 3609 1243 3663 ἀλλ’
1304 3608 1436 3662 ίδιον
1479 3607 1643 3662 αὐτοῦ
1699 3607 1795 3662 τοῦ
1859 3610 2059 3679 Λόγου.

493 3711 826 3778 Ἀνέμνησεν
865 3702 1062 3764 αὐτοὺς
1127 3701 1221 3755 καὶ⁹
1275 3700 1520 3770 ῥήματος
1568 3699 1755 3753 ίκανοῦ
1801 3701 2055 3773 φοϐῆσαι.

487 3803 638 3858 ιΚαὶ
667 3801 694 3851 ὁ
726 3795 906 3851 πεσὼν
963 3793 1092 3865 γὰρ,
1155 3792 1311 3861 φησὶ,
1373 3792 1506 3862 περ)¹
1555 3793 1648 3846 τὸν
1693 3789 1840 3844 λίθον
1870 3793 2059 3846 τοῦτον

481 3888 980 3960 συνθλασθήσεται·
1037 3884 1123 3953 ἐφ’
1173 3882 1232 3935 ὃν
1268 3881 1316 3936 δ’
1350 3881 1417 3934 ἂν
1449 3879 1615 3952 πέσῃ.
1660 3880 1921 3952 λικμήσει
1959 3884 2058 3936 αὑ-

479 3987 600 4039 τόν.
624 4001 646 4034 ,
682 3979 982 4038 τουτέστιν,
1013 3976 1094 4026 ὅτι
1147 3971 1354 4042 σφόδρα
1401 3969 1625 4037 δόκιμός
1657 3972 1797 4024 ἐστι.
1831 3973 1941 4024 Καὶ
1969 3973 2055 4025 ὅτε

483 4077 582 4146 μὲν
616 4075 834 4138 διδάξαι
881 4068 1070 4139 ἐχρῆν,
1104 4066 1206 4134 ὅρα
1261 4061 1378 4124 πῶς
1429 4061 1647 4128 λέγουσι
1682 4064 2020 4134 προφητείας
2042 4082 2056 4097 .

478 4171 566 4222 ὅτε
601 4168 658 4220 δὲ
680 4157 1192 4235 παρρησιάσασθαι,
1233 4154 1393 4226 μόνον
1421 4154 1840 4223 ἀποφαίνονται·
1882 4175 1900 4208 ι
1924 4158 2058 4210 Οὐδὲ

479 4261 587 4329 γὰρ
629 4256 802 4326 ὄνομα
867 4251 1054 4320 ἕτερόν
1128 4249 1281 4307 ἐστι,
1330 4263 1347 4295 ι
1398 4244 1550 4314 φησι.
1604 4246 1713 4299 Καὶ
1759 4248 1860 4300 οὐκ
1905 4245 2058 4301 εἶπεν

2152 420 2204 472 τί
2247 420 2512 485 κωλύεις;
2543 418 2800 473 Τοιοῦτον
2830 420 2862 484 ἡ
2905 416 3215 485 φιλοσοφία·
3273 417 3471 469 ἐκεῖνοι
3500 417 3558 470 ἐν
3590 421 3716 474 ἀπιο

2155 513 2268 584 ρία.
2327 505 2474 567 οὗτοι
2499 515 2556 565 ἐν
2589 510 2921 582 εὐφροσύνῃ.
2991 509 3349 576 Ἐπεστόμισε
3378 510 3486 578 γὶρ
3527 509 3717 576 αὐτοὺς

2153 605 2220 656 τά
2255 607 2476 675 σημεῖα,
2531 603 2652 656 οὐδέ
2705 603 2988 670 ἐνέγχοντο
3035 600 3098 672 [Γ.
3133 597 3448 668 ἠνέσχοντο]
3512 599 3718 654 τελέσαι

2154 696 2352 758 αὐτοὺς
2403 695 2494 747 τὸν
2551 695 2729 761 λόγον,
2765 693 2901 747 ἀλλά
2936 691 3138 760 μεταξύ
3164 690 3443 756 λέγοντας,
3473 689 3718 758 διέκοψαν

2158 787 2359 858 σφόδρα
2396 786 2747 858 ὑϐριστικῶς.
2809 785 2950 838 Ἀλλ’
3001 783 3200 853 ἴδωμεν
3254 781 3460 836 ἀνωθεν
3481 782 3547 834 τὰ
3580 782 3720 852 εἰρη-

2159 882 2313 950 μένα.
2352 880 2425 934 Τὸ
2465 881 2562 950 μὲν
2604 877 2713 933 οὖν·
2748 879 2964 947 πρῶτον
3034 877 3120 930 διὰ
3176 876 3333 941 δόξαν
3380 873 3716 944 ἀνθρωπίνην

2156 972 2372 1025 ἐποίουν
2397 987 2412 1003 ·
2445 973 2564 1024 νυνὶ
2599 971 2656 1025 δὲ
2718 971 2812 1024 καὶ
2858 971 3044 1041 ἕτερον
3076 968 3380 1038 πρόκειται,
3417 965 3445 1018 ὅ
3480 967 3552 1035 μή
3582 964 3720 1028 δόξαι

2162 1065 2483 1134 μιαιφόνους
2514 1063 2718 1117 λαλεῖν·
2747 1064 2775 1116 ὃ
2813 1063 2952 1132 μετά
3008 1061 3180 1114 ταῦτα
3223 1059 3410 1127 ἔλεγον
3434 1074 3446 1087 ·
3486 1077 3504 1108 ι
3533 1056 3718 1109 Βούλε-

2160 1156 2252 1209 σθε
2279 1158 2366 1226 ἐφ’
2391 1157 2538 1227 ἡμᾶς
2567 1157 2888 1224 ⁸ἐπαγαγεῖν
2905 1154 2964 1206 τὸ
2985 1151 3127 1225 αἷμα
3157 1151 3252 1205 τοῦ
3277 1149 3568 1222 ἀνθρώπου
3599 1148 3717 1201 τούς

2157 1265 2284 1313 τους
2314 1269 2331 1302 ι

2228 1343 2364 1412 Οὐχὶ
2390 1341 2701 1412 φιλοτιμίας
2731 1340 2890 1410 χάριν
2921 1337 3258 1408 διηγοῦνται,
3295 1335 3430 1388 ἀλλά
3485 1336 3580 1390 καὶ
3636 1338 3724 1406 τῆς

2156 1435 2249 1488 τοῦ
2279 1433 2415 1488 Θεοῦ
2443 1434 2667 1503 χάριτος
2699 1431 2770 1484 τά
2808 1430 3086 1500 τεκμήρια
3113 1427 3554 1498 ἐπεδείκνυμιτο.
3593 1429 3724 1483 Ὅσα

2156 1526 2264 1596 γὰρ
2287 1527 2484 1579 ἐκεῖνοι
2515 1520 2688 1587 εἷπον,
2721 1523 2898 1576 ταῦτα
2950 1521 3283 1588 διηγήσαντο
3302 1535 3314 1550 ·
3343 1520 3411 1572 τὰ
3436 1520 3492 1572 δὲ
3551 1521 3724 1574 αὐτῶν

2158 1619 2305 1681 εἰκὸς
2355 1617 2450 1670 καὶ
2505 1614 2820 1686 παρελθεῖν.
2887 1609 3155 1676 (Ἦλθον,
3221 1613 3374 1682 φησὶ,
3423 1613 3560 1680 πρὸς
3610 1614 3724 1673 τοὺς

2087 1682 2127 1736 Β
2162 1711 2345 1768 ἰδίους.
2373 1729 2392 1762 ›
2423 1710 2566 1776 Ὄρα
2587 1707 2782 1770 αὐτοὺς
2805 1707 2906 1759 οὐκ
2925 1705 3346 1776 ἐπιῤῥίπτοντας
3368 1705 3592 1766 ἐαυτούς
3624 1706 3724 1767 τοῖς

2158 1803 2505 1874 πειρασμοῖς,
2542 1798 2680 1853 ἀλλά
2724 1798 2851 1862 τούς
2905 1795 3282 1865 ἐπαγομένους
3332 1797 3590 1862 γενναίως
3639 1797 3723 1864 φέ-

2159 1909 2370 1963 ροντας.
2405 1891 2566 1960 Ὅρα,
2591 1889 2709 1952 πῶς
2736 1890 2872 1942 είσιν
2904 1887 3286 1958 ήκριϐωμέναι
3351 1886 3530 1939 αὐτῶν
3563 1888 3617 1940 αἱ
3643 1886 3725 1938 εὑ-

2157 1982 2284 2051 χαί·
2321 1983 2410 2034 ὅτε
2467 1981 2560 2034 τὸν
2617 1979 2768 2044 ἀξιον
2822 1978 2904 2040 είς
2961 1977 3270 2048 ἀποστολὴν
3328 1977 3514 2038 αὐτοῖς
3543 1976 3721 2044 ἧξίουν

2159 2070 2562 2139 ἀναδειχθῆναι,
2624 2070 2816 2137 ’ἔλεγον
2864 2067 3043 2121 οὑτω·
3083 2085 3101 2118 ι
3127 2067 3226 2128 ΣΞ),
3279 2065 3472 2136 Κύριε,
3517 2064 3728 2138 καρδιοι

2156 2160 2377 2230 γνῶστα
2398 2177 2411 2192 ⁸
2441 2180 2461 2212 ι
2514 2160 2765 2228 γνώσεως
2803 2160 2909 2227 γὰρ
2938 2153 3006 2228 ἦν
3039 2160 3156 2211 ἐκεῖ
3183 2157 3375 2229 χρείας
3421 2155 3653 2210 ἐνταῦθα
3677 2154 3728 2207 δὲ

2159 2251 2596 2321 ἐπιστομηθῆναι
2625 2250 2690 2322 [ί.
2725 2251 2846 2303 ἐπεὶ
2904 2246 3378 2318 ὲπιστομισθῆναιί
3410 2248 3535 2309 τοὺς
3578 2249 3728 2299 ἐναν-

2158 2339 2306 2401 τίους
2361 2339 2551 2408 ἐχρῆν,
2580 2338 2711 2407 περὶ
2756 2336 3071 2399 δεσποτείας
3106 2335 3482 2406 διαλέγονται·
3531 2335 3613 2389 διὸ
3645 2335 3732 2388 καὶ.

2158 2428 2331 2492 οὑτως
2355 2429 2611 2500 ἤρξαντο.

2231 2520 2500 2591 Καθάπερ
2559 2520 2834 2590 συνθήκας
2885 2517 3250 2582 ἀπαιτοῦντες
3311 2520 3404 2572 τὸν
3456 2518 3728 2587 Θεὸν,τὴν

2160 2612 2499 2682 προφητείαν
2557 2612 2643 2675 είς
2692 2613 2858 2680 μέσον
2902 2609 3152 2678 ἄγουσιν,
3190 2611 3308 2680 ἅμα
3355 2611 3450 2665 καὶ
3501 2611 3732 2670 ἐαυτούς

2161 2704 2673 2775 παραμυθούμενοι,
2739 2705 2822 2756 ὅτι
2893 2702 3018 2774 είκῆ
3087 2705 3264 2756 πάντα
3327 2701 3629 2772 μελετῶσιν
3683 2702 3731 2754 οί

2161 2797 2364 2868 ἐχθροί.
2415 2796 2629 2850 Ἐκεῖνα
2667 2795 2747 2858 είς
2803 2795 2975 2867 πέρας
3039 2796 3236 2863 ἄγαγε,
3285 2796 3366 2848 ὅτι
3400 2794 3733 2864 ἐμελέτησαν

2160 2890 2308 2944 κενά.
2347 2885 2780 2960 [ΚΥΡΙΛΛΟΥ.]
2809 2887 2900 2950 Et;
2930 2887 3204 2956 σύμϐασιν
3230 2888 3325 2940 καὶ
3341 2885 3523 2956 φιλίαν
3542 2886 3734 2953 ήκασιν

2176 2979 2421 3052 Ἡρώδης
2445 2995 2504 3032 τε
2541 2978 2636 3031 καλ⁴
2687 2978 2910 3040 Πόντιος
2966 2978 3217 3041 Πιλᾶτος,
3276 2980 3374 3049 οὐχ
3411 2978 3499 3032 ἵνα
3542 2994 3594 3030 τι
3628 2977 3730 3030 τῶν

2164 3072 2477 3140 ἀναγκαίων
2524 3073 2604 3134 εἰς
2654 3069 2832 3139 πέρας
2877 3069 3108 3138 ἄγωσιν,
3141 3069 3257 3124 ἀλλ’
3283 3069 3371 3122 ἵνα
3398 3069 3734 3140 ἐμπαροινήο

2166 3182 2358 3226 σαντες
2403 3163 2481 3231 τῷ
2516 3163 2741 3232 Χριστῷ
2791 3161 2888 3214 τοῦ
2945 3162 3174 3231 Κυρίου,
3209 3163 3451 3216 τουτέστι
3478 3162 3571 3215 τοῦ
3603 3163 3734 3216 Θεού

2164 3251 2260 3304 καὶ
2293 3251 2526 3320 Πατρδς,
2563 3251 2724 3303 κακοὶ
2784 3249 2972 3312 κακῶς
3031 3251 3334 3314 ἀπόλοιντο,
3365 3253 3458 3304 καὶ
3489 3251 3590 3320 τῆς
3633 3253 3737 3305 Κυ-

2167 3339 2470 3410 ριοκτονίας
2495 3339 2872 3409 ἀπαιτηθῶσιν
2917 3341 3154 3404 ἐνδίκοις.

2246 3432 2310 3484 Ἢ
2342 3431 2450 3502 γὰρ
2473 3432 2549 3494 είς
2575 3431 2668 3484 τὸν
2715 3431 2951 3502 Χριστὸν
2983 3433 3247 3503 ἐπιϐουλὴ
3297 3435 3376 3496 είς
3408 3434 3571 3487 αὐτὸν
3614 3435 3738 3488 ava-

2161 3523 2344 3594 τρέχει
2367 3523 2458 3578 τὸν
2495 3524 2730 3595 Πατέρα.
2761 3525 2822 3578 Ei
2853 3524 2962 3596 γὰρ
2987 3526 3014 3578 ό
3051 3525 3239 3597 Πατὴρ
3268 3528 3332 3578 ἐν
3363 3525 3440 3594 τῷ
3480 3526 3614 3595 Υἱῷ,
3649 3526 3738 3579 καὶ

2163 3617 2191 3668 ὀ
2221 3615 2347 3678 Υίὸς
2373 3619 2432 3670 ἐν
2486 3616 2562 3686 τῷ
2604 3617 2801 3688 Πατρὶ,
2839 3617 2956 3680 πῶς
2987 3619 3046 3670 οὐ
3079 3619 3181 3687 μία
3233 3635 3318 3682 τις
3351 3619 3490 3688 ήείς
3538 3620 3738 3681 αὐτοὺς

2165 3705 2322 3776 ὑϐρις
2372 3707 2635 3774 ἐγένετος
2692 3707 2850 3762 Οὐτω
2919 3708 3264 3778 μανθάνομεν
3334 3709 3588 3779 εὐχεσθαι
3649 3711 3742 3762 καὶ

2162 3802 2345 3870 ἡμεῖς.
2402 3800 2597 3853 Καίτοι
2650 3817 2756 3867 γε,
2823 3801 2941 3864 πῶς
2993 3801 3096 3854 οὐκ
3148 3801 3215 3855 ἀν
3259 3819 3342 3863 τις
3399 3801 3741 3871 ἐμπλησθείη

2162 3890 2531 3962 Θεανθρώπου
2561 3894 2638 3955 είς
2669 3892 2870 3963 ἄνδρας
2897 3893 3176 3960 ἐμπεσὼν,
3203 3892 3414 3947 ἀνελεῖν
3434 3894 3594 3947 αὐτὸν
3624 3895 3746 3947 ὲπι-

2164 3983 2490 4054 χειροῦντας
2522 3985 2617 4037 καί
2644 3985 3004 4049 ἀπειλοῦντας
3062 3985 3330 4049 τοιαῦτα;
3404 3987 3581 4056 πόσης
3645 3988 3745 4039 οὐκ

2165 4075 2234 4128 ἂν
2267 4074 2565 4146 ἀπεχθείας
2626 4075 2977 4147 πληρωθείη;
3032 4077 3172 4129 Ἀλλ’
3227 4077 3346 4148 οὐχὶ
3371 4078 3420 4131 οἱ
3453 4078 3598 4146 ἀγιοι
3633 4096 3745 4131 τοι·

2161 4166 2326 4222 οῦτοι.

2233 4260 2340 4313 Τοῦ
2363 4260 2701 4330 ἀκουσθῆναι
2719 4260 2938 4325 αὐτοὺς,
2960 4264 3054 4314 καὶ
3078 4263 3177 4331 τῆς
3203 4263 3565 4332 ἐπισκέψεως,
3582 4263 3747 4316 τοῦτο

480 4349 689 4413 ἁπλῶς,
768 4344 973 4408 διόλου,
1027 4338 1166 4401 ἀλλ’.
1230 4337 1344 4390 Οὐκ
1378 4334 1527 4390 ἔστιν
1555 4337 1611 4389 έν
1644 4336 1820 4390 οὐδενὶ
1845 4338 1988 4408 ἄλλῳ
2023 4342 2055 4408 ή
2089 4338 2138 4398 1)
2164 4353 2463 4422 τεκμήριον
2495 4353 2711 4421 γέγονε.
2762 4353 2910 4404 Διατί
2936 4353 2991 4406 δὲ
3023 4353 3196 4415 οὕτως
3235 4357 3480 4423 ἐγίνετο;
3538 4357 3749 4408 Ἀκουε

481 4440 746 4511 σωτηρία.

552 4529 710 4589 Οὗτοι
739 4531 846 4601 γάρ
876 4528 1028 4600 μόνοι
1055 4523 1194 4598 ἦσαν
1227 4525 1372 4591 τότε,
1404 4524 1552 4594 ἐώρα
1573 4541 1632 4577 τε
1652 4525 1848 4589 αὐτοὺς
1875 4544 2061 4581 ταπει-

480 4628 624 4687 νοὺς,
659 4618 1145 4688 συνεσταλμένους.
1179 4617 1290 4670 Καὶ
1322 4613 1481 4668 τοῦτο
1522 4613 1758 4684 μάλιστα
1793 4616 2054 4683 ἐξένιζεν,

479 4718 515 4785 ή
552 4712 720 4782 πολλὴ
775 4709 1071 4780 μεταϐολή.
1133 4707 1243 4762 Καὶ
1307 4707 1414 4778 γάρ
1448 4708 1648 4760 ἐκεῖνοι
1681 4704 1820 4778 ἦσαν
1850 4710 1900 4762 οἱ
1932 4711 2058 4780 περὶ

486 4810 705 4862 "Aw-av.
764 4801 940 4871 Πολλὴ
976 4803 1010 4872 ή
1038 4800 1130 4855 τοῦ
1195 4799 1483 4870 ἀνθρώπου
1543 4800 1846 4872 παρρησία,
1873 4801 1968 4854 καὶ
1999 4804 2057 4853 ἐν

450 4879 630 4970 ἀὐτῷ
669 4896 744 4969 τῷ
770 4893 1108 4965 δικαστηρίῳ
1143 4894 1218 4965 μὴ
1259 4896 1783 4962 ἐγκαταλελοιπότος
1832 4894 2054 4957 αὐτούς.

480 4996 542 5050 Εί
567 4993 678 5063 γάρ
707 4985 880 5053 εἷπον,
911 4989 992 5042 ὅτι
1037 4988 1134 5058 οὐχ
1178 4987 1350 5051 οὑτως
1389 4988 1523 5058 ἔχει,
1584 4990 1791 5050 ἐκεῖνος
1817 4987 1882 5040 ἂν
1920 5004 2055 5038 κατ-

479 5088 752 5159 ηγόρησεν
804 5082 1004 5137 αὐτῶν.
1050 5082 1213 5149 Ὅρα,
1244 5081 1301 5132 ἐν
1331 5080 1537 5149 ἀπορίᾳ
1561 5078 1746 5143 ὄντας,
1767 5078 1860 5130 καὶ
1891 5078 2056 5134 πάλιν

477 5184 569 5236 τὸν
603 5179 945 5250 ἀνθρώπινον
999 5173 1164 5241 φόϐον
1215 5173 1390 5235 πάντα
1429 5170 1815 5242 ἐργαζόμενον.
1845 5170 2055 5239 Ὠσπερ

479 5276 572 5329 ἐπὶ
599 5273 693 5326 τοῦ
727 5266 987 5341 Χριστοῦ,
1012 5264 1339 5334 ἀνατρέψαι,
1373 5265 1529 5332 φησὶ,
1559 5263 1620 5315 τὸ
1641 5263 1929 5332 γινόμενον
1955 5265 2054 5315 οὐκ

477 5363 677 5421 ἐνικαὶ
706 5359 1021 5421 συσκιάσαι,
1073 5354 1209 5408 ἀλλά
1260 5353 1578 5406 κωλυόντων
1611 5351 1811 5417 αὐτῶν,
1853 5353 2054 5422 μᾶλλον

478 5453 726 5509 ἐπεδίδου
761 5451 828 5506 τά
861 5450 961 5519 τῆς
1018 5447 1285 5508 πίστεως·
1317 5443 1460 5497 οῦτω
1515 5442 1610 5496 καὶ
1673 5442 1769 5496 νῦν
1819 5445 2049 5513 γίνεται.

479 5547 624 5616 Ὅρα
671 5544 766 5597 καὶ
808 5540 1012 5594 τούτων
1049 5537 1147 5604 τὴν
1191 5534 1594 5608 ἀναισχυντίαν,
1629 5535 1722 5587 καὶ
1774 5534 1882 5588 τῶν
1919 5537 2054 5590 ἀπο-

480 5634 682 5697 στόλων
707 5633 807 5704 τὴν
835 5629 1177 5701 φιλοσοφίαν.

2162 4444 2256 4495 τοῦ
2313 4445 2636 4512 προφήτου·
2675 4463 2692 4494 ι
2736 4444 2794 4497 Ὀ
2823 4445 3136 4500 ἐπιϐλέπων
3189 4447 3280 4500 ἐπὶ
3312 4447 3408 4518 τὴν
3461 4447 3587 4518 γῆν,
3654 4447 3749 4500 καὶ

2164 4534 2335 4590 ποιῶν
2362 4534 2531 4604 αὐτὴν
2557 4536 2788 4604 τρέμειν
2809 4551 2823 4566 ·
2847 4554 2864 4585 ι
2957 4538 3045 4590 ὃτι
3099 4537 3207 4609 γὰρ
3241 4540 3474 4609 πάρεστι
3506 4541 3627 4602 ταῖς
3651 4539 3744 4592 εὐο

2161 4628 2283 4696 χαῖς
2323 4626 2524 4691 αὐτῶν,
2581 4627 2852 4697 ἐδήλωσεν
2872 4644 2884 4657 ·
2911 4629 3087 4682 ἐποίει
3131 4630 3186 4683 δὲ
3217 4630 3376 4683 τοῦτο
3398 4631 3425 4682 ὁ
3451 4631 3602 4694 Θεὸς,
3648 4631 3748 4684 καὶ

2159 4721 2246 4774 διὰ
2274 4720 2436 4789 φόϐον
2487 4720 2729 4786 πλείονα,
2769 4722 2864 4774 καὶ
2895 4724 2978 4786 είς
3033 4722 3237 4791 θάρσος
3301 4723 3501 4786 αὐτοὺς
3526 4723 3750 4791 ἐνάγων

2165 4813 2304 4880 μετά
2358 4811 2456 4874 τὰς
2503 4812 2737 4875 ἀπειλὰς
2788 4813 3025 4874 ἐκείνας.
3068 4813 3287 4881 Ἐπειδὴ
3323 4814 3432 4883 γὰρ
3477 4814 3622 4882 ἀρχὴ
3649 4809 3748 4884 ἦν,

2160 4903 2255 4955 καὶ
2286 4902 2549 4971 αἰσθητοῦ
2598 4902 2807 4954 ἐδέοντο
2838 4902 3088 4971 σημείου,
3119 4902 3254 4970 πρὸς
3283 4903 3342 4956 τὸ
3380 4902 3750 4973 πιστευθῆναι

2165 4993 2385 5056 αὐτούς.
2449 4993 2513 5045 Τί
2552 4993 2734 5056 ἐστιν,
2807 5013 2824 5044 ι
2877 4992 3300 5066 Ἐπλήσθησαν;
3343 5012 3362 5043 ι
3403 4995 3706 5047 Τουτέστιν
3734 5034 3751 5059 ,

2160 5081 2618 5152 ἀνεπυρὼθησαν,
2653 5085 2748 5136 καὶ
2778 5084 3097 5138 ἀνεκαίνετο
3120 5083 3184 5156 [ί.
3219 5083 3529 5156 ἀνεκαίετο]
3552 5086 3749 5149 αὐτοῖς

2158 5171 2219 5226 τὸ
2239 5174 2508 5243 χάρισμα.

2239 5265 2403 5338 Ὁρᾷς
2432 5267 2513 5320 ὅτι
2537 5267 2675 5337 μετά
2705 5266 2803 5338 τῆς
2832 5267 3052 5337 χάριτος
3080 5267 3172 5320 τοῦ
3196 5266 3328 5320 Θεοῦ
3379 5268 3474 5320 καὶ
3503 5267 3569 5319 τά
3603 5266 3750 5336 παρ’

2159 5359 2256 5409 ὲαυ
2270 5358 2369 5410 τῶν
2397 5359 2720 5428 εἰσέφερον;
2773 5360 3050 5429 πανταχοῦ
3091 5360 3200 5430 γὰρ
3229 5361 3334 5431 χρὴ
3361 5361 3518 5413 τοῦτο
3553 5375 3749 5427 παρα-

2155 5451 2364 5518 τηρεῖν.
2410 5450 2564 5518 Ἐμοὶ
2612 5449 2760 5504 δοκεῖ
2793 5450 2876 5504 ὅτι
2910 5451 2943 5521 ή
2973 5451 3159 5519 ἀγάπη
3204 5451 3303 5522 τήν
3348 5448 3749 5520 ἀκτημοσύνην

2159 5541 2445 5608 εἰσήνεγκε
2475 5554 2487 5567 ”
2517 5540 2612 5593 καὶ
2677 5541 2738 5592 τὸ
2773 5539 3086 5611 θαυμαστὸν
3112 5542 3271 5595 τοῦτό
3298 5543 3469 5606 ἐστιν,
3503 5543 3582 5593 ὅτι
3602 5539 3746 5592 ἑαυ-

2157 5630 2265 5685 τῶν
2292 5632 2678 5702 ἀποστήσαντα
2725 5633 2785 5705 [Ῑ.
2826 5635 3261 5706 ἀποστήσαντες]
3301 5635 3368 5690 τὰ
3407 5635 3743 5704 πράγματα,
