4058 6210
461 291 600 412 1οἿ9

1371 349 1947 411 THEOPHYLACTI
1979 348 2387 411 BULGARle
2427 303 2792 413 ARCHIEP.‘

3529 351 3674 418 1080

459 461 556 514 καὶ
588 461 858 514 δείκνυσιν
894 459 977 512 ὅτι
1029 459 1192 524 αύτός
1245 461 1392 514 ἐστιν
1445 464 1472 514 0
1525 461 1657 525 Θεὸς
1714 461 1962 532 Ἀϐραὰμ
1995 463 2023 516 0
2054 467 2097 522 Α
2128 479 2221 516 του
2248 461 2315 515 δι’
2345 461 2510 515 αὑτοῦ
2543 462 2610 516 τὰ
2639 465 2859 532 σημεῖα,
2893 459 3015 514 οὕτε
3045 461 3181 531 μετά
3219 462 3392 515 ταῦτα
3437 463 3684 536 ὠφέλησε

464 554 708 623 μεγάλης
740 550 938 622 βουλῆς
971 552 1218 620 ἄγγελος,
1270 553 1365 605 καὶ
1417 552 1657 607 δείκνυσι
1700 552 1798 624 τὴν
1843 554 2022 623 φίλαν·

462 643 710 713 θρωπίαν
741 643 870 710 ὅσην
904 646 1134 695 ποιεῖται
1162 645 1189 696 ὀ
1219 642 1372 706 Θεός.

530 734 592 786 Εἰ
626 733 720 786 καὶ
770 735 829 784 ἐν
872 736 936 802 τῇ
975 735 1164 803 Ἑξόδῳ
1213 735 1450 806 ἔμφοϐος
1478 741 1674 799 κεῖται,
1724 739 1837 792 ἀλλ’
1871 739 2022 792 οὐδὲν

456 823 645 875 διοίσει
705 821 862 875 τοῦτο
901 823 979 888 τὸ,
1041 844 1058 875 ι
1100 825 1380 896 ἔντρομος.
1422 845 1442 878 ι
1489 829 1719 896 Λέγεται
1747 829 1803 881 δὲ
1849 828 2021 882 ταῦτα

458 913 587 980 περὶ
633 913 725 966 τοῦ
761 915 902 967 κατά
931 916 1029 986 τὴν
1077 916 1240 984 βάτον
1287 918 1585 988 ὁράματος,
1625 919 1893 988 μενούσης
1924 921 2022 989 τῆς

436 1005 626 1073 ἀὐτῆς
651 1006 918 1074 διαφορᾶς
950 1007 1040 1059 τοῦ
1073 1007 1305 1078 φοϐεροῦ
1331 1009 1422 1061 καὶ
1452 1010 1738 1079 ἐντρόμου.

527 1094 873 1164 Νεκρότητός
906 1097 1022 1147 ἐστι
1059 1099 1152 1149 καὶ
1185 1098 1389 1168 φθορᾶς
1433 1097 1496 1150 τὸ
1545 1099 1734 1168 χρῆμα
1773 1101 2016 1168 σημεῖον,

457 1183 614 1250 εἰπερ
655 1184 805 1236 ἐστὶν
850 1185 1101 1254 ὑπόδημα
1143 1187 1282 1251 ζώου
1323 1188 1568 1257 λείψανον
1599 1189 1891 1251 τεθνεῶτος
1920 1191 2019 1259 ήδη

454 1273 551 1327 καὶ
583 1273 998 1344 διεφθαρμένου.
1043 1277 1359 1347 Ἀπρόσιτος
1387 1277 1480 1330 οῦν
1508 1280 1536 1330 0
1560 1278 1794 1348 Χριστὸς
1831 1281 1944 1340 τοῖς
1963 1280 2021 1332 ἐν

455 1366 629 1434 νόμῳ,
655 1365 748 1420 καὶ
791 1369 857 1436 τῇ
907 1367 1288 1438 παιδαγωγεκῇ
1335 1369 1578 1439 λατρεία.
1628 1371 2023 1440 Προσαπονίζε-

456 1457 584 1510 σθαι
641 1457 749 1526 γὰρ
798 1458 1012 1529 ἀνάγκη
1074 1461 1166 1512 τὸν
1226 1461 1500 1530 μολυσμὸν
1549 1461 1770 1515 καὶτὸν
1821 1465 1886 1514 ἐκ
1923 1463 2022 1532 τῆς

455 1550 730 1618 ἁμαρτίας
780 1551 1316 1619 προσαποτρίϐεσθαι
1379 1552 1570 1621 ῥύπον.
1638 1554 1728 1604 Δεῖ
1782 1553 1889 1623 γάρ
1946 1553 2022 1615 ὡς

453 1639 672 1709 ἀληθῶς
719 1640 900 1710 πάσης
953 1641 1152 1709 νεκρᾶς
1211 1642 1302 1693 καὶ
1364 1643 1636 1710 σαρκικῆς
1699 1643 2019 1710 φαντασίας,

2120 571 2194 607 τι.
2231 570 2250 605 ε
2286 555 2387 606 Ἦν
2425 554 2743 623 εἰσήγαγον,
2775 553 2930 623 φησὶ,
2970 553 3338 623 διαδεξάμενοι
3365 555 3412 606 οἰ
3449 557 3684 625 πατέρες

2119 645 2299 714 ήμῶν.
2341 665 2361 699 ι
2411 647 2595 717 Ὁρᾷς,
2628 648 2708 699 ὄτι
2755 647 2872 698 ἐκεῖ
2902 646 3064 709 τόπος
3097 645 3250 713 ἅγιός
3293 647 3440 699 ἐστιν
3467 647 3592 700 ἔνθα
3619 649 3685 703 ἄν

2119 733 2205 809 ᾖὸ
2239 737 2404 804 Θεός;
2450 737 2538 791 διὰ
2568 737 2674 807 γάρ
2720 735 2877 789 τοῦτο
2903 738 3018 802 καὶ,
3070 738 3126 788 ἐν
3144 739 3206 807 τῇ
3243 738 3454 808 ἐρήμῳ,
3530 734 3683 792 εἷπεν

2123 829 2209 880 ἵνα
2243 827 2407 880 τόπον
2451 829 2738 896 συγκρίνῃ.
2783 826 3133 895 Ἐμφατικῶς
3179 829 3449 898 ἐχρήσατο
3482 831 3547 898 τῇ
3592 828 3680 882 λέ-

2121 917 2222 984 ξει.
2251 918 2364 971 Ούκ
2394 918 2545 988 ἔχετε
2571 920 2764 982 εἰπεῖν,
2788 918 2973 988 φησὶν,
2994 919 3075 970 ὅτι
3103 918 3210 970 ἀπὸ
3238 917 3331 970 τοῦ
3360 918 3484 987 ἐμοὶ
3537 918 3680 972 θύειν

2122 1008 2392 1070 κάκείνοις
2443 1006 2653 1072 ἐθύετε,
2715 1006 2810 1060 καὶ
2857 1006 3028 1060 ταῦτα
3075 1008 3132 1075 ἐν
3184 1009 3251 1076 τῇ
3291 1007 3503 1076 ἐρήμῳ,
3555 1007 3683 1060 ἑνθσ.

2125 1097 2357 1165 μάλιστα
2401 1097 2581 1150 αὐτῶν
2629 1098 2999 1168 προειστήκει.
3051 1096 3155 1149 Τοῦ
3187 1097 3469 1167 προφήτου
3504 1098 3683 1167 ’Λμὼς

2123 1191 2403 1260 εἰρηκότος
2422 1204 2437 1219 ·
2467 1209 2484 1240 ι
2517 1189 2791 1242 Μετοικιῶ
2821 1191 3016 1252 αὐτοὺς
3039 1189 3298 1243 ἐπέκεινα
3311 1185 3634 1258 ’Δαμασκοῦ,
3658 1209 3676 1240 ι

2123 1279 2151 1329 0
2176 1277 2330 1344 ἅγιος
2359 1277 2629 1346 Στέφανος
2659 1278 2756 1347 τὴν
2787 1279 2979 1348 χρῆσιν
3008 1277 3240 1335 ἐνταῦθα
3268 1277 3401 1341 θεὶς,
3437 1296 3456 1329 ι
3484 1279 3683 1332 Μ;τοι-

2123 1367 2228 1419 κιῶ
2251 1368 2396 1436 ἡμᾶς
2434 1368 2693 1418 ἐπέκεινα
2734 1367 3071 1430 Βαϐυλῶνος,
3115 1386 3134 1418 ι
3172 1361 3346 1430 εἶπεν,
3388 1367 3684 1436 ἀκολουθή-

2126 1474 2221 1519 σας
2249 1460 2314 1526 τῇ
2363 1455 2629 1525 Ἑϐραίων
2671 1456 2906 1520 ἐκθέσει,
2932 1457 2966 1526 ἢ
3003 1459 3095 1509 καὶ
3128 1457 3211 1508 ὅτι
3242 1456 3416 1524 τέρμα
3447 1456 3543 1522 τῆς
3577 1457 3686 1507 Δα-

2127 1545 2418 1616 μασκηνῶν
2448 1546 2542 1598 καὶ
2573 1547 2760 1615 Σύρων
2783 1540 2969 1616 χώρας
2999 1547 3030 1615 ή
3063 1545 3166 1616 ᾆδη
3201 1545 3376 1614 μολῶν
3404 1545 3684 1615 τυγχάνει.

2124 1635 2276 1686 Οἰδέ
2320 1635 2741 1703 Ἐϐδομήκοντα,
2817 1654 2836 1687 ε
2892 1636 3149 1688 ἐπέκεινα
3202 1633 3518 1703 Δαμασκοῦ,
3564 1653 3583 1684 ι
3613 1635 3689 1685 εἰ-

455 1730 645 1800 ὧσπερ
671 1731 1030 1800 ὑποδημάτων
1050 1733 1208 1786 τινῶν
1235 1733 1394 1786 λῦσαι
1423 1733 1532 1786 τῶν
1565 1733 1626 1805 If.
1652 1733 1766 1804 τὸν]
1793 1735 1885 1788 ἐπὶ
1911 1734 2021 1787 τῶν
2054 1800 2086 1805 _
2129 1728 2378 1796 ρὴκασιν·
2431 1726 2540 1778 Καὶ
2576 1726 2780 1794 σκηνῆς
2808 1724 2998 1794 οὔσης.
3052 1724 3233 1777 θυσίαι
3268 1725 3367 1775 οὐκ
3409 1719 3570 1792 ἦσαν»
3599 1723 3689 1776 διά

454 1819 613 1872 θείων
645 1821 1014 1891 θεωρημάτων
1059 1823 1326 1892 ἀναϐῆναι
1357 1800 1696 1894 πειρώμενον
1729 1800 1873 1879 νοῦν.
1914 1825 2020 1878 Ού-
2054 1800 2092 1852 Β
2121 1822 2280 1876 τοῦτο
2306 1817 2374 1883 ἦν
2404 1819 2464 1891 [Γ.
2495 1816 2610 1890 οὖν]
2647 1821 2731 1876 ἴνα
2764 1819 3020 1890 μάρτυρα
3050 1818 3140 1871 τὸν
3181 1817 3312 1870 Θεὸν
3341 1817 3507 1886 ἔχωσι
3527 1816 3684 1869 τοῦτο

452 1909 626 1978 δαμοῦ
658 1912 805 1976 ναὸς,
839 1912 932 1966 καὶ
976 1915 1004 1966 0
1033 1913 1196 1976 τόπος
1243 1914 1396 1981 ἆγιος
1425 1917 1489 1984 τῇ
1526 1917 1818 1986 ἐπιφανείᾳ
1861 1916 2016 1971 Θεοῦ.

453 2001 640 2071 Πολλῷ
698 2002 1143 2074 θαυμασιώτερον
1199 2004 1360 2058 τοῦτο
1416 2005 1511 2058 τοῦ
1580 2006 1748 2059 τόπου
1812 2006 1906 2059 τοῦ
1961 2008 2019 2060 ἐν

481 2092 665 2158 Αγίοις
693 2093 802 2147 τῶν
845 2094 1037 2161 ἁγίων.
1080 2096 1237 2159 Τίνος
1272 2095 1462 2149 ἓνεκεν
1512 2096 1662 2151 εἴασε
1702 2099 2018 2167 κακωθῆναι

452 2183 598 2248 ἐκεί;
651 2183 904 2236 Μάλιστα
953 2184 1051 2250 μὲν
1094 2185 1189 2238 οῦν
1233 2187 1397 2239 παντὶ
1437 2187 1628 2253 δικαίῳ
1659 2189 1713 2240 αἰ
1746 2185 2017 2251 κακώσεις

452 2271 625 2324 αῐτιαι
655 2272 860 2343 μισθῶν
899 2274 1156 2342 γίνονται.
1189 2278 1250 2329 Εἰ
1279 2277 1335 2330 δὲ
1381 2278 1637 2346 μεγάλοις
1669 2279 1894 2348 ἀνδράσι
1923 2295 2020 2348 με-

452 2362 591 2431 γάλη
623 2364 655 2432 ἡ
683 2363 881 2433 θλίψις,
916 2365 1094 2435 πολλῷ
1124 2367 1323 2436 μᾶλλον
1345 2371 1499 2438 ἡμῖν.

525 2451 913 2521 Προαναφωνεῖ
942 2454 1052 2523 γὰρ
1085 2455 1254 2508 πάλαι
1297 2456 1398 2528 τήν
1444 2459 1538 2510 τοῦ
1585 2459 1717 2512 ἰδίου
1748 2462 2022 2531 γεννήμα-

450 2555 542 2602 τος
579 2541 991 2613 ἐνανθρώπησιν
1017 2545 1044 2597 0
1073 2545 1205 2608 Θεὸς
1231 2548 1326 2599 καί
1358 2548 1568 2618 Πατὴρ,
1604 2551 1698 2604 καὶ
1728 2552 1810 2603 ὃτι
1832 2553 2018 2604 δεύτε-

455 2631 661 2700 ρος.ὲφ’
706 2634 856 2703 ἡμᾶς
897 2635 1194 2705 νομοθέτης
1248 2638 1718 2709 ἀναδειχθήσεται,
1777 2642 2018 2714 λαλήσας

454 2720 556 2788 μὲν
588 2721 755 2775 πάλαι
785 2725 896 2786 τοῖς
931 2725 1309 2796 ἀρχαιοτέροις
1343 2727 1506 2791 αὐτὸς
1541 2727 1608 2780 δι’
1639 2729 1886 2798 ἀγγέλων
1925 2730 2017 2784 τὸν

450 2811 636 2880 νόμον,
683 2811 742 2864 ἐν
777 2812 835 2866 δὲ
875 2814 952 2883 τῷ
995 2817 1139 2869 τέλει
1183 2817 1290 2870 τῶν
1341 2819 1550 2889 καιρῶν
1597 2822 1893 2891 αὐτουργὸς
1936 2825 2016 2887 εἰς

451 2903 601 2973 ήμᾶς
630 2905 1099 2978 ἀναδεδειγμένος,
1126 2910 1220 2962 καὶ
1255 2909 1442 2980 κοινῆς
1473 2911 1535 2983 [Γ.
1575 2912 1794 2985 καινῆς]
1825 2914 2016 2986 διαθή-

450 3011 554 3066 κης
583 3000 926 3067 χρηματίσας
953 3001 1200 3068 ἄγγελος.
1232 3001 1399 3055 Πάλιν
1424 3003 1658 3074 οὐδαμοῦ
1676 3006 1820 3072 ναὸς,
1856 3005 2015 3060 οὐδα-

454 3084 556 3153 μοῦ
585 3087 764 3140 θυσία.
795 3090 1044 3143 Δείκνυσι
1070 3090 1126 3143 δὲ
1167 3091 1248 3144 ὅτι
1291 3093 1410 3162 οὐχὶ
1444 3097 1643 3164 σημεῖα
1667 3095 1888 3166 ἐποίησε
1919 3096 2016 3164 μό⁹

449 3189 562 3235 νον,
598 3174 734 3227 ἀλλὰ
762 3178 857 3228 καὶ
880 3179 1044 3248 νόμον
1088 3180 1308 3234 ἔδωκεν.
1337 3182 1545 3251 Ὠσπερ
1577 3184 1674 3236 καὶ
1711 3187 1740 3236 0
1781 3185 2016 3253 Χριστὸς

451 3262 666 3333 πρῶτον
703 3268 924 3331 σημεῖα,
953 3269 1047 3318 καὶ
1069 3269 1188 3318 τότε
1217 3269 1515 3336 νομοθετεῖ,
1555 3270 1698 3323 οὕτω
1743 3273 2013 3336 κάκεῖνος.

449 3352 516 3405 Τί
561 3353 700 3418 ἐστι,
747 3371 769 3405 ε
797 3354 968 3421 Λόγια
999 3353 1194 3419 ζῶντα,
1230 3374 1252 3406 ι
1304 3349 1379 3409 ὧν
1425 3357 1487 3410 τὸ
1537 3359 1688 3422 τέλος
1734 3360 1824 3414 διὰ
1859 3361 2017 3429 λόγον

450 3442 752 3507 ἑδείκνυτο;
790 3445 945 3496 Ἤτοι
969 3443 1072 3506 τὰς
1115 3446 1452 3515 προφητείας
1489 3447 1656 3512 λέγει.
1701 3451 1766 3504 Τί
1807 3451 2013 3518 λέγειςς

449 3536 550 3588 οὐκ
579 3535 868 3605 ἀναμένεις
910 3535 1000 3588 τὸν
1050 3536 1330 3601 ἐξάγοντα,
1366 3538 1499 3592 ἀλλά
1534 3541 1752 3609 φεύγεις
1794 3544 1893 3613 τὴν
1929 3562 2017 3599 νο-

452 3625 733 3693 μοθεσίαν,
768 3627 864 3680 καὶ
909 3627 1003 3680 τὸν
1054 3627 1349 3697 εὐεργέτην
1383 3631 1557 3700 άρνῇ;
1619 3633 1728 3686 Καὶ
1751 3635 1852 3704 ὅρα
1899 3637 2016 3698 πῶς

449 3716 796 3786 ὑϐρίζουσιν·
854 3719 913 3772 '0
963 3719 1072 3788 γὰρ
1121 3719 1360 3788 Μωῦσῆς
1411 3720 1554 3774 οὕτω
1587 3723 1784 3791 φησίν·
1841 3743 1860 3776 ι
1919 3728 2014 3790 Ὃς

447 3807 718 3876 ἐξήγαγεν
750 3809 897 3879 ἡμᾶς
949 3810 1014 3860 ἐκ
1056 3808 1159 3880 γῆς
1194 3808 1492 3878 Αἰγύπτου.
1531 3829 1551 3862 ι
1597 3813 1847 3882 Οὐδαμοῦ
1874 3805 2011 3870 Θεοῦ

447 3896 639 3966 ὄνομα,
657 3896 792 3950 ἀλλὰ
822 3897 998 3950 πάντα
1037 3900 1244 3968 Μωῦσῇ
1268 3901 1600 3970 ἐπέγραφον.
1631 3905 1739 3956 Καὶ
1766 3905 1892 3958 ἔνθα
1918 3907 2014 3974 μὲν

447 3988 788 4056 εὐχαριστεῖν
816 3987 943 4052 ἔδει,
988 3989 1231 4058 Μωῦσῆν
1263 3991 1521 4061 φέρουσιν
1568 3994 1649 4054 εἰς
1699 3993 1890 4063 μέσον·
1929 3996 2017 4049 ἐν-

447 4076 516 4127 θα
543 4075 601 4127 δὲ
627 4075 916 4145 πεισθῆναι
947 4079 1114 4145 νόμῳ,
1147 4079 1388 4148 Μωῦσῆν
1420 4081 1520 4132 ούκ
1547 4081 1759 4147 ἄγουσι.
1790 4101 1809 4134 ε
1851 4084 2012 4154 Ποίη-

448 4181 542 4217 σον
576 4167 706 4234 ἡμῖν
750 4167 924 4230 θεούς.
963 4186 981 4219 ι
1017 4169 1130 4220 οὐκ
1181 4166 1355 4233 εἷπον,
1389 4169 1554 4223 Θεόν·
1602 4172 1740 4235 ὅλως
1778 4173 1887 4244 γὰρ
1930 4174 2011 4227 ἔτι

445 4255 651 4309 εἵλοντο
708 4257 959 4329 [είχοντο]
1015 4259 1123 4312 τῶν
1172 4259 1485 4326 Αἰγυπτίων
1533 4263 1694 4318 ἐθῶν.
1746 4266 1854 4317 Καὶ
1904 4266 2011 4336 μὴν

445 4345 603 4401 τοῦτο
649 4349 798 4415 ἄξιον
845 4349 1124 4418 θαυμάσαι
1151 4351 1212 4403 10
1253 4351 1328 4420 μὴ
1358 4352 1554 4404 εἰδέναι
1593 4355 1646 4406 τί
1680 4354 2007 4423 θαυμαστὸν,

2123 1913 2284 1980 μόνον
2311 1907 2396 1981 ἦν.

2192 1998 2268 2071 (α)
2294 2000 2470 2070 Μολὸχ
2521 1999 2734 2054 εἴδωλον
2773 1994 2841 2068 ἦν
2868 2000 2996 2068 παρ’
3021 1998 3203 2060 αὐτοῖς
3229 1995 3684 2066 θρησκευόμενον.

2121 2089 2325 2160 σκηνὴν
2358 2089 2414 2142 δέ
2442 2088 2537 2141 τοῦ
2589 2088 2809 2142 εἰδώλου
2863 2088 2954 2139 τὸν
3002 2086 3158 2152 ναὸν,
3219 2089 3344 2155 περὶ
3395 2086 3594 2156 ἄστρου
3626 2085 3686 2138 δὲ

2120 2179 2389 2248 θεραπείᾳ
2419 2179 2736 2250 ἠσχόληντο,
2755 2179 2889 2232 Θεοῦ
2921 2177 3099 2231 αὐτῶν
3129 2177 3497 2248 προσηγορίαν
3528 2192 3686 2245 περι-

2118 2271 2443 2334 τεθεικότες.
2473 2271 2610 2324 Φασὶ
2635 2272 2740 2340 γὰρ
2771 2270 2862 2324 τὸν
2903 2269 3208 2340 Ἑωσφόρον
3243 2268 3385 2321 οὕτω
3418 2269 3558 2321 κατά
3585 2269 3686 2336 τὴν

2128 2360 2398 2428 Ἐϐραίων
2444 2361 2726 2414 καλεῖσθαι
2765 2359 3038 2430 γλῶσσαν.
3085 2359 3298 2422 Τύπους
3335 2359 3391 2412 δὲ
3431 2358 3499 2412 τὰ
3529 2359 3689 2412 ἀπει-

2119 2454 2444 2521 κονίσματα,
2488 2453 2544 2516 ἃ,
2593 2454 2750 2522 φησὶ,
2788 2455 2906 2515 ταῖς
2953 2450 3162 2504 ἑαυτῶν
3213 2450 3689 2504 κατεσκευάσαντο

2117 2541 2292 2612 χερσί.
2334 2543 2446 2612 Πρὸ
2482 2543 2542 2613 ll.
2586 2542 2746 2614 πρὸς]
2775 2542 2850 2612 τῷ
2885 2542 3070 2611 μόσχῳ
3099 2541 3192 2594 καὶ
3228 2542 3327 2612 τὴν
3363 2539 3563 2610 σκηνὴν
3588 2541 3686 2593 τοῦ

2117 2633 2298 2703 Μολὸχ
2349 2634 2640 2688 ἀνέλαϐον·
2691 2633 3222 2704 σκηνοποιησάμενοι
3266 2633 3392 2701 γάρ,
3446 2631 3684 2700 ἔστησαν

2115 2723 2354 2788 εἴδωλον,
2409 2724 2505 2777 καὶ
2554 2723 2855 2793 κεκλήκασι
2899 2722 3100 2792 Μολόχ.
3136 2721 3367 2778 Εἴδωλον
3417 2720 3475 2773 δέ
3524 2719 3685 2772 τοῦτο

2117 2816 2442 2878 Μωαϐιτῶν,
2489 2815 2635 2869 λίθον
2681 2815 2804 2886 ἔχον
2850 2814 3086 2883 διαφανῆ
3132 2814 3227 2866 καὶ
3270 2811 3545 2879 ἐξαίρετον
3587 2811 3688 2864 ἐπὶ

2121 2906 2393 2975 μετώποις
2436 2906 2622 2977 ἄκροις
2667 2908 2744 2970 εἰς
2783 2905 3092 2976 Ἑωσφόρου
3140 2905 3345 2957 τύπον·
3389 2902 3688 2973 ἑρμηνεύε-

2116 3015 2205 3051 ται
2233 2997 2290 3051 δὲ
2330 2997 2392 3051 τὸ
2433 2997 2616 3067 Μολὸχ
2658 2996 2959 3061 ,ϐασιλεὺς
3002 2994 3220 3049 αὐτῶν.
3271 2994 3576 3062 Ἑωσφόρου
3613 3008 3682 3058 γε

2120 3090 2228 3159 μὴν
2275 3090 2576 3159 ἐκτύπωμα
2649 3087 3182 3158 τετεχνουργημένον
3231 3081 3319 3156 ἦν.
3362 3082 3681 3138 ’Λναλάϐετε

2117 3181 2295 3232 τοίνυν
2336 3181 2435 3251 τὴν
2484 3183 2686 3250 σκηνὴν
2713 3180 2809 3233 τοῦ
2849 3180 3049 3248 Μολὸχ,
3081 3180 3353 3242 τουτέστι,
3386 3174 3482 3229 τοῦ
3523 3173 3680 3244 βασι-

2118 3269 2255 3332 λέως
2285 3271 2443 3339 ήμῶν
2495 3271 2555 3341 [Γ.
2600 3271 2797 3342 ύμῶν].
2835 3275 2944 3326 Καὶ
2988 3275 3136 3334 ποῖος
3180 3267 3248 3340 ἦν
3276 3263 3429 3333 οὗτος
3458 3271 3487 3322 0
3530 3267 3684 3337 βασι·

2117 3357 2272 3422 λεύς;
2327 3359 2398 3412 Τὸ
2453 3362 2650 3432 ἄστρον
2700 3363 2795 3415 τοῦ
2841 3363 2976 3416 θεοῦ
3021 3360 3177 3433 ὑμῶν
3235 3361 3471 3430 Ῥεφφάν
3517 3358 3682 3431 [ναις.

2127 3447 2418 3521 Ῥεμφὰν],
2450 3452 2586 3522 ὅπερ
2617 3453 2980 3522 ἑρμηνεύεται
3012 3453 3360 3522 σκοτισμός.

2189 3541 2288 3603 ’ος
2323 3559 2383 3594 τε
2409 3541 2477 3614 [Ῑ.
2505 3543 2669 3616 ὥστε]
2705 3548 2762 3596 ἐν
2789 3546 2865 3615 τῷ
2888 3547 3004 3616 δρει
3032 3547 3310 3618 ἐπιγραφὴ
3340 3548 3550 3617 γέγονε,
3584 3544 3683 3600 καὶ

2116 3631 2255 3702 αὑτὴ
2295 3631 2350 3684 δέ
2388 3635 2446 3686 ἐν
2479 3637 2545 3703 τῇ
2582 3636 2775 3704 ἐρήμῳ
2821 3638 3162 3708 περιφορητὴ
3205 3634 3296 3708 ἦν,
3345 3640 3439 3690 καὶ
3479 3637 3578 3690 οὐκ
3619 3638 3682 3690 ἐν

2114 3721 2265 3790 τόπῳ
2311 3724 2558 3794 κειμένη,
2607 3725 2700 3777 καὶ
2733 3729 3032 3797 μαρτυρίου
3071 3729 3276 3799 σκηνὴν
3307 3729 3477 3792 καλεῖ,
3518 3745 3683 3782 τουτ-

2115 3813 2232 3866 ἐστι
2279 3813 2387 3866 τῶν
2441 3814 2718 3884 θυμάτων,
2769 3819 2876 3870 τῶν
2913 3821 3370 3890 προσταγμάτων.
3414 3820 3684 3890 ᾘτήσατο

2113 3905 2296 3974 εὑρεῖν
2330 3905 2490 3976 χάριν
2529 3910 2556 3960 ό
2587 3908 2769 3966 Δαϐὶδ.
2807 3910 2901 3962 καὶ
2944 3912 3045 3962 οὐκ
3080 3910 3430 3980 ᾠκοδόμησεν
3473 3916 3502 3964 0
3545 3911 3683 3962 θαυ-

2117 3995 2341 4062 μαστὸς,
2375 3997 2402 4048 ό
2434 3997 2630 4063 μέγας,
2667 3997 2782 4050 ἀλλ’
2807 3999 2835 4050 0
2874 3999 3288 4070 άπεῤῥιμμένος
3327 4002 3355 4053 0
3402 4000 3675 4069 Σολομῶν.

2113 4083 2297 4145 Οὕτως
2327 4085 2427 4138 οὐκ
2452 4083 2518 4155 ἦν
2551 4089 2692 4156 μέγα
2728 4105 2780 4140 τι
2806 4093 2833 4141 ὁ
2871 4091 3019 4153 ναός.

2184 4173 2319 4226 Ούδὲ
2372 4177 2502 4244 μιᾶς
2539 4178 2668 4248 γάρ,
2721 4182 2903 4248 φησὶν,
2951 4181 3269 4251 ἀναπαύλης
3306 4199 3374 4252 με
3418 4181 3674 4254 δόξεινηὶ

2115 4262 2409 4334 μεθέξειν],
2461 4267 2591 4336 πρὶν
2637 4269 2700 4320 ἂν
2749 4269 2976 4340 μάθοιμι
3018 4272 3109 4326 τὸν
3138 4272 3232 4325 τοῦ
3267 4273 3475 4344 Κυρίου
3514 4274 3678 4326 τόπον

2113 4354 2206 4405 καί⁸
2251 4355 2312 4405 τὸ
2365 4355 2652 4426 σκήνωμα,
2687 4361 2931 4413 τουτέστι
2965 4361 3065 4431 τὴν
3099 4363 3370 4433 σκήνωσιν
3418 4364 3510 4416 τοῦ
3539 4362 3676 4417 Θεοῦ

443 4440 528 4491 ὅτι
556 4441 799 4506 ἀγνοεῖτε
827 4440 918 4493 τὸν
965 4443 1219 4511 Χριστὸν,
1244 4444 1377 4495 ὅπου
1403 4444 1496 4496 καὶ
1519 4444 1608 4495 τὸν
1633 4447 1873 4517 Μωῦσῆν
1909 4449 2001 4500 καὶ
2032 4435 2085 4494 D
2123 4443 2316 4496 Ἰακώϐ
2337 4461 2351 4475 ·
2383 4445 2540 4515 δῆλον
2568 4447 2623 4500 δὲ
2675 4448 2756 4502 ὃτι
2804 4451 3067 4520 Χριστοῦ.
3108 4455 3196 4524 Τῷ
3243 4455 3677 4525 τετρακοσιοστῷ

443 4529 534 4581 τὸν
557 4529 713 4594 Θεὸν,
753 4531 845 4583 τὸν
874 4531 1158 4600 δειχθέντα
1184 4533 1273 4585 διὰ
1302 4534 1570 4587 τοσούτων
1611 4538 1872 4604 σημείων,
1912 4539 2012 4590 οὐκ

444 4622 722 4690 ἠγνόησαν
754 4622 934 4690 μόνον,
957 4622 1093 4674 ἀλλὰ
1122 4623 1216 4674 καὶ
1243 4623 1446 4692 ἑτέρως
1469 4623 1696 4693 ὕϐρισαν
1718 4625 1795 4694 τῷ
1818 4625 2012 4678 εἰδωλα

444 4713 686 4781 ποιῆσαι.
716 4715 774 4764 Εἰ
797 4714 842 4765 δ’
873 4713 1153 4782 ἐποίησαν.
1187 4714 1302 4776 πῶς
1325 4715 1433 4767 θςοὶ
1460 4717 1528 4769 τὰ
1553 4718 1806 4786 γινόμενα
1830 4735 1845 4782 ;

528 4803 808 4856 Ἐντεῦθεν
855 4803 1041 4856 λοιπὸν
1093 4804 1160 4857 τὰ
1213 4805 1307 4874 ἔθη
1355 4806 1528 4859 ταῦτα
1579 4809 1670 4860 καὶ
1720 4811 1776 4861 αἰ
1810 4809 2011 4861 θυσίαι.

440 4894 607 4948 Αὐτοὶ
631 4895 834 4963 πρῶτοι
860 4892 1118 4964 ἐποίησαν
1149 4894 1339 4949 θυσίαν
1363 4898 1472 4958 τοῖς
1501 4896 1768 4959 εἰδώλοις·
1794 4897 1880 4950 διὰ
1901 4899 2009 4969 γάρ

443 4986 504 5058 [Γ.
532 4986 611 5038 διὸ
661 4985 778 5057 καὶ]
812 4987 1260 5056 ἐπισημαίνεται·
1299 5006 1320 5040 ε
1373 4988 1666 5057 Ἐποίησαν
1700 4988 1897 5058 μόσχον
1949 4992 2009 5042 ἑν

440 5078 663 5148 Χωρὴϐ,
701 5079 794 5130 καὶ
839 5079 1148 5148 ἀνήνεγκαν
1179 5078 1369 5132 θυσίαν
1395 5081 1472 5147 τῷ
1501 5077 1703 5147 εἰδώλῳ
1725 5095 1739 5110 ·
1805 5098 1824 5130 ι
1885 5080 2010 5132 ἐπεὶ

440 5171 546 5240 πρὸ
592 5172 784 5223 τούτου
818 5170 1055 5238 οὐδαμοῦ
1090 5171 1283 5233 θυσίας
1322 5171 1512 5239 ὄνομα,
1559 5170 1696 5222 ἀλλά
1734 5171 2008 5238 προστάγ-

443 5279 588 5330 ματα
620 5265 713 5314 καὶ
748 5279 768 5313 ι
822 5260 978 5330 λόγια
1027 5263 1226 5326 ζῶντα.
1265 5280 1283 5312 ι
1323 5260 1394 5313 Τὸ
1425 5279 1444 5310 ι
1482 5262 1816 5330 παρέδωκεν,
1857 5279 1875 5310 ι
1924 5263 2002 5312 ἑν-

439 5352 630 5415 ταῦθα,
668 5339 872 5417 εἴασεν,
925 5353 1059 5417 ἐστὶ,
1104 5353 1194 5405 καὶ
1227 5355 1259 5422 ή
1308 5352 1672 5421 αἰχμαλωσία,
1707 5354 2007 5424 κατηγορία

437 5443 540 5512 τῆς
589 5444 806 5506 κακίας.
856 5443 1039 5516 Σκηνή
1084 5444 1178 5497 τοῦ
1240 5443 1540 5513 μαρτυρίου
1590 5440 1694 5513 ἦν,
1746 5447 1838 5496 καὶ
1885 5445 2005 5498 οὐδὲ

439 5528 721 5599 ὠφέλησεν
761 5531 980 5594 αὐτοὺς,
1010 5531 1123 5585 ἀλλ’
1153 5531 1526 5603 ἀνηλίσκοντο,
1567 5532 1690 5589 οὔτε
1739 5536 1844 5604 πρὸ
1882 5536 2004 5588 101i-

2109 4543 2528 4614 τεσσαρακοστῷ
2569 4543 2679 4598 ἐτει
2713 4547 2813 4616 τῆς
2839 4548 3018 4614 ἐξόδου
3049 4551 3156 4603 τῶν
3197 4551 3328 4605 υἰῶν
3364 4553 3578 4622 Ἰσραὴλ
3607 4554 3667 4618 ἐξ

2112 4631 2417 4698 Αἰγύπτου,
2452 4630 2657 4704 ἤρξατο
2705 4637 2957 4706 Σολομῶν
3004 4640 3303 4709 οἰκοδομεῖν
3333 4642 3425 4694 τὸν
3463 4642 3588 4694 ναὸν
3616 4643 3674 4693 ἑν

2121 4720 2499 4794 Ἰερουσαλὴμ,
2523 4723 2650 4796 ώςή
2683 4727 2841 4796 τρίτη
2868 4727 3047 4796 βίϐλος
3073 4731 3180 4783 τῶν
3207 4730 3503 4784 Βασιλειῶν
3530 4732 3680 4802 ἡμᾶς

2111 4810 2513 4868 διδάσκει.·Διά
2557 4815 2716 4868 τοῦτο
2765 4817 2822 4870 δὲ
2877 4819 3015 4888 μετά
3060 4820 3314 4872 τοσοῦτον
3363 4821 3550 4890 χρόνον
3580 4825 3681 4890 τῆς

2113 4901 2372 4955 ἐπανόδου
2402 4905 2500 4974 τῆς
2523 4905 2617 4958 ἀπ’
2644 4905 2920 4973 Αἰγύπτου
2946 4909 3040 4960 τοῦ
3085 4908 3301 4978 Ἰσραήλ
3329 4911 3356 4962 0
3384 4911 3508 4972 ναὸς
3533 4909 3681 4978 ᾠκο-

2111 4992 2346 5061 δομήθη,
2378 4994 2466 5047 ἵνα
2494 4995 2873 5066 ἀποκαμόντες
2899 5001 2964 5068 τῇ
2997 4999 3076 5061 εἰς
3108 5000 3176 5052 τὰ
3201 4999 3302 5069 ὅρη
3333 4999 3677 5070 περιπλανή-

2113 5098 2219 5144 σει,
2241 5081 2334 5134 τὸν
2361 5082 2457 5136 ἕνα
2490 5086 2655 5138 τόπον
2681 5087 2770 5138 τὸν
2801 5089 2858 5139 ἐν
2903 5088 3261 5158 Ἰερουσαλὴμ
3293 5091 3676 5158 ἀγαπήσωσιν,

2110 5170 2170 5224 ὃν
2214 5172 2242 5224 0
2294 5172 2427 5236 Θεὸς
2467 5175 2691 5244 ἐποίησε
2735 5177 2933 5246 τίμιον.
2996 5179 3235 5250 Ἐδείχθη
3273 5181 3370 5249 μὲν
3405 5180 3562 5234 τοῦτο
3589 5181 3682 5234 διὰ

2113 5263 2223 5316 τῶν
2275 5264 2376 5334 ήδη
2422 5264 2742 5334 λεχθέντων,
2798 5267 3072 5322 δείκνυται
3122 5269 3177 5320 δὲ
3223 5271 3316 5322 καὶ
3361 5271 3449 5322 διὰ
3493 5271 3679 5339 φωνῆς

2114 5357 2484 5425 προφητικῆς·
2530 5375 2548 5406 ι
2587 5359 2744 5411 Ποῖον
2775 5355 2922 5412 οῐκον
2951 5361 3335 5430 οἰκοδομήσετέ
3366 5378 3487 5430 μοι;
3526 5361 3676 5428 λέγει

2115 5446 2341 5514 Κύριος.
2384 5465 2403 5496 ι
2455 5447 2594 5501 ’Δλλ’
2625 5449 2746 5502 ούδὲ
2777 5451 2951 5504 ταῦτα
2982 5451 3108 5517 ἄξια
3135 5452 3292 5518 Θεοῦ,
3335 5453 3388 5505 εῖ
3427 5469 3490 5520 γε
3523 5456 3682 5522 ποιή-

2117 5537 2264 5604 ματά
2293 5539 2458 5591 ἐστιν.
2487 5539 2628 5608 Ὅρα
2658 5541 2774 5604 1:5);
2801 5542 2938 5595 αύτά
2965 5543 3107 5596 κατὰ
3134 5545 3329 5613 μικρὸν
3362 5545 3567 5612 ἐνάγει,
3592 5544 3676 5598 ὅτι

485 5768 490 5771 γ
519 5701 600 5775 (ο)
625 5703 757 5771 Qua:
780 5713 1086 5773 sequuntur
1110 5724 1280 5780 usque
1337 5709 1404 5765 ad
1431 5708 1796 5782 ἑρμηνεύεται
1828 5726 2014 5765 σκοτισ

2146 5712 2201 5767 in
2231 5711 2421 5771 codice
2447 5713 2765 5773 Florentino
2803 5729 3017 5774 cxsmnt
3045 5720 3099 5774 in
3127 5721 3373 5790 marg-inc
3403 5716 3673 5775 infcriori.
