4058 6210
341 370 478 444 1081

1122 381 1658 445 EXPOSITIONIS
1696 384 1779 447 IN
1816 385 2008 447 ACTA
2040 388 2344 450 TEXTUS
2379 387 2734 449 TERTIUS.

3399 406 3408 415 ο
3450 378 3592 446 1082

335 491 460 546 οὐδὲ
489 486 665 545 ταῦτα
695 486 878 554 ἔξεστι
931 488 1112 556 λέγειν
1132 506 1163 553 ’κ
1193 490 1409 560 βραδεῖς
1464 511 1581 557 πως
1629 494 1781 557 δντες
1831 496 1913 558 εἰς
1944 501 1986 556 Δ
2016 498 2293 568 Δεσπότης
2324 515 2340 531 ο
2374 497 2428 551 τί
2461 496 2555 550 οῦν
2579 496 2681 550 οὐκ
2700 495 2932 565 ἔστησεν
2964 493 3150 557 αὐτοῖς
3170 493 3232 547 τὸ
3261 493 3588 565 ἁμάρτημα,

334 582 571 646 σύνεσιν,
604 580 836 635 καὶτῶν
872 580 1002 649 περὶ
1047 580 1183 633 Θεοῦ
1237 580 1412 649 λόγων
1454 584 1907 653 ἀνεπιστήμονες.

404 674 504 737 Ὄς
534 671 597 744 [ι’.
633 671 707 743 οἵ]
740 689 825 739 γε,
875 673 968 725 καὶ
998 671 1087 725 διὰ
1138 673 1201 725 τὸ
1248 673 1400 744 παρὰ
1431 674 1526 727 τοῦ
1569 675 1735 728 Δαϐὶδ
1762 676 1913 745 εἰρῆ-

334 765 484 829 σθαι,
519 782 539 817 ι
573 762 951 834 Δεδοξασμένα
980 763 1218 835 ἐλαλήθη
1251 769 1379 835 περὶ
1411 766 1528 830 σοῦ,
1565 769 1597 837 ὴ
1630 767 1784 831 πόλις
1815 767 1910 821 τοῦ

337 855 499 919 Θεοῦ,
530 874 549 907 ι
587 854 858 909 ὑπέλαϐον
889 856 949 908 ἐν
978 856 1116 928 αὐτῇ
1148 856 1285 927 μόνῃ
1327 857 1420 910 τὸν
1451 858 1584 911 Θεὸν
1608 861 1909 914 κατοικεῖν.

339 939 560 1017 Σμικρά
610 948 790 1002 τοίνυν
844 946 1187 1012 δοξάζοντας,
1236 949 1449 1019 ἐλέγχει
1500 951 1529 1003 6
1589 950 1760 1015 Θεὸς,
1815 952 1911 1005 καί

340 1055 507 1107 φησιο
542 1041 703 1092 Ποῖον
741 1037 890 1094 οἷκον
930 1040 1320 1111 ᾠκοδομήσατε
1363 1059 1474 1107 μοι,
1511 1042 1701 1112 θρόνον
1735 1042 1910 1112 ἔχοντι

336 1128 431 1182 τὸν
458 1129 706 1199 οὐρανὸν,
743 1132 838 1183 καὶ
862 1131 962 1200 τὴν
991 1130 1094 1199 γῆν
1124 1131 1413 1184 ὑποπόδιον
1438 1147 1452 1195 ;
1491 1131 1639 1184 Ἔδει
1664 1134 1775 1202 ,γὰρ
1799 1134 1911 1194 τοῖς

339 1221 705 1291 περιωρίσθαι
755 1223 856 1293 τὴν
904 1222 1073 1277 αὑτοῦ
1135 1222 1300 1292 φύσιν
1343 1225 1533 1286 τόποις
1587 1223 1913 1294 ὑπειληφόσι

340 1314 654 1380 καταδεῖξαι
686 1314 894 1383 σαφῶς,
933 1316 1013 1368 ὅτι
1056 1331 1117 1369 τε
1160 1317 1245 1384 εῐη
1276 1315 1573 1383 πανταχοῦ,
1621 1317 1717 1370 καὶ
1745 1319 1917 1385 χωρεῖ

343 1403 445 1472 μιν
478 1405 642 1459 αὑτὸν
681 1405 855 1473 οὐδὲν,
906 1406 1036 1475 ἥκει
1087 1406 1141 1458 δέ
1185 1406 1388 1476 μᾶλλον
1426 1406 1587 1470 αὐτὸς
1632 1406 1722 1459 διὰ
1773 1408 1915 1459 πάν-

336 1511 467 1548 των.

350 1616 351 1619 η
427 1583 692 1639 Ἐνταῦθα
719 1585 908 1638 λοιπὸν
938 1585 1326 1655 καταφορικῶς
1351 1586 1433 1655 τῷ
1455 1585 1601 1655 λόγῳ
1627 1586 1913 1656 κέχρηταν

343 1675 513 1745 πολλὴ
535 1671 602 1746 ἦν
637 1675 942 1746 παρρησία,
981 1675 1266 1743 μέλλοντος
1308 1675 1475 1728 αὐτοῦ
1525 1676 1912 1745 ἀποθνήσκειν,

340 1767 435 1818 καὶ
481 1766 591 1836 γάρ
628 1766 725 1818 καὶ
759 1765 918 1819 τοῦτο
959 1762 1114 1834 οἶμαι
1149 1766 1312 1818 αὐτὸν
1360 1766 1585 1819 εἰδέναι.
1629 1766 1761 1818 Ὅτε
1814 1767 1915 1819 οὐκ

338 1854 600 1924 ἠϐούλετο
634 1855 823 1908 θυσίαν
850 1855 1033 1917 αὐτὸς.
1071 1856 1233 1923 ὑμεῖς
1260 1854 1444 1907 ἐθύετε
1470 1871 1484 1887 ⁸
1510 1856 1600 1908 ὅτε
1625 1856 1727 1909 οὐκ
1752 1856 1912 1926 ἤθελε

337 1944 522 1999 δοῦναι
557 1947 687 2015 ὑμῖν
720 1946 1180 2015 παραγγέλματα.
1216 1945 1604 1998 ἐπεσπάσασθε
1625 1964 1639 1978 ·
1669 1948 1756 2000 ὅτε
1788 1950 1914 2001 ἐλά-

342 2036 485 2096 ϐετε.
507 2036 822 2106 ἠμελήσατε
843 2051 856 2064 ’
884 2038 972 2089 ὅτε
1004 2038 1248 2105 εἱστήκει
1274 2039 1303 2090 ό
1324 2038 1471 2100 ναῒς,
1504 2038 1696 2092 εἴδωλα
1723 2039 1915 2109 ἐθεραοε

343 2123 577 2178 πεύετεο
612 2125 702 2177 ὅτε
734 2124 982 2194 βούλεται
1012 2126 1184 2197 χωρὶς
1226 2126 1355 2180 ναοῦ
1392 2126 1813 2197 θεραπεύεσθαι,
1853 2129 1913 2181 τὸ

341 2214 584 2269 ἐναντίον
641 2218 867 2270 ποιεῖτε.
911 2217 1024 2269 Οὐκ
1052 2212 1200 2282 εἷπε,
1254 2217 1346 2289 Τῷ
1373 2216 1492 2288 Θεῷ
1535 2219 1911 2282 ἀντιπίπτετε,

346 2305 506 2364 ἀλλὰ,
574 2306 703 2376 (τῷ
762 2307 1076 2376 Πνεύματιο
1113 2329 1133 2361 ι
1197 2310 1371 2373 οὕτως
1426 2310 1548 2363 οὐδὲ
1621 2311 1769 2379 μίαν,
1808 2306 1916 2364 οἶδε

339 2399 626 2469 διαφοράν.
681 2401 812 2455 Ὅτε
860 2419 877 2451 ι
911 2401 1006 2453 τοῦ
1032 2401 1243 2454 δικαίου
1283 2422 1302 2454 ι
1358 2403 1507 2468 λέγει
1534 2442 1550 2465 ,
1593 2403 1919 2473 βουλόμενος

344 2491 544 2553 αὐτοὺς
575 2491 951 2553 καταστεῖλαι,
979 2491 1259 2545 τουτέστιν
1302 2487 1383 2555 οἷς
1426 2495 1454 2546 6
1493 2493 1656 2561 νόμος
1695 2493 1905 2546 δέδοται

338 2580 610 2645 διατάξεις
630 2582 1008 2650 ἐχων,αῖτινες
1039 2582 1324 2650 ἰσάγγελον
1348 2583 1565 2636 ἐποίουν
1614 2584 1912 2650 πολιτείαν,

340 2672 464 2735 τοὺς
498 2672 787 2736 τελοῦντας
822 2674 1013 2739 αὑτὸν,
1043 2673 1212 2741 ἔχειν.

415 2761 571 2825 Τινές
597 2779 730 2832 φασι
763 2763 854 2816 τὸν
881 2750 1268 2832 ὐπδάγγέλων
1313 2764 1674 2835 διαταχθέντα
1711 2765 1781 2820 δι’
1812 2767 1916 2835 ἀγ-

341 2853 502 2920 γέλου
540 2853 621 2924 τῷ
659 2856 891 2924 Μωῦσῇ,
921 2855 1018 2909 τοῦ
1051 2856 1310 2923 ὀφθέντος
1343 2856 1493 2925 αὐτῷ
1523 2859 1581 2907 ἐν
1617 2860 1685 2928 τῇ
1722 2857 1869 2927 βάτῳ
1900 2898 1916 2914 ,

348 2963 367 2995 ι
399 2943 538 3006 Τοὺς
565 2946 1048 3013 καταγγείλαντας,
1078 2966 1098 2999 ι
1134 2947 1321 3016 Πολλῷ
1354 2947 1553 3017 μᾶλλον
1582 2949 1766 3003 αὐτόν.
1790 2950 1918 3012 Tib;

346 3033 637 3104 ἀνθρώπου
668 3036 815 3088 ἐστὶν
847 3038 875 3088 6
905 3038 968 3089 ἐκ
1001 3036 1191 3101 δεξιῶν
1216 3037 1311 3089 τοῦ
1350 3037 1509 3091 Θεοῦ.
1536 3039 1646 3090 Καὶ
1678 3040 1728 3090 εἰ
1767 3038 1919 3105 νομί-

346 3125 462 3189 ζεις
520 3126 827 3197 ὑπερϐολὴν
877 3127 1022 3197 ἔχειν
1052 3129 1117 3181 τδ
1147 3129 1461 3197 εἰρημένον,
1517 3130 1547 3181 6
1601 3130 1921 3199 Πνεῦματος

344 3215 781 3285 πεπληρωμένος
831 3218 1098 3284 Στέφανος
1153 3218 1513 3285 ἀποκρίνεταί
1556 3234 1659 3283 σοι,
1693 3220 1777 3271 ὅτι
1817 3217 1925 3271 εἶδε

344 3309 438 3360 τὸν
464 3306 590 3359 Υἱὸν
614 3306 707 3358 τοῦ
757 3305 1047 3376 ἀνθρώπου
1095 3308 1160 3358 ἐκ
1196 3305 1387 3369 δεξιῶν
1417 3306 1632 3358 ἑστῶτα
1654 3307 1748 3358 τοῦ
1789 3304 1924 3373 Θεοῦ

353 3396 489 3466 μετὰ
527 3395 727 3463 πολλῆς
782 3394 884 3463 τῆς
937 3395 1115 3464 δόξης.
1161 3396 1285 3448 Ὅτι
1329 3390 1422 3448 οῦν
1472 3415 1490 3447 ι
1515 3396 1749 3459 ἑστῶτα,
1776 3415 1793 3448 ι
1830 3401 1927 3453 καὶ

343 3487 468 3557 οὐχὶ
514 3487 861 3555 καθήμενον,
900 3486 988 3539 ἵνα
1032 3485 1181 3558 δείξῃ
1229 3486 1328 3555 τὴν
1376 3487 1664 3555 ἀντίληψιν
1706 3487 1807 3557 τὴν
1847 3488 1929 3549 εἰς

347 3578 441 3633 τὸν
491 3579 770 3648 μάρτυρα.
818 3577 929 3629 Καὶ
969 3576 1078 3647 γάρ
1124 3578 1251 3646 περὶ
1292 3576 1385 3630 τοῦ
1429 3578 1643 3647 [Ia-:90;
1671 3577 1926 3645 λέγεται·

355 3684 377 3717 ι
399 3666 654 3730 Ἀνάστα,
680 3669 708 3719 6
732 3666 866 3729 Θεός
886 3678 902 3693 ⁸
942 3684 962 3717 ι
996 3666 1087 3718 καὶ
1121 3666 1304 3730 πάλιν,
1336 3685 1355 3718 ι
1384 3666 1499 3721 Νῦν
1523 3667 1927 3736 ἀναστήσομαι,

347 3755 497 3823 λέγει
528 3754 754 3825 Κύριος.
787 3774 807 3808 ι
855 3756 978 3809 ἰνα
1007 3751 1099 3808 οὖν
1131 3756 1208 3826 τῷ
1243 3756 1451 3826 ἀθλητῇ
1479 3758 1579 3826 τὴν
1616 3757 1930 3827 προθυμίαν

351 3844 634 3915 παράσχῃ,
696 3845 795 3898 καὶ
854 3844 1023 3915 πείσῃ
1077 3845 1206 3907 τοὺς
1276 3846 1641 3915 μαινομένους
1687 3846 1930 3908 ἐκείνους

349 3935 676 4004 καθυφεῖναι
715 3936 814 4004 τῆς
840 3934 962 3987 κατ’
1000 3934 1165 3987 αὑτοῦ
1193 3934 1413 4005 λύττης,
1447 3935 1509 3988 τὸ
1539 3935 1632 3988 τοῦ
1675 3936 1932 4005 βοηθοῦν-

352 4045 446 4092 τος
499 4028 868 4082 ἐπιδείκνυται
925 4027 1134 4097 σχῆμα.
1202 4027 1328 4079 ὐτι
1378 4026 1488 4096 γάρ
1517 4026 1616 4095 οὐχ
1676 4026 1929 4096 ἕστηκεν,

351 4121 517 4175 ἄκουε
547 4119 761 4173 Παύλου
799 4120 1048 4186 λέγοντος
1075 4135 1090 4150 ο
1134 4136 1153 4169 ι
1187 4119 1486 4188 Συνήγειρε
1517 4119 1611 4193 καὶ
1647 4116 1930 4171 συνεκάθι-

355 4227 449 4265 σεν
470 4196 528 4264 ἐν
548 4214 661 4276 τοῖς
690 4210 1041 4279 ἐπουρανίοις
1077 4211 1135 4264 ἐν
1159 4209 1311 4279 δεξιᾷ
1331 4208 1519 4263 αὑτοῦ.
1556 4225 1576 4259 ι
1613 4208 1794 4277 Ὅπερ
1836 4209 1931 4260 ἐπὶ

351 4301 447 4356 τοῦ
477 4301 712 4374 Χριστοῦ
742 4301 1024 4372 ἐποίησαν,
1064 4299 1222 4353 τοῦτο
1255 4299 1348 4353 καὶ
1382 4296 1632 4352 ἐνταῦθα.
1662 4296 1931 4368 Καθάπερ

354 4394 561 4456 ἐκεῖνος
606 4388 761 4445 εἶπεν
786 4408 800 4422 ·
847 4410 866 4443 ι
901 4390 1137 4459 Ὀψεσθε
1180 4390 1269 4441 τὸν
1318 4387 1446 4440 Υἱὸν
1499 4387 1594 4440 τοῦ
1638 4385 1928 4454 ἀνθρώπου

2015 587 2133 642 ἀλλ’
2180 587 2379 657 ἀφείθη
2405 604 2420 652 ;
2470 588 2533 641 Εἰ
2577 585 2913 656 μετενόησαν
2936 625 2951 648 ,
2980 583 3202 654 ἀφείθη.
3236 584 3395 651 Μέγα
3427 584 3591 637 πάλιν

2012 679 2348 749 κατόρθωμα
2385 679 2474 733 διά
2513 678 2608 731 τοῦ
2652 679 2869 731 πάντων
2898 677 3153 746 Σωτῆρος
3189 674 3349 745 ἡμῶν
3411 674 3589 744 Ἰησοῦ

2013 769 2249 841 Χριστοῦ
2284 771 2404 830 ταῖς
2430 769 2729 839 ἡμετέραις
2756 767 2955 837 ψυχαῖς
2980 766 3336 819 ἐνδείκνυται.
3368 765 3589 835 Ἐπειδὴ

2014 861 2124 932 γάρ
2155 861 2553 930 δεδικαιώμεθα
2582 861 2646 932 [ι’.
2677 862 2806 915 add.
2835 857 2945 929 διά]
2976 857 3076 926 τῆς
3111 856 3346 919 πίστεως
3373 858 3473 926 τῆς
3509 858 3591 922 εἰς

2015 953 2201 1018 αὐτὸν,
2230 955 2324 1006 καλ⁵
2348 956 2406 1007 ἐν
2436 954 2587 1022 αύτῷ
2621 954 2681 1005 τὸ
2713 950 3071 1021 ἀπλημμελές
3101 950 3133 1019 ἡ
3167 948 3456 1020 ἀνθρώπου
3484 951 3589 1018 φύ-

2017 1064 2103 1109 σις
2140 1045 2338 1116 εὑρέθη
2383 1047 2737 1114 πλουτήσασα
2761 1083 2775 1105 ,
2816 1040 3282 1109 κεκαινοτόμηκεν
3313 1040 3447 1108 ἡμῖν
3470 1077 3486 1099 ,
3530 1038 3592 1090 τδ

2019 1137 2219 1206 μηκέτι
2277 1137 2377 1203 μὲν
2409 1137 2490 1199 εἰς
2524 1136 2650 1207 ᾅδου
2703 1137 2916 1206 τρέχειν
2965 1131 3062 1194 τάς
3112 1128 3223 1183 τῶν
3277 1126 3582 1198 ἀνθρώπιον

1988 1280 1993 1285 .
2014 1227 2498 1296 ἁπαλλαττομένας
2520 1225 2695 1295 ψυχάς
2727 1223 2868 1277 καθὰ
2897 1220 2994 1274 καὶ
3017 1218 3209 1288 πρώην
3230 1233 3243 1246 '
3273 1215 3591 1285 πέμπεσθαι

2015 1319 2073 1372 δὲ
2107 1318 2306 1387 μᾶλλον
2343 1319 2426 1381 εἰς
2453 1320 2642 1387 χεῖρας
2675 1314 2811 1368 Θεοῦ
2851 1314 3075 1379 ζῶντος.
3109 1312 3216 1362 Καὶ
3241 1309 3406 1361 το”το
3435 1306 3594 1369 εἰδὼς

2016 1411 2046 1462 6
2073 1407 2223 1477 ἅγιος
2260 1410 2535 1478 Στέφανος
2571 1408 2677 1476 ἔφη
2714 1406 2806 1471 τὸ,
2838 1424 2855 1456 ι
2883 1403 3081 1474 Κύριε,
3112 1400 3260 1467 δέξαι
3284 1398 3344 1451 τὸ
3377 1394 3593 1467 πνεῦμά

2063 1517 2146 1552 ου.
2190 1517 2208 1550 ι

2063 1517 2146 1552 ου.
2190 1517 2208 1550 ι

2021 1517 2060 1569 μ
2088 1591 2260 1645 Τοῦτο
2288 1591 2573 1659 οἰκονομία
2611 1584 2704 1660 ἦν,
2736 1588 2809 1651 ὡς
2837 1587 3035 1657 μηκέτι
3059 1583 3245 1637 λοιπὸν
3272 1582 3330 1635 ἐν
3368 1578 3595 1649 Ἱεροσο-

2017 1679 2210 1750 λύμοις
2253 1680 2463 1742 πάντας
2509 1679 2730 1731 καθῖσαι
2755 1717 2770 1740 ,
2809 1675 2978 1736 ἀδεῶς
3009 1674 3065 1726 δὲ
3109 1669 3495 1738 ἐπιμίγνυνται
3522 1665 3591 1733 τῇ

2020 1769 2306 1839 Σαμαρείᾳ
2334 1768 2522 1820 λοιπὸν
2542 1768 2589 1819 οἰ
2619 1764 2909 1823 ἀκούοντες
2938 1777 2952 1791 ·
3003 1778 3021 1809 ι
3049 1760 3141 1819 Εἰς
3167 1757 3287 1808 δδδν
3325 1752 3492 1806 ἐθνῶν
3518 1751 3594 1819 μὴ

1950 1819 1989 1876 Β
2472 1819 2508 1908 δι
2543 1855 2688 1921 Πλὴν
2722 1851 2831 1904 τῶν
2862 1819 3197 1906 ἀποστόλων,
3228 1861 3246 1894 ι
3286 1839 3454 1910 φησί.
3484 1839 3595 1928 Καί

2019 1950 2192 2023 ταύτῃ
2218 1927 2589 2019 προσάγεσθαι
2622 1943 2939 2015 βουλόμενοι
2964 1938 3091 2000 τοὺς
3132 1934 3440 2023 Ἰουδαίους,
3460 1927 3596 2023 ἀλλά

2023 2039 2098 2111 μὴ
2119 2020 2469 2107 κειταλείψειν
2501 2035 2598 2104 τὴν
2622 2034 2799 2098 πόλιν,
2828 2031 2925 2085 καὶ
2965 2029 3173 2097 ἑτέροις
3194 2022 3448 2111 γενέσθαι
3461 2020 3597 2111 θάρ-

2022 2108 2147 2192 σους
2173 2129 2357 2181 αἴτιοι.
2394 2125 2539 2197 ’Όρα
2561 2123 2679 2186 πῶς
2710 2119 2952 2191 ἀκριϐῶς
2984 2118 3116 2187 περ)⁸
3147 2112 3363 2167 Παύλου
3387 2108 3595 2179 διηγεῖ-

2018 2238 2132 2285 ται,
2165 2220 2252 2272 ἵνα
2287 2235 2371 2273 σοι
2404 2216 2554 2285 δείξῃ
2584 2213 2733 2266 θείαν
2765 2210 2863 2280 τὴν
2894 2208 3202 2277 ἐνέργειαν,
3251 2203 3335 2255 ὅτι
3369 2198 3597 2269 ὕστερον

2020 2311 2082 2363 ού
2115 2310 2275 2378 μόνον
2326 2308 2427 2360 οὐκ
2469 2304 2815 2361 ἐπίστευσεν,
2852 2297 2991 2352 ἀλλά
3025 2296 3119 2348 καὶ
3163 2291 3387 2363 μυρίαις
3429 2287 3597 2343 αὑτὸν

2022 2401 2182 2454 ἔϐαλε
2214 2398 2425 2470 χερσίν.
2457 2396 2604 2466 Ὅρα
2626 2394 2684 2446 δέ
2716 2391 2831 2454 πῶς
2863 2391 3026 2442 πάλιν
3056 2384 3395 2455 πειρασμοῦς
3414 2382 3444 2434 6
3464 2378 3597 2442 Θεὸς

2025 2494 2301 2565 συγχωρεῖ
2325 2489 2594 2558 γίνεσθαι,
2631 2487 2719 2538 ἶνα
2745 2483 2821 2554 μὴ
2843 2481 2909 2535 σὺ
2943 2478 3084 2565 μετά
3102 2475 3275 2565 ταῦτα
3304 2470 3598 2565 λέγῃς-ὅτι

2024 2557 2230 2651 χάῥὶὲέ
2266 2557 2402 2649 μόνῃ
2454 2572 2792 2644 κατώρθουν.
2836 2571 2898 2623 Et
2942 2563 3194 2628 εὐλαϐεῖς
3228 2560 3389 2634 ἦσαν,
3427 2559 3519 2651 διά
3545 2557 3598 2610 τί

2026 2648 2254 2725 κοπετὸν
2301 2648 2603 2738 ἐποίησαν;
2649 2663 2823 2719 Οὔπω
2858 2657 3000 2732 ἦσαν
3042 2656 3259 2711 τέλειοι.
3314 2648 3601 2738 Ἐπίχαρες

2023 2759 2092 2834 ἦν
2115 2765 2143 2815 ὁ
2174 2734 2485 2831 ἄνθρωπος,
2515 2757 2610 2810 καὶ
2635 2754 2791 2810 τοῦτο
2828 2752 3101 2805 δείκνυσιν
3137 2744 3339 2834 αὐτοὺς

2026 2826 2162 2913 πους
2194 2826 2376 2913 ὄντας,
2407 2848 2528 2918 οὐχὶ
2556 2846 2585 2898 6
2637 2844 2802 2914 φόϐος
2856 2841 3036 2912 μόνον,
3077 2834 3214 2893 ἀλλὰ
3256 2829 3352 2886 καὶ
3381 2831 3416 2915 η
3446 2826 3598 2897 λύπη

2027 2944 2121 2993 καὶ
2152 2942 2179 2992 6
2216 2936 2470 2998 κοπετός.

2099 3029 2274 3099 Πολλὴ
2302 3030 2336 3097 ἠ
2376 3033 2566 3097 μανία.
2598 3022 2660 3075 τὸ
2702 3020 2795 3075 καὶ
2819 3019 2981 3073 αὑτὸν
3025 3014 3185 3085 μόνον
3218 3005 3475 3099 εἷναιὶτδ
3504 3000 3599 3099 καὶ

2026 3099 2106 3181 εἰς
2135 3091 2471 3181 τοῦς-οίκους
2504 3113 2767 3166 εἰσιέναι·
2811 3107 2921 3161 ἀπὸ
2947 3106 3057 3174 γὰρ
3100 3106 3200 3169 τῆς
3234 3096 3453 3181 σφαγῆς
3472 3091 3603 3145 ταύ-

2031 3223 2132 3272 της
2188 3180 2521 3273 θρασύτερος
2550 3200 2795 3266 γέγονεν.
2838 3191 3140 3260 Ἑνίσχυσε,
3164 3188 3353 3258 φησὶν,
3390 3180 3606 3273 65097-

2033 3296 2155 3367 μὺς,
2185 3271 2280 3347 καὶ
2304 3292 2430 3353 τοὺς
2454 3287 2807 3347 διδασκάλους
2833 3282 3187 3353 ἐσκόρπισεν,
3218 3271 3608 3367 ὥστιοτλείονα

2032 3364 2288 3454 γενέσθαι
2319 3382 2417 3449 τὴν
2452 3376 2775 3449 μαθητείαν.
2805 3374 2922 3443 Οὐχ
2950 3368 3295 3454 όάπόστολος
3317 3364 3606 3454 Φίλιππος,

2030 3446 2060 3528 6
2094 3476 2153 3526 ἐν
2177 3475 2290 3530 τοῖς
2335 3446 2545 3523 δώδεκα
2583 3446 3022 3533 καταλεγόμενος
3055 3453 3208 3521 οῦτος
3237 3453 3305 3528 ἦν
3324 3496 3340 3521 ,
3378 3452 3492 3508 ἀλλ’
3523 3446 3608 3513 εἷς

2029 3566 2139 3619 τῶν
2161 3562 2304 3617 ἐπτά
2327 3560 2438 3613 τῶν
2468 3558 2602 3628 πρὸς
2626 3557 2724 3624 τὴν
2747 3553 2934 3624 χηρῶν
2965 3549 3278 3619 οίκονομίαν
3300 3543 3613 3600 καταστάνσ

2031 3673 2163 3721 των,
2201 3653 2260 3715 ὃς
2297 3650 2393 3703 καὶ
2422 3649 2513 3701 τδν
2546 3644 2799 3712 εὐνοῦχον
2833 3641 3119 3694 ἐϐάπτισε.
3160 3638 3284 3700 [ιῶς
3307 3636 3365 3689 δέ
3396 3632 3608 3690 καὶτὸν

2033 3748 2283 3816 Σίμωνα;
2315 3742 2526 3807 Ὥσπερ
2553 3735 2760 3789 καὶτὸν
2797 3731 2997 3785 Ἰούδαν
3041 3728 3276 3799 Χριστὸς
3302 3724 3607 3816 ἐξελέξατο.

2045 3814 2451 3904 ’ἀναιρεθέντος
2478 3828 2573 3881 τοῦ
2609 3823 2907 3892 Στεφάνου,
2950 3837 2970 3869 ι
3006 3819 3245 3886 διωγμὸς
3274 3816 3492 3883 ἐγένετο
3512 3814 3614 3884 μέ.

2032 3944 2135 3996 γας
2184 3925 2278 3976 ἐπὶ
2325 3921 2423 3991 τὴν
2467 3918 2821 3986 Ἐκκλησίαν,
2861 3912 2953 3966 καὶ
2984 3910 3184 3972 πάντες
3232 3904 3610 3975 διεσπάρησαν

2034 4019 2175 4073 κατὰ
2197 4017 2295 4079 τὰς
2323 4013 2529 4086 χώρας,
2558 4010 2699 4080 πλὴν
2729 4008 2839 4061 τῶν
2865 4025 2883 4058 ι
2926 4003 3130 4058 δώδεκα
3164 4020 3183 4053 ι
3211 3998 3545 4086 ἀποστόλωνζ
3583 4014 3605 4049 ι

2045 4108 2278 4179 Ὁμοίως
2471 4098 2627 4165 οὗτος
2647 4140 2663 4166 ,
2706 4098 2765 4162 δς
2800 4090 2880 4159 εἷς
2908 4094 3018 4148 τῶν
3047 4091 3192 4146 ἐπτά
3226 4088 3489 4142 διακόνων
3516 4080 3608 4155 ἦν,

2033 4202 2129 4254 καὶ
2174 4199 2268 4251 τὸν
2336 4193 2592 4264 εὐνοῦχον
2634 4189 2938 4261 βαπτίσας,
2974 4183 3174 4253 εὑρέθη
3219 4183 3301 4245 εἰς
3348 4180 3607 4243 Ἄζωτον.

2033 4294 2177 4365 Πρὸς
2208 4292 2265 4345 δέ
2301 4290 2645 4357 Καισάρειαν
2671 4283 2899 4354 ὥρμησε
2930 4280 3030 4349 τὴν
3061 4277 3224 4331 αὐτὸν
3253 4272 3607 4365 ἐνεγκοῦσαν.

2034 4363 2145 4454 Τῆς
2184 4381 2295 4449 γάρ
2328 4380 2422 4431 ἐπί
2461 4375 2718 4444 Στεφάνῳ
2757 4373 2934 4438 λύπης
2976 4366 3294 4437 πειραθεὶς,
3332 4364 3429 4417 καὶ
3477 4363 3611 4423 ἴσως

356 4455 666 4550 καθήμενον
704 4482 771 4533 ἐκ
826 4455 1015 4545 δεξιῶν
1050 4479 1146 4533 τοῦ
1181 4477 1341 4531 Θεοῦ’
1378 4496 1396 4529 ι
1456 4477 1551 4530 καὶ
1578 4476 1928 4547 βλασφημίαν
1963 4479 2005 4534 D
2033 4474 2215 4536 δείσας
2275 4470 2351 4542 μὴ
2403 4468 2512 4521 τῶν
2561 4466 2766 4536 ὁμοίων
2834 4463 3080 4532 μετάσχῃ
3110 4496 3128 4522 ,
3185 4455 3612 4525 ἐπαλινόστησεν

354 4573 420 4626 τὸ
449 4573 680 4642 πρᾶγμα
699 4571 1051 4636 καλέσαντες,
1073 4569 1364 4640 διέρρηξαν
1392 4568 1463 4621 τὰ
1481 4568 1673 4638 ἱμάτια
1707 4566 1887 4620 αὑτῶν
1914 4580 1931 4596 ·

354 4660 540 4724 οὕτως
592 4662 689 4714 καὶ
735 4659 992 4721 ἐνταῦθα,
1046 4679 1063 4711 ι
1094 4659 1162 4712 τὰ
1191 4652 1306 4711 ὦτα
1346 4658 1623 4728 συνέσχον.
1656 4677 1676 4709 ι
1710 4656 1935 4728 Ἐπειδὴ

356 4753 468 4818 γάρ
501 4745 623 4802 εἶπε
658 4749 786 4818 περὶ⁵
829 4746 924 4800 τοῦ
971 4746 1225 4809 θανάτου,
1288 4746 1382 4799 καὶ
1415 4747 1546 4815 περὶ
1587 4746 1934 4809 ἀναστάσεως

357 4839 509 4891 οῦδέν
540 4838 786 4908 διελέχθη
823 4852 836 4865 ⁸
887 4838 988 4890 κα.)⁵
1030 4835 1188 4888 τοῦτο
1235 4835 1460 4903 ἐθέλησε
1517 4835 1833 4904 προσθεῖναι
1872 4834 1936 4884 τὸ

358 4929 557 5000 δόγμα,
588 4932 676 4983 ἵνα
707 4930 807 4984 κᾶν
846 4929 989 4982 οῦτω
1021 4927 1278 4992 δέξωνται
1326 4927 1377 4977 οἰ
1409 4925 1679 4979 Ἰουδαῖοι.
1717 4924 1935 4994 Ἐπειδὴ

358 5019 424 5076 τὸ
453 5022 675 5074 καθίσαι
702 5018 960 5089 φορτικὸν
993 5019 1176 5082 αὐτοῖς
1205 5016 1378 5087 ἐφάνη
1403 5028 1420 5046 ⁸
1446 5017 1495 5068 οἰ
1521 5014 1578 5068 δὲ
1618 5032 1636 5065 ι
1679 5016 1933 5085 συνέσχον

359 5108 433 5165 τὰ
467 5107 607 5165 ὦτα.
648 5130 667 5162 ι

433 5206 604 5259 Πάλιν
657 5222 676 5255 ι
700 5203 805 5269 ἐξω
844 5204 943 5271 τῆς
979 5204 1222 5268 πόλεως,
1257 5220 1277 5254 ι
1320 5200 1511 5270 ῶσπερ
1543 5199 1642 5254 ἐπὶ
1673 5198 1768 5253 τοῦ
1796 5200 1935 5270 Χρι-

363 5295 492 5351 στοῦ
524 5312 540 5328 ·
584 5295 679 5348 καὶ
724 5296 781 5348 ἐν
835 5294 987 5363 αὺτῷ
1022 5294 1103 5363 τῷ
1147 5293 1365 5363 θανάτῳ
1407 5292 1441 5362 ἡ
1463 5292 1729 5361 ὁμολογία
1757 5290 1936 5345 καὶτὸ

359 5391 649 5459 κήρυγμα.
701 5384 1019 5447 Δεικνύντος
1056 5379 1126 5454 ἦν
1162 5382 1345 5448 τοῦτο,
1377 5380 1461 5433 ὅτι
1485 5381 1586 5434 οὐκ
1617 5379 1934 5444 ἀπόλλυται,

361 5481 460 5533 καὶ
510 5477 860 5538 διδάσκοντος
900 5473 1119 5538 αὐτούς.
1168 5475 1278 5528 Καὶ
1310 5473 1409 5543 οὐχ
1454 5472 1642 5536 ἁπλῶς
1665 5471 1884 5541 εὔχεται
1908 5472 1936 5522 6

365 5572 636 5642 μακάριος
664 5563 842 5633 οὗτος,
872 5567 1006 5622 ἀλλά
1054 5566 1195 5636 μετά
1236 5566 1513 5636 προσοχῆς
1549 5582 1567 5615 ι
1594 5563 1708 5626 θεὶς
1745 5562 1811 5615 τά
1838 5561 1933 5630 γό-

363 5679 520 5716 νατα.
563 5681 581 5713 ι
648 5660 782 5732 Ὁρᾷ
811 5660 957 5712 θεῖον
1005 5658 1156 5728 αὑτῷ
1199 5660 1289 5711 τὸν
1337 5658 1595 5723 θάνατον,
1639 5656 1809 5727 μέχρι
1834 5654 1930 5709 τοῦ

365 5753 431 5824 υ.
473 5753 663 5826 μέχρις
692 5746 779 5825 οὗ]
807 5751 1152 5825 συνεχώρησε
1196 5751 1295 5822 τὴν
1326 5750 1503 5822 ψυχὴν
1539 5748 1678 5805 εἶναι
1727 5747 1879 5819 αὐτῷ
1902 5749 1931 5801 ὁ

2034 4563 2242 4618 οἴκαδε.

2106 4653 2276 4707 Τοῦτο
2299 4651 2408 4721 γὰρ
2436 4651 2661 4719 σημεῖον
2685 4645 2938 4716 φανερὸν,
2970 4643 3071 4713 οὐχ
3090 4641 3172 4704 ὡςΔ
3192 4641 3242 4693 οἰ
3275 4639 3440 4711 μάγοι
3459 4637 3611 4691 ἐποί-

2034 4761 2167 4800 ουν’
2213 4745 2343 4806 ἴσως
2399 4742 2510 4811 γὰρ
2556 4740 2755 4792 ἐκεῖνοι
2800 4732 3078 4805 δεσμοῦσι.
3133 4731 3255 4794 Πῶς
3296 4728 3460 4783 αὐτὸν
3508 4727 3611 4781 οὐκ

2034 4839 2265 4903 ἀνεῖλον,
2296 4836 2486 4904 ὥσπερ
2537 4831 2793 4884 ’Δνανίαν
2817 4827 2914 4882 καὶ
2947 4823 3300 4893 Σαπφείραν;
3339 4821 3464 4873 Ὅτι
3510 4817 3610 4873 καὶ

2032 4932 2096 4985 τὸ
2125 4928 2357 4983 παλαιὸν
2393 4926 2422 4978 6
2456 4925 2527 4977 τὰ
2555 4922 2686 4988 ξύλα
2722 4918 2981 4983 συλλέξας
3013 4915 3251 4987 ἀνῃρέθη
3285 4914 3365 4976 είς
3404 4911 3608 4982 ἐτέρων
3671 4910 3676 4915 ’

2035 5018 2415 5092 σωφρονισμὸν
2437 5057 2452 5083 ,
2487 5017 2585 5069 καὶ
2611 5014 2712 5068 οὐκ
2743 5012 2824 5065 ἔτι
2856 5010 3043 5079 ἕτερος
3069 5008 3131 5061 τὸ
3157 5005 3291 5060 αὐτὸ
3318 5003 3607 5092 πέπονθεν.

2034 5091 2193 5169 Οὕτω
2224 5112 2319 5166 καὶ
2339 5109 2456 5164 νῦν.
2481 5108 2626 5178 Ὅρα
2648 5106 2743 5160 καὶ
2762 5102 2951 5173 ἓτερον
2974 5097 3282 5169 πειρασμὸν
3311 5095 3403 5147 τοῦ
3432 5091 3612 5161 Σίμωο

2033 5224 2123 5269 νος
2153 5221 2168 5236 ο
2211 5223 2230 5257 ι
2257 5203 2447 5272 Λέγων
2484 5195 2625 5253 εἷναί
2657 5213 2802 5261 τινα,
2846 5194 3033 5265 φησὶν,
3063 5190 3274 5244 ἐαυτόν.
3302 5204 3323 5240 ι
3374 5178 3543 5248 Οὗτος
3580 5185 3610 5238 ὃ

2035 5299 2219 5368 Σίμων
2268 5274 2641 5362 ὑπεκορίᾶατο
2676 5289 2805 5352 τοὺς
2842 5285 3198 5345 ἀποστόλους,
3245 5278 3339 5332 καὶ
3363 5278 3526 5340 αὐτὸς
3551 5275 3610 5330 δέ

2036 5386 2241 5456 ὁμοίως
2268 5386 2381 5449 τοῖς
2411 5384 2593 5446 ἄλλοις
2624 5380 2929 5448 ἐϐαπτίσθη
2958 5377 3063 5429 ὑπὸ
3086 5371 3181 5425 τοῦ
3204 5369 3495 5423 Φιλίππου.
3545 5368 3612 5422 Ol

2036 5479 2095 5531 δὲ
2126 5480 2329 5540 πάντες
2362 5476 2533 5546 χωρὶς
2567 5472 2734 5528 αὐτοῦ
2791 5468 3039 5534 ἐδέξαντο
3084 5462 3182 5533 τὴν
3214 5462 3321 5514 τῶν
3355 5459 3612 5529 μεγάλων

2035 5569 2347 5622 ἀποστόλων
2374 5565 2696 5637 παρουσίαν,
2722 5563 2816 5613 καὶ
2838 5560 2925 5611 διὰ
2948 5555 3050 5625 τῆς
3072 5555 3253 5609 αὐτῶν
3273 5552 3613 5623 χειροθεσίας

2038 5657 2231 5712 ἔλαϐον
2274 5655 2501 5724 Πνεῦμα
2539 5655 2716 5720 ἀγιον.
2762 5647 2983 5717 Ἐπειδή
3008 5664 3114 5717 περ
3136 5647 3164 5698 6
3193 5643 3487 5704 ἀπόστολος
3518 5642 3612 5694 Φί-

2036 5748 2235 5812 λιππος
2278 5746 2525 5809 διάκονος
2550 5741 2626 5795 ῶν
2654 5741 2756 5793 οὐκ
2793 5736 2937 5810 εἶχεν
2960 5736 3207 5805 ἐξουσίαν
3234 5736 3334 5806 τῆς
3365 5733 3609 5805 χεῖροθεο
