4058 6210
330 234 472 300 D89

1135 235 1666 300 EXPOSITIONIS
1705 240 1785 302 IN
1826 241 2014 302 ACTA
2037 242 2340 306 TEXTUS
2379 246 2739 310 TERTIUS.

3442 247 3581 316 1090

320 361 408 400 τιν
451 343 482 396 6
521 342 726 413 Πέτρος
771 341 1075 413 ἀναστῆσαι
1114 343 1351 416 ἀμελητὶ
1389 345 1613 416 νεκρόν·
1649 347 1772 400 ἐπεὶ
1797 347 1915 412 πῶς
1945 356 1982 410 Α
2017 352 2259 416 στάσεως
2291 353 2556 423 σύμϐολα.
2603 357 2764 418 Ἴσως
2816 355 2908 409 ἐπί
2946 356 3148 424 γόνατα
3183 359 3434 428 κείμενος
3484 359 3594 415 εἶδε

325 435 490 490 αὐτὸν
519 454 580 505 με
588 436 960 502 τεστείλαντο;

399 525 540 592 Ὅρα
571 523 630 575 τὸ
659 524 751 576 τοῦ
787 524 994 594 Πέτρου
1049 524 1276 594 ἄτυφον,
1307 527 1429 590 πῶς
1473 530 1533 582 οὐ
1564 529 1715 599 παρὰ
1735 528 1907 582 ταῦτα

335 614 402 686 [ί.
440 612 633 684 ταύτῃ]
659 613 833 682 μένει,
857 614 979 667 οὐδὲ
999 617 1125 686 παρ’
1145 616 1291 687 ἄλλῳ
1320 619 1430 671 τινὶ
1455 621 1565 672 τῶν
1593 621 1926 690 ἐπισήμων,.

327 705 463 758 ἀλλά
491 707 642 771 παρὰ
673 703 885 772 βυρσεῖ,
917 705 1002 759 διὰ
1043 707 1262 762 πάντων
1298 712 1377 772 είς
1407 713 1907 783 ταπεινοφροσύνην

329 798 474 866 ἡμᾶς
508 796 677 864 ἄγων,
705 794 827 848 οῦτε
857 799 983 860 τοὺς
1018 800 1256 863 εὐτελεῖς
1303 803 1658 871 αἰσχύνεσθαι
1699 804 1906 874 ἀφιεὶς,

327 887 452 941 οὔτε
485 888 611 950 τοὺς
643 888 914 957 μεγάλους
943 890 1288 960 ἐπαίρεσθαι.
1338 894 1578 948 Ἐδέοντο
1605 896 1712 967 γὰρ
1743 895 1908 950 αὐτοῦ

323 982 428 1049 τῆς
478 981 829 1044 διδασκαλίας
856 981 907 1034 οἱ
935 981 1022 1034 διὰ
1041 985 1108 1035 τὰ
1132 987 1333 1052 σημεῖα
1373 988 1782 1052 πιστεύσαντες.

400 1065 567 1134 Οὗτος
595 1073 696 1124 οὐκ
747 1073 894 1126 ἐστιν
953 1074 1221 1141 Ἰουδαῖος,
1247 1076 1280 1146 ἢ
1315 1078 1422 1130 τῶν
1451 1081 1555 1133 ὐπὸ
1577 1081 1669 1133 τὸν
1713 1082 1896 1150 νόμον,

329 1160 446 1213 ἀλλ’
487 1161 586 1230 ἢδη
619 1161 939 1230 προειλήφει
968 1163 1069 1232 τὴν
1122 1165 1394 1235 ἡμετέραν
1435 1168 1727 1223 πολιτείαν.
1767 1171 1908 1240 Ὅρα

329 1251 424 1304 δύο
453 1251 848 1316 πιστεύσαντας
881 1253 968 1307 ἐπ’
999 1254 1294 1325 ἀξιώμασι,
1323 1257 1413 1311 τόν
1439 1276 1498 1311 τε
1541 1260 1792 1330 εὐνοῦχον
1815 1262 1910 1315 καὶ

329 1338 520 1392 τοῦτον
542 1356 554 1370 ⁸
586 1341 682 1392 καὶ
711 1342 813 1410 ὅρα
839 1342 1040 1413 πολλὴν
1091 1344 1328 1414 σπουδὴν
1367 1347 1507 1416 ὑπὲρ
1536 1347 1742 1401 τούτων
1768 1366 1909 1416 γινοο

334 1432 525 1500 μένην,
558 1431 749 1501 καὶμὴ
775 1432 1006 1506 νομίσῃς
1054 1435 1142 1487 διὰ.
1183 1435 1252 1489 τὰ
1294 1437 1599 1507 ἀξιώματα,
1643 1439 1778 1492 ἀλλὰ
1820 1441 1908 1493 διὰ

329 1521 428 1589 τὴν
456 1522 762 1577 εὐλάϐειαν.
795 1525 892 1578 Διά
918 1527 1026 1596 γὰρ
1052 1526 1210 1580 τοῦτο
1232 1530 1326 1580 καὶ
1354 1531 1423 1581 τὰ
1447 1529 1734 1600 ἀξιώματα
1755 1532 1908 1600 τίθη-

331 1628 438 1676 σιν,
482 1611 569 1665 ἵνα
597 1613 798 1681 μείζων
855 1617 888 1684 ὴ
939 1615 1196 1671 εὐλάϐεια
1224 1618 1438 1689 δειχθῇ.
1471 1620 1625 1688 Μέγα
1655 1622 1815 1676 τοῦτο
1847 1623 1906 1676 τὺ

2015 443 2120 513 τὴν,
2155 445 2446 501 ὀπτασίαν.
2494 445 2649 515 Ἐμοὶ
2689 447 2834 499 δοκεῖ
2883 447 2976 500 καὶ
3014 449 3273 518 κήρυγμα
3303 451 3480 518 τοῦτο,
3515 453 3600 506 ὅτι

2011 534 2152 586 θεῖον
2180 530 2246 604 ἦν
2270 536 2331 588 τὸ
2361 537 2646 606 γινόμενον
2695 537 2816 591 τότε
2875 538 3080 593 ἄνωθεν
3119 540 3244 592 ἰδεῖν
3269 583 3282 605 ,
3310 543 3403 593 καὶ
3443 544 3504 596 τὸ
3535 545 3598 598 ἐν

2010 623 2264 675 ἐκστάσει
2295 624 2571 690 γενέσθαι,
2599 626 2693 678 καὶ
2723 628 2783 678 τὸ
2819 627 3001 694 φωνὴν
3037 629 3247 680 ἐκεῖθεν
3279 631 3592 701 ἐνεχθῆναι,

2011 713 2106 765 καὶ
2129 713 2190 765 1:6
2209 715 2326 783 τρὶς
2349 714 2706 784 ὁμολογῆσαι,
2765 719 2848 771 ὅτι
2881 719 3172 788 ἀκάθαρτά
3218 722 3347 785 είσι,
3395 724 3490 775 καὶ
3534 724 3596 776 τὸ

2010 803 2222 855 ἐκεῖθεν
2257 804 2433 874 ήκειν,
2458 805 2552 858 καὶ
2581 807 2700 857 ἐκεῖ
2725 807 3158 877 ἀνασπασθῆναι.
3210 811 3367 879 Μέγα
3397 813 3597 881 δεῖγμα

2011 893 2407 964 καθαρότητος.
2437 895 2535 948 Διὰ
2564 897 2616 948 τί
2661 897 2717 949 δέ
2749 902 2842 950 καὶ
2883 900 3038 952 τοῦτο
3078 902 3320 967 γίνεται;
3351 904 3447 955 Διὰ
3472 905 3596 966 τοὺς

2013 986 2150 1052 μετὶι
2193 985 2383 1050 ταῦτα,
2426 981 2506 1048 οἷς
2567 987 2751 1056 μέλλει
2794 988 3109 1058 ἐξηγεῖσθαι
3144 1011 3155 1021 ·
3202 992 3392 1060 ἐπειδὴ
3432 994 3596 1057 αὐτὸς

2011 1076 2274 1145 ἤκουσεν·
2313 1094 2331 1126 1
2374 1078 2466 1138 Είς
2501 1077 2620 1130 ὁδὸν
2665 1077 2833 1130 ἐθνῶν
2881 1063 2962 1148 μὴ’
2995 1079 3284 1150 ἀπέλθητε.
3322 1101 3340 1132 ι
3381 1081 3443 1134 Εἰ
3487 1082 3596 1154 γὰρ

2011 1169 2108 1220 καὶ
2135 1169 2440 1238 περιτομῆς
2495 1169 2688 1240 ἐδεήθη
2738 1171 2831 1223 καὶ
2862 1170 3052 1233 θυσίας
3086 1173 3115 1224 6
3149 1172 3378 1239 Παῦλος,
3417 1174 3596 1240 πολλῷ

2019 1259 2218 1327 μᾶλλον
2241 1259 2363 1310 τότε
2394 1261 2452 1311 ἐν
2480 1260 2620 1330 ἀρχῇ
2651 1261 2744 1313 τοῦ
2791 1261 3142 1332 κηρύγματος
3181 1264 3592 1334 ἀσθενεστέρων

2009 1347 2180 1400 ὄντων
2213 1347 2412 1401 αὐτῶν.
2439 1351 2597 1400 Δοκεῖ
2617 1349 2715 1418 μὲν
2744 1350 2879 1420 πρὸς
2901 1351 3061 1403 αὐτὸν
3095 1351 3398 1420 λέγεσθαιή
3421 1354 3592 1421 φωνὴ,

2009 1439 2069 1491 τὸ
2096 1438 2152 1495 δὲ
2182 1440 2290 1490 πᾶν
2345 1440 2480 1508 πρὸς
2517 1439 2808 1503 Ἰουδαίους
2841 1441 3078 1510 λέγεται.
3127 1443 3186 1494 Εἰ
3223 1442 3330 1510 γὰρ
3375 1444 3402 1496 6
3439 1443 3592 1496 διδά-

2013 1531 2212 1594 σκαλος
2257 1533 2599 1600 ἐπιτιμᾶται,
2666 1532 2846 1603 πολλῷ
2905 1533 3105 1604 μᾶλλον
3163 1527 3331 1587 οὗτοι.
3398 1532 3458 1585 'H
3498 1527 3593 1586 οῦν

2014 1621 2224 1684 σινδὼν,
2250 1623 2283 1692 ή
2314 1623 2387 1691 γῆ
2409 1638 2423 1652 ⁸
2460 1623 2527 1674 τὰ
2547 1623 2602 1675 δὲ
2642 1624 2700 1675 ἐν
2725 1625 2862 1695 αὐτῇ
2890 1624 3077 1694 θηρία,
3112 1625 3162 1676 οἱ
3201 1625 3258 1689 ἐξ
3289 1623 3458 1676 ἐθνῶν
3478 1638 3492 1653 ⁶
3532 1623 3594 1675 τὸ

331 1701 700 1770 ἐλεημοσύνας
743 1706 918 1756 ποιεῖν
969 1707 1064 1761 καὶ
1116 1708 1302 1777 εὐχάς.
1355 1712 1466 1764 Καὶ
1509 1712 1599 1765 διὰ
1629 1712 1790 1766 τοῦτο
1816 1715 1906 1768 τὸν
1941 1705 1982 1761 Β
2009 1713 2087 1776 δὲ,
2121 1733 2140 1764 ι
2185 1712 2356 1766 Θῦσον
2389 1715 2482 1766 καὶ
2504 1716 2668 1783 φάγε,
2699 1736 2716 1768 ι
2749 1717 2832 1769 ὅτι
2855 1715 3143 1777 κάκείνους
3168 1715 3248 1766 δεῖ
3275 1714 3592 1783 προσιέναι⁶

330 1789 502 1860 ἄνδρα
532 1793 679 1843 ποιεῖ
705 1791 1004 1863 γνώριμον,
1042 1796 1130 1850 ῖνα
1167 1799 1240 1865 μή
1275 1814 1359 1861 τις
1391 1800 1521 1871 εἴπῃ
1545 1800 1626 1853 ὅτι
1650 1800 1906 1870 ψεύδεται

329 1882 436 1933 τῶν
498 1882 733 1953 Γραφῶν
786 1886 820 1954 ή
882 1886 1174 1955 {exoptant
1234 1888 1330 1941 Ἐκ
1392 1891 1643 1960 σπείρης,
1681 1891 1904 1963 »φησί’

336 1976 533 2042 σπεῖρα
561 1975 615 2026 δέ
644 1978 790 2026 ἐστιν
809 1976 836 2027 6
855 1975 1189 2045 καλούμενος
1217 1979 1501 2052 νούμερος.

399 2065 499 2116 Διὰ
520 2064 573 2116 τί
609 2065 796 2134 βλέπει
829 2067 920 2119 τὸν
969 2069 1233 2137 ἄγγελον;
1269 2073 1362 2135 Εἰς
1397 2074 1774 2144 πληροφορίαν
1805 2076 1906 2128 Πέ-

333 2168 466 2222 τρου
495 2170 509 2184 ·
545 2153 752 2223 μᾶλλ.ον
791 2156 845 2210 δέ
884 2158 983 2210 οὐκ
1011 2159 1246 2227 ἐκείνου,
1293 2161 1428 2215 ἀλλά
1461 2163 1568 2215 τῶν
1598 2165 1773 2218 ἄλλων
1800 2167 1908 2219 τῶν

335 2244 762 2315 ἀσθενεστέρων.
801 2248 1025 2320 Ἐννάτῃ
1065 2251 1204 2322 ὥρᾳ,
1246 2253 1333 2306 ὅτε
1371 2255 1664 2324 φροντίδων
1693 2255 1906 2325 ήφίετο,

333 2335 434 2389 καὶ
456 2337 513 2389 ἐν
542 2337 744 2408 ἠσυχίᾳ
772 2333 840 2407 ἦν
869 2341 963 2393 καὶ
1012 2341 1321 2408 κατανύξει.
1349 2344 1468 2397 Ἵνα
1511 2344 1586 2415 μὴ
1620 2345 1704 2397 ἐπ’
1750 2347 1909 2399 ἄλλον

333 2425 580 2490 ἔλθωσιν,
611 2428 710 2480 οὐκ
739 2429 848 2482 ἀπὸ
876 2433 969 2482 τοῦ
997 2431 1286 2501 ἐπωνύμου
1313 2434 1493 2502 μόνον,
1523 2435 1658 2487 ἀλλὰ
1685 2437 1780 2489 καὶ
1803 2437 1911 2489 ἀπὸ

333 2513 426 2566 τοῦ
456 2517 625 2569 τόπου
651 2518 803 2588 δηλοῖ
830 2519 923 2572 τὸν
958 2521 1146 2591 ἄνδρα.
1182 2521 1347 2575 Ἴδετε
1385 2524 1500 2586 πῶς
1533 2524 1599 2576 τὰ.
1625 2525 1909 2594 ἀνακεχωο

336 2607 548 2678 ρημένα
589 2608 696 2661 τῶν
733 2610 940 2664 πόλεων
982 2611 1206 2666 ἐδίωκον
1240 2615 1288 2666 οἱ
1319 2614 1626 2678 ἀπόστολοι,
1661 2617 1752 2668 καὶ
1780 2617 1912 2684 ἐρη-

339 2697 466 2765 μίας
485 2697 640 2762 δντες
667 2701 809 2768 φίλοι
840 2705 934 2754 καὶ
967 2703 1195 2772 ἡσυχίας
1219 2721 1236 2770 ;
1286 2705 1350 2757 Τί
1373 2704 1485 2772 οῦν,
1520 2708 1568 2758 εί
1595 2705 1792 2777 συνέϐη
1819 2706 1912 2758 καὶ

337 2789 496 2843 ἄλλον
519 2788 694 2858 εἷναι;
738 2795 872 2848 Ἰδοὺ
903 2795 1016 2848 ἐστι
1073 2797 1166 2849 καὶ
1197 2797 1324 2851 ἄλλο
1369 2801 1618 2869 σημεῖον,
1648 2800 1709 2852 τὸ
1761 2799 1912 2869 παρὰ

338 2884 613 2940 θάλασσαν
642 2890 811 2942 οἰκεῖν
836 2905 849 2918 '
879 2891 980 2943 οὐκ
1013 2886 1134 2944 εἷπε
1168 2892 1225 2945 δέ
1257 2893 1345 2947 διὰ
1375 2895 1449 2957 τί,
1478 2893 1566 2946 ἵνα
1604 2893 1680 2965 μὴ
1709 2893 1911 2965 ἐλκύσῃ

337 2977 521 3042 αὐτὸν,
549 2979 662 3031 ἀλλ’
689 2981 901 3050 ἀφῆκεν
928 2981 1093 3034 αὐτὸν
1120 2983 1178 3036 ἐν
1211 2982 1477 3057 ἐπιθυμίᾳ
1502 2985 1597 3038 καὶ
1635 2985 1786 3055 πόθῳ
1814 2985 1914 3055 τῆς

337 3069 654 3139 ἀκροάσεως
700 3072 967 3138 γίνεσθαι.

417 3161 728 3232 Ὀρᾷςςούχ
748 3163 932 3226 ἁπλῶς
969 3163 1136 3218 ταῦτᾶ
1156 3165 1340 3232 φησιν,
1375 3166 1458 3218 ὃτι
1485 3166 1535 3218 οί
1572 3182 1914 3235 προσκαρτεο

341 3248 558 3320 ροῦντες
591 3251 739 3320 αὐτῴ
793 3253 1029 3305 τοιοῦτοι
1051 3251 1212 3324 ἦσαν.
1239 3255 1382 3323 Ὅρα
1403 3257 1458 3306 δὲ
1482 3257 1574 3306 καὶ
1599 3257 1660 3307 τὸ
1689 3256 1913 3321 ἄτυφον.

343 3359 362 3391 ι
405 3342 511 3392 Καὶ
547 3341 706 3411 ἤθελε
767 3342 1090 3410 γεύσασθαι.
1128 3340 1252 3397 ι’οὐ
1293 3346 1404 3412 γὰρ
1440 3343 1586 3408 εἷπε,
1631 3345 1917 3397 Καλέσατέ

341 3450 433 3502 μοι
458 3435 681 3504 Πέτρον,
702 3435 817 3487 ἀλλ’
840 3433 980 3487 ὥστε
1001 3437 1096 3487 καὶ
1118 3438 1301 3487 πεῖσαι
1325 3435 1633 3504 ἐξηγήσατο
1658 3436 1874 3489 ἅπαντα
1899 3451 1912 3467 ·

339 3525 434 3577 καὶ
465 3523 620 3577 τοῦτο
652 3526 1009 3594 οἰκονομικῶς
1030 3539 1044 3553 '
1077 3527 1138 3579 οὐ
1175 3527 1283 3595 γὰρ
1310 3525 1465 3595 ἠξίου
1487 3527 1595 3579 ἀπὸ
1621 3528 1714 3580 τοῦ
1753 3529 1917 3596 ἀξιώ-

341 3632 511 3685 ματος
540 3615 702 3669 αὐτὸν
730 3615 1208 3686 μεταπέμψασθαι.
1238 3617 1381 3686 Ὅρα
1412 3617 1528 3678 πῶς
1545 3619 1672 3680 τοὺς
1693 3623 1920 3689 καιροὺς

342 3708 563 3774 συνάγει
597 3708 658 3760 τὸ
720 3708 965 3777 Πνεῦμα,
996 3706 1119 3761 οὗτε
1169 3709 1385 3775 θᾶττον,
1417 3707 1542 3762 οὔτε
1591 3709 1919 3783 βραδύτερον

340 3798 472 3853 αὐτὸ
518 3799 663 3851 ποιεῖ
719 3798 991 3866 γενέσθαι.
1045 3800 1303 3853 Τουτέστι
1354 3801 1476 3854 κατ’
1531 3801 1670 3855 ίδίαν
1716 3806 1810 3858 καὶ
1863 3809 1922 3859 ἐν

340 3889 539 3961 ἡσυχίᾳ
574 3890 648 3952 ὡς
675 3892 731 3945 ἐν
757 3890 834 3961 τῷ
861 3890 1114 3960 ὑπερῴῳ.

413 3982 478 4034 Τί
531 3984 667 4045 ἐστι,
701 4000 720 4033 ι
795 3982 1085 4048 ἐκστασις;
1134 4002 1151 4033 ι
1190 3983 1541 4055 Πνευματική
1589 4002 1674 4048 τις
1723 3986 1921 4038 ὡσανεὶ

341 4074 544 4145 θεωρία
575 4074 798 4142 γέγονεν
828 4073 1000 4145 αὐτῷ,
1021 4076 1116 4128 καὶ
1147 4074 1420 4144 σώματος,
1444 4075 1517 4137 ώς
1551 4076 1618 4130 ἂν
1643 4077 1788 4131 εἴποι
1814 4096 1918 4142 τις,

343 4167 535 4236 ἐξέστη
576 4168 609 4236 ἡ
640 4167 810 4238 ψυχή.
855 4167 917 4218 'H
946 4167 1202 4229 ἔκστασις
1222 4167 1374 4237 δηλοῖ
1405 4168 1494 4220 καὶ
1520 4167 1620 4238 τὴν
1647 4169 1741 4221 ἐπὶ
1787 4168 1923 4221 θαυ.

343 4260 548 4330 μασμῷ
583 4260 867 4331 ἔκπληξιν,
924 4261 1017 4312 καὶ
1065 4260 1127 4313 τὸ
1157 4259 1265 4326 ἔξω
1295 4259 1405 4313 τῶν
1456 4260 1734 4330 αίσθητῶν
1766 4262 1920 4329 γενέ-

341 4351 488 4415 σθαι,
518 4353 610 4404 ἐπὶ
639 4355 710 4405 τὰ
739 4351 1087 4422 πνευματικὰ
1124 4351 1558 4422 ποδηγούμενον.

412 4445 687 4514 Σύμϐολον
730 4445 832 4514 τῆς
895 4445 1224 4515 οἰκουμένης
1275 4445 1495 4515 ἁπάσης
1549 4445 1578 4497 6
1629 4445 1918 4516 ἄνθρωπος

342 4538 642 4609 ἀκρότατον
667 4533 754 4606 ἦν.
780 4537 946 4590 Οὐδὲν
971 4536 1080 4607 γὰρ
1105 4535 1282 4589 κοινὸν
1310 4532 1422 4606 εἶχε
1443 4536 1580 4606 πρὸς
1608 4536 1920 4598 Ἰουδαίους.

348 4629 612 4698 Ἔμελλον
639 4626 802 4681 αὐτοῦ
826 4630 1150 4696 κατηγορεῖν
1185 4629 1438 4691 ἅπαντες,
1472 4626 1547 4689 ῶς
1578 4625 1917 4696 παραϐάτου.

345 4721 488 4790 ’Ὅρα
510 4720 604 4774 οῦν
637 4720 690 4772 τί
743 4720 1108 4787 οἰκονομεῖται
1137 4718 1228 4770 καὶ
1276 4719 1468 4782 αὐτός·
1497 4719 1669 4787 λέγει,
1698 4737 1715 4770 ι
1754 4717 1922 4771 Οὐδέ-

347 4828 476 4864 ποτε
505 4810 728 4880 ἐφαγον,
768 4829 786 4861 ι
822 4809 941 4879 οὐχὶ
1005 4809 1199 4871 αὐτοὺς
1249 4809 1524 4873 δεδοικὼς,
1564 4809 1637 4880 μὴ
1668 4809 1917 4877 γένοιτοί

347 4901 461 4956 ἀλλ’
495 4901 600 4954 ὐπὸ
621 4902 714 4954 τοῦ
751 4901 1068 4970 Πνεύματος
1094 4901 1481 4971 οἰκονομεῖται,
1509 4900 1576 4952 ἵν’
1607 4901 1704 4971 ἔχῃ
1726 4897 1923 4954 ἀπολο-

345 4976 470 5058 γίαν
511 4992 644 5061 πρὸς
665 4993 791 5054 τούς
818 4991 1206 5059 ἐγκαλοῦντας,
1236 4991 1317 5043 ὅτι
1352 4991 1444 5044 καὶ
1473 4989 1691 5043 ἀντεῖπε
1717 5008 1732 5024 ο
1777 4991 1919 5043 πάνυ

347 5081 455 5150 γὰρ
510 5080 705 5142 αὐτοὺς
749 5081 853 5133 ἔδει
911 5081 1003 5133 τὸν
1048 5079 1213 5150 νόμον
1272 5080 1582 5149 φυλάττειν.
1635 5080 1729 5143 Είς
1791 5079 1918 5151 ἔθνη

347 5171 648 5240 ἐπέμπετο,
671 5171 756 5224 ἴνα
790 5172 864 5240 μὴ
889 5167 1034 5226 οῦτοι
1064 5170 1226 5225 αὐτοῦ
1265 5173 1737 5243 κατηγορήσωσιν.
1779 5173 1921 5242 Ὅρα

349 5266 491 5317 πόσα
525 5262 752 5331 γίνεται.
793 5261 909 5316 ’Ίνα
953 5261 1063 5333 γὰρ
1105 5261 1180 5332 μὴ
1233 5261 1358 5332 δόξῃ
1419 5263 1718 5331 φαντασίαν
1746 5259 1916 5329 εἶναι,

347 5351 517 5410 Εἶπον
655 5349 821 5424 dm],
856 5352 1020 5422 φησί·
1056 5371 1074 5403 ι
1113 5353 1417 5422 Μηδαμῶς,
1453 5353 1644 5424 Κύριε.
1682 5372 1700 5404 ι

417 5449 484 5501 Δί
503 5450 766 5518 τέσσαρες
797 5446 964 5516 ἀρχαὶ
1021 5446 1088 5498 τὰ
1121 5447 1365 5518 τέσσαρα
1393 5453 1626 5519 στοιχεῖα
1656 5449 1874 5518 δηλοῦσι
1902 5466 1915 5478 ·

349 5538 518 5592 καὶτὸ
539 5537 704 5606 φανὲν
732 5535 922 5599 σκεῦος
968 5536 1059 5589 τὸν
1083 5535 1388 5608 παχύτερον
1409 5538 1608 5608 κόσμον
1640 5539 1916 5610 σημαίνει·

351 5629 445 5681 καὶ
477 5627 544 5682 τὰ
573 5627 802 5697 διάφορα
833 5625 947 5692 ζῶα
991 5626 1090 5696 τῆς
1120 5627 1229 5680 τῶν
1261 5627 1560 5698 ἀνθρώπων
1592 5629 1707 5682 ἐστὶ
1743 5645 1916 5682 κατα-

2013 1803 2074 1856 1:6
2101 1804 2158 1857 δέ
2189 1790 2369 1874 τρίτον
2391 1805 2550 1858 τοῦτο
2574 1806 2852 1873 γενέσθαι,
2878 1805 2940 1855 τὸ
2967 1805 3268 1872 βάπτισμα.
3300 1804 3474 1874 Πολλὴ
3502 1804 3595 1856 τοῦ

2015 1893 2332 1964 Πνεύματος
2380 1897 2412 1965 ὴ
2467 1895 2720 1958 ἐξουσία⁹
2786 1893 2814 1945 6
2864 1893 2972 1962 γὰρ
3008 1894 3152 1944 ποιεῖ
3193 1894 3220 1944 6
3248 1893 3400 1958 Θεὸς,
3438 1892 3598 1946 τοῦτο

2013 1985 2230 2052 λέγεται
2259 1985 2320 2038 τὸ
2347 1984 2571 2054 Πνεῦμα
2599 1983 2659 2036 τὸ
2685 1982 2842 2050 ἅγιον
2873 1985 3062 2036 ποιεῖν.
3104 1982 3160 2034 Ὀ
3213 1982 3311 2050 μὲν
3363 1983 3469 2053 γὰρ
3498 1985 3598 2050 ἄγ’

2013 2075 2168 2144 γελος
2195 2074 2292 2145 οὐχ
2320 2073 2513 2138 οὕτως,
2541 2075 2676 2127 ἀλλὰ
2701 2075 2916 2142 πρῶτον
2949 2073 3141 2137 εἰπὼν,
3174 2091 3191 2123 ι
3223 2073 3289 2124 Δί
3320 2074 3476 2143 εὐχαί
3502 2089 3596 2125 σου

2014 2170 2108 2222 καὶ
2152 2168 2210 2220 αί
2260 2167 2622 2236 ἐλεημοσύναι
2647 2183 2763 2229 σου,
2793 2184 2813 2216 ι
2850 2166 2936 2217 ἵνα
2959 2165 3106 2234 δείξῃ
3137 2165 3218 2217 ὅτι
3253 2166 3462 2217 ἐκεῖθεν
3485 2166 3595 2217 άπ-

2016 2259 2288 2312 έσταλται.
2315 2259 2388 2309 Τὸ
2419 2258 2475 2311 δέ
2511 2244 2734 2325 Πνεῦμα
2758 2257 2815 2308 οὐ
2825 2275 2855 2324 χ
2877 2253 3073 2318 οὕτως,
3107 2255 3247 2319 ἀλλ’,
3291 2273 3308 2307 ι
3330 2254 3454 2308 Ὅτι
3482 2254 3594 2322 ἐγὼ

2015 2352 2213 2414 αὐτοὺς
2243 2351 2345 2404 ἀπέ
2355 2350 2583 2402 σταλκα.
2623 2368 2641 2401 1

2087 2439 2209 2494 Εἶεε
2249 2440 2604 2512 στρατιώτην,
2653 2435 2792 2492 εἶδεν
2851 2438 3159 2508 ἄνθρωπον,
3204 2439 3304 2490 οὐκ
3355 2437 3594 2508 ἐφοϐήθη

2015 2534 2234 2588 λοιπόνο
2267 2533 2404 2588 ἀλλὰ
2427 2534 2692 2602 πρότερον
2725 2532 3066 2601 ὁμολογήσας
3097 2531 3261 2594 αὐτὸς
3293 2525 3453 2594 εἶναι,
3501 2531 3597 2583 καὶ

2022 2623 2287 2690 ζητήσας,
2335 2621 2455 2674 τότε
2483 2620 2582 2689 τήν
2620 2620 2799 2674 αἰτίαν
2844 2619 3168 2674 πυνθάνεται
3193 2635 3208 2650 ⁶
3232 2619 3307 2682 ώς
3331 2619 3388 2672 δὲ
3411 2619 3584 2672 θέλων

2018 2713 2210 2766 ἑαυτὸν
2239 2711 2606 2782 κατακρύψαι,
2640 2713 2746 2777 ἵνα,
2771 2712 2868 2765 ἐὰν
2889 2713 2986 2782 μὲν
3019 2712 3220 2775 εὐθέως
3265 2711 3596 2780 κατεπείγῃ,

2019 2805 2115 2858 καὶ
2139 2803 2430 2876 συνεξέλθῃ
2456 2819 2472 2835 ⁸
2515 2804 2583 2858 ἂν
2611 2804 2668 2857 δὲ
2711 2803 2808 2874 μὴ,
2867 2805 2958 2858 ῖνα
3005 2803 3185 2874 ξενίσῃ
3213 2805 3293 2865 είς
3325 2803 3416 2855 τὸν
3448 2797 3598 2854 οἷκον

2021 2897 2241 2957 αὐτούς.
2285 2896 2526 2964 Λέγουσι
2575 2894 2644 2947 τὰ
2691 2893 2964 2964 ἐγκώμια,
2997 2893 3136 2947 ὥστε
3167 2895 3353 2946 πεῖσαι
3390 2894 3472 2945 ὅτι
3501 2891 3598 2958 ἄγ-

2021 2987 2178 3056 γελος
2205 2985 2361 3056 ὤφθη
2401 2986 2570 3054 αὐτῷ.
2600 2986 2764 3054 Ὅρα,
2799 2986 2964 3038 πόθεν
2995 2987 3028 3056 ή
3073 2984 3214 3054 ἀρχὴ
3250 2985 3459 3051 γίνεται
3487 2983 3596 3034 τῶν

2018 3079 2208 3142 ἐθνῶν,
2250 3078 2357 3132 ἀπὸ
2396 3078 2587 3148 ἀνδρὸς
2603 3077 2864 3140 εὐλαϐοῦς
2882 3076 3034 3141 ἀξίου
3067 3077 3325 3144 φανέντος
3357 3076 3465 3129 ἀπὸ
3487 3075 3594 3127 τῶν

2016 3170 2214 3240 ἔργων.

2085 3261 2176 3328 Μὴ
2206 3261 2632 3330 καταφρονήσῃς
2658 3276 2674 3292 ο
2701 3260 2798 3326 οὐχ
2828 3259 2903 3321 ὡς
2934 3259 3295 3327 καταφρονῶν
3325 3257 3595 3327 ἔπεμψεν,

2016 3348 2130 3402 ἀλλ’
2170 3349 2460 3418 ἐκελεύσθη
2495 3349 2692 3410 οῦτως.
2727 3347 2885 3401 Μετὰ
2935 3348 3251 3418 παρρησίας
3283 3348 3471 3400 λοιπὸν
3502 3349 3599 3400 καὶ

2020 3441 2410 3504 συνδιαιτᾶται,
2445 3439 2540 3492 καὶ
2577 3435 2742 3510 ἦλθον
2791 3439 2890 3491 σὺν
2922 3439 3072 3507 αὐτῷ
3116 3440 3165 3491 οἱ
3198 3438 3370 3493 ἄλλοι.
3401 3438 3596 3499 Καλῶς

2018 3527 2110 3583 οῦν
2164 3530 2428 3599 πρότερον
2479 3529 2882 3598 φιλοφρονεῖται
2937 3528 3066 3591 τοὺς
3109 3527 3328 3598 ἄνδρας,
3369 3529 3465 3582 ’ἁτε
3490 3529 3597 3582 ἀπὸ

2021 3618 2269 3686 καμάτου
2295 3618 2455 3679 ὄντας
2485 3618 2580 3669 καὶ
2599 3619 2793 3669 οίκειοῖ
2815 3618 3028 3671 ἑαυτόν.
3056 3616 3163 3669 Καί
3180 3635 3320 3680 τινες
3348 3618 3598 3688 ἔρχονται

2024 3708 2140 3780 μετ’
2163 3707 2327 3761 αὐτοῦ
2347 3724 2359 3738 ⁸
2386 3708 2480 3760 καὶ
2506 3705 2664 3759 τοῦτο
2701 3706 3088 3774 οἰκονομικῶς,
3119 3706 3260 3759 ὥστε
3300 3705 3440 3762 εἶναι
3463 3710 3600 3779 μάρ-

2018 3818 2189 3873 τυρας
2222 3801 2358 3867 μετὰ
2387 3797 2582 3858 ταῦτα,
2607 3798 2696 3850 ὅτε
2741 3796 2860 3848 δέον
2897 3797 3345 3865 ἀπολογήσασθαι
3379 3799 3469 3852 τὸν
3497 3801 3600 3853 Πέ-

2021 3909 2169 3964 τρον.
2217 3890 2517 3958 Ἐπίσημος
2568 3883 2637 3957 ἦν
2687 3889 2714 3940 6
2759 3887 2919 3955 ἀνὴρ,
2951 3886 3045 3938 καὶ
3074 3887 3131 3937 ἐν
3165 3888 3422 3957 ἐπισήμῳ
3444 3891 3598 3944 πόλει

2021 3983 2331 4053 τυγχάνων·
2370 3979 2458 4034 διὰ
2512 3978 2668 4032 τοῦτο
2725 3977 2902 4030 πάντα
2958 3977 3190 4044 γίνεται,
3224 3979 3319 4030 καὶ
3352 3979 3460 4032 άπὸ
3499 3981 3598 4048 τῆς

2034 4074 2290 4134 Ἰουδαίας
2322 4071 2494 4142 ἀρχὴν
2516 4069 2784 4139 λαμϐάνει
2811 4068 2873 4121 τὸ
2903 4071 3155 4138 πρᾶγμα.
3193 4067 3328 4137 Οὐχὶ
3351 4069 3408 4120 ἐν
3441 4068 3598 4140 ῦπνῳ

2021 4169 2194 4238 ὤφθη,
2220 4166 2338 4220 ἀλλ’
2368 4162 2714 4233 ἐγρηγορότι,
2742 4165 2799 4215 ἐν
2821 4161 3005 4232 ἡμέρᾳ
3041 4162 3168 4230 περὶ
3199 4161 3396 4232 ἐνάτην
3423 4161 3596 4232 ὥραν.

2021 4262 2207 4320 Οῦτως
2248 4256 2398 4327 αὐτῷ
2443 4257 2733 4324 προσεῖχε·
2769 4255 3047 4306 καὶτοῦτο
3093 4253 3272 4321 φίλου,
3305 4252 3367 4306 τὸ
3397 4255 3454 4307 ἐν
3485 4256 3601 4317 τοῖς

1954 4363 1997 4420 ι)
2025 4351 2248 4420 ἀγαθοῖς
2289 4345 2560 4400 ποιεῖσθαι
2625 4344 2919 4406 κοινωνοὺς
2963 4343 3092 4406 τοὺς
3139 4341 3476 4412 ἀναγκαίους
3509 4343 3602 4413 φί-

2020 4443 2166 4505 λους.
3540 4505 3549 4513 .

2091 4533 2262 4587 Τοῦτο
2293 4531 2356 4605 [Ῑ.
2385 4530 2582 4602 τούτῳ]
2637 4530 2733 4583 καὶ
2767 4529 2892 4588 τοὺς
2921 4527 3115 4590 ἄλλους
3167 4528 3465 4594 παιδεύων,
3499 4528 3598 4582 καὶ

2020 4628 2097 4697 τῷ
2127 4626 2245 4696 Θεῷ
2269 4623 2630 4696 εὐχαριστῶν,
2697 4621 2793 4674 καὶ
2830 4621 2888 4673 τὸ
2943 4620 3198 4672 ταπεινὸν
3222 4621 3283 4672 τὸ
3312 4619 3481 4673 αὐτοῦ
3509 4622 3600 4674 ἐν-

2021 4718 2384 4786 δεικνύμενος.
2415 4715 2560 4786 Ὀρα
2587 4714 2702 4775 πῶς
2752 4713 2857 4782 πρὸ
2884 4711 2992 4764 τῶν
3009 4710 3183 4764 ἄλλων
3215 4709 3374 4766 τοῦτο
3402 4713 3602 4778 αὐτοὺς

2023 4808 2359 4871 παιδεύουσι,
2399 4805 2530 4875 μηδέ
2569 4804 2633 4874 [Ῑ.
2676 4800 2865 4874 μηδὲν]
2905 4801 3046 4870 μέγα
3083 4803 3210 4871 περὶ
3240 4803 3420 4856 αὐτῶν
3451 4820 3592 4872 φαν-

2021 4898 2282 4963 τάζεσθαι
2308 4913 2320 4927 ο
2351 4898 2444 4949 καὶ
2480 4897 2607 4963 περὶ
2644 4895 2742 4963 τῆς
2767 4892 2862 4946 τοῦ
2885 4892 3020 4946 Θεοῦ
3046 4894 3454 4965 φιλανθρωπίας
3481 4895 3600 4948 διαο

2022 4989 2262 5056 λέγεται,
2300 4986 2394 5039 καὶ
2417 4987 2690 5040 δείκνυσιν
2724 4985 2810 5036 ὅτι
2872 4983 3124 5053 μεγάλως
3175 4985 3358 5047 αὐτοῖς
3404 4985 3594 5054 ἐχαρί-

2023 5081 2200 5134 σατοὸ
2221 5078 2374 5140 Θεός.
2405 5077 2516 5131 Καὶ
2542 5078 2664 5146 ὅρα,
2704 5074 2821 5138 πῶς
2858 5075 3018 5144 ὁμοῦξ
3049 5076 3143 5127 καὶ
3176 5075 3386 5143 μεγάλα
3423 5072 3593 5140 φθέγ-

2022 5187 2199 5240 γεται,
2260 5168 2354 5221 καὶ
2412 5166 2713 5237 μετριάζει.
2765 5164 2839 5218 Οὐ
2893 5165 3001 5233 γὰρ
3042 5161 3221 5217 εἶπεν⁹
3261 5163 3594 5230 Ἄνθρωποι,

2025 5259 2215 5330 μηδενὶ
2240 5257 2623 5322 καταξιοῦντες
2645 5254 2960 5315 κολλᾶσθαι,
2981 5255 3214 5324 ἤλθομεν
3245 5252 3378 5321 πρὸς
3409 5251 3554 5319 ὑμᾶς
3579 5267 3596 5284 ·

2022 5352 2156 5406 ἀλλὰ
2204 5352 2256 5404 τί
2300 5367 2314 5415 ;
2357 5369 2374 5401 ι
2417 5336 2608 5418 Ὑμεῖς
2653 5345 2970 5410 ἐπίστασθε,
3009 5365 3027 5397 ι
3073 5347 3100 5396 6
3133 5341 3264 5404 Θεὸς
3291 5339 3445 5394 τοῦτο
3472 5343 3596 5396 ἐκέ-

2019 5446 2198 5510 λευσε,
2261 5443 2574 5513 παράνομον
2623 5436 2761 5494 εἶναι
2812 5460 2829 5491 ι
2874 5434 3190 5500 κολλᾶσθαι,
3234 5433 3595 5506 ἢπροσέρχε-

2023 5538 2145 5591 σθαι
2175 5535 2478 5604 ἀλλοφύλῳ.
2521 5552 2538 5585 ι

2093 5625 2458 5696 Σημειωτέον,
2493 5625 2574 5678 ὃτι
2621 5623 2781 5685 αὐτὸς
2811 5625 2839 5676 ὁ
2881 5619 3012 5684 Θεὸς
3051 5620 3320 5695 ἐπέτρεψε
3348 5619 3427 5693 τῷ
3456 5620 3592 5691 Χρι-
