4058 6210
329 243 477 312 1093
1164 231 1698 299 EXPOSITIONIS
1738 229 1820 291 IN
1876 228 2064 287 ACTA
2096 228 2400 289 TBXTUS
2426 227 2785 288 TERTIUS.
3435 223 3566 288 1094

324 372 453 409 ποτε
485 351 705 422 εφαγον,
729 348 866 419 πρδς
897 346 1055 400 τοῦτο
1081 346 1112 398 6
1144 346 1330 413 ἔλεγον
1352 346 1572 406 ἐκεῖνοι,
1599 344 1685 396 611
1715 361 1735 393 ι
1762 340 1889 394 Είσ-
1922 340 1960 393 Λ
1997 335 2271 403 ἐγκώμιον
2326 334 2483 388 τοῦτο
2531 333 2669 404 πρὸς
2709 336 2957 397 ἅπαντας
2986 331 3179 402 στῆσαι
3204 330 3450 399 δύναται,
3477 332 3565 385 ὅτι

323 444 493 514 ἦλθες
527 440 621 496 καὶ
648 439 951 510 συνέφαγες
984 438 1187 500 αὐτοῖς.
1218 455 1237 488 ι
1267 435 1437 490 Τοῦτο
1471 434 1527 488 δὲ
1570 433 1706 502 πρὸς
1742 434 1888 503 Κορ-
1996 427 2093 480 τοῦ
2147 427 2415 494 στόματος
2473 427 2682 479 ἐκείνου
2740 425 2993 479 τοσοῦτον
3040 423 3320 494 ἀπήλαυσε
3371 423 3563 492 χρόνον

326 510 507 607 νῠήλιον
531 534 594 586 06
625 533 776 601 λέγει
797 547 812 563 ·
847 530 910 584 o6
937 531 1046 599 γὰρ
1085 524 1154 598 ἦν
1188 529 1424 597 ἀνάγκη.
1466 527 1653 599 Ὁρᾷς,
1684 526 1765 579 ὅτι
1793 524 1889 581 τοῦ
2208 514 2318 568 τῶν
2342 514 2516 567 ἄλλων
2540 513 2768 567 ἀπασῶν
2792 511 2903 565 ’διὸ
2934 512 3030 565 καὶ
3066 510 3296 581 πρώτως
3327 511 3565 568 ἐνταῦθα

329 602 648 696 Πνεῦματος
698 624 733 693 ἡ
786 620 1113 692 νομοθεσίας
1174 619 1269 672 καὶ
1312 618 1462 672 οὐδὲν
1506 617 1892 685 ταπεινότερον
1995 604 2089 657 τοῦ
2104 604 2363 696 ᾆνὸμστος
2385 604 2712 674 ἠξιώθησαν.
2743 603 2905 673 ὐρᾷς
2925 602 3139 656 Παύλου
3155 602 3214 655 τὸ
3236 603 3566 674 κατόρθωμα

331 717 462 769 616v
478 716 576 785 τὴν
596 713 706 767 τῶν
725 711 973 780 ἀδελφῶν
1001 708 1302 780 μαρτυρίαν
1326 706 1610 776 ἐπάγεται.
1633 707 1745 760 Ούκ
1769 703 1892 760 εἷπε

266 870 281 881 _
324 806 396 860 τά
422 805 580 875 παρά
617 803 710 856 τοῦ
742 801 974 871 ἀγγέλου
1002 798 1260 870 ρηθέντα,
1296 798 1377 851 611
1419 794 1537 849 εἷπε
1568 797 1647 865 τῷ
1674 796 1890 867 Κορνη-

327 898 462 968 λίῳ·
508 916 527 946 ι
564 894 631 948 Αί
653 890 952 963 προσευχαί
991 907 1084 942 σου
1121 890 1214 941 καὶ
1251 889 1308 941 αί
1339 886 1694 957 ἐλεημοσύναι
1717 902 1832 952 σου,
1868 905 1888 939 ι

329 991 423 1045 καλ⁸
455 987 522 1041 τὰ
552 987 714 1056 ἑξῆς·
742 984 877 1040 ἀλλά
911 983 959 1037 τί
990 998 1166 1053 φησι;
1201 997 1222 1032 ι
1250 979 1489 1049 Λαλήσει
1515 977 1733 1049 ῥήματα
1762 977 1895 1048 πρὸς

332 1081 416 1141 σὲ,
440 1082 497 1132 ἐν
526 1073 608 1140 οἷς
641 1076 866 1145 σωθήσῃ
913 1074 977 1127 σὺ
1012 1074 1108 1126 καὶ
1149 1075 1258 1134 πᾶς
1286 1072 1316 1124 6
1349 1066 1495 1132 οἶκός
1533 1085 1649 1122 σου.
1675 1086 1694 1120 ι
1726 1067 1898 1121 Τοῦτο

214 1212 223 1217 .
332 1169 559 1230 εἰκότως
587 1165 932 1236 πρόσκειται,
965 1164 1061 1216 καὶ
1113 1163 1268 1216 οὐδὲν
1300 1162 1449 1228 λέγει
1487 1161 1616 1230 περὶ
1645 1159 1744 1227 τῆς
1773 1160 1896 1212 ἐπι-

330 1256 536 1317 εικείας
560 1255 654 1309 τοῦ
676 1254 889 1325 ἀνδρός.
918 1252 1025 1306 Τοῦ
1052 1252 1364 1322 Ilva-611610;
1395 1249 1894 1321 πέμψαντοςτφησὶ,

330 1343 427 1399 τοῦ
454 1343 591 1399 Θεοῦ
635 1343 991 1405 κελεύσαντος
1024 1343 1113 1396 διά
1162 1340 1258 1395 τοῦ
1298 1340 1556 1410 ἀγγέλου.
1598 1340 1897 1406 Ἐντεῦθεν,

331 1436 631 1501 αἰτοῦντος,
669 1434 889 1497 λύοντος
941 1434 1041 1505 τὴν
1076 1432 1352 1503 διάκρισιν
1385 1432 1496 1485 τῶν
1532 1432 1899 1502 πραγμάτων,

330 1529 386 1581 τί
413 1528 636 1597 ποιῆσαι
678 1528 820 1593 ἔδεις
856 1526 999 1580 Ἀλλ’
1036 1526 1100 1578 06
1150 1525 1298 1593 λέγει
1332 1524 1536 1579 τούτων
1575 1525 1749 1587 οὐδὲν,
1781 1524 1900 1578 ἀλλ’

331 1620 443 1672 ἀπὸ
486 1617 583 1671 τοῦ
634 1617 860 1685 ὑστέρου
911 1615 1270 1687 ίσχυρίζεται,
1321 1614 1351 1669 6
1406 1617 1501 1670 καὶ¹
1552 1615 1695 1669 κατά
1742 1613 1901 1671 τοῦτο

330 1710 432 1761 ἀνα
440 1708 813 1777 μφισϐήτητον
833 1702 901 1777 ἦν
925 1706 1247 1776 τεκμήριον.

404 1797 515 1850 K61
545 1797 645 1851 οὐκ
667 1797 919 1867 ἀρκεῖται
946 1795 1145 1866 τούτῳ,
1171 1794 1306 1849 ἀλλά
1336 1795 1432 1847 καὶ
1464 1795 1744 1865 μνήματος
1772 1796 1903 1850 ἀνα-

334 1889 632 1959 μιμνήσκει
658 1887 754 1941 τοῦ
790 1885 1017 1955 Κυρίου.
1035 1887 1119 1939 ὅτι
1142 1885 1294 1938 οὐδὲν
1320 1885 1631 1956 καινότερον
1656 1885 1900 1954 γέγονεν,

332 1977 448 2031 ἀλλ’
484 1977 672 2047 ὥσπερ
708 1976 1005 2045 προεῖπεν·
1055 1993 1076 2027 ι
1118 1974 1261 2029 Ἀλλ’
1302 1975 1403 2029 οὐκ
1428 1972 1533 2029 ἔδει
1554 1974 1847 2045 βαπτίσαι;
1876 1995 1895 2028 ι

346 2069 488 2124 Ἀλλ’
508 2069 759 2140 ἀπηρτίω
778 2068 841 2122 16
863 2068 1165 2139 βάπτισμα·
1205 2069 1379 2123 καὶοὺ
1404 2069 1550 2137 λέγει
1566 2084 1583 2100 ·
1612 2069 1900 2123 Ἐκέλευσα

333 2160 531 2222 66106;
564 2158 964 2229 βαπτισθῆναι·
993 2156 1131 2210 ἀλλά
1158 2158 1243 2222 τίς
1278 2157 1560 2211 Δείκνυσιν
1588 2157 1755 2211 αὐτὸν
1791 2174 1900 2227 μη-

335 2250 424 2302 δὲν
481 2250 800 2319 ποιήσαντα.
833 2249 1012 2318 Ὅπερ
1059 2248 1380 2318 ἐσχήκαμεν
1410 2286 1427 2311 ,
1479 2247 1668 2319 φησιν,
1717 2249 1898 2318 ἡμεῖς,

335 2341 529 2394 ἔλαϐον
556 2343 775 2395 ἐκείνοι.
816 2341 935 2394 Ἵνα
982 2338 1245 2408 μειζόνως
1291 2339 1502 2393 ἑαυτῶν
1546 2338 1802 2410 ἐμφράξῃ
1832 2338 1904 2390 τά

339 2434 602 2504 στόματα,
636 2431 723 2486 διὰ
745 2431 904 2486 τοῦτο
936 2430 1263 2501 προσέθηκε⁴
1295 2447 1314 2481 ι
1335 2428 1434 2499 τὴν
1473 2427 1594 2498 ἴσην
1618 2428 1847 2498 δωρεάν.
1877 2446 1897 2479 ι

349 2524 533 2594 Ὁρᾷς,
562 2523 679 2586 πῶς
708 2522 811 2576 οὐκ
841 2520 1066 2590 ἀφίησιν
1092 2520 1291 2583 66106;
1315 2518 1538 2572 ἔλαττον
1569 2518 1718 2588 σχεῖν
1755 2534 1771 2583 ;
1808 2516 1904 2573 καὶ

338 2618 398 2670 06
428 2617 598 2684 λέγει,
651 2616 802 2687 ύμῖν,
847 2613 984 2679 ἀλλ’,
1041 2631 1061 2664 ι
1119 2614 1275 2682 ἡμῖν.
1306 2630 1324 2664 ι
1359 2611 1425 2662 Τί
1468 2607 1901 2673 ἀναξιοπαθεῖτε,

339 2709 468 2761 ὅταν
496 2708 658 2777 ἡμεῖς
693 2705 984 2768 κοινωνοὺς
1012 2704 1208 2767 66106;
1239 2702 1500 2771 λέγομενς
1536 2698 1730 2763 Βαϐαὶ,
1761 2699 1901 2769 πόση

340 2796 640 2864 ἀπολογίαί
675 2796 750 2850 06
779 2795 888 2866 γὰρ
924 2791 1044 2847 εἷπε
1064 2808 1079 2824 ·
1111 2791 1298 2849 Ταῦτα
1329 2786 1422 2845 οὖν
1457 2789 1657 2850 εἰδότες
1702 2787 1907 2859 ἡσυχά-

342 2890 493 2954 ζετε·
522 2888 663 2947 ἀλλὰ
686 2887 778 2953 τίς
812 2886 1035 2956 Δέχεται
1055 2884 1234 2938 αὐτῶν
1262 2882 1364 2952 τὴν
1387 2881 1599 2952 ὁρμὴν,·
1615 2879 1710 2934 καὶ
1736 2881 1905 2947 ἐγκα-

342 2980 523 3033 λοῦσιν
567 2978 942 3045 ἀπολογεῖται·
980 2975 1112 3036 ιΤίς
1134 2975 1281 3045 ἤμην
1303 2971 1526 3032 δυνατὸς
1555 2969 1798 3024 κωλῦσαι
1831 2984 1847 3031 ς
1880 2986 1901 3020 ι
1936 3012 1981 3072 c

347 3067 557 3138 σφόδρα
581 3065 949 3134 ἐντρεπτικῶς
977 3065 1071 3119 καὶ
1102 3063 1316 3134 βαρέως
1333 3079 1347 3094 ·
1387 3061 1510 3116 ὅθεν
1528 3060 1715 3114 λοιπὸν
1734 3060 1911 3131 φοϐη-

346 3159 548 3222 θέντες,
603 3177 622 3208 ι
647 3156 919 3227 ἡσύχαζον
970 3156 1069 3210 καὶ
1141 3153 1386 3217 ἐδόξαζον
1427 3152 1520 3205 τὸν
1568 3151 1720 3204 Θεόν.
1760 3167 1784 3200 ι
1832 3150 1911 3204 06

346 3248 542 3321 μικρὸν
605 3247 934 3318 κατόρθωμα
982 3247 1012 3298 6
1055 3244 1293 3312 διωγμὸς
1351 3242 1564 3310 γέγονε.
1624 3241 1749 3301 Τοῖς
1802 3239 1912 3308 γὰρ

342 3339 600 3408 ἀγαπῶσι
628 3339 720 3392 τὸν
780 3335 913 3390 Θεὸν
952 3334 1128 3388 πάντα
1172 3333 1427 3403 συνεργεῖ
1468 3331 1549 3394 είς
1576 3330 1638 3383 16
1669 3327 1908 3396 ἀγαθόν.

345 3434 459 3485 Οὐκ
492 3432 579 3496 ἂν,
608 3431 662 3485 εί
687 3446 751 3498 γε
780 3427 1030 3497 ἐπίτηδες
1054 3423 1390 3478 ἐσπούδασαν
1417 3420 1614 3491 στῆσαι
1644 3418 1744 3490 τὴν
1784 3419 1911 3472 Ἑκ-

346 3523 599 3591 κλησίαν,
641 3521 769 3575 ἀλλο
818 3536 870 3572 11
919 3516 1204 3587 ἐποίησαν,
1279 3514 1313 3585 ἢ
1364 3511 1558 3566 τοῦτο·
1603 3510 1913 3579 διέσπειραν

347 3615 472 3676 τοὺς
498 3609 873 3672 διδασκάλους.
898 3609 1063 3678 Ὀρα,
1096 3605 1201 3658 ποῦ
1249 3604 1312 3658 16
1360 3604 1625 3674 κήρυγμα
1662 3598 1912 3667 ἐξετάθη,

356 3720 375 3752 ι
411 3702 517 3765 ἓως
562 3699 813 3766 Φοινίκης
840 3735 858 3760 ,
907 3696 1002 3748 καὶ
1048 3692 1315 3764 Κύπρου,
1350 3691 1448 3744 καὶ
1496 3687 1855 3756 ’Δντιοχείας·
1888 3702 1909 3736 ι

349 3793 523 3848 οὐδενὶ
573 3791 760 3861 μέντοι
793 3786 1039 3849 ἐλάλουν,
1071 3800 1090 3835 ι
1143 3784 1193 3835 εί
1222 3782 1298 3852 μὴ
1343 3781 1525 3851 μόνοις
1567 3776 1858 3838 Ἰουδαίοις.
1891 3791 1911 3825 ι

353 3883 577 3938 [(61615
610 3878 881 3948 Στέφανος
935 3873 1202 3946 ἀνῃρέθη,
1249 3870 1343 3924 καὶ
1394 3868 1606 3929 Παῦλος
1648 3863 1916 3920 διεκινδύ-

351 3988 531 4034 νευσε,
567 3970 663 4022 καὶ⁷
687 3970 735 4020 οί
791 3963 1081 4023 ἀπόστολοι
1123 3957 1538 4031 ἐμαστίχθησαν
1589 3956 1684 4008 καὶ
1716 3954 1919 4023 ἠλάθη-

354 4079 475 4122 σαν.
506 4062 626 4116 τότε
657 4059 724 4114 τά
749 4058 876 4126 ἐθνη
918 4053 1215 4124 ἐδέχθησαν
1237 4068 1251 4081 ·
1277 4049 1306 4102 6
1334 4047 1428 4102 καὶ
1473 4044 1684 4108 Παῦλός
1715 4060 1882 4113 φησιν
1902 4060 1917 4076 ·

360 4174 379 4208 ι
408 4156 573 4226 Ὑμῖν
609 4149 677 4224 ἦν
717 4149 933 4221 πρῶτον
971 4147 1271 4216 λαληθῆναι
1312 4140 1607 4209 ἀναγκαῖον
1643 4137 1734 4192 τὸν
1765 4137 1920 4207 λόγον

350 4246 449 4302 τοῦ
479 4244 611 4301 Θεοῦ
630 4260 645 4274 ·
674 4244 800 4295 ἐπεὶ
860 4240 917 4293 δέ
948 4236 1243 4301 ἀπωθεῖτε,
1297 4232 1407 4287 1606
1470 4227 1816 4300 στρεφόμεθα
1843 4229 1923 4291 είς

1998 697 2079 757 είς
2104 695 2229 747 ὅσον
2274 694 2480 763 ἐπῆρεν
2509 692 2643 763 ὕψος
2672 691 2862 763 ῶσπερ
2892 710 2944 745 τι
2986 693 3206 762 σημεῖον
3258 692 3320 744 16
3358 691 3563 762 ὅνομα;

2003 780 2177 836 Ἔνθα
2204 782 2496 851 τρισχίλιοι
2524 781 2620 834 καὶ
2649 780 3074 849 πεντακισχίλιαι
3103 778 3450 844 ἐπίστευσαν,
3473 783 3565 833 καὶ

2000 871 2137 925 τωλὺ
2180 871 2404 940 πλῆθος,
2436 871 2591 924 οὐδὲν
2647 869 2890 924 τοιοῦτον
2918 869 3159 938 γέγονεν,
3204 868 3322 922 ἀλλ’
3370 869 3422 921 οί
3467 869 3566 938 τῆς

2000 960 2121 1014 ὀδοῦ
2177 961 2380 1030 ἥκουον
2401 976 2416 991 ·
2448 959 2682 1014 ἐνταῦθα
2712 960 2768 1013 δὲ
2803 960 3118 1030 Χριστιανοὶ
3151 959 3564 1029 ὠνομάσθησαν.

2003 1047 2445 1122 [ΛΜΜΩΝιΟΥ.]
2470 1049 2816 1121 Σημειωτέον
2856 1050 2939 1103 ὅτι
2970 1049 3172 1119 μᾶλλον
3208 1051 3244 1119 ἡ
3271 1049 3569 1120 ’Δντιοχεία

2001 1139 2089 1191 6151
2113 1137 2272 1191 τοῦτο
2297 1138 2526 1202 δεόντως
2556 1137 2760 1208 ἠξιώθη
2790 1138 2985 1206 θρόνου
3016 1139 3355 1207 ἀρχοντικοῦ,
3381 1138 3569 1205 ἐπειδὴ

2004 1231 2119 1287 ἐκεῖ
2149 1231 2433 1301 προτέρως
2468 1229 2954 1300 ἐχρηματίσθησαν
2979 1230 3028 1281 οί
3066 1229 3407 1297 Χριστιανοί.
3436 1229 3569 1298 Χρι-

2007 1322 2223 1384 στιανὸς
2251 1321 2362 1392 γὰρ
2393 1320 2564 1391 ὄνομα
2598 1318 2888 1383 πολυθεῖας
2923 1320 3236 1373 ἀντίπαλον.

2075 1412 2142 1464 Τί
2172 1411 2228 1465 δέ
2251 1429 2421 1483 φησιν
2469 1413 2497 1465 6
2519 1413 2774 1481 Χριστὸς,
2798 1412 2881 1465 ὅτι
2910 1431 2929 1463 ι
2969 1410 3027 1464 '0
3050 1411 3210 1480 νόμος
3237 1410 3331 1463 1111
3354 1409 3403 1462 οί
3435 1427 3570 1480 προ-

2006 1500 2290 1572 φῆταιέως
2312 1501 2596 1568 ἰωάννους
2630 1521 2649 1554 ι
2679 1503 2814 1573 Περὶ
2840 1502 3062 1556 ἐκείνων
3110 1500 3245 1571 φησὶ
3300 1500 3409 1555 τῶν
3441 1517 3571 1568 προ-

2009 1592 2197 1662 φητῶν
2227 1595 2336 1648 τῶν
2373 1592 2473 1665 τὴν
2511 1593 2820 1662 παρουσίαν
2863 1592 3028 1647 αὑτοῦ
3078 1590 3571 1671 προαναφωνησάν-

1930 1672 1975 1737 Β
2003 1702 2135 1741 των,
2174 1685 2455 1757 Κυπρίους
2490 1683 2649 1753 ἔσχον
2700 1683 3051 1746 διδασκάλους
3079 1683 3173 1737 καὶ
3206 1683 3572 1752 Κυρηναίους,

2008 1776 2100 1828 καὶ
2152 1773 2397 1827 Παῦλον·
2452 1772 2567 1828 ἀλλ’
2601 1767 2754 1834 οὗτος
2798 1771 3154 1840 ὑπερέϐαινεν
3185 1771 3413 1833 66106;,
3449 1771 3575 1824 ἐπεὶ

2007 1869 2104 1920 καὶ
2133 1864 2343 1928 Παῦλος
2384 1865 2635 1918 ’Δνανίαν
2682 1863 2778 1919 καὶ
2829 1862 3118 1931 Βαρνάϐαν
3153 1861 3278 1932 ἔσχε
3319 1862 3573 1916 διδασκά-

2006 1957 2154 2019 λους.
2187 1955 2304 2009 Ἵνα
2334 1956 2442 2025 γὰρ
2483 1956 2561 2024 μὴ
2609 1952 2938 2019 νομίσωσιν,
2971 1952 3051 2006 611
3083 1954 3113 2006 6
3144 1950 3298 2021 λιμὸς
3325 1952 3572 2022 γέγονε-ι,

2005 2047 2087 2098 δτι
2108 2045 2531 2115 Χριστιανισμὸς
2560 2043 2836 2114 είσῆλθεν,
2851 2044 2934 2096 ὅτι
2959 2042 3211 2112 δαίμονές
3234 2042 3572 2113 ἀπέστησαν,

2008 2135 2266 2206 προλέγει
2320 2136 2379 2187 16
2411 2134 2636 2204 Πνεῦμα
2682 2134 2746 2189 16
2792 2133 2969 2198 ἆγιον.
3022 2131 3183 2184 Ἀλλά
3217 2133 3374 2184 τοῦτο
3418 2132 3577 2186 οὐδὲν

2008 2229 2353 2294 θαυμαστόν·
2401 2227 2492 2281 καὶ
2539 2225 2648 2295 γὰρ
2696 2225 2725 2277 6
2777 2222 3013 2293 Χριστὸς
3059 2224 3338 2291 προεῖπεν,
3366 2222 3427 2275 οὐ
3485 2223 3575 2274 διὰ

2006 2318 2397 2387 τοῦτο,ἐπειδὴ
2452 2316 2514 2380 ἐξ
2566 2318 2741 2385 ἀρχῆς
2772 2313 2931 2373 τοῦτο
2955 2312 3207 2380 γενέσθαι
3253 2311 3380 2373 ἔδει,
3436 2311 3575 2363 ἀλλά

2009 2407 2217 2463 καὶδιά
2247 2407 2317 2461 τά
2350 2406 2496 2463 κακά
2524 2404 2592 2459 τά
2623 2405 2704 2468 είς
2745 2403 2871 2469 106;
2905 2400 3236 2464 ἀποστόλους
3267 2400 3533 2469 γενόμενα
3554 2416 3570 2431 ·

2009 2499 2106 2553 καὶ
2133 2495 2594 2568 ἐμακροθύμησεν
2628 2497 2657 2548 6
2678 2493 2809 2559 656;
2832 2509 2847 2524 ·
2878 2492 2955 2558 ώς
2996 2492 3055 2545 δὲ
3087 2491 3380 2556 ἐνέκειντο,
3420 2490 3574 2561 λιμὸς

2015 2591 2186 2660 μέγας
2212 2588 2446 2656 γίνεται,
2488 2586 2712 2657 μηνύων
2757 2586 2870 2649 τοῖς
2915 2582 3183 2647 Ἰουδαίοις
3232 2580 3304 2635 τὰ
3340 2584 3576 2652 ἐσόμενα

2012 2679 2162 2737 κακά
2182 2697 2198 2714 ·
2230 2680 2326 2734 καὶ
2359 2678 2461 2748 ὅρα
2495 2676 2625 2733 πότε
2654 2674 2887 2745 γίνεται,
2912 2675 3003 2728 ὅτε
3052 2674 3146 2727 καὶ
3175 2670 3380 2727 ἐθνικοὶ
3407 2688 3576 2743 προσ-

2010 2771 2303 2840 ετέθησαν.

2084 2864 2228 2936 ’Ὅρα
2252 2862 2440 2925 αὐτοῖς
2472 2859 2566 2914 τὸν
2591 2856 2749 2928 λιμὸν
2775 2857 2948 2911 αἴτιον
2982 2854 3254 2927 σωτηρίας
3281 2853 3376 2909 καὶ
3401 2853 3576 2922 ἀφορ-

2016 2958 2122 3030 μὴν
2151 2953 2520 3027 ἐλεημοσύνης
2550 2952 2874 3021 γενόμενον·
2910 2948 3009 3004 καὶ
3044 2949 3163 3019 ἀμα
3197 2946 3576 3008 πιστεύοντας.

2012 3050 2131 3122 ἅμα
2186 3048 2284 3103 καὶ
2339 3043 2845 3117 καρποφοροῦντας,
2887 3043 2950 3095 06
2998 3042 3112 3103 τοῖς
3150 3039 3338 3100 αὐτοῖς
3390 3036 3576 3108 μόνον,

2015 3141 2153 3195 ἀλλά
2188 3140 2284 3192 καὶ
2316 3138 2429 3199 τοῖς
2463 3136 2678 3206 πόρρω·
2711 3134 2874 3187 Ὥστε
2916 3130 3009 3185 οῦν
3047 3131 3145 3184 καὶ
3191 3126 3579 3199 πρεσϐυτέρων

2010 3226 2154 3299 εἶχον
2182 3227 2340 3291 ἀξίαν
2366 3226 2420 3278 οί
2447 3224 2737 3277 ἀπόστολοι
2755 3238 2769 3252 ·
2820 3220 2918 3274 καὶ
2948 3221 3006 3273 ἐν
3034 3219 3180 3288 άλλῳ
3207 3217 3263 3270 δὲ
3297 3212 3583 3299 κεφαλαίῳ

2012 3297 2406 3384 σεσημείωται,
2458 3313 2542 3365 611
2592 3310 2858 3365 διακόνων
2916 3308 3013 3362 καὶ
3068 3305 3387 3360 ἐπισκόπων
3433 3297 3581 3371 εῐχον

2012 3404 2246 3477 βαθμὸν.
2280 3403 2439 3455 Ποῖον
2464 3399 2694 3471 καιρόν;
2734 3399 2838 3453 Τὸν
2864 3398 2958 3452 ἐπὶ
2989 3395 3256 3451 Κλαυδίου
3281 3391 3579 3462 Καίσαρος.

2011 3495 2173 3560 Γάϊος
2203 3493 2315 3563 γὰρ
2363 3491 2717 3560 αὐτοκράτωρ
2765 3487 3054 3558 Ῥωμαίων
3109 3484 3420 3555 Ἀγρίππαν
3452 3480 3582 3533 καθ-

2017 3582 2199 3653 ίστησι
2265 3580 2494 3651 βασιλέα
2534 3579 2634 3647 τῆς
2667 3576 2952 3639 Ἰουδαίας,
2996 3576 3087 3628 16v
3131 3572 3378 3644 Ἡρώδην
3411 3569 3582 3637 ἐξορί-

2015 3688 2114 3736 σας
2175 3671 2234 3722 ἐν
2282 3667 2599 3737 Λουγδούνῳ
2665 3666 2765 3733 τῆς
2815 3664 3073 3726 Γαλλίας,
3101 3663 3197 3715 66v
3246 3664 3314 3732 τῇ
3364 3657 3584 3728 γυναικὶ

2026 3761 2337 3835 Ἡρωδιάδι.
2365 3753 2534 3823 Οὗτός
2561 3760 2706 3811 ἐστιν
2728 3756 2757 3809 6
2786 3757 2928 3809 κατὰ
2950 3753 3012 3807 16
3042 3752 3212 3815 πάθος
3245 3750 3342 3804 τοῦ
3376 3748 3587 3819 Κυρίου

2018 3853 2366 3926 βασιλεύσας,
2415 3851 2490 3913 ώς
2539 3850 2743 3919 ίστορεῖ
2788 3844 3114 3929 Ἰώσηππος,
3182 3841 3277 3929 καὶ
3327 3840 3584 3903 Εὐσέϐιος

2033 3950 2213 4012 καλῶς
2252 3947 2421 4016 λέγει,
2451 3945 2534 3998 611
2571 3940 2815 4012 Ἡρώδης
2848 3941 2877 3992 6
2906 3927 3161 4007 βασιλεὺς
3196 3927 3352 3995 0610;
3380 3931 3481 3985 οὐκ
3514 3927 3588 4001 ἦν

2019 4041 2113 4094 ἐπὶ
2146 4038 2243 4093 τοῦ
2271 4034 2533 4107 Χριστοῦ.
2573 4033 2689 4086 Οὐκ
2714 4030 2797 4084 ἐτι
2840 4028 3106 4092 Ἰουδαῖοι,
3135 4026 3169 4096 ἢ
3206 4026 3264 4078 16
3308 4022 3588 4092 συνέδριον

2018 4132 2179 4186 τοῦτο
2202 4131 2369 4194 ποιεῖ,
2396 4126 2509 4180 ἀλλ’
2546 4126 2575 4177 6
2618 4120 2901 4194 βασιλεύς·
2936 4118 3138 4190 μείζων
3167 4119 3201 4188 ἡ
3238 4114 3455 4180 ἐξουσία
3492 4110 3591 4165 καὶ

2020 4223 2050 4276 6
2072 4221 2330 4290 πόλεμος,
2373 4217 2484 4287 δσῳ
2522 4214 2656 4284 πρὸς
2692 4212 2852 4284 χάριν
2886 4209 3098 4281 ἐγίνετο
3144 4209 3258 4271 τοῖς
3293 4202 3587 4266 ⁹Ιουδαίοις.

622 4352 640 4387 ι
675 4334 835 4395 Ἴσως
866 4330 954 4385 διὰ
977 4328 1039 4384 16
1062 4328 1139 4399 μὴ
1171 4296 1368 4379 εἰδέναι
1403 4296 1689 4392 Ἐϐραϊστί
1722 4319 1915 4389 Ἕλλη·
1951 4335 1998 4392 D
2025 4312 2159 4375 Θέα,
2194 4311 2277 4363 611
2311 4307 2495 4361 πιστοὶ
2523 4304 2736 4376 ἄνδρες,
2769 4301 2862 4405 καὶ
2907 4300 2971 4353 16
2996 4297 3062 4405 ἐς
3088 4297 3269 4405 αὐτῶν
3310 4296 3586 4405 σύστημαζ

355 4444 451 4491 νας
484 4425 682 4487 66106;
721 4421 970 4475 ἐκάλουν.

424 4516 522 4570 Διά
548 4514 603 4568 τί
650 4512 745 4568 καὶ
792 4510 887 4565 νῦν
927 4511 963 4577 ἡ
995 4509 1104 4562 τῶν
1133 4504 1375 4576 σημείων
1413 4501 1628 4571 ἀνάγκη
1657 4497 1917 4567 γέγονεν;

356 4609 478 4664 Ἵνα
511 4604 866 4660 πιστεύσωσι.
895 4599 992 4652 Διά
1014 4598 1067 4651 τί
1097 4597 1174 4667 μὴ
1202 4593 1405 4663 Παύλῳ
1426 4591 1750 4662 γράφουσιν,
1785 4587 1920 4641 ἀλλὰ

355 4696 643 4768 Βαρνάϐαν
674 4692 979 4762 πέμπουσιν
999 4704 1016 4754 ;
1039 4685 1206 4741 Οὔπω
1232 4682 1325 4738 τοῦ
1358 4682 1548 4753 ἀνδρὸς
1573 4680 1793 4751 ᾔδεισαν
1821 4677 1922 4749 τὴν

357 4788 594 4858 ἀρετήν·
650 4784 1018 4852 οἰκονομεῖται
1060 4778 1118 4832 δὲ
1165 4773 1452 4846 Βαρνάϐαν
1494 4770 1919 4842 παραγενέσθαι,

358 4876 547 4945 ἐπειδὴ
565 4877 660 4929 καὶ
694 4873 896 4943 πλῆθος
916 4866 1009 4942 ἦν,
1027 4868 1123 4921 X61
1150 4867 1326 4927 οὐδεὶς
1345 4865 1373 4915 6
1406 4860 1652 4919 κωλύων.
1685 4860 1924 4927 Εἰκότως

356 4963 689 5035 ἐϐλάστησεν
713 4963 747 5034 ἡ
775 4962 978 5022 πίστις,
997 4960 1092 5011 καὶ
1118 4956 1350 5026 μάλιστα
1373 4952 1455 5005 ὅτι
1477 4949 1709 5004 ἐνταῦθα
1734 4948 1924 5003 οὐδένα

362 5054 660 5123 ὑπέμειναν
721 5051 1063 5124 πειρασμὸν,
1119 5050 1212 5105 καὶ
1267 5045 1478 5110 Παῦλος
1529 5043 1807 5116 κηρύττει.
1847 5045 1924 5099 O6

357 5145 555 5198 ταύτόν
586 5144 702 5195 ἐστι
731 5142 864 5195 Θεὸν
911 5139 1113 5210 ἀγαθὸν
1144 5133 1305 5202 εἶναι,
1349 5136 1446 5193 καὶ
1489 5135 1678 5208 ἀνδρα,
1715 5136 1776 5191 '0
1824 5134 1925 5204 μὲν

359 5235 491 5305 γὰρ,
515 5234 635 5286 κατ’
662 5232 850 5286 οὐσίαν
875 5231 1019 5303 ἀρχὴ
1053 5231 1149 5284 καὶ
1195 5229 1348 5301 πηγὴ
1378 5226 1453 5281 ὢν
1496 5225 1717 5296 ἀγαθῶν
1742 5243 1757 5258 ·
1791 5227 1820 5279 6
1846 5225 1925 5289 δέ,

361 5324 423 5377 06
456 5325 577 5377 κατ’
607 5321 794 5375 οὐσίαν
826 5322 1106 5389 τυγχάνει,
1140 5318 1257 5372 ἀλλ’
1309 5317 1367 5370 ἐν
1411 5316 1677 5387 ἀναλήψει
1727 5314 1925 5384 ἀρετῆς

362 5412 477 5483 ἔχει
499 5410 680 5467 τοῦτο.
717 5409 925 5471 Ὄντως
959 5408 1047 5462 διὰ
1071 5406 1229 5461 τοῦτο
1263 5404 1498 5459 ἐνταῦθα
1524 5402 1928 5475 ἐχρηματίσθη-

365 5522 466 5559 σαν
492 5503 776 5559 καλεῖσθαι
806 5501 1145 5573 Χριστιανοὶ,
1167 5501 1250 5554 611
1294 5497 1505 5560 Παῦλος
1531 5494 1765 5551 ἐνταῦθα
1793 5510 1929 5547 τοσ-

363 5592 517 5648 οῦτον
548 5593 806 5663 ὑπέμεινε
865 5590 1072 5660 χρόνον.
1113 5588 1187 5642 Οὐ
1245 5586 1441 5658 μικρὸν
1472 5586 1527 5639 δὲ
1563 5585 1662 5656 τῆς
1720 5582 1927 5644 πόλεως

2038 4400 2335 4471 Ἐκκλησία
2387 4398 2653 4452 καλεῖται.
2691 4396 2802 4447 Καὶ
2833 4393 2920 4446 ἵνα
2956 4391 3144 4462 μηδεὶς
3185 4389 3339 4458 λέγῃ,
3368 4388 3452 4440 611
3501 4384 3591 4438 διά

2019 4493 2181 4548 τοῦτο
2202 4491 2372 4554 ἀδεῶς
2407 4484 2792 4557 κατατολμῶσι
2822 4482 2914 4536 τοῦ
2947 4481 3202 4545 θανάτου,
3223 4479 3318 4532 ἀτε
3347 4476 3589 4545 ἐξαρπά-

2022 4588 2205 4653 ζοντος
2235 4584 2430 4646 66106;
2461 4581 2556 4634 106
2587 4579 2746 4645 Θεοῦ,
2781 4576 3053 4648 συγχωρεῖ
3086 4571 3440 4645 ἀναιρεθῆναι
3467 4570 3592 4632 τοὺς

2026 4675 2380 4747 κορυφαίους,
2422 4670 2692 4741 Στέφανον
2726 4669 2821 4723 καὶ
2863 4665 3139 4721 Ἰάκωϐον.
3197 4663 3308 4717 Καὶ
3355 4676 3595 4731 σημειω-

2023 4769 2164 4833 τέον,
2199 4767 2281 4819 611
2332 4761 2545 4833 πρῶτος
2589 4758 2968 4831 ἐμαρτύρησεν
3009 4759 3037 4809 ὁ
3069 4752 3321 4818 Ἰάκωϐος
3367 4752 3432 4804 ἐκ
3481 4749 3596 4803 τῶν

2024 4858 2254 4911 δώδεκα.
2283 4853 2451 4907 Πάλιν
2476 4854 2511 4922 ἡ
2533 4847 2763 4919 περιττὴ
2789 4849 2897 4901 τῶν
2929 4846 3197 4901 Ἰουδαίων
3219 4841 3593 4914 ἀκριϐολογία,

2027 4948 2236 5003 ἀνελεῖν
2266 4944 2366 5016 μὲν
2409 4942 2671 5007 ἐκώλυον,
2699 4941 2757 4993 ἐν
2790 4938 2847 4992 δέ
2880 4938 3057 5008 καιρῷ
3090 4935 3319 5002 τοιούτῳ
3369 4932 3597 4987 τοιαῦτα

2028 5042 2317 5112 ἔπραττον.

2092 5108 2478 5198 ᾧιλοστοργίας
2504 5118 2573 5195 ἦν
2605 5141 2624 5174 ι
2669 5124 2704 5194 ἡ
2733 5120 3014 5192 προσευχὴ
3062 5118 3307 5186 ἐκτενής.
3340 5133 3359 5165 ι
3402 5108 3595 5164 Ἀκού-

2033 5238 2161 5277 σατε
2215 5217 2333 5283 πῶς
2363 5216 2625 5270 διέκειντο
2670 5214 2765 5267 ἐπὶ
2794 5214 2921 5278 106;
2971 5211 3320 5267 ἀποστόλους.
3356 5203 3495 5273 Ὅρα
3539 5199 3599 5252 δὲ

2033 5313 2240 5384 Πέτρον
2284 5307 2638 5371 καθεύδοντα,
2673 5305 2766 5358 >161
2798 5305 2898 5358 οὐκ
2944 5303 3074 5355 ὄντα
3109 5302 3167 5351 ἐν
3215 5294 3444 5364 ἀγωνίᾳ,
3477 5290 3598 5384 οὐδὲ

2031 5407 2089 5458 ἐν
2116 5379 2267 5472 (ρόϐῳ
2317 5401 2453 5469 αὐτῇ
2481 5400 2548 5467 τῇ
2589 5395 2765 5458 νυκτὶ,
2854 5390 3189 5463 προάγεσθαι
3225 5385 3447 5456 ἔμελλεν
3468 5398 3481 5413 ·
3509 5379 3598 5435 οἷα

2031 5494 2087 5547 δέ
2116 5473 2405 5560 δύναταῘή
2457 5489 2755 5560 προσευχὴ,
2792 5489 2855 5538 ἐκ
2890 5483 3080 5539 τούτου
3131 5480 3409 5551 μάθωμεν.
3461 5477 3599 5546 Φέρε

2034 5571 2257 5638 κάκεῖνο
2297 5582 2641 5649 ἐξετάσωμεν
2662 5620 2677 5637 .
2722 5575 2885 5633 Εἶπεν
2929 5578 2958 5630 6
2987 5574 3219 5644 Χριστός
3238 5588 3253 5605 ·
3292 5590 3312 5627 ι
3338 5571 3433 5643 Μὴ
3461 5568 3597 5639 κτη-
