4058 6210
501 187 640 253 1095

1445 172 1987 236 TIIEOPHYLACT
1994 172 2017 230 Ι
2047 169 2456 232 BULGARIIE
2495 169 2846 229 ARCHIEP.

3589 164 3742 231 1096

494 301 659 371 τησοι
693 293 910 367 χρυσδνν
948 291 980 360 ἧ
1009 289 1270 360 ἄργυρον.
1309 287 1342 356 ἢ
1385 285 1478 338 δύο
1503 285 1755 354 χιτῶνας.
1783 284 1816 353 ἢ
1852 283 2052 352 ζώνην,
2084 288 2129 344 Α
2161 301 2263 337 σαν
2317 283 2606 371 ἐποίησαν.
2663 301 2681 333 ι
2713 280 3078 343 Εἰσελθόντες,
3112 281 3264 371 φησὶ,
3305 281 3518 336 λαλεῖτε
3569 285 3625 336 ἐν
3649 283 3742 354 τῷ

422 380 433 468 ξ
490 391 526 460 ἢ
555 388 774 460 ῥάϐδον,
813 383 846 451 ἢ
880 379 1220 448 ὑποδήματα.
1255 396 1285 468 ι,
1308 378 1373 428 Τί
1412 371 1503 468 οῦν
1544 377 1572 428 6
1620 375 1862 468 “6:90;”;
1900 372 2058 468 Παρὰ

491 480 904 550 τὸηπρόσταγμα
961 470 1155 529 ἐποίει,
1196 467 1371 522 ταῦτα
1420 466 1580 538 ἔχων,
1614 467 1716 519 ὅσα
1758 467 1786 517 6
1827 464 2059 532 ἄγγελος

491 573 660 638 λέγει.
1735 628 1740 632 _

565 660 630 712 Τί
663 653 753 710 οῦν
802 657 985 712 ἐστιν;
1034 651 1148 703 Οὐκ
1205 644 1637 717 ἠναντιώθησαν,
1682 645 1756 714 μὴ
1806 643 2055 711 γένοιτοί

493 755 628 810 ἀλλά
652 751 748 804 καὶ
775 748 982 817 σφόδρα
1028 743 1405 814 ἠκολούθησαν
1449 743 1560 802 τοῖς
1589 741 1930 810 ἐπιτάγμασι
1964 738 2056 791 τοῦ

492 843 750 917 Χριστοῦ.
789 841 870 892 T6
919 841 1026 906 γὰρ
1082 836 1432 904 ἐπιτάγματα
1490 836 1674 886 ἐκεῖνα
1745 833 2060 902 πρόσκαιρα

491 935 652 1007 ἦσαν,
687 935 777 986 καὶ
806 933 866 983 06
915 929 1003 980 διὰ
1034 928 1254 989 παντός.
1294 925 1402 979 Καὶ
1432 925 1588 976 τοῦτο
1632 924 1691 976 06
1729 921 2061 991 στοχαζόμε⁴

492 1045 580 1088 νος
606 1027 770 1093 λέγω,
813 1020 926 1074 ἀλλ’
958 1020 1064 1072 ἀπὸ
1104 1020 1210 1069 τῶν
1245 1016 1404 1068 θείων
1428 1013 1661 1083 Γραφῶν
1681 1029 1695 1041 ’
1729 1013 1756 1064 6
1786 1012 1893 1082 γὰρ
1922 1013 2063 1064 Λου-

493 1118 596 1174 κᾶς
629 1129 791 1182 φησιν
822 1109 1104 1176 εἰρηκέναι
1153 1106 1243 1157 τὸν
1287 1103 1524 1172 Χριστὸν
1578 1104 1691 1163 τοῖς
1749 1098 2059 1169 μαθηταῖς·

499 1225 516 1256 ι
541 1207 671 1256 ’Ὀτε
713 1198 1008 1254 ἀπέστειλα
1038 1197 1182 1262 ὑμᾶς
1214 1196 1346 1263 ἀτερ
1393 1191 1700 1260 βαλαντίου,
1731 1189 1824 1241 καὶ
1855 1190 2060 1258 πήρας,

494 1297 589 1349 καὶ
620 1294 814 1362 ζώνης,
853 1292 926 1360 μή
955 1307 1008 1341 τι
1045 1289 1342 1355 ὑστέρησεν
1386 1286 1545 1350 ὑμίν;
1604 1284 1666 1335 Οἱ
1703 1283 1758 1334 66
1816 1281 2065 1348 λέγουσιν

493 1385 671 1450 αὐτῷ·
702 1382 798 1437 Οῦ.
832 1383 996 1448 Λέγει
1025 1379 1236 1439 αὐτοῖς·
1265 1375 1472 1427 Οὐκοῦν
1517 1373 1810 1442 κτήσασθε.
1840 1391 1858 1422 ι
1905 1371 2065 1424 ’Λλλά

493 1475 547 1526 τί
577 1473 703 1535 ἔδει,
742 1471 862 1524 είπέ
890 1487 1000 1539 μοι,
1053 1469 1198 1537 ἐχειν
1227 1467 1357 1526 Eva;
1410 1464 1474 1515 Τί
1519 1461 1632 1525 οῦν,
1667 1462 1715 1514 εί
1765 1460 2066 1514 πλύνασθαι

493 1564 682 1618 τοῦτον
737 1561 886 1626 ἔδεις
951 1559 1158 1627 γυμνὸς
1206 1557 1372 1626 ἐχρῆν
1414 1554 1552 1606 οἴκοι
1603 1553 1903 1620 καθῆσθαι;
1954 1550 2066 1603 Καὶ

2167 372 2301 442 ίερῷ
2322 372 2397 441 τῷ
2423 370 2538 441 λαῷ
2559 388 2572 402 -
2609 391 2626 422 ι
2682 371 2840 424 τοῦτο
2883 371 2938 424 δέ
2961 372 3061 424 οὐκ
3087 367 3238 424 εἶπεν
3260 372 3288 424 6
3316 371 3568 439 ἄγγελος,
3596 373 3742 427 ἀλλὰ

2158 463 2218 515 :6
2249 462 2310 534 [f.
2337 461 2433 534 τῷ]
2469 465 2590 533 σιγῇ
2612 463 2909 531 ἀποστῆναι
2939 463 3031 514 καὶ
3057 462 3250 526 νυκτὸς
3271 462 3572 527 ἐξελαύνειν
3601 465 3742 518 εδω.

2162 573 2256 609 κεν
2289 555 2539 618 ἐξουσίαν
2561 553 2933 623 ἀναχωρῆσαι.
2967 556 3126 616 Ἴσως
3146 554 3290 616 τινές
3308 554 3625 624 ἀποροῦσιν,
3658 556 3741 622 ὡς

2163 649 2433 718 περιεῖδεν
2466 650 2492 696 6
2525 648 2660 712 Θεὸς
2703 650 2830 710 τοὺς
2879 647 3116 717 ἀθλητάς
3173 647 3605 717 ἀπολλυμένους,
3637 652 3740 704 καὶ

2163 736 2259 789 νῦν
2293 738 2454 792 πάλιν
2486 739 2610 801 τοῦς
2648 738 2986 808 στρατιώτας
3023 738 3110 791 6:6
3147 740 3240 790 :6v
3276 737 3499 808 Πέτρον,
3552 738 3736 792 καίτοι

2163 828 2386 881 δυνατὸν
2412 824 2479 898 ἦν
2512 828 2659 898 αὐτῷ
2691 829 2828 899 μετᾶ
2861 831 3065 898 Πέτρον
3113 830 3396 892 κάκείνους
3435 830 3734 895 ἐξελέσθαι.

2179 919 2320 971 Ἀλλ’
2353 919 2566 972 οὐδέπω
2598 921 2695 986 τῆς
2742 920 2975 989 κρίσεως
3017 920 3045 970 6
3088 919 3298 988 καιρὸς,
3337 920 3476 973 ῶστε
3522 921 3582 974 :6
3612 923 3736 975 κατ’

2167 1007 2324 1072 ἀξίαν
2356 1011 2645 1079 ἀπονεῖμαι
2675 1012 2908 1080 ἑκάστῳ.
2946 1011 3153 1074 Ἀλλως
3176 1012 3254 1070 66,
3280 1011 3379 1064 οὐκ
3403 1011 3744 1084 ἐνέϐαλ[λ]εν

2167 1101 2364 1162 αὐτοὺς
2399 1103 2480 1163 είς
2521 1101 2619 1164 τὰς
2667 1105 2854 1172 χεῖρας
2906 1103 3074 1155 αὐτοῦ
3128 1102 3222 1154 τοῦ
3261 1104 3491 1172 Πέτρου.
3524 1105 3744 1156 Μᾶλλον

2167 1196 2275 1260 γάρ
2309 1190 2473 1244 αὐτὸν
2494 1192 2682 1244 ἐλύπει
2712 1192 2771 1244 :6
2801 1192 3176 1262 ἐμπαιχθῆναι
3215 1193 3405 1260 ὥσπερ
3455 1195 3541 1245 εἶν
3588 1196 3746 1247 πάπ-

2171 1299 2270 1334 πον
2303 1283 2490 1347 αὑτοῦ,
2544 1285 2648 1336 61:6
2696 1285 2804 1336 τῶν
2845 1287 3051 1348 Μάγων
3102 1285 3449 1352 ἀπατηθέντα
3474 1301 3487 1314 ·
3540 1287 3748 1354 μᾶλλον

2167 1371 2341 1422 ἐποίει
2364 1371 2756 1440 διατρίϐεσθαι,
2789 1375 2884 1427 καὶ
2919 1373 3325 1441 καταγέλαστος
3351 1368 3510 1428 εἶναι.
3541 1375 3600 1428 Εἰ
3631 1377 3745 1445 γάρ

2168 1465 2264 1518 καὶ
2294 1467 2418 1528 τοὺς
2454 1466 2790 1536 στρατιώτας
2830 1468 3103 1537 ἐξήγαγεν
3128 1469 3155 1520 6
3189 1467 3418 1535 ἄγγελος
3466 1470 3603 1536 μετὰ
3636 1471 3745 1522 Πέ-

2168 1575 2322 1626 τρου,
2359 1559 2616 1630 ἐνομίσθη
2658 1561 2724 1614 ἃν
2780 1560 2926 1628 φυγὴ
2960 1556 3099 1614 εἶναι
3135 1560 3196 1612 :6
3225 1561 3481 1630 πρᾶγμα.
3525 1561 3744 1632 Ταύτης

494 1657 638 1716 τίνος
662 1655 847 1706 ἐνεκεν
869 1652 1022 1704 τοῦτο
1048 1649 1168 1701 τότε
1199 1645 1466 1710 ἐπέταξε;
1503 1644 1614 1712 Τὴν
1636 1641 1863 1711 δύναμιν
1897 1639 2062 1692 αὑτοῦ
2100 1662 2137 1714 Β
2170 1649 2222 1702 τι
2274 1651 2548 1720 μέμνηται
2604 1652 2704 1720 τῆς
2761 1652 3024 1720 ἱστορίας,
3080 1652 3201 1706 είπέ
3255 1669 3376 1722 pm;
3423 1654 3488 1706 Τί
3518 1653 3651 1721 πρδς
3679 1654 3743 1705 τδ

495 1728 666 1807 δεῖξαι
720 1741 1059 1812 βουλόμενος.
1105 1739 1293 1806 Ὀρᾷς,
1346 1736 1488 1804 πόση
1545 1734 1754 1803 ἐστίνή
1795 1729 2065 1800 ὑπερϐολὴ

493 1835 588 1889 τοῦ
615 1834 844 1903 σημείου
871 1847 884 1894 ;
924 1828 1045 1890 πῶς
1075 1827 1367 1896 ἐκπλήττει
1408 1825 1499 1876 τὸν
1535 1824 1783 1894 ὁρῶντας
1823 1823 1940 1884 πῶς
1967 1822 2066 1875 οὐκ

495 1925 720 1993 ἀφίησιν
743 1920 1148 1989 ἀπιστηθῆναι;
1180 1918 1242 1969 Εἰ
1273 1919 1380 1986 γὰρ
1405 1919 1432 1968 6
1469 1917 1672 1983 Πέτρος
1692 1917 1864 1968 ἐδόκει
1885 1915 2069 1984 ὅραμα

499 2014 717 2084 βλέπειν
765 2011 1081 2080 ζωσάμενος
1131 2007 1225 2060 καὶ
1276 2006 1714 2076 ὑποδησάμενος,
1768 2005 1820 2056 τί
1880 2003 2068 2073 ἓτερον

495 2103 698 2173 εμαθεν
721 2105 819 2167 6v;

569 2195 682 2247 Νῦν
713 2194 907 2260 ἐγνων,
940 2193 1126 2262 φησὶν,
1153 2191 1214 2244 06
1235 2195 1373 2246 τότε.
1410 2190 1509 2241 Διά
1545 2187 1599 2240 τί
1627 2186 1684 2240 66
1712 2186 1922 2253 γίνεται
1945 2184 2072 2238 τοῦ-

496 2303 576 2344 το,
605 2285 701 2338 καὶ
732 2286 832 2336 06x
872 2284 952 2336 ἔτι
977 2286 1004 2336 6
1027 2283 1232 2353 Πέτρος
1260 2283 1316 2333 ἐν
1346 2280 1596 2349 αἰσθήσει
1617 2279 1724 2330 τῶν
1751 2275 2068 2345 γινομένων,

499 2378 674 2430 καίτοι
725 2375 953 2430 τοιαῦτα
1004 2374 1343 2435 ἀπολαύσας,
1375 2371 1734 2437 ἀπαλλαγεὶς,
1787 2368 1976 2438 ῶσπερ
2023 2366 2072 2417 οἱ

498 2469 698 2531 πάντες
717 2465 1100 2535 ἀπελύθησαν;
1138 2465 1248 2518 Καὶ
1273 2465 1447 2526 τὸτάς
1482 2463 1700 2524 ἁλύσεις
1736 2461 1792 2514 66
1825 2459 1932 2512 ἀπὸ
1956 2458 2064 2510 τῶν

495 2559 694 2629 χειρῶν
721 2559 926 2616 πεσεῖν,
981 2557 1123 2626 μέγα
1152 2552 1452 2626 τεκμήριον
1513 2553 1606 2608 τοῦ
1648 2553 1842 2620 φαγεῖν
1972 2567 2069 2617 φυο

497 2651 637 2724 γεῖν]
685 2651 898 2721 ἀθρόον.
938 2650 1195 2702 Βούλεται
1249 2647 1348 2717 τὴν
1381 2647 1573 2717 ἡδονὴν
1602 2644 1752 2713 αὑτῷ
1788 2642 2069 2709 γενέσθαι,

497 2747 594 2797 καὶ
625 2743 761 2815 μετά
785 2743 846 2796 :6
877 2741 1262 2809 ἀπαλλαγῆναι
1288 2739 1386 2809 τὴν
1411 2737 1660 2806 αἴσθησιν
1688 2735 1895 2788 λαϐεῖν.
1929 2733 2075 2804 Ὅρα

495 2835 588 2889 τὸν
621 2835 847 2905 Πέτρον,
880 2835 980 2886 οὐκ
1008 2832 1212 2894 εὐθέως
1265 2829 1673 2902 ἀναχωροῦντα,
1712 2827 1847 2881 ἀλλά
1880 2826 2074 2895 1:96:5-

499 2945 592 2996 ρον
613 2926 1096 2996 εὐαγγελιζόμενον
1128 2929 1242 2989 τοῖς
1265 2923 1453 2977 αὑτοῦ.
1481 2923 1544 2974 Τί
1571 2922 1627 2976 δέ
1651 2924 1768 2975 ἐστι
1792 2921 1873 2985 :6,
1912 2938 1930 2971 ι
1951 2935 2074 2973 συν-

497 2985 657 3085 ῖδών;
688 2985 897 3073 ›’⁴”ῖ)τι⁷
927 2985 1025 3087 όῦχ
1078 2985 1266 3080 ἁπλῶς
1310 3017 1564 3068 ἀπελθεῖν
1609 3015 1709 3074 δεῖ,
1771 3013 2071 3088 ἀλλἰἀμείι
2101 2985 2142 3042 C

493 3108 700 3177 ψασθαι
728 3111 819 3160 τὸν
858 3108 1176 3178 εὐεργέτην.
1226 3127 1244 3158 ι
1274 3105 1477 3159 Ἦλθεν
1519 3107 1610 3158 ἐπὶ
1643 3105 1741 3160 τὴν
1759 3103 1932 3156 οἰκίαν
1955 3104 2074 3155 Μα-

501 3198 643 3268 ρίας.
683 3217 702 3248 ι
735 3197 830 3257 Τίς
858 3192 925 3265 ἦν
958 3199 986 3249 6
1031 3197 1320 3262 Ἰωάννης;
1361 3197 1519 3256 Ἴσως
1553 3196 1651 3245 οὐκ
1672 3196 1898 3256 ἐκεῖνος,
1925 3194 1952 3243 6
1989 3193 2075 3243 ἀεὶ

505 3289 692 3349 αὐτοῖς
748 3285 947 3338 συνών.
994 3286 1093 3337 Διά
1139 3283 1250 3350 γάρ
1287 3283 1444 3334 τοῦτο
1490 3283 1584 3334 καὶ
1635 3282 1697 3332 :6
1747 3283 2076 3352 παράσημον

497 3377 662 3434 αὑτοῦ
694 3377 888 3447 ἔθηκεν
910 3392 923 3406 ·
961 3370 1082 3428 εῐπε
1131 3373 1263 3440 γὰρ,
1301 3391 1320 3424 ι
1349 3373 1443 3426 τοῦ
1468 3372 1894 3441 ἐπικαλουμένου
1922 3374 2074 3442 Μάρ-

499 3490 616 3524 κου.
645 3490 664 3523 ›
704 3471 848 3539 Ὅρα
882 3469 972 3520 καὶ
1005 3465 1070 3538 [Γ.
1100 3468 1226 3519 add.
1270 3463 1509 3535 σύνεσιν]
1564 3464 1854 3534 παιδίσκης
1917 3465 2075 3518 5610.-

499 3562 651 3625 ϐείας
711 3558 1028 3629 γεμούσης·
1083 3557 1341 3611 ἀνένευσε
1402 3555 1495 3609 τοῦ
1536 3556 1609 3624 μὴ
1679 3555 1923 3620 ἀνοῖξαι·
1982 3559 2075 3609 καὶ

499 3652 678 3716 καλῶς
710 3653 966 3720 γέγονεν·
1018 3651 1105 3703 ῖνα
1141 3650 1216 3721 μὴ
1283 3652 1480 3702 ἐκεῖνοι
1537 3649 1928 3717 ἐκπλαγέντες,
1980 3651 2075 3703 καὶ

500 3744 704 3805 εὐθέως
763 3741 985 3805 ίδόντες,
1031 3741 1408 3808 ἀπιστήσωσιν
1434 3755 1448 3769 ⁶
1483 3739 1598 3792 ἀλλ’
1629 3737 1945 3808 ἐγυμνάσθη
1975 3739 2074 3790 0.6-

500 3830 609 3883 τῶν
642 3829 930 3899 ήδιάνοια,
966 3829 1101 3896 ὅπερ
1141 3827 1260 3889 ἔθος
1306 3830 1437 3896 ἡμῖν
1485 3829 1678 3880 ποιεῖν.
1722 3828 1892 3880 Τοῦτο
1947 3830 2076 3895 ἀλη-

502 3919 613 3983 θές,
670 3921 753 3972 ὃτι
807 3921 1039 3982 ἕκαστος
1095 3919 1327 3986 ἄγγελον
1376 3919 1508 3986 ἔχει.
1549 3919 1654 3970 Καὶ
1687 3918 1741 3969 τί
1773 3917 2074 3986 βούλεταιό

500 4012 768 4080 ἇγγελοςς
806 4011 940 4064 Ἀπὸ
1014 4012 1107 4064 τοῦ
1165 4008 1358 4079 καιροῦ
1423 4007 1578 4059 τοῦτο
1646 4009 2072 4078 προσεδόκησαν.

498 4103 638 4174 Φησὶ
665 4101 775 4172 γάρ
795 4119 808 4133 ·
854 4121 872 4153 ι
897 4103 1072 4156 Ὅπου
1109 4100 1214 4153 είσὶ
1247 4099 1339 4152 δύο
1391 4097 1423 4167 ἢ
1448 4101 1595 4168 τρεῖς
1638 4100 1966 4167 συνηγμένοι
1995 4102 2075 4162 εἰς

499 4193 561 4244 :6
588 4191 720 4263 ἐμὸν
758 4189 957 4261 ὄνομα,
985 4193 1100 4243 ἐκεῖ
1151 4190 1268 4260 είμι
1297 4193 1355 4240 ἐν
1386 4189 1534 4258 μέσῳ
1561 4190 1760 4244 αὐτῶν.
1793 4210 1810 4242 ι
1849 4191 2023 4244 Ὅπου
2050 4194 2078 4245 6

501 4284 734 4354 Χριστὸς
783 4284 964 4352 μέσος,
997 4281 1211 4348 ἀνάγκη
1254 4281 1388 4334 πολὺ
1419 4281 1624 4350 πλῆθος
1651 4283 1742 4335 καὶ
1793 4284 2072 4353 ἀρχαγγέ-
2105 4326 2150 4380 υ
2179 4281 2431 4357 τοσοῦτον

502 4377 612 4431 λων
643 4379 738 4429 καὶ
770 4375 950 4430 ἄλλων
980 4375 1259 4445 δυνάμεων
1283 4369 1441 4426 εἶναι.

572 4491 746 4543 Παντὶ
776 4488 1164 4541 πεπιστευκότι
1189 4487 1268 4546 εἰς
1299 4485 1391 4537 τὸν
1424 4483 1630 4554 Κύριον
1671 4485 1901 4552 ἄγγελος
1929 4502 2000 4536 πα
2013 4501 2074 4555 ρ-

506 4580 734 4649 εδρεύει,
799 4580 894 4632 ἐάν
941 4579 1014 4646 μή
1067 4595 1196 4630 ποτε
1224 4578 1386 4647 ἡμεῖς
1411 4577 1519 4629 ἀπὸ
1563 4577 1672 4630 τῶν
1707 4576 1956 4648 πονηρῶν
1980 4577 2073 4646 έρ-

505 4690 617 4739 γων
648 4673 806 4723 αὑτὸν
836 4671 1242 4739 ἀποδιώξωμεν.
1277 4669 1362 4732 Ὠς
1388 4670 1494 4740 γὰρ
1519 4669 1617 4732 :6;
1644 4670 1901 4738 μελίσσας
1931 4687 2074 4722 καπ-

503 4765 593 4828 νὸς
623 4763 939 4832 φυγαδεύει,
965 4763 1059 4815 καὶ
1104 4763 1203 4826 τὰς
1232 4763 1562 4833 περιστερὰς
1589 4761 1861 4827 ἐξελαύνει
1901 4762 2072 4814 δυσω-

503 4853 618 4906 δία·
653 4851 795 4904 οῦτω
817 4852 912 4906 καὶ
941 4851 1034 4904 τὸν
1059 4853 1158 4922 τῆς
1192 4852 1334 4923 ζωῆς
1360 4853 1518 4922 ἡμῶν
1553 4852 1786 4920 ἄγγελον
1837 4853 1869 4922 ἡ
1903 4851 2069 4903 πολύ-

502 4943 710 5014 δακρυς
757 4943 850 4994 καὶ
908 4942 1150 5012 δυσώδης
1216 4944 1508 5012 ἀφίστησιν
1566 4941 1832 5012 ἁμαρτία.
1887 4941 2071 5010 Πολλῷ

505 5036 881 5105 ποθεινότερον
907 5034 972 5106 [Ῑ.
1004 5034 1400 5106 ποθεινότερος]
1427 5030 1494 5105 ἦν
1515 5035 1629 5095 τοῖς
1666 5033 1932 5102 μαθηταῖς
1957 5033 2068 5083 λοι-

507 5126 628 5189 πὸν,
655 5127 714 5178 οὐ
744 5126 822 5195 τῷ
855 5127 1087 5194 σωθῆναι
1119 5125 1296 5194 μόνον,
1334 5124 1468 5176 ἀλλά
1511 5122 1606 5175 καὶ
1633 5121 1710 5192 τῷ
1761 5121 2069 5190 ἐπιστῆναι,

505 5219 601 5272 καὶ
629 5217 830 5282 εὐθέως
858 5217 1132 5273 ἀπελθεῖν.
1174 5216 1298 5277 Πῶς
1327 5215 1425 5267 οὐκ
1471 5214 1552 5266 ἔτι
1601 5213 1908 5275 κενόδοξοςί
1936 5213 2069 5265 0666

507 5305 650 5375 εἶπε,
685 5314 796 5374 τοῖς
867 5307 1182 5378 ἁπανταχοῦ
1235 5306 1405 5360 ταῦτα
1453 5306 1865 5374 δηλοποιήσατε,
1911 5305 2066 5366 ἀλλά,

514 5419 532 5453 ι
559 5405 668 5462 τοῖς
700 5384 966 5468 ἀδελφοῖς.
1010 5420 1028 5452 ι

580 5490 656 5540 Οὐ
699 5489 807 5560 γάρ
839 5489 1096 5560 ἐπείραζε
1144 5489 1232 5542 τὸν
1285 5486 1436 5551 Θεὸν,
1483 5483 1603 5537 0666
1657 5487 1736 5546 είς
1769 5483 2072 5553 πειρασμὸν

512 5578 846 5650 ἐνέϐαλίλ]εν
878 5583 1067 5633 ἑαυτόν
1091 5600 1101 5609 ·
1127 5581 1247 5633 ἐπεὶ
1303 5581 1392 5632 καὶ
1449 5576 1605 5630 τοῦτο
1632 5577 1718 5629 6:5
1751 5573 2071 5645 ἐκελεύσθη-

2170 1743 2501 1810 Εὐαγγέλιον
2562 1744 2755 1814 ἀνήκει
2813 1746 3043 1814 μαθεῖν;
3098 1748 3220 1799 Ὅτι
3274 1747 3580 1815 θυμομαχεῖ
3631 1746 3742 1798 Tu-

2171 1835 2308 1905 ρίοις
2365 1834 2460 1888 καὶ
2514 1836 2810 1901 Σιδωνίοις,
2847 1839 2942 1890 καὶ
2979 1837 3176 1909 μικρὸν
3215 1839 3335 1892 0666
3386 1837 3545 1891 τοῦτό
3595 1841 3737 1904 ἐστι,

2169 1927 2286 1989 πῶς
2314 1927 2546 1994 ἐπῆλθεν
2575 1928 2775 1990 εὐθέως
2817 1930 2849 1998 ή
2883 1929 3004 1999 δίκη
3039 1931 3133 1983 καὶ
3154 1929 3453 1984 κατέλαϐεν
3474 1929 3654 1993 αύτδν,
3685 1932 3736 1983 εί

2170 2020 2264 2074 καὶ
2296 2022 2370 2092 μὴ
2398 2023 2483 2076 διὰ
2521 2023 2743 2092 Πέτρον,
2772 2023 2907 2077 ἀλλά
2947 2025 3035 2080 διὰ
3082 2026 3178 2095 τὴν
3221 2027 3385 2080 αὐτοῦ
3435 2028 3742 2096 μεγαληγο-

2175 2111 2296 2182 ρίαν
2351 2113 2461 2166 Καὶ
2495 2115 2600 2183 μὴν
2643 2116 2692 2167 εί
2733 2116 2954 2179 ἐκεῖνοι,
3007 2118 3192 2186 φησιν,
3229 2117 3482 2187 ἐϐόησαν,
3517 2119 3571 2170 τί
3604 2119 3741 2189 πρὸς

2170 2204 2391 2266 τοῦτονς
2421 2205 2540 2257 Ὅτι
2585 2205 2910 2270 κατεδέξατο
2945 2207 3043 2276 τὴν
3076 2207 3279 2277 φωνὴν,
3305 2211 3387 2262 6::
3437 2210 3584 2276 ἀξιον
3617 2212 3744 2264 ἐαυ-

2171 2295 2260 2346 τὸν
2289 2296 2542 2364 ἐνόμισεν
2574 2293 2714 2349 εἶναι
2743 2297 2843 2366 τῆς
2867 2298 3178 2360 κολακείας.
3213 2300 3358 2370 ’Ὂρα
3377 2301 3534 2353 πάλιν
3563 2302 3745 2369 ἀμφο-

2173 2386 2365 2455 τέρους
2389 2387 2485 2454 μὲν
2507 2389 2665 2450 ὄντας
2689 2388 2870 2451 ἀξίους
2909 2391 3200 2457 τιμωρίας,
3226 2391 3394 2444 -τοῦτο
3429 2391 3491 2462 Π.
3527 2393 3738 2462 τοῦτονΙ

2171 2477 2226 2530 66
2251 2478 2636 2546 κολαζόμενον.
2668 2480 2742 2532 O6
2769 2481 2877 2548 γὰρ
2911 2482 3004 2533 ἐπὶ
3037 2482 3136 2550 τῆς
3171 2483 3405 2552 κρίσεως
3442 2485 3470 2536 6
3513 2485 3700 2553 καιρός
3722 2501 3738 2515 ·

2173 2569 2310 2622 6116
2341 2569 2432 2622 τὸν
2464 2569 2699 2637 μάλιστα
2731 2571 3032 2624 ὑπεύθυνον
3079 2573 3267 2625 τοῦτον
3312 2574 3548 2640 κολάζει,
3603 2577 3747 2629 ἐκείο

2174 2677 2297 2720 νους
2335 2661 2520 2730 ἀφιεὶς
2545 2661 2652 2713 61:6
2678 2661 2834 2715 τοῦτο
2862 2664 3146 2731 κερδᾶναι.

2257 2749 2558 2821 Ἰώσηππός
2613 2769 2799 2820 φησιν,
2850 2755 2932 2806 ὅτι
2985 2757 3078 2807 καὶ
3124 2755 3325 2824 ἐσθῆτα
3369 2756 3626 2828 λαμπρὰν
3675 2757 3742 2821 ἐξ

2174 2843 2438 2914 ἀργυρίου
2493 2845 2868 2913 πεποιημένην
2928 2847 3450 2920 περιέκειτο.”ορα,
3485 2850 3597 2910 πῶς
3643 2851 3742 2903 καὶ

2177 2936 2374 2988 ἐκεῖνοι
2428 2935 2655 2998 κόλακες
2704 2931 2867 3007 ἦσαν,
2893 2939 2987 2990 καὶ
3016 2938 3125 2991 τῶν
3160 2940 3476 2993 ἀποστόλων
3513 2941 3572 2993 :6
3604 2941 3740 3009 φρό-

2177 3044 2322 3095 νημα
2346 3045 2359 3059 ο
2387 3027 2445 3089 ὃς
2473 3026 2539 3099 [Ι.
2570 3025 2650 3100 δν]
2681 3028 2788 3096 γὰρ
2817 3028 2969 3094 ἔθνος
3022 3031 3316 3104 ὁλόκληρον
3345 3027 3498 3096 οὗτος
3525 3031 3740 3106 [οὕτως]

2178 3119 2541 3189 ἐθεράπευσε,
2576 3123 2770 3177 τοῦτον
2805 3121 2949 3180 οῦτοι
2995 3127 3264 3184 διέπτυον.
3308 3131 3430 3183 Ἔτι
3487 3131 3738 3200 Βαρνάϐα

2178 3212 2394 3279 πρώτου
2433 3215 2762 3282 μνημονεύει
2786 3233 2800 3246 ·
2826 3217 2982 3271 οὔπω
3019 3220 3128 3289 γὰρ
3157 3221 3365 3284 Παῦλος
3383 3216 3452 3292 ἦν
3472 3222 3738 3292 λαμπρδξν

2176 3301 2327 3354 οῦπω
2361 3307 2586 3374 σημεῖον
2642 3307 2798 3360 οὐδὲν
2867 3311 3182 3378 εἰργάσατο.
3250 3313 3606 3383 Σημειωτέον,
3655 3315 3739 3366 ὅτι

2179 3391 2386 3454 Παῦλος
2417 3395 2510 3446 καὶ
2547 3395 2836 3463 Βαρνάϐας
2900 3399 3035 3466 μετά
3069 3399 3177 3452 τῶν
3197 3402 3491 3470 προφητῶν
3514 3404 3741 3455 κατετά-

2175 3500 2368 3553 γησαν.
2422 3485 2552 3538 Ἰδοὺ
2579 3488 2606 3538 6
2630 3487 2829 3556 τρόπος
2855 3491 3110 3550 ἑκάστου.
3138 3493 3231 3544 καὶ
3275 3494 3373 3563 οὐχ
3403 3496 3435 3563 ἡ
3470 3495 3533 3547 ἐκ
3554 3495 3740 3556 παιδὸς

2175 3577 2511 3646 ἀναστροφή.
2552 3578 2725 3630 Βλέπε
2773 3581 2903 3650 γάρ,
2941 3582 3060 3646 πῶς
3099 3584 3126 3635 6
3176 3585 3272 3653 μὲν
3309 3584 3555 3656 Ἡρώδης
3585 3588 3742 3639 κάκι-

2178 3683 2301 3723 στος
2333 3662 2433 3736 ἦν’
2467 3669 2495 3719 6
2544 3668 2600 3720 66
2647 3669 2837 3722 τούτου
2883 3672 3178 3742 σύντροφος
3211 3676 3441 3745 Μαναὴν
3494 3677 3740 3728 τοσοῦτον

2180 3757 2505 3826 μετεϐλήθη,
2564 3760 2644 3812 ὅτι
2694 3761 2788 3813 καὶ
2833 3765 3167 3832 προφητείας
3205 3765 3430 3833 ἠξιώθη.
3488 3768 3553 3819 Τί
3603 3770 3736 3827 ἐστι,

2182 3867 2200 3898 ι
2251 3850 2757 3919 Λειτουργούντων;
2813 3873 2830 3904 ι
2879 3857 3139 3910 Τουτέστι
3211 3864 3603 3928 κηρυττόντων.
3674 3864 3742 3915 Τί

2176 3940 2344 4003 ἐστιν,
2380 3961 2397 3992 ι
2435 3944 2756 4012 ’Λφορίσατέ
2790 3962 2879 4014 μοι
2912 3948 2989 4009 είς
3013 3950 3074 3999 :6
3107 3950 3296 4018 ἔργον;
3321 3969 3337 4000 ι
3367 3951 3460 4014 Εἰς
3486 3953 3585 4020 τὴν
3609 3953 3742 4006 ἀπο-

2180 4037 2391 4100 στολήν.
2430 4035 2572 4104 Ὅρα
2608 4036 2794 4088 λοιπὸν
2843 4038 2948 4090 61:6
2974 4039 3138 4092 τίνων
3186 4044 3604 4109 χειροτονεῖται·
3639 4043 3744 4094 61:6

2176 4122 2412 4174 Λουκίου
2440 4123 2746 4191 Κυρηναίου
2779 4127 2873 4178 καὶ
2905 4127 3151 4196 Μαναὴν,
3189 4128 3391 4196 μᾶλλον
3423 4129 3477 4180 δέ
3515 4131 3616 4182 61:6
3646 4129 3742 4183 τοῦ

2177 4213 2515 4282 Πνεύματος.
2543 4215 2695 4285 Ὂσῳ
2728 4217 2835 4288 γὰρ
2869 4215 2938 4269 τὰ
2988 4219 3256 4286 πρόσωπα
3304 4219 3563 4272 ἐλάττονά
3605 4223 3743 4283 ἐστι,

2497 4307 2886 4377 σεμνότεροςή
2928 4307 3022 4360 τοῦ
3080 4307 3214 4360 Θεοῦ
3261 4311 3507 4377 φαίνεται
3560 4311 3742 4380 χάρις.

2178 4396 2581 4465 Χειροτονεῖται
2600 4397 2786 4450 λοιπὸν
2815 4400 2892 4460 εἰς
2922 4400 3241 4465 ἀπόστολον,
3280 4401 3419 4454 ὥστε
3454 4402 3570 4472 μετ’
3593 4404 3750 4466 ἐξου-

2177 4486 2297 4548 σίας
2322 4487 2632 4555 κηρύττειν.
2668 4486 2790 4549 Πῶς
2832 4487 2926 4540 οῦν
2949 4490 3111 4553 αὑτός
3151 4507 3350 4560 φησιν’
3386 4493 3484 4545 οὐκ
3512 4493 3605 4546 ἀπ’
3649 4494 3748 4545 ἀν-

2177 4578 2416 4648 θρώπου,
2474 4577 2594 4631 0666
2633 4577 2699 4630 6:‘
2738 4579 3082 4649 ἀνθρώπων;
3127 4584 3232 4635 οὐκ
3268 4583 3552 4654 ἄνθρωπος
3581 4585 3748 4637 αὑτὸν

2180 4671 2457 4734 ἐκάλεσεν,
2507 4669 2627 4722 0666
2677 4673 3004 4742 προσήγετο,
3041 4674 3285 4726 τουτέστι
3319 4675 3388 4727 δι’
3417 4674 3747 4744 ἀνθρώπων.

2175 4762 2272 4814 Διά
2299 4761 2455 4813 τοῦτό
2479 4777 2640 4830 φησιν
2663 4779 2675 4792 ·
2708 4762 2820 4814 Οὐκ
2849 4762 2957 4815 61:6
2979 4762 3130 4815 τοῦδε
3153 4763 3461 4833 ἐπέμφθην,
3493 4763 3608 4817 ἀλλ’
3640 4767 3750 4818 61:6

2174 4853 2268 4906 τοῦ
2303 4852 2441 4906 Πνεύ
2451 4870 2640 4922 ματος.

2245 4944 2608 5012 Σημειωτέον,
2640 4944 2722 4995 ὅτι
2754 4944 2851 5012 ούχ
2875 4943 2950 5005 ώς
2979 4943 3170 5012 ἔτυχεν
3218 4945 3588 5014 ἐχειροτόνουν
3618 4948 3752 5010 τοὺς

2174 5033 2481 5098 διακόνους,
2517 5033 2652 5086 ἀλλὰ
2688 5033 3148 5104 προνηστεύοντες
3176 5036 3270 5087 καὶ
3304 5037 3606 5105 εὐχόμενοι.
3635 5037 3747 5091 Καὶ

2180 5123 2285 5176 ίδοὺ
2323 5123 2484 5176 πάλιν
2537 5123 2812 5193 ἐπέθηκαν
2843 5123 2942 5185 τάς
2985 5127 3172 5192 χεῖρας
3205 5127 3315 5186 τοῖς
3355 5127 3482 5194 περὶ
3515 5123 3746 5185 Σαῦλον,

2173 5214 2248 5273 ώς
2281 5212 2346 5264 ὲκ
2370 5211 2561 5264 τούτου
2593 5211 2977 5281 στοχάσασθαι,
3007 5214 3087 5265 ὅτι
3108 5213 3198 5264 τὸν
3219 5212 3313 5265 τοῦ
3337 5214 3583 5266 διακόνου
3614 5214 3752 5280 βαθ-

2177 5305 2278 5373 μὸν
2315 5302 2402 5355 διὰ
2436 5302 2534 5372 τῆς
2571 5303 2954 5372 ἐπιγινομένης
3001 5303 3340 5371 χειροθεσίας
3373 5304 3744 5373 ὑπερέϐησαν.

2179 5397 2388 5455 Ὀντως
2436 5392 2497 5444 ού
2530 5396 2641 5453 τοῖς
2688 5393 2907 5460 τυχοῦσι
2956 5393 3107 5444 λαλεῖ
3138 5395 3198 5444 :6
3226 5394 3450 5463 Πνεῦμα
3476 5395 3535 5447 :6
3565 5396 3741 5461 ἅγιον,

2174 5484 2310 5538 ἀλλὰ
2348 5486 2459 5545 τοῖς
2495 5482 2900 5553 λειτουργοῦσιν
2919 5483 3068 5553 αὐτῷ
3086 5486 3177 5536 καὶ
3208 5485 3550 5554 νηστεύουσι.
3573 5485 3741 5554 Ὅρα,

2179 5579 2293 5642 πῶς
2332 5579 2388 5630 ἐν
2445 5578 2732 5646 Σελευκείᾳ
2770 5578 2830 5631 ού
2861 5578 3247 5648 διατρίϐουσιν,
3284 5579 3490 5642 εἰδότες
3515 5579 3596 5631 ὅτι
3630 5577 3743 5630 ἀπὸ
