4058 6210
489 177 631 246 1103

1336 181 1913 245 THEOPHYLACTI
1956 185 2368 246 BULGARLE
2399 187 2748 249 ARCHIEP.

3609 193 3757 260 11θὶ

486 292 763 362 νηστεῖαν,
791 289 825 359 ἢ
851 287 1185 359 γυμνότητα,
1213 288 1248 360 ἢ
1282 290 1489 359 σιωπήν
1515 306 1527 318 ·
1556 290 1606 342 εί
1643 290 1718 361 μή
1750 291 1812 358 γέ
1835 309 1917 355 τις
1952 292 2073 344 ἐαυ-
2102 299 2144 354 Α
2176 293 2233 345 o6
2262 310 2325 344 πε
2337 294 2390 361 91
2426 294 2604 361 μόνων
2632 293 2739 346 τῶν
2767 293 2867 363 τῆς
2907 295 3121 367 Καινῆς
3150 296 3369 366 βιϐλίων
3415 298 3752 370 διαλέγεται,

485 383 564 453 τῷ
585 382 759 435 ταῦτα
796 376 1065 444 ἐπιτάξει.
1099 379 1161 431 El
1195 378 1304 450 γὰρ
1333 378 1429 432 καὶ
1459 380 1726 451 δυσχερῆ,
1754 382 1895 435 ἁλλά
1958 381 2064 452 μὴν

485 476 545 527 o6
574 470 995 543 κατορθώματα,
1051 470 1191 524 άλλά
1240 470 1334 523 καὶ
1360 471 1621 542 γινόμενα
1681 473 1791 526 61:6
1844 473 2057 526 πολλῶν

486 567 582 621 καὶ
616 565 693 635 μὴ
718 561 1002 634 γινόμενα,
1035 562 1171 617 άλλά
1198 562 1285 616 διὰ
1310 563 1407 634 τῆς
1450 564 1672 634 χάριτος
1708 564 1803 617 τοῦ
1850 565 2059 636 Κυρίου

485 657 812 727 πιστεύομεν
841 655 1100 726 σωθῆναι.
1133 654 1358 727 Ὅμοιον
1390 656 1508 721 τοῦ,
1538 674 1556 708 σ
1578 657 1779 727 Χάριτί
1818 658 1939 710 ἐστε
1967 673 2055 711 σε-

486 751 774 820 σωσμένοι.
811 768 830 802 1
863 748 1028 802 Ὥστε
1082 747 1251 803 πάλαι
1305 748 1404 819 μὲν
1454 750 1484 802 6
1520 748 1684 818 νόμος
1717 748 1845 812 τοὺς
1888 749 1957 801 τὰ
1984 752 2065 801 εί-

487 842 700 914 ρημένα
747 840 825 911 τῷ
853 841 1002 913 νόμῳ
1032 841 1401 911 φυλάττοντας
1436 840 1606 906 ἔσωζε
1628 857 1642 873 ·
1669 840 1765 893 νῦν
1794 840 1852 894 δὲ
1882 842 1915 911 ή
1959 842 2060 912 χά.

484 952 567 1002 ρις
604 932 698 986 τοῦ
729 932 957 1002 Κυρίου,
991 932 1085 986 καὶ
1118 932 1239 1003 δίχα
1289 932 1387 1003 τῆς
1429 930 1524 985 τοῦ
1577 931 1742 1001 νόμου
1789 930 2059 1003 φυλακῆς,

482 1024 569 1079 6:6
600 1025 699 1089 τῆς
735 1024 967 1088 πίστεως
1016 1022 1204 1088 σώζει.

554 1117 879 1180 Ἐπίσκοπος
906 1113 996 1188 ἦν,
1024 1117 1207 1179 καθώς
1234 1134 1399 1189 φησιν
1423 1110 1609 1183 οὗτος,
1634 1116 1827 1170 6:61:61
1854 1135 1872 1166 ι
1910 1114 2065 1171 ὓστε-

485 1226 575 1279 ρος
624 1207 855 1277 λέγειν,ι
891 1210 984 1262 καὶ
1011 1209 1095 1276 :6,
1115 1208 1286 1278 ,ιἘπὶ
1317 1207 1491 1279 στόμα
1518 1196 1614 1263 δύο
1699 1207 1867 1278 τριῶν
1919 1224 2063 1280 μαρ-

481 1302 666 1372 τύρων
696 1298 1022 1370 σταθήσεται
1064 1301 1172 1355 πᾶν
1203 1302 1375 1372 ῥῆμα,
1409 1320 1427 1352 1
1465 1298 1699 1354 ἐνταῦθα
1733 1300 2057 1371 πληροῦται.

482 1394 627 1465 Ὅρα
693 1393 750 1447 δέ
833 1393 942 1447 ἀπό
994 1409 1054 1447 τε
1109 1394 1246 1447 νέων
1270 1395 1377 1447 άπό
1406 1410 1464 1448 τε
1514 1392 1760 1447 παλαιῶν
1814 1391 2063 1464 βεϐαιού-

486 1506 647 1560 μενον
691 1487 799 1542 τῶν
843 1489 1138 1561 προφητῶν
1177 1489 1268 1543 τὸν
1296 1489 1473 1559 λόγον.
1518 1489 1578 1543 Ὀ
1640 1490 1699 1543 ἐν
1750 1489 1831 1559 τῷ
1876 1488 2062 1558 Λουκᾷ

483 1582 871 1654 προφητεύσας
898 1599 915 1615 ·
957 1602 976 1635 ι
1004 1581 1119 1636 Νῦν
1142 1581 1399 1647 ἀπολύεις
1446 1583 1540 1636 τὸν
1567 1580 1755 1636 δοῦλόν
1813 1598 1930 1649 σου,
1961 1580 2057 1634 Δέ-

484 1691 516 1725 σ
524 1691 678 1728 ποτα.
711 1691 732 1725 ³

555 1761 711 1828 Εἶτα,
743 1762 935 1833 ἐπειδὴ
988 1761 1085 1833 μὲν
1127 1763 1355 1830 ἐκεῖνος,
1410 1763 1517 1817 61:6
1554 1763 1654 1833 μὲν
1690 1762 1783 1818 τοῦ
1829 1763 2051 1835 χρόνον,

480 1856 640 1928 δῆλος
663 1852 757 1928 ἦν,
809 1855 868 1910 :6
895 1855 952 1909 δέ
983 1851 1299 1920 ἀξιόπιστον
1324 1853 1424 1908 οὐκ
1454 1849 1590 1924 εἶχε,
1616 1854 1704 1907 διά
1736 1854 1797 1908 :6
1827 1857 1904 1925 μὴ
1957 1871 2061 1908 πα-

482 1950 632 2005 λαιὸν
661 1945 823 2016 εἶναι,
848 1948 1044 2019 ἐπάγει
1083 1948 1141 2001 δέ
1180 1946 1246 2019 [Ῑ.
1299 1945 1390 2025 δὴ]
1445 1947 1679 2001 παλαιάν
1696 1946 2053 2019 προφητείαν.

484 2062 508 2094 ς
540 2041 738 2105 Καθὼς
766 2042 1101 2113 γέγραπται,
1138 2038 1303 2110 φησί·
1331 2038 1488 2093 Μετὰ
1510 2038 1687 2093 ταῦτα
1709 2038 2055 2111 ἀναστρέψω,

481 2136 575 2191 καὶ
602 2133 941 2206 οἰκοδομήσω
963 2132 1063 2204 τὴν
1094 2130 1299 2204 σκηνήν
1319 2130 1483 2186 Δαϐἳδ
1506 2131 1603 2203 τὴν
1632 2134 2003 2186 πεπτωκυῖαν.
2032 2148 2051 2182 1

481 2227 546 2280 Τί
574 2221 668 2281 06v
708 2242 725 2293 ;
762 2218 973 2296 ἠγέρθη
1033 2223 1103 2278 τὰ
1165 2223 1536 2295 Ἰεροσόλυμα,
1605 2222 1724 2276 ἀλλ’
1756 2221 1880 2291 οὐχὶ
1928 2239 2060 2276 κατ-

476 2318 727 2391 εστράφη
763 2318 962 2387 μᾶλλον
984 2316 1337 2386 ςποίανλέγει
1366 2316 1586 2386 ἔγερσιν
1611 2330 1625 2382 ς
1648 2313 1758 2381 Τὴν
1784 2313 1923 2383 μετά
1949 2313 2058 2367 Βα-

481 2411 715 2466 ϐυλῶνα.
745 2411 810 2464 Τί
846 2411 904 2464 δέ
959 2412 1099 2476 ἐστι,
1137 2429 1155 2463 ι
1188 2408 1388 2474 Καθὼς
1443 2407 1658 2478 πρῶτον
1692 2409 1721 2461 6
1766 2407 1899 2470 Θεὸς
1955 2407 2056 2460 ἐπ-

481 2502 751 2572 εσκέψατο
775 2519 825 2567 ;1
869 2501 1236 2572 Σφοδρότερον
1287 2500 1386 2572 μέν
1436 2503 1465 2554 6
1506 2500 1709 2571 Πέτρος
1756 2498 2055 2565 διελέγετο,

476 2591 635 2660 οὗτος
664 2595 720 2649 δέ
752 2595 1120 2666 ἡμερώτερον.
1156 2594 1313 2650 Οὕτω
1331 2594 1441 2667 γὰρ
1464 2594 1572 2666 χρὴ
1611 2596 1704 2649 τὸν
1742 2596 1801 2648 ἐν
1845 2594 2059 2667 μεγάλῃ

477 2686 791 2759 δυναστείᾳ,
822 2687 892 2741 τά
923 2687 1020 2757 μὲν
1053 2686 1289 2758 φορτικά
1313 2685 1522 2757 ἑτέροις
1548 2688 1921 2756 παραχωρεῖν,
1959 2687 2059 2739 66-

479 2781 570 2833 τὺν
597 2779 656 2834 δὲ
713 2779 822 2833 τῶν
852 2780 1222 2852 ἡμερωτέρων
1267 2777 1578 2848 φαίνεσθαι.
1618 2798 1638 2831 ι
1664 2776 1859 2833 Λαϐὼν
1889 2778 2056 2851 [01:19.

478 2871 687 2946 λαϐεῖν]
717 2872 777 2940 ἐξ
817 2872 1019 2938 ἐθνῶν,
1066 2872 1221 2944 φησὶ,
1275 2870 1404 2926 λαὸν
1447 2869 1608 2944 [υιιίρ.
1638 2869 1765 2926 add.
1819 2868 1934 2942 ἐπὶ]
1978 2869 2059 2942 τῷ

477 2967 705 3039 ὀνόματι
736 2965 924 3023 66:06.
951 2986 969 3019 1
1007 2967 1118 3036 Οὐχ
1159 2964 1345 3030 ἁπλῶς
1404 2964 1707 3030 ἐξελέξατο,
1742 2963 1878 3019 ἀλλὰ
1914 2982 1934 3017 ι
1973 2962 2053 3034 τῷ
2081 3003 2126 3063 c

477 3058 706 3128 ὀνόματι
731 3058 919 3120 αὐτοῦ.
951 3076 971 3111 1
1006 3058 1255 3112 τουτέστι
1299 3059 1366 3129 τῇ
1415 3057 1565 3129 δόξῃ.
1613 3057 1671 3111 '0
1717 3055 2054 3126 σταυρωθεὶς

479 3144 549 3217 ἦν
579 3149 608 3200 6
636 3147 809 3215 λέγων
859 3146 1035 3200 ταῦτα
1064 3149 1122 3200 ἐν
1148 3146 1227 3215 τῷ
1287 3148 1565 3218 προφήτῃ.
1615 3145 1790 3198 Αὐτοῦ
1840 3145 1951 3217 γὰρ
1994 3147 2055 3199 :6

477 3237 651 3306 ὄνομα
681 3235 1070 3304 ἐπικέκληνται
1093 3234 1271 3287 πάντα
1296 3234 1366 3287 τὰ
1394 3232 1520 3304 ἔθνη
1549 3248 1566 3265 ·
1595 3234 1911 3303 Χριστιανοὶ
1944 3234 2053 3305 γὰρ

478 3331 998 3405 προσαγορεύονται.
1047 3330 1331 3384 Πεπτώκει
1358 3328 1467 3400 γὰρ
1491 3329 1657 3393 ὅντως
1691 3332 1891 3401 πτῶμα
1930 3331 2054 3386 ἁνί-

479 3441 627 3489 ατον,
654 3423 749 3476 1:61
777 3421 878 3491 τῆς
938 3422 1207 3489 κραταιᾶς
1263 3420 1484 3490 ἐκείνης
1534 3420 1789 3489 δεόμενον
1846 3422 2048 3493 χειρός.

478 3515 592 3571 Καὶ
619 3514 720 3569 οὐκ
758 3508 827 3587 ἦν
854 3513 1154 3584 ἀναστῆναι
1182 3512 1281 3584 τῆν
1309 3511 1471 3582 φύσιν
1500 3514 1600 3582 τὴν
1627 3513 1926 3584 ἡμετέραν,
1976 3512 2052 3585 μὴ

476 3604 571 3659 τοῦ
597 3604 696 3676 τήν
742 3603 915 3675 ἀρχὴν
944 3602 1337 3667 διαπλάσαντος
1361 3591 1499 3673 αὐτῇ
1530 3605 1687 3673 χεῖρα
1714 3602 1881 3666 ὀξέως
1929 3601 2049 3673 ὀρέ-

480 3694 689 3761 ξαντος,
739 3695 833 3748 καὶ
859 3693 1302 3759 δεατυπώσαντος
1348 3693 1554 3748 ἄνωθεν
1584 3694 1685 3766 τὴν
1735 3694 1803 3747 δι’
1860 3694 2050 3759 666:0;

476 3787 835 3855 άναγέννησιν
892 3786 986 3839 καὶ
1043 3784 1381 3856 Πνεύματος.
1420 3803 1438 3837 ι
1469 3786 1695 3840 Γνωστά
1747 3787 1895 3840 ἐστιν
1951 3784 2048 3841 ἀπ’

477 3880 672 3944 αἰῶνος
723 3879 801 3951 τῷ
845 3878 964 3950 Θεῷ
1010 3878 1187 3933 πάντα
1236 3877 1327 3934 τά’
1352 3878 1489 3950 ἔργα
1527 3879 1716 3932 αὑτοῦ.
1746 3898 1765 3932 1
1806 3877 1940 3933 Εἶτα
1988 3879 2050 3933 :6

478 3974 790 4041 ἀξιόπιστον
818 3972 913 4026 τοῦ
940 3971 1120 4039 λόγου,
1158 3971 1241 4024 ὅτι
1292 3970 1445 4024 οὐδὲν
1474 3970 1682 4035 καινὸν,
1717 3970 1835 4023 ἀλλ’
1863 3969 1921 4036 ἐξ
1944 3972 2048 4040 ἀρ·-

478 4066 581 4135 χῆς
602 4064 774 4117 ταῦτα
812 4061 1274 4133 προετυπώσατο’
1333 4061 1429 4114 1:61
1480 4060 1542 4114 :6
1590 4060 1806 4131 ἀξίωμα
1856 4061 2046 4114 πάλινο

484 4174 504 4207 ι
530 4153 622 4207 Διὸ
654 4152 764 4221 ἐγὼ
798 4152 968 4223 κρίνω
1022 4152 1099 4222 μὴ
1158 4149 1506 4222 παρενοχλεῖν
1537 4152 1648 4213 τοῖς
1683 4150 1790 4203 τῶν
1811 4149 1918 4204 61:6
1940 4149 2048 4206 τῶν

477 4247 647 4301 ἐθνῶν
691 4244 1111 4313 ἐπιστρέφουσι·
1138 4261 1159 4294 1
1226 4242 1498 4310 τουτέστι,
1568 4240 1646 4313 μὴ
1692 4243 2045 4315 ἀνατρέπειν.

2168 383 2359 455 ὥσπερ
2412 386 2533 438 οὐδὲ
2586 387 2665 447 τὸ,
2732 405 2749 438 ι
2783 387 2937 439 Πᾶσα
2994 388 3209 460 Γραφή,
3242 389 3602 457 θεόπνευστος
3656 399 3755 452 καὶ

2167 475 2464 546 ὠφέλιμος.
2499 495 2515 527 1
2544 476 2686 546 Ὅρα
2723 477 2779 528 δὲ
2819 476 2958 530 ὥστε
3001 478 3440 551 ἀξιοπιστότερον
3496 487 3754 552 γενέσθαι

2167 569 2451 636 πέμπουσι
2499 567 2570 620 :6
2604 566 2735 637 παρ’
2792 570 2995 635 αὐτῶν,
3026 569 3119 635 ώς
3166 572 3470 628 ἀνύποπτοι
3528 571 3663 631 ὦσιν
3695 580 3750 632 οἱ

2167 677 2232 713 πε
2241 661 2296 730 91
2350 659 2582 714 Παῦλον.

2249 752 2521 821 ’Λρκοῦσα
2549 752 2586 822 ἢ
2642 754 2945 823 κατηγορία
2975 754 3116 807 κατά
3140 756 3238 826 τῆς
3283 758 3511 813 ἐκείνων
3539 777 3745 833 προπε-

2160 844 2336 919 τείας,
2389 844 2484 896 κει.)⁸
2554 842 2681 908 ἀξία
2723 844 2824 914 τῆς
2884 845 2994 898 τῶν
3051 847 3368 902 ἀποστόλων
3434 853 3743 919 ἐπιεικείας

2163 935 2316 989 οὐδὲν
2373 937 2504 1006 παρ’
2547 936 2743 1006 ἐτέρων
2806 938 3127 1010 εἰρηκότων.
3171 937 3305 992 Εἶτα
3355 942 3439 996 6::
3494 961 3741 1015 τυραννι-

2164 1026 2318 1092 κῶς,
2369 1029 2451 1082 ὅτι
2503 1029 2637 1082 πᾶσι
2687 1028 2857 1083 ταῦτα
2907 1029 3074 1099 δοκεῖ,
3129 1031 3210 1084 ὃτι
3257 1032 3374 1102 μετ’
3406 1036 3742 1107 ἐπισκέψεως

2162 1119 2338 1173 ταῦτα
2388 1119 2678 1190 γράφουσι.
2717 1120 2829 1173 Καὶ.
2882 1121 2972 1175 ἴνα
3024 1122 3099 1193 μὴ
3150 1122 3277 1194 δόξῃ
3329 1124 3549 1197 διαϐολὴ
3605 1124 3738 1181 εἶναι

2161 1210 2416 1283 Βαρνάϐα
2439 1212 2532 1266 καὶ
2604 1211 2816 1266 Παύλου
2838 1213 2898 1266 :6
2927 1213 3171 1279 ἐκείνους
3198 1216 3593 1288 ἀποσταλῆναι,
3640 1220 3740 1290 δρα

2163 1302 2416 1374 ἐγκώμια
2474 1303 2677 1359 αὐτῶν.
2724 1323 2742 1356 ι
2804 1303 3159 1375 ⁹Λνορώποις,
3208 1307 3364 1378 φησὶ,
3426 1309 3737 1379 παραδεδω-

2163 1393 2287 1448 κόσι
2342 1393 2438 1459 :6;
2486 1395 2664 1464 ψυχὰς
2726 1396 2908 1450 αὐτῶν
2978 1396 3125 1468 ὑπὲρ
3165 1396 3259 1451 τοῦ
3311 1397 3576 1469 ὀνόματος
3646 1403 3736 1455 τοῦ

2164 1486 2372 1556 Κυρίου
2436 1486 2595 1558 ήμῶν
2649 1486 2828 1553 Ἰησοῦ
2893 1487 3199 1560 Χριστοῦ.»
3291 1491 3438 1544 Ἔδει
3495 1494 3604 1563 γάρ
3662 1496 3735 1565 μὴ

2165 1577 2261 1648 τὴν
2294 1578 2581 1648 ἐπιστολὴν
2620 1580 2876 1648 παρεῖναι
2920 1579 3104 1649 μόνον,
3140 1580 3225 1634 ἴνα
3258 1582 3332 1653 μὴ
3362 1582 3611 1650 λέγωσιν,
3655 1587 3735 1639 ὃτι

2091 1656 2134 1711 Β
2165 1671 2539 1741 συνήρπασαν,
2578 1671 2660 1724 6::
2703 1671 2819 1724 6v:'
2855 1658 3039 1726 ἄλλων
3063 1669 3217 1727 εἷπον
3265 1674 3327 1727 :6
3356 1676 3627 1747 ἐγκώμιον
3676 1680 3735 1731 :6

2156 1762 2292 1832 περὶ
2316 1761 2550 1827 Παύλου,
2568 1763 2864 1834 ἐνέφραξεν
2879 1763 3061 1817 αὐτῶν
3088 1765 3156 1819 :6
3178 1766 3440 1837 στόματα.
3470 1767 3736 1823 Ἐνταῦθα

2155 1852 2248 1905 τὸν
2283 1852 2445 1921 φόϐον
2471 1853 2747 1925 ἀπείργει,
2783 1855 2961 1910 καίτοι
3015 1856 3176 1927 ἤρκει
3222 1860 3417 1922 εἰπεῖν,
3462 1859 3545 1929 τῷ
3597 1861 3736 1929 ἁγίῳ

2158 1941 2464 2014 Πνεύματι,
2492 1945 2581 1998 ἵνα
2613 1944 2688 2015 μὴ
2739 1946 3035 2015 νομίσωσιν
3089 1949 3434 2019 ἀνθρώπινον
3464 1945 3627 2006 εἶναι.
3664 1953 3739 2005 T6

2157 2033 2236 2096 δέ,
2287 2053 2307 2087 ι
2359 2036 2509 2106 ἡμῖν,
2543 2054 2562 2087 1
2596 2038 2681 2090 ἵνα
2706 2037 3048 2109 διδαχθῶσιν,
3079 2041 3160 2094 ὅτι
3190 2040 3341 2094 66:01
3383 2041 3737 2113 ἀποδέχονται

2158 2127 2250 2179 1:61
2275 2127 2333 2179 ἐν
2356 2131 2625 2201 περιτομῇ
2653 2129 2825 2194 ὅντες.
2859 2131 3104 2186 Δεικνύει
3142 2132 3222 2186 6::
3244 2133 3394 2186 οὐδὲν
3415 2135 3596 2199 αὐτοῖς
3624 2134 3739 2189 λεί-

2123 2287 2129 2292 ι
2156 2236 2271 2284 πει,
2301 2219 2415 2273 ἀλλ’
2448 2221 2610 2292 ἀρκεῖ
2640 2220 2798 2276 τοῦτο
2822 2240 2837 2254 ο
2871 2223 3134 2289 ἠδύναντο
3159 2223 3259 2293 μέν
3289 2225 3398 2295 γὰρ
3429 2226 3522 2278 1:61
3568 2232 3738 2296 χωρὶς

2157 2310 2520 2382 πραγμάτων.
2560 2312 2702 2366 Ἀλλ’
2727 2313 2868 2368 ὥστε
2892 2315 3057 2385 νόμον
3075 2309 3214 2368 εἶναι
3244 2316 3540 2385 ἔγγραφον,
3574 2318 3734 2372 πάλιν

2155 2397 2298 2454 ὥστε
2331 2401 2620 2470 πεισθῆναι
2651 2400 2729 2471 τῷ
2766 2404 2938 2475 νόμῳ,
2970 2403 3148 2458 ταῦτα
3183 2403 3360 2459 πάντα
3386 2407 3454 2459 τά
3485 2406 3729 2478 τέσσαρα

2155 2489 2636 2564 ἀπαγορεύσαντες
2668 2498 2843 2546 ποιεῖν
2895 2495 2963 2548 :6
2992 2495 3156 2564 ¹ἔθνη,
3204 2495 3271 2549 τά
3330 2496 3493 2550 λοιπά
3548 2499 3735 2561 αὐτοῖς

2159 2588 2565 2661 συνεχώρησαν.
2600 2589 2754 2643 Ἔστι
2779 2591 2834 2644 δὲ
2865 2590 3039 2645 ταῦτα
3068 2607 3082 2622 ⁸
3117 2612 3137 2644 ι
3163 2594 3489 2664 Ἀπέχεσθαι
3517 2595 3734 2648 εἰδωλο-

2157 2676 2354 2744 θύτων,
2417 2680 2510 2732 καὶ
2541 2680 2794 2749 αἵματος,
2841 2683 2935 2735 καὶ
2979 2686 3226 2749 πνικτοῦ,
3253 2687 3345 2740 καὶ
3379 2688 3633 2757 πορνείας
3660 2704 3674 2716 ·
3707 2707 3731 2740 1

2155 2770 2331 2826 ταῦτα
2352 2770 2513 2843 γάρὴ
2557 2773 2732 2844 Καινὴ
2756 2774 2818 2827 ού
2867 2775 3246 2840 διατάσσεται,
3308 2778 3543 2848 οὐδαμοῦ
3603 2782 3736 2850 περὶ

2155 2862 2362 2917 τούτων
2407 2862 2659 2935 διελέχθη
2708 2865 2737 2916 6
2796 2867 3056 2937 Χριστὸς,
3086 2868 3199 2921 ἀλλ’
3249 2869 3358 2923 άπὸ
3406 2870 3501 2924 τοῦ
3557 2870 3732 2940 νόμου

2158 2955 2329 3011 ταῦτα
2404 2956 2795 3027 λαμϐάνουσιν.
2866 2954 2998 3012 Εἶτα
3056 2961 3295 3015 κάκεῖνοι
3350 2962 3544 3026 αὐτοὺς
3592 2979 3737 3032 παρ-

2159 3050 2408 3117 εκάλουν,
2468 3051 2567 3104 καὶ
2611 3050 3010 3121 βεϐαιώσαντες
3059 3054 3292 3120 αὐτοὺς,
3357 3055 3490 3127 πρὸς
3522 3054 3735 3108 Παῦλον

2156 3141 2586 3212 φιλονεικότερον
2621 3143 2904 3199 διέκειντο.
2943 3144 3130 3209 Οὕτως
3158 3146 3398 3217 ἀπῆλθον
3431 3148 3549 3217 μετ’
3574 3147 3733 3217 5191';-

2156 3248 2273 3299 νης.
2317 3229 2435 3286 Οὐκ
2465 3232 2545 3285 ἔτι
2574 3234 2795 3298 στάσεις
2852 3235 2949 3290 καὶ
3000 3238 3190 3307 μάχαι.
3225 3238 3431 3302 Παῦλος
3459 3239 3513 3292 δέ
3544 3237 3734 3292 λοιπον

2153 3322 2453 3387 ἐδίδασκεν,
2483 3323 2657 3388 οὐδεὶς
2680 3325 2851 3395 τύφος
2896 3322 2964 3398 ἧν
3015 3329 3073 3380 ἐν
3105 3332 3172 3399 τῇ
3224 3328 3516 3400 Ἐκκλησία
3541 3345 3553 3357 ·
3590 3332 3731 3398 μετα

2154 3414 2362 3485 Πέτρου
2390 3414 2605 3480 Παῦλος
2642 3417 2960 3488 φθέγγεται,
2991 3419 3086 3473 καὶ
3142 3420 3318 3485 οὐδεὶς
3365 3421 3729 3490 ἐπιστομίζει.

2153 3502 2409 3567 Ἰάκωϐος
2439 3505 2536 3558 καὶ
2565 3504 2819 3577 Ἰωάννης
2845 3506 3119 3578 ἀνέχεται.
3153 3510 3246 3562 καὶ
3265 3510 3439 3573 οὐδεὶς
3466 3512 3731 3580 ἐπιπηδᾷ,

2152 3592 2289 3648 ἀλλὰ
2315 3594 2573 3663 σιγῶσιν·
2615 3597 2823 3663 ἐκεῖνος
2856 3599 2963 3671 γὰρ
2995 3599 3096 3671 τὴν
3129 3601 3304 3673 ἀρχὴν
3330 3596 3402 3673 ῆν
3427 3603 3735 3673 ἐγκεχειρι-

2153 3681 2370 3750 σμένος.

2222 3776 2586 3847 Σημειωτέον,
2619 3780 2701 3833 6::
2735 3779 2894 3849 ἔργον
2914 3781 3025 3836 τῶν
3056 3784 3376 3854 ἡγουμένων
3429 3787 3736 3855 περιεργάο

2152 3864 2341 3930 ζεσθαι
2365 3868 2493 3931 τοὺς
2547 3869 2640 3922 ὑπ’
2679 3871 2859 3926 αὐτῶν
2893 3874 3285 3941 φωτισθέντας,
3324 3877 3398 3945 μή
3444 3894 3560 3939 πως
3616 3876 3735 3946 ἄρα

2152 3958 2249 4028 οὐχ
2272 3960 2576 4028 ὑγιαίνουσι
2633 3965 2700 4033 τῇ
2728 3964 2931 4030 πίστει,
2985 3964 3121 4019 ἀλλά
3177 3966 3477 4037 χωλεύωσι,
3516 3969 3612 4023 καὶ
3645 3967 3736 4020 δεῖ

2151 4051 2345 4116 66:06;
2367 4051 2743 4123 διορθωθῆναι.

2224 4147 2334 4199 K61
2357 4148 2415 4201 ἐν
2446 4150 2559 4211 τοῖς
2593 4150 2898 4219 προφήταις
2946 4149 3105 4205 τοῦτο
3161 4148 3508 4221 εὑρίσκομεν,
3532 4151 3733 4220 6:606-

2154 4253 2280 4307 ρους
2317 4239 2541 4307 γνώμας
2576 4239 2671 4292 καὶ
2696 4240 2928 4312 διάφορα
2951 4241 3053 4313 ήθη
3081 4258 3097 4274 ο
3121 4241 3233 4297 οἷον
3257 4243 3286 4295 6
3320 4244 3507 4307 Ἠλίας
3531 4244 3734 4308 αύστη·

475 4341 539 4395 Εἰ
586 4340 694 4409 γάρ
720 4340 748 4392 6
775 4337 906 4400 Θεὸς
941 4336 1219 4399 ἐκάλεσεν,
1250 4328 1411 4390 66:6:
1438 4334 1496 4388 δὲ
1523 4335 1578 4387 αί
1632 4333 2045 4404 παρατηρήσεις
2071 4338 2124 4397 ι)
2156 4328 2268 4397 ρὸς.
2299 4330 2328 4382 ὁ
2358 4330 2599 4400 Μωῦσῆς
2630 4333 2804 4400 πρᾶος
2833 4348 2848 4364 ⁸
2887 4332 3034 4386 οὕτω
3058 4335 3115 4387 δὲ
3147 4341 3240 4390 καὶ
3287 4335 3540 4399 ἐνταῦθα,
3595 4352 3737 4404 6:90-

472 4430 862 4503 ἀνατρέπουσι,
887 4426 965 4496 τῷ
1005 4425 1124 4497 Θεῷ
1175 4424 1542 4495 πολεμοῦμεν.
1576 4425 1686 4477 Καὶ
1743 4425 1859 4493 μετ’
1894 4423 2048 4488 ἐξου-

476 4524 599 4585 σίας
628 4521 708 4585 τδ,
744 4539 763 4572 ι
804 4520 946 4588 Ἐγὼ
976 4519 1198 4590 κρίνω.»
1234 4518 1332 4569 Διά
1356 4515 1516 4570 τοῦτό
1542 4532 1676 4586 φησι
1698 4515 1861 4568 καλὸν
1885 4510 2043 4570 εἶναι.

472 4614 572 4667 Διά
609 4613 662 4666 τί
728 4607 822 4665 οὖν
878 4611 954 4682 μὴ
1006 4612 1101 4663 καί
1137 4608 1412 4672 Ἰουδαίοις
1462 4607 1637 4662 ταῦτα
1670 4606 2045 4675 άπέστελλονς

474 4701 719 4772 Μωῦσῆς
756 4702 940 4764 αὐτοῖς
966 4697 1301 4768 διαλέγεται.
1336 4699 1477 4769 Ὅρα
1532 4698 1670 4769 πόση
1700 4699 1736 4769 ή
1778 4697 2046 4751 δυσκατάσ-

476 4795 636 4857 ϐασις
662 4794 729 4865 li.
755 4790 941 4864 συγκ.]
970 4807 984 4821 ο
1033 4791 1165 4846 ἔνθα
1202 4793 1356 4846 οὐδὲν
1411 4790 1699 4856 ἔϐλαπτεν,
1742 4792 2046 4861 ἐπέστησεν

422 4910 435 4917 -
470 4881 639 4937 αὐτὸν
668 4880 1010 4946 διδάσκαλον,
1038 4883 1137 4934 καὶ
1164 4880 1458 4951 ἐχαρίσατο
1482 4880 1667 4950 χάριν,
1689 4879 1841 4933 ούδέν
1871 4880 2045 4950 ἐμπο-

472 4976 745 5040 δίζουσαν,
777 4972 1075 5045 ἐπιτρέψας
1102 4969 1378 5034 Ἰουδαίοις
1403 4969 1623 5024 ἀκούειν
1656 4969 1844 5025 66:06.
1917 4996 1920 5000 ~

549 5063 610 5119 Εἰ
638 5065 732 5118 1:61
781 5062 887 5135 1:96
916 5062 1013 5131 τῆς
1043 5060 1337 5130 ἐπιδημίας
1365 5058 1460 5112 τοῦ
1482 5059 1735 5129 Σωτῆρος
1765 5058 1909 5113 κατά
1934 5061 2042 5114 πᾶν

472 5155 749 5210 Σάϐϐατον
805 5155 862 5207 ἐν
900 5152 1089 5222 μόναις
1116 5154 1234 5213 ταῖς
1260 5152 1603 5219 συναγωγαῖς
1645 5150 2043 5219 ἀνεγινώσκετο

473 5246 700 5318 Μωσῆς,
743 5242 859 5299 ἀλλ’
885 5238 977 5296 οῦν
1029 5241 1169 5311 μετά
1213 5240 1313 5311 τὴν
1345 5239 1641 5309 ἐπιδημίαν
1675 5239 1735 5293 ἐν
1791 5241 1912 5303 ταῖς
1946 5241 2045 5315 ἐκεῖ

475 5338 727 5406 κλησίαις
754 5334 850 5389 τοῦ
880 5332 1117 5406 Χριστοῦ
1142 5332 1204 5387 ού
1248 5331 1514 5387 κωλύεται
1548 5328 2041 5398 ἀναγινώσκεσθαι.

476 5428 587 5483 Καὶ
607 5429 731 5499 ὅρα,
763 5427 812 5479 εἰ
836 5424 1059 5481 δυνατὸν
1099 5420 1574 5492 τούτολδηλοῦσθαι
1599 5422 1664 5474 ἐκ
1688 5419 1805 5485 τοῦ,
1841 5423 2038 5494 ι’Δχρι

474 5519 581 5588 γὰρ
610 5519 708 5589 τῆς
732 5519 972 5590 σήμερον
992 5516 1205 5589 ἡμέρας
1233 5506 1393 5586 ἡνίκα
1422 5504 1854 5584 ἀναγινώσκεται
1906 5515 2037 5569 Μω-

2148 4419 2403 4491 δρότερός
2428 4423 2580 4475 ἐστιν
2604 4426 2634 4477 6
2662 4424 2894 4488 Παῦλος.
2926 4427 3071 4498 Ὅρα
3101 4429 3195 4482 1:61
3218 4429 3408 4482 τούτου
3440 4429 3501 4483 :6
3551 4429 3734 4482 ἐπιειο

2148 4508 2274 4570 κές’
2303 4527 2322 4560 ι
2371 4508 2575 4577 Ἥξίου,
2599 4513 2752 4581 φησὶ,
2781 4512 2875 4566 τδν
2901 4514 3236 4581 ἀποστάντα,
3266 4535 3286 4567 1
3341 4515 3528 4569 καὶτὰ
3568 4512 3728 4583 ἑξῆς.

2146 4598 2211 4650 Τί
2240 4593 2334 4652 οὖν
2359 4616 2375 4666 ς
2406 4601 2593 4672 ἐχθροὶ
2614 4603 2969 4675 ἀνεχώρησαν
2994 4622 3009 4673 ;
3035 4607 3125 4677 Μὴ
3158 4606 3386 4675 γένοιτο.
3412 4607 3578 4679 Ὁρᾷς
3611 4604 3735 4674 γὰρ

2148 4690 2289 4760 μετά
2319 4691 2476 4746 τοῦτο
2501 4693 2791 4764 Βαρνάϐαν
2821 4695 3034 4750 πολλῶν
3062 4699 3355 4769 ἐγκωμίων
3378 4696 3735 4752 ἀπολαύοντα

2145 4781 2296 4853 παρὰ
2326 4782 2538 4837 Παύλου
2568 4787 2626 4839 ἐν
2649 4789 2768 4850 ταῖς
2797 4786 3160 4853 Ἐπιστολαῖς.
3210 4788 3589 4862 Παροξυσμδς,
3618 4804 3736 4857 φη-

2146 4874 2252 4939 σὶν,
2296 4876 2534 4944 ἐγένετο,
2594 4879 2696 4933 061:
2737 4879 2927 4951 ιχθρα,
2974 4880 3037 4934 06
3093 4880 3416 4951 φιλονεικία.
3450 4878 3736 4934 Τοσοῦτον

2146 4964 2366 5034 ἴσχυσεν
2397 4968 2425 5020 6
2448 4967 2819 5040 παροξυσμὸς,
2850 4969 2993 5024 ὥστε
3030 4971 3372 5042 ἀποχωρίσαι
3401 4987 3414 5000 ο
3443 4970 3541 5025 καὶ
3572 4969 3737 5023 εἰκό-

2143 5073 2274 5121 τως.
2311 5058 2487 5131 Ὄπερ
2508 5061 2740 5127 ἕκαστος
2763 5063 3035 5118 ὑπέλαϐεν
3056 5062 3195 5121 είναι
3232 5063 3530 5128 λυσιτελὲς,
3558 5062 3738 5116 τοῦτο

2146 5148 2287 5222 μετὰ
2308 5149 2481 5205 ταῦτα
2502 5152 2564 5206 06
2598 5156 2917 5225 προσήκατο
2953 5156 3041 5210 διὰ
3065 5155 3166 5227 τὴν
3201 5157 3339 5228 πρὸς
3356 5158 3565 5210 ἐκεῖνον
3597 5170 3734 5208 κοι-

2142 5241 2361 5299 νωνίαν.
2415 5244 2569 5316 Ἐμοὶ
2621 5246 2893 5302 δοκεῖκαὶ
2949 5248 3092 5304 κατά
3128 5247 3345 5303 σύνεσιν
3390 5247 3645 5319 γενέσθαι
3696 5249 3739 5301 ό

2142 5334 2417 5407 χωρισμὸς
2447 5339 2543 5391 καὶ
2566 5339 2704 5410 πρὸς
2732 5339 2995 5410 ἀλλήλους
3024 5342 3223 5409 εἰπεῖν,
3252 5339 3569 5415 ὅτιἚπειδή
3605 5338 3739 5407 ἐγὼ

2144 5427 2425 5499 βούλομαι,
2457 5430 2520 5484 σὺ
2546 5429 2604 5484 δέ
2631 5431 2695 5485 06
2726 5430 2923 5501 βούλει,
2962 5432 3049 5487 ἵνα
3100 5431 3176 5504 μή
3231 5430 3565 5510 μαχώμεθα,
3600 5429 3739 5482 δια-

2141 5518 2460 5590 νειμώμεθα
2518 5522 2647 5585 τοὺς
2700 5524 2919 5587 πόνους.
2959 5523 3125 5577 Ὥστε
3171 5522 3414 5587 εἴκοντες
3464 5519 3737 5592 ἀλλήλοις

478 5610 627 5678 σῆς.»
666 5609 827 5663 Ἀλλὰ
858 5609 954 5695 καί
970 5606 1080 5699 ὸτὸ,
1112 5625 1155 5682 ⁵ι
1180 5607 1488 5679 Προσέχετε
1536 5608 1601 5679 τῇ
1654 5603 2029 5675 ἀναγνώσεις»
2139 5609 2298 5666 τοῦτο
2330 5610 2567 5671 ἐποίουν.
2612 5612 2896 5670 Ἐϐούλετο
2931 5613 3041 5687 γὰρ
3087 5614 3281 5689 στῆναι
3307 5614 3370 5671 :6
3423 5611 3487 5687 if.
3516 5613 3737 5670 ἀποστ.

2056 5709 2089 5717 ον
