  <div class='ocr_page' id='page_1' title='image "/cluster/home/n/w/nwhite01/storage/ocr_20150623/125/hvd.32044073502429/602.png"; bbox 0 0 4058 6210; ppageno 0'>
   <div class='ocr_carea' id='block_1_1' title="bbox 298 352 436 419">
    <p class='ocr_par' dir='ltr' id='par_1_1' title="bbox 298 352 436 419">
     <span class='ocr_line' id='line_1_1' title="bbox 298 352 436 419; baseline 0.007 -1"><span class='ocrx_word' id='word_1_1' title='bbox 298 352 436 419; x_wconf 83' lang='grc'>1105</span> 
     </span>
    </p>
   </div>
   <div class='ocr_carea' id='block_1_2' title="bbox 1108 363 2724 444">
    <p class='ocr_par' dir='ltr' id='par_1_2' title="bbox 1108 363 2724 444">
     <span class='ocr_line' id='line_1_2' title="bbox 1108 363 2724 444; baseline 0.011 -19"><span class='ocrx_word' id='word_1_2' title='bbox 1108 363 1649 434; x_wconf 81' lang='lat' dir='ltr'>EXPOSITIONIS</span> <span class='ocrx_word' id='word_1_3' title='bbox 1690 375 1774 438; x_wconf 90' lang='lat' dir='ltr'>IN</span> <span class='ocrx_word' id='word_1_4' title='bbox 1810 377 2000 439; x_wconf 77' lang='lat' dir='ltr'>ACTA</span> <span class='ocrx_word' id='word_1_5' title='bbox 2030 377 2333 440; x_wconf 83' lang='lat' dir='ltr'>TEXTUS</span> <span class='ocrx_word' id='word_1_6' title='bbox 2367 381 2724 444; x_wconf 79' lang='lat' dir='ltr'>TERTIUS.</span> 
     </span>
    </p>
   </div>
   <div class='ocr_carea' id='block_1_3' title="bbox 3414 395 3558 466">
    <p class='ocr_par' dir='ltr' id='par_1_3' title="bbox 3414 395 3558 466">
     <span class='ocr_line' id='line_1_3' title="bbox 3414 395 3558 466; baseline 0.042 -7"><span class='ocrx_word' id='word_1_7' title='bbox 3414 395 3558 466; x_wconf 87' lang='lat'><strong>1106</strong></span> 
     </span>
    </p>
   </div>
   <div class='ocr_carea' id='block_1_4' title="bbox 291 466 3557 582">
    <p class='ocr_par' dir='ltr' id='par_1_4' title="bbox 291 466 3557 582">
     <span class='ocr_line' id='line_1_4' title="bbox 291 466 3557 582; baseline 0.014 -63"><span class='ocrx_word' id='word_1_8' title='bbox 291 466 409 538; x_wconf 79' lang='grc' dir='ltr'>τοῦ]</span> <span class='ocrx_word' id='word_1_9' title='bbox 436 468 644 523; x_wconf 90' lang='grc' dir='ltr'>Παύλου</span> <span class='ocrx_word' id='word_1_10' title='bbox 670 471 696 523; x_wconf 90' lang='lat'>6</span> <span class='ocrx_word' id='word_1_11' title='bbox 720 469 1028 542; x_wconf 87' lang='grc' dir='ltr'>Βαρνάϐας,</span> <span class='ocrx_word' id='word_1_12' title='bbox 1053 474 1140 529; x_wconf 77' lang='grc' dir='ltr'>διὰ</span> <span class='ocrx_word' id='word_1_13' title='bbox 1163 479 1323 532; x_wconf 88' lang='grc' dir='ltr'>τοῦτο</span> <span class='ocrx_word' id='word_1_14' title='bbox 1348 481 1716 554; x_wconf 81' lang='grc' dir='ltr'>ἀνεχώρησεν.</span> <span class='ocrx_word' id='word_1_15' title='bbox 1741 485 1864 539; x_wconf 74' lang='lat' dir='ltr'>Eme</span> <span class='ocrx_word' id='word_1_16' title='bbox 1897 498 1939 550; x_wconf 72' lang='grc' dir='ltr'><strong>Α</strong></span> <span class='ocrx_word' id='word_1_17' title='bbox 1971 488 1998 540; x_wconf 94' lang='lat'>6</span> <span class='ocrx_word' id='word_1_18' title='bbox 2025 488 2122 560; x_wconf 83' lang='grc' dir='ltr'>τήν</span> <span class='ocrx_word' id='word_1_19' title='bbox 2148 491 2390 562; x_wconf 76' lang='grc' dir='ltr'>ἱστορίαν</span> <span class='ocrx_word' id='word_1_20' title='bbox 2426 493 2673 566; x_wconf 79' lang='grc' dir='ltr'>γράφων,</span> <span class='ocrx_word' id='word_1_21' title='bbox 2713 497 2806 550; x_wconf 63' lang='lat' dir='ltr'>az;</span> <span class='ocrx_word' id='word_1_22' title='bbox 2846 498 2910 571; x_wconf 81' lang='grc' dir='ltr'>δή</span> <span class='ocrx_word' id='word_1_23' title='bbox 2971 501 3069 555; x_wconf 77' lang='grc' dir='ltr'>καὶ</span> <span class='ocrx_word' id='word_1_24' title='bbox 3117 504 3316 577; x_wconf 84' lang='grc' dir='ltr'>ἀργίας</span> <span class='ocrx_word' id='word_1_25' title='bbox 3367 511 3557 582; x_wconf 78' lang='grc' dir='ltr'>οῦσης,</span> 
     </span>
    </p>
   </div>
   <div class='ocr_carea' id='block_1_5' title="bbox 291 560 1870 646">
    <p class='ocr_par' dir='ltr' id='par_1_5' title="bbox 291 560 1870 646">
     <span class='ocr_line' id='line_1_5' title="bbox 291 560 1870 646; baseline 0.015 -36"><span class='ocrx_word' id='word_1_26' title='bbox 291 560 385 611; x_wconf 69' lang='grc' dir='ltr'>καὶ</span> <span class='ocrx_word' id='word_1_27' title='bbox 409 562 570 628; x_wconf 78' lang='grc' dir='ltr'>ἡμεῖς</span> <span class='ocrx_word' id='word_1_28' title='bbox 607 561 879 628; x_wconf 79' lang='grc' dir='ltr'>τοιούτους</span> <span class='ocrx_word' id='word_1_29' title='bbox 912 567 1289 638; x_wconf 77' lang='grc' dir='ltr'>ἐχωριζόμεθα</span> <span class='ocrx_word' id='word_1_30' title='bbox 1329 577 1667 646; x_wconf 77' lang='grc' dir='ltr'>χωρισμοῦς,</span> <span class='ocrx_word' id='word_1_31' title='bbox 1729 578 1870 633; x_wconf 83' lang='grc' dir='ltr'>ὥστε</span> 
     </span>
    </p>
   </div>
   <div class='ocr_carea' id='block_1_6' title="bbox 294 653 1870 740">
    <p class='ocr_par' dir='ltr' id='par_1_6' title="bbox 294 653 1870 740">
     <span class='ocr_line' id='line_1_6' title="bbox 294 653 1870 740; baseline 0.012 -37"><span class='ocrx_word' id='word_1_32' title='bbox 294 653 474 705; x_wconf 80' lang='grc' dir='ltr'>ἐπἰτδ</span> <span class='ocrx_word' id='word_1_33' title='bbox 499 656 764 727; x_wconf 85' lang='grc' dir='ltr'>κήρυγμα</span> <span class='ocrx_word' id='word_1_34' title='bbox 821 658 1063 713; x_wconf 87' lang='grc' dir='ltr'>ἀπιέναι.</span> <span class='ocrx_word' id='word_1_35' title='bbox 1125 662 1310 718; x_wconf 87' lang='grc' dir='ltr'>Ταῦτα</span> <span class='ocrx_word' id='word_1_36' title='bbox 1369 668 1678 738; x_wconf 86' lang='grc' dir='ltr'>γέγραπται</span> <span class='ocrx_word' id='word_1_37' title='bbox 1737 671 1870 740; x_wconf 69' lang='grc' dir='ltr'>πρὸς</span> 
     </span>
    </p>
   </div>
   <div class='ocr_carea' id='block_1_7' title="bbox 290 742 1872 833">
    <p class='ocr_par' dir='ltr' id='par_1_7' title="bbox 290 742 1872 833">
     <span class='ocr_line' id='line_1_7' title="bbox 290 742 1872 833; baseline 0.015 -40"><span class='ocrx_word' id='word_1_38' title='bbox 290 742 461 796; x_wconf 86' lang='grc' dir='ltr'>τύπον</span> <span class='ocrx_word' id='word_1_39' title='bbox 500 745 803 817; x_wconf 81' lang='grc' dir='ltr'>ἡμέτερον,</span> <span class='ocrx_word' id='word_1_40' title='bbox 841 748 927 802; x_wconf 83' lang='grc' dir='ltr'>ἵνα</span> <span class='ocrx_word' id='word_1_41' title='bbox 979 751 1054 822; x_wconf 85' lang='grc' dir='ltr'>μὴ</span> <span class='ocrx_word' id='word_1_42' title='bbox 1140 755 1589 828; x_wconf 83' lang='grc' dir='ltr'>καταπίπτωμεν.</span> <span class='ocrx_word' id='word_1_43' title='bbox 1636 761 1710 813; x_wconf 82' lang='grc' dir='ltr'>Οὐ</span> <span class='ocrx_word' id='word_1_44' title='bbox 1764 762 1872 833; x_wconf 73' lang='grc' dir='ltr'>γάρ</span> 
     </span>
    </p>
   </div>
   <div class='ocr_carea' id='block_1_8' title="bbox 289 832 1872 925">
    <p class='ocr_par' dir='ltr' id='par_1_8' title="bbox 289 832 1872 925">
     <span class='ocr_line' id='line_1_8' title="bbox 289 832 1872 925; baseline 0.015 -41"><span class='ocrx_word' id='word_1_45' title='bbox 289 832 436 886; x_wconf 76' lang='grc' dir='ltr'>ἐστιν</span> <span class='ocrx_word' id='word_1_46' title='bbox 468 835 789 903; x_wconf 77' lang='grc' dir='ltr'>ἀνθρώπους</span> <span class='ocrx_word' id='word_1_47' title='bbox 813 840 975 905; x_wconf 79' lang='grc' dir='ltr'>ὄντας</span> <span class='ocrx_word' id='word_1_48' title='bbox 1005 843 1080 914; x_wconf 85' lang='grc' dir='ltr'>μὴ</span> <span class='ocrx_word' id='word_1_49' title='bbox 1109 847 1544 916; x_wconf 79' lang='grc' dir='ltr'>παροξύνεσθαι·</span> <span class='ocrx_word' id='word_1_50' title='bbox 1599 854 1872 925; x_wconf 82' lang='grc' dir='ltr'>παροξυν-</span> 
     </span>
    </p>
   </div>
   <div class='ocr_carea' id='block_1_9' title="bbox 301 923 1870 1010">
    <p class='ocr_par' dir='ltr' id='par_1_9' title="bbox 301 923 1870 1010">
     <span class='ocr_line' id='line_1_9' title="bbox 301 923 1870 1010; baseline 0.013 -35"><span class='ocrx_word' id='word_1_51' title='bbox 301 923 493 988; x_wconf 83' lang='grc' dir='ltr'>θέντας</span> <span class='ocrx_word' id='word_1_52' title='bbox 541 927 598 980; x_wconf 80' lang='grc' dir='ltr'>δέ</span> <span class='ocrx_word' id='word_1_53' title='bbox 656 927 763 999; x_wconf 82' lang='grc' dir='ltr'>χρὴ</span> <span class='ocrx_word' id='word_1_54' title='bbox 819 933 1276 1000; x_wconf 86' lang='grc' dir='ltr'>μεταϐάλλεσθαι.</span> <span class='ocrx_word' id='word_1_55' title='bbox 1339 923 1870 1010; x_wconf 21' lang='grc' dir='ltr'>Θαυμαστὸςνοῦτός</span> 
     </span>
    </p>
   </div>
   <div class='ocr_carea' id='block_1_10' title="bbox 290 1017 1867 1110">
    <p class='ocr_par' dir='ltr' id='par_1_10' title="bbox 290 1017 1867 1110">
     <span class='ocr_line' id='line_1_10' title="bbox 290 1017 1867 1110; baseline 0.015 -43"><span class='ocrx_word' id='word_1_56' title='bbox 290 1017 440 1068; x_wconf 91' lang='grc' dir='ltr'>ἐστιν</span> <span class='ocrx_word' id='word_1_57' title='bbox 489 1019 517 1070; x_wconf 98' lang='lat'>6</span> <span class='ocrx_word' id='word_1_58' title='bbox 555 1020 714 1089; x_wconf 78' lang='grc' dir='ltr'>ἀνὴρ,</span> <span class='ocrx_word' id='word_1_59' title='bbox 754 1023 850 1075; x_wconf 75' lang='grc' dir='ltr'>καὶ</span> <span class='ocrx_word' id='word_1_60' title='bbox 915 1025 1121 1098; x_wconf 82' lang='grc' dir='ltr'>σφόδρα</span> <span class='ocrx_word' id='word_1_61' title='bbox 1163 1029 1334 1099; x_wconf 90' lang='grc' dir='ltr'>μέγας</span> <span class='ocrx_word' id='word_1_62' title='bbox 1359 1049 1372 1062; x_wconf 91' lang='grc'><strong>·</strong></span> <span class='ocrx_word' id='word_1_63' title='bbox 1443 1036 1584 1089; x_wconf 85' lang='grc' dir='ltr'>πάνυ</span> <span class='ocrx_word' id='word_1_64' title='bbox 1613 1035 1867 1110; x_wconf 86' lang='grc' dir='ltr'>ὠφέλειὴ</span> 
     </span>
    </p>
   </div>
   <div class='ocr_carea' id='block_1_11' title="bbox 290 1105 847 1182">
    <p class='ocr_par' dir='ltr' id='par_1_11' title="bbox 290 1105 847 1182">
     <span class='ocr_line' id='line_1_11' title="bbox 290 1105 847 1182; baseline 0.02 -25"><span class='ocrx_word' id='word_1_65' title='bbox 290 1105 437 1176; x_wconf 87' lang='grc' dir='ltr'>μάχη</span> <span class='ocrx_word' id='word_1_66' title='bbox 467 1109 558 1161; x_wconf 65' lang='grc' dir='ltr'>τδν</span> <span class='ocrx_word' id='word_1_67' title='bbox 599 1111 847 1182; x_wconf 86' lang='grc' dir='ltr'>Μάρκον.</span> 
     </span>
    </p>
   </div>
   <div class='ocr_carea' id='block_1_12' title="bbox 359 1196 1868 1285">
    <p class='ocr_par' dir='ltr' id='par_1_12' title="bbox 359 1196 1868 1285">
     <span class='ocr_line' id='line_1_12' title="bbox 359 1196 1868 1285; baseline 0.017 -38"><span class='ocrx_word' id='word_1_68' title='bbox 359 1196 434 1248; x_wconf 80' lang='lat' dir='ltr'><em>T6</em></span> <span class='ocrx_word' id='word_1_69' title='bbox 466 1198 564 1266; x_wconf 86' lang='grc' dir='ltr'>μὲν</span> <span class='ocrx_word' id='word_1_70' title='bbox 586 1201 702 1271; x_wconf 32' lang='grc' dir='ltr'>,γάρ</span> <span class='ocrx_word' id='word_1_71' title='bbox 752 1204 965 1258; x_wconf 79' lang='grc' dir='ltr'>Παύλου</span> <span class='ocrx_word' id='word_1_72' title='bbox 1021 1208 1250 1279; x_wconf 71' lang='grc' dir='ltr'>φοϐερὸν</span> <span class='ocrx_word' id='word_1_73' title='bbox 1303 1212 1639 1285; x_wconf 75' lang='grc' dir='ltr'>ἐπέστρεφεν</span> <span class='ocrx_word' id='word_1_74' title='bbox 1673 1217 1868 1272; x_wconf 74' lang='grc' dir='ltr'>αὐτόν’</span> 
     </span>
    </p>
   </div>
   <div class='ocr_carea' id='block_1_13' title="bbox 287 1287 1870 1379">
    <p class='ocr_par' dir='ltr' id='par_1_13' title="bbox 287 1287 1870 1379">
     <span class='ocr_line' id='line_1_13' title="bbox 287 1287 1870 1379; baseline 0.015 -39"><span class='ocrx_word' id='word_1_75' title='bbox 287 1287 348 1340; x_wconf 76' lang='grc' dir='ltr'>τὸ</span> <span class='ocrx_word' id='word_1_76' title='bbox 378 1287 433 1339; x_wconf 83' lang='grc' dir='ltr'>δὲ</span> <span class='ocrx_word' id='word_1_77' title='bbox 483 1287 738 1360; x_wconf 86' lang='grc' dir='ltr'>Βαρνάϐα</span> <span class='ocrx_word' id='word_1_78' title='bbox 800 1296 1036 1365; x_wconf 75' lang='grc' dir='ltr'>χρηστὸν</span> <span class='ocrx_word' id='word_1_79' title='bbox 1101 1300 1274 1353; x_wconf 87' lang='grc' dir='ltr'>ἐποίει</span> <span class='ocrx_word' id='word_1_80' title='bbox 1308 1305 1504 1373; x_wconf 81' lang='grc' dir='ltr'>μηκέτι</span> <span class='ocrx_word' id='word_1_81' title='bbox 1535 1306 1870 1379; x_wconf 87' lang='grc' dir='ltr'>ἀπολειφθῆ-</span> 
     </span>
    </p>
   </div>
   <div class='ocr_carea' id='block_1_14' title="bbox 286 1378 1870 1472">
    <p class='ocr_par' dir='ltr' id='par_1_14' title="bbox 286 1378 1870 1472">
     <span class='ocr_line' id='line_1_14' title="bbox 286 1378 1870 1472; baseline 0.017 -44"><span class='ocrx_word' id='word_1_82' title='bbox 286 1393 396 1431; x_wconf 90' lang='grc' dir='ltr'>ναι.</span> <span class='ocrx_word' id='word_1_83' title='bbox 426 1378 589 1432; x_wconf 79' lang='grc' dir='ltr'>Ὥστε</span> <span class='ocrx_word' id='word_1_84' title='bbox 621 1383 887 1452; x_wconf 78' lang='grc' dir='ltr'>μάχονται</span> <span class='ocrx_word' id='word_1_85' title='bbox 915 1388 1032 1456; x_wconf 83' lang='grc' dir='ltr'>μὲν,</span> <span class='ocrx_word' id='word_1_86' title='bbox 1065 1391 1144 1454; x_wconf 84' lang='grc' dir='ltr'>είς</span> <span class='ocrx_word' id='word_1_87' title='bbox 1185 1391 1242 1444; x_wconf 83' lang='grc' dir='ltr'>ἐν</span> <span class='ocrx_word' id='word_1_88' title='bbox 1280 1394 1336 1447; x_wconf 85' lang='grc' dir='ltr'>δέ</span> <span class='ocrx_word' id='word_1_89' title='bbox 1368 1395 1518 1460; x_wconf 83' lang='grc' dir='ltr'>τέλος</span> <span class='ocrx_word' id='word_1_90' title='bbox 1545 1399 1762 1472; x_wconf 82' lang='grc' dir='ltr'>ἀπαντᾷ</span> <span class='ocrx_word' id='word_1_91' title='bbox 1809 1378 1870 1455; x_wconf 81' lang='grc' dir='ltr'>τὸ</span> 
     </span>
    </p>
   </div>
   <div class='ocr_carea' id='block_1_15' title="bbox 285 1470 1865 1558">
    <p class='ocr_par' dir='ltr' id='par_1_15' title="bbox 285 1470 1865 1558">
     <span class='ocr_line' id='line_1_15' title="bbox 285 1470 1865 1558; baseline 0.017 -37"><span class='ocrx_word' id='word_1_92' title='bbox 285 1470 496 1539; x_wconf 87' lang='grc' dir='ltr'>κέρδος.</span> <span class='ocrx_word' id='word_1_93' title='bbox 561 1474 672 1526; x_wconf 76' lang='grc' dir='ltr'>Καὶ</span> <span class='ocrx_word' id='word_1_94' title='bbox 723 1477 832 1547; x_wconf 77' lang='grc' dir='ltr'>γὰρ</span> <span class='ocrx_word' id='word_1_95' title='bbox 880 1479 1095 1533; x_wconf 80' lang='grc' dir='ltr'>Παῦλον</span> <span class='ocrx_word' id='word_1_96' title='bbox 1155 1484 1298 1554; x_wconf 79' lang='grc' dir='ltr'>ὀρῶν</span> <span class='ocrx_word' id='word_1_97' title='bbox 1340 1487 1667 1558; x_wconf 72' lang='grc' dir='ltr'>αἱρούμενον</span> <span class='ocrx_word' id='word_1_98' title='bbox 1725 1470 1865 1546; x_wconf 86' lang='grc' dir='ltr'>ἀπο-</span> 
     </span>
    </p>
   </div>
   <div class='ocr_carea' id='block_1_16' title="bbox 285 1564 1863 1650">
    <p class='ocr_par' dir='ltr' id='par_1_16' title="bbox 285 1564 1863 1650">
     <span class='ocr_line' id='line_1_16' title="bbox 285 1564 1863 1650; baseline 0.016 -36"><span class='ocrx_word' id='word_1_99' title='bbox 285 1564 500 1632; x_wconf 81' lang='grc' dir='ltr'>στῆναι,</span> <span class='ocrx_word' id='word_1_100' title='bbox 533 1567 627 1620; x_wconf 72' lang='grc' dir='ltr'>καὶ</span> <span class='ocrx_word' id='word_1_101' title='bbox 687 1569 828 1622; x_wconf 85' lang='grc' dir='ltr'>πάνυ</span> <span class='ocrx_word' id='word_1_102' title='bbox 873 1574 1150 1644; x_wconf 84' lang='grc' dir='ltr'>ἐφοϐήθη,</span> <span class='ocrx_word' id='word_1_103' title='bbox 1205 1579 1300 1629; x_wconf 81' lang='grc' dir='ltr'>καὶ</span> <span class='ocrx_word' id='word_1_104' title='bbox 1357 1581 1604 1650; x_wconf 82' lang='grc' dir='ltr'>κατέγνω</span> <span class='ocrx_word' id='word_1_105' title='bbox 1650 1585 1818 1639; x_wconf 85' lang='grc' dir='ltr'>αὑτοῦ</span> <span class='ocrx_word' id='word_1_106' title='bbox 1845 1601 1863 1618; x_wconf 85' lang='grc'><em>’</em></span> 
     </span>
    </p>
   </div>
   <div class='ocr_carea' id='block_1_17' title="bbox 284 1655 1870 1740">
    <p class='ocr_par' dir='ltr' id='par_1_17' title="bbox 284 1655 1870 1740">
     <span class='ocr_line' id='line_1_17' title="bbox 284 1655 1870 1740; baseline 0.016 -34"><span class='ocrx_word' id='word_1_107' title='bbox 284 1655 380 1708; x_wconf 75' lang='grc' dir='ltr'>καὶ</span> <span class='ocrx_word' id='word_1_108' title='bbox 408 1657 694 1727; x_wconf 84' lang='grc' dir='ltr'>Βαρνάϐαν</span> <span class='ocrx_word' id='word_1_109' title='bbox 724 1661 865 1730; x_wconf 80' lang='grc' dir='ltr'>ὀρῶν</span> <span class='ocrx_word' id='word_1_110' title='bbox 895 1662 1067 1728; x_wconf 82' lang='grc' dir='ltr'>οὕτως</span> <span class='ocrx_word' id='word_1_111' title='bbox 1131 1668 1506 1740; x_wconf 79' lang='grc' dir='ltr'>ἀντεχόμενον,</span> <span class='ocrx_word' id='word_1_112' title='bbox 1537 1674 1676 1728; x_wconf 85' lang='grc' dir='ltr'>πάνυ</span> <span class='ocrx_word' id='word_1_113' title='bbox 1707 1677 1870 1732; x_wconf 82' lang='grc' dir='ltr'>αύτδν</span> 
     </span>
    </p>
   </div>
   <div class='ocr_carea' id='block_1_18' title="bbox 280 1746 1863 1833">
    <p class='ocr_par' dir='ltr' id='par_1_18' title="bbox 280 1746 1863 1833">
     <span class='ocr_line' id='line_1_18' title="bbox 280 1746 1863 1833; baseline 0.013 -36"><span class='ocrx_word' id='word_1_114' title='bbox 280 1746 550 1816; x_wconf 77' lang='grc' dir='ltr'>ὠφέλησε,</span> <span class='ocrx_word' id='word_1_115' title='bbox 588 1750 680 1802; x_wconf 75' lang='grc' dir='ltr'>καὶ</span> <span class='ocrx_word' id='word_1_116' title='bbox 712 1749 1009 1821; x_wconf 78' lang='grc' dir='ltr'>διωρθοῦτο</span> <span class='ocrx_word' id='word_1_117' title='bbox 1043 1755 1072 1806; x_wconf 93' lang='lat'>6</span> <span class='ocrx_word' id='word_1_118' title='bbox 1121 1756 1363 1827; x_wconf 80' lang='grc' dir='ltr'>μαθητὴς</span> <span class='ocrx_word' id='word_1_119' title='bbox 1412 1758 1501 1812; x_wconf 86' lang='grc' dir='ltr'>διὰ</span> <span class='ocrx_word' id='word_1_120' title='bbox 1527 1761 1628 1829; x_wconf 84' lang='grc' dir='ltr'>τῆς</span> <span class='ocrx_word' id='word_1_121' title='bbox 1683 1763 1863 1833; x_wconf 84' lang='grc' dir='ltr'>μάχης</span> 
     </span>
    </p>
   </div>
   <div class='ocr_carea' id='block_1_19' title="bbox 279 1834 1938 1916">
    <p class='ocr_par' dir='ltr' id='par_1_19' title="bbox 279 1834 1938 1916">
     <span class='ocr_line' id='line_1_19' title="bbox 279 1834 1938 1916; baseline 0.014 -31"><span class='ocrx_word' id='word_1_122' title='bbox 279 1834 390 1887; x_wconf 84' lang='grc' dir='ltr'>τῶν</span> <span class='ocrx_word' id='word_1_123' title='bbox 443 1836 806 1910; x_wconf 70' lang='grc' dir='ltr'>διδασκάλων·</span> <span class='ocrx_word' id='word_1_124' title='bbox 852 1841 1113 1896; x_wconf 87' lang='grc' dir='ltr'>τοσοῦτον</span> <span class='ocrx_word' id='word_1_125' title='bbox 1167 1847 1366 1916; x_wconf 83' lang='grc' dir='ltr'>ἀπεῖχε</span> <span class='ocrx_word' id='word_1_126' title='bbox 1441 1848 1536 1902; x_wconf 81' lang='grc' dir='ltr'>τοῦ</span> <span class='ocrx_word' id='word_1_127' title='bbox 1589 1853 1868 1907; x_wconf 85' lang='grc' dir='ltr'>σκανδαλι-</span> <span class='ocrx_word' id='word_1_128' title='bbox 1901 1855 1938 1908; x_wconf 76' lang='grc' dir='ltr'><strong>Β</strong></span> 
     </span>
    </p>
   </div>
   <div class='ocr_carea' id='block_1_20' title="bbox 283 1925 503 1994">
    <p class='ocr_par' dir='ltr' id='par_1_20' title="bbox 283 1925 503 1994">
     <span class='ocr_line' id='line_1_20' title="bbox 283 1925 503 1994; baseline 0.027 -17"><span class='ocrx_word' id='word_1_129' title='bbox 283 1925 503 1994; x_wconf 81' lang='grc' dir='ltr'>σθῆναι.</span> 
     </span>
    </p>
   </div>
   <div class='ocr_carea' id='block_1_21' title="bbox 354 2017 1864 2105">
    <p class='ocr_par' dir='ltr' id='par_1_21' title="bbox 354 2017 1864 2105">
     <span class='ocr_line' id='line_1_21' title="bbox 354 2017 1864 2105; baseline 0.017 -39"><span class='ocrx_word' id='word_1_130' title='bbox 354 2017 495 2084; x_wconf 88' lang='grc' dir='ltr'>Ὅρα</span> <span class='ocrx_word' id='word_1_131' title='bbox 543 2018 646 2088; x_wconf 84' lang='grc' dir='ltr'>τήν</span> <span class='ocrx_word' id='word_1_132' title='bbox 698 2019 910 2076; x_wconf 91' lang='grc' dir='ltr'>σύνεσιν</span> <span class='ocrx_word' id='word_1_133' title='bbox 965 2024 1061 2078; x_wconf 90' lang='grc' dir='ltr'>τοῦ</span> <span class='ocrx_word' id='word_1_134' title='bbox 1100 2027 1335 2093; x_wconf 81' lang='grc' dir='ltr'>Παύλου,</span> <span class='ocrx_word' id='word_1_135' title='bbox 1371 2032 1432 2083; x_wconf 84' lang='grc' dir='ltr'>οὐ</span> <span class='ocrx_word' id='word_1_136' title='bbox 1487 2032 1753 2105; x_wconf 90' lang='grc' dir='ltr'>πρότερον</span> <span class='ocrx_word' id='word_1_137' title='bbox 1778 2037 1864 2090; x_wconf 83' lang='grc' dir='ltr'>ἐπ’</span> 
     </span>
    </p>
   </div>
   <div class='ocr_carea' id='block_1_22' title="bbox 281 2105 1865 2194">
    <p class='ocr_par' dir='ltr' id='par_1_22' title="bbox 281 2105 1865 2194">
     <span class='ocr_line' id='line_1_22' title="bbox 281 2105 1865 2194; baseline 0.013 -35"><span class='ocrx_word' id='word_1_138' title='bbox 281 2105 449 2175; x_wconf 72' lang='grc' dir='ltr'>ἄλλην</span> <span class='ocrx_word' id='word_1_139' title='bbox 495 2108 712 2180; x_wconf 80' lang='grc' dir='ltr'>ἔρχεται</span> <span class='ocrx_word' id='word_1_140' title='bbox 762 2113 937 2180; x_wconf 90' lang='grc' dir='ltr'>πόλιν,</span> <span class='ocrx_word' id='word_1_141' title='bbox 973 2119 1103 2185; x_wconf 73' lang='grc' dir='ltr'>πρὶν</span> <span class='ocrx_word' id='word_1_142' title='bbox 1141 2119 1172 2189; x_wconf 79' lang='grc' dir='ltr'><strong>ἢ</strong></span> <span class='ocrx_word' id='word_1_143' title='bbox 1205 2122 1301 2183; x_wconf 68' lang='grc' dir='ltr'>τὰς</span> <span class='ocrx_word' id='word_1_144' title='bbox 1333 2121 1630 2194; x_wconf 79' lang='grc' dir='ltr'>δεξαμένας</span> <span class='ocrx_word' id='word_1_145' title='bbox 1664 2126 1754 2179; x_wconf 79' lang='grc' dir='ltr'>τὸν</span> <span class='ocrx_word' id='word_1_146' title='bbox 1777 2127 1865 2180; x_wconf 90' lang='grc' dir='ltr'>λό-</span> 
     </span>
    </p>
   </div>
   <div class='ocr_carea' id='block_1_23' title="bbox 279 2201 1866 2291">
    <p class='ocr_par' dir='ltr' id='par_1_23' title="bbox 279 2201 1866 2291">
     <span class='ocr_line' id='line_1_23' title="bbox 279 2201 1866 2291; baseline 0.014 -41"><span class='ocrx_word' id='word_1_147' title='bbox 279 2215 377 2266; x_wconf 90' lang='grc' dir='ltr'>γον</span> <span class='ocrx_word' id='word_1_148' title='bbox 405 2201 805 2272; x_wconf 72' lang='grc' dir='ltr'>ἐπισκέψασθαι</span> <span class='ocrx_word' id='word_1_149' title='bbox 830 2221 844 2236; x_wconf 91' lang='grc'><strong>·</strong></span> <span class='ocrx_word' id='word_1_150' title='bbox 878 2208 972 2261; x_wconf 75' lang='grc' dir='ltr'>καὶ</span> <span class='ocrx_word' id='word_1_151' title='bbox 1000 2209 1106 2291; x_wconf 77' lang='grc' dir='ltr'>γὰρ</span> <span class='ocrx_word' id='word_1_152' title='bbox 1130 2212 1284 2276; x_wconf 84' lang='grc' dir='ltr'>ἀνίας</span> <span class='ocrx_word' id='word_1_153' title='bbox 1312 2214 1431 2268; x_wconf 68' lang='grc' dir='ltr'>ἐστὶ</span> <span class='ocrx_word' id='word_1_154' title='bbox 1458 2216 1518 2269; x_wconf 79' lang='grc' dir='ltr'>τὸ</span> <span class='ocrx_word' id='word_1_155' title='bbox 1569 2219 1691 2289; x_wconf 81' lang='grc' dir='ltr'>εἰκῆ</span> <span class='ocrx_word' id='word_1_156' title='bbox 1740 2219 1866 2291; x_wconf 85' lang='grc' dir='ltr'>τρέ-</span> 
     </span>
    </p>
   </div>
   <div class='ocr_carea' id='block_1_24' title="bbox 284 2306 423 2358">
    <p class='ocr_par' dir='ltr' id='par_1_24' title="bbox 284 2306 423 2358">
     <span class='ocr_line' id='line_1_24' title="bbox 284 2306 423 2358; baseline 0.022 -18"><span class='ocrx_word' id='word_1_157' title='bbox 284 2306 423 2358; x_wconf 89' lang='grc' dir='ltr'>χειν.</span> 
     </span>
    </p>
   </div>
   <div class='ocr_carea' id='block_1_25' title="bbox 357 2383 1860 2472">
    <p class='ocr_par' dir='ltr' id='par_1_25' title="bbox 357 2383 1860 2472">
     <span class='ocr_line' id='line_1_25' title="bbox 357 2383 1860 2472; baseline 0.017 -38"><span class='ocrx_word' id='word_1_158' title='bbox 357 2383 569 2448; x_wconf 81' lang='grc' dir='ltr'>Ὄντως</span> <span class='ocrx_word' id='word_1_159' title='bbox 599 2384 751 2450; x_wconf 81' lang='grc' dir='ltr'>ἀξιον</span> <span class='ocrx_word' id='word_1_160' title='bbox 783 2388 1124 2462; x_wconf 81' lang='grc' dir='ltr'>ἐκπλαγῆναι</span> <span class='ocrx_word' id='word_1_161' title='bbox 1146 2396 1238 2449; x_wconf 88' lang='grc' dir='ltr'>τοῦ</span> <span class='ocrx_word' id='word_1_162' title='bbox 1261 2398 1476 2452; x_wconf 88' lang='grc' dir='ltr'>Παύλου</span> <span class='ocrx_word' id='word_1_163' title='bbox 1504 2403 1602 2472; x_wconf 84' lang='grc' dir='ltr'>τὴν</span> <span class='ocrx_word' id='word_1_164' title='bbox 1623 2402 1860 2460; x_wconf 76' lang='grc' dir='ltr'>σύνεσινο</span> 
     </span>
    </p>
   </div>
   <div class='ocr_carea' id='block_1_26' title="bbox 279 2474 1864 2567">
    <p class='ocr_par' dir='ltr' id='par_1_26' title="bbox 279 2474 1864 2567">
     <span class='ocr_line' id='line_1_26' title="bbox 279 2474 1864 2567; baseline 0.016 -43"><span class='ocrx_word' id='word_1_165' title='bbox 279 2474 308 2524; x_wconf 84' lang='grc' dir='ltr'>ὁ</span> <span class='ocrx_word' id='word_1_166' title='bbox 329 2476 564 2529; x_wconf 89' lang='grc' dir='ltr'>τοσαῦτα</span> <span class='ocrx_word' id='word_1_167' title='bbox 593 2480 979 2551; x_wconf 79' lang='grc' dir='ltr'>μαχησάμενος</span> <span class='ocrx_word' id='word_1_168' title='bbox 1017 2487 1145 2555; x_wconf 76' lang='grc' dir='ltr'>περὶ</span> <span class='ocrx_word' id='word_1_169' title='bbox 1178 2491 1277 2559; x_wconf 79' lang='grc' dir='ltr'>τῆς</span> <span class='ocrx_word' id='word_1_170' title='bbox 1329 2495 1634 2564; x_wconf 81' lang='grc' dir='ltr'>περιτομῆς</span> <span class='ocrx_word' id='word_1_171' title='bbox 1697 2512 1864 2567; x_wconf 85' lang='grc' dir='ltr'>περι-</span> 
     </span>
    </p>
   </div>
   <div class='ocr_carea' id='block_1_27' title="bbox 283 2565 1865 2655">
    <p class='ocr_par' dir='ltr' id='par_1_27' title="bbox 283 2565 1865 2655">
     <span class='ocr_line' id='line_1_27' title="bbox 283 2565 1865 2655; baseline 0.015 -36"><span class='ocrx_word' id='word_1_172' title='bbox 283 2565 449 2636; x_wconf 74' lang='grc' dir='ltr'>ἀτεμε</span> <span class='ocrx_word' id='word_1_173' title='bbox 499 2568 592 2622; x_wconf 71' lang='grc' dir='ltr'>τὸν</span> <span class='ocrx_word' id='word_1_174' title='bbox 623 2571 893 2643; x_wconf 80' lang='grc' dir='ltr'>μαθητήν.</span> <span class='ocrx_word' id='word_1_175' title='bbox 955 2577 1066 2630; x_wconf 80' lang='grc' dir='ltr'>Καὶ</span> <span class='ocrx_word' id='word_1_176' title='bbox 1095 2579 1156 2632; x_wconf 85' lang='grc' dir='ltr'>ού</span> <span class='ocrx_word' id='word_1_177' title='bbox 1188 2581 1347 2650; x_wconf 89' lang='grc' dir='ltr'>μόνον</span> <span class='ocrx_word' id='word_1_178' title='bbox 1399 2583 1619 2655; x_wconf 88' lang='grc' dir='ltr'>ἐτέρους</span> <span class='ocrx_word' id='word_1_179' title='bbox 1650 2587 1711 2640; x_wconf 84' lang='grc' dir='ltr'>οὐ</span> <span class='ocrx_word' id='word_1_180' title='bbox 1757 2565 1865 2642; x_wconf 83' lang='grc' dir='ltr'>κω-</span> 
     </span>
    </p>
   </div>
   <div class='ocr_carea' id='block_1_28' title="bbox 283 2655 1866 2741">
    <p class='ocr_par' dir='ltr' id='par_1_28' title="bbox 283 2655 1866 2741">
     <span class='ocr_line' id='line_1_28' title="bbox 283 2655 1866 2741; baseline 0.017 -34"><span class='ocrx_word' id='word_1_181' title='bbox 283 2655 425 2719; x_wconf 88' lang='grc' dir='ltr'>λύει,</span> <span class='ocrx_word' id='word_1_182' title='bbox 454 2659 590 2712; x_wconf 87' lang='grc' dir='ltr'>ἀλλά</span> <span class='ocrx_word' id='word_1_183' title='bbox 615 2665 710 2715; x_wconf 69' lang='grc' dir='ltr'>καὶ</span> <span class='ocrx_word' id='word_1_184' title='bbox 737 2666 900 2729; x_wconf 82' lang='grc' dir='ltr'>αὐτὸς</span> <span class='ocrx_word' id='word_1_185' title='bbox 934 2667 1092 2721; x_wconf 86' lang='grc' dir='ltr'>τοῦτο</span> <span class='ocrx_word' id='word_1_186' title='bbox 1141 2672 1459 2741; x_wconf 72' lang='grc' dir='ltr'>ἐργάζεται.</span> <span class='ocrx_word' id='word_1_187' title='bbox 1512 2677 1680 2731; x_wconf 84' lang='grc' dir='ltr'>Ούδέν</span> <span class='ocrx_word' id='word_1_188' title='bbox 1739 2697 1866 2734; x_wconf 77' lang='grc' dir='ltr'>συν-</span> 
     </span>
    </p>
   </div>
   <div class='ocr_carea' id='block_1_29' title="bbox 283 2746 1863 2839">
    <p class='ocr_par' dir='ltr' id='par_1_29' title="bbox 283 2746 1863 2839">
     <span class='ocr_line' id='line_1_29' title="bbox 283 2746 1863 2839; baseline 0.018 -42"><span class='ocrx_word' id='word_1_189' title='bbox 283 2746 568 2818; x_wconf 81' lang='grc' dir='ltr'>ετὼτερον,</span> <span class='ocrx_word' id='word_1_190' title='bbox 594 2751 733 2806; x_wconf 84' lang='grc' dir='ltr'>ὥστε</span> <span class='ocrx_word' id='word_1_191' title='bbox 772 2756 948 2810; x_wconf 84' lang='grc' dir='ltr'>πάντα</span> <span class='ocrx_word' id='word_1_192' title='bbox 975 2761 1110 2828; x_wconf 72' lang='grc' dir='ltr'>πρὸς</span> <span class='ocrx_word' id='word_1_193' title='bbox 1142 2761 1197 2814; x_wconf 73' lang='grc' dir='ltr'>τὲ</span> <span class='ocrx_word' id='word_1_194' title='bbox 1231 2765 1507 2836; x_wconf 80' lang='grc' dir='ltr'>συμφέρον</span> <span class='ocrx_word' id='word_1_195' title='bbox 1548 2767 1717 2839; x_wconf 84' lang='grc' dir='ltr'>ἐώρα,</span> <span class='ocrx_word' id='word_1_196' title='bbox 1768 2772 1863 2825; x_wconf 78' lang='grc' dir='ltr'>καὶ</span> 
     </span>
    </p>
   </div>
   <div class='ocr_carea' id='block_1_30' title="bbox 281 2838 1860 2932">
    <p class='ocr_par' dir='ltr' id='par_1_30' title="bbox 281 2838 1860 2932">
     <span class='ocr_line' id='line_1_30' title="bbox 281 2838 1860 2932; baseline 0.017 -43"><span class='ocrx_word' id='word_1_197' title='bbox 281 2838 435 2891; x_wconf 84' lang='grc' dir='ltr'>οῦδὲν</span> <span class='ocrx_word' id='word_1_198' title='bbox 466 2840 652 2906; x_wconf 80' lang='grc' dir='ltr'>ἁπλῶς</span> <span class='ocrx_word' id='word_1_199' title='bbox 710 2846 883 2898; x_wconf 89' lang='grc' dir='ltr'>ἐποίει</span> <span class='ocrx_word' id='word_1_200' title='bbox 925 2851 1212 2919; x_wconf 77' lang='grc' dir='ltr'>προλήψει.</span> <span class='ocrx_word' id='word_1_201' title='bbox 1258 2873 1274 2904; x_wconf 83' lang='grc' dir='ltr'>ι</span> <span class='ocrx_word' id='word_1_202' title='bbox 1343 2857 1545 2910; x_wconf 87' lang='grc' dir='ltr'>Τοῦτον</span> <span class='ocrx_word' id='word_1_203' title='bbox 1607 2838 1860 2932; x_wconf 67' lang='grc' dir='ltr'>ἠθέλησε,</span> 
     </span>
    </p>
   </div>
   <div class='ocr_carea' id='block_1_31' title="bbox 286 2931 1862 3023">
    <p class='ocr_par' dir='ltr' id='par_1_31' title="bbox 286 2931 1862 3023">
     <span class='ocr_line' id='line_1_31' title="bbox 286 2931 1862 3023; baseline 0.018 -43"><span class='ocrx_word' id='word_1_204' title='bbox 286 2931 475 2998; x_wconf 62' lang='grc' dir='ltr'>φησιν,</span> <span class='ocrx_word' id='word_1_205' title='bbox 510 2933 750 2998; x_wconf 77' lang='grc' dir='ltr'>ἐξελθεῖν</span> <span class='ocrx_word' id='word_1_206' title='bbox 813 2939 912 2992; x_wconf 76' lang='grc' dir='ltr'>σὺν</span> <span class='ocrx_word' id='word_1_207' title='bbox 973 2942 1143 3011; x_wconf 78' lang='grc' dir='ltr'>αὐτῷ.</span> <span class='ocrx_word' id='word_1_208' title='bbox 1187 2963 1204 2995; x_wconf 76' lang='grc' dir='ltr'>ι</span> <span class='ocrx_word' id='word_1_209' title='bbox 1278 2945 1389 3000; x_wconf 77' lang='grc' dir='ltr'>Καὶ</span> <span class='ocrx_word' id='word_1_210' title='bbox 1443 2949 1503 3001; x_wconf 83' lang='grc' dir='ltr'>τὸ</span> <span class='ocrx_word' id='word_1_211' title='bbox 1552 2931 1862 3023; x_wconf 84' lang='grc' dir='ltr'>θαυμαστὸν</span> 
     </span>
    </p>
   </div>
   <div class='ocr_carea' id='block_1_32' title="bbox 280 3020 1858 3110">
    <p class='ocr_par' dir='ltr' id='par_1_32' title="bbox 280 3020 1858 3110">
     <span class='ocr_line' id='line_1_32' title="bbox 280 3020 1858 3110; baseline 0.017 -39"><span class='ocrx_word' id='word_1_212' title='bbox 280 3020 459 3085; x_wconf 88' lang='grc' dir='ltr'>τοῦτο,</span> <span class='ocrx_word' id='word_1_213' title='bbox 496 3024 578 3076; x_wconf 85' lang='grc' dir='ltr'>ὅτι</span> <span class='ocrx_word' id='word_1_214' title='bbox 623 3027 949 3098; x_wconf 83' lang='grc' dir='ltr'>περιέτεμεν</span> <span class='ocrx_word' id='word_1_215' title='bbox 1005 3033 1187 3098; x_wconf 80' lang='grc' dir='ltr'>αὐτὸν,</span> <span class='ocrx_word' id='word_1_216' title='bbox 1233 3035 1319 3089; x_wconf 66' lang='grc' dir='ltr'>διὰ</span> <span class='ocrx_word' id='word_1_217' title='bbox 1375 3040 1501 3102; x_wconf 84' lang='grc' dir='ltr'>τοὺς</span> <span class='ocrx_word' id='word_1_218' title='bbox 1550 3042 1858 3110; x_wconf 82' lang='grc' dir='ltr'>Ἰουδαίους,</span> 
     </span>
    </p>
   </div>
   <div class='ocr_carea' id='block_1_33' title="bbox 282 3107 1860 3202">
    <p class='ocr_par' dir='ltr' id='par_1_33' title="bbox 282 3107 1860 3202">
     <span class='ocr_line' id='line_1_33' title="bbox 282 3107 1860 3202; baseline 0.019 -46"><span class='ocrx_word' id='word_1_219' title='bbox 282 3107 438 3174; x_wconf 68' lang='grc' dir='ltr'>φησι,</span> <span class='ocrx_word' id='word_1_220' title='bbox 460 3111 586 3174; x_wconf 85' lang='grc' dir='ltr'>τοὺς</span> <span class='ocrx_word' id='word_1_221' title='bbox 615 3113 774 3178; x_wconf 71' lang='grc' dir='ltr'>ὄντας</span> <span class='ocrx_word' id='word_1_222' title='bbox 797 3118 852 3171; x_wconf 86' lang='grc' dir='ltr'>ἐν</span> <span class='ocrx_word' id='word_1_223' title='bbox 881 3121 993 3182; x_wconf 84' lang='grc' dir='ltr'>τοῖς</span> <span class='ocrx_word' id='word_1_224' title='bbox 1013 3121 1200 3184; x_wconf 86' lang='grc' dir='ltr'>τόποις</span> <span class='ocrx_word' id='word_1_225' title='bbox 1231 3125 1461 3190; x_wconf 88' lang='grc' dir='ltr'>ἐκείνοις</span> <span class='ocrx_word' id='word_1_226' title='bbox 1491 3145 1506 3160; x_wconf 76' lang='grc' dir='ltr'><strong><em>ο</em></strong></span> <span class='ocrx_word' id='word_1_227' title='bbox 1531 3130 1630 3182; x_wconf 85' lang='grc' dir='ltr'>οὐκ</span> <span class='ocrx_word' id='word_1_228' title='bbox 1659 3130 1724 3184; x_wconf 82' lang='grc' dir='ltr'>ἂν</span> 
     </span>
    </p>
   </div>
   <div class='ocr_carea' id='block_1_34' title="bbox 1985 579 3557 672">
    <p class='ocr_par' dir='ltr' id='par_1_34' title="bbox 1985 579 3557 672">
     <span class='ocr_line' id='line_1_34' title="bbox 1985 579 3557 672; baseline 0.017 -41"><span class='ocrx_word' id='word_1_229' title='bbox 1985 579 2187 649; x_wconf 83' lang='grc' dir='ltr'>μᾶλλον</span> <span class='ocrx_word' id='word_1_230' title='bbox 2210 586 2499 654; x_wconf 82' lang='grc' dir='ltr'>προσεῖχον</span> <span class='ocrx_word' id='word_1_231' title='bbox 2551 589 2662 650; x_wconf 88' lang='grc' dir='ltr'>τοῖς</span> <span class='ocrx_word' id='word_1_232' title='bbox 2692 587 3025 660; x_wconf 80' lang='grc' dir='ltr'>λεγομένοις,</span> <span class='ocrx_word' id='word_1_233' title='bbox 3059 596 3152 648; x_wconf 69' lang='grc' dir='ltr'>καὶ</span> <span class='ocrx_word' id='word_1_234' title='bbox 3187 598 3305 652; x_wconf 76' lang='grc' dir='ltr'>οὐδὲ</span> <span class='ocrx_word' id='word_1_235' title='bbox 3335 601 3366 672; x_wconf 78' lang='grc' dir='ltr'><strong>ἡ</strong></span> <span class='ocrx_word' id='word_1_236' title='bbox 3408 579 3557 668; x_wconf 82' lang='grc' dir='ltr'>πόλις</span> 
     </span>
    </p>
   </div>
   <div class='ocr_carea' id='block_1_35' title="bbox 1982 673 2997 755">
    <p class='ocr_par' dir='ltr' id='par_1_35' title="bbox 1982 673 2997 755">
     <span class='ocr_line' id='line_1_35' title="bbox 1982 673 2997 755; baseline 0.014 -28"><span class='ocrx_word' id='word_1_237' title='bbox 1982 673 2120 744; x_wconf 80' lang='grc' dir='ltr'>αὕτη</span> <span class='ocrx_word' id='word_1_238' title='bbox 2159 676 2370 750; x_wconf 79' lang='grc' dir='ltr'>μεγάλη</span> <span class='ocrx_word' id='word_1_239' title='bbox 2404 680 2435 750; x_wconf 87' lang='grc' dir='ltr'>ή</span> <span class='ocrx_word' id='word_1_240' title='bbox 2467 679 2572 733; x_wconf 89' lang='grc' dir='ltr'>τῶν</span> <span class='ocrx_word' id='word_1_241' title='bbox 2597 682 2997 755; x_wconf 80' lang='grc' dir='ltr'>Φιλιππησίων.</span> 
     </span>
    </p>
   </div>
   <div class='ocr_carea' id='block_1_36' title="bbox 2051 809 3556 897">
    <p class='ocr_par' dir='ltr' id='par_1_36' title="bbox 2051 809 3556 897">
     <span class='ocr_line' id='line_1_36' title="bbox 2051 809 3556 897; baseline 0.015 -35"><span class='ocrx_word' id='word_1_242' title='bbox 2051 809 2261 880; x_wconf 82' lang='grc' dir='ltr'>Πολλῆς</span> <span class='ocrx_word' id='word_1_243' title='bbox 2284 813 2669 884; x_wconf 80' lang='grc' dir='ltr'>ταπεινότητος</span> <span class='ocrx_word' id='word_1_244' title='bbox 2697 827 2857 886; x_wconf 83' lang='grc' dir='ltr'>γέμει</span> <span class='ocrx_word' id='word_1_245' title='bbox 2875 820 2944 872; x_wconf 83' lang='grc' dir='ltr'>τὰ</span> <span class='ocrx_word' id='word_1_246' title='bbox 2967 823 3192 892; x_wconf 81' lang='grc' dir='ltr'>ῥήματα</span> <span class='ocrx_word' id='word_1_247' title='bbox 3222 825 3316 878; x_wconf 74' lang='grc' dir='ltr'>καὶ</span> <span class='ocrx_word' id='word_1_248' title='bbox 3346 830 3556 897; x_wconf 81' lang='grc' dir='ltr'>σοφίας.</span> 
     </span>
    </p>
   </div>
   <div class='ocr_carea' id='block_1_37' title="bbox 1981 901 3561 985">
    <p class='ocr_par' dir='ltr' id='par_1_37' title="bbox 1981 901 3561 985">
     <span class='ocr_line' id='line_1_37' title="bbox 1981 901 3561 985; baseline 0.013 -32"><span class='ocrx_word' id='word_1_249' title='bbox 1981 901 2096 954; x_wconf 84' lang='grc' dir='ltr'>Οὐκ</span> <span class='ocrx_word' id='word_1_250' title='bbox 2125 902 2301 968; x_wconf 77' lang='grc' dir='ltr'>εἶπεν,</span> <span class='ocrx_word' id='word_1_251' title='bbox 2336 904 2399 957; x_wconf 66' lang='lat' dir='ltr'>Et</span> <span class='ocrx_word' id='word_1_252' title='bbox 2432 906 2642 978; x_wconf 82' lang='grc' dir='ltr'>μεγάλη</span> <span class='ocrx_word' id='word_1_253' title='bbox 2673 908 2742 979; x_wconf 81' lang='grc' dir='ltr'>[Ῑ.</span> <span class='ocrx_word' id='word_1_254' title='bbox 2781 911 3045 985; x_wconf 85' lang='grc' dir='ltr'>μεγάλην]</span> <span class='ocrx_word' id='word_1_255' title='bbox 3105 919 3360 982; x_wconf 87' lang='grc' dir='ltr'>γυναῖκα,</span> <span class='ocrx_word' id='word_1_256' title='bbox 3395 921 3443 972; x_wconf 86' lang='grc' dir='ltr'>εί</span> <span class='ocrx_word' id='word_1_257' title='bbox 3472 922 3561 973; x_wconf 88' lang='grc' dir='ltr'>εὺ-</span> 
     </span>
    </p>
   </div>
   <div class='ocr_carea' id='block_1_38' title="bbox 1971 991 3556 1078">
    <p class='ocr_par' dir='ltr' id='par_1_38' title="bbox 1971 991 3556 1078">
     <span class='ocr_line' id='line_1_38' title="bbox 1971 991 3556 1078; baseline 0.012 -34"><span class='ocrx_word' id='word_1_258' title='bbox 1971 991 2140 1063; x_wconf 75' lang='grc' dir='ltr'>λαϐῆς</span> <span class='ocrx_word' id='word_1_259' title='bbox 2180 992 2247 1064; x_wconf 77' lang='grc' dir='ltr'>[Ῑ.</span> <span class='ocrx_word' id='word_1_260' title='bbox 2276 994 2503 1067; x_wconf 82' lang='grc' dir='ltr'>εὐλαϐῆ]</span> <span class='ocrx_word' id='word_1_261' title='bbox 2561 998 2858 1069; x_wconf 81' lang='grc' dir='ltr'>κεκρίκατέ</span> <span class='ocrx_word' id='word_1_262' title='bbox 2919 1020 3009 1072; x_wconf 92' lang='grc' dir='ltr'>με,</span> <span class='ocrx_word' id='word_1_263' title='bbox 3073 1004 3232 1070; x_wconf 85' lang='grc' dir='ltr'>ἀλλὰ,</span> <span class='ocrx_word' id='word_1_264' title='bbox 3283 1025 3301 1058; x_wconf 79' lang='grc' dir='ltr'>ι</span> <span class='ocrx_word' id='word_1_265' title='bbox 3349 1011 3556 1078; x_wconf 79' lang='grc' dir='ltr'>πιστὴν</span> 
     </span>
    </p>
   </div>
   <div class='ocr_carea' id='block_1_39' title="bbox 1972 1082 3558 1170">
    <p class='ocr_par' dir='ltr' id='par_1_39' title="bbox 1972 1082 3558 1170">
     <span class='ocr_line' id='line_1_39' title="bbox 1972 1082 3558 1170; baseline 0.012 -35"><span class='ocrx_word' id='word_1_266' title='bbox 1972 1082 2050 1154; x_wconf 81' lang='grc' dir='ltr'>τῷ</span> <span class='ocrx_word' id='word_1_267' title='bbox 2091 1085 2303 1156; x_wconf 83' lang='grc' dir='ltr'>Κυρίῳ,</span> <span class='ocrx_word' id='word_1_268' title='bbox 2343 1104 2360 1138; x_wconf 78' lang='grc' dir='ltr'>ι</span> <span class='ocrx_word' id='word_1_269' title='bbox 2420 1089 2599 1158; x_wconf 80' lang='grc' dir='ltr'>πολλῷ</span> <span class='ocrx_word' id='word_1_270' title='bbox 2654 1091 2856 1158; x_wconf 79' lang='grc' dir='ltr'>μᾶλλον</span> <span class='ocrx_word' id='word_1_271' title='bbox 2902 1095 3036 1163; x_wconf 87' lang='grc' dir='ltr'>ήμῖν</span> <span class='ocrx_word' id='word_1_272' title='bbox 3076 1095 3142 1167; x_wconf 76' lang='grc' dir='ltr'>[Ῑ.</span> <span class='ocrx_word' id='word_1_273' title='bbox 3175 1097 3352 1170; x_wconf 82' lang='grc' dir='ltr'>ὑμῖν].</span> <span class='ocrx_word' id='word_1_274' title='bbox 3407 1101 3558 1152; x_wconf 86' lang='grc' dir='ltr'>Ἐπί-</span> 
     </span>
    </p>
   </div>
   <div class='ocr_carea' id='block_1_40' title="bbox 1980 1174 3554 1263">
    <p class='ocr_par' dir='ltr' id='par_1_40' title="bbox 1980 1174 3554 1263">
     <span class='ocr_line' id='line_1_40' title="bbox 1980 1174 3554 1263; baseline 0.012 -37"><span class='ocrx_word' id='word_1_275' title='bbox 1980 1174 2059 1227; x_wconf 87' lang='grc' dir='ltr'>δοι</span> <span class='ocrx_word' id='word_1_276' title='bbox 2101 1177 2200 1245; x_wconf 88' lang='grc' dir='ltr'>μέν</span> <span class='ocrx_word' id='word_1_277' title='bbox 2256 1193 2338 1240; x_wconf 88' lang='grc' dir='ltr'>τις</span> <span class='ocrx_word' id='word_1_278' title='bbox 2377 1176 2440 1250; x_wconf 65' lang='grc' dir='ltr'>[Ῐ.</span> <span class='ocrx_word' id='word_1_279' title='bbox 2475 1179 2620 1234; x_wconf 84' lang='grc' dir='ltr'>είποι</span> <span class='ocrx_word' id='word_1_280' title='bbox 2661 1182 2726 1236; x_wconf 83' lang='grc' dir='ltr'>ἄν</span> <span class='ocrx_word' id='word_1_281' title='bbox 2783 1200 2906 1249; x_wconf 89' lang='grc' dir='ltr'>τις,</span> <span class='ocrx_word' id='word_1_282' title='bbox 2949 1187 3025 1239; x_wconf 79' lang='lat' dir='ltr'>vel</span> <span class='ocrx_word' id='word_1_283' title='bbox 3115 1188 3395 1259; x_wconf 87' lang='grc' dir='ltr'>ἐπίδοιμεν</span> <span class='ocrx_word' id='word_1_284' title='bbox 3447 1191 3554 1263; x_wconf 80' lang='grc' dir='ltr'>τίς]</span> 
     </span>
    </p>
   </div>
   <div class='ocr_carea' id='block_1_41' title="bbox 1974 1258 3556 1344">
    <p class='ocr_par' dir='ltr' id='par_1_41' title="bbox 1974 1258 3556 1344">
     <span class='ocr_line' id='line_1_41' title="bbox 1974 1258 3556 1344; baseline 0.01 -25"><span class='ocrx_word' id='word_1_285' title='bbox 1974 1258 2130 1330; x_wconf 76' lang='grc' dir='ltr'>οὗτός</span> <span class='ocrx_word' id='word_1_286' title='bbox 2147 1269 2298 1321; x_wconf 90' lang='grc' dir='ltr'>ἐστιν</span> <span class='ocrx_word' id='word_1_287' title='bbox 2329 1271 2356 1321; x_wconf 86' lang='lat'>6</span> <span class='ocrx_word' id='word_1_288' title='bbox 2377 1269 2609 1340; x_wconf 89' lang='grc' dir='ltr'>δαίμων.</span> <span class='ocrx_word' id='word_1_289' title='bbox 2635 1271 2788 1338; x_wconf 83' lang='grc' dir='ltr'>Θεὸς,</span> <span class='ocrx_word' id='word_1_290' title='bbox 2818 1280 2975 1344; x_wconf 66' lang='grc' dir='ltr'>φησι,</span> <span class='ocrx_word' id='word_1_291' title='bbox 3034 1276 3248 1340; x_wconf 85' lang='grc' dir='ltr'>Πύθων,</span> <span class='ocrx_word' id='word_1_292' title='bbox 3298 1258 3417 1333; x_wconf 83' lang='grc' dir='ltr'>ἀπὸ</span> <span class='ocrx_word' id='word_1_293' title='bbox 3459 1258 3556 1334; x_wconf 85' lang='grc' dir='ltr'>τοῦ</span> 
     </span>
    </p>
   </div>
   <div class='ocr_carea' id='block_1_42' title="bbox 1975 1356 3556 1436">
    <p class='ocr_par' dir='ltr' id='par_1_42' title="bbox 1975 1356 3556 1436">
     <span class='ocr_line' id='line_1_42' title="bbox 1975 1356 3556 1436; baseline 0.01 -28"><span class='ocrx_word' id='word_1_294' title='bbox 1975 1356 2142 1410; x_wconf 87' lang='grc' dir='ltr'>τόπου</span> <span class='ocrx_word' id='word_1_295' title='bbox 2161 1356 2303 1411; x_wconf 74' lang='grc' dir='ltr'>οὕτω</span> <span class='ocrx_word' id='word_1_296' title='bbox 2325 1359 2564 1426; x_wconf 88' lang='grc' dir='ltr'>λέγεται.</span> <span class='ocrx_word' id='word_1_297' title='bbox 2595 1361 2760 1432; x_wconf 82' lang='grc' dir='ltr'>Ὁρᾷς</span> <span class='ocrx_word' id='word_1_298' title='bbox 2787 1363 2866 1417; x_wconf 84' lang='grc' dir='ltr'>δτι</span> <span class='ocrx_word' id='word_1_299' title='bbox 2913 1367 2940 1418; x_wconf 89' lang='lat'>6</span> <span class='ocrx_word' id='word_1_300' title='bbox 3010 1366 3285 1421; x_wconf 84' lang='grc' dir='ltr'>Ἀπόλλων</span> <span class='ocrx_word' id='word_1_301' title='bbox 3345 1370 3556 1436; x_wconf 87' lang='grc' dir='ltr'>δαίμων</span> 
     </span>
    </p>
   </div>
   <div class='ocr_carea' id='block_1_43' title="bbox 1975 1448 3554 1527">
    <p class='ocr_par' dir='ltr' id='par_1_43' title="bbox 1975 1448 3554 1527">
     <span class='ocr_line' id='line_1_43' title="bbox 1975 1448 3554 1527; baseline 0.008 -27"><span class='ocrx_word' id='word_1_302' title='bbox 1975 1448 2116 1512; x_wconf 81' lang='grc' dir='ltr'>ἐστὶ,</span> <span class='ocrx_word' id='word_1_303' title='bbox 2153 1451 2247 1502; x_wconf 73' lang='grc' dir='ltr'>καὶ</span> <span class='ocrx_word' id='word_1_304' title='bbox 2279 1451 2534 1506; x_wconf 89' lang='grc' dir='ltr'>ἐϐούλετο</span> <span class='ocrx_word' id='word_1_305' title='bbox 2587 1455 2666 1516; x_wconf 87' lang='grc' dir='ltr'>είς</span> <span class='ocrx_word' id='word_1_306' title='bbox 2697 1455 3040 1526; x_wconf 76' lang='grc' dir='ltr'>πειρασμοὺς</span> <span class='ocrx_word' id='word_1_307' title='bbox 3104 1459 3360 1527; x_wconf 81' lang='grc' dir='ltr'>ἐμϐαλεῖν</span> <span class='ocrx_word' id='word_1_308' title='bbox 3414 1460 3554 1513; x_wconf 88' lang='grc' dir='ltr'>ὥστε</span> 
     </span>
    </p>
   </div>
   <div class='ocr_carea' id='block_1_44' title="bbox 1975 1537 3554 1619">
    <p class='ocr_par' dir='ltr' id='par_1_44' title="bbox 1975 1537 3554 1619">
     <span class='ocr_line' id='line_1_44' title="bbox 1975 1537 3554 1619; baseline 0.008 -28"><span class='ocrx_word' id='word_1_309' title='bbox 1975 1538 2277 1610; x_wconf 78' lang='grc' dir='ltr'>παροξύναι</span> <span class='ocrx_word' id='word_1_310' title='bbox 2308 1537 2417 1606; x_wconf 81' lang='grc' dir='ltr'>;Ὧ</span> <span class='ocrx_word' id='word_1_311' title='bbox 2445 1544 2632 1614; x_wconf 83' lang='grc' dir='ltr'>μιαρὲ,</span> <span class='ocrx_word' id='word_1_312' title='bbox 2682 1546 2731 1598; x_wconf 88' lang='grc' dir='ltr'>εί</span> <span class='ocrx_word' id='word_1_313' title='bbox 2766 1541 2914 1610; x_wconf 76' lang='grc' dir='ltr'>οἶδας</span> <span class='ocrx_word' id='word_1_314' title='bbox 2964 1548 3044 1601; x_wconf 81' lang='grc' dir='ltr'>ὅτι</span> <span class='ocrx_word' id='word_1_315' title='bbox 3103 1551 3382 1619; x_wconf 87' lang='grc' dir='ltr'>σωτηρίας</span> <span class='ocrx_word' id='word_1_316' title='bbox 3437 1551 3554 1604; x_wconf 84' lang='grc' dir='ltr'>ὁδὸν</span> 
     </span>
    </p>
   </div>
   <div class='ocr_carea' id='block_1_45' title="bbox 1977 1630 3552 1706">
    <p class='ocr_par' dir='ltr' id='par_1_45' title="bbox 1977 1630 3552 1706">
     <span class='ocr_line' id='line_1_45' title="bbox 1977 1630 3552 1706; baseline 0.008 -24"><span class='ocrx_word' id='word_1_317' title='bbox 1977 1630 2430 1698; x_wconf 86' lang='grc' dir='ltr'>καταγγέλλουσι,</span> <span class='ocrx_word' id='word_1_318' title='bbox 2491 1634 2544 1687; x_wconf 90' lang='grc' dir='ltr'>τί</span> <span class='ocrx_word' id='word_1_319' title='bbox 2619 1634 2695 1706; x_wconf 78' lang='grc' dir='ltr'>μὴ</span> <span class='ocrx_word' id='word_1_320' title='bbox 2737 1636 3018 1702; x_wconf 81' lang='grc' dir='ltr'>ἐξίστασαι</span> <span class='ocrx_word' id='word_1_321' title='bbox 3071 1639 3346 1706; x_wconf 86' lang='grc' dir='ltr'>ἐκείνων;</span> <span class='ocrx_word' id='word_1_322' title='bbox 3414 1640 3552 1694; x_wconf 86' lang='grc' dir='ltr'>Ἀλλ’</span> 
     </span>
    </p>
   </div>
   <div class='ocr_carea' id='block_1_46' title="bbox 1972 1720 3566 1800">
    <p class='ocr_par' dir='ltr' id='par_1_46' title="bbox 1972 1720 3566 1800">
     <span class='ocr_line' id='line_1_46' title="bbox 1972 1720 3566 1800; baseline 0.006 -27"><span class='ocrx_word' id='word_1_323' title='bbox 1972 1720 2158 1792; x_wconf 86' lang='grc' dir='ltr'>ὥσπερ</span> <span class='ocrx_word' id='word_1_324' title='bbox 2187 1725 2215 1776; x_wconf 90' lang='lat'>6</span> <span class='ocrx_word' id='word_1_325' title='bbox 2239 1723 2421 1794; x_wconf 86' lang='grc' dir='ltr'>Σίμων</span> <span class='ocrx_word' id='word_1_326' title='bbox 2453 1724 2724 1793; x_wconf 81' lang='grc' dir='ltr'>ἐϐούλετο,</span> <span class='ocrx_word' id='word_1_327' title='bbox 2757 1727 2935 1795; x_wconf 89' lang='grc' dir='ltr'>λέγων</span> <span class='ocrx_word' id='word_1_328' title='bbox 2970 1745 2985 1758; x_wconf 75' lang='grc' dir='ltr'><strong>ο</strong></span> <span class='ocrx_word' id='word_1_329' title='bbox 3028 1748 3046 1779; x_wconf 81' lang='grc' dir='ltr'>ι</span> <span class='ocrx_word' id='word_1_330' title='bbox 3081 1730 3210 1782; x_wconf 88' lang='grc' dir='ltr'>Δότε</span> <span class='ocrx_word' id='word_1_331' title='bbox 3270 1723 3426 1800; x_wconf 82' lang='grc' dir='ltr'>μοιῷ</span> <span class='ocrx_word' id='word_1_332' title='bbox 3458 1731 3566 1784; x_wconf 80' lang='grc' dir='ltr'>ἐάν·</span> 
     </span>
    </p>
   </div>
   <div class='ocr_carea' id='block_1_47' title="bbox 1971 1812 3553 1888">
    <p class='ocr_par' dir='ltr' id='par_1_47' title="bbox 1971 1812 3553 1888">
     <span class='ocr_line' id='line_1_47' title="bbox 1971 1812 3553 1888; baseline 0.006 -23"><span class='ocrx_word' id='word_1_333' title='bbox 1971 1812 2144 1866; x_wconf 87' lang='grc' dir='ltr'>ἐπιθῶ</span> <span class='ocrx_word' id='word_1_334' title='bbox 2167 1813 2266 1877; x_wconf 87' lang='grc' dir='ltr'>τὰς</span> <span class='ocrx_word' id='word_1_335' title='bbox 2291 1819 2498 1886; x_wconf 85' lang='grc' dir='ltr'>χεῖρας,</span> <span class='ocrx_word' id='word_1_336' title='bbox 2531 1815 2784 1888; x_wconf 81' lang='grc' dir='ltr'>λαμϐάνῃ</span> <span class='ocrx_word' id='word_1_337' title='bbox 2827 1817 3048 1887; x_wconf 86' lang='grc' dir='ltr'>Πνεῦμα</span> <span class='ocrx_word' id='word_1_338' title='bbox 3100 1819 3257 1886; x_wconf 77' lang='grc' dir='ltr'>ἅγιον</span> <span class='ocrx_word' id='word_1_339' title='bbox 3281 1837 3295 1851; x_wconf 76' lang='grc' dir='ltr'>ο</span> <span class='ocrx_word' id='word_1_340' title='bbox 3337 1839 3355 1872; x_wconf 75' lang='grc' dir='ltr'>ι</span> <span class='ocrx_word' id='word_1_341' title='bbox 3389 1821 3553 1876; x_wconf 85' lang='grc' dir='ltr'>τοῦτο</span> 
     </span>
    </p>
   </div>
   <div class='ocr_carea' id='block_1_48' title="bbox 1971 1904 3552 1980">
    <p class='ocr_par' dir='ltr' id='par_1_48' title="bbox 1971 1904 3552 1980">
     <span class='ocr_line' id='line_1_48' title="bbox 1971 1904 3552 1980; baseline 0.005 -24"><span class='ocrx_word' id='word_1_342' title='bbox 1971 1904 2066 1956; x_wconf 64' lang='grc' dir='ltr'>καλ⁸</span> <span class='ocrx_word' id='word_1_343' title='bbox 2092 1904 2246 1967; x_wconf 77' lang='grc' dir='ltr'>οὗτος</span> <span class='ocrx_word' id='word_1_344' title='bbox 2270 1907 2462 1960; x_wconf 87' lang='grc' dir='ltr'>ἐποίει.</span> <span class='ocrx_word' id='word_1_345' title='bbox 2522 1906 2759 1972; x_wconf 85' lang='grc' dir='ltr'>Λέγεται</span> <span class='ocrx_word' id='word_1_346' title='bbox 2806 1906 2900 1960; x_wconf 83' lang='grc' dir='ltr'>οῦν</span> <span class='ocrx_word' id='word_1_347' title='bbox 2957 1911 2993 1978; x_wconf 85' lang='grc' dir='ltr'>ὴ</span> <span class='ocrx_word' id='word_1_348' title='bbox 3047 1909 3223 1962; x_wconf 87' lang='grc' dir='ltr'>Πυθία</span> <span class='ocrx_word' id='word_1_349' title='bbox 3275 1912 3410 1980; x_wconf 88' lang='grc' dir='ltr'>γυνή</span> <span class='ocrx_word' id='word_1_350' title='bbox 3467 1930 3552 1975; x_wconf 89' lang='grc' dir='ltr'>τις</span> 
     </span>
    </p>
   </div>
   <div class='ocr_carea' id='block_1_49' title="bbox 1968 1988 3550 2067">
    <p class='ocr_par' dir='ltr' id='par_1_49' title="bbox 1968 1988 3550 2067">
     <span class='ocr_line' id='line_1_49' title="bbox 1968 1988 3550 2067; baseline 0.006 -21"><span class='ocrx_word' id='word_1_351' title='bbox 1968 1988 2103 2048; x_wconf 82' lang='grc' dir='ltr'>οῦσα</span> <span class='ocrx_word' id='word_1_352' title='bbox 2127 1995 2496 2064; x_wconf 80' lang='grc' dir='ltr'>ἐπικαθῆσθαι</span> <span class='ocrx_word' id='word_1_353' title='bbox 2527 1995 2605 2066; x_wconf 82' lang='grc' dir='ltr'>τῷ</span> <span class='ocrx_word' id='word_1_354' title='bbox 2631 1997 2850 2067; x_wconf 89' lang='grc' dir='ltr'>τρίποδι</span> <span class='ocrx_word' id='word_1_355' title='bbox 2885 1998 2979 2051; x_wconf 90' lang='grc' dir='ltr'>τοῦ</span> <span class='ocrx_word' id='word_1_356' title='bbox 3019 1999 3375 2065; x_wconf 83' lang='grc' dir='ltr'>Ἀπόλλωνος,</span> <span class='ocrx_word' id='word_1_357' title='bbox 3395 2002 3550 2055; x_wconf 79' lang='grc' dir='ltr'>’διαι-</span> 
     </span>
    </p>
   </div>
   <div class='ocr_carea' id='block_1_50' title="bbox 1971 2084 3549 2163">
    <p class='ocr_par' dir='ltr' id='par_1_50' title="bbox 1971 2084 3549 2163">
     <span class='ocr_line' id='line_1_50' title="bbox 1971 2084 3549 2163; baseline 0.004 -23"><span class='ocrx_word' id='word_1_358' title='bbox 1971 2087 2138 2156; x_wconf 88' lang='grc' dir='ltr'>ροῦσα</span> <span class='ocrx_word' id='word_1_359' title='bbox 2162 2089 2229 2141; x_wconf 85' lang='grc' dir='ltr'>τά</span> <span class='ocrx_word' id='word_1_360' title='bbox 2251 2087 2440 2158; x_wconf 84' lang='grc' dir='ltr'>σκέλη,</span> <span class='ocrx_word' id='word_1_361' title='bbox 2462 2084 2563 2141; x_wconf 73' lang='grc' dir='ltr'>εἷθ’</span> <span class='ocrx_word' id='word_1_362' title='bbox 2612 2088 2757 2143; x_wconf 79' lang='grc' dir='ltr'>οὕτω</span> <span class='ocrx_word' id='word_1_363' title='bbox 2789 2091 3005 2159; x_wconf 88' lang='grc' dir='ltr'>πνεῦμα</span> <span class='ocrx_word' id='word_1_364' title='bbox 3031 2109 3166 2159; x_wconf 83' lang='grc' dir='ltr'>πονη</span> <span class='ocrx_word' id='word_1_365' title='bbox 3178 2092 3268 2163; x_wconf 72' lang='grc' dir='ltr'>ρον</span> <span class='ocrx_word' id='word_1_366' title='bbox 3302 2093 3549 2147; x_wconf 82' lang='grc' dir='ltr'>κάτωθεν</span> 
     </span>
    </p>
   </div>
   <div class='ocr_carea' id='block_1_51' title="bbox 1966 2179 3550 2252">
    <p class='ocr_par' dir='ltr' id='par_1_51' title="bbox 1966 2179 3550 2252">
     <span class='ocr_line' id='line_1_51' title="bbox 1966 2179 3550 2252; baseline 0.003 -18"><span class='ocrx_word' id='word_1_367' title='bbox 1966 2179 2370 2249; x_wconf 84' lang='grc' dir='ltr'>ἀναδιδόμενον,</span> <span class='ocrx_word' id='word_1_368' title='bbox 2395 2181 2487 2232; x_wconf 76' lang='grc' dir='ltr'>καὶ</span> <span class='ocrx_word' id='word_1_369' title='bbox 2505 2179 2594 2233; x_wconf 82' lang='grc' dir='ltr'>διὰ</span> <span class='ocrx_word' id='word_1_370' title='bbox 2613 2179 2722 2232; x_wconf 88' lang='grc' dir='ltr'>τῶν</span> <span class='ocrx_word' id='word_1_371' title='bbox 2743 2182 3084 2250; x_wconf 85' lang='grc' dir='ltr'>γεννητικῶν</span> <span class='ocrx_word' id='word_1_372' title='bbox 3122 2183 3293 2252; x_wconf 79' lang='grc' dir='ltr'>αὐτῆς</span> <span class='ocrx_word' id='word_1_373' title='bbox 3322 2185 3550 2237; x_wconf 87' lang='grc' dir='ltr'>ἀναδυό-</span> 
     </span>
    </p>
   </div>
   <div class='ocr_carea' id='block_1_52' title="bbox 1970 2268 3547 2342">
    <p class='ocr_par' dir='ltr' id='par_1_52' title="bbox 1970 2268 3547 2342">
     <span class='ocr_line' id='line_1_52' title="bbox 1970 2268 3547 2342; baseline 0.004 -21"><span class='ocrx_word' id='word_1_374' title='bbox 1970 2286 2132 2338; x_wconf 88' lang='grc' dir='ltr'>μενον</span> <span class='ocrx_word' id='word_1_375' title='bbox 2159 2271 2386 2340; x_wconf 81' lang='grc' dir='ltr'>μορίων,</span> <span class='ocrx_word' id='word_1_376' title='bbox 2407 2268 2652 2340; x_wconf 83' lang='grc' dir='ltr'>πληροῦν</span> <span class='ocrx_word' id='word_1_377' title='bbox 2678 2271 2780 2340; x_wconf 79' lang='grc' dir='ltr'>τήν</span> <span class='ocrx_word' id='word_1_378' title='bbox 2807 2271 3041 2338; x_wconf 88' lang='grc' dir='ltr'>γυναῖκα</span> <span class='ocrx_word' id='word_1_379' title='bbox 3071 2271 3173 2340; x_wconf 86' lang='grc' dir='ltr'>τῆς</span> <span class='ocrx_word' id='word_1_380' title='bbox 3206 2276 3426 2342; x_wconf 84' lang='grc' dir='ltr'>μανίας,</span> <span class='ocrx_word' id='word_1_381' title='bbox 3452 2277 3547 2328; x_wconf 78' lang='grc' dir='ltr'>καὶ</span> 
     </span>
    </p>
   </div>
   <div class='ocr_carea' id='block_1_53' title="bbox 1966 2361 3545 2434">
    <p class='ocr_par' dir='ltr' id='par_1_53' title="bbox 1966 2361 3545 2434">
     <span class='ocr_line' id='line_1_53' title="bbox 1966 2361 3545 2434; baseline 0.004 -22"><span class='ocrx_word' id='word_1_382' title='bbox 1966 2361 2173 2430; x_wconf 84' lang='grc' dir='ltr'>ταύτην</span> <span class='ocrx_word' id='word_1_383' title='bbox 2195 2361 2294 2422; x_wconf 77' lang='grc' dir='ltr'>τὰς</span> <span class='ocrx_word' id='word_1_384' title='bbox 2325 2362 2518 2432; x_wconf 78' lang='grc' dir='ltr'>τρίχας</span> <span class='ocrx_word' id='word_1_385' title='bbox 2551 2362 2807 2424; x_wconf 86' lang='grc' dir='ltr'>λύουσαν,</span> <span class='ocrx_word' id='word_1_386' title='bbox 2843 2362 3031 2417; x_wconf 76' lang='grc' dir='ltr'>λοιπον</span> <span class='ocrx_word' id='word_1_387' title='bbox 3081 2363 3444 2434; x_wconf 86' lang='grc' dir='ltr'>βακχεύεσθαί</span> <span class='ocrx_word' id='word_1_388' title='bbox 3485 2385 3545 2419; x_wconf 85' lang='grc' dir='ltr'>τε</span> 
     </span>
    </p>
   </div>
   <div class='ocr_carea' id='block_1_54' title="bbox 1967 2453 3546 2525">
    <p class='ocr_par' dir='ltr' id='par_1_54' title="bbox 1967 2453 3546 2525">
     <span class='ocr_line' id='line_1_54' title="bbox 1967 2453 3546 2525; baseline 0.004 -20"><span class='ocrx_word' id='word_1_389' title='bbox 1967 2455 2064 2507; x_wconf 81' lang='grc' dir='ltr'>καὶ</span> <span class='ocrx_word' id='word_1_390' title='bbox 2083 2453 2258 2524; x_wconf 79' lang='grc' dir='ltr'>ἀφρὸν</span> <span class='ocrx_word' id='word_1_391' title='bbox 2279 2453 2455 2506; x_wconf 86' lang='grc' dir='ltr'>ἐκτοῦ</span> <span class='ocrx_word' id='word_1_392' title='bbox 2503 2454 2770 2525; x_wconf 89' lang='grc' dir='ltr'>στόματος</span> <span class='ocrx_word' id='word_1_393' title='bbox 2826 2454 3065 2524; x_wconf 87' lang='grc' dir='ltr'>ἀφιέναι,</span> <span class='ocrx_word' id='word_1_394' title='bbox 3121 2458 3215 2510; x_wconf 72' lang='grc' dir='ltr'>καὶ</span> <span class='ocrx_word' id='word_1_395' title='bbox 3257 2455 3431 2521; x_wconf 76' lang='grc' dir='ltr'>οὕτως</span> <span class='ocrx_word' id='word_1_396' title='bbox 3486 2461 3546 2512; x_wconf 87' lang='grc' dir='ltr'>ἐν</span> 
     </span>
    </p>
   </div>
   <div class='ocr_carea' id='block_1_55' title="bbox 1969 2545 3544 2620">
    <p class='ocr_par' dir='ltr' id='par_1_55' title="bbox 1969 2545 3544 2620">
     <span class='ocr_line' id='line_1_55' title="bbox 1969 2545 3544 2620; baseline 0.003 -23"><span class='ocrx_word' id='word_1_397' title='bbox 1969 2545 2230 2615; x_wconf 83' lang='grc' dir='ltr'>παροινίᾳ</span> <span class='ocrx_word' id='word_1_398' title='bbox 2262 2545 2562 2617; x_wconf 88' lang='grc' dir='ltr'>γενομένην</span> <span class='ocrx_word' id='word_1_399' title='bbox 2585 2545 2657 2599; x_wconf 78' lang='grc' dir='ltr'>τά</span> <span class='ocrx_word' id='word_1_400' title='bbox 2683 2546 2785 2615; x_wconf 87' lang='grc' dir='ltr'>τῆς</span> <span class='ocrx_word' id='word_1_401' title='bbox 2818 2547 3020 2617; x_wconf 89' lang='grc' dir='ltr'>μανίας</span> <span class='ocrx_word' id='word_1_402' title='bbox 3049 2548 3385 2617; x_wconf 85' lang='grc' dir='ltr'>φθέγγεσθαι</span> <span class='ocrx_word' id='word_1_403' title='bbox 3442 2551 3544 2620; x_wconf 77' lang='grc' dir='ltr'>ῥή-</span> 
     </span>
    </p>
   </div>
   <div class='ocr_carea' id='block_1_56' title="bbox 1970 2636 3542 2710">
    <p class='ocr_par' dir='ltr' id='par_1_56' title="bbox 1970 2636 3542 2710">
     <span class='ocr_line' id='line_1_56' title="bbox 1970 2636 3542 2710; baseline 0.003 -20"><span class='ocrx_word' id='word_1_404' title='bbox 1970 2652 2140 2706; x_wconf 84' lang='grc' dir='ltr'>ματα.</span> <span class='ocrx_word' id='word_1_405' title='bbox 2169 2636 2235 2688; x_wconf 88' lang='grc' dir='ltr'>Τί</span> <span class='ocrx_word' id='word_1_406' title='bbox 2257 2637 2460 2707; x_wconf 87' lang='grc' dir='ltr'>δήποτε</span> <span class='ocrx_word' id='word_1_407' title='bbox 2508 2640 2603 2692; x_wconf 66' lang='grc' dir='ltr'>καὶ</span> <span class='ocrx_word' id='word_1_408' title='bbox 2635 2639 2664 2692; x_wconf 89' lang='lat'>6</span> <span class='ocrx_word' id='word_1_409' title='bbox 2718 2638 2934 2710; x_wconf 86' lang='grc' dir='ltr'>δαίμων</span> <span class='ocrx_word' id='word_1_410' title='bbox 2988 2639 3162 2694; x_wconf 86' lang='grc' dir='ltr'>ταῦτα</span> <span class='ocrx_word' id='word_1_411' title='bbox 3219 2640 3542 2709; x_wconf 84' lang='grc' dir='ltr'>ἐφθέγγετο,</span> 
     </span>
    </p>
   </div>
   <div class='ocr_carea' id='block_1_57' title="bbox 1965 2729 3542 2802">
    <p class='ocr_par' dir='ltr' id='par_1_57' title="bbox 1965 2729 3542 2802">
     <span class='ocr_line' id='line_1_57' title="bbox 1965 2729 3542 2802; baseline 0.003 -20"><span class='ocrx_word' id='word_1_412' title='bbox 1965 2730 2062 2782; x_wconf 82' lang='grc' dir='ltr'>καὶ</span> <span class='ocrx_word' id='word_1_413' title='bbox 2097 2731 2125 2782; x_wconf 93' lang='lat'>6</span> <span class='ocrx_word' id='word_1_414' title='bbox 2149 2729 2359 2794; x_wconf 83' lang='grc' dir='ltr'>Παῦλος</span> <span class='ocrx_word' id='word_1_415' title='bbox 2389 2729 2633 2784; x_wconf 81' lang='grc' dir='ltr'>ἐκώλυσε</span> <span class='ocrx_word' id='word_1_416' title='bbox 2660 2747 2676 2796; x_wconf 89' lang='lat'><strong>;</strong></span> <span class='ocrx_word' id='word_1_417' title='bbox 2707 2733 2972 2797; x_wconf 86' lang='grc' dir='ltr'>Κάκεῖνος</span> <span class='ocrx_word' id='word_1_418' title='bbox 2998 2732 3300 2796; x_wconf 86' lang='grc' dir='ltr'>κακώσεως</span> <span class='ocrx_word' id='word_1_419' title='bbox 3333 2732 3402 2802; x_wconf 80' lang='grc' dir='ltr'>[Ῑ.</span> <span class='ocrx_word' id='word_1_420' title='bbox 3437 2749 3542 2786; x_wconf 86' lang='grc' dir='ltr'>κα-</span> 
     </span>
    </p>
   </div>
   <div class='ocr_carea' id='block_1_58' title="bbox 1965 2819 3544 2893">
    <p class='ocr_par' dir='ltr' id='par_1_58' title="bbox 1965 2819 3544 2893">
     <span class='ocr_line' id='line_1_58' title="bbox 1965 2819 3544 2893; baseline 0.003 -19"><span class='ocrx_word' id='word_1_421' title='bbox 1965 2821 2076 2882; x_wconf 87' lang='grc' dir='ltr'>κῶς</span> <span class='ocrx_word' id='word_1_422' title='bbox 2091 2820 2251 2893; x_wconf 91' lang='grc' dir='ltr'>τέως]</span> <span class='ocrx_word' id='word_1_423' title='bbox 2287 2822 2480 2889; x_wconf 87' lang='grc' dir='ltr'>ἐποίει,</span> <span class='ocrx_word' id='word_1_424' title='bbox 2499 2825 2594 2876; x_wconf 80' lang='grc' dir='ltr'>καὶ</span> <span class='ocrx_word' id='word_1_425' title='bbox 2612 2819 2765 2887; x_wconf 76' lang='grc' dir='ltr'>οὗτος</span> <span class='ocrx_word' id='word_1_426' title='bbox 2786 2824 3042 2888; x_wconf 87' lang='grc' dir='ltr'>συνετῶς.</span> <span class='ocrx_word' id='word_1_427' title='bbox 3059 2824 3340 2878; x_wconf 81' lang='grc' dir='ltr'>Ἐϐούλετο</span> <span class='ocrx_word' id='word_1_428' title='bbox 3354 2823 3544 2879; x_wconf 87' lang='grc' dir='ltr'>λοιπὸν</span> 
     </span>
    </p>
   </div>
   <div class='ocr_carea' id='block_1_59' title="bbox 1963 2911 3542 2985">
    <p class='ocr_par' dir='ltr' id='par_1_59' title="bbox 1963 2911 3542 2985">
     <span class='ocr_line' id='line_1_59' title="bbox 1963 2911 3542 2985; baseline 0 -19"><span class='ocrx_word' id='word_1_429' title='bbox 1963 2911 2281 2976; x_wconf 81' lang='grc' dir='ltr'>ἀξιόπιστον</span> <span class='ocrx_word' id='word_1_430' title='bbox 2308 2912 2500 2966; x_wconf 78' lang='grc' dir='ltr'>ἐαυτὸν</span> <span class='ocrx_word' id='word_1_431' title='bbox 2535 2917 2730 2969; x_wconf 87' lang='grc' dir='ltr'>ποιεῖν.</span> <span class='ocrx_word' id='word_1_432' title='bbox 2769 2915 2833 2966; x_wconf 76' lang='grc' dir='ltr'>ΕΞ</span> <span class='ocrx_word' id='word_1_433' title='bbox 2869 2914 2978 2985; x_wconf 84' lang='grc' dir='ltr'>γάρ</span> <span class='ocrx_word' id='word_1_434' title='bbox 3000 2914 3317 2985; x_wconf 84' lang='grc' dir='ltr'>προσήκατο</span> <span class='ocrx_word' id='word_1_435' title='bbox 3374 2914 3542 2968; x_wconf 85' lang='grc' dir='ltr'>αὐτοῦ</span> 
     </span>
    </p>
   </div>
   <div class='ocr_carea' id='block_1_60' title="bbox 1962 3001 3542 3074">
    <p class='ocr_par' dir='ltr' id='par_1_60' title="bbox 1962 3001 3542 3074">
     <span class='ocr_line' id='line_1_60' title="bbox 1962 3001 3542 3074; baseline 0.003 -20"><span class='ocrx_word' id='word_1_436' title='bbox 1962 3001 2060 3071; x_wconf 82' lang='grc' dir='ltr'>τήν</span> <span class='ocrx_word' id='word_1_437' title='bbox 2086 3002 2389 3074; x_wconf 86' lang='grc' dir='ltr'>μαρτυρίαν</span> <span class='ocrx_word' id='word_1_438' title='bbox 2420 3005 2448 3056; x_wconf 92' lang='lat'>6</span> <span class='ocrx_word' id='word_1_439' title='bbox 2482 3003 2712 3070; x_wconf 80' lang='grc' dir='ltr'>Παῦλος,</span> <span class='ocrx_word' id='word_1_440' title='bbox 2741 3003 2968 3067; x_wconf 80' lang='grc' dir='ltr'>πολλοὺς</span> <span class='ocrx_word' id='word_1_441' title='bbox 3002 3003 3068 3057; x_wconf 85' lang='grc' dir='ltr'>ἂν</span> <span class='ocrx_word' id='word_1_442' title='bbox 3096 3004 3189 3058; x_wconf 80' lang='grc' dir='ltr'>καὶ</span> <span class='ocrx_word' id='word_1_443' title='bbox 3206 3003 3314 3057; x_wconf 89' lang='grc' dir='ltr'>τῶν</span> <span class='ocrx_word' id='word_1_444' title='bbox 3331 3002 3542 3058; x_wconf 83' lang='grc' dir='ltr'>πιστῶν</span> 
     </span>
    </p>
   </div>
   <div class='ocr_carea' id='block_1_61' title="bbox 1961 3093 3545 3165">
    <p class='ocr_par' dir='ltr' id='par_1_61' title="bbox 1961 3093 3545 3165">
     <span class='ocr_line' id='line_1_61' title="bbox 1961 3093 3545 3165; baseline 0.001 -20"><span class='ocrx_word' id='word_1_445' title='bbox 1961 3094 2269 3164; x_wconf 75' lang='grc' dir='ltr'>ἠπάτησεν,</span> <span class='ocrx_word' id='word_1_446' title='bbox 2305 3093 2403 3148; x_wconf 86' lang='grc' dir='ltr'>ἆτε</span> <span class='ocrx_word' id='word_1_447' title='bbox 2439 3095 2760 3149; x_wconf 82' lang='grc' dir='ltr'>ὑπ’ἐκείνου</span> <span class='ocrx_word' id='word_1_448' title='bbox 2795 3095 3044 3165; x_wconf 87' lang='grc' dir='ltr'>δεχθείς·</span> <span class='ocrx_word' id='word_1_449' title='bbox 3076 3096 3173 3149; x_wconf 77' lang='grc' dir='ltr'>καὶ</span> <span class='ocrx_word' id='word_1_450' title='bbox 3203 3095 3366 3158; x_wconf 79' lang='grc' dir='ltr'>αὐτὸς</span> <span class='ocrx_word' id='word_1_451' title='bbox 3418 3111 3545 3162; x_wconf 85' lang='grc' dir='ltr'>συγ-</span> 
     </span>
    </p>
   </div>
   <div class='ocr_carea' id='block_1_62' title="bbox 285 3184 3544 3284">
    <p class='ocr_par' dir='ltr' id='par_1_62' title="bbox 285 3184 3544 3284">
     <span class='ocr_line' id='line_1_62' title="bbox 285 3184 3544 3284; baseline -0.004 -30"><span class='ocrx_word' id='word_1_452' title='bbox 285 3199 574 3270; x_wconf 73' lang='grc' dir='ltr'>ἠνέσχοντο</span> <span class='ocrx_word' id='word_1_453' title='bbox 597 3207 747 3276; x_wconf 75' lang='grc' dir='ltr'>παρά</span> <span class='ocrx_word' id='word_1_454' title='bbox 770 3209 1106 3278; x_wconf 66' lang='grc' dir='ltr'>ἀκροδύστου</span> <span class='ocrx_word' id='word_1_455' title='bbox 1133 3214 1404 3284; x_wconf 52' lang='grc' dir='ltr'>τὸνξλόγον</span> <span class='ocrx_word' id='word_1_456' title='bbox 1427 3184 1679 3276; x_wconf 46' lang='grc' dir='ltr'>ἀκοῦσαι.</span> <span class='ocrx_word' id='word_1_457' title='bbox 1712 3241 1732 3276; x_wconf 55' lang='grc'><strong>›</strong></span> <span class='ocrx_word' id='word_1_458' title='bbox 1759 3184 1869 3279; x_wconf 46' lang='lat' dir='ltr'>ka&#39;l</span> <span class='ocrx_word' id='word_1_459' title='bbox 1896 3193 1942 3254; x_wconf 72' lang='grc' dir='ltr'>ο</span> <span class='ocrx_word' id='word_1_460' title='bbox 1974 3184 2275 3284; x_wconf 46' lang='grc' dir='ltr'>ξατασάσει</span> <span class='ocrx_word' id='word_1_461' title='bbox 2309 3184 2581 3284; x_wconf 69' lang='grc' dir='ltr'>κέχρηται⁸</span> <span class='ocrx_word' id='word_1_462' title='bbox 2617 3185 2781 3284; x_wconf 42' lang='grc' dir='ltr'>πρὸς-</span> <span class='ocrx_word' id='word_1_463' title='bbox 2803 3185 3246 3284; x_wconf 28' lang='grc' dir='ltr'>τὴν-’ἀπώλειαν</span> <span class='ocrx_word' id='word_1_464' title='bbox 3317 3187 3399 3284; x_wconf 84' lang='lat' dir='ltr'><em>T6</em></span> <span class='ocrx_word' id='word_1_465' title='bbox 3443 3187 3544 3256; x_wconf 78' lang='grc' dir='ltr'>μὲν</span> 
     </span>
    </p>
   </div>
   <div class='ocr_carea' id='block_1_63' title="bbox 277 3288 1868 3386">
    <p class='ocr_par' dir='ltr' id='par_1_63' title="bbox 277 3288 1868 3386">
     <span class='ocr_line' id='line_1_63' title="bbox 277 3288 1868 3386; baseline 0.019 -47"><span class='ocrx_word' id='word_1_466' title='bbox 277 3288 333 3339; x_wconf 85' lang='grc' dir='ltr'>τί</span> <span class='ocrx_word' id='word_1_467' title='bbox 362 3307 378 3355; x_wconf 89' lang='lat'><strong>;</strong></span> <span class='ocrx_word' id='word_1_468' title='bbox 407 3291 507 3362; x_wconf 82' lang='grc' dir='ltr'>ὅρα</span> <span class='ocrx_word' id='word_1_469' title='bbox 537 3295 597 3347; x_wconf 81' lang='grc' dir='ltr'>τὸ</span> <span class='ocrx_word' id='word_1_470' title='bbox 627 3299 965 3369; x_wconf 86' lang='grc' dir='ltr'>κατόρθωμα</span> <span class='ocrx_word' id='word_1_471' title='bbox 991 3319 1007 3333; x_wconf 80' lang='grc'><em>’</em></span> <span class='ocrx_word' id='word_1_472' title='bbox 1038 3306 1365 3375; x_wconf 85' lang='grc' dir='ltr'>περιέτεμεν</span> <span class='ocrx_word' id='word_1_473' title='bbox 1425 3310 1510 3363; x_wconf 79' lang='grc' dir='ltr'>ἵνα</span> <span class='ocrx_word' id='word_1_474' title='bbox 1563 3317 1868 3386; x_wconf 66' lang='grc' dir='ltr'>περιτομὴν</span> 
     </span>
    </p>
   </div>
   <div class='ocr_carea' id='block_1_64' title="bbox 282 3382 1860 3467">
    <p class='ocr_par' dir='ltr' id='par_1_64' title="bbox 282 3382 1860 3467">
     <span class='ocr_line' id='line_1_64' title="bbox 282 3382 1860 3467; baseline 0.018 -34"><span class='ocrx_word' id='word_1_475' title='bbox 282 3382 486 3456; x_wconf 83' lang='grc' dir='ltr'>καθέλῃ</span> <span class='ocrx_word' id='word_1_476' title='bbox 518 3402 532 3417; x_wconf 79' lang='grc' dir='ltr'><strong><em>ο</em></strong></span> <span class='ocrx_word' id='word_1_477' title='bbox 564 3387 632 3440; x_wconf 85' lang='grc' dir='ltr'>τά</span> <span class='ocrx_word' id='word_1_478' title='bbox 654 3390 904 3459; x_wconf 86' lang='grc' dir='ltr'>δόγματα</span> <span class='ocrx_word' id='word_1_479' title='bbox 933 3394 1042 3464; x_wconf 83' lang='grc' dir='ltr'>γάρ</span> <span class='ocrx_word' id='word_1_480' title='bbox 1069 3396 1336 3467; x_wconf 86' lang='grc' dir='ltr'>ἐκήρυττε</span> <span class='ocrx_word' id='word_1_481' title='bbox 1380 3401 1488 3454; x_wconf 89' lang='grc' dir='ltr'>τῶν</span> <span class='ocrx_word' id='word_1_482' title='bbox 1521 3382 1860 3463; x_wconf 79' lang='grc' dir='ltr'>ἀποστόλων.</span> 
     </span>
    </p>
   </div>
   <div class='ocr_carea' id='block_1_65' title="bbox 370 3472 1862 3566">
    <p class='ocr_par' dir='ltr' id='par_1_65' title="bbox 370 3472 1862 3566">
     <span class='ocr_line' id='line_1_65' title="bbox 370 3472 1862 3566; baseline 0.016 -40"><span class='ocrx_word' id='word_1_483' title='bbox 370 3472 499 3527; x_wconf 76' lang='grc' dir='ltr'>Ἰδοὺ</span> <span class='ocrx_word' id='word_1_484' title='bbox 539 3481 722 3544; x_wconf 86' lang='grc' dir='ltr'>σαφῶς</span> <span class='ocrx_word' id='word_1_485' title='bbox 747 3481 996 3550; x_wconf 79' lang='grc' dir='ltr'>δόγματα</span> <span class='ocrx_word' id='word_1_486' title='bbox 1048 3486 1284 3558; x_wconf 81' lang='grc' dir='ltr'>κέκληκε</span> <span class='ocrx_word' id='word_1_487' title='bbox 1344 3491 1445 3560; x_wconf 81' lang='grc' dir='ltr'>τὴν</span> <span class='ocrx_word' id='word_1_488' title='bbox 1497 3494 1704 3566; x_wconf 76' lang='grc' dir='ltr'>ἀποχὴν</span> <span class='ocrx_word' id='word_1_489' title='bbox 1753 3498 1862 3550; x_wconf 88' lang='grc' dir='ltr'>τῶν</span> 
     </span>
    </p>
   </div>
   <div class='ocr_carea' id='block_1_66' title="bbox 280 3565 1863 3656">
    <p class='ocr_par' dir='ltr' id='par_1_66' title="bbox 280 3565 1863 3656">
     <span class='ocr_line' id='line_1_66' title="bbox 280 3565 1863 3656; baseline 0.014 -39"><span class='ocrx_word' id='word_1_490' title='bbox 280 3565 670 3631; x_wconf 77' lang='grc' dir='ltr'>εἰδωλοθύτων,</span> <span class='ocrx_word' id='word_1_491' title='bbox 759 3574 1016 3641; x_wconf 82' lang='grc' dir='ltr'>πορνείας</span> <span class='ocrx_word' id='word_1_492' title='bbox 1102 3593 1160 3628; x_wconf 88' lang='grc' dir='ltr'>τε</span> <span class='ocrx_word' id='word_1_493' title='bbox 1223 3580 1343 3633; x_wconf 74' lang='grc' dir='ltr'>καὶ.</span> <span class='ocrx_word' id='word_1_494' title='bbox 1393 3583 1640 3651; x_wconf 89' lang='grc' dir='ltr'>πνικτοῦ,</span> <span class='ocrx_word' id='word_1_495' title='bbox 1720 3586 1863 3656; x_wconf 74' lang='grc' dir='ltr'>άπερ</span> 
     </span>
    </p>
   </div>
   <div class='ocr_carea' id='block_1_67' title="bbox 281 3657 1860 3746">
    <p class='ocr_par' dir='ltr' id='par_1_67' title="bbox 281 3657 1860 3746">
     <span class='ocr_line' id='line_1_67' title="bbox 281 3657 1860 3746; baseline 0.016 -40"><span class='ocrx_word' id='word_1_496' title='bbox 281 3657 388 3708; x_wconf 81' lang='grc' dir='ltr'>είσὶ</span> <span class='ocrx_word' id='word_1_497' title='bbox 416 3659 708 3727; x_wconf 86' lang='grc' dir='ltr'>κανονικῆς</span> <span class='ocrx_word' id='word_1_498' title='bbox 734 3661 897 3731; x_wconf 81' lang='grc' dir='ltr'>ζωῆς.</span> <span class='ocrx_word' id='word_1_499' title='bbox 926 3665 1027 3718; x_wconf 78' lang='grc' dir='ltr'>Διά</span> <span class='ocrx_word' id='word_1_500' title='bbox 1093 3669 1149 3720; x_wconf 87' lang='grc' dir='ltr'>τί</span> <span class='ocrx_word' id='word_1_501' title='bbox 1219 3669 1318 3739; x_wconf 84' lang='grc' dir='ltr'>μὲν</span> <span class='ocrx_word' id='word_1_502' title='bbox 1369 3673 1744 3746; x_wconf 85' lang='grc' dir='ltr'>ἐκωλύθησαν,</span> <span class='ocrx_word' id='word_1_503' title='bbox 1799 3679 1860 3730; x_wconf 81' lang='grc' dir='ltr'>ού</span> 
     </span>
    </p>
   </div>
   <div class='ocr_carea' id='block_1_68' title="bbox 282 3747 1861 3839">
    <p class='ocr_par' dir='ltr' id='par_1_68' title="bbox 282 3747 1861 3839">
     <span class='ocr_line' id='line_1_68' title="bbox 282 3747 1861 3839; baseline 0.016 -41"><span class='ocrx_word' id='word_1_504' title='bbox 282 3747 434 3815; x_wconf 83' lang='grc' dir='ltr'>λέγει</span> <span class='ocrx_word' id='word_1_505' title='bbox 465 3766 478 3780; x_wconf 77' lang='grc' dir='ltr'>ο</span> <span class='ocrx_word' id='word_1_506' title='bbox 528 3753 611 3803; x_wconf 84' lang='grc' dir='ltr'>ὅτι</span> <span class='ocrx_word' id='word_1_507' title='bbox 641 3753 696 3805; x_wconf 87' lang='grc' dir='ltr'>δέ</span> <span class='ocrx_word' id='word_1_508' title='bbox 723 3754 1097 3827; x_wconf 82' lang='grc' dir='ltr'>ἐκωλύθησαν,</span> <span class='ocrx_word' id='word_1_509' title='bbox 1155 3761 1300 3829; x_wconf 89' lang='grc' dir='ltr'>λέγει</span> <span class='ocrx_word' id='word_1_510' title='bbox 1334 3779 1349 3795; x_wconf 75' lang='grc'><strong>⁸</strong></span> <span class='ocrx_word' id='word_1_511' title='bbox 1400 3766 1670 3821; x_wconf 86' lang='grc' dir='ltr'>παιδεύων</span> <span class='ocrx_word' id='word_1_512' title='bbox 1713 3770 1861 3839; x_wconf 80' lang='grc' dir='ltr'>ἡμᾶς</span> 
     </span>
    </p>
   </div>
   <div class='ocr_carea' id='block_1_69' title="bbox 283 3840 1859 3922">
    <p class='ocr_par' dir='ltr' id='par_1_69' title="bbox 283 3840 1859 3922">
     <span class='ocr_line' id='line_1_69' title="bbox 283 3840 1859 3922; baseline 0.015 -32"><span class='ocrx_word' id='word_1_513' title='bbox 283 3840 568 3894; x_wconf 88' lang='grc' dir='ltr'>πείθεσθαι</span> <span class='ocrx_word' id='word_1_514' title='bbox 609 3845 804 3913; x_wconf 83' lang='grc' dir='ltr'>μόνον,</span> <span class='ocrx_word' id='word_1_515' title='bbox 839 3849 932 3900; x_wconf 81' lang='grc' dir='ltr'>καὶ</span> <span class='ocrx_word' id='word_1_516' title='bbox 977 3850 1052 3920; x_wconf 83' lang='grc' dir='ltr'>μὴ</span> <span class='ocrx_word' id='word_1_517' title='bbox 1082 3852 1288 3921; x_wconf 73' lang='grc' dir='ltr'>ζητεῖν,</span> <span class='ocrx_word' id='word_1_518' title='bbox 1356 3857 1450 3908; x_wconf 75' lang='grc' dir='ltr'>καὶ</span> <span class='ocrx_word' id='word_1_519' title='bbox 1502 3857 1717 3922; x_wconf 82' lang='grc' dir='ltr'>δεικνὺς</span> <span class='ocrx_word' id='word_1_520' title='bbox 1776 3861 1859 3912; x_wconf 81' lang='grc' dir='ltr'>ὅτι</span> 
     </span>
    </p>
   </div>
   <div class='ocr_carea' id='block_1_70' title="bbox 263 3931 1856 4018">
    <p class='ocr_par' dir='ltr' id='par_1_70' title="bbox 263 3931 1856 4018">
     <span class='ocr_line' id='line_1_70' title="bbox 263 3931 1856 4018; baseline 0.014 -37"><span class='ocrx_word' id='word_1_521' title='bbox 263 3931 373 3983; x_wconf 71' lang='grc' dir='ltr'>’καὶ</span> <span class='ocrx_word' id='word_1_522' title='bbox 403 3935 575 3988; x_wconf 88' lang='grc' dir='ltr'>πολλά</span> <span class='ocrx_word' id='word_1_523' title='bbox 598 3937 954 4008; x_wconf 86' lang='grc' dir='ltr'>ἀνθρωπίνως</span> <span class='ocrx_word' id='word_1_524' title='bbox 995 3943 1233 3996; x_wconf 87' lang='grc' dir='ltr'>ἐποίουν.</span> <span class='ocrx_word' id='word_1_525' title='bbox 1263 3947 1474 4000; x_wconf 78' lang='grc' dir='ltr'>Οὐκέτι</span> <span class='ocrx_word' id='word_1_526' title='bbox 1507 3948 1573 4000; x_wconf 90' lang='grc' dir='ltr'>δι’</span> <span class='ocrx_word' id='word_1_527' title='bbox 1603 3950 1856 4018; x_wconf 85' lang='grc' dir='ltr'>ἀγγέλου,</span> 
     </span>
    </p>
   </div>
   <div class='ocr_carea' id='block_1_71' title="bbox 280 4023 1858 4110">
    <p class='ocr_par' dir='ltr' id='par_1_71' title="bbox 280 4023 1858 4110">
     <span class='ocr_line' id='line_1_71' title="bbox 280 4023 1858 4110; baseline 0.015 -36"><span class='ocrx_word' id='word_1_528' title='bbox 280 4023 534 4096; x_wconf 84' lang='grc' dir='ltr'>καθάπερ</span> <span class='ocrx_word' id='word_1_529' title='bbox 559 4027 823 4094; x_wconf 78' lang='grc' dir='ltr'>Φίλιππος</span> <span class='ocrx_word' id='word_1_530' title='bbox 850 4028 956 4086; x_wconf 75' lang='grc' dir='ltr'>εἶδε</span> <span class='ocrx_word' id='word_1_531' title='bbox 993 4037 1084 4088; x_wconf 79' lang='grc' dir='ltr'>καὶ</span> <span class='ocrx_word' id='word_1_532' title='bbox 1109 4038 1410 4110; x_wconf 81' lang='grc' dir='ltr'>Κορνήλιος</span> <span class='ocrx_word' id='word_1_533' title='bbox 1433 4056 1448 4070; x_wconf 83' lang='lat'>&#39;</span> <span class='ocrx_word' id='word_1_534' title='bbox 1483 4040 1619 4095; x_wconf 88' lang='grc' dir='ltr'>ἀλλά</span> <span class='ocrx_word' id='word_1_535' title='bbox 1647 4042 1700 4096; x_wconf 86' lang='grc' dir='ltr'>τί</span> <span class='ocrx_word' id='word_1_536' title='bbox 1729 4061 1742 4108; x_wconf 88' lang='grc'><strong>;</strong></span> <span class='ocrx_word' id='word_1_537' title='bbox 1779 4045 1858 4097; x_wconf 88' lang='grc' dir='ltr'>Δι’</span> 
     </span>
    </p>
   </div>
   <div class='ocr_carea' id='block_1_72' title="bbox 277 4114 1855 4204">
    <p class='ocr_par' dir='ltr' id='par_1_72' title="bbox 277 4114 1855 4204">
     <span class='ocr_line' id='line_1_72' title="bbox 277 4114 1855 4204; baseline 0.016 -41"><span class='ocrx_word' id='word_1_538' title='bbox 277 4114 556 4183; x_wconf 77' lang='grc' dir='ltr'>ὁράματος</span> <span class='ocrx_word' id='word_1_539' title='bbox 591 4120 862 4186; x_wconf 85' lang='grc' dir='ltr'>φαίνεται-</span> <span class='ocrx_word' id='word_1_540' title='bbox 889 4124 1060 4195; x_wconf 81' lang='grc' dir='ltr'>αὐτῷ,</span> <span class='ocrx_word' id='word_1_541' title='bbox 1114 4127 1302 4182; x_wconf 59' lang='grc' dir='ltr'>λοιπδν</span> <span class='ocrx_word' id='word_1_542' title='bbox 1355 4131 1855 4204; x_wconf 86' lang='grc' dir='ltr'>ἀνθρωπινότερον·</span> 
     </span>
    </p>
   </div>
   <div class='ocr_carea' id='block_1_73' title="bbox 275 4203 1855 4294">
    <p class='ocr_par' dir='ltr' id='par_1_73' title="bbox 275 4203 1855 4294">
     <span class='ocr_line' id='line_1_73' title="bbox 275 4203 1855 4294; baseline 0.015 -39"><span class='ocrx_word' id='word_1_543' title='bbox 275 4203 406 4257; x_wconf 76' lang='grc' dir='ltr'>ἔνθα</span> <span class='ocrx_word' id='word_1_544' title='bbox 440 4206 495 4259; x_wconf 82' lang='grc' dir='ltr'>δὲ</span> <span class='ocrx_word' id='word_1_545' title='bbox 537 4209 706 4280; x_wconf 86' lang='grc' dir='ltr'>πολλή</span> <span class='ocrx_word' id='word_1_546' title='bbox 741 4210 854 4280; x_wconf 87' lang='grc' dir='ltr'>βία,</span> <span class='ocrx_word' id='word_1_547' title='bbox 893 4213 1187 4286; x_wconf 86' lang='grc' dir='ltr'>θειότερον.</span> <span class='ocrx_word' id='word_1_548' title='bbox 1225 4219 1442 4290; x_wconf 85' lang='grc' dir='ltr'>Ἐπειδὴ</span> <span class='ocrx_word' id='word_1_549' title='bbox 1464 4203 1583 4290; x_wconf 85' lang='grc' dir='ltr'>γὰρ</span> <span class='ocrx_word' id='word_1_550' title='bbox 1620 4203 1855 4294; x_wconf 80' lang='grc' dir='ltr'>κηρύξαι</span> 
     </span>
    </p>
   </div>
   <div class='ocr_carea' id='block_1_74' title="bbox 279 4294 1852 4384">
    <p class='ocr_par' dir='ltr' id='par_1_74' title="bbox 279 4294 1852 4384">
     <span class='ocr_line' id='line_1_74' title="bbox 279 4294 1852 4384; baseline 0.013 -37"><span class='ocrx_word' id='word_1_551' title='bbox 279 4294 378 4363; x_wconf 83' lang='grc' dir='ltr'>μὲν</span> <span class='ocrx_word' id='word_1_552' title='bbox 403 4298 663 4367; x_wconf 73' lang='grc' dir='ltr'>ἠπείγετο</span> <span class='ocrx_word' id='word_1_553' title='bbox 689 4302 874 4370; x_wconf 87' lang='grc' dir='ltr'>μόνον,</span> <span class='ocrx_word' id='word_1_554' title='bbox 906 4307 985 4369; x_wconf 82' lang='grc' dir='ltr'>είς</span> <span class='ocrx_word' id='word_1_555' title='bbox 1016 4307 1172 4362; x_wconf 89' lang='grc' dir='ltr'>τοῦτο</span> <span class='ocrx_word' id='word_1_556' title='bbox 1194 4309 1326 4380; x_wconf 84' lang='grc' dir='ltr'>δναρ</span> <span class='ocrx_word' id='word_1_557' title='bbox 1382 4312 1632 4378; x_wconf 85' lang='grc' dir='ltr'>φαίνεται</span> <span class='ocrx_word' id='word_1_558' title='bbox 1665 4315 1816 4384; x_wconf 84' lang='grc' dir='ltr'>αὐτῷ</span> <span class='ocrx_word' id='word_1_559' title='bbox 1840 4333 1852 4344; x_wconf 91' lang='grc'><strong>·</strong></span> 
     </span>
    </p>
   </div>
   <div class='ocr_carea' id='block_1_75' title="bbox 279 4387 1855 4476">
    <p class='ocr_par' dir='ltr' id='par_1_75' title="bbox 279 4387 1855 4476">
     <span class='ocr_line' id='line_1_75' title="bbox 279 4387 1855 4476; baseline 0.013 -36"><span class='ocrx_word' id='word_1_560' title='bbox 279 4387 355 4458; x_wconf 83' lang='grc' dir='ltr'>μή</span> <span class='ocrx_word' id='word_1_561' title='bbox 389 4390 622 4459; x_wconf 77' lang='grc' dir='ltr'>κηρύξαι</span> <span class='ocrx_word' id='word_1_562' title='bbox 649 4393 705 4446; x_wconf 83' lang='grc' dir='ltr'>δὲ</span> <span class='ocrx_word' id='word_1_563' title='bbox 733 4395 832 4449; x_wconf 83' lang='grc' dir='ltr'>οῦκ</span> <span class='ocrx_word' id='word_1_564' title='bbox 855 4397 1132 4467; x_wconf 74' lang='grc' dir='ltr'>ἠνέσχετο,</span> <span class='ocrx_word' id='word_1_565' title='bbox 1165 4403 1246 4465; x_wconf 84' lang='grc' dir='ltr'>είς</span> <span class='ocrx_word' id='word_1_566' title='bbox 1274 4402 1433 4456; x_wconf 87' lang='grc' dir='ltr'>τοῦτο</span> <span class='ocrx_word' id='word_1_567' title='bbox 1459 4405 1519 4456; x_wconf 79' lang='grc' dir='ltr'>τὸ</span> <span class='ocrx_word' id='word_1_568' title='bbox 1546 4404 1769 4476; x_wconf 88' lang='grc' dir='ltr'>Πνεῦμα</span> <span class='ocrx_word' id='word_1_569' title='bbox 1796 4407 1855 4460; x_wconf 81' lang='grc' dir='ltr'>τὸ</span> 
     </span>
    </p>
   </div>
   <div class='ocr_carea' id='block_1_76' title="bbox 276 4479 1930 4586">
    <p class='ocr_par' dir='ltr' id='par_1_76' title="bbox 276 4479 1930 4586">
     <span class='ocr_line' id='line_1_76' title="bbox 276 4479 1930 4586; baseline 0.013 -54"><span class='ocrx_word' id='word_1_570' title='bbox 276 4479 432 4548; x_wconf 75' lang='grc' dir='ltr'>ἀγιον</span> <span class='ocrx_word' id='word_1_571' title='bbox 485 4484 886 4546; x_wconf 87' lang='grc' dir='ltr'>ἀποκαλύπτει.</span> <span class='ocrx_word' id='word_1_572' title='bbox 939 4490 1096 4548; x_wconf 78' lang='grc' dir='ltr'>Οὕτω</span> <span class='ocrx_word' id='word_1_573' title='bbox 1173 4496 1267 4549; x_wconf 80' lang='grc' dir='ltr'>καὶ</span> <span class='ocrx_word' id='word_1_574' title='bbox 1328 4498 1446 4550; x_wconf 87' lang='grc' dir='ltr'>ἐκεῖ</span> <span class='ocrx_word' id='word_1_575' title='bbox 1494 4496 1572 4567; x_wconf 80' lang='grc' dir='ltr'>τῷ</span> <span class='ocrx_word' id='word_1_576' title='bbox 1625 4499 1848 4571; x_wconf 81' lang='grc' dir='ltr'>Πέτρῳ·</span> <span class='ocrx_word' id='word_1_577' title='bbox 1881 4529 1930 4586; x_wconf 79' lang='lat' dir='ltr'><strong>D</strong></span> 
     </span>
    </p>
   </div>
   <div class='ocr_carea' id='block_1_77' title="bbox 283 4575 1853 4658">
    <p class='ocr_par' dir='ltr' id='par_1_77' title="bbox 283 4575 1853 4658">
     <span class='ocr_line' id='line_1_77' title="bbox 283 4575 1853 4658; baseline 0.015 -35"><span class='ocrx_word' id='word_1_578' title='bbox 283 4591 302 4622; x_wconf 73' lang='grc' dir='ltr'>ι</span> <span class='ocrx_word' id='word_1_579' title='bbox 350 4575 617 4640; x_wconf 80' lang='grc' dir='ltr'>Ἀναστὰς</span> <span class='ocrx_word' id='word_1_580' title='bbox 648 4581 941 4649; x_wconf 84' lang='grc' dir='ltr'>κατάϐηθι.</span> <span class='ocrx_word' id='word_1_581' title='bbox 983 4601 1001 4633; x_wconf 75' lang='grc' dir='ltr'>ι</span> <span class='ocrx_word' id='word_1_582' title='bbox 1036 4585 1110 4636; x_wconf 80' lang='grc' dir='ltr'><strong>Οὐ</strong></span> <span class='ocrx_word' id='word_1_583' title='bbox 1158 4586 1267 4658; x_wconf 82' lang='grc' dir='ltr'>γάρ</span> <span class='ocrx_word' id='word_1_584' title='bbox 1295 4587 1360 4658; x_wconf 84' lang='grc' dir='ltr'>δὴ</span> <span class='ocrx_word' id='word_1_585' title='bbox 1403 4590 1500 4642; x_wconf 71' lang='grc' dir='ltr'>καὶ</span> <span class='ocrx_word' id='word_1_586' title='bbox 1532 4590 1603 4643; x_wconf 78' lang='grc' dir='ltr'>τά</span> <span class='ocrx_word' id='word_1_587' title='bbox 1652 4590 1853 4646; x_wconf 72' lang='grc' dir='ltr'>εὔκολα</span> 
     </span>
    </p>
   </div>
   <div class='ocr_carea' id='block_1_78' title="bbox 280 4663 1854 4752">
    <p class='ocr_par' dir='ltr' id='par_1_78' title="bbox 280 4663 1854 4752">
     <span class='ocr_line' id='line_1_78' title="bbox 280 4663 1854 4752; baseline 0.015 -38"><span class='ocrx_word' id='word_1_588' title='bbox 280 4663 341 4715; x_wconf 83' lang='grc' dir='ltr'>τὸ</span> <span class='ocrx_word' id='word_1_589' title='bbox 372 4665 597 4734; x_wconf 85' lang='grc' dir='ltr'>Πνεῦμα</span> <span class='ocrx_word' id='word_1_590' title='bbox 625 4668 936 4737; x_wconf 79' lang='grc' dir='ltr'>εἰργάζετο,</span> <span class='ocrx_word' id='word_1_591' title='bbox 961 4671 1076 4726; x_wconf 87' lang='grc' dir='ltr'>ἀλλ’</span> <span class='ocrx_word' id='word_1_592' title='bbox 1104 4675 1266 4744; x_wconf 73' lang='grc' dir='ltr'>ἤρκει</span> <span class='ocrx_word' id='word_1_593' title='bbox 1300 4678 1396 4730; x_wconf 77' lang='grc' dir='ltr'>καὶ</span> <span class='ocrx_word' id='word_1_594' title='bbox 1414 4678 1567 4751; x_wconf 78' lang='grc' dir='ltr'>ὄναρ.</span> <span class='ocrx_word' id='word_1_595' title='bbox 1605 4682 1854 4752; x_wconf 84' lang='grc' dir='ltr'>Σημειω-</span> 
     </span>
    </p>
   </div>
   <div class='ocr_carea' id='block_1_79' title="bbox 279 4755 1853 4839">
    <p class='ocr_par' dir='ltr' id='par_1_79' title="bbox 279 4755 1853 4839">
     <span class='ocr_line' id='line_1_79' title="bbox 279 4755 1853 4839; baseline 0.016 -35"><span class='ocrx_word' id='word_1_596' title='bbox 279 4755 423 4816; x_wconf 82' lang='grc' dir='ltr'>τέον,</span> <span class='ocrx_word' id='word_1_597' title='bbox 451 4757 532 4809; x_wconf 82' lang='grc' dir='ltr'>ὅτι</span> <span class='ocrx_word' id='word_1_598' title='bbox 565 4759 662 4811; x_wconf 76' lang='grc' dir='ltr'>σὺν</span> <span class='ocrx_word' id='word_1_599' title='bbox 692 4760 772 4831; x_wconf 79' lang='grc' dir='ltr'>τῷ</span> <span class='ocrx_word' id='word_1_600' title='bbox 808 4762 1008 4834; x_wconf 83' lang='grc' dir='ltr'>Παύλῳ</span> <span class='ocrx_word' id='word_1_601' title='bbox 1044 4759 1112 4834; x_wconf 82' lang='grc' dir='ltr'>ἦν</span> <span class='ocrx_word' id='word_1_602' title='bbox 1146 4768 1204 4819; x_wconf 88' lang='grc' dir='ltr'>ἐν</span> <span class='ocrx_word' id='word_1_603' title='bbox 1225 4771 1346 4830; x_wconf 85' lang='grc' dir='ltr'>ταῖς</span> <span class='ocrx_word' id='word_1_604' title='bbox 1385 4771 1573 4824; x_wconf 89' lang='grc' dir='ltr'>πόλεσι</span> <span class='ocrx_word' id='word_1_605' title='bbox 1628 4774 1853 4839; x_wconf 85' lang='grc' dir='ltr'>ταύταις</span> 
     </span>
    </p>
   </div>
   <div class='ocr_carea' id='block_1_80' title="bbox 276 4848 1851 4931">
    <p class='ocr_par' dir='ltr' id='par_1_80' title="bbox 276 4848 1851 4931">
     <span class='ocr_line' id='line_1_80' title="bbox 276 4848 1851 4931; baseline 0.015 -34"><span class='ocrx_word' id='word_1_606' title='bbox 276 4848 423 4899; x_wconf 76' lang='grc' dir='ltr'>καὶὸ</span> <span class='ocrx_word' id='word_1_607' title='bbox 453 4849 688 4917; x_wconf 82' lang='grc' dir='ltr'>Λουκᾶς,</span> <span class='ocrx_word' id='word_1_608' title='bbox 729 4853 804 4915; x_wconf 82' lang='grc' dir='ltr'>ὠς</span> <span class='ocrx_word' id='word_1_609' title='bbox 831 4855 889 4922; x_wconf 79' lang='grc' dir='ltr'>ἐξ</span> <span class='ocrx_word' id='word_1_610' title='bbox 939 4851 1015 4910; x_wconf 84' lang='grc' dir='ltr'>ὧν</span> <span class='ocrx_word' id='word_1_611' title='bbox 1082 4862 1175 4912; x_wconf 78' lang='grc' dir='ltr'>καὶ</span> <span class='ocrx_word' id='word_1_612' title='bbox 1235 4861 1295 4914; x_wconf 77' lang='grc' dir='ltr'>τὸ</span> <span class='ocrx_word' id='word_1_613' title='bbox 1339 4865 1631 4931; x_wconf 88' lang='grc' dir='ltr'>πρόσωπον</span> <span class='ocrx_word' id='word_1_614' title='bbox 1682 4868 1851 4921; x_wconf 85' lang='grc' dir='ltr'>αὑτοῦ</span> 
     </span>
    </p>
   </div>
   <div class='ocr_carea' id='block_1_81' title="bbox 277 4939 1855 5030">
    <p class='ocr_par' dir='ltr' id='par_1_81' title="bbox 277 4939 1855 5030">
     <span class='ocr_line' id='line_1_81' title="bbox 277 4939 1855 5030; baseline 0.018 -42"><span class='ocrx_word' id='word_1_615' title='bbox 277 4939 697 5010; x_wconf 80' lang='grc' dir='ltr'>παραλαμϐάνει</span> <span class='ocrx_word' id='word_1_616' title='bbox 739 4946 914 5015; x_wconf 87' lang='grc' dir='ltr'>λέγων</span> <span class='ocrx_word' id='word_1_617' title='bbox 946 4964 961 4978; x_wconf 72' lang='grc' dir='ltr'>ο</span> <span class='ocrx_word' id='word_1_618' title='bbox 1030 4969 1047 5001; x_wconf 84' lang='grc' dir='ltr'>ι</span> <span class='ocrx_word' id='word_1_619' title='bbox 1096 4953 1475 5024; x_wconf 80' lang='grc' dir='ltr'>Ἐζητήσαμεν</span> <span class='ocrx_word' id='word_1_620' title='bbox 1527 4957 1855 5030; x_wconf 80' lang='grc' dir='ltr'>εύθυδρομῆο</span> 
     </span>
    </p>
   </div>
   <div class='ocr_carea' id='block_1_82' title="bbox 277 5031 1854 5114">
    <p class='ocr_par' dir='ltr' id='par_1_82' title="bbox 277 5031 1854 5114">
     <span class='ocr_line' id='line_1_82' title="bbox 277 5031 1854 5114; baseline 0.018 -37"><span class='ocrx_word' id='word_1_621' title='bbox 277 5044 387 5078; x_wconf 87' lang='grc' dir='ltr'>σαι.</span> <span class='ocrx_word' id='word_1_622' title='bbox 438 5047 456 5080; x_wconf 74' lang='grc' dir='ltr'>ι</span> <span class='ocrx_word' id='word_1_623' title='bbox 483 5031 556 5083; x_wconf 89' lang='grc' dir='ltr'>Ού</span> <span class='ocrx_word' id='word_1_624' title='bbox 588 5033 697 5104; x_wconf 85' lang='grc' dir='ltr'>γὰρ</span> <span class='ocrx_word' id='word_1_625' title='bbox 713 5037 777 5105; x_wconf 76' lang='grc' dir='ltr'>δὴ</span> <span class='ocrx_word' id='word_1_626' title='bbox 811 5037 942 5091; x_wconf 83' lang='grc' dir='ltr'>ἔνθα</span> <span class='ocrx_word' id='word_1_627' title='bbox 967 5045 1258 5112; x_wconf 85' lang='grc' dir='ltr'>συναγωγὴ</span> <span class='ocrx_word' id='word_1_628' title='bbox 1293 5040 1360 5113; x_wconf 81' lang='grc' dir='ltr'>ἦν</span> <span class='ocrx_word' id='word_1_629' title='bbox 1397 5047 1580 5114; x_wconf 88' lang='grc' dir='ltr'>μόνον,</span> <span class='ocrx_word' id='word_1_630' title='bbox 1601 5049 1736 5102; x_wconf 87' lang='grc' dir='ltr'>ἀλλά</span> <span class='ocrx_word' id='word_1_631' title='bbox 1759 5055 1854 5109; x_wconf 76' lang='grc' dir='ltr'>καὶ</span> 
     </span>
    </p>
   </div>
   <div class='ocr_carea' id='block_1_83' title="bbox 276 5118 1852 5210">
    <p class='ocr_par' dir='ltr' id='par_1_83' title="bbox 276 5118 1852 5210">
     <span class='ocr_line' id='line_1_83' title="bbox 276 5118 1852 5210; baseline 0.016 -39"><span class='ocrx_word' id='word_1_632' title='bbox 276 5118 382 5184; x_wconf 76' lang='grc' dir='ltr'>ἔξω</span> <span class='ocrx_word' id='word_1_633' title='bbox 411 5121 668 5193; x_wconf 78' lang='grc' dir='ltr'>ηὔχοντο,</span> <span class='ocrx_word' id='word_1_634' title='bbox 699 5126 890 5200; x_wconf 82' lang='grc' dir='ltr'>ὥσπερ</span> <span class='ocrx_word' id='word_1_635' title='bbox 923 5132 1087 5186; x_wconf 90' lang='grc' dir='ltr'>τόπον</span> <span class='ocrx_word' id='word_1_636' title='bbox 1156 5137 1278 5189; x_wconf 90' lang='grc' dir='ltr'>τινά</span> <span class='ocrx_word' id='word_1_637' title='bbox 1327 5137 1698 5210; x_wconf 80' lang='grc' dir='ltr'>ἀφορίζοντες,</span> <span class='ocrx_word' id='word_1_638' title='bbox 1755 5144 1852 5197; x_wconf 78' lang='grc' dir='ltr'>ἆτε</span> 
     </span>
    </p>
   </div>
   <div class='ocr_carea' id='block_1_84' title="bbox 276 5213 1851 5306">
    <p class='ocr_par' dir='ltr' id='par_1_84' title="bbox 276 5213 1851 5306">
     <span class='ocr_line' id='line_1_84' title="bbox 276 5213 1851 5306; baseline 0.017 -45"><span class='ocrx_word' id='word_1_639' title='bbox 276 5213 906 5306; x_wconf 72' lang='grc' dir='ltr'>σωματικώτεροιὸντες</span> <span class='ocrx_word' id='word_1_640' title='bbox 937 5223 984 5275; x_wconf 79' lang='grc' dir='ltr'>οἱ</span> <span class='ocrx_word' id='word_1_641' title='bbox 1033 5225 1320 5279; x_wconf 74' lang='grc' dir='ltr'>Ἰουδαῖοιο</span> <span class='ocrx_word' id='word_1_642' title='bbox 1383 5229 1482 5282; x_wconf 77' lang='grc' dir='ltr'>καὶ</span> <span class='ocrx_word' id='word_1_643' title='bbox 1541 5234 1608 5302; x_wconf 83' lang='grc' dir='ltr'>τῇ</span> <span class='ocrx_word' id='word_1_644' title='bbox 1668 5235 1851 5306; x_wconf 73' lang='grc' dir='ltr'>ήμέρᾳ</span> 
     </span>
    </p>
   </div>
   <div class='ocr_carea' id='block_1_85' title="bbox 271 5297 1743 5386">
    <p class='ocr_par' dir='ltr' id='par_1_85' title="bbox 271 5297 1743 5386">
     <span class='ocr_line' id='line_1_85' title="bbox 271 5297 1743 5386; baseline 0.018 -38"><span class='ocrx_word' id='word_1_645' title='bbox 271 5297 383 5350; x_wconf 88' lang='grc' dir='ltr'>τῶν</span> <span class='ocrx_word' id='word_1_646' title='bbox 404 5299 718 5366; x_wconf 83' lang='grc' dir='ltr'>Σαϐϐἀτων,</span> <span class='ocrx_word' id='word_1_647' title='bbox 747 5306 835 5358; x_wconf 80' lang='grc' dir='ltr'>ὅτε</span> <span class='ocrx_word' id='word_1_648' title='bbox 870 5310 962 5360; x_wconf 75' lang='grc' dir='ltr'>καὶ</span> <span class='ocrx_word' id='word_1_649' title='bbox 984 5309 1139 5380; x_wconf 79' lang='grc' dir='ltr'>ὄχλον</span> <span class='ocrx_word' id='word_1_650' title='bbox 1185 5313 1331 5377; x_wconf 81' lang='grc' dir='ltr'>εἰκὸς</span> <span class='ocrx_word' id='word_1_651' title='bbox 1353 5309 1421 5386; x_wconf 77' lang='grc' dir='ltr'>ἦν</span> <span class='ocrx_word' id='word_1_652' title='bbox 1449 5297 1743 5375; x_wconf 69' lang='grc' dir='ltr'>συνελθεῖν.</span> 
     </span>
    </p>
   </div>
   <div class='ocr_carea' id='block_1_86' title="bbox 348 5389 1848 5481">
    <p class='ocr_par' dir='ltr' id='par_1_86' title="bbox 348 5389 1848 5481">
     <span class='ocr_line' id='line_1_86' title="bbox 348 5389 1848 5481; baseline 0.019 -42"><span class='ocrx_word' id='word_1_653' title='bbox 348 5389 490 5458; x_wconf 88' lang='grc' dir='ltr'>Ὅρα</span> <span class='ocrx_word' id='word_1_654' title='bbox 515 5394 574 5444; x_wconf 87' lang='grc' dir='ltr'>τὸ</span> <span class='ocrx_word' id='word_1_655' title='bbox 629 5395 834 5465; x_wconf 78' lang='grc' dir='ltr'>ἄτυφον</span> <span class='ocrx_word' id='word_1_656' title='bbox 877 5400 1038 5453; x_wconf 87' lang='grc' dir='ltr'>πάλιν</span> <span class='ocrx_word' id='word_1_657' title='bbox 1073 5419 1087 5433; x_wconf 73' lang='grc' dir='ltr'>ο</span> <span class='ocrx_word' id='word_1_658' title='bbox 1119 5405 1256 5476; x_wconf 82' lang='grc' dir='ltr'>γυνὴ</span> <span class='ocrx_word' id='word_1_659' title='bbox 1291 5406 1386 5460; x_wconf 80' lang='grc' dir='ltr'>καὶ</span> <span class='ocrx_word' id='word_1_660' title='bbox 1428 5411 1656 5481; x_wconf 80' lang='grc' dir='ltr'>ταπεινή</span> <span class='ocrx_word' id='word_1_661' title='bbox 1687 5411 1848 5481; x_wconf 81' lang='grc' dir='ltr'>αὕτη,</span> 
     </span>
    </p>
   </div>
   <div class='ocr_carea' id='block_1_87' title="bbox 273 5481 1851 5573">
    <p class='ocr_par' dir='ltr' id='par_1_87' title="bbox 273 5481 1851 5573">
     <span class='ocr_line' id='line_1_87' title="bbox 273 5481 1851 5573; baseline 0.014 -41"><span class='ocrx_word' id='word_1_662' title='bbox 273 5481 366 5534; x_wconf 83' lang='grc' dir='ltr'>καὶ</span> <span class='ocrx_word' id='word_1_663' title='bbox 396 5481 505 5533; x_wconf 81' lang='grc' dir='ltr'>ἀπὸ</span> <span class='ocrx_word' id='word_1_664' title='bbox 533 5487 632 5554; x_wconf 85' lang='grc' dir='ltr'>τῆς</span> <span class='ocrx_word' id='word_1_665' title='bbox 664 5487 860 5558; x_wconf 88' lang='grc' dir='ltr'>τέχνης</span> <span class='ocrx_word' id='word_1_666' title='bbox 893 5503 906 5518; x_wconf 90' lang='grc'>⁶</span> <span class='ocrx_word' id='word_1_667' title='bbox 944 5494 1036 5545; x_wconf 78' lang='grc' dir='ltr'>καὶ</span> <span class='ocrx_word' id='word_1_668' title='bbox 1066 5495 1174 5567; x_wconf 78' lang='grc' dir='ltr'>γάρ</span> <span class='ocrx_word' id='word_1_669' title='bbox 1208 5501 1606 5570; x_wconf 77' lang='grc' dir='ltr'>πορφυρόϐαφα</span> <span class='ocrx_word' id='word_1_670' title='bbox 1660 5497 1728 5573; x_wconf 79' lang='grc' dir='ltr'>ἧν</span> <span class='ocrx_word' id='word_1_671' title='bbox 1760 5521 1851 5554; x_wconf 73' lang='grc' dir='ltr'>πιο</span> 
     </span>
    </p>
   </div>
   <div class='ocr_carea' id='block_1_88' title="bbox 274 5575 1848 5662">
    <p class='ocr_par' dir='ltr' id='par_1_88' title="bbox 274 5575 1848 5662">
     <span class='ocr_line' id='line_1_88' title="bbox 274 5575 1848 5662; baseline 0.013 -36"><span class='ocrx_word' id='word_1_672' title='bbox 274 5575 619 5644; x_wconf 80' lang='grc' dir='ltr'>πράσκουσα.</span> <span class='ocrx_word' id='word_1_673' title='bbox 663 5580 804 5634; x_wconf 79' lang='grc' dir='ltr'>Ἀλλ’</span> <span class='ocrx_word' id='word_1_674' title='bbox 837 5583 937 5652; x_wconf 82' lang='grc' dir='ltr'>ὅρα</span> <span class='ocrx_word' id='word_1_675' title='bbox 966 5587 1257 5658; x_wconf 86' lang='grc' dir='ltr'>φιλόσοφον</span> <span class='ocrx_word' id='word_1_676' title='bbox 1310 5595 1574 5658; x_wconf 86' lang='grc' dir='ltr'>γυναῖκα·</span> <span class='ocrx_word' id='word_1_677' title='bbox 1633 5594 1848 5662; x_wconf 87' lang='grc' dir='ltr'>πρῶτον</span> 
     </span>
    </p>
   </div>
   <div class='ocr_carea' id='block_1_89' title="bbox 275 5667 1846 5748">
    <p class='ocr_par' dir='ltr' id='par_1_89' title="bbox 275 5667 1846 5748">
     <span class='ocr_line' id='line_1_89' title="bbox 275 5667 1846 5748; baseline 0.013 -31"><span class='ocrx_word' id='word_1_678' title='bbox 275 5667 418 5732; x_wconf 79' lang='grc' dir='ltr'>αὑτὴ</span> <span class='ocrx_word' id='word_1_679' title='bbox 449 5669 835 5741; x_wconf 81' lang='grc' dir='ltr'>ἐμαρτύρησε,</span> <span class='ocrx_word' id='word_1_680' title='bbox 867 5677 927 5727; x_wconf 80' lang='grc' dir='ltr'>τὸ</span> <span class='ocrx_word' id='word_1_681' title='bbox 955 5676 1014 5746; x_wconf 62' lang='grc' dir='ltr'>[Γ.</span> <span class='ocrx_word' id='word_1_682' title='bbox 1043 5679 1143 5748; x_wconf 77' lang='grc' dir='ltr'>τῷ]</span> <span class='ocrx_word' id='word_1_683' title='bbox 1174 5681 1264 5732; x_wconf 69' lang='grc' dir='ltr'>τὸν</span> <span class='ocrx_word' id='word_1_684' title='bbox 1289 5682 1420 5734; x_wconf 73' lang='grc' dir='ltr'>Θεὸν</span> <span class='ocrx_word' id='word_1_685' title='bbox 1463 5685 1690 5738; x_wconf 88' lang='grc' dir='ltr'>καλέσαι</span> <span class='ocrx_word' id='word_1_686' title='bbox 1748 5689 1846 5738; x_wconf 74' lang='grc' dir='ltr'>αῦ-</span> 
     </span>
    </p>
   </div>
   <div class='ocr_carea' id='block_1_90' title="bbox 278 5755 1843 5846">
    <p class='ocr_par' dir='ltr' id='par_1_90' title="bbox 278 5755 1843 5846">
     <span class='ocr_line' id='line_1_90' title="bbox 278 5755 1843 5846; baseline 0.015 -38"><span class='ocrx_word' id='word_1_687' title='bbox 278 5755 389 5824; x_wconf 84' lang='grc' dir='ltr'>τήν.</span> <span class='ocrx_word' id='word_1_688' title='bbox 431 5760 570 5830; x_wconf 86' lang='grc' dir='ltr'>Ὅρα</span> <span class='ocrx_word' id='word_1_689' title='bbox 598 5762 675 5830; x_wconf 77' lang='grc' dir='ltr'>δέ,</span> <span class='ocrx_word' id='word_1_690' title='bbox 706 5764 822 5828; x_wconf 77' lang='grc' dir='ltr'>πῶς</span> <span class='ocrx_word' id='word_1_691' title='bbox 848 5766 946 5820; x_wconf 87' lang='grc' dir='ltr'>ούκ</span> <span class='ocrx_word' id='word_1_692' title='bbox 977 5769 1290 5838; x_wconf 76' lang='grc' dir='ltr'>αἰσχύνεται</span> <span class='ocrx_word' id='word_1_693' title='bbox 1320 5771 1384 5825; x_wconf 76' lang='grc' dir='ltr'>τὰ</span> <span class='ocrx_word' id='word_1_694' title='bbox 1414 5775 1843 5846; x_wconf 81' lang='grc' dir='ltr'>ἐπιτηδεύματα,</span> 
     </span>
    </p>
   </div>
   <div class='ocr_carea' id='block_1_91' title="bbox 1968 3272 3546 3345">
    <p class='ocr_par' dir='ltr' id='par_1_91' title="bbox 1968 3272 3546 3345">
     <span class='ocr_line' id='line_1_91' title="bbox 1968 3272 3546 3345; baseline 0.004 -19"><span class='ocrx_word' id='word_1_695' title='bbox 1968 3272 2059 3326; x_wconf 79' lang='grc' dir='ltr'>οὖν</span> <span class='ocrx_word' id='word_1_696' title='bbox 2084 3273 2298 3344; x_wconf 90' lang='grc' dir='ltr'>πρῶτον</span> <span class='ocrx_word' id='word_1_697' title='bbox 2323 3280 2384 3326; x_wconf 75' lang='grc' dir='ltr'>ού</span> <span class='ocrx_word' id='word_1_698' title='bbox 2410 3276 2734 3345; x_wconf 87' lang='grc' dir='ltr'>προσήκατο</span> <span class='ocrx_word' id='word_1_699' title='bbox 2758 3277 2788 3328; x_wconf 88' lang='lat'>6</span> <span class='ocrx_word' id='word_1_700' title='bbox 2807 3277 3044 3341; x_wconf 90' lang='grc' dir='ltr'>Παῦλος,</span> <span class='ocrx_word' id='word_1_701' title='bbox 3078 3277 3218 3332; x_wconf 84' lang='grc' dir='ltr'>ἀλλά</span> <span class='ocrx_word' id='word_1_702' title='bbox 3267 3280 3546 3333; x_wconf 84' lang='grc' dir='ltr'>κατέπτυ-</span> 
     </span>
    </p>
   </div>
   <div class='ocr_carea' id='block_1_92' title="bbox 1969 3366 3542 3444">
    <p class='ocr_par' dir='ltr' id='par_1_92' title="bbox 1969 3366 3542 3444">
     <span class='ocr_line' id='line_1_92' title="bbox 1969 3366 3542 3444; baseline 0.006 -27"><span class='ocrx_word' id='word_1_703' title='bbox 1969 3382 2084 3429; x_wconf 89' lang='grc' dir='ltr'>σεν,</span> <span class='ocrx_word' id='word_1_704' title='bbox 2117 3366 2176 3419; x_wconf 84' lang='grc' dir='ltr'>ού</span> <span class='ocrx_word' id='word_1_705' title='bbox 2208 3366 2531 3436; x_wconf 84' lang='grc' dir='ltr'>βουλόμενος</span> <span class='ocrx_word' id='word_1_706' title='bbox 2567 3367 2757 3432; x_wconf 83' lang='grc' dir='ltr'>ἁπλῶς</span> <span class='ocrx_word' id='word_1_707' title='bbox 2795 3369 2990 3423; x_wconf 73' lang='grc' dir='ltr'>ἐαυτὸν</span> <span class='ocrx_word' id='word_1_708' title='bbox 3040 3371 3393 3444; x_wconf 75' lang='grc' dir='ltr'>ἐπιρῤίπτειν</span> <span class='ocrx_word' id='word_1_709' title='bbox 3428 3375 3542 3437; x_wconf 88' lang='grc' dir='ltr'>τοῖς</span> 
     </span>
    </p>
   </div>
   <div class='ocr_carea' id='block_1_93' title="bbox 1969 3457 3542 3533">
    <p class='ocr_par' dir='ltr' id='par_1_93' title="bbox 1969 3457 3542 3533">
     <span class='ocr_line' id='line_1_93' title="bbox 1969 3457 3542 3533; baseline 0.006 -25"><span class='ocrx_word' id='word_1_710' title='bbox 1969 3458 2237 3527; x_wconf 82' lang='grc' dir='ltr'>σημείοις.</span> <span class='ocrx_word' id='word_1_711' title='bbox 2288 3457 2376 3518; x_wconf 83' lang='grc' dir='ltr'>Ὠς</span> <span class='ocrx_word' id='word_1_712' title='bbox 2411 3458 2468 3510; x_wconf 82' lang='grc' dir='ltr'>δὲ</span> <span class='ocrx_word' id='word_1_713' title='bbox 2491 3459 2737 3527; x_wconf 79' lang='grc' dir='ltr'>ἐπέμενε</span> <span class='ocrx_word' id='word_1_714' title='bbox 2759 3459 2921 3514; x_wconf 85' lang='grc' dir='ltr'>τοῦτο</span> <span class='ocrx_word' id='word_1_715' title='bbox 2944 3462 3135 3529; x_wconf 66' lang='grc' dir='ltr'>¹ποιῶν,</span> <span class='ocrx_word' id='word_1_716' title='bbox 3160 3463 3255 3518; x_wconf 63' lang='grc' dir='ltr'>καὶ⁵</span> <span class='ocrx_word' id='word_1_717' title='bbox 3295 3465 3356 3517; x_wconf 83' lang='grc' dir='ltr'>τὸ</span> <span class='ocrx_word' id='word_1_718' title='bbox 3378 3463 3542 3533; x_wconf 70' lang='grc' dir='ltr'>ἔργον</span> 
     </span>
    </p>
   </div>
   <div class='ocr_carea' id='block_1_94' title="bbox 1967 3545 3540 3626">
    <p class='ocr_par' dir='ltr' id='par_1_94' title="bbox 1967 3545 3540 3626">
     <span class='ocr_line' id='line_1_94' title="bbox 1967 3545 3540 3626; baseline 0.008 -28"><span class='ocrx_word' id='word_1_719' title='bbox 1967 3545 2198 3611; x_wconf 89' lang='grc' dir='ltr'>ἐδείκνυ,</span> <span class='ocrx_word' id='word_1_720' title='bbox 2241 3546 2364 3599; x_wconf 90' lang='grc' dir='ltr'>τότε</span> <span class='ocrx_word' id='word_1_721' title='bbox 2389 3548 2675 3602; x_wconf 84' lang='grc' dir='ltr'>ἐκέλευσεν</span> <span class='ocrx_word' id='word_1_722' title='bbox 2707 3551 2876 3621; x_wconf 79' lang='grc' dir='ltr'>αὐτῷ-</span> <span class='ocrx_word' id='word_1_723' title='bbox 2898 3552 3152 3617; x_wconf 79' lang='grc' dir='ltr'>ἐξελθεῖν.</span> <span class='ocrx_word' id='word_1_724' title='bbox 3187 3574 3207 3608; x_wconf 84' lang='grc' dir='ltr'>ι</span> <span class='ocrx_word' id='word_1_725' title='bbox 3272 3556 3540 3626; x_wconf 84' lang='grc' dir='ltr'>Διαπονη-</span> 
     </span>
    </p>
   </div>
   <div class='ocr_carea' id='block_1_95' title="bbox 1967 3635 3538 3718">
    <p class='ocr_par' dir='ltr' id='par_1_95' title="bbox 1967 3635 3538 3718">
     <span class='ocr_line' id='line_1_95' title="bbox 1967 3635 3538 3718; baseline 0.008 -29"><span class='ocrx_word' id='word_1_726' title='bbox 1967 3635 2076 3699; x_wconf 73' lang='grc' dir='ltr'>θεὶς</span> <span class='ocrx_word' id='word_1_727' title='bbox 2112 3636 2220 3690; x_wconf 81' lang='grc' dir='ltr'>δὲὸ</span> <span class='ocrx_word' id='word_1_728' title='bbox 2259 3638 2491 3702; x_wconf 87' lang='grc' dir='ltr'>Παῦλος,</span> <span class='ocrx_word' id='word_1_729' title='bbox 2521 3658 2540 3690; x_wconf 83' lang='grc'><strong>›</strong></span> <span class='ocrx_word' id='word_1_730' title='bbox 2584 3641 2857 3706; x_wconf 87' lang='grc' dir='ltr'>τουτέστι,</span> <span class='ocrx_word' id='word_1_731' title='bbox 2912 3644 3011 3709; x_wconf 83' lang='grc' dir='ltr'>τὴν</span> <span class='ocrx_word' id='word_1_732' title='bbox 3055 3647 3392 3718; x_wconf 88' lang='grc' dir='ltr'>κακουργίαν</span> <span class='ocrx_word' id='word_1_733' title='bbox 3430 3645 3538 3702; x_wconf 80' lang='grc' dir='ltr'>εῐδε</span> 
     </span>
    </p>
   </div>
   <div class='ocr_carea' id='block_1_96' title="bbox 1962 3724 3534 3805">
    <p class='ocr_par' dir='ltr' id='par_1_96' title="bbox 1962 3724 3534 3805">
     <span class='ocr_line' id='line_1_96' title="bbox 1962 3724 3534 3805; baseline 0.007 -27"><span class='ocrx_word' id='word_1_734' title='bbox 1962 3724 2058 3778; x_wconf 89' lang='grc' dir='ltr'>τοῦ</span> <span class='ocrx_word' id='word_1_735' title='bbox 2093 3725 2380 3795; x_wconf 77' lang='grc' dir='ltr'>δαίμονοςο</span> <span class='ocrx_word' id='word_1_736' title='bbox 2416 3727 2596 3792; x_wconf 87' lang='grc' dir='ltr'>καθὼς</span> <span class='ocrx_word' id='word_1_737' title='bbox 2617 3729 2776 3792; x_wconf 81' lang='grc' dir='ltr'>αὐτὸς</span> <span class='ocrx_word' id='word_1_738' title='bbox 2801 3730 2984 3798; x_wconf 87' lang='grc' dir='ltr'>λέγει·</span> <span class='ocrx_word' id='word_1_739' title='bbox 3015 3749 3033 3783; x_wconf 85' lang='grc' dir='ltr'>ι</span> <span class='ocrx_word' id='word_1_740' title='bbox 3085 3735 3162 3786; x_wconf 83' lang='grc' dir='ltr'><strong>Οὐ</strong></span> <span class='ocrx_word' id='word_1_741' title='bbox 3216 3736 3325 3805; x_wconf 78' lang='grc' dir='ltr'>γάρ</span> <span class='ocrx_word' id='word_1_742' title='bbox 3369 3736 3534 3789; x_wconf 85' lang='grc' dir='ltr'>αὑτοῦ</span> 
     </span>
    </p>
   </div>
   <div class='ocr_carea' id='block_1_97' title="bbox 1963 3815 3536 3894">
    <p class='ocr_par' dir='ltr' id='par_1_97' title="bbox 1963 3815 3536 3894">
     <span class='ocr_line' id='line_1_97' title="bbox 1963 3815 3536 3894; baseline 0.006 -24"><span class='ocrx_word' id='word_1_743' title='bbox 1963 3815 2032 3870; x_wconf 71' lang='grc' dir='ltr'>τὰ</span> <span class='ocrx_word' id='word_1_744' title='bbox 2093 3815 2337 3886; x_wconf 85' lang='grc' dir='ltr'>νοήματα</span> <span class='ocrx_word' id='word_1_745' title='bbox 2403 3817 2729 3887; x_wconf 88' lang='grc' dir='ltr'>ἀγνοοῦμεν.</span> <span class='ocrx_word' id='word_1_746' title='bbox 2773 3838 2792 3872; x_wconf 75' lang='grc' dir='ltr'>ι</span> <span class='ocrx_word' id='word_1_747' title='bbox 2854 3821 3111 3889; x_wconf 73' lang='grc' dir='ltr'>Κινηθεὶς</span> <span class='ocrx_word' id='word_1_748' title='bbox 3163 3822 3256 3874; x_wconf 77' lang='grc' dir='ltr'>καὶ</span> <span class='ocrx_word' id='word_1_749' title='bbox 3304 3824 3536 3894; x_wconf 78' lang='grc' dir='ltr'>δειχθεὶς</span> 
     </span>
    </p>
   </div>
   <div class='ocr_carea' id='block_1_98' title="bbox 1965 3904 3533 3985">
    <p class='ocr_par' dir='ltr' id='par_1_98' title="bbox 1965 3904 3533 3985">
     <span class='ocr_line' id='line_1_98' title="bbox 1965 3904 3533 3985; baseline 0.004 -22"><span class='ocrx_word' id='word_1_750' title='bbox 1965 3904 2029 3977; x_wconf 73' lang='grc' dir='ltr'>[Γ.</span> <span class='ocrx_word' id='word_1_751' title='bbox 2057 3907 2321 3979; x_wconf 82' lang='grc' dir='ltr'>δηχθεὶς],</span> <span class='ocrx_word' id='word_1_752' title='bbox 2343 3909 2438 3963; x_wconf 82' lang='grc' dir='ltr'>καὶ</span> <span class='ocrx_word' id='word_1_753' title='bbox 2451 3910 2628 3982; x_wconf 88' lang='grc' dir='ltr'>ἀληθῆ</span> <span class='ocrx_word' id='word_1_754' title='bbox 2659 3911 2924 3980; x_wconf 83' lang='grc' dir='ltr'>λέγουσαν</span> <span class='ocrx_word' id='word_1_755' title='bbox 2951 3914 3312 3984; x_wconf 87' lang='grc' dir='ltr'>ἐπιστομίσας</span> <span class='ocrx_word' id='word_1_756' title='bbox 3342 3916 3533 3985; x_wconf 86' lang='grc' dir='ltr'>αὑτήν·</span> 
     </span>
    </p>
   </div>
   <div class='ocr_carea' id='block_1_99' title="bbox 1962 3998 3554 4077">
    <p class='ocr_par' dir='ltr' id='par_1_99' title="bbox 1962 3998 3554 4077">
     <span class='ocr_line' id='line_1_99' title="bbox 1962 3998 3554 4077; baseline 0.006 -25"><span class='ocrx_word' id='word_1_757' title='bbox 1962 3998 2225 4053; x_wconf 84' lang='grc' dir='ltr'>διδάσκων</span> <span class='ocrx_word' id='word_1_758' title='bbox 2249 4002 2418 4070; x_wconf 78' lang='grc' dir='ltr'>ἡμᾶς,</span> <span class='ocrx_word' id='word_1_759' title='bbox 2454 4003 2589 4074; x_wconf 87' lang='grc' dir='ltr'>μηδὲ</span> <span class='ocrx_word' id='word_1_760' title='bbox 2619 4005 2684 4076; x_wconf 82' lang='grc' dir='ltr'>τῇ</span> <span class='ocrx_word' id='word_1_761' title='bbox 2718 4003 2946 4075; x_wconf 75' lang='grc' dir='ltr'>ἀληθείᾳ</span> <span class='ocrx_word' id='word_1_762' title='bbox 2985 4008 3307 4076; x_wconf 88' lang='grc' dir='ltr'>συνηγορεῖν</span> <span class='ocrx_word' id='word_1_763' title='bbox 3367 4024 3554 4077; x_wconf 37' lang='grc' dir='ltr'>προεἐ</span> 
     </span>
    </p>
   </div>
   <div class='ocr_carea' id='block_1_100' title="bbox 1965 4077 3537 4166">
    <p class='ocr_par' dir='ltr' id='par_1_100' title="bbox 1965 4077 3537 4166">
     <span class='ocr_line' id='line_1_100' title="bbox 1965 4077 3537 4166; baseline 0.006 -23"><span class='ocrx_word' id='word_1_764' title='bbox 1965 4077 2350 4160; x_wconf 57' lang='grc' dir='ltr'>ποιουμένους</span> <span class='ocrx_word' id='word_1_765' title='bbox 2379 4093 2628 4164; x_wconf 79' lang='grc' dir='ltr'>δέχεσθαι</span> <span class='ocrx_word' id='word_1_766' title='bbox 2657 4096 2940 4166; x_wconf 89' lang='grc' dir='ltr'>δαίμονας,</span> <span class='ocrx_word' id='word_1_767' title='bbox 2966 4097 3103 4152; x_wconf 85' lang='grc' dir='ltr'>ἀλλὰ</span> <span class='ocrx_word' id='word_1_768' title='bbox 3132 4098 3312 4160; x_wconf 70' lang='grc' dir='ltr'>πᾶσαν</span> <span class='ocrx_word' id='word_1_769' title='bbox 3352 4101 3537 4164; x_wconf 83' lang='grc' dir='ltr'>αὐτοῖς</span> 
     </span>
    </p>
   </div>
   <div class='ocr_carea' id='block_1_101' title="bbox 1959 4181 2723 4254">
    <p class='ocr_par' dir='ltr' id='par_1_101' title="bbox 1959 4181 2723 4254">
     <span class='ocr_line' id='line_1_101' title="bbox 1959 4181 2723 4254; baseline 0.008 -20"><span class='ocrx_word' id='word_1_770' title='bbox 1959 4181 2326 4253; x_wconf 76' lang='grc' dir='ltr'>ἀποτειχίζειν</span> <span class='ocrx_word' id='word_1_771' title='bbox 2356 4185 2564 4254; x_wconf 81' lang='grc' dir='ltr'>πλάνης</span> <span class='ocrx_word' id='word_1_772' title='bbox 2584 4185 2723 4240; x_wconf 77' lang='grc' dir='ltr'>ὀδόν.</span> 
     </span>
    </p>
   </div>
   <div class='ocr_carea' id='block_1_102' title="bbox 2017 4297 3536 4374">
    <p class='ocr_par' dir='ltr' id='par_1_102' title="bbox 2017 4297 3536 4374">
     <span class='ocr_line' id='line_1_102' title="bbox 2017 4297 3536 4374; baseline 0.007 -26"><span class='ocrx_word' id='word_1_773' title='bbox 2017 4297 2303 4366; x_wconf 86' lang='grc' dir='ltr'>Πανταχοῦ</span> <span class='ocrx_word' id='word_1_774' title='bbox 2336 4298 2404 4352; x_wconf 82' lang='grc' dir='ltr'>τά</span> <span class='ocrx_word' id='word_1_775' title='bbox 2421 4300 2682 4369; x_wconf 89' lang='grc' dir='ltr'>χρήματα</span> <span class='ocrx_word' id='word_1_776' title='bbox 2714 4301 2862 4364; x_wconf 82' lang='grc' dir='ltr'>αἴτια</span> <span class='ocrx_word' id='word_1_777' title='bbox 2893 4302 3004 4356; x_wconf 58' lang='grc' dir='ltr'>τοῖν]</span> <span class='ocrx_word' id='word_1_778' title='bbox 3060 4303 3267 4357; x_wconf 87' lang='grc' dir='ltr'>κακῶν.</span> <span class='ocrx_word' id='word_1_779' title='bbox 3313 4305 3383 4357; x_wconf 83' lang='grc' dir='ltr'><strong>Ὢ</strong></span> <span class='ocrx_word' id='word_1_780' title='bbox 3435 4305 3536 4374; x_wconf 75' lang='grc' dir='ltr'>τῆς</span> 
     </span>
    </p>
   </div>
   <div class='ocr_carea' id='block_1_103' title="bbox 1967 4387 3534 4467">
    <p class='ocr_par' dir='ltr' id='par_1_103' title="bbox 1967 4387 3534 4467">
     <span class='ocr_line' id='line_1_103' title="bbox 1967 4387 3534 4467; baseline 0.008 -29"><span class='ocrx_word' id='word_1_781' title='bbox 1967 4387 2290 4460; x_wconf 80' lang='grc' dir='ltr'>Ἑλληνικῆς</span> <span class='ocrx_word' id='word_1_782' title='bbox 2310 4389 2594 4460; x_wconf 82' lang='grc' dir='ltr'>ὠμότητος</span> <span class='ocrx_word' id='word_1_783' title='bbox 2616 4393 2629 4444; x_wconf 88' lang='lat'><strong>!</strong></span> <span class='ocrx_word' id='word_1_784' title='bbox 2664 4391 2979 4446; x_wconf 80' lang='grc' dir='ltr'>Ἑϐούλοντο</span> <span class='ocrx_word' id='word_1_785' title='bbox 2998 4393 3261 4466; x_wconf 83' lang='grc' dir='ltr'>δαιμονᾷν</span> <span class='ocrx_word' id='word_1_786' title='bbox 3287 4395 3348 4448; x_wconf 81' lang='grc' dir='ltr'>τὸ</span> <span class='ocrx_word' id='word_1_787' title='bbox 3369 4397 3534 4467; x_wconf 85' lang='grc' dir='ltr'>κορά-</span> 
     </span>
    </p>
   </div>
   <div class='ocr_carea' id='block_1_104' title="bbox 1959 4480 3534 4559">
    <p class='ocr_par' dir='ltr' id='par_1_104' title="bbox 1959 4480 3534 4559">
     <span class='ocr_line' id='line_1_104' title="bbox 1959 4480 3534 4559; baseline 0.005 -27"><span class='ocrx_word' id='word_1_788' title='bbox 1959 4480 2262 4544; x_wconf 84' lang='grc' dir='ltr'>σιον,ὥστε</span> <span class='ocrx_word' id='word_1_789' title='bbox 2326 4482 2790 4552; x_wconf 79' lang='grc' dir='ltr'>χρηματίζεσθαι.</span> <span class='ocrx_word' id='word_1_790' title='bbox 2847 4484 2911 4536; x_wconf 92' lang='grc' dir='ltr'>Τί</span> <span class='ocrx_word' id='word_1_791' title='bbox 2956 4485 3178 4554; x_wconf 89' lang='grc' dir='ltr'>λέγεις;</span> <span class='ocrx_word' id='word_1_792' title='bbox 3239 4487 3399 4559; x_wconf 80' lang='grc' dir='ltr'>πείθῃ</span> <span class='ocrx_word' id='word_1_793' title='bbox 3456 4488 3534 4556; x_wconf 82' lang='grc' dir='ltr'>τῷ</span> 
     </span>
    </p>
   </div>
   <div class='ocr_carea' id='block_1_105' title="bbox 1955 4570 3533 4646">
    <p class='ocr_par' dir='ltr' id='par_1_105' title="bbox 1955 4570 3533 4646">
     <span class='ocr_line' id='line_1_105' title="bbox 1955 4570 3533 4646; baseline 0.006 -23"><span class='ocrx_word' id='word_1_794' title='bbox 1955 4570 2212 4640; x_wconf 85' lang='grc' dir='ltr'>δαίμονι;</span> <span class='ocrx_word' id='word_1_795' title='bbox 2247 4571 2412 4626; x_wconf 86' lang='grc' dir='ltr'>Διάτί</span> <span class='ocrx_word' id='word_1_796' title='bbox 2439 4572 2514 4644; x_wconf 78' lang='grc' dir='ltr'>μὴ</span> <span class='ocrx_word' id='word_1_797' title='bbox 2563 4573 2799 4628; x_wconf 84' lang='grc' dir='ltr'>ἐνταῦθα</span> <span class='ocrx_word' id='word_1_798' title='bbox 2861 4577 2956 4630; x_wconf 61' lang='grc' dir='ltr'>καὶ⁹</span> <span class='ocrx_word' id='word_1_799' title='bbox 2995 4578 3200 4642; x_wconf 87' lang='grc' dir='ltr'>ἐκεῖνος</span> <span class='ocrx_word' id='word_1_800' title='bbox 3241 4579 3408 4646; x_wconf 87' lang='grc' dir='ltr'>λέγει,</span> <span class='ocrx_word' id='word_1_801' title='bbox 3451 4581 3533 4633; x_wconf 83' lang='grc' dir='ltr'>ὅτι</span> 
     </span>
    </p>
   </div>
   <div class='ocr_carea' id='block_1_106' title="bbox 1963 4662 3531 4736">
    <p class='ocr_par' dir='ltr' id='par_1_106' title="bbox 1963 4662 3531 4736">
     <span class='ocr_line' id='line_1_106' title="bbox 1963 4662 3531 4736; baseline 0.006 -24"><span class='ocrx_word' id='word_1_802' title='bbox 1963 4679 1981 4712; x_wconf 81' lang='grc' dir='ltr'>ι</span> <span class='ocrx_word' id='word_1_803' title='bbox 2013 4662 2201 4716; x_wconf 88' lang='grc' dir='ltr'>Δοῦλοι</span> <span class='ocrx_word' id='word_1_804' title='bbox 2239 4663 2334 4716; x_wconf 89' lang='grc' dir='ltr'>τοῦ</span> <span class='ocrx_word' id='word_1_805' title='bbox 2369 4663 2504 4716; x_wconf 84' lang='grc' dir='ltr'>Θεοῦ</span> <span class='ocrx_word' id='word_1_806' title='bbox 2567 4666 2662 4718; x_wconf 91' lang='grc' dir='ltr'>τοῦ</span> <span class='ocrx_word' id='word_1_807' title='bbox 2719 4666 2948 4734; x_wconf 80' lang='grc' dir='ltr'>ὑψίστου</span> <span class='ocrx_word' id='word_1_808' title='bbox 2986 4669 3093 4721; x_wconf 88' lang='grc' dir='ltr'>εἰσί</span> <span class='ocrx_word' id='word_1_809' title='bbox 3127 4687 3140 4734; x_wconf 93' lang='grc'><strong>;</strong></span> <span class='ocrx_word' id='word_1_810' title='bbox 3177 4689 3194 4721; x_wconf 75' lang='grc' dir='ltr'>ι</span> <span class='ocrx_word' id='word_1_811' title='bbox 3244 4672 3313 4723; x_wconf 82' lang='grc' dir='ltr'>Σὺ</span> <span class='ocrx_word' id='word_1_812' title='bbox 3335 4672 3531 4736; x_wconf 81' lang='grc' dir='ltr'>λέγεις,</span> 
     </span>
    </p>
   </div>
   <div class='ocr_carea' id='block_1_107' title="bbox 1957 4754 3534 4832">
    <p class='ocr_par' dir='ltr' id='par_1_107' title="bbox 1957 4754 3534 4832">
     <span class='ocr_line' id='line_1_107' title="bbox 1957 4754 3534 4832; baseline 0.006 -26"><span class='ocrx_word' id='word_1_813' title='bbox 1957 4755 2039 4806; x_wconf 79' lang='grc' dir='ltr'>ὅτι</span> <span class='ocrx_word' id='word_1_814' title='bbox 2079 4754 2674 4827; x_wconf 80' lang='grc' dir='ltr'>«Ἐκταράσσουσιτὴν</span> <span class='ocrx_word' id='word_1_815' title='bbox 2719 4758 2876 4811; x_wconf 86' lang='grc' dir='ltr'>πόλιν</span> <span class='ocrx_word' id='word_1_816' title='bbox 2931 4759 3108 4829; x_wconf 82' lang='grc' dir='ltr'>ήμῶν.</span> <span class='ocrx_word' id='word_1_817' title='bbox 3141 4781 3160 4814; x_wconf 75' lang='grc' dir='ltr'>ι</span> <span class='ocrx_word' id='word_1_818' title='bbox 3221 4765 3364 4832; x_wconf 86' lang='grc' dir='ltr'>Ὅρα</span> <span class='ocrx_word' id='word_1_819' title='bbox 3411 4764 3534 4816; x_wconf 78' lang='grc' dir='ltr'>οὐδὲ</span> 
     </span>
    </p>
   </div>
   <div class='ocr_carea' id='block_1_108' title="bbox 1956 4842 3541 4924">
    <p class='ocr_par' dir='ltr' id='par_1_108' title="bbox 1956 4842 3541 4924">
     <span class='ocr_line' id='line_1_108' title="bbox 1956 4842 3541 4924; baseline 0.008 -28"><span class='ocrx_word' id='word_1_820' title='bbox 1956 4842 2034 4912; x_wconf 83' lang='grc' dir='ltr'>τῷ</span> <span class='ocrx_word' id='word_1_821' title='bbox 2061 4844 2276 4913; x_wconf 85' lang='grc' dir='ltr'>δαίμονι</span> <span class='ocrx_word' id='word_1_822' title='bbox 2342 4848 2737 4917; x_wconf 87' lang='grc' dir='ltr'>προσέχοντας,</span> <span class='ocrx_word' id='word_1_823' title='bbox 2788 4850 2927 4904; x_wconf 89' lang='grc' dir='ltr'>ἀλλά</span> <span class='ocrx_word' id='word_1_824' title='bbox 2991 4852 3125 4922; x_wconf 80' lang='grc' dir='ltr'>πρὸς</span> <span class='ocrx_word' id='word_1_825' title='bbox 3152 4853 3211 4905; x_wconf 84' lang='grc' dir='ltr'>ἐν</span> <span class='ocrx_word' id='word_1_826' title='bbox 3265 4855 3541 4924; x_wconf 69' lang='grc' dir='ltr'>ὁρῶντας,</span> 
     </span>
    </p>
   </div>
   <div class='ocr_carea' id='block_1_109' title="bbox 1955 4935 3532 5016">
    <p class='ocr_par' dir='ltr' id='par_1_109' title="bbox 1955 4935 3532 5016">
     <span class='ocr_line' id='line_1_109' title="bbox 1955 4935 3532 5016; baseline 0.009 -31"><span class='ocrx_word' id='word_1_827' title='bbox 1955 4937 2056 5004; x_wconf 80' lang='grc' dir='ltr'>τὴν</span> <span class='ocrx_word' id='word_1_828' title='bbox 2086 4935 2476 5005; x_wconf 86' lang='grc' dir='ltr'>φιλαργυρίαν.</span> <span class='ocrx_word' id='word_1_829' title='bbox 2508 4938 2616 4990; x_wconf 72' lang='grc' dir='ltr'>Καὶ</span> <span class='ocrx_word' id='word_1_830' title='bbox 2648 4940 2678 4991; x_wconf 81' lang='lat'>6</span> <span class='ocrx_word' id='word_1_831' title='bbox 2705 4939 2805 5010; x_wconf 77' lang='grc' dir='ltr'>μὲν</span> <span class='ocrx_word' id='word_1_832' title='bbox 2835 4941 3048 5005; x_wconf 88' lang='grc' dir='ltr'>Παῦλος</span> <span class='ocrx_word' id='word_1_833' title='bbox 3081 4943 3141 4996; x_wconf 79' lang='grc' dir='ltr'>τὸ</span> <span class='ocrx_word' id='word_1_834' title='bbox 3180 4946 3290 4997; x_wconf 83' lang='grc' dir='ltr'>πᾶν</span> <span class='ocrx_word' id='word_1_835' title='bbox 3341 4949 3532 5016; x_wconf 82' lang='grc' dir='ltr'>εἰργά-</span> 
     </span>
    </p>
   </div>
   <div class='ocr_carea' id='block_1_110' title="bbox 1959 5028 3530 5098">
    <p class='ocr_par' dir='ltr' id='par_1_110' title="bbox 1959 5028 3530 5098">
     <span class='ocr_line' id='line_1_110' title="bbox 1959 5028 3530 5098; baseline 0.006 -20"><span class='ocrx_word' id='word_1_836' title='bbox 1959 5043 2108 5091; x_wconf 91' lang='grc' dir='ltr'>σατο,</span> <span class='ocrx_word' id='word_1_837' title='bbox 2165 5028 2275 5080; x_wconf 89' lang='grc' dir='ltr'>τῶν</span> <span class='ocrx_word' id='word_1_838' title='bbox 2317 5029 2373 5082; x_wconf 85' lang='grc' dir='ltr'>δὲ</span> <span class='ocrx_word' id='word_1_839' title='bbox 2421 5030 2754 5088; x_wconf 89' lang='grc' dir='ltr'>κινδύνων...</span> <span class='ocrx_word' id='word_1_840' title='bbox 2803 5038 3072 5088; x_wconf 86' lang='grc' dir='ltr'>κοινωνεῖ.</span> <span class='ocrx_word' id='word_1_841' title='bbox 3119 5037 3282 5088; x_wconf 83' lang='grc' dir='ltr'>Ὥστε</span> <span class='ocrx_word' id='word_1_842' title='bbox 3334 5037 3530 5098; x_wconf 85' lang='grc' dir='ltr'>ἰδόντες</span> 
     </span>
    </p>
   </div>
   <div class='ocr_carea' id='block_1_111' title="bbox 1956 5118 3528 5196">
    <p class='ocr_par' dir='ltr' id='par_1_111' title="bbox 1956 5118 3528 5196">
     <span class='ocr_line' id='line_1_111' title="bbox 1956 5118 3528 5196; baseline 0.004 -26"><span class='ocrx_word' id='word_1_843' title='bbox 1956 5119 2135 5172; x_wconf 81' lang='grc' dir='ltr'>αὐτῶν</span> <span class='ocrx_word' id='word_1_844' title='bbox 2164 5118 2265 5188; x_wconf 81' lang='grc' dir='ltr'>τὴν</span> <span class='ocrx_word' id='word_1_845' title='bbox 2319 5119 2549 5190; x_wconf 88' lang='grc' dir='ltr'>δύναμιν</span> <span class='ocrx_word' id='word_1_846' title='bbox 2607 5123 3036 5192; x_wconf 82' lang='grc' dir='ltr'>ἐφρεναπάτουν,</span> <span class='ocrx_word' id='word_1_847' title='bbox 3077 5125 3109 5194; x_wconf 78' lang='grc' dir='ltr'>ἢ</span> <span class='ocrx_word' id='word_1_848' title='bbox 3159 5126 3528 5196; x_wconf 84' lang='grc' dir='ltr'>ἐμαρτύρουν,</span> 
     </span>
    </p>
   </div>
   <div class='ocr_carea' id='block_1_112' title="bbox 1953 5204 3528 5283">
    <p class='ocr_par' dir='ltr' id='par_1_112' title="bbox 1953 5204 3528 5283">
     <span class='ocr_line' id='line_1_112' title="bbox 1953 5204 3528 5283; baseline 0.003 -23"><span class='ocrx_word' id='word_1_849' title='bbox 1953 5209 2035 5260; x_wconf 88' lang='grc' dir='ltr'>ὃτι</span> <span class='ocrx_word' id='word_1_850' title='bbox 2063 5209 2162 5262; x_wconf 83' lang='grc' dir='ltr'>οὐκ</span> <span class='ocrx_word' id='word_1_851' title='bbox 2197 5204 2338 5278; x_wconf 83' lang='grc' dir='ltr'>ἦσαν</span> <span class='ocrx_word' id='word_1_852' title='bbox 2359 5210 2406 5261; x_wconf 83' lang='grc' dir='ltr'>οἱ</span> <span class='ocrx_word' id='word_1_853' title='bbox 2431 5209 2686 5280; x_wconf 87' lang='grc' dir='ltr'>τυχόντες</span> <span class='ocrx_word' id='word_1_854' title='bbox 2706 5211 3006 5283; x_wconf 81' lang='grc' dir='ltr'>ἄνθρωποι,</span> <span class='ocrx_word' id='word_1_855' title='bbox 3037 5214 3172 5267; x_wconf 86' lang='grc' dir='ltr'>ἀλλά</span> <span class='ocrx_word' id='word_1_856' title='bbox 3221 5229 3362 5275; x_wconf 86' lang='grc' dir='ltr'>τινες</span> <span class='ocrx_word' id='word_1_857' title='bbox 3436 5231 3528 5283; x_wconf 81' lang='grc' dir='ltr'>με-</span> 
     </span>
    </p>
   </div>
   <div class='ocr_carea' id='block_1_113' title="bbox 1955 5299 3526 5371">
    <p class='ocr_par' dir='ltr' id='par_1_113' title="bbox 1955 5299 3526 5371">
     <span class='ocr_line' id='line_1_113' title="bbox 1955 5299 3526 5371; baseline 0.002 -17"><span class='ocrx_word' id='word_1_858' title='bbox 1955 5300 2133 5366; x_wconf 85' lang='grc' dir='ltr'>γάλοι,</span> <span class='ocrx_word' id='word_1_859' title='bbox 2167 5299 2420 5364; x_wconf 80' lang='grc' dir='ltr'>ἐξουσίαν</span> <span class='ocrx_word' id='word_1_860' title='bbox 2466 5301 2684 5371; x_wconf 78' lang='grc' dir='ltr'>ἔχοντες</span> <span class='ocrx_word' id='word_1_861' title='bbox 2721 5307 2895 5359; x_wconf 84' lang='grc' dir='ltr'>ποιεῖν</span> <span class='ocrx_word' id='word_1_862' title='bbox 2943 5305 2972 5356; x_wconf 83' lang='grc' dir='ltr'><strong>ὃ</strong></span> <span class='ocrx_word' id='word_1_863' title='bbox 3025 5304 3238 5361; x_wconf 71' lang='grc' dir='ltr'>θέλουσι</span> <span class='ocrx_word' id='word_1_864' title='bbox 3280 5304 3368 5356; x_wconf 73' lang='grc' dir='ltr'>διὰ</span> <span class='ocrx_word' id='word_1_865' title='bbox 3434 5306 3526 5357; x_wconf 86' lang='grc' dir='ltr'>τοῦ</span> 
     </span>
    </p>
   </div>
   <div class='ocr_carea' id='block_1_114' title="bbox 1956 5393 3526 5464">
    <p class='ocr_par' dir='ltr' id='par_1_114' title="bbox 1956 5393 3526 5464">
     <span class='ocr_line' id='line_1_114' title="bbox 1956 5393 3526 5464; baseline 0.003 -18"><span class='ocrx_word' id='word_1_866' title='bbox 1956 5393 2184 5464; x_wconf 80' lang='grc' dir='ltr'>Κυρίου.</span> <span class='ocrx_word' id='word_1_867' title='bbox 2215 5394 2304 5456; x_wconf 82' lang='grc' dir='ltr'>Ὡς</span> <span class='ocrx_word' id='word_1_868' title='bbox 2331 5395 2398 5448; x_wconf 86' lang='grc' dir='ltr'>ἂν</span> <span class='ocrx_word' id='word_1_869' title='bbox 2437 5395 2585 5448; x_wconf 77' lang='grc' dir='ltr'>εἴποι</span> <span class='ocrx_word' id='word_1_870' title='bbox 2632 5413 2738 5460; x_wconf 92' lang='grc' dir='ltr'>τις,</span> <span class='ocrx_word' id='word_1_871' title='bbox 2806 5399 2885 5459; x_wconf 83' lang='grc' dir='ltr'>είς</span> <span class='ocrx_word' id='word_1_872' title='bbox 2922 5397 3014 5448; x_wconf 81' lang='grc' dir='ltr'>τὸν</span> <span class='ocrx_word' id='word_1_873' title='bbox 3055 5395 3302 5462; x_wconf 82' lang='grc' dir='ltr'>Ἐρεΰον.</span> <span class='ocrx_word' id='word_1_874' title='bbox 3337 5398 3526 5452; x_wconf 84' lang='grc' dir='ltr'>Πόσων</span> 
     </span>
    </p>
   </div>
   <div class='ocr_carea' id='block_1_115' title="bbox 1953 5484 3522 5556">
    <p class='ocr_par' dir='ltr' id='par_1_115' title="bbox 1953 5484 3522 5556">
     <span class='ocr_line' id='line_1_115' title="bbox 1953 5484 3522 5556; baseline 0.006 -21"><span class='ocrx_word' id='word_1_875' title='bbox 1953 5484 2205 5553; x_wconf 90' lang='grc' dir='ltr'>δακρύων</span> <span class='ocrx_word' id='word_1_876' title='bbox 2258 5487 2435 5541; x_wconf 88' lang='grc' dir='ltr'>ταῦτα</span> <span class='ocrx_word' id='word_1_877' title='bbox 2485 5489 2652 5553; x_wconf 77' lang='grc' dir='ltr'>ἄξιαι</span> <span class='ocrx_word' id='word_1_878' title='bbox 2711 5486 2813 5542; x_wconf 79' lang='grc' dir='ltr'>Οἷα</span> <span class='ocrx_word' id='word_1_879' title='bbox 2878 5489 2978 5556; x_wconf 88' lang='grc' dir='ltr'>μὲν</span> <span class='ocrx_word' id='word_1_880' title='bbox 3016 5487 3214 5539; x_wconf 81' lang='grc' dir='ltr'>ἔπαθον</span> <span class='ocrx_word' id='word_1_881' title='bbox 3272 5490 3522 5544; x_wconf 79' lang='grc' dir='ltr'>ἐκείνοιί</span> 
     </span>
    </p>
   </div>
   <div class='ocr_carea' id='block_1_116' title="bbox 1968 5574 3523 5651">
    <p class='ocr_par' dir='ltr' id='par_1_116' title="bbox 1968 5574 3523 5651">
     <span class='ocr_line' id='line_1_116' title="bbox 1968 5574 3523 5651; baseline 0.006 -24"><span class='ocrx_word' id='word_1_882' title='bbox 1968 5574 2160 5644; x_wconf 83' lang='grc' dir='ltr'>Ἡμεῖς</span> <span class='ocrx_word' id='word_1_883' title='bbox 2201 5578 2257 5630; x_wconf 84' lang='grc' dir='ltr'>δέ</span> <span class='ocrx_word' id='word_1_884' title='bbox 2288 5580 2410 5633; x_wconf 85' lang='grc' dir='ltr'>ούδέ</span> <span class='ocrx_word' id='word_1_885' title='bbox 2444 5581 2610 5649; x_wconf 85' lang='grc' dir='ltr'>μέχρι</span> <span class='ocrx_word' id='word_1_886' title='bbox 2633 5582 2894 5649; x_wconf 80' lang='grc' dir='ltr'>ῥημάτων</span> <span class='ocrx_word' id='word_1_887' title='bbox 2923 5579 3010 5632; x_wconf 79' lang='grc' dir='ltr'>διὰ</span> <span class='ocrx_word' id='word_1_888' title='bbox 3041 5581 3132 5633; x_wconf 76' lang='grc' dir='ltr'>τὸν</span> <span class='ocrx_word' id='word_1_889' title='bbox 3179 5583 3413 5651; x_wconf 79' lang='grc' dir='ltr'>Χριστὸν</span> <span class='ocrx_word' id='word_1_890' title='bbox 3435 5586 3523 5636; x_wconf 76' lang='grc' dir='ltr'>ἁνο</span> 
     </span>
    </p>
   </div>
   <div class='ocr_carea' id='block_1_117' title="bbox 1954 5669 3030 5742">
    <p class='ocr_par' dir='ltr' id='par_1_117' title="bbox 1954 5669 3030 5742">
     <span class='ocr_line' id='line_1_117' title="bbox 1954 5669 3030 5742; baseline 0.005 -21"><span class='ocrx_word' id='word_1_891' title='bbox 1954 5670 2206 5740; x_wconf 83' lang='grc' dir='ltr'>εχόμενοι</span> <span class='ocrx_word' id='word_1_892' title='bbox 2237 5669 2300 5741; x_wconf 75' lang='grc' dir='ltr'>[Ῑ.</span> <span class='ocrx_word' id='word_1_893' title='bbox 2337 5671 2673 5742; x_wconf 81' lang='grc' dir='ltr'>ἀνεχόμεθα]</span> <span class='ocrx_word' id='word_1_894' title='bbox 2703 5671 3030 5741; x_wconf 83' lang='grc' dir='ltr'>λυπηθῆναι.</span> 
     </span>
    </p>
   </div>
   <div class='ocr_carea' id='block_1_118' title="bbox 2027 5783 3517 5863">
    <p class='ocr_par' dir='ltr' id='par_1_118' title="bbox 2027 5783 3517 5863">
     <span class='ocr_line' id='line_1_118' title="bbox 2027 5783 3517 5863; baseline -0.024 14"><span class='ocrx_word' id='word_1_895' title='bbox 2027 5784 2180 5846; x_wconf 58' lang='grc' dir='ltr'>Τίνος</span> <span class='ocrx_word' id='word_1_896' title='bbox 2208 5783 2368 5855; x_wconf 52' lang='grc' dir='ltr'>Χάριν</span> <span class='ocrx_word' id='word_1_897' title='bbox 2403 5788 2757 5854; x_wconf 57' lang='grc' dir='ltr'>μεσονύκτιον</span> <span class='ocrx_word' id='word_1_898' title='bbox 2791 5786 3060 5858; x_wconf 68' lang='grc' dir='ltr'>τιΰχοντος</span> <span class='ocrx_word' id='word_1_899' title='bbox 3115 5791 3204 5861; x_wconf 77' lang='grc' dir='ltr'>Τῷ</span> <span class='ocrx_word' id='word_1_900' title='bbox 3233 5793 3517 5863; x_wconf 64' lang='grc' dir='ltr'>Ψαλξηρδξι</span> 
     </span>
    </p>
   </div>
  </div>
