4058 6210
408 319 549 380 1113

1220 316 1761 380 EXPOSITIONIS
1798 315 1881 376 ΙΝ
1922 317 2110 377 ACTA
2147 316 2451 378 TEXTUS
2479 316 2839 378 TERTIUS.

3521 309 3658 375 1116

401 432 631 503 ήιεγχεν
658 427 854 492 αύτούς
884 447 899 495 ;
976 429 1132 501 Ἐμοὶ
1195 429 1343 484 δοκεῖ
1404 431 1610 502 σφόδρα
1657 428 1933 499 θυμωθεὶς
1957 468 1973 493 ,
2007 440 2050 494 Α
2078 429 2139 484 Οἱ
2172 428 2231 482 δὲ
2262 428 2560 482 ἀνθύπατοι
2589 430 2711 490 ταῖς
2751 425 2861 480 τῶν
2899 424 3192 490 πλουσίων,
3236 424 3269 495 ἢ
3309 423 3417 477 τῶν
3458 427 3663 496 ἐγκληιο

403 521 592 590 ὥσπερ
652 519 720 574 ἂν
769 519 825 572 εί
866 536 972 585 τις,
1024 520 1285 591 περὶτῶν
1318 522 1581 591 ἐσχάτων
1627 518 1977 582 κινδυνεύων,

406 614 512 669 ὑπό
535 629 679 677 τινος
701 612 924 683 οίκτροῦ
959 614 1057 671 καὶ
1085 613 1436 684 ταλαιπώρου
1477 612 1827 682 διελέγχοιτο.
1861 611 1979 666 Ἰνα

402 706 513 777 γὰρ
546 706 622 776 μὴ
650 705 777 775 δόξῃ
803 706 1291 777 καταφρονεῖσθαι,
1332 706 1393 758 :0
1431 705 1604 776 0009.0
1645 703 1743 758 τοῦ
1800 701 1978 774 Ἰησοῦ

406 798 674 869 πρότερον
701 795 1063 866 ὁμολογήσας,
1091 796 1211 849 τότε
1241 796 1434 850 ἐλαϐεν
1457 795 1726 862 ἐξουσίαν.
1759 794 1981 847 Δείκνυ-

403 906 494 943 ται
526 889 584 942 δέ
612 888 721 941 τῶν
750 887 1023 959 δαιμόνων
1052 890 1086 960 ἠ
1125 888 1356 958 δύναμις
1404 888 1639 959 μεγάλη,
1673 888 1804 941 ὅταν
1842 886 1983 958 πρὸς

400 979 665 1043 ἀπίστους
699 977 820 1052 ἔχῃ.

470 1068 628 1131 Τίνος
658 1069 819 1140 χάριν
859 1067 1033 1123 ταῦτα
1070 1067 1313 1122 ἔκαυσαν
1342 1085 1357 1135 ;
1392 1066 1617 1139 Πρῶτον
1649 1068 1749 1139 μὲν
1780 1067 1867 1121 ῖνα
1901 1069 1981 1138 μή¹

400 1179 484 1225 τις
520 1163 767 1234 μετάσχῃ
815 1163 917 1231 τῆς
967 1162 1068 1215 ἀπ’
1120 1161 1302 1215 αὐτῶν
1349 1161 1695 1233 ψυχοφθόρου
1730 1160 1934 1231 βλάϐης
1958 1174 1977 1192 ο

400 1251 595 1305 ἔπειτα
619 1253 707 1305 ἴνα
742 1250 818 1321 μὴ
866 1251 976 1304 ἀπὸ
1012 1251 1273 1319 τοιαύτης
1316 1251 1498 1313 αίτίας
1542 1249 1853 1321 κτήσωνται
1897 1266 1972 1304 τι.

401 1340 617 1409 Ὥσπερ
646 1340 758 1411 γὰρ
781 1339 842 1393 :0
869 1338 964 1393 τοῦ
996 1339 1158 1403 κυνὸς
1184 1339 1410 1409 τίμημα
1442 1340 1842 1409 ἀπηγόρευται,
1880 1339 1978 1392 καὶ

396 1432 461 1485 :0
488 1432 555 1485 ὲκ
586 1431 848 1501 πορνείας
894 1430 1087 1500 κέρδος
1113 1430 1413 1500 προσάγειν
1446 1428 1567 1499 Θεῷ
1594 1446 1610 1461 ⁸
1653 1427 1827 1492 οὕτως
1852 1427 1975 1481 οὐδὲ

397 1525 561 1578 τοῦτο
580 1524 784 1578 δίκαιον
811 1523 1033 1595 ἔκριναν
1060 1522 1286 1594 τεθῆναι
1325 1521 1481 1594 παρά
1506 1521 1636 1585 τοὺς
1668 1521 1834 1583 πόδας
1864 1520 1981 1574 τῶν

400 1616 678 1686 μαθητῶν.

468 1708 830 1780 Σημειωτέον,
872 1709 956 1762 0::
998 1709 1287 1779 προφήτης
1322 1703 1391 1779 ἦν
1429 1707 1459 1759 0
1489 1706 1724 1771 Παῦλος,
1762 1720 1977 1774 προαγ-

2086 518 2270 591 μάτων
2309 518 2489 583 δίκαις
2535 519 2831 590 ὑπήκουον,
2877 519 2946 570 Ἦ
2996 517 3243 589 ἀγοραῖοί
3296 518 3434 571 εἰσιν
3484 520 3531 572 οί
3578 519 3661 573 δι-

2081 614 2388 684 καιολόγοι,
2447 614 2599 686 παρά
2651 613 2712 667 :0
2754 614 3038 685 ἀγορεύειν
3092 612 3397 684 λεχθέντες,
3448 613 3477 665 0
3539 613 3659 666 ἐστι

2079 708 2431 779 δημηγορεῖν.

2163 799 2385 870 Ἐπειδὴ
2436 799 2644 871 πολλῆς
2676 798 3080 869 παρακλήσεως
3125 795 3234 850 01:0
3275 795 3374 863 τῆς
3412 795 3657 866 ταραχῆς

2080 888 2295 962 ἐκείνης
2328 890 2502 945 ἐδεῖτο
2528 907 2544 922 ·
2588 891 2684 944 καὶ
2713 890 2870 944 τοῦτο
2899 888 3133 957 ποιήσας
3159 882 3322 957 ἦλθεν
3358 886 3439 948 είς
3469 887 3658 938 Μακε-

2079 981 2280 1049 δονίαν,
2318 975 2440 1035 εἶτα
2468 984 2549 1046 είς
2585 983 2686 1052 τὴν
2740 980 2987 1035 Ἑλλάδα.
3039 979 3208 1033 Πάλιν
3252 976 3508 1031 διώκεται
3552 976 3658 1028 01:0

2077 1073 2189 1128 τῶν
2260 1073 2550 1138 Ἰουδαίων,
2610 1073 2706 1126 καὶ
2740 1071 2962 1143 ἔρχεται
2993 1071 3073 1133 είς
3111 1068 3476 1123 Μακεδονίαν.
3531 1067 3658 1129 Πῶς

2077 1163 2136 1217 δὲ
2167 1162 2260 1217 τδν
2285 1163 2551 1233 Τιμόθεον
2586 1161 2989 1216 Θεσσαλονικέα
3020 1158 3222 1230 φησίν;
3257 1158 3332 1211 Ού
3368 1157 3525 1211 τοῦτο
3566 1156 3658 1208 λέ-

2077 1269 2186 1323 γει,
2214 1254 2370 1321 ἀλλά,
2399 1253 2729 1326 Προέλαϐον,
2771 1254 2957 1325 φησὶν,
2988 1245 3133 1306 οὗτοι
3178 1252 3258 1314 είς
3295 1250 3393 1319 τὴν
3429 1248 3658 1319 Τρωάδα

2078 1346 2560 1417 προοδοποιοῦντες
2611 1344 2781 1416 αὐτῷ.
2832 1345 2945 1405 Τάς
2989 1344 3046 1397 δὲ
3086 1342 3279 1415 ἐορτάς
3334 1341 3457 1412 ἐμοὶ
3508 1340 3661 1393 δοκεῖ

2078 1441 2403 1507 σπουδάζειν
2437 1442 2599 1496 00:00
2638 1444 2813 1496 ποιεῖν
2855 1442 2912 1495 ἐν
2949 1441 3072 1504 ταῖς
3117 1438 3379 1510 μεγάλαις
3414 1436 3659 1490 πόλεσιν.

2150 1533 2435 1605 Πανταχοῦ
2485 1533 2575 1589 διά
2605 1534 2782 1603 λόγων
2825 1532 2887 1587 :0
2932 1531 3095 1586 πλέον
3138 1530 3418 1601 κατορθοῖ,
3458 1529 3555 1581 καὶ
3593 1526 3657 1580 οῦ

2076 1623 2166 1678 διὰ
2217 1626 2499 1697 σημείων,
2549 1627 2643 1680 καὶ
2694 1625 2933 1694 συνεχῶς
2993 1624 3127 1693 ἡμῖν
3177 1621 3339 1675 αὐτὸν
3386 1620 3656 1672 δείκνυσιν

2077 1715 2434 1786 ἐπειγόμενον
2480 1717 2561 1780 είς
2606 1718 2705 1786 τὴν
2746 1715 2945 1786 Συρίαν
2977 1728 2993 1743 ⁸
3021 1713 3081 1766 :0
3115 1712 3171 1765 δὲ
3206 1712 3399 1775 αίτιον,
3436 1711 3470 1780 ἡ
3532 1710 3656 1761 Ἐκ-

394 1801 582 1867 τειλας
629 1802 713 1855 δτι
738 1801 819 1854 δεῖ
874 1799 1134 1852 ἀπελθεῖν
1188 1801 1268 1863 εἰς
1334 1797 1692 1870 Ἰερουσαλὴμ
1752 1796 1849 1849 καὶ
1896 1795 1975 1859 εἰς
2007 1806 2277 1879 Βκλησία
2301 1802 2369 1879 ἦν
2410 1810 2506 1861 καὶ
2543 1806 2611 1859 τά
2658 1805 3028 1873 Ἱεροσόλυμα,
3076 1800 3192 1855 ἀλλ’
3240 1804 3390 1865 ὅμως
3435 1803 3655 1869 κατεῖχε

407 1891 653 1961 Ῥώμην.
693 1892 773 1959 Τῇ
832 1890 992 1960 Ἀσία
1030 1890 1405 1960 ἐμφιλοχωρεῖ
1432 1889 1685 1942 πλεῖστον
1714 1888 1905 1958 χρόνον
1944 1887 1974 1939 0

396 1979 633 2042 Παῦλος,
671 1978 808 2033 διότι
853 1979 1023 2049 πολλὴ
1054 1976 1122 2048 ἦν
1152 1980 1186 2050 η
1212 1978 1469 2048 τυραννὶς
1513 1977 1620 2031 τῶν
1665 1976 1975 2046 φιλοσόφων

394 2071 535 2133 ἐκεῖ,
560 2068 658 2121 >201
682 2067 772 2121 διά
794 2068 957 2122 τοῦτο
977 2068 1138 2123 πάλιν
1166 2068 1477 2136 διαλέγεται
1507 2068 1715 2132 αὐτοῖς,
1756 2066 1973 2137 βλέπων

395 2159 598 2231 πολλὴν
644 2159 813 2215 οὖσαν
870 2160 971 2231 τὴν
1022 2160 1462 2232 δεισιδαιμονίαν.
1525 2160 1683 2223 Ἴσως
1731 2158 1972 2229 κιϐώρια

396 2252 594 2322 μικρά.
626 2252 805 2323 Πολλὴ
835 2252 943 2325 709
990 2254 1090 2325 τῆς
1135 2253 1273 2307 Θεοῦ
1304 2251 1509 2322 ταύτης
1553 2252 1588 2321 ἠ
1626 2250 1763 2322 τιμὴ
1802 2245 1871 2320 ἦν
1915 2252 1975 2303 ἐν

408 2344 639 2414 Ἐφέσῳ,
673 2345 807 2397 ὅπου
834 2345 929 2397 καὶ
954 2345 1016 2397 :0
1043 2345 1188 2414 ἱερὸν
1216 2345 1388 2415 αὐτῆς
1417 2342 1765 2414 ἐμπρησθὲν,
1798 2340 1974 2403 οὕτως

395 2433 667 2504 ἐλύπησεν
718 2435 938 2499 αὐτοὺς,
994 2435 1070 2497 ὡς
1126 2436 1220 2488 τὸν
1271 2436 1639 2506 ἐμπρήσαντα
1692 2430 1971 2495 κελεῦσαι,

398 2526 536 2596 μηδέ
580 2527 811 2596 ὀνόματι
842 2526 1122 2595 λέγεσθαι.
1154 2528 1299 2597 Ὅρα
1330 2526 1393 2603 δὲ.
1432 2523 1710 2596 πανταχοῦ
1752 2525 1852 2596 τὴν
1898 2525 1976 2576 εἱ-

395 2618 759 2689 δωλολατρίαν
799 2620 907 2673 ἀπὸ
940 2620 1238 2690 χρημάτων
1261 2636 1276 2652 ·
1309 2616 1407 2672 καὶ
1445 2610 1598 2681 ιῦτος
1623 2616 1811 2671 ἕνεκεν
1839 2631 1974 2686 χρη-

398 2710 585 2779 μάτων
607 2711 959 2779 ἀγωνίζεται.

467 2801 640 2855 Πόθεν
674 2806 703 2856 ό
745 2803 917 2875 θυμὸς
945 2805 1170 2873 γέγονεν
1199 2821 1215 2870 ς
1261 2803 1396 2857 Ἀπό
1422 2820 1481 2856 τε
1510 2803 1611 2872 τῆς
1666 2799 1975 2871 Ἀρτέμιδος

395 2893 494 2947 καὶ
536 2892 631 2946 τοῦ
675 2894 973 2966 ποιρισμοῦ.
1010 2894 1248 2949 Τοιαῦτα
1290 2896 1402 2965 γάρ
1430 2894 1500 2948 τά
1547 2894 1656 2947 τῶν
1701 2891 1977 2963 ἀγοραίων

394 2984 525 3055 ἢθη,
558 2986 667 3039 ἀπὸ
694 2985 794 3039 τοῦ
837 2987 1094 3057 τυχόντος
1150 2984 1594 3057 συναρπάζεσθαι
1634 2986 1729 3039 καὶ
1758 2983 1976 3037 ἐκκαίε-

396 3078 545 3129 σθαι.
583 3077 647 3129 Ἦ
678 3077 735 3131 δὲ
767 3078 984 3150 κραυγὴ
1013 3080 1197 3141 αὐτοῖς
1235 3078 1482 3147 γέγονεν,
1515 3076 1590 3141 ὡς
1629 3074 1792 3146 δῆθεν
1843 3076 1976 3128 ἀναο

2076 1899 2168 1952 :00
2198 1899 2363 1952 πόθον
2392 1898 2488 1951 κα)⁸
2520 1898 2588 1951 τά
2618 1898 2736 1949 ἐκεῖ
2777 1892 3085 1965 κατώρθου.
3127 1893 3322 1946 Καίτοι
3348 1893 3408 1944 o0
3444 1890 3654 1961 μεγάλη

2075 1990 2224 2044 ἐστὶν
2267 1992 2300 2061 ἡ
2337 1990 2555 2062 Τρωάς,
2603 1988 2656 2042 τί
2695 1986 2789 2043 οῦν
2816 1986 3040 2059 ἡμερῶν
3070 1984 3211 2038 ἑπτὰ
3239 1982 3496 2046 ποιοῦσι;
3540 1983 3655 2035 Με-

2074 2081 2216 2153 γάλη
2243 2076 2312 2153 ἦν
2347 2081 2478 2144 ἴσως
2518 2080 2661 2135 κατὰ
2689 2079 2817 2142 τοὺς
2859 2076 3108 2139 πιστοὺς,
3147 2075 3243 2130 καὶ
3274 2075 3487 2146 ἡμέρας
3515 2074 3657 2125 ἑπτα

2073 2172 2386 2243 διατρίψας,
2430 2174 2497 2242 τῇ
2538 2170 2768 2240 ἐπιούσῃ
2803 2167 2901 2238 τὴν
2933 2168 3104 2222 νύκτα
3138 2168 3417 2238 ἀνήλωσεν
3459 2168 3537 2227 είς
3576 2165 3655 2217 διο

2073 2259 2373 2315 δασκαλίαν
2398 2276 2412 2290 '
2437 2258 2582 2313 οὕτω
2614 2257 3084 2319 δυσαποσπάστως
3108 2254 3289 2309 αὐτῶν
3324 2249 3490 2323 εἶχεν.
3517 2254 3657 2305 Πεν-

2075 2351 2317 2423 τηκοστὴ
2343 2351 2465 2404 τότε
2493 2345 2583 2420 ἦν.
2616 2350 2763 2421 Ὅρα
2792 2350 2910 2413 πῶς
2950 2348 3128 2403 πάντα
3164 2347 3420 2418 πάρεργα
3459 2340 3526 2416 ἦν
3562 2343 3657 2397 τοῦ

2077 2442 2458 2513 κηρύγματος,
2481 2441 2579 2494 καὶ
2607 2439 2864 2512 Κυριακὴ
2884 2435 2974 2511 ἦν,
3015 2458 3033 2491 ι
3062 2440 3223 2510 μέχρι
3243 2436 3653 2507 μεσονυκτίου.»

2076 2536 2265 2606 φησίν.
2313 2534 2447 2587 Ούδέ
2484 2532 2655 2587 νύκτα
2697 2533 2877 2602 ἐσίγα,
2918 2531 3053 2587 ἀλλὰ
3086 2532 3207 2585 τότε
3246 2532 3446 2602 μᾶλλον
3486 2530 3659 2583 διελέ-

2076 2642 2227 2693 γετο,
2268 2626 2366 2679 ἆτε
2413 2624 2646 2696 ἡσυχίας
2680 2622 2867 2695 οῦσης.
2905 2622 3243 2695 Συνετάραξε
3273 2608 3371 2692 τῆν
3411 2619 3601 2691 ἑορτὴν
3630 2620 3660 2672 0

2076 2717 2353 2782 0:06010;,
2392 2715 2663 2786 βαπτίσας
2711 2716 2802 2769 τὸν
2848 2710 3143 2786 ἀκροατὴν
3204 2712 3357 2783 ὕπνῳ
3385 2713 3486 2789 0:11
3526 2727 3660 2765 ):0:-

2078 2806 2337 2877 ενεγκὼν.
2362 2807 2471 2861 Θέα
2499 2825 2587 2878 μοι
2621 2808 2677 2860 δέ
2705 2808 2764 2859 :0
2793 2805 3045 2878 θέατρον,
3072 2805 3187 2865 πῶς
3214 2803 3661 2874 συγκεκροτημέ-

2078 2915 2191 2964 νον,
2214 2898 2306 2952 καὶ
2331 2897 2391 2952 :0
2412 2900 2659 2969 σημεῖον,
2687 2893 2824 2952 οἷον.
2864 2896 2990 2950 Ἐπὶ
3025 2896 3239 2968 θυρίδος
3262 2894 3498 2962 ἐκάθητο
3520 2894 3661 2963 ἀωρὶ

2078 2992 2187 3045 τῶν
2239 2988 2451 3046 νυκτῶν
2487 2989 2763 3063 (τοσοῦτος
2797 2985 2864 3062 ἦν
2904 2992 2932 3043 0
2966 2989 3132 3052 πόθος
3160 2987 3262 3057 τῆς
3301 2984 3660 3056 ἀκροάσεως),

2079 3087 2177 3141 οὐκ
2201 3085 2309 3140 01:0
2345 3085 2620 3157 ῥᾳθυμίας
2652 3083 2968 3150 ἐνύσταξεν,
2996 3083 3113 3139 ἀλλ’
3154 3082 3262 3136 01:0
3293 3082 3392 3149 τῆς
3427 3078 3662 3148 φυσικῆς

398 3167 669 3239 κτώμενοι
698 3169 762 3223 τὸ
793 3170 955 3233 σέϐας
986 3172 1196 3233 αὐτοῖς.
1223 3171 1319 3223 καὶ
1360 3169 1427 3223 τὰ
1462 3168 1807 3238 γεγενημένα
1843 3165 1974 3218 ἀνα·
2004 3159 2053 3217 (ἕ
2080 3177 2349 3243 ἀνάγκης,
2392 3178 2487 3230 καὶ
2518 3175 2690 3239 οὕτως
2718 3175 2867 3239 ἔξεον
2894 3178 2961 3247 τῇ
2993 3173 3293 3245 προθυμία,
3314 3172 3397 3225 ὅτι
3435 3173 3493 3223 ἐν
3540 3187 3663 3241 τριι

393 3262 638 3325 λύοντες,
689 3263 785 3315 καὶ
834 3261 1164 3331 φοϐούμενοι
1219 3263 1294 3331 μὴ
1350 3260 1555 3331 σϐεσθῇ
1603 3260 1667 3312 :0
1723 3256 1976 3326 σέϐασμα

395 3351 594 3416 αὐτῶν,
626 3349 869 3421 συνεχῶς
924 3349 1118 3405 ἐϐόων.
1158 3349 1376 3404 Τούτων
1431 3349 1490 3402 ἐν
1540 3365 1646 3403 τινι
1684 3346 1974 3416 Ἐπιστολῇ

401 3440 675 3509 μέμνηται
714 3440 744 3493 0
802 3440 1149 3505 Ἀπόστολος,
1174 3440 1315 3512 πλὴν
1345 3443 1441 3493 καὶ
1469 3441 1503 3511 ἡ
1546 3438 1740 3508 Γραφὴ
1788 3439 1976 3501 αὐτοῖς

397 3533 696 3603 μαρτυρεῖ,
724 3531 806 3584 0::
835 3531 927 3585 διὰ
949 3531 1050 3603 τὴν
1075 3532 1258 3585 πίστιν
1288 3531 1694 3585 ἐκινδύνευσαν.

468 3628 562 3699 Μὴ
594 3626 779 3681 δοῦναι
807 3626 1001 3681 ἑαυτὸν
1032 3625 1252 3696 άτάκτῳ
1287 3626 1447 3697 δήμῳ
1477 3626 1573 3680 καὶ
1620 3623 1789 3695 ῥύμῃ,
1822 3621 1918 3674 καὶ
1951 3623 1981 3674 6

400 3719 614 3783 Παῦλος
640 3717 889 3772 πείθεται
921 3733 937 3749 °
969 3717 1032 3771 00
1058 3718 1168 3789 709
1196 3714 1266 3789 ἦν
1293 3716 1593 3783 κενόδοξος,
1623 3715 1744 3769 οὐδὲ
1772 3713 1979 3785 φιλότι-

405 3827 505 3882 μος
536 3827 554 3844 υ
583 3809 759 3875 οὕτως
782 3810 945 3863 αὐτὸν
972 3810 1196 3879 ἐφίλουν
1225 3809 1427 3873 πάντες
1455 3810 1505 3861 οί
1538 3808 1739 3862 πιστοί.

472 3901 880 3972 Προεϐάλλοντο
904 3902 955 3954 οί
997 3901 1245 3953 Ἰουδαῖοι
1270 3900 1362 3952 :00
1403 3898 1755 3967 Ἀλέξανδρον
1788 3913 1801 3928 ·
1832 3898 1981 3951 οίκο⁴

400 3992 641 4059 νομικῶς
667 3992 724 4045 δὶ
750 3985 904 4054 00:0;
929 3991 1032 4045 00):
1059 3990 1378 4060 ἐφθέγξατο.
1421 3990 1592 4046 Πάλιν
1618 3990 1675 4043 δὲ
1703 3989 1932 4061 ἔκραζον
1962 4006 1979 4023 ·

409 4103 429 4134 ι
463 4083 690 4153 Μεγάλη
721 4085 753 4154 ἡ
802 4084 1090 4154 Ἄρτεμις,
1122 4100 1140 4135 ι
1190 4083 1417 4153 παιδικῇ
1453 4081 1686 4152 διανοίᾳ,
1726 4082 1987 4152 καθάπερ

404 4176 732 4247 φοϐούμενοι
766 4176 842 4248 μὴ
893 4176 1099 4249 σϐεσθῇ
1151 4176 1213 4230 :0
1265 4176 1433 4239 σέϐας
1484 4174 1690 4239 αὐτῶν,
1742 4174 1982 4244 συνεχῶς

401 4271 565 4323 τοῦτο
600 4268 791 4324 ἐϐόων.
823 4269 929 4323 Δύο
961 4269 1058 4341 ἔτη
1113 4269 1366 4324 ἐκάθισεν
1421 4269 1538 4321 ἐκεῖ
1563 4268 1593 4319 0
1621 4267 1857 4334 Παῦλος,
1888 4265 1983 4319 καὶ

402 4361 505 4429 δρα
531 4359 687 4412 πόσοι
709 4359 790 4413 ἔτι
820 4359 1107 4429 Ἕλληνες.
1140 4360 1295 4425 Τίνος
1321 4360 1380 4414 δὲ
1404 4358 1596 4413 ἕνεκεν
1633 4358 1985 4429 Ἀλέξανδρος

2079 3266 2256 3338 στέγῳ
2284 3262 2426 3337 ἦσαν
2455 3284 2471 3299 ·
2505 3266 2657 3320 οὔπω
2696 3268 2804 3337 γάρ
2840 3263 2908 3338 ἦν
2939 3266 3224 3335 ἐκκλησία.

2146 3358 2264 3415 Ούκ
2302 3353 2479 3425 εἶπεν,
2524 3359 2942 3430 ’Δναστήσεται,
2983 3358 3041 3429 ἦ,
3083 3357 3293 3430 Ἐγερῶ
3328 3357 3513 3421 00:00,
3542 3355 3660 3410 ἀλλ’

2076 3454 2178 3523 091
2222 3452 2284 3505 :0
2317 3451 2532 3520 ἄτυφον
2560 3450 2728 3505 αὐτοῦ
2760 3451 2859 3504 καὶ
2887 3448 3299 3522 παρακλητικόν
3331 3466 3346 3481 ο
3388 3468 3406 3501 ι
3454 3449 3517 3501 Ἦ
3556 3449 3666 3519 γάρ

2075 3541 2225 3612 ψυχὴ
2274 3540 2443 3596 αὐτοῦ
2477 3543 2537 3595 ἐν
2572 3540 2721 3610 αύτῷ
2744 3543 2912 3594 ἐστιν.
2951 3561 2967 3592 ι
3010 3542 3141 3595 ’1δοῦ
3179 3542 3274 3595 καὶ
3316 3539 3530 3605 Παῦλος
3564 3558 3654 3593 νε-

2080 3634 2211 3705 κρὸν
2233 3633 2458 3704 ἤγειρεν
2489 3631 2732 3702 Εῦτυχον
2755 3631 3113 3702 καλούμενον.

2152 3726 2311 3789 Τίνος
2332 3726 2521 3780 ἕνεκεν
2545 3729 2605 3779 ἐν
2624 3726 2780 3779 νυκτὶ
2814 3726 3083 3793 διελέγετο
3104 3743 3120 3792 ;
3152 3726 3420 3797 ’Πμελλεν
3442 3726 3663 3792 ἐξιέναι,

2082 3815 2241 3886 φησί.
2274 3815 2349 3868 T0
2379 3816 2478 3885 μὲν
2510 3815 2839 3885 κουφότερον
2874 3814 3103 3877 ἐκείνοις
3135 3816 3471 3885 ἐπιτρέπων,
3520 3817 3578 3869 :0
3606 3815 3665 3870 δὲ

2080 3905 2482 3980 ἐπιπονώτερον
2512 3907 2675 3972 αὐτὸς
2700 3907 3044 3979 αἱρούμενος,
3077 3908 3335 3972 ἐπέζευεν
3364 3923 3379 3937 ·
3412 3907 3547 3960 ἀλλά
3571 3907 3665 3960 καὶ

2083 3999 2256 4054 πολλὰ
2283 3999 2663 4069 οίκονομικῶς,
2705 3998 2979 4053 παιδεύων
3022 4016 3081 4051 τε
3111 3998 3308 4061 αὐτοὺς
3331 3998 3664 4069 χωρίζεσθαι

2081 4089 2271 4145 αὐτοῦ.
2309 4090 2455 4162 Ὅρα
2480 4088 2574 4143 καὶ
2605 4088 2961 4161 ἀνθρωπίνως
2995 4087 3155 4141 00:00
3194 4088 3532 4157 κινούμενον.
3565 4089 3666 4142 Διά

2082 4181 2194 4253 γάρ
2250 4179 2410 4235 τοῦτο
2463 4181 2637 4235 ταῦτα
2680 4181 2914 4250 γίνεται,
2950 4178 3038 4233 ἴνα
3072 4179 3147 4251 μὴ
3204 4179 3519 4250 νομίσωσιν,
3578 4179 3663 4232 ὅτι

2084 4276 2225 4343 ὑπὲρ
2283 4275 2383 4339 τὴν
2443 4272 2606 4341 φύσιν
2652 4273 2749 4344 τὴν
2779 4272 3129 4342 ἀνθρωπίνην
3176 4265 3265 4343 ἦν,
3327 4269 3422 4323 καὶ
3477 4269 3665 4321 ἐπιθυ-

2088 4366 2314 4436 μοῦντά.
2377 4363 2541 4434 Ὁρᾷς
2574 4362 2736 4416 00:00
2763 4362 2857 4415 καὶ
2891 4360 3214 4422 σπεύδοντα,
3248 4361 3344 4413 καὶ
3388 4358 3489 4411 οὐκ
3542 4358 3665 4410 ἐπι-

402 4451 1152 4543 ἐϐούλετοίάπολογετσοαω
1206 4453 1297 4523 Μὴ
1324 4453 1434 4525 γὰρ
1485 4452 1650 4515 αὐτὸς
1704 4450 1979 4519 ἀνεκλήθη
2016 4457 2423 4543 υτυγχάνοντα
2470 4454 2769 4519 πολλάκις;
2811 4454 2873 4506 Οἱ
2924 4452 3035 4522 γάρ
3089 4450 3236 4520 ἅγιοι
3282 4451 3377 4504 καὶ
3440 4448 3668 4520 μεγάλοι

404 4540 468 4616 [Ῑ.
496 4542 742 4614 ἐνεκλ.];
777 4545 943 4597 Ὥστε
972 4544 1164 4615 καιρὸν
1210 4546 1413 4615 εὑρεῖν,
1448 4545 1543 4597 καὶ
1572 4543 1636 4597 :0
1669 4544 1779 4597 πᾶν
1812 4557 1976 4596 κατα-

405 4629 658 4698 στρέψαι,
690 4629 785 4682 καὶ
815 4629 1040 4684 ἑλκύσαι
1062 4631 1154 4685 τὸν
1185 4631 1358 4703 θυμὸν
1385 4633 1480 4687 τοῦ
1520 4633 1716 4704 δήμου.

485 4738 505 4771 ι
541 4720 856 4791 Νεωκόρον,
896 4740 915 4773 )
954 4722 1077 4775 ἀντὶ
1110 4724 1227 4788 τοῦ,
1264 4725 1583 4795 ίερόδουλον.
1612 4725 1847 4796 Κόρημα
1873 4725 1981 4793 γάρ

405 4809 522 4863 ἐστι
547 4811 609 4864 :0
640 4814 807 4883 00900
849 4810 912 4884 [f.
962 4812 1213 4885 009000],
1258 4816 1352 4883 ἀφ’
1399 4809 1459 4871 οὗ
1502 4817 1596 4869 καὶ
1623 4816 1913 4884 νεωκόρος,
1954 4817 1982 4868 0

405 4902 497 4953 :00
524 4902 662 4957 νεὼν
689 4904 870 4975 κορῶν
902 4906 996 4959 καὶ
1021 4906 1227 4977 σαρῶν.
1264 4907 1338 4959 T0
1372 4906 1432 4971 ἐξ
1452 4906 1684 4978 ούρανοῦ
1711 4908 1862 4979 παρά
1886 4907 1982 4961 τοῦ

405 4994 529 5056 Διὸς
584 4997 856 5066 πεμφθὲν,
917 4998 1037 5067 11:0:
1071 5000 1382 5065 καταπτάν,
1432 4999 1529 5054 καὶ
1567 5001 1632 5053 ού
1686 5001 1981 5071 γενόμενον

408 5081 514 5134 01:0
554 5084 844 5154 ἀνθρώπου
872 5085 1110 5155 ἄγαλμα.
1155 5088 1367 5158 Ἠρέμα
1401 5088 1742 5143 καθάπτεται
1779 5090 1978 5154 αύτῶν,

406 5172 622 5237 δεικνὺς
644 5174 726 5228 0::
750 5176 1048 5244 ἀλογίστως
1076 5178 1327 5248 συνῆλθε,
1355 5182 1449 5232 καὶ
1475 5181 1841 5251 προτρέπεται
1875 5198 1980 5251 μη-

405 5263 495 5318 δέν
522 5267 794 5336 προπετὲς
825 5268 1106 5338 πράττειν,
1135 5268 1352 5334 δεικνῦς
1383 5272 1464 5324 0::
1494 5273 1780 5341 προπετῶς
1808 5272 1982 5343 ἔπρα-

407 5356 531 5422 ξαν,
592 5358 685 5411 καὶ
733 5358 835 5411 οὐκ
867 5360 975 5412 εδει
1026 5360 1310 5415 ἰδιωτικῶν
1367 5364 1726 5433 ἐγκλημάτων
1789 5365 1976 5417 ἒνεκεν

403 5448 597 5519 ⁸κοινὴν
643 5450 943 5520 ἐκκλησίαν
985 5454 1273 5510 ποιεῖσθαι.
1305 5450 1459 5518 Εἶδος
1499 5452 1568 5526 ἦν
1601 5456 1869 5511 δικαστῶν
1922 5459 1980 5509 ἐν

402 5540 475 5608 τῇ
511 5539 670 5609 Ἀσία
692 5539 926 5592 εὐτελῶν
955 5541 1004 5593 οί
1051 5542 1320 5611 ἀγοραῖοι,
1355 5543 1548 5604 οἵτινες
1583 5541 1831 5606 ἐδίκαζον
1866 5544 1979 5603 τοῖς

404 5630 618 5698 πένησι,
652 5630 747 5683 καὶ
772 5630 1053 5701 ἀγοραίοις
1087 5631 1395 5701 ἀνθρώποις
1432 5650 1445 5663 ο
1478 5633 1558 5686 διὸ
1600 5634 1696 5688 καὶ
1734 5634 1978 5703 ἀγοραῖοι

408 5721 725 5788 καλοῦνται,
783 5720 972 5794 ὥσπερ
1010 5724 1148 5779 εἰσὶν
1178 5724 1379 5779 ἔκδικοι
1410 5724 1547 5780 κατὰ
1583 5726 1767 5791 πόλεις
1802 5726 1974 5790 τινάς.
2010 5730 2015 5735 ’

2082 4550 2273 4619 ἄνδρες
2332 4547 2529 4600 ἐκεῖνοι
2579 4544 2680 4614 τῆς
2741 4546 2838 4614 μὲν
2903 4542 3117 4613 φύσεως
3160 4542 3291 4612 ἡμῖν
3345 4541 3443 4610 τῆς
3497 4541 3667 4610 αὐτῆς

2083 4636 2424 4704 ἐκοινώνουν,
2462 4637 2562 4707 τῆς
2612 4634 3088 4706 δὲ’προαιρέσεως
3130 4633 3229 4686 οὐκ
3277 4633 3359 4687 ἔτι
3390 4648 3407 4664 °
3447 4633 3528 4687 0:0
3570 4633 3667 4686 καὶ

2086 4730 2288 4800 πολλὴν
2324 4728 2644 4782 ἐπεσπῶντο
2674 4729 2775 4799 τὴν
2810 4729 2991 4799 χάριν.
3025 4727 3170 4798 Ὅρα
3197 4725 3361 4779 00:00
3402 4726 3498 4778 καὶ
3526 4725 3666 4778 ἐπειο

2084 4822 2316 4892 γόμενον
2340 4820 2747 4891 παραπλεῦσαι,
2783 4822 2877 4874 καὶ
2916 4818 2991 4891 μὴ
3024 4817 3375 4890 παρορῶντα,
3408 4816 3543 4873 ἀλλά
3574 4818 3667 4869 καὶ

2082 4916 2143 4967 :0
2174 4914 2285 4967 πᾶν
2314 4910 2721 4981 οἰκονομοῦντα,
2754 4912 2879 4974 τοὺς
2920 4911 3191 4982 ἄρχοντας
3233 4906 3667 4979 μεταπεμψάμε-

2082 5022 2172 5067 νος
2205 5004 2275 5058 δι’
2301 5004 2526 5057 ἐκείνων
2550 5001 2734 5064 αὐτοῖς
2761 5001 3029 5073 διελέχθη.
3064 5002 3247 5069 ’Ἄξιον
3272 5002 3327 5055 δὲ
3363 4999 3664 5067 θαυμάσαι,

2084 5096 2204 5160 πῶς
2242 5097 2322 5160 είς
2373 5096 2622 5166 ἀνάγκην
2673 5094 2928 5164 ἐμπεσὼν
2975 5095 3069 5148 τοῦ
3109 5093 3320 5165 μεγάλα
3378 5088 3500 5143 τινὰ
3534 5086 3663 5156 περὶ

2081 5184 2278 5239 ἑαυτοῦ
2311 5183 2482 5238 εἰπὼν
2620 5180 2844 5254 εἰπεῖν],
2879 5186 3135 5255 πειρᾶται
3184 5175 3520 5250 μετριάζειν,
3559 5192 3659 5227 κα·

2086 5275 2266 5345 θάπερ
2293 5273 2548 5345 Σαμουὴλ
2568 5276 2596 5328 0
2623 5274 2909 5345 προφήτης
2949 5273 3157 5345 μέλλων
3182 5266 3535 5339 παραδιδόναι
3565 5264 3665 5334 τὴν

2085 5365 2264 5437 ἀρχὴν
2293 5366 2370 5435 τῷ
2412 5363 2608 5418 Σαούλ.

2154 5457 2267 5525 Οὐχ
2293 5454 2502 5517 ἁπλῶς,
2537 5455 2674 5525 μετά
2705 5448 3220 5518 ταπεινοφροσύνης,
3253 5445 3412 5507 άλλὶ,
3452 5463 3469 5495 ι
3524 5444 3662 5513 μετά

2084 5544 2286 5614 πάσης.
2332 5561 2350 5594 )
2420 5543 2599 5596 Πολλά
2656 5542 2763 5608 γὰρ
2813 5538 2926 5606 εἴδη
2963 5538 3064 5606 τῆς
3106 5535 3610 5607 ταπεινοφροσύνης
3642 5547 3658 5564 ·

2081 5640 2139 5689 ἐν
2158 5635 2324 5705 λόγῳ,
2360 5634 2495 5703 πρὸς
2525 5633 2814 5703 ἄρχοντας,
2852 5630 2987 5699 1:90;
3029 5628 3363 5701 ἀρχομένους
3398 5644 3412 5659 ο
3448 5622 3567 5680 εἷτα
3599 5625 3658 5679 τὸ

2083 5727 2296 5797 ἥμερον
2342 5721 2618 5791 πανταχοῦ
2646 5737 2659 5754 ν
2702 5722 2950 5775 κοινωνία
2994 5722 3164 5792 πολλή
3191 5737 3204 5751 ’
3255 5740 3272 5774 ι
3305 5720 3445 5777 Μεθ’
3480 5718 3658 5791 ὑμῶν,
