4058 6210
401 280 536 344 1119

1315 281 1411 340 ΙἮ
1423 281 1850 342 ΕΟΡΗΥΕΑΕΤ
1863 284 1882 341 [
1932 281 2027 341 BU
2041 282 2337 341 LGARHi
2407 280 2768 340 ARCHIEP.

3505 285 3640 362 11:0

403 393 653 446 κοινωνεῖ
673 391 759 444 τὸν
780 389 957 456 λόγον,
977 387 1224 457 ἐπάγων·
1271 409 1289 439 ι
1315 392 1496 455 καθὼς
1517 394 1716 456 πάντες
1744 395 1928 462 ὑμεῖς·
1955 415 1972 446 ι
2011 399 2050 452 Λ
2084 393 2243 462 ζῆλος
2277 395 2463 456 πολὺς,
2491 394 2585 446 καὶ
2615 394 2664 445 οί
2695 393 2965 464 μάρτυρες
2993 391 3092 462 τῆς
3113 392 3366 464 ἀληθείας
3397 395 3489 448 τοῦ
3518 399 3645 468 Χρι⁹

403 488 500 540 καὶ
523 485 792 538 δείκνυσιν
824 482 1020 543 αὐτοὺς
1058 483 1157 534 ούκ
1183 482 1507 554 ἀνθρωπίνῳ
1542 485 1730 555 σκοπῷ
1761 487 1976 540 amo-3v,

397 594 518 638 τας,
543 573 678 628 ἀλλὰ
710 572 858 641 ζήλῳ
898 570 1048 640 θείῳ.

475 668 619 736 ’Ὅρα
654 664 851 723 πόσους
892 663 1086 729 ἐπάγει
1122 662 1427 735 μάρτυρας,
1465 665 1526 717 τὸ
1556 667 1974 738 πρεσϐυτέριον,

400 762 493 812 τὸν
543 755 823 827 ἀρχιερέα,
880 756 1005 816 τοὺς
1057 756 1114 806 ἐν
1155 757 1220 825 τῇ
1257 757 1442 809 πόλειο
1475 760 1509 826 ἡ
1558 761 1665 828 γάρ
1713 761 1976 827 ἀπολογία

400 848 566 903 αὑτοῦ
626 847 687 899 οὑ
732 846 936 908 δειλίας
966 841 1055 914 ῆν,
1085 845 1222 900 ἀλλά
1243 847 1596 912 διδασκαλίας
1639 852 1734 903 καὶ
1767 853 1974 920 καυχή-

403 957 560 1003 σεως.
598 939 694 1001 Τίς
726 939 758 1007 ἠ
788 937 1054 1005 διαφωνία
1092 939 1201 991 τῶν
1229 941 1287 992 ἐν
1328 944 1448 1003 ταῖς
1496 943 1732 1012 Πράξεσι
1780 947 1978 1012 ἀναγε-

400 1030 739 1100 γραμμένων
787 1030 844 1081 ἐν
896 1032 962 1100 τῇ
998 1029 1139 1082 κατά
1187 1031 1276 1083 τὸν
1315 1033 1526 1086 Παῦλον
1569 1017 1841 1105 όπτασίᾳ;
1887 1037 1978 1090 Ἐν

402 1124 500 1190 μὲν
534 1121 641 1190 γὰρ
676 1123 741 1189 τῇ
773 1121 916 1172 κατά
946 1120 1044 1189 τὴν
1082 1121 1198 1174 ὁδὸν
1234 1121 1474 1194 ὀπτασίᾳ
1538 1125 1743 1195 ἱστορεῖ
1781 1126 1808 1177 ό
1839 1129 1977 1179 Λου-

399 1217 502 1278 κᾶς
545 1214 672 1274 τοὺς
704 1213 820 1282 μετ’
848 1213 1011 1265 αὑτοῦ
1044 1212 1204 1275 ὄντας
1259 1213 1360 1281 τῆς
1389 1215 1572 1282 φωνῆς
1599 1216 1696 1284 μὲν
1724 1217 1974 1284 ἀκοῦσαι,

404 1307 607 1375 μηδένα
630 1305 688 1358 δὲ
725 1305 997 1375 θεωρῆσαι
1023 1322 1038 1336 ο
1067 1304 1300 1358 ἐνταῦθα
1327 1305 1383 1358 δὲ
1416 1306 1561 1374 λέγει
1595 1307 1811 1360 ἐπὶτῶν
1843 1309 1976 1361 ἀνα-

400 1396 627 1465 ϐαθμῶν
649 1398 777 1459 τοὺς
813 1396 933 1464 μετ’
959 1395 1126 1449 αὑτοῦ
1179 1396 1364 1462 ὄντας,
1397 1397 1458 1450 τὺ
1499 1398 1598 1467 μὲν
1632 1399 1746 1466 φῶς
1786 1400 1978 1453 τεθεά-

401 1488 548 1550 σθαι,
573 1489 671 1556 τὴν
696 1489 751 1540 δέ
775 1488 958 1558 φωνὴν
991 1489 1083 1542 τοῦ
1110 1487 1398 1553 λαλοῦντος
1429 1491 1503 1562 μὴ
1533 1491 1785 1547 ἀκοῦσαι.
1825 1493 1979 1546 Κατὰ

405 1581 505 1646 μὲν
534 1579 632 1647 τὴν
661 1579 903 1648 ἱστορίαν
946 1581 975 1632 ό
1007 1581 1394 1653 Χρυσόστομος
1429 1585 1570 1636 πάνυ
1599 1585 1979 1654 ἐπιστημόνως

2081 487 2226 540 στοῦ.
2262 487 2375 551 Οὐκ
2403 487 2694 556 ἠνέσχοντο
2719 485 2901 538 λοιπὸν
2931 486 2980 537 οί
3017 486 3255 539 Ἰουδαῖοι
3282 488 3458 559 πάσης
3488 491 3642 543 ἀκοῦ-

2081 594 2170 629 σαι
2219 579 2316 646 τῆς
2369 578 2730 648 δημηγορίας,
2784 577 2899 630 ἀλλ’
2938 578 3042 630 ὑπὸ
3087 577 3180 631 τοῦ
3227 579 3400 649 θυμοῦ
3446 584 3648 655 σφόδρα

2079 667 2482 736 ἐμπλησθέντες
2540 669 2942 738 ἐϐλασφήμουν.
2995 670 3170 740 Ὅρα,
3228 671 3345 734 πῶς
3395 673 3506 726 ἀνω
3557 679 3648 728 κα’ί

2081 757 2230 810 κάτω
2254 758 2633 829 διισχυρίζετο,
2664 760 2745 812 ὅτι
2777 759 2871 812 τοῦ
2896 759 3129 830 Χριστοῦ
3153 762 3346 829 γέγονε
3381 764 3646 836 μαθητὴς.

2079 851 2179 902 οὑκ
2233 850 2520 920 ἀνθρώπου
2571 851 3010 921 μεσιτεύσαντος,
3059 851 3173 904 ἀλλ’
3213 853 3376 906 αὑτοῦ
3427 854 3494 907 δι’
3524 858 3633 909 ἐσυ-

2080 943 2174 995 τοῦ
2230 943 2667 1010 καταξιώσαντος
2717 943 3068 1014 ἀποκαλύψαι
3111 944 3260 1014 αὐτῷ
3307 945 3406 1016 τὴν
3453 947 3650 1014 γνῶσιν

2081 1036 2282 1088 πᾶσαν.

2159 1126 2269 1178 Καὶ
2304 1126 2411 1196 μὴν
2437 1126 2568 1196 παρ’
2603 1127 2825 1180 ἐκείνων
2870 1127 2976 1180 ἔδει
3019 1129 3235 1198 μαθεῖν,
3273 1129 3328 1182 εί
3356 1148 3498 1193 τινος
3545 1134 3652 1185 τῶν

2081 1216 2386 1287 είρημένων
2416 1217 2760 1280 ἐπελάϐοντο,
2788 1219 2902 1271 ἀλλ’
2935 1219 3119 1282 ἁπλῶς
3153 1224 3216 1290 τῇ
3250 1221 3466 1295 ἐξουσίᾳ
3497 1229 3652 1296 χαρί-

2085 1309 2258 1373 ζεται,
2285 1307 2378 1360 καὶ
2414 1308 2643 1371 ἐκείνοις
2681 1309 2818 1382 πρὸς
2847 1312 3006 1381 χάριν
3052 1315 3211 1365 ποιεῖ.
3238 1314 3310 1364 Οὔ
3350 1315 3457 1386 γὰρ
3495 1314 3654 1369 τοῦτο

2082 1398 2263 1469 ἐζήτει
2293 1400 2431 1468 ὅπερ
2461 1401 2685 1463 δικαίως
2717 1419 2766 1453 τι
2823 1401 3103 1471 πράξειεν,
3147 1405 3264 1458 ἀλλ’
3301 1407 3450 1470 ὅπως
3505 1408 3652 1461 παύ-

2083 1506 2192 1542 σειε
2216 1489 2322 1542 τῶν
2344 1488 2408 1561 [ξ.
2425 1488 2540 1562 τὸν]
2577 1490 2805 1544 ἐκείνων
2841 1491 3014 1562 θυμὸν
3038 1493 3224 1546 ἄδικον
3253 1495 3402 1550 ὄντα.

2153 1582 2218 1634 Τί
2248 1581 2502 1653 δήποτεὸ
2548 1583 2845 1647 ἀπόστολος
2889 1585 3098 1648 Παῦλος
3140 1587 3412 1657 Ῥωμαῖον
3458 1591 3653 1644 ἑαυτὸν

401 1669 746 1739 ἑρμηνεύσας
787 1671 878 1722 τὶν
911 1672 1092 1735 τόπον,
1137 1672 1263 1742 ἔφη,
1309 1674 1389 1725 ὅτι
1425 1673 1616 1745 πρώτη
1653 1676 1914 1745 ἐξήγησις
1949 1679 1975 1747 η
2013 1745 2051 1752 _
2081 1673 2368 1737 ἀποκαλεῖ,
2404 1674 2496 1726 καὶ
2529 1675 2668 1745 πρὸς
2697 1675 2790 1728 τὸν
2817 1674 3093 1747 χιλίαρχον
3115 1677 3491 1748 διαλεγόμενος
3523 1684 3647 1752 ἔφη,

400 1761 659 1827 λέγουσα,
691 1762 804 1830 Τῆς
837 1762 1017 1830 φωνῆς
1041 1762 1241 1832 ῆκουον
1271 1766 1318 1816 οἱ
1352 1765 1621 1831 συνόντες,
1644 1769 1743 1835 τῆς
1765 1745 1978 1821 Παύλου
2011 1745 2056 1802 Β
2087 1768 2166 1818 ὅτι
2205 1764 2234 1817 ἰ
2293 1765 2434 1835 Ἐγὼ
2481 1765 2538 1818 δέ
2594 1765 2689 1820 καὶ
2719 1745 3088 1837 γεγέννημαι;
3125 1788 3144 1820 ι
3181 1745 3522 1842 [ΜΔΞξΙΜΟΥ

402 1852 608 1920 φωνῆς,
656 1851 825 1918 λέγει,
867 1869 885 1902 ι
918 1851 1040 1922 Τίςξ
1066 1846 1138 1916 εἴ,
1188 1853 1394 1921 Κύριε;
1431 1875 1448 1906 ι
1483 1857 1706 1910 ἀκούειν
1755 1860 1975 1924 αὐτοὺς,

401 1944 593 1997 οὐδένα
643 1944 699 1997 δὲ
751 1944 1000 2008 ἔϐλεπον,
1052 1945 1101 1998 εί
1155 1947 1228 2016 μὴ
1269 1946 1500 2000 Παῦλον.
1541 1949 1604 2000 Ἦ
1657 1950 1713 2002 δὲ
1747 1951 1976 2022 δευτέρα

401 2031 660 2102 ἐξήγησις
701 2034 734 2102 ἡ
768 2034 1022 2102 λέγουσα,
1047 2035 1107 2087 τὸ
1137 2036 1235 2104 μέν
1277 2036 1392 2103 φῶς
1440 2035 1755 2102 τεθεᾶσθαι,
1791 2039 1890 2108 τὴν
1919 2041 1976 2094 δὲ

403 2127 588 2198 φωνὴν
629 2128 724 2181 τοῦ
778 2129 1065 2194 λαλοῦντος
1097 2132 1170 2201 μὴ
1220 2132 1537 2200 ἀκηκοέναι,
1571 2134 1772 2200 φωνῆς,
1804 2133 1975 2200 λέγει,

399 2220 496 2287 τῆς
563 2219 656 2272 τοῦ
721 2222 930 2291 Κυρίου
987 2223 1124 2293 πρὸς
1170 2223 1262 2276 τὸν
1322 2223 1532 2277 Παῦλον
1578 2223 1974 2293 γεγενημένης,

403 2311 564 2380 μόνον
585 2311 642 2364 δέ
679 2311 739 2364 τὸ
766 2312 884 2380 φῶς
911 2312 1225 2367 τεθεᾶσθαι.
1259 2314 1498 2370 Εἰκότως
1534 2313 1693 2367 τοῦτο
1725 2313 1936 2381 ἐγίνετο
1956 2332 1972 2348 ο

400 2403 564 2456 αὑτὸν
593 2404 702 2478 γάρ
733 2403 841 2458 ἔδει
872 2405 970 2474 τῆς
997 2407 1179 2477 φωνῆς
1210 2408 1612 2478 καταξιωθῆναι
1645 2407 1803 2476 μόνον
1836 2409 1978 2463 ἐκεί-

398 2510 528 2563 νης’
570 2495 619 2546 εί
650 2477 749 2562 μὲν
779 2495 888 2565 γὰρ
925 2497 1169 2566 ἥκουσαν
1198 2500 1462 2563 κάκεῖνοι,
1495 2502 1596 2552 οὑκ
1624 2499 1688 2554 ἂν
1720 2501 1975 2555 τοσοῦτον

397 2587 646 2650 ἐγένοντο
702 2586 974 2656 βελτίους;
1012 2589 1231 2659 Ἐπειδὴ
1261 2591 1369 2662 γάρ
1409 2593 1457 2644 οἱ
1492 2592 1812 2662 παχύτεροι,
1853 2593 1973 2653 ὕψει

397 2677 676 2730 πείθονται
712 2678 936 2748 μᾶλλον,
973 2679 1034 2732 τὸ
1057 2681 1174 2750 φῶς
1195 2678 1334 2736 εἶδον
1364 2685 1583 2747 ἐκεῖνοι,
1620 2686 1715 2738 καὶ
1743 2686 1974 2756 ἔμφοϐοι

397 2763 676 2834 γίνονται·
739 2770 835 2822 καὶ
897 2769 1006 2840 γὰρ
1064 2770 1352 2842 ἐπήρωσεν
1408 2774 1576 2828 αὑτοῦ
1637 2776 1738 2840 τὰς
1797 2777 1970 2846 ὄψεις,

397 2858 672 2922 κάκείνοις
720 2860 923 2914 ἔδωκεν
975 2863 1274 2934 ἀναϐλέψαι
1326 2867 1380 2918 εί
1420 2883 1484 2934 γε
1534 2867 1745 2938 ἤθελον.
1816 2870 1983 2939 Ἐμοὶι

394 2946 542 3002 δοκεῖ
569 2950 810 3014 ἐκείνους
840 2954 914 3024 μὴ
941 2955 1228 3009 πιστεῦσαι
1257 2957 1636 3028 οίκονομικῶς,
1664 2960 1804 3014 ὥστε
1833 2955 1978 3014 εἶναι

399 3038 682 3109 μάρτυρας
718 3042 1088 3110 ἀξιοπίστους.-

467 3128 662 3192 Καλῶς
704 3127 850 3194 εἷπε,
889 3153 906 3185 ι
935 3135 1043 3188 τῶν
1101 3139 1374 3210 πατέρων,
1409 3159 1427 3192 ι
1477 3140 1565 3195 ἵνα
1597 3140 1744 3212 δείξῃ
1779 3144 1976 3207 αὑτοὺς

397 3219 500 3270 οὑκ
546 3219 706 3281 ὄντας
733 3219 1051 3290 Ἰουδαίους,
1099 3226 1236 3281 ἀλλά
1296 3229 1611 3299 ἀλλοτρίους
1649 3232 1746 3283 τοῦ
1786 3232 1974 3300 νόμου,

400 3310 496 3362 καὶ
527 3311 648 3381 οὐχὶ
689 3310 1133 3380 ζηλοποιοῦντας.
1170 3334 1196 3368 «-
1225 3317 1454 3382 Γνῶναι,
1497 3319 1651 3388 φησὶ,
1679 3319 1740 3372 τὸ
1765 3321 1976 3392 θέλημα

395 3401 585 3457 αὑτοῦ.
619 3401 827 3456 Οὐκοῦν
865 3403 1027 3457 αὑτοῦ
1065 3405 1126 3458 τὸ
1177 3407 1386 3480 θέλημα
1431 3408 1607 3466 τοῦτο.
1654 3413 1818 3483 Ὀρα,
1859 3416 1976 3479 πῶς

396 3491 456 3543 ἐν
486 3490 636 3556 τάξει
661 3491 965 3562 διηγήσεως
987 3493 1303 3551 διδασκαλία
1340 3499 1489 3552 ἐστίν

479 3582 746 3636 Ἐνταῦθα
792 3585 932 3654 μέγα
974 3585 1310 3654 ἐφθέγξατο,
1348 3590 1538 3659 εἰπὼν,
1581 3610 1600 3644 ι
1639 3594 1972 3650 ἐπικαλεσά-

401 3689 562 3742 μενος
587 3673 648 3726 τὺ
691 3675 863 3744 δνομα
903 3675 997 3730 τοῦ
1025 3679 1255 3749 Κυρίου,
1289 3697 1308 3731 ι
1342 3680 1615 3736 δείκνυσιν
1644 3685 1806 3739 αὑτὸν
1839 3687 1972 3740 Θεὸν

396 3765 558 3817 δνταο
592 3765 651 3819 οὐ
683 3765 791 3838 γὰρ
825 3767 902 3820 ἔνι
931 3767 1118 3839 ἕτερον
1165 3770 1594 3828 ἐπικαλέσασθαί
1630 3793 1774 3843 τινα,
1813 3779 1861 3830 εί
1894 3778 1972 3850 μὴ

395 3853 489 3906 τὸν
520 3854 675 3908 Θεόν.
1265 3913 1270 3918 ,

463 3944 606 4016 Ὅρα
640 3945 756 4010 πῶς
787 3947 977 4002 ἐαυτὸν
995 3946 1480 4019 εἰσωθεῖ..*Ηλθον,
1519 3957 1676 4023 φησὶ,
1709 3960 1844 4026 μετά
1871 3959 1972 4032 τὴν

391 4033 514 4102 ὄψιν
541 4035 758 4105 ἐκείνην
794 4037 874 4099 είς
907 4036 1287 4110 Ἰερουσαλήμ.
1325 4043 1492 4096 Πάλιν
1523 4045 1681 4099 τοῦτο
1717 4047 1968 4118 ἀμάρτυ-

396 4140 520 4193 ρονο
573 4125 690 4178 ἀλλ’
749 4126 892 4196 ὅρα,
949 4127 1058 4181 ἀπὸ
1105 4129 1204 4199 τῆς
1259 4132 1540 4198 ἐκϐάσεως
1583 4138 1616 4206 ἡ
1673 4140 1965 4210 μαρτυρία.

394 4212 580 4281 Εἶπεν,
605 4217 685 4270 ὅτι
729 4235 748 4268 ι
775 4218 848 4270 Ού
892 4218 1133 4283 δέξονταί
1178 4239 1272 4275 σου
1311 4224 1411 4293 τὴν
1446 4230 1775 4297 μαρτυρίαν,
1817 4250 1836 4282 ι
1871 4233 1970 4285 καὶ

388 4309 490 4360 οὐκ
520 4307 786 4373 ἐδέξαντο.
818 4310 929 4363 Καὶ
975 4311 1101 4381 μὴν,
1141 4314 1325 4384 φησὶν,
1362 4316 1478 4385 εἴγε
1527 4320 1634 4373 ἀπὸ
1681 4320 1961 4392 λογισμῶν

2087 1856 2225 1909 ΤΩΝ
2263 1856 2450 1928 Α.....]
2481 1859 2544 1910 Οί
2588 1858 2730 1910 κατὰ
2759 1859 2938 1911 πᾶσαν
2986 1857 3168 1931 χώραν
3209 1861 3285 1925 ὡς
3315 1863 3375 1932 δή
3425 1881 3475 1916 τι
3509 1867 3651 1932 μέγα

2087 1947 2149 1999 τὸ
2193 1948 2452 2017 Ῥωμαῖοι
2506 1949 2786 2003 καλεῖσθαι
2838 1953 3168 2024 ἐνομίζοντο,
3214 1957 3535 2025 παρέχοντες
3565 1959 3650 2010 δό-

2090 2055 2225 2103 σεις,
2257 2039 2635 2110 ἀπεγράφοντο
2680 2041 2936 2112 Ῥωμαῖοι
2965 2045 3057 2097 καὶ
3107 2045 3326 2116 ἔτρεχον
3356 2051 3434 2110 είς
3469 2049 3530 2100 τὸ
3558 2050 3651 2102 τοῦ

2086 2129 2279 2195 γένους
2310 2129 2501 2200 ὄνομα.
2543 2132 2760 2204 Ἐπειδὴ
2795 2133 2889 2189 οὖν
2938 2136 3033 2190 καὶ
3073 2138 3123 2190 οἱ
3147 2140 3322 2204 γονεῖς
3367 2141 3457 2192 τοῦ
3489 2143 3651 2194 Ἀπο-

2087 2222 2272 2275 στόλου
2292 2223 2443 2286 ὄντες
2471 2225 2528 2277 ἐν
2545 2226 2743 2297 Ταρσῷ
2769 2227 3167 2300 ἀπεγράφησαν
3189 2233 3266 2294 είς
3287 2231 3347 2284 τὸ
3371 2233 3651 2290 καλεῖσθαι

2099 2309 2382 2380 Ῥωμαῖοι,
2426 2313 2652 2379 εἰκότως
2681 2317 2708 2367 6
2753 2316 3095 2384 Ἀπόστολος,
3125 2319 3201 2384 ὡς
3225 2318 3284 2385 ἐξ
3322 2323 3501 2374 αὑτῶν
3529 2341 3652 2391 γεν-

2087 2402 2290 2472 νηθεὶς,
2320 2405 2489 2472 λέγει,
2519 2406 2605 2460 ὅτι
2636 2425 2656 2458 ι
2700 2407 2841 2476 Ἐγὼ
2879 2410 2936 2462 δὲ
2964 2413 3057 2464 καὶ
3090 2413 3446 2483 γεγέννημαι.
3477 2435 3497 2467 ι
3540 2418 3650 2470 Ούκ

2081 2493 2147 2546 ἂν
2177 2495 2442 2563 ἐψεύσατο
2467 2497 2696 2563 Παῦλος,
2722 2499 2795 2569 μὴ
2834 2501 3046 2569 γένοιτο
3069 2503 3086 2556 ί-
3122 2501 3496 2578 [ΙΩΑΝΝΟΥ.]
3525 2509 3651 2561 Ῥω-

2088 2589 2248 2656 μαῖος
2276 2590 2387 2658 γὰρ
2431 2584 2521 2660 ἦν,
2567 2593 2615 2644 εί
2648 2592 2746 2645 καὶ
2792 2594 2959 2664 μηδὲν
2987 2595 3175 2666 ἕτερον
3224 2598 3427 2652 ἔδεισεν
3473 2599 3539 2652 ἂν
3575 2601 3649 2670 μὴ

2087 2678 2200 2748 ἁλῷ
2249 2681 2345 2760 καὶ
2391 2682 2614 2750 μείζονα
2666 2683 2824 2755 δίκην
2855 2685 2951 2756 δῷ.
3005 2689 3075 2741 Ἦ
3116 2690 3213 2759 οὐχ
3247 2691 3432 2754 ἁπλῶς
3474 2693 3649 2760 ἀφῆκε

2084 2757 2289 2839 ταύτην
2313 2770 2410 2842 τὴν
2444 2773 2650 2840 φωνὴν,
2677 2772 2811 2828 ἀλλά
2834 2775 3080 2845 βασάνων
3108 2757 3297 2832 ἐαυτὸν
3331 2757 3650 2853 ἐξαιρούμε-

2086 2877 2196 2924 νος,
2226 2862 2322 2915 καὶ
2373 2862 2465 2914 τὸν
2497 2863 2732 2934 ἄρχοντα
2762 2865 3159 2937 δεδιττόμενος.¹
3186 2871 3301 2924 Καὶ
3324 2871 3423 2944 οὐχ
3465 2874 3649 2936 ἁπλῶς

2083 2969 2272 3023 φησιν,
2300 2953 2438 3019 ἀλλ’,
2475 2974 2494 3006 σ
2533 2956 2594 3009 El
2616 2955 2826 3021 ἔξεστιν
2855 2959 3002 3029 ὑμῖν.
3037 2978 3057 3012 ι
3087 2960 3190 3015 Δύο
3211 2962 3278 3016 τά
3307 2962 3644 3034 ἐγκλήματα,

2001 3072 2046 3126 c
2085 3045 2265 3098 καὶτὸ
2289 3048 2416 3100 ἄνευ
2448 3048 2632 3116 λόγου,
2673 3051 2765 3104 καὶ
2791 3051 2853 3103 τὸ
2892 3050 3161 3123 Ῥωμαῖον
3193 3054 3342 3110 όντα.
3384 3056 3647 3126 Ῥωμαῖος

2077 3131 2165 3196 εἷς
2214 3137 2271 3189 '0
2294 3136 2350 3190 δέ
2388 3137 2520 3210 ἔφη’
2550 3138 2696 3192 Ναί·
2721 3140 2874 3205 είδὼς
2904 3142 2986 3195 ὄτι
3023 3143 3106 3196 δεῖ
3132 3145 3327 3215 ἀρχαῖς
3365 3149 3460 3200 καὶ
3495 3148 3644 3212 ἐξου-

2078 3225 2221 3289 σίαις
2269 3227 2685 3298 ὑποτάττεσθαι,
2734 3233 2830 3285 καὶ
2871 3234 2953 3287 ὅτι
2993 3237 3022 3289 ό
3079 3237 3365 3306 Ῥωμαίων
3398 3239 3650 3309 βασιλεὺς

2080 3317 2204 3370 κατ’
2229 3319 2405 3370 ἐκεῖνο
2445 3321 2642 3393 καιροῦ
2675 3325 2854 3394 πάσης
2883 3327 2980 3396 τῆς
3009 3331 3113 3398 γῆς
3149 3331 3389 3400 ἐκράτει.
3429 3331 3651 3400 Ὠμολό-

2079 3419 2248 3472 γησεν
2281 3406 2475 3460 ἑαυτὸν
2511 3407 2800 3480 Ῥωμαῖον,
2831 3413 2907 3482 μὴ
2953 3416 3344 3488 ἀποσειόμενος
3382 3421 3479 3491 τὴν
3519 3421 3653 3474 Ῥω-

2078 3494 2282 3566 μαϊκὴν
2310 3497 2484 3568 ἀρχὴν
2510 3501 2603 3553 καὶ
2624 3501 2960 3572 δεσποτείαν,
2981 3507 3116 3579 ὅπερ
3138 3509 3187 3562 οί
3203 3509 3376 3563 λοιποὶ
3405 3513 3649 3567 Ἰουδαῖοι

2076 3591 2550 3656 φρεναπατοῦντες
2603 3591 3008 3670 [Ῑ.-τῶντες],
3067 3602 3164 3653 τὸν
3213 3602 3312 3672 μὲν
3363 3603 3495 3657 Θεδν
3518 3605 3648 3658 ἐαυ-

2074 3677 2182 3730 τῶν
2205 3681 2367 3748 μόνον
2396 3682 2583 3750 ἔλεγον
2619 3684 2868 3754 βασιλέα,
2894 3691 2956 3742 οὑ
2989 3691 3098 3762 μὴν
3131 3692 3441 3763 ἄνθρωπον,
3469 3692 3651 3764 ἔργοις

2072 3767 2128 3821 δέ
2145 3771 2347 3834 αὐτοῖς,
2368 3773 2443 3838 ὡς
2461 3776 2738 3842 ὑποτελεῖς
2758 3781 2989 3846 οίκέται,
3005 3784 3174 3853 ιρόρον
3205 3786 3514 3851 ἐτέλουν,’τδ
3545 3790 3646 3857 μὲν

2071 3857 2240 3930 ὄνομα
2259 3863 2605 3935 ἀρνούμενοι,
2632 3868 2810 3940 ἔργοις
2843 3871 2902 3925 δέ
2942 3873 3318 3944 ὑποκείμενοι.
3351 3874 3650 3949 Μονονουχὶ

2072 3952 2352 4022 καθαίρων
2382 3955 2448 4028 [Ῑ.
2480 3959 2788 4034 καθαιρῶν]
2817 3963 2984 4017 αὐτοῦ
3006 3966 3066 4017 τὸ
3094 3967 3350 4038 φρόνημα
3385 3973 3413 4022 6
3438 3969 3649 4034 Παῦλος

2071 4043 2318 4110 φάσκων,
2343 4047 2425 4100 ὅτι
2473 4049 2547 4102 Σὺ
2575 4050 2674 4119 μὲν
2696 4052 3008 4122 πρόσφατον
3035 4055 3130 4110 καὶ
3153 4057 3259 4110 ἀπὸ
3287 4058 3378 4112 σοῦ
3401 4061 3649 4134 προϊέναι

2071 4133 2436 4202 ἀπαγγέλλεις
2468 4139 2530 4192 τὸ
2561 4139 2779 4212 ἀξίωμα
2799 4158 2816 4174 ⁸
2846 4145 2970 4214 ἐμοὶ
2999 4147 3056 4200 δέ
3094 4149 3303 4203 ἑνωθεν
3336 4152 3646 4222 ἐρριζωμέο

2069 4241 2180 4289 νον,
2219 4228 2283 4280 ἐκ
2318 4230 2524 4301 πατρὸς
2549 4234 2914 4304 ταττόμενον,
2951 4238 3049 4308 τῆς
3081 4244 3454 4314 προσηγορίας
3480 4243 3646 4314 ἐκλη-

2072 4317 2222 4389 ρώθη
2257 4320 2317 4373 τὸ
2341 4323 2658 4393 προνόμιον.
2680 4327 2782 4381 Διά
2801 4345 2884 4382 τοι
2913 4330 3072 4384 τοῦτο
3097 4332 3339 4398 ἀκούσας
3371 4336 3643 4404 κάκεῖνος,

389 4400 497 4452 ἔδει
534 4399 694 4453 τοῦτο
735 4401 1079 4482 ὑποπτεῦσαι
1113 4404 1194 4457 ὅτι
1234 4406 1452 4470 πάντως
1503 4409 1765 4476 δέξονται.
1822 4413 1962 4482 Ἐγὼ
1995 4423 2041 4482 ο
2065 4413 2161 4465 καὶ
2192 4411 2512 4481 βεϐαιωθεὶς
2536 4417 2616 4470 ὅτι
2644 4419 2918 4488 Ῥωμαῖον
2941 4423 3071 4476 ὄντα
3099 4424 3322 4480 τύπτειν
3353 4429 3643 4498 ἐπιχειρεῖ,

389 4488 498 4558 γὰρ
527 4490 676 4560 ῆμην
705 4490 733 4540 6
779 4490 1035 4560 πολεμῶν
1073 4493 1420 4561 Χριστιανοῐς
1442 4512 1456 4526 °
1483 4495 1620 4550 ὥστε
1654 4499 1742 4554 διά
1800 4502 1960 4556 τοῦτο
2064 4503 2144 4565 είς
2172 4503 2377 4559 δειλίαν
2401 4508 2491 4559 καὶ
2548 4509 2715 4576 φόϐον
2743 4511 2803 4564 τὸ
2845 4513 3045 4583 θράσος
3074 4517 3170 4570 καὶ
3201 4517 3298 4587 τὴν
3323 4488 3492 4590 ὀργῆν
3522 4488 3643 4573 διαέ

387 4580 716 4644 ἔδειαύτοὺς
765 4581 1038 4646 δέξασθαι.
1084 4584 1350 4640 Ἐνταῦθα
1391 4587 1484 4641 δύο
1532 4594 1958 4659 κατασκευάζει,

387 4669 469 4721 ὅτι
517 4687 575 4722 τε
609 4671 989 4740 ἀναπολόγητα
1036 4673 1220 4737 αὑτοῖς
1254 4675 1404 4730 ἐστιν
1443 4677 1524 4750 (ού
1558 4681 1666 4751 γάρ
1720 4686 1862 4738 κατὰ
1900 4686 1960 4738 τὸ

388 4760 536 4825 είκος
565 4762 729 4814 αὑτὸν
758 4762 1002 4826 ἐδίωκον,
1063 4765 1185 4820 οὐδὲ
1241 4768 1382 4823 κατά
1419 4771 1724 4841 λογισμὸν),
1751 4775 1843 4827 καὶ
1878 4777 1962 4829 ὅτι

389 4853 521 4916 Θεὸς
571 4847 640 4924 ἦν
682 4854 710 4905 6
749 4855 1012 4924 Χριστός·
1055 4857 1124 4912 τά
1163 4862 1311 4931 παρά
1362 4864 1686 4933 προσδοκίαν
1747 4883 1963 4936 προφη-

385 4946 580 5013 τεύων,
615 4949 706 5002 καὶ
736 4950 833 5020 οὐχ
867 4951 1009 5022 ὀρῶν
1048 4955 1128 5017 εἰς
1157 4955 1223 5008 τά
1253 4957 1536 5026 γινόμενα,
1567 4958 1704 5012 ἀλλά
1729 4960 1794 5013 τά
1835 4963 1961 5026 μέλ-

385 5038 545 5092 λοντα
580 5041 864 5112 προειδώς.
898 5044 997 5098 Διά
1036 5046 1090 5097 τί
1118 5042 1292 5110 εἶπεν,
1332 5049 1414 5101 ὅτι
1457 5067 1476 5100 ι
1508 5050 1672 5103 Αὐτοὶ
1707 5052 1962 5106 ἐπίσταν-

386 5145 496 5194 ται,
530 5129 612 5182 ὅτι
651 5131 762 5200 ἐγὼ
797 5133 947 5204 ἥμην
993 5136 1307 5206 δεσμεύωνς
1342 5157 1361 5190 ι
1405 5141 1538 5209 Ούχὶ
1563 5142 1858 5210 ἀντιλέγων
1883 5145 1960 5213 τῷ

386 5221 626 5292 Χριστῷ,
663 5225 796 5277 ἀλλά
828 5227 1152 5296 βουλόμενος
1196 5230 1388 5297 μαθεῖν
1434 5231 1493 5284 τὸ
1539 5231 1682 5285 οὕτω
1721 5235 1960 5304 παράδος

385 5311 494 5376 ξον.
538 5312 681 5366 Ἀλλ’
714 5318 815 5368 οὑκ
851 5317 1131 5373 ἐδίδασκεν
1155 5320 1318 5372 αὑτὸν
1350 5325 1377 5374 ὁ
1406 5323 1662 5392 Χριστὸς,
1692 5324 1805 5376 ἀλλ’
1837 5323 1958 5380 εἷπε

387 5405 546 5475 μόνον
585 5407 860 5465 ἀπελθεῖν.

457 5495 560 5546 Τίν
574 5495 846 5564 Στέφανον
877 5500 1188 5571 ὑπέμνησεν
1218 5503 1436 5568 αὐτοὺς,
1468 5507 1778 5573 μιαιφονίας
1796 5509 1958 5578 χαλε-

386 5585 513 5650 πῆς.
550 5587 683 5638 Τότε
726 5587 790 5658 δὴ
840 5590 1074 5659 μάλιστα
1123 5595 1222 5649 οὑκ
1260 5595 1534 5664 ἤνεγκαν,
1579 5599 1762 5669 ἐπειδὴ
1801 5599 1960 5655 τοῦτο

387 5675 614 5742 ῆλεγχεν
649 5679 849 5742 αὐτοῖς.
879 5683 984 5734 Καὶ
1013 5685 1112 5754 ἤδη
1138 5688 1169 5755 ἡ
1196 5690 1497 5758 προφητεία
1526 5690 1849 5762 ἐπληροῦτο.
1892 5696 1951 5749 Ὀ

2065 4591 2210 4646 λύων
2254 4597 2650 4653 συνεστέλλετο.
2711 4601 2892 4672 Τιμῆς
2930 4604 3038 4676 γάρ
3089 4605 3367 4675 ἀπήλαϐον
3415 4607 3482 4678 [Ῑ.
3523 4610 3640 4662 ἀπ-

2065 4683 2288 4757 ήλαυον]
2335 4689 2458 4740 κατ’
2499 4689 2676 4744 ἐκεῖνο
2715 4693 2929 4762 καιροῦ,
2959 4697 3057 4766 οὑχ
3085 4697 3200 4749 ὅσοι
3237 4697 3504 4765 ἰθαγενεῖς
3541 4700 3642 4768 τῆς

2079 4773 2301 4846 Ῥώμης
2339 4777 2658 4849 ἐτύγχανον,
2704 4783 2843 4836 ἀλλά
2889 4787 2981 4840 καὶ
3007 4789 3152 4850 ὅσοις
3182 4790 3361 4852 αὐτοῖς
3387 4791 3417 4860 η
3448 4790 3641 4859 κλῆσις

2067 4866 2218 4936 νόμῳ
2242 4871 2479 4939 χαρίτων
2503 4873 2535 4942 ῆ
2571 4876 2891 4944 χρημάτων,
2920 4879 3282 4934 ἐπολιτεύετο.

2141 4958 2420 5025 Τουτέστι,
2451 4963 2545 5014 καὶ
2568 4964 2784 5020 σύνοιδα
2805 4968 3049 5039 ἐμαυτῷ.
3068 4970 3133 5022 Τί
3155 4970 3435 5040 ἠδικηκὼς
3458 4973 3597 5042 ὑμᾶς
3619 4991 3635 5039 ;

2067 5047 2203 5101 Ούδέ
2245 5049 2394 5115 ἀξιον
2429 5053 2537 5105 τῶν
2591 5054 2807 5126 δεσμῶν
2861 5056 3085 5113 τούτων.
3130 5060 3291 5122 Τινές
3331 5077 3512 5129 φασιν,
3552 5063 3637 5115 ὅτι

2063 5138 2164 5190 οὑκ
2195 5138 2308 5208 ᾔδει
2330 5140 2412 5193 ὅτι
2444 5143 2592 5195 ἐστὶν
2617 5145 2931 5217 ἀρχιερεύς.

2139 5228 2205 5281 Τί
2253 5227 2376 5297 οῦνς
2428 5234 2775 5303 ἀπολογεῖται
2802 5238 2879 5302 ὡς
2926 5242 3259 5313 κατηγορίας
3311 5244 3498 5316 οὔσης,
3541 5247 3634 5298 καὶ

2065 5321 2261 5389 ἐπάγει
2286 5339 2300 5353 ο
2333 5343 2352 5376 ι
2380 5327 2652 5396 ’Ἄρχοντα
2679 5327 2773 5380 τοῦ
2798 5329 2928 5383 λαοῦ
2950 5348 3044 5384 σου
3075 5333 3174 5386 οὑκ
3198 5336 3344 5405 ἐρεῖς
3366 5337 3580 5402 κακῶς;
3606 5357 3625 5387 ι

2065 5415 2113 5466 εἰ
2149 5415 2256 5484 γὰρ
2289 5417 2363 5485 μῆ
2393 5417 2575 5486 ἄρχων
2606 5411 2695 5489 ἦν,
2750 5420 2926 5484 ἄλλως
2961 5423 3149 5485 ἀπλῶς
3197 5425 3441 5494 ὑϐρίζειν
3488 5426 3627 5502 ἔδει-ς

2065 5507 2174 5559 Καὶ
2214 5507 2323 5578 γὰρ
2366 5509 2528 5571 αὑτός
2569 5527 2735 5578 φησι·
2777 5531 2795 5562 ι
2831 5513 3245 5583 Λοιδορούμενοι
3280 5515 3625 5585 εὐλογοῦμεν,

2062 5600 2384 5668 διωκόμενοι
2415 5601 2718 5670 ἀνεχόμεθα
2741 5619 2755 5632 ·
2793 5622 2809 5654 ι
2849 5604 3091 5658 ἐνταῦθα
3115 5608 3423 5660 τούναντίον
3464 5613 3624 5670 ποιεῖ,

2027 5737 2038 5749 .
2065 5695 2159 5748 καὶ
2199 5695 2259 5746 οὑ
2306 5693 2537 5764 λοιδορεῖ
2566 5697 2748 5766 μόνον,
2790 5695 2926 5751 ἀλλά
2953 5701 3046 5754 καὶ
3085 5701 3377 5772 ἐπαρᾶται.
3410 5701 3626 5772 Παρῤηι
