4058 6210
392 315 526 380 ῙΙΞΙ

1212 320 1759 382 EXPOSITIONIS
1798 321 1876 382 1N
1912 321 2099 381 ACTA
2145 323 2449 383 TEXTUS
2478 324 2835 385 TERTIUS.

3492 328 3662 395 ‘1122

388 435 510 497 σίας
544 432 741 503 μᾶλλόν
784 434 1006 502 ἐστι,τά
1034 436 1286 506 ῥήματα,
1325 437 1358 505 ἦ
1394 435 1571 506 θυμοῦ
1608 452 1623 468 σ
1655 437 1757 489 οὐκ
1815 435 1976 489 £606-
2002 449 2047 503 Α
2080 438 2315 507 φανῆναι
2370 438 2530 491 πάλιν
2576 438 2802 509 ἀφίησιν
2858 437 3023 492 αὑτὸν
3074 438 3434 512 ἀνθρωπίνως
3482 448 3665 517 σωθῆ-

388 527 513 579 λετο
538 527 1017 597 εὐκαταφρόνητος
1065 527 1304 597 φανῆναι
1337 527 1416 597 τῷ
1442 528 1728 599 χιλιάρχῳ.
1769 529 1830 580 Εἰ
1864 527 1974 597 γάρ

388 618 551 681 αὐτὸς
578 620 680 689 μὲν
712 619 969 687 ἐφείσατο
1009 617 1289 689 μαστίξαι,
1321 619 1398 683 ὡς
1442 619 1507 688 δὴ
1546 621 1658 681 τοῖς
1701 618 1976 682 Ἰουδαίοις

388 710 694 764 ἐκδίδοσθαι
722 710 1007 777 μέλλοντα,
1030 710 1089 763 τὸ
1115 711 1222 765 ὑπὸ
1252 710 1363 764 τῶν
1384 711 1613 764 οἰκετῶν
1668 710 1978 766 τύπτεσθαι

391 802 595 871 μᾶλλον
651 802 717 855 ἂν
752 804 960 856 ἐκεῖνον
1004 802 1342 875 θρασύτερον
1383 802 1699 874 εἰργάσατο.
1732 803 1808 855 Ού
1840 802 1977 872 πρὸς

387 894 479 945 τὸν
514 893 678 945 παῖδα
708 891 765 945 δὲ
791 892 1137 957 διατείνεται,
1175 894 1317 947 ἀλλά
1350 895 1489 964 πρὸς
1519 894 1685 949 αὐτὸν
1718 894 1810 948 τὸν
1845 895 1975 947 ἐπι-

389 988 651 1050 τάξαντα.
694 985 767 1037 τὸ
799 984 876 1049 δὲ,
926 1004 944 1036 ι
980 987 1140 1055 Τοῖχε
1181 987 1568 1056 κεκονιαμένε,
1603 987 1700 1040 καὶ
1736 988 1800 1041 σὺ
1834 987 1980 1060 κάθῃ

389 1076 594 1143 κρίνων
633 1092 700 1146 με
747 1075 891 1129 κατά
934 1076 1027 1131 τὸν
1058 1077 1245 1147 νόμον,
1284 1096 1303 1129 ι
1347 1079 1472 1132 ἀντὶ
1517 1079 1636 1142 τοῦ,
1675 1077 1979 1142 ὑπεύθυνος

387 1163 485 1228 ὢν,
544 1164 746 1219 ὡσανεὶ
813 1164 969 1233 ἔλεγε
998 1207 1014 1232 ,
1074 1168 1171 1220 καὶ
1222 1169 1435 1238 μυρίων
1496 1168 1742 1222 θανάτων
1803 1168 1977 1235 ἄξιος.

392 1256 690 1330 [ΑΛΛΩΣ]
725 1258 941 1330 Σφόδρα
984 1260 1245 1331 πείθομαι
1288 1260 1453 1315 αὐτὸν
1501 1259 1577 1331 μὴ
1624 1260 1859 1325 εἰδέναι,
1895 1260 1978 1313 δτι

395 1350 692 1420 ἀρχιερεύς
760 1353 920 1418 ἐστι,
976 1352 1067 1406 διὰ
1145 1351 1360 1424 μακροῦ
1425 1351 1525 1422 μὲν
1590 1350 1979 1421 ἐπανελθόντος

392 1428 632 1514 [II-ta]
696 1443 889 1514 χρόνου
912 1485 927 1508 ,
987 1445 1063 1515 μὴ
1126 1444 1519 1514 συγγινομένου
1578 1442 1660 1515 [Ῑ.
1714 1444 1974 1511 συγγενό·

393 1532 592 1606 μενον]
625 1534 704 1588 ’δὲ
751 1535 1064 1601 Ἰουδαίοις,
1113 1537 1329 1607 ὁρῶντα
1381 1536 1441 1590 δὲ
1501 1536 1667 1590 αὐτὸν
1714 1537 1771 1589 ἐν
1823 1536 1977 1607 μέσῳ

394 1625 532 1693 μετά
569 1625 780 1680 πολλῶν
811 1629 906 1681 καὶ
952 1628 1191 1699 ἐτέρων·
1220 1630 1322 1682 οὐκ
1356 1631 1447 1681 ’ἔτι
1496 1630 1606 1699 γὰρ
1637 1627 1796 1698 δῆλος
1849 1624 1918 1700 ἦν
1946 1629 1976 1681 ό

389 1719 700 1789 ἀρχιερεὺς,
721 1718 932 1773 πολλῶν
951 1718 1121 1773 ὄντων
1143 1719 1235 1774 καὶ
1262 1719 1555 1791 διαφόρων.
1587 1720 1647 1772 '0
1667 1719 1794 1787 γοῦν
1820 1718 1977 1787 ἅγιος

2081 546 2192 582 ναι.

2154 620 2320 690 Ὅρα,
2343 620 2563 690 σφοδροὶ
2589 620 2687 673 καὶ
2742 621 2959 691 μανικοὶ
3006 622 3136 693 περὶ
3167 624 3265 693 τὴν
3293 626 3515 691 κακίαν,
3566 630 3662 683 καὶ

2078 708 2492 778 τεσσαράκοντα
2539 707 2699 779 όμοῦ.
2743 710 2999 763 Τοιοῦτον
3030 713 3139 782 γὰρ
3190 713 3250 766 τὸ
3299 714 3474 780 ἔθνος,
3531 718 3663 771 ὅταν

2082 798 2181 870 μὲν
2211 798 2401 870 ἀγαθῷ
2429 802 2801 872 συμφωνῆσαι
2825 803 2943 874 δὲῃ,
2986 804 3107 857 οὐδὲ
3141 804 3238 859 δύο
3270 807 3622 878 συνέρχονται
3642 825 3658 840 ⁸

2081 889 2214 943 ὅταν
2247 890 2303 944 δὲ
2329 892 2424 945 ἐπὶ
2447 893 2625 963 κακῷ,
2652 893 2824 965 δῆμος
2848 894 3168 967 ὁλόκληρος,
3202 896 3295 949 καὶ
3324 895 3661 967 λαμϐάνουσι

2081 984 2377 1047 κοινωνοὺς
2401 985 2528 1049 τοὺς
2554 984 2846 1055 ἄρχοντας.

2161 1086 2181 1119 ι
2222 1068 2552 1140 Ἀναθέματι
2595 1071 2997 1142 ἀνεθεμάτισαν
3039 1074 3288 1137 ἑαυτοὺς,
3328 1093 3346 1126 ι
3379 1076 3511 1131 ἀντὶ
3542 1076 3659 1141 τοῦ,

2080 1158 2189 1225 ἔξω
2234 1156 2373 1215 εἶναι
2404 1163 2503 1232 τῆς
2529 1164 2671 1218 κατὰ
2696 1165 2830 1218 Θεδν
2861 1166 3098 1229 πίστεως
3122 1163 3276 1221 εἷπον
3311 1169 3562 1234 ἑαυτοὺς,
3611 1171 3661 1222 εί

2083 1253 2161 1325 μὴ
2188 1255 2474 1326 ποιήσειαν
2498 1256 2566 1310 τὰ
2597 1257 2842 1325 δόξαντα.
2880 1259 3051 1313 Τοῦτο
3080 1260 3180 1331 τῆς
3213 1260 3308 1314 τοῦ
3342 1261 3477 1315 Θεοῦ
3515 1263 3661 1316 οίκο-

2079 1347 2278 1417 νομίας
2314 1343 2406 1420 ἦν,
2431 1348 2492 1403 τὺ
2524 1348 2600 1421 μὴ
2625 1351 2855 1405 συνιδεῖν
2884 1348 3081 1415 αὐτοὺς
3096 1354 3184 1406 δτι
3209 1354 3556 1407 ἀκούσονται.
3594 1354 3658 1406 Τί

2078 1439 2173 1493 οῦν
2196 1442 2225 1493 ὁ
2247 1440 2495 1509 Παῦλος;
2517 1443 2632 1496 Ούκ
2653 1443 2993 1516 ἐθορυϐήθη,
3011 1444 3150 1499 ἀλλὰ
3180 1445 3420 1500 σύνοιδεν
3444 1445 3510 1517 υ.
3534 1461 3659 1498 συν-

2078 1529 2269 1601 εῖδενι,
2304 1530 2388 1585 δτι
2441 1531 2579 1586 Θεοῦ
2611 1533 2772 1604 ἔργον
2801 1534 2921 1587 ἐστὶ
2967 1534 3148 1602 τοῦτο,
3179 1536 3276 1589 καὶ
3323 1536 3384 1589 τὸ
3432 1537 3540 1588 πᾶν
3571 1533 3661 1587 ἐπ’

2079 1622 2243 1677 αὐτὸν
2277 1624 2499 1694 ἀφίησι.

2152 1712 2324 1768 Τοῦτο
2355 1716 2459 1769 οὐκ
2484 1714 2700 1787 ἔγλημα
2722 1716 2818 1771 τοῦ
2852 1718 3088 1781 Παύλου,
3123 1718 3239 1773 ἀλλ’
3272 1720 3527 1775 ἀσθένεια
3561 1722 3660 1791 μὲν

390 1809 605 1873 Παῦλος
650 1808 936 1879 βουληθεὶς
965 1809 1165 1879 δεῖξαι,
1207 1811 1290 1863 δτι
1321 1810 1401 1863 δεῖ
1446 1810 1537 1863 καὶ
1567 1810 1737 1881 θυμὸν
1769 1810 1976 1864 δίκαιον
1999 1800 2052 1860 Β
2076 1804 2179 1875 τῆς
2211 1806 2448 1874 φύσεως,
2484 1807 2761 1877 ἐγκώμιον
2781 1809 2838 1862 δὲ
2876 1811 2976 1878 τῆς
3009 1811 3408 1879 προαιρέσεως.

389 1901 789 1972 περιστέλλειν,
820 1906 917 1955 καὶ
962 1901 1341 1973 ἀγανάκτησιν
1389 1902 1605 1956 δικαίαν
1651 1902 1969 1968 καλύπτειν,

389 1991 579 2063 ῶσπερ
612 1990 1012 2063 μεταμεληθεὶς
1047 1992 1233 2062 λέγει·
1272 2011 1290 2045 ι
1321 1993 1436 2047 Ούκ
1474 1994 1591 2065 ᾔδει
1623 1993 1688 2067 [Ῑ.
1721 1992 1917 2066 ᾕδειν1,
1949 2011 1967 2043 ι

390 2081 488 2136 καὶ
519 2082 590 2135 τά
644 2081 791 2153 ἑξῆς.
834 2083 948 2135 Ούκ
995 2083 1143 2153 ᾔδεις
1188 2084 1273 2137 δτι
1301 2082 1595 2155 ἀρχιερεύς
1639 2087 1796 2150 tam;
1849 2083 1974 2145 Πῶς

388 2166 483 2226 οὖν
539 2174 758 2244 ἔλεγες·
818 2194 836 2226 ι
872 2174 981 2227 Καὶ
1012 2174 1076 2227 σὺ
1128 2174 1270 2246 κάθῃ
1321 2177 1525 2245 κρίνων
1582 2193 1651 2246 με
1686 2175 1829 2230 κατά
1879 2173 1971 2229 τὸν

390 2266 591 2334 νόμον;
634 2284 654 2317 ι
697 2265 857 2319 ’Δλλά
904 2268 1285 2336 προσποιεῖται
1330 2267 1556 2337 ἄγνοιαν
1586 2269 1671 2335 ού,
1700 2268 1971 2339 βλάπτου-

393 2375 515 2424 σαν,
547 2359 663 2413 ἁλλ’
717 2360 1127 2431 οίκονομοῦσαν.
1189 2361 1347 2413 Ἔστι
1393 2361 1503 2431 γὰρ
1555 2362 1972 2433 μεταχειρισμῷ

389 2451 698 2523 χρήσασθαι
736 2451 973 2521 κρείττω
1006 2452 1343 2523 παρρησίας.
1378 2450 1647 2512 Πολλάκις
1673 2451 1729 2506 δὲ
1754 2455 1972 2524 παῤῥη-

393 2542 485 2594 σία
512 2543 713 2612 ἔϐλαψε
742 2543 843 2613 τὴν
873 2541 1159 2613 ἀλήθειαν,
1187 2541 1612 2613 μεταχειρισμδς
1636 2542 1692 2596 δὲ
1716 2541 1971 2613 εὔκαιρος

390 2632 723 2703 κατώρθωσε
747 2634 808 2688 τὸ
843 2634 1229 2705 προκείμενον.

461 2726 536 2778 Οὐ
574 2726 850 2795 πανταχοῦ
878 2725 980 2796 τῆς
1011 2726 1235 2799 χάριτος
1269 2723 1557 2791 ἀπολαύει,
1588 2726 1685 2780 καὶ
1710 2728 1770 2780 ἐν
1794 2725 1969 2797 τούτῳ

391 2816 662 2888 ἐϐουλήθη
693 2818 877 2887 σχίσαι
908 2818 970 2872 τὸ
997 2818 1205 2888 πλῆθος
1234 2817 1295 2871 τδ
1333 2817 1523 2880 κακῶς
1551 2816 1812 2888 δμονοοῦν
1846 2817 1969 2871 κατ’

391 2907 583 2962 αὐτοῦ.
618 2907 728 2960 Καὶ
756 2907 816 2960 ού
842 2907 1099 2977 ψεύδεται
1140 2906 1377 2962 ἐνταῦθα
1397 2923 1414 2937 ο
1441 2907 1731 2979 Φαρισαῖος
1762 2907 1871 2979 γάρ
1899 2903 1968 2980 ἦν

389 3002 457 3054 ἐκ
493 2999 797 3070 προγόνων.
833 2999 1055 3068 Ἐπειδὴ
1087 3000 1291 3054 ἐκεῖνοι
1330 3000 1432 3053 οὐκ
1460 2999 1744 3053 ἐϐούλοντο
1769 3001 1964 3066 εἰπεῖν,

389 3092 479 3145 διὰ
508 3093 561 3145 τί
604 3091 882 3162 κρίνουσιν
926 3092 1110 3154 αὑτὸν,
1161 3091 1534 3158 ἀναγκάζεται
1576 3089 1761 3144 λοιπῖν
1804 3089 1966 3153 αὐτὸς

391 3184 648 3251 ἐξειπεῖν,
678 3184 766 3238 διὰ
795 3184 848 3237 τί
887 3182 1310 3253 κατακρίνουσιν
1340 3181 1505 3235 αὐτόν
1524 3197 1542 3215 σ
1576 3182 1673 3235 καὶ
1719 3182 1828 3234 ἀπὸ
1867 3182 1966 3251 τῆς

390 3275 729 3346 κατηγορίας
782 3274 964 3327 αὐτῶν
1021 3275 1117 3326 καὶ
1178 3266 1291 3341 τῆς
1336 3271 1591 3341 διαϐολῆς
1652 3272 1966 3340 συνίστησιν

389 3368 605 3421 ἐαυτόν.
636 3367 751 3419 υύκ
790 3366 937 3418 ἴσασι
970 3362 1321 3417 Σαδδουκαῖοι
1354 3362 1497 3431 τάχα
1530 3360 1655 3414 οὐδὲ
1686 3362 1778 3414 τὸν
1807 3361 1961 3426 Θεὸν,

392 3463 585 3531 παχεῖς
626 3476 769 3523 τινες
797 3457 974 3521 δντες,
1024 3456 1149 3512 ὅθεν
1180 3454 1303 3509 οὐδὲ
1342 3454 1640 3508 ἀνάστασιν
1683 3452 1967 3508 ἐϐούλοντο

392 3549 696 3604 πιστεύειν.
1632 3547 1639 3552 ’

464 3641 575 3695 Καὶ
634 3640 740 3710 μὴν
782 3639 908 3711 τρία
946 3640 1099 3693 ἐστί·
1136 3639 1256 3703 πῶς
1295 3637 1388 3693 οῦν
1434 3637 1589 3707 λέγει
1640 3635 1963 3708 ἀμφότερας

395 3734 620 3804 Πνεῦμα
658 3733 754 3787 καὶ
801 3732 1056 3801 ἄγγελος,
1108 3731 1169 3785 ἐν
1208 3749 1393 3801 φησιν.
1421 3730 1554 3783 Ὅτε
1612 3728 1731 3799 μετ’
1784 3728 1968 3784 αὐτῶν

392 3822 545 3890 ἔστη,
584 3822 704 3874 τετε
767 3818 1163 3888 ἀπολογοῦνται
1203 3819 1346 3891 ὑπὲρ
1379 3818 1568 3875 αὑτοῦ.
1618 3821 1683 3874 Ἦ
1735 3821 1882 3888 λέξις
1931 3821 1968 3892 ἠ

392 3914 647 3980 λέγουσα,
708 3932 726 3964 ι
772 3912 1076 3983 ἀμφότερα,
1113 3928 1133 3964 ι
1186 3913 1249 3967 οὐ
1284 3914 1445 3983 μόνον
1496 3913 1627 3982 περὶ
1659 3911 1754 3965 δύο
1793 3911 1966 3980 λέγει,

392 4006 529 4075 ὅπερ
560 4006 762 4073 κυρίως
792 4003 944 4071 δηλοῖ
997 4004 1308 4075 ἀμφότερα,
1338 4004 1475 4058 ἀλλά
1500 4004 1595 4057 καὶ
1624 4002 1755 4074 περὶ
1778 4002 1965 4074 τριῶν.

396 4097 559 4151 Ὥστε
586 4095 678 4151 οὖν
705 4098 766 4151 οὐ
802 4098 883 4151 δεῖ
914 4098 979 4151 ἐκ
1006 4096 1106 4168 τῆς
1137 4096 1339 4161 ἔξωθεν
1364 4096 1757 4168 ἀκριϐολέκτου
1787 4096 1970 4167 κυριό-

393 4205 556 4257 τητος
619 4188 826 4260 κρίνειν
883 4187 987 4252 τὰς
1042 4185 1153 4241 τῶν
1204 4187 1394 4242 ἁπλῶν
1440 4188 1536 4241 καὶ
1583 4188 1967 4259 ἀγραμμάτων

396 4281 590 4335 ἀλιέων
620 4280 964 4353 συγγραφάς.
987 4279 1091 4335 Ἐκ
1136 4277 1344 4333 τούτων
1391 4278 1501 4349 γὰρ
1536 4280 1707 4342 πᾶσα,
1761 4278 1836 4342 ὼς
1887 4280 1963 4331 εἰ-

397 4376 540 4440 πεῖν,
571 4373 782 4443 αἵρεσις
821 4371 1100 4439 γεννᾶται,
1134 4368 1276 4424 κατά
1308 4368 1651 4441 κυριολεξίαν
1682 4368 1775 4422 ἐπί
1803 4386 1965 4423 τινων

2161 1898 2504 1968 ’ῼκονομήθη
2559 1899 2743 1959 τοῦτο.
2797 1898 2939 1952 ὥστε
3004 1901 3259 1955 κάκεῖνον
3313 1903 3658 1973 καταμαθεῖν

2074 1989 2257 2043 αὐτῶν
2287 1990 2385 2060 τὴν
2415 1989 2633 2057 βουλήν.
2654 1991 2730 2044 Οὐ
2753 1990 2862 2061 γὰρ
2890 1991 2955 2046 ἐκ
2977 1992 3072 2044 τοῦ
3098 1993 3263 2065 μηδὲν
3291 1994 3437 2063 ἔχειν
3459 1997 3654 2060 είπεῖν,

2072 2080 2211 2134 ἀλλά
2245 2082 2341 2134 καὶ
2392 2083 2458 2135 ἐκ
2507 2083 2601 2136 τοῦ
2632 2082 2812 2154 λάθρα
2865 2085 3171 2155 ἐπιχειρεῖν
3221 2086 3451 2149 ἑαυτοὺς
3487 2086 3657 2157 μηδὲν

2073 2170 2246 2236 δντες.
2297 2173 2460 2236 Εἰκὸς
2497 2174 2554 2226 δέ
2609 2175 2704 2228 καὶ
2734 2174 2875 2244 μετὰ
2926 2176 2988 2227 τὸ
3042 2176 3422 2244 ἀποσταλῆναι
3471 2178 3654 2241 αὐτὸν,

2074 2261 2396 2333 προσελθεῖν
2422 2263 2547 2325 τοὺς
2579 2265 2858 2334 ἀρχιερεῖς
2886 2264 3177 2329 αἰτοῦντας
3210 2266 3307 2320 καὶ
3331 2284 3657 2337 καταισχυν-

2081 2352 2281 2422 θῆναι·
2315 2353 2436 2407 οὐδέ
2488 2354 2599 2425 γάρ
2648 2354 2901 2408 ἐϐούλετο
2951 2355 3078 2410 οὔτε
3117 2357 3480 2427 ἀρνήσασθαι,
3528 2357 3653 2413 οὔτε

2073 2445 2382 2501 ἐπινεῦσαι.
2410 2446 2547 2501 Τότε
2596 2447 2654 2501 δέ
2709 2448 3042 2503 ἐπίστευσαν
3089 2452 3155 2503 ἐκ
3198 2449 3304 2506 τῶν
3350 2451 3456 2523 ήδη
3503 2468 3657 2520 γενο-

2075 2537 2280 2608 μένων.

2143 2632 2430 2703 Πέμπεται
2464 2633 2651 2687 λοιπὸν
2676 2635 2735 2688 ἐν
2760 2634 3090 2706 Καισαρείᾳ,
3121 2635 3210 2690 ῖνα
3239 2637 3362 2690 ἐκεῖ
3396 2636 3652 2710 διαλεχθῇ

2071 2720 2165 2774 ἐπὶ
2195 2720 2446 2791 μείζονος
2481 2722 2711 2795 θεάτρου
2743 2724 2838 2778 καὶ
2886 2724 3277 2795 λαμπροτέρου
3321 2725 3418 2780 τοῦ
3441 2728 3655 2797 ἀκροα-

2069 2812 2282 2882 τηρίου·
2325 2812 2409 2867 ἵνα
2446 2813 2523 2884 μὴ
2577 2813 2744 2885 ἔχωσι
2772 2814 2955 2882 λέγειν
3001 2816 3053 2868 οί
3123 2815 3388 2880 Ἰουδαῖοι,
3452 2817 3535 2870 δτι
3588 2818 3654 2871 Εἰ

2070 2904 2286 2973 εἴδομεν
2317 2904 2551 2969 Παῦλον,
2579 2904 2983 2975 ἐπιστεύσαμεν
3014 2906 3103 2960 ἄν.
3140 2905 3281 2976 Ὅρα
3308 2905 3365 2959 δὲ
3405 2907 3499 2962 καὶ
3531 2910 3658 2961 ἐπι·-

2071 2995 2266 3067 στολὴν
2287 2996 2580 3065 ἀπολογίας
2604 2995 2699 3069 [f.-
2733 2996 2885 3070 γίαν]
2915 2998 3147 3068 ἔχουσαν
3174 2998 3313 3070 ὺπέρ
3340 2996 3529 3063 αὐτοῦ,
3558 3000 3655 3052 καὶ

2072 3086 2406 3158 κατηγορίαν
2464 3088 2587 3140 κατ’
2636 3086 2883 3141 ἐκείνων.
2933 3086 3244 3147 Δεειολάϐοι
3278 3086 3548 3155 λέγονται
3601 3087 3652 3141 οί

2070 3177 2488 3247 παραφύλακες.
2664 3224 2667 3225 ν

2142 3264 2285 3334 Ὅρα
2319 3267 2438 3330 πῶς
2475 3267 2563 3319 διὰ
2595 3268 2697 3338 τῆς
2720 3258 2907 3336 ψήφου
2953 3268 3064 3320 τῶν
3100 3267 3207 3333 ἔξω
3235 3268 3411 3333 ἀθῶος
3441 3268 3653 3336 γίνεται

2047 3354 2095 3434 .0
2124 3354 2373 3422 Παῦλος,
2409 3355 2486 3419 ὡς
2539 3357 2633 3410 καὶ
2656 3360 2683 3411 0
2722 3357 2958 3428 Χριστὸς
3007 3358 3162 3429 παρά
3208 3357 3466 3413 Πιλάτου.
3501 3360 3649 3429 Παρ-

2040 3447 2276 3515 ,έδωκαν
2312 3448 2477 3502 αὐτὸν
2508 3448 2699 3519 ὥσπερ
2746 3449 2960 3503 ἀνελεῖν
2991 3452 3085 3504 καὶ
3124 3451 3513 3505 καταδικάσαυ
3552 3451 3642 3522 γί-

2040 3554 2219 3605 ,νεται
2264 3537 2322 3591 δέ
2373 3538 2709 3603 τούναντίον,
2744 3541 2839 3592 καὶ
2894 3540 3153 3608 σώζεται.
3206 3543 3317 3599 Καὶ
3371 3544 3432 3598 ού
3485 3546 3648 3616 μόνον

2067 3628 2232 3684 αὐτὸν
2264 3630 2477 3694 ἐκεῖνος
2505 3629 2605 3702 τῆς
2650 3632 2828 3703 ὁρμῆς
2877 3635 3123 3706 ἐξαίρει,
3162 3636 3299 3691 ἀλλά
3346 3637 3441 3692 καὶ
3482 3637 3651 3707 ἄλλης

2070 3721 2296 3792 πολλῆς,
2339 3725 2435 3776 καὶ
2463 3722 2751 3793 ὑπηρέτης
2781 3725 2963 3787 αὐτοῖς
2994 3727 3226 3791 γίνεται,
3256 3727 3396 3781 ὥστε
3427 3728 3652 3782 ἀκινδύ-

2068 3831 2176 3878 νως
2203 3814 2538 3886 διασωθῆναι
2582 3814 2725 3885 μετά
2745 3815 3017 3886 τοσαύτης
3066 3819 3452 3888 παρατάξεως.
3494 3821 3651 3874 Ἐπεὶ

2068 3899 2163 3958 οῦν
2197 3905 2299 3975 τῆς
2325 3905 2533 3970 πόλεως
2582 3906 2743 3960 αὐτὸν
2791 3907 3066 3974 ἐξέϐαλον,
3122 3908 3244 3962 τότε
3282 3910 3648 3979 ἀφίστανται,

2070 3996 2163 4049 καὶ
2183 3998 2284 4050 οὐκ
2314 3997 2381 4051 ἂν
2410 3999 2551 4068 μετὰ
2577 3998 2849 4070 τοσαύτης
2876 4000 3040 4054 αὐτὸν
3073 3999 3376 4066 ἀσφαλείας
3414 3999 3650 4072 ἐξέπεμ-

2067 4087 2190 4158 ψεν,
2226 4090 2275 4143 εί
2309 4089 2386 4161 μὴ
2422 4090 2519 4143 καὶ
2547 4089 2708 4154 αὐτὸς
2757 4091 2947 4162 ἔτυχεν
2995 4092 3147 4146 οὐδὲν
3180 4091 3345 4146 αὑτοῦ
3369 4108 3646 4161 κατεγνω-

2067 4179 2198 4246 κὼς,
2227 4182 2325 4234 καὶ
2354 4182 2581 4236 ἐκείνων
2621 4180 2739 4253 ᾔδει
2767 4182 2828 4235 τὸ
2864 4183 3112 4252 φονικόν.

2140 4272 2503 4342 Σημειωτέον,
2535 4274 2617 4327 δτι
2641 4274 2697 4328 ἐν
2723 4274 3038 4345 Καισαρείᾳ
3070 4275 3190 4329 ἐστὶ
3217 4275 3278 4328 τὸ
3305 4274 3645 4346 πραιτώριον

2078 4363 2344 4435 Ἡρώδου.
2387 4364 2745 4436 Ἐνειράνισαν
2784 4364 2864 4437 τῷ
2891 4366 3149 4436 ἡγεμόνι.
3193 4384 3213 4419 ι
3250 4368 3441 4421 Λείπει
3479 4367 3642 4422 πάλιν

394 4464 569 4533 λόγων
616 4464 716 4528 τὰς
750 4462 972 4535 Γραφάς
1023 4462 1505 4535 πολυπραγμονεῖν
1536 4459 1865 4532 ζητούντων.
1903 4459 1964 4511 El
1996 4461 2041 4516 ὓ
2068 4455 2147 4527 τῷ
2193 4456 2342 4527 ῥητῷ
2384 4457 2521 4527 πρὸς
2559 4456 2739 4528 νόημα
2764 4458 2797 4528 ἠ
2822 4456 2995 4522 λέξις,
3029 4453 3172 4531 ἰναῇ
3202 4457 3373 4522 οὕτως
3394 4475 3409 4489 ο
3436 4458 3647 4522 οἵτινες

394 4558 451 4610 δέ
482 4557 698 4625 πνεῦμα
735 4556 996 4625 ἐλάλησεν
1031 4555 1181 4624 αὐτῷ
1227 4553 1327 4626 τὴν
1364 4554 1614 4627 μηχανὴν
1644 4555 1740 4606 τοῦ
1781 4551 1965 4621 λόγου,

397 4649 483 4702 ἵνα
512 4648 729 4719 ἐκφύγῃ
747 4646 849 4715 τὴν
887 4646 1204 4716 ἐπιϐουλὴν,
1234 4647 1450 4717 ἄδηλον,
1473 4646 1658 4718 φησὶν,
1688 4644 1721 4715 ἢ
1753 4643 1831 4707 ὡς
1858 4643 1969 4713 ἀπὸ

395 4739 505 4791 τῶν
541 4736 855 4809 Φαρισαίων
896 4738 958 4791 τὺ
1013 4737 1166 4807 ῥῆμα
1210 4735 1455 4791 λεκτέον.
1488 4754 1509 4788 ι
1552 4737 1618 4790 Εἰ
1660 4735 1719 4789 δέ
1751 4733 1967 4805 πνεῦμα

397 4829 660 4900 ἐλάλησεν
677 4828 828 4899 αὑτῷ
858 4828 892 4898 ἢ
922 4826 1181 4895 ἄγγελος,
1212 4845 1233 4880 ι
1265 4827 1387 4881 ἀντὶ
1416 4825 1534 4893 τοῦ,
1565 4826 1720 4890 Ἰδοὺ,
1745 4826 1815 4881 τά
1837 4826 1967 4898 περὶ

399 4921 749 4985 ἀναστάσεως
796 4919 976 4976 λαλῶν
1006 4919 1165 4990 δῆλός
1225 4919 1380 4986 ἐστι,
1421 4917 1457 4990 ἢ
1501 4918 1590 4974 διά
1651 4917 1967 4990 Πνεύματος

400 5013 578 5081 ἁγίου,
601 5014 636 5085 ἦ
663 5015 750 5069 διὰ
778 5013 1012 5083 ἀγγέλου
1033 5009 1364 5083 κατηχηθεὶς
1387 5011 1481 5066 τδν
1498 5010 1599 5083 τῆς
1618 5011 1966 5076 ἀναστάσεως

399 5102 577 5170 λόγον.

468 5193 722 5247 Φοϐεἶται
738 5194 924 5248 λοιπὸν
953 5197 983 5249 0
1007 5195 1289 5267 χιλίαρχος
1320 5194 1397 5267 μὴ
1420 5193 1750 5267 διασπασθῇ,
1776 5193 1966 5264 ἐπειδὴ

400 5278 578 5350 εἷπεν,
616 5284 700 5338 ὃτι
744 5284 1014 5356 Ῥωμαῖός
1042 5287 1181 5354 ἐστι,
1214 5287 1308 5340 καὶ
1339 5286 1440 5340 οὐκ
1488 5286 1770 5341 ἀκίνδυνον
1801 5282 1871 5359 ἦν
1904 5286 1967 5340 τὸ

401 5380 636 5448 πρᾶγμα
657 5393 671 5407 ·
697 5377 759 5429 τὸ
790 5376 845 5429 δὲ
879 5377 1193 5447 στράτευμα
1225 5378 1463 5447 ἁρπάζει
1489 5377 1673 5447 αὐτὸν,
1709 5379 1787 5443 ὡς
1811 5378 1963 5445 ῐδιον,

400 5464 577 5538 οἶμαι.
614 5466 714 5519 Διά
740 5466 794 5519 τί
832 5465 891 5519 δέ
918 5467 1048 5538 πρὶν
1077 5468 1111 5538 ἢ
1168 5469 1429 5539 ἐμπεσεῖν
1457 5470 1536 5532 εἰς
1562 5468 1654 5522 τὸν
1698 5469 1963 5532 κίνδυνον,

400 5559 504 5611 οὐκ
542 5557 716 5626 ἐφάνη
757 5556 943 5627 αύτῷ;
978 5557 1101 5613 Ὅτι
1142 5558 1230 5612 ἀεὶ
1262 5560 1321 5611 ὲν
1352 5559 1475 5622 ταῖς
1524 5556 1738 5627 θλίψεσι
1787 5576 1966 5629 παρα-

402 5650 560 5703 καλεῖ
591 5648 620 5702 ὁ
649 5648 800 5711 Θεός.
845 5646 978 5701 Τότε
1010 5648 1118 5719 γὰρ
1140 5648 1516 5719 ποθεινότερον
1565 5649 1835 5718 φαίνεται,
1872 5648 1963 5703 καὶ

401 5742 460 5796 ἐν
491 5742 606 5805 τοῖς
651 5737 915 5825 κινδύνοις
949 5738 1309 5825 ἐγγίυμνάζων
1335 5740 1507 5818 ἡμᾶς..
1553 5739 1663 5795 Καὶ
1711 5740 1848 5810 μετὰ
1902 5739 1965 5792 τὸ

2069 4549 2399 4618 ἐνεφάνισαν
2430 4549 2809 4604 διδασκαλικὸν
2862 4550 3071 4622 χάρτην
3104 4552 3246 4606 κατά
3276 4551 3370 4605 τοῦ
3408 4552 3643 4609 Παύλου.

2070 4639 2213 4711 Ὅρα
2244 4641 2360 4705 πῶς
2390 4643 2501 4705 τοῖς
2540 4641 2784 4706 ἐπαίνοις
2816 4642 3412 4713 προκαταλαμϐάνεται
3439 4642 3531 4696 τὸν
3569 4643 3647 4697 δι-

2068 4730 2280 4801 καστὴν
2331 4733 2396 4785 ἐκ
2448 4731 2774 4802 προοιμίων,
2839 4735 2937 4785 καὶ⁵
2989 4731 3062 4795 ὡς
3117 4733 3510 4803 νεωτεροποιδν
3548 4735 3646 4788 καὶ

2069 4822 2404 4893 στασιαστὴν
2453 4822 2707 4894 βούλεται
2766 4824 3139 4896 παραδοῦναι·
3196 4822 3316 4880 εἶτα
3349 4827 3425 4891 ὡς
3476 4826 3646 4881 πολλὰ

2067 4912 2207 4984 ἔχων
2248 4916 2425 4968 εἰπεῖν
2459 4917 2819 4987 παρέτρεχεν.
2867 4918 3031 4988 Ὅρα,
3069 4918 3187 4984 πῶς
3218 4921 3301 4984 είς
3342 4919 3643 4989 ἐπιθυμίαν

2067 5002 2343 5070 κολάσεως
2386 5005 2644 5077 ἐμϐάλλει
2676 5009 2769 5062 τὸν
2797 5008 3081 5081 δικαστὴν,
3138 5010 3255 5079 είγε
3308 4998 3500 5082 ἔμελλε
3544 5009 3643 5079 τὴν
3742 5002 3749 5007 ’

2068 5098 2400 5170 οίκουμένην
2425 5100 2804 5172 ἀνατρέποντα
2836 5101 3111 5170 καθέξειν.

2150 5206 2171 5241 ε
2225 5189 2352 5252 Τοῖς
2393 5189 2539 5243 κατά
2591 5192 2694 5261 τὴν
2741 5185 3092 5263 οίκουμένην,
3130 5192 3328 5261 φησὶν,
3370 5188 3645 5253 Ἰουδαίοις

2070 5278 2290 5343 στάσεις
2321 5278 2595 5334 κινοῦντα.
2622 5299 2641 5333 ι
2688 5281 2763 5335 Τδ
2788 5283 2899 5337 τῶν
2921 5281 3264 5353 Ναζωραίων
3299 5279 3478 5334 ἐδόκει
3517 5282 3645 5334 ἐπο-

2067 5371 2329 5427 νείδιστον
2376 5366 2541 5439 εἶναι,
2589 5372 2683 5426 καὶ
2736 5374 2844 5428 ἀπὸ
2888 5373 3095 5427 κτούτου
3149 5370 3313 5424 πάλιν
3360 5370 3640 5427 διέϐαλλον

2065 5465 2251 5520 αὐτόν’
2284 5466 2317 5535 ἡ
2351 5464 2462 5535 γὰρ
2489 5464 2740 5535 Ναζαρὲτ
2781 5464 3003 5534 εὐτελὴς
3032 5458 3118 5533 ἦν.
3138 5462 3459 5533 Αίρετικοῖές
3490 5462 3642 5529 λέγει

2065 5558 2190 5619 τοὺς
2218 5555 2577 5627 Ναζωραίους
2604 5561 2632 5611 0
2663 5556 2951 5626 Τέρτυλος,
2985 5555 3061 5618 ὡς
3089 5550 3232 5608 εἶναι
3290 5556 3384 5608 καὶ
3437 5554 3641 5625 ταύτην

2066 5648 2126 5702 ἐν
2180 5647 2455 5710 Ἰουδαίοις
2488 5648 2720 5715 αἵρεσιν,
2755 5644 2955 5715 μάλὶον
2982 5645 3039 5699 δὲ
3074 5648 3104 5701 0
3148 5645 3417 5719 Τέρτυλος
3440 5645 3641 5719 Ἕλλην

2021 5808 2028 5816 ⁸
2064 5732 2257 5808 ἧν,διδ
2282 5738 2379 5795 καὶ
2412 5738 2759 5809 ἐρητόρευεν,
2786 5736 2905 5808 ἦτοι
2932 5736 3254 5809 ἐδικολόγει.
