4058 6210
468 212 598 276 112⁸1

1386 205 1959 266 TIIEOPIIYLACTI
2004 208 2416 268 BULG.\RI:E
2458 207 2820 269 ARCIIIEP.

3575 205 3716 271 “'28

466 327 741 396 σχυντεῖν·
800 322 888 375 διὰ
939 322 1046 391 γάρ
1079 321 1235 372 τοῦτο
1267 322 1360 372 καὶ
1390 319 1448 368 τὸ
1504 317 1683 369 πλοῖον
1731 316 2029 378 διαλύεται,
2067 325 2108 378 Λ
2139 317 2729 390 πεπληροφορημένης.
2781 319 2861 370 ὅτι
2906 315 3262 386 σωθήσονται.
3305 317 3362 367 '0
3401 317 3456 368 δέ
3509 317 3720 377 Παῦλος

461 418 556 470 καὶ
591 415 1010 484 ἐπισφίγγονται
1043 411 1223 463 αὐτῶν
1253 413 1309 463 αἱ
1339 410 1530 479 ψυχαί.

531 503 664 560 Εἶτα
692 505 830 574 μετά
861 503 1114 556 τοσοῦτον
1146 503 1414 573 χειμῶνα,
1438 503 1538 555 οὐκ
1562 503 1910 571 ἐπεμϐαίνων
1937 503 2036 554 αῦ-

465 605 579 662 τοῖς
603 599 937 665 διαλέγεται,
978 595 1112 648 ἁλλά
1145 595 1494 665 βουλόμενος,
1521 597 1615 648 καὶ
1647 596 1725 657 εἰς
1757 594 1816 646 τὸ
1847 594 2040 664 μέλλον

465 693 845 761 πιστευθῆναι,
882 688 1071 742 καὶτὰ
1097 690 1443 758 γεγενημένα
1493 687 1917 758 παραλαμϐάνει
1959 689 2039 750 εἰς

462 787 774 856 μαρτυρίαν
805 783 904 852 τῆς
935 782 1042 834 τῶν
1067 782 1463 852 ῥηθησομένων
1498 781 1779 852 ἀληθείας,
1822 782 1918 834 καὶ
1947 782 2039 835 δύο

458 880 740 952 προλέγει,
771 879 856 930 ὅτι
885 896 903 928 ι
939 877 1032 937 Εἰς
1063 875 1228 945 νῆσον
1260 877 1516 928 ἐκπεσεῖν
1542 875 1645 937 δεῖ,
1677 895 1694 926 ι
1735 875 1829 927 καὶ
1857 876 1940 928 ὅτι
1965 873 2038 927 Τὸ

458 973 559 1042 μὲν
603 971 785 1023 πλοῖον
829 970 1140 1031 ἀπολεῖται,
1171 968 1222 1021 οί
1271 967 1330 1021 δέ
1384 967 1598 1029 ἐνόντες
1661 967 2035 1036 σωθήσονται·

453 1065 594 1134 ὅπερ
619 1065 719 1117 οὐκ
744 1059 811 1132 ἦν
847 1059 1182 1131 στοχασμοῦ,
1218 1059 1358 1114 ἀλλά
1415 1058 1777 1130 προφητείας.
1822 1059 1918 1111 καὶ
1956 1060 2038 1112 ὅτι

463 1175 484 1206 ι
522 1157 763 1225 Καίσαρι
817 1154 899 1207 δεῖ
953 1153 1329 1223 παραστῆναι.
1367 1170 1385 1203 ι
1425 1152 1590 1204 Ὥστε
1621 1150 1714 1204 οῦν
1743 1151 1939 1220 ψευδὲς
1976 1151 2038 1204 τὸ

456 1248 748 1318 εἰρημένον
773 1265 850 1317 τῳ
913 1249 1157 1316 ομήρφ’

456 1383 684 1452 Μοῖραν
722 1383 774 1436 δ’
799 1382 870 1436 οὔ
891 1381 1025 1436 ’τινά
1047 1400 1195 1452 φημι
1239 1380 1625 1451 πεφυγμένον
1649 1381 2038 1523 ἕμμῖἑῖἕνάν-

1857 1469 1962 1503 ων.

461 1525 543 1578 Οὐ
576 1523 788 1589 κακὸν,
832 1523 975 1578 οὐδὲ
1019 1521 1136 1591 μὲν
1187 1523 1438 1586 ἐσθλὸν,
1489 1522 1650 1591 ἐπὴν
1710 1471 2037 1589 τάοίίῧῖῦτα

1639 1592 1932 1664 [γένηται.

467 1708 532 1759 Ὀ
561 1707 828 1770 συνειδὸν,
856 1705 1120 1758 ἀδύνατον
1147 1707 1407 1775 ἐκφυγεῖν
1429 1704 1528 1775 τὴν
1552 1705 1657 1758 τοῦ
1679 1705 1912 1759 Θανάτου
1952 1708 2034 1759 εί-

464 1799 776 1868 μαρμένην,
812 1798 930 1866 ἅμα
966 1801 1032 1867 τῇ
1065 1799 1320 1867 γεννήσει
1350 1798 1641 1867 όρίζουσαν
1685 1797 1776 1849 τὸν
1805 1797 1900 1850 τοῦ
1943 1799 2036 1850 ἀν-

463 1890 686 1961 θρώπου
721 1889 973 1944 θάνατον.
1003 1889 1140 1942 Ἰδοὺ
1169 1890 1300 1960 γὰρ,
1331 1891 1380 1942 εί
1414 1889 1488 1958 μὴ
1521 1889 1607 1941 διὰ
1631 1889 1864 1952 Παῦλον,
1888 1887 2037 1960 εἶχον

462 1984 665 2042 πάντες
696 1984 744 2034 οἱ
774 1983 832 2034 ἐν
870 1981 946 2051 τῷ
978 1981 1148 2051 πλοίῳ
1184 1981 1517 2034 ἀπολέσθαι·
1561 1981 1759 2036 ἔπειτα
1789 1982 1846 2036 δὲ
1887 1985 1933 2037 εί
1959 1985 2036 2038 εῖ-

464 2091 640 2142 μαρτο
687 2073 894 2135 πάντας
927 2071 1243 2137 ἀπολέσθαι,
1295 2067 1442 2142 εἶχεν
1490 2073 1555 2126 ἀν
1601 2075 1694 2126 καὶ
1748 2077 1776 2128 6
1821 2076 2036 2140 Παῦλος

458 2163 781 2227 ἀπολέσθαι,
813 2165 936 2216 ὅσον
993 2165 1058 2216 ἐκ
1086 2163 1195 2216 τῶν
1225 2165 1469 2230 εἰκότων,
1502 2165 1559 2216 ἐν
1588 2165 1816 2232 πελάγει
1848 2169 2036 2232 ἄσιτος

458 2257 650 2325 μείνας
677 2256 1085 2328 δεκατέσσαρας
1110 2255 1326 2326 ἡμέρας
1356 2259 1413 2309 ἐν
1437 2255 1514 2326 τῷ
1537 2257 1728 2329 πλοίῳ,
1759 2261 1851 2312 καὶ
1881 2260 2036 2313 ὓστε-

325 2397 350 2416 .
459 2365 552 2416 ρον
581 2349 921 2416 ναυαγήσας.
959 2344 1092 2400 Εἷπε
1124 2349 1231 2418 γὰρ
1257 2348 1285 2403 ὁ
1317 2347 1521 2417 ψευδὴς
1552 2350 1743 2417 λόγος·
1782 2369 1801 2403 ι
1831 2351 1905 2403 Οὐ
1937 2369 2037 2405 κα-

457 2437 550 2490 κὸν
585 2439 704 2490 ούδέ
731 2437 830 2508 μὲν
865 2437 1054 2490 ἐσθλόν
1075 2451 1089 2466 ⁸
1116 2438 1224 2491 ἔδει
1253 2439 1363 2510 γάρ
1399 2440 1496 2492 καὶ
1529 2441 1655 2504 τοὺς
1686 2442 1905 2505 καλοὺς,
1942 2444 2037 2497 καὶ

455 2531 584 2593 τοὺς
614 2533 845 2595 κακοὺς,
879 2534 936 2584 ἐν
970 2531 1054 2584 ἐνὶ
1085 2531 1353 2596 πεσόντας
1409 2533 1664 2604 πτώματι
1718 2534 2031 2589 ἀποθανεῖν.

467 2623 632 2676 Ἀλλά
673 2623 733 2676 τὸ
767 2623 1010 2677 ἐναντίον
1057 2624 1210 2678 εἶπεν
1244 2627 1277 2697 ἡ
1317 2626 1516 2696 Γραφὴ
1549 2667 1564 2691 ,
1604 2628 1686 2680 ὅτι
1740 2629 1768 2681 6
1823 2627 2034 2693 δίκαιος

455 2712 692 2778 ἐσώζετο
725 2715 784 2781 ἐξ
810 2715 1248 2787 ὁμολογουμένου
1297 2719 1566 2784 κινδύνου,
1597 2721 1777 2776 καίτοι
1815 2723 2034 2778 πάντων

456 2806 564 2860 τῶν
614 2808 709 2861 σὺν
751 2808 898 2879 αύτῴ
951 2809 1409 2881 ἀποθνησκόντων
1438 2828 1450 2842 ·
1493 2811 1635 2864 οὕτω
1669 2814 1780 2885 γάρ
1828 2810 1898 2886 ἦν
1948 2815 2032 2882 τὸ,

457 2897 628 2963 Δόξαν
651 2899 812 2952 αὐτὸν
850 2901 1108 2956 ἀπελθεῖν
1139 2888 1428 2974 ἐνῬώμῃ.
1459 2904 1570 2958 Καὶ
1595 2905 1822 2960 ἐδύνατο
1844 2909 1872 2961 6
1900 2907 2034 2971 Θεὸς

2062 1660 2110 1720 Β

2145 413 2429 482 ἑωρακὼς,
2481 413 2690 482 ὃτι-διὰ
2754 414 2852 482 τὴν
2911 413 3158 482 ἀνάγκην
3212 409 3493 462 ἐπείθοντο
3543 410 3717 478 αὐτῷ,

2143 504 2335 575 καιρὸς
2356 505 2413 558 δέ
2439 505 2536 559 οὐκ
2559 478 2627 576 ἦν
2656 505 2958 574 ἀθυμοῦσιν
2987 505 3167 566 αὐτοῖς
3192 503 3284 554 καὶ
3314 501 3721 554 κινδυνεύουσιν

2142 598 2593 667 εὐαγγελίζεσθαι
2625 599 2715 650 τὸν
2743 597 2947 669 Κύριον
2967 593 3176 666 Ἰησοῦν
3209 594 3468 667 Χριστὸι,
3491 595 3628 658 τέως
3655 597 3721 647 ἐκ

2145 691 2347 761 μέρους
2377 691 2624 744 διδάσκει
2650 691 2848 754 αὐτοὺς
2872 691 2969 762 τὴν
2997 689 3325 752 θεοσέϐειαν,
3354 688 3413 740 τὸ
3438 689 3513 758 μὴ
3545 687 3720 750 άλὶως

2141 781 2278 851 κλᾷν
2331 781 2516 852 ἄρτον,
2560 783 2609 834 εἰ
2667 782 2743 852 μὴ
2806 783 3024 854 πρῶτον
3077 782 3582 852 εύχαριστήσαντας
3641 779 3718 848 τῷ

2144 872 2290 942 μόνῳ
2315 871 2456 942 Θεῷ,
2489 872 2663 936 οὕτως
2711 872 2914 926 ἐσθίειν
2937 888 2953 904 ·
2993 872 3088 926 καὶ
3118 872 3265 942 ημᾶς
3299 870 3354 923 δέ
3385 872 3448 924 τὸ
3474 871 3603 924 αὐτὸ
3640 872 3721 924 διο

2139 965 2350 1020 δάσκει.
2395 984 2414 1016 ι
2443 966 2691 1030 Ἀνέντες
2730 967 2830 1030 τάς
2859 965 3214 1036 ζευκτηρίας,
3251 983 3269 1016 ι
3298 965 3392 1018 καὶ
3431 964 3620 1018 λύεται
3659 968 3720 1017 τὸ

2140 1054 2325 1106 πλοῖον
2359 1055 2416 1107 ἐν
2445 1055 2654 1128 ἡμέρα,
2721 1055 2809 1109 ἵνα
2868 1058 2946 1126 μὴ
2976 1057 3054 1125 τῷ
3085 1056 3237 1126 φόϐῳ
3264 1055 3610 1120 διαλυθῶσιν,
3653 1055 3720 1108 ἶν’

2139 1144 2288 1215 εῖδῃς
2339 1146 2486 1215 ἔργῳ
2522 1145 2622 1216 τὴν
2686 1147 3046 1217 προφητείαν.
3093 1147 3277 1216 Ὁρᾷς,
3331 1147 3414 1199 ὅτι
3445 1147 3540 1198 καὶ
3578 1147 3722 1199 κατά

2149 1237 2310 1289 τοῦτο
2363 1237 2439 1307 τῷ
2473 1237 2673 1306 Παύλῳ
2711 1238 3117 1310 ἐχαρίσθησαν;
3145 1237 3232 1291 διὰ
3264 1239 3374 1306 γὰρ
3416 1237 3576 1290 αὑτὸν
3617 1237 3722 1290 οὐκ

2143 1329 2326 1383 εἴασεν
2362 1331 2560 1394 αὐτοὺς
2612 1331 3022 1402 ἀναιρεθῆναιό
3076 1331 3497 1399 ἑκατόνταρχος.
3530 1330 3721 1390 Οῦτως

2141 1423 2265 1490 ἐμοὶ
2312 1421 2564 1476 δοκοῦσιν
2607 1422 3022 1493 ώμολογημένοι
3065 1419 3204 1476 εἶναι
3251 1424 3493 1476 κάκεῖνοι
3531 1424 3716 1482 κακοὶ,

2138 1513 2281 1567 ὥστε
2313 1514 2530 1571 ἐλέσθαι
2560 1516 2757 1580 αὐτοὺς
2779 1516 3010 1582 ἀνελεῖν,
3049 1519 3144 1571 καὶ
3187 1518 3445 1588 πειρᾶται
3480 1518 3508 1570 ό
3536 1514 3716 1569 διάϐα-

2139 1609 2228 1672 λος
2256 1609 2554 1681 ἐμποδίσαι
2583 1610 2681 1680 τὴν
2711 1609 3082 1681 προφητείαν·
3110 1611 3225 1664 ἀλλ’
3256 1611 3284 1664 ό
3319 1611 3716 1680 ἑκατόνταρχος

2140 1679 2622 1772 ἦδηίξ›κειωμένος
2642 1679 2716 1773 ἦν
2859 1679 3076 1774 Παύλῳ.

2211 1791 2372 1864 [ΤΟΥ
2399 1793 2606 1846 ΑΓΙΟΥ
2635 1792 3046 1866 ΒΑΣΙΛΕΙΟΥ.]
3077 1795 3190 1866 Οὐχ
3209 1794 3363 1866 ὁρᾷς,
3395 1795 3474 1848 ὅτι
3498 1814 3711 1866 φρυγα-

2138 1885 2408 1955 νιζομένῳ
2438 1883 2516 1954 τῷ
2551 1885 2770 1956 Παύλῳ,
2799 1886 3002 1955 ἐνάψας
3037 1885 3172 1957 ἔχις,
3219 1887 3341 1940 ούδέ
3372 1887 3500 1958 μίαν
3542 1904 3711 1959 πρισ-

2138 1975 2396 2046 ετρίψατο
2425 1975 2653 2046 βλάϐην,
2686 1975 2776 2030 διὰ
2798 1975 2862 2029 τὸ
2893 1977 3186 2048 πληρωτὴν
3217 1979 3455 2042 πίστεως
3485 1978 3710 2050 εὑρεθῆ-

2138 2083 2224 2118 ναι
2264 2065 2358 2118 τὸν
2400 2068 2590 2134 ἀγιον;
2634 2065 2696 2118 Εί
2720 2065 2777 2119 δὲ
2802 2066 3074 2132 ἀπιστεῖς,
3113 2066 3282 2134 φοϐοῦ
3312 2066 3387 2138 μὴ
3419 2067 3616 2137 μᾶλλον
3649 2071 3707 2120 τὸ

2139 2157 2348 2228 θηρίον,
2377 2159 2410 2232 ἢ
2442 2161 2542 2230 τὴν
2577 2158 2805 2214 σεαυτοῦ
2833 2158 3114 2226 ἀπιστίαν,
3151 2159 3219 2214 δι’
3247 2155 3314 2232 ἦς
3347 2162 3497 2233 πάσῃ
3538 2161 3708 2232 φθορᾷ

2137 2252 2408 2308 εὐάλωτον
2438 2254 2632 2307 ἑαυτὸν
2665 2253 3010 2324 κατέστησαν
3039 2253 3286 2328 [facta].

2211 2345 2638 2418 [ΘΕΟΔΩΡΟΥ.]
2685 2348 2746 2402 '0
2777 2348 2895 2419 ἔχις
2955 2352 3021 2421 τῇ
3072 2349 3167 2403 τοῦ
3202 2349 3528 2404 Ἀποστόλου
3565 2352 3706 2422 χειρὶ

2137 2443 2264 2502 τοὺς
2291 2439 2510 2503 ὀδόντας
2542 2440 2818 2510 ἐμϐαλών,
2847 2443 2941 2496 καὶ
2973 2442 3073 2512 τῆς
3109 2443 3390 2513 ἁμαρτίας
3430 2442 3490 2494 τὸ
3513 2443 3704 2513 χαῦνον

2137 2533 2233 2586 καὶ⁵
2263 2531 2483 2602 χλιαρὸν
2522 2533 2598 2602 μὴ
2629 2532 2830 2604 εὑρών,
2865 2533 3189 2606 ἀπεπήδησε
3243 2533 3578 2605 παραυτίκα,
3613 2536 3705 2588 καὶ

2137 2621 2281 2676 κατὰ
2331 2623 2431 2694 τῆς
2486 2625 2670 2694 πυρᾶς
2727 2625 2914 2696 ἥλατο,
2957 2625 3146 2697 ὥσπερ
3174 2625 3332 2690 δίκας
3392 2627 3565 2698 ἐαυτῷ
3595 2628 3704 2678 εἰσ-

2137 2717 2534 2787 πραττόμενος,
2591 2717 2672 2772 ὃτι
2701 2719 2779 2788 τῷ
2811 2719 3126 2790 μηδαμόθεν
3173 2721 3505 2793 προσήκοντι
3542 2737 3702 2792 προσ·

2139 2807 2294 2861 έϐαλε
2363 2808 2600 2879 σώματι.
2637 2811 2830 2881 Ἡμεῖς
2899 2811 2956 2865 δὲ
3017 2812 3085 2866 τὰ
3129 2812 3301 2884 θηρία
3354 2814 3696 2884 δεδοίκαμεν,

2139 2898 2327 2970 ἐπειδὴ
2355 2900 2452 2970 τῆς
2483 2901 2683 2972 ἀρετῆς
2717 2901 2816 2972 τὴν
2849 2900 3152 2956 πανοπλίαν
3179 2903 3280 2957 οὐκ
3320 2905 3537 2974 ἔχομεν.
3588 2907 3700 2958 Κα-

452 2991 698 3060 ἁρπάσαι
754 2993 917 3045 αὑτὸν
957 2994 1067 3047 ἀπὸ
1110 2995 1490 3066 Ἰερουσαλὴμ,
1544 2999 1641 3052 καὶ
1681 2998 1750 3052 δι’
1798 3000 2030 3068 ἀγγέλου
2060 3002 2102 3060 c
2136 2991 2246 3056 λῶς
2277 2991 2336 3046 δὲ
2393 2995 2750 3066 συνεχωρήθη
2805 2995 2984 3060 τοῦτο.
3036 2995 3176 3049 ὥστε
3208 2997 3301 3050 καὶ
3353 2997 3482 3050 ἰδεῖν
3513 2998 3700 3060 αὐτοὺς

455 3081 653 3146 στῆσαι
681 3084 738 3135 ἐν
776 3084 962 3156 Ῥώμῃ
988 3123 1002 3147 ,
1039 3085 1222 3149 καθὼς
1248 3088 1342 3140 τὸν
1367 3089 1652 3160 Ἀϐακοὺμ
1679 3092 1737 3157 ἐξ
1770 3091 2034 3156 Ἰουδαίας

455 3171 733 3240 ἁρπάσας,
783 3175 1131 3244 παρέστησεν
1179 3178 1237 3227 ἐν
1287 3177 1566 3231 Βαϐυλῶνι
1597 3182 1674 3250 τῷ
1713 3182 1902 3252 λάκκῳ
1939 3183 2032 3236 τοῦ

455 3265 676 3334 Δανιὴλ.
703 3266 847 3319 Ἀλλ’
877 3268 977 3319 οὐκ
1012 3269 1259 3338 ἐποίησε,
1286 3271 1380 3322 καὶ
1403 3271 1560 3324 τοῦτο
1584 3273 2035 3344 θαυματουργίας

454 3354 614 3424 ἔργον
642 3349 782 3408 εἶναι
808 3355 1010 3420 δείξας,
1042 3357 1103 3411 τὸ
1135 3358 1193 3422 ἐξ
1215 3359 1542 3414 ἀνελπίστου
1587 3364 1832 3419 κινδύνου
1861 3367 2034 3423 σώσαι

453 3446 548 3497 τὸν
583 3446 794 3499 Παῦλον
839 3449 1087 3512 καὶτοὺς
1136 3451 1232 3504 σὺν
1267 3451 1439 3523 αὐτῷ.
1480 3453 1807 3525 Ἐχαρίσατο
1839 3459 1893 3512 δὲ
1933 3461 2034 3526 τὰς

456 3537 554 3604 μὲν
581 3537 756 3608 Ιζιυχᾶις
784 3538 861 3610 τῷ
902 3540 1100 3613 Παύλῳ
1133 3543 1512 3616 (φιλόστοργος
1545 3550 1657 3620 γὰρ
1678 3545 1747 3620 ἦν
1774 3553 1866 3606 καὶ
1913 3555 2034 3625 φιλ-

451 3625 793 3698 ἅνθρωπος),
819 3632 880 3684 τὸ
905 3632 962 3685 δὲ
995 3633 1181 3687 πλοῖον
1212 3636 1311 3691 καὶ
1336 3637 1406 3691 τὰ
1442 3640 1540 3693 σὺν
1571 3642 1721 3713 αύτῷ
1745 3641 1916 3716 [ἄθρει
1961 3651 2029 3720 τῇ

451 3718 694 3791 θαλάσσῃ
732 3722 1122 3795 παρεχώρησε,
1182 3728 1262 3781 vel
1294 3727 1400 3782 tale
1423 3729 1592 3802 quid].
1640 3732 1714 3796 ώς
1763 3735 1836 3805 μὴ
1883 3718 2032 3792 dum;

449 3811 774 3879 ποιουμένου
804 3814 897 3866 τοῦ
924 3815 1207 3884 θεοφιλοῦς
1238 3819 1346 3871 τῶν
1378 3821 1473 3873 ἐπὶ
1511 3823 1636 3890 γῆς,
1681 3825 1818 3894 μηδέ
1863 3829 2030 3899 ἀχθο-

451 3899 612 3968 μένου
644 3905 737 3955 ἐπὶ
775 3907 841 3971 τῇ
869 3906 1073 3960 τούτων
1121 3909 1390 3980 ἀπωλείᾳ.
1429 3905 1557 3964 Ὧδε
1589 3909 1682 3967 οὖν
1713 3915 1801 3969 διὰ
1832 3919 1923 3972 τὸν
1949 3921 2030 3974 δί-

449 4009 605 4044 καιον
629 3993 796 4056 ζῶσιν
825 3998 876 4048 οί
904 3999 1122 4062 ἀσεϐεῖς
1142 4017 1157 4032 ·
1187 4001 1302 4054 ἐστι
1334 4002 1389 4055 δὲ
1413 4004 1502 4057 ὅτε
1529 4005 1592 4058 τὸ
1627 4009 1892 4072 ἐναντίον,
1932 4014 2029 4066 καὶ

447 4083 554 4153 πρὸ
578 4083 727 4156 ὥρας
768 4089 795 4140 6
826 4089 1030 4159 ἀσεϐὴς
1077 4091 1398 4158 ἀπόλλυται,
1433 4095 1520 4149 διὰ
1553 4097 1651 4166 τὴν
1688 4100 1881 4154 ἑαυτοῦ
1925 4120 2026 4156 κα-

446 4174 603 4238 κίαν,
634 4177 731 4229 τοῦ
766 4177 903 4232 Θεοῦ
949 4181 1122 4245 οὕτως
1161 4183 1322 4236 πάλιν
1358 4184 1689 4257 βουλομένου
1711 4207 1726 4220 ·
1779 4193 1962 4256 καθὼς
1999 4197 2027 4247 δ

458 4262 889 4338 Ἑκκλησιαστής
928 4285 1093 4339 φησι·
1133 4288 1151 4322 ι
1188 4271 1280 4342 Μὴ
1310 4273 1515 4345 ἀσεϐὴς
1575 4273 1642 4350 ᾗς
1687 4279 1844 4345 πολὺ,
1889 4283 2025 4353 μηδέ

444 4355 597 4423 γίνου
625 4358 884 4427 σκληρὸς,
939 4361 1078 4432 μηδέ
1147 4362 1223 4434 [Ῑ.
1250 4365 1325 4434 μὴ
1369 4365 1486 4438 καὶ]
1531 4369 1810 4443 ἀποθάνῃς
1859 4375 1917 4427 ἐν
1959 4377 2021 4429 ού
2061 4353 2103 4407 D

444 4443 624 4514 καιρῷ
651 4463 769 4502 σου.
804 4448 1106 4518 »Ἐμελλον
1133 4454 1185 4505 οί
1213 4453 1407 4507 ναῦται
1442 4457 1686 4525 φεύγειν,
1725 4463 2020 4519 ἀπιστοῦν-

440 4549 534 4596 τες
563 4534 643 4604 τῷ
668 4535 978 4608 λεγομένῳ·
1031 4541 1058 4591 6
1104 4540 1161 4592 δὲ
1201 4541 1602 4616 ἑκατόνταρχος
1651 4552 1899 4606 πιστεύει
1939 4555 2019 4624 τῷ

441 4617 670 4711 Παύλῳ·
708 4625 842 4694 φησὶ
871 4627 1010 4696 γάρ·
1047 4628 1204 4683 «Ἐὰν
1231 4624 1376 4686 οὗτοι
1413 4635 1679 4704 φύγωσιν.
1724 4642 1882 4711 ὑμεῖς
1911 4617 2017 4699 σωζ

441 4706 602 4779 θῆναι
635 4715 696 4765 ού
724 4714 989 4769 δύνασθε·
1039 4719 1100 4772 οὐ
1128 4720 1216 4774 διά
1257 4723 1436 4790 τοῦτο,
1481 4729 1594 4782 ἀλλ’
1643 4730 1728 4784 ἵνα
1769 4735 2018 4809 κατάσχῃ

439 4801 662 4869 αὐτοὺς,
689 4804 787 4872 καὶ
814 4807 846 4877 ἡ
877 4812 1187 4879 προφητεία
1221 4814 1297 4884 μὴ
1335 4816 1571 4890 διαπέσῃ
1605 4823 1698 4875 τοῦ
1729 4801 2015 4896 Παύλου-⁷η

437 4893 694 4960 λέγουσα,
725 4896 804 4948 ὅτι
846 4916 863 4949 ι
907 4899 1037 4954 Ἰδοὺ
1066 4904 1391 4974 κεχάρισταί
1426 4924 1508 4961 σοι
1559 4913 1588 4962 ὁ
1635 4909 1768 4975 Θεὸς
1809 4893 2015 4977 πάντας

436 4985 566 5048 τοὺς
603 4985 884 5051 πλέοντας.
925 5009 943 5042 ι
990 4991 1101 5045 Καὶ
1132 4995 1161 5046 6
1203 4994 1302 5063 μὲν
1333 4998 1729 5070 ἑκατόνταρχος
1767 5003 2015 5058 πείθεται

439 5079 535 5131 καὶ
569 5079 833 5146 πιστεύει,
874 5081 1016 5137 ὥστε
1054 5087 1149 5139 καὶ
1191 5089 1290 5157 τὴν
1323 5091 1539 5161 σκάφην
1571 5095 1785 5160 ἀφεῖναι
1815 5097 2015 5149 ἀπολέο

441 5167 568 5221 σθαι
588 5185 602 5200 ·
627 5171 674 5223 εἰ
706 5170 766 5224 δέ
797 5175 846 5226 οἱ
871 5175 1065 5228 ναῦται
1083 5175 1234 5230 οὔπω
1257 5179 1610 5251 ἐπείσθησαν,
1639 5184 1753 5236 ἀλλ’
1788 5185 2013 5258 ὕστερον

439 5260 713 5316 πείθονται
735 5282 746 5294 ·
783 5268 876 5320 καὶ
900 5268 1007 5338 γάρ
1035 5269 1096 5322 τὸ
1122 5271 1279 5338 γένος
1302 5273 1506 5327 τούτων
1525 5274 1590 5346 [Ῑ.
1621 5277 1799 5349 τοῦτο)
1823 5279 2011 5348 ἰταμόν

439 5354 553 5416 πώς
588 5358 726 5412 ἐστι.
771 5377 789 5409 ι
827 5359 995 5413 Τοῦτο
1034 5361 1144 5431 γάρ
1190 5363 1325 5433 πρὸς
1365 5364 1467 5433 τῆς
1521 5367 1791 5438 ὑμετέρας
1842 5387 2013 5440 σωτη-

441 5447 562 5517 ρίας
596 5449 734 5504 ἐστί.
775 5471 794 5503 ι
848 5453 1038 5519 Ποῖον;
1075 5455 1148 5508 Τὸ
1184 5459 1398 5525 φαγεῖν,
1436 5476 1456 5508 ι
1499 5462 1709 5530 μήποτε
1753 5462 1832 5527 τῷ
1867 5463 2010 5534 λιμῷ

437 5537 793 5610 διαφθαρῆτε.
825 5562 844 5594 ι
876 5545 949 5595 Τὸ
975 5547 1369 5616 εὐχαριστῆσαι
1399 5549 1475 5620 τῷ
1504 5550 1622 5621 Θεῷ
1648 5555 1740 5606 ἐπὶ
1773 5557 1884 5617 τοῖς
1919 5571 2008 5622 γε·

437 5636 760 5700 γενημένοις
793 5679 807 5703 ,
858 5636 1099 5708 ἔρρωσεν
1156 5642 1352 5707 αύτούς
1388 5659 1402 5677 ·
1449 5643 1604 5698 τοῦτο
1669 5647 1777 5720 γὰρ
1831 5650 2008 5722 ψυχῆς

2135 3085 2230 3138 καὶ
2271 3084 2610 3155 φθέγξασθαι
2642 3086 2833 3152 ταῦτα,
2855 3087 2924 3140 ἶν’
2954 3089 3084 3142 ὅταν
3105 3089 3329 3160 γένηται
3359 3088 3435 3161 μὴ
3473 3090 3699 3158 ἀπιστῆ-

2133 3193 2221 3229 ναι
2259 3176 2321 3247 [ι’.
2355 3177 2677 3252 ἀπιστῆται]
2706 3180 2766 3232 τὸ
2804 3182 3057 3250 πρᾶγμα.
3107 3185 3249 3253 Ὅρα
3280 3183 3479 3246 αὐτοὺς
3509 3183 3699 3236 αἰδεσί-

2137 3282 2254 3334 μως
2279 3269 2414 3335 πρὸς
2447 3269 2710 3340 ἀλλήλους
2736 3271 3016 3339 λέγοντας,
3053 3276 3148 3327 καὶ
3181 3275 3278 3345 τὴν
3315 3275 3548 3346 φυσικὴν
3579 3276 3700 3346 κρί⁹

2137 3371 2222 3408 σιν
2250 3356 2674 3432 διηρθρωμένην
2711 3363 2806 3415 καὶ
2832 3365 2984 3433 παρά
3013 3364 3335 3436 βαρϐάροις,
3372 3368 3505 3438 μηδὲ
3543 3384 3702 3420 κατα-

2134 3451 2502 3516 γινώσκοντας
2537 3454 2724 3519 ἁπλῶς
2744 3473 2757 3486 ·
2791 3457 2886 3510 καὶ
2915 3449 3064 3511 οὗτοι
3100 3460 3364 3532 πρότερον
3394 3461 3698 3531 βλέπουσιν,

2135 3541 2221 3594 ῖνα
2258 3544 2461 3613 μᾶλλον
2493 3545 2873 3616 θαυμάσωσιν.
2913 3549 3074 3612 Ἔθος
3102 3551 3210 3622 γὰρ
3266 3555 3376 3616 τοῖς
3411 3553 3702 3626 βαρϐάροις

2132 3633 2224 3689 τὸν
2255 3635 2513 3691 ποιοῦντά
2539 3655 2591 3691 τι
2626 3640 2927 3709 παράδοξον
2988 3643 3111 3696 θεὸν
3168 3647 3473 3717 ὀνομάζειν,
3515 3647 3701 3718 ὥσπερ

2133 3727 2230 3779 καὶ
2263 3728 2390 3790 τοὺς
2416 3728 2679 3794 παλαιοὺς
2715 3731 2870 3797 θεοὺς
2899 3733 3182 3805 ὠνόμαζον
3210 3737 3280 3790 δι’
3316 3739 3490 3809 ἰσχὺν,
3509 3757 3702 3810 περισ-

2136 3816 2230 3869 σόν
2255 3834 2307 3869 τι
2348 3817 2455 3871 τῶν
2485 3820 2609 3874 καθ’
2640 3821 2866 3888 ἑαυτοὺς
2898 3825 3208 3891 ποιοῦντας,
3233 3823 3344 3893 οἷος
3372 3826 3440 3901 ἦν
3466 3833 3492 3884 ό
3519 3832 3703 3900 Σαμα-

2133 3910 2258 3978 ρεὺς
2287 3909 2489 3980 Σίμων.
2517 3912 2648 3966 Ἰδοὺ
2682 3915 2844 3968 πάλιν
2878 3915 3037 3981 ἄλλος
3070 3919 3346 3988 φιλόξενος
3390 3924 3418 3976 6
3449 3921 3699 3987 Πόπλιος,

2131 4000 2224 4054 καὶ
2276 4002 2549 4068 πλούσιος,
2608 4004 2705 4058 καλ⁸
2752 4008 3160 4080 εὐπορώτατος,
3187 4041 3190 4044 -
3217 4014 3370 4067 οὐδὲν
3405 4015 3548 4081 ἰδὼν,
3585 4015 3701 4069 ἀλλ’

2131 4093 2240 4145 ἀπὸ
2271 4095 2367 4162 τῆς
2395 4100 2683 4168 συμφορᾶς
2721 4101 2888 4170 μόνης
2909 4101 3137 4173 ἐλεήσας
3169 4105 3388 4172 αὐτοὺς,
3410 4108 3706 4173 ὑπεδέξατο

2131 4184 2224 4236 καὶ
2270 4185 2606 4256 ἐθεράπευσε
2653 4189 2903 4246 διακόσια
2963 4195 3332 4266 ἐϐδομήκοντα
3363 4199 3422 4264 ἐξ
3441 4201 3703 4270 ὀνόματα.

2144 4273 2449 4346 Ἐννόησον,
2481 4278 2605 4332 ὅσον
2638 4280 2738 4350 τῆς
2779 4282 3084 4352 φιλοξενίας
3121 4287 3182 4339 τὸ
3213 4289 3422 4360 κέρδος.
3452 4295 3705 4345 Δυσεντεο

2135 4365 2226 4434 ρία
2259 4366 2320 4420 τὸ
2369 4367 2618 4426 δυσίατον
2666 4372 2762 4426 τοῦ
2797 4375 3007 4440 πάθους
3035 4383 3049 4397 ⁹
3083 4379 3226 4432 ἴασιν
3276 4379 3456 4436 λαϐὼν
3484 4382 3572 4436 διά
3607 4383 3702 4437 τοῦ

2129 4457 2367 4523 Παύλου,
2410 4462 2641 4527 πολλοὺς
2683 4467 2763 4528 είς
2793 4467 2976 4522 πίστιν
3014 4471 3241 4541 ἤγαγεν.
3277 4473 3436 4536 Ἐθος
3475 4475 3582 4547 γάρ
3611 4475 3706 4529 ἀεί

2129 4565 2249 4612 πως
2275 4551 2334 4602 ἐν
2364 4554 2485 4615 ταῖς
2524 4554 2923 4628 Ἀλεξανδρέων
2958 4562 3194 4630 μάλιστα
3246 4567 3424 4630 ναυσὶ,
3462 4569 3597 4639 πρός
3632 4585 3704 4636 γε

2127 4642 2193 4710 τῇ
2232 4641 2451 4713 πρώρᾳ,
2506 4645 2660 4711 δεξιά
2713 4665 2772 4702 τε
2840 4653 2934 4704 καὶ
2975 4653 3250 4726 εύώνῦμα,
3306 4659 3524 4728 γραφὰς
3561 4656 3705 4714 εἶναι

2124 4729 2384 4796 τοιαύτας
2417 4735 2527 4787 τῶν
2570 4738 2932 4811 Διοσκούρων,
2971 4744 3069 4798 ἅτε
3101 4747 3544 4820 εἰδωλολατρείας
3567 4769 3709 4822 κρα-

2125 4819 2329 4892 τούσης
2353 4826 2474 4878 κατ’
2490 4825 2666 4880 ἐκεῖνο
2682 4830 2874 4902 καιροῦ
2887 4849 2901 4863 ·
2920 4833 3093 4907 ταύτῃ
3121 4854 3202 4889 τοι
3223 4842 3363 4892 νοεῖν
3383 4841 3706 4907 ἀκόλουθον,

2125 4913 2423 4982 ἀλλόφυλον
2450 4912 2614 4985 εἶναι,
2649 4922 2927 4977 τουτέστιν
2953 4926 3380 5003 είδωλολάτρην,
3399 4933 3582 4996 καθὼς
3603 4937 3709 4987 καὶ

2136 5003 2365 5068 Ἡσαΐας
2418 5008 2587 5077 φησί·
2626 5031 2644 5061 ι
2686 5012 3130 5086 Πετασθήσονται
3179 5021 3239 5074 ὲν
3287 5023 3491 5088 πλοίοις
3545 5025 3710 5079 ἀλλο-

2125 5093 2327 5188 φύλων,
2353 5095 2630 5154 θάλασσαν
2661 5103 2777 5174 ἅμα
2810 5110 3262 5178 προνομεύσουσι.
3307 5114 3479 5168 Πόσον
3507 5115 3571 5188 [Γ.
3602 5117 3709 5170 πό-

2126 5183 2242 5257 σον]
2267 5181 2335 5255 ἦν
2355 5187 2668 5262 διαδραμὼν
2693 5194 2758 5265 If.
2783 5197 3103 5273 διαδραμὸν]
3127 5204 3186 5256 τὸ
3206 5205 3306 5274 τῆς
3335 5181 3572 5271 πίστεως
3594 5209 3704 5278 τῆς

2123 5276 2199 5338 είς
2236 5278 2474 5349 Χριστὸν
2523 5285 2804 5354 κήρυγμα,
2844 5290 2923 5342 ὅτι
2963 5292 3026 5361 δὴ
3074 5297 3169 5348 καὶ
3211 5296 3339 5370 ἄχρι
3380 5276 3704 5373 Ῥώμης

2125 5371 2364 5440 φθάσαν,
2407 5375 2500 5427 καὶ
2551 5379 2872 5450 ἐνεργῆσαν,
2929 5385 3024 5438 καὶ
3068 5389 3174 5458 πρὸ
3224 5392 3320 5460 τῆς
3350 5392 3445 5445 τοῦ
3481 5371 3700 5449 Παύλου

2121 5463 2436 5534 ἐπιδημίας.
2473 5467 2684 5534 Τόπους
2721 5476 2873 5538 τινάς
2906 5480 3160 5546 σημαίνει
3189 5483 3290 5550 πρὸ
3315 5483 3412 5552 τῆς
3446 5484 3693 5556 ’Βώμης,

2121 5557 2211 5608 τὸν
2239 5557 2339 5626 μὲν
2371 5560 2556 5614 εἰκόνα
2589 5565 2710 5616 τινὰ
2749 5568 2980 5621 ’Λππίου
3023 5570 3237 5638 ἔχοντα,
3268 5573 3342 5635 ὡς
3389 5577 3557 5644 είκὸς,
3597 5582 3698 5632 καὶ

2122 5649 2289 5720 φόρον
2342 5646 2699 5724 καλούμενον,
2749 5661 2822 5725 ὡς
2857 5662 3019 5734 μέχρι
3067 5663 3162 5719 νῦν
3191 5667 3380 5722 αἰτῶν
3424 5670 3699 5740 βασιλέων
