4058 6210
365 308 505 377 1133

1172 305 1581 369 EXPOSITIO
1627 307 1710 369 IN
1752 305 1992 369 EPIST.
2030 307 2096 372 S.
2121 307 2410 371 JACOBI.
2443 311 2685 374 "CAP.
2714 313 2769 375 Ῑ.

3507 322 3646 386 1131

361 423 478 489 ζειν
499 417 848 491 ἐπιστρέφειν
871 414 996 481 τοὺς
1015 415 1415 487 πλανηθέντας,
1440 417 1535 471 ἐπὶ
1552 416 1653 488 τὴν
1668 416 1951 489 ἀλήθειαν·
1985 420 2011 477 ,Α

2084 419 2267 489 ﬁtquc,
2298 421 2464 492 hujus
2502 423 2581 479 rvi
2631 423 2937 482 mercedem
2972 441 3003 481 a
3028 425 3260 483 Domino
3293 445 3416 489 esse
3446 437 3646 493 remis—

360 513 499 570 εἶναι
530 513 642 584 γὰρ
689 510 884 565 τούτου
947 508 1145 579 μισθὸν
1179 511 1332 581 παρᾶ
1383 507 1479 563 τοῦ
1513 510 1726 581 Κυρίου
1754 510 1950 580 ἄφεσιν

2088 509 2268 566 ionem
2328 521 2701 582 peccatorum.
2775 516 2840 571 Et

2055 601 2152 655 vit.

359 603 666 676 ἁμαρτιῶν.
690 604 801 658 Καὶ
828 600 974 656 οὕτω
1007 600 1210 654 τελειοῖ
1239 600 1337 672 τὴν
1369 601 1717 672 Ἐπιστολὴν.

360 739 683 794 ΕΚΘΕΣῙΣ
713 736 853 791 ΤΩΝ
881 736 1316 792 ΚΕΦΑΛΑΙΩΝ
1354 735 1489 789 ΊἩΣ
1531 736 1952 791 ΚΑΘΟΛΙΚΗΣ

737 810 1055 862 ΕΠΙΣΤΟΛ
1064 808 1163 860 ΗΣ
1208 806 1483 861 ΙΑΚΩΒΟ
1495 806 1556 860 Υ.
1864 826 1867 829 ·

2924 517 3005 573 sie
3076 516 3383 590 Epistolam
3455 524 3644 582 absol-

2124 732 2366 788 INDEX
2402 734 2483 791 CA
2498 733 3173 866 I’ITUJHJ’C‘éngdPLICﬁ
3202 741 3575 803 EPISTOLIE

354 923 426 979 α’.
458 922 598 991 Περὶ
653 917 987 991 ὑπομονῆς,
1042 917 1142 973 καί
1191 918 1451 985 πίστεως
1500 917 1982 987 ἀνυποκρίτου,,

2091 956 2107 973 .
2138 917 2213 973 De
2234 921 2497 989 patientia
2524 931 2573 976 et
2598 923 2704 993 ﬁde
2758 941 2862 981 non
2893 927 3024 997 ﬁcta
3067 933 3118 983 et
3161 928 3468 987 humilitate
3514 950 3642 1005 erga

425 1015 524 1067 καὶ
562 1011 1129 1081 ταπεινοφροσύνης
1168 1010 1321 1078 πρὸς
1362 1009 1506 1077 τοὺς
1545 1010 1851 1076 πλησίονο
1880 1010 1952 1064 ἐν

422 1097 473 1173 ᾧ
501 1103 635 1171 περὶ
668 1100 781 1171 τῆς
802 1103 875 1157 ἐν
902 1101 1048 1172 ὑμῖν
1085 1102 1433 1170 πυρώσεως,
1459 1100 1560 1155 καί
1588 1096 1708 1155 τῶν
1734 1100 1804 1166 ἐξ
1837 1103 1948 1156 aito

422 1193 535 1267 τῆς
560 1192 788 1261 παθῶν,
818 1194 908 1249 ὅτι
960 1198 1033 1250 οὐ
1059 1194 1221 1263 παρὰ
1260 1193 1411 1249 Θεοῦ
1440 1194 1508 1249 τὸ
1532 1194 1761 1249 αἴτιον
1790 1193 1848 1248 εἴ
1891 1210 1947 1248 τι

423 1289 534 1359 τὰρ
556 1287 786 1358 ἀγαθὸν
808 1286 973 1357 ἡμῖν,
1002 1285 1142 1355 παρ’
1172 1285 1383 1342 αὑτοῦ.
1415 1286 1554 1354 Περὶ
1585 1285 1944 1353 πραότητος,

423 1379 526 1435 καὶ
564 1380 835 1450 ἁγνείας,
862 1377 960 1432 καί
981 1376 1256 1447 πράξεως
1293 1375 1525 1446 ἀγαθῆς
1547 1373 1949 1445 μεταδπικῆς

421 1472 523 1526 ἐπὶ
549 1466 926 1543 μακαρισμῷ,
962 1470 1063 1525 καὶ
1110 1469 1245 1538 περὶ
1282 1467 1627 1538 ἐπιστήμης
1656 1467 1756 1521 καί
1789 1482 1947 1537 συμ-

422 1565 663 1635 μετρίας
690 1564 900 1634 λόγου.
934 1563 1077 1633 Περὶ
1111 1561 1222 1631 τῆς
1245 1562 1398 1629 πρὸς
1422 1560 1690 1615 ἕκαστον
1707 1559 1948 1628 ἀγάπης

422 1656 991 1728 ἀπροσωπολήπτου
1035 1655 1189 1710 κατὰ
1263 1656 1478 1723 νόμον.
1529 1653 1653 1707 Ὅτι
1698 1653 1812 1707 οὐκ
1876 1651 1945 1706 ἐκ

422 1752 683 1815 πίστεως
708 1750 926 1819 μόνον,
968 1745 1135 1801 ἀλλὰ
1186 1745 1287 1799 καὶ
1336 1744 1404 1808 ἐξ
1458 1743 1672 1814 ἔργων,
1710 1742 1810 1798 καὶ
1871 1742 1943 1797 οὐ
1975 1757 2025 1820 Β

420 1843 553 1897 καθ’
591 1839 889 1909 ἑκατέρων
913 1838 1140 1905 ίδικῶς,
1173 1838 1315 1892 ἀλλ’
1349 1836 1418 1902 ἐξ
1452 1836 1679 1906 ἀμφοῖν
1706 1836 1827 1908 ἅμα
1858 1835 1945 1890 δι-

420 1933 694 1988 καιοῦται
752 1931 1087 1999 ἅνθρωπος.
1156 1927 1290 1982 Ὀτι
1349 1926 1388 1996 η
1435 1927 1747 1996 προπετὴς
1842 1927 1945 1981 καὶ

2125 1013 2452 1077 proximum.
2490 1011 2592 1070 Ubi
2617 1016 2682 1069 de
2713 1016 2919 1085 fomite,
2957 1019 3047 1090 qui
3076 1020 3130 1074 in
3163 1022 3313 1076 nobis
3364 1034 3467 1092 est,
3497 1037 3545 1080 et
3575 1024 3640 1082 de

2122 1104 2241 1172 ejus
2275 1105 2548 1174 effectibus
2600 1124 2619 1163 :
2685 1112 2929 1182 quodque
2996 1113 3166 1183 ipsius
3220 1131 3388 1170 causa
3431 1133 3535 1172 non
3570 1120 3640 1173 sit
3694 1114 3700 1119 ’

2125 1194 2290 1252 Deus.
2319 1198 2593 1269 Quidquid
2647 1218 2770 1258 vero
2799 1203 2922 1259 boni
2959 1205 3013 1258 in
3064 1204 3216 1260 nobis
3251 1216 3355 1273 est,
3402 1210 3467 1263 ab
3520 1212 3639 1279 ipso

2047 1305 2049 1308 ‘
2119 1298 2257 1340 esse.
2335 1286 2415 1342 De
2487 1291 2862 1357 mansuedine,
2917 1301 2966 1347 et
3009 1295 3262 1363 puritate,
3328 1306 3377 1351 et
3430 1299 3638 1354 actione

2122 1378 2284 1445 bona,
2336 1398 2441 1452 qua
2485 1382 2866 1437 beatitudinem
2889 1378 3280 1456 consequimur.
3315 1388 3391 1444 De
3411 1392 3638 1445 scientia

2124 1473 2264 1528 aede
2279 1473 2554 1530 honestate
2589 1479 2868 1532 sermonis.
2896 1477 2975 1533 De
3007 1480 3272 1535 charitate
3299 1498 3424 1552 erga
3454 1501 3635 1538 omnes

2118 1566 2315 1636 absque
2373 1569 2732 1637 acceptatione
2784 1586 3023 1639 personae
3108 1572 3395 1626 secundum
3450 1576 3634 1644 legent.

2122 1662 2277 1730 Quod
2306 1680 2410 1717 non
2446 1678 2518 1718 ea:
2547 1662 2654 1734 ﬁde
2680 1673 2910 1729 tantum,
2943 1665 3035 1721 sed
3065 1667 3227 1721 etiam
3248 1684 3314 1721 ea:
3361 1671 3631 1738 operibus,

2119 1764 2303 1809 etnon
2333 1770 2398 1809 ea:
2455 1772 2772 1826 unoquoque
2831 1756 3080 1819 seorsim,
3142 1758 3234 1811 sed
3290 1774 3356 1812 ea:
3411 1772 3634 1829 utroque

2118 1847 2283 1902 simul
2299 1847 2631 1917 justiﬁcctur
2659 1848 2835 1901 homo.
2881 1846 3036 1914 Quod
3067 1864 3323 1919 prwceps,
3356 1859 3406 1904 et
3430 1852 3635 1905 incom-

2116 1940 2293 2008 posita
2320 1940 2504 2010 lingua
2538 1948 2760 1994 mortem
2789 1941 2990 2010 inferat
3022 1958 3041 1995 :
3066 1952 3225 2012 atque
3263 1942 3393 1998 adeo
3427 1960 3634 2000 necesse

421 2026 680 2092 ἄτακτος
720 2021 957 2094 γλῶττα
999 2021 1251 2077 θανατοῒ
1289 2021 1398 2077 τὸν
1433 2021 1829 2092 κεκτημένον,
1869 2016 1944 2093 ἧς

420 2120 661 2192 κρατεῖν
689 2118 924 2190 ἀνάγκη
969 2120 1060 2185 είς
1083 2117 1389 2187 εὐφημίαν
1421 2120 1519 2171 καὶ
1555 2116 1746 2181 δόξαν
1768 2115 1940 2171 Θεοῦ.

351 2214 415 2288 β’.
450 2213 593 2284 Περὶ
641 2209 1036 2282 ἀναστροφῆς
1082 2207 1315 2279 ἀγαθῆς
1359 2207 1458 2262 καὶ
1513 2208 1752 2278 ἀμάχου
1789 2208 1943 2277 πρὸς

2085 2257 2098 2270 .
2127 2207 2204 2271 De
2238 2208 2654 2282 conversatione,
2682 2216 2842 2280 bona,
2874 2226 2923 2269 et
2962 2216 3076 2271 sine
3125 2217 3512 2287 disceptatione
3560 2222 3632 2275 ad

416 2306 736 2375 ἀλλήλους
762 2305 833 2359 ἐκ
862 2301 1218 2374 φιλοδοξίας
1237 2299 1349 2370 τῆς
1373 2299 1470 2354 ἐπὶ
1500 2300 1688 2369 σοφίᾳ
1715 2300 1853 2368 dra;
1867 2316 1942 2351 ω-

2120 2311 2343 2366 invicem
2370 2324 2437 2364 ea:
2457 2310 2643 2380 glorite
2666 2310 2957 2379 cupiditate
2997 2311 3060 2365 ob
3097 2313 3418 2381 sapientiam
3439 2313 3633 2370 Imma-

420 2401 592 2469 πίνῃ.

2122 2416 2271 2455 nam.

345 2500 416 2564 γ’.
448 2491 590 2560 Περὶ
604 2493 769 2557 θείας
801 2489 1046 2559 σοφίας.

2084 2535 2097 2549 .
2125 2493 2201 2551 De
2226 2496 2491 2567 sapientia
2515 2497 2717 2553 divina.

345 2585 408 2643 δ’.
439 2584 552 2641 Καὶ
604 2585 694 2639 ὅτι
741 2584 811 2638 ἐκ
842 2580 1163 2653 ῥᾳθυμίας,
1210 2580 1312 2635 καὶ
1353 2578 1735 2651 φιληδονίας,
1781 2580 1932 2648 ἔρις,

2085 2628 2099 2644 .
2141 2588 2296 2656 Quod
2338 2607 2405 2646 ex
2463 2593 2731 2655 socordia.
2790 2600 2842 2647 et
2876 2590 3162 2660 voluptatis
3208 2579 3390 2648 amore
3418 2608 3631 2651 conten-

418 2678 514 2733 καὶ
543 2677 986 2739 ἀκαταστασία,
1021 2672 1119 2728 καὶ
1141 2672 1179 2742 ἡ
1215 2671 1364 2742 πρὸς
1390 2672 1539 2727 Θεὸν
1567 2670 1752 2741 ἔχθρα
1766 2671 1938 2760 ’τίνε-

419 2787 534 2824 ται.

2116 2033 2210 2097 sit,
2249 2048 2365 2086 eam
2396 2032 2638 2104 subigere
2674 2031 2744 2087 ad
2775 2033 2986 2089 laudem
3017 2044 3067 2089 et
3088 2034 3320 2106 gloriam
3350 2035 3473 2091 Dei.

2115 2683 2310 2750 tiones,
2341 2694 2397 2738 et
2428 2683 2740 2750 seditiones,
2774 2694 2825 2740 et
2855 2685 3142 2744 inimicitia
3178 2687 3431 2744 adversus
3464 2687 3629 2744 Deum

2115 2776 2387 2832 oriantur.
3088 2770 3101 2783 ’

348 2870 413 2917 ε’.
448 2862 585 2932 Περὶ
610 2859 934 2930 μετανοίας
964 2857 1119 2926 πρὸς
1147 2857 1475 2926 σωτηρίαν.

2084 2906 2098 2921 .
2138 2863 2213 2920 De
2237 2867 2549 2936 paenitentia
2574 2868 2832 2923 salutari.

350 2961 425 3020 ς’.
459 2953 597 3022 Περὶ
620 2951 726 3007 τοῦ
764 2951 849 3021 μὴ
881 2950 1109 3019 κρίνειν
1135 2948 1244 3003 τὸν
1282 2948 1576 3016 πλησίον.

2084 2996 2097 3012 .
2138 2956 2211 3011 De
2247 2956 2490 3024 proximo
2530 2974 2562 3010 a
2594 2958 2745 3013 nobis
2775 2974 2881 3012 non
2904 2957 3225 3028 judicando.

348 3044 415 3113 ζ’.
459 3046 579 3100 Ὅτι
607 3046 721 3100 οὐκ
861 3041 1172 3161 ἐνθρώπφ,
1411 3041 1482 3095 ἐν
1542 3037 1623 3106 τῷ
1679 3039 1802 3106 Θεῷ
1868 3039 2008 3161 τὰ(3

2084 3083 2098 3097 .
2136 3042 2291 3108 Quod
2326 3061 2430 3099 non
2463 3044 2528 3097 ab
2573 3045 2804 3110 homine,
2832 3045 2925 3099 sed
2983 3062 3019 3100 a
3072 3045 3181 3101 Deo
3207 3062 3416 3118 gressus
3453 3045 3628 3103 hami.

2118 3133 2200 3161 κζ.
2234 3132 2543 3161 A.‘...'......s....

417 3137 750 3208 διαδήματα
771 3133 999 3205 ἀνδρὸς
1037 3133 1489 3189 κατευθύνεται.
1963 3132 2008 3161 υ

2117 3133 2200 3186 nis
2232 3132 2561 3202 dirigantur.
3046 3210 3053 3215 ἡ

346 3239 418 3304 η’.
450 3229 588 3299 Περὶ
620 3227 981 3293 πλεονεξίας
1009 3225 1331 3280 πλουσίων
1354 3223 1455 3277 καί
1487 3222 1597 3290 τῆς
1624 3223 1695 3275 ἐν
1725 3222 1934 3290 κόσμῳ

2084 3259 2099 3275 .
2139 3218 2213 3273 De
2236 3221 2467 3273 avaritia
2537 3221 2782 3288 divitum,
2836 3238 3118 3292 eorumque
3174 3221 3377 3277 deliciis
3421 3224 3479 3278 in
3534 3224 3631 3280 hoc

414 3318 649 3390 τρυφῆς
718 3313 937 3381 αὐτῶν,
984 3310 1246 3380 καὶπερὶ
1294 3307 1727 3376 δικαιοκρισίας
1759 3306 1931 3361 Θεοῦ.

2114 3310 2312 3363 mundo
2334 3325 2356 3374 ;
2378 3320 2428 3363 et
2462 3312 2526 3364 de
2551 3319 2691 3364 recto
2720 3311 2931 3378 judicio
2952 3310 3066 3365 Dei.

344 3412 413 3470 θ’.
443 3408 584 3481 Περὶ
612 3404 1027 3480 μακροθυμίας
1054 3401 1155 3458 καὶ
1185 3397 1500 3471 ὑπομονῆς
1540 3397 1931 3468 παθημάτων,

2084 3441 2093 3457 .
2135 3402 2210 3457 De
2241 3402 2647 3473 longanimitate
2674 3414 2724 3458 et
2777 3404 3067 3458 tolerantia
3116 3404 3632 3460 tribulationum:e¢

416 3503 515 3558 καὶ
551 3501 683 3570 περὶ
714 3498 1024 3566 ἀληθείας.

2115 3488 2180 3543 de
2212 3491 2450 3544 veritate.

348 3602 404 3652 ι’.
433 3593 825 3663 Παραινέσεις
848 3587 1037 3645 ίδικαὶ
1075 3584 1315 3651 ἑκάστῳ
1330 3584 1756 3654 προσήκουσαι
1780 3587 1936 3657 μετὰ

2084 3583 2132 3637 0.
2164 3581 2435 3650 Speciales
2470 3581 2872 3637 adhortationes
2899 3584 3085 3655 cuique
3113 3587 3473 3642 conuenientes
3502 3602 3624 3641 cum

417 3682 696 3747 πίστεως.
724 3679 836 3736 Καὶ
869 3677 959 3733 ὅτι
988 3672 1388 3743 διακονητέον
1420 3671 1498 3741 τῇ
1526 3674 1633 3728 τοῦ
1666 3679 1939 3745 πλησίον

2112 3673 2218 3742 [ide
2248 3689 2267 3728 :
2315 3681 2366 3727 et
2393 3674 2535 3743 quod
2585 3673 2978 3729 inserviendum
3018 3678 3089 3730 sit
3137 3679 3506 3745 proximorum
3543 3696 3630 3736 sa-

418 3773 703 3844 σωτηρία.
2115 3766 2235 3820 luti.

369 3997 658 4012 ~—

1336 4163 1912 4253 ΕΠΙΣΤΟΛΗ
2019 4159 2625 4251 ΚΑΘΟΛΙΚΗ

640 4386 944 4505 ΤΟΥ
1015 4386 1481 4506 ΑΓΙΟΥ
1535 4381 2506 4505 ΑΠΟΣΤΟΛΟΥ
2580 4389 3298 4507 ΙΑΚΩΒΟΥ.

1298 4774 1888 4871 EPISTOLA
2013 4776 2689 4873 CATHOLICA

1017 5016 1538 5133 SANCTI
1618 5016 2111 5133 JACOBI
2194 5020 2944 5141 APOSTOLI.

1925 5268 1995 5285 .—

769 5389 1162 5445 ΚΕΦΑΛΛΙΟΝ
1202 5393 1497 5450 ΠΡΩΤΟΝ.
1951 5401 2008 5461 D

2573 5380 3123 5455 cspu‘r'pmuuu.

417 5481 471 5537 1.
509 5500 529 5535 ι
578 5480 837 5546 Ἰάκωσος
887 5481 1024 5537 Θεοῦ
1074 5485 1167 5537 καὶ
1214 5486 1420 5557 Κυρίου
1455 5484 1632 5552 Ἰησοῦ
1685 5483 1925 5556 Χριστοῦ

2104 5486 2266 5557 321
2302 5486 2467 5545 Vsus.
2487 5489 2536 5544 1.
2550 5510 2568 5543 ι
2592 5490 2856 5555 lacubus,
2874 5490 2967 5545 Dei
2998 5498 3050 5543 et
3066 5488 3275 5546 Domini
3296 5494 3468 5550 nostri
3483 5491 3620 5552 Iesu

344 5579 552 5645 δοῦλος,
612 5580 730 5641 ταῖς
793 5576 1004 5632 δώδεκα
1036 5576 1231 5645 φυλαῖς
1283 5580 1405 5642 ταῖς
1444 5580 1504 5631 ἐν
1529 5581 1596 5649 τῇ
1628 5577 1923 5647 διασπορᾷ,

2084 5576 2240 5633 hristi
2260 5594 2477 5643 servus.
2508 5580 2797 5635 duodecim
2836 5580 3114 5645 tribubus,
3145 5597 3264 5652 quae
3282 5591 3408 5637 sunt
3428 5584 3482 5639 in
3501 5585 3618 5641 dis-

344 5671 577 5743 Ῑαίρειν.
622 5690 642 5724 ι
677 5668 812 5725 Θεοῦ
850 5668 948 5740 μὲν
987 5666 1085 5721 τοῦ
1146 5668 1381 5740 Πατρδς,
1442 5668 1650 5739 Κυρίου
1713 5669 1771 5721 δὲ
1829 5668 1923 5722 τοῦ

2084 5668 2612 5735 arsioue,salutem.v
2637 5670 2841 5728 Servus
2873 5673 2989 5739 Dei,
3011 5674 3468 5744 scilicet,l’atris;
3504 5678 3615 5736 Do-

357 5764 556 5836 Ἰησοῦ,
576 5754 717 5819 ὥστε
752 5764 801 5817 εἰ
845 5761 904 5827 ἐξ
948 5760 1063 5817 [σου
1105 5761 1315 5833 nam;
1366 5764 1459 5816 κει).
1520 5761 1651 5816 Υἱοῦ
1712 5759 1937 5828 δοῦλος,

2084 5758 2168 5815 ini
2193 5777 2340 5829 vero,
2362 5761 2490 5820 Jesu
2517 5763 2943 5831 Christi.Quare
2965 5769 3010 5824 si
3038 5768 3321 5839 mqualitcr
3334 5768 3532 5842 Patris,
3561 5787 3613 5831 ct
