4058 6210
374 316 510 385 1137

1184 325 1587 386 EXPOSlTlO
1625 325 1710 386 IN
1753 324 1991 388 EPIST.
2030 329 2092 390 S.
2135 330 2420 391 JACOBI.
2454 355 2521 365 -
2556 328 2712 389 CAP.
2749 327 2800 389 Ι.

3485 329 3647 397 1138“

451 452 471 485 ι
514 433 575 486 Ἦ
623 434 680 488 δὲ
752 435 998 507 ὑπομονὴ
1047 435 1211 507 ἔργον
1255 440 1460 495 τέλειον
1518 441 1710 512 ἐχέτω.
1744 462 1763 494 ι
1798 444 1973 506 Σκό-4

2113 446 2354 505 νειιεμι.
2394 446 2711 503 «Patientia
2767 454 2950 503 autem
3004 462 3143 518 opus
3197 447 3496 517 perfectum
3516 451 3622 505 hac

371 543 484 592 πει,
518 528 598 579 ὅτι
627 527 729 579 ούκ
756 523 877 581 εἷπε
912 528 1010 599 τὴν
1037 529 1315 599 ὑπομονὴν
1334 535 1628 604 epist-m3;
1643 535 1722 588 ὅτι
1744 537 1943 608 Ἔργον

369 616 574 670 τέλειον
636 616 772 687 ἔχει,
819 619 955 673 ἀλλὰ
1010 626 1451 692 προστακτικῶς,
1484 645 1502 678 ι
1558 627 1779 698 Ἐχέτω.
1818 648 1835 681 ι
1868 629 1942 683 Οὐ

368 709 477 779 γάρ
503 712 981 783 προϋποκειμένην
1035 715 1241 786 ἀρετὴν
1293 715 1632 786 ἐξαγγέλλει.
1673 719 1811 773 ἀλλά
1847 718 1944 774 νῦν

368 802 791 873 ἐνεργουμένην,
840 804 907 875 ἢν
939 806 1045 877 χρὴ
1087 807 1335 875 γίνεσθαι
1386 808 1741 882 [νομοθετεῖΙ.
1769 828 1788 863 ι
1826 811 1944 866 Ἵνα

366 886 463 960 ἦτε
494 893 689 947 τέλειοι
742 896 836 948 καὶ
862 894 1168 966 ὁλόκληροι,
1210 899 1268 951 ἐν
1308 899 1498 969 μηδενὶ
1543 901 1879 971 λειπόμενοι.
1919 920 1939 954 ι

369 984 444 1036 'l‘b
487 984 663 1039 αἴτιον
696 986 789 1041 τοῦ
848 989 1055 1042 τελείου
1122 990 1311 1062 ἔργου,
1371 992 1470 1062 τὴν
1528 993 1723 1063 σοφίαν
1775 995 1942 1063 λέγει.

382 1075 599 1146 Ἐπειδὴ
631 1075 737 1130 οίδε
766 1080 827 1133 τδ
850 1081 951 1150 τῆς
984 1081 1218 1144 πίστεως
1253 1082 1502 1152 δοκίμιον
1552 1084 1648 1137 καὶ
1677 1082 1779 1152 τῆς
1808 1083 1945 1137 ὑπο-ν

372 1167 538 1236 μονῆς
571 1168 669 1239 τῆς
700 1170 759 1222 ἐν
791 1173 1137 1239 πειρασμοῖς,
1170 1172 1230 1224 οὐ
1273 1171 1381 1226 τῶν
1405 1173 1681 1242 τυχόντων
1736 1173 1946 1244 ἀνθρὼρ

370 1274 489 1309 πων
513 1258 870 1328 κατόρθωμα,
922 1260 1058 1314 ἀλλά
1113 1261 1220 1314 τῶν
1251 1260 1392 1315 κατὰ
1433 1261 1567 1315 Θεὸν
1611 1261 1791 1330 σοφῶν
1814 1276 1829 1290 ⁸
1858 1261 1947 1316 διὰ

368 1347 527 1400 τοῦτο
561 1348 654 1401 ἐπὶ
687 1350 882 1418 σοφίας
930 1351 1149 1421 αῐτησιν
1184 1353 1447 1423 παρορμᾷ
1475 1353 1569 1405 ἐπὶ
1613 1351 1770 1407 τοῦτο
1800 1350 1947 1424 [τοὺς

367 1439 565 1512 ταῦτα]
596 1441 896 1512 κατορθοῦν
928 1443 1344 1508 ἐπιποθοῦντος.

446 1641 464 1669 ‹
516 1623 575 1674 Et
606 1622 663 1674 δέ
705 1639 789 1685 τις
838 1622 992 1692 ὑμῶν
1021 1622 1269 1676 λείπεται
1310 1623 1770 1691 σοςίας,αἰτείτω
1798 1623 1948 1695 παρὰ

366 1710 461 1763 τοῦ
483 1711 715 1775 διδόντος
740 1712 874 1766 Θεοῦ
896 1715 1061 1768 πᾶσιν
1084 1715 1292 1778 ἁπλῶς,
1307 1716 1406 1768 καὶ
1429 1715 1528 1768 οὐκ
1557 1714 1910 1778 ὀνειδίζοντος
1929 1729 1944 1743 '

2045 542 2191 597 beat.
2223 559 2241 592 ι
2277 540 2514 601 Aduota,
2549 538 2693 607 quod
2718 553 2825 593 non
2870 537 3071 592 dixerit
3093 538 3367 593 delinitive
3398 557 3411 592 :
3456 559 3474 591 ‹
3517 539 3623 593 Pa~

2046 634 2247 689 tientia
2306 647 2446 702 opus
2478 630 2778 701 perfectum
2817 630 3017 695 habet;
3055 648 3072 680 ι
3147 629 3242 685 sed
3302 630 3621 700 imperative

2054 743 2074 777 ι
2140 722 2339 778 habeat
2418 720 2494 790 (2)
2560 738 2573 773 :
2664 740 2683 773 ι
2762 735 2875 774 non
2962 718 3105 773 enim
3185 721 3618 788 praeexistcntetu

2044 814 2301 870 virtutem
2379 812 2648 875 enuntiat,
2706 810 2801 865 sed
2889 824 3054 880 quam
3140 810 3321 864 inesse
3382 818 3620 882 Oportet,

2047 904 2373 977 pra‘scribit.
2444 922 2462 955 ι
2544 901 2615 956 Ut
2674 902 2795 957 sitis
2849 900 3098 972 perfecti,
3156 908 3213 955 et
3292 899 3491 969 integri
3565 902 3641 955 in

2048 996 2198 1053 nullo
2221 995 2559 1051 deﬁcientes.
2601 1011 2618 1044 ι
2645 993 2878 1048 Causam
2906 991 3132 1064 perfecti
3162 992 3345 1061 operis
3373 993 3471 1055 ait,
3503 1008 3622 1047 esse
3652 1024 3655 1029 ι

2049 1086 2397 1158 sapientiam.
2439 1084 2710 1152 Quoniam
2760 1099 2891 1139 vero
2938 1083 3111 1148 norit,
3138 1081 3466 1152 probitatem
3497 1081 3655 1137 ﬁdei.

2049 1188 2103 1236 et
2147 1176 2497 1250 patientiaaiu
2525 1176 2928 1232 tentationibus
2991 1187 3105 1227 rem
3166 1187 3277 1226 non
3310 1187 3434 1227 esse
3481 1186 3623 1241 quo«

2047 1271 2257 1326 tumvis
2287 1269 2594 1334 hominum,
2631 1268 2725 1323 sed
2762 1281 2949 1324 eorum
2984 1264 3077 1334 qui
3110 1262 3414 1318 secundum
3452 1260 3619 1317 Deum

2048 1360 2325 1432 sapientes
2379 1369 2546 1427 sunt;
2590 1359 2796 1416 idcirco
2846 1361 2912 1416 ad
2974 1362 3298 1431 sapientiam
3340 1360 3623 1431 postulan-

2049 1454 2171 1509 (lam
2194 1454 2396 1509 excitat
2441 1467 2654 1518 omnes,
2708 1455 2798 1523 qui
2834 1453 2923 1507 illa
2973 1459 3236 1523 praestare
3282 1452 3637 1515 desiderant,.

2050 1545 2333 1601 subdens:

2120 1635 2289 1691 Vens.
2323 1636 2374 1691 5.
2419 1655 2436 1687 ι
2467 1634 2665 1706 Siquis
2692 1645 2870 1691 autem
2901 1643 3138 1692 vestrum
3171 1634 3374 1704 indiget
3406 1634 3623 1702 sapien-

2051 1729 2147 1792 tia,
2182 1729 2420 1797 postulet
2442 1744 2471 1782 a
2505 1727 2636 1793 Deo,
2669 1731 2762 1799 qui
2805 1728 2898 1783 dat
2933 1728 3191 1782 omnibus
3225 1727 3531 1787 aﬂlucuter.
3566 1733 3629 1779 et

367 1804 457 1856 καὶ
490 1804 773 1875 δοθήσεται
799 1805 971 1875 αὐτῷ.
1000 1826 1018 1859 ι
1055 1805 1254 1874 Σοφιας
1284 1806 1686 1876 πνευματικῆς,
1722 1808 1823 1859 ούκ
1853 1808 1947 1860 ἀν-

2054 1835 2156 1873 uou
2187 1819 2521 1889 impmperat
2561 1836 2577 1873 :
2614 1829 2668 1873 et
2695 1820 2915 1873 dabitur
2945 1818 3013 1873 ei.
3052 1836 3070 1870 ι
3106 1817 3436 1885 Sapientiam
3463 1818 3627 1872 intel-
3656 1860 3657 1863 η

366 1890 666 1962 θρωπίνης.
700 1894 775 1945 Τὸ
808 1895 980 1947 αἴτιον
1006 1896 1114 1964 γάρ
1155 1897 1288 1964 ἡμῖν
1309 1895 1455 1957 λέγει
1486 1896 1578 1948 καὶ
1606 1895 1702 1948 τοῦ
1734 1895 1940 1949 τελείου

366 1982 549 2051 ἔργον.
580 1980 752 2035 Τοῦτο
778 1983 833 2036 δέ
859 1985 1007 2038 ἔστιν
1036 1986 1070 2057 η
1103 1984 1264 2054 σοφία
1290 1986 1322 2056 ή
1346 1986 1574 2051 ἄνωθεν,
1602 1986 1669 2040 δι’
1699 1980 1766 2059 ἧς
1794 1988 1943 2041 ἐνδυ-

367 2073 701 2144 ναμούμενοι
740 2073 1037 2145 ὀλόκληρον
1073 2075 1416 2146 δυνησόμεθα
1444 2076 1649 2147 πρᾶξαι
1689 2077 1752 2131 τὸ
1803 2079 1941 2146 ἀγα·

367 2162 478 2215 θὸν.

446 2271 463 2302 ι
498 2254 727 2308 Λίτξίτω
764 2255 820 2309 δὲ
870 2256 927 2308 ὲν
974 2258 1153 2313 πίστει
1198 2262 1365 2331 μηδὲν
1419 2260 1852 2332 διακρινόμενος.
1915 2280 1934 2312 ι

369 2345 429 2397 ΕΞ
461 2346 568 2413 γὰρ
600 2345 863 2410 πιστεύει,
892 2349 1139 2403 αἰτείτω⁸
1176 2352 1225 2404 εί
1250 2351 1305 2405 δὲ
1346 2352 1422 2423 μὴ
1479 2351 1750 2416 πιστεύει,
1809 2350 1944 2420 μηδὲ

369 2438 589 2489 αἰτείτω
608 2453 622 2466 ·
657 2439 718 2491 ού
751 2438 858 2507 γὰρ
887 2439 1114 2509 λήψεταί
1144 2460 1194 2494 τι
1225 2434 1299 2495 ὧν
1329 2444 1491 2496 αἰτεῖ.
1528 2462 1546 2495 ι
1593 2443 1945 2514 Διακρινόμε-

368 2549 456 2585 νος
480 2551 496 2583 ι
529 2531 583 2584 δὲ
614 2534 641 2585 ὁ
673 2532 793 2603 μεθ’
823 2533 1124 2605 ὑπεροψίας
1174 2536 1363 2591 αίτῶν.
1405 2536 1697 2608 Ὑϐριστὴς
1748 2535 1945 2606 όμολου

369 2624 673 2691 γουμέι.ως,
741 2643 760 2675 ι
800 2625 827 2677 ό
877 2625 1309 2697 διακρινόμενος.
1346 2645 1365 2679 ι
1416 2628 1478 2680 El
1523 2626 1631 2695 γὰρ
1675 2628 1748 2697 μὴ
1778 2627 1945 2679 πεπίτ

373 2730 627 2777 στευκας,
662 2717 745 2770 ὅτι
797 2716 896 2788 τὴν
943 2720 1044 2789 σὴν
1078 2720 1294 2791 αἴτησιν
1355 2720 1737 2791 ἀποπεραίνει,
1811 2717 1947 2789 μηδὲ

372 2808 676 2880 προσέλθῃς
715 2809 882 2875 ὅλως,
945 2811 1033 2863 ἵνα
1092 2811 1168 2882 μὴ
1216 2811 1521 2880 κατήγορος
1571 2810 1801 2881 εὑρεθῇς
1851 2807 1946 2861 τοῦ

371 2898 551 2952 πάντα
591 2898 887 2971 ἰσχύοντος,
941 2901 1247 2972 meum”;
1304 2901 1637 2972 ἀϐουλήτως.
1692 2901 1810 2971 Χρὴ
1843 2917 1951 2952 τοι-

370 2988 576 3059 γαροῦν
610 2990 706 3058 τὴν
728 2991 900 3055 οὔτως
926 2994 1157 3062 αἰσχρὰν
1185 2992 1567 3062 παραιτεῖσθαι
1586 2993 1760 3046 νόσον.
1817 3010 1836 3043 ι
1889 2991 1948 3045 ’0

370 3081 479 3150 γὰρ
502 3082 910 3154 διακρινόμενος
934 3085 1079 3138 ἔοικε
1121 3084 1349 3139 κλύδωνι
1383 3084 1657 3155 θαλάσσης
1689 3082 1949 3154 ἀνεμιζο-

377 3172 525 3243 μένῳ
556 3173 649 3227 καὶ
680 3173 1038 3246 ῥιπιζομένῳ.
1070 3195 1091 3228 ι

2050 1912 2168 1982 ligit
2198 1912 2284 1966 hic
2323 1911 2511 1981 utique
2561 1909 2929 1980 spiritualem,
2965 1925 3073 1964 non
3126 1913 3461 1964 humanam:
3490 1924 3626 1963 cau-

2044 2018 2167 2058 sam
2233 2000 2377 2055 enim
2439 2001 2542 2055 hoc
2602 2000 2721 2054 loco
2743 1998 2903 2053 affert
2955 1998 3182 2070 perfecti
3246 1999 3470 2069 operis:
3509 1999 3624 2053 haec

2052 2107 2179 2146 vero
2209 2099 2290 2146 est
2312 2090 2578 2160 sapientia
2610 2089 2875 2166 caelestis,
2924 2105 3032 2159 qua
3068 2105 3169 2146 nos
3220 2090 3463 2146 roborati
3496 2105 3620 2160 per-

2048 2185 2253 2241 fectum
2289 2199 2427 2253 Opus
2460 2198 2684 2239 exerere
2711 2197 3026 2251 possumus.

2122 2274 2290 2331 Vens.
2316 2275 2369 2329 6.
2403 2293 2421 2325 ι
2479 2275 2725 2329 Postulet
2771 2282 2954 2333 autem
3006 2275 3059 2328 in
3096 2273 3224 2338 ﬁde,
3274 2273 3410 2327 nihil
3461 2274 3627 2330 Ιιειεεεί⁸

2050 2374 2196 2422 tans.
2231 2384 2252 2419 ι
2276 2363 2350 2441 ,δί
2385 2365 2528 2420 enim
2554 2364 2808 2420 ﬁduciam
2844 2364 2966 2433 quis
3003 2363 3188 2429 habet,
3225 2372 3373 2434 petat
3404 2382 3419 2430 ;
3454 2365 3497 2419 si
3525 2380 3626 2418 au-

2048 2468 2157 2516 tem
2189 2457 2442 2514 ﬁduciam
2498 2471 2605 2512 non
2641 2457 2828 2521 habet,
2862 2471 2932 2513 ne
2988 2464 3136 2528 petat
3214 2455 3471 2526 quidem;
3515 2471 3623 2509 nou

2050 2550 2196 2606 enim
2252 2550 2550 2619 quidquam
2608 2563 2821 2612 eorum,
2877 2563 3001 2618 qua:
3070 2550 3225 2618 petit,
3283 2546 3625 2617 impetrabit:

2056 2658 2074 2692 ι
2115 2638 2387 2695 Haesitans
2425 2657 2444 2690 ι
2484 2638 2649 2693 etiam
2688 2646 2794 2703 est,
2828 2639 2921 2704 qui
2968 2653 3091 2693 cum
3127 2637 3440 2705 arrogantia
3468 2638 3621 2704 petit.

2059 2729 2327 2784 Caeterum
2365 2726 2666 2796 iniuriosus
2697 2732 2783 2783 est
2844 2725 3033 2797 procul
3077 2726 3266 2793 dubio,
3314 2725 3626 2794 quicunque

2055 2819 2294 2891 postulat
2328 2838 2347 2870 ι
2390 2817 2736 2883 haesitans”
2778 2817 2826 2873 si
2883 2816 3027 2873 enim
3060 2816 3311 2871 ﬁduciam
3360 2831 3468 2869 non
3526 2813 3629 2868 ha-

2054 2913 2174 2979 bes,
2199 2911 2344 2982 quod
2385 2910 2528 2965 Deus
2548 2907 2970 2981 postulationem
3002 2907 3162 2978 323
3192 2914 3337 2962 tuam
3363 2907 3436 2961 sit
3495 2919 3624 2974 per-

2057 3004 2323 3070 fecturus,
2354 3016 2530 3070 neque
2570 3000 2795 3056 omnino
2824 2998 2892 3053 ad
2931 2998 3316 3068 postulandum
3373 2996 3624 3059 accedas,

2056 3112 2144 3159 uc,
2197 3094 2602 3151 inconisderate
2656 3091 2932 3155 diffidens,
3005 3097 3298 3145 accusator
3352 3087 3473 3156 ejus
3531 3082 3646 3152 qui.

1975 3183 2017 3240 C
2051 3191 2239 3247 onrnia
2279 3197 2480 3258 potest,
2516 3184 2967 3255 deprcheudaris.
2997 3182 3226 3252 Oportet
3290 3181 3453 3250 igitur
3515 3188 3630 3232 tur-

373 3297 493 3353 pem
523 3284 657 3338 adeo
685 3286 1061 3351 aegritudinem
1095 3289 1165 3343 ab
1203 3304 1261 3344 se
1300 3288 1584 3359 repellere.
1614 3304 1634 3338 ι
1675 3285 1780 3353 Qui
1845 3284 1990 3338 enim
2065 3282 2299 3345 hwsitat,
2328 3278 2526 3335 similis
2558 3288 2646 3335 est
2668 3276 2854 3331 ﬂuctui
2920 3275 3109 3338 maris,
3140 3273 3233 3343 qui
3264 3287 3293 3325 a
3323 3279 3482 3326 vento
3515 3285 3639 3323 ιιιο··ι

374 3388 552 3447 vetur,
574 3388 630 3435 et
659 3381 1065 3439 circumfertur.
1107 3403 1126 3433 ι

450 3492 470 3524 ι
511 3473 602 3543 Μὴ
618 3474 726 3545 γὰρ
756 3475 952 3529 οἰέσθω
998 3477 1026 3528 ὁ
1051 3476 1336 3548 ἄνθρωπος
1359 3478 1565 3540 ἐκεῖνος
1603 3476 1689 3528 ὅτι
1717 3472 1950 3543 λήψεταί

374 3581 429 3616 τι
459 3564 609 3634 παρὰ
635 3565 859 3635 Κυρίου.
890 3587 908 3618 ι
936 3568 1358 3641 Διακρινόμενος
1379 3568 1538 3631 ἔστω,
1570 3567 1602 3621 ὀ
1624 3562 1952 3618 διαστέλλων

378 3656 570 3709 ἑαυτὴν
619 3658 726 3711 ἀπὸ
777 3659 997 3729 βεϐαίου
1030 3660 1377 3732 πράγματος,
1422 3660 1520 3713 καὶ⁹
1555 3653 1868 3718 ἐνδοιάζων,
1907 3652 1953 3703 εἰ

378 3746 558 3808 ἔσται.
580 3748 612 3819 ἢ
642 3750 736 3820 μή.
765 3744 927 3813 Οὗτος
954 3750 1064 3821 γὰρ
1080 3752 1201 3805 οὐδὲ
1225 3750 1479 3820 λήψεται,
1502 3746 1800 3817 ἀμφίϐολος
1828 3743 1956 3813 περὶ

379 3838 441 3890 τὸ
461 3839 712 3893 ἐλπισθὲν
738 3842 1040 3910 γινόμενος.

457 3948 477 3981 ι
528 3930 688 4000 Ἀνὴρ
726 3932 967 4002 δίψυχος,
1002 3934 1378 3998 ἀκατάστατος
1428 3935 1486 3988 ἐν
1524 3934 1728 3998 πάσαις
1757 3937 1874 3998 ταῖς
1901 3934 1958 3985 ό-

381 4018 491 4082 50?;
526 4021 710 4075 αὑτοῦ.
743 4041 761 4074 ι
783 4053 855 4063 --
882 4041 899 4074 ι
938 4023 1196 4094 Δίψυχος,
1218 4044 1235 4076 ι
1264 4026 1385 4078 ἀντὶ
1413 4024 1530 4089 τοῦ,
1562 4024 1960 4095 συμπεφυρμέ-

384 4127 496 4173 νος,
550 4114 953 4179 ἀκατάσκευος,
977 4115 1609 4186 ἀσυντελὴςέδίγνωμος,
1632 4115 1955 4185 ὑποκριτής.

395 4200 578 4265 Ὁδοὺς
605 4201 664 4256 δὲ
704 4202 803 4267 τὰς
825 4204 1064 4273 ψυχικὰς
1109 4207 1355 4277 κινήσεις
1392 4206 1564 4273 λέγει,
1599 4200 1688 4269 αἷς
1745 4205 1962 4267 ἐλπίδες

383 4290 785 4361 ἐπαιωροῡνται
850 4294 958 4347 εῐτε
995 4296 1249 4366 χρησταὶ,
1287 4296 1398 4349 εἴτε
1427 4296 1521 4349 καὶ
1545 4296 1620 4366 μή
1646 4314 1661 4327 ο
1694 4295 1829 4349 καθὸ
1870 4296 1964 4348 καὶ

385 4382 550 4436 Δαϐὶδ
602 4380 757 4437 εἷπε·
828 4404 847 4436 ‹
894 4386 1006 4449 Τὰς
1055 4387 1211 4451 όδούς
1274 4405 1378 4458 μου
1433 4387 1702 4458 προεῖδες.
1756 4406 1775 4440 ι
1831 4386 1964 4439 Ἀλ-

385 4477 528 4537 λως·
583 4479 786 4551 ’Ἄνδρα
834 4480 1057 4550 δίψυχον
1113 4480 1203 4534 τὸν
1259 4482 1590 4550 ἀστήρικτον
1637 4480 1811 4545 καλεῖ,
1872 4479 1965 4532 τὸν

392 4568 467 4635 μὴ
492 4569 705 4635 παγίως
749 4571 886 4640 μήτε
939 4572 1075 4642 πρὸς
1125 4572 1196 4625 τὰ
1231 4574 1494 4641 μέλλοντα
1535 4573 1676 4643 μήτε
1710 4571 1849 4643 πρὸς
1897 4571 1967 4625 τά

352 4714 357 4719 ,
389 4659 639 4730 παρόντα
671 4659 979 4734 [ἀσφαλῶς]
1029 4663 1386 4734 ἡδρασμένον,
1434 4665 1570 4720 ἀλλὰ
1598 4666 1725 4737 τῇδε
1774 4666 1967 4718 κάκεῖ-

393 4767 452 4802 σε
498 4751 947 4821 περιφερόμενον,
995 4756 1089 4806 καὶ
1143 4756 1274 4809 ποτε
1327 4757 1427 4826 μὲν
1480 4756 1589 4812 τῶν
1639 4757 1964 4825 μελλόντων,

394 4837 525 4890 ποτὲ
584 4839 640 4891 δὲ
678 4840 785 4893 τῶν
827 4841 1107 4911 παρόντων
1166 4844 1543 4914 ἀντεχόμενον.
1606 4845 1709 4898 Τὸν
1762 4846 1817 4899 δὲ
1865 4863 1974 4900 τοι·

392 4929 550 4983 οὖτον
591 4932 683 4985 καὶ
735 4951 755 4984 ι
808 4932 1034 4986 κλύδωνι
1088 4953 1106 4985 ι
1170 4934 1462 4999 ἀπεικάζει
1521 4933 1817 5006 θαλάσσης,
1867 4935 1970 4989 οὐκ

396 5021 574 5091 ἔχοντι
605 5023 667 5076 τὸ
712 5026 1010 5094 στάσιμον·
1045 5024 1139 5077 καὶ
1168 5043 1189 5078 ι
1226 5024 1375 5079 ἄνθει
1422 5024 1637 5094 χόρτου,
1665 5043 1686 5077 ι
1751 5026 1810 5078 τὸ
1869 5027 1970 5096 μό-

397 5131 576 5182 νιμον,
615 5115 716 5169 οὐκ
766 5117 943 5187 ἔχοντι
1002 5116 1115 5170 ἀλλ’
1166 5116 1544 5176 ἀνατείλαντος
1583 5117 1734 5187 ἡλίου
1769 5134 1969 5188 μαραι-

401 5206 649 5277 νομένῳο
684 5208 875 5281 διόπερ
923 5209 1043 5263 οὐδὲ
1090 5208 1270 5282 χόρτῳ
1315 5207 1623 5281 παρέϐαλεν
1675 5208 1839 5264 αὐτὸν
1887 5208 1969 5280 τῷ

485 5364 504 5394 ⁸
534 5363 678 5419 Psal.
720 5378 983 5426 exxxvut,
1030 5363 1084 5416 4.

2127 3468 2286 3522 Vsus.
2313 3469 2363 3519 7.
2398 3483 2417 3515 ‹
2451 3463 2567 3517 Νοη
2596 3477 2727 3531 ergo
2753 3460 2986 3516 aestimet
3022 3459 3185 3516 homo
3212 3458 3300 3512 ille
3317 3457 3461 3527 quod
3488 3456 3632 3513 acci-

2054 3560 2166 3629 pict
2204 3555 2405 3625 aliquid
2438 3570 2466 3605 a
2514 3552 2765 3607 Domino.
2800 3570 2818 3602 ι
2862 3550 3128 3606 [ιαιείιοηε
3162 3557 3246 3603 est
3272 3548 3364 3618 qui
3409 3562 3517 3601 non
3548 3556 3633 3602 est

2057 3651 2246 3705 firmus
2272 3649 2326 3701 in
2350 3661 2536 3716 opere,
2558 3652 2612 3698 et
2629 3644 2837 3698 dubitat
2853 3657 2981 3696 num
3008 3656 3096 3695 res
3116 3641 3295 3695 futura
3316 3640 3409 3706 sit,
3439 3655 3631 3695 necne.

2056 3737 2307 3794 Profecto
2340 3737 2430 3791 hic
2458 3734 2594 3790 nihil
2619 3732 2869 3802 accipiet,
2888 3747 3010 3787 cum
3034 3732 3106 3786 sit
3133 3729 3421 3799 ambiguus
3451 3729 3519 3785 de
3544 3744 3630 3795 eo,

2058 3829 2202 3901 quod
2234 3837 2439 3898 sperat.

2131 3922 2299 3977 Vens.
2329 3920 2383 3975 8.
2422 3937 2440 3970 ι
2474 3916 2571 3971 Vir
2607 3915 2800 3985 duplex
2847 3912 3029 3967 animo
3084 3912 3403 3965 inconstans
3448 3917 3533 3963 est
3579 3905 3640 3962 in

2062 4014 2317 4071 omnibus
2353 4011 2453 4067 viis
2478 4009 2615 4065 suis.
2659 4025 2780 4058 ι-‹
2809 4004 3008 4074 Duplex
3038 4003 3220 4056 animo
3245 4020 3263 4053 ι
3300 4001 3387 4054 hic
3413 3999 3640 4068 perinde

2061 4116 2250 4171 est,.ac
2274 4103 2614 4167 commistus,
2635 4099 3046 4167 incompositus,
3064 4093 3434 4164 imperfectus,
3459 4091 3639 4161 dupli-

2063 4195 2142 4252 cis
2160 4193 2459 4259 scntentiae,
2484 4189 2783 4262 hypocrita.
2808 4186 2932 4242 Vias
2955 4201 3080 4242 vero
3101 4183 3231 4238 dicit
3248 4182 3414 4238 animi
3435 4192 3639 4245 motus,

2063 4285 2262 4357 quibus
2287 4299 2412 4355 spes
2444 4290 2645 4337 nostra:
2673 4278 3021 4341 attolluntur,
3043 4276 3157 4331 sive
3183 4274 3345 4337 bona:
3375 4273 3505 4338 sint,
3525 4272 3641 4327 sive

2068 4379 2221 4434 malae
2256 4375 2453 4446 ;juxta
2492 4373 2542 4429 id
2584 4370 2727 4442 quod
2764 4369 2841 4425 ait
2881 4367 3049 4423 David
3089 4384 3103 4421 :
3149 4385 3168 4419 ι
3201 4367 3269 4422 Ει
3295 4380 3486 4420 ctunes
3526 4363 3642 4417 vias

2068 4483 2220 4524 meas
2270 4467 2563 4539 prmvidisti
2595 4467 2635 4521 ⁸.
2675 4483 2694 4517 ι
2743 4463 2919 4517 Aliter
2953 4460 3272 4515 :llominem
3319 4476 3337 4509 ι
3367 4455 3638 4525 duplicem

2069 4562 2253 4616 animo
2290 4580 2309 4614 ι
2353 4560 2591 4631 appellat
2626 4558 3050 4618 inconstantem,
3097 4552 3188 4623 qui
3220 4550 3430 4606 scilicet
3466 4563 3642 4615 neque

2070 4667 2195 4722 erga
2224 4651 2429 4715 futura,
2462 4663 2637 4719 neque
2666 4648 2813 4703 circa
2842 4642 3127 4718 praesentia
3156 4643 3343 4698 ﬁrtuus
3370 4649 3455 4695 est
3481 4656 3495 4702 ;
3546 4635 3642 4692 sed

2063 4747 2177 4801 huc
2197 4744 2431 4813 illucque
2463 4740 2868 4804 circumfertur,
2902 4751 2967 4791 ac
2984 4736 3143 4790 modo
3168 4732 3386 4803 quidem
3421 4726 3641 4792 futuris,

2073 4836 2234 4892 modo
2272 4832 2633 4904 praesentibus
2656 4831 2918 4886 adhaeret.
2947 4827 3098 4881 llunc
3143 4844 3162 4876 ι
3198 4823 3385 4879 ﬁuctui
3419 4819 3585 4875 maris
3616 4835 3636 4868 ι

2074 4927 2366 4993 assimilat,
2418 4933 2606 4995 utpote
2654 4925 2748 4994 qui
2801 4921 3154 4977 stabilitatem
3213 4916 3416 4971 nullam
3461 4913 3639 4967 habet.

2070 5020 2350 5078 Assimilat
2398 5018 2561 5073 etiam
2598 5036 2621 5069 «ν
2656 5016 2778 5071 ﬂori
2805 5013 2960 5077 freni,
2997 5032 3016 5063 ι
3075 5010 3168 5081 qui
3211 5024 3318 5063 non
3344 5007 3644 5075 permanet,

2074 5113 2168 5169 sed
2209 5113 2297 5167 vix
2332 5120 2455 5166 orto
2488 5110 2623 5175 sole,
2654 5107 2873 5164 arescit.
2921 5104 3104 5172 Quare
3134 5116 3241 5157 non
3278 5098 3457 5162 freno,
3500 5089 3647 5163 quod

2075 5206 2358 5275 aliquanto
2387 5199 2796 5273 pertnanentius
2829 5205 2936 5263 est,
2972 5197 3150 5267 ipsum
3183 5192 3502 5259 comparat;
3546 5182 3645 5240 scd

1628 5474 1933 5537 Bonifacii
1977 5474 2205 5536 Finetti
2255 5479 2445 5535 notm.

474 5578 555 5650 (2)
590 5578 663 5634 lta
690 5579 906 5650 quidem
943 5585 1123 5633 textus
1146 5577 1389 5650 ϐεφορε.
1425 5576 1482 5629 lu
1530 5573 1754 5650 Vulgata
1784 5582 1964 5629 tamen
2001 5582 2185 5627 nostra
2212 5569 2409 5641 legitur
2430 5570 2605 5623 habet.
2637 5566 2742 5622 Sed
2768 5563 2982 5621 codices
3013 5574 3144 5618 mss.
3215 5557 3392 5614 Latini
3466 5569 3661 5631 cutem

401 5644 638 5707 datiores
669 5644 791 5705 cum
822 5649 1030 5711 Graeco,
1056 5655 1193 5703 teste
1219 5645 1405 5713 Millio,
1432 5644 1791 5700 consentiunt.
