4058 6210
470 325 612 390 1139

1342 300 1924 381 THEOPHYLACTI
1957 284 2370 358 BULGARIE
2407 285 2763 351 ARCHIEP.

3582 271 3720 341 1140

467 441 590 511 ejus
608 437 751 502 ﬂori,
766 441 825 491 ut
851 428 1230 488 brevissimam
1254 410 1430 496 ipsius
1447 417 1789 477 durationem
1818 410 2018 469 eviden
2032 437 2045 448 -
2074 457 2079 468 ,

2179 404 2536 476 ιωιμωτέρῳ,
2575 400 2690 456 ἀλλ’
2714 398 2890 462 ἀνθει,
2929 394 2990 449 τδ
3013 391 3382 464 ὀλιγοχρόνιον
3412 385 3575 442 αὐτοῦ
3609 404 3721 442 παι

2286 495 2311 509 ο
2419 496 2436 511 ι
2481 495 2492 511 ι
2591 493 2602 511 ο
2659 486 2701 511 οι
2764 508 2776 511 Α
2826 471 3051 511 Αι-ι---ἶ--
3082 503 3099 511 -
3166 484 3377 511 -ι’-..-...
3411 496 3421 509 ο
3465 480 3553 511 ἠ-
3598 478 3721 511 ,εει-ς

471 501 581 593 tius
606 532 896 603 exprimat.
929 526 1000 580 At
1027 538 1158 579 vero
1202 532 1373 590 quare
1405 515 1585 570 dictus
1618 517 1703 567 est
1731 508 1836 564 iste
1888 524 1907 558 ι
1941 501 2052 557 Du-

468 630 592 701 plex
627 602 809 680 animo
839 619 866 673 ?
908 638 927 671 ι
982 613 1226 679 Scilicet,
1262 610 1391 681 quia
1416 621 1591 675 neque
1628 602 1696 657 ad
1726 605 2050 672 praesentem

471 692 648 790 neque
674 714 742 770 ad
792 711 1034 766 futuram
1065 706 1235 761 vitam
1270 709 1355 757 est
1394 696 1733 755 confidenter
1762 692 2004 746 directus
2035 703 2050 741 :

426 872 436 893 θ
470 815 528 869 in
563 810 845 878 Scriptura
881 802 1028 859 enim
1080 798 1299 853 animus
1332 808 1428 849 seu
1476 790 1654 845 anima
1688 785 1887 841 dicitur
1917 780 2051 843 vita,

430 877 436 897 ε
467 906 620 976 juxta
645 877 837 963 illud',
876 916 895 947 ι
928 892 1120 950 Omnia
1156 903 1278 960 quas
1332 884 1517 947 habet,
1551 879 1702 935 dabit
1739 877 1902 931 homo
1958 886 2056 941 pro

472 964 654 1052 anima
705 1005 829 1048 sua.
869 1007 888 1041 ι
952 984 1107 1041 Tolle
1153 982 1321 1054 igitur
1353 994 1382 1032 a
1425 986 1478 1031 te
1529 968 1841 1042 huiusmodi
1888 964 2055 1019 animi

472 1087 888 1162 perplexitatem
915 1097 930 1148 ;
982 1087 1038 1135 et
1065 1092 1132 1132 ne
1164 1072 1383 1131 dubites
1414 1076 1600 1138 petere
1632 1080 1662 1118 a
1694 1063 1836 1123 Deo,
1863 1057 2055 1112 dicens

474 1153 533 1234 in
577 1153 896 1245 temetipso,
938 1166 1225 1237 Quomodo
1274 1174 1499 1232 possum
1554 1172 1584 1211 a
1634 1153 1746 1208 Deo
1782 1158 1968 1221 petere
2001 1154 2058 1200 et

474 1234 795 1339 impetrare,
836 1234 981 1333 ειιξο,⁷
1007 1259 1097 1330 qni
1147 1255 1285 1312 adeo
1335 1253 1392 1307 in
1443 1251 1617 1320 ipsum
1659 1239 1934 1315 peccavi?
1966 1234 2060 1335 ,Νρ

475 1321 684 1428 cogites
732 1356 836 1411 ista
870 1371 884 1421 ;
921 1351 1017 1409 sed
1056 1365 1122 1405 ex
1172 1345 1321 1402 omni
1377 1341 1544 1399 corde
1583 1347 1679 1392 tuo
1719 1332 1979 1390 confitere
2004 1321 2059 1386 e't

477 1422 801 1506 convertere
825 1444 891 1499 ad
918 1441 1208 1497 Dominum
1231 1479 1246 1503 ,
1277 1443 1331 1492 et
1354 1432 1568 1504 postula
1609 1429 1816 1497 absque
1848 1422 2062 1479 dubitao

480 1544 651 1606 tione,
680 1548 735 1595 et
769 1549 1078 1608 c0gnosces
1116 1529 1510 1600 benignitatem
1539 1521 1710 1593 ipsius
1746 1535 1762 1584 ;
1802 1517 2061 1590 quoniam

484 1653 505 1686 ι
527 1605 642 1688 non
667 1642 720 1686 te
741 1605 1105 1699 derelinquet,
1138 1623 1233 1679 scd
1263 1617 1529 1676 dabittibi
1564 1613 1854 1683 petitiones
1882 1605 2064 1663 cordis

2156 471 2374 567 ριστῶν.
2550 493 2603 547 τί
2654 486 2711 545 δὲ
2758 508 2777 542 ι
2816 471 3051 558 Δίψυχος
3082 503 3102 537 ι
3165 484 3425 554 εἴρηται;
3465 480 3553 542 Ὧς
3598 478 3722 532 οὐτε

2154 588 2290 658 πρὸς
2331 586 2433 657 τὴν
2466 583 2770 655 παροῦσαν,
2806 578 2930 634 οὐτε
2967 578 3104 648 πρὸς
3143 575 3243 645 τὴν
3287 573 3588 645 μέλλουσαν
3625 586 3724 622 πε-

2155 678 2423 741 ποιθότως
2454 673 2890 742 ἁπευθυνόμενος
2921 672 3090 740 ζωήν.
3138 667 3301 738 Ψυχὴ
3333 665 3446 734 γὰρ
3487 662 3635 733 παρὰ
3658 664 3723 731 τῇ

2154 773 2345 843 Γραφῇ
2372 771 2406 841 ἡ
2463 768 2576 839 ζωὴ
2605 768 2854 822 καλεῖται
2880 780 2895 795 ·
2930 762 3006 825 ώς
3034 760 3118 823 τὸ,
3159 776 3178 811 ι
3211 758 3396 813 Πάντα
3420 757 3522 810 ὃσα
3553 755 3661 823 ἔχει
3699 754 3731 805 6

2156 840 2463 934 ἀ-ᾇορῴπάς,
2498 861 2660 914 δώσει
2718 857 2859 926 ὑπὲρ
2900 856 2999 923 τῆς
3051 852 3231 923 ψυχῆς
3289 846 3478 903 αὐτοῦ.
3508 864 3527 896 ι
3561 840 3731 915 ’Ᾱρον

2160 956 2387 1012 σεαυτοῦ
2446 955 2549 1027 τὴν
2575 951 2848 1023 διψυχίαν,
2881 950 2977 1004 καὶ
3024 946 3190 1016 μηδὲν
3240 934 3377 1005 ὅλως
3430 938 3730 1009 διψυχὴσῃς

2158 1050 2485 1122 αἰτήσασθαι
2535 1046 2686 1118 παρά
2726 1043 2821 1098 τοῦ
2869 1039 3030 1106 Θεοῦ,
3063 1037 3240 1105 λέγων
3270 1036 3328 1087 ὲν
3382 1032 3620 1098 σεαυτῷ,
3654 1023 3728 1082 ὅτι

2159 1144 2284 1207 Πῶς
2305 1141 2539 1210 δύναμαι
2567 1138 2792 1208 αἰτῆσαι
2819 1134 2974 1204 παρά
3002 1131 3097 1186 τοῦ
3130 1126 3362 1199 Κυρίου,
3402 1124 3501 1177 καὶ
3522 1121 3728 1184 λαϐεῖν,

2160 1230 2502 1305 ἡμαρτηκὼς
2531 1228 2769 1283 τοσαῦτα
2809 1227 2890 1289 είς
2923 1222 3124 1286 αὐτόν;
3156 1220 3248 1289 Μὴ
3277 1215 3494 1283 λογίζου
3540 1212 3731 1274 ταῦτα,

2161 1302 2364 1389 ἀλλ’ἐξ
2388 1321 2516 1394 ὅλης
2540 1319 2765 1391 καρδίας
2796 1333 2891 1370 σου
2917 1308 3265 1381 ἐξομολογοῦ,
3289 1306 3384 1360 καὶ
3414 1302 3733 1373 ἐπίστρεψον

2164 1415 2299 1487 πρὸς
2335 1392 2562 1484 Κύριον,
2592 1410 2687 1463 καὶ
2707 1406 2858 1463 αίτοῦ
2883 1404 3011 1476 παρ’
3038 1400 3204 1456 αὐτοῦ
3245 1396 3585 1456 ἀδιστάκτως
3605 1410 3619 1426 ο
3646 1392 3735 1446 καὶ

2164 1508 2351 1581 γνώσῃ
2374 1507 2472 1577 τὴν
2503 1500 2910 1571 εὐσπλαγχνίαν
2936 1494 3125 1560 αὐτοῦ,
3154 1494 3234 1547 ὅτι
3272 1510 3291 1543 ι
3322 1489 3383 1543 οὐ
3424 1487 3501 1559 μή
3552 1502 3612 1538 σε
3652 1484 3737 1550 t7-

2166 1576 2467 1671 ἐραταᾶζιπῄ,
2518 1596 2655 1652 ἀλλὰ
2692 1595 2753 1649 τὸ
2786 1593 2997 1661 αἴτημα
3047 1587 3150 1657 τῆς
3194 1580 3376 1653 ψυχῆς
3416 1596 3509 1632 σου
3541 1576 3736 1645 πληρο-

484 1667 505 1686 I
528 1667 634 1688 uqu
667 1667 719 1686 ua
741 1667 1105 1699 ιιυιυιιιιιίυνη
1138 1667 1233 1679 νυν.
1265 1667 1413 1676 ν--.ν
1436 1667 1528 1672 υ--
1566 1667 1587 1683 τ
1614 1667 1621 1668 ,
1661 1667 1666 1668 ,

479 1724 563 1778 tui
593 1723 654 1776 ἰ
687 1740 707 1773 ι
733 1715 878 1775 D'cus
894 1719 1038 1773 enim
1067 1713 1390 1785 injuriarum
1430 1707 1590 1763 facile
1622 1701 1986 1764 obliviscitur,
2008 1704 2064 1753 et

2179 1695 2396 1766 1ιορήσει
2420 1667 2443 1723 Ϊ
2473 1710 2491 1743 ι
2518 1692 2545 1743 ὁ
2582 1687 2690 1759 γὰρ
2710 1684 2842 1746 Θεδς
2868 1677 3241 1751 ἀμνησίκακός
3263 1678 3400 1737 ἐστι,
3421 1671 3514 1724 καὶ
3534 1667 3735 1735 σπλαγο

481 1822 856 1869 creaturarum
895 1819 1119 1863 suarum
1157 1802 1472 1856 miseretur.

544 1900 721 1960 ‘Vsns.
746 1901 799 1958 9.
829 1898 1137 1956 cGlorietur
1158 1901 1340 1949 autem
1359 1889 1530 1945 frater
1543 1886 1766 1942 humilis
1785 1884 1839 1940 in
1856 1881 2067 1940 exalta-

488 1994 636 2048 tione
655 2006 788 2046 sua.
816 2005 835 2042 ι
875 1986 1153 2041 Bonorum
1201 1980 1448 2037 omnium
1478 1975 1821 2032 distributrix
1857 1984 1940 2028 est
1967 1971 2070 2025 hu-

486 2084 716 2148 militas,
744 2089 800 2138 et
822 2080 1029 2151 absque
1060 2076 1149 2132 illa
1174 2073 1308 2129 nihil
1345 2071 1475 2128 boni
1510 2068 1601 2136 ﬁt;
1627 2066 1832 2123 idcirco
1862 2062 2068 2130 subdit,

495 2196 515 2228 ι
548 2175 823 2233 Glorietur
873 2177 1053 2226 autem
1108 2163 1335 2221 humilis
1391 2164 1445 2218 in
1499 2161 1853 2223 exaltatione,
1893 2175 1912 2209 ι
1969 2171 2070 2211 seu

490 2266 828 2327 sublimitate
852 2277 973 2321 sua.
1004 2260 1142 2328 Quia
1190 2277 1209 2311 ι
1231 2255 1418 2313 fluctui
1451 2255 1640 2317 maris,
1675 2270 1695 2305 ι
1732 2260 1879 2315 eum,
1918 2266 1938 2301 ι
1978 2247 2071 2318 qui

492 2360 712 2415 inesitat
738 2376 758 2409 ι
795 2352 1118 2411 assimilavit
1149 2368 1164 2418 ;
1196 2350 1290 2421 qui
1320 2347 1542 2420 quidem
1566 2345 1740 2400 ventis
1766 2341 1986 2398 inﬂatus
2016 2340 2072 2394 in

492 2453 661 2508 altum
688 2448 914 2514 tollitur,
939 2445 1104 2502 citius
1127 2456 1260 2499 vero
1280 2455 1441 2511 quam
1470 2440 1713 2495 elevatus
1741 2434 1861 2498 fuit,
1889 2431 2073 2503 depri-

492 2548 664 2601 mitur
705 2557 769 2597 ac
814 2539 1227 2611 complanatur:
1281 2532 1460 2591 simile
1509 2529 1638 2600 quid
1679 2528 1883 2598 patitur
1910 2526 2073 2581 etiam

502 2657 522 2688 ε
564 2635 840 2695 ὶιαιείιαιιε,
884 2652 903 2684 ι
939 2630 1118 2702 quiex
1142 2627 1310 2683 animi
1352 2623 1587 2681 elatione
1623 2620 1692 2677 ad
1723 2620 1858 2675 nihil
1884 2630 2074 2674 eorum

497 2743 620 2798 qua:
648 2723 955 2782 necessaria
985 2719 1150 2794 325.
1189 2726 1356 2780 sunt,
1393 2715 1687 2786 petitiones
1718 2725 1846 2768 suas
1874 2710 2076 2763 firmat.

497 2815 710 2872 Idcirco
736 2813 810 2868 ait
839 2830 852 2867 :
894 2831 913 2865 ι
960 2809 1239 2866 Glorietur
1270 2808 1439 2862 frater
1471 2803 1713 2867 humilis,
1753 2821 1772 2855 ι
1823 2814 1889 2855 ac
1919 2799 1966 2854 si
1996 2798 2079 2854 di-

500 2919 691 2966 ceret:
724 2905 827 2973 Qui
861 2903 1063 2976 aliquid
1095 2902 1208 2958 vult
1241 2908 1448 2972 petere,
1484 2904 1631 2969 petat
1672 2895 1930 2966 primum,
1960 2906 2079 2962 qua:

501 2999 811 3056 necessaria
841 3004 990 3062 sunt,
1021 2998 1074 3051 in
1094 2995 1294 3066 quibus
1316 2991 1631 3060 neutiquam
1665 2989 1753 3053 iis,
1777 3002 1897 3058 quae
1924 2983 2078 3056 petit,

2098 1776 2138 1831 Β
2171 1788 2410 1861 χνίζεται
2439 1782 2532 1836 ἐπὶ
2553 1782 2665 1844 τοῖς
2697 1779 2998 1849 ποιήμασιν
3018 1770 3205 1827 αὐτοῦ.

2247 1897 2267 1930 ι
2301 1874 2611 1946 Καυχάσθω
2648 1872 2705 1925 δὲ
2739 1873 2767 1925 6
2812 1865 3040 1936 ἀδελφὸς
3069 1866 3097 1918 6
3127 1858 3381 1923 ταπεινὸς
3428 1858 3487 1911 ὲν
3509 1855 3584 1926 τῶ
3614 1852 3736 1923 ὕψει

2171 1969 2360 2026 αὐτοῦ.
2394 1987 2413 2020 ι
2459 1964 2678 2034 Ἐπειδὴ
2731 1962 2840 2016 τῶν
2873 1958 3056 2015 καλῶν
3092 1956 3350 2010 ἁπάντων
3381 1949 3744 2020 ταμιεύτριαν

2170 2059 2281 2119 οἶδε
2311 2063 2409 2134 τήν
2439 2054 2965 2128 ταπεινοφροσύνην,
2996 2053 3091 2106 καὶ
3107 2051 3189 2104 ὅτι
3214 2050 3341 2104 ἄνευ
3365 2044 3570 2113 ταύτης
3593 2039 3743 2094 οὐδὲν

2174 2132 2536 2227 κατορόοῦται
2557 2152 2667 2207 τῶν
2701 2147 3029 2211 σπουδαίων,
3059 2143 3147 2199 διὰ
3178 2141 3337 2196 τοῦτο
3363 2137 3617 2206 ἐπιφέρει
3660 2132 3741 2196 τὸ,

2179 2271 2198 2305 ι
2239 2247 2550 2320 Καυχάσθω
2599 2248 2627 2300 6
2653 2240 2996 2320 ταπεινός-ὲν
3024 2236 3100 2308 τῷ
3131 2234 3255 2305 ὕψει
3306 2229 3494 2285 αὐτοῦ.
3530 2249 3549 2281 ι
3593 2228 3747 2280 Ἐπεὶ

2173 2342 2284 2414 γὰρ
2312 2360 2328 2393 ι
2365 2314 2601 2393 *κλύδωνι
2633 2314 2962 2403 Θαλάσσηςό
2989 2327 3080 2383 ’ὢν
3113 2323 3531 2395 διακρινόμενον
3587 2322 3745 2375 ἀπει-

2174 2434 2356 2500 κάζει,
2376 2431 2434 2495 ὃς
2462 2427 2854 2501 μετεωρίζεται
2889 2424 2988 2495 μὲν
3025 2421 3137 2483 τοῖς
3164 2417 3470 2486 πνεύμασιν
3493 2408 3745 2479 ὲξογκού-

2179 2543 2363 2600 μενος,
2389 2526 2583 2579 θᾶττον
2631 2521 2689 2573 δὲ
2733 2520 2768 2586 ἢ
2822 2516 3103 2586 ὑψωθῆναι
3159 2509 3499 2579 κοιμίζεταιο
3549 2504 3746 2573 ὁμοίως

2177 2594 2379 2690 ⁶πάσχει
2403 2617 2500 2671 καὶ
2522 2617 2549 2669 ό
2581 2633 2599 2667 ι
2636 2611 3047 2683 διακρινόμενος
3076 2624 3094 2657 ι
3122 2605 3178 2669 ἐξ
3207 2597 3584 2671 ὐπερηφανίας
3615 2594 3748 2664 πρὶς

2177 2711 2330 2766 οὐδὲν
2358 2708 2468 2763 τῶν
2495 2706 2721 2761 δεόντων
2749 2698 3115 2776 ἐπιστηρίζων
3138 2696 3236 2759 τὰς
3260 2691 3455 2747 ἑαυτοῦ
3485 2689 3752 2758 αἰτήσεις.

2180 2804 2279 2858 Διά
2314 2801 2471 2855 τοῦτο
2497 2796 2750 2867 ἐπιφέρει
2785 2794 2868 2859 τὸ,
2910 2810 2927 2843 ι
2960 2786 3269 2859 Καυχάσθω
3317 2781 3546 2851 ἁδελφὶς
3597 2779 3628 2831 6
3654 2795 3751 2830 τα-

2181 2892 2367 2955 πεινός
2392 2908 2407 2922 ο
2446 2908 2465 2941 ι
2495 2886 2737 2941 τοιοῦτόν
2782 2901 2833 2937 τι
2867 2882 3044 2951 λέγων
3067 2895 3081 2908 ο
3134 2879 3193 2933 '0
3225 2875 3549 2947 βουλόμενος
3584 2870 3753 2924 αἰτεῖν

2182 3005 2257 3052 τι,
2283 2983 2500 3055 πρῶτον
2535 2981 2636 3052 μὲν
2662 2976 2884 3033 αἰτείτω
2912 2975 2978 3028 τὰ
3002 2972 3215 3034 δέοντα,
3247 2971 3305 3023 ὲν
3336 2962 3415 3031 οἷς
3444 2965 3568 3019 οὐδὲ
3596 2965 3755 3019 ἀστοσ

504 3090 873 3147 i'raudabitur.
903 3090 1029 3144 llaec
1058 3098 1238 3143 autem
1269 3095 1417 3150 sunt,
1450 3102 1469 3135 ι
1502 3081 1748 3153 Begn'um
1784 3055 2076 3140 calorum,

2184 3082 2344 3151 χὴσει
2375 3077 2485 3130 τῶν
2515 3071 2865 3142 ζητουμένων
2891 3086 2906 3101 ·
2941 3065 3117 3121 ταῦτα
3140 3063 3197 3116 δέ
3234 3063 3403 3125 ἐστιν,
3439 3077 3459 3111 ι
3507 3057 3571 3109 Ἢ
3603 3055 3755 3125 βασι-

505 3193 560 3239 et
585 3182 799 3253 iustitia
848 3182 1064 3250 ejus’:
1107 3198 1126 3230 ›
1182 3177 1379 3233 deinde
1405 3147 1701 3244 postulans
1749 3174 2079 3240 perseveret,

2180 3169 2303 3227 ,λεία
2355 3167 2464 3220 τῶν
2512 3161 2779 3235 οὐρανῶν,
2831 3158 2928 3214 καὶ
2984 3159 3018 3227 ἠ
3068 3152 3404 3222 δικαιοσύνη.
3437 3168 3455 3200 ι
3517 3147 3755 3201 Ἔπειτα

510 3290 622 3331 non
662 3287 791 3329 vero
833 3271 1020 3328 statim
1055 3284 1121 3323 ac
1156 3266 1372 3321 modice
1397 3263 1598 3329 oravit,
1621 3260 1842 3317 recedat
1867 3261 2087 3328 (super-

505 3370 702 3425 borum
740 3366 885 3421 enim
916 3363 1020 3418 hoc
1048 3368 1130 3416 est
1158 3368 1177 3429 )
1220 3358 1315 3414 sed
1351 3361 1692 3429 permaneat,
1723 3350 1776 3407 id
1810 3349 1957 3423 quod
1988 3363 2087 3421 pe-

509 3461 601 3528 tit,
628 3459 909 3514 humiliter
937 3470 1001 3511 ac
1025 3452 1255 3509 firmiter
1283 3458 1632 3524 exspectans.

582 3638 748 3694 Vsus.
778 3638 864 3703 10,
886 3635 971 3691 ll.
993 3655 1011 3688 ι
1037 3633 1197 3689 Dives
1218 3642 1395 3689 autem
1416 3631 1470 3686 in
1492 3629 1797 3686 humilitate
1813 3642 1938 3692 sua,
1954 3641 2090 3697 quo-

508 3732 657 3789 niam
693 3729 833 3787 sicut
866 3729 963 3784 flos
987 3728 1118 3783 Ταξιιί
1147 3725 1420 3782 transibit.
1445 3724 1682 3778 Exortus
1710 3730 1793 3778 est
1820 3723 1966 3777 enim
2007 3719 2089 3776 sol

511 3839 637 3881 cum
687 3823 903 3890 ardore,
959 3830 1013 3877 et
1061 3819 1288 3875 arefceit
1321 3819 1547 3882 imarum,
1576 3827 1630 3872 et
1667 3815 1769 3871 flos
1799 3814 1919 3886 ejus
1942 3811 2091 3868 deci-

511 3916 613 3974 dit.
658 3935 679 3970 ›
710 3915 855 3971 Flori
886 3914 1016 3970 freni
1042 3911 1315 3968 assimilat
1349 3910 1595 3975 divitias,
1652 3908 1843 3965 volens
1898 3921 2089 3963 earum

510 4007 883 4064 caducitatetn
942 4005 1187 4060 indicare
1220 4043 1237 4059 .
1294 4022 1314 4056 ι
1369 4003 1437 4058 Ει
1497 4002 1666 4058 decor
1720 4000 1905 4056 vultus
1967 3998 2091 4070 eius

514 4099 769 4170 deperiit.
809 4116 827 4150 ι
872 4096 1091 4155 Vultum
1128 4095 1218 4151 hic
1257 4092 1628 4164 metaphorice
1666 4091 1803 4148 dicit
1834 4107 1849 4146 :
1881 4091 1950 4146 de
1972 4089 2092 4146 solo

516 4193 662 4248 enim
711 4190 931 4246 homine
983 4190 1169 4244 vultus
1212 4186 1413 4243 dicitur
1445 4203 1461 4251 ;
1508 4200 1617 4241 non
1655 4196 1838 4241 autem
1873 4183 1941 4241 de
1966 4185 2092 4242 aliis

512 4285 703 4341 rebus.
737 4301 756 4335 ι
791 4284 871 4339 ita
900 4292 954 4340 et
979 4282 1131 4338 dives
1155 4281 1208 4334 in
1236 4278 1524 4335 itineribus
1557 4276 1675 4335 suis
1710 4254 2031 4334 marcescet.
2066 4295 2087 4330 ι

515 4378 718 4434 itinera
748 4382 906 4433 vocat
937 4375 1220 4450 praesentis
1246 4373 1371 4429 vita:
1399 4371 1715 4428 decursum.

588 4636 756 4695 VERS.
790 4634 879 4690 12.
938 4653 959 4689 ι
1003 4633 1204 4692 Beatus
1244 4637 1328 4690 vir
1359 4636 1452 4706 qui
1484 4634 1675 4692 suffert
1716 4635 2091 4701 tentationem,

518 4729 777 4801 quoniam
802 4741 927 4783 cum
952 4727 1214 4797 probatus
1232 4727 1649 4798 fuerit,accipict
1665 4743 1923 4783 coronam
1947 4726 2091 4793 vitae,

520 4835 685 4921 quam
721 4819 1032 4921 repromisit
1057 4818 1199 4875 Deus
1226 4820 1576 4893 diligentibus
1607 4836 1686 4877 se.
1719 4820 1889 4876 illum
1915 4819 2095 4891 dupli-

520 4910 602 4966 cis
621 4913 836 4981 generis
855 4910 964 4965 sint
981 4911 1332 4979 tentationes,
1350 4911 1681 4976 utdiximus,
1703 4913 1758 4965 in
1772 4924 2099 4980 unaquaque

521 5018 710 5060 earum
745 5003 893 5061 utilis
921 5012 1005 5061 est
1029 5005 1312 5076 patientia.
1340 5004 1604 5061 Cmterum
1637 5018 1848 5059 memor
1916 5011 2102 5058 noster

523 5099 804 5167 apostolus
854 5117 873 5150 ι
931 5096 1205 5153 Orationis
1277 5094 1587 5155 liominiczc.
1650 5113 1668 5148 ι
1722 5110 1843 5165 quae
1880 5095 2102 5150 exhibet

525 5192 670 5261 quod
694 5189 943 5280 securius
963 5198 1067 5254 est,
1094 5199 1151 5242 ut
1189 5197 1384 5257 nempe
1417 5201 1658 5250 oremus,
1694 5200 1764 5240 ne
1792 5184 2100 5241 incidamus

526 5281 584 5333 in
606 5275 960 5341 tentationes,
996 5277 1287 5332 reassumit
1316 5291 1412 5346 per
1450 5275 1729 5345 pr0posita
1751 5288 2099 5331 sermonem:

529 5369 905 5439 declaratque,
950 5382 1199 5439 quaenam
1246 5367 1317 5421 sit
1358 5367 1605 5428 tentatio,
1642 5378 1764 5434 qua:
1793 5378 1823 5417 a
1864 5362 1974 5418 Deo
2000 5363 2101 5417 im-

529 5458 785 5524 mittitur,
810 5467 867 5514 et
893 5474 1014 5529 qua:
1036 5473 1065 5512 a
1097 5457 1253 5513 nobis
1269 5456 1498 5519 oriatur,
1527 5453 1771 5525 adeoque
1798 5453 2103 5507 voluntaria

532 5558 634 5604 est.
670 5551 991 5621 Quanquam
1023 5559 1077 5606 et
1110 5558 1256 5606 recte
1287 5564 1346 5605 se
1366 5548 1543 5613 habet,
1572 5548 1616 5602 si
1649 5545 2099 5610 dicamus,Deum

614 5727 636 5764 '
677 5728 779 5784 Job
827 5743 888 5793 ii,
920 5729 972 5782 4.
1049 5729 1068 5759 ⁸
1112 5726 1255 5783 Psal.
1319 5741 1500 5790 xxxvi,
1550 5727 1605 5782 4.
1680 5725 1701 5758 ⁹
1740 5720 1929 5779 Matth.
1963 5738 2041 5791 Vt,
2077 5721 2166 5778 53.

2187 3257 2523 3331 καρτερείτω
2548 3272 2613 3308 πε
2624 3253 2676 3325 pi.
2703 3251 2812 3306 τῶν
2837 3248 3096 3304 τοιούτων
3127 3244 3294 3299 αἰτῶν
3316 3258 3333 3276 ο
3370 3241 3506 3297 ἀλλά
3555 3240 3634 3311 μὴ
3674 3237 3759 3289 ἐπ’

2185 3329 2367 3421 ὀλίγον
2395 3346 2714 3418 εὐξάμενος,
2749 3343 2912 3406 εὐθὺς
2938 3337 3293 3411 ἀναχωρείτω
3322 3333 3622 3405 (ἀλαζόνων
3653 3329 3761 3401 γὰρ

2188 3443 2391 3515 τοῦτο),
2437 3441 2574 3495 ἀλλὰ
2635 3435 2982 3509 πριμενὲτω
3016 3430 3117 3502 τὴν
3138 3429 3302 3500 λῆψιν
3334 3429 3391 3482 ὲν
3432 3422 3761 3478 ταπεινώσει

2188 3538 2360 3607 ψυχῆς
2390 3530 2844 3604 προσκαρτερῶν.

2268 3648 2287 3680 ι
2334 3629 2393 3680 Ὀ
2416 3627 2471 3679 δὲ
2511 3623 2788 3686 πλούσιος,
2816 3623 2873 3675 ὲν
2907 3624 2972 3691 τῇ
3004 3615 3334 3674 ταπεινώσει
3363 3611 3554 3674 αὐτοῦ,
3582 3613 3670 3665 ὅτι
3695 3608 3763 3671 ὡς

2190 3722 2351 3785 ἄνθος
2380 3719 2575 3791 χόρτου
2628 3715 3047 3789 παρελεύσεται.
3092 3708 3360 3765 ’Ᾱνέτειλε
3399 3708 3510 3777 γάρ
3543 3704 3572 3757 6
3620 3704 3764 3775 ἣλιος

2193 3816 2293 3869 σὺν
2348 3810 2425 3882 τῷ
2477 3807 2746 3871 καύσωνι,
2793 3805 2891 3859 καὶ
2943 3804 3175 3873 ἐξήρανε
3204 3800 3298 3853 τὸν
3333 3798 3555 3867 χόρτον,
3586 3791 3766 3847 καὶτὸ

2191 3905 2352 3969 ἄνθος
2384 3903 2632 3969 ἐξέπεσε.
2667 3919 2686 3953 ι
2727 3897 2915 3952 "Aves:
2943 3896 3138 3967 χόρτου
3164 3890 3457 3956 ἀπεικάζει
3485 3889 3580 3942 τὸν
3611 3883 3769 3940 πλοῦ-

2191 4016 2305 4063 ·ιον,
2356 3996 2419 4051 τὸ
2466 3996 2746 4066 ἐφήμερον
2797 3991 2964 4045 αὐτοῦ
3018 3986 3373 4058 παραστῆσαι
3422 3981 3768 4053 βουλόμενος.

2199 4109 2218 4143 ι
2256 4090 2366 4142 Καὶ
2400 4089 2433 4158 ἡ
2464 4085 2766 4156 εὐπρέπεια
2794 4081 2889 4135 τοῦ
2924 4078 3220 4152 προσώπου
3246 4073 3412 4130 αὐτοῦ
3447 4070 3721 4127 ἀπώλετο.
3746 4087 3765 4122 ι

2195 4180 2499 4252 ῐῐρόσωπον
2548 4172 3006 4244 καταχρηστικῶς
3055 4170 3282 4240 εἴρηκεο
3328 4165 3487 4218 τοῦτο
3510 4165 3624 4234 γὰρ
3683 4162 3774 4215 ἐπὶ

2197 4274 2357 4342 μόνον
2383 4269 2602 4338 λέγεται
2638 4263 2928 4337 ἀνθρώπου
2964 4280 2979 4295 ·
3021 4261 3117 4315 ἐπὶ
3146 4260 3205 4312 δὲ
3234 4258 3345 4312 τῶν
3393 4255 3572 4311 ἄλλων
3613 4253 3767 4318 ζώων

2193 4363 2327 4426 οὐ.,ι
2360 4361 2519 4417 Οὐτω
2551 4360 2646 4414 καὶ
2683 4360 2712 4412 6
2763 4355 3016 4417 πλούσιος
3053 4355 3112 4407 ἐν
3144 4354 3263 4415 ταῖς
3314 4347 3569 4420 πορείαις
3603 4343 3773 4400 αὐτοῦ

2116 4440 2171 4500 D
2201 4455 2630 4528 μαρανθήσεται.
2657 4469 2676 4503 ι
2713 4449 2965 4519 Πορεὶας,
2985 4447 3086 4510 τὰς
3110 4443 3253 4499 κατά
3276 4442 3370 4496 τὸν
3397 4440 3645 4510 παρόντα
3668 4437 3778 4509 βίον

2200 4547 2480 4618 διεξόδους
2506 4544 2664 4614 φησί.

2279 4661 2297 4692 ι
2329 4639 2617 4709 Μακάριος
2647 4635 2785 4706 ἀνὴρ
2808 4634 2866 4697 ὃς
2888 4633 3150 4704 ὑπομένει
3182 4630 3515 4702 πειρασμὸν,
3565 4629 3652 4681 ὅτι
3697 4625 3780 4680 δό-

2201 4747 2365 4801 κιμος
2393 4729 2679 4799 γινόμενος
2716 4724 2950 4795 λήψεται
2975 4724 3068 4777 τὸν
3096 4722 3360 4791 στέφανον
3388 4720 3489 4789 τῆς
3522 4717 3692 4788 ζωῆς,
3722 4715 3777 4768 δν

2203 4818 2570 4892 ἐπηγγείλατο
2592 4818 2632 4869 6
2663 4816 2867 4884 Κύριος
2900 4817 3012 4877 τοῖς
3052 4812 3342 4881 ἀγαπῶσιν
3375 4809 3560 4865 αὐτόν.
3594 4828 3613 4860 ι
3660 4810 3781 4860 Διτ-

2201 4912 2310 4965 τῶν
2335 4911 2505 4964 ὀντων
2564 4908 2673 4962 τῶν
2728 4906 3074 4978 πειρασμῶν,
3110 4903 3184 4967 ὡς
3219 4903 3454 4973 ἔφαμεν,
3514 4900 3784 4969 συμφέρει

2202 5004 2325 5058 καθ’
2352 5003 2614 5073 ἑκάτερον
2649 5002 2684 5069 ἠ
2714 5001 2986 5071 ὐπομονή.
3011 4995 3145 5052 Εἶτα
3171 4997 3270 5068 τῆς
3295 4995 3392 5050 τοῦ
3414 4994 3621 5065 Κυρίου
3650 5006 3785 5060 μνη-

2204 5096 2354 5158 σθεὶς
2386 5094 2570 5166 εὐχῆς,
2600 5094 2723 5157 ἥτις
2756 5092 2830 5163 μὴ
2883 5093 2964 5154 εἰς
2996 5088 3302 5160 πειρασμὸν
3340 5087 3597 5142 ἐκπεσεῖν
3632 5083 3781 5153 ἡμᾶς

2202 5186 2553 5255 ἐξιλεμένους
2567 5184 2684 5255 (sic)
2708 5184 2769 5237 τὸ
2789 5185 3036 5253 κρεῖττον
3061 5201 3131 5236 πα
3141 5182 3371 5254 ρεγγυᾷ.
3394 5174 3784 5245 ἐπαναλαμϐά-

2205 5293 2287 5329 νει
2313 5276 2403 5328 διὰ
2436 5274 2546 5328 τῶν
2570 5275 2955 5345 προκειμένων
2984 5274 3076 5326 τὶν
3110 5272 3289 5340 λόγον,
3324 5266 3656 5337 σαφηνὶζων,
3699 5263 3782 5324 τίς

2207 5364 2307 5435 μὲν
2338 5364 2367 5416 6
2396 5364 2504 5418 ἀπὸ
2531 5364 2667 5417 Θεοῦ
2695 5365 3025 5434 πειρασμὸς,
3076 5361 3162 5425 τίς
3187 5360 3243 5414 δὲ
3281 5361 3310 5413 ό
3342 5359 3472 5427 παρ’
3504 5354 3657 5427 ἡμῶν
3685 5352 3782 5404 αὐ-

2205 5456 2478 5527 θαίρετος.
2531 5455 2678 5525 Πλὴν
2726 5454 2907 5519 καλῶς
2968 5455 3103 5526 ἔχει,
3159 5455 3251 5507 τδν
3301 5452 3399 5523 μὲν
3437 5449 3638 5519 Κύριον
3686 5443 3781 5497 καὶ

2205 5549 2337 5602 Θεὸν
2366 5548 2502 5620 πρὸς
2530 5549 2592 5602 τὸ
2621 5549 3017 5620 ἀσθενέστερον
3039 5548 3137 5619 τῆς
3159 5544 3512 5618 ἀνθρωπίνης
3538 5541 3783 5595 ’ἀποσκον
