4020 6214
327 325 464 390 ιιίε

1132 334 1542 397 EXPOSITIO
1580 339 1661 398 1N
1696 340 1942 404 EPIST.
1976 342 2037 405 ε.
2067 342 2349 404 JACOBI.
2376 344 2627 408 --CAP.
2678 331 2742 409 I.

3472 346 3607 412 1146

327 440 566 511 λαλήσας
596 441 845 514 μετέγνω
864 445 1124 510 πολλάκις
1145 464 1160 479 ⁸
1189 450 1218 502 ὁ
1238 449 1293 502 δὲ
1324 451 1613 523 σιωπήσας
1629 453 1912 511 οὐδέποτε.
1948 505 1950 513 .

2042 456 2204 511 livina
2234 456 2504 527 sapientia
2528 459 2747 528 plenum
2787 456 3106 528 frequenter
3137 457 3454 528 posuitobat,
3487 475 3613 518 esse

328 534 445 587 Kal:
467 536 495 586 ὁ
524 535 797 606 μακάριος
827 537 994 591 Δαόίδ
1013 554 1029 569 ⁸
1064 558 1082 589 ι
1132 539 1474 610 Ὀργίζεσθε,
1496 544 1591 597 καὶ
1625 543 1701 616 μὴ
1729 546 1912 617 ἀμαρ-

328 625 549 679 τάνετε·
587 645 605 679 ι
638 627 783 682 τοῦτ’
814 628 950 691 ἔστι,
982 630 1073 699 Μὴ
1094 630 1442 702 ὀργιζόμενοι
1479 635 1666 700 εὐθὺς,
1691 636 1787 691 καὶ
1812 638 1913 708 τὴν

330 719 395 771 ἐκ
423 718 524 785 τῆς
548 719 719 791 ὀργῆς
749 720 987 790 ὲπάγετε
1021 723 1244 791 μανίαν.
1280 724 1558 796 Σύμφωνα
1590 727 1800 794 τούτοις
1818 733 1914 785 καὶ

330 812 398 865 τὰ
429 812 696 883 παρόντα,
749 816 850 884 τῆς
881 816 944 886 [Ῑ.
977 814 1070 888 τῇ]
1098 833 1159 869 τε
1198 817 1329 888 περὶ
1370 818 1434 872 τὸ
1478 819 1711 891 λαλῆσαι
1756 824 1911 891 αὐτὸ,

331 905 429 959 καὶ
478 906 540 959 τὸ
571 905 702 976 περὶ
764 907 827 960 τὺ
867 907 1224 979 ὀργισθῆναιο
1277 911 1515 982 μάλιστα
1563 914 1620 968 δὲ
1660 916 1913 986 περὶτῆς

330 995 525 1065 ὀργῆς,
579 996 704 1066 ἥτις
742 996 1046 1066 ἀλογίστως
1101 1000 1530 1072 προσενεχθεῖσα
1571 1002 1634 1076 [Ῑ.
1667 1004 1911 1077 προεν.],

330 1088 428 1158 τῆς
472 1088 565 1141 τοῦ
597 1087 783 1161 [Θεοῦ]
810 1090 1161 1160 δικαιοσύνης
1205 1093 1522 1166 ἀποστερεῖ.
1559 1097 1652 1152 Διδ
1694 1097 1789 1152 καὶ
1829 1098 1917 1152 λέ-

331 1197 454 1249 γει·
521 1199 540 1233 ι
605 1182 771 1253 Ὀργὴ
839 1182 1191 1258 δικαιοσύνην
1251 1187 1389 1243 Θεοῦ
1452 1190 1517 1243 οὐ
1575 1190 1917 1263 κατεργάζε-

333 1289 446 1329 ται.
482 1292 500 1325 ι

413 1384 434 1417 ι
483 1365 654 1438 Ὀργὴ
679 1370 789 1439 γὰρ
830 1370 1020 1442 ἀνδρὸς
1060 1371 1411 1443 δικαιοσύνην
1451 1374 1587 1430 Θεοῦ
1619 1375 1680 1430 οὗ
1714 1395 1915 1447 κατερ-

336 1455 585 1524 γάζεται.
632 1476 650 1510 ι
690 1463 1017 1533 Δικαιοσύνη
1063 1456 1211 1518 ἐστὶν
1256 1464 1370 1530 ἕξις
1426 1468 1484 1520 ἐν
1522 1470 1587 1539 τῇ
1634 1469 1781 1540 ψυχῇ
1820 1471 1915 1525 τοῦ

335 1548 458 1601 κατ’
486 1550 644 1616 ἀξίαν
678 1552 897 1623 ἑκάστῳ
933 1556 1314 1627 ἀπονεμητική
1338 1572 1352 1589 ⁸
1401 1558 1541 1629 ὀργὴ
1564 1560 1621 1613 δὲ
1651 1561 1918 1616 ἀπόλλυσι

335 1642 431 1694 καὶ
455 1642 774 1712 φρονίμους.
798 1646 921 1710 Πῶς
940 1645 1007 1704 ἂν
1030 1647 1168 1720 αὕτη
1196 1648 1284 1703 διά
1317 1649 1417 1719 τὴν
1444 1650 1585 1718 ἄγαν
1609 1653 1918 1723 ἑμπόιθειαν

338 1732 604 1786 σκοτοῦσα
625 1734 714 1788 τὸν
730 1735 874 1802 νοῦν,
899 1738 996 1808 τὴν
1015 1740 1361 1808 κεκριμένως
1383 1742 1767 1813 ἀπονέμουσαν
1791 1747 1919 1798 ἐκά-
1951 1760 1961 1770 “

1960 1820 2328 1898 Buuicuique
2387 1829 2543 1898 juxta
2609 1828 2889 1896 propriam
2961 1825 3281 1894 dignitatem
3337 1819 3623 1875 distribuit

337 1841 449 1896 στῳ
472 1826 531 1878 τὸ
562 1827 684 1881 κατ’
710 1829 866 1892 ἀξίαν
896 1833 1219 1901 συστήσειεν
1241 1851 1256 1895 ς
1292 1833 1455 1887 Ἀλλὰ
1474 1835 1583 1904 γὰρ
1601 1837 1814 1901 σκόπει,
1840 1840 1926 1892 ὅτι

334 1915 434 1986 οὐχ
457 1917 647 1980 ἁπλῶς
675 1913 797 1969 εἷπε
819 1917 995 1989 [περὶ]
1012 1918 1107 1973 τοῦ
1127 1921 1201 1992 μὴ
1225 1927 1704 1995 κατεργαζομένου
1723 1929 1820 1998 τὴν
1832 1928 1927 1981 τοῦ
1950 1980 1953 1983 ,

336 2007 474 2060 Θεοῦ
497 2008 875 2079 δικαιοσύνην,
896 2010 1031 2064 ἀλλὰ
1066 2011 1158 2083 [πε
1173 2012 1250 2085 pi]
1281 2014 1375 2068 τοῦ
1404 2018 1496 2069 ἐπὶ
1519 2021 1629 2082 τοῖς
1659 2018 1928 2091 ὀλεθρίοις

338 2098 520 2169 ἐαυτῷ
554 2100 966 2171 ἀνδριζομένου.
1000 2104 1107 2169 Διά,
1139 2104 1248 2176 γὰρ
1275 2106 1540 2161 τοῦτοκαὶ
1561 2110 1689 2163 ἄνευ
1714 2112 1812 2181 τῆς
1830 2112 1925 2165 τοῦ

336 2186 543 2259 ἄρθρου
575 2190 891 2262 προσθήκης
917 2196 1262 2265 προσήνεγκε
1301 2195 1595 2273 [[.προήν.]
1616 2201 1887 2271 τὸνλόγον
1906 2221 1921 2238 ’

338 2281 435 2333 καὶ
448 2281 531 2334 ὄτι
558 2282 714 2336 τοῦτο
733 2283 1003 2354 βούλεται,
1025 2287 1264 2343 δείκνυσι
1286 2291 1368 2353 τὸ,
1395 2310 1411 2341 ι
1451 2294 1739 2363 Μακάριος
1759 2297 1923 2366 ἀνὴρ,

338 2371 399 2434 ὃς
434 2373 535 2426 οὐκ
582 2374 857 2446 ἐπορεύθη
888 2379 945 2430 ἐν
993 2377 1158 2450 βουλῇ
1200 2381 1433 2441 ἀσεϐῶν.
1482 2402 1500 2432 ι
1546 2385 1613 2436 Ἢ
1663 2386 1777 2455 γὰρ
1828 2386 1925 2440 τοῦ

342 2465 711 2519 ὒποτακτικοῦ
773 2468 980 2537 ἄρθρου
1071 2471 1308 2540 ἐπιφορά
1361 2472 1650 2537 δείκνυσιν,
1707 2477 1790 2528 ὅτι
1842 2477 1924 2544 τὸ,

343 2556 526 2626 ἀνὴρ,
559 2560 670 2613 τῶν
693 2560 782 2612 ἐπ’
807 2560 976 2631 ἄμφω
1004 2561 1102 2632 τὴν
1132 2563 1306 2635 ῥοπὴν
1333 2565 1554 2634 ἀγαθῶν
1579 2567 1813 2637 ἐχόντων
1832 2572 1927 2625 καὶ

342 2650 533 2703 κακῶν
561 2651 851 2721 σημαίνειν
886 2651 1159 2722 βούλεται.
1212 2653 1566 2710 Ἐπιστατέον
1591 2659 1669 2723 δὲ,
1724 2661 1820 2713 καὶ
1840 2661 1923 2714 ὅτι

343 2742 446 2795 οὐκ
508 2742 858 2813 Ἐργάζεται,
889 2740 1010 2799 εἷπε
1042 2745 1185 2800 κττά
1240 2748 1303 2800 τὸ
1336 2747 1562 2813 ἁπλοῦν,
1608 2750 1745 2803 ἀλλά
1783 2751 1928 2821 μετά

342 2833 443 2902 τῆς
475 2835 757 2907 πρεθήκης
807 2836 908 2904 τῆς
942 2838 1275 2907 προθέσεως,
1336 2858 1356 2891 ι
1431 2842 1869 2910 Κατεργάζεται.
1902 2862 1921 2896 ι

345 2925 503 2979 Τοῦτ’
525 2926 692 2992 ἔστιν,
729 2928 842 2998 Οὐχ
872 2928 1135 2989 όλοτελῶς
1166 2932 1553 3001 ἀποστερεῖται
1583 2932 1675 2986 τοῦ
1689 2934 1923 2998 δέοντος.

348 3018 507 3072 Ἔστι
540 3018 651 3090 γὰρ
686 3020 741 3073 ὲν
774 3019 913 3091 ὀργῇ
946 3020 1225 3092 θεωρῆσαί
1255 3040 1377 3075 τινα
1403 3023 1764 3083 λυσιτέλειαν.
1799 3027 1924 3080 καθ’

2020 548 2286 616 locutum,
2323 550 2546 606 siluisse
2581 561 2792 615 autem,
2829 564 3133 621 nunquam.
3171 548 3237 605 Et
3270 550 3468 607 beatus
3503 551 3609 605 Da-

2019 639 2109 693 rid
2145 638 2428 709 inquiebat
2459 642 2505 673 ¹²
2539 658 2552 695 :
2588 660 2607 692 ι
2647 640 2975 707 lrascimini,
2997 648 3052 697 et
3073 640 3241 695 nolite
3269 656 3500 709 peccare
3532 658 3545 694 :
3585 659 3607 695 ι

2021 736 2125 786 hoc
2158 741 2264 795 est,
2309 730 2487 788 Nolite
2519 732 2631 788 cito
2674 732 3003 800 irascentes,
3036 733 3201 788 etiam
3235 732 3508 787 insaniam
3544 748 3610 788 ex

2023 822 2101 876 ira
2126 830 2444 878 manantem
2481 823 2802 895 adjungere.
2830 824 3146 880 Conformia
3179 824 3266 879 bis
3290 833 3419 877 sunt
3446 824 3610 878 etiam

2022 927 2144 980 quae
2177 911 2267 968 ltic
2305 912 2589 985 dicuntur,
2629 923 2738 969 tam
2778 914 2846 970 de
2875 914 3173 979 locutione,
3202 928 3365 983 quam
3392 914 3461 969 de
3490 914 3610 968 ira:

2023 1004 2324 1073 prmsertim
2356 1020 2486 1060 vero
2517 1007 2585 1062 de
2619 1006 2721 1070 ira,
2772 1021 2895 1076 quae
2939 1006 3154 1075 absque
3193 1006 3410 1059 ratione
3436 1004 3611 1060 ascita

2022 1095 2204 1151 divina
2235 1097 2452 1165 justitia
2483 1098 2682 1168 privat.
2711 1098 2894 1167 Quare
2923 1099 3112 1155 subdit
3138 1115 3151 1150 :
3182 1116 3200 1150 ι
3227 1096 3312 1152 lra
3334 1096 3607 1168 justitiam

2026 1190 2120 1246 Dei
2152 1206 2262 1267 non
2293 1192 2524 1262 perﬁcit.
2556 1212 2576 1247 ι

2097 1369 2268 1427 Vens.
2296 1370 2385 1426 20.
2422 1391 2440 1424 ‹
2477 1372 2562 1427 Ira
2593 1372 2741 1427 enim
2774 1372 2878 1426 viri
2907 1372 3182 1442 justitiam
3222 1370 3317 1425 Dei
3347 1384 3455 1424 non
3491 1383 3615 1439 per-

2026 1461 2160 1518 ﬁcit.
2184 1462 2260 1533 (7)
2294 1481 2312 1513 ι
2340 1462 2562 1518 iustitia
2601 1479 2836 1532 namque
2865 1470 2947 1518 est
2983 1462 3198 1517 allectio
3229 1459 3396 1514 animi
3423 1459 3615 1514 distri-

2025 1548 2199 1604 buens
2232 1550 2551 1619 unicuique,
2575 1560 2738 1620 prout
2766 1551 2947 1606 decet.
2976 1549 3059 1605 ira
3091 1563 3222 1604 vero
3253 1546 3432 1617 perdit
3453 1548 3616 1600 etiam

2026 1645 2302 1714 sapientes
2331 1660 2345 1697 :
2388 1644 2666 1713 quomodo
2693 1644 2858 1714 igitur
2884 1644 2998 1707 illa,
3031 1657 3151 1710 qua:
3180 1637 3471 1694 immodica
3495 1650 3620 1705 pas-

2028 1739 2184 1795 sione
2226 1746 2462 1792 mentem
2503 1736 2812 1801 obnubilat,
2851 1737 3134 1795 virtutem,
3166 1748 3288 1802 quae
3319 1729 3618 1799 dijudicate

2031 1920 2375 1977 constituere
2418 1932 2659 1986 unquam
2690 1914 2945 1985 poterit?
2982 1913 3182 1969 Verum
3234 1911 3466 1966 observa
3517 1908 3618 1979 (8),

2028 2009 2173 2077 quod
2210 2022 2317 2061 non
2359 2005 2686 2074 simpliciter
2715 2005 2971 2074 loquatur
2997 2003 3066 2059 de
3096 2018 3183 2068 eo,
3219 2001 3312 2069 qui
3340 2000 3612 2069 justitiam

2030 2097 2123 2152 Dei
2155 2113 2260 2151 non
2284 2106 2584 2166 operatur:
2620 2095 2718 2151 sed
2745 2095 2812 2150 de
2842 2109 2933 2159 eo,
2967 2094 3060 2164 qui
3091 2094 3148 2147 in
3178 2092 3346 2148 rebus
3371 2089 3649 2145 sibimet--
3723 2087 3730 2094 '

2029 2188 2133 2257 ipsi
2159 2186 2486 2258 perniciosis
2517 2183 2806 2241 invalescit
2841 2203 2855 2237 :
2885 2184 3090 2238 idcirco
3110 2184 3261 2236 enim
3298 2177 3463 2247 ejtiam
3496 2178 3626 2233 abs-

2028 2295 2137 2349 que
2160 2279 2440 2334 additione
2463 2275 2684 2331 articuli
2720 2274 3158 2345 propositionem
3186 2272 3432 2342 protulit.
3465 2268 3620 2334 Quod

2029 2378 2212 2424 autem
2236 2370 2398 2439 327
2435 2369 2539 2423 iste
2555 2368 2630 2423 sit
2653 2366 2804 2421 illius
2831 2379 3054 2429 sensus,
3089 2370 3476 2433 argumentum
3500 2373 3625 2414 esse

2028 2472 2212 2537 potest
2244 2464 2375 2518 illud
2402 2462 2623 2525 Davidis
2658 2480 2673 2516 :
2721 2479 2740 2512 ι
2778 2440 2979 2514 Deattts
3016 2457 3122 2523 vir,
3149 2455 3243 2527 qui
3267 2470 3373 2509 non
3405 2453 3539 2507 abiit
3565 2452 3620 2506 iu

2029 2556 2262 2612 consilio
2307 2556 2601 2625 impiorum
2640 2553 2684 2584 “
2731 2569 2745 2605 :
2785 2551 3059 2620 siquidem
3103 2547 3324 2604 articuli
3387 2545 3620 2615 subjun-

2029 2647 2162 2704 ctivi
2186 2646 2459 2716 appositio
2497 2643 2760 2709 ostendit,
2794 2641 2945 2714 quod
2982 2654 3085 2695 vox
3114 2640 3195 2694 vir
3228 2648 3341 2692 tum
3369 2652 3494 2692 eum
3525 2633 3621 2705 qui

2028 2740 2094 2797 ad
2125 2739 2291 2801 bona,
2309 2751 2421 2793 tum
2446 2752 2572 2792 eum
2600 2735 2692 2806 qui
2719 2735 2786 2790 ad
2812 2735 2955 2788 mala
2979 2730 3303 2803 propendet,
3332 2728 3622 2796 signiticet.

2026 2831 2410 2887 Adnotaudum
2467 2830 2657 2895 etiam,
2716 2826 2862 2897 quod
2913 2840 3021 2880 non
3068 2822 3269 2878 dixerit
3302 2819 3628 2889 simpliciter

2027 2924 2225 2982 Facit:
2277 2921 2372 2977 sed
2422 2920 2606 2975 addita
2654 2917 3067 2990 praepositione,
3118 2934 3137 2967 ι
3171 2912 3412 2969 Pet-ﬁcit.
3452 2929 3471 2963 ι
3510 2908 3626 2964 lloe

2028 3026 2133 3080 est,
2194 3014 2311 3069 Non
2368 3012 2685 3069 ontnimode
2733 3010 3054 3067 destituitur
3099 3005 3481 3062 rectitudine:
3543 3009 3629 3057 est

344 3109 470 3162 ὅσον
497 3109 629 3169 οὐδὲ
659 3110 718 3163 ἐν
741 3108 876 3180 ἄλλῃ
904 3109 1109 3180 ψυχικῇ
1160 3112 1373 3175 κινήσει
1410 3112 1505 3167 τοῦ
1537 3117 1826 3169 ἐπαινετοῦ
1862 3118 1920 3169 ἀ-

2042 3108 2179 3164 enitu
2219 3107 2386 3162 etiam
2440 3105 2494 3159 in
2544 3106 2622 3157 ira
2663 3103 2902 3170 aliquam
2944 3099 3235 3154 utilitatem
3272 3094 3531 3165 reperire,
3573 3092 3625 3145 in

2338 3197 2349 3204 .
2569 3193 2581 3204 ι
2667 3202 2674 3204 .
2746 3202 2754 3204 Α
2793 3193 2805 3204 ι
2916 3191 2972 3204 ιη
3133 3190 3143 3201 ι
3209 3188 3220 3204 ε
3258 3185 3489 3204 ,-_.:L---
3560 3180 3624 3204 -_I.

348 3203 599 3271 μοιρήσει
624 3202 682 3254 τι
712 3202 961 3255 ὁπωσοῦν
1000 3203 1328 3273 ἀπόϐλητον,
1364 3205 1501 3260 ἀλλὰ
1546 3225 1598 3260 τι
1643 3209 1735 3261 καὶ
1785 3209 1925 3279 Χρι-

347 3294 471 3347 στὸν
503 3293 566 3365 [Ῑ.
596 3293 855 3366 χρηστὸν]
883 3294 1032 3349 ἔστιν
1061 3296 1265 3366 εὑρεῖν.

429 3581 447 3613 ι
481 3562 572 3615 Διὸ
594 3562 927 3631 ἀποθέμενοι
968 3564 1149 3616 πᾶσαν
1185 3561 1457 3633 ῥυπαρίαν
1485 3561 1578 3615 καὶ
1608 3564 1932 3627 περισσείαν

352 3654 574 3716 κακίας,
598 3655 656 3705 ἐν
685 3652 960 3724 πραΰτητι
982 3654 1209 3724 καρδίας
1231 3654 1458 3720 δέξασθε
1486 3656 1576 3708 τον
1615 3655 1711 3724 μὲν
1762 3654 1933 3723 ἔμφυ-

352 3760 444 3797 τον
486 3745 658 3810 Λόγον
700 3743 789 3795 τὸν
818 3745 1117 3813 δυνάμενον
1169 3748 1337 3798 σῶσαι
1365 3748 1463 3808 τὰς
1488 3745 1665 3816 ψυχὰς
1693 3747 1868 3816 ὑμῶν.
1912 3765 1930 3797 ι

355 3832 466 3902 Τῷ,
503 3852 522 3883 ι
563 3832 859 3904 ῥυπαρίαν,
899 3852 916 3884 ι
968 3835 1295 3905 προστίθησι
1346 3835 1547 3899 καὶτὸ,
1583 3855 1601 3886 ι
1642 3836 1940 3905 Περισσεία

356 3924 417 3997 Π,
446 3955 516 3964 -
538 3923 625 3996 αν]
648 3924 869 3989 κακίας,
907 3943 927 3976 ›
954 3924 1112 3978 τοῦτο
1127 3926 1476 3997 παραστῆσαι
1491 3926 1835 3996 βουλόμενος,
1855 3928 1938 3992 τδ,

358 4018 453 4071 καὶ
471 4016 525 4069 εί
548 4034 655 4070 τινι
691 4018 950 4082 πολλάκις
979 4019 1279 4089 περιέπεσε
1312 4036 1394 4082 τις
1424 4020 1691 4091 ῥυπαρία,
1732 4020 1944 4089 ταχέως

358 4108 526 4171 αὐτῆς
558 4105 974 4171 ὑπεξίστασθαι,
1001 4106 1137 4160 ἀλλά
1164 4108 1239 4178 μὴ
1261 4109 1328 4178 τῇ
1362 4109 1483 4160 κατ’
1511 4107 1682 4177 αὐτὴν
1708 4108 1942 4178 ἐπιμονῇ

358 4199 446 4252 διὰ
479 4200 579 4269 τῆς
622 4200 914 4269 συνηθείας
960 4198 1309 4271 βεϐαιότερον
1342 4199 1429 4273 [τὸ
1467 4199 1664 4272 κακὸν]
1697 4201 1946 4271 ἀπεργά-

360 4292 568 4358 ζεσθαι·
590 4293 917 4362 πεφυκότων
945 4292 1055 4346 τῶν
1084 4294 1473 4364 συνεχέστερον
1493 4294 1624 4363 ἡμῖν
1646 4295 1738 4347 καὶ
1753 4310 1948 4363 περιτ-

361 4387 580 4456 τότερον
664 4384 1136 4456 ἐπιτελουμένων,
1204 4387 1285 4450 εἰς
1347 4385 1508 4455 φύσιν
1577 4386 1950 4457 ἀποκαθιστῷθ

2035 3206 2303 3267 quantum
2338 3197 2391 3249 in
2412 3211 2498 3260 ea,
2537 3193 2683 3250 sicut
2706 3202 2762 3248 et
2791 3193 2846 3246 in
2883 3191 3006 3245 aliis
3054 3188 3223 3242 animi
3255 3185 3515 3244 motibus,
3557 3180 3628 3236 ob

2034 3287 2341 3343 honestatis
2375 3285 2832 3345 eareutiam,non
2881 3290 2967 3336 est
3007 3288 3209 3339 totum.
3258 3285 3315 3329 et
3364 3272 3510 3329 omni
3561 3288 3629 3327 ex

2033 3388 2192 3452 parte
2226 3376 2648 3449 improbandum
2690 3393 2706 3441 ;
2744 3372 2842 3429 sed
2881 3369 3089 3442 aliquid
3118 3368 3284 3424 etiam
3321 3364 3447 3421 boni
3471 3364 3528 3418 in
3564 3376 3631 3418 ea

2038 3473 2281 3543 reperire
2307 3476 2429 3537 est.§

2114 3563 2280 3617 Vens.
2338 3561 2432 3614 τι.
2476 3578 2496 3611 ι
2553 3557 2782 3626 Propter
2825 3554 2971 3624 quod
3028 3550 3357 3623 abjieientes
3416 3560 3634 3603 omnem

2043 3650 2472 3711 immunditiam,
2495 3655 2550 3702 et
2574 3645 2964 3700 abundantiam
3000 3642 3245 3706 malitiae,
3284 3641 3337 3693 in
3383 3650 3611 3693 mansne

2046 3743 2236 3798 tudine
2268 3739 2535 3809 suscipite
2579 3736 2806 3791 insitum
2845 3732 3099 3793 verbum,
3132 3729 3278 3799 quod
3318 3737 3497 3797 potest
3522 3727 3635 3781 sal-

2046 3850 2177 3891 vare
2226 3832 2441 3887 animas
2500 3835 2737 3884 vestras.
2771 3844 2791 3876 ι
2834 3854 2905 3865 -—
2946 3842 2965 3873 (
3011 3819 3382 3876 ltnmunditiei
3427 3838 3446 3871 ι
3488 3818 3639 3872 addit

2055 3950 2073 3982 ι
2120 3925 2512 3983 abundantiam
2562 3920 2802 3985 malitiae,
2838 3936 2856 3968 ι
2901 3930 3129 3971 monere
3152 3913 3366 3975 volens,
3407 3911 3552 3981 quod
3588 3910 3634 3966 si

2048 4023 2214 4078 etiam
2245 4017 2371 4088 quis
2396 4015 2605 4086 pluries
2636 4014 2689 4068 in
2730 4006 3139 4066 immunditiam
3175 3991 3403 4069 incidat,
3444 4000 3640 4057 celeri-

2051 4120 2134 4167 ter
2161 4127 2228 4167 εχ
2253 4124 2317 4166 ea
2350 4113 2578 4178 surgat;
2620 4119 2689 4158 ne
2719 4101 2815 4156 diu
2847 4102 2903 4156 in
2944 4101 3062 4169 ipsa
3092 4092 3495 4168 permanendu,
3523 4105 3642 4145 ma-

2054 4206 2167 4260 lum
2211 4202 2423 4257 firmius
2447 4194 2851 4255 consuetudine.
2879 4191 3168 4247 efficiatur.
3203 4185 3357 4242 Solet
3378 4184 3528 4240 enim
3556 4181 3641 4236 ni-

2056 4296 2165 4350 mia
2197 4292 2526 4364 frequentia,
2562 4287 2617 4343 id
2642 4286 2793 4357 quod
2823 4284 3076 4347 efﬁcitur,
3120 4280 3269 4335 velut
3297 4278 3352 4331 in
3385 4283 3640 4332 naturam

2059 4362 2399 4448 convertere,
2416 4384 2577 4452 eique
2603 4387 2812 4433 natura:
2831 4374 3217 4444 proprietatem
3234 4362 3644 4438 quodammodo

362 4477 423 4530 τὸ
477 4476 825 4546 τελούμενον,
860 4478 982 4548 ἦτοι
1021 4477 1234 4547 φύσεως
1268 4479 1383 4544 ἕξιν
1435 4479 1586 4550 αὐτῷ
1614 4482 1942 4550 περιποιεῖν.

2052 4479 2420 4537 consciscere.
2456 4492 2474 4525 ι
2518 4474 2578 4525 lu
2610 4466 3037 4525 mansuetudine
3072 4481 3090 4514 ›
3128 4475 3259 4516 vero
3286 4459 3386 4521 ait,
3417 4464 3642 4527 propter

369 4592 388 4626 ι
437 4574 524 4625 Ἐν
556 4569 833 4643 πραΰτητι
861 4592 879 4623 ι
913 4572 971 4625 δὲ
994 4569 1115 4626 εἷπε
1139 4575 1226 4627 διὰ
1254 4574 1347 4627 τὸν
1366 4572 1746 4627 διδασκαλικὸν
1770 4571 1948 4640 λόγον,

364 4663 422 4728 ὃς
457 4665 559 4717 οὐκ
587 4664 645 4714 ὲν
676 4662 893 4735 θορύϐῳ
923 4664 1020 4717 καὶ
1050 4666 1265 4733 ταραχῇ
1325 4664 1426 4735 τὴν
1461 4664 1728 4734 ὑποδοχὴν
1775 4666 1951 4718 ποιεῖ-

366 4767 480 4810 ται.
521 4775 540 4808 ‹
586 4757 872 4826 Ἔμφυτον
901 4755 958 4807 δὲ
988 4754 1150 4822 λόγον
1184 4773 1202 4805 ι
1242 4754 1398 4814 καλεῖ
1436 4754 1547 4816 τὸν,
1576 4754 1699 4808 καθ’
1724 4754 1784 4808 ὃν
1812 4754 1955 4823 λογι-

2055 4572 2281 4629 verbum
2317 4568 2603 4630 doctrinm,
2631 4562 2800 4634 quod,
2846 4560 2938 4616 ubi
2986 4556 3256 4612 tumultus
3287 4553 3373 4609 vel
3408 4550 3650 4609 turbatio

2055 4674 2160 4731 est,
2195 4662 2420 4718 minime
2468 4657 2756 4728 recipitur.
2794 4672 2814 4706 ι
2850 4652 3080 4707 lnsitum
3130 4655 3315 4703 autem
3352 4645 3580 4700 verbum
3621 4660 3639 4693 ι

2056 4756 2296 4828 appellat
2356 4752 2513 4815 illud,
2546 4765 2659 4822 quo
2712 4744 3034 4810 rationales,
3077 4757 3144 4798 ac
3187 4741 3394 4797 bonum
3432 4754 3464 4795 a
3505 4737 3650 4793 malo

370 4847 458 4899 κοὶ
506 4848 836 4917 γεγόναμεν,
883 4844 1214 4916 διακριτικοὶ
1248 4844 1344 4898 τοῦ
1400 4843 1671 4914 βελτίονος
1712 4844 1807 4898 καὶ
1855 4846 1950 4899 τοῦ

2057 4845 2402 4905 discernendi
2434 4843 2692 4899 facultate
2716 4838 2931 4911 praediti
2967 4835 3273 4891 nascimur.

371 4937 640 5008 χείρονος,

448 5047 468 5080 ι
502 5030 722 5084 Γίνεσθε
781 5030 839 5083 δὲ
894 5027 1119 5099 ποιηταὶ
1153 5026 1344 5099 νόμου,
1385 5026 1481 5080 καὶ
1542 5026 1617 5098 μὴ
1682 5028 1952 5097 ἀκροαταὶ

379 5119 585 5190 μόνον,
678 5119 1178 5191 παραλογιζόμενοι
1257 5118 1507 5182 ἑαυτούς.
1569 5119 1691 5173 Ὀτι
1736 5119 1790 5171 εῖ
1864 5135 1949 5180 τις

446 5281 492 5314 ¹²
525 5280 666 5336 Psal.
708 5296 783 5341 ιν,
806 5278 859 5333 5.
940 5278 985 5310 ¹³
1016 5276 1165 5333 Psal.
1204 5293 1242 5341 ι,
1281 5276 1343 5330 l.

2128 5024 2298 5080 Vsus.
2319 5019 2413 5086 22,
2432 5019 2524 5074 εδ.
2565 5035 2584 5069 ι
2608 5014 2794 5071 Estote
2810 5016 2990 5068 autem
3014 5009 3251 5065 factores
3286 5003 3445 5075 legis,
3462 5012 3520 5057 et
3539 5016 3648 5056 non

2070 5115 2356 5172 auditores
2408 5118 2644 5176 tantum,
2712 5105 2966 5163 fallentes
3026 5100 3414 5169 vosmetipsos.
3474 5093 3652 5160 «Quia

1605 5362 1915 5424 Bonifacii
1962 5362 2189 5424 lt‘inetti
2228 5365 2421 5423 uotae.

377 5477 541 5549 ὀργὴ.
570 5474 796 5549 οὐκ-εἱς.
817 5470 1022 5549 ἀγαθὸν
1064 5470 1185 5549 ἔσθ’.
1199 5472 1287 5524 ὅτε
1325 5461 1473 5549 εἶδεν.
1503 5465 1782 5547 τελευτᾷν.
1814 5462 1865 5516 Ν
1871 5480 1958 5516 um

378 5536 427 5604 et
457 5536 973 5603 in'comulta’lorutjo
1001 5550 1051 5596 et
1078 5541 1512 5608 incircumspecta
1567 5536 1651 5588 ira
1692 5549 1963 5603 nunquam

380 5621 523 5675 novit
556 5619 609 5671 in
646 5616 839 5669 bonum
861 5612 1115 5666 desinere.

455 5688 536 5757 (Ἰ)
559 5686 790 5756 Vulgata
827 5683 1011 5757 habet,
1037 5688 1307 5757 operatur,
1343 5686 1398 5733 et
1432 5685 1600 5757 recte.
1637 5674 1756 5744 lpse
1785 5681 1967 5757 tamen

383 5741 532 5816 verti,
566 5741 794 5827 perﬁcit,
847 5763 903 5809 ut
954 5741 1131 5807 locum
1169 5741 1366 5807 habere
1409 5755 1618 5819 posset,
1643 5741 1765 5814 qua:
1809 5741 1972 5812 paulo

2069 5473 2195 5534 post
2228 5462 2503 5534 sequitur,
2536 5463 2948 5515 commentatio.

2143 5510 2913 5604 (si"ob;dignitatisque
2935 5519 3000 5604 ad
3035 5536 3086 5572 ν.
3215 5532 3245 5572 a
3276 5514 3446 5604 scipio
3471 5510 3654 5604 aliqua

2075 5582 2436 5671 grauidines
2450 5582 2647 5671 addita
2660 5582 2783 5653 esse
2795 5582 3071 5671 videntur.
3100 5587 3333 5671 Aliunde
3355 5585 3509 5641 locus
3525 5582 3657 5645 satis

2077 5660 2372 5739 obscurus,
2400 5680 2453 5725 et
2486 5669 2719 5723 fortasse
2751 5660 3047 5720 mendosus
3072 5668 3175 5716 est.
