4020 6214
470 315 602 380 1ἶ4⁴1

1391 305 1967 369 TI-IEOPHYLACTI
2003 301 2416 363 BULGARI/‘E
2455 302 2806 363 ARCHIEP.

3570 292 3698 356 ll-iS

467 429 515 483 si
549 427 675 498 quis
706 424 926 480 auditor
953 431 1038 477 est
1064 419 1236 481 verbi,
1269 430 1322 472 et
1355 433 1463 471 non
1496 416 1692 482 l‘actor,
1719 416 1807 469 hic
1828 428 2051 484 compa-

2163 413 2429 484 ἀκροατὴς
2489 413 2648 481 λόγου
2698 413 2836 476 ἐστὶ,
2925 410 3021 464 καὶ
3091 411 3152 462 οὐ
3221 406 3478 477 ποιητὴς,
3559 403 3710 471 οὗτος

469 522 684 574 rabitur
711 519 827 571 viro
854 513 1220 570 consideranti
1249 511 1461 567 vultum
1507 508 1810 565 nativitatis
1848 521 1962 561 suae
1986 505 2038 558 in

469 608 716 678 speculo.
755 625 774 657 ι
821 603 1188 659 Considerare
1224 620 1242 650 ‹
1278 600 1486 654 vultum
1541 595 1848 652 nativitatis
1880 613 1900 646 ι
1933 601 2038 656 est,

469 698 824 766 semetipsum
877 710 974 764 per
1027 695 1199 763 legem
1245 704 1598 762 cognoscere,
1649 699 1704 742 et
1746 687 1868 742 ideo
1931 701 2040 740 non

470 791 609 843 dixit
635 785 1016 842 tantummodo
1049 804 1068 836 ι
1105 785 1336 845 vultum,
1368 802 1385 833 ι
1417 782 1510 835 sed
1548 801 1566 832 ι
1592 780 1800 834 vultum
1843 776 2044 832 nativi-

470 883 636 942 tatis;
677 900 694 932 ι
735 895 829 946 per
867 879 1039 947 legem
1067 877 1210 932 enim
1259 875 1548 937 discimus,
1581 872 1770 942 quales
1802 870 1916 923 nati
1948 884 2045 923 su-

471 987 594 1026 mus
637 979 692 1022 et
744 970 1116 1039 intelligimus,
1167 966 1360 1037 quales
1391 973 1579 1035 postea
1627 959 1930 1032 spiritualis
1964 959 2047 1013 lex

471 1079 570 1132 per
593 1073 842 1118 naturam
885 1059 1328 1131 regenerationis
1357 1072 1459 1112 nos
1481 1055 1741 1110 olfecerit.
1765 1053 1832 1106 At
1853 1053 2048 1106 deinde

474 1171 583 1209 non
619 1162 1032 1226 perseverantes
1063 1154 1117 1207 in
1163 1153 1282 1228 hac.
1312 1150 1649 1219 inspectione
1687 1162 1781 1217 per
1812 1145 2046 1216 praxim,

474 1246 671 1314 ipsius,
715 1243 861 1314 quod
891 1243 1224 1313 recepimus,
1258 1240 1563 1311 Spiritualis
1605 1237 1734 1292 doni
1776 1234 2050 1289 oblivisci-

477 1351 621 1390 mur.
663 1335 766 1401 Qui
805 1335 951 1390 enim
991 1350 1050 1388 se
1082 1334 1266 1403 pravis
1306 1329 1720 1402 operationibus
1753 1328 1923 1391 dedit,
1956 1341 2052 1380 ne-

469 1443 582 1497 que
616 1427 1036 1490 beneﬁciorum,
1086 1427 1288 1495 quibus
1331 1438 1452 1478 eum
1495 1421 1643 1476 Deus
1700 1419 1907 1483 allecit,
1941 1433 2052 1471 am-

475 1517 618 1588 plius
649 1518 1039 1572 reminiscitur.
1074 1517 1130 1571 Si
1156 1518 1300 1570 enim
1334 1513 1595 1568 memoria
1633 1519 1866 1572 teneret,
1905 1508 2055 1579 quod

469 1623 718 1677 superne
766 1608 1062 1677 regeuitus,
1107 1606 1463 1676 jttstilicatus,
1499 1611 1552 1656 et
1595 1604 1735 1657 inter
1773 1603 1914 1656 lilios
1960 1601 2054 1654 Dei

477 1705 766 1768 coeptatus
792 1698 885 1760 sit,
917 1696 1166 1766 profecto
1198 1709 1537 1766 nequaquam
1572 1709 1632 1747 se
1661 1693 1896 1746 traderet
1920 1707 2055 1761 ope-

2145 510 2321 562 ἕοικεν
2353 507 2506 578 ἀνδρί
2540 504 2890 559 κατανοοῦντι
2909 503 2972 556 τὸ
3001 501 3293 573 πρόσωπον
3323 499 3418 568 τῆς
3451 501 3711 566 γενέσεως

2145 599 2311 654 αὑτοῦ
2355 601 2413 651 ἐν
2479 598 2747 668 ἐσόπτρῳ.
2788 615 2808 648 ι
2871 625 2942 634 -
3014 612 3034 646 ι
3069 594 3366 662 Πρόσωπον
3427 594 3710 664 γενέσειιν,

2147 689 2485 764 [κατανοεῖν]
2517 708 2535 740 ι
2572 689 2633 741 τὸ
2667 688 2755 742 διά
2785 687 2878 740 τοῦ
2905 688 3073 754 νόμου
3108 687 3302 740 ἐαυτὸν
3325 687 3708 755 ἐπεγνωκέναι.

2147 787 2238 837 Aio
2267 783 2362 837 καὶ
2417 782 2495 852 τῷ
2524 799 2543 834 ι
2578 779 2856 851 προσώπῳ
2879 780 3128 850 ἐπήγαγε
3169 798 3187 829 ι
3227 779 3328 847 τῆς
3371 780 3651 847 γενέσεως.
3687 798 3704 830 ι

2148 874 2250 928 Διά
2297 872 2406 943 γάρ
2470 871 2562 925 τοῦ
2619 871 2786 939 νόμου
2831 868 3178 939 μανθάνομεν
3228 865 3332 920 οἷοι
3392 869 3707 937 γεγόναμεν,

2149 967 2244 1020 καί¹
2275 963 2647 1031 κατανοοῦμεν
2698 961 2846 1023 οἴους
2891 959 3225 1029 γενομένους
3273 961 3300 1012 ὁ
3353 959 3714 1028 πνευματικὸς

2149 1057 2181 1124 ἡ
2193 1055 2299 1123 μᾶς
2331 1052 2585 1104 ἀποτελεῖ
2629 1051 2794 1118 νόμος
2833 1049 2921 1102 διὰ
2951 1049 3046 1101 τοῦ
3087 1047 3299 1118 λυτροῦξ
3323 1049 3423 1118 τῆς
3458 1049 3712 1116 παλιγγε-

2151 1145 2355 1206 νεσίας.
2388 1141 2516 1197 Εἶτα
2557 1143 2632 1213 μὴ
2667 1142 2998 1213 ἐμμένοντες
3026 1145 3094 1212 τῇ
3124 1142 3351 1214 τοιαύτῃ
3383 1143 3480 1213 θέᾳ
3511 1144 3599 1196 διὰ
3625 1145 3715 1213 τῆς

2153 1237 2426 1306 πράξεως,
2458 1236 2552 1288 καί
2607 1234 2700 1286 τοῦ
2732 1233 3069 1303 χαρίσματος
3126 1233 3615 1304 ἐπιλανθανόμεθα.
3664 1235 3716 1286 ’0

2154 1328 2264 1398 γάρ
2315 1326 2583 1397 πράξεσιν
2639 1325 2878 1387 ἐκδιδοὺς
2922 1325 3115 1377 ἐαυτὸν
3167 1327 3454 1394 πονηραῖς,
3488 1325 3610 1378 οὺδέ
3641 1328 3715 1379 ὅτι

2154 1420 2520 1490 εὐηργέτηται
2576 1418 2728 1488 παρά
2782 1417 2876 1470 τοῦ
2907 1416 3044 1471 Θεοῦ
3097 1417 3448 1487 μνημονεύει.
3493 1419 3554 1472 Εἰ
3615 1420 3715 1489 γὰρ

2156 1511 2544 1581 ἐμνημόνευεν,
2565 1510 2646 1562 ὅτι
2661 1507 2867 1562 ἄνωθεν
2883 1507 3170 1578 ἐγεννήθη,
3187 1508 3280 1561 καὶ
3303 1509 3618 1579 ἐδικαιώθη,
3634 1513 3718 1565 καὶ

2159 1601 2217 1651 ἐν
2234 1599 2368 1660 υἱοῖς
2399 1597 2652 1664 ἐλογίσθη
2677 1597 2835 1660 Θεοῦ,
2867 1597 2967 1650 οὐκ
2997 1598 3058 1650 ἂν
3093 1598 3286 1650 ἐαυτὸν
3302 1599 3583 1670 παρεδίδου
3618 1605 3720 1664 τοῖς

2122 1715 2126 1719 ·
2159 1687 2445 1742 ἀθετοῦσιν
2462 1687 2642 1757 ἔργοις
2663 1687 2762 1756 τὴν
2774 1686 2956 1756 χάριν.
2977 1687 3108 1739 Ἀπὸ
3127 1687 3184 1740 δέ
3209 1687 3298 1740 τοῦ
3320 1690 3578 1760 συνήθους
3608 1690 3722 1743 τοῦ-

477 1789 651 1852 ribus,
681 1805 802 1857 qua:
833 1796 1109 1856 receptam
1141 1788 1372 1857 gratiam
1412 1788 1617 1842 delent.
1647 1788 1913 1841 Cancrum
1935 1801 2058 1855 apo-

2163 1799 2254 1833 του
2301 1783 2592 1850 ἐσόπτρου,
2632 1780 2723 1832 ἐπί
2743 1779 2802 1831 τὸ
2831 1779 3018 1846 νοητὸν
3087 1778 3372 1850 ἔσοπτρον,
3431 1781 3720 1846 διαΰιεάζει

479 1879 657 1934 stolus
687 1877 756 1932 ab
796 1877 1000 1933 usitato
1043 1877 1291 1947 speculo,
1331 1876 1397 1930 ad
1446 1878 1732 1948 spirituale
1775 1877 2056 1947 speculum

481 1983 788 2024 sermonem
871 1966 1240 2032 transferens,
1323 1967 1556 2022 alterum
1633 1967 2058 2036 comparationis

441 2085 448 2090 -
481 2060 786 2114 membrum
812 2057 954 2112 haud
985 2058 1256 2127 expressit
1284 2078 1298 2123 ;
1327 2058 1401 2112 ita
1431 2058 1577 2112 enim
1625 2072 1684 2113 se
1719 2057 1944 2112 haberet
1976 2059 2058 2112 in-

483 2157 632 2218 tegra
663 2148 999 2216 comparatio
1057 2163 1071 2199 :
1134 2147 1189 2202 Si
1231 2148 1356 2217 quis
1397 2148 1614 2203 auditor
1661 2149 1796 2219 legis
1837 2158 1944 2212 est,
2004 2159 2059 2204 et

481 2253 588 2292 non
650 2239 842 2300 factor,
898 2237 986 2292 hic
1031 2237 1231 2293 similis
1283 2250 1367 2294 est
1419 2239 1623 2295 homini
1688 2240 2056 2295 consideranti

479 2331 688 2384 vultum
725 2345 882 2384 suum
910 2331 965 2388 in
990 2331 1245 2400 speculo;
1288 2331 1752 2401 quemadmodum
1794 2332 1938 2386 enim
1969 2332 2060 2386 ille

481 2420 850 2475 consideravit
882 2437 964 2484 se,
993 2429 1046 2474 et
1073 2421 1224 2487 abiit,
1258 2431 1312 2478 et
1343 2425 1528 2476 statim
1554 2423 1758 2480 oblitus
1785 2433 1890 2488 est,
1920 2441 2059 2494 qun-

483 2513 550 2567 lis
588 2513 752 2584 328
786 2513 920 2582 fuit;
953 2514 1026 2569 ita
1056 2531 1115 2570 se
1143 2516 1308 2570 habet
1336 2516 1446 2577 ille.
1497 2516 1588 2586 qui
1621 2532 1688 2569 ex
1724 2516 1842 2586 lege
1893 2515 2060 2571 illusis

482 2601 746 2656 addidicit
799 2603 872 2667 id,
918 2613 1142 2674 propter
1180 2604 1329 2675 quod
1383 2603 1564 2660 factus
1602 2606 1694 2668 sit,
1749 2620 1944 2675 nempe
1993 2606 2059 2658 ad

482 2695 576 2749 Dei
603 2697 854 2766 gloriam,
887 2707 941 2752 et
982 2699 1213 2769 utjttxta
1249 2699 1540 2770 imaginem
1570 2699 1662 2754 Dei
1700 2699 1923 2755 factoris
1950 2701 2057 2764 sui,

479 2796 710 2851 viveret,
744 2805 802 2843 se
839 2789 1037 2844 factum
1072 2806 1212 2856 esse,
1243 2793 1542 2862 cognovit;
1574 2801 1765 2862 postea
1805 2792 1939 2846 nihil
1962 2791 2062 2846 ho-

481 2899 602 2936 rum
647 2883 793 2950 facit,
821 2886 913 2940 sed
949 2887 1138 2941 eodem
1167 2887 1329 2942 modo
1366 2903 1426 2944 se
1458 2888 1619 2958 gerit,
1651 2903 1713 2942 ac
1759 2887 1851 2957 qui
1881 2886 2060 2941 consi-

479 2976 634 3030 derat
687 2978 894 3032 vultum
947 2995 1127 3035 suum.
1193 2980 1308 3035 Hoc
1377 2980 1545 3052 igitur
1613 2981 1956 3049 exemplum,
2006 2989 2061 3032 ιιι

481 3078 736 3136 oportere
781 3070 1091 3134 videbatur,
1139 3072 1457 3141 neutiquam
1517 3072 1725 3140 integre
1781 3073 2061 3140 preposuit

482 3158 615 3212 ille:
650 3173 756 3212 non
791 3169 968 3213 tamen
1012 3163 1221 3231 absque
1250 3178 1415 3217 causa
1451 3181 1465 3217 :
1503 3163 1714 3219 scilicet
1747 3162 1950 3230 aliquid
1978 3178 2065 3214 rc-

483 3247 703 3302 ticcndo
739 3249 1045 3304 auditorem
1077 3253 1424 3306 attentiorem
1471 3252 1701 3306 reddere
1736 3260 1790 3305 et
1825 3252 2066 3305 excitare

482 3339 677 3404 voluit,
713 3355 780 3394 ne
803 3340 978 3395 otiose
1014 3341 1117 3396 ista
1155 3341 1392 3396 audiret.
1421 3341 1539 3395 Non
1571 3343 1718 3396 enim
1757 3343 1897 3396 beati
1938 3351 2068 3396 sunt

483 3432 795 3498 auditores;
860 3434 953 3487 sed
1022 3434 1114 3503 qui
1180 3434 1390 3488 attditui
1445 3434 1655 3504 praxim
1713 3435 2063 3504 adjunguttt:

483 3521 925 3590 quandoquidem
959 3533 1014 3578 et
1047 3525 1302 3579 Phariszei
1355 3525 1921 3591 ftteruntanditores;
1968 3526 2063 3580 sed

2158 1873 2451 1940 τὸνλόγον,
2513 1873 2678 1942 μηδὲν
2724 1873 3033 1940 ἀπενέγκας
3083 1872 3192 1925 τῶν
3245 1875 3324 1936 εἰς
3381 1873 3722 1945 παράδειγμα

2159 1967 2528 2036 ἀφοριζόντων
2579 1966 2639 2019 τὸ
2680 1965 2990 2035 εἰρημένον.
3038 1959 3164 2018 Οἷον
3211 1965 3296 2020 ἵνα
3347 1967 3476 2037 εἴπῃ
3517 1967 3718 2030 οὕτως·

2160 2061 2228 2113 Εἰ
2264 2077 2347 2120 τις
2411 2057 2687 2130 ἀκροατὴς
2748 2057 2913 2127 νόμου
2946 2057 3062 2110 ἐστί
3093 2057 3186 2110 καί
3210 2057 3274 2110 οῦ
3294 2059 3544 2128 ποιητὴς,
3577 2055 3723 2122 οὗτος

2162 2153 2339 2205 ἔοικεν
2355 2151 2509 2221 ἀνδρί
2537 2149 2891 2204 κατανοοῦντι
2923 2149 2984 2202 τὸ
3018 2152 3308 2220 πρόσωπον
3333 2149 3500 2202 αὐτοῦ
3527 2153 3583 2203 ἐν
3613 2152 3724 2202 ἐσό-

2162 2259 2338 2311 πτρῳ.
2379 2241 2468 2302 Ὠς
2503 2241 2612 2310 γὰρ
2649 2241 2854 2302 ἐκεῖνος
2889 2243 3218 2310 κατενόησεν
3251 2240 3443 2293 ἑαυτὸν
3469 2243 3562 2294 καὶ
3623 2243 3724 2294 ἀπ-

2163 2333 2407 2402 ελήλυθε,
2434 2334 2529 2386 καὶ
2564 2331 2724 2393 εὐθὺς
2756 2332 3054 2385 ἐπελάθετο
3104 2335 3286 2395 όποίος
3313 2329 3382 2404 ἦν
3408 2348 3422 2363 ·
3456 2335 3597 2386 οὕτω
3642 2335 3726 2386 καὶ

2162 2421 2316 2489 οὗτος
2347 2427 2374 2478 ό
2400 2425 2487 2478 διὰ
2512 2424 2603 2477 τοῦ
2636 2424 2896 2487 Μωῦαέος
2928 2425 3095 2494 νόμου
3131 2426 3480 2494 κατανοήσας
3504 2425 3562 2477 τὸ
3589 2426 3726 2477 διατί

2162 2519 2408 2588 γέγονεν,
2435 2519 2515 2571 ὅτι
2547 2517 2680 2587 πρὸς
2712 2515 2870 2580 δόξαν
2894 2517 3052 2578 Θεοῦ,
3079 2519 3170 2569 καί
3200 2518 3259 2570 τὸ
3282 2520 3401 2571 κατ’
3431 2519 3610 2571 εἰκόνα
3637 2537 3726 2586 γε·

2163 2609 2349 2663 νέσθαι
2379 2609 2473 2662 τοῦ
2510 2608 2873 2677 πεποιηκότος
2912 2609 3071 2674 Θεοῦ,
3107 2611 3246 2680 μετά
3277 2611 3337 2663 τὸ
3377 2613 3725 2680 κατανοῆσαι,

2164 2701 2317 2754 οὐδὲν
2345 2701 2454 2753 τῶν
2489 2700 2942 2769 κατανοηθέντων
2975 2703 3286 2772 εἰργάσατο,
3327 2703 3444 2756 ἀλλ’
3474 2702 3728 2764 ὡσαύτως

2163 2793 2238 2863 τῷ
2282 2793 2634 2845 κατανοοῦντι
2691 2791 2750 2842 τὸ
2779 2793 2970 2844 ἐαυτοῦ
3010 2793 3319 2864 πρόσωπον.
3357 2793 3730 2864 Τοῦτῳοῦτως

2167 2887 2474 2956 χρήσασθαι
2499 2885 2636 2950 δέον,
2691 2887 2790 2938 οὒκ
2826 2887 3115 2956 ἐχρήσατο.
3145 2888 3254 2940 Καὶ
3280 2887 3340 2940 οὑ
3381 2887 3558 2956 μάτην
3581 2886 3731 2938 τοῦτο

2167 2981 2315 3032 ποιεῖ
2342 2979 2370 3030 ό
2409 2978 2732 3043 ἀπόστολος,
2760 2979 3010 3047 συνάγων
3041 2979 3130 3031 τὸν
3158 2980 3435 3050 ἀκροατὴν
3491 2981 3582 3032 καὶ
3610 2997 3732 3031 σνν-

2168 3070 2358 3123 τείνων
2397 3072 2475 3134 εἰς
2503 3070 2562 3123 τὺ
2596 3072 2669 3140 μὴ
2699 3070 2992 3140 παρέργως
3023 3071 3227 3124 τούτων
3257 3071 3494 3124 ἀκούειν.
3530 3072 3603 3123 Ut)
3632 3071 3734 3140 γὰρ

2170 3164 2364 3214 ἐκεῖνοι
2396 3163 2660 3232 μακάριοι
2701 3163 2751 3214 εἰ
2805 3163 3098 3230 ἀκροαταὶ,
3136 3163 3250 3216 ἀλλ’
3307 3166 3352 3216 οἱ
3381 3164 3736 3225 συνάπτοντες

2172 3257 2238 3322 τῇ
2268 3254 2525 3320 ἀκροάσει
2559 3254 2655 3322 τὴν
2691 3253 2912 3322 πρᾶξιν.
2960 3255 3110 3306 Ἐπεὶ
3138 3255 3296 3307 κα“ιοί
3321 3255 3740 3323 Φαρισαῖοιέγέ-

2170 3361 2323 3395 νοντο
2359 3344 2645 3412 ἀκροατα,
2682 3345 2794 3398 ἀλλ’
2833 3348 2954 3399 ἐπεὶ
2985 3349 3046 3399 οὐ
3083 3350 3302 3417 ποιηταὶ
3355 3344 3508 3417 ἦσαν,
3558 3348 3741 3398 οὐκέτι

2175 3437 2454 3506 μακάριοι.
2485 3457 2502 3488 ι
2545 3439 2585 3489 [l
2616 3439 3047 3508 ραλογιζόμενοι
3092 3441 3338 3500 ἐαυτούς.
3370 3461 3386 3491 ι
3443 3440 3588 3497 ’ὃντί
3627 3438 3737 3500 τοῦ,

2171 3526 2569 3592 ἐξαπατῶντες,
2592 3531 3062 3599 καταφρονοῦντες
3095 3532 3416 3601 τῆςέαυτῶν
3446 3530 3737 3600 σωτηρίας.

487 3615 742 3683 quoniam
768 3615 1002 3672 factores
1031 3635 1137 3674 non
1171 3628 1346 3683 erant,
1375 3636 1720 3690 nequaquam
1758 3621 1903 3675 beati
1972 3631 2290 3676 evaserunt.
2333 3642 2351 3673 ‹
2403 3622 2672 3678 Pallentes
2746 3627 3144 3696 vestuetipsos;
3181 3644 3198 3676 ι
3269 3625 3370 3678 hoc
3439 3633 3544 3687 cst,
3600 3623 3742 3676 deci-

485 3707 696 3777 pientes
721 3709 1105 3779 vosmetipsos,
1140 3713 1293 3780 parvi
1340 3711 1628 3782 pendendo
1659 3724 1893 3768 vestram
1927 3715 2199 3785 propriam
2228 3716 2480 3770 salutem.

559 3797 723 3854 Vens.
759 3799 848 3855 ει.
898 3820 916 3852 ‹
958 3800 1340 3857 Consideravit
1378 3804 1524 3859 enim
1585 3820 1665 3870 se,
1710 3815 1765 3860 et
1813 3808 1966 3871 abiit,
2013 3817 2066 3862 et

486 3891 671 3945 statim
712 3893 916 3946 oblitus
951 3902 1035 3948 est
1074 3895 1254 3964 qualis
1286 3894 1470 3951 fuerit.
1517 3915 1535 3948 ι
1572 3897 1856 3952 Auditioni
1885 3897 2068 3968 jungit

486 3983 838 4038 oblivionem.
884 3985 1152 4051 Quoniam
1183 3987 1250 4042 ad
1288 3990 1485 4044 anima:
1523 3989 1754 4045 salutem
1790 4005 1899 4045 non
1945 3991 2060 4046 suf-

488 4073 602 4128 ficit
640 4075 848 4130 auditio
889 4076 1044 4146 legis,
1089 4077 1195 4132 nisi
1242 4080 1406 4132 etiam
1444 4079 1710 4148 operatio,
1752 4095 1874 4150 qua:
1910 4081 2066 4135 audi-

487 4165 690 4221 tionem
727 4167 1034 4233 continuet,
1068 4169 1455 4238 subsequatur.

559 4257 725 4314 Vens.
767 4260 859 4314 25.
899 4279 916 4311 ι
943 4259 1046 4327 Qui
1084 4271 1260 4315 autem
1283 4262 1624 4331 perspexerit
1652 4263 1704 4316 in
1737 4263 1908 4332 legero
1946 4280 2067 4334 per-

488 4349 684 4404 fectant
721 4350 1014 4415 libertatis,
1043 4362 1098 4406 et
1129 4355 1493 4420 permanserit
1517 4355 1567 4408 in
1595 4371 1680 4418 ea,
1712 4371 1818 4408 non
1849 4357 2067 4413 auditor

487 4440 794 4496 obliviosus
837 4442 1038 4506 lactus,
1071 4444 1166 4497 sed
1207 4446 1378 4498 factor
1411 4446 1616 4513 operis,
1660 4447 1752 4500 hic
1795 4448 1982 4503 beatus
2012 4451 2064 4502 in

2255 3827 2273 3857 ς
2313 3806 2626 3877 Κατενόησε
2661 3806 2770 3875 γὰρ
2804 3807 3017 3871 ἐαυτὸν,
3060 3808 3155 3861 καί
3182 3807 3508 3876 ἀπελήλυθε,
3545 3810 3632 3860 καὶ
3658 3810 3741 3861 2'5-

2174 3899 2312 3962 θὲως
2358 3899 2652 3952 ἐπελάθετο
2681 3900 2877 3962 οόποῖος
2923 3894 3011 3968 ἦν.
3049 3918 3067 3951 ι
3103 3901 3182 3970 Τῇ
3243 3901 3506 3971 ἀκροάσει
3542 3903 3742 3972 συνῖγζὲε

2172 3988 2271 4059 τὴν
2297 3989 2685 4060 ἐπιλησμονὴν,
2712 3989 2786 4051 ὡς
2812 3990 2910 4042 οῦκ
2935 3989 3212 4060 ἀρκούσης
3236 3991 3402 4060 μόνης
3430 3992 3744 4061 ἀκροάσεως

2175 4079 2340 4148 νόμου
2388 4081 2523 4149 πρὸς
2583 4079 2820 4149 ψυχικὴν
2852 4081 3150 4148 σωτηρίαν,
3211 4082 3258 4132 εἰ
3314 4080 3387 4151 μὴ
3440 4082 3533 4132 καὶ
3588 4082 3745 4149 ποίη-

2177 4189 2260 4236 σις
2292 4172 2724 4243 ἐπακολουθήσει
2765 4175 2902 4244 πρὸς
2943 4175 3234 4244 βεϐαίωσιν
3275 4175 3374 4244 τῆς
3407 4176 3744 4244 ἀκροάσεως.

2252 4283 2269 4314 ι
2294 4265 2351 4316 Ὀ
2371 4264 2426 4317 δέ
2447 4265 2778 4334 παρακύψας
2801 4267 2879 4325 εἰς
2902 4267 3063 4335 νόμον
3080 4264 3284 4320 τέλειον
3312 4266 3402 4318 τὶν
3421 4264 3518 4334 τῆς
3538 4264 3747 4317 ἐλευθε-

2177 4365 2298 4433 ρίας
2331 4363 2425 4416 καὶ
2445 4362 2812 4432 παραμείνας,
2843 4358 2996 4426 οὗτος
3018 4366 3117 4416 οὐκ
3140 4361 3419 4432 ἀκροατὴς
3449 4361 3746 4430 ἐπιλησμο·

2173 4453 2268 4522 νῆς
2287 4453 2595 4520 γενόμενος,
2611 4451 2746 4505 ἀλλὰ
2761 4453 2986 4522 ποιητὴς
3007 4453 3190 4522 ἔργου,
3221 4446 3377 4510 οὗτος
3403 4453 3676 4522 μακάριος
3695 4455 3748 4506 ἐν

489 4530 637 4585 facto
665 4546 766 4586 suo
787 4533 913 4587 erit.
950 4552 970 4585 ι
998 4562 1070 4573 -
1097 4553 1114 4584 ‹
1153 4533 1255 4599 Qui
1291 4537 1630 4605 perspexerit
1663 4537 1764 4607 (9),
1808 4557 1826 4589 ι
1863 4539 2056 4608 inquit,

2171 4545 2234 4612 τῇ
2286 4543 2503 4611 ποιήσει
2527 4541 2694 4594 αὐτοῦ
2715 4542 2888 4596 ἔσται.
2925 4562 2944 4593 ›
2981 4561 3087 4591 -ι
3121 4542 3478 4611 Παρακύψας,
3514 4562 3530 4592 ι
3568 4539 3746 4603 εἶπεν,

487 4633 696 4688 etnon,
735 4622 835 4689 Qui
872 4625 1152 4693 ingressus
1196 4625 1377 4680 fuerit.
1427 4627 1742 4696 Spiritualis
1787 4631 1932 4684 cnim
1957 4631 2062 4699 lex,

489 4730 614 4769 cum
649 4717 854 4784 ubique
888 4717 1145 4770 eximium
1169 4725 1222 4772 et
1254 4733 1508 4788 magnum
1541 4722 1670 4790 quid
1699 4722 1968 4791 praeferat,
1998 4740 2064 4778 ex

488 4803 704 4858 modica
727 4805 888 4858 etiam
920 4806 1004 4860 sui
1053 4809 1492 4866 consideratione
1550 4823 1727 4881 potest
1771 4815 2067 4882 quemlibet

487 4895 553 4949 ad
581 4911 640 4949 se
662 4895 835 4966 ipsam
857 4898 1097 4953 allicere.
1131 4900 1429 4970 Postquam
1456 4917 1584 4958 vero
1621 4903 1783 4966 dixit,
1817 4925 1834 4956 ι
1869 4905 2064 4970 Legem

489 4987 812 5056 perfectam,
847 5006 866 5039 ι
907 4989 1113 5054 subdit,
1146 5010 1163 5041 ι
1203 4992 1494 5058 libertatis,
1535 5011 1552 5044 ι
1589 5001 1646 5046 ut
1692 4995 1864 5063 ipsius
1901 4995 2067 5048 liber-

491 5079 616 5132 tatis
645 5079 827 5134 dotem
878 5081 1234 5150 significaret.
1286 5081 1394 5137 Lex
1447 5084 1591 5138 enim
1639 5084 1833 5139 Christi
1883 5101 2006 5140 cum
2041 5100 2069 5137 a

491 5170 778 5237 servitute,
807 5187 928 5241 quae
965 5174 1268 5228 secundum
1318 5190 1539 5228 carnem
1589 5187 1694 5239 est,
1735 5176 2072 5241 liberaverit,

491 5263 840 5319 accedentem
865 5265 930 5318 ad
953 5281 1012 5320 sc
1038 5265 1092 5320 in
1123 5266 1369 5321 libertate
1398 5267 1685 5321 constituit
1715 5283 1728 5318 :
1757 5281 1867 5337 quo
1902 5267 2069 5320 illicio

489 5369 615 5410 eum
655 5359 1004 5412 attentioretn
1049 5359 1250 5421 reddit,
1292 5369 1455 5428 atque
1505 5362 1572 5414 ab
1619 5361 1912 5424 oblivione,
1947 5376 2067 5429 quae

494 5445 635 5500 bona
659 5451 842 5502 omnia
878 5450 1202 5518 corrumpit,
1243 5449 1456 5503 liberat.

2176 4633 2294 4685 ἀλλ’
2317 4633 2437 4696 οὐκ,
2467 4632 2738 4686 Εἰσελθὼν
2766 4651 2780 4665 ·
2831 4637 2858 4688 ό
2888 4635 2998 4703 γὰρ
3057 4638 3430 4706 πνευματικδς
3467 4634 3656 4702 νόμος.
3690 4633 3748 4685 τὸ

2177 4725 2370 4793 ἐφετὸν
2406 4728 2680 4796 πανταχοῦ
2700 4729 2791 4781 καὶ
2825 4731 3115 4798 μεγαλεῖον
3139 4731 3299 4800 ἔχων,
3333 4730 3427 4783 καὶ
3449 4728 3545 4782 ἀπ’
3577 4728 3748 4794 αὐτῆς

2175 4817 2275 4884 τῆς
2307 4817 2565 4888 βραχείας
2594 4819 2842 4889 ἐντυχίας
2890 4815 3033 4873 οἶδεν
3068 4820 3416 4889 ἐφέλκεσθαι,
3454 4819 3639 4872 Εἰπὼν
3668 4819 3742 4882 δέ,

2183 4928 2201 4962 ι
2236 4911 2417 4980 Νόμον
2461 4911 2684 4978 τέλειον,
2723 4931 2740 4964 ι
2808 4915 3101 4984 ἐπήνεγκε,
3143 4935 3158 4965 ι
3201 4914 3299 4983 τῆς
3356 4913 3688 4981 ἐλευθερίας,
3723 4928 3743 4961 ι

2177 5004 2276 5073 τὴν
2307 5005 2621 5074 ἐλευθερίαν
2649 5006 2921 5075 ἐπίσημον
2951 5005 3111 5058 αὑτοῦ
3149 5006 3488 5074 ποιούμενος.
3536 5003 3597 5055 Ὀ
3640 5004 3748 5070 γὰρ

2181 5096 2323 5148 κατά
2362 5096 2598 5166 Χριστόν
2620 5098 2783 5159 νόμος
2817 5098 2912 5166 τῆς
2949 5099 3075 5166 περὶ
3101 5098 3198 5168 τὴν
3228 5098 3404 5166 σάρκα
3432 5093 3748 5157 ἀπαλλάξας

2181 5187 2445 5249 δουλείας,
2479 5190 2534 5240 ἐν
2564 5187 2845 5260 ἐλευθερίᾳ
2868 5193 2954 5241 τὸν
2979 5189 3272 5259 προσιόντα
3308 5187 3617 5257 καθίστησι,
3655 5186 3748 5236 καὶ

2177 5279 2264 5332 διὰ
2295 5279 2354 5332 τὸ
2382 5280 2708 5351 ἐλευθέριον,
2766 5282 2861 5332 καὶ
2892 5281 3253 5351 προσεκτικὸν
3299 5279 3592 5349 εἰργάσατο
3622 5273 3742 5326 τοῦ·

2177 5383 2290 5430 τον,
2325 5370 2415 5420 καί⁹
2445 5371 2536 5438 τῆς
2575 5369 2977 5439 ὶυμαινομένης
3006 5372 3179 5424 ἅπασι
3211 5372 3322 5432 τοῖς
3357 5369 3540 5431 καλοῖς
3568 5362 3743 5432 aiin-

2176 5455 2336 5522 λαξεν
2369 5459 2759 5529 ἐπιλησμονῆς.

1735 5566 2029 5628 llonifacii
2071 5567 2292 5630 Finctli
2345 5578 2533 5630 noue.

566 5659 648 5728 (9)
670 5656 929 5743 iVerbum
961 5663 1553 5743 napaxdntwoproprie
1584 5665 1877 5743 sigttili:at,
1899 5667 2064 5722 obiter
2098 5676 2148 5721 et
2169 5682 2260 5735 per
2287 5678 2624 5724 lrmtsemmm
2655 5673 2885 5737 intueri;
2934 5675 3022 5728 etti
3097 5670 3492 5743 signiﬁcationi
3563 5669 3738 5722 nititut

498 5742 734 5795 sequens
763 5733 1211 5786 comtttentatoris
1239 5733 1660 5790 animadversio.
