4020 6214
477 300 606 366 1151
1391 299 1970 363 TIIEOPHYLACTI
2010 304 2422 364 BULGARl/E
2456 305 2811 365 ARCHIEP.
3595 305 3735 370 1152

475 414 703 469 mundo.
741 432 759 464 ι
796 411 1032 468 Mundus
1067 412 1154 466 hic
1202 412 1594 482 intelligendus
1624 423 1706 468 est
1729 415 1972 485 vulgaris
2003 422 2058 470 et

2183 415 2381 486 ῖημὼδη
2416 416 2510 468 καὶ
2543 413 2811 483 συρφετὸν
2837 410 2993 484 ὗχλον
3021 412 3335 477 ἀκουστέον,
3354 414 3446 468 τὸν
3475 415 3614 468 κατὰ
3636 417 3734 480 τὰς

476 506 826 576 promiscuus
868 505 1129 574 populus,
1174 505 1268 575 qui
1307 506 1772 575 concupiscentiis
1816 517 1872 562 et
1904 521 2058 562 erro-

2183 509 2456 576 mOupia;
2493 510 2591 578 τῆς
2625 507 2840 576 ἀπάτης
2867 503 3032 558 αὐτοῦ
3061 505 3439 576 φθειρόμενον.

479 600 632 654 ribus
670 596 1040 651 deformatur.

1093 685 1328 742 CAPUT
1369 685 1434 740 ll.

549 780 712 835 Vens.
757 778 810 833 1.
863 797 882 830 ι
921 777 1143 834 Fratres
1191 779 1320 844 mei,
1362 779 1532 834 nolite
1584 779 1640 834 in
1697 795 2059 850 personarum

481 872 802 942 acceptione
829 870 1033 924 habere
1068 870 1228 926 fidem
1262 870 1478 926 Domini
1530 873 1709 926 nostri
1743 870 1872 926 Jcsu
1901 872 2064 926 Chri-

479 966 550 1021 sti
577 962 780 1034 glorias.
823 982 839 1013 ι
881 962 983 1027 Qui
1022 963 1168 1017 enim
1193 977 1319 1018 cum
1352 978 1712 1032 personarum
1742 963 2064 1032 acceptione

479 1057 780 1126 quidquam
814 1054 965 1118 facit,
997 1069 1056 1109 se
1097 1055 1444 1108 immunditia
1499 1055 1697 1123 replet,
1742 1063 1934 1122 utpote
1970 1053 2064 1123 qui

479 1149 724 1218 ejusdem
773 1156 1087 1202 consortem
1139 1156 1372 1211 naturae,
1407 1149 1516 1200 imo
1555 1163 1664 1216 pra:
1705 1148 1822 1208 illo,
1861 1155 2068 1202 semet-

479 1243 658 1310 ipsum
709 1241 1004 1308 ignominia
1055 1238 1217 1293 allicit
1257 1256 1272 1294 :
1309 1240 1752 1309 quandoquidem
1800 1240 2067 1309 quidquid

481 1331 646 1385 simili
691 1331 775 1384 sui
821 1331 945 1400 quis
980 1330 1126 1392 facit,
1161 1331 1291 1383 illud
1336 1331 1390 1384 in
1445 1347 1504 1385 se
1556 1333 1735 1400 ipsum
1780 1333 2066 1386 fzieivnteiu

482 1431 783 1492 retorquet.

480 1566 487 1575 ,
554 1513 719 1569 Vsus.
767 1515 820 1580 2,
853 1517 907 1571 5.
953 1535 972 1568 ι
1012 1514 1226 1571 Etenim
1271 1517 1316 1572 si
1354 1515 1630 1571 introierit
1662 1516 1713 1569 iu
1737 1523 2067 1570 conventum

481 1615 725 1662 vestrum
760 1609 842 1661 vir
871 1623 1098 1663 aureum
1142 1610 1408 1663 annulum
1439 1609 1648 1663 habens
1677 1608 1733 1661 in
1767 1617 1918 1662 veste
1945 1623 2072 1662 can-

483 1698 632 1762 dida,
674 1699 989 1753 introiverit
1024 1710 1202 1754 autem
1237 1709 1291 1755 et
1328 1716 1537 1770 pauper
1564 1701 1728 1770 330
1768 1701 1820 1754 in
1847 1701 2069 1754 sordido

487 1792 701 1857 habitu,
745 1800 799 1845 et
831 1791 1134 1846 inundatis
1167 1793 1221 1844 in
1254 1807 1402 1856 eunt,
1428 1794 1519 1861 qui
1555 1793 1784 1847 indutus
1809 1799 2070 1847 esttveste

489 1884 772 1953 prmclara,
819 1891 874 1937 et
903 1882 1152 1936 dixeritis
1178 1882 1227 1936 ei
1259 1900 1274 1935 :
1308 1881 1386 1934 Tu
1429 1883 1562 1938 sede
1605 1885 1694 1938 hic
1733 1884 1906 1951 bene;
1942 1900 2073 1954 pau-

487 1975 602 2043 peri
637 1985 818 2027 autcm
851 1973 1089 2027 dicatis:
1135 1971 1214 2025 Tu
1248 1982 1328 2025 sta
1363 1973 1471 2025 illic
1497 2013 1510 2037 ,
1546 1982 1639 2026 aut
1668 1974 1798 2028 sede
1828 1975 1929 2028 sub
1952 1989 2074 2029 sca-

488 2063 631 2118 bello
687 2063 886 2132 pedum
942 2079 1212 2118 meorum.
1249 2083 1266 2114 ι
1306 2065 1532 2120 Videtur
1595 2069 1944 2122 consuetudo
1992 2067 2073 2122 fe-

488 2153 644 2208 rendi
675 2153 936 2206 annulum
981 2155 1218 2207 maxime
1243 2153 1384 2220 apud
1409 2152 1629 2210 Iudaeos
1661 2157 1925 2223 viguisse.
1966 2158 2070 2212 Sed

491 2242 746 2296 fortassis
799 2241 1008 2310 inquiet
1065 2241 1154 2296 hic
1204 2243 1458 2311 aliquis:
1508 2244 1566 2298 Si
1608 2243 1850 2300 Jacobus
1887 2245 2076 2301 Testa-

489 2331 660 2384 menti
699 2330 831 2385 Jesu
881 2330 1091 2386 Christi
1136 2329 1332 2386 doctor
1375 2341 1478 2397 est,
1526 2348 1702 2401 quare
1751 2335 1914 2390 modo
1963 2351 2072 2390 non

491 2421 718 2490 abrogat
742 2437 805 2478 ea
835 2437 955 2492 qua
983 2421 1118 2494 legis
1141 2431 1304 2491 sunt;
1337 2425 1430 2480 sed
1464 2425 1648 2496 potius
1677 2427 1908 2491 extollit,
1939 2429 2077 2483 reei-

491 2514 648 2582 piens
668 2529 785 2580 eos,
823 2515 915 2585 qui
947 2517 1001 2568 in
1035 2515 1194 2585 legali
1223 2516 1371 2570 cultu
1413 2526 1734 2584 versantur,
1775 2535 1952 2589 neque
1979 2536 2076 2577 eos

492 2605 608 2658 ullo
637 2615 796 2674 pacto
826 2607 1215 2675 reprehendit?
1248 2608 1325 2662 Ad
1358 2625 1521 2678 quem
1570 2611 1914 2681 reponimus,
1949 2629 2074 2666 eum

494 2710 616 2750 sese
650 2695 969 2752 insinuandi
1013 2698 1186 2768 gratia
1241 2700 1314 2754 ita
1346 2716 1470 2755 cum
1507 2702 1619 2758 illis
1649 2704 1821 2773 loqui,
1854 2713 1907 2760 et
1935 2709 2079 2776 ipso-

494 2803 616 2842 rum
659 2788 1022 2843 imbecillitati
1067 2790 1537 2858 condescendere,
1576 2810 1644 2849 ne
1684 2795 1728 2849 si
1771 2797 1955 2851 statim
2007 2800 2080 2852 le-

491 2894 613 2949 gem
649 2887 941 2946 everteret,
974 2881 1245 2939 doctrinae
1291 2885 1535 2941 novitate
1565 2887 1688 2943 illos
1724 2888 1820 2944 abs
1847 2905 1906 2944 se
1945 2891 2076 2944 aba-

493 2970 748 3027 lienaret.
807 2973 1028 3030 Scilicet
1067 2976 1323 3045 prudenti
1384 2979 1698 3034 (economia
1749 2979 1989 3036 admittit
2019 2984 2076 3038 in

2765 685 3016 739 ΚΕΦΑΛ.
3062 684 3138 736 B’.

2241 799 2260 830 ι
2306 778 2554 846 ’Ᾱδελφοί
2580 794 2704 847 μου,
2740 776 2815 845 μὴ
2846 777 2903 828 ὲν
2939 774 3428 845 προσωποληψίαις
3456 773 3604 845 ἔχετε
3637 775 3734 847 τὴν

2165 873 2347 926 πίστιν
2367 871 2462 925 τοῦ
2498 871 2702 942 Κυρίου
2725 872 2884 942 ἡμῶν
2927 869 3104 938 Ἰησοῦ
3133 869 3370 939 Χριστοῦ
3399 869 3682 937 τῆςδόξης.
3708 888 3725 919 ι

2175 967 2234 1019 Ὀ
2268 967 2376 1036 γαρ
2435 966 2494 1018 ὲν
2533 962 2970 1033 προσωποληψίᾳ
3006 961 3179 1014 ποιῶν
3207 980 3281 1025 τι,
3315 960 3514 1014 πολλοῦ
3548 961 3733 1016 σπίλον

2167 1056 2360 1110 ἑαυτὸν
2389 1055 2717 1126 ἐμπίπλησι,
2749 1053 2812 1106 τδ
2854 1053 3117 1122 ὁμογενὲς
3153 1051 3442 1121 ἀτιμάζων
3490 1054 3584 1105 καὶ
3632 1054 3736 1122 πρὸ

2169 1148 2379 1200 ἐκείνου
2414 1147 2624 1210 ἑαυτὸν,
2655 1146 2766 1212 είγε
2800 1145 2833 1214 ἡ
2883 1143 3111 1213 πρδςτὸ
3141 1144 3328 1213 ὅμοιον
3351 1144 3614 1208 ἐπίδειξις
3646 1146 3737 1197 καὶ

2171 1239 2307 1310 πρὸς
2337 1238 2530 1291 ἑαυτὸν
2565 1237 2997 1310 παραπέμπεται
3019 1237 3112 1289 τὸν
3131 1237 3457 1305 πράττοντα.

2251 1521 2268 1553 ι
2303 1501 2432 1556 Ἐὰν
2465 1503 2574 1574 γὰρ
2603 1501 2819 1574 εἰσέλθῃ
2851 1503 2930 1564 εἰς
2961 1500 3064 1573 τὴν
3097 1501 3419 1572 συναγωγὴν
3439 1501 3593 1572 ὑμῶν
3608 1501 3740 1572 ἀνὴρ

2177 1596 2635 1666 χρυσοδακτύλιος
2685 1597 2743 1648 ὲν
2773 1594 2966 1663 ἐσθῆτι
3014 1593 3265 1664 λαμπρᾷ,
3315 1593 3532 1665 εἰσέλθῃ
3567 1593 3622 1646 δὲ
3649 1594 3741 1648 καὶ

2175 1688 2389 1758 πτωχὸς
2433 1688 2490 1740 ὲν
2526 1688 2748 1758 ῥυπαρᾷ
2789 1686 2999 1756 ἐσθῆτι,
3049 1684 3380 1755 ἐπιϐλέψητε
3431 1685 3486 1738 δὲ
3534 1685 3625 1738 ἐπὶ
3653 1686 3743 1738 τὸν

2175 1778 2444 1849 φοροῦντα
2475 1779 2573 1846 τὴν
2613 1779 2817 1848 ἐσθῆτα
2845 1776 2944 1848 τὴν
2975 1777 3259 1848 λαμπρὰν,
3294 1777 3389 1830 καὶ
3424 1779 3636 1847 εἴπητε,
3668 1779 3742 1830 ΣΞ)

2175 1874 2342 1928 κάθου
2373 1868 2474 1926 ὧδε
2505 1873 2684 1934 καλῶς
2706 1887 2719 1900 °
2753 1874 2847 1926 καὶ
2876 1872 2958 1942 τῷ
2997 1871 3198 1942 πτωχῷ
3223 1871 3417 1943 εἴπητε
3437 1886 3451 1902 ⁶
3483 1871 3550 1923 Σὺ
3583 1870 3748 1938 στῆθι

2177 1965 2376 2036 ἐκεί,ἢ
2422 1963 2588 2019 κάθου
2617 1958 2717 2017 ὧδε
2763 1964 2866 2016 ύπὸ
2911 1965 2972 2016 τὸ
3005 1963 3298 2017 ὑποπόδιόν
3347 1980 3471 2033 μου.
3506 1982 3522 2013 ι
3561 1963 3750 2014 Ἐοικε

2175 2059 2234 2110 τ’,
2253 2058 2697 2128 δακτυλιοφορείν
2729 2056 2964 2125 μάλιστα
2991 2057 3120 2126 παρ’
3193 2054 3465 2124 Ἑϐραίοις
3499 2054 3610 2118 ἕξιν
3633 2057 3744 2107 κεῖ·

2180 2151 2322 2205 σθαι.
2353 2152 2510 2214 Ἴσως
2537 2151 2594 2204 δε
2643 2151 2759 2220 ἐρεῖ
2790 2166 2872 2212 τις
2899 2147 3136 2202 ἐνταῦθα
3155 2161 3172 2178 ο
3205 2147 3267 2201 El
3295 2149 3392 2218 τῆς
3419 2147 3558 2200 κατά
3593 2147 3747 2218 [Χρι-

2176 2243 2292 2314 τδν]
2328 2244 2599 2314 Διαθήκης
2650 2242 2912 2304 Ἰάκωϐος
2966 2240 3306 2303 διδάσκαλος,
3340 2241 3457 2304 πῶς
3502 2240 3594 2294 νῦν
3630 2241 3750 2310 οὐχὶ

2178 2335 2486 2388 καταπαύει
2509 2335 2578 2387 τὰ
2602 2333 2696 2387 τοῦ
2719 2334 2908 2404 νόμου,
2953 2333 3091 2386 ἀλλά
3120 2332 3320 2402 μᾶλλον
3348 2331 3572 2402 ἐξαίρει,
3622 2333 3748 2394 τοὺς

2178 2428 2235 2480 ἐν
2258 2429 2325 2496 τῇ
2354 2426 2446 2478 τοῦ
2471 2426 2637 2494 νόμου
2664 2424 2934 2495 θρησκεία
2963 2424 3380 2494 ἀποδεχόμενος,
3407 2427 3500 2478 καὶ
3523 2422 3593 2494 μὴ
3624 2426 3748 2476 ἐπι-

2179 2519 2354 2588 τιμῶν
2387 2517 2629 2584 τούτοις;
2665 2517 2806 2588 Πρὸς
2865 2517 2922 2570 ὃν
2952 2518 3126 2571 ἐκεῖνο
3149 2516 3404 2587 ἐροῦμεν,
3427 2515 3747 2583 ὡςείσαγω-

2178 2612 2479 2682 γικώτερον
2521 2612 2705 2674 αὐτοῖς
2739 2611 2834 2664 νῦν
2883 2611 3211 2680 διαλέγεται,
3262 2611 3355 2664 καὶ
3391 2610 3751 2678 πγκαταὸαί-

2180 2718 2260 2754 νει
2289 2703 2354 2770 τῇ
2385 2700 2590 2754 τούτων
2617 2701 2891 2772 ἀσθενείᾳ,
2925 2701 3012 2755 ἵνα
3043 2701 3118 2772 μὴ
3143 2701 3206 2754 ὲκ
3229 2700 3412 2771 θυρῶν
3433 2701 3750 2770 ἀνατρέπων

2179 2791 2270 2844 τὸν
2301 2793 2486 2861 νόμον,
2540 2791 2716 2844 ὀπίσω
2744 2793 2942 2862 χωρεῖν
2999 2793 3203 2864 ποιήσῃ
3236 2793 3300 2861 τῇ
3334 2791 3608 2860 καινότητι
3635 2790 3748 2842 τῶν

2179 2883 2546 2953 διδαγμάτων.
2584 2882 3091 2953 Οἰκονομικώτερον
3139 2883 3194 2936 δὲ
3232 2884 3752 2954 μεταχειρισάμενος

2179 2976 2240 3028 τὸ
2285 2976 2538 3046 πρᾶγμα,
2571 2977 2663 3028 καὶ
2713 2975 2976 3038 ύπενδοὺς
2997 2976 3122 3029 ὅσον
3156 2975 3318 3029 αὑτὸν
3360 2977 3459 3030 ούκ
3490 2975 3752 3028 ἔϐλαπτεν

493 3061 645 3119 Novo
705 3063 1063 3122 Testamento
1111 3068 1313 3139 legales
1363 3073 1756 3135 caeremonias,
1812 3086 2074 3144 quantum

2183 3069 2263 3131 εἰς
2293 3069 2391 3136 τὴν
2419 3068 2627 3138 Καινὴν
2665 3067 2943 3139 Διαθήκην
2985 3070 3107 3130 ταῖς
3152 3071 3404 3138 νομικαίς
3445 3067 3753 3130 δεισιθείαις

495 3155 716 3223 quidem
771 3158 980 3226 absque
1036 3159 1284 3228 ejusdem
1347 3161 1674 3219 detrimento
1718 3174 1968 3233 poterat;
2003 3167 2079 3238 (et

495 3259 631 3300 sane
663 3245 793 3314 quid
831 3247 952 3301 fidei
988 3248 1191 3301 Christi
1233 3259 1327 3302 aut
1367 3249 1773 3315 Sabhatismus,
1808 3266 1905 3310 aut
1934 3259 2080 3325 jeju-

496 3333 672 3398 nium,
720 3343 814 3387 aut
858 3344 1136 3388 certorum
1174 3337 1506 3392 abstinentia
1553 3339 1804 3397 ciborum
1856 3346 2084 3419 deroga-

496 3427 589 3479 bat
608 3428 654 3493 Ἰ)
689 3441 926 3496 cumque
959 3428 1059 3480 hac
1093 3428 1307 3484 ratione
1333 3430 1503 3499 magis
1543 3433 1858 3504 benevolos,
1887 3443 2083 3511 magis-

494 3531 602 3584 que
629 3519 809 3570 verbis
843 3520 960 3573 suis
1002 3528 1242 3574 atteutos
1271 3521 1632 3588 reddidisset,
1697 3535 1808 3582 tuut
1860 3531 2077 3586 domum

495 3608 760 3677 paulatim
799 3608 1071 3674 hortatur,
1107 3619 1165 3664 ut
1202 3627 1230 3664 a
1261 3612 1552 3682 legalibus,
1587 3618 1731 3672 velut
1766 3621 2077 3688 inutilibus,

494 3716 561 3757 ac
590 3717 711 3771 qute
748 3703 922 3772 magis
953 3703 1018 3756 ad
1063 3705 1407 3773 servitutem,
1439 3724 1603 3777 quam
1645 3711 1710 3765 ad
1747 3712 2074 3783 libertatem,

502 3811 624 3864 qua:
655 3796 705 3849 in
735 3795 952 3850 Christo
983 3805 1087 3860 est,
1121 3796 1434 3864 conferunt,
1479 3803 1814 3859 abstineant.
1847 3805 2078 3877 Sapien-

504 3898 588 3943 ter
624 3889 790 3958 igitur
817 3889 1082 3944 brevibus
1103 3892 1562 3948 alternationibus
1603 3910 1758 3961 usus,
1789 3906 2076 3968 postquam

501 3979 734 4034 obtinuit
762 3995 848 4043 ne,
877 3995 997 4048 qua:
1026 3981 1106 4033 eis
1134 3980 1372 4043 dicebat,
1399 3985 1638 4052 graviter
1671 3985 1895 4054 ferrent,
1949 3999 2079 4044 tunc

493 4082 615 4136 qua:
650 4066 982 4120 Christianis
1009 4068 1365 4134 conveniunt,
1410 4074 1719 4139 proposuit.

567 4158 730 4212 Vens.
764 4158 818 4212 ι.
867 4177 885 4208 ι
919 4159 986 4211 Ει
1023 4175 1202 4214 nonne
1249 4160 1601 4229 dijudicastis
1639 4163 1750 4233 (l2)
1781 4167 1922 4234 apud
1955 4183 2080 4223 vos-

492 4251 809 4319 metipsos,»
844 4249 1115 4305 Particula
1147 4251 1458 4320 copulativa
1490 4262 1540 4305 et
1574 4253 1659 4308 hic
1678 4255 1920 4312 abundat
1942 4261 2076 4331 (l5),

492 4350 579 4395 est
635 4341 785 4394 enim
831 4339 1213 4394 tantummodo
1254 4355 1318 4394 ex
1370 4349 1588 4396 vetusto
1621 4342 1878 4411 loquendi
1930 4362 2081 4400 more

2185 3159 2256 3231 (τί
2287 3159 2395 3230 γὰρ
2452 3160 2614 3213 αὑτὸν
2655 3161 2936 3230 παρέφερε
2993 3160 3396 3230 Σαδδατισμὺς,
3453 3161 3483 3231 ἢ
3533 3159 3754 3231 νηστεία

2184 3254 2278 3306 καὶ
2332 3251 2513 3323 ἀποχὴ
2543 3252 2852 3322 βρωμάτων
2900 3255 2999 3322 τῆς
3031 3251 3171 3306 κατὰ
3215 3253 3445 3323 Χριστὸν
3473 3252 3756 3316 πίστεως),

2184 3347 2280 3398 καὶ
2311 3344 2520 3408 τούτοις
2541 3345 2676 3407 τέως
2700 3345 3237 3415 προσεκτικωτέρους
3268 3345 3460 3405 αὐτοὺς
3490 3343 3582 3396 τοῦ
3618 3344 3757 3395 ἑαυ-

2181 3436 2274 3489 τοῦ
2310 3436 2468 3504 λόγου
2519 3435 2721 3501 λαϐὼν,
2750 3435 2922 3499 οὕτως
2952 3437 3093 3488 κατὰ
3133 3436 3329 3506 μικρὸν
3363 3434 3467 3487 τῶν
3500 3435 3596 3504 μὲν
3653 3435 3758 3501 ἀφ-

2186 3531 2437 3585 ίστασθαι
2463 3531 2750 3600 παραινεῖν
2777 3533 2840 3599 [ι’.
2866 3560 2935 3570 —-
2964 3529 3090 3600 vei],
3139 3529 3248 3582 τῶν
3291 3530 3384 3583 τοῦ
3434 3528 3620 3596 νόμον,
3677 3526 3761 3589 ὡς

2183 3623 2497 3692 ἀνωφελῶν,
2535 3624 2630 3678 καὶ
2673 3623 2809 3693 πρθις
2845 3621 3110 3688 δουλείαν,
3149 3623 3209 3675 ού
3248 3623 3384 3692 πρὸς
3439 3623 3766 3692 ἐλευθερίαν

2184 3714 2650 3784 μετακαλούντων,
2677 3716 2776 3775 τὴν
2797 3715 2854 3768 ἐν
2868 3714 3107 3785 Χριστῷ.
3128 3713 3317 3781 Σοξῶς
3330 3715 3618 3784 τοιγαροῦν
3640 3716 3766 3776 ταῖς

2183 3807 2470 3878 βραχείαις
2497 3806 2835 3875 ὑπαλλαγαῖς
2863 3807 3165 3877 χρώμενος,
3203 3807 3288 3860 ὅτε
3323 3808 3398 3876 μὴ
3425 3807 3762 3874 δυσαιασχεο

2180 3898 2408 3961 τοῦντας
2438 3893 2603 3969 εἷλαι[
2634 3899 2671 3968 f.
2699 3893 2834 3969 εἷλε]
2856 3899 2962 3959 τοῖς
2993 3897 3330 3966 λεγομένοις,
3360 3897 3478 3951 τῦτε
3503 3899 3764 3967 τὲπροσ-

2181 3991 2382 4060 ήκοιιτα
2410 3990 2752 4059 Χριστιανοῖς
2790 3988 3121 4058 παρέθηκεν.

2260 4187 2276 4219 ι
2319 4165 2511 4239 [Καὶ]
2571 4167 2631 4219 ού
2699 4165 3006 4234 διεκρίθητε
3065 4167 3122 4219 ὲν
3179 4165 3412 4227 ἑαυτοῖς.
3449 4182 3466 4215 ι
3516 4164 3573 4215 Ὀ
3658 4164 3773 4215 καί

2184 4258 2477 4328 σύνδεσμος
2529 4257 2790 4327 παρέλκει
2830 4255 3064 4310 ἐνταῦθα
3110 4257 3356 4328 συνήθως
3406 4253 3766 4327 ἀρχαϊζούσης]

2187 4349 2406 4420 φράσει,
2437 4347 2559 4401 ἐπεὶ
2591 4347 2900 4409 ἀποδόσεως
2949 4345 3118 4416 οΰσης
3152 4347 3388 4400 ἐνταῦθα
3417 4346 3511 4398 τοῦ
3537 4347 3647 4398 ἄνω
3685 4347 3778 4396 εἰς

493 4433 761 4502 apposita.
791 4431 925 4486 Cum
957 4431 1100 4486 enim
1144 4431 1247 4486 hoc
1274 4431 1346 4485 sit
1381 4447 1730 4503 consequens
1767 4438 2074 4506 praeceden-

2189 4441 2446 4510 ρημέονυ,
2483 4436 2737 4509 περιττὸς
2777 4441 2803 4491 ὁ
2850 4437 3186 4508 σύνδεσμος⁶
3220 4438 3338 4490 ἔστι
3386 4438 3494 4507 γὰρ
3547 4435 3726 4498 οὕτως
3756 4452 3773 4465 -

493 4527 564 4580 tis
594 4524 866 4579 orationis
900 4524 1230 4588 membrum,
1274 4523 1552 4594 superflua
1602 4537 1688 4580 est
1737 4528 2076 4597 conjunctio.

493 4615 574 4671 lta
605 4617 750 4670 enim
796 4631 856 4670 se
894 4615 1096 4670 habet:
1134 4635 1152 4667 ι
1191 4615 1248 4668 Si
1280 4616 1552 4672 introierit
1598 4619 1722 4684 quis
1760 4619 1811 4672 in
1843 4635 2082 4676 conven-

495 4719 607 4762 tum
650 4717 916 4770 vestrum,
959 4724 978 4757 ›
1010 4713 1118 4760 etc.
1149 4705 1390 4763 Deinde:
1432 4726 1450 4760 ι
1485 4707 1678 4764 Nonne
1727 4709 2081 4777 dijudicastis

493 4792 636 4863 apud
669 4793 1124 4859 vosmetipsos?»
1159 4793 1294 4852 Cum
1339 4796 1442 4851 hoc
1465 4797 1538 4852 sit
1589 4797 1821 4852 alterum
1869 4801 2081 4869 periodi

488 4883 822 4943 membrum.
859 4885 1076 4953 phrasis
1113 4888 1447 4957 postulabat,
1485 4896 1546 4942 ut
1591 4888 1800 4959 absque
1843 4890 2080 4962 conjun-

490 4977 674 5034 ctione
695 4985 747 5032 ct
775 4976 1114 5048 proferretur
1135 5019 1150 5043 ,
1207 4988 1267 5034 ut
1301 4979 1622 5049 huiusmodi
1668 4997 1864 5038 sensus
1891 5000 2079 5039 exsur-

492 5079 647 5140 geret
680 5089 694 5124 :
731 5071 1003 5136 Quoniam
1061 5087 1195 5136 nou,
1241 5081 1301 5126 ut
1362 5073 1672 5142 oportebat,
1705 5073 2072 5142 dijudicastis,

499 5180 520 5213 ι
549 5161 678 5218 facti
698 5163 831 5218 estis
857 5162 1074 5231 judices
1100 5162 1500 5232 cogitationum
1534 5177 1843 5232 pravarum.
1878 5182 1896 5213 ι
1938 5163 2072 5216 lllud

493 5265 699 5321 autem,
737 5272 755 5305 ι
793 5252 983 5309 Nonne
1015 5252 1381 5321 dijudicastis,
1419 5271 1437 5304 ι
1479 5253 1707 5321 perinde
1749 5264 1856 5316 est,
1887 5269 1952 5308 ac
1978 5252 2076 5307 Ju-

495 5346 705 5402 dicium
727 5328 994 5412 vestrum,
1019 5346 1168 5400 nulla
1197 5345 1350 5414 prius
1380 5345 1770 5414 disquisitione
1812 5347 1977 5414 facta,
2013 5363 2080 5402 an

2186 4553 2204 4582 ι
2243 4527 2374 4585 Ἐάν
2410 4547 2494 4592 τις
2522 4528 2742 4600 εἰσέλθῃ
2777 4530 2856 4591 είς
2891 4530 2990 4599 τὴν
3024 4528 3347 4600 συναγωγὴν
3403 4527 3574 4595 ὑμῶν,
3619 4547 3638 4578 ι
3667 4530 3779 4580 καὶ

2179 4623 2332 4693 ὲξῆςο
2370 4618 2509 4686 εἶτα,
2549 4641 2566 4670 ι
2604 4622 2680 4675 Οὺ
2703 4621 3013 4693 διεκρίθητε
3051 4622 3108 4673 ὲν
3149 4621 3382 4683 ἑαυτοῖς.
3425 4639 3442 4671 ι
3498 4619 3782 4672 Ἐνταῦοα

2177 4712 2279 4780 τῆς
2327 4710 2634 4772 ἀποδόσεως
2699 4709 2900 4780 οὔσης,
2990 4709 3146 4772 ἐκτὸς
3195 4710 3422 4762 ἀπαιτεί
3483 4707 3598 4772 τοῦ,
3663 4710 3783 4761 καί

2184 4803 2487 4872 συνδέσμου
2545 4803 2578 4872 ἡ
2639 4801 2838 4873 φράσις
2900 4800 3280 4870 προσενεχθῇ·
3336 4800 3423 4854 ἵνα
3465 4799 3646 4860 »οὕτως

2198 4892 2416 4963 Ἐπειδὴ
2446 4892 2504 4944 οὗ
2537 4892 2595 4944 τὸ
2610 4891 2730 4945 δέον
2760 4889 3034 4958 ἐκρίνατε,
3059 4908 3076 4940 ι
3103 4888 3356 4957 ἐγένεσθε
3377 4889 3565 4960 κριταὶ
3583 4886 3790 4940 διαλο-

2185 4983 2400 5052 γισμῶν
2416 4981 2686 5051 πονηρῶν.
2713 4999 2730 5032 ι
2757 4981 2827 5033 Τὸ
2853 4979 2932 5043 δὲ,
2960 4997 2978 5030 ι
3003 4979 3078 5031 Οὐ
3106 4978 3436 5049 διεκρίθητε,
3461 4998 3480 5030 ι
3500 4978 3622 5031 ἀντὶ
3649 4977 3787 5044 τοῦ,

2183 5075 2258 5126 Τὸ
2282 5074 2619 5142 διακριτικὸν
2657 5071 2811 5141 ὑμῶν
2851 5070 3221 5140 διεφθείρατε,
3262 5069 3537 5140 μηδεμίαν
3591 5068 3784 5138 συζή-

2182 5182 2340 5234 τησιν
2382 5165 2708 5234 ποιήσαντες
2749 5161 3036 5232 πρότερον,
3076 5161 3166 5214 τὸν
3198 5161 3404 5233 πένητα
3432 5160 3553 5230 μὲν,
3596 5177 3786 5213 σπου-

2187 5257 2334 5310 δαῖον
2362 5255 2440 5320 δὲ,
2470 5257 2503 5323 ἢ
2553 5254 2642 5309 τὸν
2701 5253 2956 5306 πλούσιον
3005 5253 3122 5324 μὲν,
3149 5253 3392 5325 ῥᾴθυμον
3417 5252 3472 5305 δέ
3499 5269 3512 5282 ο
3546 5249 3688 5302 ἀλλά
3713 5251 3792 5302 τὸ

2190 5348 2504 5418 ἀδιάκριτον
2526 5347 2554 5399 ὑ
2563 5347 2680 5418 μῶν
2701 5346 3019 5416 ὑπηγάγετο
3044 5346 3185 5415 ὑμᾶς
3209 5345 3268 5398 ὲν
3304 5341 3791 5414 προσωποληψίᾳ,

1753 5484 2063 5548 Bonifacii
2105 5486 2333 5548 Finetti
2379 5492 2568 5547 notat.

568 5578 684 5654 (ἰῇ)
728 5579 957 5654 vulgata
993 5583 1154 5636 habet
1187 5583 1462 5648 iudicatis.
1507 5584 1688 5654 Aliqui
1737 5587 1825 5642 hie
1855 5595 2077 5639 vertunt

495 5648 779 5729 dijuldicati
832 5648 966 5729 catis.
1003 5655 1058 5704 in
1111 5656 1514 5722 rob.’sm¢tipst’s,
1565 5648 1709 5726 quod
1766 5657 2075 5729 διεκρίθητε

498 5717 571 5768 sit
602 5716 792 5770 ferinae
823 5721 1073 5800 passivae.

2260 5587 2371 5656 (l5)
2414 5587 2474 5667 Et
2526 5585 2629 5639 hac
2668 5583 2902 5667 fortasse
2941 5583 3007 5640 de
3053 5596 3218 5639 causa
3256 5597 3286 5638 a
3326 5579 3549 5652 vulgato
3594 5577 3799 5632 inter-

2185 5669 2338 5727 prete
2369 5665 2573 5712 omissa
2603 5665 2704 5710 cst.
