4020 6214
296 308 433 375 1153

1059 302 1467 367 EXPOSITIO
1499 300 1580 362 IN
1620 298 1860 360 EPIST.
1918 297 1979 356 S.
2023 293 2305 354 JACOBI.
2337 315 2408 325 —
2445 290 2601 350 CAP.
2646 287 2731 348 II.

3427 278 3567 343 ιιδι

295 404 393 473 τὸν
418 417 518 489 μὲν
548 414 832 470 ἐπαινέσαι
864 414 952 468 διὰ
971 414 1066 468 τδν
1104 411 1359 477 πλοῦτον,
1389 410 1479 463 τὸν
1510 409 1569 463 δὲ
1609 407 1876 477 ἀτιμάσαι

2003 416 2190 471 ιςιιιρει·
2223 407 2486 455 strenuus
2515 397 2604 451 vir
2654 402 2822 460 esset,
2854 402 2948 448 aut
2980 391 3139 447 dives
3173 391 3426 460 ignavus,
3447 405 3573 445 cor-

294 511 381 564 διά
402 510 500 580 τὴν
530 507 745 562 πενίαν.
777 526 796 558 ι
833 508 941 560 Καὶ
958 505 1214 574 ἐγένεσθε
1261 503 1450 574 κριταὶ
1506 497 1874 567 διαλογισμῶν

295 601 574 671 πονηρῶν.
615 619 634 652 ι
672 597 831 652 Τοῦτ’
878 599 1046 662 ἔστιν,
1096 597 1274 649 ἄδικοι
1320 593 1505 666 κριταὶ
1544 594 1610 663 τῇ
1640 588 1877 658 πονηρίεξ⁸

296 694 360 745 ἐκ
386 690 857 762 προσωποληψίας
887 690 1217 760 προθέμενοι
1249 687 1315 759 [Γ.
1352 682 1582 755 προσθ.]

1982 495 2237 565 rupistis,
2298 499 2353 547 et
2379 505 2609 561 pravum
2639 498 2884 544 vestrum
2920 485 3190 556 judicium
3219 484 3441 538 induxit
3474 498 3573 537 vos

1987 588 2041 642 in
2072 599 2434 657 personarum
2465 581 2863 651 acceptionem,
2891 586 2949 630 ut
2983 591 3107 631 eum
3144 575 3368 644 quidem
3402 573 3576 627 hono-

1988 679 2186 733 raretis
2223 685 2447 748 propter
2481 674 2723 736 divitias,
2757 672 2907 725 hunc
2956 683 3091 723 vero
3122 667 3274 737 parvi
3303 664 3574 735 pendere-

296 787 367 839 tis
393 756 611 854 propter
639 756 1036 853 paupertatem.
1070 756 1095 834 ir
1131 782 1197 836 Et
1225 756 1355 835 facti
1382 778 1517 834 estis
1539 774 1757 848 judices
1786 771 2184 842 cogitationum
2221 782 2546 839 pravarum,
2585 784 2605 819 ι
2642 764 2746 821 hoc
2811 770 2922 829 est,
2990 759 3186 831 iniusti
3231 756 3448 826 iudices
3509 772 3576 812 cx

301 879 491 947 iniqua
527 890 892 946 personarum
924 875 1268 944 acceptione.

374 987 394 1021 ι
436 969 754 1034 Ἀκούσατε,
788 966 1011 1037 ἀδέλφοί
1067 984 1168 1036 μου
1213 963 1522 1035 ἀγαπητοί·
1553 961 1653 1032 οὐχ
1681 961 1710 1013 δ
1748 958 1884 1020 Θεὸς

299 1058 585 1126 ἐξελέξατο
612 1060 739 1120 τοὺς
765 1059 1015 1128 πτωχοὺς
1052 1056 1145 1109 τοῦ
1204 1056 1437 1125 κόσμου,
1480 1053 1773 1115 πλουσίους
1821 1050 1882 1104 ὲν

298 1157 366 1224 τῇ
395 1154 599 1218 πῖστει,
629 1153 725 1206 καὶ
753 1150 1125 1223 κληρονόμους
1147 1151 1246 1219 τῆς
1282 1148 1584 1220 βασιλείας,
1608 1142 1675 1218 ἧς
1708 1147 1884 1215 ἐπηγ-

302 1247 518 1314 γείλατο
554 1249 668 1309 τοῖς
697 1244 984 1313 ἀγαπῶσιν
1012 1243 1207 1309 αὐτόν;
1247 1243 1437 1312 Ὑμεῖς
1469 1242 1526 1294 δὲ
1575 1240 1883 1309 ἠτιμάσατε

306 1336 394 1388 τὸν
447 1336 684 1405 πτωχόν.
745 1335 859 1405 ι’)ύχ
907 1336 959 1388 oi
1017 1333 1266 1386 πλούσιοι
1323 1329 1884 1386 καταδυναστεύουσιν

307 1428 484 1496 ὑμῶν,
546 1428 642 1480 καὶ
685 1427 843 1479 αὐτοὶ
900 1427 1150 1479 ἕλκουσιν
1195 1426 1337 1494 ὑμᾶς
1389 1426 1469 1486 είς
1525 1424 1819 1493 κριτήρια;
1862 1441 1879 1471 ι

320 1519 539 1589 Ἐπειδὴ
573 1520 606 1590 ἡ
637 1519 797 1573 πενία
844 1518 1104 1588 δυσχερές
1136 1519 1251 1570 ἐστι
1280 1518 1394 1579 τοῖς
1422 1515 1637 1578 πολλοῖς
1662 1517 1754 1567 καὶ
1792 1515 1889 1583 μό·-

308 1624 396 1659 νον
443 1607 908 1675 ἀκουσθῆναι,διά
940 1606 1096 1660 τοῦτο
1140 1604 1332 1669 εἰπὼν,
1387 1622 1407 1656 ι
1446 1606 1584 1667 Τοὺς
1615 1604 1887 1672 πτωχοὺς,

304 1701 397 1756 τοῦ
433 1704 663 1772 κόσμου,
691 1721 710 1755 ι
744 1701 946 1765 εὐθέως
967 1704 1263 1772 ἐπήνεγκε,
1291 1719 1310 1751 ‹
1349 1699 1659 1761 πλουσίους.
1701 1719 1718 1750 ι
1755 1699 1888 1769 Περὶ

2053 952 2220 1007 Vsus.
2270 949 2325 1012 5,
2366 947 2419 1002 6.
2468 965 2487 997 ι
2528 944 2747 1006 Audite,
2811 942 3014 996 fratres
3056 938 3162 994 mei
3209 934 3575 992 dilectissimi:

1989 1058 2173 1099 nonne
2203 1040 2353 1094 Deus
2383 1038 2548 1107 elegit
2573 1048 2849 1107 pauperes
2876 1033 2931 1087 in
2964 1031 3071 1085 hoc
3116 1026 3349 1089 mundo,
3378 1025 3580 1081 divites

1990 1136 2044 1190 in
2075 1135 2200 1199 ﬁde,
2232 1141 2286 1187 et
2314 1129 2561 1186 hacredes
2595 1128 2771 1198 regni,
2804 1125 2948 1196 quod
2974 1120 3295 1192 repromisit
3322 1118 3463 1174 Deus
3490 1119 3580 1172 di-

1987 1228 2284 1299 ligentibus
2316 1224 2423 1280 se?
2467 1222 2579 1278 Vos
2620 1227 2802 1276 autem
2833 1219 2990 1289 331
3032 1212 3412 1271 iuhonorastis
3442 1226 3581 1281 pau-

1989 1336 2197 1391 perem.
2232 1318 2427 1372 Nonne
2453 1314 2651 1369 divites
2675 1328 2772 1383 per
2792 1309 3090 1381 potentiam
3115 1306 3433 1376 opprimunt
3458 1315 3578 1366 vos,

1990 1424 2042 1469 et
2083 1412 2184 1482 ipsi
2214 1411 2438 1464 trahunt
2488 1421 2585 1461 vos
2626 1405 2692 1460 ad
2732 1400 2992 1470 judicia?
3035 1417 3053 1450 ι
3092 1397 3361 1463 Quoaiam
3419 1394 3581 1462 vulgo

1991 1506 2076 1561 vel
2115 1505 2294 1558 solum
2346 1498 2694 1570 paupertatis
2740 1509 2940 1548 nomen
2989 1491 3281 1544 molestum
3314 1494 3418 1552 est,
3454 1486 3582 1539 hinc

1991 1611 2114 1649 cum
2156 1593 2413 1657 dixisset,
2472 1609 2490 1642 ι
2529 1588 2805 1657 Pauperes
2853 1584 2908 1637 in
2959 1581 3062 1635 hoc
3111 1578 3351 1641 saeculo,
3391 1593 3409 1626 ι
3464 1583 3583 1629 sta-

1981 1689 2078 1741 tim
2137 1686 2457 1754 subiunxit,
2495 1697 2593 1735 eos
2639 1694 2762 1734 csse
2819 1695 2836 1728 ι
2884 1675 3101 1728 divites.
3154 1689 3172 1722 ι
3246 1671 3317 1722 At
3375 1679 3483 1735 qua
3524 1664 3580 1717 in

304 1795 357 1847 τί
396 1795 453 1847 δὲ
505 1753 838 1862 πλουσίουςς
872 1753 1007 1865 Περὶ
1036 1753 1385 1864 τιὴνιπίστιψ
1430 1793 1523 1845 καὶ
1571 1753 1679 1861 γάρ
1710 1753 1884 1852 οὓτως

2003 1796 2050 1835 rc
2070 1779 2094 1832 ?
2113 1796 2130 1828 ι
2153 1778 2213 1832 ιιι
2233 1777 2370 1841 fide;
2396 1793 2415 1827 ι
2438 1771 2581 1843 quod
2607 1768 2954 1825 verissimum
2972 1771 3077 1816 est.
3109 1760 3245 1812 Nam
3274 1753 3584 1825 tranquilli-

306 1885 441 1955 ἔχει.
470 1887 544 1939 Τὸ
563 1886 671 1956 γὰρ
697 1887 788 1938 τον
804 1885 1010 1953 κόσμον
1041 1884 1455 1953 ἀπερίσπαστον
1476 1882 1584 1935 τῶν
1613 1885 1886 1950 πενήτων,

308 1974 735 2044 ὲνεργεστέρους
805 1973 1007 2034 αὐτοὺς
1062 1974 1171 2026 τῶν
1229 1973 1631 2039 πλουτούντων,
1668 1971 1888 2026 ἐπειδάν

309 2064 652 2137 προσέλθωσι
683 2069 749 2135 τῇ
782 2065 986 2131 πίστει,
1043 2067 1209 2120 ποιεῖ.
1239 2067 1329 2120 me
1361 2067 1455 2120 καὶ
1493 2068 1522 2117 ὁ
1548 2065 1750 2137 Κύριος
1779 2080 1887 2117 τοι·

308 2159 501 2223 ούτους
541 2160 791 2233 μαθητὰς
821 2160 1122 2227 ἐξελέξατο,
1145 2159 1242 2225 οὓς
1271 2161 1365 2214 καὶ
1383 2159 1759 2230 κληρονόμους
1791 2156 1888 2228 τῆς

311 2251 589 2322 βασιλείας
608 2250 894 2317 ἀνέδειξεν.
1476 2239 1487 2248 ’

392 2361 411 2394 ι
450 2344 563 2395 Ούκ
586 2343 740 2395 αύτοὶ
780 2343 1163 2414 βλασφημοῦσι
1181 2344 1242 2397 τὸ
1270 2343 1433 2397 καλὸν
1463 2341 1631 2411 ὄνομα
1663 2339 1724 2391 τδ
1758 2338 1891 2405 κλη-

313 2434 404 2486 θὲν
434 2433 520 2501 ἐφ’
565 2434 744 2502 ύμᾶςς
792 2435 851 2486 Ei
895 2437 1075 2504 μέντοι
1129 2436 1293 2505 νόμον
1348 2433 1552 2486 τελεῖτε
1612 2428 1891 2500 βασιλικὸν

309 2525 455 2578 κατά
492 2526 591 2597 τὴν
634 2526 880 2595 Γραιρὴν,
927 2525 1293 2594 Ἀγαπήσεις
1318 2525 1426 2577 τὸν
1464 2523 1736 2590 πλησίον
1767 2534 1890 2574 σου

313 2615 394 2682 ὡς
422 2616 665 2682 ἐαυτέν,
688 2615 868 2680 καλῶς
903 2619 1127 2671 ποιεῖτε.
1157 2616 1221 2668 El
1259 2615 1315 2669 δὲ
1348 2612 1888 2684 προσωποληπτεῖτε,

313 2708 589 2778 ἁμαρτίαν
613 2710 913 2780 ἐργάζεσθε
975 2710 1328 2780 ἐλεγχόμενοι
1369 2707 1476 2760 ὑπὸ
1504 2707 1598 2760 τοῦ
1622 2706 1790 2777 νόμου
1817 2705 1892 2768 ὡς

314 2799 655 2869 παραϐάται.
703 2819 721 2850 ι
761 2801 971 2871 Ὀνομα
996 2801 1202 2867 καινὸν,
1233 2800 1293 2854 τὸ
1325 2802 1466 2854 κατὰ
1501 2797 1590 2852 τὸν
1624 2814 1896 2869 προφητι-

315 2890 408 2944 κὸν
429 2892 585 2959 λόγον
607 2891 696 2944 τὸν
723 2894 1021 2959 φάσκοντα·
1048 2911 1068 2946 ι
1096 2895 1219 2955 Τοῖς
1237 2893 1549 2947 δουλεύουσί
1573 2910 1664 2964 μοι
1690 2892 1897 2963 κληθή-

315 3000 466 3035 σεται
483 2984 650 3052 δνομα
673 2984 921 3048 καινὸν,ὃ
938 2984 1366 3055 εὐλογηθήσεται
1394 2986 1487 3038 επὶ
1515 2987 1623 3039 πᾶν
1640 2983 1699 3037 τὸ
1731 2985 1896 3055 πρὲσο

314 3092 463 3128 ωπον
494 3092 595 3144 της
626 3091 750 3144 γης.
786 3094 804 3126 ι

387 3187 405 3219 ι
441 3168 633 3231 Ὅστις
666 3168 775 3239 γάρ
801 3169 921 3223 ὅλον
956 3168 1045 3222 τὸν
1072 3170 1240 3239 νόμον
1260 3171 1500 3243 τηρήσῃ,
1520 3170 1726 3243 πταίσῃ
1744 3171 1802 3224 δὲ
1836 3173 1893 3224 ὲν

316 3257 419 3322 ἑνὶ,
440 3257 631 3326 γέγονε
658 3259 877 3312 πάντων
907 3258 1107 3328 ἔνοχος.
1123 3259 1184 3310 '0
1217 3259 1326 3329 γὰρ
1356 3260 1546 3325 είπὼν,
1582 3262 1673 3327 Μὴ
1698 3259 1892 3328 φονεύ-

318 3365 438 3419 σῃς,
470 3344 590 3401 εἷπε
617 3348 730 3414 καὶ,
762 3348 855 3418 Μὴ
896 3346 1208 3421 μοιχεύσῃς.
1267 3349 1329 3402 El
1374 3348 1430 3402 δὲ
1463 3348 1522 3402 ού
1559 3347 1893 3419 μοιχεύσεις,

319 3438 601 3506 φονεύσεις
638 3440 719 3505 δὲ,
755 3440 987 3507 γέγονας
1016 3438 1342 3509 παραϐάτης
1374 3439 1561 3507 νόμου.
1591 3437 1778 3502 Οὕτως
1805 3437 1901 3491 λα-

319 3530 485 3595 λεῖτε,
531 3531 626 3583 καὶ
674 3529 845 3592 οὕτως
893 3528 1220 3593 ποιεῖτε,ὼς
1253 3528 1341 3582 διὰ
1364 3529 1531 3599 νόμου
1585 3527 1901 3597 ἐλευθερίας

325 3622 609 3693 μέλλοντες
648 3621 950 3692 κρίνεσθαι.
990 3621 1057 3675 Ἥ
1102 3622 1212 3692 γὲρ
1241 3619 1422 3692 κρίσις
1466 3619 1694 3682 ἀνίλεως
1721 3618 1798 3689 τῷ
1827 3617 1902 3690 μὴ

324 3715 612 3787 ποιήσαντι
640 3715 808 3778 ἔλεος·
842 3714 935 3768 καὶ
955 3716 1372 3784 κατακαυχᾶται
1402 3713 1549 3776 ἕλεος
1577 3713 1832 3783 κρίσεως.
1875 3730 1896 3762 ι

322 3826 439 3858 ι-ι
480 3808 695 3881 Πταίσῃ
721 3807 779 3861 δὲ
809 3809 868 3861 ἐν
910 3808 1016 3864 ένί.
1058 3827 1076 3860 ι
1134 3806 1277 3861 τοῦτ’
1297 3807 1463 3870 ἔστιν,
1487 3805 1561 3874 τῷ
1605 3805 1679 3875 μὴ
1699 3804 1906 3857 τελείαν

326 3897 472 3970 ἔχειν
490 3899 739 3968 ἀγάπην·
764 3900 1032 3970 τούτογάρ
1048 3898 1108 3953 τὸ
1128 3897 1424 3966 κεφάλαιον
1464 3897 1573 3951 τῶν
1605 3897 1800 3951 καλῶν.
1844 3897 1908 3949 Ei

325 3990 385 4044 δὲ
412 3991 512 4062 τῆς
543 3990 787 4061 κεφαλῆς
807 3993 1025 4061 ἀπορεῖ,
1047 3990 1303 4061 περιττὸν
1334 3989 1482 4044 ἀπαν
1506 3988 1565 4043 τι
1585 3987 1770 4041 λοιπον
1805 3988 1909 4040 σῶ-

332 4099 430 4152 μα.
466 4082 595 4136 Ὅτε
627 4082 688 4155 [Ῑ.
723 4080 829 4154 ὅτι]
857 4081 914 4136 δὲ
940 4082 1071 4152 περὶ⁸
1115 4080 1306 4135 τούτου
1332 4080 1505 4149 λέγει,
1534 4079 1694 4151 δῆλον
1722 4081 1786 4132 ἐκ
1812 4080 1911 4148 τῆς

331 4176 737 4245 προειρημένης
759 4176 1124 4246 κατασκευῆς.
1143 4173 1217 4227 Τδ
1233 4174 1309 4238 δὲ,
1342 4192 1361 4225 ι
1385 4175 1461 4227 Οὐ
1496 4172 1824 4244 μοιχεύσεις,
1851 4174 1910 4226 οὐ

330 4265 633 4334 φονεύων,
678 4284 696 4317 ι
730 4265 1126 4335 ύποδείγματος
1156 4265 1319 4336 χάριν
1346 4264 1580 4335 εἴρηται.
1614 4265 1811 4317 Σκόπει
1835 4262 1912 4329 δὲ,

330 4360 415 4412 ὅτι
446 4358 539 4411 καὶ
565 4359 634 4411 τά
668 4359 1050 4429 ὑποδείγματα
1084 4360 1148 4412 ὲκ
1203 4356 1298 4410 τοῦ
1329 4360 1411 4421 είς
1458 4357 1678 4428 ἀγάπην
1729 4372 1915 4409 συντε-

331 4450 550 4512 λοῦντος
579 4453 695 4504 ἐστι
730 4451 915 4522 νόμου.
959 4451 1020 4503 '0
1045 4452 1151 4523 γὰρ
1173 4451 1406 4519 ἀγαπῶν
1429 4450 1521 4505 τὸν
1552 4450 1803 4522 πλησίον,
1826 4440 1918 4502 οἶ)-

330 4560 422 4607 τος
443 4546 504 4598 οὐ
536 4547 836 4615 μοιχεύσει,
867 4544 987 4597 οὐδὲ
1022 4545 1308 4612 φονεύσει·
1335 4528 1532 4617 ἐχθροῦ
1574 4547 1684 4616 γὰρ
1719 4544 1912 4599 ταῦτα.

350 4635 503 4688 Ἐπεὶ
526 4636 575 4687 εί
609 4636 683 4705 μὴ
701 4635 877 4699 τοῦτο,
904 4635 1078 4697 οὐδεὶς
1100 4635 1407 4705 ἀνθρώπων
1455 4636 1675 4706 σωθείη,
1700 4635 1916 4698 οὐδενὸς

339 4726 555 4803 ἔχοντος
582 4726 676 4780 τοῦ
697 4724 762 4798 [Ῑ.
791 4724 878 4798 τὸ]
904 4725 993 4780 διὰ
1019 4726 1210 4780 πασῶν
1229 4726 1337 4781 τῶν
1360 4727 1592 4780 ἐντολῶν
1608 4726 1913 4790 ἀνελλιπὲς.

353 4818 493 4871 Ἀλλ’
520 4820 547 4869 ό
572 4819 797 4886 ἁγνείαν
821 4817 1185 4889 κατορθωκὼς
1206 4817 1322 4871 ἔσθ’
1342 4818 1430 4887 δτε
1458 4817 1630 4888 θυμοῦ
1648 4820 1913 4890 ἡττᾶται,

340 4910 436 4963 καὶ⁵
468 4913 496 4964 ό
517 4909 886 4980 ἐλεημοσύνην
915 4910 1118 4977 ποιῶν,
1151 4909 1455 4981 βασκανίαν
1491 4911 1606 4981 ἔχει
1627 4910 1911 4974 πολλάκις.

345 5000 508 5054 Ὥστε
538 5001 599 5053 οὐ
634 5000 764 5073 περὶ
800 5000 1002 5064 παντὸς
1039 4999 1259 5073 εἴρηται
1289 5000 1387 5054 τοῦ
1410 5000 1552 5054 κατὰ
1579 5001 1678 5065 τάς
1705 5002 1913 5073 ἀρετάς

344 5093 688 5160 ἀνελλιποῖκ,
725 5093 863 5148 ἀλλὰ
891 5095 1020 5166 περὶ
1064 5094 1310 5164 ἀγάπης,
1355 5092 1432 5157 ὠς
1454 5092 1516 5146 οὐ
1568 5092 1674 5166 χρὴ
1744 5109 1914 5165 προσο

416 5253 463 5287 "
479 5250 628 5308 Psal.
664 5266 799 5317 un,
826 5250 882 5305 2.

1993 1882 2079 1926 tas
2107 1872 2221 1935 illa,
2254 1884 2364 1939 qua
2406 1877 2675 1935 pauperes
2711 1859 2818 1912 frui
2853 1855 3053 1920 solent,
3107 1856 3297 1919 utpote
3342 1845 3580 1916 sejuncti

1992 1979 2021 2017 a
2052 1961 2283 2032 negotiis
2304 1958 2473 2026 hujus
2501 1952 2711 2016 mundi,
2744 1963 2840 2004 eos
2879 1947 3205 2017 plerumque
3236 1938 3584 2010 operosiores

1990 2063 2044 2109 et
2073 2029 2436 2107 ferventiores
2460 2043 2750 2105 divitibus,
2781 2054 2909 2094 cum
2937 2037 3000 2092 ad
3034 2035 3190 2090 fidem
3220 2029 3581 2093 accesserint,

1992 2147 2145 2202 facit.
2174 2143 2539 2213 Quamobrem
2569 2147 2625 2193 et
2659 2136 2927 2191 Dominus
2968 2132 3107 2184 tales
3127 2126 3435 2195 discipulos
3467 2121 3583 2177 ele-

1993 2241 2090 2309 git,
2120 2251 2260 2307 quos
2283 2242 2338 2289 et
2371 2230 2618 2286 Irmredes
2659 2224 2813 2294 regni
2842 2220 3088 2275 caelestis
3114 2215 3437 2271 declaravit.

2064 2326 2233 2380 Vens.
2251 2325 2367 2379 7-9.
2393 2320 2615 2374 «Nonne
2630 2316 2734 2387 ipsi
2753 2312 3130 2383 blasphemant
3147 2307 3347 2361 bonum
3365 2316 3585 2362 nomen,

1993 2416 2137 2487 quod
2165 2417 2475 2469 invocatum
2508 2416 2591 2462 est
2619 2402 2944 2475 supernos?
2966 2398 3024 2454 Si
3047 2406 3228 2451 tamen
3262 2394 3430 2462 legem
3467 2405 3588 2459 per-

1996 2478 2158 2559 ficitis
2190 2495 2765 2572 regalemﬁsecundum
2801 2491 3114 2560 Scripturas
3136 2502 3155 2540 :
3179 2484 3378 2554 Diliges
3404 2478 3593 2549 proxi-

1996 2611 2137 2649 mum
2191 2592 2511 2655 tuumgsirut
2576 2590 2849 2659 teipsum,
2885 2579 3230 2639 benefacitis.
3294 2576 3351 2630 Si
3405 2582 3586 2629 autem

1995 2698 2261 2755 personas
2302 2681 2550 2751 accipitis
2578 2717 2594 2741 ,
2633 2684 2920 2748 peccatum
2957 2667 3263 2740 operamini
3301 2662 3582 2733 redarguti

1996 2792 2027 2830 a
2054 2776 2193 2846 lege,
2217 2774 2375 2845 quasi
2397 2780 2883 2841 tranSgressoresa
2914 2764 3122 2819 Nomen
3154 2771 3378 2820 novum,
3430 2754 3590 2823 juxta

1997 2865 2323 2937 prophetam
2354 2863 2625 2918 dicentem
2648 2858 2718 2925 *7,
2754 2855 2887 2922 «Qui
2942 2852 3073 2907 mihi
3114 2847 3383 2911 serviunt,
3428 2856 3592 2898 voca-

1997 2961 2145 3015 bitur
2182 2958 2291 3012 illis
2327 2971 2527 3010 nomen
2570 2966 2795 3016 novum,
2840 2947 2983 3019 quod
3011 2940 3362 3001 benedicetur
3421 2949 3590 3007 super

1996 3063 2213 3105 omnem
2256 3046 2446 3100 faciem
2485 3053 2646 3098 terra:
2673 3040 2807 3108 (l4).
2854 3055 2873 3088 ›

1922 3169 1965 3226 c
2068 3136 2444 3192 Vsus.l0-13.
2474 3152 2493 3185 ι
2519 3132 2844 3199 Quicunque
2871 3134 3052 3180 autem
3081 3128 3249 3176 totam
3272 3119 3444 3187 legem
3477 3126 3595 3167 serv

2000 3230 2229 3291 vaverit,
2265 3224 2505 3280 oﬂendat
2541 3230 2723 3276 autem
2750 3223 2804 3274 in
2840 3231 2972 3280 uno,
3004 3216 3180 3268 factus
3211 3219 3298 3266 est
3348 3206 3593 3261 omnium

1998 3334 2149 3375 reus.
2200 3316 2305 3384 Qui
2341 3317 2487 3371 enim
2518 3313 2675 3375 dixit,
2737 3310 2857 3364 Non
2913 3303 3300 3367 rnmchaberis,
3335 3300 3475 3354 dixit
3513 3306 3595 3363 ει,

1976 3409 2120 3465 .Non
2150 3407 2410 3463 occides.
2439 3402 2596 3471 Quod
2645 3406 2692 3458 si
2750 3416 2858 3456 non
2900 3395 3269 3453 inmthaberis
3305 3432 3321 3457 ,
3375 3388 3596 3444 occides

2004 3514 2183 3559 autem
2210 3543 2225 3567 ,
2268 3501 2449 3556 factus
2476 3513 2540 3553 es
2561 3505 2940 3565 transgressor
2971 3491 3128 3561 legis.
3165 3488 3257 3543 Sic
3279 3480 3592 3555 loquimini,

2004 3608 2058 3651 et
2093 3596 2173 3650 sic
2195 3593 2360 3649 facite
2384 3632 2400 3657 ,
2437 3590 2581 3643 sicut
2614 3602 2709 3657 per
2743 3586 2914 3655 legem
2963 3580 3234 3637 libertatis
3269 3575 3597 3645 incipientes

2002 3684 2281 3757 iudicari.
2340 3680 2616 3736 Judicium
2676 3676 2823 3731 enim
2867 3675 2986 3728 sine
3046 3667 3427 3724 misericordia
3480 3665 3596 3728 illi,

2009 3773 2132 3850 qui'
2173 3791 2284 3832 non
2368 3771 2560 3827 fecerit
2664 3763 3119 3821 misericordiam.
3214 3756 3599 3827 Superexaltat

2011 3848 2192 3925 autem
2277 3862 2655 3921 misericordia
2731 3856 3024 3928 judicium.
3069 3872 3088 3905 ι
3154 3880 3220 3893 —-
3280 3869 3299 3901 ι
3347 3848 3600 3903 Olieudat

2011 3970 2195 4017 autem
2242 3960 2295 4014 in
2337 3972 2489 4011 uno:
2537 3973 2556 4007 ›
2591 3952 2718 4023 quia
2764 3949 2974 4004 scilicet
3029 3946 3300 4013 integram
3351 3955 3458 3993 non
3500 3939 3600 3991 ha-

2016 4059 2104 4111 bet
2129 4053 2491 4107 charitatem:
2546 4060 2609 4101 ea
2636 4045 2782 4098 enim
2834 4047 2919 4094 cst
2943 4044 3107 4106 caput
3141 4036 3412 4089 bonorum
3471 4043 3600 4099 ope.

2015 4161 2159 4201 rum.
2212 4142 2443 4198 Sublato
2478 4146 2658 4194 autem
2717 4134 2916 4204 capite,
2952 4128 3145 4184 inutile
3176 4140 3239 4180 ac
3264 4121 3599 4192 superﬂuum

2015 4246 2102 4295 cst
2173 4236 2448 4305 reliquum
2504 4243 2730 4300 corpus.
2785 4223 2942 4294 Quod
2985 4236 3118 4276 vero
3170 4219 3240 4274 de
3290 4215 3392 4271 hac
3429 4229 3488 4269 re
3525 4213 3603 4266 Io-

2016 4336 2244 4401 quatur,
2290 4324 2637 4379 manifestum
2673 4330 2758 4375 est
2812 4329 2972 4373 exeo
3018 4310 3163 4383 quod
3203 4306 3459 4378 superius
3514 4316 3605 4358 εε-

2023 4397 2178 4476 ι-ιύἱι.
2230 4417 2389 4482 Illud,
2455 4432 2474 4466 ι
2515 4412 2632 4467 Non
2697 4405 3084 4468 tnmchaberis,
3137 4402 3259 4456 Non
3302 4397 3541 4461 occides,
3576 4412 3598 4446 ι

1948 4518 1990 4573 D
2019 4511 2254 4584 exempli
2292 4523 2457 4564 causa
2490 4505 2697 4560 dictum
2750 4508 2854 4557 est.
2907 4499 2971 4555 Et
3030 4494 3425 4554 animadverte,
3455 4485 3603 4557 quod

2020 4583 2463 4671 etiamexempla
2520 4598 2685 4651 allata
2738 4602 2869 4649 sunt
2915 4608 2979 4646 ex
3026 4591 3093 4645 iis
3144 4583 3450 4658 praeceptis,
3481 4592 3604 4650 qua)

2019 4696 2345 4754 cbaritatem
2364 4695 2731 4748 concernunt.
2760 4684 2865 4751 Qui
2888 4682 3032 4738 enim
3063 4678 3241 4748 diligit
3266 4672 3600 4746 proximum,

2020 4808 2196 4865 neque
2228 4788 2620 4851 mreclrabitur,
2650 4797 2828 4854 neque
2881 4779 3133 4844 occidet;
3199 4770 3409 4829 inimici
3453 4767 3601 4823 enim

2019 4861 2248 4957 propria
2280 4891 2406 4941 sunt
2447 4882 2580 4939 ista.
2605 4878 2671 4932 Et
2719 4890 2874 4942 sane,
2930 4872 2979 4928 si
3018 4872 3121 4925 hoc
3157 4882 3265 4922 non
3309 4864 3386 4919 ita
3417 4876 3477 4917 se
3508 4861 3606 4912 ha-

2024 4979 2196 5043 beret,
2223 4991 2385 5032 nemo
2432 4975 2618 5031 salvus
2660 4971 2821 5037 foret,
2852 4982 2976 5024 cum
3017 4978 3179 5021 nemo
3227 4962 3320 5025 sit,
3374 4954 3463 5011 cui
3492 4964 3599 5006 non

2020 5041 2228 5141 aliquid
2256 5069 2397 5124 desit
2433 5065 2503 5122 de
2533 5063 2882 5122 observantia
2924 5058 3307 5115 mandatorum
3339 5050 3451 5123 (l5)
3483 5061 3497 5099 :
3530 5041 3605 5098 sic

1589 5341 1898 5404 Bonifacii
1943 5342 2171 5407 Finetti
2213 5349 2405 5406 notua.

418 5448 532 5518 (14)
596 5445 827 5503 Videtur
897 5452 1295 5518 commentator
1361 5445 1529 5501 verba
1616 5444 1918 5514 Scriptura:

348 5516 688 5581 me‘mdriter,
722 5520 968 5588 adeoque
992 5531 1099 5570 non
1125 5516 1352 5588 oumino
1378 5525 1637 5571 accurate
1667 5518 1914 5588 citasse_:

351 5588 546 5642 nullibi
575 5588 723 5641 enim
754 5602 839 5651 ea,
881 5584 1041 5655 prout
1073 5585 1405 5651 referuntur,
1440 5590 1683 5655 reperire
1740 5584 1914 5655 potui.

354 5657 586 5711 EXSIant
622 5666 804 5712 tamen
840 5657 1098 5710 nonnulla
1128 5656 1201 5711 Is.
1232 5670 1282 5710 c.
1318 5671 1449 5708 an.

425 5726 539 5801 (15)
574 5728 746 5784 Caute
779 5734 863 5783 est
911 5726 997 5780 hic
1032 5725 1292 5796 legendus
1329 5733 1523 5782 auctor
1557 5724 1689 5782 istc:
1743 5741 1919 5797 neque

2025 5448 2170 5502 enim
2218 5446 2606 5508 dubitandum.
2660 5447 2876 5517 aliquos
2924 5456 3047 5498 esse
3102 5439 3218 5509 qui,
3275 5435 3372 5491 Dei
3402 5434 3601 5517 gratia

2025 5517 2295 5581 robor-nti,
2330 5519 2515 5572 omnia
2557 5518 2651 5571 Dei
2699 5509 2993 5585 praecepta,
3026 5518 3292 5585 quantum
3329 5509 3466 5585 satis
3514 5515 3600 5561 est

2024 5588 2092 5640 ad
2131 5576 2332 5642 letbale
2389 5586 2671 5640 vitandum
2699 5576 3009 5654 peccatum,
3044 5576 3388 5654 custodiant.
3430 5576 3603 5654 Leves

2025 5663 2206 5710 autem
2241 5647 2721 5726 transgressiones
2742 5653 2811 5709 ab
2833 5661 3035 5708 aeterna
3061 5652 3241 5708 salute
3270 5665 3380 5705 non
3416 5647 3605 5705 exclu-

2024 5726 2179 5780 dunt.
