4020 6214
501 254 641 322 1le

1391 243 1969 308 TIlEOPiIYLACTI
2013 239 2428 301 BULGARl/E
2461 238 2816 298 ARCHIEP.

3600 232 3728 298 115“

490 366 711 442 quidem
747 360 861 433 qui,
893 374 979 414 ex.
1011 372 1063 414 c.
1098 355 1408 413 castitatem
1439 353 1704 415 custodit,
1739 351 2076 422 quandoque

2198 349 2621 420 υποληπτοῦντα
2660 347 2894 410 ἐλλιπῶς
2926 345 3089 418 αἱτῆεο
3110 345 3312 409 ἀνύειν,
3331 344 3448 399 ἀλλ’
3475 345 3736 412 ὁλοτελῶς.

490 459 733 515 vincitur
753 455 821 508 ab
854 452 972 507 ira:
1013 458 1070 506 et
1101 450 1193 520 qui
1218 450 1622 518 eleemosynam
1663 446 1819 508 facit,
1853 444 2075 498 invidus

494 560 580 607 est
618 565 727 603 non
771 560 918 600 raro.
974 542 1157 609 Quare
1187 557 1299 595 non
1363 539 1514 593 omni
1549 537 1946 608 pra-scribitur,
2011 545 2074 589 ut

493 640 770 695 defectum
803 635 1015 689 nullum
1042 635 1097 686 in
1130 630 1427 685 virtutibus
1463 630 1682 688 habent,
1712 627 1806 682 sed
1847 641 1915 680 ne
1943 626 2077 679 cha-

495 733 736 792 ritatem,
791 741 887 797 per
947 737 1306 794 personarum
1367 721 1744 789 acceptionem
1804 716 2076 772 diminute

495 826 773 886 exerceat,
835 816 929 872 sed
986 816 1215 882 integre.
1246 811 1363 866 Hoc
1420 819 1602 863 autem
1626 811 1790 864 etiam
1830 809 1897 862 de
1953 807 2075 861 aliis

494 911 797 965 virtutibus
836 907 1022 961 dicere
1074 919 1402 975 possumus.
1470 901 1570 968 Qui
1612 902 1757 954 enim
1797 915 1904 953 non
1951 913 2077 968 per-

495 1001 636 1055 fecte
702 996 1143 1067 temperantiam,
1203 994 1286 1048 vel
1316 992 1588 1062 justitiam
1638 990 1799 1060 332
1863 994 2077 1052 servat,

496 1091 591 1146 sed
653 1091 960 1150 imminute,
1023 1096 1195 1140 totum
1255 1085 1480 1138 virtutis
1551 1097 1753 1151 corpus
1836 1079 2082 1150 graviter

497 1183 663 1237 laedit.
696 1181 801 1235 Per
835 1188 1002 1234 totam
1038 1180 1202 1249 igitur
1240 1178 1409 1246 legem
1468 1171 1823 1242 intelligenda
1865 1179 1948 1224 est
1996 1170 2084 1224 hic

499 1273 588 1327 ιρι
614 1271 928 1337 cbaritatis,
966 1285 1087 1340 quae
1113 1267 1423 1338 praecipuus
1477 1279 1681 1333 scopus
1716 1263 1947 1332 apostoli
1980 1271 2084 1334 est.

2178 443 2350 496 Τοῦτο
2378 443 2434 495 δὲ
2464 443 2557 496 καὶ
2618 443 2746 512 περὶ
2791 442 2901 494 τῶν
2933 441 3106 495 ἀλλων
3165 441 3376 510 ἀρετῶν
3421 457 3617 508 φαοιεν.
3647 437 3738 508 ’⁸ος

2178 537 2286 604 γὰρ
2318 535 2393 606 μὴ
2418 535 2506 588 διὰ
2536 534 2723 595 τέλους
2749 533 2858 585 τῶν
2887 532 3260 603 σωφρονικῶν,
3291 531 3322 600 ἢ
3373 531 3482 584 τῶν
3529 531 3734 586 δικαίων

2179 625 2522 693 ἀντίσχηται,
2547 623 2660 676 ἀλλ’
2682 623 3062 691 ἐλλιπέστερον
3078 623 3342 690 χρήσεται
3364 620 3429 692 [Ῑ.
3453 651 3523 660 -
3546 622 3731 695 σηται],

2176 708 2330 778 οὗτος
2368 714 2622 785 χωλεύων
2655 717 2785 786 περὶ
2811 715 2912 783 τὴν
2951 713 3324 784 μεταχείρισιν
3349 713 3428 782 τῷ
3459 715 3620 767 παντὶ
3645 715 3729 784 τῆς

2178 808 2380 878 ἀρετῆς
2415 807 2724 876 ἐλυμήνατο
2770 805 3004 877 σώματι.
3039 806 3202 860 Ὀλον
3236 801 3329 859 οὖν
3356 806 3449 859 τὸν
3478 807 3636 875 νόμον
3655 809 3730 861 τὸν

2180 915 2247 950 πε
2257 900 2309 967 pi.
2342 897 2440 967 τῆς
2465 898 2689 967 ἀγάπης
2739 898 3052 962 ἀκουστέον,
3082 899 3211 968 περὶ
3228 893 3297 969 ἦς
3326 900 3732 970 προηγουμένως

2181 989 2330 1055 αύτῷ
2361 991 2388 1041 6
2425 989 2647 1051 σκοπός.
2682 989 2864 1057 Νόμον
2896 991 2952 1042 δὲ
3011 989 3332 1060 ἐλευθερίας
3371 991 3460 1043 τὸν
3509 991 3739 1060 ἀπροσωο

2182 1079 2461 1148 πόληπτόν
2500 1095 2663 1149 φησι’
2709 1082 2735 1132 6
2767 1082 2874 1150 γὰρ
2903 1081 3382 1151 προσωπολήπτης
3421 1082 3522 1134 ούκ
3551 1081 3738 1134 ἐλεύθε-

2189 1187 2301 1240 ροῖ,
2331 1170 2469 1223 ἀλλά
2525 1171 2728 1234 δοῦλος.
2768 1165 2840 1242 ⁷ῼ
2899 1172 3009 1241 γάρ
3041 1189 3124 1234 τις
3153 1172 3412 1243 ἥττηται,
3466 1173 3638 1242 τούτῳ
3663 1177 3741 1227 καὶ

2187 1262 2532 1317 δεδούλωται.
3442 1252 3464 1259 ”
3615 1251 3636 1261 “

500 1349 698 1433 Εεεεηι
760 1377 890 1416 vero
949 1359 1223 1413 libertatis
1290 1364 1450 1409 vocat
1501 1368 1646 1419 eam,
1703 1368 1825 1422 qua!
1869 1367 1898 1405 a
1967 1367 2354 1438 personarum.
2389 1355 2710 1423 acceptione
2757 1355 2930 1409 libera
2989 1365 3112 1410 est:
3179 1360 3446 1425 siquidem
3514 1368 3744 1429 acceptor

501 1467 883 1525 personarum,
926 1466 1032 1503 non
1064 1449 1202 1502 liber
1259 1454 1364 1512 est,
1421 1445 1517 1500 sed
1567 1459 1802 1498 servus:
1839 1462 1857 1495 ι
1893 1443 1936 1495 Α
1969 1459 2080 1512 quo
2117 1445 2262 1499 enim
2295 1445 2418 1510 quis
2469 1458 2763 1517 superatus
2807 1459 2912 1513 cst,
2943 1449 3110 1518 hujus
3132 1459 3186 1504 et
3228 1465 3421 1506 servus
3443 1461 3528 1504 est
3556 1452 3620 1506 ⁸⁸.
3665 1475 3680 1504 ι

578 1548 748 1603 Vens.
779 1547 867 1600 14.
913 1565 931 1597 ι
976 1543 1116 1610 Quid
1149 1542 1416 1613 proderit,
1454 1542 1650 1596 fratres
1689 1540 1818 1604 mei,
1852 1539 1898 1594 si
1925 1538 2085 1592 fidem

505 1641 630 1706 quis
660 1639 807 1693 dicat
843 1653 900 1692 se
963 1637 1187 1703 habere,
1228 1650 1395 1704 opera
1459 1641 1639 1688 autem
1679 1647 1786 1686 non
1843 1630 2086 1685 habeat?

505 1731 763 1800 Nunquid
799 1728 998 1798 paterit
1024 1728 1155 1782 fides
1187 1728 1402 1783 saivare
1455 1725 1629 1781 eum?
1669 1744 1687 1777 ι
1725 1724 1782 1780 Si
1835 1723 2086 1794 proximo

507 1830 702 1875 nostro
733 1819 974 1873 oﬂ'ensas
1015 1817 1422 1882 remiserimus,
1456 1827 1621 1884 atque
1655 1831 1781 1869 cum
1843 1814 2094 1883 indigen-

509 1913 654 1966 tibus
681 1911 824 1966 bona
858 1920 1049 1964 nostra
1083 1907 1703 1970 communicaverimus,
1731 1907 1896 1962 etiam
1926 1906 2092 1961 mise-

508 2003 747 2059 ricordia
800 2003 894 2057 Dei
953 2017 1054 2055 nos
1097 2000 1334 2071 benigne
1373 1998 1645 2069 suscipiet
1709 1999 1763 2052 in
1836 1999 1944 2065 die,
1985 2013 2093 2068 qua

508 2095 1135 2163 discutictquaecunque
1167 2107 1198 2145 a
1240 2091 1399 2146 nobis
1451 2091 1507 2144 in
1568 2091 1671 2145 hac
1728 2089 1838 2143 vita
1901 2105 2094 2160 perpe-

509 2194 649 2241 trata
681 2186 905 2241 fuerint.
933 2185 1187 2254 Magnum
1220 2184 1368 2238 enim
1395 2191 1448 2238 et
1473 2183 1801 2253 praclarum
1831 2191 1916 2238 est
1947 2183 2091 2238 istud

510 2278 745 2333 facinus.
783 2275 1260 2344 Quemadmodum
1306 2291 1336 2330 e
1388 2285 1612 2340 contra,
1677 2275 1863 2345 gravis
1892 2273 2096 2327 conde-

508 2361 716 2424 mnatio
745 2368 849 2422 erit
876 2367 966 2432 iis,
991 2369 1086 2437 qui
1123 2381 1250 2436 erga
1286 2365 1538 2436 ejusdem
1567 2374 1861 2421 consortes
1885 2372 2095 2418 natura:

509 2459 743 2531 benigne
790 2457 971 2514 aﬂ'eeti
1011 2474 1121 2512 non
1178 2457 1413 2512 fuerint.
1467 2455 1577 2512 Eos
1625 2455 1794 2521 enim,
1844 2457 1936 2524 qui
1965 2469 2091 2524 erga

507 2566 624 2616 eos,
652 2551 746 2621 qui
806 2551 860 2605 in
915 2551 1070 2623 ipsos
1121 2556 1517 2620 peccaverunt,
1575 2546 1820 2600 immites
1866 2544 2094 2611 fuerint,

509 2641 635 2694 mali
709 2641 855 2696 illius
944 2640 1088 2695 servi
1167 2638 1560 2694 condemnatio
1632 2635 2093 2706 comprehendet,

508 2748 680 2804 eaque
709 2733 1020 2795 retributio,
1059 2746 1182 2802 quae
1207 2732 1258 2786 in
1296 2729 1559 2786 Oratione
1591 2728 1877 2784 Dominica
1904 2727 2097 2782 subiu-

507 2825 752 2890 dicatur,
795 2826 848 2879 iu
882 2841 992 2896 qua
1023 2839 1286 2896 rogamus
1323 2823 1516 2888 Deum,
1551 2829 1612 2876 ut
1665 2840 1684 2873 ι
1723 2822 1880 2877 nobis
1905 2820 2096 2875 dimit-

509 2928 611 2986 tat,
635 2921 780 2976 sicut
805 2929 858 2975 et
887 2937 989 2977 nos
1012 2919 1349 2976 dimittimus
1372 2916 1718 2974 debitoribus
1738 2914 1945 2970 nostris
1972 2916 2036 2968 ¹⁹ι
2072 2931 2092 2966 ι

508 3021 563 3066 et
609 3013 1144 3069 iuuuisericordibus
1211 3012 1334 3083 (seu
1390 3011 1458 3065 iis
1492 3008 1589 3079 qui
1636 3008 1774 3063 dure
1803 3021 1860 3062 se
1898 2989 2171 3060 habentc

509 3119 638 3172 erga
667 3104 976 3174 indigentes
1013 3105 1321 3174 corporalis
1388 3103 1624 3171 alicujus
1681 3098 2099 3169 consolationis)

519 3210 537 3246 ‹
598 3194 870 3262 judicium
927 3197 1050 3249 sine
1101 3195 1485 3249 misericordia
1521 3193 1636 3251 ﬁet.
1671 3211 1689 3243 ι
1719 3223 1787 3231 -
1825 3210 1842 3242 ι
1900 3192 2106 3259 Super-

510 3286 717 3341 exaltat
747 3293 930 3340 autem
961 3285 1334 3338 misericordia
1361 3285 1650 3352 judicium.
1683 3302 1702 3334 ι
1734 3312 1803 3323 ——
1835 3301 1852 3332 ι
1893 3281 2106 3335 Misori-

512 3377 710 3434 cordes
750 3397 769 3431 ι
804 3377 974 3440 enim,
1011 3376 1170 3447 juxta
1222 3376 1439 3429 Domini
1476 3375 1834 3439 sententiam,
1873 3391 1892 3425 ι
1935 3375 2104 3428 mise-

514 3469 810 3524 ricordiam
856 3467 1362 3536 consequentur".
1405 3485 1422 3518 ι
1463 3465 1698 3520 Aliunde
1749 3480 1879 3521 vero
1943 3466 2105 3519 etiam

515 3561 831 3617 inﬁdelibus
887 3559 1188 3632 aliquando
1257 3559 1639 3615 misericordia
1717 3559 1772 3614 in
1820 3573 2104 3629 pauperes

515 3656 732 3708 veniam
759 3656 1009 3708 obtinere
1033 3654 1206 3708 valuit
1237 3652 1377 3722 (i6),
1403 3661 1463 3706 ut
1498 3668 1562 3707 cx
1603 3650 1833 3708 historia
1869 3651 2106 3706 Danielis

518 3748 933 3818 cognoscimus.
970 3746 1113 3813 Quid
1154 3746 1323 3817 igitur
1351 3746 1406 3800 in
1463 3745 1716 3800 fidelibus
1783 3743 2101 3798 hominibus

519 3844 783 3904 pra'stare
830 3853 939 3891 non
976 3836 1216 3906 poterit?
1242 3835 1388 3890 Sane
1445 3835 1578 3888 mihi
1605 3833 1826 3889 videtur
1877 3832 2098 3888 miseri-

515 3928 706 3982 cordia
765 3927 994 3997 perinde
1055 3941 1114 3982 se
1146 3927 1372 3990 habere,
1412 3941 1476 3980 ac
1541 3926 1592 3979 in
1623 3925 1849 3979 athletis
1895 3924 2098 3985 oleum,

517 4019 663 4087 quod
689 4035 756 4095 ex
785 4019 1079 4074 arboribus
1107 4018 1417 4088 colligitur:
1452 4017 1596 4071 istud
1640 4031 1878 4086 namque
1902 4015 2098 4068 illitum

515 4109 760 4170 athletis.
804 4119 1032 4178 prmsrat
1067 4109 1198 4171 illis,
1249 4116 1307 4161 ut
1361 4121 1590 4161 suorum
1650 4105 2096 4160 adversariorum

515 4201 913 4271 prehensiones
963 4200 1276 4263 clabautur,
1326 4197 1464 4253 adeo
1526 4207 1584 4252 ut
1619 4197 1794 4252 teucri
1842 4197 1910 4250 ab
1940 4197 2076 4266 ipsis
2113 4209 2222 4248 non
2257 4196 2495 4264 possint.
2525 4197 2598 4252 Ita
2631 4207 2684 4253 et
2707 4199 2761 4254 in
2788 4199 3018 4270 judicio,

518 4297 574 4350 in
641 4309 912 4365 pauperes
961 4290 1425 4357 misericordiam,
1477 4304 1540 4345 ea
1604 4289 1886 4360 praestabit
1942 4289 2128 4356 nobis,

516 4392 823 4448 valeamus.

594 4485 758 4537 Vens.
787 4483 876 4546 15,
904 4481 989 4535 16.
1021 4496 1040 4531 ι
1075 4478 1132 4533 Si
1163 4486 1346 4532 autem
1373 4477 1539 4532 frater
1555 4485 1612 4531 et
1634 4491 1793 4531 soror
1814 4475 1946 4530 nudi
1976 4476 2107 4540 sint,
2142 4483 2189 4542 ι)

519 4585 575 4630 ct
603 4576 883 4645 indigeant
911 4573 1060 4628 victu
1092 4570 1434 4640 quotidiano.
1499 4569 1648 4623 dicat
1695 4578 1876 4624 autem
1905 4568 2106 4637 aliquis

521 4681 589 4719 ex
621 4665 778 4718 vobis
811 4663 941 4726 illis,
986 4659 1064 4714 Ite
1093 4662 1145 4714 in
1179 4674 1313 4730 pace
1339 4699 1354 4722 ,
1388 4657 1779 4722 caleiacimiui,
1811 4666 1864 4713 ct
1891 4667 2105 4713 satura-

523 4758 685 4822 miui,
745 4774 851 4812 non
909 4756 1172 4810 dederitis
1226 4766 1406 4809 autem
1452 4757 1553 4820 eis,
1615 4771 1735 4826 quae
1792 4755 2104 4811 necessaria

523 4856 657 4903 sunt
685 4847 926 4917 corpori,
957 4845 1091 4916 quid
1131 4845 1392 4916 prodest?
1432 4864 1450 4897 ι
1488 4846 1732 4901 Observa
1761 4846 2102 4916 spiritualem

524 4955 771 4995 sensum.
811 4937 927 4992 Non
957 4939 1101 4993 enim
1155 4939 1295 4993 dixit
1339 4937 1744 5002 tantummodo,
1783 4956 1801 4989 ι
1847 4938 1903 4992 Si
1943 4937 2101 4991 ﬁdem

526 5036 754 5097 habeas,
793 5053 810 5086 ι
866 5033 961 5088 sed
1003 5051 1022 5084 ι
1060 5033 1199 5098 Quid
1264 5031 1534 5102 prodest?
1575 5051 1592 5082 ι
1635 5046 1699 5086 ac
1751 5031 1796 5086 si
1864 5031 2102 5084 diceret:

526 5127 770 5184 Ostende
803 5128 933 5182 mihi
967 5143 1128 5196 opus,
1164 5127 1233 5181 ob
1269 5127 1415 5194 quod
1449 5126 1607 5180 talem
1657 5124 1753 5177 tibi
1783 5122 2107 5193 appellatio-

531 5237 652 5274 nem
715 5220 1058 5288 adjudicem:
1099 5219 1202 5271 hoc
1242 5225 1326 5271 est
1351 5215 1497 5270 enim
1555 5230 1696 5284 opus
1749 5212 1897 5266 fidei.
1949 5209 2109 5276 Quod

529 5310 604 5364 ait
634 5311 816 5380 igitur,
846 5307 1158 5379 bujusmodi
1186 5315 1304 5362 est:
1337 5305 1392 5358 Si
1433 5305 1558 5374 quis
1588 5319 1751 5374 opere
1783 5317 1891 5358 nou
1922 5309 2110 5357 osten-

2271 1561 2289 1592 ι
2323 1541 2389 1595 Τί
2417 1542 2478 1595 τὸ
2507 1543 2723 1612 δφελος,
2755 1544 2975 1613 ἀδελφοί
3001 1562 3124 1612 μου,
3159 1544 3252 1597 ἐὰν
3295 1545 3481 1597 πίστιν
3523 1544 3654 1617 λέγῃ
3679 1563 3746 1609 τις

2193 1631 2362 1702 ἔχειν,
2404 1634 2540 1705 ἔργα
2572 1634 2629 1688 δὲ
2665 1635 2740 1704 μὴ
2766 1635 2905 1705 ἔχῃς
2946 1637 3040 1706 Μὴ
3063 1635 3346 1705 δύναταιὴ
3381 1637 3566 1700 πίστις
3599 1637 3747 1690 σῶσαι

2193 1726 2389 1792 αύτόν;
2427 1745 2445 1777 ›
2477 1726 2600 1778 Τῶν
2655 1728 2732 1790 εἰς
2765 1728 3000 1792 ἑαυτοὺς
3054 1728 3474 1798 ἁμαρτημάτων
3529 1728 3746 1797 ἀφέντας

2193 1820 2342 1890 ἡμᾶς
2361 1823 2472 1882 τοῖς
2507 1819 2756 1890 πλησίον,
2796 1821 2888 1874 καὶ
2926 1821 3026 1890 τὴν
3065 1821 3171 1874 τῶν
3209 1821 3559 1892 ὑπαρχόντων
3607 1821 3751 1890 ἡμῶν

2198 1911 2482 1980 μετάδοσιν
2530 1913 2924 1976 κοινωνοῦντας
2977 1915 3088 1974 τοῖς
3149 1913 3413 1975 ἐνδεέσιν,
3474 1915 3501 1966 6
3535 1913 3637 1966 ἀπὸ
3665 1913 3749 1966 τοῦ

2193 2001 2330 2054 Θεοῦ
2371 2003 2688 2073 ἔλεοςήμᾶς
2711 2005 2771 2056 ὲν
2804 2006 2868 2074 τῇ
2907 2004 3014 2056 τῶν
3049 2003 3400 2074 βεϐιωμένων
3437 2005 3752 2074 ἀναλήψεται

2193 2094 2484 2164 διαγκώσει
2528 2110 2541 2123 ·
2579 2095 2722 2166 μέγα
2748 2095 2856 2166 γὰρ
2900 2095 2960 2150 τὸ
2985 2096 3285 2168 διόρθωμα·
3317 2096 3506 2166 ῶσπερ
3542 2099 3756 2150 ἀπεναν-

2194 2184 2313 2248 τίας
2341 2184 2478 2255 βαρῦ
2511 2184 2570 2238 τὸ
2597 2184 2944 2256 ’κατάκριμα
2974 2188 3086 2244 τοῖς
3138 2185 3213 2256 μὴ
3252 2187 3390 2257 πρὲις
3427 2187 3489 2238 τὸ
3537 2187 3755 2256 όμοφυές

2195 2275 2579 2338 εύσυνειδότως
2611 2275 2960 2330 διατεθεῖσιν.
3005 2276 3129 2329 Ἐπί
3160 2295 3218 2330 τε
3254 2277 3363 2346 γὰρ
3392 2279 3501 2330 τῶν
3527 2280 3606 2341 εἰς
3641 2280 3756 2330 ἑαυ-

2194 2369 2322 2432 τοὺς
2345 2369 2452 2420 ἀπὸ
2482 2369 2590 2421 τῶν
2631 2370 2858 2440 πλησίον
2894 2369 3400 2440 πλημμεληθέντων
3428 2371 3758 2440 ἀσυμπαθῶς

2195 2461 2623 2531 διαγενομένων,
2667 2462 2728 2513 τὸ
2778 2461 2871 2514 τοῦ
2937 2461 3177 2532 πονηροῦ
3227 2461 3415 2515 δούλου
3461 2465 3760 2534 κατάκριμα

2199 2555 2628 2624 περιστοιχὴσει,
2667 2554 2808 2622 μετά
2855 2554 3073 2608 καὶτοῦ
3121 2556 3178 2608 ὲν
3213 2558 3276 2626 τῇ
3309 2555 3442 2626 εὐχῇ
3480 2557 3761 2608 ἀνταποδό-

2202 2661 2390 2715 ματος.
2438 2647 2546 2698 Καὶ
2601 2645 2710 2715 γὰρ
2755 2645 2979 2714 ἀφιέναι
3027 2646 3160 2717 ἡμῖν
3186 2647 3356 2716 ἑκεῖὴ
3396 2649 3614 2718 αἴτησις
3643 2647 3762 2716 πρὸς

2198 2737 2352 2801 Θεὸν,
2381 2756 2398 2787 ι
2411 2735 2590 2800 καθὼς
2607 2738 2880 2807 καιὴμεῖς
2893 2755 2912 2788 ι
2935 2739 3046 2800 τοῖς
3064 2739 3142 2801 εἰς
3159 2740 3191 2807 ἡ
3202 2740 3308 2808 μᾶς
3324 2739 3765 2809 πλημμελήσασιν

2205 2851 2225 2880 r
2258 2829 2511 2900 ἀφίεμεν.
2548 2848 2566 2880 ι
2611 2829 2719 2882 Καὶ
2745 2831 2860 2892 τοῖς
2887 2830 3154 2900 ἀνηλεῶς,
3181 2831 3300 2901 ἢτοι
3335 2831 3614 2901 σκληρῶς,
3646 2831 3766 2902 πρὸς

2201 2918 2326 2982 τοὺς
2363 2917 2668 2989 χρῄζοντας
2703 2923 3026 2990 σωματικῆς
3091 2921 3443 2991 παραμυθίας
3500 2920 3767 2992 διακειμέ-

2205 3028 2337 3075 νοις,
2365 3028 2384 3061 ι
2416 3009 2657 3080 ἀνηλεῶς
2688 3011 2720 3082 ἡ
2754 3011 2936 3080 κρίσις
2975 3012 3367 3082 ἀπαντήσεται.
3407 3031 3426 3064 ι
3455 3044 3522 3054 -
3546 3033 3565 3066 ι
3601 3015 3771 3066 Κατα-

2208 3104 2480 3174 καυχᾶται
2507 3103 2564 3155 δὲ
2594 3102 2742 3166 ἔλεος
2758 3103 3016 3174 κρίσεως.
3049 3122 3067 3154 ι
3101 3133 3170 3144 --
3198 3124 3214 3156 ι
3246 3105 3309 3156 Οἱ
3329 3107 3437 3175 γὰρ
3469 3105 3769 3175 ἐλεήμονες,

2208 3190 2460 3260 κατάζτην
2481 3189 2574 3242 τοῦ
2593 3192 2797 3258 Κυρίου
2827 3193 3121 3261 ἀπόφασιν,
3143 3213 3162 3245 ι
3182 3194 3623 3265 ἐλεηθήσονται.»
3652 3196 3772 3250 Ἀλ-

2209 3281 2315 3341 λως
2343 3297 2429 3345 τε,
2466 3286 2559 3334 καὶ
2588 3280 2648 3354 [ί.
2688 3284 2816 3337 add.
2847 3285 2917 3357 ei]
2979 3286 3395 3359 εἰδωλολάτραις
3447 3290 3475 3341 6
3520 3289 3604 3350 si;
3658 3290 3774 3351 τοὺς

2211 3371 2451 3442 πένητας
2478 3372 2626 3430 ἕλεος
2654 3374 2848 3444 ἀςεσιν
2871 3373 2978 3431 οἶδε
3015 3380 3283 3449 πορίζειν,
3313 3381 3387 3444 ῶς
3409 3383 3464 3433 ὲν
3493 3379 3569 3449 τῷ
3583 3380 3775 3450 Δανιὴλ

2207 3461 2547 3532 ἠκούσαμεν,
2573 3463 2626 3516 τί
2660 3466 2760 3520 οὐκ
2793 3467 2858 3520 ἂν
2887 3468 3182 3539 ἐργάσαιτο
3213 3472 3306 3523 ἐπὶ
3338 3470 3544 3524 πιστῶν
3574 3470 3776 3540 ἀνθρώ-

2206 3573 2353 3622 πων;
2395 3557 2620 3611 Τοιοῦτο
2659 3558 2716 3612 δέ
2771 3577 2864 3629 μοι
2905 3562 3054 3615 δοκεῖ
3086 3556 3243 3625 οὗτος
3272 3565 3298 3615 6
3333 3563 3484 3626 ἔλεος
3513 3563 3776 3634 διαπράτ-

2203 3647 2415 3711 τεσθαι,
2451 3647 2642 3716 ῶσπερ
2703 3650 2798 3703 ἐπὶ
2835 3651 2944 3704 τῶν
2978 3653 3038 3704 ὲν
3072 3653 3308 3717 σταδίοις
3356 3653 3689 3719 ἀθλούντων,
3724 3653 3778 3705 τὸ

2201 3735 2308 3791 ἀπὶ
2346 3738 2456 3792 τῶν
2507 3741 2740 3812 δένδρων
2789 3743 2998 3796 ἔλαιον
3049 3745 3483 3815 ὲπαλειφόμενον
3511 3749 3625 3818 γὰρ
3673 3747 3779 3808 τοῖς

2202 3828 2483 3898 ἀθληταῖς,
2541 3830 2921 3886 διολισθαίνειν
2955 3834 3140 3888 δίδωσι
3181 3836 3278 3900 τὰς
3313 3837 3422 3890 τῶν
3468 3837 3778 3892 ἀντιπάλων

2203 3915 2372 3980 λαϐάς
2399 3935 2412 3949 ·
2448 3917 2621 3984 οὕτως
2654 3922 2750 3974 καὶ
2778 3922 2834 3974 ἐν
2880 3926 2946 3992 τῇ
2975 3924 3176 3994 κρίσει,
3209 3927 3236 3978 6
3270 3927 3351 3989 εἰς
3394 3925 3520 3988 τοὺς
3548 3927 3783 3996 πένητας

2217 4009 2375 4078 ἡμῶν
2406 4011 2574 4076 ἔλεος,
2628 4013 2730 4076 τὰς
2759 4014 2870 4069 τῶν
2907 4015 3180 4086 δαιμόνων
3223 4019 3494 4088 ἐπιφορὰς
3524 4019 3786 4088 διαδιδρά-

2216 4118 2368 4155 σκειν
2397 4105 2714 4176 παρέξεται.

3095 4203 3141 4259 si
3206 4218 3368 4274 quam
3435 4204 3788 4260 habuerimus

2208 4296 2266 4341 ut
2319 4289 2628 4346 daunonum
2695 4292 2953 4364 impetus,
3011 4305 3174 4366 atque
3241 4298 3482 4352 insultus
3550 4297 3791 4367 effugere

2293 4496 2310 4528 ι
2353 4476 2477 4528 Ἐὰν
2506 4475 2562 4528 δὲ
2596 4476 2848 4545 ἀδελφὸς,
2900 4477 2932 4548 ἢ
2977 4477 3180 4550 ἀδελφὴ
3220 4478 3418 4550 γυμνοὶ
3479 4479 3792 4549 ὑπάρχωσι,

2211 4567 2306 4620 καὶ
2345 4567 2657 4636 λειπόμενοι
2712 4562 2935 4639 ῶτιτῆς
2969 4569 3249 4641 ἐφημέρου
3299 4569 3541 4640 τροφῆς,
3576 4571 3718 4642 εἴπῃ
3741 4569 3796 4621 δὲ

2208 4675 2294 4722 τις
2348 4661 2534 4723 αὐτοῖς
2565 4660 2623 4726 ἐξ
2649 4661 2834 4729 ὑμῶν·
2879 4661 3152 4729 ’Υπάγετε
3208 4665 3267 4715 ὲν
3298 4663 3516 4732 εἰρήνῃ,
3557 4659 3797 4731 θερμαί-

2209 4751 2364 4805 νεσθε
2405 4753 2501 4805 καὶ
2535 4753 2888 4823 χορτάζεσθε,
2935 4753 3012 4825 μὴ
3038 4753 3161 4807 δότε
3205 4753 3263 4806 δὲ
3296 4753 3480 4815 αὐτοῖς
3508 4751 3573 4805 τὰ
3600 4753 3798 4820 ἐπιτή-

2209 4842 2328 4895 δεια
2367 4843 2461 4895 τοῦ
2510 4842 2782 4913 σώματος,
2812 4827 2868 4896 τί
2896 4845 2956 4898 τὸ
2981 4844 3206 4914 ὄφελος;
3248 4864 3266 4896 i
3307 4843 3505 4896 Σκόπει
3539 4859 3797 4912 πνευμα-

2205 4937 2366 5004 τικὴν
2418 4937 2654 4990 σύνεσιν.
2689 4939 2762 4989 Ού
2809 4937 2918 5006 γὰρ
2967 4933 3086 4990 εἶπε
3135 4938 3316 5009 μόνον,
3353 4955 3372 4988 ι
3423 4937 3550 4990 Ἐἀν
3603 4935 3800 4988 πίστιν

2210 5027 2362 5098 ἔχῃς,
2397 5046 2416 5080 ι
2457 5028 2614 5094 ἀλλὰ,
2651 5047 2668 5078 ι
2724 5027 2788 5081 Τί
2829 5028 2888 5081 τὸ
2919 5027 3142 5096 δφελος;
3195 5045 3213 5079 ι
3269 5028 3459 5097 ῶσπερ
3503 5028 3552 5079 εἰ
3601 5026 3798 5093 ἕλεγε”

2211 5119 2394 5183 Δείξόν
2427 5137 2520 5188 μοι
2548 5120 2608 5173 τὸ
2639 5123 2874 5192 πρᾶγμα
2903 5121 2998 5188 ἀφ’
3022 5115 3083 5173 οὗ
3119 5119 3248 5192 [σοι]
3275 5118 3373 5190 τὴν
3419 5117 3804 5189 προσηγορίαν

2212 5210 2420 5282 ταύτην
2467 5213 2778 5283 λογὶσομαι.
2819 5213 2990 5266 Τοῦτο
3041 5214 3148 5283 γὰρ
3181 5215 3281 5283 τῆς
3332 5213 3566 5274 πίστεως
3605 5210 3801 5280 ἔργον.

2221 5306 2285 5357 "O
2312 5304 2366 5358 δὲ
2398 5305 2569 5373 λέγει,
2602 5307 2843 5360 τοιοῦτόν
2877 5308 3054 5361 ἐστιν’
3097 5307 3220 5360 Ἐάν
3257 5307 3332 5378 μὴ
3365 5306 3510 5376 ἔργῳ
3531 5302 3686 5375 δείξῃ
3721 5317 3805 5366 τις

603 5449 647 5482 ⁸⁸
673 5448 718 5503 Il
761 5447 904 5502 Petr.
941 5464 1000 5513 ll,
1038 5447 1122 5501 19.
1203 5446 1245 5478 ¹⁹
1281 5444 1471 5498 Matth.
1507 5458 1580 5508 γι,
1618 5441 1704 5494 12.
1781 5440 1825 5470 ²⁰
1850 5437 2041 5491 Matth.
2073 5453 2125 5504 ι’,
2157 5439 2213 5493 7.

1766 5571 2072 5634 Bonifacii
2121 5569 2342 5630 Finctti
2394 5577 2579 5630 nota).

603 5689 718 5758 (16)
749 5687 991 5756 lutcllige
1021 5685 1198 5754 quoad
1233 5698 1447 5753 pmuam
1485 5680 1895 5751 temporariam.
