4020 6214
335 265 470 332 1157

1145 271 1549 332 EXPOSITIO
1573 271 1655 332 IN
1695 270 1934 332 EPIST.
1969 273 2030 333 S.
2081 271 2363 334 JACOBI.
2407 299 2475 311 --
2511 276 2669 340 CAP.
2709 276 2794 340 ΙΙ.

3449 281 3586 348 1158

331 381 416 434 ὅτι
451 377 697 431 πιστεύει
725 378 798 449 τῷ
829 378 970 449 Θεῷ,
1003 383 1232 452 περιττὴ
1263 383 1358 434 καὶ
1400 383 1434 452 ἡ
1475 383 1780 454 κατηγορία
1810 383 1906 436 τοῦ

2022 384 2126 449 dat,
2188 400 2248 440 se
2302 385 2528 442 credere
2586 385 2718 453 Deo,
2769 385 3102 457 supcrﬁuum
3163 389 3326 445 etiam
3385 407 3470 450 est
3527 413 3588 453 se

336 473 526 526 πιστὸν
574 471 850 539 λέγεσθαι.
900 473 980 524 Ού
1025 474 1135 542 γὰρ
1184 474 1213 526 ὀ
1263 475 1449 538 ἁπλῶς
1497 475 1671 542 λέγων
1718 475 1912 528 ἑαυτὸν

335 558 472 616 εἶναι
505 558 598 614 τοῦ
633 563 859 632 Κυρίου,
893 554 1048 626 οὗτός
1081 565 1197 616 ἐστι
1245 566 1457 630 πιστὸς,
1511 566 1626 618 ἀλλ’
1672 567 1700 617 ὁ
1739 565 1912 628 οὕτως

335 653 565 719 ἀγαπῶν
587 653 679 706 τὸν
714 653 918 720 Κύριον
952 655 1028 717 ὡς
1053 654 1143 708 διὰ
1175 655 1272 725 τὴν
1302 658 1380 719 εὶς
1414 657 1578 710 αὑτὸν
1614 657 1795 710 πίστιν
1820 656 1914 709 καὶ

337 745 567 799 θανάτου
607 747 966 816 κατατολμῶν
1016 745 1079 818 [Ῑ.
1111 747 1306 819 -μᾷν]·
1359 749 1453 802 καὶ
1483 749 1566 802 ὅτι
1613 745 1771 812 οὗτος
1804 750 1913 803 τῶν

337 836 769 905 προκειμένωνὸ
811 836 1035 900 σκοπὸς,
1091 836 1160 889 τὰ
1208 838 1586 908 ὑποδείγματα
1635 839 1910 908 δηλοῦσιν.

341 923 600 995 Ἀϐραὰμ
621 926 749 995 γὰρ,
784 927 970 995 φησιν,
1003 926 1151 998 ἔργῳ
1181 927 1382 992 ἔδειξεν
1407 929 1488 982 ὅτι
1520 928 1807 982 ἐπίστευσε
1836 929 1914 1000 τῷ

337 1017 478 1087 Θεῷ,
528 1017 834 1087 ἀνενεγκὼν
885 1023 966 1082 εἰς
1009 1021 1392 1091 ὁλοκάρπωσιν
1424 1023 1515 1075 τὸν
1546 1023 1910 1092 πρωτότοκον.

347 1107 579 1178 Ὁμοίως
631 1110 686 1162 δὲ
733 1113 825 1162 καί
892 1109 1063 1164 Ῥαὰϐ
1120 1112 1470 1168 πιστεύσασα
1536 1115 1914 1186 κατεφρόνησε

339 1203 588 1258 Θανάτου.

415 1313 434 1345 ι
471 1294 627 1348 Ούτω
647 1296 740 1348 καὶ
774 1297 808 1365 ἡ
840 1295 1041 1359 πίστις,
1069 1295 1164 1350 ἐὰν
1195 1297 1270 1367 μὴ
1299 1296 1434 1367 ἔργα
1456 1296 1574 1369 ἔχῃ,
1603 1298 1770 1368 νεκρά
1798 1299 1913 1351 ἐστι

337 1389 460 1440 καθ’
493 1389 715 1457 ἑαυτήν.
760 1389 898 1442 Ἀλλ’
931 1390 1048 1460 ὲρεῖ
1075 1407 1156 1453 τις
1179 1406 1196 1422 ο
1245 1392 1317 1444 Σὺ
1347 1391 1526 1444 πίστιν
1575 1391 1719 1462 ἔχεις
1756 1390 1914 1460 κάγὼ

337 1480 475 1550 ἔργα
503 1480 632 1550 ἔχω.
677 1481 858 1548 Δεῖξόν
894 1499 985 1552 μοι
1027 1483 1128 1552 τὴν
1159 1482 1342 1538 πίστιν
1383 1501 1475 1537 σου
1506 1486 1570 1538 ὲκ
1597 1485 1705 1539 τῶν
1738 1486 1914 1556 ἔργων

340 1587 460 1634 σου,
494 1569 650 1638 κάγὼ
681 1569 840 1636 δείξω
873 1589 955 1625 σοι
1003 1573 1067 1624 ἐκ
1101 1571 1208 1625 τῶν
1239 1572 1419 1644 ἔργων
1453 1592 1556 1644 μου
1587 1574 1686 1646 τὴν
1732 1577 1915 1630 πίστιν

340 1679 467 1731 μου.
508 1664 578 1716 ΣΞ)
619 1663 896 1726 πιστεύεις
921 1664 1002 1717 ὅτι
1026 1659 1109 1728 εἷς
1145 1664 1275 1728 Θεός
1298 1667 1417 1720 ἐστι
1438 1681 1451 1693 ·
1493 1667 1672 1730 καλῶς
1705 1671 1911 1732 ποιεῖς’

2015 475 2296 543 appellare
2322 475 2558 531 ﬁdelem.
2585 476 2701 531 Non
2725 477 2871 532 enim
2903 479 2996 548 qui
3025 478 3166 535 nude
3191 481 3345 545 dicit,
3377 500 3436 538 se
3465 501 3590 542 esse

2015 563 2256 629 Domini,
2325 566 2374 621 is
2409 566 2582 621 ﬁdelis
2613 575 2736 632 est;
2795 567 2891 622 scd
2948 569 3041 638 qui
3101 569 3267 624 Deum
3317 574 3479 643 333
3516 577 3589 631 ita

2014 655 2215 723 diligit,
2250 664 2308 708 ut
2339 665 2560 726 propter
2599 659 2756 710 ﬁdem
2817 658 2872 711 in
2922 658 3101 728 ipsum
3151 662 3316 715 etiam
3354 676 3586 721 mortem

2013 746 2201 800 subire
2234 756 2458 815 paratus
2482 748 2573 801 sit.
2614 747 2676 800 Et
2710 749 2852 818 quod
2905 749 3220 818 hujusmodi
3279 754 3353 808 sit
3385 770 3588 825 propo-
3628 798 3631 800 -

2014 839 2245 890 sitorum
2295 853 2519 906 seopus,
2572 843 2844 909 exempla,
2876 856 2996 909 qua:
3039 841 3361 908 afferuntur,
3403 847 3590 902 decla.

2016 938 2161 981 rant.
2197 928 2467 982 Abraham
2525 931 2700 994 enim,
2758 932 2959 1000 inquit,
3007 949 3174 1002 opere
3211 938 3480 1005 ostendit,
3531 955 3596 995 se-

2015 1019 2322 1074 credidisse
2357 1019 2491 1085 Deo,
2523 1037 2648 1076 cum
2697 1024 2898 1078 obtulit
2940 1025 2996 1078 in
3039 1027 3418 1082 holocaustum
3477 1033 3594 1099 pri-

2017 1112 2349 1180 mogenitum
2399 1127 2582 1166 suum.
2623 1113 2888 1168 Similiter
2923 1125 2977 1170 et
3029 1117 3202 1184 Raab,
3235 1134 3361 1173 cum
3410 1122 3592 1177 credi-

2015 1202 2210 1266 disset,
2252 1211 2484 1258 moi-tem
2531 1206 2881 1275 contempsit.

2087 1293 2258 1349 Vens.
2292 1295 2474 1349 l7-l9.
2517 1315 2534 1348 ι
2581 1296 2672 1353 Sic
2699 1305 2751 1350 et
2782 1295 2937 1363 ﬁdes,
2969 1298 3013 1351 si
3042 1313 3148 1352 non
3183 1299 3381 1355 habeat
3403 1317 3588 1372 opera,

2017 1398 2234 1444 mortua
2260 1400 2344 1445 est
2368 1393 2421 1443 in
2452 1390 2767 1461 semetipsa.
2824 1390 2932 1445 Sed
2971 1391 3116 1447 dicet
3143 1394 3285 1463 quis,
3315 1393 3395 1447 Tu
3433 1397 3589 1451 ﬁdem

2017 1480 2212 1546 habes,
2273 1489 2328 1536 et
2358 1497 2456 1550 ego
2512 1497 2677 1550 opera
2715 1481 2922 1536 habeo:
2977 1488 3202 1538 ostende
3251 1485 3381 1539 mihi
3431 1479 3589 1541 ﬁdem

2016 1580 2164 1626 tuam
2222 1588 2289 1627 ex
2321 1572 2618 1642 operibus;
2647 1582 2700 1628 et
2755 1589 2855 1644 ego
2885 1575 3170 1630 ostendam
3221 1576 3317 1630 tibi
3347 1592 3413 1630 ex
3460 1591 3592 1646 opeo

2018 1664 2170 1719 ribus
2207 1664 2364 1720 Iidem
2396 1679 2594 1720 meam.
2633 1663 2714 1718 Tu
2747 1665 2945 1730 credis,
2977 1665 3120 1735 quod
3150 1682 3294 1721 unus
3320 1677 3397 1720 est
3426 1665 3588 1723 Deus:

339 1754 434 1806 καὶ
468 1753 536 1806 τὰ
590 1754 843 1824 δαιμόνια
885 1756 1206 1810 πιστεύουσι
1253 1757 1347 1810 καὶ
1393 1759 1698 1828 φρίττουσι.
1748 1779 1766 1812 ι
1800 1761 1913 1814 Οὐκ

2022 1757 2152 1811 bene
2187 1756 2362 1812 facis:
2427 1765 2482 1813 et
2553 1757 2832 1813 daemones
2877 1758 3130 1820 credunt,
3185 1771 3239 1812 et
3297 1764 3593 1814 contremi-

337 1845 659 1913 ἁντιφάσκει
689 1846 864 1899 ταῦτα
911 1847 990 1916 τῷ
1044 1848 1300 1919 μακαρίῳ
1361 1849 1591 1920 Παύλῳ⁹
1637 1853 1780 1906 κατὰ
1821 1853 1916 1907 δύο

339 1935 447 2004 γὰρ
483 1937 898 2005 σημαινομένων
930 1936 1023 1990 τοῦ
1063 1939 1163 2008 τῆς
1202 1939 1436 2006 πίστεως
1467 1943 1730 2014 ὀνόματος
1759 1963 1916 2016 φερο-

343 2026 504 2094 μένου
528 2027 617 2078 ἐπί
646 2043 705 2079 τε
746 2027 844 2098 τῆς
867 2028 1045 2099 ἁπλῆς
1090 2029 1182 2083 τοῦ
1212 2033 1538 2102 φαινομένου
1576 2036 1914 2102 συγκαταθέο

342 2133 498 2178 σεως.
555 2117 742 2171 Πίστιν
775 2119 884 2190 γὰρ
921 2121 1195 2191 εἰώθαμεν
1227 2123 1321 2176 καὶ
1361 2125 1518 2178 τοῦτο
1545 2126 1744 2194 λέγειν,
1779 2128 1914 2181 καθὸ

341 2206 434 2258 καὶ
481 2209 605 2270 τοὺς
650 2209 910 2278 δαίμονας
958 2211 1202 2282 ἔγνωμεν
1237 2214 1514 2269 πιστεύειν
1543 2217 1622 2279 εὶς
1656 2218 1911 2287 Χριστὸν,

339 2300 421 2352 ὅτι
451 2299 578 2362 Υἱός
609 2301 724 2352 ἐστι
754 2301 845 2354 τοῦ
882 2301 1014 2355 Θεοῦ
1041 2321 1054 2334 ·
1090 2305 1182 2358 καὶ
1205 2305 1370 2358 πάλιν
1401 2307 1499 2376 τὴν
1528 2309 1594 2360 ἐκ
1622 2309 1915 2372 διαθέσεως

340 2386 769 2456 ἐπακολούθησιν
826 2391 964 2460 μετὰ
1025 2391 1248 2460 βεϐαίας
1307 2395 1758 2462 συγκαταθέσεως
1816 2395 1918 2467 [τῷ

343 2477 444 2546 τῆς
485 2479 721 2543 πίστεως
757 2483 1108 2552 προσρήματι
1147 2484 1455 2538 καλούντων
1486 2485 1691 2559 ἡμῶν,]
1722 2488 1750 2539 ὁ
1775 2487 1918 2552 θεῖος

355 2569 611 2632 Ἰάκωϐος
634 2571 732 2643 τὴν
759 2573 939 2643 ἁπλῆν
962 2574 1370 2642 συγκατὰϐασιν
1393 2578 1594 2644 νεκρὰν
1623 2574 1762 2631 εἷναί
1785 2597 1918 2650 φησι

343 2659 576 2733 Ῑπέστιν]
608 2662 682 2725 ὡς
707 2663 1042 2736 ἀμοιροῦσαν
1063 2665 1170 2719 τῶν
1197 2668 1699 2739 ἀναζωπυρούντων
1719 2670 1918 2740 ἔργων.

343 2751 552 2815 Παῦλος
584 2752 642 2804 ’δὲ
693 2754 862 2824 αὐτὴν
892 2757 954 2809 ἐκ
1013 2755 1305 2821 διαθέσεως
1356 2757 1500 2826 λέγει
1543 2758 1748 2823 πίστιν,
1797 2760 1920 2830 ῆτις

349 2843 584 2912 μάλιστα
629 2845 728 2898 οὐκ
762 2846 1055 2918 ἐστέρηται
1107 2847 1318 2919 ἔργων·
1375 2849 1473 2903 οῦκ
1504 2850 1569 2903 ἂν
1617 2852 1724 2922 γὰρ
1781 2851 1919 2924 α’ύτη

344 2933 574 3005 διακένῳ
605 2935 816 3005 σεμνῖιύ
848 2937 1022 3008 ἔργων
1045 2940 1340 3008 ἐγγένοιτο.
1369 2941 1506 2995 Οὐδὲ
1530 2942 1637 3014 γὰρ
1673 2943 1922 3015 ’Λὸραάμ

345 3026 500 3098 ἔτυχε
547 3028 748 3099 ταύτης
785 3028 858 3101 μὴ
892 3032 1154 3102 πρότερον
1208 3031 1630 3104 διηγωνισμένος
1680 3037 1778 3105 τὴν
1813 3053 1920 3090 πα-

343 3119 536 3190 τρικὴν
583 3119 910 3175 ἀπώσασθαι
955 3124 1263 3187 ἀσθένειαν,
1314 3118 1468 3192 ᾧτινι
1506 3127 1916 3199 ἁγωνίσματιή

346 3211 530 3274 πίστις
591 3213 824 3266 ἔπαθλον
890 3215 1238 3282 ἔϐραϐεύετο.
1285 3217 1422 3268 Ἀλλ’
1473 3219 1651 3286 ἔργων
1713 3221 1918 3290 ταύτην

344 3303 669 3372 προέκρινεν
698 3305 725 3356 ὁ
757 3303 966 3366 Παῦλος
1008 3304 1117 3357 τῶν
1143 3305 1286 3357 κατὰ
1312 3306 1474 3376 νόμον
1507 3308 1916 3377 σαϐϐατισμῶν,

342 3401 438 3453 καὶ
470 3401 794 3470 περιτομῆς,
827 3401 922 3454 καὶ
951 3399 1060 3453 τῶν
1097 3401 1300 3454 λοιπῶν
1331 3403 1638 3471 ἁγνισμῶν.
1669 3404 1774 3456 Δύο
1807 3405 1918 3474 γὰρ

346 3491 442 3543 καὶ
472 3493 560 3542 ἐπὶ
593 3491 700 3543 τῶν
744 3490 922 3559 ἔργων
955 3491 1150 3560 ὁρᾶται
1195 3491 1264 3542 τὰ
1313 3492 1708 3561 σημαινύμενα.
1743 3493 1920 3560 Ἔργα

345 3579 456 3653 γὰρ
488 3581 581 3633 καὶ
618 3579 686 3647 τᾲ
715 3580 813 3651 τὴν
838 3577 1022 3632 πίστιν
1049 3577 1368 3648 βεϐαιοῦντα
1390 3579 1629 3647 λέγεται,
1656 3572 1731 3632 ὧν
1759 3581 1922 3648 ἀμοι-

2024 1857 2206 1903 scunt.
2251 1868 2269 1901 ι
2304 1847 2422 1904 Non
2455 1859 2582 1903 sunt
2638 1850 2741 1902 ista
2765 1847 3038 1902 contraria
3066 1848 3192 1903 divo
3237 1847 3424 1905 Paulo.
3457 1851 3592 1906 Cum

2015 1940 2160 1992 enim
2199 1954 2392 1994 nomen
2434 1938 2555 1992 ﬁdei
2615 1939 2725 1993 duo
2761 1937 3078 2007 signiﬁcare
3126 1941 3337 1996 valeat:
3369 1957 3496 1996 nam
3535 1953 3592 1997 et

2016 2030 2316 2099 simplicem
2348 2032 2549 2086 mentis
2569 2030 2645 2085 rei
2673 2033 2956 2100 apparenti
2992 2047 3280 2087 assensum
3316 2032 3594 2088 interdum

2017 2121 2322 2190 signiﬁcat;
2375 2122 2535 2176 ﬁdem
2586 2137 2824 2190 namque
2871 2121 3064 2176 ethoc
3123 2123 3309 2176 dicere
3352 2125 3596 2179 Solemus

2017 2215 2145 2282 (qua
2198 2214 2411 2266 ratione
2437 2220 2494 2267 et
2547 2212 2825 2267 dzemones
2879 2212 3104 2266 credere
3135 2215 3408 2276 novimus,
3445 2215 3590 2283 quod

2016 2305 2270 2360 Christus
2301 2303 2374 2358 sit
2402 2302 2576 2358 Filius
2611 2302 2728 2373 Dei)
2764 2321 2780 2369 ;
2814 2311 2868 2358 et
2906 2318 3098 2356 rursus
3147 2305 3590 2359 consecutionem

2017 2414 2082 2453 ex
2144 2396 2437 2450 aﬁcctione
2493 2395 2655 2450 simul
2714 2409 2840 2448 cum
2915 2394 3074 2448 ﬁrmo
3152 2409 3406 2458 assensu,
3467 2395 3591 2450 ﬁdei

2020 2487 2245 2542 nomine
2285 2486 2629 2556 appellamus
2677 2503 2690 2539 :
2743 2493 2970 2540 sanctus
3011 2484 3249 2541 Jacobus
3293 2487 3594 2556 simplicem

2021 2579 2174 2634 illum
2207 2594 2496 2634 assensum
2518 2577 2678 2632 ﬁdem
2711 2595 2729 2627 ι
2762 2589 3035 2631 mortuam
3073 2595 3091 2629 ι
3118 2579 3380 2647 appellat,
3405 2588 3596 2649 utpote

2023 2670 2436 2725 viviﬁcantibus
2484 2669 2747 2739 operibus
2778 2670 3122 2725 destitutam.
3155 2671 3358 2726 Paulus
3412 2681 3594 2726 autem

2022 2774 2142 2813 eam
2167 2775 2286 2828 qua:
2325 2775 2392 2814 ex
2427 2759 2718 2813 aﬁectione
2743 2768 2848 2820 est,
2884 2766 3046 2815 vocat
3106 2759 3291 2826 ﬁdem,
3318 2776 3439 2829 quae
3466 2775 3602 2816 sane

2023 2858 2232 2916 nonest
2259 2850 2520 2920 operibus
2551 2865 2720 2904 vacua
2745 2850 2856 2920 (l7)
2889 2867 2904 2904 :
2933 2865 3109 2919 neque
3130 2851 3276 2904 enim
3310 2851 3398 2904 illa
3430 2851 3601 2908 hone-

2025 2944 2125 2996 stis
2162 2941 2423 3010 operibus
2457 2956 2628 2995 vacuo
2655 2941 3071 3010 ingeneraretur
3095 2941 3232 3009 (l8).
3261 2939 3396 2994 Nam
3421 2957 3600 3011 neque

1947 3065 1993 3126 Ο
2025 3033 2302 3088 Abraham
2337 3034 2477 3087 banc
2499 3042 2830 3086 consecutus
2865 3041 2971 3096 est,
3005 3040 3296 3101 antequam
3333 3040 3602 3086 certasset

2028 3128 2093 3182 ad
2128 3135 2414 3196 paternam
2469 3125 2832 3196 repellendam
2888 3125 3319 3180 imbecillitatem
3351 3125 3486 3194 (l9),
3512 3126 3602 3179 cui

2027 3218 2316 3271 certamini
2342 3217 2474 3271 ﬁdes
2494 3218 2546 3270 in
2573 3216 2856 3286 praemium
2873 3217 2996 3270 data
3021 3224 3102 3270 est
3132 3217 3267 3286 (‘20).
3296 3215 3446 3270 llanc
3473 3231 3604 3271 vero

2026 3307 2230 3361 Paulus
2261 3306 2417 3360 ﬁdetn
2444 3305 2738 3375 przeposuit
2767 3307 3048 3373 operibus,
3082 3321 3281 3376 nempe
3330 3307 3606 3362 sabbatis-

2027 3403 2157 3462 mis,
2176 3400 2608 3464 circumcisioni,
2627 3401 2963 3469 reliquisque
2989 3398 3237 3454 Mosaicae
3259 3401 3391 3471 legis
3415 3403 3609 3456 obser-

2029 3492 2252 3545 νςιιιιίἱε.
2280 3491 2736 3559 Quandoquidem
2772 3491 2935 3544 etiam
2979 3505 3206 3560 operum
3255 3507 3456 3547 nomen
3492 3494 3606 3548 duo

2031 3581 2347 3650 signiﬁcat:
2387 3597 2508 3635 nam
2559 3589 2614 3636 et
2643 3595 2809 3649 opera
2840 3581 3099 3637 dicuntur
3150 3585 3242 3638 illa
3295 3601 3418 3655 qua:
3447 3586 3602 3641 ﬁdem

1566 3757 1874 3822 Bonifacii
1917 3760 2143 3822 Finetti
2191 3765 2384 3820 notae.

418 3860 536 3930 (l7)
558 3857 754 3931 Fidem
779 3875 844 3913 ea:
877 3859 1154 3928 aﬂ‘ectione
1181 3860 1300 3931 (seu
1335 3860 1501 3914 animi
1533 3861 1916 3931 dispositione)

355 3929 510 3985 vocat
557 3929 646 3982 hic
701 3939 1102 3984 commentator
1168 3929 1326 3983 Iidem
1385 3945 1506 3998 quae
1562 3947 1592 3982 a
1629 3929 1920 3998 Ltheologis

351 4002 591 4069 formata
643 3998 870 4062 dicitur,
925 4014 1200 4068 quamque
1259 3999 1315 4053 S.
1355 3997 1552 4069 gaulus
1592 3997 1736 4069 (Gul.
1773 3997 1920 4069 v,’6)

357 4067 435 4124 ait
496 4085 589 4138 per
661 4067 975 4122 charitatem
1047 4067 1283 4137 operari.
1360 4067 1544 4123 Fidem
1603 4067 1924 4136 lmjusmodi

351 4141 616 4209 operibus
679 4153 910 4194 vacuam
971 4153 1096 4194 esse
1149 4153 1260 4193 non
1315 4153 1510 4208 posse,
1567 4141 1922 4208 perspicuum

351 4225 537 4348 csl(.l8)
579 4279 654 4333 De
678 4293 743 4333 eo
769 4277 914 4359 quod
971 4277 1255 4359 ordinarie
1287 4277 1576 4359 contingit,
1613 4277 1773 4359 lloqui
1840 4279 1927 4332 hic

2025 3865 2186 3935 enim
2212 3863 2370 3935 video
2427 3864 2704 3932 quomodo
2739 3865 2857 3920 haec
2910 3864 3098 3920 Grazca
3131 3863 3318 3935 verba,
3347 3933 3354 3935 Α
3382 3880 3504 3932 quae
3546 3868 3602 3920 iu

2028 3933 2185 4004 textu
2234 3933 2429 4004 ἷζε-α·οο
2481 3949 2525 4004 εί
2567 3937 2788 4002 regione
2845 3935 2967 4004 ejus
3013 3934 3285 4004 versionis
3346 3933 3606 4004 leguntur

2031 4003 2196 4074 (Edit.
2230 4001 2352 4055 Par.
2380 4003 2559 4071 1651),
2591 4001 2692 4074 τὴν
2741 4001 3017 4074 πατρικὴν
3066 4003 3357 4056 ἀπώσαθαι
3389 4001 3601 4072 ἀθείαν,

2028 4073 2729 4143 taleminterpretationem
2769 4073 3013 4143 recipere
3054 4073 3288 4142 possint.

2105 4142 2218 4209 (‘20)
2248 4141 2304 4196 Si
2361 4151 2763 4198 commentator
2825 4141 2895 4198 de
2954 4141 3126 4212 prima
3196 4141 3432 4202 Abrahte
3501 4142 3606 4196 ﬁde

2031 4212 2295 4282 loquitur,
2326 4212 2606 4283 prmmium
2638 4215 2856 4283 proprie
2908 4213 3117 4268 dictum
3153 4212 3261 4283 hic
3297 4213 3604 4283 intelligere

2032 4280 2140 4337 non
2177 4280 2376 4351 potest,
2428 4281 2520 4335 sed
2566 4280 2970 4348 tantummodo,
3016 4281 3160 4352 quod
3215 4280 3429 4334 cuidam
3465 4297 3604 4334 con-

355 4345 799 4423 putoauetorem
837 4349 1024 4423 istum.
1083 4345 1376 4423 Ordinarie
1412 4345 1557 4402 enim
1610 4345 1744 4423 ﬁdes
1796 4365 1923 4401 vera
1959 4368 2002 4423 ι)
2034 4345 2280 4423 gruitati,
2320 4366 2416 4405 seu
2454 4366 2715 4420 congrua:
2753 4345 3134 4423 dispositioni
3165 4352 3600 4423 eorrespondet:

358 4416 468 4475 non
499 4419 808 4474 innascitur
837 4417 904 4472 i‘s
936 4416 1026 4486 qui
1064 4427 1212 4471 recte
1240 4417 1470 4488 etjuxta
1525 4418 1753 4488 rationis
1783 4434 1926 4488 prm-

361 4491 565 4560 scripta
597 4485 966 4560 no_u_vivunt°,
996 4500 1161 4554 prava
1199 4486 1345 4560 enim
1374 4485 1592 4540 vivendi
1627 4488 1764 4540 ratio
1786 4485 1930 4542 ’νειιὶ-

353 4555 622 4613 dissimus
659 4557 781 4610 ﬁdei
814 4556 951 4610 obex
986 4569 1109 4610 esse
1136 4555 1300 4610 solet.

428 4627 543 4697 (l9)
580 4627 684 4680 Per
710 4634 988 4694 paternam
1027 4625 1711 4698 imbecillitatemintelligo
1733 4643 1933 4696 paren-

355 4693 472 4750 tum
503 4693 768 4758 amorem,
813 4709 972 4762 quem
1006 4708 1266 4762 superare
1297 4693 1490 4749 debuit
1536 4693 1839 4762 Abraham,
1869 4707 1930 4752 ut

358 4766 453 4819 Dei
491 4765 749 4818 mandato
779 4762 1079 4833 egrediendt‘
1115 4763 1178 4816 de
1205 4771 1346 4816 terra
1393 4773 1443 4817 et
1473 4768 1786 4833 cognatione
1833 4783 1930 4820 sua

357 4833 514 4902 (Gen.
559 4850 654 4899 xtl,
709 4836 761 4902 l)
821 4835 1248 4899 obtemperaret.
1307 4833 1500 4888 Editus
1554 4837 1656 4888 sub
1711 4837 1930 4890 nomine

357 4904 678 4958 (Ecutnenii
735 4904 1168 4956 commentarius
1204 4917 1302 4968 pro
1341 4903 1648 4964 ἁσθενείαν,
1696 4905 1929 4958 imbecil-

359 4976 585 5037 litatem,
605 4978 687 5028 vel
714 4973 1103 5042 inﬁrmitatem,
1134 4971 1313 5042 habet,
1341 4981 1392 5024 et
1411 4973 1657 5042 Al'ot-tasse
1711 4975 1927 5038 melius,

361 5043 573 5100 ἀθείαν.
628 5040 1003 5111 impietatem:
1062 5056 1183 5110 qua:
1245 5041 1290 5095 si
1349 5040 1678 5111 admittatur
1744 5043 1926 5110 lectio,

363 5114 673 5182 respexisse
704 5110 921 5164 videtur
945 5111 1032 5163 hic
1078 5119 1270 5164 auctor
1295 5110 1362 5164 ad
1402 5126 1550 5182 eam,
1581 5126 1702 5182 qua:
1729 5116 1928 5168 multo-

361 5180 484 5236 rum
542 5191 648 5246 est,
709 5182 1046 5249 opinionem,
1110 5195 1339 5249 nempe,
1400 5180 1634 5236 Titarem
1716 5192 1924 5249 patrem

360 5253 614 5314 Abrahae,
645 5253 754 5304 imo
778 5251 936 5318 juxta
981 5249 1301 5320 nonnullos,
1337 5251 1516 5320 ipsum
1553 5251 1922 5306 Abrahamum

361 5322 680 5391 aliquando,
736 5321 895 5374 idolis
949 5321 1229 5391 serviisse.
1272 5319 1391 5385 Quo
1437 5321 1741 5390 supposito,
1793 5323 1924 5391 quid

362 5390 466 5448 sibi
507 5393 633 5446 velit
654 5405 775 5443 cum
805 5391 900 5454 ait,
933 5390 1302 5442 Abrahamum
1334 5406 1440 5444 non
1468 5406 1619 5458 prius
1655 5390 1923 5445 consecu-

364 5473 476 5515 tum
529 5476 648 5515 esse
699 5460 878 5521 ﬁdem,
931 5474 1094 5528 quam
1154 5460 1219 5512 ad
1273 5471 1551 5527 paternam
1597 5463 1921 5529 impietatem

365 5530 1071 5600 repellendam"certaverit,
1133 5531 1475 5596 perspicuum
1558 5542 1660 5584 est.
1725 5529 1923 5600 Nescio

363 5598 544 5656 autem
571 5603 698 5668 quid
737 5598 1033 5652 llentenius
1099 5601 1308 5666 legerit,
1367 5615 1490 5654 cum
1547 5601 1747 5654 vertit:
1808 5599 1922 5664 Quo

362 5675 704 5747 (certantium)
751 5678 972 5738 paterna
1017 5671 1327 5738 cognatione
1374 5669 1753 5735 erpelleretur:
1812 5685 1920 5724 non

2037 4420 2146 4476 non
2179 4421 2325 4475 enim
2363 4435 2551 4475 verum
2601 4423 2769 4475 ullum
2808 4420 3063 4477 meritum
3111 4420 3296 4484 tidem,
3353 4422 3462 4474 imo
3504 4436 3606 4475 nec

2035 4492 2380 4554 charitatem,
2417 4491 2722 4559 priet-edere
2755 4501 2954 4558 potest.
2985 4492 3040 4546 Si
3085 4506 3210 4544 vero
3241 4492 3307 4543 de
3350 4489 3608 4544 uberiore

2034 4563 2215 4630 aliqua
2245 4560 2370 4620 ﬁde,
2405 4562 2884 4630 seuprmcedentis
2909 4562 3027 4615 ﬁdei
3063 4568 3353 4628 augmento
3374 4559 3608 4630 Abraltze

2033 4631 2103 4684 ob
2130 4627 2411 4685 certamen
2452 4629 2520 4681 ad
2573 4631 2922 4696 repellendam
2983 4631 3097 4684 sive
3142 4627 3603 4695 imbecillitatem,

2033 4701 2150 4754 sive
2182 4701 2507 4766 impietatem
2534 4709 2811 4766 paternam
2831 4715 3097 4755 concesso
3128 4699 3407 4768 loquatur,
3426 4700 3608 4768 potuit

2035 4769 2085 4824 id
2132 4771 2358 4838 quidem
2411 4769 2615 4838 praemii
2687 4771 2956 4823 rationem
3021 4770 3257 4838 habere;
3313 4768 3365 4822 id
3423 4781 3607 4822 tamen

2033 4837 2175 4892 baud
2227 4837 2465 4901 coniicit,
2521 4837 2678 4891 ﬁdem
2737 4840 2789 4892 in
2849 4840 3069 4894 homine
3120 4837 3278 4892 bonis
3349 4840 3608 4908 operibus

2031 4923 2206 4962 vaeuo
2243 4907 2550 4975 ingenerari
2596 4923 2702 4960 non
2731 4924 2914 4976 posse.
2955 4911 3019 4960 ad
3051 4911 3198 4977 quod
3261 4909 3606 4977 probandum

2029 4977 2278 5044 exemplo
2320 4977 2551 5030 Abraha:
2575 4978 2650 5030 uti
2678 4980 2890 5032 videtur
2917 4976 3340 5032 couunentator.
3383 4976 3605 5035 Verum,

2031 5055 2152 5100 utut
2206 5062 2359 5101 mens
2403 5047 2577 5115 ipsius
2624 5049 2724 5101 hoc
2764 5049 2882 5102 loco
2923 5063 2982 5102 se
3005 5048 3227 5106 habeat,
3268 5045 3399 5115 illud
3432 5047 3610 5115 omni-

2027 5117 2130 5172 bus
2173 5127 2351 5170 ratum
2377 5113 2500 5170 esse
2533 5118 2708 5178 debet,
2742 5117 3318 5184 ﬁdemjustilicantem
3366 5114 3418 5165 in
3453 5113 3609 5165 adul-

2031 5188 2103 5243 tis
2174 5201 2351 5255 neque
2421 5186 2582 5239 bonis
2641 5189 2902 5255 operibus
2956 5201 3196 5255 vacuam
3258 5197 3604 5255 permanere,

2028 5272 2206 5328 neque
2226 5253 2459 5328 absque,
2488 5256 2647 5310 bonis
2681 5253 2969 5326 ‘operibus
3027 5265 3083 5310 et
3114 5253 3279 5306 animi
3340 5266 3609 5321 pracpara-

2029 5325 2197 5389 tione,
2257 5343 2352 5380 seu
2413 5325 2624 5402 absque
2693 5328 3000 5402 proposito,
3074 5328 3214 5376 bona
3278 5337 3445 5402 opera
3505 5336 3607 5374 suo

2029 5405 2294 5466 tempore,
2329 5404 2393 5466 et
2413 5411 2510 5464 pro
2534 5393 2676 5450 data
2713 5393 3003 5466 occasione
3059 5393 3351 5445 exercendi
3375 5393 3610 5466 ingene-

2026 5459 2348 5534 rari'posse.
2381 5459 2446 5520 Et
2477 5467 2556 5520 sic
2586 5465 2998 5534 intelligendus,
3019 5475 3336 5534 qttanquam
3371 5459 3610 5513 fortasse

2028 5532 2183 5589 haud
2231 5537 2370 5589 satis
2425 5546 2678 5589 accurate
2734 5532 2794 5587 se
2855 5534 3116 5600 explicet,
3175 5532 3260 5584 hic
3323 5545 3609 5585 commen-

2027 5613 2188 5659 tator.
2663 5631 2674 5640 ·
