4020 6214
453 250 598 316 1159

1403 238 1987 303 THEOPHYLACTI
2028 236 2443 300 BULGARUE
2470 235 2836 296 .ARClllEP.

3593 252 3723 329 11ΐο

450 362 815 420 conﬁrmant:
853 362 910 411 et
970 368 1138 426 opera
1184 353 1452 409 dicuntur
1494 351 1865 408 observantiae
1898 349 2035 421 legi:

2150 344 2317 417 ροῦσα
2353 346 2538 409 πίστις
2575 347 2745 416 νεκρά
2790 348 3210 409 καταλείπεται·
3253 358 3394 433 ἔργα
3427 371 3589 429 πάλιν
3632 386 3723 439 καὶ

455 454 731 516 Mosaicae,
760 452 882 506 sine
910 449 1136 518 quibus,
1161 456 1215 502 et
1246 445 1526 501 Abraham
1560 445 1715 511 olim,
1757 454 1812 499 et
1842 458 2038 500 omnes

455 547 745 603 credentes
780 545 832 598 in
860 542 1143 597 Christum
1171 538 1569 611 jnstiﬁcantur.
1608 538 1849 603 Etenim,
1887 536 2036 608 quod

460 639 702 706 ﬁdentia
765 636 1052 691 immundo
1105 634 1357 705 progigni
1413 649 1522 689 non
1590 633 1768 700 possit
1820 633 2040 701 (loquor

459 742 641 787 autem
670 730 739 784 de
779 727 887 783 ﬁde
935 726 1187 797 operum)
1239 726 1364 795 quis
1418 724 1854 780 contradixerit?
1900 720 2040 777 Nam

459 839 636 893 neque
669 829 1009 892 unguentum
1064 820 1120 873 in
1170 816 1473 873 lmenlento
1502 831 1632 871 vase
1660 814 1786 884 quis
1846 828 2042 869 recon-

462 917 660 981 deret;
696 929 876 983 neque
922 913 976 966 in
1015 910 1305 965 immundo
1350 907 1577 963 homine
1626 905 2042 976 ingensrabitur

459 1023 697 1078 unquam
730 1008 863 1061 ﬁdes
898 1004 1012 1060 Dei.
1050 1003 1166 1059 Non
1191 1003 1359 1072 igitur
1390 1000 1656 1057 contrarii
1681 999 1782 1053 sibi
1807 998 2038 1052 invicem

458 1108 587 1156 sunt
611 1097 776 1170 335
812 1096 990 1153 sancti
1022 1096 1282 1166 apostoli,
1343 1095 1440 1151 sed
1489 1097 1544 1148 in
1579 1092 1799 1148 diverso
1829 1090 2041 1162 signiﬁ-

456 1201 581 1247 cato
612 1199 914 1254 versantes,
951 1191 1188 1260 quisque
1228 1189 1387 1259 juxta
1446 1186 1812 1258 signiﬁcatum
1853 1197 2039 1248 suum,

464 1285 612 1354 quod
652 1284 994 1354 propositum
1029 1283 1134 1337 sibi
1167 1292 1308 1346 erat,
1343 1280 1718 1351 prosequitur.

534 1370 817 1432 “335.20.
881 1395 898 1427 ι
933 1374 1026 1430 Vis
1069 1386 1250 1430 autem
1308 1390 1494 1439 nosse,
1543 1392 1576 1430 ο
1625 1375 1791 1429 homo
1836 1373 2040 1439 inanis,

463 1470 727 1538 quoniam
763 1467 897 1523 ﬁdes
934 1469 1054 1524 sine
1109 1467 1371 1537 operibus
1425 1477 1645 1521 mortua
1694 1467 1820 1522 est?
1859 1486 1878 1519 ι
1914 1467 2042 1520 lna-

461 1575 585 1614 nem
622 1570 776 1614 vocat
806 1576 954 1625 eum,
984 1561 1080 1630 qui
1106 1560 1174 1615 de
1207 1561 1324 1616 sola
1362 1560 1465 1616 ﬁde
1517 1562 1809 1631 gloriatur,
1849 1570 2043 1633 utpote

458 1653 552 1723 qui
578 1653 850 1707 bonorum
880 1669 1105 1724 operum
1141 1655 1452 1709 substantia
1488 1670 1693 1711 vacuus
1720 1663 1827 1711 cst.

2138 440 2208 494 τά
2236 440 2332 495 τοῦ
2361 444 2551 512 νόμον,
2586 439 2663 500 ὧν
2701 449 2796 502 καὶ
2857 451 3027 523 χωρὶς
3069 455 3344 531 Ἁϐραάμ,
3392 466 3488 521 καὶ
3532 472 3723 541 πάντες

2139 533 2190 586 οἱ
2243 534 2384 588 κατά
2427 537 2664 606 Χριστὸν
2701 541 3060 602 δικαιοῦνται.
3103 549 3256 605 Ἐπεὶ
3308 555 3390 609 ὅτι
3420 560 3603 626 πίστις
3629 533 3723 621 οὐκ

2142 624 2211 728 ἂν
2239 627 2536 700 ἀκαθάρτῳ
2565 635 2919 703 προσγένοιτο
2966 639 3134 710 (λέγω
3183 644 3241 698 δὲ
3292 647 3394 718 τὴν
3422 652 3527 705 τῶν
3553 624 3721 728 ἔργων

2143 718 2383 821 πίστιν)ἶ
2398 723 2485 787 τίς
2510 725 2762 798 ἁντερεῖ;
2803 728 2942 785 Οὔτε
2967 733 3077 805 γὰρ
3108 734 3372 810 βορϐόρου
3405 718 3599 818 πλήρει
3624 718 3720 821 ἀγ-

2141 809 2276 915 γείῳ
2312 813 2488 915 μῦρον
2535 820 2881 895 ταμιευθείη,
2928 823 3054 879 οὔτε
3103 829 3407 906 ἀκαθάρτῳ

2144 903 2330 998 πίστις
2358 907 2636 976 ἐγγένοιτο
2668 912 2826 969 Θεοῦ.
2868 917 2983 972 Οὐκ
3018 921 3126 990 ἄρα
3142 903 3405 998 ’διάφοροι
3439 903 3647 998 ἑαυτοῖς
3676 903 3722 993 οἱ

2145 994 2278 1098 Ocior.
2305 998 2618 1067 ἀπόστολοι,
2646 1003 2785 1060 ἀλλά
2817 1012 2948 1081 περὶ
2973 1013 3033 1066 τὸ
3053 994 3442 1090 διάφορονντοῦ
3471 994 3725 1098 σημαίνο-

2146 1089 2311 1160 μένου
2338 1096 2699 1196 στρεφόμενοι
2728 1100 2867 1196 7:35;
2899 1104 3221 1196 τὴν-χρείαν
3253 1111 3489 1181 ἕκαστος
3516 1089 3608 1175 τοῦ
3629 1140 3725 1196 ση-

2147 1178 2480 1249 μαινομένου
2501 1183 2561 1236 τὸ
2585 1188 2846 1256 προτεθὲν
2880 1192 3029 1265 αὐτῷ
3066 1196 3326 1269 διεξάγει.

2224 1373 2243 1407 ι
2281 1355 2469 1424 Θέλεις
2490 1360 2550 1414 δὲ
2580 1363 2807 1433 γνῶναι,
2838 1366 2884 1420 ὦ
2913 1368 3167 1443 ἄνθρωπε
3207 1379 3351 1446 κενὲ,
3379 1381 3460 1436 ὅτι
3490 1386 3523 1456 ὴ
3551 1388 3726 1455 πίστις

2145 1449 2316 1519 χωρὶς
2343 1451 2454 1507 τῶν
2478 1452 2658 1525 ἔργων
2684 1459 2856 1528 νεκρά
2888 1462 3072 1531 tactv;
3112 1485 3130 1517 ι
3166 1467 3340 1523 Κενὸν
3372 1449 3597 1531 ἐκάλεσε
3633 1449 3726 1535 τὸν

2144 1537 2273 1632 dixit
2301 1543 2366 1612 τῇ
2397 1541 2578 1597 πίστει
2607 1546 2880 1617 αύχοῦντσι
2912 1554 3094 1620 μόνον,
3127 1554 3345 1632 [μηδὲν]
3376 1564 3478 1630 τῆς
3508 1566 3595 1621 διὰ
3616 1571 3725 1624 τῶν

2146 1628 2324 1702 ἔργων
2350 1633 2703 1701 ὑποστάσεως
2735 1644 3073 1713 κεκτημένον
3102 1649 3184 1710 εἰς
3208 1650 3509 1721 πλήρωσιν.

528 1745 699 1800 Vens.
756 1721 946 1799 2l-25.
986 1764 1005 1797 ι
1034 1747 1306 1801 Abraham
1343 1760 1498 1816 pater
1528 1758 1738 1813 noster,
1774 1765 1956 1804 nonne
1975 1764 2040 1804 ex

2159 1814 2173 1824 .
2224 1742 2243 1775 ι
2291 1723 2589 1824 ἷΑὸραέιμό
2615 1730 2797 1824 πατὴρ
2827 1734 2984 1803 ἡμῶν
3009 1737 3110 1790 οὐκ
3135 1738 3193 1805 ἐξ
3228 1740 3409 1812 ἔργων
3437 1747 3723 1824 ἐδικαιώθη

460 1838 722 1907 operibus
779 1836 1114 1906 justiﬁeatus
1177 1849 1282 1903 εει,
1346 1840 1587 1895 oﬁ‘erens
1654 1842 1813 1896 Isaac
1869 1842 2040 1898 (ilium

462 1944 623 1983 suum
652 1943 820 1998 super
861 1928 1066 1982 altare?
1095 1925 1285 1992 Vides,
1316 1928 1573 1998 quoniam
1617 1930 1750 1986 ﬁdes
1777 1946 2044 2002 coopera-

465 2019 627 2075 batur
646 2021 908 2089 operibus
941 2018 1091 2073 illius
1115 2035 1128 2085 ;
1162 2027 1216 2074 et
1232 2034 1295 2074 ex
1314 2020 1576 2090 operibus
1610 2020 1745 2077 ﬁdes
1768 2036 2033 2078 consum-

463 2121 608 2165 mata
637 2120 742 2164 est.
804 2109 869 2163 Et
920 2109 1138 2179 impleta
1184 2119 1270 2166 est
1299 2110 1585 2181 Scriptura
1616 2111 1830 2179 dicens,
1864 2133 1882 2166 ι
1934 2122 2042 2169 etc.

462 2201 834 2256 Abrahamum
873 2210 1103 2271 uterque
1160 2202 1417 2272 proponit
1448 2202 1502 2257 in
1556 2205 1870 2274 exemplum
1901 2206 2043 2276 ejus,

463 2295 607 2364 quod
658 2295 726 2351 de
783 2295 888 2351 ﬁde
939 2296 1172 2351 asserit:
1213 2297 1304 2353 ille
1364 2297 1588 2367 quidem
1651 2306 1711 2354 ut
1766 2301 2044 2367 ostendat,

464 2385 622 2441 lident
652 2386 914 2457 operibus
944 2394 1248 2457 prastare;
1305 2387 1397 2443 hic
1450 2405 1581 2444 vero
1623 2401 1683 2445 ut
1727 2406 1892 2463 opera
1942 2392 2048 2448 ﬁde

465 2476 688 2531 meliora
731 2492 849 2533 esse
894 2479 1110 2533 evincat
1141 2491 1464 2549 argumento
1507 2497 1573 2537 ex
1638 2482 1829 2539 eodem
1870 2483 2049 2538 Abra-

464 2568 627 2623 hamo
661 2568 975 2639 desumpto.
1009 2570 1226 2624 Dictum
1267 2585 1400 2626 vero
1452 2580 1537 2627 est
1588 2574 1867 2644 superius,
1900 2575 2047 2645 quod

462 2659 612 2712 circa
634 2659 835 2730 duplex
869 2660 1237 2729 signiﬁcatum
1282 2662 1442 2719 ambo
1475 2674 1786 2732 versantes,
1813 2667 2049 2740 quisque

464 2752 634 2809 sumit
661 2751 712 2806 id
742 2752 890 2821 quod
921 2751 990 2807 ad
1016 2754 1357 2824 propositum
1385 2770 1547 2810 suum
1599 2756 1852 2812 inservit.
1874 2756 2050 2814 Caete-

466 2859 586 2897 rum
617 2844 870 2899 nonnulli
901 2860 967 2901 ex
988 2845 1246 2901 Patribus
1270 2846 1347 2901 ita
1377 2847 1481 2902 hac
1504 2847 1572 2902 de
1600 2864 1657 2904 re
1683 2860 2045 2917 censuerunt,

465 2949 680 3002 nempe,
717 2934 1090 2990 Abrahamum
1113 2935 1283 2991 variis
1329 2934 1648 2991 distinctum
1700 2939 2044 3009 temporibus

467 3024 761 3094 utriusque
787 3025 908 3079 ﬁdei
969 3025 1264 3095 imaginem
1297 3041 1459 3093 esse;
1510 3026 1767 3083 videlicet
1810 3040 1863 3084 et
1901 3029 2046 3100 ejus,

467 3128 592 3183 qua:
624 3089 753 3168 ante
778 3089 1110 3185 baptismum
1143 3126 1250 3182 est,
1279 3133 1400 3188 qua:
1437 3089 1607 3189 opera
1641 3135 1748 3174 non
1793 3089 2046 3191 requirit,
2076 3089 2119 3147 ο

467 3205 563 3258 sed
587 3205 760 3259 solam
790 3206 948 3259 ﬁdem
980 3215 1037 3261 et
1066 3207 1472 3263 confessionem
1501 3211 1717 3278 salutis,
1747 3221 1800 3265 et
1820 3213 2044 3266 verbum

368 3320 369 3323 η
466 3296 974 3369 quojustiﬁcamnr
998 3297 1291 3352 credentes
1344 3299 1399 3352 in
1438 3299 1763 3369 Christum;
1799 3311 1854 3356 et
1902 3304 2044 3374 ejus,

468 3405 592 3461 quat
640 3390 975 3461 baptismum
1029 3389 1409 3460 subsequitur,
1471 3407 1702 3464 qumque
1748 3394 2046 3466 conjuncta

465 3480 726 3547 operibus
759 3487 862 3535 est.
900 3478 1011 3534 Hac
1033 3480 1250 3535 ratione
1270 3481 1374 3536 sibi
1398 3485 1710 3540 contrarius
1729 3488 2046 3558 neutiquam

466 3581 694 3642 apparet
745 3571 813 3639 is,
865 3572 957 3642 qui
1003 3573 1058 3627 in
1120 3581 1356 3645 utroque
1401 3575 1618 3632 locutus
1666 3586 1750 3634 est
1805 3578 2048 3650 Spiritus

469 3672 738 3720 sanctus:
774 3680 898 3720 cum
932 3681 1039 3721 una
1093 3667 1315 3736 quidem
1355 3669 1490 3725 ﬁdes
1548 3686 1643 3740 per
1690 3672 1863 3728 solam
1915 3691 2051 3729 cett-

468 3757 764 3812 fessionem
787 3757 1055 3827 justiﬁeat
1090 3759 1453 3829 baptizatum,
1488 3762 1535 3817 si
1574 3764 1759 3818 statim
1805 3765 2050 3822 discedat

464 3864 496 3905 e
520 3851 626 3905 vita
658 3850 813 3918 (huic
836 3851 981 3905 enim
1008 3867 1117 3905 non
1150 3854 1354 3907 adsunt
1408 3868 1595 3925 opera,
1632 3857 1728 3912 sed
1762 3859 1903 3915 satis
1941 3860 2047 3930 ipsi

463 3949 549 3997 est
592 3944 887 3999 mundities
940 3959 1039 4015 per
1083 3944 1418 4016 baptismum
1461 3950 1838 4022 comparata);
1878 3951 2050 4007 altera

463 4050 597 4091 vero
633 4053 661 4088 a
720 4036 1001 4107 baptizato
1050 4039 1235 4108 exigat
1268 4040 1435 4094 etiam
1486 4041 1760 4097 bonorum
1816 4059 2048 4114 operum

465 4127 882 4184 exhibitiouem.
910 4128 1012 4182 Cui
1036 4129 1115 4182 rei
1141 4138 1195 4184 et
1220 4128 1424 4186 Paulus
1450 4136 1725 4187 consentit
1758 4133 1870 4189 alio
1902 4135 2045 4201 loco,

467 4217 697 4284 docens,
731 4218 891 4273 ﬁdem
923 4228 1047 4289 post
1074 4219 1346 4291 baptisma
1381 4222 1797 4292 perfectionem,
1831 4241 1951 4297 qua:
1982 4243 2050 4284 ex

466 4310 722 4379 operibus
773 4311 1077 4381 consurgit,
1110 4311 1425 4382 requirere;
1463 4329 1588 4368 cum
1623 4330 1819 4386 nempe
1868 4319 1945 4372 ait
1966 4319 2047 4373 ἰι

471 4421 491 4453 ι
526 4400 712 4471 Neque
761 4403 1112 4459 circumcisio
1157 4404 1366 4475 aliquid
1396 4408 1560 4473 valet,
1617 4423 1793 4479 neque
1833 4426 2049 4481 praepu-
2083 4442 2126 4494 ι)

471 4494 631 4560 tium,
675 4493 771 4550 sed
826 4493 987 4561 ﬁdes,
1026 4511 1148 4566 quae
1176 4511 1275 4566 per
1324 4497 1649 4553 cliaritatem
1708 4510 1989 4570 operatur.
2022 4520 2042 4554 ι

466 4584 724 4642 Charitas
760 4596 942 4643 autem
975 4588 1270 4643 multarum
1307 4588 1569 4645 virtutum
1620 4593 1887 4648 exercitio
1909 4608 2049 4664 opus

471 4678 657 4745 habet,
688 4688 748 4735 ut
802 4682 1191 4750 adimpleatur.
1228 4700 1248 4733 ι
1275 4683 1519 4740 Credidit
1549 4696 1731 4742 autem
1770 4687 2047 4744 Abraham

477 4773 608 4840 Deo,
647 4786 700 4830 et
727 4783 1041 4845 reputatutn
1097 4785 1182 4833 est
1214 4777 1292 4832 illi
1353 4780 1419 4834 ad
1475 4778 1777 4850 justitiam,
1809 4790 1865 4837 et
1910 4782 2049 4838 ami-

473 4884 575 4926 cus
597 4868 710 4941 (21)
734 4869 826 4926 Dei
859 4872 1167 4941 appellatus
1192 4881 1277 4928 est
1302 4874 1369 4927 ²¹.
1402 4892 1422 4925 ι
1458 4872 1693 4930 Justitiae
1727 4874 1947 4946 quidem
1979 4890 2046 4931 ex

473 4968 588 5026 sola
626 4969 732 5024 ﬁde
760 4968 941 5039 imago
980 4968 1080 5023 fuit
1120 4970 1421 5037 Abraham,
1445 4985 1568 5025 cum
1602 4970 1858 5035 credidit,
1885 4969 2051 5042 idque

477 5081 497 5115 ι
547 5071 863 5134 reputatum
924 5071 1009 5119 est
1048 5062 1125 5118 illi
1174 5062 1243 5117 ad
1296 5062 1591 5133 justitiam.
1633 5082 1652 5113 ι
1685 5061 1818 5132 Ejus
1868 5070 2050 5118 autem

472 5168 597 5225 quae
649 5168 718 5211 ex
753 5152 1021 5224 operibus
1066 5161 1174 5216 est,
1226 5166 1350 5207 cum
1396 5151 1569 5205 ﬁlium
1631 5150 1831 5206 obtulit
1882 5164 2051 5220 supra

581 5307 624 5339 "
651 5306 831 5362 Galat.
875 5323 950 5373 vr,
988 5307 1074 5362 15.
1152 5307 1197 5340 ⁸³
1226 5305 1403 5361 Calai.
1442 5322 1524 5371 ιιι,
1550 5306 1603 5360 6.

2149 1814 2448 1916 ἀνενέγκας
2490 1821 2675 1875 Ἰσαὰκ
2710 1824 2801 1878 τὸν
2833 1826 2945 1879 υίὸν
2988 1829 3153 1884 αὑτοῦ
3186 1835 3278 1886 ἐπὶ
3321 1837 3384 1889 τὸ
3432 1814 3730 1916 θυσιαστήλ

2149 1924 2300 2001 ριον;
2337 1909 2587 1978 Βλέπεις,
2634 1914 2718 1968 ὅτι
2759 1917 2792 1987 η
2837 1919 3023 1983 πίστις
3081 1924 3340 1995 συνήργει
3395 1931 3506 1992 τοῖς
3543 1909 3728 2001 ἔργοις

2148 2000 2339 2065 αὑτοῦ,
2377 2004 2473 2057 καὶ
2500 2006 2564 2059 ἐκ
2598 2005 2708 2063 τῶν
2740 2008 2920 2081 ἔργων
2959 2012 2991 2082 ἡ
3043 2013 3227 2078 πίστις
3263 2000 3585 2092 ὲτελειώθηξ
3619 2026 3728 2078 Καὶ

2148 2092 2500 2187 ἐπληρώθηή
2542 2098 2734 2173 Γραφὴ
2766 2104 2798 2173 ὴ
2840 2103 3092 2172 λέγουσα.
3136 2125 3155 2159 ι
3190 2107 3294 2164 Τὸν
3342 2112 3590 2185 Ἀδραὰμ
3614 2118 3728 2187 ἀμ-

2148 2185 2367 2256 φότεροι
2407 2189 2487 2252 είς
2517 2190 2827 2262 ὑπόδειγμα
2870 2195 2965 2248 τοῦ
3005 2198 3108 2269 τῆς
3139 2200 3378 2265 πίστεως
3410 2204 3569 2273 λόγου
3627 2185 3729 2261 ἐπ-

2147 2277 2394 2344 άγονταιο
2418 2282 2446 2333 ό
2472 2281 2595 2351 μὲν,
2614 2283 2713 2356 τὴν
2732 2285 2915 2341 πίστιν
2933 2289 3039 2343 τῶν
3058 2291 3236 2363 ἔργων
3263 2296 3495 2367 κρείττω
3519 2298 3728 2366 δεικνὺς

2146 2368 2214 2423 δι’
2239 2370 2638 2443 ὕποδείγματος
2671 2376 2766 2431 τοῦ
2811 2381 2953 2435 κατά
2978 2382 3069 2437 τὸν
3097 2385 3384 2458 Ἀϐραὰμο
3416 2392 3444 2443 ὁ
3462 2389 3539 2456 δὲ,
3569 2392 3730 2447 πάλιν

2147 2462 2217 2516 τά
2244 2462 2384 2535 ἔργα
2413 2468 2512 2540 τῆς
2542 2471 2800 2537 πίστεως.
2836 2475 2946 2529 Καὶ
2967 2477 3181 2549 εἴρηται
3222 2481 3322 2550 μὲν
3352 2484 3624 2555 ἀνωτέρω,
3648 2487 3731 2551 ὡς

2149 2556 2279 2650 περὶ
2307 2557 2369 2611 τὸ
2390 2558 2566 2650 διττὸν
2586 2562 2681 2616 τοῦ
2704 2570 3108 2639 σημαινομένου
3130 2573 3395 2647 ἑκάτερος
3414 2579 3727 2650 στρέφεται,

2147 2645 2216 2742 τδ-
2236 2648 2528 2742 σιζντελοῦν
2558 2653 2709 2727 αὐτῷ
2744 2659 2880 2729 πρὸς
2912 2660 3013 2732 τὴν
3036 2645 3329 2734 ἀπόδειξιν.
3366 2645 3521 2734 Τινές
3546 2645 3730 2742 μέντοι

2149 2736 2256 2792 τῶν
2286 2741 2545 2813 Πατέρων
2575 2747 2670 2801 καὶ
2706 2748 2881 2815 οὕτως
2912 2755 3043 2826 περὶ
3081 2756 3272 2811 τούτου
3301 2759 3567 2829 ἔγνωσαν.
3591 2766 3732 2821 Φασὶ

2149 2828 2259 2923 γάρ
2291 2830 2385 2885 τὸν
2425 2833 2677 2908 ’Λσραάμ
2715 2842 2829 2905 τοῖς
2852 2845 3067 2915 χρόνοις
3099 2828 3565 2923 διαστελλόμενον,
3595 2858 3730 2910 ἑκα-

2149 2919 2315 3020 τέρας
2346 2924 2585 3020 πίστεως
2623 2926 2766 3020 είναι
2808 2935 2993 2989 εἰκόνα
3029 2953 3044 2968 ο
3088 2939 3183 2994 καὶ
3215 2944 3313 3013 τῆς
3347 2919 3456 3016 πρὸ
3501 2919 3592 3000 τοῦ
3636 2949 3733 3020 βα.-

2153 3010 2457 3111 πτίσματος
2489 3017 2590 3087 μὲν
2611 3019 2710 3091 τῆς
2741 3022 3205 3102 μὴὲπιζητούσης
3235 3010 3405 3103 ἔργα,
3432 3036 3481 3089 εί
3516 3039 3593 3110 μὴ

2153 3104 2336 3198 πίστιν
2365 3108 2537 3198 μόνην
2579 3114 2674 3167 καὶ
2712 3115 2812 3187 τὴν
2854 3118 3145 3189 ὁμολογίαν
3172 3126 3271 3194 τῆς
3310 3104 3605 3198 σωτηρίας,
3631 3104 3734 3184 καὶ

2152 3197 2211 3251 τὺ
2233 3200 2387 3270 ῥῆμα
2423 3195 2468 3270 ᾧ
2493 3203 2854 3278 δικαιούμεθα
2886 3211 2935 3263 oi
2968 3214 3315 3282 πιστεύοντες
3345 3221 3424 3282 εἰς
3445 3195 3685 3292 Χριστόν
3709 3239 3731 3257 ο

2153 3290 2248 3342 καὶ
2274 3290 2378 3361 τῆς
2410 3295 2551 3385 μετά
2572 3296 2635 3351 τὸ
2667 3299 2953 3374 βάπτισμα
2981 3307 3217 3385 πίστεως
3238 3313 3335 3381 τῆς
3365 3290 3737 3385 συνεζευγμέ-

2152 3396 2250 3451 νης
2275 3385 2386 3447 τοῖς
2424 3384 2628 3456 ἔργοις.
2664 3388 2853 3457 Οῦτως
2876 3392 2977 3448 οὐκ
3006 3380 3251 3451 ἐναντίον
3292 3380 3536 3468 φαίνεται
3666 3406 3730 3458 ὲν

2152 3477 2362 3540 τούτοις
2390 3477 2633 3551 λαλῆσαν
2657 3484 2837 3557 ἐαυτῷ
2884 3488 3115 3560 Πνεῦμα
3145 3508 3159 3522 ·
3189 3492 3324 3546 ἀλλὰ
3356 3497 3468 3557 τοῖς
3500 3494 3567 3569 Π.
3599 3496 3726 3572 τῆς]

2155 3567 2255 3637 μὲν
2282 3569 2350 3623 δι’
2386 3572 2678 3642 ὁμολογίας
2709 3577 2878 3650 μόνης
2920 3579 3241 3653 δικαιούσης
3273 3586 3365 3639 τὸν
3408 3567 3728 3658 προσιόντα,

2153 3663 2578 3753 είᾼπαραχρῆμα
2628 3669 2920 3744 ἀπηλλάγη
2969 3674 3065 3727 τοῦ
3097 3676 3215 3745 βίου
3269 3678 3464 3751 (τούτῳ
3513 3682 3620 3753 γὰρ
3664 3684 3732 3736 οὐ

2153 3751 2410 3822 πάρεισιν
2439 3754 2600 3827 ἔργα,
2651 3757 2767 3812 ἀλλ’
2805 3756 2873 3831 ἦν
2906 3764 3055 3835 αύτῷ
3102 3766 3284 3820 ἱκανὸν
3325 3771 3357 3839 ἡ
3388 3769 3477 3823 διὰ
3502 3751 3600 3824 τοῦ
3627 3773 3733 3843 βα-

2154 3845 2458 3936 πτίσματος
2490 3849 2780 3921 κάθαρσις)
2801 3866 2816 3881 ⁶
2862 3855 2964 3923 τῆς
2999 3854 3077 3922 δὲ,
3118 3858 3210 3911 τὸν
3240 3859 3357 3930 είδη
3389 3860 3452 3932 [Ῑ.
3483 3863 3605 3936 ἤδη]
3638 3863 3735 3935 βε-

2154 3933 2526 4009 ϐαπτισμένον
2559 3944 2901 4017 ἀπαιτούσης
2945 3950 3041 4004 καὶ⁵
3070 3952 3294 4021 ἀγαθῶν
3328 3933 3514 4023 ἔργων
3534 3933 3737 4012 ἐπίδει-

2153 4030 2259 4096 ξιν.
2290 4033 2479 4106 Τούτῳ
2512 4035 2567 4088 δὲ
2599 4037 2693 4090 καὶ
2734 4039 2944 4105 Παῦλος
2980 4048 3266 4113 συμφωνεῖ
3295 4048 3522 4119 ἑτέρωθι
3557 4050 3734 4119 λέγων

2154 4123 2319 4188 οὕτω,
2349 4126 2444 4180 καὶ
2475 4126 2744 4182 διδάσκων
2786 4131 2884 4202 τὴν
2932 4136 3072 4202 μετὰ
3110 4137 3170 4189 τὸ
3211 4137 3497 4209 βάπτισμα
3546 4142 3736 4197 πίστ.ν

2152 4219 2251 4290 τὴν
2273 4219 2361 4272 διὰ
2391 4220 2498 4272 τῶν
2532 4220 2710 4293 ἔργων
2737 4224 3018 4280 τελείωσιν
3047 4229 3320 4296 ἀπαιτεῖν,
3347 4233 3417 4286 δι’
3445 4226 3519 4287 ὧν
3542 4249 3732 4304 φησιν·

2159 4331 2177 4365 ι
2219 4312 2356 4367 Οὔτε
2384 4315 2677 4387 περιτομὴ,
2709 4316 2836 4371 οὗτε
2879 4319 3216 4389 ἀκροϐυστία
3254 4341 3308 4376 τι
3358 4325 3552 4394 ἰσχύει,
3594 4326 3739 4380 ἀλλὰ

2159 4405 2416 4469 πίστιςδι⁹
2442 4407 2660 4478 ἀγάπης
2674 4411 3060 4483 ἐνεργουμένη.
3094 4432 3113 4466 ι
3151 4414 3215 4467 Ἦ
3238 4414 3294 4468 δὲ
3322 4417 3509 4488 ἀγάπη
3530 4417 3740 4486 πολλῆς

2158 4499 2353 4569 σοφίας
2395 4500 2565 4554 δεῖται
2598 4503 2679 4565 είς
2714 4503 2774 4556 τὸ
2817 4504 3192 4577 πληρωθῆναι.
3241 4527 3260 4561 ι
3322 4510 3641 4565 Ἐπίστευσε
3676 4511 3743 4565 δὲ

2167 4594 2420 4666 ’Δσραάμ
2465 4595 2543 4666 τῷ
2571 4594 2713 4666 Θεῷ,
2750 4598 2844 4650 καὶ
2875 4599 3129 4670 ἐλογίσθη
3166 4600 3317 4672 αύτῷ
3356 4603 3439 4666 είς
3468 4602 3749 4656 δικαιοσύο
3838 4634 3847 4647 -

2154 4705 2274 4759 νην,
2313 4689 2408 4741 καὶ
2438 4687 2591 4757 φίλος
2636 4689 2771 4744 Θεοῦ
2806 4691 3034 4764 ἐκλήθη.
3092 4711 3110 4744 ι
3159 4694 3270 4765 Τῆς
3304 4697 3405 4765 μὲν
3449 4697 3515 4748 ἐκ
3566 4695 3743 4766 μόνης

2157 4780 2392 4845 πίστεως
2419 4781 2756 4845 δικαιώσεως
2780 4783 2944 4836 εἰκὼν
2974 4780 3087 4856 [ἦν]
3128 4785 3380 4856 Ἀϐραάμ
3400 4804 3413 4817 ·
3445 4784 3583 4858 [ὅτε]
3613 4786 3750 4839 επί-

2156 4888 2370 4939 στευσε,
2403 4892 2422 4925 ι
2462 4877 2556 4927 κα)⁸
2584 4873 2837 4942 ἐλογίσθη
2869 4875 3022 4946 αὐτῷ
3043 4878 3124 4939 είς
3145 4877 3498 4948 δικαιοσύνην
3516 4894 3530 4909 ο
3556 4877 3660 4947 τῆς
3679 4876 3751 4931 δὲ

2157 4964 2217 5030 ἐξ
2248 4963 2444 5033 ἔργων,
2484 4966 2573 5018 ὅτε
2614 4966 2705 5019 τὸν
2734 4966 2853 5020 υἱὸν
2884 4966 3185 5040 ἀνήνεγκεν
3214 4970 3308 5023 ἐπὶ
3341 4969 3402 5022 τὸ
3440 4971 3751 5042 θυσιαστή-

2163 5072 2296 5127 ρ.ον.
2334 5057 2444 5109 Καὶ
2491 5056 2600 5128 γὰρ
2631 5056 2693 5110 οὐ
2727 5057 2887 5129 μόνον
2915 5056 2975 5112 τὸ
3004 5057 3165 5130 ἔργον
3211 5059 3410 5126 ἐποίει,
3456 5058 3594 5114 ἀλλὰ
3642 5061 3753 5115 καὶ

2157 5149 2259 5218 τῆς
2299 5146 2533 5212 πίστεως
2565 5150 2665 5203 οὐκ
2693 5150 2904 5223 ἀπέστη
2947 5152 3049 5223 τῆς
3080 5153 3140 5207 ὲν
3180 5153 3387 5219 Ἰσαὰκ,
3429 5154 3512 5207 ὅτι
3547 5151 3753 5224 μέλλει

1696 5420 2008 5485 Bonifacii
2046 5420 2273 5484 Finetti
2315 5427 2504 5482 noue.

553 5589 666 5659 (τι)
727 5588 908 5643 Codex
969 5597 1159 5642 noster
1221 5601 1320 5656 pro
1369 5583 1545 5653 φίλος,
1604 5579 1828 5659 amicus,
1874 5576 2062 5659 habet.
2170 5576 2376 5659 gillius
2401 5575 2566 5659 ullam
2606 5574 2696 5628 hic
2733 5564 3764 5659 agnoscatflectipgisurarigtateglni

482 5650 692 5725 δοῦλος,
730 5675 907 5712 servus
936 5677 954 5724 ,-
979 5660 1126 5728 quod
1158 5650 1472 5725 ert-pungere
1498 5668 1608 5728 non
1642 5650 1913 5713 dubitavi,
1937 5657 2062 5702 tan-

2169 5647 2617 5703 Cummentarius
2685 5633 2794 5700 sub
2857 5643 3081 5698 nomine
3158 5634 3485 5696 tlicnmenii
3556 5633 3762 5689 editus

481 5713 692 5796 quam"
725 5713 950 5781 meram'
999 5713 1245 5781 'librarii'
1279 5713 1683 5782 ab'érrationem
1709 5762 1723 5788 ,
1780 5737 1905 5778 cum
1959 5734 2048 5774 nec

2175 5718 2374 5773 habeat
2399 5716 2573 5786 φίλος,
2614 5731 2721 5771 non
2761 5713 2966 5776 δοῦλος.
