4020 6214
539 301 673 365 1167

1451 293 2025 356 THEOPIIYLACTI
2065 291 2473 356 BULGARLE
2507 289 2862 350 ARCHIEP.

3660 285 3691 347 1
3706 284 3808 346 τος

612 413 774 466 Vens.
809 409 861 463 2i.
904 426 923 460 ι
960 407 1036 461 lta
1071 414 1123 462 et
1151 405 1333 478 lingua
1369 407 1645 459 modicum
1681 404 1903 475 quidem
1950 422 2116 460 mem-

2304 422 2323 456 ι
2346 402 2504 456 υῦτω
2525 402 2621 456 καὶ
2637 404 2671 472 ἡ
2690 401 2914 470 γλῶσσα
2944 396 3138 469 μικρὸν
3164 399 3324 469 μέλος
3354 397 3475 452 ἐστὶ
3525 404 3618 453 καὶ
3704 422 3807 469 με⁹

534 503 696 557 brum
742 508 847 562 est,
907 504 960 550 et
1013 511 1205 566 magna
1249 495 1475 551 exaltat.
1514 496 1676 559 Ecce,
1726 502 1965 563 quantus
2001 495 2112 559 (δὲ)

530 591 682 661 ignis
710 601 878 659 quam
906 600 1152 657 magnam
1184 586 1372 641 silvam
1416 584 1679 640 incendit.
1720 603 1738 636 ι
1785 612 1855 624 -
1892 603 1911 636 ι
1949 585 2034 639 lta
2062 595 2116 640 et

448 744 458 757 γ
533 686 744 753 lingua,
790 699 809 733 ι
847 681 949 734 boe
993 686 1101 747 est,
1135 678 1323 733 eodem
1362 678 1523 732 modo
1575 679 1737 732 etiam
1784 678 1967 747 lingua
1996 693 2115 732 mo-

537 774 650 829 veri
705 772 864 827 debet
906 772 1061 840 juxta
1119 771 1428 824 rationem:
1469 787 1488 821 ι
1524 771 1798 823 modicum
1851 771 1998 824 enim
2031 777 2116 822 est

538 866 888 927 membrum;
934 881 952 913 ι
989 869 1228 916 attamen
1285 876 1500 926 magna,
1563 859 1772 915 scilicet
1822 860 1906 913 vel
1952 861 2113 924 mala,

540 959 622 1013 vel
654 959 817 1021 bona,
863 956 1147 1024 operatur.
1187 952 1322 1007 Illud
1367 952 1511 1006 enim
1548 972 1566 1003 ι
1602 953 1799 1024 Magna
1849 953 2053 1006 exaltat
2092 970 2110 1002 ι

540 1050 683 1102 idem
719 1055 803 1101 est
840 1060 903 1099 ac
937 1059 1129 1113 magna
1172 1058 1337 1113 opera
1386 1050 1632 1113 praestat.

617 1137 777 1192 Vens.
808 1136 861 1190 6.
899 1155 919 1187 ι
959 1135 1022 1188 Et
1048 1134 1230 1203 lingua
1274 1133 1416 1200 ignis
1467 1141 1574 1196 est,
1612 1132 1851 1186 mundus
1879 1132 1991 1202 (35)
2016 1133 2118 1185 ini-

540 1229 790 1298 quitatis.
840 1226 1048 1295 Lingua
1084 1223 1444 1278 constituitur
1490 1223 1543 1276 in
1588 1224 1850 1276 membris
1888 1224 2115 1290 nostris,

537 1336 660 1389 quae
716 1317 958 1372 maculat
1008 1323 1183 1370 totum
1229 1327 1452 1383 corpus,
1504 1321 1559 1367 et
1592 1310 1893 1366 inﬂammat
1939 1321 2114 1366 rotam

538 1411 841 1468 nativitatis
888 1418 1088 1464 nostra:
1128 1404 1462 1461 inﬂammata
1510 1420 1540 1459 a
1592 1404 1862 1475 gelienna.
1901 1423 1919 1456 ι
1971 1402 2117 1459 Ordo

538 1505 804 1558 orationis
837 1502 925 1554 hic
957 1509 1041 1556 est
1070 1519 1083 1555 :
1112 1498 1187 1554 lta
1218 1508 1273 1553 ct
1311 1499 1494 1569 lingua
1525 1496 1763 1551 mundus
1790 1497 2114 1565 iniquitatis,

540 1595 684 1665 ignis
707 1601 811 1649 est;
844 1592 1153 1646 Sicutenim
1182 1591 1322 1661 ignis
1338 1590 1521 1644 omnia
1552 1588 1806 1654 destruit;
1836 1589 1916 1641 sic
1934 1588 2113 1642 etilla.

537 1685 643 1740 Per
672 1685 931 1738 mundum
983 1693 1165 1737 autem
1201 1682 1418 1751 quidem
1465 1682 1554 1734 hic
1596 1679 2001 1734 multitudinem
2034 1681 2119 1732 in-

2223 495 2514 563 γαλαυχεῖ.
2564 492 2698 545 Ἰδοὺ
2730 492 2910 558 ὀλίγον
2935 490 3068 561 πῦρ,
3094 489 3292 560 ἡλίκην
3313 488 3448 560 ὕλην
3483 491 3742 546 ἀνάπτει.
3778 513 3798 543 ο

2236 590 2403 655 ’Λντὶ,
2444 586 2648 639 Τοῦτον
2701 586 2790 639 τῦν
2817 583 3017 654 τρόπον
3039 582 3133 634 καὶ
3160 582 3194 652 ἡ
3216 581 3439 649 γλῶσσα
3478 581 3687 651 ὀφείλει
3716 601 3801 637 κι-

2222 680 2429 733 νεῖσθαι
2476 680 2622 730 κατά
2662 676 2883 744 τρόπον.
2943 694 2959 726 ι
2984 674 3197 743 Μικρὶν
3239 673 3348 741 γὰρ
3387 672 3544 741 μέλος
3567 673 3742 735 ἐστὶν,
3775 694 3795 725 ι

2222 772 2359 826 ἀλλὰ
2393 770 2605 839 μεγάλα
2632 768 2947 839 ἐργάζεται,
2983 766 3130 818 κακά
3165 763 3365 835 δηλαδὴ
3397 764 3492 818 καὶ
3525 766 3671 819 καλά
3693 782 3707 797 ⁸
3739 768 3797 819 τὸ

2222 863 2301 928 δὲ,
2351 882 2368 913 ι
2397 860 2768 928 Μεγαλαυχεί,
2788 878 2806 906 ι
2844 858 2963 910 ἀντὶ
2996 855 3110 922 τοῦ,
3145 854 3357 925 μεγάλα
3387 855 3525 926 ἔργα
3552 855 3692 925 ἔχει.

2300 1152 2320 1184 ο
2352 1133 2462 1186 Καὶ
2546 1133 2762 1200 γλῶσσα
2794 1130 2924 1201 πῦρ,
2949 1133 2976 1184 ὁ
2998 1130 3204 1198 κόσμος
3228 1128 3330 1197 τῆς
3356 1127 3584 1190 ἀδικίας.
3608 1127 3796 1189 Οῦτοτς

2224 1228 2257 1296 ἡ
2288 1226 2507 1294 γλῶσσα
2554 1225 2880 1279 καθίσταται
2913 1225 2970 1275 ὲν
3002 1224 3113 1285 τοῖς
3154 1222 3372 1290 μέλεσιν
3413 1221 3568 1290 ἡμῶν
3596 1223 3629 1289 ἡ
3673 1237 3792 1271 σπι-

2223 1318 2389 1373 λοῦσα
2417 1319 2537 1372 ὅλον
2566 1318 2624 1370 τὸ
2650 1318 2828 1387 σῶμα,
2861 1314 2954 1369 καὶ
2986 1313 3317 1382 φλογίζουσα
3350 1313 3440 1365 τὸν
3477 1314 3673 1382 τροχὸν
3707 1314 3797 1379 τῆς

2224 1407 2514 1474 γενέσεως,
2557 1407 2650 1459 καὶ
2692 1403 3057 1474 φλογιζομένη
3097 1404 3205 1457 ἀπὸ
3247 1402 3346 1471 τῆς
3397 1402 3641 1470 γεέννης.
3675 1422 3695 1454 ι
3730 1404 3796 1454 Τὸ

2224 1498 2350 1567 ἑξῆς
2369 1521 2384 1533 ο
2426 1497 2582 1550 Οὕτω
2615 1496 2710 1549 καὶ
2743 1498 2774 1563 ἡ
2800 1495 3020 1564 γλῶσσα
3053 1493 3148 1547 οὖν
3172 1496 3200 1546 ό
3223 1495 3426 1561 κόσμος
3456 1493 3554 1561 τῆς
3583 1494 3795 1555 ἀδικίας

2226 1590 2337 1660 πῦρ
2379 1592 2546 1643 ἐστιν.
2591 1588 2678 1651 Ὠς
2724 1587 2834 1656 γὰρ
2883 1586 2941 1639 τὸ
2981 1585 3092 1655 πῦρ
3136 1586 3386 1653 ἀφανίζει
3425 1586 3621 1649 πάντα,
3655 1585 3797 1638 οὕτω

2227 1682 2320 1735 καλ⁸
2364 1680 2526 1747 αὐτή.
2563 1679 2779 1747 Κόσμον
2812 1678 2867 1740 δέ
2907 1694 3052 1740 τινες
3091 1677 3329 1730 ἐνταῦθα
3372 1678 3434 1730 τὸ
3481 1678 3685 1747 πλῆθος
3721 1678 3796 1729 λέ-

537 1776 809 1846 te'ligunt,
867 1770 1326 1840 quemadmodum
1386 1777 1439 1824 et
1490 1771 1544 1823 in
1600 1785 1665 1825 eo
1710 1770 1830 1825 loco
1856 1769 1902 1802 "
1939 1786 1953 1822 :
1995 1788 2013 1821 ι
2059 1770 2116 1824 ΕΙ

2228 1791 2437 1843 γουσιν,
2473 1772 2660 1842 ὥσπερ
2704 1770 2797 1825 καὶ
2849 1773 2907 1824 ἐν
2956 1769 3051 1839 τῷ,
3095 1789 3113 1820 ι
3156 1769 3214 1822 '0
3266 1776 3469 1840 κόσμος
3502 1773 3668 1824 αὐτὸν
3697 1773 3797 1823 οὐκ

540 1866 783 1921 mundus
822 1879 944 1918 cum
990 1876 1099 1915 non
1153 1860 1429 1928 cognovit.
1472 1879 1489 1910 ι
1534 1858 1772 1917 Mundus
1821 1860 2007 1931 itaque
2042 1870 2125 1915 est

540 1961 702 2015 etiam
731 1957 897 2028 338
928 1956 1135 2023 lingua,
1170 1953 1273 2006 hoc
1303 1960 1386 2007 est
1434 1952 1744 2018 multitudo,
1775 1968 1872 2009 seu
1906 1954 2125 2008 univer-

541 2053 675 2107 sitas
706 2045 1010 2116 iniquitatis
1044 2043 1178 2116 (54).

615 2136 779 2191 Vens.
830 2135 886 2199 7,
914 2133 968 2187 8.
1020 2151 1039 2185 ι
1076 2130 1269 2187 Omnis
1318 2131 1461 2186 enim
1508 2141 1701 2188 natura
1743 2134 2039 2190 bestiarum
2071 2143 2125 2191 et

541 2230 824 2285 volucrum
866 2235 920 2282 et
958 2224 1293 2295 serpentium
1326 2232 1379 2278 et
1414 2225 1751 2279 marinorum
1781 2225 1895 2297 (55)
1931 2227 2123 2281 doma-

550 2328 639 2376 tur
665 2328 720 2375 et
749 2318 955 2373 domita
981 2328 1064 2371 est
1102 2330 1132 2370 a
1162 2323 1355 2370 natura
1390 2314 1650 2369 humana.
1685 2314 1951 2386 Linguam
2017 2334 2119 2373 au-

541 2422 648 2469 tem
679 2408 1155 2465 nullusbomimun
1186 2407 1409 2463 domare
1436 2415 1613 2478 potest
1640 2425 1653 2462 :
1681 2408 1983 2478 inquietum
2007 2409 2120 2482 (56)

541 2508 768 2568 uiarum,
804 2504 963 2572 plena
989 2514 1201 2554 veneno
1235 2497 1543 2553 mortifero.
1579 2516 1597 2549 ι
1630 2497 2121 2555 Conﬁrmatioba-c

541 2596 608 2649 ad
644 2595 898 2665 superius
929 2593 1071 2646 dicta
1095 2588 1381 2645 referenda
1403 2597 1507 2643 est.
1536 2588 1674 2644 Cum
1708 2590 1854 2644 enim
1890 2590 2121 2645 dixisset

542 2694 598 2740 et
627 2684 925 2747 ἀοιοιιίεεει,
974 2681 1119 2752 quod
1166 2697 1263 2752 per
1311 2680 1523 2735 frenum
1560 2690 1614 2737 et
1659 2682 2118 2751 gubernaculum,

540 2778 645 2834 etsi
678 2777 731 2831 in
757 2790 877 2831 sese
919 2789 1107 2844 parva,
1140 2773 1519 2837 nihilominus,
1544 2772 1589 2828 si
1636 2784 1779 2827 recte
1813 2773 2118 2828 adhibean-

542 2883 652 2932 tur.
698 2884 892 2939 magna
923 2877 975 2924 et
1010 2867 1270 2939 prasclara
1312 2866 1461 2932 nant,
1508 2882 1572 2922 ac
1608 2867 2004 2938 subjiinxisset,
2044 2867 2119 2922 ita

540 2971 594 3015 et
626 2961 864 3028 linguam
896 2967 1149 3027 oportere
1194 2966 1343 3011 recta
1388 2955 1603 3011 ratione
1629 2956 1938 3022 moderari;
1970 2971 2118 3011 nunc

541 3054 720 3107 allatis
747 3052 1012 3120 exenlplis
1039 3048 1301 3113 ostendit,
1339 3062 1398 3103 se
1442 3047 1758 3115 neutiquam
1798 3048 2117 3118 impossibi-

541 3147 614 3200 lla
649 3144 965 3214 prmcipere,
1004 3140 1228 3209 perinde
1265 3154 1328 3192 ac
1362 3139 1408 3193 si
1436 3138 1640 3192 diceret
1672 3155 1685 3190 :
1730 3136 1972 3210 Reponet
2008 3139 2120 3193 for-

545 3249 692 3292 tasse
715 3232 1014 3305 quispiam:
1041 3230 1277 3285 Tametsi
1296 3230 1480 3300 lingua
1511 3231 1786 3283 modicum
1813 3230 2119 3285 membrqu

544 3331 638 3391 sit,
667 3340 791 3379 cum
825 3332 1007 3376 tamen
1040 3336 1231 3393 magna
1280 3336 1375 3377 seu
1421 3320 1588 3389 bona,
1618 3335 1712 3376 seu
1749 3322 1890 3376 mala
1923 3336 2116 3391 opere-

546 3427 634 3469 tur
658 3454 674 3480 ,
708 3425 1051 3482 nequaquam
1087 3425 1147 3467 se
1185 3410 1295 3478 regi
1337 3410 1594 3480 patietur,
1634 3419 1692 3464 ut
1738 3411 2009 3467 volumus.
2052 3413 2116 3464 At

544 3506 591 3561 sl
620 3505 822 3558 bestias
855 3517 885 3555 α
917 3511 1106 3555 natura
1131 3515 1230 3557 sua
1253 3500 1458 3556 alienas
1482 3484 1867 3556 domatibomo
1894 3539 1909 3566 ,
1947 3503 2120 3573 multo

544 3596 718 3666 magis
750 3594 1055 3649 membrum
1104 3608 1263 3647 suum
1309 3593 1379 3646 ab
1422 3592 1542 3662 ipso
1572 3594 1780 3647 domari
1819 3608 2001 3662 posse,
2034 3591 2119 3646 di-

543 3688 777 3743 cendum
829 3693 934 3741 est.
995 3676 1263 3751 Quocitca
1318 3683 1491 3737 illud:
1552 3705 1570 3734 ι
1615 3683 1878 3753 Linguam
1935 3695 2115 3739 autem

543 3780 727 3834 nullus
778 3779 1059 3833 ltOminum
1106 3777 1334 3830 domare
1369 3782 1569 3844 potest,
1615 3792 1632 3824 ι
1676 3790 1784 3827 non
1824 3777 2112 3842 asset-tite,

541 3873 642 3929 sed
693 3886 790 3940 per
840 3869 1319 3938 interrogationem
1371 3866 1576 3920 dictum
1628 3880 1772 3931 esse,
1817 3869 2114 3936 putandum

539 3973 646 4029 est,
678 3973 737 4017 ut
782 3963 883 4016 iste
925 3962 999 4015 sit
1032 3975 1230 4015 sensus
1267 3975 1279 4011 :
1313 3956 1369 4011 Si
1407 3958 1569 4011 homo
1620 3955 1825 4012 ferocia
1860 3960 2114 4014 animalia

542 4052 924 4117 mansucfacit,
957 4066 1019 4106 ac
1049 4047 1358 4105 tractabilia
1386 4047 1535 4114 facit,
1566 4065 1665 4104 cur
1693 4049 1933 4121 linguam
1958 4068 2113 4108 suam

540 4151 765 4203 domare
801 4160 907 4199 non
957 4140 1199 4212 poterit?
1246 4140 1319 4197 Ita
1365 4157 1496 4196 sane
1538 4141 1844 4212 legendum.
1880 4144 1937 4198 Si
1971 4147 2112 4199 enim

540 4240 671 4294 illud
703 4233 997 4290 asserenda
1022 4232 1364 4303 protulisset,
1396 4231 1537 4284 baud
1564 4230 1846 4285 videretur
1877 4246 2116 4303 congrue

538 4348 601 4385 ea
644 4337 830 4398 postea
866 4339 999 4379 usus
1034 4324 1415 4377 adlortatiune
1449 4341 1462 4375 :
1499 4340 1518 4374 ι
1558 4321 1675 4376 Non
1723 4332 1962 4392 oportet,
1998 4325 2111 4376 fra-

2224 1863 2384 1931 εγνω.
2407 1882 2429 1914 ι
2457 1864 2673 1932 Κόσμος
2699 1860 2792 1916 οὖν
2820 1861 2913 1915 καὶ
2936 1862 2966 1930 ἡ
2997 1860 3240 1929 γλῶσσα,
3275 1859 3415 1914 τοῦτ’
3446 1862 3556 1914 ἐστι
3584 1861 3798 1930 πλῆῦςις

2225 1955 2462 2020 ἀδικίας.

2300 2157 2320 2191 ι
2340 2140 2499 2193 Πᾶσα
2542 2138 2652 2210 γὰρ
2676 2138 2837 2208 φύσις
2870 2138 3076 2209 θηρίων
3114 2139 3207 2192 καὶ
3233 2138 3498 2206 ἑρπετῶν,
3529 2140 3797 2190 πετεινῶν

2223 2247 2280 2283 τε
2303 2231 2397 2283 καὶ
2423 2230 2671 2294 ἐναλίων,
2705 2230 3010 2299 δαμάζεται
3052 2232 3144 2283 καὶ
3174 2230 3503 2297 δεδάμασται
3535 2233 3602 2299 τῇ
3636 2229 3799 2297 φῦσει

2210 2324 2287 2393 τῇ
2329 2322 2669 2395 ἀνθρωπίνῃ.
2706 2324 2819 2394 Τὴν
2857 2323 2914 2376 δὲ
2953 2322 3208 2391 γλῶσσαν
3249 2321 3423 2384 οὐδεὶς
3455 2322 3679 2375 δύναται
3711 2324 3802 2375 ἀνα

2224 2412 2460 2483 θρώπων
2496 2414 2757 2483 δαμάσαι.
2794 2416 3188 2484 Ἀκατάσχετον
3244 2415 3443 2467 κακόνο
3505 2414 3677 2484 μεστὴ
3721 2413 3799 2466 ίοῦ

2225 2500 2627 2576 θανατηφόρου.
2656 2522 2676 2556 ›
2708 2504 2791 2557 Τά
2818 2506 2916 2573 τῆς
2956 2504 3287 2571 αἰτιολογίας
3317 2503 3518 2572 ταύτης
3555 2506 3700 2574 πρὸς
3733 2505 3800 2556 τά

2222 2594 2333 2648 ἀνω
2378 2596 2642 2666 εἰρημένα
2685 2596 3002 2649 ἀκουστέον.
3035 2595 3219 2649 Είπὼν
3274 2595 3383 2665 γὰρ
3432 2597 3528 2649 καὶ
3575 2593 3801 2659 διδάξας

2223 2686 2315 2741 διὰ
2371 2686 2466 2741 τοῦ
2514 2687 2757 2758 χαλινοῦ,
2791 2688 2879 2742 διὰ
2927 2688 3021 2741 τοῦ
3076 2687 3357 2753 πηδαλίου,
3390 2687 3426 2740 ἃ
3462 2687 3636 2757 μικρά
3697 2686 3801 2755 μέν

2223 2778 2360 2838 ἔστι,
2411 2777 2623 2846 μεγάλα
2688 2775 2745 2829 δὲ
2793 2776 3051 2846 κατορθοῖ
3097 2775 3279 2841 καλῶς
3337 2775 3651 2843 κινούμενα,
3700 2777 3800 2828 καὶ.

2223 2867 2551 2936 ἐπενέγκας,
2604 2869 2687 2921 ὃτι
2718 2866 2861 2920 οὕτω
2890 2868 2984 2921 καὶ
3012 2868 3044 2936 ή
3070 2864 3292 2933 γλῶσσα
3325 2866 3527 2935 ὀφείλει
3559 2866 3802 2935 μετάγε-

2225 2958 2350 3011 σθαι
2378 2956 2457 3027 τῴ
2484 2956 2631 3029 ὀρθῷ
2661 2958 2827 3029 λόγῳ,
2859 2957 3101 3012 δείκνυσι
3147 2956 3235 3010 διὰ
3263 2956 3371 3009 τῶν
3406 2957 3691 3027 παρόντων
3720 2956 3799 3019 ὡς

2221 3051 2322 3106 οὐκ
2351 3050 2591 3105 ἀδύνατα
2623 3052 2954 3123 προστάσσει
2988 3050 3075 3103 διὰ
3106 3050 3215 3103 τῶν
3253 3050 3628 3125 ὑποκειμένων
3657 3051 3802 3102 ὐπο-

2223 3144 2553 3214 δειγμάτων.
2594 3147 2806 3216 Ὠσπερ
2861 3145 2911 3197 εί
2968 3145 3184 3212 ἔλεγεν·
3235 3144 3374 3198 Ἀλλ’
3407 3146 3524 3213 ἐρεῖ
3548 3161 3655 3207 τις,
3711 3144 3800 3195 ὅτι

2222 3236 2324 3287 κᾶν
2358 3236 2554 3306 μικρὸν
2588 3236 2749 3305 μέλος
2779 3237 2811 3306 ἡ
2836 3236 3082 3305 γλῶσ;α,
3110 3235 3226 3288 ἀλλ’
3253 3234 3345 3288 οὖν
3376 3233 3589 3305 μεγάλα
3631 3235 3806 3303 ἐργα-

2221 3323 2425 3397 ζομένη
2474 3327 2614 3379 καλὰ
2670 3328 2764 3379 καὶ
2799 3328 2966 3389 κακὰ,
2998 3328 3097 3380 οὐκ
3144 3326 3400 3397 εὐπειθής
3434 3328 3548 3379 ἐστι
3598 3328 3799 3397 πρὸςά

2222 3416 2547 3486 βουλόμεθα.
2589 3417 2757 3471 Οὐδὲν
2798 3418 2957 3471 τοῦτο
3001 3418 3139 3489 πρὸς
3183 3416 3498 3485 ἀπολογίαν.
3555 3417 3623 3469 Ei
3682 3418 3795 3485 γὰρ

2220 3508 2465 3560 ἀνοίκεια
2502 3511 2567 3578 τῇ
2603 3508 2798 3562 ἑαυτοῦ
2850 3507 3009 3577 φύσει
3043 3508 3275 3578 δαμάζει
3315 3510 3345 3560 ό
3374 3507 3661 3577 ἄνθρωπος
3691 3506 3798 3575 θη-

2222 3603 2336 3673 ρία,
2370 3603 2551 3673 πολλῷ
2609 3605 2809 3674 μᾶλλον
2864 3606 2925 3659 τὸ
2964 3604 3160 3658 ἑαυτοῦ
3220 3603 3402 3675 μέλος.
3438 3621 3456 3654 ι
3483 3602 3673 3665 Οὐδεὶς
3708 3604 3802 3655 ἀν·

2222 3689 2454 3759 θρώπων
2510 3694 2732 3747 δύναται
2782 3693 3105 3764 δαμάσαι,ι
3173 3692 3426 3764 μὴκατὰ
3487 3694 3801 3761 ἀπόφανσιν

2220 3781 2613 3850 ἀναγνωστέον,
2654 3783 2789 3835 ἀλλά
2836 3783 2953 3836 κατ’
2987 3784 3366 3853 ὲπαπόρησινο
3401 3783 3486 3836 ἵνα
3580 3781 3798 3845 061w;-

2220 3876 2284 3927 Ei
2312 3875 2379 3927 τὰ
2410 3875 2681 3929 άτὶθασσα
2737 3873 2951 3946 [θηρία]
2992 3874 3279 3944 ἄνθρωπος
3315 3872 3647 3945 [τιθασσεύει
3672 3874 3797 3946 καὶ]

2220 3965 2481 4036 χειροήθη
2516 3966 2678 4028 ποιεῖ,
2715 3966 2823 4034 ἀρα
2859 3964 2957 4034 τὴν
2974 3961 3170 4017 ἑαυτοῦ
3202 3964 3457 4031 γλῶσσαν
3487 3964 3548 4016 οὐ
3597 3963 3672 4033 μὴ
3704 3963 3803 4016 δα-

2222 4058 2416 4127 μάσει;
2452 4056 2641 4120 Οὕτως
2682 4056 3080 4124 ἀναγνωστέον.
3125 4057 3187 4109 Εἰ
3240 4058 3348 4127 γὰρ
3371 4058 3511 4110 κατά
3546 4056 3803 4123 ἀποφαν-

2221 4166 2325 4211 σιν,
2360 4150 2460 4202 οὐκ
2498 4149 2563 4202 ἂν
2609 4147 2734 4219 δόξῃ
2776 4148 2958 4212 καλῶς
2998 4149 3201 4219 προῖὼν
3230 4148 3531 4219 κεχρῆσθαι
3564 4147 3643 4218 τῷ
3669 4165 3803 4201 νουσ-

2219 4240 2515 4311 Οετήματι·
2540 4239 2680 4307 λέγω
2708 4239 2763 4291 δὲ
2785 4239 2884 4310 τῷ,
2907 4258 2925 4291 ι
2955 4238 3033 4294 Οὐ
3057 4240 3184 4310 χρὴ,
3215 4238 3434 4308 ἀδελφοί
3462 4257 3583 4309 μου,
3615 4239 3802 4293 ταῦτα⁵

2217 4331 2360 4384 οὕτω
2415 4330 2723 4398 γίνεσθαι.»
2785 4331 2847 4385 Εἰ
2892 4331 3003 4401 γὰρ
3048 4330 3311 4385 ἀδύνατον
3373 4331 3471 4401 τὴν
3533 4330 3799 4398 γλῶσσαν

538 4433 651 4476 tres
685 4420 811 4484 mei,
847 4419 958 4470 Inrc
1002 4415 1073 4470 ita
1118 4416 1257 4471 ﬁeri.
1309 4435 1328 4467 ι
1365 4415 1421 4468 Si
1454 4414 1599 4468 enim
1642 4416 1981 4485 impossibile
2009 4422 2111 4480 est,

2224 4421 2653 4491 μετσρυομίσαι,
2687 4419 2759 4491 [ό]
2792 4420 3077 4483 ἀδυνάτοις
3123 4422 3421 4490 ἐπιχειρεῖν
3453 4420 3798 4492 [παραινῶν]

538 4518 777 4586 linguam
814 4514 879 4568 ad
909 4519 1113 4567 rectam
1151 4522 1401 4562 normam
1429 4506 1665 4576 dirigere
1692 4545 1706 4569 ,
1737 4522 2018 4577 perperam
2046 4508 2111 4560 ad

539 4604 592 4658 id
642 4606 953 4657 hortaretur
986 4618 998 4654 τ
1031 4600 1123 4669 qui
1168 4598 1312 4652 enim
1354 4596 1716 4667 impossibilia
1766 4600 1979 4658 suadet,
2026 4599 2112 4651 iu-

534 4711 757 4751 eassum
794 4694 1009 4751 suadet.
1043 4691 1177 4745 Illud
1206 4699 1384 4745 autem
1425 4711 1443 4742 ι
1471 4689 1823 4746 lncocreibile
1856 4691 2059 4743 malum
2087 4709 2107 4742 ι

537 4786 875 4842 enuntiative
901 4784 1108 4838 dictum
1144 4781 1553 4852 intelligendum
1583 4789 1687 4837 est.

522 4870 527 4875 ’
615 4875 777 4931 Vens.
809 4875 960 4931 9-12.
997 4893 1015 4925 ι
1061 4873 1116 4928 ln
1162 4875 1274 4945 ipsa
1310 4872 1687 4928 benedicimus
1717 4872 1886 4929 Deum
1923 4880 1978 4926 et
2006 4869 2111 4925 Pa-

537 4981 697 5033 trcm,
726 4980 780 5024 et
817 4968 869 5021 in
908 4968 1023 5036 ipsa
1072 4966 1449 5021 maledicimus
1496 4966 1768 5025 homines.
1800 4965 1892 5033 qui
1935 4963 2001 5017 ad
2036 4962 2113 5017 si-

539 5061 899 5141 mizitudinem
938 5058 1032 5113 Dei
1086 5057 1209 5113 facti
1261 5066 1409 5112 sunt.
1458 5055 1534 5109 Ex
1588 5044 1707 5124 ipso
1742 5070 1836 5109 ore
1868 5051 2114 5122 procedit

540 5155 846 5210 benedictio
874 5162 923 5207 et
971 5152 1302 5206 maledirtio.
1343 5148 1458 5203 Non
1486 5155 1722 5217 opertet,
1759 5146 1955 5200 fratres
1981 5144 2108 5210 mei,

613 5336 658 5369 ’⁵
691 5334 853 5389 Joan.
902 5349 943 5399 I,
977 5333 1063 5387 10.

2219 4516 2319 4567 οὐκ
2376 4513 2590 4581 ἀσφαλῆ
2622 4510 2724 4581 τὴν
2765 4512 3089 4582 παραίνεσιν
3130 4516 3292 4576 ποιεῖ,
3320 4512 3543 4583 φήσειέν
3568 4529 3676 4573 τις.
3711 4513 3797 4565 Τὸ

2216 4603 2289 4667 δὲ,
2340 4622 2357 4653 ι
2395 4603 2792 4672 ’Δκατάσχετον
2841 4603 3043 4656 κακόν·
3104 4606 3275 4672 μεστὴ
3331 4601 3412 4655 ίοῦ
3485 4602 3803 4673 θανατηφό-

2218 4711 2335 4764 ρου,
2365 4710 2384 4743 ι
2428 4691 2568 4745 κατὰ
2595 4692 2900 4760 ἀπόφανσιν
2924 4692 3329 4763 προσενεκτέον.

2294 4886 2312 4921 ι
2348 4869 2435 4920 Ἐν
2470 4868 2606 4938 αὐτῇ
2650 4867 2980 4939 εὐλογοῦμεν
3002 4868 3094 4922 τὸν
3124 4870 3256 4939 Θεὸν
3296 4852 3390 4923 καὶ
3420 4871 3660 4941 Πατέρα,
3695 4876 3804 4926 καὶ

2216 4960 2274 5011 ὲν
2321 4961 2457 5027 αὐτῇ
2512 4959 2885 5030 καταρώμεθα
2927 4961 3053 5024 τοὺς
3108 4961 3434 5031 ἀνθρώπους
3478 4964 3604 5024 τοὺς
3662 4963 3804 5016 καθ’

2215 5050 2474 5119 ὁμοίωσιν
2515 5050 2652 5103 Θεοῦ
2703 5052 3015 5119 γεγονότας.
3062 5053 3157 5106 Ἐκ
3186 5053 3279 5105 τοῦ
3315 5052 3479 5106 αὐτοῦ
3516 5054 3804 5123 στόματος

2215 5146 2495 5215 ἐξέρχεται
2516 5144 2735 5213 εὐλογία
2766 5146 2859 5199 καὶ
2890 5144 3126 5214 κατάρα.
3154 5145 3230 5197 Οὔ
3263 5145 3390 5216 χρὴ,
3422 5145 3640 5215 ἀδελφοί
3660 5163 3802 5217 μου,

1754 5418 2055 5482 Bonifacli
2102 5418 2326 5481 Finetti
2376 5426 2563 5480 nolle.

609 5545 719 5614 (32)
761 5546 983 5601 Graccus
1009 5544 1172 5598 habet
1202 5542 1403 5611 ὀλίγον,
1440 5540 1694 5597 modicus.

610 5612 723 5684 ('53;
768 5617 1026 5685 Vulgatus
1064 5617 1331 5683 interpres
1384 5616 1576 5677 vertit,
1630 5613 1976 5683 universitas,
2038 5612 2105 5667 ad

542 5695 761 5738 sensum
795 5687 967 5751 magis
991 5698 1151 5750 quam
1181 5685 1246 5737 ad
1277 5699 1462 5739 vocem
1499 5685 1819 5755 respiciens.

2288 5543 2400 5615 (51)
2440 5544 2583 5617 Curti
2619 5542 2977 5617 bicproprio
3014 5544 3069 5617 in
3109 5545 3238 5599 loco
3282 5554 3588 5616 expuuntur
3651 5549 3805 5617 quid

2214 5614 2540 5691 sitmundus
2571 5616 2888 5691 iniquitatis,
2912 5615 3164 5691 profecto
3186 5632 3308 5691 qua:
3338 5614 3465 5673 ante
3495 5634 3543 5671 ι’.
3578 5618 3609 5671 4
3645 5614 3806 5687 litie-

2215 5688 2381 5740 cessit
2418 5687 2692 5752 expositio
2717 5688 2955 5739 asellitta
2983 5701 3106 5742 t‘Sse
3137 5689 3319 5741 debet.
