4020 6214
533 228 662 329 iiii
1444 256 2021 324 THEOPHYLACTI
2060 264 2153 324 BU
2164 264 2466 324 LGARUE
2498 261 2852 325 ARCHIEP'.
3618 266 3763 328 1172

532 377 907 435 limulatione.
940 373 1177 433 Fructus
1223 385 1402 433 autem
1436 376 1663 445 iustitia:
1703 377 1754 430 in
1783 392 1916 448 pace
1943 374 2103 430 semi-

2209 377 2452 431 ποιοῦσιν
2479 377 2722 448 εἰρήνην.
2746 397 2765 429 ι
2803 376 3033 447 Καθαρὰ
3061 376 3155 431 καὶ
3194 372 3498 448 ἀρῦπαρος,
3536 377 3770 447 μηδενὸς

536 480 700 526 natur
730 469 1061 524 facientibus
1095 481 1307 540 pacem.
1352 487 1371 520 ι
1403 468 1586 531 Casta,
1619 469 1723 524 hoc
1770 478 1853 523 est
1884 482 2015 537 pura
2046 476 2102 520 ct

2203 469 2314 523 τῶν
2343 469 2624 539 σαρκικῶν
2653 470 3010 539 ἀντεχομένη.
3047 485 3066 519 ι
3103 467 3459 537 Ἀδιάκριτος,
3491 485 3510 518 ι
3540 468 3615 537 μὴ
3646 467 3769 519 δια-

535 563 743 631 absque
772 560 1009 623 macula,
1045 561 1177 615 nulli
1209 561 1285 615 rei
1329 561 1535 617 earnali
1581 561 1887 615 adhazrens.
1929 578 1947 609 ι
1982 556 2098 611 Non

2205 560 2462 627 κρίνουσα
2508 561 2921 631 παρατηρήσεις
2981 559 3288 631 βρωμάτων
3340 558 3438 611 καὶ
3490 557 3770 627 διαφόρων

528 655 804 724 judicans,
837 674 857 707 ι
900 655 1005 709 hoc
1043 664 1148 719 est,
1180 671 1288 710 non
1322 655 1645 711 discernens
1689 653 2102 710 observationes

2205 651 2546 723 βαπτισμῶν.
2591 652 2856 724 ’ἀκριϐῶς
2889 652 2945 706 δὲ
2975 652 3105 721 περὶ
3153 650 3359 705 τούτων
3402 650 3461 703 ὲν
3510 650 3577 719 τῇ
3633 650 3771 719 πρὸς

534 743 780 798 ciborum
808 753 860 799 et
894 746 1167 809 variarum
1195 745 1480 800 lotionum.
1514 738 1784 798 Accurale
1824 756 2004 797 autem
2034 734 2102 795 de

1564 738 1784 798 ccurate
1824 756 2004 797 autem
2034 734 2102 795 de
2205 742 2542 808 Κολασσαεῖς
2587 744 2896 812 διαλέγεται
2922 743 3150 806 Παῦλος.

535 835 621 891 his
643 834 863 891 disserit
896 835 1096 891 Paulus
1125 837 1179 889 in
1203 835 1443 904 Epistola
1478 831 1541 891 ad
1560 836 1931 891 Colossenses.

1013 981 1016 985 .
1129 926 1356 982 CAPUT
1404 925 1493 982 IV.

2821 917 3071 972 ΚΕΦΑΛ.
3107 916 3180 971 Δ⁹.

605 1013 773 1070 Vatis.
808 1017 859 1071 l.
898 1034 917 1068 ι
955 1004 1109 1073 Unde
1159 1018 1299 1073 bella
1344 1029 1396 1073 et
1433 1020 1555 1075 lites
1593 1020 1647 1074 in
1688 1020 1886 1075 vobis?
1910 1019 2103 1076 Nonne

2281 1028 2299 1062 ι
2331 1011 2500 1065 Πόθεν
2546 1010 2791 1080 πόλεμοι,
2833 1012 2928 1063 καὶ
2965 1010 3128 1064 πόθεν
3152 1009 3323 1081 μάχαι
3365 1025 3422 1062 εν
3449 997 3619 1078 apta;
3658 1006 3767 1059 03:

538 1102 703 1160 hinc?
756 1105 834 1159 Ex
882 1107 1255 1176 voluptatibus
1287 1108 1401 1178 (39)
1434 1109 1657 1173 vestris,
1707 1124 1828 1178 quae
1866 1109 2104 1163 militant

2204 1103 2473 1167 ἐντεῦθεν,
2510 1105 2574 1155 ὲκ
2603 1101 2713 1155 τῶν
2762 1101 2964 1170 ἡδονῶν
2996 1101 3168 1166 ὑμῶν,
3200 1101 3309 1154 τῶν
3329 1098 3770 1169 στρατευομένων

537 1195 592 1250 in
625 1195 887 1252 membris
925 1197 1146 1253 vestris.
1187 1217 1206 1250 ι
1240 1196 1515 1264 Ostendit,
1563 1198 1706 1268 quod
1754 1199 1966 1254 etiamsi
2004 1200 2103 1253 do-

2205 1194 2263 1247 ἐν
2284 1194 2394 1254 τοῖς
2426 1191 2640 1262 μέλεσιν
2664 1192 2848 1259 ὑμῶν;
2879 1210 2897 1242 ι
2927 1189 3230 1255 Δείκνυσιν,
3254 1190 3330 1254 ὡς
3363 1188 3468 1243 κᾶν
3497 1185 3770 1245 ὑποπλάτί

535 1294 714 1339 ctores
762 1298 882 1340 sese
927 1298 1050 1341 esse
1106 1287 1450 1357 pertendant,
1487 1291 1584 1343 toti
1628 1298 1807 1343 tamen
1858 1289 2105 1343 carnales

2204 1300 2403 1336 τωνται
2438 1282 2593 1350 λόγον
2621 1280 3017 1342 διδασκαλικὸν.
3049 1281 3197 1350 ὅμως
3228 1279 3338 1333 ὃλοι
3370 1278 3617 1350 σαρκικοί
3641 1278 3771 1339 εισι,

537 1374 667 1439 sint,
694 1383 748 1429 ct
785 1377 1021 1445 pessima
1073 1387 1390 1446 operentur,
1434 1378 1804 1448 vulupt:=tibus
1847 1395 1967 1435 sese
1996 1390 2104 1434 tra-

2208 1368 2323 1446 [καὶ
2369 1373 2437 1426 τὰ
2487 1372 2853 1443 χαλεπώτατα
2893 1368 3268 1442 πράττουσιν,]
3316 1369 3507 1439 ἡδονὰς
3563 1370 3773 1429 ἑαυτοῖς

538 1466 771 1531 dentes;
804 1475 857 1521 et
904 1467 995 1521 alii
1048 1470 1262 1538 quidem
1318 1486 1517 1525 mensa:
1557 1472 1890 1527 delicatioris
1947 1471 2106 1540 (quos

2206 1465 2586 1535 ποριζόμενον
2637 1465 2687 1517 οἱ
2745 1463 2864 1532 μὲν,
2915 1462 3218 1532 ἁδροτέρας
3277 1459 3551 1531 τραπέζης
3588 1457 3775 1528 (ὃκαὶ

540 1552 740 1613 Paulus
769 1559 1089 1629 vituperans
1128 1560 1266 1614 ait’9
1307 1578 1320 1614 :
1350 1579 1369 1606 ι
1419 1561 1741 1631 llujusmodi
1772 1562 1914 1616 enim
1944 1560 2105 1616 Chri-

2207 1551 2419 1620 Παῦλος
2470 1553 2896 1622 καταγινώσκων
2960 1554 3160 1624 φησίνο
3205 1552 3314 1605 «Οἱ
3366 1552 3476 1621 γὰρ
3541 1549 3775 1603 τοιοῦτοι

538 1652 623 1701 sto
648 1647 877 1703 Domino
914 1657 1102 1704 nostro
1132 1666 1240 1704 non
1269 1653 1535 1716 serviunt,
1574 1651 1669 1707 sed
1698 1667 1799 1708 suo
1830 1651 2053 1715 ventri),
2079 1668 2096 1701 ι

2208 1648 2286 1718 τῷ
2317 1648 2504 1718 Κυρίῳ
2537 1648 2597 1700 ού
2627 1646 2993 1708 δουλεύουσιν,
3025 1644 3161 1700 ἀλλὰ
3179 1647 3245 1715 τῇ
3265 1643 3477 1697 ἑαυτῶν
3501 1642 3770 1714 κοιλὶᾳγι

539 1736 633 1789 alii
693 1752 823 1791 vero
888 1739 1255 1807 possessionis
1320 1740 1483 1812 340
1523 1756 1777 1810 agrorum
1831 1748 1959 1793 sunt
2014 1754 2112 1793 cu-

2210 1738 2258 1790 ol
2285 1737 2362 1802 δὲ,
2399 1737 2648 1806 κτήσεως
2688 1735 2874 1804 ἀγρῶν
2902 1733 3219 1804 ὀρεγόμενοι
3239 1746 3253 1761 ο
3283 1732 3481 1800 ἕτεροι,
3505 1730 3777 1801 λαμπρῶν

540 1827 688 1896 pidi;
727 1827 817 1880 alii
864 1827 1176 1897 splendidas
1222 1828 1412 1884 domos
1445 1832 1711 1896 ambiunt,
1756 1819 1810 1884 et
1840 1831 1931 1885 alii
1962 1831 2110 1886 aliud

2209 1826 2396 1878 οἰκιῶν
2417 1840 2430 1854 ·
2464 1824 2624 1887 ἄλλος
2655 1817 2781 1878 ἄλλο
2826 1840 2878 1876 τι
2911 1823 3038 1892 περὶ
3072 1821 3107 1876 ἃ
3151 1823 3179 1875 6
3203 1820 3437 1889 πονηρὸς
3462 1819 3782 1888 ὑποτίθησιν

539 1920 823 1990 quidpiam
849 1928 910 1974 ex
944 1920 1034 1986 iis,
1063 1927 1181 1989 quae
1218 1920 1355 1989 ipsis
1382 1922 1655 1991 malignus
1682 1924 1924 1991 suggerit
1956 1925 2114 1993 spiri-

2211 1919 2401 1978 αὐτοῖς
2434 1915 2712 1986 ἁποσυλᾷν
2750 1913 2948 1976 αὐτοὺς
2981 1909 3427 1985 [μηχανώμενος]
3454 1913 3549 1982 τῆς
3586 1926 3776 1963 σωτη-

540 2022 654 2076 tus,
695 2026 912 2064 omnem
942 2019 1202 2066 Conatum
1252 2012 1539 2079 adhibens,
1583 2020 1641 2066 ut
1670 2022 1925 2069 aeternam
1963 2016 2110 2070 salu-

1455 2029 1539 2079 us,
1583 2020 1641 2066 ut
1670 2022 1925 2069 aeternam
1963 2016 2110 2070 salu-
2211 2009 2332 2078 ρίας
2365 2006 2566 2061 αὐτῶν.
3033 2005 3036 2009 ’

541 2102 649 2156 tem
686 2100 928 2169 ipsorum
956 2099 1319 2170 depraedetut‘.

526 2254 529 2259 ι
613 2190 780 2246 Vens.
810 2190 865 2244 2.
906 2210 924 2243 ι
959 2191 1362 2261 Concupiscitis
1389 2192 1443 2247 et
1472 2207 1577 2247 nou
1610 2184 1820 2247 habetis
1857 2212 1871 2247 :
1907 2192 2112 2248 occidi-

2287 2209 2306 2242 ι
2344 2187 2715 2257 Ἐπιθυμεῖτε,
2764 2186 2858 2240 καὶ
2906 2184 3008 2239 οὐκ
3058 2184 3238 2255 execr
3271 2182 3525 2253 φονεύετε
3556 2180 3648 2235 καὶ
3681 2179 3782 2250 ζηδ

491 2342 499 2351 _
541 2283 636 2349 tis,
669 2291 723 2337 et
769 2282 994 2350 zelatis;
1032 2292 1086 2338 ct
1143 2300 1252 2340 non
1286 2286 1517 2361 potestis
1562 2283 1792 2356 adipisci
1825 2305 1838 2340 :
1870 2285 2078 2356 litigatis

2210 2282 2386 2341 λοῦτε.
2415 2282 2511 2335 καὶ⁸
2558 2280 2620 2333 οὐ
2675 2278 2903 2334 δύνασθε
2950 2278 3257 2361 επιτυχετν·
3289 2274 3526 2347 μάχεσθε
3556 2273 3650 2327 καὶ
3683 2291 3784 2325 ποι

540 2384 594 2429 et
626 2374 995 2446 belligeratis:
1038 2381 1092 2430 et
1134 2388 1242 2429 non
1286 2359 1520 2438 habetis,
1560 2384 1784 2446 prapter
1824 2376 1967 2446 quod
2002 2394 2109 2432 non

2210 2376 2450 2443 λεμεῖτε,
2481 2371 2576 2426 καὶ
2606 2372 2704 2424 ούκ
2734 2369 2908 2440 ἔχετε,
2937 2359 3024 2421 διὰ
3052 2368 3113 2421 τὸ
3167 2367 3242 2438 μὴ
3281 2365 3545 2419 αἰτεῖσθαι
3579 2364 3781 2434 ὑμᾶς.»

543 2466 848 2537 postulatis.
879 2485 898 2518 ι
936 2466 1039 2522 Per
1091 2468 1504 2525 atlirmationem
1549 2480 1604 2526 et
1645 2472 1980 2541 negationem
2021 2473 2112 2528 hic

2211 2469 2368 2524 Κατὰ
2398 2468 2547 2520 θέσιν
2572 2465 2665 2520 καὶ
2694 2464 2856 2535 ἄρσιν
2890 2461 3126 2532 πρόεισι,
3161 2460 3262 2529 τῆς
3294 2458 3494 2520 θέσεως
3520 2458 3786 2524 ἀναιῳυ-

540 2558 809 2628 procedit.
839 2556 1197 2614 aﬂirmation’c
1218 2559 1432 2615 sublata
1451 2568 1672 2632 propter
1690 2562 2104 2618 absurditatem.

2215 2558 2384 2628 μένης
2410 2557 2497 2610 διὰ
2535 2555 2595 2608 τδ
2634 2554 2853 2607 ἄτοπον.
2889 2549 2986 2623 [Τὸ
3024 2549 3080 2603 δὲ
3113 2549 3331 2613 ἄτοπον,
3376 2547 3465 2600 διὰ
3495 2545 3553 2598 τὸ
3581 2544 3784 2613 ἡδονῆς

541 2649 870 2707 Absurditas
897 2665 1028 2707 vero
1054 2651 1106 2706 in
1138 2666 1203 2707 eo
1249 2652 1426 2721 posita
1456 2661 1562 2719 est,
1613 2654 1758 2721 quod
1811 2669 1872 2709 ea
1903 2670 2024 2725 quae.
2055 2655 2110 2709 in

2214 2647 2614 2719 ὑπεκκαύματα
2648 2646 2862 2718 μέλλειν
2901 2640 3116 2696 ἔσεσθαι
3158 2640 3226 2694 τά
3259 2639 3351 2693 ἐπὶ
3400 2640 3466 2707 τῇ
3510 2636 3654 2690 θέσει
3696 2636 3786 2686 ὲν-

541 2743 903 2799 alIirmatione
946 2743 1383 2811 considerantur,
1415 2726 1525 2801 sint
1575 2736 1929 2820 incitamctita
1960 2745 2113 2802 volu-

2213 2736 2611 2811 θεωρούμενα.]
2649 2737 2712 2790 ‘ll
2742 2736 2852 2807 γὰρ
2878 2732 3141 2804 ἐπιθυμία
3167 2733 3224 2785 ὲν
3251 2730 3450 2803 ἡδονῶν
3481 2725 3788 2820 ὲπᾼιτελέςει

540 2837 732 2905 ptatis.
753 2837 1207 2908 Concupiscentia
1233 2840 1377 2893 enim
1408 2838 1461 2892 in
1492 2838 1831 2908 voluptatum
1859 2817 2112 2894 consum-

2220 2829 2653 2901 ἀποτελευτᾷ.”0
2678 2846 2739 2882 τε
2770 2828 2949 2898 φόνος.
2978 2826 3073 2879 καὶ
3102 2824 3284 2893 ζῆλος,
3310 2822 3400 2874 καὶ
3430 2821 3462 2890 ἡ
3494 2818 3664 2889 μάχη,
3690 2817 3790 2870 καὶ

542 2929 785 2985 matiune
815 2928 1042 2994 desinit,
1091 2937 1145 2984 et
1196 2930 1396 2996 caedes,
1429 2940 1484 2985 et
1529 2930 1700 2994 zelus,
1734 2938 1789 2985 et
1826 2945 2028 3002 pugna,
2060 2937 2113 2986 et

2214 2930 2241 2981 6
2268 2926 2524 2995 πόλεμος,
2550 2924 2649 2977 οὐκ
2683 2921 2894 2992 ἀγαθά·
2922 2920 3111 2990 διόπερ
3142 2918 3263 2972 οὐδὲ
3294 2915 3620 2986 τυγχάνουσι
3651 2912 3786 3002 τού-

521 3019 746 3080 bellum
781 3036 888 3075 non
939 3028 1068 3075 sunt
1093 3021 1281 3077 bona:
1327 3029 1383 3076 et
1409 3021 1529 3077 ideo
1560 3036 1738 3091 neque
1778 3036 1838 3076 ea
1880 3001 2108 3092 quorum

2217 3033 2345 3080 των,
2380 3009 2454 3068 ὧν
2502 3014 2665 3067 ἕνεκα
2717 3010 2891 3065 ταῦτα
2923 3007 3353 3078 ἐπιτηδεύουσιν.
3400 3002 3595 3057 ἰστέον
3619 3001 3674 3054 δὲ
3702 3002 3788 3053 ὅτι

543 3113 717 3181 gratia
754 3112 854 3166 ista
879 3119 1157 3175 exercent,
1195 3121 1584 3182 assequuntur.
1636 3111 1927 3166 Sciendum
1960 3128 2110 3179 vero,

2217 3109 2376 3179 φόνον
2405 3105 2660 3170 ἐνταῦθα,
2695 3104 2791 3159 καὶ
2819 3102 3076 3172 πόλεμον,
3111 3098 3172 3152 ού
3207 3099 3299 3151 τὸν
3328 3095 3593 3168 σαρκικόν
3624 3108 3784 3182 φησι.

545 3198 689 3267 quod
720 3214 827 3253 non
852 3199 919 3253 de
946 3200 1153 3254 carnali
1180 3201 1325 3255 caede
1341 3181 1562 3256 bellove
1614 3201 1700 3255 hic
1731 3202 2023 3270 loquatur;
2060 3202 2112 3255 id

2216 3197 2385 3251 Τοῦτο
2415 3195 2524 3266 γὰρ
2554 3194 2690 3265 βαρὺ
2731 3192 2828 3246 καὶ
2882 3192 3025 3244 κατὰ
3070 3187 3281 3260 λῃστῶν
3323 3186 3543 3248 ἐννοεῖν,
3580 3181 3654 3251 μὴ
3702 3181 3785 3233 ὅτι

545 3291 689 3343 cnim
731 3289 995 3343 absonum
1045 3289 1183 3345 foret
1215 3292 1297 3346 vel
1350 3283 1418 3346 de
1446 3292 1752 3348 latronibus
1788 3292 2111 3363 intelligere,

2214 3302 2277 3354 γε
2302 3284 2442 3339 κατᾶ
2475 3281 2707 3354 [ποσῶς]
2737 3280 2944 3333 πιστῶν
2978 3278 3097 3352 [καὶ
3129 3277 3206 3346 τῷ
3246 3275 3432 3349 Κυρέῳ
3479 3288 3786 3343 προσερχοδ

543 3378 744 3433 nedum
775 3378 842 3434 de
872 3378 960 3444 iis,
1011 3379 1102 3450 qui
1149 3380 1333 3451 aliquo
1384 3391 1545 3437 tenus
1578 3383 1767 3437 saltem
1822 3381 2007 3436 ﬁdeles
2060 3388 2115 3437 ct

2218 3373 2437 3448 μένων].
2489 3373 2625 3427 Ἀλλ’
2657 3373 2732 3436 ὡς
2798 3372 2920 3441 ἐμοὶ
2966 3370 3131 3434 δοκεῖ,
3176 3368 3415 3438 φονεύειν
3450 3365 3606 3436 φησι,
3641 3364 3774 3425 τοὺς

548 3470 616 3524 ad
644 3470 816 3524 Deum
852 3471 1101 3525 conversi
1129 3481 1277 3525 sunt.
1319 3471 1387 3526 Ut
1420 3473 1588 3542 igitur
1617 3473 1750 3527 mihi
1784 3473 2004 3544 quidem
2035 3473 2114 3526 vi-

2212 3469 2310 3540 τὴν
2366 3466 2574 3521 ἑαυτῶν
2625 3464 2802 3536 ψυχὴν
2864 3461 3292 3524 ἀποκτιννύντας
3342 3461 3460 3521 ταῖς
3503 3455 3780 3517 τοιαύταις

551 3560 732 3626 dctur,
766 3559 1015 3616 occidere
1062 3559 1195 3616 dicit
1249 3577 1363 3626 eos,
1420 3564 1516 3633 qui
1567 3562 1842 3634 proiiriam
1876 3565 2111 3617 animam

2213 3560 2609 3629 ἐπιχειρήσεσι,
2651 3557 2718 3609 δι’
2746 3555 2812 3620 ἃς
2849 3554 2945 3608 κα)⁸
2975 3555 3003 3606 6
3047 3553 3184 3624 πρὸς
3229 3552 3326 3624 τὴν
3373 3548 3655 3603 εύσέδειαν
3683 3546 3782 3598 αύ-

548 3651 806 3707 occidunt
835 3653 1139 3711 temerariis
1171 3655 1235 3709 iis
1264 3656 1575 3720 conatibus,
1601 3655 1802 3723 quibus
1834 3656 1995 3710 etiam
2019 3648 2115 3709 ad-

2212 3655 2326 3716 τοῖς
2392 3651 2647 3720 πόλεμος.
2681 3705 2685 3709 _
2715 3650 2825 3703 Kal
2880 3647 3070 3719 ὥσπερ
3112 3645 3313 3718 προῖὼν
3346 3663 3364 3696 ι
3390 3643 3608 3715 μοιχοὺς
3684 3640 3784 3691 καὶ

547 3754 740 3796 versus
786 3741 1040 3812 pietatem
1088 3744 1289 3798 bellum
1342 3752 1558 3812 gerunt.
1595 3742 1813 3798 Scilicet
1857 3742 2115 3812 quemad-

2216 3746 2527 3818 μοιχαλίδα;
2551 3764 2569 3797 ι
2601 3740 2775 3809 εἶπεν,
2815 3743 2876 3797 οὐ
2908 3743 3127 3807 πάντως
3150 3740 3423 3803 τοιούτους
3454 3737 3653 3798 αὐτοὺς
3683 3734 3782 3787 ὃν·

548 3833 770 3887 modum
797 3843 984 3904 postea
1018 3850 1037 3885 ι
1077 3834 1356 3889 adulteros
1387 3843 1442 3889 et
1466 3834 1742 3889 adulteras
1771 3851 1789 3884 ι
1826 3832 1981 3897 dicit,
2002 3849 2111 3888 non

2212 3855 2333 3902 τας,
2364 3837 2476 3890 ἀλλ’
2506 3836 2582 3900 ὡς
2614 3838 2692 3900 εἰς
2735 3835 2806 3888 τὰ
2838 3835 2959 3888 θεῖα
3000 3832 3395 3904 προστάγματα
3429 3825 3784 3895 ἑκπορνεύον-

547 3925 639 3993 qui
675 3924 853 3995 reipsa
893 3927 1029 3980 tales
1049 3935 1212 3991 sunt,
1242 3922 1336 3979 sed
1387 3925 1478 3993 qui
1529 3925 1583 3978 in
1634 3924 1817 3979 divina
1856 3925 2111 3979 mandata

2212 3945 2310 3992 τας
2347 3927 2435 3980 διὰ
2463 3927 2563 3996 τῆς
2592 3925 2702 3981 τῶν
2721 3924 2890 3978 νόθων
2923 3923 3260 3993 εἰσηγήσεως
3291 3937 3304 3951 ’
3332 3920 3431 3972 οὐκ
3466 3918 3532 3972 ἂν
3559 3916 3665 3985 γάρ
3694 3924 3784 3975 τις

546 4016 861 4085 spuriarum
896 4015 1215 4085 opinionum
1268 4013 1671 4069 introductione
1724 4013 2108 4069 fornicantur:

2212 4021 2410 4088 πόρνου
2459 4018 2746 4087 ἀνάσχοιτο
2792 4014 3108 4068 διδασκάλου
3138 4012 3262 4085 [κᾶν
3296 4003 3551 4082 χοῖρωνῇ
3586 4004 3785 4077 βορῦοιι

545 4107 731 4177 (nemo
783 4105 968 4169 enim,
1018 4104 1234 4158 tametsi
1294 4106 1489 4160 suibus
1543 4105 1889 4161 foeculentior
1937 4114 2102 4175 esset,

2215 4105 2600 4181 ρωδέστερος]’
2635 4104 2780 4185 οὕτω
2834 4104 2929 4158 καὶ
2979 4104 3173 4174 φόνους
3228 4103 3322 4154 καὶ
3374 4098 3663 4169 πολέμους,
3718 4094 3785 4147 οὗ

546 4197 851 4253 adulterum
899 4195 1037 4249 ferat
1071 4195 1371 4267 dor-torem)
1416 4197 1496 4253 sic
1533 4205 1587 4252 et
1637 4197 1814 4255 caedes
1852 4207 1907 4254 et
1946 4200 2106 4265 bella,

1946 4200 2106 4265 bella,
2211 4204 2334 4266 τοὺς
2367 4200 2730 4271 σωματικοὺς,
2761 4197 2895 4251 ἀλλὰ
2934 4197 3055 4260 τοὺς
3074 4194 3338 4265 ψυχικοὺς
3366 4191 3532 4261 λέγει.

546 4292 654 4344 non
692 4287 1019 4358 corporalia,
1050 4286 1143 4342 sed
1177 4287 1478 4356 spiritualia
1518 4289 1790 4358 intelligit.

617 4356 807 4436 Vens;
834 4380 889 4434 ὅ.
922 4398 941 4431 ι
987 4377 1202 4441 Ρειὶιὶε.
1267 4386 1321 4434 et
1382 4394 1489 4432 non
1558 4356 1832 4449 accipitis;
1871 4395 1939 4434 eo
1965 4380 2107 4449 quod
2136 4356 2190 4426 Ῐ)

2292 4401 2310 4431 ι
2340 4378 2569 4441 Αἰτεῖτε,
2590 4376 2684 4430 καὶ
2702 4377 2764 4430 ού
2797 4374 3124 4445 λαμϐάνετε,
3154 4372 3287 4426 διοτι
3311 4370 3497 4433 κακῶς
3517 4364 3786 4430 αἰτεῖσθε,

550 4472 692 4527 male
722 4470 943 4543 petatis,
970 4477 1028 4524 nt
1064 4470 1118 4525 in
1149 4456 1615 4538 concupiscentiis
1644 4472 1840 4526 vestris
1871 4472 2113 4525 insuma-

2217 4472 2302 4525 ἴνα
2325 4474 2382 4523 ἐν
2412 4472 2529 4531 ταῖς
2553 4469 2765 4539 ἡδοναῖς
2790 4465 2944 4537 ὑμῶν
2974 4466 3344 4534 δαπανήσητε,
3370 4480 3389 4515 ι
3440 4461 3526 4524 Ὠς
3556 4462 3583 4513 ὁ
3603 4460 3788 4527 Φαριο

547 4560 640 4613 tis.
681 4576 703 4610 ι
730 4559 877 4613 Talis
908 4566 1027 4614 erat
1057 4555 1368 4611 Phariszeus
1394 4557 1447 4610 in
1482 4556 1642 4613 Lucae
1672 4557 1964 4628 Evangelio
1998 4574 2109 4612 me-

2218 4564 2368 4623 σαῖος
2410 4563 2436 4613 6
2474 4561 2533 4611 ἐν
2576 4557 2654 4628 τῷ
2698 4558 2839 4612 κατὰ
2886 4557 3102 4610 Λουκᾶν
3131 4546 3469 4624 libantium.
3497 4553 3646 4618 Ὀσῳ
3670 4549 3796 4618 γὰρ

549 4655 789 4701 moratus
813 4665 825 4700 :
860 4648 951 4716 qui
980 4655 1185 4715 quanto
1213 4646 1367 4715 plura
1395 4646 1535 4702 bona
1569 4663 1733 4718 opera
1759 4662 1791 4702 a
1823 4664 1882 4704 se
1905 4658 2119 4718 patrata

2217 4652 2386 4705 πολλὰ
2414 4649 2669 4717 κατέλεγε
2686 4648 2795 4701 τῶν
2824 4646 3019 4701 ἑαυτοῦ
3053 4645 3513 4716 κατορθωμάτων,
3543 4642 3798 4711 τοσούτῳ

548 4737 892 4802 recensebat,
939 4744 1089 4791 tanto
1120 4737 1292 4808 magis
1323 4737 1566 4792 divinum
1605 4740 1928 4794 obstrucbat
1960 4741 2114 4794 audi-

2217 4742 2381 4795 πλέον
2425 4737 2630 4795 ἀπέδυε
2669 4735 2768 4808 τὴν
2800 4736 2952 4790 θείαν
2986 4736 3176 4805 ἀκοὴν,
3211 4736 3303 4788 καὶ
3327 4736 3356 4787 6
3382 4732 3491 4786 τῶν
3520 4732 3800 4799 ῥημάτων

549 4836 699 4892 ιιιιη;
738 4825 929 4895 sicque
955 4828 1246 4883 verborum
1282 4837 1466 4887 tumor
1497 4844 1703 4885 vacuus
1740 4846 1835 4900 per
1858 4830 1999 4885 labia
2031 4831 2113 4883 di-

2219 4834 2380 4901 ὗγκος
2420 4830 2575 4894 κενὸς
2613 4830 2740 4899 περὶ
2771 4828 2840 4881 τὰ
2859 4830 3009 4899 χείλη
3038 4823 3129 4900 ἦν,
3168 4818 3264 4881 καὶ
3304 4827 3382 4889 εἰς
3417 4825 3590 4895 άφρδν
3622 4821 3806 4895 [κατ-

545 4918 769 4985 llucbat,
792 4928 846 4975 et
876 4921 928 4974 in
952 4926 1201 4990 spumam
1223 4920 1367 4975 velut
1397 4921 1679 4975 aestuantis
1709 4921 1874 4976 maris
1916 4916 2110 4976 ﬂuctus

2223 4924 2391 4996 ἐρῤει,
2444 4922 2538 4975 καὶ
2584 4921 2825 4973 διελύετο
2878 4920 3130 4990 καθάπερ
3166 4916 3541 4989 παφλάζοντος
3601 4914 3810 4985 κύμα-

546 5009 969 5066 dissolvebatur.
994 5000 1061 5065 At
1083 5009 1291 5081 inquiet
1311 5011 1616 5081 quispiam:
1652 5010 1710 5065 Si
1743 5011 1952 5065 Domini
1979 5009 2109 5065 Jesu

2225 5011 2354 5084 tog].
2402 5010 2541 5064 Ἀλλ’
2574 5012 2689 5080 ἐρεῖ
2725 5024 2841 5072 τις’
2871 5006 2935 5062 Εἰ
2968 5008 3063 5061 τοῦ
3094 5007 3300 5078 Κυρίου
3345 5003 3519 5076 Ἰησοῦ
3548 5006 3812 5069 ἐπαγγε-

547 5102 774 5164 Christi,
804 5101 896 5167 qui
921 5100 1108 5156 fallere
1132 5117 1238 5156 non
1274 5108 1472 5171 potest,
1511 5118 1640 5157 vera
1656 5112 1739 5157 est
1760 5102 1846 5155 illa
1874 5102 2110 5171 premis-

2227 5103 2306 5155 λία
2350 5100 2552 5171 ἀληθὴς
2583 5100 2677 5153 τοῦ
2706 5099 2972 5169 ἀψευδοῦς
3017 5098 3361 5159 διδασκάλου,
3409 5096 3490 5160 τὸ,
3548 5114 3567 5146 ι
3594 5096 3715 5156 na;
3778 5096 3814 5147 ὁ

546 5190 631 5248 sio
651 5192 698 5225 '°
726 5212 740 5248 :
770 5213 788 5244 ι
810 5195 1000 5250 Omnis
1020 5194 1111 5263 qui
1130 5193 1263 5263 petit
1289 5195 1485 5263 accipit
1520 5213 1539 5246 ι
1567 5210 1583 5257 ;
1636 5193 1909 5264 quomodo
1963 5206 2109 5248 nunc

2227 5193 2386 5248 αἰτῶν
2430 5191 2696 5261 λάμϐανει
2720 5230 2734 5252 ,
2768 5209 2787 5241 ι
2825 5191 2940 5255 πῶς
2987 5191 3081 5246 νῦν
3124 5191 3298 5245 ταῦτά
3336 5206 3500 5259 φησιν
3533 5188 3561 5240 6
3592 5184 3814 5252 παρὼν

547 5282 827 5350 apostolus
874 5287 975 5338 iste
1006 5284 1134 5337 talia
1171 5282 1354 5337 fatur?
1390 5282 1801 5354 Respondemus
1835 5302 1849 5337 :
1883 5281 2117 5349 Quicun-

2231 5284 2591 5351 Ἀπόστο).ος;
2633 5280 2793 5336 Ἀλλά
2844 5298 3041 5353 φαμεν,
3096 5281 3171 5347 ὡς
3197 5284 3225 5336 6
3252 5279 3355 5352 ὁδῷ
3391 5282 3459 5350 τῇ
3505 5276 3818 5347 ἀκολούθῳ

620 5447 664 5491 ﬂ
698 5452 858 5515 Ilum.
898 5477 1011 5525 xw,
1039 5461 1126 5516 l8.
1202 5460 1246 5492 ³ο
1266 5461 1453 5515 Matth.
1481 5479 1575 5526 vn,
1600 5462 1650 5516 ὕ.

1768 5554 2068 5619 Bonifacii
2113 5558 2335 5621 Finetti
2369 5563 2557 5621 notat.

621 5642 733 5717 (39)
771 5647 995 5720 Vulgata
1034 5652 1210 5722 habet,
1240 5669 1305 5708 ea:
1331 5652 1777 5724 concupiscentiis.
