4020 6214
435 137 572 208 11Ἷ3

1286 142 1690 209 EXPOSITIO
1728 145 1813 210 ΙΝ
1851 143 2086 216 EPIST.
2129 151 2188 210 S.
2219 147 2498 214 JACOBV.
2530 179 2598 190 -
2629 153 2788 216 CAP.
2809 148 2908 216 IV.

3591 152 3687 215 ΠΕ

434 254 630 324 χωρῶν
661 253 749 306 ἐπὶ
779 253 840 308 τὸ
870 253 1060 315 αἰτεῖν,
1100 253 1214 324 ἔχει
1245 256 1341 309 καὶ
1369 257 1472 324 τὴν
1499 258 1838 330 ἐπαγγελίαν
1868 261 2003 315 ἀκε-

2119 278 2220 332 qnc
2252 275 2398 320 recta
2424 266 2508 320 via
2538 267 2602 320 ad
2639 267 2934 336 petendum
2971 266 3207 331 accedis,
3241 283 3490 323 securam
3523 269 3688 324 habet.

439 347 622 416 ραίαν,
659 345 888 416 μηδενὸς
917 345 1164 416 ἀστοχῶν
1213 348 1324 402 τῶν
1364 351 1722 420 αἰτουμένων.
1753 353 1815 406 Εἰ
1845 353 1902 407 δέ
1925 370 2010 418 τις

434 436 540 504 ἔξω
567 439 823 509 χωρήσας
869 437 966 492 τοῦ
1003 440 1217 494 σκοποῦ
1265 442 1368 512 τῆς
1421 443 1818 514 παραδοθείσης
1852 445 2010 516 αἰτή-

432 547 576 596 σεως
619 531 761 599 δόξει
793 535 986 600 αἰτεῖν,
1028 535 1152 605 οὐχὶ
1203 536 1370 590 αἰτῶν
1393 537 1456 591 ὃν
1485 537 1569 592 δεῖ
1596 540 1820 610 τρόπον,
1856 535 2010 605 οὗτος

431 620 559 674 οὐδὲ
581 623 727 676 αἰτεῖ
746 637 759 652 ⁶
797 623 880 678 διὸ
929 627 1025 679 καὶ
1053 625 1176 680 οὐδὲ
1205 626 1457 698 λήψεται,
1503 625 1590 694 Ὠς
1615 631 1725 702 γὰρ
1753 631 2010 686 διδασκά-

431 708 550 774 λου.
585 717 740 787 φέρε,
770 720 1162 790 γραμματικοῦ
1215 723 1693 794 ἐπαγγελλομένου
1723 725 1900 779 πάντα
1919 723 2011 779 τὸν

435 808 728 875 προσιόντα
752 809 902 880 αὐτῷ
938 811 1149 879 διδάξαι
1177 814 1276 886 τὴν
1307 815 1418 869 τῶν
1462 817 1866 888 γραμματικῶν
1893 819 2012 872 ἑπι-

439 899 675 967 στήμην,
707 901 869 964 αὐτὸς
903 897 959 956 δὲ
992 904 1241 974 ἐκμελῶς
1289 907 1588 980 προσέλθῃ,
1646 908 1737 963 καί⁵
1772 909 1848 980 μὴ
1883 927 2011 964 συνο

434 988 611 1046 τείνας
639 990 829 1045 ἑαυτὸν
847 993 878 1046 ό
907 987 1192 1065 μαθητιῶν
1223 999 1359 1069 πρὸς
1381 1000 1480 1072 τὴν
1508 1001 1618 1054 τῶν
1667 1002 2012 1074 ἐπηγγελμέο

431 1093 540 1168 νων
569 1081 860 1154 ἀνάληψιν,
901 1083 1020 1140 εἶτα
1048 1090 1235 1159 ὅμοιος
1262 1091 1599 1166 ἀποφανοείη
1629 1097 1695 1166 τῇ
1728 1095 2008 1168 ἑκμελεὲᾳ,

435 1167 548 1240 ἆρά
582 1189 645 1242 γε
691 1175 916 1240 δικαίως
937 1177 1002 1234 ἀν
1035 1197 1116 1244 τις
1146 1181 1378 1250 ψεύδους
1406 1183 1570 1238 αὑτδν
1604 1187 1881 1256 γράψεται
1919 1187 2010 1240 τὸν

435 1262 792 1333 διδάσκαλονς
822 1269 896 1322 Οὐ
931 1269 1148 1341 σῶφρον
1173 1268 1330 1338 οὗτος
1377 1276 1569 1330 ποιῶν.
1602 1279 1678 1332 Οὐ
1708 1278 1815 1350 γὰρ
1840 1297 2010 1350 προσ-

432 1355 596 1425 ῆλθεν
625 1360 654 1412 ό
683 1361 894 1430 μέλλων
960 1366 1252 1433 μανθάνειν
1287 1369 1366 1432 ὡς
1445 1371 1474 1423 ὁ
1501 1368 1824 1436 διδασκαλος
1879 1391 2011 1442 προ-

433 1449 725 1521 ετρέψατο.
763 1449 876 1508 Καὶ
933 1457 1050 1521 πῶς
1074 1459 1150 1522 δὲ,
1183 1459 1214 1530 ἢ
1248 1461 1300 1512 τί
1325 1463 1494 1533 ἐχρῆν
1519 1465 1724 1531 αἰτεῐνς
1765 1464 1908 1518 εἴποι
1929 1483 2012 1528 τις

2113 359 2564 426 promissionem,
2610 367 2662 414 et
2690 359 2844 414 nullo
2882 375 3096 421 eorum,
3128 371 3250 428 qua:
3287 358 3438 428 petit,
3472 361 3692 416 frauda-

2114 459 2224 504 tnr.
2250 447 2318 504 At
2345 451 2444 506 sia
2479 465 2646 520 scepo
2681 465 2958 506 concessa:
3007 450 3288 521 petitionis
3321 451 3556 515 aberret,
3583 451 3688 508 etsi

2113 541 2359 595 videatur
2390 547 2592 609 petere,
2627 558 2750 598 cum
2806 549 2986 596 tamen
3035 557 3102 597 co
3141 543 3324 606 modo,
3363 557 3472 610 quo
3505 541 3686 606 debet,

2113 649 2219 688 non
2253 643 2421 704 petat.
2456 650 2644 690 revera
2684 650 2792 690 non
2831 635 2997 704 petit,
3053 632 3301 702 adeoque
3337 648 3438 688 nec
3465 633 3687 702 accipit.

2113 725 2585 792 Quemadmodum
2621 727 2666 781 si
2699 723 2899 781 doctor
2927 725 3150 796 aliquis,
3185 732 3337 794 puta,
3364 725 3687 794 grammati-

2112 831 2234 880 cus,
2280 817 2568 885 promittat
2607 831 2666 871 se
2697 831 2940 882 omnem,
2973 817 3068 886 qui
3103 815 3278 885 ipsius
3308 815 3554 870 scholam
3588 815 3690 870 fre-

2111 909 2475 979 quentaverit,
2503 909 2792 964 ducturum
2829 908 3274 978 grammaticam;
3312 907 3358 964 is
3389 915 3569 962 autent
3595 907 3689 978 qui

2113 1001 2327 1057 discere
2355 1001 2524 1071 cupit,
2560 1001 2802 1072 segniter
2833 1000 2901 1056 ad
2937 999 3115 1070 ipsmn
3155 999 3401 1063 accedat,
3435 998 3688 1053 minime-

2111 1108 2222 1164 que
2266 1109 2329 1150 se
2377 1102 2564 1164 aptum
2604 1093 2671 1149 ad
2716 1095 2768 1150 id
2799 1095 2944 1166 quod
2987 1094 3079 1149 ille
3133 1091 3404 1164 promisit,
3457 1091 3686 1150 reddat;

2114 1202 2257 1243 anne
2285 1189 2412 1258 quis
2453 1189 2719 1242 mendacii
2771 1187 3054 1242 doctorem
3107 1185 3284 1254 ipsum
3338 1184 3486 1252 juste
3535 1198 3692 1238 coar-

2114 1278 2476 1349 guat?Nemo
2507 1280 2598 1350 qui
2635 1279 2802 1348 sapit,
2848 1279 2954 1333 hoc
2988 1276 3202 1333 fecerit.
3228 1273 3686 1344 Quandorptidcm

2113 1373 2230 1437 ille,
2254 1372 2346 1442 qui
2377 1371 2659 1427 docendus
2703 1379 2844 1438 erat,
2880 1384 2989 1426 non
3021 1385 3088 1424 co
3115 1370 3279 1423 modo
3309 1366 3375 1422 ad
3408 1367 3686 1423 doctorem
3767 1404 3773 1410 .

2115 1465 2370 1528 accessit,
2396 1463 2538 1518 sicut
2572 1464 2620 1518 is
2671 1463 2925 1518 hortatus
2962 1458 3121 1534 351
3160 1459 3362 1514 fuerat.
3419 1455 3523 1510 Sed
3551 1469 3690 1526 quo-

436 1539 523 1596 ἆν.
555 1543 728 1597 Αὐτοῦ
757 1546 852 1598 τοῦ
879 1547 978 1618 τὴν
999 1549 1336 1618 ἐπαγγελίαν
1363 1556 1735 1625 ποιησαμένου
1773 1556 2014 1611 ἐπάκου-

2119 1557 2277 1612 modo
2331 1556 2520 1628 igitur,
2547 1564 2600 1611 et
2634 1554 2767 1626 quid
2804 1563 2986 1625 petere
3017 1553 3278 1624 oportet?
3317 1557 3542 1620 reponet
3584 1547 3690 1604 alio

435 1643 564 1722 σονο
609 1653 628 1688 ι
658 1638 866 1692 Αἰτεῖτε
916 1641 1016 1712 τὴν
1073 1642 1353 1713 βασιλείαν
1405 1646 1500 1700 τοῦ
1566 1648 1703 1702 Θεοῦ
1767 1650 1862 1704 καὶ
1909 1654 2008 1722 τὴν

435 1721 786 1797 δικαιοσύνην
837 1729 1024 1784 αὑτοῦ.
1057 1750 1077 1784 ι
1113 1733 1282 1802 Δῆλον
1329 1733 1426 1788 οὖν
1459 1735 1535 1800 ώς
1562 1737 1591 1791 δ
1630 1754 1692 1807 γε
1722 1737 1891 1803 οὕτως
1921 1721 2010 1796 αἰ-

434 1815 565 1881 τῶν,
603 1818 699 1871 καὶ
736 1823 1167 1890 προηγουμένως
1221 1827 1352 1898 περί
1411 1829 1692 1895 τοιούτων,
1744 1833 1866 1886 οὐδὲ
1901 1834 2009 1887 τῶν

433 1905 610 1961 ἄλλων
662 1910 954 1981 ἀστοχήσει
975 1922 994 1944 δ
1022 1907 1096 1969 ὧν
1116 1917 1146 1970 ό
1171 1918 1464 1988 λαμϐάνων
1493 1923 1592 1976 οὐκ
1627 1923 1731 1991 ἔξω
1761 1927 2007 1978 πεσεῖται

432 2001 536 2071 ’τῆς
581 2005 775 2058 ἑαυτοῦ
809 2009 1107 2080 σωτηρίας.
1151 2013 1208 2065 ’0
1239 2005 1296 2066 δὲ
1327 2014 1638 2079 ἐπιϐλασῶς
1681 2015 1775 2070 καὶ
1815 2017 2010 2088 ὲπιζηυ

436 2094 576 2164 μίως
622 2098 812 2165 αἰτῶν,
861 2101 960 2172 οὐχ
1005 2101 1120 2167 ἔξει
1174 2104 1484 2174 παρέχοντα
1539 2105 1749 2172 τοῦτον,
1783 2110 1913 2179 παρ’
1943 2101 2005 2162 οὗ

439 2189 646 2242 «πᾶσα
683 2191 832 2254 δόσις
888 2194 1088 2265 ἀγαθή.
1119 2215 1140 2247 ι
1187 2196 1350 2249 Ἀλλὰ
1403 2196 1498 2251 καὶ
1547 2198 1750 2267 γνῶσιν
1803 2198 2009 2272 [Θείαν]

433 2279 622 2344 αἰτῶν,
666 2283 758 2334 καὶ
811 2282 886 2352 μὴ
936 2284 1252 2355 λαμϐάνων,
1283 2287 1318 2358 ἦ
1363 2305 1415 2341 τι
1448 2289 1822 2356 πνευματικὸν
1853 2290 2010 2360 κάρι-

433 2385 548 2438 σμα
579 2371 669 2424 διὰ
715 2373 1026 2444 φιληδονίαν
1055 2377 1242 2442 αἰτῶν,
1274 2378 1335 2431 οὐ
1377 2378 1632 2447 λήψεται.
1671 2380 1868 2442 Κακῶς
1901 2380 2010 2452 γὰρ

433 2461 578 2514 αἰτεῖ
628 2460 748 2534 [καὶ
795 2466 968 2518 κακὸν
1007 2465 1094 2519 ἐπ’
1134 2466 1384 2538 ἀπωλείᾳ
1452 2463 1707 2538 ἑαυτοῦ]·
1741 2469 1835 2521 καὶ⁵
1876 2467 2012 2532 Θεὸς

429 2553 620 2608 κακῶν
647 2556 888 2626 πάροχος
911 2557 1011 2610 οὐκ
1042 2555 1210 2616 ἐστιν.

511 2753 530 2784 ι
565 2734 758 2804 Μοιχοὶ
787 2735 882 2790 καὶ
914 2731 1242 2808 μοιχαλίδες,
1283 2739 1384 2793 οὐκ
1429 2739 1607 2795 οἴδατε
1655 2742 1737 2795 ὅτι
1781 2741 1816 2812 ἡ
1859 2740 2012 2806 φιλία

429 2823 529 2877 τοῦ
604 2826 809 2895 κόσμου
867 2826 1039 2898 ἔχθρα
1094 2829 1189 2882 τοῦ
1225 2829 1362 2884 Θεοῦ
1395 2835 1592 2897 ὲστινς
1651 2834 1746 2896 Ὃς
1801 2831 1868 2886 ἂν
1916 2832 2012 2887 οὖν

426 2915 668 3013 βνυληοῇ
721 2917 876 2986 φίλος
917 2915 1090 3013 έναι*
1105 2919 1201 2974 τοῦ
1233 2921 1462 2992 κόσμου,
1497 2922 1692 2993 ἐχθρὸς
1734 2924 1829 2977 τοῦ
1869 2923 2006 2978 Θεοῦ
2037 2955 2080 3013 C

435 3007 783 3062 καθίσταται.
821 3027 840 3060 ι
917 3007 1136 3081 Ἐπειδὴ
1199 3012 1460 3082 ἀνωτέρω
1515 3014 1710 3084 μικρὸν
1759 3014 2006 3084 διήλεγξέ

433 3113 583 3159 τινας
603 3092 991 3166 ψευδοσόφους,
1021 3099 1120 3169 τὴν
1155 3099 1307 3152 θείαν
1331 3101 1836 3170 καταπορνεύοντας
1866 3104 1905 3156 Γ
1910 3121 2009 3174 ρα-

427 3187 562 3257 ’φὴν,
618 3190 712 3239 καὶ
767 3189 1170 3257 ὲνδιαστρόφως
1216 3191 1354 3260 αὐτῇ
1389 3192 1710 3261 χρωμένους
1757 3195 1894 3262 πρὸς
1949 3192 2011 3246 τὸ

424 3275 639 3331 ἑαυτῶν
665 3278 912 3348 βούλημα
975 3278 1085 3350 [ἵνα
1113 3277 1309 3350 ἔχωσιν
1338 3282 1400 3334 ἑκ
1435 3279 1629 3335 τούτου
1669 3281 1882 3350 ἐφόδιον
1911 3282 2011 3352 τῆς

427 3371 643 3423 ἑαυτῶν
671 3369 924 3440 ἐνηδόνου
955 3369 1150 3440 ζωῆς],
1179 3371 1340 3424 τοῦτο
1365 3373 1423 3425 δὲ
1439 3374 1540 3425 οὐκ
1566 3373 1694 3426 ἄλλο
1717 3377 1770 3427 τί
1807 3376 1924 3426 ἔστι
1949 3375 2011 3428 τὸ

431 3462 628 3528 κακον,
669 3462 703 3532 ἢ
745 3461 1064 3526 ἀλαζονείας
1103 3455 1245 3524 εἶδος
1272 3479 1288 3495 ο
1317 3461 1406 3516 διὰ
1433 3463 1592 3516 τοῦτο
1626 3462 1723 3516 νῦν
1753 3463 2014 3533 ἐμϐριθε-

440 3554 648 3625 στέρως
729 3555 942 3626 πρόεισι
1004 3551 1121 3626 [καὶ
1181 3553 1608 3626 ἀλλοτριώτερον
1662 3555 1764 3625 τῆς
1819 3555 2012 3610 ἑαυτοῦ

439 3647 752 3716 πραΰτητος
777 3645 1042 3715 κέχρηται
1081 3648 1193 3710 τοῖς
1221 3647 1598 3711 όνειδιστικοίς
1630 3645 1856 3720 λόγοις],
1897 3663 2016 3716 μοι·

438 3737 569 3808 χοῦς
602 3738 698 3790 καὶ
731 3736 1050 3807 μοιχαλίδας
1077 3738 1369 3790 ἀποκαλῶν
1392 3739 1514 3802 τοὺς
1538 3738 1812 3801 τοιούτους
1842 3737 2018 3790 τοιού·

433 3839 551 3892 ’τοις
599 3828 788 3898 σχεδον
833 3828 1176 3900 κεχρημένος
1227 3828 1472 3898 ἐλέγχοις
1503 3843 1516 3858 ⁸
1571 3829 1708 3882 Εἰπέ
1757 3845 1868 3899 μοι,
1915 3829 2019 3898 μά-

437 3931 583 3981 ταιε,
611 3917 774 3988 σοφδν
805 3919 1034 3973 σεαυτὸν
1061 3917 1386 3987 ἀποφαίνειν
1432 3915 1614 3990 βούλει
1641 3937 1656 3986 ;
1704 3921 1813 3974 Καὶ
1853 3917 2020 3972 πόθεν

432 4013 571 4080 ’ὑμῖν
595 4012 656 4064 τὸ
683 4012 800 4082 μετ’
833 4011 1010 4083 ἔριδος
1041 4012 1136 4066 καὶ
1178 4011 1460 4082 διηνεκοῦς
1493 4012 1733 4082 πολέμου
1767 4013 1886 4084 ζῇν,
1923 4013 2020 4066 καὶ

437 4105 502 4157 ’τὸ
534 4105 620 4157 ἀεὶ
651 4103 1097 4175 προσπεφυκέναι
1135 4104 1247 4166 τοῖς
1275 4101 1533 4173 παροῦσι,
1567 4103 1662 4156 καὶ
1698 4104 1758 4156 τὸ
1789 4104 1888 4174 ἡδὺ
1925 4102 2020 4156 τοῦ

442 4197 711 4266 παρόντος
769 4196 886 4266 βίου
941 4197 1158 4250 διώκειν
1212 4183 1700 4268 [ἀμεταστρεπτης
1751 4195 1866 4248 Οὐκ
1905 4194 2019 4250 ἐστι

2115 1647 2260 1718 quis.
2301 1647 2439 1702 Audi
2468 1647 2644 1716 ipsum
2673 1644 2768 1716 qui
2793 1643 3214 1715 promissionem
3239 1640 3362 1694 fecit
3385 1639 3435 1693 id
3459 1637 3691 1692 edocen-

2117 1748 2326 1796 centem
2348 1738 2426 1793 “z
2456 1757 2474 1790 ι
2515 1736 2755 1804 Quaerite
2779 1749 3003 1806 regnum
3034 1733 3123 1788 Dei
3147 1741 3200 1786 et
3221 1729 3491 1800 justitiam
3509 1728 3683 1796 ejus.»

2115 1830 2464 1886 Manifestum
2501 1843 2632 1883 vero
2661 1837 2768 1890 est,
2792 1839 2941 1888 eum,
2974 1823 3069 1893 qui
3099 1823 3200 1887 ita,
3249 1829 3302 1877 et
3341 1820 3454 1874 haec
3478 1817 3687 1889 prim-i-

2115 1921 2310 1991 paliter
2352 1917 2586 1989 petierit,
2610 1917 2732 1971 aliis
2761 1915 2926 1971 etiam
2960 1913 3124 1968 rebus
3165 1909 3530 1966 l‘raudandum
3563 1923 3673 1962 non

2116 2013 2251 2079 fore,
2281 2013 2330 2070 si
2361 2020 2546 2066 tamen
2587 2007 2858 2080 ejusmodi
2883 2007 3016 2072 sint,
3045 2019 3169 2076 qua:
3197 2013 3417 2058 aeternae
3443 2001 3567 2070 ejus
3601 2015 3690 2053 sa-

2115 2105 2215 2160 luti
2254 2120 2362 2160 non
2396 2103 2658 2159 oﬂiciant.
2692 2100 2796 2166 Qui
2843 2113 2976 2153 vero
3024 2097 3187 2152 noxia
3217 2095 3320 2151 sibi
3357 2092 3519 2164 petit,
3542 2087 3689 2145 haud

2114 2197 2361 2266 profecto
2399 2193 2644 2248 datorem
2693 2189 2915 2244 habebit
2967 2202 3120 2251 eum,
3161 2185 3322 2255 cujus
3356 2203 3374 2236 ι
3409 2198 3570 2238 omne
3594 2183 3691 2236 da-

2116 2297 2228 2341 tum
2257 2286 2526 2356 optimum
2545 2283 2612 2338 ".
2635 2302 2653 2336 ι
2676 2283 2874 2338 Verum
2897 2278 3112 2334 etiamsi
3139 2275 3410 2347 quiSpiam
3442 2275 3524 2329 vel
3557 2273 3690 2328 divi-

2117 2392 2242 2430 nam
2273 2374 2670 2446 cognitionem,
2700 2370 2784 2426 vel
2820 2367 2969 2425 aliud
2997 2366 3230 2438 quodvis
3261 2365 3554 2436 spirituale
3583 2363 3689 2418 do-

2117 2484 2271 2531 num,
2305 2464 2599 2537 voluptatis
2619 2461 2821 2518 exinde
2849 2459 3136 2532 gliscentis
3169 2472 3358 2512 amore
3385 2463 3553 2526 petat,
3579 2467 3688 2507 non

2113 2559 2348 2629 accipiet
2375 2568 2393 2610 ἐ
2447 2555 2586 2610 male
2629 2555 2776 2610 enim
2825 2552 2983 2624 petit,
3023 2549 3169 2621 quod
3204 2551 3259 2603 in
3311 2547 3394 2603 sui
3433 2545 3692 2615 perditio-

2116 2666 2242 2708 nem
2273 2649 2498 2706 caderet
2535 2665 2550 2702 :
2597 2645 2742 2703 Deus
2778 2654 2959 2700 autem
2993 2643 3122 2698 mali
3153 2643 3311 2696 dator
3341 2655 3448 2696 non
3477 2647 3583 2694 est.

2185 2740 2354 2800 Vsus.
2375 2744 2428 2798 ἀ.
2453 2759 2471 2793 ι
2504 2740 2822 2813 Adulteriet
2840 2735 3121 2802 adulterae,
3153 2733 3375 2786 nescitis
3407 2731 3533 2801 quia
3555 2728 3692 2783 ami-

2119 2836 2247 2893 citia
2278 2835 2445 2905 hujus
2467 2831 2658 2888 mundi
2690 2829 2916 2886 inimica
2942 2835 3024 2883 est
3059 2826 3153 2880 Dei
3182 2823 3548 2891 iQuicunqne
3565 2834 3695 2889 ergo

2119 2928 2356 2984 voluerit
2389 2923 2600 2980 amicus
2659 2936 2782 2978 esse
2833 2917 2998 2988 hujus
3047 2915 3253 2975 saeculi,
3299 2912 3550 2968 inimicus
3600 2908 3696 2964 Dei

2113 3017 2490 3076 constituitur.
2529 3033 2548 3066 ι
2568 3013 2842 3080 Quoniam
2875 3007 3134 3081 superius
3158 3003 3400 3060 breviter
3424 3001 3691 3072 perstrin-

2111 3121 2266 3166 xerat
2297 3109 2464 3165 falsos
2493 3103 2762 3178 quosdam
2783 3100 3080 3170 sapientes,
3101 3096 3341 3152 divinam
3375 3091 3694 3147 adulteran-

2112 3209 2194 3255 tes
2225 3197 2590 3268 Scriptnram,
2619 3207 2796 3263 eaque
2827 3204 3084 3262 perverse
3107 3187 3172 3242 ad
3199 3183 3474 3255 propriam
3495 3181 3696 3234 volun-

2112 3299 2276 3346 tatem
2347 3289 2663 3350 abutentes,
2703 3290 2766 3338 ut
2814 3282 3012 3336 exinde
3081 3277 3243 3332 vitam
3311 3273 3696 3344 voluptuosius

2111 3381 2420 3450 transigere
2447 3384 2700 3448 possent,
2733 3373 2838 3430 hoc
2866 3379 3050 3426 autem
3086 3383 3192 3422 non
3218 3367 3367 3421 aliud
3395 3373 3502 3428 est,
3527 3378 3690 3433 quam

2115 3468 2388 3540 quoddam
2430 3465 2702 3534 superbiee
2735 3477 2950 3534 genus;
3004 3459 3209 3515 idcirco
3243 3458 3388 3511 nunc
3445 3454 3696 3525 asperius

2116 3563 2396 3628 aliquanto
2428 3555 2674 3629 procedit
2699 3563 2792 3619 ,ει
2821 3562 3100 3609 consuetae
3125 3549 3508 3607 lenitatis-sua:
3539 3555 3660 3601 tran
3683 3579 3696 3588 -

2117 3651 2308 3706 siliuns
2326 3649 2620 3712 terminos,
2651 3644 3071 3700 contumeliosis
3103 3645 3262 3698 etiam
3300 3641 3474 3696 utitur
3493 3638 3696 3704 verbis,

2121 3761 2140 3794 ι
2183 3741 2462 3796 adulteros
2499 3746 2554 3793 et
2596 3735 2875 3792 adulteras
2903 3753 2923 3788 ι
2963 3735 3101 3788 tales
3161 3749 3382 3798 vocans,
3403 3741 3458 3788 et
3505 3732 3698 3801 hujus.

2119 3833 2265 3888 modi
2293 3830 2464 3886 ferme
2499 3829 2558 3884 in
2593 3843 2691 3884 eos
2727 3827 2911 3882 vibrat
2942 3825 3427 3895 reprehensionem
3461 3845 3475 3880 :
3520 3823 3699 3879 Dicito

2119 3925 2276 3990 mihi,
2323 3923 2572 3986 demens,
2595 3934 2739 3976 anne
2761 3918 3064 3990 sapientem
3115 3927 3165 3972 te
3193 3915 3488 3972 ostendere
3517 3917 3700 3986 cupis?

2122 4017 2228 4074 Sed
2256 4016 2400 4071 unde
2451 4024 2537 4071 est
2569 4005 2722 4084 ergo,
2759 4011 2908 4082 quod
2934 4011 2988 4064 in
3006 4009 3370 4086 contentione
3403 4015 3697 4078 perpetuo-

2121 4126 2227 4180 que
2255 4109 2400 4165 bello
2427 4108 2594 4164 vitam
2629 4106 2822 4170 ducas,
2841 4116 3166 4173 semperque
3199 4102 3366 4156 rebus
3416 4097 3700 4170 praesenti-

2125 4207 2227 4260 bus
2263 4203 2570 4268 adhaereas,
2602 4198 2982 4272 acpfaesentis
3034 4196 3158 4252 vitae
3209 4194 3436 4250 delicias
3494 4193 3702 4263 absque

441 4288 602 4342 τοῦτο
639 4288 844 4358 σοφῶν,
891 4288 1028 4342 ἀλλά
1067 4287 1302 4359 χυδαίων
1333 4287 1564 4360 ἀνδρῶν,
1612 4289 1708 4341 καὶ
1745 4286 1882 4359 πρὸς
1917 4286 2015 4358 τὴν

2127 4297 2233 4350 ulla
2258 4293 2673 4350 intermissione
2704 4289 2971 4347 secteris?
2999 4288 3119 4344 Non
3149 4295 3235 4343 est
3265 4302 3352 4342 res
3385 4283 3699 4354 hnjnsmodi

443 4381 628 4447 φιλίαν
659 4381 753 4433 τοῦ
803 4380 1013 4450 κόσμου
1056 4380 1502 4435 ἀποκλινάντων’
1562 4379 1591 4432 δ
1647 4381 1742 4432 καὶ
1803 4381 2025 4451 μοιχοὺς

442 4469 592 4540 ὑμᾶς
641 4469 916 4523 δείκνυσιν
993 4469 1111 4543 [τοῦ
1160 4471 1508 4535 ὲναποϐέτου,
1563 4471 1659 4524 καὶ
1709 4468 1877 4534 θείου,
1930 4471 2026 4524 καὶ

448 4563 728 4633 σώφρονος
767 4563 1022 4628 κάλλους,
1064 4563 1127 4616 τδ
1174 4563 1425 4633 δημώδες
1465 4563 1872 4635 προτιμῶντας,
1930 4564 2026 4619 καὶ

449 4653 697 4723 βέδηλον,
733 4653 828 4707 καί
871 4655 1118 4722 αἰσχρὸν,
1177 4658 1271 4707 καὶ
1328 4657 1394 4724 τῇ
1448 4655 1582 4724 πρὸς
1634 4653 1728 4708 τὸν
1780 4654 2027 4725 παρόντα

450 4744 795 4815 προπαθείᾳ
815 4745 915 4814 την
935 4743 1071 4814 πρὸς
1096 4743 1228 4799 Θεὸν
1257 4744 1348 4814 ξχθ
1357 4762 1458 4815 ραν
1475 4744 2017 4818 ἐπαναιρουμένους].

450 4835 524 4888 Ἢ
559 4855 577 4888 ι
615 4837 716 4891 οὐκ
741 4835 924 4891 οἴδατε
955 4875 970 4900 ,
1005 4837 1088 4889 ὅτι
1128 4837 1162 4907 ἡ
1192 4835 1287 4888 τοῦ
1316 4835 1522 4906 κόσμου
1552 4835 1702 4904 φιλία
1739 4838 1907 4908 ἔχθρα
1937 4839 2018 4900 εἰς

450 4928 583 4982 (ἐόν
639 4929 811 4990 ἐστιν,
850 4946 869 4980 ι
925 4926 1284 4999 ἀλλοτριοῦσα
1333 4927 1432 4996 τῆς
1475 4927 1623 4991 θείας
1669 4929 1871 4996 φιλίας,
1922 4930 2020 4982 καὶ

453 5019 683 5092 ἱχθροὺς
704 5020 1086 5089 ἀποφαίνουσα
1108 5038 1122 5086 ;
1155 5021 1374 5089 Κόσμον
1399 5019 1508 5092 γὰρ
1531 5022 1766 5076 ἐνταῦθα
1793 5022 2019 5096 [πᾶσαν]

451 5113 552 5184 τὴν
582 5111 776 5182 eum
807 5111 954 5182 ζωὴν
982 5112 1268 5178 ἀποκαλεῇ
1309 5111 1385 5176 ὡς
1420 5113 1630 5186 μητέρα
1669 5115 1766 5186 τῆς
1794 5117 2023 5189 φθορᾶς,

452 5199 520 5274 ἦς
557 5205 586 5257 ὁ
623 5205 914 5274 μετασχεῖν
956 5203 1201 5257 σπεύδων
1247 5206 1437 5274 ἐχθρὸς
1475 5207 1682 5274 γίνεται
1720 5207 1814 5262 τοῦ
1867 5208 2024 5266 Θεοῦ.

445 5294 574 5368 ῘΔιά
601 5295 712 5367 γὰρ
732 5299 830 5366 τὴν
854 5297 984 5366 περὶ
1033 5297 1100 5352 τὰ
1150 5297 1398 5369 ἀνωφελῆ
1451 5301 1686 5371 σπουδὴν
1745 5301 2026 5374 ὀλιγώρως

449 5392 567 5462 ἔχει
617 5390 725 5444 τῶν
770 5389 934 5444 θείων
971 5392 1064 5445 καὶ
1094 5391 1477 5463 ὑπεροπτικῶς
1507 5406 1522 5422 ⁶
1563 5393 1592 5447 ὃ
1646 5393 1780 5466 πρὸς
1827 5395 2022 5465 μόνους

523 5588 570 5621 ’ί
593 5587 786 5643 Matth.
816 5583 998 5654 \'-t,53.
1081 5586 1122 5619 ”
1153 5584 1270 5644 Jac.
1317 5601 1356 5653 ι,
1395 5587 1478 5644 17.

2129 4389 2467 4460 sapientum,
2505 4386 2601 4442 sed
2631 4384 2941 4453 vulgarium
2974 4381 3277 4452 vilinmque
3320 4377 3702 4440 hominum,et

2125 4498 2316 4538 eorum
2361 4479 2456 4550 qui
2499 4477 2756 4533 amicitiae
2787 4473 2952 4542 hujus
2998 4469 3187 4526 mundi
3219 4485 3342 4526 sese
3382 4467 3698 4523 tradidere:

2126 4573 2275 4646 quod
2306 4587 2403 4628 vos
2428 4569 2710 4624 adulteros
2739 4583 2863 4624 esse
2892 4567 3255 4630 demonstrat,
3286 4572 3478 4634 utpote
3506 4561 3599 4634 qui
3625 4577 3705 4615 rc.

2125 4665 2380 4726 conditae,
2421 4661 2621 4716 divinae
2679 4673 2746 4714 ac
2807 4665 2974 4713 castae
3022 4655 3418 4727 pulchritudini
3469 4654 3520 4708 id
3557 4653 3702 4724 quod

2126 4757 2366 4826 vulgare.
2391 4750 2679 4824 profanum
2714 4764 2777 4803 ac
2800 4759 2957 4818 turpe
2983 4753 3090 4809 est,
3115 4745 3505 4812 antefertis,ae
3537 4742 3706 4798 nimio

2126 4849 2192 4903 ad
2217 4837 2536 4916 pmscnteni
2567 4840 2829 4896 mundum
2853 4838 3049 4894 aﬂ'cctu
3069 4837 3411 4894 inimicitiam
3443 4836 3704 4891 adversus

2128 4939 2271 4995 Deus
2298 4951 2486 5008 gerere
2512 4949 2616 4990 non
2643 4932 2927 4988 veremini.
2954 4932 3036 4986 An
3068 4947 3199 4988 vero
3228 4951 3246 4982 ι
3281 4929 3526 4988 nescitis.
3553 4931 3697 4996 quod

2129 5027 2368 5082 amicitia
2415 5023 2578 5094 hujus
2614 5021 2802 5076 mundi
2837 5019 3061 5074 inimica
3101 5030 3186 5074 est
3213 5017 3326 5071 Dei.
3371 5033 3390 5066 ι
3441 5013 3704 5069 Alicnans

2129 5131 2159 5170 a
2183 5115 2365 5169 divina
2385 5111 2724 5177 amicitia,‘et
2743 5110 2996 5165 inimicos
3022 5107 3256 5163 reddens
3281 5103 3418 5156 Dei?
3443 5101 3701 5156 Mundum

2127 5208 2273 5264 enim
2307 5205 2409 5260 hoc
2445 5206 2567 5260 loco
2605 5217 2823 5258 omnem
2861 5198 3198 5255 materialem
3239 5195 3405 5249 vitam
3441 5195 3702 5264 appellat,

2127 5301 2276 5356 velut
2327 5296 2695 5367 corruptionis
2743 5303 2994 5353 matrem,
3057 5303 3218 5357 quant
3241 5289 3336 5358 qui
3368 5287 3698 5357 participare

2123 5391 2328 5458 studet,
2387 5413 2404 5442 ι
2441 5391 2700 5447 inimicus
2753 5385 2844 5442 Dci
2897 5379 3275 5438 constituitur:
3308 5397 3326 5432 ι
3361 5379 3704 5450 quandoqui-
