4020 6214
405 132 539 201 1175

1315 132 1895 195 THEOPHYLACTI
1927 132 2176 191 BULGA
2189 132 2337 191 RIJE
2373 130 2707 192 ARCHIEP

3512 128 3651 193 1i76

404 253 526 306 d‘ctn
562 262 745 303 rerum
780 246 1051 301 inutilium
1103 244 1284 303 studio
1309 253 1364 301 et
1406 259 1595 300 amore
1636 244 1969 315 parvipctttlil

2081 245 2209 308 τοὺς
2250 248 2577 316 μιωμένους
2602 246 2697 298 καὶ
2727 244 2953 314 ἐχθροὺς
2983 244 3140 314 ἡμῶν
3187 244 3514 314 πάσχομεν]
3541 247 3648 298 Δύο

408 346 591 401 divina
614 344 736 410 ,vel
763 343 923 397 etiam
967 358 1030 398 ea
1088 342 1308 398 fastidio
1358 341 1522 396 habet
1556 359 1569 395 :
1600 356 1707 410 qua
1763 341 1976 395 ratione

409 453 538 508 erga
571 451 665 493 eos
695 435 840 490 solos
863 449 1001 503 quos
1033 433 1160 490 odio
1193 434 1482 499 habemus,
1535 434 1713 502 iisque
1769 432 1973 487 inimici

409 544 627 592 sumus,
667 543 768 581 nos
809 541 1000 595 gerere
1030 526 1295 581 solemus.
1327 524 1462 581 Cum
1498 525 1664 597 igitur
1702 524 1812 579 duo
1840 524 1973 585 sint,

404 622 606 692 quibus
632 634 849 689 operam
871 602 1003 672 dant
1029 618 1300 684 homines,
1340 617 1483 673 Deus
1512 618 1789 672 scilicetet
1819 631 1975 669 mun-

404 711 509 765 dus
538 748 553 773 ,
581 723 645 762 ac
681 713 791 762 duo
847 722 1067 776 quoque
1115 709 1223 763 sint
1264 707 1467 777 quibus
1503 709 1648 763 circa
1681 716 1975 776 utrumque

402 816 590 856 eorum
622 799 827 854 versari
852 813 950 854 nos
973 814 1293 869 possumus,
1310 813 1507 868 nempe
1526 813 1679 853 amor
1696 808 1750 852 et
1765 798 1972 863 odium,

402 906 532 961 erga
570 889 885 943 utrumlibet
920 889 1112 944 horum
1144 890 1372 945 studiosi
1406 905 1506 944 nos
1561 890 1736 944 simus
1806 903 1976 957 Opor-

400 990 497 1043 tet,
525 988 585 1034 ut
644 980 879 1034 alterum
922 981 1281 1049 negligamus.
1335 980 1506 1033 Porro
1547 978 1786 1033 studium
1833 978 1974 1046 parit

399 1071 560 1142 342
598 1071 893 1127 amicitiam
923 1111 938 1134 ,
982 1074 1269 1142 neglectus
1318 1088 1445 1128 vero
1476 1072 1684 1126 odium.
1712 1069 1972 1138 Quisquis

399 1165 567 1232 igitur
594 1164 777 1218 divina
822 1163 1190 1233 amplectitur,
1224 1165 1436 1218 amicus
1490 1164 1583 1217 Dei
1646 1172 1700 1218 et
1756 1169 1861 1228 est,
1920 1170 1973 1215 et

399 1252 622 1306 dicitur.
649 1252 750 1317 Qui
785 1266 914 1307 vero
944 1254 1111 1307 Deum
1165 1252 1552 1323 parvil'aciens,
1586 1251 1849 1305 mundum
1890 1250 1973 1303 di-

400 1345 541 1414 ligit,
568 1344 656 1399 hic
711 1345 854 1399 inter
915 1344 1171 1399 inimicos
1222 1342 1316 1398 Dei
1380 1345 1503 1413 jure
1543 1344 1968 1413 eompntahitur.

397 1435 666 1500 Quoniam
703 1450 833 1491 vero
862 1436 976 1491 luce
996 1437 1178 1491 omnia
1212 1451 1278 1490 ex
1333 1436 1646 1506 arrogantia
1694 1445 1742 1489 et
1775 1449 1969 1504 super-

374 1520 493 1593 ,hia'
512 1531 653 1588 falso
683 1533 991 1603 sapientum
1018 1534 1306 1589 doctorum
1333 1532 1468 1589 oriri
1529 1537 1815 1586 ostensum
1852 1535 1965 1590 cst,

2077 338 2370 409 τοιγαροῦν
2399 339 2569 392 ὄντων
2596 337 2704 390 τῶν
2725 338 2855 407 περὶ
2874 337 2909 390 ἃ
2936 337 3322 399 σπουδάζουσιν
3345 335 3442 389 ἀνθ
3450 353 3641 405 ρωποι,

2077 429 2215 483 Θεοῦ
2270 430 2371 483 καὶ
2403 430 2634 499 κόσμου,
2679 428 2775 481 καὶ
2827 427 2950 483 καθ’
3000 426 3263 499 ἑκάτερον
3304 424 3510 479 τούτων
3533 429 3644 479 τῶν

2077 522 2170 575 δύο
2202 523 2565 592 στεφομένων,
2599 521 2781 590 φιλίας
2820 522 2916 574 καὶ
2961 521 3174 589 μίσους,
3216 523 3346 589 περὶ
3389 522 3646 589 ὁπότερον

2076 614 2283 668 τούτων
2329 614 2723 678 σπουδάζοντες
2760 612 3264 682 καταληφθείημεν,
3301 613 3515 676 πάντως
3548 613 3641 667 τοῦ

2076 705 2268 776 ἑτέρου
2291 704 2633 773 ἀφειδοῦντες
2653 703 2932 774 όρώμεθα.
2959 705 3108 757 Hora!
3134 703 3193 758 δὲ
3247 706 3281 774 ἡ
3315 704 3414 774 μὲν
3447 700 3645 775 σπονδῆ

2077 796 2261 864 φιλίαν
2293 812 2309 829 ·
2344 797 2379 865 ἡ
2407 794 2464 849 δὲ
2495 795 2781 865 ὀλιγωρία,
2813 797 2994 864 μῖσος.
3028 796 3126 858 ’ος
3177 793 3272 848 οὑν
3324 795 3435 849 τῶν
3488 795 3643 848 Θείων

2078 887 2421 957 ἀντίσχηται,
2460 886 2611 955 φίλος
2645 886 2781 939 Θεοῦ
2809 886 2907 939 καὶ
2937 886 3055 939 ἔστι
3085 887 3180 939 καὶ
3207 886 3429 954 λέγεται
3459 903 3476 918 ·
3502 886 3557 950 ὃς
3585 888 3644 942 δὲ

2072 978 2210 1031 Θεοῦ
2241 978 2339 1047 μὲν
2363 977 2833 1048 κατολιγωρήσας,
2856 978 3062 1047 κόσμον
3081 977 3138 1030 δὲ
3164 978 3472 1047 ἠγάπησεν,
3492 973 3646 1043 οὗτος

2074 1070 2132 1121 ὲν
2158 1071 2271 1133 τοῖς
2301 1068 2516 1137 ἐχθροῖς
2539 1068 2633 1122 τοῦ
2659 1068 2794 1122 Θεοῦ
2820 1068 3374 1139 καταλογισθήσεται.
3413 1070 3562 1122 Ἐπεὶ
3586 1070 3643 1122 δὲ

2074 1158 2243 1211 ταῦτα
2278 1160 2454 1212 πάντα
2486 1158 2543 1226 ἐξ
2579 1159 2896 1223 ἀλαζονείας
2927 1158 3047 1231 [καὶ
3087 1160 3489 1232 ὑπερηφανίας]
3535 1161 3646 1215 τῶν

2072 1251 2424 1320 ψευδοσόφων
2452 1251 2667 1321 ἐδείχθη
2702 1249 3062 1323 [διδασκάλων
3094 1249 3386 1322 φυόμενα],
3408 1251 3648 1322 δευτέρῳ

2077 1342 2238 1396 πάλιν
2272 1341 2477 1413 ἐλέγχῳ
2533 1343 2817 1412 κέχρηται,
2870 1342 3144 1410 ἀνανῆψαι
3194 1341 3514 1412 βουλόμενος
3544 1343 3653 1409 τῆς

2079 1434 2247 1504 μέθης
2268 1434 2471 1496 αὐτῶν,
2505 1432 2625 1505 [καὶ
2648 1432 2742 1487 τοῦ
2768 1434 2943 1504 κάρου
2968 1432 3298 1506 ἀπαλλάξαι]
3322 1436 3450 1497 τοὺς
3478 1435 3646 1488 τοιοό-

2073 1541 2199 1587 τους
2226 1541 2241 1557 ·
2281 1524 2375 1577 καί
2394 1542 2556 1593 φησιν
2588 1541 2604 1559 ο

398 1623 505 1676 alio
526 1638 719 1679 rursus
747 1624 918 1678 utitur
937 1631 1280 1696 argumento,
1303 1622 1533 1693 cupiens
1562 1618 1830 1695 ejusmodi
1862 1616 2110 1671 homines
2142 1615 2211 1669 ab
2237 1614 2502 1672 ebrietate
2543 1614 2613 1669 ad
2683 1615 3034 1672 sobrietatem
3095 1616 3294 1684 redire,
3358 1630 3517 1689 atque
3576 1621 3647 1676 ab

398 1714 509 1768 alto
539 1730 735 1783 sopore
751 1715 1016 1779 liberare,
1032 1727 1086 1769 et
1115 1714 1190 1768 ait
1214 1732 1228 1768 :

468 1767 718 1871 illius},
754 1767 814 1859 6.
997 1767 1216 1875 putatis
1245 1807 1389 1875 quod
1420 1808 1658 1864 inaniter
1682 1807 1966 1875 Scriptura

2150 1812 2168 1846 ι
2210 1794 2274 1847 Εἰ
2329 1793 2539 1847 δοκεῖτε
2587 1793 2668 1847 ὅτι
2703 1792 2876 1856 κενῶς
3020 1792 3209 1865 Γραφὴ
3259 1794 3407 1863 λέγει
3434 1812 3452 1828 θ
3497 1798 3643 1868 Πρὸς

376 1887 584 1949 ἰιίειιιε
620 1894 700 1949 Ad
734 1894 995 1948 invidiam
1028 1894 1377 1963 concupiscit
1409 1896 1634 1964 spiritus
1686 1895 1777 1964 qni
1816 1893 1973 1947 habi-

398 1994 478 2040 tat
510 1986 561 2040 iu
595 1986 797 2041 vobis?
828 1983 1091 2053 Maiorem
1130 1992 1311 2040 autem
1344 1984 1439 2039 dat
1460 1985 1714 2055 gratiam.
1743 1986 1974 2053 Propter

400 2075 543 2145 quod
578 2076 713 2130 dicit
742 2092 757 2129 :
785 2074 927 2130 Deus
962 2076 1214 2144 superbis
1241 2075 1471 2141 resistit,
1528 2076 1830 2132 humilibus
1869 2090 1971 2130 au-

399 2178 508 2221 tem
539 2166 633 2222 dat
658 2169 908 2237 gratiam.
943 2186 961 2218 ›
998 2167 1128 2223 Tale
1150 2168 1429 2239 quidpiam
1454 2168 1542 2223 hic
1557 2183 1654 2239 per
1677 2169 1781 2224 ista
1806 2168 1974 2238 signi-

400 2262 549 2323 ﬁcat,
590 2259 829 2328 elliptico
854 2267 1014 2329 atque
1048 2259 1369 2317 abbreviato
1396 2275 1649 2315 sermone
1678 2267 1861 2323 utens,
1909 2274 1972 2315 ac

385 2350 447 2407 ,εἰ
472 2350 680 2403 diceret
713 2365 726 2400 :
762 2346 877 2419 Ego
904 2350 1124 2420 quidem
1177 2350 1416 2421 propriis
1446 2350 1631 2405 verbis
1651 2365 1747 2406 vos
1766 2350 1970 2405 hucus-

400 2455 506 2510 que
531 2442 866 2507 commonui,
892 2451 948 2496 ut
1001 2451 1149 2496 recte
1173 2451 1228 2496 et
1264 2443 1666 2513 inculpabiliter
1707 2441 1970 2512 sapientia

397 2541 581 2587 vestra
610 2534 861 2597 utamini.
890 2550 1025 2588 neve
1048 2551 1145 2604 per
1163 2535 1474 2605 superbiam
1506 2537 1624 2606 ipsa
1655 2538 1968 2600 abutentes,

398 2622 625 2677 verbum
700 2623 964 2679 doctrina:
1018 2625 1363 2682 adulteretis.
1421 2625 1476 2680 Si
1541 2642 1671 2682 vero
1724 2628 1887 2682 etiam
1937 2643 1968 2681 a

400 2726 558 2766 sacra
593 2711 879 2783 Scriptura
913 2712 967 2767 id
1000 2716 1205 2770 rescire
1230 2716 1447 2786 cupitis,
1505 2716 1689 2772 audite
1720 2734 1734 2771 :
1768 2736 1786 2769 ι
1826 2717 1968 2773 Deus

399 2802 652 2872 superbis
674 2803 880 2860 resistit
913 2806 978 2858 ³³.
1020 2825 1041 2859 ι
1078 2804 1133 2860 Si
1165 2806 1330 2878 igitur
1366 2825 1385 2860 ι
1424 2807 1567 2876 Deus
1601 2809 1850 2878 superbis
1877 2824 1964 2864 re-

400 2893 585 2960 sistit,
610 2911 633 2945 ι
664 2910 766 2951 nos
792 2903 972 2950 autem
1003 2896 1242 2951 inimicis
1270 2897 1525 2953 resistere
1557 2898 1819 2963 solemus,
1841 2913 1968 2970 pro-

399 2984 544 3041 ferto
577 2987 797 3058 superbi
826 2988 969 3042 inter
1011 2988 1265 3045 inimicos
1314 2988 1408 3044 Dei
1442 2991 1793 3061 computandi
1813 2998 1962 3047 sunt.

396 3073 517 3128 Non
539 3077 683 3129 enim
739 3092 876 3132 vane
907 3094 970 3133 ac
1000 3080 1286 3142 stulte,vel
1316 3079 1383 3133 ad
1413 3080 1673 3135 invidiam
1702 3081 1963 3151 impossi-

2074 1886 2269 1955 φθόνον
2298 1884 2554 1938 ἐπιποθεί
2577 1885 2638 1938 τὸ
2677 1884 2919 1955 πνεῦμα,
2952 1886 2981 1938 ὃ
3006 1887 3330 1957 κατῴκησεν
3371 1889 3428 1941 ὲν
3462 1890 3641 1961 ὑμῖννς

2073 1977 2317 2042 Μείζονα
2352 1979 2409 2032 δὲ
2444 1977 2626 2032 δίδωσι
2656 1979 2836 2048 χάριν.
2862 1978 2953 2030 Διὸ
2981 1978 3131 2046 λέγει
3159 1995 3173 2010 ·
3222 1980 3283 2032 ’0
3319 1980 3451 2045 Θεὸς
3474 1982 3645 2053 ὑπερ-

2073 2072 2303 2141 ηφάνοις
2333 2071 2740 2135 ἀντιτάσσεται,
2784 2072 3061 2134 ταπεινοῖς
3104 2070 3160 2123 δὲ
3192 2071 3377 2126 δίδωσι
3407 2074 3584 2146 χάριν.
3618 2095 3639 2127 ι

2073 2161 2323 2215 Τοιοῦτόν
2350 2179 2402 2214 τι
2431 2161 2604 2229 λέγων
2639 2162 2737 2216 καὶ
2767 2162 2943 2231 δηλῶν
2986 2163 3073 2217 διά
3105 2163 3331 2229 τούτων,
3379 2166 3646 2220 ἑλλειπτι-

2074 2255 2186 2317 κῶς
2218 2254 2417 2324 χρῆται
2453 2253 2531 2324 τῷ
2566 2254 2711 2323 λόγῳ
2740 2252 2858 2326 [καὶ
2890 2254 3098 2327 adimi],
3140 2256 3229 2309 διά
3268 2260 3367 2328 τὴν
3396 2258 3491 2312 τοῦ
3519 2276 3645 2312 συν-

2072 2347 2418 2419 τετμημένου
2444 2346 2605 2415 λόγου
2641 2346 2861 2417 χρῆσιν,
2902 2345 3045 2414 Ἐγὼ
3081 2347 3201 2417 μὲν,
3224 2348 3471 2415 φάσκων.
3503 2350 3643 2419 ὑμᾶς

2071 2439 2183 2498 τοῖς
2216 2438 2438 2500 οἰκείοις
2489 2437 2770 2507 ἐπέστησα
2817 2436 3017 2505 λόγοις,
3073 2439 3201 2510 περὶ
3243 2438 3307 2492 τὸ
3347 2439 3501 2501 εῠθὲς
3549 2443 3647 2497 καὶ

2072 2529 2492 2596 ἀκατάγνωστον
2518 2528 2618 2599 τῆς
2644 2529 2894 2599 χρήσεως
2923 2529 3023 2601 τῆς
3045 2530 3236 2600 σοφίας
3262 2531 3436 2600 ὑμῶν,
3464 2532 3537 2594 ὡς
3572 2532 3639 2586 ἂν

2075 2620 2149 2691 μὴ
2195 2620 2254 2685 ἐξ
2303 2620 2681 2691 ὑπερηφανίας
2714 2622 3140 2693 παραχρώμενοι
3171 2622 3342 2693 ταύτῃ
3389 2623 3639 2694 νοθεὺητε

2070 2711 2164 2765 καὶ
2196 2710 2395 2763 δολοϊτε
2440 2710 2532 2763 τὸν
2563 2708 2664 2779 τῆς
2716 2710 3066 2776 διδασκαλίας
3113 2712 3291 2779 λόγον.
3342 2713 3405 2765 Εἰ
3449 2713 3503 2766 δὲ
3547 2715 3638 2766 καὶ

2069 2803 2176 2856 ἀπὸ
2200 2801 2301 2872 τῆς
2334 2801 2555 2873 Γραφῆς
2585 2800 2742 2855 τοῦτο
2775 2801 3006 2871 ζητεῖτε,
3034 2802 3302 2857 ἀκούσατε
3330 2819 3345 2835 ·
3388 2822 3407 2855 ι
3439 2803 3637 2874 Κύριος

2071 2893 2438 2967 ὑπερηφάιος
2481 2895 2880 2949 ἀντιτάσσεται.
2904 2912 2923 2945 ι
2963 2894 3027 2947 Ei
3053 2889 3146 2949 οῦν
3197 2896 3311 2958 τοῖς
3361 2896 3640 2967 ὑπερηφάς

2068 3005 2181 3052 νοις
2253 2987 2911 3058 ἀντιτάσσεται,“ὲχθροῖς
2968 2986 3034 3057 δὴ
3101 2985 3163 3058 If.
3238 2985 3318 3058 δὲ]
3371 2987 3639 3060 είώθαμεν

2068 3078 2451 3134 ἀντιτάσσεθαι
2485 3094 2497 3109 ·
2561 3080 2781 3141 πάντως
2848 3095 2950 3132 που
3022 3080 3116 3132 καὶ
3175 3078 3511 3149 ὑπερήφανοι
3581 3080 3645 3134 ἐν

400 3164 541 3218 ἰήιίιι,
566 3165 727 3220 nobis
767 3167 1050 3238 Scriptura
1082 3172 1361 3240 proponit,
1390 3171 1483 3225 sed
1514 3171 1661 3239 quod
1710 3150 1969 3226 exhorta-

2073 3173 2182 3233 τοῖς
2236 3171 2450 3240 ἐχθροῖς
2504 3170 2964 3239 καταλογισθείεν.
3023 3172 3099 3225 Οὐ
3135 3171 3241 3241 γὰρ
3275 3171 3463 3236 κενῶς,
3519 3172 3637 3242 ἦτοι

399 3255 549 3309 tione
572 3269 673 3309 sua
704 3255 922 3309 edicere
950 3258 1155 3325 cupiat,
1192 3265 1252 3312 ut
1286 3260 1339 3311 in
1366 3260 1528 3313 nobis
1552 3260 1814 3314 inhabitet
1843 3276 1968 3330 gra-

400 3347 504 3400 tia.
527 3345 709 3411 Quare
744 3345 790 3401 si
824 3345 1122 3416 Scriptum
1144 3347 1514 3417 obsequentes
1538 3332 1693 3414 estis,
1716 3346 1971 3405 humilia-

405 3435 539 3489 niini
600 3450 785 3489 curam
846 3436 974 3501 Deo,
1003 3443 1066 3503 et,
1106 3435 1398 3492 invenietis
1437 3438 1693 3506 gratiam,
1746 3440 1838 3495 illo
1872 3457 1970 3497 vos

397 3526 698 3581 exaltante.
745 3527 1010 3596 Superbia
1042 3536 1126 3582 est
1173 3537 1549 3583 consummata
1582 3531 1827 3599 nequitia
1855 3571 1871 3598 ,
1905 3545 1970 3587 ac

397 3614 580 3671 differt
609 3631 639 3671 a
670 3631 808 3670 vana
840 3617 924 3671 sui
949 3617 1375 3684 existimatione,
1423 3619 1567 3688 quod
1612 3621 1866 3690 superbia
1898 3622 1970 3678 sit

399 3707 567 3762 animi
604 3708 770 3763 elatio
814 3723 879 3763 ex
939 3709 1029 3776 iis,
1064 3723 1186 3780 quae
1220 3710 1357 3765 alias
1389 3711 1600 3777 insunt;
1634 3711 1726 3766 illa
1748 3727 1881 3769 vero
1903 3727 1970 3767 ex

396 3798 490 3862 iis,
549 3814 671 3868 qua:
710 3800 858 3855 nullo
896 3802 1056 3855 modo
1086 3802 1377 3857 habentur.
1414 3801 1600 3857 Diﬂ‘crt
1653 3818 1779 3859 vero
1803 3804 1966 3859 etiam

394 3891 665 3947 modestia
691 3893 759 3948 ab
798 3893 1130 3960 humilitate,
1162 3897 1425 3965 quoniam
1454 3911 1516 3949 ea
1538 3896 1829 3966 quidem...
1856 3896 1967 3968 ($0)

397 3984 528 4052 Quae
556 3992 738 4040 autem
771 4002 799 4041 e
822 3986 1089 4042 diametro
1111 3987 1379 4059 superbia
1407 3990 1724 4059 opponitur,
1784 3989 1970 4044 mode-

398 4080 504 4131 stia
532 4093 627 4133 seu
657 4078 960 4144 humilitas,
995 4087 1077 4133 est
1135 4092 1387 4148 magnum
1426 4078 1655 4139 bonum.
1701 4078 1967 4143 Quoniam

395 4182 528 4222 vero
568 4176 801 4238 utraque
841 4168 896 4221 in
926 4168 1086 4222 nobis
1115 4166 1425 4223 voluntarie
1459 4168 1822 4238 progignitur,
1846 4169 1971 4239 qui-

395 4275 615 4329 cunque
643 4275 707 4314 ex
761 4260 1016 4329 superbia
1054 4274 1119 4314 se
1148 4260 1324 4329 ipsum
1386 4260 1611 4324 exaltat,
1650 4275 1680 4313 a
1743 4259 1969 4314 Domino

396 4350 797 4406 condemnatur
832 4360 887 4406 et
946 4352 1316 4406 humiliatur:
1377 4368 1501 4407 cum
1560 4368 1589 4407 c
1637 4361 1827 4411 contra
1866 4369 1968 4410 suo

2077 3259 2341 3329 ματαίως,
2368 3262 2401 3330 ἡ
2432 3260 2646 3331 Γραφὴ,
2678 3261 2710 3331 ἢ
2751 3262 2885 3331 πρὸς
2916 3261 3110 3332 φθόνον
3140 3263 3207 3317 τὰ
3231 3265 3478 3334 ἀμήχανα
3503 3268 3639 3335 ἡμῖν

2079 3350 2410 3423 διαγορεύει,
2453 3351 2568 3405 ἀλλ’
2597 3352 2935 3407 ἑπιποθοῦσα
2973 3354 3071 3423 τὴν
3102 3354 3189 3408 διά
3220 3354 3319 3425 τῆς
3354 3356 3637 3425 παρακλή-

2074 3460 2214 3508 σεως
2247 3444 2415 3515 αὐτῆς
2441 3445 2964 3517 ὲγκατοικιζομένην
3008 3449 3143 3518 ἡμῖν
3181 3449 3366 3520 χάριν.
3401 3449 3564 3501 Ὥστε
3586 3450 3639 3502 εί

2074 3536 2346 3606 πειθήνιοί
2378 3538 2501 3589 ὲστε
2534 3540 2599 3607 τῇ
2626 3537 2839 3607 Γραφῇ,
2871 3538 3252 3611 ταπεινώθητε
3284 3538 3514 3593 ἐνώπιον
3543 3540 3641 3592 τοῦ

2070 3626 2231 3695 Θεοῦ,
2266 3628 2363 3681 καὶ
2410 3626 2675 3697 εὑρήσετε
2729 3626 2828 3698 τὴν
2883 3628 2971 3682 διὰ
3031 3631 3130 3700 τῆς
3178 3631 3343 3685 αὑτοῦ
3382 3632 3640 3702 ὑψώσεως

2071 3721 2253 3792 χάριν.
2299 3720 2679 3790 ’Υπερηφανία
2710 3721 2767 3775 δέ
2797 3724 2944 3775 ἐστιν
2984 3724 3018 3792 ἡ
3048 3724 3130 3787 εἰς
3168 3724 3318 3788 τέλος
3351 3727 3639 3796 ἐπηρμένη

2070 3811 2258 3877 κακία,
2285 3811 2635 3882 ιδιαφέρουσα
2682 3811 2779 3883 τῆς
2821 3813 3070 3881 οἰήσεως,
3094 3815 3184 3885 ,ὅτι
3223 3817 3255 3885 ἡ
3299 3816 3397 3886 μὲν
3430 3817 3643 3887 ὑπερη-

2072 3902 2238 3971 φανία
2269 3902 2363 3955 ἐπὶ
2411 3904 2525 3965 τοῖς
2576 3903 2950 3973 ὑπηργμὲνοις
3000 3905 3136 3974 αὐτῇ
3194 3906 3585 3976 κατεπαίρεται
3619 3945 3638 3970 ,

2071 3994 2106 4060 ἡ
2147 3992 2323 4063 οἴησις
2354 3991 2410 4045 δὲ
2439 3993 2531 4045 ἐπὶ
2570 3992 2679 4044 τῶν
2711 3992 2846 4063 μηδὲ
2880 3993 3015 4057 ὅλως
3042 3994 3415 4064 ὑπαρχόντων.
3443 3996 3643 4066 Διαφέ-

2073 4100 2156 4153 ρει
2176 4084 2234 4137 δὲ
2267 4083 2363 4136 καὶ
2396 4083 2600 4152 ἀτυφία
2633 4084 2731 4153 τῆς
2754 4083 3156 4151 ταπεινώσεως,
3184 4087 3268 4140 ὅτι
3306 4090 3337 4157 ἡ
3373 4088 3472 4158 μὲν
3501 4087 3649 4141 κατὰ

2070 4175 2363 4245 διάμετρον
2391 4178 2425 4247 ἠ
2454 4176 2676 4244 ἀτυφία,
2709 4177 2827 4247 ἤτοι
2858 4178 3211 4244 ταπείνωσις,
3240 4177 3645 4251 [ἀντικειμένη]

2071 4266 2137 4335 τῇ
2167 4266 2536 4338 ὑπερηφανίᾳ,
2567 4266 2684 4318 ἐστι
2730 4267 2873 4335 μέγα
2914 4267 3118 4335 ἀγαθόν
3145 4284 3160 4298 ‘
3196 4271 3288 4323 καὶ
3317 4269 3504 4340 ἐπειδὴ
3532 4270 3646 4343 ἀμφ

2074 4354 2278 4423 φὸτερα
2328 4353 2727 4425 προαιρετικῶς
2757 4356 2886 4424 ἡμῖν
2916 4358 3211 4423 ἐγγίνεται,
3260 4361 3366 4420 πᾶς
3420 4357 3449 4410 ὁ
3497 4357 3643 4412 κατά

397 4450 642 4511 tempore
674 4444 1000 4497 exaltandus
1027 4443 1096 4498 sit
1125 4440 1241 4507 ille,
1277 4442 1366 4512 qui
1400 4458 1459 4498 se
1486 4442 1664 4512 ipsum
1722 4459 1819 4511 per
1853 4459 1969 4498 mo—

2075 4444 2395 4509 ἀλαζονείαν
2425 4444 2575 4514 ὑψῶν
2597 4444 2811 4509 ἑαυτὸν,
2836 4446 2972 4515 πρὸς
3012 4446 3089 4517 τῷ
3134 4447 3239 4501 ὑπὸ
3283 4447 3379 4501 τοῦ
3428 4448 3637 4516 Κυρίου

397 4530 625 4586 destiam
663 4533 1048 4599 humiliaverit,
1100 4543 1284 4602 utpote
1315 4532 1461 4603 quod
1523 4534 1614 4588 illa
1657 4533 1960 4589 certamina

397 4634 519 4684 quae
549 4623 960 4693 propter-ipsam
988 4622 1275 4688 subiverit,
1301 4622 1480 4691 ipsum
1511 4622 1579 4677 ad
1625 4625 1968 4693 spiritualem

400 4707 817 4776 sublimitatem,
868 4713 1139 4782 prehensa
1196 4711 1362 4766 veluti
1425 4727 1614 4776 manu,
1673 4713 1970 4769 deducent.

397 4801 595 4856 Aliter.
628 4800 839 4870 Cyrilli.
882 4818 901 4851 ι
958 4801 1014 4856 Si
1047 4801 1250 4857 invidia
1303 4804 1503 4859 diaboli
1540 4804 1783 4859 introivit
1824 4820 1970 4859 mors

399 4894 454 4947 in
484 4892 672 4946 orbem
702 4899 969 4946 terrarum
1008 4892 1075 4959 ³⁸,
1113 4913 1132 4945 ›
1164 4903 1216 4950 et
1250 4896 1295 4950 si
1355 4895 1409 4949 in
1463 4895 1727 4951 interiore
1775 4904 1963 4951 nostro

397 4983 621 5039 homine
649 4984 915 5062 habitavit
943 4984 1197 5040 Christus
1232 4984 1532 5050 secundum
1594 4984 1911 5055 Scripturas
1946 5026 1962 5051 ,

396 5076 607 5132 idcirco
662 5077 927 5133 habitavit
962 5078 1015 5131 in
1058 5078 1247 5144 nobis,
1274 5087 1333 5132 ut
1368 5078 1724 5134 iuvectamab
1759 5078 1962 5133 invidia

470 5252 517 5286 ³³
542 5252 704 5309 Prov.
741 5270 820 5317 nt,
850 5253 938 5309 54.
1015 5251 1055 5286 “
1086 5252 1229 5324 θείῳ.
1282 5268 1341 5317 ιι,
1374 5254 1461 5310 24.

2074 4534 2502 4605 κατακεκρῖσθαι
2544 4534 2624 4587 ἔτι
2663 4535 2759 4588 καὶ
2781 4537 3127 4590 ταπεινοῦται
3156 4538 3246 4591 ὑπ’
3280 4538 3442 4591 αὑτοῦ
3471 4538 3638 4607 ὑψου-

2074 4625 2238 4694 μένου
2292 4626 2349 4675 ὲν
2397 4623 2575 4693 καιρῷ
2603 4624 2696 4676 τοῦ
2725 4625 2867 4678 κατά
2917 4626 3151 4693 ἀτυφίαν
3203 4627 3638 4690 ταπεινώσαντος

2071 4714 2280 4778 ἑαυτὸν,
2332 4714 2430 4768 ἆτε
2480 4715 2587 4767 τῶν
2619 4714 2705 4767 ἐπ’
2734 4716 2871 4786 αὐτῇ
2913 4716 3089 4769 ἄθλων
3139 4717 3636 4789 ξεναγωγησάντων

2068 4807 2158 4859 τὸν
2202 4806 2542 4878 κεχρημένον
2582 4808 2718 4874 πρὸς
2775 4807 2906 4877 ὕψος
2958 4811 3350 4878 πνευματικόν.
3406 4810 3633 4875 ΙἌλλως,

2070 4898 2398 4965 Κιιρίλλου.
2443 4899 2507 4952 Ei
2535 4898 2713 4969 φθόνῳ
2741 4899 2984 4953 διαϐόλου
3019 4898 3248 4961 θάνατος
3278 4901 3522 4971 εἰσῆλθεν
3552 4901 3637 4966 εἰς

2070 4988 2162 5041 τὸν
2202 4987 2425 5058 κόσμον,
2461 4993 2557 5043 καὶ
2597 4992 2646 5044 εί
2697 4990 3012 5063 κατῴκησεν
3057 4992 3137 5054 εἰς
3190 4991 3280 5044 τὸν
3323 4992 3432 5044 ἔσω
3479 4991 3638 5065 ἡμῶν

2070 5074 2355 5133 ἀνθοωπον
2383 5079 2411 5130 ὁ
2457 5081 2713 5153 Χριστὸς,
2749 5084 2889 5137 κατά
2931 5083 3029 5139 τάξ
3074 5083 3112 5136 Γ
3118 5082 3318 5155 ραφάς,
3360 5081 3456 5139 διὰ.
3476 5079 3637 5136 τοῦτο

1650 5391 1953 5455 Bonifacii
1988 5391 2224 5454 Finetti
2267 5399 2450 5456 notae.

471 5515 581 5586 (40)
615 5517 709 5572 Hic
742 5518 997 5573 nonnulla
1034 5519 1245 5581 deesse,
1279 5517 1625 5588 ρει-βρίθουσα
1660 5529 1763 5575 est.
