4020 6214
332 295 474 362 1177

1170 305 1574 367 EXPOSITIO
1612 308 1694 369 IN
1729 311 1965 371 EPIST.
2009 314 2071 373 δ’.
2111 313 2659 376 JACOBI.—CAP.
2692 316 2794 377 IV.

3441 322 3579 395 1178

336 408 676 481 κατῴκησεν,
736 411 823 466 ἵνα
864 412 957 467 τὸν
1006 415 1069 468 ἐκ
1114 415 1206 469 τοῦ
1254 418 1448 487 φθόνου
1480 421 1904 492 προσγινόμενον

2011 433 2239 479 mortem
2274 425 2328 480 in
2361 425 2521 480 nobis
2555 425 2879 483 destrueret.
2916 425 3113 484 Verum
3139 445 3246 486 non
3281 432 3579 494 hocsolutn

339 502 568 556 θάνατον
626 507 973 578 καταργήσῃ.
1030 508 1139 562 Καὶ
1196 510 1258 563 οὗ
1312 512 1473 582 μόνον
1518 515 1716 577 τοῦτο,
1771 516 1904 568 ἀλλὰ

344 613 362 645 ι
391 597 486 649 καὶ
546 597 769 665 μείζονα
820 598 1005 653 δίδωσι
1055 602 1236 671 χάριν.
1285 622 1304 655 ι
1358 602 1499 672 Ἐγὼ
1533 607 1640 677 γάρ
1670 603 1902 678 «ἦλθον,

336 685 521 753 φησὶν,
556 684 641 737 ἵνα
690 685 835 757 ζωὴν
866 686 1029 756 ἔχωσι
1066 690 1158 742 καὶ
1185 694 1445 763 περισσὸν
1474 694 1687 764 ἔχωσιν.
1727 716 1745 748 ι
1782 698 1903 751 Ὀτι

335 777 391 837 δὲ
441 778 779 846 ἐπιποθήσας
824 780 972 849 ἡμᾶς
1025 783 1052 834 6
1106 782 1236 845 Θεὸς
1286 784 1609 856 κατῴκησεν
1660 789 1718 841 ἐν
1747 792 1901 859 ἡμῖν,

311 905 315 908 μ
348 865 575 928 Ἡσαΐας
603 868 869 936 ἐδήλωσεν
902 870 1097 924 εἰπών·
1128 875 1241 926 Οὐκ
1265 876 1515 944 ἄγγελος,
1548 880 1608 930 οὐ
1638 880 1901 949 πρέσϐυς,

335 956 448 1009 ἀλλ’
479 978 497 1008 ι
539 959 698 1021 αὐτὸς
736 981 754 1012 ι
791 961 818 1013 6
862 962 1066 1030 Κύριος
1103 984 1121 1016 ι
1157 964 1360 1020 ἔσωσεν
1415 971 1562 1039 ἡμᾶς
1598 991 1616 1023 ι
1658 972 1769 1043 [διὰ
1807 975 1901 1027 τοῦ

333 1052 552 1121 ἀγαπᾷν
586 1054 733 1122 ἡμᾶς
767 1055 857 1108 καὶ
886 1056 1145 1125 κήδεσθαι
1176 1059 1381 1130 ἡμῶνᾟ.
1434 1063 1553 1123 Πῶς
1583 1065 1640 1116 δὲ
1673 1066 1767 1117 καὶ
1799 1064 1902 1118 σώ-

334 1160 433 1207 σας
483 1145 648 1199 ἔδωκε
700 1165 719 1197 ι
758 1148 918 1218 χάριν
970 1150 1281 1219 μείζονας»
1354 1155 1613 1213 Καθελὼν
1662 1158 1752 1211 τὸν
1783 1160 1903 1212 ἐπι-

334 1233 700 1288 ϐουλεύσαντα
759 1237 1023 1293 Σατανᾶν.
1077 1242 1174 1293 Διὰ
1204 1241 1361 1296 τοῦτο
1413 1245 1521 1316 γάρ
1577 1248 1855 1317 ἐπήγαγεν
1882 1264 1897 1279 ’

343 1326 403 1378 '0
433 1328 564 1388 Θεὸς
591 1328 962 1397 ὑπερηφάνοις
992 1333 1394 1388 ἀντιτάσσεται.
1431 1355 1450 1388 ι
1499 1337 1621 1401 Πῶς
1652 1337 1761 1409 γὰρ
1801 1340 1900 1408 οὐκ

333 1419 685 1488 ὑπερήφανος
714 1422 742 1472 6
771 1420 910 1491 βοῶν
938 1440 954 1456 ·
1001 1442 1021 1476 ι
1059 1425 1170 1496 Τὴν
1198 1428 1526 1499 οἰκουμένην
1566 1430 1695 1502 ὃλην
1736 1450 1902 1488 κατα-

331 1509 571 1580 λήψομαι
600 1514 665 1581 τῇ
707 1513 851 1583 χειρὶ
883 1515 959 1573 ὡς
988 1518 1238 1584 νοσσιάν;
1282 1537 1300 1570 ι

410 1622 429 1653 ι
459 1602 795 1675 Ὑποτάγητε
816 1598 907 1657 οὖν
930 1604 1008 1674 τῷ
1029 1607 1147 1677 Θεῷ
1168 1623 1182 1637 °
1224 1608 1510 1681 ἀντίστητε
1536 1613 1614 1683 τῷ
1643 1614 1893 1686 διαϐόλῳ,

332 1695 428 1748 καλ⁵
461 1695 715 1762 φεύξεται
737 1698 830 1764 ἀφ’
864 1697 1040 1767 ὑμῶν.
1088 1700 1374 1768 Ἐγγίσατε
1403 1703 1480 1770 τῷ
1511 1704 1651 1771 Θεῷ,
1682 1708 1779 1761 καὶ
1807 1709 1894 1774 ιγ-

328 1787 440 1852 γιεῖ
461 1787 609 1852 ὑμῖν.
644 1786 989 1858 Καθαρεσατε
1016 1791 1226 1859 χεῖρας,
1260 1791 1594 1862 ἁμαρτωλοὶ,
1624 1796 1717 1848 καὶ
1744 1798 1894 1863 ἀγνί-

332 1894 460 1930 σατε
502 1877 756 1946 καρδίας,
792 1878 1028 1948 δίψυχοι.
1061 1880 1528 1951 Ταλαιπωρήσατε
1554 1886 1649 1938 καὶ
1696 1888 1899 1959 πενθή-

330 1984 459 2021 σατε
491 1969 585 2022 καὶ
620 1969 890 2023 κλαύσατε
919 1988 933 2002 ·
957 1973 985 2024 6
1023 1972 1196 2039 γέλως
1222 1974 1377 2046 ὑμῶν
1407 1978 1487 2041 εἰς
1504 1979 1700 2043 πένθος
1729 1998 1897 2049 μετα-

327 2063 614 2131 τραπήτω,
661 2063 756 2114 καὶ
802 2063 834 2120 ἡ
885 2065 1027 2133 χαρά
1056 2065 1137 2128 εἰς
1157 2068 1893 2141 κατήφειαν.Ταπεινιί›θητε

326 2150 557 2205 ἐνώπιον
587 2151 682 2204 τοῦ
713 2153 940 2224 κυρίου,
988 2155 1086 2208 καὶ
1117 2156 1322 2226 ὑψώσει
1362 2159 1526 2229 ὑμᾶς.
1563 2181 1580 2212 ι
1629 2162 1895 2232 Διψύχους

324 2240 479 2308 λέγει
526 2244 653 2304 τοὺς
707 2243 780 2314 μὴ
831 2244 957 2297 καθ’
988 2245 1084 2299 ἕνα
1113 2249 1315 2317 τρόπον
1361 2250 1460 2321 ζῇν
1516 2253 1892 2322 αἱρουμένους,

324 2331 441 2386 ἀλλ’
488 2334 792 2402 ἀγομένους
837 2338 933 2390 καὶ
964 2336 1319 2407 πειθομένους
1372 2340 1635 2411 διηνεκῶς
1689 2346 1754 2412 τῇ
1804 2343 1896 2414 βίᾳ

322 2422 434 2475 τῶν
476 2421 779 2493 ἀνθρώπιον
807 2438 824 2456 ⁸
877 2424 940 2478 οὒ
978 2427 1088 2496 γάρ
1121 2428 1228 2481 εῑσι
1272 2430 1593 2498 μονότροποι
1649 2433 1708 2483 ἐν
1760 2432 1895 2501 οἴκῳ

322 2511 429 2564 ὑπὸ
483 2512 690 2582 Κυρίου
742 2515 1203 2583 κατοικιζόμενοι.
1259 2516 1382 2570 Ὀτι
1428 2518 1486 2570 δὲ
1518 2518 1667 2589 ψυχὴ
1718 2524 1814 2574 καὶ
1862 2522 1896 2591 ἡ

324 2601 437 2673 ζωὴ
467 2601 706 2671 λέγεται,
735 2605 795 2659 τὸ
842 2607 901 2658 ὲν
937 2606 1058 2659 ’1ὼῦ
1087 2609 1235 2678 ἡμᾶς
1264 2606 1492 2674 διδάξει,
1534 2611 1616 2671 τὸ,
1658 2629 1677 2662 ι
1709 2611 1897 2682 Δέρμα

325 2697 430 2749 ὑπὸ
457 2698 748 2768 δέρματος,
781 2700 879 2754 καὶ
906 2701 1085 2755 πάντα
1113 2703 1213 2756 ὅσα
1247 2703 1361 2773 ἔχει
1408 2703 1568 2758 δώσει
1609 2704 1896 2778 ἄνθρωπος

324 2787 466 2859 ὑπὲρ
491 2790 592 2858 τῆς
619 2790 795 2860 ψυχῆς
832 2791 1022 2860 αὐτοῦ,
1067 2812 1086 2846 ι
1122 2793 1241 2863 ἦτοι
1283 2795 1378 2863 τῆς
1411 2794 1578 2863 ζωῆς.

398 2983 417 3017 ι
453 2964 544 3032 Μὴ
567 2965 917 3019 καταλαλεῖτε
953 2967 1473 3039 ἀλλήλων.άδελφοί.
1503 2972 1561 3025 Ὀ
1588 2972 1695 3044 γάρ
1727 2991 1894 3028 κατα·

2009 513 2096 567 ille
2123 515 2280 569 nobis
2310 523 2528 584 prastat
2556 554 2573 577 ,
2612 517 2708 570 sed
2749 504 2921 571 etiam
2953 536 2972 568 ι
3020 518 3282 588 majorem
3307 523 3399 577 dat
3450 541 3576 595 gra-

2009 603 2158 658 tiam.
2200 623 2218 654 ι
2250 603 2360 674 Ego
2390 607 2536 659 enim
2581 625 2600 657 ι
2644 607 2788 668 veni,
2816 607 3015 675 inquit,
3045 619 3103 662 ιιι
3128 611 3293 664 vitam
3320 613 3575 683 habeant,

2005 700 2060 746 et
2097 693 2463 750 abundantius
2500 694 2736 749 habeant
2759 696 2831 749 ³⁸.
2870 714 2888 747 ι
2919 698 3073 762 Quod
3117 714 3245 754 vero
3278 704 3451 756 nostri
3477 704 3575 760 de-

2006 785 2212 841 siderio
2238 784 2380 839 Deus
2406 785 2730 841 habitaverit
2778 788 2831 840 in
2866 789 3044 848 nobis.
3087 787 3258 844 Isaias
3311 792 3575 858 declarat,

2005 875 2194 929 dicens
2216 876 2258 907 ³⁸
2291 874 2449 929 :Nen
2481 877 2730 943 angelus,
2768 892 2876 931 non
2909 878 3117 945 legatus
3159 880 3457 948 quispiam,
3481 884 3575 937 sed

2007 969 2121 1035 ipse
2189 967 2450 1021 Dominus
2507 968 2753 1022 salvavit
2794 984 2915 1034 nos,
2980 970 3105 1036 quia
3170 969 3421 1026 videlicet
3476 990 3576 1029 nos

2002 1055 2162 1127 333
2193 1066 2358 1119 amat,
2387 1058 2669 1125 nostrique
2701 1072 2885 1111 curam
2936 1059 3093 1126 gerit.
3136 1059 3418 1124 Quomodo
3451 1080 3576 1118 vero

2005 1145 2255 1200 Salvator
2283 1156 2465 1200 noster
2497 1165 2516 1197 ι
2550 1148 2809 1215 majorem
2829 1148 2975 1201 dedit
2998 1150 3230 1217 gratiam
3271 1150 3293 1202 ?
3328 1170 3345 1202 ι
3375 1151 3576 1219 Nempe

2003 1240 2312 1307 dejiciendo
2338 1240 2690 1294 insidiantem
2727 1239 3007 1294 Satanam.
3062 1239 3270 1297 Idcirco
3305 1244 3526 1297 additur
3558 1262 3570 1296 :

1970 1351 2026 1384 ac
2065 1332 2205 1386 Deus
2262 1330 2510 1399 superbis
2578 1333 2803 1387 resistit.
2870 1352 2887 1383 ι
2946 1332 3233 1394 Quomodo
3273 1335 3418 1388 enim
3468 1350 3574 1387 non

2000 1425 2269 1493 superbus
2299 1424 2413 1489 ille,
2458 1424 2551 1491 qui
2601 1423 2871 1478 clamabat
2902 1423 2944 1454 ³⁷
2987 1441 3000 1477 :
3037 1444 3053 1474 ι
3097 1423 3414 1479 Universum
3462 1432 3576 1478 ter-

1999 1529 2115 1568 ram
2137 1513 2589 1581 comprehendam
2612 1530 2769 1568 manu
2798 1530 2936 1576 mea,
2963 1523 3219 1585 tanquam
3240 1516 3520 1571 nidulum?
3548 1534 3565 1566 ι

2070 1604 2235 1660 Vsus.
2273 1606 2433 1661 7‘10.
2473 1623 2492 1657 ι
2536 1603 2756 1662 Snbditi
2780 1622 2911 1676 ergo
2960 1616 3135 1661 estate
3165 1606 3272 1659 Deo
3303 1607 3576 1661 :resistite

1999 1707 2179 1754 autem
2221 1699 2463 1762 diabolo,
2491 1707 2547 1753 et
2575 1698 2747 1768 fugiet
2810 1714 2841 1752 a
2900 1699 3072 1753 vobis.
3133 1700 3577 1767 Appmpiuquate

2001 1791 2129 1857 Deo,
2166 1798 2220 1845 et
2266 1792 2723 1860 appropinquabit
2766 1791 2941 1843 vobis.
2999 1790 3303 1843 Eunmdate
3354 1804 3570 1851 manus,

1999 1891 2354 1951 peccatores:
2395 1890 2450 1936 et
2490 1881 2776 1951 puriticate
2822 1880 3013 1942 corda,
3068 1878 3313 1948 duplices
3365 1881 3572 1934 animo.

1997 1972 2175 2026 Miseri
2208 1980 2404 2035 estote,
2437 1979 2490 2025 et
2512 1972 2716 2039 lugete,
2749 1978 2803 2023 et
2825 1970 3034 2038 plorate
3070 1987 3083 2022 :
3125 1971 3270 2024 risus
3308 1978 3488 2023 vester
3517 1971 3570 2023 in

1998 2062 2200 2117 luctum
2229 2067 2607 2123 convertatur,
2644 2060 2901 2129 gaudium
2934 2060 2988 2114 in
3021 2075 3344 2114 maerorem.
3380 2057 3572 2111 "umi-

1998 2147 2203 2202 liamitti
2238 2148 2292 2202 in
2353 2158 2649 2217 conspectu
2706 2147 2947 2208 Domini,
2978 2157 3033 2200 et
3080 2147 3345 2200 exaltabit
3394 2161 3510 2200 vos.
3547 2164 3565 2195 ι

1996 2242 2249 2312 anlices
2271 2240 2457 2295 animo
2478 2238 2609 2292 dicit
2637 2252 2754 2299 eos.
2775 2237 2868 2305 qui
2899 2236 3142 2290 eamdem
3173 2235 3294 2289 vita:
3326 2243 3569 2289 tenurem

1957 2362 1965 2367 -
1996 2347 2218 2388 servare
2247 2347 2357 2385 non
2390 2339 2587 2385 curant
2618 2368 2633 2391 ,
2670 2328 2765 2383 sed
2788 2343 2848 2382 se
2880 2326 3160 2381 hominum
3192 2328 3240 2379 vi
3290 2336 3453 2394 atque
3480 2340 3574 2379 ne-

1994 2424 2167 2493 quitia
2185 2420 2560 2477 indesinenter
2581 2419 2751 2487 abripi
2801 2425 2964 2485 atque
2985 2417 3328 2472 circumferri
3350 2417 3569 2484 patiun-

1997 2522 2087 2569 tur
2120 2529 2135 2567 :
2170 2512 2414 2579 adeoque
2439 2527 2548 2565 non
2608 2529 2625 2561 ι
2665 2510 2914 2564 halfg‘ant
2954 2507 3119 2562 unius
3165 2507 3331 2561 moris
3372 2507 3425 2560 in
3475 2505 3572 2560 do-

1998 2619 2090 2659 mo
2118 2605 2198 2655 ³⁸)
2223 2604 2453 2673 subjecti
2475 2602 2723 2656 Domino.
2746 2599 2898 2666 Quod
2925 2607 3103 2654 autem
3128 2599 3321 2652 animae.
3352 2597 3571 2650 nomine

1998 2698 2111 2752 vita
2139 2696 2495 2767 significetur,
2521 2703 2735 2749 constat
2763 2708 2829 2747 ex
2866 2707 2952 2754 eo.
2998 2692 3141 2761 quod
3203 2691 3258 2745 in
3304 2688 3405 2743 Joh
3439 2687 3573 2744 dici-

1996 2798 2085 2843 tur
2111 2789 2157 2822 ³³
2195 2804 2209 2840 :
2246 2806 2267 2840 ι
2305 2787 2505 2842 Pellem
2557 2801 2655 2857 pro
2695 2786 2855 2856 pelle,
2900 2793 2955 2840 et
3004 2795 3196 2839 cuncta
3229 2797 3349 2851 quae
3385 2781 3566 2846 habet,

1996 2879 2150 2934 dabit
2184 2880 2346 2935 homo
2382 2894 2479 2948 pro
2502 2879 2681 2931 anima
2717 2892 2840 2939 sua,
2888 2894 2908 2927 ι
2948 2874 2998 2928 id
3020 2883 3102 2928 est
3136 2888 3232 2942 pro
3261 2873 3390 2926 vita.

2071 2968 2233 3025 Vens.
2271 2970 2357 3032 Η,
2405 2970 2498 3022 12.
2566 2987 2584 3019 ι
2641 2965 2818 3022 Nolite
2877 2966 3170 3020 detrahere
3224 2965 3565 3025 alterutrum,

319 3053 498 3109 λαλιῖν
530 3056 784 3124 ἀδελφοῦ,
823 3057 855 3127 ἢ
900 3057 1102 3128 κρίνων
1132 3059 1219 3112 τὸν
1251 3061 1478 3131 ἀδελφὸν
1518 3064 1681 3116 αὖτοῦ
1721 3081 1889 3117 κατα-

1996 3063 2213 3119 fratres.
2243 3062 2345 3128 Qui
2372 3061 2610 3115 detrahit
2645 3060 2821 3123 fratri,
2852 3060 3056 3126 autqui
3105 3056 3315 3124 iudicat
3348 3054 3565 3108 fratrem

320 3145 474 3202 λαλεῖ
499 3150 686 3219 νόμου,
722 3150 816 3203 καὶ
853 3151 1029 3220 κρίνει
1058 3154 1242 3223 νόμον.
1284 3157 1347 3208 El
1381 3156 1436 3209 δὲ
1467 3157 1630 3226 νόμον
1665 3160 1889 3227 κρίνεις,

2002 3169 2195 3216 suum,
2230 3152 2470 3207 detrahit
2506 3151 2634 3221 legi,
2693 3160 2748 3206 et
2798 3149 3005 3219 iudicat
3045 3148 3240 3216 legem.
3303 3146 3359 3200 Si
3389 3156 3567 3199 autem

319 3231 418 3291 οὐκ
452 3236 503 3292 εἴ
553 3241 783 3310 ποιητὴς
848 3241 1035 3311 νόμου,
1087 3243 1220 3296 ἀλλὰ
1271 3246 1486 3315 κριτής.
1547 3243 1640 3309 Εἷς
1686 3250 1834 3300 ἐστιν
1864 3251 1892 3302 6

1996 3245 2421 3313 indicaslegem,
2447 3259 2553 3296 non
2568 3258 2626 3295 es
2655 3242 2826 3295 factor
2854 3242 3007 3309 legis,
3041 3240 3135 3294 sed
3184 3238 3376 3307 judex.
3411 3237 3564 3293 Unus

318 3329 615 3399 νομοθέτης
646 3331 741 3384 καὶ
780 3333 994 3398 κριτὴς,
1027 3333 1055 3384 6
1091 3333 1386 3397 δυνάμενος
1437 3336 1609 3388 σῶσαι
1636 3338 1730 3389 καὶ
1755 3339 1890 3391 ἁπο-

317 3420 490 3474 λέσαι.
529 3440 547 3471 ι
582 3417 703 3474 Οἷδε
754 3422 854 3489 τὴν
928 3424 1307 3490 ὑπερηφανίαν
1350 3425 1408 3488 ἐξ
1450 3427 1748 3495 ὑπεροψίας
1795 3428 1890 3480 καὶ

320 3508 655 3568 καταλαλιᾶς
689 3510 860 3561 κινεῖν
891 3509 1032 3559 κατὰ
1062 3508 1170 3560 τῶν
1203 3511 1461 3561 ἐπιεικῶν
1502 3512 1890 3577 ἐπειγομένους

320 3601 401 3662 εἰς
428 3599 665 3668 παντελῆ
687 3598 1056 3664 ὲξουδένωσιν.
1076 3598 1279 3652 Τούτου
1308 3599 1402 3654 οὖν
1424 3600 1652 3667 ἀπάγων
1673 3601 1886 3667 αὐτοὺς,

320 3692 408 3743 διὰ
450 3690 558 3743 τῶν
589 3690 963 3760 προκειμένων
999 3692 1350 3761 σωφρονίζειν
1396 3692 1661 3761 βούλεται.
1709 3693 1782 3745 Τὸ
1811 3693 1889 3756 δὲ,

326 3801 347 3832 ι
379 3781 586 3850 κρίνειν
633 3780 876 3852 [Ῑ.-νει]
907 3783 1092 3851 νόμον,
1131 3802 1150 3834 ι
1205 3784 1326 3836 ἀντὶ
1377 3785 1496 3848 τοῦ,
1552 3785 1889 3849 κατακρίνει,

320 3875 676 3941 καταφρονεῖ.
727 3872 786 3926 '0
837 3873 946 3942 γὰρ
984 3874 1325 3943 κατακρίνων
1367 3874 1477 3927 ἀπὸ
1542 3876 1889 3944 καταφρονή-

323 3980 462 4026 σεως
493 3964 652 4017 τοῦτο
681 3967 844 4018 ποιεῖ.
883 3965 1038 4018 Ποῖον
1063 3964 1119 4017 δὲ
1151 3965 1313 4035 νόμον
1340 3982 1355 4031 ;
1394 3963 1618 4035 Πρῶτον
1659 3965 1759 4034 μὲν
1799 3965 1891 4019 τὸν

318 4056 706 4123 διαγορεύοντα
729 4072 746 4089 ·
779 4074 798 4107 ι
834 4055 925 4125 Μὴ
959 4055 1196 4117 κρίνετε,
1231 4056 1323 4108 καὶ
1356 4056 1416 4108 οὐ
1450 4056 1523 4126 μὴ
1558 4056 1785 4127 κριθῆτε
1820 4072 1835 4088 ·
1867 4075 1886 4108 ι

235 4160 238 4161 ⁷
325 4145 520 4198 ἔπειτα
549 4147 644 4198 καὶ
676 4146 768 4199 τὸν
797 4145 880 4217 [εν
908 4145 1181 4217 Ψαλμοῖς]
1203 4163 1217 4177 ·
1274 4163 1294 4197 ι
1331 4145 1435 4199 Τὸν
1482 4146 1891 4201 καταλαλοῦντα

320 4238 499 4311 λάθρα
534 4240 625 4293 τὸν
650 4240 877 4309 πλησίον
908 4239 1097 4305 αὐτοῦ,
1131 4238 1319 4292 τοῦτον
1366 4239 1649 4304 ὲξεδίωκον
1685 4255 1701 4272 ο
1745 4258 1764 4291 ι
1797 4241 1892 4293 καὶ

321 4332 404 4386 ὅτι
472 4333 581 4386 ἀπδ
641 4334 1098 4404 καταφρονήσεως
1148 4332 1306 4386 τοῦτο
1369 4334 1596 4401 γίνεται,
1655 4334 1889 4401 ὲπάγει’

1950 4073 1955 4076 ’
1993 4060 2181 4115 Primo
2224 4074 2368 4123 eam,
2398 4072 2521 4127 qua:
2565 4058 2641 4109 ait
2686 4075 2702 4111 :

1991 3346 2073 3391 est
2101 3334 2380 3403 legislalor
2415 3332 2657 3401 etjudex
2688 3331 2779 3398 qui
2835 3339 3010 3398 potest
3061 3330 3288 3398 perdere
3336 3338 3388 3384 et
3434 3332 3568 3384 libe-

1990 3442 2136 3482 rare.
2172 3445 2191 3476 ι
2227 3424 2391 3481 Novit
2422 3424 2723 3493 apostolus,
2746 3423 3056 3492 superbiam
3080 3438 3195 3485 eos,
3231 3422 3322 3491 qui
3377 3432 3569 3476 contra

1991 3518 2153 3571 mites
2177 3516 2449 3573 nituntur,
2476 3529 2539 3565 ex
2570 3514 2822 3580 neglectu
2874 3520 2929 3566 et
2982 3511 3319 3568 detractione
3347 3509 3412 3565 ad
3450 3525 3570 3580 per-

1995 3605 2198 3659 fectum
2230 3610 2603 3671 contemptum
2633 3602 2934 3669 impellere.
2976 3602 3058 3656 Ab
3131 3603 3235 3657 hoc
3287 3603 3450 3672 igitur
3508 3612 3570 3656 ut

1993 3693 2143 3763 ipsos
2199 3692 2518 3757 abduceret,
2591 3691 2893 3760 propositis
2931 3692 3110 3747 verbis
3159 3693 3438 3747 modestos
3471 3709 3569 3748 eos

1993 3784 2221 3840 reddere
2251 3783 2466 3837 nititur.
2524 3783 2657 3837 Illud
2693 3791 2872 3836 autem
2928 3800 2946 3832 ι
2984 3783 3192 3849 jndicat
3228 3801 3249 3833 ι
3306 3783 3408 3837 hoc
3448 3786 3568 3839 loco

1996 3873 2227 3944 perinde
2261 3874 2423 3939 valet,
2485 3886 2551 3926 ac
2601 3872 2847 3933 damnat,
2903 3873 3221 3927 contemnit.
3274 3872 3376 3936 Qui
3422 3873 3565 3928 enim

1992 3967 2345 4032 condemnat,
2379 3982 2443 4019 ex
2471 3972 2787 4033 contemptu
2809 3964 2912 4019 hoc
2945 3962 3098 4018 facit.
3122 3962 3317 4034 Legem
3341 3980 3353 4016 :
3379 3963 3572 4033 quam?

2766 4074 2787 4108 ι
2824 4054 3003 4109 Nolite
3053 4056 3314 4124 indicare,
3354 4064 3412 4109 ut
3459 4071 3567 4112 non

1988 4150 2311 4223 judieemini
2341 4150 2449 4202 “.i
2488 4146 2698 4203 Deinde
2743 4164 2885 4212 eam,
2909 4164 3030 4218 quae
3065 4150 3119 4203 in
3149 4147 3381 4203 Psalmis
3437 4151 3569 4204 sub-

1993 4244 2287 4305 indicatur,
2325 4240 2417 4295 ubi
2449 4240 2695 4295 dicitur:
2729 4257 2749 4290 ι
2784 4239 3167 4294 Detrahentem
3196 4247 3411 4294 secreto
3435 4255 3564 4309 pro-

1993 4335 2140 4388 ximo
2172 4347 2295 4397 suo,
2337 4331 2488 4385 hunc
2520 4328 2969 4400 persequebar“.
3000 4349 3020 4381 ι
3055 4328 3120 4384 Et
3148 4329 3407 4399 quoniam
3466 4331 3568 4384 hoc

324 4440 347 4476 ι
379 4424 440 4477 Et
485 4424 540 4477 δί
589 4425 753 4491 νόμον
796 4426 1025 4495 κρίνεις,
1063 4426 1162 4478 οὐκ
1193 4422 1243 4477 εἶ
1268 4427 1499 4495 ποιητὴς
1524 4425 1716 4494 νόμου.
1757 4444 1777 4476 ι
1813 4416 1890 4476 OB

1996 4440 2059 4480 ex
2092 4432 2409 4493 contemptu
2448 4424 2714 4493 procedit,
2744 4423 3028 4491 subiungit
3065 4438 3079 4473 :
3116 4440 3134 4473 ι
3175 4422 3230 4477 Si
3261 4431 3441 4476 autem
3470 4422 3567 4490 ju-

316 4514 429 4583 γάρ
471 4532 555 4576 τις
614 4518 970 4584 καταφρονεῖ,
1000 4516 1114 4578 πῶς
1157 4516 1405 4581 ἀνέξεται
1461 4516 1554 4568 ὑπ’
1611 4515 1759 4584 αὐτῷ
1811 4514 1892 4567 ἔτι

320 4604 421 4673 ζῇν
449 4622 463 4669 ;
499 4605 590 4673 Μὴ
624 4600 736 4666 οὖν,
774 4608 960 4674 φησιν,
1011 4605 1302 4669 ὲξουδενῶν
1330 4607 1425 4661 καὶ
1454 4606 1646 4676 ὥσπερ
1678 4606 1891 4658 ἀντινο-

321 4691 564 4761 μοθετῶν
601 4692 863 4746 διάκεισο.
900 4693 976 4745 Οὐ
1008 4694 1116 4762 γάρ
1164 4695 1375 4762 ἐφεῖταί
1415 4711 1518 4759 σοι,
1565 4694 1684 4760 ἑνὸς
1727 4695 1889 4765 μόνου

319 4782 472 4844 ὄντος
521 4784 812 4853 νομοθέτου
859 4782 956 4836 τοῦ
1014 4785 1149 4837 Θεοῦ
1175 4824 1189 4847 ,
1243 4785 1339 4837 τοῦ
1385 4785 1686 4854 δυναμένου
1760 4786 1889 4848 τοὺς

320 4890 395 4925 πα
406 4873 645 4943 ρασάτας
666 4873 759 4927 τοῦ
780 4874 945 4945 νόμου
971 4875 1132 4928 αὐτοῦ
1164 4891 1184 4924 ι
1229 4874 1399 4926 σῶσαι
1422 4875 1516 4927 καὶ
1540 4874 1801 4928 ἀπολέσαι
1824 4890 1838 4903 ’
1864 4895 1883 4927 ι

319 4964 477 5018 τοῦτο
506 4966 615 5035 γὰρ
650 4966 815 5033 νόμου
851 4968 944 5019 καὶ
981 4964 1292 5035 νομοθέτου,
1324 4964 1384 5017 τὸ
1411 4966 1534 5027 τοὺς
1566 4966 1885 5033 παραϐάτας

321 5058 486 5109 αὐτοῦ
509 5059 777 5127 τιμωρεῖν
800 5073 812 5085 ο
837 5057 953 5108 ἀλλ’
982 5057 1101 5127 οὐχὶ
1133 5056 1219 5118 σὺ,
1241 5057 1316 5118 ὼς
1340 5054 1404 5126 [ι’.
1427 5054 1509 5126 ὃς]
1538 5056 1699 5109 πλέον
1721 5057 1889 5125 φλυα-

264 5180 269 5185 α
324 5149 445 5219 ρίας
475 5150 625 5201 οὐδὲν
660 5148 825 5219 ἔχεις,
866 5148 1000 5201 ἀλλὰ
1037 5148 1294 5201 καὶκατὰ
1325 5147 1552 5199 σεαυτοῦ
1585 5148 1683 5217 τὴν
1709 5148 1888 5218 ψῆφον

320 5241 495 5307 ἄγεις.
554 5239 634 5293 Τὰ
672 5239 780 5310 γὰρ
828 5240 969 5292 αὐτὰ
1027 5239 1100 5309 τῷ
1148 5237 1604 5307 καταλαλουμένῳ
1643 5237 1748 5290 ὑπὸ
1792 5238 1887 5290 σοῦ

320 5327 510 5392 ποιῶν,
546 5330 605 5382 ἐν
653 5330 763 5398 ὅσῳ
810 5330 996 5382 τοῦτον
1039 5328 1408 5398 κατακρίνεις,
1457 5329 1681 5380 σεπυτὶν
1723 5345 1891 5382 κατα-

320 5419 545 5487 κρίνεις.

392 5621 435 5694 f“
466 5619 624 5694 Joan.
655 5639 719 5694 ιι,
761 5624 841 5679 10.
923 5625 967 5657 ³⁸
1007 5624 1111 5683 lsa.
1140 5643 1328 5694 xxxiii,
1357 5628 1443 5684 2:2.

321 5690 365 5724 “
390 5689 531 5747 Psal.
563 5708 616 5757 c,
645 5692 698 5747 5.

1526 5630 1567 5662 ³⁷
1595 5627 1698 5684 lsa.
1731 5644 1780 5693 κ,
1831 5629 1912 5683 H.

1990 4514 2143 4569 dicas
2186 4514 2380 4584 legem,
2406 4529 2512 4568 non
2545 4528 2604 4568 es
2632 4511 2809 4566 factor
2864 4514 3017 4581 legis.
3047 4531 3066 4564 ι
3109 4512 3243 4578 Quis
3265 4514 3408 4567 enim
3431 4511 3567 4565 ferat

1993 4602 2175 4656 vivere
2212 4601 2315 4656 sub
2338 4616 2424 4665 eo,
2443 4617 2604 4670 quem
2632 4600 2978 4655 contemnit?
3003 4601 3116 4653 Non
3149 4601 3333 4669 igitur.
3364 4601 3567 4670 inquit,

1991 4701 2342 4762 contemptor
2366 4692 2464 4753 sis,
2501 4706 2682 4760 neque
2714 4692 2861 4746 velut
2894 4692 3237 4746 contrarium
3290 4692 3569 4761 legislalo-

1994 4798 2107 4837 rem
2136 4789 2189 4837 te
2217 4782 2461 4843 habeas;
2487 4798 2663 4850 neque
2692 4784 2836 4838 enim
2870 4784 2971 4837 hoc
3006 4784 3103 4837 tibi
3133 4792 3224 4837 aut
3281 4784 3428 4849 licet,
3475 4793 3571 4838 aut

1994 4874 2214 4943 expedit
2247 4891 2260 4925 :
2301 4893 2319 4925 ι
2350 4872 2507 4928 Unus
2536 4883 2622 4930 est
2642 4876 2788 4930 enim
2837 4876 3117 4945 legislator
3146 4876 3310 4939 Deus,
3338 4877 3430 4947 qui
3468 4893 3570 4944 po-

1994 4974 2100 5020 teSt
2143 4984 2163 5017 ι
2191 4972 2631 5034 transgressores
2673 4983 2692 5014 ι
2730 4968 2957 5034 perdere
2977 4975 3029 5021 et
3086 4967 3334 5022 liberare.
3373 4986 3392 5017 ο
3435 4966 3542 5035 Spe

1994 5066 2105 5111 ctat
2132 5058 2276 5113 enim
2307 5059 2372 5110 ad
2408 5057 2581 5125 legem
2644 5066 2698 5113 et
2726 5058 3089 5129 lcgislatorem
3149 5060 3232 5113 sui
3266 5058 3571 5111 violatores

1997 5165 2155 5220 pmna
2187 5149 2367 5204 debita
2399 5151 2633 5219 plectere
2653 5191 2668 5214 ,
2693 5165 2801 5205 non
2835 5167 2963 5206 vero
2993 5152 3060 5204 ad
3115 5160 3187 5211 te.
3233 5149 3327 5217 qui
3375 5158 3570 5216 praeter

1996 5256 2257 5312 nngacem
2330 5242 2716 5312 loquacitatem
2786 5243 2922 5299 nihil
2998 5244 3190 5297 habes.
3262 5241 3458 5296 Verum
3498 5251 3569 5299 et

2002 5342 2190 5387 contra
2224 5332 2456 5402 teipsum
2486 5333 2759 5388 calculum
2804 5334 2954 5389 fers:
3003 5347 3127 5385 cum
3163 5331 3308 5384 enim
3355 5330 3568 5398 eadem,

2006 5442 2069 5481 ac
2098 5425 2168 5490 is,
2202 5425 2289 5480 cui
2320 5426 2585 5489 detrahis,
2607 5425 2723 5495 ipse
2753 5426 2943 5487 facias,
2977 5426 3076 5476 hoc
3104 5423 3221 5491 ipse
3256 5421 3566 5492 quodillmn

2000 5516 2355 5580 condemnas,
2395 5526 2446 5572 te
2465 5516 2821 5570 condemnas.

2022 5630 2064 5661 ³⁸
2102 5629 2244 5686 Psal.
2286 5644 2452 5691 vatt,
2490 5630 2540 5681 7.
2626 5628 2681 5708 ³ἠ
2709 5626 2810 5684 Job
2850 5643 2911 5693 tt,
2952 5630 3005 5684 4.
3086 5631 3131 5663 ⁴⁰
3161 5631 3352 5687 Matth.
3384 5647 3477 5696 vn,
3509 5630 3562 5686 1.
