4020 6214
467 312 603 378 1183

1380 310 1953 373 THEOPIIYLACTI
1988 308 2397 369 BUI.GARI.‘E
2439 311 2782 371 ARCHiEP.

3582 309 3712 373 1184

461 432 514 486 in
554 431 924 487 testimonium
975 429 1130 484 vobis
1182 427 1345 498 346
1382 427 1521 486 erit,
1581 435 1635 477 et
1689 419 2010 474 manducabi

2141 417 2315 481 ἔσται,
2352 420 2444 471 καὶ
2472 420 2705 487 φάγεται
2752 418 2850 484 τάς
2884 420 3094 490 σάρκας
3147 422 3319 491 ὑμῶν.
3357 421 3475 475 ι’ἹΙ
3532 424 3712 494 σῆψις,

458 539 656 578 carnes
701 532 910 578 vestras
962 522 1109 575 sicut
1164 520 1324 589 ignis.
1367 539 1385 570 ι
1420 515 1776 579 Putret‘aetio,
1838 512 2037 581 inquit,

458 615 794 680 divitiarum,
879 615 1202 669 vestimenta
1265 628 1296 665 a
1353 611 1514 665 tineis
1570 617 1835 670 comesta,
1881 621 1934 662 et
1963 622 2038 661 aa-

458 721 593 774 rugo
623 706 739 757 auri
768 714 819 757 et
856 704 1067 774 argenti
1099 704 1469 758 testimonium
1502 702 1789 754 adversum
1820 713 1916 751 vos
1935 698 2038 780 ’da-

454 797 609 857 bitat,
629 811 832 859 vosque
852 797 915 849 de
931 803 1106 849 vestra
1126 796 1417 848 tenacitate
1433 801 1749 861 coarguent.
1776 792 2033 859 Propter-

455 902 516 937 ea
549 886 599 936 in
623 884 933 938 novissimis
953 883 1169 945 diebus,
1200 897 1395 952 nempe
1424 882 1477 934 in
1529 881 1764 934 adventu
1796 879 2031 943 Domini,

459 977 741 1029 invenietis
768 977 987 1029 divitias
1025 988 1234 1030 vestras
1263 984 1521 1043 tanquam
1574 974 1749 1042 ignem
1783 971 2035 1026 recondi-

457 1075 567 1117 tum
604 1067 758 1119 vobis
801 1068 850 1118 in
893 1068 1251 1133 perditionem
1287 1110 1298 1120 .
1335 1066 1479 1141 quod
1540 1065 1856 1133 cvangelico
1878 1064 2031 1117 diviti

455 1158 677 1209 areidit.
714 1178 728 1207 ι
778 1157 933 1210 Velut
968 1159 1106 1226 ignis
1128 1175 1286 1225 qttetu
1333 1155 1744 1210 tliesaurizastis
1776 1156 1828 1208 itt
1853 1156 2034 1208 novis-

454 1250 609 1301 simis
645 1251 859 1303 diebus.
904 1268 922 1300 ›
962 1249 1071 1302 lloc
1114 1249 1550 1302 connecteudnm
1582 1256 1666 1300 est
1695 1262 1818 1300 cum
1853 1267 1869 1298 ι
1898 1247 2033 1331 divi-

456 1341 542 1392 tite
579 1352 770 1393 vestrae
810 1381 823 1401 ,
871 1360 889 1392 ι
948 1349 1007 1393 ιιι
1060 1342 1139 1394 sic
1172 1356 1229 1394 se
1264 1341 1460 1392 habent
1511 1358 1526 1395 :
1578 1339 1784 1391 Divitiae
1813 1348 2029 1401 vestrm,

453 1447 589 1495 quas
624 1433 767 1485 sicut
804 1432 981 1501 ignem
1019 1433 1463 1495 tln-saurizastis,
1506 1439 1593 1484 et‘
1633 1430 1834 1500 epulati
1897 1431 2030 1484 estis

454 1538 617 1587 super
649 1532 874 1587 terram,
901 1533 953 1576 et
978 1525 1030 1576 in
1076 1524 1306 1577 luxui-iis
1335 1523 1534 1577 fuistis.

527 1611 685 1665 Vens.
716 1613 769 1675 4,
882 1632 899 1662 ι
941 1614 1074 1667 Ecce
1102 1630 1307 1669 merces
1342 1617 1739 1681 Oper-ariorum,
1776 1614 1864 1683 qui
1897 1629 2033 1668 mes~

451 1714 679 1755 suerunt
701 1704 949 1771 regiones
982 1712 1353 1772 vestras;qu
1388 1704 1637 1756 fraudata
1671 1712 1753 1757 est
1790 1720 1817 1754 a
1849 1705 2024 1766 vobis,

453 1789 653 1840 clamat
692 1799 784 1843 :et
816 1792 1022 1843 clamor
1047 1807 1234 1845 eorum
1268 1794 1319 1844 in
1343 1809 1503 1846 aures
1536 1793 1746 1849 Domini
1787 1794 2023 1849 Sabaoth

452 1876 720 1928 introivit.
752 1875 967 1945 Epulati
995 1879 1128 1931 estis
1164 1893 1329 1946 Super
1359 1889 1584 1941 terram,
1616 1890 1669 1935 ct
1708 1884 1760 1934 in
1797 1884 2026 1938 luxuriis

447 1969 738 2023 cnntristis
770 1970 936 2023 corda
975 1979 1159 2023 vestra
1192 1970 1243 2022 iu
1272 1970 1357 2023 die
1391 1972 1704 2025 occisionis.
1744 1993 1760 2024 ι
1794 1976 2025 2039 Quen-cla

448 2056 539 2113 hic
566 2070 649 2113 est
686 2070 738 2114 ct
773 2061 1043 2130 digressio
1092 2061 1359 2117 adversus
1402 2061 1670 2118 Iudaicos
1728 2065 2023 2134 principes,

449 2150 543 2216 qui
577 2150 948 2219 depascebant
999 2167 1292 2221 pauperes,
1335 2162 1389 2208 et
1427 2154 1682 2210 omnibus
1721 2156 2025 2213 honoribus

449 2241 879 2308 pinguescebant
903 2282 917 2303 ,
959 2242 1051 2296 sed
1081 2245 1526 2311 praeparabantur
1555 2245 1620 2299 ad
1661 2245 1884 2313 caulem,
1917 2245 2025 2300 Ro-

448 2346 733 2387 manorum
767 2334 1018 2387 manilius
1050 2335 1385 2394 subeundam
1414 2377 1429 2397 ,
1474 2346 1527 2390 et
1560 2339 1856 2406 praesertim
1889 2355 2026 2409 quo-

445 2422 592 2475 niam
623 2422 839 2476 unicum
862 2425 1070 2491 justum
1099 2425 1388 2481 Dominum
1412 2437 1661 2482 nostrum
1688 2430 2024 2485 condemna-

444 2522 593 2576 runt,
638 2524 693 2567 et
725 2529 831 2568 non
881 2517 1248 2585 resistentem,
1286 2536 1463 2589 neque
1513 2521 1838 2577 clamantem
1879 2524 2023 2577 occi-

442 2601 661 2657 derunt.
701 2604 850 2661 Unde
881 2608 1104 2668 subdit:

514 2786 676 2841 Vens.
709 2787 761 2843 (ἶ.
803 2808 821 2840 ι
860 2790 1168 2847 Addixistis
1199 2800 1251 2847 et
1280 2794 1566 2851 occidistis
1587 2796 1799 2851 Justum
1832 2809 1884 2855 et
1913 2815 2021 2855 non

440 2877 639 2931 restitit
684 2879 859 2934 vobis.
941 2899 959 2932 ι
1023 2881 1219 2951 Negavi
1286 2900 1392 2938 non
1455 2895 1653 2955 potest,
1711 2890 2016 2957 apostolum

440 2967 607 3031 inme,
639 2971 771 3027 illud
810 2992 828 3024 ι
878 2975 1161 3030 occidistis
1193 2976 1404 3046 justum
1463 2998 1482 3031 ι
1519 2982 1722 3036 referre
1752 2984 1816 3036 ad
1863 2982 2019 3036 Chri-

2139 512 2294 578 φησὶ,
2323 509 2418 563 τοῦ
2449 510 2710 575 πλούτου,
2744 513 2863 582 ἦτοι
2892 512 2951 564 τὸ
2966 513 3309 584 σητόϐρωτον
3342 515 3448 567 τῶν
3468 517 3710 583 ἱματίων,

2137 600 2230 653 καὶ
2257 602 2284 653 ὁ
2320 601 2397 664 ἰὸς
2424 601 2518 654 τοῦ
2550 603 2793 673 ἀργύρου
2822 604 2919 656 καὶ
2966 605 3064 657 τοῦ
3117 607 3321 675 χρυσοῦ
3359 624 3711 676 καταμαρτυο

2142 691 2325 761 ροῦσιν
2352 693 2528 761 ὑμῶν,
2546 694 2840 764 ἐλέγχοντα
2868 696 2931 748 τὸ
2952 698 3289 768 ἀμετάδοτον
3314 699 3486 768 ὑμῶν.
3516 701 3605 767 Διὸ
3619 702 3712 754 καὶ

2137 784 2196 835 ἐν
2259 785 2513 852 ἐσχάταις
2562 786 2802 855 ἡμέραις
2840 786 3014 856 (λέγει
3069 788 3126 841 δὲ
3209 789 3308 859 τὴν
3349 790 3443 842 τοῦ
3510 790 3706 859 Κυρίου
3754 810 3765 815 δ

2137 876 2463 945 παρουσίαν)
2499 877 2760 946 εὑρήσετε
2829 878 2920 930 τὸν
2970 878 3201 931 πλοῦτον
3274 880 3425 948 ὑμῶν
3484 881 3557 943 ὡς
3602 881 3707 951 πῦρ

2135 966 2501 1034 ταμιευθέντα
2531 969 2660 1037 ύμῖν
2682 971 2761 1030 είς
2794 969 3037 1042 ὄλεθρον.
3066 970 3244 1040 Ὅπερ
3277 972 3371 1023 καὶ
3395 975 3421 1023 ὁ
3447 973 3504 1022 ἐν
3535 973 3707 1040 Elav-

2136 1058 2338 1124 γελίοις
2377 1058 2629 1123 πλούσιος
2648 1060 2870 1115 ἔπαθεν.
2907 1083 2925 1114 ι
2965 1064 3051 1126 Ὠς
3085 1064 3217 1133 πῦρ,
3252 1064 3278 1116 ὃ
3312 1064 3705 1133 ἐθησαυρίσατε

2134 1150 2192 1201 ἐν
2229 1150 2483 1218 ἐσχάταις
2516 1154 2773 1223 ἡμέραις.
2816 1174 2832 1205 ι
2862 1156 3032 1208 Τοῦτο
3089 1157 3227 1226 πρὶς
3290 1157 3372 1219 τὸ,
3422 1175 3442 1208 ι
3500 1158 3710 1237 ὁπλοῦη

2132 1258 2223 1300 τος
2277 1243 2449 1311 ὑμῶν,
2488 1264 2504 1295 ι
2536 1247 2862 1299 συντακτέον
2886 1265 2902 1280 ο
2939 1249 3025 1299 ἵνα
3136 1248 3342 1312 οὕτως’
3398 1251 3456 1306 Ὀ
3484 1250 3704 1314 πλοῦτος

2133 1332 2395 1400 ύμ.ῶν,ὃν
2443 1334 2517 1399 ὠς
2585 1336 2694 1405 πῦρ
2752 1337 3171 1409 ἐθησαυρίσατε,
3223 1342 3315 1395 καὶ
3369 1344 3702 1416 ἐτρυφῄσατε

2136 1425 2228 1477 ἐπὶ
2269 1428 2364 1497 τῆς
2392 1428 2514 1494 γῆς,
2555 1428 2649 1482 καὶ
2677 1430 3119 1503 ἐσπαταλήσατε.

2202 1641 2220 1672 ι
2276 1622 2407 1675 Ἰδοὺ
2457 1623 2484 1675 ὁ
2537 1624 2726 1692 μισθὸς
2788 1624 2897 1678 τῶν
2930 1626 3179 1698 ἐργατῶν
3235 1628 3347 1682 τῶν
3374 1629 3698 1696 ἀμησάντων

2136 1711 2234 1771 τὰς
2271 1711 2454 1780 χώρας
2488 1713 2663 1780 ὑμῶν,
2690 1716 2717 1765 ὁ
2749 1715 3197 1786 ἀπεστερημένος
3240 1718 3334 1787 ἀφ’
3365 1719 3517 1787 ὑμῶν
3567 1722 3698 1791 κρά-

2130 1801 2214 1863 ζει
2235 1820 2249 1831 ·
2279 1805 2374 1856 καὶ
2396 1804 2451 1855 al
2482 1803 2601 1872 βοαὶ
2632 1805 2739 1856 τῶν
2755 1805 3090 1874 θερισάντων
3139 1810 3219 1870 εἰς
3268 1810 3336 1864 τά
3366 1804 3477 1862 ὦτα
3496 1813 3699 1881 Κυρίου

2128 1892 2353 1946 Σαϐαὼθ
2379 1895 2800 1965 εἰσελυλήθησαν
2829 1896 2991 1968 [ναις.
3022 1900 3455 1973 εἰσεληλύθασιν]
3473 1944 3484 1955 .
3520 1904 3698 1972 Ὲτρυ-

2128 1986 2338 2054 φήσατε
2375 1988 2467 2041 ἐπὶ
2493 1988 2593 2055 τῆς
2640 1989 2746 2058 γῆς
2778 1991 2872 2044 καὶ
2920 1992 3355 2062 ἐσπαταλήσατε.
3412 1995 3699 2065 Ἐθρέψατε

2126 2074 2220 2137 τὰς
2245 2077 2471 2147 καρδίας
2498 2078 2651 2145 ὑμῶν
2672 2080 2748 2142 ὼς
2779 2084 2840 2133 ἐν
2872 2081 3059 2152 ἡμέρᾳ
3113 2084 3353 2153 σφαγῆς.
3395 2102 3412 2134 ι
3449 2084 3701 2157 Καταϐοὴ

2127 2164 2222 2216 καὶ
2270 2167 2592 2239 καταδρομὴ
2625 2170 2735 2223 τῶν
2784 2169 3095 2225 Ἰουδαϊκῶν
3158 2175 3431 2243 ἀρχόντων
3476 2175 3703 2229 καταϐο-

2129 2257 2413 2326 σκομένων
2440 2262 2566 2324 τοὺς
2597 2263 2860 2332 πένητας,
2883 2265 2977 2318 καὶ
3010 2268 3375 2335 πιαινομένων
3405 2270 3525 2332 ταῖς,
3552 2269 3701 2337 παρὰ

2127 2350 2347 2403 πάντων
2374 2354 2585 2422 τιμαῖς,
2641 2354 2757 2407 ἀλλ’
2786 2357 2866 2419 εἰς
2918 2358 3132 2427 σφαγὴν
3182 2362 3302 2420 ταῖς
3375 2359 3702 2429 Ῥωμαϊκαῖς

2128 2444 2350 2513 ἀρχαῖς,
2384 2447 2479 2499 καὶ
2516 2452 2635 2510 ταῖς
2698 2448 2906 2502 τούτων
2962 2453 3151 2522 χερσὶν
3207 2453 3697 2522 εὐτρεπιζομένων,

2124 2537 2219 2588 καὶ
2251 2537 2507 2606 μάλιστα,
2536 2540 2618 2592 ὅτι
2640 2539 2729 2593 τὸν
2758 2542 2917 2610 μόνον
2958 2542 3166 2597 δίκαιον
3201 2545 3557 2598 κατεδίκασαν
3583 2544 3699 2597 Κύ·

2126 2643 2262 2695 ριον,
2301 2627 2397 2681 καὶ
2449 2630 2769 2700 ἐφόνευσαν,
2817 2635 2919 2687 οὐκ
2952 2635 3219 2704 ἐρίζοντα,
3279 2636 3400 2689 οὐδέ
3454 2636 3699 2708 κραυγά-

2123 2715 2301 2780 ζοντα.

2214 2828 2231 2859 ι
2257 2810 2682 2879 Κατεδικάσατε,
2742 2815 3070 2883 ἐφονεύσατε
3114 2818 3206 2873 τδν
3243 2820 3482 2884 Δίκαιον,
3509 2821 3567 2884 δς
3591 2823 3696 2877 οὐκ

2121 2901 2502 2958 ἀντιτάσσεται
2529 2906 2677 2974 ύμῖν.
2725 2924 2743 2958 ι
2806 2909 3250 2983 ’Δναντιρρήτως
3271 2912 3354 2978 τὸ,
3391 2933 3409 2964 ι
3446 2913 3697 2981 Ἐφονεύς

2121 3011 2273 3059 σατε,
2301 2996 2492 3062 εἰπὼν,
2523 2998 2615 3051 τὸν
2649 2998 2891 3067 Δίκαιον,
2928 3020 2946 3052 ι
2979 3004 3059 3066 είς
3081 3002 3171 3055 τὸν
3217 3004 3452 3074 Χριστὸν
3493 3004 3697 3071 ἀναφέ-

441 3069 610 3125 stum,
645 3066 1083 3135 quamloquidem
1122 3070 1407 3140 snt-jungit
1440 3090 1453 3125 :
1494 3091 1512 3123 ι
1554 3075 1617 3128 Et
1651 3090 1757 3128 non
1816 3077 2015 3130 restitit

2126 3104 2227 3155 ρει.
2246 3089 2323 3157 Τῇ
2349 3089 2530 3157 μέντοι
2549 3092 2785 3163 ἐπιφορᾷ
2807 3095 2897 3163 τῇ,
2920 3112 2939 3144 ι
2967 3094 3080 3147 Οὐκ
3101 3066 3481 3149 ἀντιτάσσεται
3508 3066 3651 3166 ὑμῖν,
3667 3116 3691 3150 ι

441 3152 616 3204 votis.
665 3171 682 3201 ›
713 3156 982 3208 Caeterum
1018 3159 1070 3211 id
1113 3159 1301 3215 dicens
1334 3164 1746 3231 comprehendit
1774 3174 1828 3219 et
1852 3167 2010 3228 alios,

441 3245 536 3311 qui
590 3243 790 3298 similia
848 3251 992 3315 passi
1049 3258 1177 3302 sunt
1217 3265 1245 3303 a
1294 3251 1497 3306 Jtttlaeis
1531 3272 1544 3307 :
1582 3255 1815 3310 iortasse
1848 3259 2011 3309 etiam

439 3337 758 3405 prophetica
795 3338 862 3394 de
909 3341 1207 3414 suiipsius
1260 3345 1440 3401 futura
1493 3347 1768 3402 occisione
1801 3347 1891 3405 hic
1937 3349 2016 3404 lo-

440 3428 655 3495 quitur.

512 3516 677 3574 \‘lns.
706 3520 758 3578 7.
790 3542 807 3573 ι
839 3522 1209 3595 Longanimes
1244 3528 1404 3597 igitur
1439 3539 1633 3595 estote,
1675 3532 1890 3601 fratres,
1921 3552 2015 3598 us-

436 3624 544 3677 que
577 3612 640 3664 ad
674 3612 964 3669 adventum
1015 3616 1249 3673 Domini.
1287 3620 1426 3677 Ecce
1459 3624 1692 3694 agricola
1734 3636 2014 3695 exspectat

445 3701 740 3763 pretiosum
793 3701 1028 3758 fructum
1064 3715 1240 3762 terrm.
1289 3728 1307 3760 ι
1345 3709 1633 3780 Postquam
1664 3713 2011 3771 Judaicorinn

438 3789 742 3861 plineipnm
779 3795 977 3849 luxunt‘
1011 3808 1061 3850 et
1094 3798 1144 3851 in
1174 3815 1440 3868 pauperes
1470 3805 2013 3873 dnt-itiemperSIrin-

438 3881 532 3943 xit,
554 3898 697 3939 nunc
719 3886 914 3938 transit
933 3886 998 3940 ad
1021 3887 1224 3954 ﬁdeles,
1242 3894 1417 3946 ctait:
1454 3893 1527 3948 Nc
1545 3899 2008 3966 scandalizemini,

435 3970 659 4035 fratres,
692 3974 803 4029 haec
836 3976 1104 4044 videntes,
1167 3996 1342 4049 neque
1391 3985 1809 4052 contristetnini,
1854 3996 2008 4057 quasi

439 4062 619 4112 ltttura
649 4061 945 4131 aliquando
974 4082 1078 4122 non
1131 4068 1203 4122 sit
1256 4070 1410 4125 ultio.
1448 4073 1622 4126 lunuit
1660 4090 1787 4127 vero
1817 4074 2014 4131 Itoma-

438 4162 631 4199 norum
683 4149 1070 4218 incursionem,
1106 4166 1158 4209 ct
1205 4175 1325 4227 qum
1387 4160 1453 4214 ab
1491 4162 1554 4215 iis
1600 4163 1714 4216 ﬁeri
1760 4164 2010 4232 debebat,

431 4232 743 4293 Judarorutn
795 4245 1198 4313 captivitatem,
1260 4267 1423 4318 quam
1486 4254 1648 4306 etiam
1719 4256 2008 4312 adventum

438 4327 647 4382 Dotuiui
683 4334 936 4400 appellat,
964 4336 1104 4390 sicut
1129 4350 1183 4392 et
1211 4338 1471 4407 Joannes,
1499 4346 1591 4414 qui
1626 4362 1791 4415 supra
1818 4360 2009 4417 pectus

432 4419 647 4475 Domini
678 4425 919 4477 recubuit
948 4425 1013 4490 “,
1048 4442 1170 4480 cum
1204 4430 1269 4484 de
1293 4447 1396 4485 suo
1426 4435 1574 4488 obitu
1617 4436 1790 4505 ipsum
1824 4437 2008 4492 Domi.

432 4528 559 4564 num
592 4514 858 4569 dicentem
904 4516 1108 4572 inducit
1142 4538 1154 4572 :
1192 4541 1210 4571 ι
1260 4524 1315 4577 Si
1356 4541 1478 4580 eum
1510 4528 1630 4582 volo
1664 4546 1883 4583 tnauere
1904 4531 2005 4585 don

432 4620 530 4658 nec
582 4607 795 4667 veniam
820 4611 888 4663 “.
925 4629 943 4661 ι
1004 4610 1364 4684 I’ror-Ogatnni
1410 4631 1494 4674 est
1536 4624 1678 4675 enim
1729 4623 1853 4677 huic
1888 4625 2007 4680 vita:

431 4703 645 4761 tempus
695 4716 864 4768 usque
910 4703 975 4756 ad
1019 4714 1233 4774 captam
1269 4709 1716 4783 Hierosolymam,
1752 4726 1804 4770 et
1844 4720 2003 4787 paulo

429 4784 682 4849 amplius.
710 4786 862 4850 Quod
893 4796 1070 4844 autem
1123 4810 1216 4862 per
1249 4798 1537 4855 adventum
1571 4802 1777 4856 Domini
1814 4784 2002 4860 llzero-

427 4874 649 4945 solyma:
690 4877 946 4933 interitus
976 4898 1096 4937 cum
1144 4887 1252 4952 hic,
1288 4898 1402 4944 tum
1456 4891 1508 4946 iu
1552 4893 1760 4949 Joanne
1802 4898 2000 4951 intelli-

427 4969 638 5033 gerulus
681 4970 773 5033 sit,
847 4977 1192 5045 perspicuum
1238 4992 1321 5035 est
1373 4985 1536 5037 etiam
1609 4976 1691 5040 ex.
1740 4989 1999 5057 propheta

427 5061 642 5115 dicente
664 5064 747 5117 “:
791 5084 807 5115 ι
848 5064 988 5120 Ecce
1026 5072 1171 5123 venit
1210 5073 1468 5128 Dominus
1502 5084 1592 5130 :et
1623 5080 1744 5147 quis
1767 5082 1998 5133 sustine-

431 5155 579 5205 nctit
621 5156 796 5208 minas
829 5158 985 5221 ejus?
1015 5178 1031 5210 ι
1069 5158 1206 5226 Quia
1234 5166 1446 5219 sciliCct
1485 5168 1750 5223 adventus
1786 5170 1875 5223 Dei
1911 5187 1997 5225 sc-

423 5256 547 5295 cum
581 5243 755 5299 defert
787 5248 1078 5317 impiorum
1114 5255 1475 5321 punitionem.
1510 5261 1575 5311 At
1618 5262 1780 5312 etiam
1824 5261 1997 5332 (lin-y-

420 5345 720 5401 sostomus,
759 5339 811 5391 itt
851 5344 968 5394 suis
1017 5342 1446 5411 Expositiombus
1496 5349 1706 5402 dictum
1749 5352 1848 5403 hoc
1902 5367 1997 5405 cx-

424 5426 655 5493 plieans,
681 5431 794 5482 vult
822 5431 984 5503 347
1045 5435 1136 5487 illo
1169 5438 1480 5504 significare
1522 5438 1874 5511 Jerosolynne
1904 5445 1999 5498 de-

419 5521 804 5588 structionem,
851 5524 1014 5591 idque
1053 5531 1343 5585 conlirmat
1407 5547 1470 5586 ex
1529 5533 1778 5588 oratione
1827 5536 1990 5592 trittm

495 5697 537 5727 ⁵¹
569 5694 725 5752 Joan.
758 5716 869 5766 xvi,
895 5705 982 5757 ἓξ).
1056 5709 1109 5737 ⁷⁸³
1160 5710 1291 5765 Ibid.
1330 5711 1417 5768 :22.

1533 5714 1577 5745 ⁵³
1614 5713 1840 5772 Malac'i.
1865 5733 1946 5783 ut,
1971 5718 2038 5771 Ἡ
2057 5758 2069 5772 .

2118 3179 2375 3231 ἐκοίνωσε
2406 3181 2679 3251 τὸνλόγον
2720 3184 2818 3237 καὶ
2858 3184 2993 3255 πρὸς
3027 3186 3155 3249 τοὺς
3218 3186 3409 3250 ἄλλους
3458 3189 3581 3250 τοὺς
3622 3188 3696 3243 τὰ

2117 3268 2281 3335 ὅμοια
2311 3272 2586 3334 παθόντας
2639 3274 2745 3326 ὑπὸ
2805 3274 2913 3328 τῶν
2950 3275 3243 3332 Ἰουδαίων.
3293 3276 3448 3341 Ἴσως
3488 3280 3543 3331 δὲ
3595 3280 3697 3334 καὶ

2117 3360 2475 3429 προφητικῶς
2539 3363 2711 3417 καὶτὸ
2734 3366 2863 3437 περὶ
2895 3366 3061 3421 αὑτοῦ
3097 3369 3326 3437 φάσκων
3349 3369 3536 3432 πάθος.

2180 3554 2199 3588 ι
2232 3537 2717 3611 Μακροθυμήσατε
2765 3542 2881 3605 οὖν.
2935 3545 3189 3615 ἀδελφοὶ,
3242 3547 3349 3611 ἓως
3395 3548 3495 3618 τῆς
3546 3566 3691 3620 παρ·

2120 3627 2311 3692 ουσίας
2361 3630 2455 3682 τοῦ
2483 3633 2709 3701 Κυρίου.
2740 3633 2872 3688 Ἰδοὺ
2905 3639 2933 3691 ὁ
2962 3639 3210 3707 γεωργὸς
3262 3640 3543 3710 ἐκδέχεται
3592 3641 3689 3696 τὸν

2115 3720 2299 3786 τίμιον
2326 3722 2538 3791 καρπὸν
2565 3726 2666 3795 τῆς
2695 3727 2820 3797 γῆς.
2866 3748 2884 3779 ι
2915 3729 3199 3784 Διαϐαλὼν
3242 3730 3343 3801 τὴν
3396 3733 3505 3785 τῶν
3557 3733 3692 3786 Ἰου-

2114 3810 2315 3863 δαϊκῶν
2344 3813 2622 3882 ἀρχόντων
2647 3820 2947 3887 σπατίλην,
2987 3822 3082 3873 καὶ
3113 3822 3172 3873 τὸ
3199 3823 3332 3892 πρὸς
3374 3824 3502 3885 τοὺς
3530 3825 3691 3895 πένη-

2113 3915 2213 3961 τας
2238 3901 2420 3954 αὐτῶν
2447 3902 2704 3975 σκληρὸν,
2735 3909 3050 3974 μεταϐαίνει
3070 3911 3164 3962 καὶ
3185 3912 3277 3963 ἐπὶ
3300 3913 3424 3974 τοὺς
3442 3912 3687 3975 πιστοὺς,

2114 3992 2206 4045 καί
2233 4010 2366 4063 φησι
2391 4009 2405 4024 ο
2434 3996 2526 4066 Μὴ
2554 3998 2724 4051 ταῦτα
2765 3998 3021 4069 ὁρῶντες,
3047 4002 3283 4071 ἀδελφοὶ,
3351 4003 3696 4066 σκανδαλίζε-

2117 4088 2230 4151 σθε,
2266 4087 2359 4139 καὶ
2390 4087 2674 4157 ἀθυμεῖτε,
2698 4090 2773 4153 ὡς
2805 4093 2879 4161 μὴ
2902 4093 3240 4165 ἐκδικήσεως
3290 4095 3690 4165 ἀποκειμένης.

2113 4179 2278 4247 Λέγει
2309 4179 2365 4232 δὲ
2390 4181 2617 4250 τὴνὺπὸ
2685 4182 2970 4252 Ῥωμαίων
3032 4186 3239 4254 ἔφοδον,
3297 4188 3391 4240 καὶ
3429 4186 3527 4257 τὴν
3583 4187 3694 4239 ὑπὸ

2112 4267 2317 4320 τούτων
2351 4270 2733 4341 αἰχμαλωσίαν
2786 4273 2895 4326 τῶν
2924 4275 3217 4339 Ἰουδαίων,
3254 4277 3320 4347 ἣν
3353 4278 3447 4331 καὶ
3482 4294 3695 4349 παρου-

2116 4356 2236 4409 σίαν
2279 4358 2369 4411 τοῦ
2396 4360 2606 4431 Κυρίου
2662 4361 2807 4430 λέγει
2840 4378 2855 4392 ·
2906 4364 2982 4429 ῶς
3043 4367 3139 4419 καὶ⁵
3186 4367 3439 4438 Ἰωάννης
3483 4369 3575 4421 ἐπὶ
3625 4372 3697 4422 τὸ

2114 4450 2306 4519 στῆθος
2353 4452 2645 4505 ἀναπεσὼν
2689 4456 2783 4508 τοῦ
2841 4457 3068 4528 Κυρίου,
3112 4458 3179 4511 δι’
3242 4453 3317 4513 ὧν
3371 4478 3502 4529 φησι
3556 4461 3718 4528 περὶ.

2111 4545 2210 4610 τῆς
2241 4543 2442 4596 ἑαυτοῦ
2467 4546 2819 4611 ἀποδιώσεως
2847 4548 2937 4600 τὸν
2961 4550 3127 4602 αὐτὸν
3190 4552 3427 4618 εἰσάγων
3472 4550 3688 4621 Κύριον

2110 4627 2335 4694 λέγοντα
2360 4646 2373 4659 ·
2404 4649 2422 4680 ι
2451 4631 2577 4685 Ἐὰν
2605 4634 2767 4687 αὐτὸν
2815 4634 2954 4688 θέλω
3000 4637 3183 4706 μένειν
3241 4638 3345 4701 ἕως
3380 4640 3629 4708 ἔρχομαι.
3661 4659 3689 4692 ι

2112 4720 2220 4771 Καὶ
2249 4721 2357 4791 γὰρ
2389 4722 2671 4793 παρετάθη
2720 4728 2815 4779 καὶ
2838 4727 3013 4798 τούτῳ
3059 4730 3087 4780 ὁ
3142 4729 3238 4797 τῆς
3294 4728 3439 4798 ζωῆς
3482 4729 3692 4799 ταύτης

2109 4811 2297 4880 χρόνος
2322 4813 2425 4876 ἕως
2460 4815 2554 4885 τῆς
2582 4815 2845 4879 ἁλώσεως
2894 4819 2992 4886 τῆς
3041 4820 3416 4889 Ἰερουσαλὴμ,
3462 4821 3553 4873 καὶ
3595 4838 3695 4890 μι-

2108 4903 2240 4970 κρὸν
2269 4902 2547 4960 ἐπέκεινα.
2581 4908 2690 4961 Καὶ
2717 4910 2800 4961 ὅτι
2836 4910 2869 4979 ἡ
2911 4910 3004 4962 τοῦ
3040 4912 3245 4981 Κυρίου
3276 4911 3565 4983 παρουσία,
3588 4912 3693 4964 καὶ

2106 4995 2362 5059 ἐνταῦθα,
2391 4999 2485 5050 καὶ
2523 4999 2617 5050 ἐπὶ
2646 4999 2739 5052 τοῦ
2764 5000 3035 5064 Ἰωάννου,
3092 5003 3125 5070 ἡ
3184 5004 3282 5072 τῆς
3319 5002 3693 5072 Ἰερουσαλὴμ,

2106 5084 2451 5158 πανωλεθρία
2488 5091 2627 5153 ἐστὶ,
2652 5091 2810 5162 δῆλον
2841 5092 2935 5145 καὶ
2979 5093 3088 5146 ἀπὸ
3142 5094 3234 5148 τοῦ
3274 5097 3554 5167 προφήτου
3582 5094 3687 5147 τοῦ

2105 5175 2355 5243 λέγοντος
2378 5196 2392 5209 ·
2423 5199 2441 5231 ι
2494 5181 2624 5235 Ἰδοὺ
2649 5182 2850 5253 Κύριος
2872 5183 3091 5255 ἔρχεται
3121 5200 3135 5215 ”
3188 5187 3279 5239 καὶ
3341 5189 3418 5251 τίς
3464 5190 3689 5242 ύποίσει

2106 5267 2271 5321 αὐτοῦ
2303 5270 2400 5340 τὴν
2431 5273 2699 5342 ἀπειλήν;
2750 5294 2767 5327 ι
2805 5275 2948 5327 τοῦτ’
2971 5276 3139 5340 ἔστιν,
3174 5278 3247 5342 ὡς
3274 5281 3371 5349 τῆς
3400 5281 3493 5333 τοῦ
3538 5280 3686 5333 θεοῦ

2105 5358 2406 5426 παρουσίας
2436 5361 2707 5431 φερούσης
2761 5364 3031 5433 τιμωρίαν
3085 5367 3225 5420 κατὰ
3276 5368 3382 5420 τιίν
3439 5368 3687 5424 ἀσεόῶν.

2116 5449 2276 5501 Ἀ).λά
2303 5452 2395 5504 καὶ
2417 5454 2444 5503 ὁ
2475 5453 2708 5522 χρυσοῦς
2742 5453 2832 5506 τὸν
2858 5453 3015 5522 λόγον
3058 5457 3312 5527 Ἰωάννης
3346 5459 3404 5512 έν
3434 5475 3543 5511 τισι
3562 5460 3686 5514 τῶν

2102 5541 2440 5612 ἐξηγητικῶν
2469 5544 2631 5599 αὑτοῦ
2665 5546 2821 5600 τοῦτο
2845 5546 2974 5601 αὐτὸ
3003 5547 3366 5605 ἀναπτύσσων
3386 5553 3462 5615 τὸ,
3484 5568 3502 5602 ι
3527 5550 3687 5617 ’Ἕως
