4020 6214
385 306 524 373 1ἓ85

1278 308 1682 371 EXPOSITIO
1734 310 1817 370 ΙΝ
1856 312 2098 374 EPIST.
2161 315 2225 378 S.
2256 317 2538 380 JACOBL
2563 345 2632 354 -
2661 321 2818 383 CAP.
2842 322 2907 383 V.

380 419 634 485 ἔρχομαι,
680 434 699 466 ι
738 416 896 469 τοῦτο
948 416 1144 489 δηλοῦν
1195 418 1445 487 βούλεται
1499 421 1558 475 τὸ
1616 422 1799 492 ῥητὸν,
1861 422 1960 491 τὴν

2068 440 2356 493 puerorum
2380 431 2643 486 aientium
2668 451 2680 486 :
2701 432 2746 465 '*
2770 451 2788 484 ι
2819 432 2910 488 Sic
2933 432 3027 488 ﬁat
3046 436 3374 493 sacriﬁcium
3395 453 3646 498 nosti-inn

384 507 765 579 πανωλεθρίαν
794 509 894 578 τῆς
934 511 1318 581 Ἰερουσαλὴμ,
1345 513 1441 565 καὶ
1495 512 1784 567 πιστοῦται
1809 513 1970 566 τοῦτο

380 597 495 651 ἀπὸ
534 599 632 667 τῆς
691 599 858 669 εὐχῆς
924 600 1032 653 τῶν
1099 603 1267 672 τριῶν
1329 603 1533 656 παίδων
1607 607 1964 673 φασκόντων·

388 707 407 739 ι
436 688 596 742 Οὕτω
618 691 858 758 γενέσθω
886 695 919 762 ἡ
955 693 1115 747 θυσία
1144 694 1303 763 ἡμῶν
1324 696 1557 747 ἐνώπιόν
1582 713 1675 749 σοι·
1703 700 1964 769 σήμερον,

378 782 475 835 καὶ
506 783 812 836 ἐκτελέσθω
846 782 913 854 [Ῑ.
949 815 1020 824 --
1053 785 1277 858 λείσθω]
1339 787 1564 841 ὄπισθέν
1591 806 1712 844 σου.
1749 809 1769 841 ι
1825 791 1967 858 Φησὶ

379 874 524 943 γάρ’
563 874 627 925 Τί
660 874 743 937 τὸ,
785 893 805 925 ι
863 875 1090 930 ὄπισθέν
1153 892 1282 943 σου;
1324 895 1343 928 ι
1369 879 1526 931 Μετὰ
1571 879 1633 932 τὸ
1674 881 1967 951 παρελθεῖν

378 964 471 1016 τὸν
500 964 673 1036 θυμόν
731 983 853 1020 σου.
903 967 1014 1020 Καὶ
1067 967 1248 1042 [πότει
1313 972 1694 1039 παρεγένετο;
1765 974 1893 1027 Ὅτε
1938 976 1966 1027 6

379 1053 857 1128 Ναϐουχοδονόσορ
883 1058 1036 1130 ἐδῄου
1070 1062 1137 1113 τὰ
1176 1061 1546 1132 Ἰεροσόλυμα.
1579 1066 1684 1117 Καὶ
1709 1067 1835 1135 περὶ
1868 1068 1965 1135 μὲν

380 1145 481 1214 τῆς
513 1148 838 1216 παρουσίας,
861 1150 1052 1203 ταῦτα.
1089 1153 1226 1205 Φασὶ
1254 1155 1310 1206 δέ
1374 1173 1518 1220 τινες
1546 1159 1655 1210 τῶν
1704 1159 1966 1230 Πατέρων

310 1283 315 1288 .
380 1236 683 1300 καὶτοῦτο,
716 1239 790 1301 ὡς
814 1243 1203 1313 μακροθυμίαν
1240 1247 1339 1312 μὲν
1395 1246 1630 1301 ἐνταῦθα
1676 1250 1771 1319 τὴν
1829 1250 1964 1318 πρὸς

380 1328 644 1393 ἀλλήλους
675 1333 841 1401 φησίν
867 1349 883 1364 ο
912 1334 1191 1406 ὑπομονὴν
1220 1337 1299 1399 δὲ,
1345 1337 1443 1409 τὴν
1492 1340 1628 1406 πρὸς
1676 1343 1804 1405 τοὺς
1836 1343 1960 1407 ἔξω.

379 1419 743 1491 Μακροθυμεῖ
769 1424 875 1494 γάρ
907 1443 988 1487 τις
1022 1428 1159 1496 πρὸς
1190 1431 1424 1494 ἐκεῖνον,
1482 1430 1542 1483 ὃν
1596 1432 1818 1486 δυνατὸν
1869 1438 1965 1491 καὶ

380 1513 733 1580 ἀμύνασθαι·
773 1518 1037 1586 ὑπομένει
1068 1520 1221 1578 δὲ.ὂν
1270 1524 1330 1575 οὑ
1361 1521 1585 1578 δύναται
1629 1527 1959 1597 ἀμύνασθαι.

379 1603 480 1656 Διὰ
507 1605 666 1659 τοῦτο
695 1608 785 1661 ἐπὶ
818 1610 915 1678 μὲν
960 1611 1094 1663 Θεοῦ
1153 1614 1400 1685 ὑπομονὴ
1433 1617 1688 1671 οὐδέποτε
1721 1620 1961 1689 λέγεται,

378 1696 518 1750 ἀλλὰ
588 1700 979 1771 μακροθυμία·
1035 1704 1130 1757 ἐπὶ
1181 1706 1239 1760 δὲ
1307 1708 1635 1779 ἀνθρώπων,
1690 1711 1959 1783 ὑπομονὴ.

383 1805 403 1839 ι
437 1790 821 1861 Μακροθυμῶν
862 1796 1166 1862 ἐπάὑτὸν,
1223 1800 1327 1862 Eoo;
1384 1801 1524 1875 λᾶὁῃ
1580 1804 1735 1857 ὑετδν
1792 1807 1961 1875 πρώϊ-

381 1896 484 1950 μον
515 1884 609 1935 καὶ
637 1882 901 1953 ὄψιμον.»
963 1889 1223 1959 Πρὼῖμος
1291 1893 1466 1959 ὑετὸς,
1527 1897 1560 1966 ἡ
1627 1900 1684 1949 ἐν
1750 1900 1961 1969 νεότητι

382 1973 523 2064 μετὰ
555 1972 807 2045 δακρύων
840 1979 1098 2043 μετάνοια
1126 1999 1141 2014 ·
1181 1983 1401 2054 ὑψιμος,
1449 1988 1481 2057 ἡ
1539 1989 1599 2041 ἐν
1650 1990 1726 2061 τῷ
1790 1995 1957 2064 γήρα.

380 2061 567 2115 Πάντα
595 2064 652 2116 δὲ
680 2066 889 2135 τῆςτοῦ
922 2070 1059 2125 Θεοῦ
1096 2075 1329 2145 ἢρτηται
1370 2078 1787 2151 φιλανθρωπίας
1815 2099 1828 2113 ·
1870 2061 1961 2138 διὸ

377 2152 525 2223 λέγει
553 2171 566 2185 ·
596 2174 614 2207 ι
646 2158 790 2223 Ἕως
808 2159 874 2214 ἂν
904 2161 1063 2235 λάϐῃ.
1091 2184 1113 2215 ι

455 2264 475 2297 ι
503 2247 983 2322 Μακροθυμήσατε
1013 2258 1110 2311 καὶ
1143 2258 1322 2327 ὑμεῖς,
1356 2265 1587 2334 στηρίξαι
1612 2283 1670 2321 τε
1692 2266 1789 2329 τὰς
1825 2284 1963 2339 καρ-

528 2339 717 2430 ὑμῶνο
771 2343 854 2397 ὃτι
899 2347 932 2412 ἡ
985 2351 1258 2419 παρουσία
1317 2354 1413 2406 τοῦ
1478 2358 1687 2425 Κυρίου
1740 2335 1958 2430 ἤγγικνε.

379 2427 472 2520 illi}
512 2429 955 2520 στενάζετεκαέ
978 2435 1247 2507 ἀλλήλων,
1277 2441 1520 2512 ἀδελφοὶ,
1577 2446 1667 2499 ἵνα
1712 2427 1786 2518 μὴ
1846 2467 1961 2520 κρι-

380 2516 535 2586 θῆτε.
577 2519 707 2572 Ἰδοὺ
744 2523 772 2574 6
799 2525 990 2595 κριτὴς
1020 2529 1126 2597 πρὸ
1147 2528 1256 2582 τῶν
1286 2530 1467 2602 θυρῶν
1498 2516 1746 2607 ἕστηκεν.
1776 2516 1967 2595 θ’Υπό-

378 2609 582 2682 δειγμα
612 2614 827 2680 λάϐετε,
884 2618 1104 2689 ἀδελφοί
1142 2639 1267 2691 μου,
1306 2625 1407 2693 τῆς
1459 2632 1838 2697 κακοπαθείας
1870 2634 1964 2687 καὶ

379 2703 479 2771 τῆς
518 2706 929 2778 μακροθυμίας,
964 2712 1092 2776 τοὺς
1119 2718 1432 2787 προφήτας,
1480 2721 1530 2775 οἳ
1579 2723 1849 2794 ἐλάλησαν
1906 2730 1964 2781 ἐν

380 2794 460 2865 τῷ
489 2797 713 2866 ὀνόματι
759 2800 853 2853 τοῦ
902 2804 1134 2874 Κυρίου.
1217 2808 1347 2863 Ἰδοὺ
1407 2817 1788 2889 μακαρίζομεν
1840 2821 1965 2884 τοὺς

383 2890 774 2960 ὑπομένοντας.
805 2894 916 2965 Τὴν
948 2896 1231 2971 ὑπομονὴν
1277 2904 1401 2957 Ἰὼϐ
1455 2908 1751 2976 ἠκούσατε,
1775 2914 1869 2967 καὶ
1899 2914 1959 2967 τὸ

380 2981 531 3044 τέλος
557 2984 762 3054 Κυρίου
800 2984 960 3052 ἴδετε,
988 2989 1070 3042 ὅτι
1125 2993 1642 3069 πολυεύσπλαγχνός
1700 3006 1816 3057 ἐστι
1870 3006 1966 3059 καὶ

2072 513 2124 568 in
2153 527 2452 586 conspectu
2502 529 2618 586 tuo,
2665 530 2721 576 et
2769 523 3086 592 perﬁciatur
3120 536 3242 594 post
3287 536 3360 584 te.
3414 549 3433 582 ›
3473 531 3649 603 Inquit

2070 610 2215 663 enim
2261 629 2272 663 :
2308 611 2448 677 Quid
2498 624 2583 670 est
2623 618 2747 681 hoc,
2780 636 2798 668 ι
2850 626 2972 686 post
3007 616 3100 671 te?
3142 636 3161 668 ι
3219 618 3460 687 Scilicet,
3499 636 3650 694 post—

2071 714 2233 767 quam
2262 704 2643 767 pertransierit
2696 705 2855 760 furor
2902 719 3046 762 tuus.
3102 707 3332 773 Quando
3365 729 3491 765 vero
3544 716 3649 770 iste

2068 790 2328 844 advenit?
2355 790 2584 857 Quando
2626 793 3132 850 Nabuchodonosor
3164 796 3334 851 diruit
3371 799 3650 872 Jerosoly-

2068 896 2235 934 mam.
2277 880 2341 935 Et
2375 882 2490 936 hmo
2528 884 2745 952 quidem
2782 885 2849 939 de
2886 888 3122 939 adventu
3179 885 3418 941 Domini.
3451 873 3664 945 \‘ernm.

2069 980 2124 1025 et
2158 972 2260 1026 hoc
2285 974 2532 1027 nonnulli
2556 991 2622 1028 ex
2654 974 2912 1030 Patribus
2942 977 3119 1036 aiunt;
3151 977 3297 1045 quod
3350 979 3647 1048 Apostolus

2069 1064 2532 1132 longanimitatem
2582 1065 2669 1120 hic
2695 1067 2842 1119 dirat
2880 1068 3259 1131 tolerantiam,
3302 1084 3421 1138 qua:
3450 1083 3532 1125 est
3578 1072 3646 1126 ad

2067 1155 2336 1219 invicem;
2370 1157 2685 1225 patientiam
2714 1175 2864 1223 vero,
2907 1175 3028 1228 qua:
3043 1161 3191 1213 circa
3216 1169 3505 1217 extraneos
3530 1160 3649 1216 ver-

2069 1256 2242 1302 satur.
2274 1246 2631 1320 Longzinimis
2662 1250 2805 1302 enim
2847 1260 2928 1305 est
2962 1252 3233 1320 quispiam
3286 1268 3416 1322 erga
3474 1270 3598 1308 eum
3628 1295 3645 1320 ,

2066 1341 2264 1407 dequo
2305 1341 2563 1394 ultionem
2600 1358 2816 1397 sumere
2862 1352 3057 1411 potest.
3101 1342 3274 1409 Quam
3326 1345 3395 1398 ob
3423 1360 3646 1400 causam

2069 1434 2329 1502 patientia
2359 1434 2424 1487 de
2468 1433 2576 1488 Deo
2603 1450 2880 1503 nunquam
2914 1436 3136 1499 dicitur,
3177 1437 3268 1490 sed
3318 1437 3648 1507 longanimi-

2068 1534 2151 1579 las
2187 1526 2292 1579 :de
2325 1526 2645 1582 hominibus
2672 1535 2852 1579 autent
2888 1527 3090 1581 dicitur
3149 1528 3429 1601 patientia.
3485 1547 3504 1579 ι
3540 1528 3645 1582 Pa-

2067 1620 2263 1673 tienter
2289 1618 2488 1683 ferens,
2515 1619 2688 1674 donec
2710 1620 2941 1687 accipiat
2960 1621 3194 1688 pluviam
3234 1627 3643 1689 temporaneam

2069 1722 2122 1766 et
2159 1715 2486 1767 scrotinam.
2519 1731 2538 1765 ι
2578 1711 2771 1765 Pluvia
2809 1730 2827 1763 ι
2869 1722 3245 1781 temporanea,
3298 1731 3316 1763 ι
3369 1728 3464 1766 seu
3512 1722 3647 1765 tein-

2069 1805 2277 1875 pestiva
2305 1812 2389 1860 est
2418 1804 2739 1875 pmnitentia
2770 1819 2890 1856 cum
2928 1804 3185 1871 laerymis
3221 1804 3273 1857 in
3316 1804 3646 1872 iuventute;

2069 1896 2332 1959 serotina,
2359 1892 2482 1964 qua:
2530 1897 2591 1948 ﬁt
2630 1896 2684 1949 in
2727 1901 3034 1949 senectute.
3061 1892 3270 1948 Cuncta
3304 1906 3481 1948 autem
3515 1911 3647 1965 pcn-

2069 1988 2198 2043 dent
2226 2005 2253 2039 a
2285 1988 2472 2043 divina
2505 1985 2800 2042 clementia
2827 2003 2842 2052 ;
2873 1984 2997 2040 ideo
3043 1985 3119 2039 ait
3146 2002 3160 2038 :
3218 2004 3235 2037 ι
3282 1985 3462 2041 Donec
3496 1988 3644 2040 aet-i-

2068 2079 2200 2149 pial.
2233 2096 2252 2129 ι

2155 2274 2322 2328 Vens.
2351 2273 2508 2328 8-12.
2555 2291 2573 2324 ι
2614 2271 2983 2344 Longanimrs
3020 2274 3187 2344 igitur
3224 2282 3401 2328 estote
3444 2289 3558 2337 vos,
3592 2282 3646 2327 et

2068 2367 2391 2419 contirmate
2445 2365 2610 2419 corda
2657 2374 2835 2418 vestra
2877 2367 3186 2435 :qnoniam
3232 2366 3498 2420 adventus
3542 2365 3648 2416 Do-

2070 2457 2202 2511 mini
2238 2457 2720 2526 appropinquavit.
2753 2456 2936 2512 Nolite
2983 2457 3367 2527 ingemiscere,
3422 2458 3643 2516 fratres,

2071 2549 2123 2603 in
2152 2550 2499 2611 alterutrum,
2529 2560 2588 2603 ut
2620 2563 2727 2602 non
2759 2549 3102 2616 jndieemini.
3148 2546 3288 2602 Ecce
3314 2548 3478 2616 judex
3519 2556 3648 2600 ante

2066 2641 2289 2711 januam
2322 2640 2554 2694 assistit.
2582 2641 2906 2709 Exemplum
2937 2640 3187 2709 accipite,
3217 2639 3434 2702 fratres,
3463 2639 3647 2692 exitus

2072 2732 2222 2796 mali,
2281 2732 2487 2786 laboris
2531 2743 2585 2785 et
2626 2732 2923 2801 patientiae,
2986 2731 3290 2802 prophetas
3342 2730 3433 2797 qui
3475 2730 3645 2783 locuti

2072 2823 2279 2876 suntin
2315 2822 2533 2876 nomine
2559 2820 2796 2875 Domini.
2831 2823 2973 2876 Ecce
2996 2823 3369 2876 beatiiieamus
3419 2836 3514 2875 eos
3551 2819 3644 2890 qui

2073 2910 2479 2964 sustinuerunt.
2517 2910 2904 2963 Snﬂ'erentiam
2956 2906 3059 2962 Job
3111 2909 3364 2974 audistis,
3399 2920 3453 2964 et
3484 2908 3646 2961 finem

2074 3001 2290 3057 Domini
2326 3002 2557 3065 vidistis,
2599 3002 2860 3071 quoniam
2895 3000 3213 3056 misericors
3245 2999 3508 3055 Dominus
3561 3013 3647 3055 est

381 3075 702 3146 οἰκτίρμων.
730 3079 843 3148 Πρὸ
883 3086 1102 3135 πάντων
1145 3083 1225 3150 δὲ,
1272 3087 1490 3157 αδελφοί
1547 3108 1672 3160 μου,
1728 3096 1803 3167 μὴ
1861 3097 1971 3166 ὑμέ

2072 3105 2125 3151 et
2151 3099 2460 3151 miseratur.
2488 3097 2628 3150 Ante
2650 3095 2856 3159 omnia,
2886 3094 3082 3148 fratres
3110 3093 3238 3157 mei,
3270 3092 3437 3147 nolite
3459 3092 3649 3162 jurare

380 3172 535 3222 vaste
566 3172 703 3241 μήτε
731 3172 822 3227 τὸν
852 3174 1102 3243 οὐρανὸν,
1172 3180 1316 3250 μήτε
1349 3182 1448 3251 τὴν
1500 3187 1628 3254 γῆν,
1667 3188 1805 3256 μήτε
1865 3191 1963 3244 ἄλ-

381 3259 471 3312 λον
500 3264 619 3313 τινὰ
651 3263 837 3331 ὅρκον.
875 3267 1028 3318 Ἧτω
1059 3268 1115 3320 δὲ
1152 3270 1306 3338 ὑμῶν
1335 3272 1428 3324 τοῦ
1463 3271 1529 3342 [Ῑ.
1557 3275 1642 3344 τὸ]
1671 3277 1780 3339 ναὶ,
1830 3279 1921 3330 ναὶ
1948 3318 1962 3343 ,

380 3352 474 3404 καὶ
528 3351 588 3404 τὸ
629 3350 690 3404 οὑ
747 3352 808 3405 οὑ
850 3365 870 3384 ·
913 3354 999 3408 ἵνα
1060 3357 1136 3428 μὴ
1196 3359 1277 3422 εἰς
1336 3361 1622 3431 ὑπόκρισιν
1679 3366 1901 3436 πέσητε.
1940 3389 1959 3421 ι

382 3440 527 3495 ’Δντὶ
553 3444 668 3507 τοῦ,
701 3449 735 3513 ἡ
787 3446 1078 3508 κατάθεσις
1128 3450 1280 3516 ὑμῶν
1337 3450 1531 3518 βεϐαία
1585 3456 1680 3506 καὶ
1735 3457 1828 3508 επὶ
1880 3458 1968 3525 βε-

385 3531 562 3596 ϐαίου,
587 3536 681 3585 καὶ
737 3534 769 3603 ἡ
803 3534 1178 3605 ἀπαγόρευσις
1210 3537 1367 3606 ὑμῶν
1395 3539 1680 3605 ὡσαύτως.
1716 3544 1926 3610 Ἀλλως
1948 3566 1963 3581 ο

389 3621 592 3686 Ἔστω,
619 3623 805 3692 φησιν,
839 3626 871 3694 ἡ
904 3624 999 3677 τοῦ
1059 3624 1176 3696 βίου
1200 3626 1356 3698 ὑμῶν
1403 3635 1682 3702 μαρτυρία
1755 3635 1970 3704 βεϐαιο·

384 3711 521 3780 τέρα.
541 3711 727 3780 ὅρκου.
762 3712 823 3765 Εἰ
864 3712 922 3764 δέ
982 3729 1065 3775 τις
1119 3714 1363 3785 ἀναιδὴς,
1425 3717 1499 3788 μὴ
1546 3719 1967 3790 δυσωπούμενος

388 3802 644 3872 ὑμῶντῴ
673 3801 795 3872 βίῳ,
841 3803 1015 3874 τολμᾷ
1062 3805 1191 3872 ὑμῖν
1243 3807 1546 3876 ἐπαγαγεῖν
1595 3811 1777 3881 ὄρκυν,
1826 3814 1967 3866 ἔστω

386 3893 514 3962 ὑμῖν
537 3893 596 3946 τὸ
626 3894 735 3956 ναὶ,
761 3895 871 3956 ναὶ,
899 3896 990 3947 καὶ
1018 3894 1080 3947 τὸ
1098 3893 1185 3959 οὑ,
1211 3893 1297 3961 οὒ,
1324 3897 1446 3950 διν-ε)⁵
1476 3898 1572 3951 τοῦ
1608 3901 1792 3970 ὅρκου.
1810 3923 1828 3953 ι
1853 3903 1966 3974 Πρὸ

387 3986 631 4048 πάντων,
657 3984 876 4053 ἀδελφοί
925 4001 1049 4054 μου,
1111 3986 1186 4055 μὴ
1241 3986 1471 4055 ὀμνύετε
1527 3990 1663 4059 μήτε
1714 3994 1963 4061 οὑρανδν,

390 4080 528 4147 μήτε
558 4079 682 4148 γῆν,
720 4079 857 4147 μήτε
886 4077 1045 4130 ἄλλον
1068 4079 1189 4132 τινὰ
1221 4081 1404 4149 ὅρκον.
1444 4082 1596 4135 Ἤτω
1637 4084 1693 4136 δὲ
1728 4085 1881 4156 ὑμῶν
1907 4086 1968 4142 τδ

387 4168 494 4233 ναὶ,
526 4171 637 4231 ναὶ,
664 4169 837 4222 καὶτὸ
865 4167 950 4233 οὒ,
971 4169 1032 4223 οὑ
1053 4186 1066 4198 ·
1096 4172 1185 4223 ἰνα
1248 4171 1324 4241 μὴ
1387 4172 1466 4235 εἰς
1530 4174 1819 4245 ὑπόκρισιν
1868 4180 1966 4231 πέ-

388 4276 541 4329 σητε.
577 4278 594 4311 ι
640 4261 752 4332 Τὴν
792 4280 810 4313 ι
869 4262 1181 4332 ὑπόκρισιν,
1213 4282 1234 4315 ι
1288 4265 1409 4335 ἦτοι
1468 4273 1567 4336 την
1617 4270 1965 4340 κατάκρισιν,

387 4350 559 4419 λέγει,
582 4352 703 4422 ἣτις
739 4353 1099 4407 ἐπακολουθεῖ
1145 4357 1258 4419 τοῖς
1283 4356 1519 4426 ἀφειδῶς
1557 4360 1841 4429 ὀμνύουσι,
1871 4367 1965 4417 καὶ

2071 3202 2249 3255 neque
2280 3202 2378 3256 per
2400 3187 2621 3249 cmlum,
2676 3199 2853 3254 neque
2894 3200 2990 3253 per
3027 3194 3254 3245 terram,
3289 3198 3467 3251 neque
3498 3182 3648 3235 aliud

2066 3276 2431 3343 quodcunque
2466 3275 2861 3342 juramentum.
2902 3273 3183 3351 Sitantem
3220 3286 3399 3326 sermo
3427 3283 3644 3326 vester:

2072 3368 2184 3427 Est,
2214 3376 2298 3420 est
2326 3384 2340 3421 :
2381 3364 2521 3427 Non,
2552 3379 2683 3430 non,
2714 3375 2771 3418 ut
2801 3367 2911 3418 non
2953 3366 3006 3417 in
3053 3363 3366 3433 hypocrisin
3424 3364 3647 3417 decida-

2070 3459 2163 3513 tis.
2213 3478 2231 3509 ι
2268 3457 2323 3511 Id
2355 3467 2480 3511 est:
2516 3456 2598 3509 Sit
2629 3456 2920 3509 aﬂirmatio
2951 3465 3132 3509 vestra
3173 3453 3351 3517 firma,
3390 3461 3443 3507 ct
3491 3454 3544 3507 in
3591 3470 3649 3507 re

2068 3549 2259 3612 firma;
2284 3548 2537 3601 similiter
2559 3547 2721 3599 etiam
2751 3546 3217 3600 inficiatio.Aliter
3249 3561 3265 3599 :
3295 3544 3383 3598 Sit
3406 3544 3527 3599 vita:
3553 3560 3649 3599 vc-

2069 3649 2194 3690 straz
2215 3634 2585 3690 testimonium
2602 3633 2809 3687 firmius
2826 3633 3159 3701 iuramento.
3176 3634 3232 3687 Si
3251 3635 3373 3705 quis
3393 3650 3524 3689 vero
3541 3635 3648 3688 im-

2069 3728 2275 3798 pudens
2307 3728 2471 3779 vitam
2491 3733 2725 3778 vestram
2749 3724 2823 3776 nil
2852 3727 3138 3789 reveritus,
3155 3726 3527 3793 juiamentum
3551 3741 3649 3780 vo-

2069 3817 2154 3870 bis
2176 3815 2454 3881 imponere
2468 3812 2741 3878 audet,sit
2759 3812 2913 3866 vobis
2926 3811 3072 3881 quod
3095 3830 3115 3862 ι
3141 3821 3245 3875 est,
3261 3833 3278 3864 ι
3303 3807 3483 3871 οειῖει
3503 3815 3647 3884 quod

2069 3920 2179 3959 non
2206 3922 2223 3955 ι
2253 3918 2358 3956 non
2382 3921 2400 3953 ι
2439 3916 2537 3972 pro
2563 3901 2898 3970 juramento.
2933 3918 2952 3951 ι
2990 3900 3058 3955 Ut
3090 3917 3198 3956 non
3242 3902 3295 3955 in
3333 3904 3646 3972 hypocrisin

2070 3996 2387 4051 decidatis.»
2420 4024 2493 4035 --
2524 4012 2543 4044 ι
2583 3993 2908 4064 Hypoerisin
2948 4012 2968 4046 ι
3016 3994 3105 4047 hic
3134 3993 3644 4049 condemnationem

2067 4090 2216 4149 dicit,
2246 4104 2365 4158 qua:
2392 4092 2749 4157 consequitur
2768 4102 2886 4151 eos,
2914 4088 3004 4155 qui
3040 4086 3331 4141 indiscrete
3361 4086 3573 4154 jurant,
3592 4100 3649 4140 et

2070 4187 2158 4255 qui
2176 4185 2390 4255 juranili
2409 4183 2810 4238 consuetudine
2833 4184 2897 4236 ad
2921 4183 3213 4253 periurium
3240 4180 3647 4237 transcunI.Vel

2071 4281 2244 4349 ipsam
2286 4297 2303 4329 ι
2341 4276 2650 4348 hypocrisin
2684 4295 2703 4326 ›
2737 4291 2830 4330 seu
2854 4275 3263 4329 simulationem
3292 4276 3394 4329 hoc
3424 4276 3541 4330 loco
3564 4277 3645 4330 si-

2070 4372 2290 4443 gulieat,
2322 4370 2467 4439 quod
2491 4368 2741 4422 videlicet
2781 4367 2929 4421 aliud
2984 4376 3068 4422 est
3091 4408 3106 4431 ,
3140 4375 3193 4423 et
3220 4369 3364 4421 aliud
3399 4378 3643 4439 apparet.

384 4443 474 4496 διὰ
500 4446 786 4512 συνηθείας
819 4446 909 4499 τὸν
956 4446 1118 4517 ὅρκον
1151 4448 1244 4500 ἐπὶ
1297 4451 1360 4502 τὸ
1387 4449 1455 4521 [Ι.
1521 4452 1622 4523 τῷ]
1681 4454 1962 4527 ἐπιορκεῖν

2068 4461 2543 4529 Quomodoautem
2565 4462 2659 4531 «,in
2689 4461 3003 4530 hypocrisin
3032 4480 3050 4511 ι
3081 4461 3294 4529 ille,qui
3314 4461 3485 4529 jnrat,
3510 4463 3649 4516 inci-

384 4534 772 4603 ὲκφερομένοις
804 4553 819 4567 ·
857 4536 889 4606 ἢ
915 4539 1009 4591 καὶ
1043 4538 1176 4591 αὑτὸ
1199 4540 1259 4592 τὸ
1291 4541 1705 4612 ὑποκρίνεσθαι,
1759 4549 1963 4617 σημαί-

384 4642 467 4680 νει
491 4627 551 4679 τὸ
582 4626 752 4695 ὄνομα
776 4629 1031 4693 ἐνταῦθα,
1053 4630 1082 4683 ὃ
1124 4632 1253 4685 ἄλλο
1312 4633 1393 4700 δν,
1451 4636 1638 4707 ἕτερον
1691 4638 1963 4708 φαίνεται.

392 4718 508 4781 Ίῶς
535 4716 629 4771 οὖν
662 4736 679 4768 ι
709 4720 787 4781 εἰς
812 4719 1102 4790 ὑπόκρισιν
1125 4741 1143 4772 ι
1166 4724 1194 4774 6
1219 4725 1434 4793 ὀμνύων
1451 4728 1639 4784 πίπτει
1662 4747 1678 4797 ;
1709 4732 1967 4786 Πιστευόο

394 4822 543 4872 κενός
569 4809 670 4875 μὲν
692 4809 780 4862 διὰ
837 4810 944 4863 τῶν
992 4812 1174 4879 ὅρκων
1237 4816 1441 4887 ἀληθὴς
1496 4816 1659 4885 εἶναι,
1710 4826 1965 4896 παρασά-

384 4916 523 4989 σεως
566 4901 631 4969 ,δὲ
683 4902 1180 4974 ἐπακολουθούσης,
1214 4905 1456 4977 ψεύστης
1516 4912 1685 4984 [αντη
1755 4918 1962 4989 ἀληθὴς

384 4988 526 5082 υλ-Ϊ
554 4989 702 5082 θοὺς]
726 4994 1183 5082 ἀποφαινόμενος.
1210 4996 1425 5051 Κωλύει
1450 4998 1506 5052 δὲ
1535 5004 1674 5059 κατά
1711 4988 1855 5063 Θεοῦ
1883 4988 1960 5082 μὴ

384 5077 628 5147 ὀμνύειν,
654 5080 744 5133 διὰ
776 5081 874 5152 τὴν
925 5083 1215 5152 ἐπιορκίαν
1249 5101 1265 5117 ο
1298 5088 1441 5141 κατὰ
1480 5089 1538 5147 δὲ
1590 5096 1824 5165 ούρανοῦ
1866 5077 1960 5156 καί

382 5168 491 5265 τῶν
524 5169 833 5265 motionem
887 5173 948 5226 τὸ
981 5174 1058 5246 μὴ
1092 5176 1188 5229 καὶ
1227 5178 1400 5233 ταῦτα
1460 5185 1542 5248 είς
1599 5186 1737 5242 Θεοῦ
1793 5194 1960 5265 τιμὴν

383 5260 559 5351 ἄγειν.
599 5263 805 5326 Πάντες
832 5264 941 5334 γὰρ
968 5266 1018 5318 οἱ
1047 5267 1337 5338 ὀμνύοντες
1381 5277 1523 5328 κατὰ
1575 5277 1668 5331 τοῦ
1713 5260 1960 5351 μείζονος

382 5350 695 5419 ὀμνύουσιν.
749 5353 887 5405 Ἀλλ’
928 5357 1047 5426 ὲρεῖ
1074 5375 1157 5420 τις
1187 5374 1201 5389 ’
1228 5361 1291 5413 Εἰ
1323 5361 1571 5431 βιάζεταί
1598 5386 1683 5432 τις
1704 5350 1954 5440 ὀμνύναι,

311 5481 319 5489 .
382 5445 436 5497 τί
475 5445 731 5515 ποιητέον
757 5462 773 5511 ;
818 5445 1104 5526 Ἐροῦμεν,
1128 5450 1211 5504 δτι
1242 5454 1272 5505 6
1293 5455 1461 5521 φόϐος
1491 5458 1585 5511 τοῦ
1634 5461 1772 5516 Θεοῦ
1807 5466 1957 5535 ισχυο

388 5536 609 5606 ρότερός
637 5538 751 5589 ἐστι
778 5536 876 5606 τῆς
899 5539 990 5591 τοῦ
1016 5538 1342 5611 βιαζομένου
1385 5547 1651 5618 ἀνάγκης,
1716 5554 1957 5609 Ἐπσιπο⁸

449 5715 498 5747 ⁸⁵
540 5715 672 5771 Dan.
704 5732 787 5783 in,
833 5719 920 5775 40.
1033 5723 1078 5754 ³⁵
1138 5723 1307 5781 Hebr.
1369 5742 1443 5793 vi,
1487 5725 1572 5780 16.

2067 4553 2447 4617 dit?Scilicet,
2468 4552 2591 4621 quia
2613 4552 3061 4621 objuramentum
3106 4552 3349 4606 creditur
3386 4568 3505 4607 esse
3550 4568 3646 4607 ve—

2067 4660 2199 4710 rax;
2233 4655 2306 4707 at,
2350 4646 2718 4713 subSequente
2766 4647 3223 4712 transgressione,
3263 4646 3493 4699 mendax
3548 4660 3646 4714 pro

2067 4738 2246 4793 veraci
2300 4752 2423 4791 esse
2446 4736 2876 4791 demonstratur.
2909 4735 3165 4789 Prohibet
3198 4751 3326 4790 vero
3351 4752 3447 4806 per
3477 4740 3643 4790 Deum

2062 4829 2251 4899 jurare
2272 4827 2336 4880 ad
2367 4827 2679 4881 evitandum
2719 4827 3016 4895 perjurium
3051 4845 3093 4881 ει
3127 4843 3224 4897 per
3240 4827 3438 4881 emittm
3467 4848 3483 4879 ι
3516 4843 3645 4881 vero

2065 4932 2117 4976 et
2144 4922 2269 4983 alia,
2295 4936 2363 4975 ne
2392 4919 2458 4974 iis
2485 4919 2707 4974 divinus
2735 4919 2911 4973 honor
2931 4919 3210 4975 deferatur
3236 4939 3250 4976 :
3276 4935 3466 4975 omnes
3497 4923 3640 4974 enim

2063 5016 2377 5085 quijnrant,
2397 5032 2415 5066 ι
2441 5029 2536 5083 per
2563 5013 2822 5081 majorem
2846 5017 2930 5066 sui
2957 5014 3229 5083 jurant".
3270 5031 3288 5064 ι
3318 5016 3406 5079 At,
3432 5013 3643 5081 inquiet

2065 5108 2288 5177 aliquis,
2324 5109 2369 5161 si
2401 5108 2617 5177 cogitur
2647 5107 2770 5176 quis
2797 5105 3002 5175 jurare,
3027 5104 3156 5175 quid
3190 5105 3262 5157 illi
3286 5103 3588 5157 faciendum
3618 5104 3645 5156 ἲ

2065 5196 2505 5266 Respondemus,
2540 5197 2792 5250 timorem
2831 5195 3043 5251 Domini
3077 5195 3357 5249 fortiorem
3391 5208 3512 5248 esse
3542 5210 3639 5247 ne-

2064 5288 2322 5341 cessitate
2345 5286 2488 5353 ejus,
2529 5286 2620 5354 qui
2664 5287 2900 5356 cogitur.
2955 5281 3231 5337 Dubitabit
3270 5282 3433 5336 etiam
3475 5281 3641 5353 348

2063 5378 2334 5448 quispiam
2367 5379 2434 5432 de
2471 5378 2640 5433 veteri
2693 5379 2831 5446 lege,
2864 5386 2915 5430 et
2952 5376 3095 5429 dicet
3124 5388 3138 5426 :
3171 5373 3307 5427 Cum
3340 5384 3499 5429 vetus
3549 5378 3635 5429 lex

2061 5469 2415 5536 laudeteum,
2458 5470 2551 5539 qui
2581 5485 2676 5540 per
2721 5483 2917 5522 nomen
2957 5466 3167 5518 [loliiini
3215 5465 3502 5534 iuraverit,
3537 5481 3637 5519 cur

2064 5562 2146 5615 lex
2183 5563 2377 5633 gratia:
2425 5561 2480 5616 id
2529 5562 2647 5616 fieri
2695 5558 2885 5615 vetat?
2930 5557 3395 5628 Respondemus:
3436 5557 3658 5628 Legi-nr

3512 329 3647 395 1186
3742 392 3745 395 .
