4020 6214
421 321 560 386 1187

1383 303 1959 370 THEOI‘HYLACTI
1989 302 2397 364 BUI.GAIlI/E
2446 301 2804 362 ARCHIEP.

3553 301 3669 367 118⁸

415 451 683 500 veterem,
719 442 776 488 ut
804 430 1025 487 Iud-120s
1056 444 1088 484 a
1112 426 1355 498 iurando
1385 440 1479 496 per
1510 424 1656 479 idola
1709 428 2001 485 averteret,

2123 420 2294 490 οῆσειε
2325 418 2370 472 δ’
2396 417 2464 472 ἄν
2515 435 2600 479 τις
2642 418 2737 481 zeal.
2788 415 2919 489 περὶ
2962 416 3064 472 τοῦ
3120 415 3349 471 παλαιοῠ
3390 419 3577 486 νόμου·
3613 420 3669 474 El.

415 529 760 600 przreepissc,
797 536 855 578 ttt
870 523 1117 590 jnrarent
1137 535 1232 591 per
1259 520 1425 575 Deum
1448 536 1462 572 :
1481 515 1938 587 quemadmodum
1958 521 2013 568 et

422 622 531 675 Deo
555 617 820 675 sacriﬁcia
847 616 1048 670 oﬁ't-rre
1064 613 1253 681 jussit,
1273 621 1331 665 ιιι
1347 614 1415 664 ab
1436 609 1706 664 idolorum
1722 606 2012 662 sacriﬁciis

421 710 781 765 abalienaret.
819 704 957 759 Cum
990 718 1122 757 vero
1151 700 1491 758 suﬁicienter
1532 698 1601 752 de
1627 696 1815 751 divino
1845 694 2000 750 cultu

423 799 801 872 instruxisset,
842 803 958 849 tum
1046 794 1212 848 etiam
1268 790 1541 846 sacriﬁcia
1590 790 1739 842 velut
1791 786 2005 842 inutilia

422 892 660 961 rejccit:
713 890 1006 958 requirens
1072 902 1177 939 non
1230 884 1502 939 sacriﬁcia
1555 896 1623 937 ex
1678 878 2007 933 auitntlibus

422 986 627 1043 oblata,
683 980 779 1035 sed
824 997 845 1031 ι
885 993 983 1033 cor
1031 979 1403 1033 contritum-z
1441 989 1540 1044 pro
1591 970 1883 1030 sacriﬁcio.
1937 970 2008 1022 At

421 1076 698 1142 quodnam
731 1078 815 1125 est
848 1068 1208 1138 ltujustttodi?
1240 1066 1378 1120 Illud
1430 1077 1628 1132 nempe
1677 1061 1823 1131 quod
1883 1059 2007 1128 igne

423 1162 712 1215 cltaritatis
743 1160 810 1215 ad
841 1156 1342 1213 ittstarltolocausti
1377 1155 1590 1223 integre
1619 1148 2004 1209 consumitur:

425 1255 586 1324 quale
631 1261 752 1307 erat
799 1267 900 1306 cor
937 1249 1115 1315 Pauli,
1163 1263 1287 1303 cum
1329 1256 1617 1317 propterea
1673 1240 1818 1313 quod
1876 1239 2008 1294 ﬁde-

424 1347 503 1399 les
531 1345 757 1413 quidam
795 1361 813 1393 ι
846 1340 1414 1403 scandalizatieraut,
1473 1354 1492 1393 ι
1559 1349 1725 1404 supra
1776 1333 2017 1388 modum,

429 1455 447 1487 ι
479 1436 738 1490 urebatur
763 1434 832 1490 ⁸⁸.
859 1452 882 1486 t

2113 514 2208 563 τὸν
2235 510 2378 563 κατὰ
2410 508 2505 562 τοῦ
2543 510 2751 579 Κυρίου
2779 508 3052 578 ὀμνύοντα
3090 508 3186 561 τοῦ
3215 508 3474 577 ὀνόματος
3530 511 3671 562 ἐπαι-

2111 601 2332 664 νοῦντος
2389 601 2485 654 τοῦ
2549 600 2781 654 παλαιοῦ
2830 600 3017 670 νόμου,
3073 600 3189 662 πῶς
3241 602 3275 670 ἡ
3324 602 3486 670 χάρις
3529 600 3673 655 τοῦτο

2110 697 2288 748 ποιεῖν
2310 694 2684 752 διαστέλλεται
2716 712 2731 760 ;
2756 693 3027 765 Ἐροῦμεν
3051 688 3168 756 οὗν,
3200 692 3275 756 ὡς
3305 694 3334 744 ὁ
3356 692 3579 757 παλαιὸς
3596 695 3673 748 νό-

2111 802 2210 856 μος
2241 786 2471 853 ἀπάγων
2495 786 2785 848 Ἰουδαίους
2828 785 2903 857 μὴ
2936 786 3078 840 κατὰ
3128 785 3238 837 τῶν
3266 783 3502 837 εἰδώλων
3527 786 3676 855 ὀμνύ-

2108 892 2219 941 ναι,
2281 876 2587 948 προσέταξε
2640 878 2783 933 κατὰ
2830 877 2968 930 Θεοῦ
3027 876 3302 948 ὀμνύει-δ’
3350 876 3541 946 ὥσπερ
3594 880 3677 931 zeal

2111 966 2263 1020 θύειν
2298 966 2515 1025 ἐκέλευε
2541 967 2620 1038 τῷ
2677 967 2817 1037 Θεῷ,
2859 967 3126 1025 ἀποσπῶν
3185 966 3385 1029 αὐτοὺς
3441 967 3540 1037 τῆς
3585 968 3680 1020 τῶν

2110 1057 2344 1111 εἰδώλων
2397 1058 2587 1125 θυσίας
2618 1075 2634 1090 ο
2670 1060 2756 1113 ὅτε
2809 1059 2868 1112 δὲ
2914 1058 3115 1121 ἱκανῶς
3170 1057 3368 1121 αὐτοὺς
3426 1057 3610 1119 θεοςεϐ
3638 1060 3681 1110 ἰν

2110 1151 2413 1218 ἐδιδάξατο,
2447 1152 2563 1205 τότε
2596 1155 2690 1213 zeal
2724 1150 2824 1208 τὰς
2858 1150 3053 1213 Θυσίας
3129 1148 3206 1214 ώς
3261 1148 3557 1218 ἀνωφελεῖς
3599 1150 3682 1202 άπ-

2107 1244 2285 1297 ώσατο
2308 1259 2324 1274 °
2365 1242 2554 1305 θυσίαν
2584 1244 2639 1297 δὲ
2671 1245 2732 1298 οὐ
2755 1243 2853 1313 τὴν
2882 1243 2972 1296 διὰ
2999 1241 3170 1306 ζώων,
3220 1241 3357 1295 ἀλλὰ
3387 1243 3487 1310 τὴν
3515 1258 3683 1295 συντεο

2111 1335 2421 1407 τριμμένην
2440 1337 2619 1407 ψυχὴν
2655 1333 2931 1405 ἐπιζητῶν
2959 1335 3038 1397 είς
3069 1333 3390 1401 θυσίᾳν.Τίς
3418 1334 3477 1388 δὲ
3507 1334 3639 1402 αῦτη
3665 1350 3680 1399 ς

2125 1425 2187 1480 'H
2220 1426 2308 1479 διὰ
2343 1427 2728 1490 ταπεινώσεως
2753 1425 2831 1495 τῷ
2849 1426 2946 1495 τῆς
2976 1424 3198 1495 ἀγάπης
3248 1426 3549 1483 ὁλοκαυτου
3562 1426 3682 1495 μένη

422 1522 691 1598 πυρὶ,οἷα
720 1525 812 1578 καὶ
857 1525 892 1596 ἠ
946 1522 1182 1591 Παύλου,
1252 1523 1287 1590 ἡ
1351 1520 1420 1594 [τ’.
1459 1518 1540 1592 ὃς]
1600 1519 1690 1576 διὰ
1738 1520 1799 1579 τό
1857 1531 2011 1581 τινας
2052 1516 2501 1581 σκανδαλίξεσθαι
2532 1515 2641 1572 τῶν
2705 1515 2914 1570 πιστῶν
2967 1516 3413 1589 ὑπερϐαλλόντως
3469 1512 3541 1587 ἦν
3595 1532 3685 1575 πυ,

426 1618 519 1687 ρού
529 1633 709 1687 μενος.

497 1706 663 1762 Vens.
707 1707 794 1771 15,
823 1707 905 1762 14.
940 1725 959 1759 ι
994 1706 1270 1763 Tristatur
1304 1706 1505 1777 aliquis
1549 1703 1837 1763 vestrum?
1865 1709 2006 1757 oret.

2193 1716 2213 1750 ι
2245 1697 2576 1761 Κακοπαθεῖ
2602 1713 2687 1760 τις
2717 1697 2774 1749 ἐν
2801 1696 2968 1764 ύμῖν;
3006 1694 3392 1766 προσευχέσθω
3425 1711 3442 1728 ·
3474 1696 3684 1766 εὐθυμεῖ

427 1796 613 1868 Equo
632 1799 818 1852 animo
840 1805 925 1852 est
946 1798 969 1850 ἲ
996 1799 1209 1864 psallat.
1231 1797 1545 1852 Inﬁt-matur
1576 1797 1704 1867 quis
1730 1797 1784 1850 in
1814 1793 2011 1849 vobis?

2123 1807 2199 1853 τις
2223 1809 2237 1856 ;
2264 1790 2539 1860 ψαλλέτω.
2564 1788 2813 1842 Ἀσθενεί
2836 1805 2922 1851 τις
2938 1789 2996 1841 ἐν
3027 1789 3156 1857 ὑμῖν
3191 1805 3205 1854 ;
3233 1787 3681 1857 Προσκαλεσὰσθω

429 1891 654 1955 luducal
688 1890 1041 1961 presbyteros
1063 1888 1339 1951 Ecclesiae,
1361 1899 1414 1942 et
1438 1898 1597 1947 orent
1625 1903 1792 1957 super
1815 1902 1960 1942 eum.
1988 1903 2007 1938 ι

2123 1882 2247 1945 τοὶ-ς
2279 1881 2689 1951 πρεσϐυτέρους
2739 1882 2837 1949 τῆς
2871 1879 3222 1946 Ἐκκὶησίας,
3265 1880 3359 1933 καὶ
3395 1882 3675 1949 προσευξά-

433 1982 739 2036 Tristitiam
774 1982 954 2036 oratio
998 1983 1315 2045 comitetur,
1347 1989 1407 2034 ttt
1438 1981 1532 2045 qui
1576 1988 1839 2043 tentatur,
1886 1987 2005 2033 ten-

431 2075 672 2129 lationes
706 2072 882 2126 levius
927 2072 1087 2126 ferat.
1129 2071 1335 2126 Deinde
1395 2082 1682 2139 postquam
1734 2067 2007 2132 oratione,

430 2178 555 2233 quae
587 2178 689 2216 nos
724 2163 1148 2232 perturltabant,
1183 2163 1362 2231 sopita
1416 2161 1642 2224 fuerint,
1670 2170 1724 2215 et
1764 2158 1832 2213 ad
1867 2158 2010 2212 natio

432 2271 561 2309 1vum
587 2271 748 2310 suum
771 2262 972 2310 statum
1012 2255 1232 2309 animus
1262 2253 1507 2319 redierit,
1537 2260 1669 2306 tunc
1695 2251 1913 2320 psallat,
1948 2258 2011 2304 ut

437 2346 540 2414 ipsi
592 2348 732 2400 bona
761 2346 1197 2416 multiplicemur
1230 2364 1245 2401 :
1283 2346 1513 2401 hilarem
1546 2345 1692 2399 enim
1718 2353 1775 2399 et
1812 2343 2014 2413 jucune-

437 2438 568 2490 dum
600 2440 798 2493 anima:
831 2446 1060 2501 statum,
1085 2436 1240 2507 juxta
1271 2450 1527 2504 magnum
1551 2433 1836 2497 Basiliutu,
1864 2433 2019 2503 bym-

435 2545 631 2583 noruut
662 2539 858 2585 cantus
888 2529 1170 2584 conciliat.
1206 2527 1272 2582 Et
1311 2542 1468 2591 sane,
1499 2527 1595 2598 qui
1631 2526 1702 2582 ad
1751 2526 1855 2580 ltoc
1919 2541 2015 2579 us-

435 2635 542 2688 que
567 2637 676 2675 non
704 2622 973 2690 pervenit,
1004 2635 1183 2690 neque
1235 2620 1396 2677 talem
1458 2618 1562 2673 sibi
1618 2616 2020 2687 comparaverit

438 2721 668 2779 Statum,
718 2717 903 2782 (quem
938 2711 1110 2766 David
1176 2712 1527 2767 sanctitatem
1575 2709 1832 2780 appellat,
1890 2722 2016 2765 cum

438 2806 517 2858 ait
556 2822 570 2859 :
607 2823 625 2856 ι
657 2804 879 2860 Psallite
909 2804 1165 2865 Domino.
1195 2803 1376 2859 sancti
1403 2802 1525 2875 ejus
1557 2802 1663 2872 "t)
1694 2817 1803 2857 non
1839 2801 2013 2866 aliud,

439 2898 547 2953 nisi
581 2898 772 2967 longas
795 2912 972 2968 nugas
1011 2896 1277 2969 perﬁciet.

586 3089 605 3121 ι
642 3068 917 3140 ngeutes
943 3085 1070 3132 eum
1094 3072 1219 3126 oleo
1249 3070 1305 3127 itt
1332 3070 1553 3131 nomine
1586 3069 1823 3127 Domini.
1854 3087 1874 3125 z

2117 1976 2336 2027 σθωσαν
2367 1972 2455 2026 ἐπ’
2501 1974 2687 2027 αὐτόν.
2734 1990 2752 2025 z
2815 1974 2894 2043 Τῇ
2938 1972 3281 2043 κακοπαθείᾳ
3339 1973 3372 2043 ἠ
3426 1974 3686 2044 προσευχὴ

2110 2062 2550 2134 παρομαρτείτω,
2579 2062 2666 2115 ἵνα
2698 2063 3000 2133 κουροτέρα
3028 2061 3104 2133 τῷ
3172 2080 3235 2116 πε
3247 2061 3556 2134 ιραζημένῳ
3575 2066 3687 2133 ἠδι-

2120 2155 2297 2220 έξοδος
2322 2156 2432 2208 τῶν
2464 2156 2783 2228 πειρασμῶν
2813 2156 3057 2225 γένηται.
3086 2151 3219 2209 Εἶτα
3244 2158 3460 2221 ἐπειδὰν
3483 2157 3570 2212 διὰ
3601 2157 3689 2226 τῆς

2115 2246 2426 2315 προσευχῆς
2453 2246 2884 2317 κατευνασθῇτὰ
2902 2245 3217 2315 διοχλοῦντα
3234 2248 3400 2317 ἡμᾶς,
3433 2249 3530 2301 zeal.
3560 2247 3682 2318 πρὸς

2113 2337 2213 2406 τὴν
2240 2338 2444 2395 οἰκείαν
2472 2338 2809 2400 κατάστασιν
2839 2337 3106 2407 ἀφίκηται
3139 2337 3360 2408 ἡψυχὴ,
3396 2337 3686 2408 τηνικαῦτα

2115 2426 2392 2497 ψαλλέτω,
2435 2427 2521 2482 ἵνα
2552 2430 2622 2483 τὰ
2668 2430 2881 2500 χρηστὰ
2928 2428 3076 2501 αὐτῷ
3109 2430 3579 2503 πολυπλασιασθῇ.
3627 2430 3692 2486 Τὸ

2120 2521 2231 2591 γὰρ
2269 2521 2454 2592 ἱλαρὸν
2480 2522 2577 2578 zeal
2607 2522 2812 2576 ἄλυπον
2835 2522 3161 2594 κατάστημα
3193 2522 3291 2591 τῆς
3326 2522 3534 2592 ψυχῆς,
3563 2522 3691 2576 κατὰ

2119 2612 2213 2665 τὸν
2271 2611 2447 2681 μέγαν
2504 2613 2805 2676 Βασίλειον,
2834 2613 2892 2667 αἱ
2945 2612 3053 2665 τῶν
3096 2613 3280 2681 ὕμνων
3345 2615 3692 2684 προσηγορίαι

2122 2701 2460 2771 χαρίζονται.
2508 2701 2566 2754 '0
2586 2702 2696 2773 γάρ
2721 2718 2803 2756 τοι
2858 2703 2932 2773 μὴ
2959 2701 3103 2755 οὕτω
3165 2701 3399 2772 προϐὰς,
3461 2703 3595 2773 μηδὲ
3640 2704 3695 2755 τὸ

2120 2792 2332 2850 τοιοῦτο
2363 2793 2691 2863 κατάστημα
2726 2793 3052 2865 προφθάσας
3078 2793 3128 2865 (ὃ
3149 2796 3243 2848 zeal
3264 2795 3429 2849 Δαϐὶδ
3453 2795 3696 2866 ὁσιότηος

2122 2886 2299 2952 καλεῖ,
2356 2906 2375 2938 ι
2409 2887 2656 2953 Ψὰλατε,
2689 2906 2707 2940 t
2764 2891 3232 2959 προτρεπόμενος,
3274 2906 3294 2939 ι
3344 2888 3424 2959 τῷ
3485 2889 3689 2960 Κυρίῳ,

2122 2976 2248 3039 τοὺς
2267 2976 2448 3040 ὁσίους
2471 2976 2638 3030 αὑτοῦ
2674 2975 2747 3048 ι),
2776 2977 2942 3047 λῆρον
2972 2978 3184 3048 μακρὸν
3214 2977 3454 3043 ἐξανύει.

2190 3087 2209 3121 e
2244 3068 2591 3138 Ἀλείψαντες
2625 3069 2786 3123 αὐτὸν
2836 3068 3000 3142 ἐλαίῳ
3065 3073 3125 3124 ἐν
3176 3071 3253 3142 τῷ
3325 3073 3551 3143 ὀνόματι
3609 3070 3696 3127 τοῦ

2126 3161 2356 3231 Κυρίου.
2392 3180 2410 3214 t

516 3242 682 3297 Vens.
716 3242 805 3305 15,
839 3244 923 3299 16.
961 3263 981 3299 ι
1014 3243 1081 3305 Ει
1105 3245 1281 3300 oratio
1304 3244 1426 3300 ﬁdei
1451 3244 1685 3299 salvaltit
1708 3245 2016 3310 inﬁrmum;

2197 3271 2216 3305 ι
2261 3254 2372 3307 Kal
2397 3255 2432 3323 ἡ
2464 3252 2598 3323 εὐχὴ
2628 3252 2728 3322 τῆς
2763 3252 3000 3317 πίστεως
3048 3253 3214 3307 σώσει
3265 3255 3356 3309 τὸν
3406 3257 3697 3326 κάμνοντα,

441 3333 810 3393 ctalleriabit
838 3348 967 3386 eum
995 3332 1380 3393 Dominus:ct
1424 3335 1469 3387 si
1519 3331 1574 3385 in
1640 3332 1879 3403 peccatis
1930 3335 2022 3395 sit,

444 3428 752 3487 remittetur
780 3426 852 3480 ei.
884 3423 1234 3483 Conﬁtcmini
1269 3439 1396 3495 erga
1448 3424 1766 3478 alterutrum
1802 3434 2024 3495 peccata

448 3525 654 3580 vestra,
676 3526 730 3570 ct
763 3525 916 3570 orate
947 3531 1048 3586 pro
1075 3516 1332 3581 invicem,
1364 3524 1425 3570 ut
1459 3515 1771 3571 salvcutini.
1820 3533 1839 3573 ι
1884 3514 2021 3580 Hoc,

2129 3344 2227 3397 zeal
2258 3344 2444 3414 ἐγερεῖ
2458 3345 2626 3396 αὑτὸν
2649 3344 2679 3395 ὁ
2709 3341 2913 3412 Κύριος
2940 3360 2954 3375 ο
2981 3343 3084 3397 κᾶν
3112 3343 3384 3414 ἁμαρτίας
3473 3361 3699 3413 πεποιην

2129 3433 2260 3501 κὼς,
2292 3434 2631 3505 ἀφεθήσεται
2668 3433 2835 3503 αὐτῷ.
2864 3434 3309 3506 Ἐξομολογεῐσθε
3342 3437 3589 3508 ἀλλήλοις
3633 3437 3704 3488 τὰ

2130 3524 2580 3595 παραπτώματα,
2627 3527 2721 3579 zeal
2777 3525 3003 3596 εὔχεσθε
3057 3526 3199 3596 ὑπὲρ
3241 3527 3512 3598 ἀλλήλων,
3561 3529 3702 3591 ὅπως

444 3609 671 3663 llltristo
704 3606 885 3662 adhuc
922 3622 1051 3666 cum
1083 3608 1397 3670 hominibus
1441 3616 1717 3674 versante,
1749 3607 2016 3663 faciebant

2130 3616 2337 3685 ἰαθῆτε.
2367 3634 2386 3667 z
2426 3616 2601 3670 Τοῦτο
2631 3618 2726 3669 καὶ
2752 3617 2842 3670 τοῦ
2868 3618 3077 3689 Κυρίου
3119 3621 3232 3682 τοῖς
3288 3618 3599 3690 ἀνθρώποις
3627 3620 3701 3675 ἔτι

446 3700 707 3770 apostoli,
736 3700 858 3756 oleo
889 3709 1159 3771 ungentes
1186 3699 1454 3756 inﬁrmos.

523 3894 541 3928 ι
584 3874 814 3930 Multum
863 3876 1010 3935 enim
1043 3876 1188 3930 valet
1219 3877 1531 3952 deprecatio
1554 3878 1686 3947 justi
1718 3878 1961 3934 assidua.
1996 3899 2016 3932 ι

521 3966 684 4023 Vens.
727 3967 816 4032 l7,
847 3966 933 4021 l8.
978 3985 995 4017 t
1032 3965 1186 4037 ‘Elias
1244 3971 1407 4021 l.out0
1465 3977 1583 4022 erat
1637 3969 1835 4031 similis
1864 3970 2022 4025 nobis

448 4059 731 4129 passibilis
759 4076 772 4112 :
816 4069 870 4114 ct
895 4059 1145 4114 oratione
1174 4061 1372 4125 orarit,
1403 4068 1463 4113 ut
1487 4075 1593 4113 non
1619 4060 1829 4130 plueret
1858 4076 2023 4129 super

447 4157 675 4213 tcrraut,
701 4155 757 4203 et
786 4163 895 4203 non
925 4150 1066 4219 pluit
1105 4165 1283 4212 annos
1337 4158 1472 4215 tres,
1536 4165 1756 4207 menses
1806 4167 1925 4207 sex.
1960 4151 2024 4207 lit

451 4255 643 4293 rursus
685 4242 861 4294 orarit
898 4252 995 4304 ;et
1044 4242 1246 4299 coelum
1287 4242 1438 4297 dedit
1475 4242 1738 4313 pluviam,
1785 4255 1840 4299 et
1876 4252 2020 4301 terra

451 4331 605 4386 dedit
653 4331 894 4386 fructum
952 4349 1137 4387 suum.
1186 4351 1204 4384 t
1245 4332 1444 4386 Eﬁieax
1495 4343 1581 4389 est
1641 4335 1819 4389 oratio
1862 4335 2022 4406 justi,

450 4424 672 4494 quando
700 4425 770 4486 is,
804 4440 906 4494 pro
945 4440 1053 4495 quo
1091 4425 1275 4494 justus
1340 4436 1481 4489 orat,
1538 4427 1809 4495 spirituali
1866 4444 2021 4483 cont.-

2126 3706 2628 3776 ἀναστρεφομένου,
2662 3709 2711 3760 οἱ
2758 3708 3050 3762 ἀπόστολοι
3111 3712 3357 3778 ἐποίουν,
3393 3711 3703 3787 ἀλείφοντες

2127 3797 2295 3865 ἐλαίῳ
2327 3798 2453 3860 τοὺς
2484 3797 2875 3863 ἀσθενοῦντας.

2195 3908 2214 3942 ι
2251 3889 2391 3943 Πολὺ
2434 3892 2606 3960 ἰσχύει
2630 3892 2813 3964 δέησις
2849 3893 3061 3948 δικαίου
3093 3896 3481 3967 ἐνεργουμένη.
3524 3915 3545 3948 ο

2201 4001 2220 4034 ι
2255 3982 2446 4048 Ἠλίας
2505 3985 2794 4054 ἄνθρωπος
2849 3982 2919 4057 ἦν
3008 3988 3353 4058 ὁμοιοπαθὴς
3406 3991 3569 4059 ἡμῖν,
3616 3989 3706 4042 καὶ

2129 4079 2405 4147 προσευχῇ
2441 4078 2797 4149 προσηύξατο
2819 4080 2914 4132 τοῦ
2945 4080 3018 4150 μὴ
3051 4081 3240 4153 βρέξαι
3282 4084 3374 4139 καὶ
3395 4085 3495 4143 οῦκ
3555 4086 3707 4155 ἐϐρεε

2126 4165 2328 4233 ξενὲπὶ
2361 4168 2464 4235 τῆς
2486 4169 2589 4238 γῆς
2622 4170 2906 4233 ἐνιαυτοὺς
2933 4175 3081 4241 τρεῖς
3128 4174 3220 4226 zeal
3271 4172 3446 4243 μῆνας
3483 4175 3565 4242 ἐξ.
3602 4177 3710 4228 Καὶ

2127 4259 2289 4313 πάλιν
2321 4261 2669 4332 προσηύξατο
2696 4300 2711 4328 ,
2736 4262 2829 4315 καὶ
2862 4264 2893 4315 ὁ
2925 4264 3153 4334 οὐρανὸς
3182 4265 3336 4318 ὑετὸν
3366 4266 3560 4329 ἔδωκε,
3620 4271 3709 4321 καὶ

2125 4351 2159 4420 ὴ
2186 4352 2256 4419 γῆ
2284 4349 2582 4419 ἐϐλάστησε
2603 4353 2695 4405 τὸν
2747 4352 2955 4423 καρπὸν
2981 4355 3176 4424 αὐτῆς.
3214 4375 3233 4407 t
3298 4358 3636 4428 Ἐνεργεῖται
3676 4360 3707 4428 ἡ

2125 4447 2219 4499 τοῦ
2234 4447 2439 4500 δικαίου
2466 4447 2622 4517 εὐχὴ,
2641 4449 2771 4503 ὅταν
2801 4451 2898 4503 zeal
2922 4451 3066 4522 ὑπὲρ
3082 4445 3146 4507 οὗ
3175 4450 3401 4522 εὔχηται
3421 4455 3711 4523 συμπράττ

453 4516 751 4580 iunctione
778 4517 956 4573 oranti
991 4526 1342 4586 cooperator.
1387 4516 1444 4570 Si
1476 4534 1735 4591 namque,
1759 4519 1882 4574 aliis
1926 4536 2016 4590 pro

2128 4538 2318 4602 τειδια
2350 4538 2649 4602 κακώσεως
2700 4543 3081 4613 πνευματικῆς
3133 4542 3213 4613 τῷ
3272 4545 3579 4613 εὐχομένω.
3615 4546 3713 4597 ‘Av

454 4606 983 4671 nobis‘orantibus,
1042 4623 1143 4662 nos
1199 4608 1350 4664 luxui
1407 4616 1461 4663 et
1496 4610 1706 4665 deliciis
1744 4610 2016 4683 indulgea-

2132 4629 2238 4698 γὰρ
2273 4630 2477 4699 ἐτέρων
2500 4630 2640 4701 ὑπὲρ
2670 4631 2826 4701 ἡμῶν
2845 4606 3714 4705 εὐχομένων,σπαταλαιςὴμεῖς

452 4713 601 4760 tuus,
637 4706 692 4751 et
732 4697 899 4751 vitam
942 4697 1269 4753 dissolutam
1298 4700 1588 4764 ducamus,
1617 4702 1786 4757 robur
1817 4706 2028 4757 oratio-

2130 4720 2487 4790 σχολάζομεν,
2546 4724 2642 4776 zeal
2693 4723 2936 4789 ἀνέσεσι,
2970 4725 3065 4779 καὶ
3097 4726 3535 4798 ἐκδεδιῃτημένῳ
3586 4727 3713 4796 βίῳ,

451 4792 543 4854 ptis
577 4789 722 4857 ejus,
756 4790 849 4859 qui
896 4805 997 4861 pro
1055 4792 1213 4846 nobis
1254 4793 1489 4861 laborat,
1538 4796 1898 4852 dissolvimus
1929 4815 1943 4855 :
1976 4812 2016 4853 et

2125 4789 2394 4881 ἐκλύομεν
2430 4811 2519 4866 διὰ
2547 4813 2740 4867 τούτου
2769 4813 2832 4868 τὸ
2867 4815 3122 4871 σύντονον
3144 4818 3240 4887 τῆς
3456 4789 3552 4869 τοῦ
3571 4789 3717 4887 ύπέρ

453 4881 727 4951 contingit
758 4882 812 4935 in
846 4882 1007 4936 nobis
1033 4883 1335 4940 inumbrati
1361 4886 1505 4943 l’etri
1540 4905 1555 4943 :
1601 4910 1615 4941 ι
1648 4887 1696 4920 ⁸⁸
1724 4886 1875 4943 Unus
1905 4890 2029 4944 ardi-

452 4974 652 5036 ﬁcans.
686 4983 742 5028 et
775 4973 916 5027 alter
947 4973 1266 5044 destruetts,
1292 4980 1419 5050 quid
1475 4980 1701 5051 prodest
1737 4979 1866 5048 illis,
1918 4981 2025 5036 nisi

451 5067 607 5123 labor
633 5064 656 5119 ?
696 5084 715 5118 ι

524 5157 690 5228 349
731 5156 898 5216 Vens.
943 5160 1029 5227 l9,
1058 5158 1149 5216 ΞΟ.
1184 5181 1202 5214 ι
1260 5160 1482 5221 Fratres
1539 5166 1671 5231 mei,
1704 5167 1751 5221 si
1790 5169 1917 5237 quis
1965 5185 2032 5224 ex

453 5252 612 5303 rolns
644 5252 914 5306 erraverit
949 5268 979 5304 a
1012 5253 1262 5322 veritate,
1292 5264 1348 5309 et
1373 5259 1850 5328 converteritquis
1883 5275 2031 5323 eum,

2126 4904 2283 4973 ἡμῶν
2311 4903 2741 4974 ἀγωνιζομένου,
2768 4908 3085 4975 καὶγίνεται
3117 4910 3204 4978 ἐφ’
3227 4910 3358 4980 ἡμῖν
3382 4910 3444 4962 τὸ
3474 4909 3570 4963 τοῦ
3607 4926 3719 4978 μα-

2126 4993 2320 5064 καρίου
2341 4995 2552 5065 Πέτρου
2581 5014 2596 5028 '
2634 5014 2655 5048 e
2693 4992 2791 5061 Εἷς
2815 4998 3136 5069 οἰκοδομῶν,
3194 5001 3290 5055 zeal
3318 4994 3399 5062 εἷς
3426 4999 3718 5070 καθαίρων

2135 5084 2201 5156 li.
2241 5115 2309 5127 —-
2345 5087 2515 5155 αιρῶν
2550 5087 2703 5142 οὐδὲν
2734 5089 2937 5161 ἅλλο,ῆ
2965 5090 3103 5161 πρὸς
3124 5091 3325 5155 κόπους
3357 5093 3631 5156 ἐκδόντες.
3665 5111 3688 5145 z

2213 5195 2233 5227 ι
2271 5176 2516 5246 Ἀδελφοί
2550 5195 2676 5249 μου,
2709 5180 2803 5234 ἐὰν
2836 5197 2921 5245 τις
2951 5183 3013 5234 ἐν
3044 5184 3173 5252 ὑμῖν
3196 5182 3444 5255 πλανηθῇ
3476 5184 3583 5237 ἀπὸ
3611 5183 3720 5253 τῆς

2132 5266 2410 5337 ἀληθείας,
2457 5271 2553 5323 καὶ
2578 5271 2881 5344 ἐπιστρέψῃ
2910 5289 2991 5337 τις
3027 5273 3213 5340 αὐτὸν,
3249 5274 3587 5342 γινωσκέτω,
3627 5274 3716 5326 ὅτι

449 5337 599 5400 scire
627 5339 807 5403 debet,
865 5347 1011 5412 quod
1052 5348 1145 5415 qui
1197 5347 1441 5401 converti
1472 5346 1665 5403 fecerit
1691 5360 2013 5420 peecatorcn

2131 5359 2160 5410 6
2198 5359 2532 5429 ἐπιστρέψας
2561 5337 2886 5432 ἁμαρτωλὸν
2913 5365 2981 5416 ἐκ
3008 5337 3218 5435 πλάνης
3254 5337 3377 5418 ὀδοῦ
3416 5337 3581 5418 σώσει
3610 5364 3724 5434 ψυο

452 5429 525 5485 ab
549 5443 738 5485 errore
765 5433 888 5487 vita
911 5449 1047 5498 suae,
1072 5435 1306 5490 salvabit
1337 5438 1575 5493 animam
1605 5439 1727 5510 ejus
1760 5457 1790 5496 a
1827 5456 2026 5509 morte,

450 5529 511 5573 et
548 5522 754 5592 aperiet
784 5524 1186 5583 multitudinem
1221 5537 1594 5599 peccatorum.
1637 5549 1656 5583 z
1690 5529 1804 5587 Hoc
1839 5542 1895 5588 ct
1931 5533 2024 5592 Je-

2136 5450 2238 5519 x'qv
2279 5453 2343 5504 ἐκ
2395 5451 2628 5508 θανάτου
2662 5456 2760 5509 καὶ
2815 5455 3048 5527 καλύψει
3087 5456 3293 5527 πλῆθος
3348 5456 3657 5527 ἁμαρτιῶν.
3689 5472 3714 5509 ι

2139 5542 2310 5596 Τοῦτο
2344 5545 2438 5597 καὶ
2474 5544 2745 5612 Ὶεοευίας
2768 5550 2953 5618 φησιν,
2986 5549 3072 5604 ὄτι
3115 5567 3134 5603 ι
3167 5550 3279 5604 Καὶ
3314 5549 3722 5633 ἰὰνοέξανάγῃς

527 5697 573 5728 ⁸³
605 5699 644 5752 ll
679 5701 800 5756 Cor.
836 5721 907 5769 χι,
940 5705 1032 5765 2‘).
1109 5707 1153 5739 "
1195 5707 1339 5764 PStl.
1381 5727 1528 5780 xxix,
1700 5715 1743 5745 ⁸⁸
1771 5716 1967 5772 Ecrle.
2013 5734 2194 5785 xxxtv,
2228 5719 2318 5777 2S.
