4020 6214
398 174 422 244 l
438 180 536 247 193

1165 179 1566 244 EXPOSITIO
1599 180 1680 242 IN
1718 176 1954 240 EPIST.
1992 182 2017 240 Ι
2077 178 2137 240 S.
2181 175 2430 240 PETRI.

2501 213 2510 216 τ
2566 180 2722 240 CAP.
2758 178 2809 241 Ι.
3503 177 3639 242 “Si:

391 296 577 365 (τοῦτο
614 294 727 365 γὰρ
759 294 850 347 τὸν
897 295 1189 364 ἀλλαχόθεν
1225 298 1460 349 ἐλθόνταΔ
1481 297 1785 366 σημαίνει),
1826 293 1964 349 ἀλλὰ

2071 293 2315 363 ρὶάυηωε
2347 308 2454 346 non
2497 293 2823 360 simpliciter
2868 291 3155 355 advenam,
3206 290 3310 345 hoc
3356 304 3439 347 cst
3485 309 3634 352 eum.

396 388 491 440 καὶ
548 386 708 440 πλέον
751 404 804 437 τι
850 385 944 438 καὶ
986 386 1386 456 εὐτελέστερον.
1441 388 1654 456 Ὠσπερ
1704 386 1814 456 γὰρ
1869 384 1965 438 τοῦ

391 476 558 546 -ἐργου
584 477 646 528 τὸ
677 476 954 545 πάρεργον
979 477 1360 546 εὐτελέστερον
1383 518 1396 541 ,
1428 477 1572 531 οῦτω
1606 479 1700 531 καὶ
1736 477 1812 547 τῷ
1839 478 1963 530 ἑπι-

389 568 552 637 δήμῳ
605 567 666 620 τδ
709 567 1110 638 παρεπίδημος.
1165 568 1302 621 Μεθ’
1356 569 1664 638 ὑπερϐατοῦ
1693 570 1756 622 δὲ
1797 571 1963 622 ἀκου-

399 661 551 712 στέον
573 658 670 728 τὴν
699 661 1068 728 προκειμένην
1098 660 1449 728 προγραφὴν,
1486 660 1659 722 οὕτως
1695 660 1926 730 ἔχουσαν
1952 679 1963 690 ·

401 767 421 800 ι
453 751 657 818 Πέτρος
683 751 978 812 ἀποστόλος
1034 751 1209 820 Ἰησοῦ
1245 751 1504 820 Χριστοῦ,
1532 752 1675 805 κατά
1717 753 1963 822 πρόγνω-

399 857 481 894 σιν
510 840 646 894 Θεοῦ
688 841 898 914 [ἰατρὸς
939 843 996 896 ὲν
1046 842 1307 912 ἁγιασμῷ
1365 844 1701 912 Πνεῦματος,
1748 847 1824 906 εἰς
1862 844 1964 896 ὐπ-

400 929 576 999 ακοὴν
627 931 721 982 καὶ
752 930 1053 999 ῥαντισμὸν
1090 932 1319 998 αἵματος
1349 931 1526 1001 Ἰησοῦ
1556 932 1815 1001 Χριστοῦ·
1847 952 1865 985 ι
1899 933 1968 986 τά

396 1017 453 1070 δὲ
482 1018 678 1083 λοιπὰ,
727 1018 931 1087 μεταξὺ
970 1018 1175 1073 τούτων
1216 1020 1417 1074 κείσθω
1443 1036 1457 1050 ’
1507 1022 1655 1090 δῃλοί
1699 1025 1806 1092 γὰρ
1843 1023 1968 1086 τοὺς

399 1109 536 1179 πρὸς
585 1108 677 1172 οὓς
727 1111 760 1179 ἡ
817 1111 1126 1179 Ἐπιστολή.
1173 1113 1472 1182 Ἐχρήσατο
1507 1113 1564 1165 δὲ
1607 1116 1721 1182 τῷ,
1763 1135 1779 1164 ι
1811 1114 1968 1167 Κατὰ

397 1200 702 1269 πρόγνωσιν
748 1200 881 1252 Θεοῦ
911 1220 970 1264 ,ι
1030 1201 1226 1271 δηλῶν,
1279 1205 1362 1255 ὃτι
1405 1203 1571 1272 μηδὲν
1602 1205 1821 1273 ὑστερεῖ
1857 1206 1964 1256 τῶν

397 1290 692 1366 προφητῶν
718 1331 734 1355 ,
783 1292 832 1343 οἳ
867 1293 960 1344 καὶ
1001 1293 1155 1345 αὐτοὶ
1198 1293 1627 1362 ἀπεστάλησαν,
1668 1297 1714 1346 εἰ
1768 1295 1841 1365 μὴ
1889 1295 1966 1366 τῷ

398 1365 593 1449 χρόνῳ.
611 1381 731 1432 Ὄτι
744 1381 798 1433 δὲ
824 1382 1208 1451 ἀπεστάλησαν
1227 1385 1320 1436 καὶ
1337 1384 1386 1435 οί
1403 1387 1700 1454 προφῆται,
1733 1378 1966 1450 Ἡσαΐας

399 1472 563 1538 φησίν
586 1488 600 1500 ·
635 1491 651 1522 ι
679 1473 766 1524 Ἐν
797 1473 872 1543 τῷ
901 1473 1360 1541 εὐαγγελίσασθαι
1391 1481 1628 1546 πτωχοῖς
1653 1479 1965 1533 ἀπέσταλκὲ

398 1577 495 1628 με.
527 1579 546 1613 ι
583 1562 724 1614 Ἀλλ’
756 1565 804 1614 εἰ
852 1565 944 1616 καὶ
986 1564 1063 1634 τῷ
1105 1567 1285 1634 χρόνῳ
1321 1568 1575 1638 ὑστερεῖ,
1613 1570 1736 1639 οὐχὶ
1766 1571 1860 1623 καὶ
1896 1573 1962 1639 τῇ

2069 386 2161 454 qui
2187 399 2253 438 ex
2287 384 2392 438 alia
2424 383 2641 454 regione
2667 383 2919 440 advenit:
2952 383 3045 436 sed
3073 383 3201 452 quid
3232 385 3375 452 plus,
3397 393 3450 438 et
3477 385 3639 440 vilius

2069 474 2343 544 signiﬁcat
2370 492 2384 528 :
2416 474 2873 543 quemadmodum
2897 476 3038 530 enim
3074 488 3336 541 parergon
3370 471 3638 529 est'vilius

2067 579 2187 632 ergo
2229 579 2324 619 seu
2357 579 2541 632 opere,
2573 563 2647 616 ita
2679 563 2948 632 epidemo.
2977 577 3074 616 seu
3101 562 3328 625 advena,
3359 564 3640 632 parepidea

2069 668 2214 715 mus.
2257 669 2352 708 seu
2412 655 2733 722 peregrinus
2778 654 2909 722 quid
2965 653 3152 707 minus
3189 662 3296 708 est.
3356 653 3452 710 Est
3510 670 3639 710 vero

2070 744 2241 811 ﬁgura
2277 745 2613 814 hyperbaton
2668 746 2721 798 in
2774 746 3178 813 inscriptione:
3237 761 3357 813 qua:
3411 749 3640 815 proinde

2070 831 2144 884 ita
2175 843 2257 886 est
2277 833 2582 888 ordinanda
2616 851 2630 887 :
2665 853 2683 884 ι
2721 832 2917 888 Petrus
2962 836 3240 903 apostolus
3269 833 3398 890 Jesn
3435 835 3639 893 Christi

2070 925 2370 977 secundum
2425 925 2823 992 prmscientiam
2861 925 2957 978 Dei
3009 925 3204 990 Patris,
3242 927 3297 980 in
3329 929 3642 982 sanctiﬁca-

2073 1017 2273 1068 tionem
2314 1014 2572 1083 Spiritus.
2637 1026 2691 1068 et
2745 1018 3116 1084 aSpersionem
3175 1019 3467 1088 sanguinis
3510 1019 3638 1075 Jcsu

2069 1105 2274 1158 Christi
2313 1124 2324 1158 :
2355 1118 2376 1156 υ
2410 1105 2637 1174 reliquia
2682 1115 2802 1172 post
2831 1109 2945 1160 haec
2986 1107 3305 1175 apponenda
3337 1118 3499 1173 sunt;
3547 1125 3642 1163 ex-

2069 1193 2312 1260 primunt
2333 1193 2476 1246 enim
2510 1209 2604 1247 eos
2632 1193 2699 1246 ad
2745 1208 2881 1261 quos
2907 1194 3031 1246 data
3062 1201 3144 1247 est
3187 1192 3450 1262 Epistula.
3497 1194 3640 1247 Dicit

2069 1299 2237 1337 vero:
2272 1302 2289 1334 ι
2327 1284 2626 1338 secundum
2653 1286 3047 1353 praescicnliam
3084 1284 3196 1350 Dei,
3232 1303 3250 1335 ι
3285 1295 3342 1338 ut
3389 1286 3640 1340 ostendat

2069 1389 2129 1428 se
2183 1374 2238 1427 in
2284 1374 2434 1428 nullo
2483 1375 2800 1429 inferiorem
2835 1391 2956 1429 esse
3003 1376 3305 1444 prophetis,
3348 1377 3440 1442 qui
3471 1378 3636 1430 etiam

2069 1467 2220 1520 missi
2282 1478 2431 1530 sunt,
2469 1478 2828 1536 praeterquam
2889 1468 2943 1521 in
2985 1475 3249 1536 tempore.
3305 1469 3458 1533 Quod
3509 1479 3640 1522 Vero

2069 1559 2228 1611 etiam
2257 1563 2530 1628 prephstae
2561 1559 2714 1614 missi
2733 1561 2956 1624 fuerint,
2988 1560 3158 1614 Isaias
3179 1561 3376 1613 asserit
3406 1557 3492 1612 his
3519 1571 3640 1610 Ver-

400 1651 705 1717 προγνώσει
735 1653 830 1705 τοῦ
868 1653 1026 1718 Θεοῦ,
1055 1655 1190 1708 ἀλλά
1229 1658 1370 1711 κατά
1418 1659 1577 1712 τοῦτο
1604 1660 1724 1713 ἴσον
1775 1661 1966 1713 ἑαυτὸν

2071 1646 2186 1700 bis:
2227 1665 2250 1698 ι
2295 1648 2374 1700 Ad
2421 1649 2856 1701 annuntiandum
2901 1648 3201 1702 tnansuetis
3239 1648 3387 1702 misit
3428 1648 3630 1701 me'.)

412 1738 654 1810 Ἱερεμίᾳ
689 1743 982 1811 ἀποφαίνει
1030 1747 1137 1814 πρὸ
1173 1746 1268 1797 τοῦ
1307 1749 1382 1799 ’ἐν
1435 1749 1612 1818 κοιλίᾳ
1663 1750 1968 1820 πλασθῆναι

394 1831 734 1901 ἑγνωσμένῳ
778 1851 837 1885 τε
893 1836 988 1887 καὶ
1021 1837 1370 1906 ἡγιασμένῳ,
1434 1838 1530 1891 καὶ
1589 1843 1840 1912 προφήτῃ
1892 1843 1970 1906 είς

398 1921 528 1988 ἔθνη
561 1923 880 1992 τεθειμένῳ.
905 1925 1220 1996 Καὶὲπειδὴ
1244 1930 1294 1979 οἱ
1324 1929 1601 1998 προφῆται
1633 1931 1968 2003 μεθ’ὲτέρων

396 2012 494 2066 καὶ
537 2013 636 2083 τὴν
699 2013 793 2067 τοῦ
841 2016 1080 2086 Χριστοῦ
1134 2021 1616 2090 προκατήγγειλαν
1665 2025 1966 2092 παρουσίαν

396 2098 804 2170 (ἀπεστάλησαν
830 2105 939 2173 γάρ
965 2104 1055 2157 διά
1079 2105 1276 2173 τοῦτο),
1310 2103 1464 2172 οὗτος
1505 2111 1829 2179 προστίθησι
1867 2114 1965 2183 τὴν

405 2190 593 2258 χρείαν
625 2191 724 2259 τῆς
750 2193 1082 2264 ἀποστολῆς,
1129 2201 1221 2255 καί
1250 2215 1443 2266 φησιν,
1498 2201 1582 2254 ὄτι
1624 2219 1643 2254 ι
1681 2204 1770 2258 Ἐν
1799 2207 1961 2271 ἁγια-

401 2279 525 2350 σμῷ
557 2301 576 2332 ι
637 2284 948 2355 ἀπεστάλην
1002 2305 1020 2338 ι
1057 2287 1412 2358 Πνεύματος,
1455 2294 1534 2352 εἰς
1600 2293 1844 2364 ὑπακοὴν
1873 2296 1966 2350 καὶ

397 2372 695 2439 ῥαντισμὸν
722 2373 951 2443 αἵματος
993 2376 1168 2442 Ἰησοῦ
1220 2379 1457 2448 Χριστοῦ
1482 2396 1494 2409 ο
1529 2400 1548 2431 ι
1587 2381 1744 2433 τοῦτο
1771 2383 1963 2452 δηλῶν,

401 2457 484 2512 ὅτι
558 2462 615 2514 Ὀ
687 2463 888 2532 τρόπος
937 2463 1041 2531 τῆς
1100 2467 1239 2534 ἐμῆς
1285 2469 1592 2540 ἀποστολῆς
1635 2467 1807 2534 οὗτος,
1866 2475 1970 2542 ἀφ-

401 2551 614 2620 ορίσαι.
686 2552 857 2606 Τοῦτο
926 2555 1035 2624 γὰρ
1081 2555 1171 2608 διὰ
1205 2557 1297 2610 τοῦ
1363 2561 1636 2630 ἀγιασμοῦ
1679 2566 1920 2634 παριστᾷ
1947 2581 1962 2597 ·

396 2637 475 2702 ὡς
508 2642 602 2702 καὶ
631 2641 711 2704 τὸ,
750 2660 770 2693 ε
807 2643 1034 2696 Ἐσεσοέ
1059 2663 1150 2715 μοι
1178 2646 1305 2711 λαὸς
1355 2651 1667 2719 περιούσιος
1702 2653 1968 2722 ἡγιασμέ-

401 2746 490 2792 νος
520 2747 534 2760 ·
575 2751 594 2782 ι
657 2733 776 2784 ἀντὶ
809 2734 916 2804 γὰρ
943 2734 1038 2787 τυῦ
1064 2777 1079 2801 ,
1118 2738 1504 2810 ἀφωρισμένος
1533 2745 1596 2794 ὲκ
1640 2745 1746 2796 τῶν
1794 2746 1968 2799 ἄλλων

402 2819 592 2874 ἐθνῶν.
627 2823 685 2875 '0
707 2823 904 2892 τρόπος
924 2823 1016 2877 οῦν
1045 2827 1141 2896 τῆς
1172 2827 1338 2881 αὐτοῦ
1359 2831 1684 2902 ἀποστολῆς,
1709 2835 1967 2904 ἀφορίσαι

400 2908 492 2962 διά
556 2913 942 2980 πνευματικῶν
1017 2918 1372 2986 χαρισμάτων
1436 2919 1562 2990 ἔθνη
1622 2923 1838 2990 ὑπήκοα
1889 2924 1968 2994 τῷ

403 3001 653 3069 σταυρῷ,
699 3004 794 3054 καὶ
839 3004 918 3073 τῷ
957 3007 1118 3058 πάθει
1160 3008 1400 3076 Χριστοῦ
1455 3011 1856 3080 ῥαντιζόμενα,
1906 3017 1967 3068 οὐ

403 3089 583 3158 σποδῴ
605 3091 909 3160 δαμάλεως,
941 3094 1178 3163 ὁπηνίκα
1201 3097 1333 3162 δέοι,
1365 3095 1464 3166 τὴν
1493 3100 1602 3152 ἀπὸ
1626 3102 1724 3171 τῆς
1748 3101 1969 3172 ἐθνικῆς

401 3183 714 3249 κοινότητος
741 3180 924 3253 λώϐην
947 3183 1426 3254 ἀποκαθήρασθαι,
1458 3187 1595 3239 ἀλλά
1627 3189 1704 3258 τῷ
1728 3192 1838 3243 ἀπὸ
1870 3194 1965 3244 τοῦ

401 3267 608 3329 πάθους
657 3268 834 3338 Ἰησοῦ
885 3271 1127 3340 Χριστοῦ
1180 3273 1395 3341 αἵματι.
1448 3275 1600 3344 Ἅμα
1626 3276 1682 3328 δὲ
1713 3279 1806 3330 καὶ
1836 3294 1970 3348 προ·

397 3357 879 3429 ανακρούεταιδιά
902 3359 995 3414 τοῦ
1024 3359 1255 3430 αἵματος
1277 3363 1339 3416 τὸ
1370 3362 1457 3416 διά
1485 3365 1724 3433 Χριστὸν
1762 3367 1868 3420 τῶν
1890 3371 1968 3431 εἰς

401 3447 564 3498 αὐτὸν
596 3448 961 3500 πιστευόντων
994 3449 1312 3519 μαρτύριον.
1361 3453 1421 3501 '0
1454 3453 1562 3520 γάρ
1598 3455 1710 3513 τοῖς
1745 3454 1840 3506 τοῦ
1885 3457 1967 3507 δι-

401 3535 672 3592 δασκάλου
713 3538 773 3589 ἐν
801 3537 1032 3609 ὑπακοῇ.
1063 3537 1330 3607 ἑπόμενος
1367 3540 1566 3609 ίχνεσι,
1601 3541 1816 3604 πάντως
1854 3545 1972 3597 οὐδὲ

402 3626 565 3694 αὐτὸς
610 3626 918 3696 ἀπόσχηται
963 3629 1025 3683 τὸ
1076 3629 1208 3684 ῐδιον
1253 3624 1394 3698 αἷμα
1449 3632 1640 3700 ἐκχέαι
1689 3632 1828 3702 ὑπὲρ
1877 3634 1972 3685 τοῦ

403 3715 692 3786 ἐκχέαντος
749 3718 808 3768 τὸ
856 3717 1051 3774 ἑαυτοῦ
1101 3719 1242 3789 ὑπὲρ
1310 3721 1406 3774 τοῦ
1470 3725 1677 3790 κόσμου
1742 3725 1962 3786 παντός.

412 3824 428 3855 ι
458 3805 632 3882 Χάρις
661 3807 789 3876 ὑμῖν
817 3809 909 3860 καὶ
939 3810 1127 3879 εἰρήνη
1153 3809 1508 3879 πληθυνθείη.
1531 3831 1549 3862 ι
1577 3842 1649 3851 --
1683 3832 1700 3863 ι
1727 3814 1919 3883 Χάρις,
1946 3834 1964 3866 ι

399 3900 490 3954 διὰ
522 3901 582 3956 τὸ
626 3905 826 3970 προῖκα
853 3903 947 3955 καὶ
983 3904 1150 3973 μηδὲν
1183 3905 1331 3974 ἡμᾶς
1363 3905 1772 3972 εἰσενεγκόντας
1803 3909 1964 3970 σώζε-

405 3989 532 4044 σοαι
565 4007 580 4022 ο
625 4011 645 4042 ι
687 3993 878 4063 ειίρήνη
901 4033 916 4056 ,
953 4012 971 4044 i
1006 3992 1094 4045 διὰ
1121 3993 1183 4045 τὸ
1216 3998 1727 4066 προσκεκρουκότας
1768 3997 1847 4067 τῷ
1879 4001 1970 4050 Δε-

406 4085 603 4154 σπότῃ,
635 4086 727 4138 καὶ
753 4087 832 4148 εἰς
865 4085 1158 4157 πολεμίους
1189 4087 1500 4140 τάττεσθαι.

2067 1739 2322 1792 Attamen
2355 1741 2455 1792 etsi
2483 1747 2726 1808 tempore
2747 1738 2978 1792 inferior
3003 1745 3087 1790 est
3127 1737 3344 1802 Petrus,
3396 1751 3506 1790 non
3557 1745 3644 1790 ta-

2067 1843 2192 1882 men
2225 1847 2242 1880 ι
2277 1831 2618 1898 prwscientia
2665 1827 2802 1891 Dei;
2839 1844 2858 1876 ι
2895 1841 3081 1880 verum
3123 1830 3425 1882 secundum
3454 1827 3555 1882 hoc
3581 1843 3640 1882 se

2068 1931 2253 1986 parent
2282 1918 2522 1971 declarat
2547 1915 2812 1979 Jeremiae,
2848 1916 2940 1985 qui
3006 1934 3024 1966 ‹
3053 1914 3378 1984 Pri-usquam
3436 1917 3639 1970 for-nia.

2068 2019 2216 2063 retur
2240 2011 2293 2062 in
2323 2020 2496 2074 utero,
2524 2011 2775 2078 cognitus
2807 2017 2860 2062 et
2893 2009 3283 2074 sanctiﬁcatus,
3319 2019 3370 2063 et
3403 2012 3640 2079 prophe»

2067 2109 2118 2152 ta
2157 2099 2210 2153 in
2243 2101 2499 2169 gentibus
2527 2100 2688 2159 datus
2714 2109 2800 2153 est
2820 2099 2861 2151 ³.
2903 2117 2923 2150 ι
2963 2098 3030 2152 Ει
3069 2101 3326 2167 quoniam
3360 2102 3640 2168 propheta!

2067 2190 2209 2244 inter
2240 2200 2460 2256 cmtera,
2492 2192 2654 2248 etiam
2693 2191 2903 2244 Christi
2957 2189 3247 2245 adventum
3299 2195 3635 2260 praenuntia-

2069 2290 2220 2340 runt,
2256 2281 2322 2334 ad
2358 2282 2459 2334 hoe
2490 2279 2634 2333 enim
2672 2279 2825 2333 missi
2855 2288 3046 2340 erant;
3083 2279 3185 2335 iste
3215 2283 3470 2349 proponit
3499 2296 3637 2350 opus

2069 2371 2507 2437 apostolatus.et
2535 2371 2745 2440 inquit,
2783 2389 2802 2422 ι
2845 2369 3042 2425 Missus
3067 2387 3186 2425 sum
3233 2371 3287 2425 in
3329 2373 3639 2426 sanctiﬁca-

2070 2448 2271 2516 tionem
2303 2462 2464 2533 352
2508 2461 2766 2532 Spiritus,
2802 2464 2856 2515 in
2882 2462 3266 2528 obedientiam,
3295 2472 3347 2517 et
3367 2465 3641 2532 aspersio-

2071 2573 2191 2610 nem
2235 2559 2518 2625 sanguinis
2561 2555 2689 2609 Jesu
2728 2555 2929 2609 Christi
2986 2573 3000 2609 :
3064 2573 3082 2605 ι
3134 2554 3276 2609 idem
3323 2557 3639 2624 signiﬁcans

2071 2664 2166 2717 per
2197 2651 2332 2710 ha-e,
2389 2665 2453 2704 ac
2501 2649 2546 2702 si
2608 2648 2815 2702 diceret
2846 2666 2860 2702 :
2895 2646 3089 2702 Modus
3146 2651 3490 2715 apostolatus
3532 2649 3638 2702 mei

2072 2741 2174 2793 iste
2200 2751 2306 2805 est,
2349 2755 2635 2809 segregare
2682 2739 2808 2806 (hoc
2837 2739 2982 2798 enim
3025 2753 3120 2807 per
3152 2738 3638 2794 sanetitit-ationem

2072 2831 2364 2899 signiﬁcat,
2414 2830 2570 2900 juxta
2626 2829 2848 2884 illud‘:
2898 2848 2917 2880 (
2968 2828 3133 2884 Erilis
3197 2828 3328 2882 mihi
3409 2829 3641 2898 populus

1997 2954 2038 3010 ο
2071 2927 2315 2982 Sanetus,
2357 2935 2376 2968 ι
2433 2918 2536 2972 hoc
2562 2927 2647 2972 est
2701 2925 3018 2986 segregatus
3054 2917 3122 2971 ab
3174 2916 3299 2970 aliis
3344 2915 3642 2986 gentibus).

2073 3008 2262 3064 Modus
2322 3010 2487 3078 igitur
2575 3009 2694 3077 ejus
2769 3010 3109 3077 apostolatus
3183 3017 3301 3066 erat
3357 3023 3644 3079 segregare

2077 3103 2446 3158 mediantibus
2493 3101 2873 3171 Spiritualibus
2933 3102 3090 3156 donis
3148 3110 3337 3170 gentes
3380 3100 3644 3154 obedien-

2077 3201 2158 3246 tes
2204 3191 2350 3253 ﬁdei,
2421 3201 2478 3244 et
2525 3205 2779 3260 aspersas
2843 3207 3010 3246 cruce
3057 3201 3110 3244 et
3159 3191 3425 3257 sanguine
3491 3191 3648 3244 Chri-

2073 3281 2142 3334 sti
2177 3300 2191 3334 :
2223 3297 2330 3333 non
2363 3281 2576 3338 scilicet
2625 3283 2808 3337 cinere
2856 3280 3041 3335 vitulis
3089 3283 3336 3336 maculas
3366 3297 3429 3335 ex
3465 3283 3646 3351 genti-

2075 3371 2209 3426 lium
2273 3371 2662 3436 communione
2721 3380 3056 3434 contraetas,
3112 3387 3244 3439 cum
3287 3386 3426 3442 opus
3481 3371 3647 3426 fuerit

2072 3462 2410 3524 emundare,
2469 3462 2563 3514 sed
2615 3462 2888 3530 sanguine
2921 3478 2984 3515 ex
3017 3463 3273 3532 passione
3301 3465 3504 3517 Christi
3541 3463 3648 3518 Do.

2078 3551 2232 3604 mini.
2263 3551 2437 3604 Simul
2467 3550 2632 3602 etiam
2674 3553 3028 3617 praenuntiat,
3061 3569 3155 3620 per
3183 3556 3532 3623 sanguinein,
3562 3554 3647 3608 [ιι-

2079 3649 2260 3692 turum
2314 3655 2412 3708 pio
2446 3640 2665 3693 Christo
2696 3654 2910 3704 eorum,
2940 3642 3032 3707 qui
3073 3644 3128 3695 in
3168 3644 3344 3712 ipsum
3384 3645 3646 3699 credituri

2071 3738 2254 3792 erant,
2297 3731 2616 3799 martyrium
2658 3745 2673 3784 :
2728 3730 2824 3798 qui
2884 3730 3028 3784 enim
3063 3732 3367 3788 obediendo
3397 3735 3646 3806 Magistri

2069 3820 2300 3888 vestigia
2353 3821 2621 3888 sequitur,
2661 3820 2802 3873 haud
2837 3819 3082 3889 profecto
3122 3833 3316 3877 renuet
3367 3828 3645 3894 proprium

2069 3910 2385 3979 sanguinem
2425 3909 2704 3965 elIunderc
2761 3924 2857 3978 pro
2909 3925 2994 3976 eo,
3039 3912 3131 3979 qui
3185 3927 3346 3966 suum
3389 3929 3489 3982 pro
3533 3923 3648 3982 toto

2069 4001 2276 4057 mundo
2319 4000 2579 4072 profudit.
2623 4021 2643 4052 ι
2676 4000 2860 4056 Gratia
2897 4005 3048 4057 vobis
3081 4014 3134 4058 ct
3166 4018 3270 4073 pax
3314 3979 3647 4075 multiplice-

2073 4105 2178 4145 tur.
2203 4111 2222 4143 ι
2254 4111 2272 4144 ι
2297 4093 2502 4157 Gratia,
2528 4113 2544 4143 ι
2578 4103 2858 4163 prOpterea
2884 4095 3026 4163 quod
3056 4098 3310 4165 gratis,et
3329 4097 3463 4150 nihil
3489 4112 3518 4150 a
3551 4111 3651 4150 no-

403 4178 487 4232 bis
513 4178 855 4245 conferentes
877 4179 1191 4245 salvamur;
1225 4197 1243 4229 ‹
1285 4195 1408 4246 pax,
1452 4199 1473 4232 ι
1518 4189 1803 4251 preplerea
1833 4185 2000 4254 quod.
2037 4202 2160 4242 cum
2192 4186 2480 4241 Dominum
2521 4187 2962 4251 oll'endissemus,
3004 4187 3145 4241 inter
3177 4188 3431 4242 inimicos
3500 4203 3650 4242 conio

405 4271 754 4340 putabamur.

481 4384 500 4416 ι
541 4364 844 4432 Εὐλογητὸς
876 4366 903 4416 ὁ
931 4364 1063 4428 Θεὸς
1094 4368 1187 4419 καὶ
1223 4366 1412 4436 Πατὴρ
1438 4366 1533 4420 τοῦ
1569 4368 1775 4439 Κυρίου
1811 4370 1967 4440 ημῶν

2146 4368 2310 4423 Vens.
2341 4366 2458 4422 5-5.
2499 4383 2518 4416 t
2557 4363 2886 4419 Benedictus
2921 4361 3061 4416 Deus
3116 4374 3170 4415 et
3218 4364 3380 4418 Pater
3430 4361 3646 4418 Domini

417 4459 589 4527 Ἰησοῦ
611 4460 868 4527 Χριστοῦ,
897 4461 924 4511 ὁ
957 4461 1094 4513 κατά
1121 4461 1182 4512 τὸ
1213 4462 1346 4514 πολὺ
1371 4461 1539 4515 αὐτοῦ
1571 4464 1719 4525 ἔλεος
1746 4465 1977 4531 ἀναγεν-

409 4551 579 4618 νήσας
615 4549 761 4617 ἡμᾶς
811 4552 891 4611 εἰς
937 4551 1126 4603 ἐλπίδα
1158 4551 1340 4614 ζῶσαν
1377 4553 1447 4606 δι’
1494 4555 1844 4618 ἀναστάσεως
1873 4557 1978 4623 Ἰη-

410 4640 506 4693 σοῦ
526 4637 763 4708 Χριστοῦ
784 4641 849 4690 ὲκ
892 4641 1122 4709 νεκρῶν,
1159 4643 1237 4704 είς
1269 4643 1634 4713 κληρονομίαν
1671 4644 1971 4714 ἄφθαρτον,

410 4732 508 4784 καὶ
535 4729 816 4797 ἀμίαντον,
859 4731 953 4781 καὶ
985 4731 1318 4799 ἀμάραντον.
1380 4752 1400 4783 ι
1448 4733 1675 4801 Εὐλογεί
1702 4735 1792 4786 τὸν
1821 4735 1973 4798 Θεὸν,

409 4818 617 4888 ταύτην
653 4818 804 4888 αὐτῷ
840 4817 949 4870 τῶν
981 4819 1223 4886 ἀγαθῶν,
1253 4814 1329 4873 ὧν
1358 4821 1597 4887 δίδωσιν,
1621 4825 1971 4893 εὐχαριστίαν

408 4910 725 4971 ἀντιδιδούς.
776 4909 911 4963 Τίνα
938 4909 995 4962 δὲ
1026 4911 1092 4962 τά
1122 4911 1407 4979 διδόμενα;
1455 4911 1658 4976 Ἐλπὶς,
1692 4914 1790 4982 οὐχ
1824 4915 1909 4969 οἵα
1936 4918 1969 4985 ἡ

410 4999 498 5051 διὰ
527 5001 804 5062 Μωύσέως
829 5002 888 5052 ὲν
923 5001 989 5068 τῇ
1025 5001 1312 5071 Χαναναία
1345 5005 1416 5070 γῇ
1455 5002 1730 5065 κατοικία,
1753 5004 1872 5072 ἥτις
1903 4999 1972 5074 ἦν

411 5089 751 5159 θνητὴ,ἀλλά
785 5089 956 5153 ζῶσα.
977 5089 1094 5144 Καὶ
1118 5090 1286 5146 πόθεν
1323 5091 1384 5146 τὸ
1417 5093 1516 5162 ζῇν
1541 5093 1791 5163 ςέχουσα;
1854 5096 1973 5152 Axs

412 5181 508 5248 τῆς
550 5200 568 5232 ι
598 5185 660 5234 εκ
685 5182 892 5252 νεκρῶν
920 5184 1270 5248 ἀναστάσεως
1305 5185 1476 5255 Ἰησοῦ
1499 5185 1760 5256 Χριστοῦ.
1793 5206 1813 5240 ι
1881 5187 1971 5240 Ἐν

407 5271 489 5337 οἷς
517 5275 591 5349 [ί.
617 5277 675 5327 ὲν
820 5275 928 5346 γὰρ
981 5277 1214 5345 ἀνέστη,
1262 5277 1361 5346 τῆς
1403 5279 1574 5348 αὐτῆς
1609 5278 1833 5343 ἀξιώσει
1873 5281 1969 5334 καὶ

407 5370 532 5432 τοὺς
576 5368 664 5422 atat
697 5368 934 5429 πίστεως
975 5368 1074 5437 τῆς
1114 5371 1191 5430 είς
1231 5367 1391 5422 αὐτὸν
1434 5370 1758 5438 προσιόντας
1795 5371 1965 5438 αὐτῷ.

481 5547 769 5616 ίιεαηιιι,
796 5545 847 5598 l.
960 5541 1199 5597 'Jerem.
1234 5557 1274 5608 ι,
1313 5543 1365 5598 5.
1444 5543 1467 5575 ⁸
1496 5545 1654 5600 Deut.
1693 5560 1767 5610 iv,
1800 5543 1854 5596 2.

755 5641 1025 5700 PATROL.
1069 5642 1184 5700 Gn.
1231 5640 1481 5701 CXXV.

2079 4460 2251 4514 nostri
2279 4456 2406 4511 Jesu
2437 4455 2668 4520 Christi,
2723 4455 2816 4523 qui
2862 4453 3167 4518 secundum
3205 4453 3642 4509 .ntiscrieordiam

2079 4564 2236 4604 suam
2268 4561 2521 4614 magnam
2554 4544 2895 4612 regencravit
2945 4559 3042 4596 nos
3075 4544 3126 4596 in
3169 4557 3316 4610 spent
3351 4543 3525 4594 \‘iratn
3552 4554 3648 4610 per

2075 4640 2531 4696 resurrectionem
2553 4636 2679 4693 Jesu
2715 4635 2918 4688 Christi
2950 4649 3016 4688 ex
3059 4634 3310 4702 mortuis.
3341 4633 3401 4689 In
3423 4633 3650 4689 han-edi.

2075 4743 2243 4787 tatem
2281 4728 2754 4799 incorruptibilem
2805 4735 2860 4781 et
2902 4726 3386 4781 ineontaminatam
3444 4733 3498 4780 et
3541 4727 3646 4780 im—

2080 4823 2534 4878 marcescibilem.
2573 4840 2591 4872 ι
2618 4817 2902 4874 Gloriﬁeat
2923 4816 3120 4882 Deum,
3151 4817 3291 4874 hanc
3315 4818 3388 4872 illi
3420 4833 3518 4889 pro
3549 4818 3645 4871 be-

2081 4915 2292 4970 neliciis
2323 4917 2390 4968 ab
2432 4913 2549 4982 ipso
2580 4911 2814 4977 collatis,
2865 4911 3166 4981 gratiarum
3203 4907 3434 4966 reddens
3476 4907 3648 4960 actio-

2082 5023 2228 5060 nem.
2250 5004 2510 5071 Quzenam
2543 5017 2674 5058 vero
2716 5011 2843 5058 sunt
2865 4999 3167 5072 illa?Spes,
3197 5015 3305 5058 non
3327 4996 3643 5071 cuiusmodi

2080 5095 2223 5149 facta
2247 5105 2331 5151 est
2363 5110 2458 5164 per
2478 5094 2676 5160 Mosen)
2712 5092 2778 5146 de
2799 5091 3149 5149 inbabitanda
3174 5099 3319 5146 terra
3343 5087 3641 5149 Clianaam,

2083 5202 2204 5256 qua:
2228 5195 2346 5241 erat
2381 5195 2626 5245 mortua.
2663 5185 2754 5239 sed
2801 5185 2942 5238 viva.
2996 5183 3101 5236 Sed
3151 5179 3294 5234 unde
3339 5178 3454 5233 haec
3479 5178 3642 5230 vitam

2082 5278 2282 5332 habet?
2309 5297 2327 5328 ι
2365 5277 2444 5330 Ex
2475 5278 2876 5334 resurrectione
2890 5274 3019 5330 Jesu
3049 5271 3250 5326 Christi
3275 5285 3341 5324 ex
3359 5268 3640 5330 mortuis.»

2079 5372 2220 5438 Quia
2254 5370 2399 5426 enim
2432 5368 2526 5424 ille
2579 5371 2897 5434 resurrexit,
2928 5367 3116 5420 eadem
3177 5363 3342 5418 etiam
3392 5374 3645 5416 resurre-

3193 5629 3264 5690 38
