4020 6214
502 249 641 318 1195

1414 242 1990 305 THEOPHYLAC'I‘I
2017 242 2424 301 BULGARIAE
2446 240 2800 301 ARCHIEI’.

3581 238 3696 303 1196

495 378 644 422 t'one
670 382 861 419 omnr's
889 364 953 417 ad
996 367 1168 432 ipsum
1214 378 1308 431 per
1344 363 1500 415 ﬁdem
1537 362 1856 414 accedentes
1895 359 2065 412 dona-

2184 358 2369 420 Ἐλπὶς
2393 354 2486 411 οὖν
2502 358 2654 422 ζῶσα
2681 359 2740 409 τὸ
2760 357 3060 426 διδόμενον,
3087 356 3419 423 κληρονομία
3447 354 3714 423 ἄφθαρτος,

496 461 594 513 bit.
641 478 657 507 ι
699 457 836 525 Sies
877 475 894 506 ι
952 455 1113 524 igitur
1162 471 1180 503 ι
1224 456 1347 506 viva
1387 471 1405 503 ι
1466 466 1586 520 qua:
1643 450 1945 512 confertur,
1987 458 2072 501 est

503 570 521 601 ι
561 548 859 602 Ιίιενειίὶιειις
911 545 1371 614 incorruptibilis,
1413 563 1431 594 ι
1489 543 1687 596 nonin
1734 550 1879 594 terra
1930 540 2072 593 sicut

497 642 692 712 priscis
745 639 995 707 [auibus
1036 628 1295 706 reposita,
1331 636 1425 690 sed
1486 640 1539 687 in
1571 635 1728 687 cmlis
1758 651 1770 686 :
1807 632 1949 687 unde
1986 631 2061 682 iu-

497 730 1008 800 eorruptibilitatem
1038 728 1221 791 habet,
1252 742 1359 797 qua
1387 727 1615 781 cuilibet
1636 724 1936 778 lizereditati
1966 733 2072 774 ter—

499 838 642 876 rena:
668 836 831 890 quam
864 819 1102 872 maxime
1132 829 1373 887 praestat.
1412 820 1477 872 Et
1504 824 1764 888 prmterea
1815 822 1899 869 est
1941 829 2073 867 con-

500 912 740 964 servatio
792 918 845 962 et
899 908 1149 961 custodia
1197 906 1461 961 ﬁdelium.
1531 905 1982 973 Quandoquidem
2021 910 2073 955 et

500 1002 601 1054 hoc
629 1000 839 1070 ragavit
860 999 1142 1063 Dominus,
1170 1012 1294 1051 cum
1330 998 1463 1051 dixit
1499 998 1519 1028 ⁸
1558 1013 1571 1048 :
1610 1015 1627 1045 ι
1670 997 1826 1049 Pater
1864 1004 2071 1054 sancte,

497 1104 653 1143 serva
686 1103 800 1141 eos.
839 1105 857 1137 ι
894 1085 1092 1140 Verum
1145 1095 1195 1139 et
1242 1103 1260 1136 ι
1298 1086 1350 1139 in
1383 1086 1599 1139 virtute.
1635 1104 1652 1134 ι
1689 1084 1792 1138 Sed
1826 1097 2071 1151 quaenam

498 1180 616 1232 haec
641 1177 857 1231 virtus?
881 1178 1088 1244 Nempe
1124 1190 1299 1244 uSque
1329 1174 1394 1228 ad
1419 1175 1629 1228 Domini
1655 1174 2068 1228 revelationem.

500 1269 557 1323 Si
595 1268 740 1321 enim
784 1267 1039 1320 custodia
1096 1281 1202 1318 non
1262 1272 1410 1321 esset
1466 1266 1519 1318 in
1572 1266 1793 1326 virtute,
1827 1262 2074 1330 profecto

501 1375 608 1411 non
658 1372 721 1411 eo
764 1372 934 1424 usque
972 1358 1222 1423 protendi
1271 1366 1479 1427 posset.
1519 1356 1656 1411 Cum
1692 1357 1858 1425 igitur
1892 1365 1969 1409 tot
2024 1366 2077 1407 et

502 1460 648 1501 tanta
679 1450 877 1501 collata
911 1449 1021 1501 sint
1053 1449 1339 1513 beneﬁcia,
1374 1463 1483 1502 non
1541 1450 1738 1501 mirum
1775 1448 1820 1501 si
1858 1448 1948 1516 qui
1984 1462 2075 1500 ac-

502 1548 786 1607 t‘t‘perttnt,
816 1537 1019 1608 gaudio
1045 1550 1093 1591 et
1135 1539 1319 1593 lietitia
1358 1537 1773 1608 perfunduntur.

573 1629 737 1682 Vsus.
771 1629 822 1680 5.
863 1646 880 1675 σ
918 1627 1306 1681 Conscrvatam
1341 1629 1395 1681 in
1429 1629 1582 1682 ccelis
1611 1629 1662 1680 iu
1688 1627 1859 1680 vobis.
1888 1625 1989 1691 Qui
2021 1626 2072 1677 in

2178 451 2278 500 οὐκ
2308 450 2365 500 ὲν
2394 451 2489 517 γῇ,
2521 448 2596 510 ὡς
2634 452 2747 510 τοῖς
2788 448 3079 515 πατράσιν,
3133 438 3495 513 ἀποκειμένη,
3542 444 3716 500 ἁλλ’ὲν

2179 540 2447 608 οὐρανοῖς,
2485 539 2577 604 ἀφ’
2605 533 2665 590 οὗ
2692 541 2785 589 καὶ
2814 538 2874 588 τὸ
2905 533 3213 598 διαιωνίζον
3241 534 3506 602 κέκτηται
3541 551 3554 566 ⁸
3580 536 3607 588 ὃ
3641 539 3720 590 καὶ

2183 631 2366 700 μεῖζον
2396 632 2497 696 τῆς
2523 630 2581 681 ὲν
2604 631 2673 698 γῇ
2707 629 3092 698 κληρονομίας.
3121 628 3233 680 Καὶ
3262 627 3399 696 πρός
3445 643 3509 693 γε
3538 628 3719 691 τούτοις

2181 723 2515 791 συντήρησις
2586 722 2678 774 καὶ
2732 720 2943 789 φρουρὰ
2994 720 3101 771 τῶν
3160 718 3548 772 πιστευόντων.
3593 720 3721 774 Ἐπεὶ

2180 815 2275 866 καὶ
2306 813 2463 864 τοῦτο
2492 811 2837 882 προσηύξατο
2863 815 2889 863 ὁ
2918 811 3143 880 Κύριος,
3183 810 3356 863 εἰπών
3381 827 3395 842 ⁸
3450 829 3470 861 ι
3499 812 3720 880 Τήρησον

2180 904 2415 966 αὐτοὺς,
2472 903 2654 970 Πάτερ
2699 901 2839 968 ἅγιε.
2877 920 2897 952 ι
2962 902 3121 953 Ἀλλά
3162 902 3257 954 καὶ
3308 919 3326 950 ι
3360 902 3417 952 ὲν
3443 901 3718 969 δυνάμει.»

2184 993 2294 1044 Καὶ
2324 992 2404 1054 τίς
2434 994 2466 1060 ἡ
2499 991 2761 1059 δύναμις;
2801 990 2873 1041 Τὸ
2918 989 3079 1059 μέχρι
3108 991 3207 1057 τῆς
3237 989 3332 1042 τοῦ
3364 990 3568 1058 Κυρίου
3612 990 3703 1042 ἀπο

2182 1083 2491 1151 καλύψεως.
2536 1083 2597 1134 Εἰ
2624 1085 2731 1151 γὰρ
2766 1082 2837 1152 μὴ
2869 1082 3066 1150 δυνατὴ
3099 1085 3131 1148 ἡ
3162 1083 3404 1152 φρουρὰ,
3433 1084 3533 1134 οὐκ
3560 1083 3621 1135 ἂν
3649 1083 3725 1150 μέ·

2181 1191 2273 1243 γρι
2312 1172 2658 1241 παρετείνετο
2681 1173 2894 1227 τούτου.
2933 1174 3085 1225 Ἐπεὶ
3117 1173 3210 1225 οὖν
3237 1173 3474 1225 τοσαῦτα
3516 1175 3609 1225 καὶ
3635 1192 3722 1226 τοι-

2182 1265 2322 1317 αῦτα
2368 1266 2436 1317 τὰ
2481 1265 2773 1334 διδόμενα,
2810 1265 2963 1317 οὐδὲν
3003 1264 3230 1326 ἀπεικὸς
3282 1265 3375 1316 καὶ
3430 1265 3723 1334 ἀγαλλίαμα

2180 1354 2573 1406 ἐπακολουθεῖν
2601 1357 2713 1416 τοῖς
2737 1354 3129 1422 λαμϐάνουσιν.

2262 1637 2278 1667 ι
2312 1617 2702 1687 Τετηρημένην
2749 1618 2803 1669 ἐν
2864 1617 3109 1686 οὐρανοῖς
3160 1619 3241 1678 είς
3284 1617 3463 1684 ήμᾶς,
3513 1616 3634 1679 τοὺς
3679 1616 3726 1667 ἐν

499 1720 703 1769 virtute
735 1714 831 1767 Dei
870 1715 1222 1767 custodiuiini
1263 1732 1359 1783 per
1389 1717 1546 1771 fidem
1581 1720 1632 1770 in
1652 1718 2076 1786 salutem,para-

2187 1709 2415 1777 δυνάμει
2459 1706 2595 1761 Θεοῦ
2640 1710 3079 1778 (φρουρουμένους
3120 1707 3209 1760 διὰ
3237 1707 3473 1771 πίστεως
3496 1747 3510 1771 ,
3539 1710 3616 1768 είς
3645 1724 3730 1759 σω·

502 1804 610 1858 ‘am
655 1803 882 1857 revelari
920 1804 973 1854 in
1012 1810 1254 1870 tempore
1280 1804 1598 1858 novissimo.
1649 1825 1667 1855 ι
1710 1805 1764 1858 Si
1795 1806 2082 1858 lnerrditas

504 1908 691 1950 nosua
746 1893 803 1947 in
834 1894 985 1947 cmlis
1010 1899 1094 1947 est
1136 1910 1149 1946 :
1195 1908 1213 1943 ι
1252 1894 1416 1963 igitur
1447 1896 1819 1948 commentitia
1853 1905 1935 1949 est
1965 1897 2084 1949 mit~

504 1987 714 2041 lenaria
737 1987 791 2038 in
826 1985 990 2038 terris
1018 1984 1311 2037 restitutio.

574 2074 737 2129 Vens.
769 2076 822 2140 6,
848 2075 900 2127 7.
927 2092 945 2125 ι
971 2074 1028 2127 In
1048 2089 1157 2144 quo
1175 2074 1545 2138 exsultabisis,
1569 2074 1841 2129 modicum
1866 2090 2010 2128 nunc
2039 2081 2083 2133 si

501 2174 719 2236 oportet
744 2166 1059 2220 contristari
1096 2167 1149 2219 in
1182 2166 1351 2220 variis
1374 2166 1791 2230 tentationibus,
1840 2165 2001 2237 353
2029 2176 2085 2219 ιιι

482 2260 751 2327 probatio
783 2267 978 2313 vestra:
1007 2257 1128 2312 fidei
1160 2258 1333 2311 multo
1381 2259 1671 2327 pretiosior
1732 2274 1867 2311 auro
1916 2260 2082 2328 (quod

501 2365 600 2419 per
632 2350 806 2420 ignem
835 2349 1122 2418 probatur)
1155 2348 1485 2402 inveniatur.
1514 2366 1533 2400 ι
1556 2347 1759 2404 [lorum
1790 2349 2082 2404 verborum

501 2442 636 2495 ordo
670 2446 754 2494 est
783 2439 931 2494 iste:
996 2439 1327 2493 Coutristari
1384 2441 1682 2507 modicum,
1753 2442 1799 2496 si
1851 2450 2084 2511 oportet,

504 2533 609 2586 hoc
643 2538 750 2595 est,
806 2532 849 2584 si
893 2532 996 2584 hoc
1040 2545 1266 2584 necesse
1312 2529 1383 2584 sit
1443 2533 1655 2600 (neque
1710 2532 1854 2586 enim
1894 2547 2084 2587 oumes

503 2623 679 2675 sancti
758 2620 1160 2674 tribulationem
1235 2621 1568 2691 patiuntur),
1633 2623 1688 2675 in
1784 2624 2087 2677 novissimo

506 2724 751 2782 tempore
795 2713 1136 2767 exsultabitis
1189 2696 1209 2764 ξ
1249 2712 1384 2766 illud
1436 2714 1579 2767 enim
1640 2713 1938 2782 άγαλιᾶσοε
1987 2731 2085 2785 pro

504 2804 693 2857 futuro
724 2804 1014 2873 accipitur.
1052 2803 1379 2873 Quanquam
1432 2811 1486 2858 et
1536 2813 1598 2857 ut
1648 2818 1891 2873 praesens
1938 2807 2082 2859 sumi

505 2902 722 2962 potest,
754 2893 1214 2963 quemadmodum
1243 2896 1409 2948 etiam
1443 2893 1675 2949 inferius
1693 2895 2082 2951 declarabitur.

503 2984 771 3049 Quoniam
802 2998 931 3037 vero
959 2985 1203 3053 Magistri
1232 2984 1525 3054 promissio
1553 3000 1659 3039 non
1685 2986 1961 3055 gaudium,
1988 2985 2083 3041 sed

506 3076 782 3124 tristitiam
823 3076 1135 3140 annuntiat,
1182 3076 1434 3145 inquiens
1469 3077 1489 3107 °
1518 3092 1532 3129 :
1570 3094 1589 3126 ι
1623 3075 1682 3129 ln
1716 3078 1922 3131 mundo
1958 3082 2080 3146 qui-

504 3165 626 3216 dem
658 3174 971 3228 pressuram
994 3163 1288 3231 habebitis,
1319 3183 1338 3214 ι
1364 3164 1573 3217 idcirco
1594 3172 1717 3231 post
1747 3167 1879 3219 illud
1908 3168 2081 3230 addit,

511 3269 530 3301 ι
569 3250 864 3302 modicum.
910 3263 929 3296 ι
971 3249 1037 3301 Et
1065 3252 1191 3318 quia
1230 3252 1335 3303 hoc
1395 3252 1688 3305 molestum
1733 3262 1837 3315 est,
1875 3255 2082 3317 subdit,

510 3359 529 3391 ι
574 3354 738 3399 nunc,
790 3356 809 3390 ι
853 3337 1044 3406 sicque
1073 3338 1225 3407 paria
1258 3341 1418 3393 docet
1468 3340 1738 3411 magistro
1791 3358 1892 3398 suo
1935 3362 1947 3398 :
1992 3346 2084 3399 ille

506 3431 652 3482 enim
683 3430 758 3480 ait
791 3442 805 3481 :
837 3444 856 3478 ι
898 3427 959 3481 In
992 3427 1195 3484 mundo
1229 3443 1548 3498 pressuram
1633 3429 1941 3500 habebitis;
1987 3434 2080 3489 sed

506 3518 733 3571 tristitia
800 3526 982 3572 vestra
1042 3524 1282 3573 vertetur
1316 3519 1372 3574 in
1405 3518 1689 3589 gaudium.
1729 3539 1749 3573 ι
1785 3521 1881 3576 Vel
1914 3524 2082 3591 igitur

505 3598 638 3662 illud
676 3628 692 3659 ι
725 3623 871 3662 nunc
914 3627 933 3659 ι
959 3620 1207 3679 respectu
1237 3612 1625 3667 exsultationis
1658 3613 1924 3681 adjunxit,
1949 3630 2084 3684 qua-

507 3710 667 3754 tenus
698 3701 1013 3766 exsultatio,
1051 3717 1173 3770 qua:
1214 3702 1601 3772 subsequatur,
1638 3717 1748 3757 non
1800 3704 1867 3758 ad
1920 3706 2082 3760 breve

507 3802 744 3860 tempus,
769 3792 862 3844 sed
898 3789 965 3843 ad
1002 3792 1350 3859 diuturnum,
1381 3793 1490 3847 imo
1530 3792 1828 3861 inﬁnitum,
1863 3804 1947 3849 est
1975 3795 2079 3849 du-

504 3889 711 3934 ratura.
742 3881 835 3934 Vel
893 3881 1027 3935 illud
1061 3901 1079 3933 ι
1117 3884 1391 3939 modicum
1434 3902 1454 3935 ι
1485 3886 1912 3952 eontristationi,
1959 3902 2079 3955 qua:

504 3973 876 4040 subjungilur,
946 3981 1030 4026 est
1067 3974 1477 4037 ascribeudum,
1538 3982 1597 4029 ut
1637 3977 1715 4030 sic
1746 3993 1805 4033 se
1833 3977 2029 4031 habeat
2060 3995 2076 4032 τ

507 4062 564 4114 Si
597 4061 992 4125 necessarium,
1033 4078 1174 4117 nunc
1198 4073 1283 4118 est
1307 4066 1580 4119 modicum
1606 4068 1923 4122 contristari
1953 4086 1972 4119 ι
2023 4071 2076 4122 in

498 4154 673 4207 variis
717 4152 1130 4206 tentatiouibus.
1174 4171 1192 4204 ι
1233 4153 1497 4219 Quoniam
1551 4172 1678 4209 vero
1715 4160 2074 4212 tentationum

505 4244 709 4297 mentio
735 4244 1198 4310 perturbationem
1226 4244 1424 4299 aﬂerre
1446 4256 1681 4315 poterat,
1712 4247 1919 4303 idcirco
1942 4250 2077 4303 sub-

498 4335 683 4402 junxit
716 4330 1030 4385 earumdem
1074 4336 1434 4387 tentationum
1476 4350 1698 4389 causam
1729 4353 1741 4388 :
1794 4351 1986 4405 nempe
2020 4346 2075 4390 ut

507 4439 527 4474 ι
569 4421 821 4492 probatio
850 4439 870 4473 ι
903 4436 999 4476 seu
1034 4424 1278 4489 probitas
1308 4426 1553 4500 ipsorum
1611 4427 1953 4483 manifestior
1982 4428 2073 4481 [ie-

502 4522 603 4573 ret,
633 4523 687 4566 et
722 4530 740 4563 ι
776 4513 1069 4579 pretiosior
1090 4529 1251 4576 auro,
1303 4534 1320 4564 ι
1353 4516 1621 4585 siquidem
1681 4528 1734 4572 et
1796 4521 1917 4581 hoc,
1951 4534 2072 4573 cum

500 4607 587 4652 est
619 4600 730 4669 igni
796 4600 1112 4669 probatum,
1177 4604 1230 4655 in
1279 4603 1488 4673 majore
1553 4616 1639 4660 est
1691 4609 2070 4663 aestimatiooe.

498 4691 662 4744 Addit
695 4706 844 4757 vero,
883 4710 902 4741 ι
944 4693 1000 4745 Si
1051 4703 1284 4761 oportet,
1325 4714 1344 4746 ι
1391 4697 1650 4765 iunuens,
1694 4700 1841 4770 quod
1897 4716 2071 4770 neque

504 4784 677 4839 ﬁdelis
709 4786 891 4839 omnis
932 4785 1319 4842 aillictiouibus
1359 4798 1622 4856 tentetur,
1674 4808 1851 4862 neque
1892 4795 2073 4848 omnis

503 4884 762 4945 peccator
803 4893 817 4929 :
853 4885 908 4931 et
937 4878 1081 4947 quod
1106 4890 1297 4936 neuter
1316 4895 1503 4934 eorum
1541 4884 1745 4937 eisdem
1774 4884 2073 4939 aﬂlietioni-

499 4971 603 5025 bus
638 4971 692 5024 in
729 4978 1050 5040 perpetuum
1102 4971 1394 5039 addicitur,
1427 4973 1522 5032 sed
1552 4975 1689 5043 justi
1719 4977 1940 5045 quidem
1977 4978 2072 5047 pit-

498 5064 711 5115 tiuntur
740 5059 808 5115 ad
836 5076 1053 5116 coronae
1093 5072 1471 5133 augmentum,
1499 5074 1813 5134 peccatores
1851 5082 1979 5123 vero
2010 5078 2069 5122 ut

497 5167 715 5221 pteuam
768 5155 1007 5222 peccatis
1064 5156 1182 5209 suis
1232 5156 1471 5209 debitam
1508 5157 1681 5211 luant.
1714 5158 1833 5212 Non
1880 5175 2069 5215 omnes

495 5245 630 5313 justi
686 5245 1029 5316 allliguntur,
1085 5263 1153 5300 ne
1184 5248 1307 5315 quis
1361 5248 1701 5316 iniquitatem
1749 5250 2099 5304 laudabilem'

494 5349 714 5405 potans,
752 5338 877 5392 odio
918 5338 1115 5392 habeat
1148 5338 1427 5391 virtutem.
1468 5337 1655 5407 Neque
1709 5354 1900 5395 omnes
1940 5357 2058 5411 pec-

494 5436 710 5481 catores
744 5426 1089 5495 ailliguntur,
1117 5441 1183 5481 ne
1213 5428 1566 5491 resurrectio,
1615 5444 1711 5482 seu
1766 5426 1947 5482 futura
1980 5448 2064 5485 re-

498 5518 721 5572 tributio
745 5515 801 5572 in
832 5517 1056 5572 dubium
1094 5519 1293 5582 veniat,
1328 5518 1373 5571 si
1406 5532 1596 5571 omnes
1634 5518 1744 5584 hic,
1778 5536 1898 5590 qua:
1952 5538 2064 5578 me-

494 5617 705 5671 rentur,
740 5607 1023 5677 recipiant.

566 5697 588 5729 ⁸
613 5696 922 5779 Joaxnxvit,
961 5700 1049 5753 H.
1128 5700 1149 5731 ⁸
1185 5699 1340 5756 Joan.
1389 5717 1499 5766 xvi,
1548 5700 1636 5755 53.

2186 1801 2382 1871 τηρίαν
2425 1800 2651 1869 ἑτοίμην
2688 1800 3142 1869 ἀποκαλυφθῆναι
3183 1802 3240 1852 ἐν
3274 1799 3450 1870 καιρῷ
3483 1801 3725 1867 ἐσχάτῳ.»

2187 1890 2251 1941 Εἰ
2295 1893 2396 1959 ῃὲν
2426 1891 2673 1957 οὐρανοῖς
2703 1907 2721 1939 ›
2760 1890 2792 1960 ἡ
2828 1889 3164 1959 κληρονομία
3185 1929 3200 1954 ,
3237 1889 3490 1959 μυθώδης
3519 1892 3551 1959 ἡ
3577 1889 3729 1959 χιλιο-

2186 1981 2317 2051 ετὴς
2349 1984 2407 2034 ἐν
2447 1984 2516 2051 γῇ
2558 1982 3019 2043 ἀποκατάστασις.

2261 2092 2281 2125 ι
2331 2076 2418 2127 Ἐν
2466 2068 2511 2141 ᾧ
2549 2074 2901 2142 ἀγαλλιᾶσθε,
2950 2073 3130 2140 ὀλίγον
3172 2075 3320 2143 ἄρτι,
3367 2076 3416 2126 εί
3460 2073 3577 2126 δέον
3609 2074 3729 2135 ἐστὶ,

2186 2164 2519 2234 λυπηθέντες
2556 2167 2613 2217 ὲν
2648 2165 2910 2227 ποικίλοις
2970 2167 3333 2234 πειρασμοῖς·
3385 2164 3469 2217 ἵνα
3495 2165 3557 2217 τὸ
3604 2164 3730 2216 δοκί-

2190 2272 2312 2324 μιον
2351 2255 2451 2324 τῆς
2477 2256 2713 2319 πίστεως
2757 2255 2911 2325 ὑμῶν
2966 2256 3100 2308 πολὺ
3143 2256 3469 2325 τιμιώτερον
3505 2255 3732 2324 χρυσίου,

2185 2345 2278 2399 τοῦ
2311 2346 2704 2415 ἀπολλυμένου,
2738 2346 2827 2398 διὰ
2863 2346 3032 2415 πυρὸς
3063 2345 3117 2397 δὲ
3161 2345 3617 2414 δοκιμαζομένου,
3657 2344 3736 2395 εὑα

2186 2435 2373 2507 ρεθῇ.»
2414 2437 2487 2489 Τὸ
2510 2435 2636 2504 ὲξῆς
2670 2435 2885 2498 οὓτως·
2944 2434 3293 2504 Λυπηθέντες
3349 2434 3497 2503 ἄρτι,
3546 2436 3597 2486 εἰ
3634 2433 3736 2485 δέον

2191 2528 2328 2591 ἐστὶ,
2385 2528 2528 2579 τοῦτ’
2562 2528 2733 2592 ἐστιν,
2795 2527 2843 2577 εί
2871 2524 3147 2578 καὶτοῦτο
3188 2526 3269 2577 δεῖ
3306 2524 3450 2591 (οὔτε
3487 2525 3593 2595 γὰρ
3620 2525 3739 2577 πάν-

2183 2632 2273 2679 τες
2304 2618 2353 2669 οἱ
2403 2615 2547 2683 ἆγιοι
2579 2614 2872 2683 θλίϐονται)
2894 2653 2909 2678 ,
2949 2633 2966 2665 ι
3006 2615 3064 2668 ὲν
3092 2613 3304 2683 ἐσχάτῳ
3344 2615 3558 2686 καιρῷ)
3588 2615 3740 2682 ἀγαλ-

2184 2708 2437 2762 λιάσεσθε
2465 2726 2478 2739 ⁸
2514 2707 2573 2760 τὸ
2612 2708 2752 2778 γὰρ,
2790 2726 2809 2759 ι
2852 2707 3234 2775 Ἀγαλλιᾶσοε,
3261 2725 3280 2757 ›
3321 2708 3442 2760 ἀντὶ
3473 2707 3740 2776 μέλλοντος

2186 2800 2481 2869 εἴληπται,
2533 2800 2566 2870 ἣ
2625 2800 2721 2853 καὶ
2764 2800 2906 2852 κατὰ
2941 2800 3002 2852 τὸ
3032 2800 3289 2862 ὲνεστδς,
3341 2800 3418 2863 ὡς
3467 2801 3560 2852 καὶ
3605 2799 3742 2852 κάτω

2187 2892 2689 2962 ὑπεμνημάτισται.
2726 2891 2941 2962 Ἐπειδὴ
2967 2891 3025 2943 δὲ
3048 2894 3080 2961 ή
3106 2891 3197 2943 τοῦ
3226 2891 3555 2943 Διδασκάλου
3578 2894 3741 2957 ἑπαγ-

2188 2984 2378 3051 γελία,
2410 2983 2532 3052 οὒχὶ
2570 2982 2744 3052 χαρὰν
2767 3021 2781 3047 ,
2818 2982 2955 3036 ἀλλὰ
3002 2982 3180 3051 λύπην
3229 2983 3527 3051 εἰσηγεῖται
3572 2985 3630 3034 ἐν
3674 2979 3745 3049 τῷ

2187 3076 2398 3144 κόσμῳ,
2426 3074 2730 3142 φάσκουσα,
2765 3075 2848 3126 ὅτι
2883 3093 2900 3125 ι
2930 3073 3125 3141 Θλῖιῗιιν
3153 3073 3320 3138 ἕξετε,
3358 3091 3376 3123 ι
3430 3074 3743 3142 προστίθησι

2184 3164 2262 3232 τῷ
2312 3163 2676 3232 ἀγαλλιάματι
2713 3161 2795 3227 τὸ,
2834 3180 2854 3212 ι
2890 3162 3098 3229 Ὀλίγον
3131 3178 3144 3191 ”
3181 3180 3199 3211 ι
3239 3164 3331 3213 καὶ
3376 3162 3563 3231 ἐπειδὴ
3599 3162 3747 3214 τοῦτο

2184 3252 2446 3320 λυπηρὸν,
2479 3252 2803 3322 προστίθησι
2829 3254 2915 3316 τὸ,
2957 3272 2975 3304 ι
2999 3254 3182 3322 Ἀρτι,
3215 3272 3232 3304 ι
3274 3252 3539 3322 σύμφωνα
3578 3253 3745 3319 λέγων

2184 3341 2259 3410 τῷ
2298 3341 2493 3394 ἑαυτοῦ
2527 3341 2886 3413 καθηγεμόνι.
2923 3345 3188 3405 Κάκεῖνος
3222 3346 3330 3415 γάρ
3361 3360 3519 3412 φησιν
3550 3359 3567 3372 ο
3604 3362 3625 3394 ι
3665 3343 3747 3395 Ἐν

2183 3431 2262 3500 τῷ
2295 3431 2484 3501 κόσμῳ
2516 3430 2692 3500 θλίψιν
2722 3430 2894 3497 ἕξετε,
2926 3430 3039 3483 ἀλλ’
3065 3433 3097 3501 ὴ
3129 3431 3271 3501 λύπη
3290 3430 3440 3500 ὑμῶν
3469 3431 3543 3490 εἰς
3574 3432 3748 3497 χαρὰν

2182 3523 2492 3592 γενήσεται.
2526 3542 2545 3574 ι
2581 3525 2650 3575 Ἢ
2685 3520 2776 3576 οὖν
2808 3524 2890 3587 τὸ,
2941 3525 3154 3594 «Ἀρτι,
3180 3542 3198 3574 ι
3228 3524 3314 3575 διὰ
3347 3524 3410 3575 τὸ
3438 3523 3746 3591 ἀγαλλίαμε

2184 3615 2482 3684 προσετέθη
2505 3652 2520 3674 ,
2549 3614 2625 3676 ὡς·
2653 3614 2745 3666 τοῦ
2787 3613 3072 3684 μέλλοντος
3115 3615 3451 3683 διαδέχεσθαι
3483 3615 3749 3680 ἀγαλλιά-

2184 3720 2371 3772 ματος,
2404 3705 2503 3755 οὐκ
2528 3705 2540 3773 ι
2563 3704 2649 3755 ἐπ’
2679 3703 2861 3771 ὀλίγον
2913 3703 3065 3768 ὄντος
3097 3742 3112 3767 ,
3150 3705 3264 3757 ἁλλ’
3306 3704 3401 3756 ἐπὶ
3447 3705 3663 3774 μακρόν
3694 3719 3749 3753 τε

2181 3797 2278 3848 καὶ
2303 3796 2530 3865 ἄπειρον
2554 3812 2569 3827 ο
2602 3794 2635 3866 ἢ
2664 3796 2744 3861 τὸ,
2774 3814 2793 3846 ι
2819 3795 3046 3863 Ὀλίγον,
3074 3814 3095 3847 ι
3135 3797 3270 3866 πρὸς
3313 3796 3374 3848 τὸ
3417 3796 3752 3866 ὲπιφερόμιο

2184 3903 2274 3939 νον
2304 3887 2549 3957 λυπηρὸν
2578 3887 2888 3955 λογιστέονο
2925 3887 3013 3939 ἵνα
3103 3887 3275 3951 οὕτως
3306 3904 3321 3918 ·
3357 3907 3377 3939 ι
3403 3888 3465 3941 Ei
3485 3878 3606 3941 δέον
3631 3887 3752 3957 ἄρτι

2183 3978 2332 4031 ἐστὶν
2361 3978 2544 4045 ὀλίγον
2577 3996 2596 4028 ι
2634 3978 2941 4047 λυπηθῆναι
2998 3996 3016 4028 ι
3046 3981 3103 4029 ἐν
3132 3980 3245 4040 τοῖς
3274 3980 3539 4040 ποικίλοις
3563 3996 3756 4046 πειραο

2183 4074 2391 4138 σμοῖς.»
2438 4070 2575 4123 Ἀλλ’
2600 4070 2786 4141 ἐπειδὴ
2817 4070 2878 4122 τὸ
2917 4070 3025 4122 τῶν
3048 4072 3367 4142 πειρασμῶν
3399 4071 3632 4140 θόρυϐον
3672 4076 3752 4122 iv-

2180 4163 2393 4226 εποίει,
2453 4163 2542 4214 διὰ
2588 4162 2748 4214 τοῦτο
2812 4164 3061 4232 ἐπήγαγε
3122 4165 3223 4232 τὴν
3266 4163 3375 4217 τῶν
3428 4162 3758 4231 πειρασμῶν

2178 4254 2378 4316 αἰτίαν,
2409 4254 2490 4305 ὅτι
2520 4252 2609 4304 διά
2653 4253 2857 4306 τούτων
2919 4272 2937 4305 ι
2966 4255 3027 4305 τὸ
3057 4254 3299 4324 δοκίμιον
3332 4254 3504 4324 ὑμῶν,
3532 4272 3552 4303 ι
3592 4269 3758 4321 φανε-

2185 4344 2419 4414 ρώτερον
2471 4346 2678 4411 γίνεται
2746 4345 2837 4396 καὶ⁵
2888 4362 2907 4396 ι
2937 4346 3263 4415 τιμιώτερον
3323 4348 3575 4415 χρυσίου,
3638 4343 3761 4396 ἐπεὶ

2165 4440 2273 4491 ’καὶ
2317 4438 2446 4489 αὐτὸ
2489 4435 2922 4506 δοκιμαζόμενον
2948 4436 3120 4505 πυρὶ,
3186 4437 3390 4505 μᾶλλον
3438 4437 3758 4505 ἀνθρώποις

2182 4529 2577 4592 σπουδάζεται·
2637 4528 2964 4596 προστίθησι
3014 4528 3073 4580 δὲ
3125 4532 3218 4580 καὶ
3255 4528 3349 4591 τὸ,
3402 4546 3419 4578 ι
3454 4527 3513 4579 Εἰ
3539 4528 3697 4592 δέον,
3739 4546 3757 4576 ι

2177 4621 2462 4685 διδάσκων,
2490 4620 2563 4681 ὡς
2597 4618 2720 4670 οὗτε
2748 4621 2852 4682 πᾶς
2879 4620 3064 4680 πιστὸς
3098 4619 3414 4689 πειράζεται
3438 4619 3526 4671 διὰ
3571 4620 3763 4685 θλίψει

2177 4730 2270 4771 ων,
2323 4711 2445 4764 οὔτε
2491 4713 2596 4772 πᾶς
2625 4710 2971 4781 ἁμαρτωλός.
3016 4711 3153 4763 Ἀλλ’
3171 4713 3289 4764 οὐδὲ
3330 4711 3761 4780 εὑθυνεῐταιὶί.

2177 4800 2386 4872 solium]
2425 4801 2630 4854 τούτων
2666 4802 2925 4871 ἑκάτερος
2975 4803 3055 4864 είς
3090 4802 3175 4854 ἀεί
3202 4818 3215 4831 ο
3264 4801 3377 4855 ἀλλ’
3409 4804 3458 4853 οἱ
3496 4802 3605 4869 μὲν
3650 4790 3767 4853 θλι-

2180 4892 2397 4961 ϐόμενοι
2417 4892 2637 4955 δίκαιοι,
2668 4895 2749 4955 είς
2781 4893 3098 4966 προσθήκην
3123 4894 3401 4961 στεφάνων
3422 4892 3768 4961 πάσχουσιν

2177 4987 2226 5037 oi
2265 4984 2321 5037 δὲ
2364 4984 2703 5055 ἁμαρτωλοὶ,
2749 4984 2833 5036 ἵνα
2865 4984 2974 5061 τ-ῶν
3009 4984 3299 5053 ἁμαρτιῶν
3327 4984 3485 5052 δίκην
3519 4985 3772 5035 ὲκτίσω-

2180 5095 2285 5129 σιν.
2336 5078 2410 5130 Οὐ
2464 5078 2664 5138 πάντες
2708 5075 2765 5128 δὲ
2804 5076 3004 5129 δίκαιοι
3039 5076 3309 5129 θλίϐονται
3341 5091 3356 5107 ο
3403 5075 3491 5127 ἶνα
3539 5074 3629 5145 μὴ
3666 5074 3771 5141 τὴν

2179 5172 2375 5220 κλκάν
2429 5165 2721 5234 ἐπαινετὴν
2767 5166 3036 5235 νομίσας,
3103 5167 3341 5237 μισήσῃς
3371 5166 3471 5235 τὴν
3520 5168 3771 5233 ἀρετήν.

2167 5258 2315 5321 om;
2345 5257 2543 5321 πάντες
2570 5258 2618 5308 οἱ
2648 5255 2961 5325 ἁμαρτωλοὶ
2990 5255 3262 5309 θλίϐονται
3288 5272 3300 5283 ·
3340 5254 3425 5306 ἵνα
3458 5255 3530 5323 μὴ
3565 5255 3777 5322 ήάνά-

2179 5365 2367 5411 στασις
2402 5345 2704 5416 ἀπιστηθῇ,
2754 5346 2828 5409 ὡς
2872 5348 3089 5401 πάντων
3137 5345 3375 5400 ἐνταῦθα
3420 5345 3487 5397 τὰ
3532 5344 3781 5396 ἑαυτῶν

2175 5436 2696 5508 ἀπολαμϐανόντων.
