4020 6214
509 208 646 274 1199

1416 199 1987 261 THEOPHYLACTI
2034 198 2440 258 BULGARI/E
2462 198 2813 261 ARCHIEP.

3597 190 3717 268 {200

498 322 685 377 sinuat
716 315 849 377 illis,
883 328 948 367 ne
982 311 1295 373 incredulos
1326 323 1385 366 se
1418 309 1695 379 praebeant
1724 309 1789 360 ad
1838 321 1925 372 ea,
1951 321 2074 377 quae

2184 310 2604 384 προφητευμένα
2628 326 2640 337 ο
2674 310 2757 362 ὅτι
2810 309 2942 380 μηδὲ
2998 307 3105 362 olei.
3139 310 3410 379 σώφρονες
3461 327 3721 384 καταφροο

498 416 632 466 sunt
660 408 729 463 ab
758 405 964 462 eisdem
991 402 1274 473 prephetis
1303 400 1669 470 praenuntiata
1694 415 1708 453 :
1740 413 1865 453 nam
1893 414 2072 469 neque

500 502 620 565 lilii,
652 498 742 569 qui
794 500 1035 563 sapiunt,
1077 499 1334 562 paternos
1390 491 1609 545 labores
1661 504 1900 559 unquam
1949 505 2074 543 con-

501 596 766 646 temnunt.
806 585 859 639 Si
894 586 1038 638 enim
1082 583 1182 646 illi,
1215 582 1307 651 qui
1351 581 1427 636 nil
1492 581 1845 635 emolumenti
1883 595 2068 648 perce-

503 686 648 756 pturi
689 691 869 743 erant,
913 677 1291 747 exquisieruut
1321 684 1500 729 tamen
1529 684 1583 730 et
1618 674 1978 737 invenerunt;
2011 686 2073 723 ac

503 784 763 846 praeterea
786 784 908 841 quae
940 770 1284 831 invenerant,
1333 766 1539 835 scripto
1569 763 1988 827 commiserunt,
2015 771 2074 815 ut

504 869 649 921 velut
686 862 1056 920 [nereditatem
1081 860 1372 928 quamdam
1402 859 1467 913 ad
1495 872 1594 913 nos
1619 857 2070 920 transmitterent,

502 958 745 1027 profecto
777 972 899 1019 ms,
953 956 1152 1026 inquit,
1192 952 1383 1022 injusti
1416 966 1689 1015 essemus,
1722 949 1770 1005 si
1812 949 1927 1004 haec
1957 962 2076 1017 par-

501 1067 571 1105 vo
613 1053 665 1104 in
711 1050 888 1119 pretio
930 1050 1280 1102 haberemus.
1313 1045 1682 1111 Quamobrem
1734 1044 1902 1097 nolite
1948 1057 2071 1105 nos,

503 1143 594 1208 qui
633 1142 732 1193 ista
767 1142 922 1194 vobis
953 1138 1415 1208 cvangelizamus,
1447 1133 1604 1189 ﬂocci
1638 1134 1919 1197 facientes,
1964 1135 2076 1187 ina-

507 1249 627 1285 nem
665 1231 887 1285 reddere
918 1229 1362 1301 praedicationem
1408 1236 1677 1281 nostram.
1707 1223 1773 1278 Et
1817 1225 1931 1279 haec
1957 1226 2077 1294 qui-

504 1329 624 1377 dem
661 1323 729 1377 de
763 1320 1104 1391 providentia
1139 1318 1551 1388 prophetarum.
1578 1313 1652 1367 Ex
1682 1328 1748 1368 eo
1772 1329 1902 1369 vero
1930 1314 2073 1383 qqu

502 1413 817 1486 prmcogniti
850 1412 960 1468 sint
987 1427 1018 1465 a
1046 1412 1172 1475 Deo,
1213 1418 1384 1464 terret
1426 1424 1544 1473 eos,
1596 1422 1665 1460 ne
1711 1407 1962 1478 indignos
1994 1408 2077 1462 di-

507 1510 629 1562 vina
688 1506 1030 1577 praescientia
1068 1518 1132 1558 ac
1169 1503 1454 1557 vocatione
1498 1513 1558 1553 se
1604 1497 1931 1563 exhibeant,
1960 1499 2076 1554 'sed

508 1600 690 1666 potius
739 1598 970 1652 invicem
1019 1611 1078 1651 se
1104 1594 1365 1656 excitent,
1416 1606 1526 1662 quo
1578 1589 1669 1644 Dei
1721 1590 1870 1645 dono
1925 1591 2074 1662 digiti

510 1691 662 1743 fiant.

576 1779 737 1849 355
784 1777 947 1832 Vens.
981 1776 1161 1830 ll-lﬂ.
1225 1794 1244 1826 ι
1307 1774 1629 1832 Scrutantes
1695 1779 1750 1832 in
1797 1775 1943 1846 quod
1990 1772 2077 1829 vel

507 1872 667 1939 quale
700 1880 913 1938 tempus
967 1868 1303 1937 signiﬁcaret
1338 1866 1390 1919 in
1422 1867 1505 1921 eis
1556 1867 1795 1936 Spiritus
1826 1864 2029 1921 Christi
2064 1882 2076 1917 :

516 1963 899 2030 praenuntians
921 1974 1013 2014 eas
1036 1973 1156 2028 quae
1185 1958 1238 2010 in
1272 1956 1493 2013 Christo
1531 1968 1680 2024 sunt,
1714 1959 1997 2027 passiones
2026 1964 2081 2011 et

510 2053 835 2122 posteriores
864 2050 1088 2122 glorias.
1118 2047 1330 2114 Quibus
1362 2047 1661 2104 revelatum
1686 2056 1792 2115 est,
1818 2049 1946 2118 quia
1974 2062 2080 2102 non

508 2139 881 2209 sibimetipsis,
915 2138 1074 2193 nobis
1099 2149 1283 2191 autem
1329 2138 1719 2193 ministrabant
1762 2151 1849 2192 ea.
1888 2155 1907 2188 ι
1945 2136 2001 2191 Si
2030 2146 2083 2192 et

509 2233 742 2304 apostoli
769 2241 822 2285 et
854 2230 1131 2300 prophetae
1159 2229 1371 2299 Spiritu
1408 2236 1603 2285 sancto
1646 2228 1864 2285 aiﬂante
1901 2229 2085 2285 edide-

512 2333 663 2386 runt,
723 2323 775 2375 hi
820 2321 1038 2391 quidem
1086 2320 1447 2390 prophetiam,
1485 2321 1563 2375 illi
1624 2329 1806 2376 autem
1834 2319 2084 2391 Evange-

511 2414 665 2473 lium,
701 2413 739 2465 ii
777 2412 854 2464 nil
886 2425 916 2464 a
946 2410 1228 2481 praphetis
1263 2408 1671 2478 discrepabaut.
1702 2408 1931 2479 Oportet
1986 2410 2084 2480 igi-

514 2513 628 2566 tur,
673 2503 875 2570 inquit,
895 2501 1085 2557 eodem
1142 2517 1240 2556 vos
1274 2500 1461 2557 studio
1514 2500 1670 2567 ferri,
1700 2516 1765 2556 ac
1796 2502 2082 2558 domestici

512 2594 901 2664 prephetarum
947 2592 1283 2659 ferebantur,
1356 2608 1425 2648 ne
1473 2607 1649 2662 paena:
1704 2609 1918 2658 eorum,
1986 2594 2081 2664 qui

514 2684 796 2756 prophetis
824 2698 935 2738 non
963 2671 1342 2748 crediderunt,
1377 2684 1734 2754 subjaceatis.
1802 2685 2086 2740 Adnotau-

511 2778 638 2829 dunt
674 2790 803 2830 vero
855 2773 1075 2829 Petrum
1108 2774 1394 2830 Trinitatis
1427 2777 1751 2848 mysterium
1802 2777 1984 2833 allatis
2027 2778 2082 2832 in

512 2867 692 2920 verbis
716 2865 1047 2935 patefacere.
1094 2864 1230 2919 Cum
1289 2866 1459 2933 enim,
1520 2866 1723 2938 inquit,
1787 2886 1805 2920 ι
1847 2866 2084 2939 Spiritus

511 2958 741 3024 Christi,
780 2976 798 3009 ι
831 2956 1028 3012 Filium
1066 2964 1120 3011 et
1171 2956 1435 3026 Spiritum
1495 2968 1745 3015 sanctum
1793 2959 2080 3029 exprimit;

2186 2961 2282 3014 τὸν
2326 2960 2459 3013 Υίὺν
2493 2960 2588 3013 καὶ
2628 2958 2690 3010 τὸ
2719 2957 2979 3028 Πνεῦμαο
3003 2958 3097 3011 τὸν
3153 2958 3211 3011 δὲ
3241 2957 3484 3027 Πατέρα,
3522 2957 3613 3011 διά
3661 2953 3749 3008 τοῦ

511 3048 727 3102 Patrem
758 3063 906 3114 vero,
938 3063 1063 3103 eum
1096 3047 1192 3113 ait,
1223 3066 1242 3099 ι
1278 3047 1351 3103 De
1395 3049 1537 3105 c0310
1569 3066 1582 3103 :
1624 3067 1645 3101 ι
1672 3064 1783 3104 non
1812 3051 1958 3105 enim
1986 3066 2080 3119 per

2191 3053 2388 3118 εἰπεῖν,
2423 3069 2441 3103 ι
2481 3051 2613 3104 Ἀπὸ
2655 3048 2906 3121 ούρανοῦ.
2930 3069 2949 3102 ι
3004 3050 3079 3102 Τὸ
3107 3049 3186 3112 δὲ,
3225 3068 3245 3102 ι
3299 3049 3420 3103 Ἀπ’
3461 3048 3747 3120 copam-3,:

512 3138 710 3193 cmlum
753 3138 841 3190 hic
874 3140 1031 3193 locus
1065 3138 1267 3207 aliquis
1289 3140 1679 3208 intelligendus
1721 3149 1825 3203 est,
1859 3142 1955 3195 sed
1985 3157 2081 3209 per

513 3228 890 3285 excellentiam
928 3226 1072 3281 Deus
1099 3228 1234 3295 ipse.

590 3338 609 3372 ι
647 3319 778 3385 Quae
802 3331 949 3372 nunc
972 3315 1225 3370 nuntiata
1281 3323 1410 3370 sunt
1448 3316 1630 3384 vobis,
1685 3332 1781 3389 per
1836 3332 1934 3376 eos
1985 3321 2080 3391 qui

513 3413 1028 3480 evangelizaverunt
1079 3406 1256 3472 vobis,
1288 3405 1498 3477 Spiritu
1542 3417 1734 3466 sancto
1785 3410 1954 3467 misso
2015 3412 2084 3469 de

515 3500 676 3565 caelo,
710 3500 762 3553 iu
799 3514 917 3568 qua:
966 3498 1044 3569 (l)
1079 3497 1391 3554 desiderant
1439 3500 1618 3570 angeli
1682 3503 2014 3571 prospicere.
2061 3522 2079 3557 ι

513 3590 960 3644 Exhortatiouem
989 3588 1078 3643 bic
1107 3589 1383 3644 subnectit
1423 3591 1706 3661 apostolus
1741 3608 1808 3647 ex
1861 3594 1927 3649 iis
1966 3609 2086 3664 qua:

516 3688 641 3734 ante
687 3679 740 3733 in
786 3680 991 3735 honore
1037 3678 1280 3734 fuerunt.
1312 3681 1445 3734 Cum
1524 3684 1899 3752 praemisisset,
1940 3686 2084 3756 quod

515 3771 792 3840 praphetae
844 3770 1002 3825 nobis
1032 3771 1227 3825 salutis
1253 3781 1459 3826 nostra:
1496 3776 1753 3838 mysteria
1817 3777 2085 3831 submini-

512 3862 760 3925 strarint,
787 3868 839 3913 ct
876 3860 1021 3931 quod
1044 3861 1144 3915 ista
1176 3859 1314 3915 adeo
1327 3861 1589 3917 sublimia
1615 3874 1816 3930 essent,
1843 3867 2085 3921 utetiam

512 3952 718 4021 angelis
745 3951 1000 4005 amabilia
1037 3950 1240 4018 forent,
1281 3952 1429 4021 quod
1486 3956 1727 4009 ostendit
1769 3972 1837 4011 ex
1878 3957 2084 4026 latitia,

514 4058 620 4111 qua
654 4042 759 4111 ipsi
790 4042 844 4096 in
872 4040 1170 4097 Nativitate
1205 4042 1417 4097 Domini
1449 4044 1766 4099 cecinerunt
1799 4064 1812 4100 :
1852 4064 1870 4098 ι
1902 4046 2087 4103 Gloria

514 4137 567 4187 in
593 4134 877 4188 altissimis
905 4132 1098 4187 Deo“‘
1134 4149 1150 4186 :
1180 4151 1197 4184 ι
1234 4148 1359 4188 cum
1388 4134 1524 4200 haec,
1558 4141 1803 4206 inquam,
1835 4140 2085 4207 dixisset,

511 4225 694 4279 subdit
725 4224 1017 4290 rationem,
1040 4240 1139 4281 cur
1163 4239 1226 4280 ea
1250 4226 1472 4287 dixerit,
1499 4229 1645 4283 hunc
1672 4229 1844 4286 ferme
1874 4231 1931 4286 in
1966 4248 2087 4289 mo-

2176 398 2394 452 νοῦνται
2430 402 2714 469 πατρικῶν
2749 401 2947 453 πόνων.
2983 401 3046 452 Εἰ
3078 400 3187 470 γὰρ
3213 402 3391 466 αὐτοὶ,
3417 402 3581 473 μηδὲν
3615 406 3721 476 ὀνή-

2177 491 2371 544 σασθαι
2427 490 2731 561 μέλλοντες,
2781 492 3055 561 ἐζήτησαν
3086 492 3179 543 καὶ
3225 485 3385 561 εῦρον
3412 508 3426 522 ³
3478 494 3611 549 ἀλλά
3646 499 3725 550 καὶ

2175 582 2425 651 εὑρόντες
2474 582 2700 649 βιϐλίοις
2730 582 3081 648 ἐγκατίθεντο
3114 581 3177 652 [ι’.
3213 582 3520 655 ἐγκατέθ.],
3555 584 3726 657 ὥσπερ

2172 688 2294 725 τινα
2341 671 2539 741 κλῆρον
2582 672 3047 743 παραπέμποντες
3098 676 3231 742 ἡμῖν
3264 686 3281 705 ⁵
3308 675 3409 726 οὐκ
3456 676 3520 728 ἂν
3562 678 3723 746 ἡμεῖς,

2177 764 2330 830 φησὶ.
2370 762 2592 826 δίκαιοι,
2631 764 2758 832 περὶ
2798 762 2971 816 ταῦτα
3002 766 3496 835 καταφρονητικῶς
3539 767 3722 820 διακείο

2178 870 2351 922 μενοι.
2384 853 2484 907 Διά
2513 871 2595 906 τοι
2624 851 2718 907 οὖν
2744 852 2902 907 τοῦτο
2937 854 3072 923 μηδὲ
3102 856 3248 923 ἡμᾶς
3290 856 3417 917 τοὺς
3450 854 3622 910 ταῦτα
3648 859 3723 910 εὑ-

2174 944 2631 1016 αγγελιζομένους
2664 947 2792 1015 ὑμῖν
2814 986 2829 1009 ,
2872 945 3046 998 ταῦτα
3084 947 3213 1014 περὶ
3242 947 3458 1014 φαύλων
3490 945 3565 1019 [ί.
3596 953 3727 1020 napi

2177 1035 2405 1107 φαῦλον]
2438 1036 2699 1102 τιθέντες,
2733 1035 2888 1090 κενὸν
2942 1037 3258 1106 ἁποφήνητε
3305 1038 3367 1090 τὸ
3411 1039 3725 1107 Εὖαγγέλιον

2176 1128 2352 1198 ἡμῶν.
2406 1128 2504 1182 Διά
2540 1129 2639 1199 μὲν
2669 1129 2762 1182 οῦν
2802 1130 2895 1183 τοῦ
2933 1128 3254 1199 προμηθοῦς
3285 1130 3394 1183 τῶν
3429 1134 3726 1203 προφητῶνι

2177 1219 2350 1275 ταῦτα
2373 1237 2386 1251 ·
2417 1221 2504 1275 διὰ
2536 1221 2591 1275 δὲ
2622 1222 2715 1274 τοῦ
2750 1221 3128 1290 προεγνῶσθαι
3154 1222 3258 1274 ὑπὸ
3289 1220 3427 1274 Θεοῦ
3462 1222 3636 1290 φοϐεῖ,
3670 1223 3729 1291 μὴ

2177 1315 2427 1380 ἀναξίους
2463 1316 2692 1378 ἑαυτοὺς
2743 1315 2843 1383 τῆς
2891 1312 2986 1367 τοῦ
3020 1312 3156 1365 Θεοῦ
3192 1313 3558 1382 προγνώσεως
3613 1315 3729 1366 ἀπο-

2179 1405 2365 1476 φῆναι,
2402 1403 2536 1475 μηδὲ
2573 1403 2675 1474 τῆς
2707 1403 2813 1457 ὑπὸ
2862 1402 3055 1456 τούτου
3112 1402 3379 1472 κλήσεως,
3426 1403 3563 1457 ἀλλὰ
3586 1421 3725 1456 κατε.

2181 1497 2465 1568 πείγεσθαι
2495 1495 2740 1565 ἀλλήλων
2766 1496 2845 1558 εἰς
2866 1494 2926 1547 τὸ
2947 1492 3130 1558 ἀξίους
3153 1492 3406 1562 γενέσθαι
3421 1494 3520 1564 τῆς
3541 1494 3731 1565 δωρεᾶς

2179 1590 2273 1644 τοῦ
2308 1587 2470 1644 Θεοῦ.

2259 1791 2278 1824 ι
2323 1770 2743 1844 Ἐξερευνῶντες
2773 1770 2853 1833 είς
2883 1770 3002 1822 τίνα
3031 1771 3126 1822 καὶ
3154 1771 3306 1823 ποῖον
3335 1770 3524 1841 καιρὸν
3550 1770 3730 1841 ἐδήλου

2178 1863 2241 1918 τὸ
2274 1867 2331 1917 ὲν
2363 1864 2549 1927 αὐτοῖς
2579 1861 2805 1932 Πνεῦμα
2830 1860 3069 1931 Χριστοῦ
3101 1862 3649 1933 προμαρτυρούμενον
3672 1863 3731 1913 τὰ

2181 1957 2261 2018 είς
2307 1953 2544 2024 Χριστὸν
2583 1952 2884 2022 παθήματα
2913 1952 3006 2003 καὶ
3053 1952 3152 2015 τὰς
3188 1952 3328 2021 μετά
3371 1950 3543 2006 ταῦτα
3567 1951 3731 2016 δόξας.
3908 1944 3914 2024 η

2182 2045 2278 2111 οἷς
2313 2045 2675 2115 ἀπεκαλύφθη
2697 2060 2713 2075 ⁸
2746 2044 2829 2097 ὅτι
2873 2044 2973 2114 οὐχ
3023 2044 3260 2106 ἑαυτοῖς,
3307 2044 3441 2113 ἡμῖν
3475 2042 3534 2096 δὲ
3562 2042 3733 2109 διηκό-

2181 2156 2308 2197 νουν
2336 2138 2498 2194 αὐτά.
2530 2157 2547 2189 ι
2579 2138 2643 2190 El
2676 2139 2770 2190 καί
2800 2136 2955 2189 αὐτοὶ
2989 2138 3081 2188 καὶ
3118 2137 3166 2189 ei
3201 2135 3479 2207 προφῆται
3503 2137 3561 2188 ὲν
3591 2132 3738 2189 Ilvati-

2186 2243 2315 2297 ματι
2357 2226 2496 2297 ἀγίῳ
2540 2226 2876 2295 ένήργησαν,
2923 2226 2971 2276 οἱ
3016 2225 3114 2293 μὲν
3153 2224 3253 2295 τὴν
3312 2225 3669 2295 προφητείαν,
3697 2224 3741 2276 οἱ

2181 2316 2239 2370 δὲ
2279 2316 2340 2370 τὸ
2386 2315 2720 2383 Εὑαγγέλιον
2754 2329 2769 2345 ο
2795 2312 2946 2366 οὐδὲν
2984 2312 3188 2365 τούτων
3241 2310 3300 2365 τὸ
3326 2313 3589 2381 διάφορον
3622 2312 3739 2380 πρὸς

2182 2407 2310 2470 τοὺς
2336 2407 2651 2479 προφήτας.
2689 2409 2784 2458 Δεῖ
2813 2405 2993 2458 τοίνυν
3035 2405 3134 2472 τὴν
3172 2402 3344 2473 αὐτὴν
3391 2404 3559 2474 ὑμᾶς,
3600 2401 3741 2472 φησὶ,

2186 2498 2419 2569 σπουδὴν
2452 2497 2713 2566 εἰσάγειν,
2755 2498 2820 2567 ἢν
2880 2497 2976 2551 καὶ
3012 2496 3062 2549 οἱ
3118 2498 3377 2567 κατήκοοι
3405 2495 3512 2548 τῶν
3546 2509 3743 2563 προφη-
3906 2495 3914 2616 ⁴

2186 2590 2291 2616 -1'...
2361 2590 2442 2616 ιν..-
2483 2590 2554 2616 ...ι
2592 2592 2656 2616 -8
2695 2588 2806 2616 -.Ἇη
2858 2587 3272 2616 ι--.ο..-.ι.....,...
3306 2590 3420 2616 nn}-
3456 2589 3747 2616 ---κά-κιρ

2182 2590 2313 2657 τῶν,
2361 2590 2448 2644 ἵνα
2482 2590 2557 2660 μὴ
2591 2592 2659 2660 τῇ
2695 2588 2806 2642 τῶν
2855 2587 3272 2659 ἀπειθησάντων
3306 2590 3420 2651 τοῖς
3456 2589 3747 2659 προφήταις

2185 2682 2531 2753 ὑποϐληθῆτε
2585 2680 2861 2753 τιμωρίᾳ.
2907 2680 3338 2751 Ἑπισημαντέον
3395 2681 3474 2744 δὲ,
3527 2681 3612 2734 ὅτι
3668 2680 3746 2731 διὰ

2182 2774 2388 2828 τούτων
2435 2774 2500 2827 τὸ
2552 2774 2654 2845 τῆς
2702 2772 2933 2844 Τριάδος
2989 2774 3291 2844 μυστήριον
3325 2775 3354 2824 ὁ
3383 2773 3588 2842 Πέτρος
3620 2774 3747 2826 ἀπο-

2186 2866 2488 2920 καλύπτει·
2520 2866 2610 2920 διὰ
2642 2864 2737 2919 τοῦ
2785 2866 2960 2918 είπεῖν
2983 2866 3104 2936 μὲν,
3152 2885 3171 2917 ι
3198 2864 3420 2935 Πνεῦμα
3442 2863 3700 2935 Χριστοῦ,
3722 2881 3738 2912 ι

2187 3144 2262 3215 μὴ
2280 3143 2519 3205 τοπικῶς
2543 3141 2732 3213 λάϐῃς,
2755 3141 2890 3194 ἀλλὰ
2908 3140 3031 3194 καθ’
3050 3140 3321 3210 ὑπεροχὴν
3339 3139 3754 3210 προηγουμένου

2183 3234 2341 3287 Θεοῦ.

2261 3345 2280 3378 ι
2313 3327 2380 3380 ’Δ
2427 3325 2523 3380 νῦν
2573 3325 2866 3395 ἀπηγγέλη
2901 3325 3030 3394 ὑμῖν
3057 3322 3149 3378 διὰ
3175 3323 3285 3377 τῶν
3318 3320 3753 3391 εὐαγγελισαμέ·

2185 3437 2290 3473 νων
2326 3418 2472 3489 ὑμᾶς
2505 3420 2563 3470 ὲν
2594 3415 2878 3488 Πνεύματι
2917 3415 3059 3485 ἁγίῳ
3083 3415 3439 3469 ἀποσταλέντι
3465 3411 3561 3466 ἀπ’
3591 3414 3757 3483 οὐρα-

2183 3509 2301 3573 νοῦ,
2334 3510 2415 3572 είς
2474 3507 2512 3563 ἃ.
2549 3507 2915 3577 ἐπιθυμοῦσιν
2966 3506 3186 3575 ἄγγελοι
3225 3504 3572 3575 παρακύψαι.
3603 3522 3624 3554 ι
3666 3503 3757 3556 Δί-

2187 3603 2505 3672 τιολογικῶς
2529 3602 2638 3655 ἀπὸ
2687 3601 2796 3654 τῶν
2827 3599 3318 3673 προτετιμημένων
3370 3599 3405 3668 ἡ
3466 3597 3759 3667 παράκλη-
3906 3597 3914 3673 ι

2190 3713 2294 3760 σις.
2343 3692 2529 3749 Εἰπὼν
2577 3692 2705 3764 γὰρ,
2741 3694 2825 3748 ὃτι
2864 3695 2911 3746 οι
2946 3692 3223 3762 προφῆται
3269 3689 3604 3809 διηκόνησέω
3626 3690 3758 3758 ἡμῖν
3900 3684 3914 3809 1

2190 3786 2255 3809 -›.
2310 3784 2412 3809 -ε-
2466 3784 2741 3809 --.-..-ι,.-
2787 3783 2947 3809 1..."...
2972 3800 2985 3809 .
3025 3782 3196 3809 _-Z__
3228 3780 3285 3809 ιλ
3319 3779 3491 3809 -ἓ¹.-....
3563 3798 3593 3809 ι.
3633 3781 3761 3809 αν.-

2186 3786 2257 3840 τὰ
2307 3784 2412 3856 τῆς
2463 3784 2741 3855 σωτηρίας
2787 3783 2947 3854 ἡμῶν
2972 3800 2985 3813 ·
3025 3782 3199 3837 ταῦτα
3227 3780 3287 3834 δὲ
3319 3779 3491 3842 οὕτως
3517 3775 3593 3849 ἦν
3633 3781 3761 3833 θαυ-

2190 3876 2393 3948 μαστὰ,
2428 3876 2503 3940 ὡς
2534 3877 2631 3929 καὶ
2674 3874 2929 3943 ἀγγέλοις
2977 3874 3216 3945 sedcura
3256 3870 3605 3941 καταστῆναι
3652 3868 3766 3938 (καὶ

2188 3964 2269 4017 ὅτι
2308 3964 2548 4033 ἐράσμιοι
2582 3964 2767 4026 αὐτοῖς
2810 3962 3006 4026 ταῦτα,
3045 3960 3244 4026 ἔδειξεν
3274 3962 3369 4030 ἀφ’
3394 3956 3469 4014 ὧν
3510 3963 3583 4013 ὲκ
3611 3976 3767 4030 περια

2190 4055 2417 4125 χαρείας
2439 4057 2497 4108 ὲν
2529 4056 2594 4125 τῇ
2625 4055 2877 4124 γεννήσει
2910 4053 3172 4126 Χριστοῦ,
3204 4053 3287 4120 τὸ,
3329 4071 3349 4105 ι
3376 4046 3609 4119 Δόξαὶν
3650 4050 3770 4121 ὑψί-

2194 4162 2337 4209 στοις
2366 4145 2503 4216 Θεῷ,
2533 4163 2554 4198 ι
2587 4143 2936 4216 ὲμελῴδουν)
2963 4160 2977 4176 ο
3008 4145 3179 4200 εἰπὼν
3214 4141 3308 4199 οὖν
3339 4144 3534 4207 ταῦτα,
3569 4144 3776 4211 ἐπάγει

2189 4236 2396 4289 τούτων
2439 4233 2501 4288 τὸ
2544 4236 2738 4301 αἴτιον,
2790 4235 2883 4288 καί
2935 4251 3136 4304 φησιν·
3178 4235 3333 4288 Ἐπεὶ
3359 4231 3456 4288 οὖν
3485 4233 3678 4288 ταῦτα
3707 4232 3773 4284 τὰ

512 4317 639 4371 dum
674 4334 687 4369 :
723 4317 985 4370 Siuostra
1031 4316 1290 4371 omnibus
1340 4316 1557 4387 (nempe
1610 4334 1719 4374 non
1754 4325 1930 4376 solum
1988 4322 2080 4376 ho-

2190 4326 2441 4398 ὴμέτερα
2483 4330 2649 4380 πᾶσιν
2692 4327 2955 4398 ἑράσμια,
2982 4328 3044 4381 οὐ
3076 4329 3237 4398 μόνον
3268 4327 3610 4399 ἀνθρώποις,
3643 4326 3779 4380 ἀλλὰ

518 4408 776 4469 minibus.
808 4408 904 4461 sed
935 4408 1100 4461 etiam
1154 4407 1388 4479 angelis)
1438 4409 1691 4464 amabilia
1743 4420 1892 4479 sunt,
1924 4413 2087 4483 igitur

516 4509 571 4554 et
604 4515 702 4555 vos
734 4499 877 4553 haud
913 4514 1111 4570 segnes
1139 4508 1193 4554 et
1238 4500 1456 4566 incurii,
1490 4502 1584 4557 sed
1614 4501 1804 4558 fervidi
1837 4511 1894 4561 et
1917 4505 2087 4564 fortes

513 4608 638 4648 esse
672 4593 904 4647 debetis.
960 4592 1075 4647 Hoc
1115 4592 1259 4646 enim
1296 4592 1739 4663 significatillud,
1804 4614 1825 4647 ι
1864 4598 2087 4666 praecin.

515 4684 590 4738 cti
625 4684 867 4737 lumbos:
898 4703 917 4736 ι
950 4683 1095 4755 quod
1128 4682 1292 4739 etiam
1322 4684 1426 4739 Job
1449 4686 1503 4740 in
1528 4688 1796 4743 mandatis
1821 4690 2031 4760 accepit
2056 4705 2087 4743 a

515 4774 647 4828 Deo.
688 4772 841 4839 Quod
898 4783 1075 4829 autem
1141 4773 1355 4830 lumbos
1377 4776 1654 4844 praecincti
1695 4790 1817 4832 esse
1885 4777 2081 4833 debea-

518 4881 661 4929 mus,
695 4862 954 4935 patefacit
980 4863 1188 4919 addens
1224 4882 1238 4917 :
1275 4882 1293 4916 ι
1330 4865 1530 4920 mentis
1557 4874 1775 4921 vestrae.
1804 4884 1824 4918 ι
1878 4867 1956 4921 Ita
1985 4868 2089 4938 igi-

517 4966 607 5012 tur
636 4955 961 5026 comparati,
984 4963 1036 5009 et
1071 4972 1090 5006 ι
1123 4956 1315 5023 sobrii,
1337 4955 1577 5026 perfecte
1612 4966 1829 5027 sperate
1862 4952 1914 5013 id
1943 4959 2087 5028 quod

517 5048 669 5102 vobis
699 5046 1059 5116 promittitur,
1131 5046 1427 5116 gaudium;
1479 5066 1498 5098 ι
1535 5048 1679 5117 quod
1708 5057 1793 5103 est
1832 5048 1984 5112 illud,
2021 5048 2089 5104 de

515 5154 624 5211 quo
653 5142 817 5209 paulo
851 5148 976 5194 ante
1008 5139 1338 5194 mentionem
1365 5138 1516 5205 facit,
1550 5155 1746 5211 nempe
1778 5140 2084 5196 habendum

515 5233 570 5287 in
598 5234 837 5287 secundo
860 5231 1064 5285 (lin-isti
1092 5230 1349 5286 adventu.

624 5386 688 5417 ἰ’
731 5383 865 5438 an.
904 5398 963 5448 ll,
986 5384 1072 5438 Μ.

2194 4422 2288 4474 καὶ
2320 4419 2593 4487 ἀγγέλοις,
2626 4420 2758 4488 μηδὲ
2784 4402 2943 4489 ὑμεΐς
2971 4419 3192 4490 ἀμελῶς
3222 4419 3361 4490 πρὸς
3385 4417 3563 4473 ταῦτα
3592 4420 3777 4473 διατε-

2192 4511 2346 4581 θῆτε,
2413 4510 2548 4563 ἀλλά
2634 4512 3003 4574 συντείναντες
3059 4511 3304 4576 ἑαυτοὺς,
3354 4512 3452 4566 καὶ
3494 4511 3781 4582 ἀνδρικῶς

2191 4601 2531 4663 διατεθέντες
2564 4601 2759 4671 (τοῦτο
2803 4602 2913 4672 γὰρ
2967 4602 3122 4672 δηλοί
3161 4601 3252 4656 διὰ
3285 4600 3405 4665 τοῦ,
3448 4602 3782 4666 ’Δναζώσαο

2195 4694 2287 4746 σθε
2328 4711 2346 4745 ι
2377 4693 2474 4756 τὰς
2498 4693 2705 4760 ὀσφύας
2725 4713 2738 4724 ·
2766 4712 2783 4744 ο
2820 4694 2849 4747 ὃ
2872 4694 2966 4748 καὶ
3006 4694 3128 4747 Ἰὼϐ
3155 4695 3566 4766 προστάσσεται
3628 4697 3788 4762 παρὰ

2191 4783 2287 4836 τοῦ
2319 4783 2487 4837 Θεοῦ·
2529 4783 2735 4852 ὀσφύας
2758 4784 2815 4837 δὲ
2842 4784 3013 4849 τινας,
3034 4786 3333 4855 ἐσήμανεν,
3366 4785 3448 4838 ὃτι
3492 4784 3606 4847 τὰς
3644 4803 3664 4835 α
3689 4785 3788 4851 τῆς

2193 4875 2431 4938 διανοίας
2457 4893 2475 4927 ι
2517 4876 2702 4944 λέγει)
2731 4894 2743 4906 ·
2777 4875 2952 4937 οὕτως
2979 4876 3074 4929 οὖν
3116 4876 3661 4946 παρεσκευασμένοι
3694 4874 3795 4929 καὶ

2203 4968 2528 5037 «νήφοντες,
2576 4967 2800 5032 τελείως
2863 4966 3124 5021 ἐλπίσατε
3166 4970 3260 5020 ἐπὶ
3308 4966 3407 5037 τὴν
3452 4967 3795 5037 φερομένην

2195 5058 2324 5128 ὑμῖν
2371 5059 2565 5128 χαράν.
2593 5078 2618 5109 ι
2672 5057 2818 5127 Abt!)
2852 5057 2910 5111 δέ
2942 5060 3107 5124 ἔστιν,
3138 5059 3206 5129 ἢν
3236 5057 3332 5111 καὶ
3383 5058 3491 5128 πρὸ
3533 5058 3797 5129 βραχέος

2193 5149 2353 5220 φησὶ,
2383 5141 2526 5203 καίτά
2557 5150 2655 5219 τὴν
2680 5149 2942 5220 δευτέραν
2970 5149 3065 5204 τοῦ
3090 5148 3297 5220 Κυρίου
3329 5149 3688 5220 παρουσίαν.

1729 5513 2036 5578 Bonifacii
2071 5515 2301 5578 Finetti
2342 5520 2531 5577 notae.

588 5599 666 5669 (l)
700 5597 858 5668 Vulg.
899 5615 1076 5667 quem.
