4020 6214
397 356 533 420 ιειοι

1120 353 1523 416 EXPOSITIO
1560 352 1644 414 IN
1682 352 1922 415 EPIST.
1959 355 1988 414 Ι
2030 353 2091 414 S.
2117 350 2367 413 PETRI.
2405 375 2474 386 —
2502 351 2659 411 CAP.
2696 350 2745 409 Ῑ.

3509 352 3650 416 12‘2

464 468 599 523 ιΔιὸ
649 468 1062 540 ἀναζωσάμενοι
1138 468 1238 531 τὰς
1309 464 1517 536 ὀσφύας
1570 466 1670 533 τῆς
1728 464 1965 528 διανοίας

2143 462 2310 520 νειιε.
2345 464 2529 518 15-16.
2592 482 2610 515 ι
2673 462 2905 535 Propter
2942 465 3086 534 quod
3131 466 3396 520 succincti
3432 472 3643 522 hunth

388 560 566 630 ὐμῶν,
604 560 890 630 νήφοντες,
920 559 1143 623 τελείως
1174 558 1433 612 ἐλπίσατε
1474 557 1565 610 ἐπὶ
1598 557 1695 627 τὴν
1724 555 1985 628 φερομέπ

387 669 486 719 νην
522 652 649 720 ὑμῖν
678 652 836 722 χάριν
867 652 925 704 ἑν
957 649 1303 718 ἀποκαλύψει
1349 647 1529 718 Ἰησοῦ
1580 646 1823 718 Χριστοῦ
1846 664 1858 677 ·
1889 646 1964 710 ὡς

390 743 556 797 τέκνα
589 744 861 813 ὑπακοῆς,
898 744 973 814 μὴ
1009 742 1553 813 συσχηματιζόμενοι
1593 743 1713 803 ταῖς
1760 740 1962 809 πρότε-

394 853 487 906 ρον
514 838 572 889 ὲν
598 840 662 908 τῇ
702 836 895 907 ἀγνοίᾳ
924 835 1079 906 ὑμῶν
1110 834 1432 906 ιπιθυμίαις
1459 851 1477 865 ⁸
1512 834 1650 888 ἀλλά
1681 833 1826 886 κατά
1873 834 1965 886 τὸν

393 925 698 980 καλέσαντα
722 926 865 997 ὑμᾶς
899 926 1233 993 ’Ᾱγιον,καὶ
1290 924 1446 978 αὐτοὶ
1502 924 1649 990 ἀγιοι
1702 925 1760 976 ὲν
1817 922 1965 992 πάσῃ

389 1018 703 1088 ἀναστροφῇ
736 1016 1027 1089 γενήθητε.
1059 1016 1205 1071 Διότι
1235 1016 1547 1087 γέγραπται
1568 1032 1584 1048 ο
1607 1014 1791 1083 Ἀγιοι
1819 1014 1965 1084 γίνε-

401 1108 522 1174 σθε,
573 1110 657 1162 ὅτι
707 1108 835 1179 ὲγὼς
872 1108 1029 1179 ἀγιός
1072 1109 1260 1179 είμιυι
1318 1104 1803 1178 Συσχηματισμδν,
1866 1105 1967 1176 τὴν

394 1196 817 1265 συμπεριφορὰν
852 1196 952 1266 τὴν
991 1195 1129 1267 πρὸς
1169 1195 1240 1249 τὰ
1271 1194 1576 1267 πράγματα
1626 1195 1695 1248 τὰ
1724 1194 1969 1265 παρόντα

391 1281 541 1352 λέγει
568 1300 584 1315 ·
630 1283 661 1338 ὅ
700 1301 845 1347 τινες
899 1284 1009 1337 τῶν
1053 1285 1301 1355 ἀνοήτων
1351 1283 1471 1357 [καὶ
1506 1282 1627 1355 νῦν]
1667 1300 1853 1352 φασιν,
1884 1284 1967 1338 ὅτι

306 1412 325 1437 ,
392 1373 645 1443 πρδς’τά
689 1374 992 1444 πράγματα
1043 1372 1179 1446 [δεῖ]
1236 1373 1589 1443 διαγίνεσθαι.
1652 1372 1824 1428 Τοῦτο
1877 1372 1971 1427 οὖν

394 1466 576 1529 ἐᾶσαι,
622 1466 700 1531 ὡς
750 1467 1001 1538 μάταιον,
1057 1465 1345 1539 [κελεύει,]
1376 1468 1488 1520 εἴτε
1522 1467 1582 1520 ὲν
1608 1466 1830 1535 γνώσει,
1861 1466 1969 1520 εἴτε

393 1556 490 1611 καὶ
545 1558 642 1612 «ιν
698 1558 933 1629 ἀγνοίᾳ»
978 1556 1157 1628 ταύτῃ
1205 1557 1313 1627 πρὸ
1353 1557 1546 1611 τούτου
1578 1557 1969 1629 ινεσχέθησαν.

396 1663 423 1703 ι
458 1646 614 1703 Ἀλλά
644 1666 664 1700 ι
700 1647 816 1713 νῦν,
844 1646 1061 1720 [λέγω]
1091 1647 1168 1715 τῷ
1196 1648 1489 1702 καλέσαντι
1522 1666 1543 1700 ι
1568 1646 1972 1718 συσχηματιζό-

396 1736 571 1803 pavet,
600 1752 619 1786 ι
669 1734 833 1806 Ἃγίῳ
859 1734 997 1798 ῠντι,
1032 1753 1051 1786 ι
1079 1736 1226 1803 ἀγιοι
1253 1737 1349 1789 καὶ
1377 1736 1533 1790 αὐτοὶ
1572 1737 1809 1805 γίνεσθε.
1837 1756 1857 1790 ι

2073 559 2274 613 mentis
2309 567 2523 625 vestrae,
2558 557 2726 611 sobrii
2762 564 2979 627 sperate
3015 558 3068 611 in
3104 571 3385 627 eam,qu:c
3415 558 3645 613 oll‘ertur

2069 653 2247 716 vobis,
2309 652 2564 722 gratiam,
2623 653 2677 706 in
2711 651 3099 708 revelationem
3154 651 3284 706 .lesu
3359 652 3563 707 Christi
3615 670 3631 709 :

2068 745 2225 815 quasi
2263 744 2359 798 lilii
2421 745 2769 808 obedientia',
2820 759 2927 798 non
2982 742 3311 811 conligurati
3364 744 3645 813 prioribus

2072 837 2395 907 ignorantiae
2432 845 2630 893 vestrm
2668 836 2981 892 desideriis.
3035 834 3141 890 Sed
3177 834 3475 890 secundum
3521 852 3645 889 eum

2071 930 2160 997 qui
2188 930 2401 984 vocavit
2429 944 2547 993 vos,
2582 927 2868 991 Sanctum,
2915 935 2970 983 et
3010 927 3113 997 ipsi
3149 927 3204 981 in
3232 927 3380 981 omni
3415 942 3645 982 conver-

2072 1019 2288 1074 satione
2318 1022 2491 1074 sancti
2521 1020 2661 1076 sitis.
2696 1018 2963 1086 Quoniam
2994 1019 3261 1088 scriptum
3304 1026 3388 1074 est
3421 1036 3433 1070 :
3462 1015 3645 1071 Sancti

2071 1110 2249 1176 eritis,
2274 1111 2535 1182 quoniam
2589 1126 2689 1183 ego
2745 1117 2971 1165 sanctus
3023 1125 3169 1164 sum.
3223 1129 3240 1158 ι
3305 1108 3646 1179 Conligurari

2072 1204 2163 1259 hic
2187 1212 2345 1257 vocat
2376 1204 2541 1258 rebus
2568 1203 2931 1273 praesentibus
2976 1200 3361 1267 circumferri;
3414 1210 3473 1254 ιιι
3522 1200 3647 1264 qni-

2072 1293 2194 1347 tlatn
2226 1293 2547 1362 insipientes
2569 1300 2621 1348 ct
2643 1306 2793 1347 nunc
2847 1292 3059 1352 dicunt,
3092 1297 3347 1360 oportere
3385 1289 3565 1344 sinere
3593 1306 3650 1341 sc

2074 1386 2436 1456 pra-sentibus
2468 1385 2631 1441 rebus
2679 1383 2830 1438 ferri.
2878 1381 2994 1437 Hoc
3019 1383 3224 1451 itaque,
3263 1390 3519 1449 tanquam
3557 1396 3648 1432 va-

2074 1494 2231 1541 nmn,
2254 1478 2338 1533 cui
2360 1478 2627 1533 hactenus
2668 1476 2783 1532 sive
2818 1475 3075 1535 scientes,
3100 1475 3212 1529 sive
3241 1492 3259 1523 ι
3284 1472 3597 1538 ignorantes
3627 1489 3644 1520 ι

2075 1573 2445 1637 adhaeserunt,
2490 1578 2549 1624 ut
2575 1569 2906 1639 relinquant,
2937 1565 3181 1636 prtecipit
3208 1582 3220 1617 :
3254 1582 3271 1615 ι
3299 1563 3403 1618 Sed
3424 1578 3590 1617 nunc.
3626 1582 3644 1613 ι

2078 1664 2273 1733 inquit,
2309 1682 2328 1715 ι
2389 1660 2713 1731 conﬂgurali
2753 1678 2772 1711 ι
2810 1658 2909 1722 illi,
2967 1656 3057 1726 qui
3101 1672 3225 1710 vere
3264 1655 3494 1707 Sanctus
3548 1663 3651 1711 est,

2083 1774 2103 1807 ‹
2132 1761 2185 1809 et
2218 1769 2316 1808 vos
2343 1754 2516 1807 sancti
2547 1758 2745 1806 estote.
2782 1768 2803 1799 ι

471 1842 494 1877 ι
525 1825 637 1880 Καὶ
686 1828 737 1880 εί
772 1801 997 1897 ῐῖατὲρα
1042 1801 1394 1881 ἐπικαλεῖσθε
1441 1828 1532 1881 τὸν
1573 1801 1972 1899 ἀπροσωπολή-

2088 1801 2102 1807 -
2798 1834 2863 1888 Et
2889 1837 2934 1891 si
2957 1833 3175 1888 Patrem
3211 1834 3477 1887 invocatis
3505 1849 3653 1893 eum,

394 1931 549 1978 πτως
575 1916 835 1986 κρίνοντα
865 1917 1008 1971 κατὰ
1039 1916 1102 1971 τὺ
1131 1916 1364 1971 ἑκάστου
1392 1918 1576 1989 ἔργον,
1609 1921 1668 1973 ἐν
1702 1920 1852 1990 φόϐῳ
1881 1920 1973 1973 τὸν

394 2004 496 2074 τῆς
543 2006 839 2077 παροικίας
872 2008 1028 2077 ὑμῶν
1080 2008 1272 2079 χρόνον
1317 2010 1702 2081 ἀναστράφητε
1725 2025 1741 2041 ’
1774 2010 1973 2073 εἰδότες

396 2093 480 2146 ὅτι
509 2092 571 2145 οὐ
599 2092 881 2165 φθαρτοῖς,
907 2097 1161 2168 ἀργυρίῳ
1192 2096 1225 2167 ἢ
1258 2097 1490 2168 χρυσίῳ,
1527 2098 1873 2168 ἐλυτρώθητε
1908 2101 1973 2151 εκ

394 2183 496 2253 τῆς
545 2183 785 2253 ματαίας
840 2184 995 2255 ὑμῶν
1048 2186 1538 2259 πατροπαραδότου
1597 2186 1969 2259 ἀναστροφῆς,

395 2274 535 2331 ἀλλά
571 2274 739 2346 τιμίῳ
780 2276 981 2343 αἵματι
1029 2277 1105 2340 ὡς
1144 2277 1319 2347 ἀμνοῦ
1358 2281 1450 2331 καὶ⁵
1499 2278 1658 2349 [vulg.
1716 2296 1822 2332 om.
1855 2278 1970 2350 καὶ]

396 2363 633 2435 ἀμώμου
659 2366 755 2420 καὶ
787 2368 1020 2420 ἀσπίλου
1041 2368 1303 2438 Χριστοῦ.
1334 2386 1354 2421 ι
1389 2370 1576 2422 Διττὸν
1606 2372 1639 2438 ἡ
1666 2369 1853 2438 Γραφὴ
1883 2370 1973 2421 τὸν

398 2455 565 2526 φόϐον
592 2452 699 2509 οἶδε
721 2474 736 2488 ο
768 2456 989 2527 τὸνμὲν
1016 2459 1518 2528 προκαταρκτικὸν,
1549 2460 1642 2512 τὸν
1670 2458 1727 2513 δὲ
1749 2458 1972 2511 τελειω-

397 2547 573 2602 τικόν.
616 2546 1100 2618 Προκαταρκτικὸν
1154 2550 1275 2617 μὲν,
1314 2547 1372 2611 ὃς
1424 2549 1519 2601 καὶ
1572 2547 1974 2616 στοιχειωτικός

398 2640 537 2704 ἔστι,
572 2638 665 2693 τὸν
713 2640 801 2694 sta
843 2639 1007 2707 φόϐον
1041 2640 1153 2693 τῶν
1180 2639 1589 2710 πεπραγμένων
1616 2641 1721 2690 τινῖ
1748 2639 1883 2707 πρὸς
1914 2637 1975 2689 τὸ

401 2731 701 2799 σωφρονεῖν
735 2728 1171 2800 ἐκκαλούμενον,⁸
1203 2729 1546 2787 τελειωτικδν
1565 2729 1644 2791 δὲ,
1667 2730 1755 2781 τὸν
1776 2728 1840 2800 [Ῑ.
1870 2730 1981 2801 re],

399 2822 493 2875 διὰ
536 2822 598 2875 τδ
647 2820 967 2874 τελειῶσθαι
1092 2819 1399 2894 -οὗσθαι]
1439 2822 1499 2874 ὲν
1532 2824 1601 2891 τῇ
1644 2823 1833 2893 ἀγάπῃ
1880 2823 1973 2874 τοῦ

400 2915 539 2984 πρὶς
566 2914 625 2967 δν
677 2914 827 2981 φιλία
872 2915 1149 2977 σπεύδειν,
1205 2915 1508 2983 φοϐεῖσθαι,
1548 2916 1621 2983 μή
1664 2932 1714 2967 τι
1770 2914 1976 2967 τούτων

403 3003 554 3074 αὐτῷ
590 3003 751 3065 ἐνδεῖ,
786 2998 862 3057 ῶν
885 3021 970 3067 τις
1003 3004 1067 3074 If.
1107 3003 1242 3074 τοῖς]
1284 3004 1489 3074 σφόδρα
1521 3004 1806 3070 ἀγαπῶσιν
1827 3005 1976 3071 ὀφεί-

400 3094 575 3155 λεται.
626 3094 968 3162 ’Υπόδειγμα
1005 3094 1097 3147 τοῦ
1135 3094 1376 3163 πρώτου,
1418 3093 1478 3157 ὃς
1511 3096 1605 3147 καὶ
1641 3111 1973 3164 στοιχειωτι-

401 3186 497 3249 κός
520 3184 736 3247 tamab
769 3186 829 3237 ὲν
866 3186 1118 3254 Ψαλμοῖς
1163 3186 1479 3253 εἰρημένον,
1513 3186 1595 3247 τὸ,
1643 3204 1662 3236 ι
1686 3186 1993 3255 Φοϐηθήτω

400 3276 493 3330 τὸν
517 3276 728 3347 Κύριον
754 3277 903 3328 πᾶσα
932 3278 964 3343 ἡ
1005 3275 1099 3343 γῆ,
1130 3293 1149 3324 ι
1205 3273 1352 3326 τοῦτ’
1374 3274 1542 3339 (ortv,
1566 3269 1647 3336 οἷς
1667 3275 1820 3326 οὐδὲν
1853 3278 1983 3345 μελ-

400 3370 485 3422 λει
533 3366 597 3439 [Ῑ.
648 3364 826 3438 μέλει]
864 3365 1122 3435 οὐρανίου
1171 3365 1556 3433 φρονήματος,
1607 3364 1744 3418 ἀλλά
1786 3366 1979 3435 γηῖνου

404 3456 789 3528 ματαιότητος.
821 3454 887 3504 Τί
908 3453 1014 3518 γὰρ
1035 3453 1101 3504 ἀν
1125 3453 1371 3516 πάθοιεν,
1393 3470 1415 3502 ι
1443 3452 1572 3503 ὅταν
1590 3453 1795 3521 ἀναστῇ
1815 3452 1981 3522 θραῦ-

406 3563 498 3600 σαι
543 3544 644 3615 τὴν
683 3544 825 3613 γῆν;
853 3561 873 3595 ι
902 3541 1008 3595 Τοῦ
1048 3542 1301 3609 δευτέρου
1335 3541 1414 3606 δὲ,
1457 3540 1552 3593 τοῦ
1586 3540 1979 3609 τειλειωτικοῦ,

405 3638 571 3706 λέγω,
597 3635 626 3688 ὃ
653 3635 747 3689 καὶ
774 3635 904 3687 αὐτὸ
936 3633 1087 3703 παρᾶ
1116 3633 1194 3700 τῷ
1228 3631 1392 3684 Δαϐὶδ
1431 3631 1579 3685 ἐστιν
1601 3632 1783 3703 εὑρεῖν
1817 3634 1875 3685 ἐν
1901 3629 1985 3696 οἷς

401 3730 588 3803 λέγει·
623 3745 641 3779 ι
667 3724 942 3795 Φοϐήθητε
986 3724 1080 3775 τὸν
1119 3721 1347 3793 Κύριον,
1390 3723 1597 3786 πάντες
1628 3723 1678 3775 οἱ
1706 3723 1851 3791 ἀγιοι
1885 3724 1983 3776 αὑ-
2006 3761 2025 3777 .

405 3819 523 3881 τοῦ,
539 3818 622 3871 ὅτι
651 3816 753 3869 οῦκ
776 3815 922 3867 ἐστιν
939 3816 1223 3883 ὑστέρημα
1246 3815 1357 3875 τοῖς
1382 3813 1738 3883 φοϐουμένοις
1764 3814 1979 3867 αὐτόν’»

411 3911 505 3965 καὶ
532 3909 717 3971 πάλιν,
758 3924 777 3957 ι
809 3905 868 3958 ’0
916 3905 1082 3973 φόϐος
1131 3888 1361 3973 Κυρὶου,
1393 3903 1577 3971 ἁγνὸς,
1606 3892 1877 3973 διαμένων
1906 3907 1984 3969 είς

410 3999 582 4056 αἰῶνα
623 3998 837 4060 αἰῶνος.
868 4014 887 4048 ι
941 3995 1099 4050 Κατά
1133 3994 1322 4047 τοῦτον
1353 3992 1444 4046 οῦν
1494 3992 1586 4045 τὸν
1643 3992 1986 4046 τελειωτικδν

408 4097 578 4167 φόϐον
606 4094 701 4147 καὶ
732 4092 938 4163 Πέτρος
982 4087 1295 4160 παρακαλεῖ
1336 4085 1431 4141 νῦν
1475 4085 1810 4141 διατίθεσθαι
1862 4087 1987 4147 τοὺς

413 4181 691 4253 ὑπηκόους
737 4177 910 4248 αὐτῷ,
972 4178 1222 4247 φάσκων,
1270 4175 1345 4239 ὡς
1380 4174 1536 4228 Ἐπεὶ
1599 4176 1671 4229 δι’
1707 4174 1988 4247 οίκτιρμὸν

415 4277 619 4344 ἄφατον
652 4270 744 4325 τοῦ
778 4269 1141 4339 πεποιηκότος
1192 4268 1327 4321 Θεοῦ
1363 4270 1443 4331 είς
1477 4268 1628 4328 υίοῦς
1690 4268 1857 4321 αὐτοῦ
1895 4268 1986 4320 ἀνι-

408 4364 706 4433 «λὴφθητε,
749 4363 778 4415 δ
828 4360 991 4431 φόϐος
1020 4362 1150 4431 ὑμῖν
1193 4354 1351 4423 οὗτος
1396 4360 1781 4432 συμπάρεδρος
1826 4358 1986 4420 ἔστω,

415 4457 491 4515 ὡς
540 4455 602 4518 ἐξ
648 4455 868 4523 ἀγάπης
922 4454 1081 4523 ὑμεῖς
1130 4451 1225 4504 τοῦ
1277 4452 1638 4521 πεποιηκότος
1687 4452 1987 4521 γενόμενοι,

2080 1934 2171 2004 qui
2204 1936 2323 1989 sine
2354 1930 2673 1999 acceptione
2702 1941 3066 1998 personarum
3112 1925 3322 1994 jttdicat
3354 1924 3650 1978 secundum

2081 2024 2518 2092 uniuscujusque
2546 2034 2709 2090 opus,
2765 2020 2821 2073 in
2884 2018 3083 2071 timore
3143 2015 3414 2071 incolatus
3485 2012 3655 2064 vestri

2078 2123 2322 2182 tempore
2353 2110 2781 2173 conversantini,
2842 2108 3084 2162 scientes
3116 2104 3260 2174 quod
3290 2118 3398 2157 non
3467 2116 3661 2157 corru-

2080 2206 2359 2274 ptibililms
2392 2217 2527 2254 auro
2555 2201 2639 2255 vel
2673 2209 2898 2267 argento
2926 2196 3190 2263 redempti
3237 2194 3392 2259 estis,
3426 2193 3494 2246 de
3518 2206 3655 2246 vana

2080 2302 2258 2347 vestra
2287 2292 2704 2345 conversatione
2756 2295 2996 2357 paterna:
3025 2283 3361 2349 traditionis,
3411 2282 3504 2339 sed
3538 2296 3653 2349 pre-

2082 2387 2225 2438 tioso
2249 2385 2523 2453 sanguine
2570 2380 2734 2450 quasi
2773 2377 2902 2448 agni
2951 2375 3287 2432 immacttlati
3365 2373 3568 2428 Christi
3607 2384 3660 2425 ct

2084 2473 2524 2529 imnntaminati.
2569 2490 2589 2524 ι
2628 2470 2907 2540 Duplicem
2967 2470 3219 2523 timorem
3273 2464 3423 2519 novit
3467 2463 3654 2521 Seriu-

2082 2577 2205 2619 tura
2255 2584 2268 2618 :
2332 2565 2661 2619 initiativum
2714 2576 2918 2627 unum,
2998 2559 3224 2613 alterum
3284 2554 3657 2626 perfectivum.

2085 2658 2413 2720 lnitiativus,
2445 2657 2536 2724 qui
2596 2663 2650 2710 et
2707 2651 3081 2712 elementaris,
3135 2656 3222 2703 est
3275 2662 3383 2711 quo
3420 2645 3547 2713 quis
3598 2660 3661 2697 ιιιι

2083 2748 2330 2809 improha
2354 2746 2419 2798 ad
2449 2746 2730 2798 honestam
2764 2743 2928 2793 vitam
2956 2744 3277 2791 revocatur:
3310 2731 3662 2803 pcrl‘ectivus,

2084 2854 2191 2904 qnu
2220 2838 2363 2902 quis,
2392 2842 2678 2901 propterea
2718 2832 2863 2896 qtmd
2900 2830 2954 2883 in
2987 2829 3134 2894 ejus,
3161 2825 3322 2893 cujus
3406 2821 3667 2876 amicitiae

2082 2928 2290 2992 studet,
2353 2942 2539 2983 amore
2598 2923 2900 2994 perficitur,
2965 2920 3113 2973 timet
3182 2932 3251 2971 ne
3305 2914 3380 2969 illi
3460 2912 3663 2980 aliquid

2085 3038 2271 3074 eorum
2339 3019 2505 3080 desit,
2598 3031 2718 3085 qua:
2790 3014 2915 3081 quis
2995 3011 3241 3081 inpense
3314 3004 3669 3075 diligentibus

2086 3111 2269 3163 debet.
2302 3109 2617 3177 Exemplum
2653 3105 2834 3176 primi,
2879 3118 2974 3157 seu
3024 3096 3391 3155 elementaris,
3418 3104 3501 3147 est
3535 3092 3666 3144 illud

2085 3201 2312 3267 quodin
2377 3197 2610 3252 Psalmis
2673 3194 2917 3249 dicitur:
2987 3208 3005 3241 ι
3085 3187 3302 3241 Timeat
3380 3181 3670 3236 Dominum

2082 3290 2264 3345 omnis
2315 3297 2488 3349 terra,
2546 3304 2564 3337 ο
2624 3286 2726 3338 hoc
2754 3290 2836 3337 est
2865 3282 2924 3342 ii,
2987 3280 3080 3347 qui
3140 3276 3342 3329 nullam
3431 3269 3673 3327 ccelestis

2094 3380 2402 3449 sapientia',
2445 3377 2538 3433 sed
2624 3374 2796 3430 solius
2874 3380 3108 3425 terrente
3171 3365 3429 3418 vanitatis
3483 3374 3671 3415 curam

2085 3473 2322 3526 habent:
2353 3467 2484 3536 quid
2521 3466 2668 3520 enim
2702 3463 2787 3516 bis
2819 3462 3054 3522 eveniet,
3120 3475 3138 3508 ι
3194 3470 3317 3508 eum
3355 3450 3667 3507 surrexerit

2086 3561 2351 3614 Dominus
2400 3562 2687 3627 percutere
2734 3562 2932 3605 terram
2964 3549 3057 3603 ιιι
3103 3568 3121 3600 ι
3174 3546 3416 3601 Alterius
3508 3544 3673 3597 etiam

2085 3649 2393 3717 exemplum
2451 3644 2595 3715 apud
2656 3642 2820 3695 David
2876 3640 3125 3708 reper'r:
3206 3646 3325 3699 est,
3380 3635 3472 3689 ubi
3526 3634 3601 3686 ait
3654 3650 3673 3686 :

2092 3759 2126 3791 ι.
2157 3739 2367 3792 Timete
2415 3733 2702 3787 Dominum
2760 3743 2954 3783 omnes
2996 3728 3171 3781 sancti
3214 3727 3356 3795 eius,
3409 3724 3670 3795 quoniam

2087 3846 2195 3885 non
2247 3837 2330 3883 est
2384 3825 2564 3895 inopia
2616 3822 2934 3877 timentibus
2968 3833 3093 3873 eum
3125 3818 3201 3881 ¹³;
3236 3836 3255 3868 ι
3310 3826 3364 3873 et
3408 3831 3601 3869 rursus
3655 3850 3672 3887 ε

2094 3939 2113 3971 ι
2150 3918 2337 3972 Timor
2372 3915 2606 3977 Domini,
2636 3922 2858 3967 sanctus
2923 3923 3248 3981 permanens
3302 3907 3356 3960 in
3412 3907 3671 3960 smculmn

2089 4009 2358 4066 saaculi“.
2386 4007 2627 4061 iPetrus
2671 4005 2857 4074 itaque
2905 4003 3161 4057 hortatur
3207 3998 3507 4068 discipulos
3544 4012 3673 4050 suos
3738 3986 3752 3998 ’

2089 4110 2149 4156 ιιι
2180 4101 2324 4155 hunc
2358 4098 2718 4169 perfectivum
2780 4095 3035 4148 timorem
3084 4093 3138 4145 in
3177 4090 3347 4145 corde
3409 4087 3673 4147 habeant,

2089 4192 2329 4249 dicens:
2379 4188 2652 4256 Quoniam
2710 4202 2809 4257 per
2875 4181 3204 4237 ineﬂ‘abilem
3262 4180 3357 4235 Dei
3409 4177 3676 4233 creatoris

2090 4279 2528 4338 misericordiam
2564 4280 2620 4333 in
2646 4277 2787 4332 lllios
2819 4275 2995 4344 ipsius
3027 4271 3296 4340 assumpti
3326 4266 3481 4334 estis,
3514 4270 3679 4321 timor

2093 4374 2194 4428 iste
2219 4385 2438 4440 semper
2467 4368 2754 4423 vobiscum
2817 4362 3081 4428 assideat,
3147 4367 3338 4429 utpote
3380 4357 3471 4427 qui
3534 4357 3676 4410 tales

2096 4461 2274 4519 ell'ecti
2299 4461 2434 4515 estis
2458 4474 2521 4512 ex
2579 4455 2673 4511 Dei
2736 4453 3094 4523 benignitate,
3128 4466 3240 4505 non
3286 4465 3351 4503 ex
3411 4446 3677 4515 operibus
3735 4466 3740 4470 ·

420 4546 514 4598 καὶ
544 4544 646 4597 οὐκ
680 4545 738 4610 ἐξ
787 4543 988 4614 ἔργων.
1034 4542 1127 4595 Ἐκ
1156 4542 1368 4597 πολλῶν
1397 4543 1454 4596 δὲ
1487 4541 1856 4612 ποιησάμενος
1894 4542 1992 4612 τὴν

2096 4554 2312 4609 vestris.
2347 4551 2422 4606 Ex
2453 4549 2641 4604 multis
2670 4546 2835 4616 igitur
2864 4542 3302 4598 adhortationem
3352 4553 3506 4591 suam
3542 4551 3676 4589 con-

423 4634 773 4708 παράκλησιν
806 4635 1048 4706 (πρῶτον
1078 4635 1167 4687 διὰ
1204 4635 1313 4687 τῶν
1365 4633 1780 4707 ἐπιθυμητικῶν
1804 4618 1893 4706 ’[Ῑ.
1927 4666 1989 4674 -

422 4726 584 4798 κῶς]
690 4727 828 4795 πρὸς
902 4724 1042 4778 αὐτὰ
1093 4719 1451 4795 διακειμένων
1521 4724 1809 4793 ἀγγέλων,
1876 4722 1994 4777 εἶτα

422 4820 532 4873 ἀπὸ
584 4818 679 4871 τοῦ
729 4816 1029 4888 Γραφικοῦ,
1059 4812 1175 4870 εἷτα
1205 4817 1312 4869 ἀπὸ
1352 4816 1446 4869 τοῦ
1499 4817 1798 4883 ἀναγκαίου
1830 4831 1844 4845 ⁸
1879 4818 1998 4869 ἐπεὶ

422 4908 534 4981 γὰρ
554 4907 645 4962 τὸν
676 4907 806 4961 Θεὸν
829 4906 1217 4959 ἐπικαλοῦνται
1244 4905 1484 4975 Πατέρα,
1512 4906 1726 4974 ἀνάγκη
1757 4905 1847 4958 τὸν
1878 4907 1998 4959 ἐπι-

423 4999 703 5071 θυμοῦντα
748 4999 1026 5052 υἱοθεσίαν
1078 4997 1143 5070 [Ῑ.
1178 4996 1377 5068 -αςῖ,
1440 4996 1567 5062 ἀξια
1629 4996 1723 5050 τοῦ
1784 4998 1996 5068 Πατρδς

426 5093 600 5144 ποιεῖν
625 5106 641 5121 ⁸
690 5091 785 5145 καὶ
829 5090 1109 5159 τέταρτον,
1140 5089 1223 5142 ὅτι
1272 5087 1443 5157 μυρία
1471 5086 1660 5141 ἔλαϐον
1700 5087 1882 5154 ἀγαθά
1911 5088 1996 5142 διὰ

425 5181 521 5235 τοῦ
570 5181 1001 5252 καταϐληθέντος
1050 5183 1187 5255 ὑπὲρ
1232 5182 1411 5236 αὐτῶν
1443 5182 1755 5252 τιμήματος
1790 5200 1802 5214 ·
1840 5181 1997 5236 τοῦτο

424 5273 483 5327 δέ
512 5275 628 5327 ἐστι
660 5273 721 5325 τὸ
744 5273 836 5325 τοῦ
863 5272 1099 5342 Χριστοῦ
1132 5268 1290 5342 αἷμα,
1322 5274 1458 5341 ὅπερ
1490 5273 1807 5343 ἀντίλυτρον
1840 5274 1993 5343 ἐδόθη

425 5365 537 5424 τῶν
586 5364 872 5437 ἁμαρτιῶν
922 5365 1029 5416 τῶν
1082 5363 1456 5433 ἀνθρώπων)·
1507 5362 1715 5416 κελεύει
1769 5361 1862 5415 οῦν
1909 5365 1997 5418 διὰ

426 5455 599 5513 ταῦτα
626 5456 717 5508 τὸν
761 5453 953 5529 χρόνον
982 5453 1154 5511 πάντα
1183 5451 1277 5504 τοῦ
1316 5452 1416 5521 ζῇν
1450 5452 1700 5503 σύνοικον
1730 5450 1874 5519 ἔχειν
1904 5453 1994 5504 τὸν

428 5544 592 5614 φόϐον
641 5545 733 5598 τὸν
786 5544 1148 5599 τελειωτικόν.
1176 5542 1344 5606 Φόϐος
1371 5541 1480 5611 γὰρ
1510 5541 1597 5594 ἀεὶ
1638 5543 1749 5603 τοῖς
1778 5543 1996 5592 τελειω-

508 5727 550 5761 ⁸³
577 5724 695 5785 Ιδὶιι
718 5738 775 5783 tt.
814 5723 899 5782 l9.
922 5723 1009 5777 2|.

2099 4646 2213 4701 llcit
2267 4643 2568 4713 apostolus.
2621 4637 2846 4705 Nempe,
2914 4633 3116 4704 primo,
3148 4647 3211 4685 ex
3243 4628 3537 4690 desiderio,
3570 4641 3679 4695 quo

2097 4750 2225 4805 erga
2248 4748 2312 4789 ea
2343 4733 2559 4803 ipsitnet
2584 4728 2758 4797 angeli
2789 4729 3038 4780 feruntur
3061 4762 3077 4789 ,
3106 4720 3348 4778 secundo
3372 4763 3387 4786 ,
3415 4735 3479 4774 ex
3530 4716 3679 4771 Scri-

2102 4832 2255 4893 ptura
2283 4842 2299 4892 ;
2338 4823 2523 4888 tertio,
2542 4836 2607 4877 ex
2640 4817 2971 4875 necessitate
3005 4832 3019 4868 :
3059 4811 3499 4886 quandoquidem
3532 4807 3675 4863 enim

2104 4916 2270 4969 Deum
2301 4914 2515 4969 Patrem
2548 4912 2840 4982 appellant,
2876 4921 3100 4963 necesse
3129 4916 3215 4961 est
3273 4914 3332 4959 ut
3362 4903 3453 4971 qui
3490 4899 3677 4952 aﬂilia-

2100 4998 2304 5058 tionem
2387 5001 2719 5062 desiderant,
2747 4996 2909 5069 digna
2959 5001 3115 5049 tanto
3148 4995 3310 5047 Patre
3349 4992 3675 5057 operentur;

2104 5102 2299 5160 quarto
2343 5093 2585 5155 demum,
2627 5090 2885 5161 quoniam
2940 5088 3228 5141 innumera
3257 5082 3395 5133 bona
3426 5091 3674 5145 percepe-

2105 5194 2232 5239 runt
2260 5201 2325 5239 ex
2354 5184 2527 5255 pretio
2556 5198 2653 5254 pro
2680 5182 2812 5250 ipsis
2835 5179 3113 5250 persoluto
3134 5193 3148 5228 :
3168 5171 3314 5241 quod
3345 5178 3432 5222 est
3457 5165 3678 5233 sanguis

2102 5275 2325 5337 Christi,
2366 5275 2456 5343 qui
2487 5274 2647 5326 datus
2679 5279 2763 5326 est
2793 5273 2845 5324 in
2874 5268 3108 5339 pretium
3145 5257 3539 5325 redemptionis
3577 5271 3679 5322 pro

2108 5365 2345 5435 peccatis
2376 5364 2680 5417 hominum.
2709 5363 2813 5416 l‘er
2845 5362 2957 5413 hate
2981 5356 3149 5425 igitur
3187 5350 3368 5403 onmia
3404 5350 3671 5419 prmcipit,

2105 5463 2165 5508 ut
2201 5462 2313 5507 toto
2344 5452 2465 5507 vitae
2517 5464 2758 5519 tempore
2815 5442 3173 5516 perfectivnm
3217 5439 3361 5493 hunc
3426 5436 3681 5491 timorem

2110 5544 2346 5598 habeant
2382 5560 2393 5595 :
2424 5544 2590 5597 timor
2615 5540 2758 5595 enim
2784 5543 3080 5607 perpetuus
3109 5539 3194 5589 est
3229 5527 3483 5597 perfectis
3511 5528 3682 5581 homi-

1092 5724 1133 5753 ³³
1164 5720 1305 5776 Psal.
1338 5734 1527 5783 χχχιιι,
1572 5720 1652 5772 Ill.
1738 5719 1779 5750 "’
1814 5717 1954 5771 l‘sal.
1994 5735 2147 5780 xvnz,
2187 5718 2268 5769 l0.

3454 5806 3545 5843 “"t
