4020 6214
383 404 518 469 1⁸205

1205 405 1606 465 EXPOSITIO
1641 403 1719 465 1N
1757 403 1995 465 EPIST.
2024 405 2049 462 Ι
2074 404 2405 464 S.PETR[.
2449 428 2520 438 -
2543 403 2704 463 CAP.
2735 403 2820 464 II.

3489 405 3634 470 1206

379 532 495 579 τον,
531 517 594 568 ἐκ
629 515 870 584 καθαρᾶς
905 511 1132 582 καρδίας
1165 515 1424 584 ἀλλήλους
1445 517 1768 583 ἀγαπήσατε
1799 516 1953 566 ὲκτε-
1985 545 1996 574 λ

2081 514 2205 575 ilici,
2235 529 2300 566 cx
2337 511 2413 582 (2)
2461 513 2626 568 corde
2683 512 2912 567 invicem
2971 498 3180 582 diligite
3227 513 3472 583 impense
3525 521 3628 587 (5).

385 607 526 668 νῶς⁶
579 603 1089 672 ἀναγεγεννημένοι.
1144 605 1243 656 οὐκ
1299 607 1364 659 ἐκ
1414 609 1626 675 σπορᾶς
1682 605 1950 675 φθαρτῆς,

385 697 524 752 ἀλλὰ
552 695 855 768 ἀφθάρτου,
897 696 982 750 διὰ
1038 697 1198 765 λόγου
1227 695 1426 760 ζῶντος
1453 697 1610 761 Θεοῦ,
1647 698 1738 750 καὶ
1767 696 1952 766 μένον-

385 808 478 853 τος
511 791 590 852 είς
629 789 720 842 τὸν
760 788 951 843 αίῶνα.
1002 787 1145 842 Διότι
1195 792 1344 842 πᾶσα
1407 789 1542 856 σὰρξ
1595 789 1810 857 χόρτος,
1861 788 1956 841 καὶ

387 884 539 935 πᾶσα
591 880 718 946 δόξα
758 880 930 948 αὐτῆς
975 880 1051 945 ὡς
1105 881 1264 943 ἄνθος
1314 881 1528 950 χόρτου.
1576 879 1878 950 Ἐξηράνθη
1929 881 1958 931 ὁ

390 973 607 1043 χόρτος,
649 973 740 1025 καὶ
768 970 831 1024 rb
861 971 1018 1035 ἄνθος
1057 972 1278 1037 ἐξέπεσε
1303 989 1319 1004 ο
1345 974 1407 1026 τὸ
1429 973 1487 1026 δὲ
1518 973 1672 1044 ῥῆμα
1703 972 1796 1025 τοῦ
1821 971 1955 1025 Θεοῦ

395 1065 546 1132 μένει
580 1065 662 1128 είς
689 1065 779 1117 τὸν
817 1065 1018 1118 αίῶναο
1053 1065 1212 1118 τοῦτο
1239 1066 1432 1119 δέέστι
1480 1066 1541 1118 rb
1573 1063 1958 1132 εὐαγγελισθὲν

393 1156 471 1215 εἰς
497 1156 662 1223 ὑμᾶς.
688 1173 704 1206 ι
737 1155 946 1220 Εἰπὼν,
981 1176 997 1206 ι
1021 1157 1566 1226 Ἀναγεγεννημένοι,
1593 1157 1693 1209 οὐκ
1729 1159 1791 1209 ὲκ
1822 1173 1958 1208 σπο-

395 1250 497 1317 ρᾶς
529 1249 796 1318 φθαρτῆς.
851 1251 986 1305 ἀλλὰ
1035 1251 1337 1319 ἀφθάρτου,
1397 1251 1485 1306 διὰ
1553 1250 1714 1318 λόγου
1761 1251 1960 1314 ζῶντος

391 1340 549 1404 θεοῦ,
579 1340 672 1392 καὶ
721 1341 972 1409 μένοντος
1024 1345 1102 1405 είς
1165 1342 1256 1396 τὸν
1297 1343 1488 1400 αἰῶνα.
1521 1362 1538 1395 ι
1598 1342 1960 1413 παρατίθησιν

393 1430 823 1494 ἐξουδενωτικῶς
867 1434 962 1486 καὶ
1006 1436 1067 1487 rb
1129 1435 1228 1502 τῆς
1277 1434 1627 1504 ἀνθρωπίνης
1667 1434 1825 1503 δόξης
1869 1433 1960 1484 εὖ·

396 1517 656 1584 φθαρτον,
726 1521 900 1592 ταύτῃ
947 1523 1037 1574 τὸν
1090 1525 1368 1598 ἀκροατὴν
1425 1524 1795 1592 ὐπολιχνεύων
1851 1524 1960 1576 τῶν

395 1607 666 1675 προϐεδλη
678 1611 852 1678 μένων
883 1611 976 1663 ὐπ’
1015 1611 1179 1664 αὐτοῦ
1217 1613 1466 1681 ἔχεσθαι·
1497 1613 1572 1676 ὼς
1615 1613 1723 1666 τῶν
1751 1613 1871 1682 μὲν,
1901 1615 1963 1665 rb

395 1695 549 1754 ésr‘vc
581 1694 812 1763 ἑχόντων
847 1698 938 1748 καὶ
983 1697 1400 1761 διαιωνιζόντων
1425 1715 1441 1730 ’
1482 1700 1592 1752 τῶν
1620 1700 1699 1762 δὲ,
1729 1699 1960 1766 φθανόν-

395 1803 502 1836 των
544 1787 610 1854 τῇ
645 1786 821 1857 φθορᾷ
858 1787 956 1858 τὴν
999 1790 1318 1844 ὑπόστασιν.
1351 1811 1370 1841 ι
1422 1793 1628 1862 Χόρτος
1657 1812 1674 1843 ι
1725 1791 1959 1845 ἐεδταῦθα

2056 603 2252 658 Benati
2290 619 2398 658 non
2436 619 2501 658 ex
2539 605 2746 660 semine
2771 605 3138 675 corruptibili,
3176 607 3268 660 sed
3305 607 3630 677 incorrupti-

2057 697 2152 751 bili
2178 711 2274 766 per
2318 698 2544 750 verbum
2577 695 2672 752 Dei
2703 697 2906 761 vivi,et
2949 699 3322 766 permanentis
3381 699 3433 753 in
3469 709 3629 754 aeter-

2059 803 2212 844 num.
2249 787 2388 852 Quia
2419 788 2600 847 omnis
2655 803 2784 842 caro
2813 794 2872 842 ut
2905 787 3106 842 fenum
3145 807 3159 844 :
3215 791 3396 844 omnis
3450 791 3624 855 gloria

2055 879 2173 948 ejus
2215 886 2472 945 tauquam
2509 877 2608 931 ﬂos
2656 875 2808 931 leni:
2865 878 3080 933 exaruit
3145 878 3358 941 fenum,
3414 890 3468 935 et
3535 881 3633 934 llus

2050 969 2176 1035 ejus
2228 967 2464 1032 decidit;
2521 967 2746 1022 verbum
2809 977 2990 1022 autem
3067 967 3280 1022 Domini
3354 981 3531 1023 manet
3580 971 3633 1022 in

2056 1069 2340 1112 zelernutn.
2368 1059 2482 1114 Hoc
2501 1069 2679 1112 autem
2721 1060 2941 1112 verbum
2975 1059 3102 1113 illud
3125 1058 3372 1129 estquod
3405 1075 3636 1118 evanae-

2061 1148 2278 1200 lizatum
2317 1155 2401 1201 est
2430 1147 2484 1198 in
2533 1146 2709 1201 vobis.
2742 1165 2760 1196 ι
2811 1144 3106 1214 Postquam
3133 1145 3268 1198 dixit
3312 1163 3324 1197 :
3363 1162 3382 1195 ι
3443 1143 3634 1204 Renati

2060 1255 2169 1294 non
2245 1255 2312 1290 ex
2367 1238 2576 1292 semine
2623 1237 2995 1305 corruptibili,
3075 1237 3168 1290 sed
3226 1227 3634 1304 inrorruptibili

2060 1345 2158 1398 per
2213 1329 2437 1382 verbum
2496 1327 2591 1382 Dei
2656 1326 2786 1391 vivi,
2839 1335 2892 1380 et
2939 1327 3312 1396 permattL-ntis
3357 1327 3411 1382 in
3471 1339 3632 1382 τριετ-
3695 1336 3702 1348 ⁴

2063 1435 2213 1482 num,
2275 1439 2294 1470 ι
2352 1419 2423 1474 ob
2475 1419 2664 1474 oculos
2715 1421 2877 1472 etiam
2933 1419 3105 1486 ponit,
3140 1428 3482 1489 contemptus
3511 1435 3636 1486 gra-

2063 1510 2159 1572 tia,
2213 1511 2459 1562 humana:
2499 1509 2682 1577 gloriae
2717 1509 2932 1562 facilem
2981 1510 3408 1578 corruptionem,
3465 1510 3636 1563 Audi-

2063 1607 2233 1655 torem
2258 1600 2335 1654 sic
2365 1600 2634 1662 alliciens,
2668 1607 2726 1654 ut
2775 1599 2942 1668 358
3003 1600 3088 1663 iis,
3123 1615 3244 1669 quin
3297 1601 3411 1668 ipse
3436 1615 3636 1669 propo-

2065 1691 2194 1753 suit,
2233 1697 2384 1744 arcte
2424 1690 2746 1750 adhaereret,
2783 1689 3215 1758 quandoquidem
3246 1703 3311 1742 ea
3361 1698 3414 1742 et
3452 1689 3636 1741 consi-

2064 1783 2320 1836 stentiatn
2343 1782 2612 1835 habentct
2638 1779 3074 1848 perpetuitatem.
3096 1780 3174 1832 Ad
3205 1793 3474 1832 summam
3512 1793 3640 1832 vero

397 1877 491 1926 καὶ
532 1894 549 1924 ι
591 1862 753 1938 ἄνθος
797 1877 992 1946 χόρτου
1037 1897 1056 1929 ι
1101 1880 1162 1932 rb
1202 1883 1464 1952 καὶπρὸς
1506 1861 1744 1954 ὕπαρξιν
1772 1884 1963 1954 χόρτου

2081 1890 2261 1929 rerum
2309 1872 2744 1940 corruptibilium
2811 1869 3172 1922 eaducitatetn
3227 1869 3637 1933 declarandum,

399 1967 784 2038 ἀσθενέστερον
821 1969 902 2030 είς
931 1969 1114 2023 πίστιν
1171 1971 1500 2042 παράγεται,
1533 1969 1616 2038 οἷς
1663 1976 1758 2028 καὶ
1796 1974 1964 2026 Δαυῒδ

399 2059 497 2128 τὴν
531 2058 651 2112 καθ’
691 2061 838 2130 ἡμᾶς
869 2062 1158 2127 ἀπεικάζει
1197 2065 1364 2133 ζωήν.
1400 2065 1556 2119 Οὕτω
1599 2067 1656 2120 δὲ
1685 2067 1783 2136 τὴν
1810 2067 1970 2132 δόξαν

400 2151 559 2221 ἡμῶν
604 2151 902 2216 εὐτελίσας,
954 2147 1327 2223 ἀναλαμϐάνει
1388 2157 1548 2211 πάλιν
1601 2157 1696 2210 καὶ
1727 2158 1966 2212 διδάσκει

404 2241 754 2308 σαφέστερον,
778 2244 830 2295 τί
861 2245 974 2297 ἐστι
999 2245 1060 2298 rb
1085 2247 1454 2317 ἀναγεννῆσαν
1479 2248 1675 2310 αὐτοὺς
1710 2267 1728 2299 ι
1765 2249 1852 2301 διὰ
1879 2249 1968 2300 λό-

404 2345 502 2396 γου
527 2329 726 2394 ζῶντος
763 2333 920 2399 Θεοῦ,
941 2337 1033 2390 καὶ
1066 2337 1319 2406 μένοντος
1357 2339 1436 2402 είς
1461 2339 1557 2390 rbv
1592 2339 1795 2392 αίῶνα·
1821 2359 1838 2389 ι
1876 2339 1970 2391 καί

407 2437 542 2488 φησι
566 2437 578 2451 θ
613 2440 631 2472 ι
655 2423 826 2476 Τοῦτο
865 2425 920 2476 δέ
951 2429 1066 2480 ἐστι
1095 2429 1156 2480 rb
1183 2429 1338 2499 ῥῆμα
1381 2429 1442 2482 rb
1471 2429 1858 2496 εὐαγγελισθὲν
1892 2430 1971 2492 είς

410 2511 574 2580 ὑμᾶς.
610 2532 630 2565 ι
667 2543 734 2556 -—
760 2533 780 2565 ι
804 2515 898 2578 Εἰς
931 2517 1024 2570 τὸν
1075 2519 1250 2572 αἰῶνα
1311 2519 1494 2590 μένειν
1520 2539 1539 2572 ι
1601 2522 1732 2574 αὐτὸ
1791 2521 1973 2574 διασε-

406 2602 678 2667 6αιοῦται,
707 2603 891 2668 καθὼς
923 2607 1019 2660 καὶ
1050 2610 1077 2661 ὁ
1115 2608 1322 2678 Κύριός
1352 2627 1520 2677 φησιν
1543 2625 1556 2641 ·
1591 2629 1609 2661 ι
1645 2611 1704 2662 '0
1744 2612 1975 2682 οὐρανὸς

408 2695 506 2747 καὶ
543 2697 580 2758 ἡ
613 2697 683 2766 γῆ
737 2699 1193 2770 παρελεύσονται,
1247 2703 1296 2755 σί
1359 2703 1414 2755 δὲ
1473 2703 1622 2771 λόγοι
1653 2721 1756 2774 μου
1808 2706 1868 2758 οὐ
1903 2707 1978 2775 μὴ

410 2785 740 2855 παρέλθωσι.
763 2808 782 2841 ι
817 2792 908 2844 Δεῖ
943 2791 1001 2844 δὲ
1039 2793 1257 2859 εἰδέναι,
1289 2795 1371 2848 ὅτι
1417 2795 1499 2859 rb,
1539 2815 1558 2847 ι
1585 2797 1680 2860 Εἰς
1730 2797 1980 2866 φιλαδελ-

411 2877 541 2944 φίαν
607 2878 995 2949 ἀνυπόκριτον,
1064 2902 1083 2934 ι
1141 2885 1280 2938 οὕτω
1334 2887 1440 2958 χρὴ
1491 2891 1823 2958 προφέρεινο
1887 2893 1981 2945 Ἐκ

411 2969 654 3040 καθαρᾶς
697 2973 928 3042 καρδίας
953 2974 1216 3044 ἀλλήλους
1248 2978 1576 3050 ἀγαπήσατε
1607 2982 1858 3049 ἐκτενῶς,
1901 2985 1980 3045 είς

416 3059 770 3128 φιλαδελφίαν
817 3063 1204 3135 ἀνυπόκριτον.
1252 3067 1318 3120 Ai
1377 3069 1485 3138 γάρ
1548 3071 1804 3136 ἐκϐάσεις
1872 3071 1980 3125 τῶν

2071 1971 2166 2030 ait,
2200 1982 2262 2020 ca
2294 1979 2416 2018 esse
2448 1981 2466 2013 ι
2501 1961 2681 2017 fenum
2721 1979 2739 2012 ι
2787 1975 2852 2015 ac
2905 1960 3067 2015 etiam
3103 1979 3120 2010 ι
3200 1960 3387 2014 florem
3441 1959 3574 2023 feni,
3617 1978 3634 2010 ι

2068 2059 2210 2126 quod
2245 2064 2330 2110 est
2376 2054 2503 2109 feno
2539 2053 2658 2122 ipso
2688 2051 2918 2106 debilior
2937 2061 3097 2120 atque
3125 2050 3367 2120 fugacior
3393 2068 3406 2102 :
3437 2049 3640 2120 quibus

2067 2149 2231 2200 etiam
2272 2146 2434 2199 David
2465 2150 2748 2211 comparat
2793 2143 2958 2194 vitam
3019 2149 3288 2195 nostram.
3327 2138 3418 2195 Sic
3455 2141 3641 2209 itaque

2068 2239 2251 2308 gloriae
2275 2244 2472 2289 nostra:
2493 2233 2736 2288 exilitate
2762 2229 3046 2300 explicata,
3079 2243 3271 2284 rursus
3298 2229 3642 2284 manifestius

2071 2329 2249 2392 (incol,
2291 2326 2419 2394 quid
2463 2326 2534 2378 sit
2577 2323 2728 2389 illud,
2774 2337 2870 2390 per
2915 2320 3060 2388 quod
3103 2329 3228 2374 sunt
3275 2338 3292 2370 ι
3332 2319 3508 2372 renati
3549 2334 3644 2388 per

2073 2421 2296 2474 verbum
2329 2418 2420 2472 Dei
2447 2417 2573 2480 vivi,
2625 2427 2678 2468 ct
2729 2410 3094 2482 permattcntis
3141 2411 3194 2464 in
3225 2411 3453 2475 smeula;
3485 2429 3504 2460 ι
3542 2411 3646 2462 ait-

2075 2523 2180 2579 que
2219 2529 2238 2560 ι
2277 2509 2378 2562 hoc
2407 2520 2528 2560 esse
2555 2505 2804 2567 verbum,
2837 2501 2982 2571 quod
3017 2501 3444 2571 evangelizatum
3472 2509 3556 2554 est
3587 2501 3641 2554 in

2075 2601 2253 2654 vobis.
2291 2617 2324 2649 ι.
2378 2595 2560 2666 Ipsum
2619 2603 2796 2648 autem
2836 2612 2874 2642 ι.
2915 2591 3136 2644 Manere
3207 2591 3258 2644 itt
3314 2600 3576 2644 aeternum
3621 2610 3639 2640 ι

2079 2690 2304 2744 aliirmat
2341 2707 2352 2740 :
2387 2689 2525 2742 sicut
2553 2694 2606 2741 et
2631 2685 2895 2738 Dominus
2918 2684 3034 2737 ait:
3091 2700 3110 2733 ι
3143 2681 3354 2736 Ctnlum
3402 2690 3457 2736 et
3499 2689 3642 2734 terra

2081 2780 2466 2842 transibunt“,
2497 2777 2666 2832 tcrlia
2699 2784 2876 2828 autem
2921 2789 3037 2827 mea
3067 2788 3175 2827 non
3205 2771 3576 2840 prmteribttnt.
3621 2789 3676 2824 ιη

2079 2872 2306 2939 Oportet
2348 2880 2528 2923 autent
2584 2869 2755 2931 scire,
2810 2865 2954 2934 quod
3023 2863 3206 2918 illud:
3273 2881 3294 2914 ι
3351 2864 3405 2916 in
3459 2861 3652 2914 fratcr-

2085 2963 2271 3017 uitatis
2311 2973 2496 3016 amore
2518 2958 2776 3028 simplici,
2809 2976 2828 3008 ›
2863 2963 2996 3019 etc.,
3017 2955 3090 3009 ita
3115 2953 3498 3024 proferendum
3535 2955 3606 3008 sit
3634 2970 3648 3006 τ

2090 3076 2109 3106 ι
2155 3053 2229 3106 Ει
2315 3068 2450 3120 puro
2497 3049 2663 3106 corde
2725 3048 2957 3103 invicem
3015 3047 3222 3118 diligite
3273 3047 3538 3113 impense,
3595 3045 3650 3098 iu

417 3152 760 3221 πραγμάτων
810 3156 1198 3211 ἐπακολουθειν
1252 3135 1475 3214 εἰώθασι
1533 3165 1646 3226 τοῖς
1696 3135 1979 3228 δι’ναύτὰς

2085 3145 2445 3200 fraternitatis
2499 3156 2684 3196 amore
2740 3139 3004 3209 simplici,
3085 3153 3182 3192 seu
3237 3152 3342 3191 non
3430 3135 3588 3200 ficto;
3630 3154 3649 3185 ι

415 3244 990 3312 πραγματευομένοις.
1030 3247 1184 3299 Ἐπεὶ
1217 3244 1311 3302 οὖν
1344 3253 1408 3320 τῇ
1442 3251 1545 3304 «ὲκ
1566 3252 1812 3324 καθαρᾶς
1850 3271 1986 3324 καρ-

411 3330 528 3394 δίας
555 3351 574 3383 ι
631 3333 874 3403 ἀλλήλων
925 3338 1136 3390 ἐκτενεί
1167 3339 1357 3410 ἀγάπῃ
1385 3342 1419 3410 ἠ
1465 3342 1832 3413 ἀνυπόκριτος
1883 3345 1983 3397 ἐπε-

413 3423 695 3476 ακολουθεῖ
731 3426 1072 3493 φιλαδελφία,
1106 3429 1288 3491 καλῶς
1315 3430 1449 3498 ἔχει,
1481 3433 1734 3498 ἡγεῖσθαι
1787 3435 1886 3502 μὲν
1901 3435 1982 3499 rb,

421 3529 447 3560 «λ
485 3513 580 3564 Ἐκ
611 3514 858 3584 καθαρᾶς
887 3516 1114 3587 καρδίας
1135 3532 1152 3549 ο
1175 3537 1194 3569 ι
1226 3519 1457 3573 ἕπεσθαι
1487 3521 1544 3574 δὲ
1575 3521 1655 3585 rb,
1695 3541 1714 3574 ι
1737 3524 1830 3586 Είς
1864 3525 1989 3592 φιλ-

421 3601 738 3671 αδελφίαν.)
810 3605 1242 3676 Ἐπισημαντέον
1305 3610 1510 3678 μέντοι,
1563 3611 1645 3665 ὅτι
1701 3615 1797 3666 καὶ
1866 3613 1987 3684 τὴν,

427 3712 449 3744 ι
473 3696 586 3759 Είς,
617 3714 636 3746 ι
672 3697 928 3766 πρόθεσιν
971 3698 1056 3752 δεῖ
1099 3701 1537 3772 μεταλαμϐάνειν
1573 3705 1655 3768 είς
1684 3705 1810 3778 τὴν,
1849 3705 1952 3759 δ’ιὰ
1974 3721 1988 3736 ⁸

419 3784 507 3838 ἵνα
597 3799 612 3816 ’
645 3787 743 3840 Διὰ
770 3789 1145 3860 φιλαδελφίαν.

1028 3963 1280 4039 ΚΕΦΑᾼ.
1315 3967 1391 4021 B".

503 4070 522 4098 σ
571 4053 921 4122 Ἀποθέμενοι
962 4055 1056 4110 οὖν
1093 4059 1273 4110 πᾶσαν
1308 4059 1528 4123 κακίαν,
1557 4061 1649 4113 καὶ
1701 4061 1878 4114 πάντα
1907 4063 1996 4115 δό-

425 4145 537 4206 λον,
572 4147 666 4197 καὶ
701 4147 1041 4216 ὑποκρίσεις,
1081 4149 1177 4202 καὶ
1204 4150 1452 4218 φθόνους,
1491 4151 1584 4203 καὶ
1615 4153 1794 4214 πάσας
1831 4170 2000 4204 κατα-

425 4235 634 4298 λαλιὰς,
663 4236 735 4300 ὠς
770 4239 1137 4309 ἀρτιγέννητα
1191 4241 1388 4312 βρέφη,
1444 4241 1504 4294 rb
1549 4243 1765 4310 λογικὸν
1815 4243 1998 4296 ἄδολον

427 4326 564 4391 γάλα
624 4328 1014 4398 ἐπιποθήσατε,
1049 4332 1136 4384 ίνα
1181 4335 1238 4385 ὲν
1285 4333 1437 4404 αὐτῷ
1476 4333 1749 4403 αὐξηθῆτε
1786 4335 1866 4398 είς
1893 4351 2000 4386 σω-

2085 3235 2354 3304 siquidem
2409 3233 2585 3286 exitus
2643 3246 2824 3284 rerum
2886 3228 3316 3297 correspondere
3360 3225 3536 3280 solent
3587 3225 3654 3278 iis

2085 3343 2204 3398 quae
2233 3333 2452 3394 propter
2501 3323 2648 3392 ipsas
2697 3322 2854 3376 fiunt.
2886 3319 3154 3386 Quoniam
3211 3318 3378 3386 igitur
3431 3316 3656 3371 intensze

2085 3433 2150 3471 ex
2184 3431 2318 3486 puro
2372 3415 2535 3470 corde
2597 3425 2800 3467 mutua:
2905 3411 3180 3466 dilectioni
3265 3408 3653 3478 corrcspoudet

2090 3509 2362 3562 fraternus
2418 3520 2570 3558 arnor
2603 3519 2712 3557 non
2743 3502 2934 3568 fictus,
2973 3503 3100 3557 hinc
3131 3501 3397 3556 concinne
3425 3501 3661 3570 praemit-

2095 3600 2223 3651 titur
2251 3595 2384 3649 illud
2426 3613 2446 3645 ι
2492 3593 2567 3646 Ex
2591 3607 2730 3661 puro
2757 3593 2941 3657 corde,
2978 3612 2996 3643 ι
3040 3592 3334 3660 subjicitur
3365 3605 3492 3645 vero
3523 3589 3653 3642 illud

2101 3706 2120 3738 ι
2161 3685 2216 3740 in
2250 3683 2616 3738 fraternitatis
2647 3697 2856 3736 amore.
2892 3699 2910 3732 ι
2941 3681 3498 3734 Auitiiaxlvct-tendutn
3534 3694 3658 3732 vero

2095 3781 2361 3850 est,quod
2393 3780 2480 3834 hic
2502 3777 2804 3848 propositio
2837 3797 2858 3829 ι
2883 3777 2934 3830 iu
2966 3794 2985 3826 ι
3021 3782 3276 3829 sumatur
3301 3790 3398 3844 pro
3423 3784 3656 3842 propter,

2097 3885 2159 3930 ut
2184 3871 2408 3944 perinde
2425 3871 2496 3928 sit
2515 3885 2578 3925 ac
2599 3888 2611 3923 :
2633 3871 2860 3940 PrOpter
2880 3867 3238 3922 fraternitatis
3257 3879 3516 3920 amorem.

2693 3959 2919 4016 CAPUT
2963 3961 3032 4013 ll.

2173 4057 2333 4111 Vens.
2370 4057 2485 4110 1-6.
2526 4075 2544 4105 ι
2580 4054 2920 4122 Deponentcs
2945 4051 3112 4120 igitur
3159 4064 3373 4104 omnem
3403 4047 3661 4100 malitiam

2099 4161 2152 4204 et
2185 4165 2398 4203 omnem
2428 4149 2610 4200 dolum
2635 4154 2690 4200 et
2719 4143 3093 4199 simulationes
3117 4153 3170 4196 et
3193 4141 3424 4196 invidias
3457 4149 3510 4194 et
3543 4155 3663 4192 Otll-

2103 4257 2200 4296 nes
2233 4240 2620 4302 detractiones,
2656 4236 2800 4290 sicut
2834 4235 2996 4289 modo
3031 4234 3195 4302 geniti
3221 4234 3476 4295 infantes,
3500 4231 3666 4284 ratiov

2104 4332 2312 4386 nabiles
2346 4339 2400 4384 et
2453 4331 2570 4384 sine
2591 4329 2715 4382 dolo
2743 4329 2824 4382 lac
2846 4325 3240 4394 concupiscite,
3269 4331 3326 4378 ut
3350 4324 3492 4376 ineo
3549 4336 3671 4375 crc—

427 4417 730 4488 τηρίαν[είς
756 4437 883 4474 σωτ.
918 4438 1020 4474 om.
1048 4423 1214 4493 rulg.|
1237 4440 1253 4456 ·
1275 4425 1433 4495 εἴπερ
1455 4425 1748 4494 ἐγεύσασθε
1769 4427 1850 4479 ὃτι
1869 4427 1996 4496 Χρι-

2104 4425 2268 4478 seatis
2303 4422 2357 4475 in
2388 4420 2638 4484 salutem,
2668 4419 2932 4487 siquidem
2955 4416 3236 4487 gustastis,
3258 4414 3513 4484 quoniam
3550 4414 3670 4464 dul-

433 4507 555 4568 στὸς
589 4505 709 4577 [leg.
738 4511 998 4582 χρηστὸς]
1031 4515 1059 4564 ὁ
1081 4513 1306 4582 Κύριος.
1329 4516 1466 4584 Πρὸς
1482 4515 1540 4569 ὃν
1560 4495 1990 4585 προσερχόμενοι

2101 4517 2182 4569 cis
2209 4523 2292 4567 est
2343 4511 2626 4566 Dominus.
2655 4509 2735 4561 Ad
2768 4524 2928 4576 quem
2954 4506 3296 4566 accedentes,
3329 4502 3559 4572 lapidem
3588 4503 3668 4554 vi-

431 4595 577 4646 λίθον
599 4597 798 4662 ζῶντα,
828 4601 932 4651 ὑπὸ
955 4601 1257 4672 ἀνθρώπων
1287 4605 1382 4672 μὲν
1407 4604 1992 4674 ἀποδεδοκιμασμένον,

433 4687 586 4752 παρὰ
613 4687 671 4738 δὲ
710 4689 829 4756 θεῷ
859 4691 1134 4756 ἐκλεκτὸν,
1181 4693 1420 4763 ἔντιμον,
1449 4696 1542 4749 καὶ
1581 4696 1738 4749 αὐτοὶ
1762 4695 1837 4758 ὡς
1863 4695 1999 4748 λίθοι

436 4773 636 4836 ζῶντες
659 4779 1049 4846 οίκοδομεῖσθε,
1091 4779 1238 4844 οἶκος
1267 4785 1658 4850 πνευματικὸς,
1696 4785 2002 4854 ἱεράτευμα

437 4865 614 4932 ἅγιον,
676 4869 966 4936 ἀνενέγκαι
1020 4874 1390 4939 πνευματικὰς
1437 4875 1647 4936 θυσίας,
1703 4877 2003 4947 εὐπροσδέ-

439 4973 600 5018 κ·.ου;
629 4958 706 5027 τῷ
729 4959 846 5029 Θεῷ
873 4961 961 5013 διὰ
1003 4962 1175 5029 Ἰησοῦ
1198 4963 1460 5032 Χριστοῦ.
1493 4967 1635 5018 Διότι
1673 4968 1916 5036 περιέχει
1950 4968 2007 5018 ὲν

438 5050 505 5118 τῇ
541 5049 760 5118 Γραφῇ·
812 5050 940 5102 Ἰδοὺ
990 5051 1180 5121 τίθημι
1234 5056 1292 5103 ἐν
1346 5053 1488 5107 Σιὼν
1546 5056 1692 5108 λίθον
1757 5060 2008 5126 ἀκρογω-

441 5141 632 5202 νιαῖον,
655 5141 929 5204 ἐκλεκτὸν,
968 5141 1184 5213 ἔντιμον
1204 5161 1216 5176 ο
1252 5147 1346 5198 καὶ
1367 5147 1394 5197 ὁ
1429 5147 1699 5200 πιστεύων
1722 5151 1807 5202 ἐπ’
1834 5149 2006 5218 αὐτῷ,

441 5228 502 5279 οὐ
536 5229 610 5298 μὴ
636 5231 1032 5300 καταισχυνθῇ.
1056 5251 1074 5284 ι
1112 5234 1224 5301 Τῆς
1269 5236 1650 5304 πνευματικῆς
1700 5237 2002 5308 ἀναγεννή-

445 5333 583 5380 σεως
612 5319 711 5387 τὴν
745 5319 1017 5390 ὑπεροχὴν
1048 5323 1182 5392 πρὸς
1229 5323 1328 5393 τὴν
1359 5327 1499 5379 κατὰ
1529 5327 1708 5393 σάρκα
1745 5329 2002 5396 γέννησιν

517 5479 558 5508 ¹¹
590 5476 784 5530 Matth.
823 5493 969 5544 xxtv,
1006 5481 1093 5534 55.

2105 4603 2329 4666 vutn,ab
2354 4601 2664 4656 hominibus
2687 4598 2900 4666 quidem
2930 4595 3298 4664 reprobatuut,
3319 4609 3348 4646 ιι
3364 4592 3468 4648 Deo
3491 4602 3674 4646 autem

2109 4693 2343 4746 electum
2380 4701 2435 4744 et
2479 4689 2922 4742 ltouorificatutn.
2954 4683 3020 4738 Et
3051 4684 3156 4754 ipsi
3201 4691 3462 4754 tanquam
3521 4681 3671 4751 lapi-

2109 4785 2205 4838 des
2239 4781 2344 4836 vivi
2378 4777 2909 4849 supermditicamini,
2938 4777 3134 4831 domus
3151 4773 3465 4844 spirituales
3496 4773 3550 4827 in
3583 4786 3674 4828 sa-

2111 4873 2406 4928 cerdotium
2427 4880 2672 4922 sanctum
2690 4865 2980 4920 oﬂ‘erentcs
3010 4866 3320 4935 spirituales
3345 4865 3566 4928 hostias,
3581 4877 3644 4914 ac

2115 4963 2412 5032 ccptahiles
2443 4962 2552 5013 Deo
2576 4974 2672 5029 per
2702 4957 2886 5012 Jesum
2935 4955 3243 5012 Christum.
3279 4955 3506 5024 Propter
3530 4953 3675 5023 quod

2116 5054 2364 5108 continet
2388 5052 2685 5118 Scriptura,
2712 5047 2850 5102 Ecce
2871 5062 3014 5117 pono
3039 5048 3091 5100 in
3117 5047 3249 5101 Sion
3279 5046 3508 5115 lapidem
3529 5060 3677 5098 sunt-

2113 5159 2258 5196 tttunt
2285 5142 2618 5210 angularem,
2649 5137 2956 5208 probatum,
2975 5137 3232 5198 electum,
3257 5135 3552 5204 pretiosum
3581 5151 3594 5186 :
3623 5143 3677 5186 et

2109 5235 2200 5302 qui
2225 5231 2513 5287 crediderit
2548 5231 2712 5294 ineo,
2751 5241 2858 5282 nou
2895 5225 3280 5282 confundetur.
3325 5242 3342 5276 ι
3377 5222 3675 5290 Postquam

2108 5327 2406 5396 spiritualis
2425 5321 2866 5394 regenerationis,
2887 5335 3050 5388 supra
3091 5319 3386 5377 carnalem,
3413 5314 3678 5369 excellen-

1631 5571 1938 5635 Bonifacii
1983 5571 2209 5633 Finetti
2254 5580 2442 5635 notae.

620 5687 826 5764 festus
857 5690 951 5744 Gr.
969 5691 1146 5764 habet
1253 5695 1499 5764 καθαρᾶς
1522 5693 1768 5762 καρδίας,
1789 5709 1852 5748 ea:
1872 5708 2000 5760 puro
2042 5692 2194 5746 corde

518 5759 595 5828 (5)
620 5757 772 5828 γωδ.
795 5762 1061 5814 attentius.
