4020 6214
459 243 599 312 1195

1372 237 1948 300 THEOPHYLACTI
1976 237 2382 296 BULGARI/E
2404 235 2757 295 ARCHIEI’.

3532 231 3679 297 1196

452 373 601 416 t'une
629 376 754 412 omn
782 376 819 413 -s
848 359 911 410 ad
953 362 1127 426 ipsum
1172 373 1266 424 per
1301 357 1457 409 ﬁdem
1495 356 1813 409 accedentes
1852 355 2022 407 dana-

2141 352 2326 415 Ἐλπὶς
2350 348 2443 406 οὖν
2460 352 2611 417 ζῶσα
2638 354 2697 403 τὸ
2717 352 3018 421 διδόμενον,
3045 351 3146 417 κλη
3157 351 3379 419 ρονομέα
3406 349 3699 418 ἄφθαρτος,

454 455 552 507 bit.
599 471 614 501 ι
656 451 711 519 SI
731 462 794 506 es
835 469 852 501 ι
910 449 1071 518 igitur
1120 466 1138 498 ι
1182 450 1303 501 viva
1345 465 1363 497 ι
1425 460 1544 514 qua:
1601 444 1902 507 cenfertur,
1945 453 2029 495 est

460 563 479 595 ι
518 542 817 596 llmreditas
870 539 1328 608 ineorruptibilis,
1370 557 1388 589 ›
1446 553 1554 590 non
1588 537 1644 590 in
1691 545 1836 589 terra
1888 535 2030 587 sicut

454 636 649 705 priscis
702 633 953 701 ratibus
993 620 1252 701 reposita,
1288 630 1383 684 sed
1444 633 1496 681 in
1528 629 1685 681 caelis
1716 645 1727 680 :
1765 626 1907 681 unde
1943 626 2019 677 in.

455 724 965 793 corruptibilitatem
995 722 1179 786 habet,
1209 737 1317 791 qua
1344 721 1572 775 cuilibet
1594 718 1893 773 hmreditati
1924 727 2030 769 ter-

457 832 600 870 rena:
626 829 789 884 quam
821 813 1059 867 maxime
1090 823 1329 882 praestat.
1370 814 1434 865 Et
1462 819 1722 882 praetcrea
1772 816 1856 864 est
1898 822 2031 861 eon-

457 906 696 958 servatio
749 912 803 956 et
857 902 1106 956 custodia
1155 901 1418 955 ﬁdelium.
1487 899 1939 967 Quandoquidem
1977 904 2031 950 et

456 996 559 1048 hoc
585 993 1100 1064 rogavitDominus,
1128 1006 1251 1044 eum
1288 993 1420 1045 dixit
1455 992 1476 1022 ⁸
1516 1008 1528 1043 :
1567 1009 1585 1039 ι
1626 990 1784 1044 Pater
1821 999 2028 1049 sancte,

453 1098 610 1136 serva
642 1096 757 1135 eos.
796 1099 814 1131 ›
852 1079 1049 1133 Verum
1102 1088 1153 1133 et
1200 1098 1217 1130 ι
1255 1080 1307 1133 in
1341 1080 1557 1133 virtute.
1592 1098 1610 1129 ι
1647 1078 1749 1132 Sed
1783 1091 2028 1145 quzenam

456 1174 573 1225 haec
598 1170 815 1224 virtus?
839 1171 1045 1238 Nempe
1080 1184 1257 1238 usque
1286 1168 1352 1223 ad
1376 1169 1587 1222 Domini
1612 1168 2025 1222 revelatiouem.

458 1263 515 1316 Si
553 1262 697 1315 enim
741 1261 996 1314 custodia
1053 1276 1160 1312 non
1219 1267 1368 1315 esset
1423 1260 1477 1313 in
1529 1260 1750 1321 virtute,
1785 1257 2031 1325 profecto

457 1370 565 1405 non
615 1367 679 1405 eo
721 1367 892 1418 usque
931 1352 1180 1417 protendi
1229 1359 1437 1421 posset.
1476 1350 1613 1405 Cum
1648 1351 1815 1419 igitur
1850 1359 1926 1403 tot
1982 1360 2034 1401 et

459 1453 606 1495 tanta
636 1444 835 1495 collata
869 1443 979 1494 sint
1011 1442 1296 1506 beneficia,
1331 1458 1440 1496 non
1498 1444 1695 1496 mirum
1733 1442 1777 1495 si
1815 1442 1905 1510 qui
1941 1456 2032 1493 ac-

460 1542 743 1601 ceperunt,
774 1530 976 1601 gaudio
1002 1544 1052 1585 et
1093 1534 1276 1586 lmtitia‘
1316 1531 1730 1601 perfunduntur.

531 1623 695 1675 Vens.
729 1623 780 1674 5.
821 1640 837 1667 σ
876 1620 1264 1675 Conscrvatam
1299 1623 1353 1675 in
1386 1624 1539 1676 emlis
1569 1623 1620 1674 in
1645 1622 1816 1675 vobis.
1846 1619 1945 1685 Qui
1977 1620 2030 1671 in

2136 446 2236 495 οὐκ
2266 445 2322 494 ὲν
2352 446 2447 512 γῇ,
2479 444 2554 505 ὡς
2591 446 2704 504 τοῖς
2746 443 3037 510 πατράσιν,
3091 439 3453 508 ἀποκειμένη,
3502 439 3614 492 ἀλλ’
3642 443 3702 493 ἐν

2136 534 2405 602 οὐρανοῖς,
2443 534 2534 599 ἀφ’
2562 528 2623 585 οὗ
2649 536 2743 583 καὶ
2772 532 2831 583 τὸ
2862 528 3170 593 διαιωνίξον
3199 530 3465 598 κέκτηται
3499 546 3514 561 ο
3540 530 3569 583 ὃ
3605 532 3705 584 καὶ

2141 625 2323 694 μεῖζον
2354 626 2454 691 τῆς
2480 626 2539 675 ὲν
2561 626 2630 693 γῇ
2664 623 3051 693 κληρονομίας.
3080 622 3191 675 Καὶ
3220 622 3357 691 πρός
3403 638 3467 688 γε
3497 624 3704 685 τούτοις

2139 717 2472 786 συντήρησις
2543 717 2635 768 καὶ
2690 714 2901 785 φρουρὰ
2951 715 3060 766 τῶν
3118 714 3507 767 πιστευόντων.
3554 715 3705 768 Ἐπεὶ

2136 808 2233 860 καὶ
2263 807 2421 859 τοῦτο
2450 806 2795 877 προσηύξατο
2820 810 2847 858 ὁ
2875 806 3101 876 Κύριος,
3140 805 3313 858 εἰπών
3339 822 3352 836 '
3406 824 3427 856 ι
3457 807 3706 875 Τήρησον

2138 899 2372 960 αὐτοὺς,
2429 898 2612 965 Πάτερ
2656 896 2797 964 ἆγιε.
2835 915 2854 947 ι
2920 897 3078 947 Ἀλλὰ
3120 897 3214 948 καὶ
3265 914 3283 945 ι
3317 897 3374 946 ὲν
3400 897 3649 964 δυνάμει.
3684 914 3701 946 ν

2142 988 2252 1038 Καὶ
2281 986 2362 1048 τίς
2391 988 2424 1055 ὴ
2457 986 2718 1053 δύναμις;
2758 985 2830 1036 Τὸ
2875 984 3037 1054 μέχρι
3066 985 3164 1051 τῆς
3194 984 3289 1036 τοῦ
3321 985 3526 1053 Κυρίου
3571 986 3682 1037 ἀπο

2139 1077 2448 1145 καλύψεως.
2493 1077 2554 1129 Εἰ
2581 1079 2689 1145 γὰρ
2722 1076 2794 1146 μὴ
2826 1077 3023 1145 δυνατὴ
3057 1080 3088 1143 ἡ
3120 1078 3361 1147 φρουρὰ,
3391 1079 3491 1129 οὐκ
3516 1078 3580 1130 ἂν
3612 1078 3709 1145 μέ-

2138 1186 2230 1237 χρι
2270 1167 2616 1235 παρετείνετο
2638 1168 2851 1221 τούτου.
2890 1169 3043 1219 Ἐπεὶ
3074 1167 3167 1220 οὖν
3195 1168 3432 1220 τοσαῦτα
3473 1170 3566 1221 καὶ
3595 1187 3706 1221 τοι·

2139 1260 2279 1311 αὕτα
2326 1260 2393 1312 τὰ
2439 1260 2730 1328 διδόμενα,
2767 1259 2920 1311 οὐδὲν
2959 1258 3188 1321 ἀπεικὸς
3239 1260 3332 1311 καὶ
3387 1260 3704 1328 ἁγαλλὶαμα

2138 1349 2530 1400 ἐπακολουθεῖν
2558 1352 2670 1411 τοῖς
2694 1349 3086 1416 λαμϐάνουσιν.

2219 1631 2235 1662 ι
2269 1612 2659 1681 Τετηρημένην
2705 1613 2761 1663 ὲν
2821 1612 3067 1681 οὐρανοῖς
3118 1613 3198 1673 εἰς
3241 1612 3420 1679 ἡμᾶς,
3470 1610 3593 1673 τοὺς
3645 1612 3705 1661 ἐν

456 1712 662 1763 virtute
692 1707 788 1761 Dei
828 1709 1180 1762 custodimini
1220 1726 1316 1778 per
1345 1711 1503 1765 ﬁdem
1537 1715 1589 1764 in
1610 1712 1862 1775 salutem,
1882 1725 2032 1780 para-

2144 1704 2372 1772 δυνάμει
2416 1701 2552 1755 Θεοῦ
2597 1704 3037 1772 φρουρουμένους
3077 1702 3165 1754 διὰ
3195 1701 3430 1765 πίστεως
3453 1741 3468 1765 ,
3495 1703 3572 1763 είς
3603 1719 3707 1754 σω-

460 1797 569 1851 ‘am
612 1797 839 1851 revelari
877 1797 930 1848 in
968 1804 1212 1864 tempore
1237 1799 1555 1852 novissimo.
1606 1819 1624 1850 ι
1668 1800 1721 1852 Si
1752 1800 2039 1852 lnervditas

462 1902 649 1943 nostra
704 1887 760 1940 in
792 1887 943 1941 caelis
967 1893 1052 1940 est
1094 1904 1107 1940 :
1153 1902 1171 1937 ›
1210 1888 1373 1957 igitur
1405 1890 1777 1942 commentitia
1811 1899 1893 1943 est
1923 1890 2041 1943 mit-

461 1981 672 2035 lenaria
694 1980 748 2031 in
785 1979 947 2033 terris
974 1978 1269 2031 restitutio.

532 2068 695 2122 Vens.
727 2069 779 2134 6,
805 2068 857 2121 7.
885 2086 903 2117 σ
929 2068 986 2121 In
1005 2083 1114 2137 quo
1132 2068 1501 2132 exsultabitis,
1526 2068 1798 2123 modicum
1823 2084 1967 2123 nunc
1996 2075 2040 2127 si

459 2167 677 2230 oportet
701 2161 1016 2213 contristari
1053 2161 1107 2213 in
1138 2160 1308 2214 variis
1332 2160 1749 2224 tentationibus,
1798 2160 1958 2230 353
1985 2170 2042 2213 ut

438 2253 708 2321 probatio
741 2261 936 2307 vestrae
965 2251 1085 2305 ﬁdei
1118 2251 1289 2305 multo
1336 2252 1629 2320 pretiosior
1690 2267 1824 2305 auro
1873 2254 2039 2323 (quod

459 2358 557 2412 per
590 2344 763 2413 ignem
793 2342 1079 2411 probatur)
1112 2341 1441 2395 inveniatur.
1470 2360 1489 2393 ›
1513 2340 1716 2397 Horum
1747 2344 2039 2397 verborum

459 2435 593 2488 ordo
627 2440 711 2487 est
741 2433 889 2488 iste:
954 2432 1283 2487 Contristari
1341 2434 1638 2500 modicum,
1710 2436 1756 2491 si
1808 2444 2041 2505 oportet,

463 2526 566 2579 hoc
600 2532 708 2589 est,
764 2526 807 2577 si
850 2525 953 2577 hoc
998 2538 1223 2578 necesse
1269 2523 1340 2577 sit
1400 2526 1612 2594 (neque
1666 2526 1811 2580 enim
1851 2542 2041 2581 omnes

461 2617 636 2669 sancti
715 2614 1117 2668 tribulationem
1192 2614 1525 2684 patiuntur),
1590 2616 1644 2669 in
1741 2617 2044 2671 novissimo

464 2716 707 2775 tempore
753 2706 1093 2760 exsultabitis
1146 2688 1341 2758 tillud
1393 2707 1535 2761 enim
1596 2707 1894 2776 ἁγαλιᾶσθε
1943 2725 2042 2779 pro

461 2796 650 2850 futuro
681 2797 971 2866 accipitur.
1008 2797 1336 2865 Quanquam
1388 2804 1443 2851 et
1493 2806 1554 2850 ut
1605 2812 1848 2866 praesens
1895 2801 2039 2853 sumi

462 2895 678 2956 potest,
711 2887 1170 2956 quemadmodum
1200 2889 1365 2941 etiam
1399 2886 1632 2942 inferius
1651 2889 2040 2945 declarabitur.

459 2978 728 3042 Quoniam
758 2991 887 3030 vero
916 2978 1161 3047 Magistri
1190 2977 1481 3047 promissio
1509 2993 1617 3032 non
1641 2980 1919 3047 gaudium,
1945 2978 2039 3035 sed

462 3068 738 3117 tristitiam
780 3070 1091 3133 annuntiat,
1137 3070 1391 3138 inquiens
1425 3070 1446 3100 ⁸
1475 3085 1488 3122 :
1527 3087 1545 3119 ι
1580 3068 1638 3122 ln
1673 3072 1878 3124 mundo
1915 3076 2037 3140 qui-

460 3158 582 3209 dem
615 3168 926 3222 prcssuram
950 3156 1244 3224 habebitis,
1275 3177 1294 3208 ι
1320 3158 1529 3210 idcirco
1550 3165 1673 3225 post
1704 3161 1837 3213 illud
1865 3161 2037 3225 addit,

467 3263 487 3294 ι
526 3243 820 3295 ιιιυόίοιιιιι.
866 3257 884 3289 ι
927 3242 994 3294 Ει
1021 3245 1147 3310 quia
1187 3245 1290 3296 hoc
1351 3245 1644 3298 molestum
1689 3255 1794 3308 est,
1831 3248 2038 3310 subdit,

467 3352 486 3384 ι
530 3348 695 3393 ιιιιιις,
747 3349 766 3382 ι
809 3330 999 3398 sicque
1030 3331 1182 3400 paria
1214 3334 1374 3386 docet
1424 3333 1694 3403 magistro
1747 3352 1848 3390 suo
1892 3355 1904 3390 :
1949 3339 2040 3393 ille

462 3424 608 3475 ειιὶιιι
638 3424 714 3473 ait
747 3436 761 3474 :
793 3437 813 3471 ι
856 3420 915 3474 ln
949 3419 1152 3477 mundo
1185 3436 1504 3491 pressuram
1589 3423 1898 3493 habebitis;
1943 3428 2037 3481 sed

462 3510 689 3563 tristitia
755 3518 938 3563 vestra
998 3517 1238 3566 vertetur
1273 3513 1329 3567 in
1361 3510 1645 3582 gaudium.
1685 3532 1705 3567 ›
1741 3514 1837 3569 Vel
1871 3517 2038 3584 igitur

462 3591 594 3653 illud
632 3620 648 3651 ι
682 3615 827 3655 nunc
870 3619 890 3652 ι
915 3611 1163 3672 respectu
1194 3604 1581 3660 exsultationis
1615 3606 1880 3674 adjunxit,
1905 3623 2040 3676 qua-

464 3702 623 3746 tenus
654 3693 969 3758 exsultatio,
1007 3709 1130 3762 quae
1171 3696 1557 3765 subsequetur,
1595 3711 1704 3750 non
1756 3698 1823 3751 ad
1876 3699 2037 3753 breve

464 3793 700 3852 tempus,
726 3784 818 3837 sed
854 3782 921 3836 ad
958 3785 1306 3853 diuturnum,
1337 3786 1446 3840 imo
1486 3784 1784 3855 inﬁnitum,
1818 3797 1902 3842 est
1931 3788 2034 3841 du-

462 3882 666 3927 ratura.
698 3873 792 3927 Vel
850 3874 983 3928 illud
1018 3894 1035 3926 ι
1073 3876 1347 3931 modicum
1390 3894 1410 3927 ι
1440 3879 1868 3946 eontristationi,
1915 3895 2035 3949 qua:

460 3965 831 4033 subjungitur,
902 3974 987 4019 est
1023 3967 1432 4030 ascribendum,
1494 3976 1553 4022 ut
1592 3970 1671 4023 sic
1702 3986 1761 4025 se
1789 3970 2031 4025 habeat:

464 4054 520 4106 Si
554 4054 948 4118 necessarium,
989 4071 1130 4111 nunc
1154 4065 1239 4111 est
1263 4059 1535 4111 modicum
1562 4062 1878 4115 contristari
1909 4080 1928 4113 ‹
1979 4064 2031 4116 in

455 4146 629 4199 variis
673 4145 1087 4200 tentationibus.
1129 4164 1148 4197 ι
1189 4145 1454 4211 Quoniam
1507 4164 1634 4203 vero
1671 4153 2030 4206 tentationum

461 4236 665 4289 mentio
690 4236 1154 4303 perturbationem
1182 4236 1380 4291 afferre
1401 4248 1637 4308 poterat,
1668 4241 1875 4296 idcirco
1898 4243 2032 4297 sub—

455 4328 639 4395 junmt
671 4324 986 4377 earumdem
1030 4328 1389 4379 tentationum
1431 4342 1654 4381 causam
1684 4346 1697 4381 :
1749 4345 1942 4399 nempe
1975 4339 2031 4383 ut

463 4432 483 4466 ι
525 4414 776 4485 probatio
806 4431 826 4466 ι
858 4430 954 4469 seu
990 4417 1233 4482 probitas
1264 4419 1508 4492 ipsorum
1566 4420 1909 4475 manifestior
1937 4422 2029 4474 ﬁe-

457 4515 559 4565 ret,
589 4516 642 4558 et
678 4522 696 4555 ι
731 4506 1024 4572 pretiosior
1046 4521 1207 4568 auro,
1258 4526 1276 4557 ι
1309 4509 1577 4578 siquidem
1636 4521 1690 4565 et
1750 4514 1872 4574 hoc,
1907 4528 2027 4566 cum

456 4600 543 4645 est
574 4593 685 4661 igni
752 4593 1067 4661 probatura,
1132 4597 1185 4648 in
1235 4596 1444 4666 majore
1509 4609 1594 4653 est
1646 4602 2025 4657 mstimatioae.

453 4683 617 4737 Addit
651 4698 800 4750 vero,
838 4702 858 4735 ‹
899 4686 955 4738 Si
1006 4696 1240 4754 oportet,
1281 4706 1300 4738 ι
1347 4689 1605 4758 innuens,
1650 4693 1796 4763 quod
1852 4710 2026 4763 neque

460 4776 633 4831 ﬁdelis
665 4779 847 4832 omnis
888 4778 1275 4835 aﬂlietionibus
1315 4790 1578 4850 tentetur,
1630 4801 1806 4855 neque
1847 4788 2028 4842 omnis

458 4876 717 4937 peccator
759 4885 772 4922 :
809 4878 864 4924 et
893 4870 1036 4940 quod
1061 4883 1252 4929 neuter
1271 4886 1458 4927 eorum
1496 4877 1700 4930 eisdem
1730 4877 2028 4932 aﬂlictioni-

454 4964 559 5017 bus
593 4962 647 5016 in
684 4971 1005 5032 perpetuum
1058 4964 1349 5032 addicitur,
1382 4966 1477 5025 sed
1508 4968 1645 5036 justi
1675 4970 1895 5038 quidem
1932 4970 2027 5040 pit.

454 5055 666 5108 tiuntur
695 5052 765 5108 ad
791 5069 1007 5109 corona:
1047 5065 1427 5126 augmentum,
1453 5067 1768 5127 peccatores
1807 5076 1934 5116 vero
1966 5071 2024 5115 ut

453 5159 670 5214 pinnam
723 5148 962 5214 peccatis
1019 5149 1137 5202 suis
1187 5149 1426 5203 debitam
1463 5151 1636 5204 luant.
1669 5151 1788 5205 Non
1835 5167 2024 5207 omnes

451 5237 585 5305 justi
641 5237 983 5309 allliguntur,
1041 5241 1262 5308 nequis
1316 5241 1656 5310 iniquitatem
1704 5242 2055 5297 laudabilem'

450 5341 669 5397 putans,
707 5330 833 5384 odio
873 5331 1070 5385 habeat
1102 5331 1383 5385 virtutem.
1424 5330 1610 5400 Neque
1664 5347 1856 5388 omnes
1895 5350 2013 5404 pee-

449 5428 665 5473 catores
699 5418 1045 5487 amiguntur,
1072 5434 1139 5474 ne
1168 5421 1521 5485 resurrectio,
1570 5437 1666 5475 seu
1720 5418 1902 5476 futura
1935 5440 2019 5478 re-

453 5510 676 5564 tributio
700 5507 757 5563 in
787 5509 1011 5565 dubium
1048 5512 1247 5575 veniat,
1283 5511 1328 5564 si
1361 5525 1551 5565 omnes
1589 5512 1698 5578 hic,
1733 5530 1853 5584 qua:
1908 5531 2019 5572 mc-

449 5610 660 5664 rertur,
695 5599 978 5668 recipiant.

521 5690 542 5721 ⁵
568 5689 877 5756 Joaxnxvn,
916 5692 1003 5745 H.
1083 5693 1104 5724 ⁸
1139 5693 1295 5749 Joan.
1344 5711 1455 5761 xvi,
1503 5694 1591 5749 53.

2144 1796 2340 1865 τηρίαν
2382 1793 2608 1864 ἑτοίμην
2646 1794 3099 1863 ἀποκαλυφθῆναι
3140 1796 3197 1846 ἐν
3231 1794 3406 1865 καιρῷ
3438 1795 3699 1862 ἐσχάτῳ.»

2144 1884 2209 1935 Εἰ
2252 1887 2354 1953 «ρν
2382 1886 2630 1952 οὐρανοῖς
2660 1902 2678 1934 ι
2717 1884 2749 1954 ἡ
2785 1883 3122 1954 κληρονομία
3142 1924 3158 1949 ,
3194 1883 3446 1954 μυθώδης
3475 1886 3507 1953 ἡ
3534 1884 3702 1953 χιλιο-

2144 1975 2274 2045 ετὴς
2307 1978 2364 2029 ὲν
2404 1978 2474 2045 γῇ
2515 1975 2976 2038 ἀποκατάστασις.

2219 2087 2238 2118 ε
2288 2069 2375 2121 Ἐν
2423 2061 2468 2136 ᾧ
2505 2069 2858 2137 ἀγαλλιᾶσθε,
2907 2067 3087 2135 ὀλίγον
3130 2069 3278 2137 ἄρτι,
3323 2071 3372 2121 εί
3417 2068 3533 2121 δέον
3564 2069 3698 2131 ἐστὶ,

2142 2158 2476 2229 λυπηθέντες
2513 2161 2570 2211 ὲν
2605 2159 2867 2222 ποικίλοις
2927 2162 3290 2228 πειρασμοῖςο
3341 2159 3425 2211 ἵνα
3452 2159 3513 2211 τὸ
3560 2160 3699 2212 δοκί-

2146 2267 2269 2318 μιον
2308 2249 2407 2318 τῆς
2434 2250 2670 2313 πίστεως
2714 2249 2869 2320 ὑμῶν
2923 2250 3057 2302 πολὺ
3101 2250 3425 2320 τιμιώτερον
3460 2251 3699 2320 χρυσίου,

2141 2338 2236 2393 τοῦ
2269 2340 2662 2409 ἀπολλυμένου,
2695 2340 2784 2392 διὰ
2821 2340 2989 2409 πυρὸς
3019 2339 3073 2392 δὲ
3118 2339 3572 2409 δοκιμαζομένου,
3612 2340 3704 2391 εὑ‹

2143 2430 2331 2502 ρεθῇ.»
2371 2432 2443 2483 Τὸ
2468 2430 2593 2498 ἑξῆς
2627 2429 2842 2492 οὕτως·
2900 2428 3251 2499 Λυπηθέντες
3308 2428 3452 2497 ἄρτι,
3503 2430 3552 2481 εἰ
3589 2428 3701 2480 δέον

2147 2523 2286 2586 ἐστὶ,
2341 2522 2485 2574 τοῦτ’
2519 2522 2691 2586 ἔστιν,
2752 2522 2800 2571 εἰ
2828 2519 3103 2572 καὶτοῦτο
3144 2520 3227 2572 δεῖ
3263 2518 3406 2587 (οὔτε
3442 2520 3547 2589 γὰρ
3575 2521 3707 2573 πάν-

2140 2626 2229 2673 τες
2262 2611 2310 2662 οἱ
2360 2609 2505 2677 ἆγιοι
2536 2608 2828 2677 θλίϐονται)
2850 2647 2866 2672 ,
2906 2627 2923 2660 ι
2963 2609 3021 2663 ἐν
3049 2608 3261 2678 ἐσχάτῳ
3302 2609 3514 2681 καιρῷ)
3541 2610 3707 2677 ἀγαλ-

2141 2702 2393 2756 λιάσεσθε
2422 2720 2435 2733 °
2471 2702 2531 2754 τὸ
2570 2703 2708 2771 γὰρ,
2747 2720 2765 2753 ι
2809 2701 3191 2768 Ἀγαλλιᾶσθε,
3219 2719 3237 2751 ι
3278 2703 3398 2754 ἀντὶ
3429 2701 3708 2770 μέλλοντος

2143 2794 2439 2864 εἴληπται,
2491 2794 2523 2863 ἢ
2582 2794 2678 2847 καὶ
2721 2794 2863 2847 κατὰ
2898 2795 2959 2846 τὸ
2989 2794 3246 2856 ὲνεστὸς,
3298 2795 3374 2858 ὡς
3423 2796 3515 2847 καὶ
3558 2794 3711 2848 κάτω

2143 2887 2245 2939 ὑπε
2254 2904 2358 2956 μνη
2368 2887 2645 2955 μάτισται.
2682 2886 2898 2956 Ἐπειδὴ
2924 2885 2981 2937 δὲ
3005 2889 3037 2955 ἡ
3062 2885 3154 2938 τοῦ
3182 2886 3510 2938 Διδασκάλου
3532 2889 3711 2954 ἐπαγ-

2145 2978 2335 3045 γελία,
2367 2977 2489 3047 οὒχὶ
2527 2977 2701 3046 χαρὰν
2724 3015 2739 3041 ,
2775 2976 2912 3030 ἀλλὰ
2959 2976 3136 3045 λύπην
3186 2978 3483 3045 εἰσηγεῖται
3525 2980 3581 3029 ἐν
3627 2978 3714 3047 τῷ

2145 3070 2354 3139 κόσμῳ,
2382 3069 2687 3135 φάσκουσα,
2722 3069 2804 3121 ὅτι
2840 3087 2857 3119 ι
2887 3067 3081 3136 Θλῖιζριν
3109 3068 3277 3132 ἕξετε,
3315 3085 3333 3119 ι
3386 3069 3712 3138 προστίθησι

2141 3158 2219 3226 τῷ
2268 3157 2633 3225 ἀγαλλιάματι
2670 3156 2753 3221 τὸ,
2791 3174 2810 3206 ι
2847 3156 3054 3223 Ὀλίγον
3087 3172 3099 3186 ⁸
3138 3174 3155 3205 ι
3196 3158 3288 3207 καὶ
3332 3157 3517 3225 ἐπειδὴ
3551 3157 3718 3210 τοῦτο

2141 3246 2402 3313 λυπηρὸν,
2435 3246 2760 3315 προστίθησι
2785 3248 2871 3309 τὸ,
2914 3266 2932 3298 ι
2956 3248 3139 3316 Ἄρτι,
3170 3267 3188 3298 ι
3231 3246 3495 3317 σύμςωνα
3531 3247 3715 3314 λέγων

2140 3334 2215 3403 τῷ
2254 3334 2449 3388 ἑαυτοῦ
2483 3336 2842 3406 καθηγεμόνι.
2880 3339 3145 3399 Κάκεῖνος
3178 3340 3286 3410 γάρ
3318 3355 3475 3406 φησιν
3507 3353 3520 3367 ·
3557 3356 3576 3388 ι
3615 3340 3717 3391 Ἐν

2139 3424 2217 3493 τῷ
2252 3425 2441 3494 κόσμῳ
2472 3424 2648 3493 anew
2678 3424 2851 3490 ἕξετε,
2882 3425 2995 3477 ἀλλ’
3022 3428 3054 3496 ἡ
3086 3426 3226 3496 λύπη
3246 3424 3397 3494 ὑμῶν
3426 3426 3500 3485 είς
3528 3428 3716 3492 χαρὰν

2138 3516 2448 3585 γενήσεται.
2482 3536 2501 3568 ι
2538 3519 2606 3569 Ἤ
2641 3514 2733 3570 οὖν
2764 3517 2846 3581 τὸ,
2897 3519 3110 3587 «Ἄρτι,
3136 3536 3155 3568 ι
3183 3519 3271 3570 διὰ
3304 3519 3367 3571 τὸ
3395 3518 3715 3587 ἀγαλλίαμε

2139 3607 2439 3677 προσετέθη
2462 3646 2476 3668 ,
2505 3607 2581 3670 ὡς
2609 3608 2701 3660 τοῦ
2744 3608 3029 3678 μέλλοντος
3072 3609 3408 3678 διαδέχεσθαι
3440 3609 3715 3673 ἀγαλλιά-

2141 3714 2328 3766 ματος,
2360 3698 2460 3748 ούκ
2485 3699 2496 3767 ξ
2520 3697 2605 3748 ἐπ’
2636 3697 2816 3765 ὀλίγον
2869 3698 3022 3761 ὄντος
3054 3736 3068 3761 ,
3106 3699 3220 3750 ἀλλ’
3263 3699 3358 3751 ἐπὶ⁸
3403 3699 3610 3768 μακρόν
3646 3716 3715 3750 τε

2137 3790 2234 3842 καὶ
2259 3790 2487 3859 ἄπειρον
2510 3806 2525 3821 ο
2558 3788 2592 3859 ἢ
2620 3790 2701 3855 τὸ,
2730 3807 2749 3839 ι
2775 3789 3002 3856 Ὀλίγον,
3030 3808 3051 3841 ο
3090 3791 3226 3861 πρὸς
3269 3790 3329 3843 τὸ
3373 3790 3714 3859 ἑπιφερόμις

2141 3896 2231 3933 νον
2260 3881 2505 3951 λυπηρὸν
2534 3881 2845 3948 λογιστέον
2882 3881 2968 3933 ἵνα
3059 3882 3230 3944 οὕτως
3262 3897 3277 3912 '
3314 3901 3334 3933 ι
3360 3882 3420 3935 El
3441 3882 3554 3935 δέον
3577 3880 3713 3951 ἄρτι

2139 3971 2287 4023 ἐστὶν
2317 3972 2500 4039 ὀλίγον
2533 3990 2552 4022 ι
2590 3971 2897 4040 λυπηθῆναι
2954 3990 2971 4022 ι
3002 3975 3058 4023 ἐν
3089 3975 3201 4035 τοῖς
3231 3974 3494 4034 ποικίλοις
3513 3989 3714 4039 πειρα-

2138 4068 2347 4132 σμοῖς.»
2395 4064 2531 4117 Ἀλλ’
2556 4064 2742 4134 ἐπειδὴ
2774 4064 2835 4116 τὸ
2873 4064 2980 4116 τῶν
3004 4066 3324 4136 πειρασμῶν
3355 4065 3575 4135 θόρυϐον
3612 4069 3711 4116 ἐν-

2135 4157 2349 4220 εποὶει,
2409 4157 2498 4208 διὰ
2544 4156 2703 4207 τοῦτο
2768 4159 3016 4226 ἐπήγαγε
3078 4158 3179 4226 τὴν
3221 4157 3330 4211 τῶν
3384 4156 3712 4225 πειρασμῶν

2134 4248 2334 4310 αἰτίαν,
2365 4248 2446 4299 ὅτι
2476 4245 2566 4298 διὰ
2609 4247 2813 4300 τούτων
2875 4267 2893 4299 ι
2922 4250 2983 4300 τὸ
3012 4249 3254 4319 δοκίμιον
3287 4249 3459 4318 ὑμῶν,
3487 4266 3505 4298 ι
3538 4265 3711 4315 (pave-

2141 4337 2376 4408 ρὼτερον
2427 4340 2634 4406 γίνεται
2701 4340 2793 4390 καὶ
2845 4357 2863 4390 ι
2893 4340 3218 4409 τιμιὼτερον
3278 4342 3523 4409 χρυσίου,
3577 4340 3709 4389 ἐπεὶ

2119 4433 2229 4484 ’καὶ
2273 4431 2402 4482 αὐτὸ
2445 4430 2878 4499 δοκιμαζόμενον
2904 4431 3076 4499 πυρὶ,
3142 4432 3345 4500 μᾶλλον
3394 4431 3705 4499 ἀνθρώποις

2137 4522 2532 4585 σπουδάζεται·
2592 4522 2919 4591 προστίθησι
2969 4523 3027 4574 δὲ
3082 4527 3174 4575 καί
3211 4522 3305 4585 τὸ,
3357 4541 3375 4572 ι
3410 4522 3469 4573 ΕΞ
3494 4522 3630 4585 δέον,
3678 4541 3700 4572 ι

2132 4614 2417 4680 διδάσκων,
2445 4613 2519 4674 ὡς
2553 4612 2675 4665 οὔτε
2704 4615 2808 4676 πᾶς
2834 4615 3018 4674 πιστὸ;
3054 4614 3369 4684 πειράζεται
3393 4614 3482 4666 διὰ
3518 4613 3709 4679 ϐλξςνξο

2133 4723 2225 4765 ων,
2278 4705 2401 4757 οὕτε
2446 4706 2552 4767 πᾶς
2580 4704 2926 4775 ἁμαρτωλός.
2971 4706 3108 4758 Ἀλλ’
3126 4707 3244 4758 οὐδὲ
3284 4705 3633 4773 εύθυνεῐταιὶ
3659 4709 3701 4774 f.

2133 4794 2341 4866 εὐθην.]
2379 4796 2586 4848 τούτων
2621 4796 2881 4865 ἑκάτερος
2930 4797 3011 4859 εἰς
3045 4797 3171 4849 ἀεί’
3219 4796 3333 4849 ἀλλ’
3365 4798 3414 4847 οἱ
3450 4796 3548 4864 μέν
3584 4782 3707 4845 ὀλισ-

2135 4885 2352 4954 6ὁμενοι
2372 4887 2592 4950 δίκαιοι,
2623 4889 2705 4950 είς
2735 4888 3053 4961 προσθήκην
3079 4888 3358 4955 στεφάνων
3378 4887 3708 4954 πάσχουσιν

2133 4980 2181 5030 οῖ
2221 4978 2275 5029 δὲ
2320 4979 2658 5050 ἁμαρτωλοὶ,
2704 4979 2788 5031 ἵνα
2820 4978 2930 5057 τριν
2965 4979 3254 5048 ἁμαρτιῶν
3283 4979 3440 5048 δίκην
3472 4978 3710 5030 ὲκτίσω-

2135 5088 2241 5123 σιν.
2291 5072 2365 5123 Οὐ
2420 5072 2620 5133 πάντες
2664 5069 2720 5122 δὲ
2758 5070 2959 5123 δίκαιοι
2995 5070 3265 5123 θλίϐονται
3296 5087 3312 5103 ο
3358 5070 3445 5122 ἵνα
3493 5068 3566 5137 μὴ
3596 5068 3709 5135 τὴν

2134 5164 2330 5214 κχκάν
2384 5159 2675 5228 ἐπαινετὴν
2722 5160 2991 5229 νομίσας,
3059 5162 3297 5232 μισήσῃς
3327 5160 3425 5230 τὴν
3474 5160 3705 5226 αρετῄν.

2104 5248 2271 5314 esse
2300 5251 2498 5315 πάντες
2525 5252 2573 5302 οἱ
2603 5250 2916 5319 ἁμαρτωλοὶ
2945 5250 3217 5303 θλίϐονται
3244 5267 3255 5278 ·
3296 5251 3380 5301 ἵνα
3413 5249 3485 5317 μὴ
3516 5248 3713 5316 ﬂend-

2134 5358 2323 5404 στασις
2356 5340 2659 5410 ἀπιστηθῇ,
2709 5340 2783 5403 ὼς
2827 5342 3045 5395 πάντων
3092 5339 3330 5394 ἐνταῦθα
3375 5340 3442 5391 τὰ
3487 5336 3714 5391 ἑαυτῶν

2131 5431 2305 5485 ἁπολα
2314 5430 2651 5508 μϐανόντων.
