4020 6214
532 230 668 295 “99

1443 224 2008 284 THEUPIIYLACTI
2056 225 2461 284 BULGARL‘E
2485 227 2835 289 ARCHIEP.

3616 231 3732 299 1200

521 344 706 398 sinuat
739 339 871 398 illis,
905 351 969 389 ne
1004 334 1316 389 incredulos
1349 349 1407 388 sc
1441 333 1717 402 praebeant
1747 334 1810 385 ad
1860 347 1947 397 ea,
1973 347 2095 402 qua:

2205 338 2625 411 προφητενμένα
2650 354 2662 364 '
2697 339 2778 390 ὅτι
2833 337 2964 408 μηδὲ
3020 337 3127 391 υἱοὶ
3160 340 3432 407 σώφρονες
3483 357 3735 414 xampr-

521 439 653 488 sunt
682 430 750 484 ab
780 428 984 484 eisdem
1014 426 1294 495 pr0phetis
1325 424 1690 494 prmnuntiata
1715 440 1730 477 :
1763 438 1886 478 nam
1915 440 2093 494 neque

521 524 641 586 tilii,
675 521 762 590 qui
816 523 1056 586 sapiunt,
1099 523 1355 585 paternos
1413 515 1630 569 labores
1683 529 1920 584 unquam
1971 531 2095 569 con-

523 618 787 667 temnunt.
828 608 880 661 Si
916 609 1059 660 enim
1103 607 1203 669 illi,
1236 606 1328 674 qui
1373 606 1447 660 nil
1512 605 1865 659 emolumenti
1905 621 2089 674 perges

2198 426 2415 478 νοῦνται
2452 431 2736 497 πατρικῶν
2771 430 2967 481 πόνων.
3006 430 3066 481 ΕΞ
3101 431 3208 499 γὰρ
3235 431 3412 495 αὐτοὶ,
3439 432 3600 502 μηδὲν
3635 438 3736 507 ὀνή-

2199 518 2392 570 σασοαι
2448 518 2752 587 μέλλοντες,
2803 521 3075 589 ἐζήτησαν
3107 523 3200 572 καὶ
3247 515 3446 590 εὗρον·
3499 524 3630 580 ἀλλά
3664 531 3739 580 καὶ

2197 609 2445 677 εὑρόντες
2495 609 2720 677 βιϐλίοις
2752 612 3102 676 ἐγκατίθεντο
3235 612 3540 684 ἐγκατέθ.],
3576 615 3740 688 ὥσπερ

525 708 668 778 pturi
710 713 889 764 erant,
935 701 1310 770 exquisierunt
1343 708 1520 752 tamen
1549 709 1603 754 et
1639 699 1999 762 invenerunt;
2032 713 2093 749 ac

2198 715 2314 751 τινα
2362 698 2559 768 κλῆρον
2603 702 3068 770 παραπέμποντες
3119 705 3251 771 ἡμῖν
3285 719 3300 735 ⁸
3329 705 3429 756 οὐκ
3477 707 3540 758 ἂν
3583 709 3737 776 ἡμεῖς,

525 807 782 866 prmterca
807 807 928 863 quae
961 793 1304 854 inveneram,
1354 792 1558 858 scripto
1589 788 2008 851 commiserunt,
2036 797 2094 840 ut

526 891 669 942 velut
706 886 1075 941 [nereditatem
1101 884 1391 952 quamdam
1423 883 1487 936 ad
1515 897 1614 937 nos
1640 883 2090 945 transmitterent,

524 981 765 1048 profecto
798 995 919 1042 ωε,
973 979 1171 1048 inquit,
1211 976 1402 1045 injusli
1437 990 1709 1038 essemus,
1743 975 1789 1029 si
1833 975 1946 1028 haec
1978 989 2096 1042 par-

523 1088 590 1125 vo
633 1076 684 1125 in
731 1072 907 1140 pretio
950 1073 1300 1124 haberemus.
1333 1069 1700 1134 Quamobrem
1754 1070 1921 1122 nolite
1968 1083 2090 1130 nos,

523 1165 613 1228 qui
653 1163 751 1215 ista
787 1164 940 1214 volsis
972 1161 1434 1230 cvangelizamus,
1468 1158 1623 1213 ﬂocci
1658 1159 1938 1222 facientes,
1984 1161 2095 1212 ina-

527 1272 646 1306 nem
685 1253 905 1306 reddere
937 1253 1380 1322 praedicationem
1429 1261 1695 1305 nostram.
1727 1249 1791 1303 Et
1837 1251 1950 1304 haec
1977 1252 2096 1319 qui-

524 1352 643 1398 deut
681 1345 747 1398 de
781 1343 1122 1413 providentia
1159 1341 1569 1411 prophetarum.
1597 1338 1670 1391 Ex
1701 1354 1766 1392 eo
1792 1355 1920 1394 vero
1949 1341 2092 1409 quoi

524 1436 836 1506 prmcogniti
869 1435 979 1490 sint
1006 1449 1035 1487 a
1065 1435 1190 1497 Deo,
1232 1441 1402 1486 terret
1445 1447 1562 1496 eos,
1615 1447 1682 1485 ne
1731 1433 1980 1504 indignos
2014 1435 2095 1487 di-

526 1532 646 1583 vina
707 1529 1047 1598 praescientia
1087 1543 1150 1580 ac
1189 1527 1472 1580 vocatione
1517 1538 1576 1578 se
1623 1522 1949 1588 exhibeant,
1980 1525 2094 1580 'sed

527 1621 708 1687 potius
757 1621 988 1674 invicem
1037 1634 1094 1674 se
1123 1618 1382 1678 excitent,
1434 1631 1544 1685 quo
1595 1613 1686 1668 Dei
1741 1615 1887 1670 dono
1944 1618 2092 1686 digiti

527 1713 679 1764 limit.

594 1801 753 1870 355
802 1799 964 1853 Vens.
1001 1799 1178 1853 11-12.
1243 1817 1261 1849 ι
1325 1798 1646 1856 Scrutantes
1713 1805 1766 1856 in
1815 1801 1960 1871 quod
2008 1798 2094 1854 vel

524 1894 683 1960 quale
717 1902 930 1960 tempus
985 1891 1319 1959 significaret
1356 1889 1408 1942 in
1440 1892 1521 1944 eis
1574 1892 1812 1960 Spiritus
1844 1891 2046 1946 Christi
2081 1908 2093 1943 :

533 1985 915 2051 praenuntiatus
938 1997 1030 2036 eas
1053 1997 1172 2050 qua:
1201 1981 1254 2032 in
1289 1980 1509 2036 Christo
1549 1994 1696 2048 sunt,
1731 1985 2014 2051 passiones
2045 1991 2098 2036 et

527 2075 852 2142 posteriores
881 2073 1104 2144 glorias.
1135 2071 1346 2136 Quibus
1380 2073 1677 2127 revelatum
1703 2081 1808 2139 est,
1835 2075 1961 2143 quia
1991 2089 2096 2128 non

525 2161 896 2230 sibimetipsis,
931 2161 1090 2215 nobis
1116 2173 1298 2214 autem
1347 2163 1734 2217 ministrabant
1780 2176 1865 2216 ca.
1905 2181 1922 2213 ι
1962 2161 2017 2216 Si
2047 2172 2099 2218 et

525 2255 757 2324 apostoli
785 2264 837 2306 et
869 2252 1147 2322 propheta:
1175 2252 1387 2322 Spiritu
1425 2261 1618 2309 sancto
1662 2254 1879 2309 afﬂante
1917 2255 2101 2310 edide-

529 2354 678 2407 runt,
739 2345 791 2397 hi
835 2344 1054 2412 quidem
1103 2344 1463 2413 prophetiam,
1503 2345 1578 2398 illi
1641 2354 1822 2400 autem
1850 2344 2100 2416 Evange-

527 2435 680 2494 limn,
717 2435 754 2486 ii
794 2434 869 2486 nil
902 2449 930 2486 a
963 2433 1244 2502 prnpbetis
1279 2431 1686 2502 discrepabant.
1719 2433 1946 2504 Oportet
2003 2437 2100 2505 igi-

529 2535 642 2586 tur,
689 2524 1100 2592 inquit,eodem
1158 2540 1255 2578 vos
1290 2524 1476 2580 studio
1531 2525 1685 2591 ferri,
1715 2541 1780 2580 ac
1812 2527 2097 2584 domestici

527 2617 916 2685 prophetarum
963 2615 1298 2682 ferebantur,
1372 2632 1440 2671 ne
1488 2632 1664 2686 pinna:
1719 2634 1932 2683 eorum,
2001 2620 2096 2690 qui

529 2707 811 2776 prophetis
840 2720 947 2760 non
979 2694 1356 2772 crediderunt,
1393 2709 1748 2778 subjaceatis.
1817 2710 2101 2765 Adnotan-

526 2800 652 2850 dum
689 2812 816 2851 vero
869 2796 1089 2852 Petrum
1123 2798 1408 2854 Trinitatis
1442 2803 1765 2871 mysterium
1817 2803 1998 2858 allatis
2042 2804 2097 2857 in

527 2889 706 2941 verbis
732 2888 1060 2956 patefacere.
1108 2887 1244 2942 Cum
1304 2890 1473 2956 enim,
1535 2891 1736 2962 inquit,
1801 2911 1819 2945 ι
1861 2891 2098 2964 Spiritus

2197 791 2350 856 φησὶ,
2391 789 2612 853 δίκαιοι,
2652 792 2778 860 περὶ
2819 790 2992 844 ταῦτα
3023 796 3515 864 καταφρονητικῶς
3558 798 3736 850 δ;ακεὶο

2199 897 2370 949 μενοι.
2405 881 2504 934 Διά
2534 899 2614 934 τοι
2645 879 2738 934 οὖν
2765 880 2922 934 τοῦτο
2959 883 3091 951 μηδὲ
3123 885 3268 952 ἡμᾶς
3311 887 3437 946 τοὺς
3470 885 3641 940 ταῦτα
3665 892 3737 940 εὐ-

2196 972 2651 1042 αγγελιζομένους
2685 975 2812 1042 ὑμῖν
2835 1015 2848 1037 ,
2893 973 3065 1026 ταῦτα
3105 977 3233 1043 περὶ
3262 977 3477 1043 φαύλων
3621 985 3740 1051 παρᾶ

2197 1062 2424 1133 φαῦλον]
2459 1063 2718 1129 τιθέντες,
2754 1064 2907 1117 κενὸν
2962 1067 3276 1134 ἀποφήνητε
3324 1068 3385 1119 τὸ
3432 1069 3738 1136 Εὑαγγέλιον

2195 1155 2371 1224 ἡμῶν.
2426 1156 2524 1208 Διά
2559 1156 2658 1226 μὲν
2689 1158 2781 1209 οῦν
2822 1158 2914 1211 τοῦ
2953 1159 3272 1228 προμηθοῦς
3304 1160 3412 1212 τῶν
3449 1164 3740 1232 προφητῶν.

2196 1246 2368 1300 ταῦτα
2392 1265 2405 1277 ·
2436 1248 2523 1301 διὰ
2555 1249 2609 1302 δέ
2641 1250 2733 1302 τοῦ
2769 1250 3146 1318 προεγνῶσοαι
3175 1251 3278 1303 ὑπὸ
3309 1250 3446 1304 Θεοῦ
3481 1253 3652 1320 φοϐεῖ,
3683 1255 3742 1321 μὴ

2197 1342 2446 1407 ἀναξίους
2482 1344 2710 1405 ἑαυτοὺς
2763 1344 2862 1411 τῆς
2911 1341 3004 1395 τοῦ
3039 1342 3174 1393 Θεοῦ
3212 1343 3578 1410 προγνώσεως
3634 1346 3741 1396 ἀπο-

2199 1431 2384 1502 φῆναι,
2420 1431 2554 1502 μηδὲ
2592 1431 2692 1501 τῆς
2727 1431 2832 1484 ὑπὸ
2881 1431 3072 1484 τούτου
3131 1432 3397 1501 κλήσεως,
3445 1433 3582 1486 ἀλλὰ
3609 1453 3738 1486 κατε.

2200 1525 2483 1594 πείγεσθαι
2514 1523 2758 1592 ἀλλήλων
2785 1525 2862 1586 είς
2885 1523 2944 1575 τὸ
2965 1522 3148 1586 ἀξίους
3171 1522 3424 1591 γενέσθαι
3439 1525 3538 1594 τῆς
3562 1525 3742 1596 δωρεᾶς

2197 1617 2290 1670 τοῦ
2327 1615 2487 1671 Θεοῦ.

2277 1817 2295 1850 ι
2341 1798 2760 1871 Ἐξερευνῶντες
2791 1799 2870 1860 εἰς
2901 1799 3018 1850 τίνα
3049 1801 3143 1850 καὶ
3172 1801 3323 1852 ποῖον
3353 1801 3542 1871 καιρὸν
3570 1801 3741 1871 ἐδήλου

2196 1890 2258 1945 τὸ
2292 1894 2348 1944 ἐν
2380 1892 2566 1954 αὐτοῖς
2597 1889 2822 1960 Πνεῦμα
2848 1890 3085 1959 Χριστοῦ
3118 1893 3662 1962 προμαρτυρούμενον
3685 1894 3743 1943 τὰ

2199 1984 2278 2044 εἰς
2325 1981 2560 2051 Χριστὸν
2602 1981 2899 2049 παθήματα
2931 1981 3022 2032 καὶ
3070 1981 3168 2043 τὰς
3205 1981 3344 2050 μετά
3387 1981 3560 2036 ταῦτα
3587 1982 3742 2046 δόξας.

2199 2072 2294 2138 Οἷς
2329 2073 2692 2142 ἀπεκαλύφθη
2714 2088 2729 2102 ·
2763 2073 2845 2125 ὃτι
2891 2073 2989 2142 οὐχ
3041 2073 3276 2135 ἑαυτοῖς,
3324 2074 3456 2143 ἡμῖν
3493 2073 3551 2126 δὲ
3581 2074 3745 2138 διηκό-

2198 2183 2324 2222 νουν
2355 2167 2514 2220 αὐτὰ.
2547 2185 2564 2216 ι
2595 2165 2658 2217 Ei
2693 2167 2786 2217 καὶ
2817 2165 2971 2216 αὐτοὶ
3006 2167 3097 2216 καὶ
3135 2166 3182 2217 ci
3217 2166 3494 2235 προφῆται
3521 2168 3578 2217 ἐν
3609 2163 3750 2218 uvas.

2203 2271 2331 2323 ματι
2375 2255 2512 2323 ἁγίῳ
2557 2253 2892 2322 ἐνήργησαν,
2940 2255 2987 2304 οἱ
3033 2254 3129 2321 μὲν
3170 2253 3268 2324 τὴν
3327 2256 3680 2324 προφητείαν,
3709 2255 3752 2305 οι

2198 2343 2255 2396 δέ
2295 2343 2356 2395 τὺ
2402 2343 2735 2410 Εὑαγγέλιον
2771 2358 2784 2372 ·
2812 2341 2962 2394 οὐδὲν
3000 2342 3204 2394 τούτων
3257 2341 3316 2394 τὸ
3344 2343 3604 2411 διάφορον
3636 2343 3750 2409 πρὸς

2198 2435 2326 2496 τοὺς
2359 2435 2666 2504 προφήτας.
2705 2437 2799 2485 Δεῖ
2829 2434 3009 2486 τοίνυν
3051 2433 3148 2500 τὴν
3188 2433 3360 2502 αὐτὴν
3407 2433 3575 2503 ὑμᾶς,
3616 2432 3751 2502 φησι,

2201 2525 2434 2596 σπουδὴν
2468 2525 2728 2592 εἰσάγειν,
2771 2527 2836 2596 ἦν
2896 2526 2991 2578 καὶ
3027 2525 3077 2578 oi
3133 2527 3390 2596 κατήκοοι
3420 2524 3529 2578 τῶν
3563 2540 3753 2592 προφηο

2198 2617 2328 2683 τῶν,
2376 2618 2462 2670 ἵνα
2497 2617 2571 2686 μὴ
2607 2620 2673 2687 τῇ
2711 2617 2820 2670 τῶν
2871 2617 3286 2687 ἀπειθησάντων
3321 2619 3434 2680 τοῖς
3472 2619 3756 2689 προφήταις

2200 2709 2545 2779 ὑποδληθῆτε
2600 2709 2875 2780 τιμωρίᾳ.
2923 2709 3352 2779 Ἑπισημαντέον
3411 2711 3489 2774 δὲ,
3545 2712 3625 2764 ὅτι
3679 2709 3756 2760 διὰ

2197 2800 2403 2854 τούτων
2451 2801 2514 2854 τὸ
2567 2801 2668 2872 τῆς
2717 2801 2948 2871 Τριάδος
3005 2803 3304 2872 μυστήριον
3339 2805 3367 2854 ὁ
3398 2803 3602 2872 Πέτρος
3634 2805 3756 2855 ἀπο-

2201 2893 2502 2946 καλύπτει’
2535 2893 2624 2946 διὰ
2657 2893 2751 2946 τοῦ
2800 2895 2974 2946 εἰπεῖν
2998 2895 3118 2964 μὲν,
3167 2915 3184 2946 ι
3212 2894 3434 2964 Πνεῦμα
3455 2893 3746 2965 Χριστοῦ,ι

525 2979 755 3045 Christi,
794 2999 811 3031 ι
845 2978 1041 3034 Filium
1080 2987 1133 3034 et
1185 2980 1448 3049 Spiritum
1511 2993 1758 3038 sanctum
1807 2985 2094 3054 exprimit;

2201 2989 2295 3040 τὸν
2341 2987 2473 3040 Υίὺν
2507 2987 2602 3040 καὶ
2643 2986 2704 3038 τὸ
2734 2985 2993 3055 Πνεῦμαο
3018 2987 3110 3039 τὸν
3168 2988 3224 3040 δὲ
3255 2987 3499 3056 Πατέρα,
3539 2987 3628 3040 διὰ
3674 2983 3758 3038 τοῦ

525 3069 740 3123 Patrem
771 3085 919 3136 vero,
952 3086 1076 3126 eum
1111 3070 1206 3135 ait,
1237 3090 1256 3122 ι
1293 3071 1365 3126 De
1409 3074 1550 3128 οαδιο
1583 3092 1596 3126 ε
1638 3092 1659 3125 ι
1687 3090 1796 3129 non
1827 3077 1971 3130 enim
2001 3093 2096 3145 per

526 3160 724 3213 cretum
768 3161 854 3212 hic
888 3163 1044 3215 locus
1079 3161 1280 3230 aliquis
1303 3163 1692 3232 intelligendus
1735 3175 1838 3228 est,
1873 3168 1968 3221 sed
1999 3184 2094 3235 per

526 3250 903 3306 excellentiam
941 3249 1084 3303 Deus
1113 3251 1247 3318 ipse.

604 3360 622 3393 ι
661 3341 791 3406 Qum
815 3353 961 3393 nunc
986 3339 1238 3392 nuntiata
1294 3348 1422 3394 sunt
1463 3340 1642 3406 vobis,
1699 3357 1794 3412 per
1850 3358 1946 3401 eos
1999 3347 2094 3416 qui

526 3434 1039 3501 evangelizaverunt
1092 3429 1269 3495 vobis,
1303 3429 1510 3501 Spiritu
1555 3441 1746 3490 sancto
1798 3435 1966 3492 misso
2029 3438 2096 3493 de

528 3522 689 3585 irwlo,
724 3522 776 3574 iu
811 3537 929 3590 qua:
979 3521 1056 3592 (ι)
1091 3520 1404 3576 desiderant
1452 3523 1630 3592 angeli
1697 3527 2026 3595 prospicere.
2073 3548 2092 3582 ι

526 3611 972 3665 Exhortationem
1002 3611 1089 3665 hic
1119 3612 1396 3666 subnectit
1435 3615 1718 3684 apostolus
1754 3633 1819 3671 ex
1873 3619 1939 3674 iis
1979 3634 2098 3688 qua:

528 3709 652 3755 ante
700 3701 752 3753 in
799 3702 1002 3756 honore
1050 3701 1292 3756 fuerunt.
1324 3704 1457 3756 Cum
1537 3708 1910 3775 praemisisset,
1953 3712 2095 3780 quod

528 3793 804 3861 prophetae
857 3793 1013 3847 nobis
1043 3794 1238 3848 salutis
1265 3805 1470 3850 nostra:
1509 3801 1764 3862 mysteria
1829 3803 2096 3856 submitti.

524 3884 772 3946 strarinl,
800 3891 850 3934 et
888 3882 1033 3952 quod
1057 3883 1156 3936 ista
1188 3882 1326 3937 adeo
1347 3884 1600 3940 sublimia
1627 3899 1826 3953 essent,
1855 3901 1912 3944 ut
1933 3892 2096 3946 etiam

524 3973 729 4042 angelis
757 3973 1011 4027 amabilia
1048 3973 1250 4039 forent,
1293 3975 1440 4043 quod
1498 3981 1738 4032 ostendit
1781 3997 1847 4035 ex
1889 3982 2095 4050 ltetitia,

525 4080 631 4132 qua
666 4064 769 4133 ipsi
801 4064 854 4117 in
884 4062 1181 4118 Nativitate
1216 4065 1428 4119 Domini
1460 4068 1776 4122 cecinerunt
1810 4089 1822 4124 :
1863 4089 1881 4122 ι
1914 4071 2097 4128 Gloria

525 4159 578 4208 in
605 4156 887 4210 altissimis
915 4154 1108 4209 Deo‘"
1146 4172 1160 4209 :
1191 4174 1208 4206 ι
1245 4171 1370 4210 cum
1400 4157 1534 4222 haec,
1569 4165 1813 4230 inquam,
1847 4165 2095 4231 dixisset,

522 4247 704 4301 subdit
736 4247 1027 4313 rationem,
1052 4262 1150 4302 cur
1175 4262 1236 4302 ea
1261 4248 1482 4311 dixerit,
1509 4253 1654 4306 hunc
1683 4253 1854 4310 ferme
1885 4255 1941 4309 in
1976 4273 2097 4312 mo-

522 4340 649 4391 dum
684 4355 696 4390 :
733 4339 788 4390 Si
811 4348 994 4392 nostra
1041 4339 1300 4394 omnibus
1350 4339 1567 4410 (nempe
1621 4358 1729 4397 non
1765 4349 1941 4400 solum
1999 4347 2096 4401 bo-

529 4430 785 4490 minibus,
818 4430 913 4482 sed
945 4430 1109 4484 etiam
1165 4431 1397 4502 angelis)
1447 4433 1700 4487 amabilia
1753 4444 1901 4503 sunt,
1934 4439 2096 4508 igitur

527 4531 580 4574 et
614 4537 710 4576 vos
745 4522 885 4574 hami
923 4537 1120 4592 segnes
1148 4530 1202 4576 et
1248 4523 1465 4588 incurii,
1500 4527 1593 4580 sed
1624 4526 1813 4582 fervidi
1848 4537 1902 4584 et
1927 4530 2096 4587 fortes

523 4630 645 4668 esse
682 4614 912 4667 debetis.
970 4615 1084 4669 Hoc
1124 4615 1268 4668 enim
1305 4616 1748 4685 signiticatillud,
1814 4638 1834 4670 r
1873 4623 2095 4690 praecin-

524 4705 598 4758 cti
634 4705 874 4759 lumbos:
907 4725 926 4756 ι
959 4707 1103 4776 quod
1137 4705 1300 4761 etiam
1332 4707 1435 4762 Job
1459 4709 1511 4762 in
1538 4712 1804 4766 mandatis
1830 4716 2040 4784 accepit
2066 4730 2096 4767 a

525 4795 654 4847 Deo.
697 4794 849 4858 Quod
907 4805 1083 4850 autem
1150 4796 1363 4852 lumbos
1387 4799 1662 4867 praecincti
1703 4814 1825 4856 esse
1895 4801 2089 4858 debea.

527 4901 669 4950 mus,
704 4885 962 4956 patefacit
989 4886 1196 4942 addens
1233 4905 1246 4939 :
1284 4905 1302 4939 ι
1339 4889 1537 4943 mentis
1566 4899 1783 4946 vestrm.
1813 4910 1832 4942 ι
1886 4892 1964 4946 Ita
1994 4893 2097 4964 igi-

525 4987 615 5032 tur
645 4977 969 5046 comparati,
992 4985 1044 5030 et
1080 4995 1098 5027 ι
1131 4979 1323 5046 sobrii,
1345 4979 1584 5049 perfecte
1620 4991 1836 5051 sperate
1870 4983 1922 5037 id
1952 4985 2094 5053 quod

526 5069 676 5123 vobis
707 5068 1066 5137 promittitur,
1140 5069 1435 5138 gaudium;
1489 5089 1506 5120 ›
1543 5073 1686 5140 quod
1716 5082 1799 5127 est
1840 5074 1992 5137 illud,
2029 5074 2096 5129 de

523 5175 631 5231 quo
662 5164 824 5230 paulo
860 5170 983 5216 ante
1016 5161 1345 5216 mentionem
1373 5162 1523 5226 facit,
1558 5179 1752 5234 nempe
1786 5165 2090 5221 habendum

524 5254 577 5306 in
605 5256 844 5307 secundo
868 5253 1070 5306 Christi
1100 5253 1356 5308 adventu.

631 5408 694 5437 ¹¹⁶
738 5405 871 5458 Luc.
911 5421 969 5469 ll,
993 5407 1078 5458 Μ.

2207 3080 2402 3145 εἰπεῖν,
2438 3097 2455 3130 ι
2495 3079 2626 3131 Ἀπὸ
2669 3077 2920 3148 οὐρανοῦ.
2945 3097 2962 3130 ›
3018 3079 3092 3130 Τὸ
3122 3079 3199 3141 δὲ,
3240 3098 3258 3131 ι
3313 3079 3432 3131 Ἀπ’
3475 3078 3755 3151 οὐρανοῦ,ι

2201 3171 2275 3240 μὴ
2295 3171 2532 3232 τοπικῶς
2556 3169 2745 3240 λάϐῃς,
2769 3169 2904 3222 ἀλλὰ
2923 3169 3044 3222 καθ’
3064 3170 3334 3239 ὑπεροχὴν
3353 3170 3762 3240 προηγουμένου

2197 3261 2354 3313 Θεοῦ.

2274 3371 2293 3404 ι
2327 3354 2392 3405 ’Λ
2441 3352 2536 3405 νῦν
2587 3353 2879 3422 ἀπηγγέλη
2914 3355 3042 3422 ὑμῖν
3071 3351 3162 3406 διὰ
3188 3353 3297 3405 τῶν
3330 3351 3760 3421 εὐαγγελισαμέο

2198 3463 2302 3499 νων
2339 3446 2484 3514 ὑμᾶς
2518 3447 2576 3497 ἐν
2609 3443 2890 3516 Πνεῦματι
2931 3444 3071 3514 ἁγίῳ
3097 3445 3451 3498 ἀποσταλέντι
3479 3442 3577 3496 ἀπ’
3607 3444 3762 3512 οὑρι-

2197 3535 2314 3600 νοῦ,
2347 3537 2428 3598 εἰς
2487 3534 2524 3589 ἃ
2563 3535 2928 3604 ἐπιθυμοῦσιν
2979 3535 3198 3603 ἄγγελοι
3237 3534 3586 3604 παρακύψαι.
3617 3553 3636 3585 ι
3677 3533 3762 3585 Δί-

2200 3629 2517 3697 τιολογικῶς
2542 3629 2650 3682 ἀπὸ
2701 3630 2808 3682 τῶν
2839 3629 3330 3700 προτετιμημένων
3382 3630 3416 3697 ἡ
3479 3627 3764 3697 παράκλη-

2202 3739 2306 3785 σις.
2356 3720 2540 3774 Εἰπὼν
2589 3720 2717 3792 γάρ,
2754 3722 2838 3775 ὃτι
2876 3723 2923 3774 οἱ
2958 3721 3234 3790 προφῆται
3282 3720 3762 3788 διηκόνησανὴμῖν

2199 3812 2268 3866 τὰ
2320 3811 2423 3882 τῆς
2475 3812 2752 3882 σωτηρίας
2799 3812 2958 3881 ἡμῶν
2984 3829 2996 3841 ο
3037 3811 3211 3866 ταῦτα
3240 3810 3299 3864 δὲ
3332 3810 3505 3873 οὕτως
3534 3806 3606 3880 ἦν
3645 3811 3765 3862 θαυ-

2203 3903 2404 3974 μαστὰ,
2440 3903 2514 3966 ὡς
2548 3905 2642 3956 καὶ
2687 3902 2940 3970 ἀγγέλοις
2989 3903 3228 3972 ἐράσμια
3270 3901 3617 3972 καταστῆναι
3662 3898 3769 3967 (καὶ

2201 3990 2280 4042 ὃτι
2319 3991 2558 4059 ἐράσμια
2593 3991 2778 4052 αὐτοῖς
2822 3990 3017 4053 ταῦτα,
3056 3990 3256 4055 ἔδειξεν
3286 3992 3379 4058 ἀφ’
3405 3987 3481 4043 ῶν
3528 3995 3596 4044 ἐκ
3623 4006 3770 4059 περι-

2201 4082 2427 4151 χαρείας
2451 4084 2508 4134 ἐν
2541 4084 2604 4151 τῇ
2636 4083 2888 4151 γεννήσει
2921 4083 3183 4153 Χριστοῦ,
3216 4083 3298 4149 τὸ,
3341 4101 3359 4134 ι
3387 4079 3621 4149 Δόξαέν
3661 4080 3772 4151 ὑψί-

2205 4188 2347 4234 στοις
2377 4172 2514 4242 Θεῷ,
2544 4191 2564 4224 ι
2599 4171 2904 4242 ἐμελῴδουν
2927 4172 2946 4243 )
2973 4189 2987 4203 ο
3019 4175 3190 4228 εἰπὼν
3226 4170 3319 4228 οὖν
3351 4174 3550 4237 ταῦτα,
3585 4174 3777 4240 ἐπάγει

2201 4263 2406 4314 τούτων
2450 4261 2511 4314 τδ
2555 4263 2748 4327 αἴτιον,
2801 4263 2893 4315 καί
2946 4279 3147 4332 φησιν’
3189 4265 3343 4317 Ἐπεὶ
3370 4261 3465 4316 οῦν
3499 4263 3684 4317 ταῦτα
3713 4262 3774 4313 τὰ

2127 4358 2171 4412 1)
2200 4352 2451 4423 ἡμέτερα
2494 4356 2658 4406 πᾶσιν
2702 4355 2964 4424 ὲράσμια,
2993 4356 3053 4408 οὐ
3087 4357 3248 4424 μόνον
3279 4357 3622 4428 ἀνθρώποις,
3653 4356 3779 4410 ἀλλὰ

2205 4447 2297 4498 καὶ
2330 4445 2602 4513 ἀγγέλοις,
2636 4447 2768 4515 μηδὲ
2794 4431 2952 4516 ὑμεῗς
2981 4447 3202 4517 ἀμελῶς
3233 4449 3370 4519 πρὸς
3395 4448 3578 4503 ταῦτα
3606 4450 3777 4502 διατε·

2203 4536 2355 4606 θῆτε,
2423 4537 2557 4588 ἀλλὰ
2643 4539 3012 4600 συντείναντες
3069 4540 3314 4603 ἑαυτοὺς,
3365 4541 3461 4594 καὶ
3509 4540 3780 4611 ἀνδρικῶς

2201 4626 2540 4688 διατεθέντες
2574 4627 2768 4695 (τοῦτο
2812 4630 2922 4698 γὰρ
2977 4630 3131 4699 δηλοῖ
3171 4630 3262 4684 διὰ
3295 4630 3414 4694 τοῦ,
3457 4632 3780 4695 Ἀναζώσα-

2204 4719 2296 4770 σθε
2337 4737 2355 4769 ι
2387 4718 2483 4782 τὰς
2507 4719 2714 4786 ὀσφύας
2735 4740 2747 4750 ·
2776 4739 2792 4771 ο
2830 4722 2858 4774 ὃ
2881 4723 2974 4775 καὶ
3016 4722 3137 4775 Ἰὼϐ
3166 4725 3581 4795 προστάσσεται
3640 4727 3785 4790 παρὰ

2201 4809 2295 4862 τοῦ
2328 4809 2496 4862 Θεοῦ·
2539 4811 2743 4878 ὀσιρύας
2767 4811 2823 4863 δὲ
2851 4812 3021 4876 τίνας,
3043 4815 3341 4883 ἐσήμανεν,
3375 4814 3456 4866 ὅτι
3505 4816 3618 4877 τὰς
3653 4834 3671 4864 ε
3694 4815 3785 4878 τῆς

2202 4901 2439 4964 διανοίας
2466 4921 2484 4952 ι
2527 4902 2710 4970 λέγει)
2740 4921 2752 4932 '
2786 4902 2960 4965 οὕτως
2988 4904 3081 4957 οῦν
3125 4907 3667 4974 παρεσκευασμένοι
3699 4903 3790 4957 καὶ

2211 4995 2536 5063 «νήφοντες,
2585 4994 2808 5059 τελείως
2872 4995 3131 5048 ἐλπίσατε
3175 4999 3268 5048 ἐπὶ
3317 4996 3416 5066 τὴν
3461 4997 3790 5067 φερομένην

2203 5084 2332 5152 ὑμῖν
2379 5085 2573 5154 χαράν.
2601 5104 2619 5135 ι
2681 5085 2826 5154 Αὕτη
2861 5085 2917 5139 δέ
2949 5089 3115 5152 ἐστιν,
3147 5089 3214 5157 ἢν
3245 5087 3340 5140 καὶ
3392 5087 3501 5156 πρὸ
3553 5087 3792 5158 βραχέος

2201 5175 2360 5244 φησι,
2392 5168 2533 5228 κατὰ
2565 5177 2663 5244 τὴν
2689 5175 2949 5246 δευτέραν
2979 5177 3073 5230 τοῦ
3099 5177 3304 5247 Κυρίου
3337 5180 3691 5248 παρουσίαν.

1736 5537 2042 5601 Bonifacii
2078 5541 2306 5604 Finetti
2350 5546 2536 5602 notis.

595 5621 671 5689 (ι)
707 5618 864 5690 Vulg.
905 5637 1081 5687 quem.
