4020 6214
419 369 554 433 ιεοι

1143 369 1545 432 EXPOSITIO
1583 369 1667 431 IN
1704 369 1944 432 EPIST.
1982 372 2010 431 Ι
2052 371 2113 432 S.
2139 369 2390 431 PETRI.
2429 395 2498 405 -
2525 371 2681 431 CAP.
2720 371 2768 430 Ῐ.

3532 377 3673 440 12ῒὲ

485 482 619 536 (Διὸ
670 482 1084 554 ἀναζωσάμενοι
1160 483 1260 546 τὰς
1331 480 1539 552 ὀσφύας
1592 483 1693 551 τῆς
1750 482 1987 546 διανοίας

2165 481 2332 539 Vsus.
2367 483 2552 538 15-16.
2615 502 2632 535 ι
2696 483 2927 555 Propter
2964 487 3108 555 quod
3154 490 3419 544 succincti
3455 496 3665 547 Ιιιιιιιιος

409 573 587 644 ὑμῶν,
624 574 913 645 νήφοντες,
943 574 1164 637 τελείως
1196 573 1455 628 δλπίσατε
1495 574 1587 627 ὲπὶ
1619 574 1717 644 τὴν
1747 573 2007 646 φερομέτ

408 682 507 732 νην
543 665 670 733 ὑμῖν
698 667 857 737 χάριν
888 666 947 718 ἐν
978 664 1324 734 ἀποκαλύψει
1371 664 1549 735 Ἰησοῦ
1601 664 1844 735 Χριστοῦ
1867 682 1880 695 ’
1910 665 1986 729 ὡς

412 755 577 810 τέκνα
611 757 880 828 ὑπακοῆς,
918 758 994 829 μὴ
1031 758 1574 828 συσχηματιζόμενοι
1614 761 1734 821 ταῖς
1781 759 1983 827 πρότε-

414 865 508 918 ρον
535 851 593 902 ὲν
618 852 683 920 τῇ
723 850 915 922 ἀγνοίᾳ
944 851 1101 921 ὑμῶν
1131 850 1453 921 ἐπιθυμίαις
1479 867 1499 882 α
1532 851 1670 905 ἀλλά
1701 851 1846 904 κατά
1893 853 1985 904 τὸν

413 938 719 992 καλέσαντα
742 939 885 1010 ὑμᾶς
919 940 1133 1008 Ἀγιον,
1159 941 1253 995 καὶ
1311 940 1467 993 αὑτοὶ
1522 940 1669 1006 ἅγιοι
1722 942 1780 993 ὲν
1837 940 1985 1010 πάσῃ

409 1030 723 1102 ἀναστροφῇ
757 1030 1047 1103 γενήθητε.
1080 1032 1225 1086 Διότι
1254 1032 1567 1109 γέγραπται
1588 1048 1603 1064 ·
1627 1031 1811 1099 Ἀγιοι
1840 1032 1985 1101 γίνε-

421 1120 542 1187 σθε,
593 1122 677 1175 ὅτι
727 1121 855 1192 ὲγὼζ
892 1122 1048 1192 ἅγιός
1093 1124 1280 1193 είμινι
1338 1121 1822 1195 Συσχηματισμδν,
1886 1122 1987 1194 τὴν

414 1209 837 1279 συμπεριφορὰν
872 1209 971 1280 τὴν
1011 1209 1149 1281 πρὸς
1189 1211 1258 1265 τά
1290 1210 1594 1282 πράγματα
1644 1212 1714 1266 τά
1744 1211 1987 1283 παρόντα

411 1293 561 1364 λέγει
588 1312 603 1327 ·
650 1296 680 1351 ὅ
720 1314 865 1361 τινες
919 1298 1029 1351 τῶν
1073 1298 1319 1369 ἀνοήτων
1370 1299 1489 1372 [καὶ
1525 1300 1645 1372 νῦν]
1686 1318 1871 1369 φασιν,
1902 1302 1985 1356 ὅτι

325 1424 344 1449 ,
411 1384 664 1456 πρὸς’τά
708 1388 1012 1457 πράγματα
1063 1386 1201 1460 [δεῖ]
1254 1387 1608 1457 διαγίνεσθαι.
1671 1389 1843 1445 Τοῦτο
1896 1390 1989 1445 οὖν

413 1478 595 1541 ἐᾶσαι,
642 1479 720 1544 ὡς
769 1480 1019 1550 μάταιον,
1076 1479 1364 1553 [κελεύει,]
1394 1483 1507 1535 εῖτε
1541 1483 1600 1536 ὲν
1627 1482 1848 1551 γνώσει,
1878 1483 1987 1538 είτε

412 1568 509 1624 καὶ
564 1571 660 1625 «ιν
718 1571 952 1643 ἀγνοίᾳ»
997 1571 1174 1643 ταύτῃ
1223 1572 1330 1642 πρὸ
1371 1572 1564 1627 τούτου
1596 1574 1987 1646 ἐνεσχέθησαν.

415 1675 440 1715 ι
476 1659 632 1716 Ἀλλά
662 1679 682 1713 ι
719 1660 835 1726 νῦν,
862 1660 1079 1733 [λέγει,]
1109 1661 1186 1729 τῷ
1213 1663 1506 1717 καλέσαντι
1540 1681 1561 1715 ι
1585 1663 1990 1734 συσχηματιζό-

414 1747 588 1816 μιενοι.
618 1764 637 1799 ι
686 1747 851 1818 ⁹λθιγίῳ
877 1748 1014 1812 ᾶντι,
1051 1767 1069 1800 ι
1097 1750 1243 1819 ἀγιοι
1271 1751 1367 1804 καὶ
1394 1751 1550 1805 αὑτοὶ
1589 1752 1826 1819 γίνεσθε.
1854 1773 1875 1806 ο

2095 578 2297 632 mentis
2331 587 2546 644 vestrze,
2580 578 2749 631 sobrii
2784 586 3001 647 sperate
3037 579 3090 632 in
3126 593 3407 651 eam,qu:c
3436 583 3667 639 offertur

2091 672 2269 735 vobis,
2331 672 2585 741 gratiam,
2646 673 2698 725 in
2734 673 3121 728 revelationezn
3176 674 3307 729 .lesu
3381 677 3585 733 Christi
3637 696 3653 735 :

2089 765 2245 833 quasi
2284 763 2380 818 ﬁlii
2443 764 2790 827 obedientiam
2840 779 2948 819 non
3003 764 3333 834 contigurati
3386 768 3666 837 prioribus

2093 856 2415 926 ignorantia!
2453 865 2650 913 vestrae
2688 857 3002 912 desideriis.
3056 857 3162 912 Sed
3198 858 3496 913 secundum
3543 877 3668 916 eum

2090 948 2179 1016 qui
2208 949 2421 1002 vocavit
2449 964 2567 1013 vos,
2601 947 2888 1012 Sanctum,
2936 956 2991 1003 et
3031 949 3134 1019 ipsi
3170 951 3224 1004 in
3253 951 3401 1004 omni
3436 966 3665 1007 conver-

2092 1038 2307 1093 satione
2337 1041 2510 1094 sancti
2540 1040 2680 1096 sitis.
2716 1039 2983 1107 Quoniam
3014 1040 3283 1111 scriptum
3325 1049 3409 1097 est
3442 1060 3455 1094 :
3483 1039 3665 1097 Sancti

2090 1128 2268 1195 eritis,
2293 1131 2554 1201 quoniam
2607 1147 2708 1203 ego
2764 1139 2991 1187 sanctus
3044 1148 3190 1186 sum.
3244 1152 3260 1181 ι
3325 1131 3667 1204 Conligurari

2090 1221 2182 1277 hic
2206 1231 2364 1276 vocat
2395 1223 2559 1277 rebus
2587 1225 2950 1293 praesentibus
2996 1223 3381 1292 circumferri;
3434 1235 3494 1278 ιιι
3542 1226 3668 1289 qui-

2090 1311 2212 1365 dam
2244 1311 2565 1381 insipientes
2588 1320 2640 1367 et
2661 1327 2812 1367 nunc
2866 1314 3079 1374 dicunt,
3112 1321 3367 1383 oportere
3405 1313 3585 1368 sinere
3612 1331 3670 1367 se

2092 1406 2454 1474 pra-sentibus
2485 1404 2648 1461 rebus
2697 1403 2848 1460 ferri.
2896 1403 3013 1459 Hoc
3038 1405 3242 1474 itaque,
3281 1414 3539 1473 tanquam
3576 1421 3669 1458 va.

2092 1512 2248 1559 num,
2271 1498 2356 1552 cui
2378 1497 2645 1552 hactenus
2686 1497 2801 1552 sive
2837 1497 3094 1558 scientes,
3119 1499 3231 1552 sive
3260 1516 3277 1547 ι
3304 1496 3617 1562 ignorantes
3646 1514 3663 1546 ι

2093 1591 2462 1657 adhaeserunt,
2508 1598 2567 1643 ut
2592 1590 2924 1659 relinquant,
2955 1588 3200 1658 praecipit
3226 1605 3238 1640 :
3272 1606 3290 1639 ι
3318 1587 3422 1642 Sed
3443 1604 3608 1644 nunc.
3645 1608 3662 1639 ι

2094 1682 2289 1751 inquit,
2326 1700 2344 1734 ι
2406 1680 2730 1751 conﬁgurali
2771 1700 2789 1732 ι
2829 1680 2927 1745 illi,
2985 1680 3075 1749 qui
3120 1696 3242 1733 vere
3282 1680 3513 1732 Sanetus
3566 1689 3669 1738 est.

2100 1791 2119 1823 ι
2148 1780 2201 1825 et
2233 1787 2332 1826 vos
2359 1773 2534 1827 sancti
2564 1778 2763 1825 estote.
2802 1790 2821 1821 ι

489 1854 511 1890 ι
542 1839 654 1892 Καὶ
704 1841 754 1893 ei
790 1841 1015 1911 Πατέρα
1059 1841 1410 1895 ἐπικαλεῖσθε
1457 1842 1548 1896 τὸν
1589 1843 1990 1915 ἀπροσωπολή-

2104 1818 2118 1823 -
2806 1818 2880 1910 νΕι
2907 1859 2950 1913 si
2974 1855 3192 1911 Patrem
3229 1858 3494 1911 invocatis
3522 1873 3670 1919 eum,

412 1944 566 1991 πτως
592 1929 852 1999 κρίνοντα
882 1930 1025 1984 κατὰ
1056 1930 1119 1985 τὺ
1148 1930 1380 1986 ἑκάστου
1408 1933 1592 2004 ἔργον,
1625 1936 1684 1989 ὲν
1718 1935 1869 2005 φόϐῳ
1898 1937 1990 1988 τὸν

412 2017 513 2086 τῆς
560 2019 855 2089 παροικίας
889 2021 1044 2091 ὑμῶν
1097 2022 1287 2093 χρόνον
1333 2025 1718 2096 ἀναστράφητε
1742 2041 1757 2056 ·
1790 2026 1989 2089 εἰδότες

413 2105 497 2157 ὃτι
525 2105 586 2157 οὑ
616 2105 897 2177 φθαρτοῖς,
924 2110 1176 2182 ἀργυρίῳ
1208 2111 1240 2181 ἢ
1273 2112 1505 2183 χρυσίῳ,
1543 2114 1888 2184 ἐλυτρώθητε
1925 2117 1990 2168 ὲκ

410 2195 512 2265 τῆς
560 2196 801 2266 ματαίας
856 2198 1010 2269 ὑμῶν
1064 2202 1553 2273 πατροπαραδότου
1612 2202 1985 2275 ἀναστροφῆς,

412 2286 552 2345 ἀλλά
587 2288 761 2359 τιμίῳ.
796 2290 996 2356 αἵματι
1044 2291 1120 2353 ὡς
1159 2291 1334 2361 ἀμνοῦ
1372 2296 1465 2345 καὶ
1512 2293 1673 2364 [vulg].
1731 2312 1837 2348 om.
1870 2295 1986 2367 xui]

412 2375 648 2447 ἀμώμου
673 2379 770 2432 καὶ
802 2381 1035 2434 ἀσπίλου
1056 2382 1318 2451 Χριστοῦ.
1348 2400 1368 2435 ι
1403 2385 1590 2439 Διττδν
1620 2387 1653 2454 ἡ
1680 2385 1867 2455 Γραφὴ
1898 2387 1988 2438 τὸν

413 2467 580 2538 φόϐον
607 2463 713 2522 οἶδε
736 2487 751 2501 ·
783 2469 877 2523 τὸν
903 2471 1003 2541 μὲν
1031 2474 1531 2542 προκαταρκτικὸν,
1563 2475 1656 2528 τὸν
1685 2475 1742 2529 δὲ
1763 2476 1985 2529 τελειω-

412 2559 587 2614 τικόν.
630 2560 1114 2631 Προκαταρκτικδν
1168 2563 1287 2632 μὲν,
1328 2561 1386 2626 ὃς
1438 2564 1532 2617 καὶ
1586 2565 1987 2632 στοιχειωτικός

411 2651 551 2716 ἔστι,
587 2651 679 2705 τὸν
727 2652 815 2707 διά
857 2652 1020 2720 φόϐον
1055 2653 1166 2706 τῶν
1193 2654 1603 2725 πεπραγμένων
1629 2658 1734 2706 τινὶ
1761 2656 1897 2724 πρὸς
1928 2655 1988 2707 τὸ

415 2744 715 2811 σωφρονεῖν
749 2741 1183 2813 ἐκκαλούμενονι
1216 2744 1559 2801 τελειωτικδν
1579 2745 1657 2809 δὲ,
1680 2746 1768 2798 τὸν
1790 2745 1853 2818 [Ῑ.
1883 2748 1994 2818 to],

413 2834 507 2886 διὰ
550 2834 611 2887 τὸ
660 2833 979 2887 τελειῶσθαι
1005 2834 1076 2906 ΠΖ
1104 2834 1412 2909 -οῦσθαι]
1453 2837 1512 2889 ὲν
1546 2840 1614 2907 τῇ
1658 2839 1846 2910 ἀγάπῃ
1893 2840 1986 2892 τοῦ

414 2927 552 2995 πρὶς
579 2927 638 2979 ὃν
691 2926 840 2993 φιλία
885 2928 1161 2991 σπεύδειν,
1217 2930 1521 2996 φοϐεῖσθαι,
1561 2932 1634 3000 μή
1677 2949 1727 2984 τι
1782 2932 1988 2985 τούτων

416 3014 567 3085 αὐτῷ
602 3015 764 3077 ἐνδεῖ,
799 3010 875 3070 ὧν
897 3034 983 3080 τις
1015 3017 1080 3088 If.
1119 3017 1254 3089 τοῖς]
1296 3020 1501 3089 σφόδρα
1534 3021 1818 3087 ἀγαπῶσιν
1839 3023 1988 3089 ὀφεί-

413 3106 589 3165 λεται.
639 3105 980 3175 ’Υπόδειγμα
1017 3108 1109 3160 τοῦ
1147 3108 1388 3177 πρώτου,
1431 3109 1491 3172 ὃς
1523 3111 1618 3163 καὶ
1654 3127 1984 3180 στοιχειωτι-

2097 1952 2187 2020 qui
2221 1954 2339 2006 sine
2370 1949 2690 2019 acceptione
2718 1962 3083 2018 personarum
3129 1948 3339 2017 judiCat
3371 1948 3667 2004 secundum

2096 2042 2535 2110 uniuscujusque
2563 2055 2725 2111 npus,
2783 2040 2837 2094 in
2900 2040 3100 2094 timore
3160 2039 3431 2096 incolatus
3502 2038 3671 2091 vestri

2093 2140 2337 2199 tempore
2369 2129 2797 2194 cenversamini,
2858 2129 3100 2184 scientes
3132 2128 3277 2197 quod
3309 2142 3415 2181 non
3483 2142 3677 2182 corru-

2095 2223 2375 2290 ptibilihns
2408 2236 2543 2273 auro
2570 2221 2655 2275 vel
2688 2230 2913 2288 argento
2942 2219 3207 2286 redempti
3253 2217 3409 2283 estis,
3443 2217 3511 2270 de
3534 2232 3671 2270 vana

2095 2320 2273 2365 vestra
2303 2311 2719 2365 conversatione
2771 2316 3011 2379 paterna:
3041 2306 3377 2373 traditionis,
3428 2307 3521 2361 sed
3553 2322 3668 2373 pre-

2097 2405 2239 2456 tioso
2264 2404 2537 2472 sanguine
2586 2402 2749 2471 quasi
2787 2400 2917 2470 agni
2965 2398 3301 2454 immaculati
3380 2396 3583 2451 Christi
3622 2408 3675 2449 et

2097 2493 2539 2547 inmutaminati.
2583 2511 2603 2545 ι
2643 2491 2921 2562 Duplicem
2981 2492 3233 2545 timorem
3287 2487 3438 2542 novit
3483 2486 3669 2547 Serip-

2095 2595 2218 2639 tura
2269 2604 2283 2638 ε
2347 2585 2676 2639 initiativnm
2728 2598 2931 2649 unum,
3011 2581 3238 2635 aiterum
3298 2577 3672 2649 perfectivmn.

2098 2678 2426 2740 luitiulit'us,
2459 2677 2551 2744 qui
2610 2684 2664 2730 et
2721 2673 3095 2735 eiementaris,
3148 2680 3235 2726 est
3288 2686 3397 2735 quo
3435 2670 3561 2738 quis
3612 2685 3675 2721 ex

2095 2766 2343 2829 improha
2367 2766 2431 2818 ad
2462 2766 2744 2818 honestam
2776 2764 2940 2816 vitam
2969 2767 3291 2814 revocatur:
3324 2756 3675 2827 perfectivus.

2097 2873 2204 2923 quo
2233 2858 2376 2922 quis,
2405 2863 2691 2921 prnpnerea
2732 2854 2875 2918 quod
2912 2853 2966 2905 in
2999 2851 3146 2917 eius,
3174 2849 3335 2916 cuius
3419 2846 3681 2900 ιιιιιίοἰιῑίο

2094 2947 2302 3011 eludet,
2364 2961 2551 3003 amore
2611 2944 2912 3015 perﬁcitur,
2977 2943 3128 2997 timet
3194 2956 3264 2995 ne
3318 2938 3393 2992 illi
3473 2936 3675 3005 aliquid

2097 3057 2284 3092 eorum
2351 3039 2517 3100 desit,
2610 3052 2730 3107 quze
2802 3036 2927 3103 quis
3007 3035 3253 3105 inpense
3326 3028 3681 3099 diligentibus

2098 3129 2280 3181 debet.
2314 3129 2629 3197 Exemplum
2665 3126 2846 3197 primi,
2891 3140 2986 3180 seu
3036 3121 3403 3179 elementaris,
3430 3130 3512 3173 est
3547 3116 3677 3170 illud

414 3197 511 3261 κός
533 3196 749 3260 ὲστι,τδ
782 3199 842 3250 ἐν
877 3199 1130 3268 Ψαλμοῖς
1175 3200 1490 3268 εἰρημένον,
1525 3201 1607 3262 τὸ,
1655 3221 1675 3251 ι
1698 3202 2005 3272 Φοϐηθήτω

2097 3221 2323 3285 quodin
2388 3196 2621 3271 Psalmis
2669 3196 2928 3270 dicitur:
2999 3230 3017 3263 ι
3097 3210 3314 3263 Timeat
3391 3206 3680 3260 Dominum

412 3288 505 3342 τὸν
530 3288 740 3360 Κύριον
766 3289 914 3341 πᾶσα
944 3290 976 3356 ἡ
1018 3289 1111 3356 γῆ,
1141 3306 1160 3337 ι
1216 3287 1365 3340 τοῦτ’
1386 3288 1554 3354 ἔστιν,
1578 3284 1659 3351 οἷς
1679 3291 1832 3341 οὐδὲν
1865 3295 1994 3361 μελ-

412 3381 496 3434 λει
545 3378 609 3452 [Ῑ.
659 3376 837 3449 μέλει]
875 3377 1133 3447 οὐρανίου
1182 3380 1567 3447 φρονήματος,
1618 3379 1756 3433 ἀλλά
1799 3383 1989 3452 γηῖνου

416 3469 800 3540 ματαιότητος.
832 3467 898 3517 Τί
919 3466 1026 3532 γὰρ
1046 3466 1112 3518 ἀν
1136 3467 1382 3532 πάθοιεν,
1404 3485 1427 3518 ι
1453 3468 1583 3519 ὅταν
1601 3469 1807 3538 ἀναστῇ
1826 3470 1991 3539 θραῦ-

418 3575 508 3612 σαι
554 3557 654 3628 τὴν
693 3557 835 3626 γῆγς
863 3575 882 3609 ι
912 3556 1018 3609 Τοῦ
1058 3557 1311 3625 δευτέρου
1345 3557 1425 3622 δὲ,
1468 3557 1563 3610 τοῦ
1597 3558 1989 3627 τειλειωτικοῦ,

416 3651 580 3718 λέγω,
607 3648 636 3702 ὃ
663 3648 756 3702 καὶ
783 3649 913 3701 αὑτὸ
946 3649 1097 3718 παρά
1126 3649 1204 3716 τῷ
1238 3648 1402 3701 Δαϐῖδ
1442 3648 1589 3702 ἔστιν
1612 3650 1794 3721 εὑρεῖν
1826 3652 1886 3703 ἐν
1911 3647 1994 3714 οἷς

410 3742 597 3815 λέγει’
632 3758 651 3792 ι
676 3738 951 3809 Φοϐήθητε
996 3739 1089 3790 τὸν
1129 3736 1357 3811 Κύριον,
1400 3740 1606 3803 πάντες
1638 3741 1687 3793 οί
1716 3741 1860 3808 ἅγιοι
1894 3743 1993 3794 αὑ·
2015 3780 2033 3794 .

413 3833 532 3893 τοῦ,
548 3831 631 3884 ὅτι
659 3830 761 3884 οὑκ
784 3829 931 3882 ἐστιν
948 3830 1232 3899 ὑστέρημα
1255 3832 1367 3892 τοῖς
1392 3829 1747 3900 φοϐουμένοις
1773 3832 1989 3884 αὑτόν-ι

421 3923 514 3977 καὶ
541 3922 725 3986 πάλιν,
766 3939 785 3972 ι
817 3920 876 3973 '0
924 3920 1090 3989 φόϐος
1140 3920 1370 3991 Κυρίου,
1402 3920 1585 3988 ἁγνὸς,
1615 3921 1885 3990 διαμένων
1915 3926 1992 3988 είς

420 4012 592 4066 αἰῶνα
632 4012 845 4075 αἰῶνος.
875 4030 894 4064 ι
948 4012 1106 4066 Κατὰ
1141 4011 1330 4063 τοῦτον
1361 4010 1453 4063 οὑν
1502 4008 1594 4062 τὸν
1650 4009 1995 4064 τελειωτικὸν

419 4108 587 4177 φόϐον
614 4107 709 4160 καὶ
739 4107 946 4178 Πέτρος
990 4104 1303 4176 παρακαλεῖ
1344 4102 1439 4157 νῦν
1483 4102 1818 4159 διατίθεσθαι
1870 4105 1996 4167 τοὺς

423 4194 700 4264 ὑπηκόους
745 4192 918 4262 αὑτῷ,
979 4193 1229 4262 φάσκων,
1277 4192 1353 4256 ὼς
1388 4191 1543 4245 Ἐπεὶ
1606 4194 1677 4247 δι’
1714 4193 1997 4265 οῖκτιρμδν

423 4287 629 4356 ἄφατον
661 4283 753 4338 τοῦ
786 4285 1148 4354 πεποιηκότος
1199 4285 1335 4338 Θεοῦ
1370 4287 1451 4349 εἰς
1485 4286 1635 4347 υἱοὺς
1696 4287 1865 4339 αὑτοῦ
1903 4287 1995 4339 ἀν-

416 4375 714 4444 «λήφθητε,
757 4376 798 4428 ό.
835 4374 998 4444 φόϐος
1028 4377 1157 4446 ὑμῖν
1201 4371 1359 4440 οὗτος
1404 4378 1787 4451 συμπάρεδρος
1833 4378 1993 4440 ἔστω,

423 4468 499 4526 ὡς
548 4466 610 4529 ἐξ
656 4467 876 4536 ἀγάπης
930 4468 1088 4537 ὑμεῖς
1137 4468 1233 4520 τοῦ
1284 4470 1644 4538 πεποιηκότος
1693 4471 1995 4540 γενόμενοι,

2092 3309 2275 3362 onmis
2326 3317 2499 3369 terra,
2557 3325 2576 3357 ι
2635 3307 2737 3359 hoc
2766 3312 2848 3359 est
2877 3304 2935 3365 ii,
2999 3302 3091 3369 qui
3151 3299 3353 3352 nullam
3443 3295 3683 3351 caelestis

2104 3399 2413 3467 sapientia',
2456 3397 2549 3453 sed
2635 3396 2807 3452 solius
2886 3402 3118 3448 terrena:
3181 3389 3439 3442 vanitatis
3493 3399 3679 3439 curam

2094 3491 2333 3544 habent:
2364 3488 2495 3556 quid
2532 3488 2678 3541 enim
2713 3485 2798 3538 his
2830 3484 3064 3546 eveniet,
3130 3498 3149 3531 ι
3204 3494 3327 3532 eum
3365 3474 3676 3531 surrexerit

2096 3580 2362 3634 Dominus
2411 3584 2696 3648 percutere
2744 3584 2942 3627 terram
2974 3572 3066 3626 "?
3113 3591 3131 3623 ι
3183 3571 3426 3625 Alterius
3518 3570 3683 3623 etiam

2095 3670 2403 3738 exemplum
2460 3665 2604 3735 apud
2664 3665 2830 3717 David
2886 3663 3134 3732 reper'ra
3215 3670 3334 3723 est,
3390 3660 3481 3714 ubi
3536 3659 3611 3713 ait
3663 3676 3681 3711 :

2101 3778 2135 3810 ι.
2167 3758 2376 3811 Timete
2425 3754 2711 3808 Dominum
2770 3767 2962 3807 omnes
3005 3752 3179 3804 sancti
3222 3752 3365 3819 eius,
3418 3749 3678 3819 quoniam

2096 3866 2205 3905 non
2256 3857 2340 3904 est
2392 3847 2573 3915 inopia
2624 3844 2943 3898 timentibus
2976 3856 3100 3895 eum
3134 3842 3209 3904 ‘3;
3245 3860 3263 3892 ι
3319 3850 3373 3897 et
3416 3856 3610 3894 rursus
3662 3876 3683 3912 ι

2103 3959 2123 3991 ι
2159 3938 2346 3991 Timor
2380 3936 2614 3999 Domini,
2645 3944 2866 3989 sanctus
2932 3946 3255 4002 permanens
3311 3931 3365 3984 in
3421 3931 3679 3984 smeuium

2098 4029 2367 4086 saeculi“.
2394 4027 2634 4082 rPetrus
2679 4027 2864 4095 itaque
2914 4024 3168 4079 hortatur
3214 4022 3515 4092 discipulos
3552 4037 3681 4075 suos
3745 4011 3760 4023 ’

2098 4129 2158 4176 ιιι
2189 4121 2332 4176 hunc
2367 4118 2725 4189 perfectivnm
2787 4117 3043 4170 timorem
3092 4115 3146 4167 in
3184 4114 3354 4168 corde
3417 4111 3680 4172 habeant,

2098 4211 2337 4268 dicens:
2387 4208 2659 4276 Quoniam
2717 4223 2816 4277 per
2882 4204 3211 4260 ineffabilem
3270 4202 3363 4257 Dei
3416 4201 3683 4256 creatoris

2098 4299 2534 4357 misericordiam
2571 4301 2626 4353 in
2653 4298 2793 4353 lilios
2826 4297 3002 4367 ipsius
3034 4294 3302 4363 assumpti
3332 4288 3487 4356 estis,
3520 4294 3685 4345 timor

2100 4394 2202 4447 iste
2227 4405 2445 4460 semper
2473 4390 2760 4444 vobiscum
2824 4385 3088 4451 assideat,
3153 4390 3343 4452 utpote
3385 4380 3477 4450 qui
3541 4380 3682 4432 tales

2103 4481 2281 4538 elIecti
2306 4482 2440 4536 estis
2465 4494 2527 4533 ex
2585 4477 2680 4533 Dei
2742 4475 3100 4546 benignitate,
3134 4488 3243 4527 non
3290 4488 3354 4527 ex
3415 4469 3683 4539 operibus
3742 4488 3745 4493 ι

426 4557 521 4609 καὶ
550 4556 652 4609 οὑκ
687 4557 745 4623 ἐξ
795 4556 995 4628 ἔργων.
1041 4558 1134 4611 Ἐκ
1162 4557 1375 4612 πολλῶν
1404 4559 1460 4612 δὲ
1493 4560 1862 4630 ποιησάμενος
1901 4561 1999 4632 τὴν

2104 4574 2319 4629 vestris.
2352 4573 2428 4627 Ex
2458 4571 2647 4625 multis
2675 4569 2841 4639 igitur
2869 4564 3307 4622 adhortationem
3356 4577 3511 4616 suam
3546 4575 3682 4613 con-

429 4647 780 4719 παράκληοιν
813 4648 1056 4720 (πρῶτον
1085 4650 1172 4703 διά
1209 4651 1319 4703 τῶν
1371 4651 1786 4724 ἐπιθυμητικῶν
1809 4638 1899 4724 ’[Ῑ.
1933 4685 1995 4693 —

427 4738 588 4812 κῶς]
695 4742 834 4810 πρὸς
908 4740 1049 4793 αὑτά
1100 4735 1457 4811 διακειμένων
1526 4742 1815 4811 ἀγγέλων,
1882 4740 1999 4796 εἶτα

2105 4665 2220 4721 [icit
2274 4663 2575 4733 apostolus.
2626 4659 2851 4727 Nempe,
2920 4656 3120 4727 primo,
3153 4669 3217 4707 ex
3248 4653 3542 4715 desiderio,
3575 4665 3684 4719 quo

2103 4770 2231 4824 erga
2255 4768 2318 4809 ea
2349 4753 2565 4823 ipsimet
2589 4749 2764 4818 angeli
2795 4752 3042 4802 feruntur
3065 4785 3082 4813 ,
3110 4743 3353 4801 secundo
3376 4786 3392 4809 ,
3419 4759 3483 4798 ex
3534 4741 3683 4796 Seri-

426 4832 535 4885 ἀπδ
589 4831 684 4884 τοῦ
733 4832 1034 4903 Γραφικοῦ,
1065 4828 1180 4885 εἶτα
1210 4833 1317 4885 ἀπὸ
1358 4833 1451 4886 τοῦ
1505 4835 1803 4901 ἀναγκαίου
1836 4850 1850 4863 ’
1885 4837 2004 4887 ἐπεὶ

2107 4852 2262 4914 ptura
2289 4862 2305 4911 ;
2344 4844 2527 4908 tertio,
2547 4857 2613 4897 ex
2644 4839 2976 4895 necessitate
3010 4856 3023 4890 :
3063 4835 3503 4909 quandoquidem
3536 4832 3679 4888 enim

426 4920 537 4993 γὰρ
558 4920 649 4975 τὸν
680 4921 811 4975 Θεὸν
833 4923 1221 4975 ἐπικαλοῦνται
1250 4922 1489 4992 Πατέρα,
1518 4924 1732 4992 ἀνάγκη
1762 4923 1852 4977 τὸν
1883 4926 2004 4978 ἑπι-

2108 4935 2275 4988 Deum
2307 4934 2520 4989 Patrem
2553 4933 2845 5002 appellant,
2880 4944 3103 4984 necesse
3133 4939 3218 4984 est
3278 4937 3335 4981 ut
3366 4926 3457 4993 qui
3494 4923 3681 4976 amlia-

424 5012 707 5083 θυμοῦντα
753 5014 1030 5067 υἱοθεσίαν
1182 5012 1382 5084 -ας],
1445 5015 1573 5080 ἀξια
1634 5015 1729 5068 τοῦ
1789 5017 2001 5087 [ἰατρὸς

429 5105 604 5156 ποιεῖν
628 5119 644 5134 ⁸
693 5106 789 5159 καὶ⁸
833 5105 1114 5174 τέταρτον,
1145 5105 1228 5158 ὃτι
1277 5105 1448 5174 μυρία
1476 5104 1666 5158 ἔλαϐον
1705 5106 1887 5172 ἀγαθά
1916 5108 2000 5161 διὰ

428 5193 524 5247 τοῦ
572 5196 1004 5267 καταϐληθέντος
1054 5199 1192 5270 ὑπὲρ
1237 5199 1416 5252 αὑτῶν
1448 5201 1760 5270 τιμήματος
1794 5219 1807 5233 ·
1845 5201 2001 5254 τοῦτο

426 5285 485 5338 δέ
514 5288 631 5340 ἐστι
663 5287 724 5339 τὸ
748 5288 838 5341 τοῦ
866 5288 1104 5358 Χριστοῦ
1136 5284 1294 5358 αἷμα,
1327 5290 1463 5358 ὅπερ
1495 5291 1812 5361 ἀντίλυτρον
1845 5293 1998 5362 ἐδόθη

427 5377 538 5435 τῶν
589 5379 874 5451 ἁμαρτιῶν
925 5381 1033 5432 τῶν
1086 5380 1460 5449 ἀνθρώπιυν)·
1511 5380 1719 5433 κελεύει
1773 5380 1867 5434 οὖν
1914 5384 2000 5437 διὰ

427 5466 601 5525 ταῦτα.
628 5469 719 5521 τὸν
763 5468 956 5543 χρόνον
984 5468 1158 5526 πάντα
1187 5467 1282 5521 τοῦ
1321 5468 1420 5539 ζῇν
1455 5470 1705 5521 σύνοικον
1734 5469 1877 5538 ἔχειν
1908 5472 1997 5523 τὸν

429 5555 593 5629 φόϐον
643 5558 735 5610 τὸν
789 5560 1153 5615 τελειωτικόν.
1181 5559 1348 5623 Φόϐος
1376 5560 1485 5628 γὰρ
1515 5559 1602 5612 ἀεὶ
1643 5561 1752 5622 τοῖς
1784 5562 2000 5611 τελειω-

509 5739 551 5773 ³³
579 5736 778 5798 baut.
817 5737 1013 5800 19.9.].
1095 5739 1137 5770 ¹³
1168 5737 1309 5792 Psal.
1341 5752 1543 5803 xxxiii,
1577 5738 1656 5791 10.

2104 5017 2308 5077 tionem
2391 5021 2724 5082 desiderant,
2753 5017 2914 5089 digna
2964 5023 3118 5071 tanto
3151 5017 3314 5069 Patre
3352 5016 3679 5080 operentur;

2108 5122 2304 5180 quarto
2347 5113 2589 5176 demum,
2631 5110 2890 5181 quoniam
2944 5109 3230 5162 innumera
3260 5104 3398 5157 bona
3430 5115 3679 5168 percepe

2109 5215 2236 5260 runt
2264 5222 2328 5259 ex
2358 5205 2530 5276 pretio
2560 5219 2656 5274 pro
2684 5203 2816 5270 ipsis
2840 5200 3116 5270 persoluto
3136 5215 3151 5250 :
3171 5195 3317 5264 quod
3348 5202 3435 5247 est
3461 5190 3683 5259 sanguis

2107 5294 2328 5358 Christi,
2369 5296 2458 5363 qui
2490 5295 2650 5347 datus
2683 5300 2766 5347 est
2796 5293 2849 5345 in
2879 5289 3110 5360 pretium
3148 5282 3542 5351 redemptionis
3581 5297 3683 5348 pro

2111 5385 2348 5454 peccatis
2378 5384 2682 5438 hominum.
2712 5384 2816 5437 i‘cr
2849 5382 2962 5435 haec
2986 5378 3152 5447 igitur
3191 5376 3371 5428 nnmia
3406 5376 3674 5444 przecipit,

2108 5482 2168 5527 ut
2204 5482 2316 5527 toto
2346 5473 2467 5527 vitm
2519 5485 2761 5541 tempore
2817 5464 3175 5539 pcrfectivmn
3221 5463 3363 5517 hunc
3429 5462 3685 5515 timorem

2113 5563 2348 5617 habeant
2384 5580 2395 5615 :
2426 5565 2591 5617 timor
2617 5562 2759 5617 enim
2787 5564 3083 5630 perpetuus
3112 5562 3197 5612 est
3232 5551 3485 5621 perfectis
3514 5553 3684 5605 homi-

1742 5736 1783 5769 ⁸³
1817 5737 1957 5791 l‘sai.
1996 5754 2149 5800 ιιι·ιιιλ
2189 5738 2269 5789 IO.

3453 5830 3547 5869 ηπ
