4020 6214
406 395 541 460 12θὸ

1227 398 1629 458 EXPOSITIO
1664 398 1743 459 ΙΝ
1780 399 2017 459 EPIST.
2048 400 2069 456 Ι
2098 400 2429 459 5.ΡΕἸἪ[.
2472 424 2543 434 ·-
2567 401 2728 459 CAP.
2759 400 2843 461 II.

3511 404 3658 469 1206

401 523 517 569 τον,
554 509 617 559 ἐκ
651 507 893 576 καθαρᾶς
929 505 1154 574 καρδίας
1187 507 1446 577 ἀλλήλους
1468 510 1791 577 ἀγαπήσατε
1822 511 1976 560 ὲκτε-
2007 559 2012 568 ,

2098 510 2229 570 >1ῖοί,
2258 525 2323 563 ex
2361 508 2436 577 (2)
2485 510 2650 563 corde
2706 509 2935 563 invicem
2994 496 3201 579 diligite
3250 510 3494 581 impense
3548 520 3651 585 (5).

408 599 548 660 νὼς·
602 596 1111 665 ἀναγεγεννημένοι,
1167 598 1264 649 οὐκ
1322 601 1385 653 ὲκ
1437 603 1648 669 σπορᾶς
1704 600 1972 670 φθαρτῆς,

408 689 546 744 ἀλλὰ
574 687 877 759 ἀφθάρτου,
919 689 1005 742 διὰ
1060 689 1220 758 λόγου
1249 689 1448 754 ζῶντος
1476 692 1632 756 Θεοῦ,
1669 694 1760 745 καὶ
1790 691 1974 760 μένον-

407 799 501 845 τος
533 783 613 843 είς
651 781 742 834 τὸν
782 781 973 836 αἰῶνα.
1024 781 1166 834 Διότι
1217 786 1366 834 πᾶσα
1429 784 1563 850 σὰρξ
1617 783 1832 851 χόρτος,
1883 783 1978 835 κα)⁴

410 875 561 926 πᾶσα
613 873 739 937 δόξα
780 872 952 939 αὐτῆς
997 872 1073 936 ὡς
1127 874 1286 935 ἄνθος
1335 874 1549 943 χόρτου,
1598 874 1899 943 Ἐξηράνθη
1951 876 1980 925 ὁ

411 964 628 1034 χόρτος,
671 966 761 1017 καὶ
790 962 852 1015 τδ
882 964 1040 1026 ἄνθος
1078 965 1299 1029 ἐξέπεσε
1324 982 1340 997 θ
1367 968 1428 1019 τὸ
1451 967 1509 1018 δὲ
1540 967 1693 1038 ῥῆμα
1725 966 1817 1019 τοῦ
1842 966 1976 1019 Θεοῦ

417 1057 567 1123 μένει
602 1057 684 1118 είς
711 1057 800 1109 τὸν
839 1056 1039 1110 αίῶνα’
1075 1057 1233 1111 τοῦτο
1260 1059 1454 1111 δέέστι
1502 1060 1562 1112 τὸ
1595 1058 1979 1126 εὐαγγελισθὲν

415 1148 492 1206 εἰς
519 1147 683 1214 ὑμᾶς.
709 1166 725 1197 ι
759 1148 967 1211 Εἰπὼν,
1002 1168 1018 1199 ι
1043 1149 1586 1219 Ἀναγεγεννημένοι,
1614 1152 1714 1202 οὐκ
1750 1154 1812 1203 ὲκ
1843 1167 1979 1202 σπο-

416 1242 517 1309 ρᾶς
550 1241 816 1309 φθαρτῆς,
872 1243 1007 1296 ἀλλὰ
1056 1244 1357 1312 ἀφθάρτου,
1418 1245 1506 1298 διὰ
1574 1244 1734 1312 λόγου
1781 1244 1981 1308 ζῶντος

411 1332 569 1395 Θεοῦ,
600 1332 692 1383 καὶ
741 1333 992 1401 μένοντος
1045 1338 1123 1397 εἰς
1186 1335 1277 1389 τὸν
1318 1336 1508 1394 αἰῶνα.
1541 1356 1558 1387 ι
1619 1336 1980 1406 παρατίθησιν

414 1421 843 1486 ἐξουδενωτικῶς
887 1427 982 1477 καὶ
1026 1429 1087 1479 τὸ
1150 1427 1248 1495 τῆς
1298 1428 1647 1496 ἀνθρωπίνης
1687 1428 1844 1497 δόξης
1890 1428 1979 1479 εθ-

416 1509 676 1575 φθαρτον,
746 1514 920 1585 ταύτῃ
968 1516 1057 1567 τὸν
1111 1517 1388 1589 ἀκροατὴν
1445 1518 1814 1586 ὑπολιχνεύων
1871 1519 1980 1571 τῶν

416 1598 685 1665 προϐεδλη
698 1603 871 1669 μένων
903 1604 995 1655 ὑπ’
1035 1604 1200 1657 αὐτοῦ
1237 1606 1487 1674 ἔχεσθαι·
1518 1607 1593 1668 ὡς
1636 1607 1743 1659 τῶν
1771 1608 1890 1676 μὲν,
1920 1609 1982 1659 τὺ

415 1686 569 1746 ἑστῖς
601 1687 832 1754 ἐχόντων
867 1690 958 1741 καὶ
1003 1690 1420 1754 διαιωνιζόντων
1446 1708 1461 1723 ⁸
1502 1694 1612 1744 τῶν
1639 1693 1718 1755 δὲ,
1750 1694 1979 1760 φθανόν-

415 1793 521 1826 των
564 1780 629 1846 τῇ
666 1778 841 1855 φθορᾷ
878 1780 974 1849 τὴν
1018 1783 1337 1837 ὑπόστασιν.
1371 1804 1390 1832 ι
1442 1786 1647 1855 Χόρτος
1676 1805 1693 1836 ι
1745 1786 1978 1839 summa.

2080 599 2275 655 Renati
2313 615 2420 654 non
2459 616 2523 654 ex
2562 601 2768 656 semine
2794 603 3160 671 corruptibili,
3199 606 3290 658 scd
3327 606 3652 675 incorrupti-

2081 693 2175 746 bili
2200 708 2296 762 per
2341 694 2566 746 verbum
2600 691 2695 747 Dei
2726 693 2854 757 vivi,
2877 701 2929 747 et
2971 697 3344 762 permanentis
3403 698 3455 751 in
3491 707 3651 753 aeter-

2081 798 2233 838 nttm.
2271 782 2410 847 Quia
2441 784 2621 843 omnis
2677 799 2805 838 caro
2835 791 2894 837 ut
2947 784 3128 839 fenum
3167 804 3181 840 :
3237 789 3418 842 omnis
3472 791 3646 854 gloria

2077 874 2195 943 ejus
2236 882 2493 939 tanquam
2532 873 2630 926 flos
2678 872 2829 927 feni:
2887 875 3102 929 exaruit
3166 875 3379 940 fenum,
3436 888 3489 933 et
3557 879 3654 934 flos

2071 964 2197 1029 ejus
2250 962 2485 1027 decidit;
2543 963 2768 1018 verbum
2830 973 3011 1018 autem
3088 965 3301 1019 Domini
3375 980 3553 1022 manet
3602 971 3654 1021 in

2078 1065 2361 1107 aeternum.
2388 1055 2503 1108 Hoc
2522 1064 2699 1108 autem
2741 1056 2961 1109 verbum
2997 1057 3124 1111 illud
3147 1056 3393 1126 estquod
3426 1073 3657 1117 evange-

2080 1143 2299 1194 lizatum
2338 1150 2422 1196 est
2451 1143 2505 1195 in
2554 1142 2729 1196 vobis.
2764 1161 2781 1192 ι
2834 1141 3127 1211 Postquam
3154 1142 3289 1196 dixit
3333 1162 3345 1195 :
3384 1161 3403 1194 ι
3464 1142 3655 1203 Renati

2081 1251 2189 1288 non
2266 1250 2332 1287 cx
2388 1234 2596 1288 semine
2643 1234 3016 1301 corruptibili,
3096 1236 3189 1288 sed
3248 1226 3656 1303 incorruptibili

2082 1339 2178 1392 per
2234 1324 2456 1378 verbum
2516 1324 2611 1377 Dei
2677 1323 2806 1387 vivi,
2860 1332 2913 1377 et
2960 1326 3331 1393 permanentis
3377 1326 3431 1380 in
3491 1339 3652 1380 αξιοι·-
3716 1336 3721 1347 “

2084 1430 2233 1476 nttm,
2296 1434 2314 1466 ι
2372 1415 2443 1470 οὶ)
2495 1416 2695 1470 oculos.
2736 1418 2897 1469 etiam
2954 1417 3125 1483 ponit,
3160 1427 3503 1488 contemptus
3532 1434 3656 1485 gra-

2084 1505 2178 1568 tia,
2233 1506 2479 1557 humanae
2519 1506 2702 1573 gloriae
2737 1506 2953 1559 facilem
3001 1509 3427 1575 corruptionem,
3485 1509 3657 1562 Audi-

2083 1603 2252 1650 torem
2278 1596 2355 1649 sic
2386 1596 2654 1658 alliciens,
2688 1604 2746 1650 ut
2796 1597 2962 1665 358
3023 1598 3108 1660 iis,
3143 1614 3263 1667 quae
3318 1600 3431 1668 ipse
3455 1615 3655 1668 propo-

2083 1686 2213 1749 Suit,
2253 1694 2403 1739 arcte
2443 1687 2766 1747 adhaereret,
2803 1687 3234 1755 quandoquidem
3266 1702 3328 1740 ea
3381 1697 3434 1740 et
3473 1689 3656 1741 consi—

2084 1778 2338 1831 stentiam
2363 1778 2631 1831 lmbentet
2658 1777 3094 1846 perpetuitatem.
3115 1779 3193 1829 Ad
3225 1792 3493 1830 summam
3531 1792 3658 1830 vero

416 1869 510 1917 καὶ
552 1886 568 1915 ι
611 1854 773 1930 ἄνθος
816 1870 1011 1937 χόρτου
1056 1890 1074 1921 ι
1119 1873 1180 1924 τὸ
1221 1877 1483 1945 καὶπρὸς
1526 1854 1763 1947 ὕπαρξιν
1790 1878 1981 1949 χόρτου

2098 1886 2281 1923 rerum
2329 1870 2763 1937 corruptibilium
2831 1866 3191 1920 caducitatem
3246 1867 3656 1933 declarandum,

418 1958 803 2029 ἀσθενέστερον
841 1961 921 2023 εἰς
950 1961 1133 2015 πίστιν
1189 1964 1518 2035 παράγεται,
1552 1962 1634 2031 οἷς
1682 1970 1777 2022 καὶ
1815 1969 1983 2021 Δαυῒδ

418 2050 516 2119 τὴν
550 2049 669 2102 καθ’
711 2053 857 2121 ἡμᾶς
888 2054 1176 2119 ἀπεικάζει
1215 2058 1382 2126 ζωήν.
1419 2057 1574 2112 Οὕτω
1618 2061 1675 2112 δὲ
1704 2061 1802 2130 τὴν
1830 2061 1990 2126 δόξαν

419 2141 578 2211 ἡμῶν
622 2142 920 2208 εὖτελίσας,
972 2139 1345 2215 ἀναλαμϐάνει
1407 2150 1567 2203 πάλιν
1619 2151 1714 2204 καὶ
1745 2152 1985 2205 διδάσκει

422 2232 772 2299 σαφέστερον,
797 2236 849 2286 τί
881 2238 992 2288 ἐστι
1016 2237 1076 2289 τὸ
1104 2239 1473 2309 ἀναγεννῆσαν
1497 2242 1693 2303 αὐτοὺς
1729 2260 1747 2292 ι
1784 2242 1870 2295 διὰ
1898 2243 1986 2294 λό-

423 2337 519 2387 γου
545 2321 744 2386 ζῶντος
781 2325 938 2390 Θεοῦ,
959 2330 1050 2381 καὶ
1084 2330 1335 2397 μένοντος
1375 2333 1453 2394 είς
1479 2333 1575 2383 τὸν
1610 2332 1813 2385 αίῶνω
1840 2352 1856 2383 ι
1894 2334 1987 2385 καί

425 2429 560 2479 φησι
584 2428 595 2441 θ
631 2431 648 2463 ι
673 2414 845 2468 Τοῦτο
882 2416 937 2467 δέ
968 2419 1083 2471 ἐστι
1112 2421 1174 2471 τὸ
1200 2422 1354 2491 ῥῆμα
1398 2422 1459 2474 τὸ
1488 2422 1876 2489 εὐαγγελισθὲν
1910 2425 1989 2486 εἰς

428 2502 591 2571 ὑμᾶς.
627 2524 646 2557 ι
684 2535 751 2548 -—
778 2524 796 2556 ι
822 2507 915 2569 Εἰς
948 2508 1040 2561 τὸν
1093 2511 1266 2563 αἰῶνα
1328 2512 1512 2581 μένειν
1538 2532 1557 2565 ι
1619 2515 1750 2567 αὑτό
1809 2516 1990 2567 διαδε-

424 2594 694 2658 6αιοῦται,
724 2595 907 2659 καθὼς
940 2599 1036 2651 καὶ
1067 2602 1094 2652 ὁ
1132 2600 1338 2671 Κύριός
1368 2620 1537 2670 φησιν
1560 2619 1573 2634 ·
1610 2622 1627 2654 t
1663 2605 1723 2655 '0
1761 2606 1993 2676 οὐρανὸς

426 2687 522 2738 καὶ
560 2688 597 2749 ἡ
630 2689 699 2757 γῆ
754 2690 1209 2761 παρελεύσονται,
1264 2696 1313 2747 οἱ
1375 2696 1431 2749 δὲ
1490 2697 1638 2764 λόγοι
1672 2714 1773 2768 μου
1825 2700 1886 2752 οὐ
1920 2700 1993 2768 μὴ

428 2777 755 2846 παρέλθωσι.
779 2800 797 2832 ι
832 2783 924 2835 Δεῖ
960 2783 1018 2836 δὲ
1056 2785 1274 2851 εἰδέναι,
1305 2787 1387 2841 ὅτι
1433 2789 1515 2852 τὸ,
1556 2809 1574 2841 t
1603 2791 1697 2853 Εἰς
1747 2791 1995 2860 φιλαδελ-

428 2868 558 2935 φίαν
624 2869 1011 2941 ἀνυπόκριτον,
1080 2895 1099 2925 ι
1157 2877 1296 2931 οὕτω
1350 2881 1456 2951 χρὴ
1508 2884 1839 2953 προφέρειν·
1904 2887 1997 2939 Ἐκ

428 2959 670 3030 καθαρᾶς
714 2965 943 3032 καρδίας
969 2966 1232 3036 ἀλλήλους
1264 2971 1592 3043 ἀγαπήσατε
1623 2976 1875 3043 ἐκτενῶς,
1917 2979 1996 3039 είς

433 3049 786 3118 φιλαδελφίαν
833 3055 1220 3127 ἀνυπόκριτον.
1268 3060 1333 3111 Αἱ
1393 3062 1500 3130 γὰρ
1564 3064 1819 3129 ἐκϐάσεις
1888 3067 1994 3118 τῶν

2090 1967 2184 2024 ait,
2219 1978 2281 2015 ea
2313 1976 2434 2014 esse
2468 1978 2484 2009 ι
2520 1958 2699 2014 fenum
2740 1977 2758 2009 ι
2807 1972 2869 2012 ac
2924 1958 3085 2011 etiam
3122 1976 3138 2008 t
3218 1958 3405 2012 ﬂorem
3459 1958 3592 2022 feni,
3635 1978 3651 2009 ο

2087 2054 2229 2121 quod
2265 2060 2348 2105 est
2395 2051 2522 2105 feno
2559 2051 2676 2119 ipso
2707 2049 2937 2103 debilior
2955 2058 3115 2118 atque
3144 2048 3425 2118 fugacior:
3456 2049 3658 2119 quibus

2086 2145 2250 2194 etiam
2291 2142 2452 2194 David
2484 2148 2765 2207 coanparat
2811 2139 2976 2191 vitam
3037 2147 3307 2192 nostram.
3347 2137 3437 2193 Sic
3473 2140 3659 2208 itaque

2087 2233 2270 2301 gloriae
2293 2239 2490 2285 nostrae
2513 2230 2753 2283 exilitate
2780 2226 3065 2295 evplieata,
3098 2241 3289 2281 rursus
3317 2228 3659 2282 manifestius

2089 2324 2266 2386 ducet,
2309 2321 2435 2389 quid
2482 2321 2552 2373 sit
2596 2318 2746 2384 illud,
2792 2333 2886 2385 per
2932 2316 3077 2385 quod
3122 2327 3245 2371 sunt
3294 2336 3311 2367 ι
3351 2318 3527 2371 renati
3567 2334 3661 2386 per

2090 2416 2313 2468 verbum
2346 2413 2438 2466 Dei
2465 2412 2591 2475 vivi,
2643 2422 2695 2463 et
2747 2407 3112 2478 permanentis
3159 2409 3211 2462 in
3243 2409 3472 2473 saecula;
3504 2427 3521 2459 ι
3561 2410 3663 2461 ait-

2092 2516 2197 2573 que
2236 2522 2254 2555 ι
2295 2504 2396 2556 hoc
2425 2517 2545 2556 esse
2572 2501 2822 2563 verbum,
2854 2498 3000 2568 quod
3034 2500 3461 2567 evangelizatum
3490 2508 3574 2553 est
3605 2500 3659 2552 in

2094 2595 2270 2647 vobis.
2309 2612 2327 2643 ι
2396 2591 2576 2660 Ipsum
2636 2600 2813 2643 autem
2853 2609 2889 2639 ι.
2932 2587 3153 2642 Manere
3225 2590 3275 2641 in
3332 2599 3594 2643 aeternum
3639 2608 3656 2639 ι

2096 2685 2322 2738 affirmat
2359 2702 2370 2736 :
2404 2684 2542 2737 sicut
2570 2690 2623 2736 et
2649 2681 2912 2734 Dominus
2936 2681 3050 2734 ait:
3109 2698 3127 2731 ι
3162 2679 3372 2734 Coelum
3419 2689 3474 2733 et
3517 2687 3659 2732 terra

2098 2775 2483 2837 transibunt",
2515 2773 2681 2827 verba
2716 2780 2894 2825 autem
2938 2786 3054 2824 mea
3084 2786 3192 2824 non
3222 2770 3593 2838 prmteribunt.
3638 2788 3657 2822 ι
3692 2800 3695 2803 ν

2096 2867 2323 2934 Oportet
2365 2876 2545 2918 autem
2600 2864 2772 2927 scire,
2827 2862 2971 2930 quod
3041 2861 3223 2915 illud:
3290 2878 3311 2911 ι
3369 2862 3421 2913 in
3476 2859 3669 2912 fratcr-

2100 2958 2287 3012 nitatis
2328 2970 2513 3011 amore
2535 2955 2793 3024 simplici,
2826 2973 2845 3004 ›
2880 2953 3107 3016 etc.,ita
3132 2951 3515 3021 proferendum
3552 2953 3623 3006 sit
3651 2969 3664 3005 τ

2106 3072 2124 3102 ι
2170 3048 2245 3102 Ex
2331 3064 2467 3115 puro
2514 3046 2679 3101 corde
2742 3045 2973 3099 invicem
3031 3044 3239 3115 diligite
3290 3045 3555 3110 impense,
3613 3043 3667 3095 in

433 3143 775 3211 πραγμάτων
826 3148 1213 3201 ἐπακολουθειν
1268 3151 1490 3207 εἰώθασι
1548 3158 1661 3219 τοῖς
1711 3159 1781 3211 δι’
1829 3160 1994 3221 αὐτὰς

2101 3140 2460 3195 fraternitatis
2514 3152 2699 3192 amore
2757 3136 3020 3206 simplici,
3101 3150 3197 3189 seu
3253 3149 3358 3188 non
3447 3132 3605 3197 ﬁcto;
3647 3152 3666 3183 ι

431 3235 1006 3302 πραγματευομένοις.
1046 3239 1200 3291 Ἐπεὶ
1233 3237 1326 3294 οὖν
1359 3246 1423 3313 τῇ
1458 3262 1477 3295 ι
1498 3246 1561 3297 ὲκ
1582 3246 1827 3317 καθαρᾶς
1866 3265 2000 3318 καρ-

427 3321 543 3384 δίας
571 3342 589 3373 ι
647 3325 890 3394 ἀλλήλων
942 3330 1151 3381 ἐκτενεί
1183 3332 1372 3402 ἀγάπῃ
1401 3335 1434 3402 ή
1480 3335 1848 3406 ἀνυπόκριτος
1900 3340 1999 3391 ἐπ-

430 3412 710 3467 ακολουθεῖ
747 3417 1087 3485 φιλαδελφία,
1122 3422 1303 3483 καλῶς
1331 3423 1463 3490 ἔχει,
1496 3427 1750 3491 ἡγεῖσθαι
1803 3428 1899 3495 μὲν
1916 3430 1997 3493 τὸ,

437 3519 459 3551 ι
500 3503 594 3554 Ἐκ
626 3505 874 3576 καθαρᾶς
902 3508 1129 3579 καρδίας
1150 3525 1166 3541 ⁸
1190 3530 1209 3562 ι
1241 3511 1471 3567 ἕπεσθαι
1502 3515 1558 3567 δὲ
1590 3516 1670 3579 τὸ,
1710 3535 1729 3568 ι
1752 3518 1845 3580 Εἰς
1878 3520 2002 3586 φιλ-

436 3592 759 3663 αδελφίαν.)
825 3597 1256 3669 Ἐπισημαντέον
1320 3603 1525 3672 μέντοι,
1578 3606 1659 3659 δτι
1716 3608 1811 3660 καὶ
1880 3608 2001 3678 τὴν,

442 3703 462 3735 ι
488 3687 600 3750 Είς,
632 3705 650 3736 ι
686 3688 942 3757 πρόθεσιν
984 3691 1071 3743 δεῖ
1113 3694 1551 3765 μεταλαμϐάνειν
1587 3699 1668 3763 είς
1698 3700 1823 3772 τὴν,
1863 3699 1965 3753 διά
1988 3716 2001 3731 ⁸

433 3776 521 3828 ⁴ενα
611 3790 626 3806 ⁵
658 3779 756 3832 Διά
784 3781 1159 3851 φιλαδελφίαν.

1041 3956 1293 4031 nupta.
1330 3961 1404 4014 B'.

518 4060 536 4087 σ
587 4043 934 4113 Ἀποθέμενοι
975 4047 1070 4101 οὖν
1107 4052 1286 4103 πᾶσαν
1322 4053 1541 4116 κακίαν,
1569 4054 1662 4106 καὶ
1714 4056 1891 4107 πάντα
1920 4057 2009 4109 δό-

440 4134 552 4197 λον,
586 4139 680 4187 καὶ
715 4138 1054 4209 ὑποκρίσεις,
1095 4142 1191 4194 καὶ
1218 4143 1465 4210 φθόνους,
1504 4144 1597 4196 καὶ
1628 4146 1807 4208 πάσας
1845 4164 2011 4199 κατα-

440 4225 649 4288 λαλιάς,
678 4228 749 4290 ὡς
785 4231 1150 4301 ἀρτιγέννητα
1205 4233 1402 4303 βρέφη,
1457 4234 1517 4287 τὸ
1562 4236 1778 4302 λογικὸν
1828 4237 2010 4290 ἄδολον

442 4316 579 4381 γάλα
639 4320 1027 4389 ἐπιποθήσατε,
1062 4325 1149 4375 ἵνα
1194 4327 1251 4377 ὲν
1298 4325 1451 4395 αὑτῷ
1490 4327 1761 4396 αὐξηθῆτε
1798 4329 1879 4391 είς
1906 4345 2012 4380 σω-

441 4407 744 4479 τηρίαν[είς
770 4428 897 4465 σωτ.
933 4430 1033 4466 om.
1062 4416 1226 4485 rulq.’|
1250 4433 1266 4448 ·
1288 4417 1446 4488 εἴπερ
1469 4419 1760 4486 ἐγεύσασθε
1782 4420 1862 4473 ὅτι
1882 4421 2016 4489 Χρι-

2101 3231 2369 3299 siquidem
2424 3230 2601 3282 exitus
2658 3243 2840 3280 rerum
2902 3224 3332 3294 correspondere
3377 3223 3552 3277 solent
3604 3224 3671 3275 iis

2100 3339 2219 3392 qum
2250 3329 2467 3390 propter
2516 3320 2663 3389 ipsas
2712 3320 2869 3372 fiunt.
2903 3316 3170 3383 Quoniam
3227 3315 3395 3383 igitur
3448 3314 3673 3368 intensa:

2100 3428 2165 3465 ex
2200 3427 2334 3481 puro
2388 3412 2550 3466 corde
2612 3421 2814 3463 mutuae
2920 3408 3195 3462 dilectioni
3280 3406 3669 3475 correSpondet

2104 3503 2377 3556 fraternus
2433 3515 2585 3553 amor
2618 3514 2727 3552 non
2758 3498 2949 3565 fictus,
2987 3499 3116 3553 hinc
3146 3499 3412 3553 concinne
3440 3500 3678 3567 pramril-

2109 3596 2238 3645 titur
2266 3590 2398 3644 illud
2441 3609 2459 3640 ι
2506 3588 2581 3641 Ex
2607 3604 2745 3656 puro
2771 3590 2956 3654 corde,
2993 3608 3011 3640 ι
3055 3590 3349 3657 subjicitur
3379 3603 3507 3643 vero
3540 3588 3670 3640 illud

2115 3702 2132 3733 ι
2175 3681 2230 3734 in
2263 3679 2630 3733 fraternitatis
2662 3693 2870 3732 amore.
2907 3696 2924 3729 ι
2956 3679 3512 3733 Animadvertendum
3550 3693 3675 3732 vero

2108 3777 2374 3846 est,quod
2407 3776 2494 3830 hic
2517 3774 2818 3843 propositio
2852 3793 2870 3825 ι
2897 3774 2949 3827 in
2982 3791 2999 3823 ›
3037 3782 3289 3827 sumatur
3315 3789 3412 3842 pro
3438 3783 3671 3842 propter,

2111 3880 2169 3924 ut
2197 3866 2420 3939 perinde
2438 3867 2510 3922 sit
2528 3881 2591 3921 ac
2613 3884 2624 3918 :
2648 3868 2875 3935 PrOpter
2896 3864 3251 3920 fraternitatis
3270 3878 3531 3918 amorem.

2707 3956 2934 4012 CAPUT
2978 3959 3047 4010 ll.

2186 4052 2345 4106 Vens.
2383 4052 2498 4106 1-6.
2539 4070 2557 4101 ι
2593 4050 2935 4119 Deponentcs
2960 4049 3127 4117 igitur
3172 4063 3386 4101 onmem
3418 4047 3675 4099 malitiam

2112 4156 2164 4199 et
2198 4160 2411 4199 omnem
2441 4144 2624 4196 dolum
2649 4151 2704 4197 et
2734 4140 3106 4196 simulationes
3130 4151 3183 4194 et
3206 4140 3438 4194 invidias
3471 4148 3523 4193 ct
3557 4156 3677 4191 om-

2115 4252 2212 4291 ncs
2244 4236 2633 4298 detractiones,
2670 4233 2815 4288 sicut
2849 4232 3010 4286 modo
3045 4232 3209 4300 geniti
3236 4233 3489 4294 infantes,
3514 4232 3679 4283 ratio-

2116 4327 2324 4381 nabiles
2358 4335 2412 4381 et
2465 4328 2583 4381 sine
2605 4326 2729 4379 dolo
2757 4326 2838 4378 lac
2860 4323 3252 4391 concupiscite,
3283 4330 3340 4377 ut
3365 4323 3505 4376 ineo
3563 4336 3684 4374 cre-

2116 4420 2280 4473 scatis
2315 4418 2369 4471 in
2401 4417 2650 4480 salutem,
2682 4415 2945 4483 siquidem
2969 4414 3250 4484 gustastis,
3272 4414 3526 4483 quoniam
3563 4414 3683 4464 dul-

446 4497 568 4558 στὸς
602 4495 723 4567 [(eg.
753 4503 1011 4573 χρηστὸς]
1045 4507 1071 4555 ὁ
1093 4505 1317 4574 Κύριος.
1342 4509 1480 4576 Πρὸς
1496 4509 1554 4562 ὃν
1573 4510 2002 4579 προσερχόμενοι

2114 4513 2194 4565 cis
2220 4519 2303 4563 est
2355 4508 2638 4563 Dominus.
2668 4506 2747 4558 Ad
2781 4521 2941 4573 quem
2968 4504 3310 4565 accedentes,
3343 4502 3572 4571 lapidem
3602 4503 3681 4553 vi-

444 4585 589 4638 λίθον
612 4588 812 4653 ζῶντα,
842 4593 945 4643 ὑπ’)
968 4594 1269 4663 ἀνθρώπων
1298 4599 1394 4665 μὲν
1420 4599 2005 4669 ἀποδεδοκιμασμένον,

445 4679 604 4744 παρὰ
626 4679 683 4731 δὲ
723 4681 841 4748 Θεῷ
872 4684 1146 4749 ἐκλεκτὸν,
1193 4686 1432 4757 ἔντιμον,
1462 4691 1555 4742 καὶ
1594 4690 1750 4744 αὐτοὶ
1774 4690 1849 4753 ὡς
1875 4691 2011 4743 λίθοι

446 4766 647 4830 ζῶντες
670 4772 1061 4839 οἰκοδομεῖσθε,
1103 4772 1249 4838 οἶκος
1280 4780 1671 4845 πνευματικὸς,
1709 4780 2012 4849 ἱεράτευμα

447 4857 624 4923 ἅγιον,
687 4862 977 4929 ἀνενέγκαι
1031 4870 1401 4933 πνευματικὰς
1449 4871 1660 4931 θυσίας,
1716 4872 2014 4942 εὐπροσδέ-

449 4965 609 5009 κτους
639 4951 716 5019 τῷ
739 4953 856 5022 Θεῷ
883 4955 972 5007 διὰ
1014 4956 1186 5024 Ἰησοῦ
1209 4958 1472 5026 Χριστοῦ.
1504 4962 1648 5013 Διότι
1686 4964 1926 5031 περιέχει
1961 4964 2017 5014 ὲν

448 5043 514 5109 τῇ
550 5041 770 5110 Γραφῇ·
822 5044 950 5096 ’1-Ξοῦ
1001 5046 1190 5116 τίθημι
1245 5051 1303 5098 ἐν
1357 5049 1498 5103 Σιὼν
1558 5052 1704 5104 λίθον
1768 5056 2019 5121 ἀκρογω-

449 5134 641 5195 νιαῖον,
666 5135 940 5198 ἐκλεκτὸν,
979 5136 1194 5207 ἔντιμον
1215 5155 1226 5170 ³
1262 5142 1356 5193 καὶ
1378 5142 1406 5192 ὁ
1441 5143 1709 5197 πιστεύων
1732 5146 1818 5197 ἐπ’
1844 5145 2016 5214 αὐτῷ,

449 5220 511 5271 οὐ
546 5222 619 5290 μὴ
646 5225 1041 5294 καταισχυνθῇ.
1066 5246 1084 5278 ι
1123 5229 1234 5297 Τῆς
1280 5233 1660 5299 πνευματικῆς
1710 5233 2012 5303 ἀναγεννή-

455 5324 592 5372 σεως
621 5311 720 5379 τὴν
755 5313 1026 5384 ὑπεροχὴν
1058 5318 1193 5386 πρὸς
1240 5320 1339 5388 τὴν
1370 5322 1509 5374 κατά
1540 5323 1717 5388 σάρκα
1756 5325 2012 5392 γέννησιν

526 5471 568 5499 ’⁸
600 5468 793 5524 Matth.
832 5488 978 5539 XXIV,
1016 5475 1104 5529 55.

2116 4600 2341 4661 vnm,ab
2366 4598 2676 4653 hominibus
2700 4595 2913 4663 quidem
2944 4594 3312 4663 reprobatutn,
3333 4608 3360 4644 a
3376 4591 3481 4647 Deo
3504 4602 3686 4645 autem

2120 4689 2354 4742 electura
2392 4697 2447 4741 et
2491 4686 2935 4739 ltonorifiCatum.
2966 4682 3033 4736 Et
3065 4683 3169 4752 ipsi
3214 4690 3474 4752 tanquam
3534 4681 3682 4750 lapi-

2121 4781 2216 4834 des
2250 4777 2356 4831 vivi
2390 4774 2921 4845 supermdificatnini,
2951 4775 3146 4829 domus
3165 4772 3476 4842 spiritualcs
3506 4771 3562 4826 in
3595 4785 3685 4826 sa-

2122 4869 2418 4924 cerdotiqu
2438 4878 2684 4919 sanetum
2702 4864 2992 4918 offerentes
3022 4864 3331 4933 spirituales
3356 4863 3577 4926 hostias,
3592 4876 3656 4912 at:

2126 4960 2422 5030 crptahiles
2455 4960 2564 5011 Deo
2587 4972 2683 5026 per
2714 4954 2898 5009 Jesum
2948 4954 3254 5010 Christum.
3290 4954 3517 5022 Propter
3541 4952 3686 5021 quod

2126 5052 2374 5106 continet
2399 5050 2696 5116 Scriptura,
2724 5045 2861 5101 Ecce
2884 5062 3026 5116 pono
3051 5048 3102 5099 in
3129 5046 3260 5100 Sion
3290 5044 3519 5113 lapidem
3540 5059 3688 5097 sum-

2122 5157 2268 5194 mutu
2294 5141 2630 5208 angularem,
2660 5136 3243 5206 probatum,electum,
3268 5132 3563 5202 pretiosum
3593 5150 3605 5185 :
3634 5142 3688 5185 et

2120 5233 2211 5299 qui
2234 5229 2524 5285 crediderit
2558 5231 2611 5282 in
2638 5243 2723 5292 co,
2763 5239 2870 5280 non
2906 5224 3290 5281 confundetur.
3334 5241 3353 5275 ι
3388 5221 3685 5290 Postqu..m

2118 5325 2416 5393 Spiritualis
2436 5320 2877 5393 regenerationis,
2899 5334 3061 5385 supra
3101 5318 3396 5377 carnalem,
3423 5314 3689 5369 ριυοὶίυει-

1640 5565 1948 5629 Bonifacii
1994 5568 2219 5629 Finetti
2264 5578 2452 5631 nota).

628 5679 836 5758 :l‘etttus
867 5683 961 5738 Gr.
979 5686 1156 5758 liabet
1262 5689 1507 5758 καοαρᾶς
1531 5688 1777 5757 καρδίας,
1798 5703 1861 5741 ea:
1882 5702 2010 5754 puro
2053 5687 2205 5741 corde

526 5749 602 5819 (5)
628 5749 781 5820 Vulg.
806 5755 1072 5808 attentius.
