4020 6214
354 391 497 460 1209

1146 395 1551 465 EXPOSITIO
1578 397 1659 458 IN
1692 398 1936 460 EPIST.
1972 398 1999 457 ι
2035 382 2095 462 s.
2118 403 2373 465 PETRI.
2414 428 2480 440 --
2511 405 2671 467 CAP.
2705 408 2789 468 ιι.

3455 412 3593 477 ιειο

350 501 627 574 γισθέντες
649 499 715 572 [Ι.
745 500 1027 575 γηθίντες]
1055 503 1134 569 δὲ,
1169 505 1265 558 καὶ
1306 507 1387 568 είς
1444 524 1463 557 ι
1502 503 1651 559 οἷκον
1678 520 1927 576 πνευμα-

2029 511 2104 564 ris
2154 511 2295 581 lapis
2333 532 2352 565 ι
2411 513 2661 570 Christus
2717 514 3035 573 Dominus:
3090 517 3183 572 sed
3238 519 3303 573 ad
3358 533 3606 581 mutuam

351 595 503 650 τικὸν
543 614 563 648 ι
589 594 814 657 ἑαυτοὺς
847 596 1298 666 καταρτίσαντες,
1326 601 1419 653 καὶ
1449 602 1529 661 είς
1576 620 1596 651 r.
1623 601 1923 669 ἱεράτευμα

353 687 509 756 ἅγιον
548 705 568 739 ι
627 686 1029 758 ἀποφήναντες,
1089 705 1107 738 ι
1142 688 1471 759 ἀνενέγκατε
1521 692 1713 755 θυσίας
1760 708 1925 744 πνευ-

352 776 612 847 ματικὰς.
653 795 672 830 ι
707 776 799 846 Μὴ
829 777 939 846 γάρ
962 777 1166 843 οἴεσθε,
1190 780 1281 832 τὸν
1331 782 1465 850 πρὸς
1496 783 1755 853 ἀλλήλους
1796 786 1925 838 σύν-

345 871 546 939 δεσμον
578 872 671 923 τὸν
691 869 780 923 sta
802 869 901 937 τῆς
929 870 1153 940 ἀγάπης
1205 873 1608 941 κρατυνόμενον
1633 874 1707 944 μὴ
1762 878 1925 945 ἐσχη-

347 961 527 1025 κότες,
550 957 814 1029 ἀμώμους
841 958 1032 1022 θυσίας
1062 961 1360 1029 ἀναφέρειν
1409 961 1549 1031 Θεῷ.
1611 981 1645 1013 ι-
1667 961 1924 1030 Δίροντες

347 1049 477 1119 γάρ,
501 1050 684 1120 φησιν,
712 1048 892 1112 ὁσίους
915 1050 1126 1119 χεῖρας,
1156 1053 1326 1120 χωρὶς
1348 1051 1522 1122 ὀργῆς
1565 1053 1661 1106 καὶ
1689 1052 1926 1120 διαλογι-

349 1140 522 1209 σμῶν.
557 1159 577 1193 ι
602 1140 729 1203 Πῶς
760 1140 870 1211 γάρ
904 1141 933 1194 6
954 1140 1044 1194 διά
1091 1140 1404 1212 προσευχῆς
1441 1140 1688 1195 σπεύδων
1732 1141 1925 1195 ἑαυτὸν

347 1230 501 1285 ἑνοῦν
518 1229 595 1300 τῷ
617 1229 738 1298 Θεῷ
754 1229 1004 1296 τεύξεται
1032 1229 1248 1295 τούτου,
1268 1229 1431 1293 αὐτὸς
1463 1230 1657 1283 ἑαυτὸν
1680 1230 1747 1282 δι’
1779 1246 1799 1281 ι
1829 1231 1923 1300 ὀρ-

344 1325 448 1390 γῆς
477 1325 570 1377 καὶ
593 1324 964 1394 διαλογισμῶν
997 1342 1019 1377 ι
1061 1323 1317 1395 πονηρῶν
1335 1323 1431 1377 τοῦ
1456 1320 1688 1392 ἀδελφοῦ
1727 1321 1923 1376 ἑαυτὸν

344 1416 613 1470 ἀποσπῶν
631 1433 647 1482 ;

419 1643 440 1676 r
483 1625 644 1693 ’Υμῖν
667 1619 762 1678 οὖν
810 1625 844 1695 ὴ
891 1624 1025 1695 τιμὴ
1054 1623 1166 1688 τοῖς
1189 1623 1539 1679 πιστεύουσιν
1569 1639 1585 1656 ⁸
1634 1622 1921 1679 ἀπειθοῦσι

342 1715 420 1780 δὲ,
451 1715 599 1780 λίθος
642 1715 704 1769 ὃν
730 1716 1145 1785 ἀπεδοκίμασαν
1175 1716 1226 1770 οί
1282 1713 1715 1785 οίκοδομοῦντες,
1765 1709 1923 1779 οὗτος

2027 609 2441 676 proportionem
2472 607 2757 671 elaborati,
2793 619 2849 664 et
2898 610 2953 663 in
3000 610 3339 680 spiritualcm
3379 614 3609 671 domum

2025 700 2389 770 vosmetipsos
2416 709 2781 770 aptantes,et
2819 719 2840 752 ι
2883 711 3139 757 sanctum
3170 704 3536 760 sacerdotium
3573 724 3601 762 ν
3684 753 3709 771 ,_

2028 807 2136 861 pm:
2170 791 2324 846 vobis
2353 791 2674 857 referentes,
2718 811 2738 844 ι
2782 793 3106 861 spirituales
3140 794 3348 848 hostias
3374 795 3482 851 Deo
3514 799 3599 852 of-

1981 884 2253 948 Jeratis;
2297 901 2316 936 ι
2344 899 2412 939 ne
2440 886 2584 939 enim
2617 887 2948 941 existimetis
3007 902 3102 941 vos
3162 886 3371 941 hostias
3409 889 3603 944 imma-

2024 974 2237 1030 culatas
2264 973 2462 1029 oﬂ‘erre
2485 990 2723 1046 unquam
2747 991 2927 1045 posse,
2961 976 3005 1029 si
3068 985 3276 1030 mutua:
3311 977 3600 1033 cbaritatis

2027 1067 2304 1121 vinculum
2366 1067 2582 1122 [irinum
2632 1080 2741 1122 non
2804 1066 3112 1122 habueritis
3180 1085 3193 1121 :
3245 1085 3263 1118 ι
3328 1066 3601 1125 Levautes

2023 1160 2192 1221 enim,
2254 1159 2351 1224 ait,
2411 1172 2582 1229 puras
2621 1175 2818 1215 manus
2873 1160 2992 1215 sine
3053 1161 3156 1223 ira,
3204 1167 3260 1214 et
3329 1162 3603 1231 discepta-

2026 1250 2175 1305 tione
2201 1252 2269 1305 ³⁸.
2303 1269 2322 1302 ι
2355 1249 2458 1316 Qui
2489 1252 2634 1305 enim
2660 1251 2774 1304 ﬁeri
2798 1259 2995 1320 potest,
3023 1261 3195 1321 utper
3210 1252 3510 1305 orationem
3543 1269 3605 1307 se

2024 1340 2476 1411 eonjnngatcum
2542 1338 2673 1407 Deo,
2709 1343 2799 1411 qui
2865 1357 2963 1412 per
3024 1361 3042 1393 ι
3110 1343 3273 1405 iram,
3321 1344 3615 1411 malasque

2024 1432 2445 1500 disceptationes
2492 1452 2513 1485 ι
2574 1450 2695 1490 sese
2729 1450 2756 1488 a
2788 1434 2954 1488 fratre
3014 1449 3270 1503 separare
3311 1449 3419 1489 non
3448 1451 3615 1489 vere»

2025 1523 2162 1577 tur?

2092 1632 2254 1704 360
2274 1629 2439 1688 Vens.
2476 1630 2589 1687 7-8.
2633 1651 2651 1684 ι
2690 1632 2854 1687 Vobis
2904 1633 3068 1703 igitur
3126 1633 3302 1690 honor
3327 1635 3602 1690 credenti.

2021 1724 2169 1779 bus:
2226 1739 2331 1778 non
2377 1724 2732 1779 credentibus
2758 1733 2937 1779 autem
2991 1725 3124 1793 lapis
3178 1742 3339 1794 quem
3411 1742 3601 1796 repro-

341 1807 573 1878 ἐγενήθη
600 1809 678 1870 είς
700 1805 946 1876 κεφαλὴν
971 1806 1196 1874 γωνίας,
1228 1806 1325 1860 καὶ
1376 1806 1524 1870 λίθος
1549 1806 1916 1878 προσκόμμα-

2024 1817 2294 1873 bavcrunt
2329 1817 2681 1877 aedificantes,
2714 1817 2799 1869 hic
2830 1814 3003 1869 iactus
3035 1824 3117 1869 est
3175 1815 3229 1870 in
3283 1828 3448 1884 capttt
3499 1834 3600 1873 au-

337 1913 429 1960 τος
460 1898 556 1951 καὶ
584 1900 759 1965 πέτρα
788 1897 1085 1950 σκανδάλου
1110 1912 1125 1926 ·
1151 1894 1203 1950 οἳ
1232 1897 1633 1967 προσκύπτουσι
1683 1898 1761 1967 τῷ
1809 1898 1916 1952 Λό-

339 1986 825 2058 γῳ,άπειθούντες,
848 1989 928 2051 είς
952 1987 1011 2041 ὃν
1025 1984 1187 2061 [ναις.
1217 1989 1296 2052 είς
1316 1989 1344 2042 δ
1372 1985 1486 2060 καὶ]
1517 1989 1802 2060 ἐτέθησαν.
1817 2007 1918 2040 ιι·-

348 2097 368 2129 ι
414 2078 576 2148 Ὑμῖν
625 2073 718 2131 οὖν
762 2078 794 2148 ἠ
849 2078 1006 2149 τιμὴ,
1038 2094 1056 2129 ι
1116 2081 1633 2150 προσυπακουστέον
1686 2078 1767 2147 τὺ,
1825 2080 1915 2134 δέ·

341 2170 512 2224 δοται.
538 2169 613 2222 To
644 2169 701 2222 δὲ
725 2168 853 2239 ἑξῆς
883 2169 1056 2234 οὕτως
1079 2186 1096 2202 ’
1130 2189 1150 2222 ι
1193 2171 1354 2242 ’Υμῖν
1382 2169 1476 2225 οὖν
1505 2173 1537 2242 ἡ
1562 2171 1693 2249 τιμὴ
1726 2189 1745 2223 ι
1777 2171 1917 2241 πρὸς

339 2261 434 2313 τοῦ
462 2260 705 2324 εἰπόντος
736 2260 870 2315 Θεοῦ
893 2262 975 2323 τὸ,
1015 2276 1034 2311 t
1066 2258 1270 2332 Τίθημι
1310 2275 1326 2293 ⁸
1358 2280 1378 2313 ι
1406 2265 1439 2333 ἠ
1471 2263 1606 2332 τιμὴ
1638 2263 1695 2315 δὲ
1721 2261 1912 2332 δηλον-

338 2351 421 2404 ότι
485 2351 815 2417 ἀπονέμεται
846 2370 860 2382 ο
891 2353 1002 2414 τοῖς
1037 2370 1058 2403 ι
1094 2351 1379 2404 ἀπειθοῦσι
1427 2352 1504 2416 δὲ,
1549 2368 1569 2402 ι
1620 2350 1780 2404 τοῦτο
1825 2351 1918 2403 καὶ

339 2438 434 2494 νῦν
452 2458 612 2512 φησιν
632 2441 809 2504 ὀΘεός
838 2458 853 2472 ο
884 2459 904 2491 ι
932 2441 1133 2511 Τίθημι
1164 2442 1293 2511 ύμῖν
1331 2442 1391 2495 ἐν
1419 2440 1557 2495 Σιὼν
1577 2441 1725 2494 λίθον
1748 2458 1920 2512 προσ-

336 2534 643 2603 κόμματος,
687 2553 707 2586 )
764 2532 824 2596 δς
884 2533 980 2585 καὶ
1025 2550 1046 2583 ι
1088 2532 1267 2603 πέτρα
1320 2532 1637 2586 σκανδάλου.
1673 2551 1693 2585 ι
1759 2531 1919 2586 Ἀλλά

345 2642 367 2681 ι
401 2623 546 2687 λίθος
595 2624 695 2694 μὲν
727 2624 1161 2697 προσκόμματος
1197 2643 1216 2676 ι
1258 2623 1412 2677 ἔσται
1465 2626 1579 2687 τοῖς
1613 2645 1633 2677 ι
1669 2624 1922 2678 ἀπειθού-

342 2734 447 2778 σιν.
499 2718 552 2771 οἳ
621 2717 714 2769 καὶ
786 2717 1227 2786 προσκόπτουσιν
1260 2735 1280 2768 ι
1362 2716 1723 2781 ἀπειθοῦντες
1785 2735 1803 2768 ι
1838 2716 1916 2785 τῷ

339 2808 520 2879 Λάγῳ,
546 2808 625 2872 είς
659 2807 688 2861 ὃ
718 2809 811 2863 καὶ
831 2807 1116 2878 ἐτέθησαν.
1159 2826 1178 2859 ι
1221 2809 1417 2861 Ἔσται
1435 2804 1529 2861 οὖν
1556 2808 1616 2861 τὸ
1645 2807 1766 2861 ὅλον
1793 2807 1921 2879 νόη-

343 2916 440 2970 μα,
471 2898 643 2962 οὕτως
671 2910 685 2926 ·
724 2918 742 2949 ι
775 2899 908 2952 Ἰδοὺ
948 2898 1139 2968 τίθημι
1197 2901 1260 2952 ὲν
1282 2897 1421 2951 Σιὼν
1464 2897 1612 2951 λίθον
1670 2897 1924 2969 ἀκρογω-

338 2991 528 3050 νιαῖον,
550 2988 788 3052 ἔντιμον,
813 2986 1067 3041 ἐκλεκτόν
1089 3005 1101 3019 ’
1125 2988 1217 3042 καὶ
1239 2990 1267 3041 ὁ
1288 2988 1560 3042 πιστεύων
1582 2987 1669 3041 ἐπ’
1686 2988 1836 3058 αὐτῷ
1858 2988 1918 3040 ού

342 3079 418 3152 μὴ
433 3080 821 3151 καταισχυνθῇ.
837 3097 946 3130 »-‹
963 3078 1116 3133 Ἐντι
1124 3096 1222 3149 μον
1234 3099 1253 3132 ι
1279 3080 1407 3151 ὑμῖν
1423 3082 1534 3143 τοῖς
1550 3079 1918 3134 πιστεύουσιν·

2021 1907 2156 1978 gnii,
2194 1916 2248 1964 et
2291 1908 2431 1975 lapis
2481 1905 2817 1965 offensionis.
2848 1915 2901 1959 et
2930 1914 3079 1974 petra
3112 1907 3353 1961 scandali
3387 1908 3473 1963 his
3503 1909 3600 1979 qui

2016 1998 2297 2055 offendunt
2326 1997 2516 2058 verbo,
2547 2010 2644 2050 nec
2660 1996 2891 2049 credunt
2914 1997 2971 2051 in
2999 2011 3109 2066 quo
3124 2006 3177 2051 et
3201 1997 3362 2067 positi
3392 2008 3541 2053 sunt.
3575 2018 3596 2051 ι

2015 2120 2086 2131 —
2120 2108 2138 2141 ‹
2170 2086 2341 2144 Vobis
2386 2087 2551 2156 igitur
2574 2085 2769 2148 honor,
2798 2104 2817 2137 ι
2856 2085 3391 2156 subintelligendum,
3414 2087 3601 2154 datur,

2013 2178 2290 2236 Orationis
2304 2176 2529 2234 ordoita
2547 2191 2603 2231 se
2625 2176 2786 2230 habet
2811 2190 2826 2228 :
2858 2193 2876 2226 ι
2901 2173 3068 2229 Vobis
3088 2175 3253 2246 igitur
3283 2176 3454 2231 honor
3482 2195 3501 2229 ι
3532 2176 3601 2231 ab

2014 2250 2192 2340 eoqui
2215 2269 2373 2331 dixit,
2406 2267 2642 2331 «Dono,»
2678 2265 3059 2321 distribuitur:
3093 2283 3112 2316 ί
3133 2281 3239 2323 non
3257 2268 3605 2323 credentibus

2018 2371 2238 2414 autem»
2267 2358 2600 2413 etiamnunc
2628 2356 2702 2410 ait
2727 2355 2900 2411 Deus:
2922 2374 2941 2407 ι
2970 2355 3119 2411 Pono
3147 2357 3202 2410 in
3220 2356 3350 2412 Sion
3369 2358 3599 2430 lapidem

2017 2447 2357 2512 oﬂ'ensionis,
2388 2465 2408 2498 ι
2465 2446 2629 2516 quiet
2690 2452 2880 2515 «petra
2931 2444 3198 2501 scandali.
3242 2464 3262 2497 ι
3307 2448 3375 2501 At
3406 2467 3424 2499 ι
3466 2448 3602 2518 lapis

2017 2536 2334 2593 offensionis
2361 2555 2379 2588 ι
2403 2536 2508 2591 erit
2535 2554 2556 2587 ι
2576 2549 2682 2589 non
2707 2535 3083 2600 credentibus,
3103 2537 3195 2605 qui
3218 2543 3271 2593 et
3287 2536 3595 2592 oﬁendunts

2018 2644 2128 2684 non
2162 2628 2449 2684 credentes
2489 2644 2508 2678 ι
2547 2626 2735 2691 verbo,
2798 2627 2853 2681 in
2886 2643 2995 2698 quo
3018 2636 3072 2682 et
3110 2628 3270 2698 positi
3305 2638 3433 2684 sunt
3469 2630 3535 2683 "’.
3574 2649 3595 2683 ι

2018 2720 2232 2791 Integer
2262 2719 2447 2790 itaque
2478 2733 2674 2774 sensus
2702 2717 3017 2788 bujusmodi
3054 2728 3140 2775 est
3172 2737 3185 2775 :
3223 2739 3242 2772 ι
3286 2721 3430 2777 Ecce
3454 2736 3599 2790 pono

2020 2811 2076 2865 in
2141 2807 2276 2865 Sion
2331 2808 2567 2879 lapidem
2626 2824 2899 2865 summum
2958 2811 3293 2880 angularem,
3345 2810 3599 2876 electum,

2018 2902 2322 2973 pretiosum
2352 2916 2367 2955 :
2393 2909 2447 2954 et
2479 2899 2571 2969 qui
2605 2899 2899 2954 crediderit
2934 2899 2987 2952 in
3024 2906 3113 2962 eo,
3139 2916 3246 2954 non
3296 2900 3600 2954 confunde-

2023 3001 2133 3048 tur.
2177 3009 2300 3044 ›-ι
2327 2989 2636 3046 Pretiosum
2675 3009 2691 3042 ι
2727 3005 2820 3045 seu
2843 2990 3215 3045 honorabilcm
3245 3009 3262 3043 ι
3301 2991 3599 3046 vobiscre—

2024 3082 2313 3149 dentibus;
2347 3096 2459 3137 non
2483 3079 2836 3136 credentibus
2856 3090 3033 3135 autem
3073 3083 3305 3151 lapidem
3341 3081 3604 3137 oﬂ'ensio-

351 3191 371 3223 ¢
396 3171 678 3226 ἀπειθοῦσι
704 3171 780 3235 δὲ,
817 3169 964 3224 λίθον
998 3171 1427 3241 προσκόμματος
1446 3170 1537 3224 ’ὃν
1551 3171 1694 3225 λίθον
1727 3171 1923 3224 ἀπεδοα

2029 3177 2157 3229 nis:
2200 3191 2221 3225 ι
2256 3188 2417 3244 quem
2464 3171 2696 3243 lapidem
2728 3172 3157 3241 reprobat-erunt
3217 3172 3441 3243 quidem
3472 3171 3602 3228 aedi-

341 3264 585 3334 κεμασαν
648 3263 748 3331 μὲν
814 3263 862 3314 0i
922 3260 1352 3330 οἰκοδομοῦντες,
1437 3257 1593 3322 οὗτος
1652 3260 1710 3312 δὲ
1793 3259 1918 3326 ἐγε-

343 3357 477 3427 νήθη
505 3357 585 3417 εἰς
612 3354 854 3422 κεφαλὴν
882 3351 1107 3420 γωνίας,
1140 3370 1156 3403 ι
1205 3351 1490 3405 συνάπτων
1526 3349 1626 3415 μὲν
1662 3349 1787 3412 τοὺς
1823 3365 1918 3402 πι-
1962 3377 1966 3380 ~

341 3450 627 3510 στεύοντας
644 3449 723 3509 είς
749 3445 931 3499 αὐτόν·
964 3446 1078 3506 τοῖς
1105 3463 1123 3494 ι
1162 3443 1449 3495 ἀπειθοῦσι
1477 3442 1556 3504 δὲ,
1578 3441 1726 3502 λίθος
1755 3456 1921 3508 προσ-

338 3540 651 3608 κόμματος·
678 3537 730 3589 οἳ
757 3533 1161 3602 προσκύπτουσι
1188 3532 1267 3602 τῷ
1295 3532 1463 3601 λόγῳ,
1506 3550 1527 3582 ι
1553 3530 1794 3600 δηλονότι
1821 3529 1917 3582 τοῦ

339 3627 693 3698 Εὐαγγελίου,
733 3646 752 3679 t
778 3628 858 3690 είς
880 3627 1015 3679 dmi.
1038 3624 1323 3692 ἐτέθησαν.
1351 3643 1370 3677 ι
1409 3622 1581 3679 Τοῦτο
1610 3623 1686 3689 δὲ,
1718 3641 1738 3676 ι
1767 3622 1865 3687 EE;
1891 3621 1921 3677 ὃ

340 3725 435 3777 καὶ
454 3721 737 3791 ἐτέθησαν,
761 3739 778 3772 ι
803 3720 903 3789 οὐχ
929 3719 1004 3781 ὡς
1023 3718 1131 3772 ἀπὸ
1157 3717 1251 3772 τοῦ
1267 3715 1402 3772 Θεοῦ
1422 3719 1638 3789 εἴρηται
1664 3719 1740 3780 είς
1762 3714 1921 3769 τοῦτο

338 3811 745 3882 ἀφωρισμένοις
769 3807 1013 3881 (οὐδεμία
1036 3807 1145 3878 γὰρ
1173 3807 1448 3869 ἀπωλείας
1475 3806 1623 3860 αίτία
1644 3803 1796 3875 παρὰ
1822 3800 1918 3855 τοῦ

340 3903 548 3963 πάντας
559 3900 654 3953 άνθ
664 3898 843 3968 ρώπου
853 3919 874 3961 ς
890 3899 1138 3962 θέλοντος
1152 3899 1391 3968 σωθῆναι
1408 3894 1756 3967 βραϐεύεται)
1768 3936 1780 3956 .
1809 3892 1920 3967 [ἀλ-

341 3996 409 4049 λά
427 3996 536 4057 τοῖς
567 3994 789 4056 ἑαυτοὺς
816 4011 834 4044 ι
861 3990 1029 4059 σκεύη
1059 4009 1080 4042 ι
1104 3988 1495 4060 κατηρτικόσιν
1515 4006 1534 4040 ι
1560 3978 1753 4058 ὀργῆς,
1785 4005 1803 4038 ι
1824 3985 1921 4038 καὶ

339 4090 374 4158 ἡ
407 4084 655 4140 ἀπείθεια
685 4083 1113 4155 ἐπηκολούθησε,
1143 4084 1238 4137 καὶ
1265 4083 1345 4145 είς
1393 4081 1462 4153 ῆν
1495 4078 1920 4152 παρεσκεύασαν

344 4179 570 4243 ἑαυτοὺς
609 4176 762 4242 τάξιν
808 4174 1130 4248 idoneam]
1173 4174 1235 4228 Εί
1265 4173 1372 4244 γὰρ
1397 4171 1746 4239 αύτεξούσιος
1778 4170 1919 4226 δάν-

344 4270 559 4339 θρωπος
589 4265 834 4336 γέγονεν,
859 4265 953 4321 άτε
980 4266 1203 4335 λογικῆς
1236 4263 1473 4334 φύσεως,
1497 4264 1593 4317 καὶ
1636 4263 1736 4338 ούκ
1801 4260 1918 4317 ἔστι

344 4358 625 4431 βιάζεσθαι
657 4359 719 4412 τδ
744 4357 1113 4423 αὐτεξούσιον.
1136 4360 1234 4411 οὐκ
1267 4357 1334 4411 ἃν
1363 4357 1534 4411 είκότι
1580 4355 1724 4425 λόγῳ
1773 4354 1917 4427 μέμ-

343 4451 506 4523 ψαιτό
534 4468 617 4514 τις
637 4450 892 4519 τοιαύτης
919 4447 1126 4520 λήξεως
1157 4448 1449 4515 ἀξιώσαντι
1475 4440 1777 4519 τοῦτον,.ἦς
1825 4446 1917 4501 διὰ

342 4542 453 4596 τῶν
480 4541 645 4595 αὑτοῦ
682 4541 857 4612 ἔργων
886 4543 913 4594 ὁ
934 4542 1108 4595 ταῦτα
1151 4541 1356 4613 δράσας
1409 4538 1586 4612 ἑαυτῷ
1622 4537 1919 4612 ἐμνηστεύ-

346 4650 497 4688 σατο.
567 4631 1029 4703 «Ἀκρογωνιαῖος
1088 4632 1146 4686 δὲ
1199 4631 1345 4696 λίθος
1393 4651 1413 4685 ι
1449 4632 1664 4704 εἴρηται
1706 4633 1735 4685 ὀ
1784 4628 1922 4701 Χρι-

346 4725 492 4789 στδς,
523 4725 596 4788 ὡς
616 4724 741 4786 τοὺς
772 4723 867 4777 δύο
901 4725 1112 4794 τοίχους
1165 4726 1290 4787 τοὺς
1340 4724 1432 4779 τὸν
1487 4741 1507 4776 t
1553 4721 1921 4792 πνευματικὸν

345 4812 494 4870 οἶκον
526 4834 546 4867 ι
585 4813 1002 4880 άποτελοῦντας,
1033 4815 1151 4886 ἦτοι
1180 4815 1309 4876 τοὺς
1330 4813 1391 4877 ἐξ
1436 4811 1608 4867 ἐθνῶν
1634 4814 1731 4866 καὶ
1785 4813 1920 4867 ἰου-

342 4909 533 4973 δαίων,
564 4907 654 4961 διὰ
709 4909 810 4977 τῆς
840 4905 1033 4960 ἑαυτοῦ
1074 4908 1361 4961 συνάπτων
1413 4903 1651 4975 ἐπαφῆς,
1707 4904 1803 4959 καὶ
1840 4908 1920 4969 είς

352 4999 481 5068 μίαν
513 4998 828 5067 συσφίγγων
853 4997 1209 5066 άρμολογίαν,
1239 4996 1347 5049 τῶν
1379 4996 1475 5066 μὲν
1504 4996 1602 5059 τὰς
1623 4996 1924 5066 ἀνωφελεῖς

349 5089 631 5158 ἀφανίζων
663 5089 874 5152 θυσίας,
903 5089 1010 5141 τῶν
1039 5088 1094 5140 δὲ
1126 5090 1225 5157 τὴν
1281 5084 1607 5160 δαιμονιὼδη
1662 5086 1922 5142 δεισιδαι-

351 5179 543 5249 μονίαν
571 5178 881 5249 μετατιθεὶς
910 5179 991 5242 είς
1012 5179 1320 5233 εὐσέϐειαν.

424 5475 449 5514 ι
499 5457 691 5528 Ὑμεῖς
728 5456 806 5519 δὲ,
835 5457 989 5525 γένος
1018 5456 1293 5522 ἐκλεκτὸν,
1313 5455 1578 5527 βασίλειον
1599 5456 1916 5526 ἱεράτευμα,

351 5548 501 5612 ἔθνος
534 5547 711 5615 ἅγιον,
742 5548 869 5611 λαὸς
884 5549 963 5610 είς
994 5548 1339 5618 περιποίησιν
1360 5561 1374 5576 ’
1408 5548 1555 5611 ὅπως
1586 5546 1684 5610 τὰς
1713 5545 1914 5614 ἀρετάς

423 5776 471 5808 “
510 5772 527 5831 1
559 5772 701 5829 Tim.
736 5787 794 5836 tt,
830 5768 883 5825 8.
959 5772 1004 5806 ⁸⁷
1032 5766 1190 5823 Rom.
1228 5784 1299 5834 tx,
1333 5770 1421 5825 33.

1531 5770 1577 5802 ³⁸
1610 5768 1799 5823 lTim.
1842 5784 1883 5835 ι,
1924 5770 2007 5826 15.

2026 3263 2279 3325 ﬁcantes,
2340 3261 2430 3315 bie
2489 3268 2673 3314 autem
2716 3258 2894 3315 factus
2926 3270 3011 3313 est
3053 3260 3104 3313 in
3142 3261 3535 3330 caputanguli,
3573 3279 3598 3314 ι

2020 3351 2359 3422 coniungens
2379 3347 2669 3403 credentes
2700 3347 2754 3401 in
2787 3348 2996 3417 ipsum:
3038 3365 3056 3399 ι
3114 3362 3219 3401 non
3246 3348 3603 3421 credentibus

2024 3451 2210 3497 autem
2260 3440 2406 3512 lapis
2432 3439 2773 3505 oﬂ'ensionis,
2836 3438 2934 3509 qui
2968 3458 2988 3491 ι
3027 3436 3317 3495 offendunt
3375 3440 3595 3506 verbo,»

2019 3546 2219 3600 nempe
2248 3529 2550 3600 Evangelii,
2595 3549 2615 3582 ι
2678 3526 2735 3583 in
2766 3544 2874 3598 quo
2907 3538 2962 3585 et
3015 3529 3175 3601 positi
3236 3539 3387 3585 sunt.
3432 3548 3452 3581 ι
3486 3531 3605 3586 Hoc

2021 3630 2228 3682 autem,
2266 3638 2286 3671 ι
2313 3619 2375 3675 In
2399 3634 2508 3689 quo
2529 3627 2585 3674 et
2615 3620 2779 3689 positi
2808 3638 2827 3671 ι
2881 3635 2976 3674 seu
3038 3621 3323 3676 constituti
3360 3638 3379 3671 ‹
3409 3631 3536 3675 sunt
3574 3638 3596 3672 ι

2024 3729 2128 3766 non
2165 3710 2684 3782 dictum.est,quasi
2714 3709 2752 3763 ii
2787 3724 2816 3763 a
2848 3708 2961 3763 Deo
2981 3709 3047 3763 ad
3076 3710 3177 3764 hoc
3203 3718 3385 3765 essent
3413 3726 3597 3779 segre-

2021 3802 2153 3873 gati,
2179 3814 2276 3857 seu
2308 3799 2687 3867 determinati;
2727 3798 2871 3857 Deus
2903 3803 3051 3854 enim
3082 3802 3173 3870 qui
3213 3819 3232 3852 ι
3271 3817 3462 3857 omnes
3501 3802 3599 3855 lto-

2024 3892 2200 3946 mines
2231 3891 2350 3945 vult
2381 3890 2566 3947 salvos
2620 3889 2735 3946 fieri
2766 3891 2840 3956 “,
2889 3905 3054 3945 causa
3089 3890 3414 3962 perditionis
3446 3892 3599 3947 nullo

2023 3982 2186 4037 modo
2218 3997 2343 4039 esse
2369 3990 2550 4053 potest
2582 3999 2598 4038 :
2632 3983 2726 4039 sed
2759 3983 2887 4055 quia
2928 3982 3005 4038 illi
3042 3982 3369 4051 semetipsos
3394 3996 3431 4034 'c
3467 3997 3599 4037 vasa

2021 4072 2119 4127 ira:
2142 4090 2163 4124 ι
2191 4072 2619 4137 constituerunt,
2643 4078 2807 4141 atque
2828 4069 3122 4125 inﬁdelitas
3152 4068 3447 4126 subsecuta
3492 4078 3598 4134 est,

2020 4163 2164 4220 ineo
2196 4162 2415 4230 ordine,
2474 4177 2634 4234 quem
2682 4161 2789 4218 sibi
2848 4161 2986 4233 ipsis
3035 4171 3383 4232 paraverunt,
3436 4162 3599 4229 positi

2022 4265 2174 4310 sunt.
2208 4255 2265 4310 Si
2294 4256 2445 4310 enim
2478 4254 2649 4308 libero
2677 4253 2907 4308 arbitrio
2940 4254 3222 4324 praeditus,
3270 4262 3461 4324 utpote
3513 4270 3601 4307 ra-

2022 4346 2242 4402 tionalis
2268 4356 2498 4409 naturae,
2529 4343 2711 4401 iactus
2731 4353 2818 4399 est
2861 4345 3047 4412 homo,
3073 4345 3138 4400 ad
3180 4344 3322 4414 quod
3365 4345 3598 4400 liberum

2022 4447 2128 4503 est,
2148 4437 2198 4493 ei
2220 4436 2481 4492 violentia
2515 4434 2710 4491 inferri
2760 4451 2871 4491 non
2924 4445 3125 4505 potest,
3157 4436 3401 4507 profecto
3449 4438 3599 4491 nullo

2017 4527 2141 4597 jure
2172 4527 2300 4597 quis
2322 4541 2447 4582 eum
2481 4526 2751 4596 culparet,
2782 4527 2874 4596 qui
2908 4527 3001 4581 tali
3039 4527 3191 4581 illum
3245 4534 3394 4582 sorte
3421 4527 3597 4582 dona-

2016 4618 2115 4683 vit,
2155 4619 2370 4689 qualem
2432 4618 2483 4674 is
2523 4619 2787 4689 aperibus
2851 4619 3189 4688 sibimetipsi
3237 4619 3596 4689 comparavit.

2023 4730 2042 4762 ι
2077 4708 2341 4765 Summus
2382 4727 2401 4761 ι
2441 4718 2621 4763 autem
2688 4728 2707 4760 ι
2746 4709 3023 4780 angularis
3055 4709 3193 4780 lapis
3244 4728 3262 4761 ι
3307 4710 3485 4767 dictus
3516 4721 3600 4767 est

2020 4801 2297 4867 Christus,
2315 4800 2515 4871 quippe
2543 4799 2634 4870 qui
2653 4800 2791 4855 duos
2809 4801 3065 4870 parietes,
3086 4801 3177 4871 qui
3206 4820 3224 4853 ι
3253 4801 3596 4871 spiritualem

2020 4895 2242 4951 domum
2286 4911 2305 4946 ι
2356 4893 2719 4957 constituunt,
2744 4908 2941 4963 nempe
2996 4909 3164 4949 unum
3196 4909 3264 4951 ex
3316 4894 3595 4963 gentibus,

2021 5001 2086 5041 ex
2121 4983 2328 5040 Judaeis
2362 4984 2618 5048 alterum,
2670 4997 2772 5038 suo
2807 4982 3083 5053 copulavit
3131 4991 3404 5047 contactu,
3434 4992 3486 5036 ct
3537 4982 3594 5037 in

2021 5076 2212 5132 eadem
2249 5076 2434 5130 cultus
2489 5074 2699 5129 ratione
2765 5070 3073 5145 conjunxit,
3132 5074 3323 5128 borum
3376 5072 3592 5141 quidem

2025 5166 2243 5221 inutilia
2305 5165 2579 5234 abrogans
2630 5164 2923 5230 sacriﬁcia,
2954 5165 3169 5219 illorum
3211 5177 3342 5217 vero
3391 5162 3594 5217 daemo-

2029 5261 2239 5314 uiacam
2274 5258 2721 5330 superstitionem
2751 5259 2805 5313 in
2846 5273 3028 5315 veram
3060 5256 3314 5326 pietatem
3340 5268 3590 5309 commu-

2025 5360 2170 5406 tans.

2091 5467 2253 5522 Vens.
2294 5467 2326 5522 9
2362 5467 2449 5523 10.
2476 5485 2498 5520 ι
2532 5463 2642 5522 Vos
2672 5476 2851 5520 autem
2899 5476 3073 5531 genus
3098 5460 3360 5523 electum,
3410 5457 3591 5530 regale

2020 5554 2416 5620 sacerdotium,
2458 5567 2603 5623 gens
2644 5562 2861 5618 sancta,
2895 5551 3130 5624 populus
3179 5549 3584 5622 acquisitionis,

3746 6126 3955 6176 Α
