4020 6214
442 379 572 447 1211

1321 377 1892 436 THEOPHYLACTI
1935 377 2339 439 BULGARIE
2361 377 2718 438 ARCHIEP.

3530 377 3680 442 1212‘

444 505 506 549 ut
524 494 748 546 virtutes
767 486 1098 542 annuntietis
1117 485 1256 554 ejus,
1275 486 1368 556 qui
1383 489 1448 541 de
1465 487 1704 542 tenebris
1727 503 1822 541 vos
1843 500 2001 540 voca-

2131 487 2448 557 ξαγγεὶλητε
2477 487 2570 540 τοῦ
2606 485 2921 548 ἐκσκὸτους
2955 486 3098 554 ὑμᾶς
3124 485 3452 551 καλέσαντος
3496 492 3573 554 είς
3604 493 3674 546 τδ

446 587 524 638 vit
555 584 608 638 in
648 579 964 636 admirabile
997 579 1172 632 lumen
1205 594 1382 632 suum.
1421 578 1524 642 Qui
1556 577 1849 648 aliquando
1885 593 1994 632 non

445 673 695 744 populus,
724 683 868 724 nunc
895 677 1074 722 autem
1104 669 1334 736 populus
1361 668 1451 722 Dei
1487 687 1500 723 :
1537 668 1630 737 qui
1671 685 1774 722 non
1806 684 2001 724 conse-

446 765 554 821 cuti
605 761 1054 821 misericordiam,
1129 774 1273 813 nunc
1329 767 1509 813 autem
1571 762 1999 814 misericordiam

448 851 747 910 consecuti.
782 869 802 902 ι
843 849 1137 918 Postquam
1171 864 1279 902 non
1311 849 1648 904 credentium
1703 851 2000 920 nequitiam

445 945 744 1000 insectatus
771 947 872 1002 est,
892 955 1145 994 asserens
1168 955 1264 995 cos
1281 941 1636 1010 sibimetipsis
1673 943 2006 999 infidelitatis

447 1047 664 1089 causam
684 1031 853 1086 fuisse
885 1048 900 1084 :
927 1045 1079 1094 nunc
1103 1035 1169 1085 ad
1188 1045 1398 1096 eorum,
1431 1033 1522 1101 qui
1557 1044 1703 1088 recte
1719 1045 2008 1102 gesserunt

451 1124 662 1178 laudem
696 1137 1002 1177 sermonem
1035 1123 1326 1187 convertit,
1351 1125 1534 1193 aitque
1565 1142 1579 1178 :
1634 1143 1652 1176 ι
1687 1127 1818 1192 Vos,
1855 1145 1875 1178 ι
1913 1127 2005 1196 qui

450 1223 596 1271 recte
625 1215 890 1284 gessistis,
927 1233 946 1264 ι
989 1229 1161 1284 genus
1201 1235 1217 1267 ι
1245 1216 1376 1270 estis
1415 1236 1432 1267 ι
1461 1217 1716 1282 electum,
1747 1233 1810 1273 ac
1833 1221 2009 1289 regale

451 1307 849 1371 sacerdotium;
891 1325 909 1357 ›
953 1307 1106 1375 quasi
1129 1306 1331 1362 diceret
1370 1309 1495 1362 :llli
1538 1309 1753 1378 quidem
1791 1323 2010 1380 prepter

451 1397 727 1457 duritiem,
745 1406 797 1450 et
820 1396 1194 1450 infidelitatem
1214 1412 1366 1450 suam
1390 1415 1409 1447 ‹
1435 1397 1502 1451 im
1514 1405 1776 1467 pegerunt
1801 1399 1852 1452 in
1874 1398 2012 1466 lapi-

453 1488 573 1540 dem
594 1485 954 1551 angularem,»
981 1494 1033 1538 at
1063 1501 1167 1540 non
1187 1485 1345 1540 simul
1365 1501 1486 1540 cum
1510 1487 1626 1555 ipso
1648 1487 1699 1542 in
1718 1489 2010 1543 aediﬁcium

454 1575 806 1629 coaluerunt:
836 1595 854 1626 ι
885 1575 991 1630 Vos
1020 1595 1036 1627 ι
1073 1583 1249 1629 autem
1277 1586 1495 1647 propter
1511 1577 1667 1649 36],
1700 1580 2009 1634 fidelitatem

455 1675 509 1720 et
543 1664 901 1718 obedientiam
931 1666 1246 1721 comdiﬁcati
1270 1669 1401 1722 estis
1423 1669 1475 1722 in
1511 1687 1528 1718 ι
1557 1672 2016 1740 regalcsacerdo-

459 1755 590 1807 tium
627 1774 646 1805 ι
677 1755 821 1807 velut
854 1772 873 1805 ‹
898 1771 1066 1822 genus
1091 1757 1339 1819 electum,
1363 1759 1540 1816 rvelut
1563 1780 1579 1811 ι
1607 1777 1742 1830 gens
1763 1771 2005 1816 sancta.»

2101 577 2408 646 θαυμαστὸν
2425 577 2589 631 αὑτοῦ
2623 577 2754 647 φῶς.
2790 578 2853 630 Οἱ
2883 577 3010 629 ποτὲ
3031 578 3092 630 ού
3122 579 3270 641 λαὸς,
3327 581 3423 633 νῦν
3455 582 3509 634 δὲ
3540 583 3672 646 λαὸς

2099 660 2238 722 Θεοῦ
2258 685 2272 700 ο
2297 670 2347 722 0i
2369 671 2469 722 οὐκ
2497 669 2809 738 ἠλεημένοι,
2837 665 2930 719 νῦν
2956 668 3011 720 δὲ
3041 667 3371 734 ἐλεηθέντες.
3413 688 3430 720 ι
3472 674 3676 726 Διαϐα-

2101 760 2207 813 λὼν
2240 761 2338 830 τὴν
2363 761 2472 814 τῶν
2516 759 2883 813 ἀπειθούντων
2946 760 3343 829 κακοτροπὶαν,
3401 763 3496 816 καὶ
3523 765 3678 827 ὅπως

2103 851 2255 904 αὐτοὶ
2279 852 2490 912 ἑαυτοῖς
2519 852 2857 920 κατέστησαν
2883 852 3046 904 αἴτιοι
3076 852 3376 915 ἀπειθείας,
3395 853 3488 906 νῦν
3507 873 3672 924 μετα-

2103 939 2276 992 ϐαίνει
2305 937 2444 1005 πρὸς
2471 937 2690 990 ἔπαινον
2721 936 2830 989 τῶν
2855 936 3317 1004 κατωρθωκότων,
3359 937 3454 991 καί
3485 956 3670 1008 φησιν,

2103 1031 2184 1084 ὃτι
2223 1048 2241 1081 ι
2285 1030 2472 1098 Ὑμεῖς
2503 1047 2522 1080 ι
2569 1031 2618 1081 οἱ
2659 1027 3104 1098 κατωρθωκότες,
3148 1046 3167 1079 ‹
3205 1027 3362 1092 γένος
3399 1028 3670 1092 ἐκλεκτὸν,

2108 1121 2376 1190 βασίλειον
2401 1121 2698 1190 ἱεράτευμα
2728 1135 2742 1149 ’
2778 1138 2796 1169 ι
2831 1119 3019 1187 ὥσπερ
3083 1121 3130 1172 εἱ
3187 1119 3372 1188 ἔλεγεν
3397 1137 3413 1150 ο
3447 1119 3684 1173 Ἐκεῖνος

2109 1212 2208 1282 μὲν
2237 1212 2324 1264 διὰ
2348 1211 2696 1282 σκληρότητα
2725 1211 2820 1262 καὶ
2839 1209 3126 1262 ἀπείθειαν
3159 1227 3180 1260 ι
3217 1209 3562 1280 προσέκοψαν
3592 1211 3674 1278 τῷ

2107 1303 2504 1373 ὰκρογωνιαίῳ,
2544 1321 2562 1354 ι
2604 1302 2720 1356 ἀλλ’
2743 1302 2804 1354 οὐ
2843 1301 3387 1372 συνῳκοδομήθησαν.
3416 1321 3436 1354 ‹
3488 1303 3676 1374 ’Υμετς

2108 1392 2164 1444 δὲ
2203 1411 2220 1444 ι
2248 1391 2312 1444 δι’
2346 1391 2659 1445 εὐπείθειαν
2691 1392 3171 1462 συνῳκοδομήθητε
3204 1395 3284 1456 εἰς
3349 1413 3368 1444 ε
3402 1394 3688 1464 βασίλειονς

2112 1481 2406 1552 ἱεράτευμα
2431 1522 2445 1547 ,
2489 1500 2508 1532 ι
2565 1482 2640 1541 ὡς
2709 1501 2728 1532 ι
2769 1483 2925 1549 γένος
2975 1482 3248 1548 ἐκλεκτὸν,
3283 1501 3302 1534 ι
3337 1483 3412 1546 ὡς
3469 1501 3491 1536 ι
3528 1483 3675 1548 ἔθνος

2111 1571 2287 1638 ἅγιον.
2321 1590 2340 1623 r
2395 1570 2539 1640 Πλὴν
2593 1570 2680 1624 ἵνα
2709 1570 2784 1641 μὴ
2837 1569 2915 1640 τῷ
2969 1573 3210 1640 περιττῷ
3235 1573 3443 1641 ἐπαίνῳ
3480 1573 3675 1642 ἐκλύσῃ

2114 1663 2330 1728 αὐτοὺς,
2376 1661 2549 1724 ἄλλως
2571 1679 2630 1714 τε
2661 1662 2754 1714 καὶ
2789 1661 2874 1714 ἵνα
2918 1663 2992 1732 μὴ
3036 1661 3497 1732 ἁποκληρωτικῶς
3519 1664 3680 1728 δόξωο

2117 1770 2200 1806 σιν
2217 1753 2359 1822 ἔχειν
2387 1754 2448 1806 τὸ
2476 1771 2493 1803 ι
2519 1753 2671 1818 ἅγιον
2700 1751 2872 1814 ἔθνος,
2909 1770 2929 1804 r
2970 1753 3064 1805 καὶ
3085 1754 3180 1806 ὅσα
3209 1753 3466 1820 ὲξῆς,καὶ
3481 1755 3554 1806 ὅτι
3587 1754 3684 1805 8:31.

459 1846 712 1898 Astamcu
741 1859 805 1898 nc
831 1845 996 1897 nimia
1031 1845 1189 1898 laude
1214 1863 1408 1915 segnes
1441 1866 1534 1903 eos
1571 1852 1841 1917 redderet,
1878 1870 2012 1909 neve

2127 1844 2178 1896 τὸ
2195 1844 2286 1896 τοῦ
2329 1843 2582 1915 Ἀϐραὰμ
2610 1843 2766 1911 γένος
2791 1841 2930 1896 εἶναι
2964 1845 3060 1896 καὶ
3112 1843 3382 1914 μηδέποτε
3447 1845 3674 1913 apocrer-

461 1942 734 2000 putarent,
751 1933 892 2002 quod
913 1949 1005 2002 per
1023 1934 1386 1989 haareditatem
1411 1937 1795 1994 haberentcsse
1816 1959 2017 2011 «genus

461 2034 729 2089 sanctum,
757 2043 776 2076 ι
809 2032 941 2090 ctc.,
971 2036 1023 2078 et
1051 2026 1194 2093 quod
1243 2033 1392 2082 tanto
1439 2027 1626 2084 donati
1676 2043 1858 2086 essent
1917 2035 2016 2087 ho-

419 2129 598 2168 lnore
655 2124 934 2183 propterea
985 2117 1129 2184 quod
1179 2125 1363 2170 essent
1417 2135 1586 2186 genus
1647 2123 1900 2184 Abrahae,
1967 2132 2020 2177 et

467 2219 740 2273 nunquam
765 2205 1115 2276 impegissent
1145 2224 1160 2262 :
1195 2215 1252 2260 ut
1279 2209 1564 2264 elationem
1625 2227 1810 2268 eorum
1847 2219 2022 2286 repti-

468 2305 654 2376 meret,
696 2298 882 2354 subdit
915 2298 1132 2356 :Nolite
1167 2313 1388 2372 propter
1432 2321 1604 2373 genus
1631 2310 1918 2377 magnifice
1954 2313 2026 2368 de

467 2387 619 2442 Vobis
654 2389 894 2444 sentire:
929 2405 1039 2444 non
1080 2392 1224 2445 enim
1257 2402 1476 2462 propter
1504 2394 1775 2451 Abraham
1798 2399 1848 2452 in
1891 2420 1907 2450 ι
1935 2417 2022 2456 τεο

466 2478 582 2546 gale
603 2479 962 2557 sacerdotium
1002 2499 1020 2531 ι
1055 2480 1210 2535 electi
1238 2485 1418 2538 estis:
1461 2484 1552 2553 qui
1609 2485 1752 2540 enim
1805 2489 1858 2542 in
1907 2491 2022 2559 ipso

469 2567 714 2634 prognati
743 2578 890 2631 sunt,
909 2569 1270 2624 sacerdotium
1312 2587 1342 2626 a
1375 2573 1518 2643 regia
1544 2575 1810 2644 dignitate
1837 2595 2024 2635 sccrcn

471 2667 580 2712 tum
601 2657 841 2712 habuere
872 2673 886 2710 :
916 2673 1022 2712 non
1046 2661 1209 2730 igitur
1237 2671 1456 2732 propter
1473 2664 1744 2719 Abraham
1773 2683 1868 2726 vos
1890 2672 2024 2728 estis

475 2767 496 2803 ο
537 2765 670 2818 gens
699 2758 907 2816 sancta,
935 2757 988 2806 et
1015 2767 1184 2822 genus
1225 2753 1456 2809 electum
1519 2763 1574 2810 et
1608 2758 1661 2812 in
1714 2761 1892 2829 regale
1941 2777 2027 2814 sa-

470 2839 769 2893 cerdotium
809 2859 827 2890 ι
872 2843 1137 2912 segregati
1166 2860 1186 2909 ;
1215 2844 1306 2898 sed
1333 2855 1553 2916 pr0pter
1577 2847 1876 2916 Christum,
1933 2851 2026 2920 qui

469 2939 524 2982 et
563 2948 581 2979 ι
621 2929 886 2992 Sacerdos
918 2933 1216 2986 secundum
1241 2935 1488 2990 ordinem
1513 2938 1912 2993 Melchisedech
1945 2942 2020 2993 υ»

472 3019 649 3074 dictus
666 3031 771 3086 est,
799 3031 851 3076 et
876 3041 892 3073 ι
915 3021 1027 3075 Rex
1054 3025 1586 3093 mansuetus,justus
1603 3027 2022 3084 etSalvator’M

473 3109 549 3162 Ex
585 3111 701 3178 ipso
732 3113 894 3182 igitur
922 3114 1010 3181 qui
1041 3123 1327 3186 utramque
1354 3120 1762 3188 praerogativam
1818 3121 2025 3186 habuit,

479 3215 498 3247 ι
539 3197 648 3252 Vos
683 3217 700 3247 ι
725 3210 916 3253 sancto
946 3203 1168 3269 regeuiti
1195 3203 1519 3274 baptismate
1581 3218 1633 3260 et
1668 3225 1686 3258 ι
1712 3223 1884 3276 genus
1927 3211 2028 3264 ele-

471 3297 641 3349 ctum,
675 3299 726 3344 et
766 3293 943 3362 regale
973 3295 1332 3350 sarerdotium
1358 3315 1376 3349 ι
1440 3299 1824 3356 convenienter
1847 3303 2032 3371 appel-

473 3380 682 3435 lamini.
703 3381 816 3436 Hoc
843 3391 1022 3437 autem
1045 3393 1213 3438 totum
1240 3387 1448 3442 habetis
1467 3389 1840 3446 misericordia
1859 3393 2027 3457 illius,

481 3493 500 3524 ι
547 3475 638 3542 qui
669 3476 735 3530 de
763 3477 1004 3530 tenebris
1038 3493 1131 3532 vos
1174 3481 1384 3534 vocavit
1408 3482 1460 3536 in
1488 3484 1805 3540 admirabile
1847 3487 2031 3540 lumen

475 3577 656 3617 suum.
697 3583 716 3615 ι
777 3565 1134 3630 Quamobrem
1175 3587 1268 3639 per
1297 3588 1460 3642 opera
1519 3574 1658 3631 lucis
1691 3577 1813 3630 aliis
1861 3577 2034 3632 homi-

479 3650 640 3706 nibus
664 3653 892 3708 virtutes
923 3655 1039 3724 ejus
1074 3667 1255 3725 notas,
1286 3659 1468 3715 facite.
1507 3661 1621 3717 Hoc
1664 3663 1906 3732 quidem,
1951 3667 2034 3720 in—

477 3743 618 3810 quit,
641 3759 704 3798 ex
749 3743 906 3815 hujus
935 3746 1264 3818 benignitate
1295 3749 1505 3804 habetis
1539 3767 1553 3802 :
1593 3753 2032 3821 quandoquidem

478 3832 610 3886 illud
641 3832 694 3886 in
728 3849 822 3888 vos
851 3835 1082 3905 quadrat
1131 3852 1146 3890 :
1186 3856 1205 3888 ι
1265 3835 1505 3906 Populus
1545 3856 1562 3888 ι
1615 3838 1770 3901 estis,
1802 3840 1894 3908 qui
1935 3841 2036 3895 ali-

475 3925 696 3996 quando
727 3944 744 3977 ι
782 3942 889 3980 non
925 3929 1157 3997 papulus
1197 3946 1218 3979 ι
1257 3937 1311 3982 et
1342 3927 1502 3982 modo
1539 3945 1558 3980 ι
1597 3930 2034 3986 misericordiam

475 4017 778 4082 consecuti,
821 4037 840 4070 ι
879 4020 971 4088 qui
1003 4021 1128 4075 olim
1175 4037 1194 4070 ι
1230 4019 1658 4074 misericordiam
1706 4037 1816 4076 non
1843 4039 2036 4078 conse-

476 4109 606 4162 cuti.
646 4127 664 4160 ι
707 4108 776 4164 Ut
803 4119 983 4164 autem
1025 4111 1207 4164 minus
1231 4111 1338 4164 illis
1379 4118 1668 4166 utolestum
1725 4128 2033 4170 sermonem

477 4213 637 4250 suum
679 4197 950 4262 redderet,
1003 4195 1472 4265 exprobrationem
1521 4198 1700 4252 verbis
1736 4198 1876 4254 Osee
1915 4215 2039 4270 pro-

474 4285 652 4355 pheta:
688 4285 990 4340 contexuit.
1045 4283 1210 4355 Igitur
1267 4300 1360 4354 per
1409 4286 1548 4341 bona
1600 4303 1763 4353 opera
1810 4290 2038 4345 virtutes

476 4377 816 4430 aununtiate.
845 4376 962 4440 Qua
992 4391 1118 4430 vero
1149 4375 1360 4432 ratione
1405 4381 1727 4445 annuntiarc
1776 4394 1868 4435 eas
1917 4394 2041 4448 pos-

2118 1935 2241 2004 ψαι,
2291 1933 2496 2003 ταύτης
2549 1933 2863 2004 ἠξιώθησαν
2903 1934 2999 2003 τῆς
3036 1934 3222 2003 τιμῆς,
3268 1935 3459 2001 ἐπάγει
3520 1952 3676 1988 κατα-

2121 2024 2354 2077 στέλλων
2386 2023 2566 2077 αὐτῶν
2587 2023 2647 2076 τὸ
2680 2023 2956 2094 φρόνημα,
2985 2023 3076 2079 καί
3106 2041 3291 2094 φησιν,
3318 2027 3398 2078 ὅτι
3431 2026 3518 2094 Μὴ
3543 2027 3676 2094 μέγα

2121 2115 2210 2166 ἐπὶ
2261 2114 2337 2182 τῷ
2385 2113 2532 2182 γένει
2591 2117 2856 2186 φρονεῖτε.
2907 2116 2980 2168 Ού
3041 2115 3148 2186 γὰρ
3193 2115 3279 2169 διὰ
3322 2115 3679 2184 τὺνἈὸραὰμ

2124 2202 2406 2271 ἐξελέγητε
2460 2205 2540 2267 είς
2617 2223 2635 2254 ι
2677 2203 2946 2274 βασίλειον
3005 2205 3306 2274 ἱεράτευμα
3342 2222 3354 2235 ·
3401 2225 3418 2256 ι
3483 2207 3530 2258 οἱ
3575 2207 3676 2275 γὰρ

2121 2291 2179 2354 ἐξ
2198 2292 2360 2343 αὑτοῦ
2391 2292 2743 2360 προελθόντες
2769 2293 3160 2362 διεσταλμὲνην
3185 2292 3326 2363 εἶχον
3385 2296 3482 2364 τὴν
3539 2296 3678 2365 iapi-

2121 2383 2269 2433 τείαν
2305 2383 2434 2452 πρὸς
2466 2383 2563 2452 τὴν
2595 2382 2891 2452 βασιλείαν.
2913 2385 2984 2436 Ού
3015 2385 3100 2437 διὰ
3122 2385 3211 2436 τὸν
3282 2385 3528 2454 ’Λύραὰμ
3574 2387 3676 2437 τοία

2123 2491 2214 2523 νυν
2243 2491 2262 2523 t
2293 2473 2443 2536 ἔθνος
2477 2492 2493 2523 ι
2522 2473 2644 2525 ἐστὲ
2679 2492 2697 2524 ι
2756 2475 2908 2540 ἆγιον
2947 2492 2965 2524 r
2998 2475 3089 2526 καὶ
3127 2493 3145 2524 ι
3182 2475 3336 2540 γένος
3367 2475 3629 2538 ὲκλεκτὶν,
3655 2493 3676 2524 ι

2122 2563 2213 2614 καὶ
2243 2564 2322 2624 είς
2365 2571 2386 2613 ’‹
2422 2561 2690 2630 βασίλειον
2719 2565 3020 2636 ἱεράτευμα
3050 2584 3067 2614 ι
3105 2567 3497 2634 ἀφωρισμένοι,
3551 2566 3678 2617 ἀλλὰ

2123 2653 2209 2704 διὰ
2242 2653 2496 2721 Χριστὸν,
2533 2653 2592 2716 ὃς
2607 2654 2704 2706 καὶ¹
2733 2673 2752 2707 ‹
2813 2656 3018 2725 ’ἱερεὺς
3056 2657 3194 2708 κατὰ
3222 2655 3319 2726 τὴν
3375 2657 3522 2721 τάξιν
3545 2659 3681 2710 Μελ-

2125 2745 2378 2812 χισεδὲκ»
2413 2746 2811 2816 κεχρημάτικε,
2865 2747 2963 2798 καὶ
3001 2766 3019 2797 ι
3063 2746 3327 2808 Βασιλεὺς
3377 2747 3569 2818 πραῢς,
3613 2749 3684 2800 δὶ-

2127 2852 2298 2900 καιος,
2331 2838 2420 2889 καὶ
2457 2837 2664 2902 σώζων.
2703 2857 2722 2890 ι
2753 2837 2843 2904 Ἐξ
2868 2837 3031 2892 αὑτοῦ
3062 2839 3238 2892 τοίνυν
3273 2839 3367 2892 τοῦ
3408 2839 3474 2892 τά
3519 2841 3686 2909 ἀμφό-

2125 2945 2258 2998 τερα
2287 2928 2578 2998 ἐσχηκότος
2609 2928 2696 2982 διὰ
2723 2929 2814 2982 τοῦ
2852 2930 3006 2996 ἁγίου
3029 2930 3480 3001 ἀναγεννηθὲντες
3509 2930 3692 2998 ﬂanti-

2131 3035 2354 3088 σματος,
2381 3019 2602 3082 εἰκότως
2629 3019 2724 3072 καὶ
2758 3037 2775 3071 ι
2815 3019 2967 3088 γένος
3022 3021 3276 3073 ἐκλεκτὸν
3314 3039 3332 3072 ι
3369 3021 3690 3092 γρηματὶςε»

2131 3125 2211 3176 τε,
2247 3110 2340 3162 καὶ
2367 3109 2668 3178 «βασίλειον
2701 3111 3017 3182 ἱεράτευμα.
3049 3131 3067 3164 ι
3103 3110 3272 3165 Τοῦτο
3293 3113 3349 3164 δὲ
3381 3113 3509 3181 ἐλέῳ
3529 3111 3688 3165 αὐτοῦ

2137 3217 2154 3250 ι
2182 3199 2277 3252 τοῦ
2305 3201 2630 3264 καλέσαντος
2650 3203 2795 3272 ὑμᾶς
2827 3221 2844 3255 ι
2869 3203 3052 3272 ἔχετε»
3075 3204 3139 3256 ὲκ
3171 3204 3391 3268 σκότους
3411 3207 3488 3267 εἰς
3503 3205 3700 3256 19.01-3-

2133 3291 2332 3362 μαστὸν
2357 3291 2520 3346 αὐτοῦ
2546 3293 2682 3362 φῶς.
2723 3312 2742 3346 ι
2776 3293 2868 3347 Διὸ
2899 3294 2988 3348 διὰ
3019 3293 3126 3347 τῶν
3166 3295 3260 3348 τοῦ
3308 3295 3478 3362 φωτὸς
3514 3296 3691 3362 ἔργων

2129 3383 2240 3443 τοῖς
2263 3381 2440 3443 ἄλλοις
2467 3379 2775 3450 ἀνθρώποις
2805 3383 3156 3452 ἐξαγγέλλετε
3193 3385 3289 3447 τὰς
3335 3385 3527 3454 ἀρετὰς
3585 3387 3694 3436 αὖ-

2129 3469 2246 3524 τοῦ.
2279 3471 2446 3524 Τοῦτο
2483 3471 2604 3542 μὲν,
2640 3476 2830 3543 φησὶν,
2871 3477 2935 3528 ὲκ
2964 3479 3062 3546 τῆς
3088 3476 3294 3528 ἐκείνου
3328 3477 3476 3544 ἔχετε
3507 3477 3702 3545 φιλαν-

2139 3561 2385 3631 θρωπίας
2429 3579 2443 3592 ·
2474 3563 2616 3628 ἐπεὶ,
2657 3564 2718 3616 τό
2753 3581 2816 3632 γε
2840 3569 2920 3628 εἰς
2951 3566 3094 3635 ὑμᾶς
3120 3562 3271 3638 ἧκον,
3309 3586 3327 3617 ι
3364 3566 3532 3629 λαός)
3574 3567 3702 3620 ἐστε

2142 3670 2159 3702 ι
2193 3652 2242 3704 οἱ
2269 3651 2398 3704 ποτὲ
2457 3653 2514 3704 οὐ
2549 3653 2698 3720 λαὸς,
2731 3655 2824 3707 καὶ
2848 3655 3159 3725 ἠλεημένοι,
3198 3657 3247 3708 οἱ
3301 3657 3400 3709 οὐκ
3460 3657 3699 3726 ἠλεημέ-

2135 3757 2238 3795 νοι.
2277 3759 2294 3792 ι
2331 3742 2828 3816 Ἀνεπαχοέστερον
2856 3744 2912 3798 δὲ
2945 3747 3212 3814 τὸνλόγον
3235 3747 3423 3812 ποιῶν,
3448 3747 3506 3812 ἐξ
3543 3747 3706 3817 Ὠσηὲ

2137 3831 2416 3886 πιστοῦται
2447 3834 2537 3890 τὸν
2581 3834 2736 3903 λόγον
2791 3835 2882 3890 τοῦ
2934 3837 3259 3908 ὀνειδισμού.
3325 3838 3704 3907 Ἑξαγγέλὶετε

2135 3925 2429 3996 τοιγαροῦν
2455 3927 2524 3980 δι’
2556 3928 2924 3998 ἁγαθοεργίας
2961 3931 3059 3992 τὰς
3093 3931 3290 4000 ἀρετὰς
3343 3929 3526 3982 αὐτοῦ.
3575 3929 3706 3992 Πῶς

2136 4013 2192 4066 δὲ
2216 4015 2665 4085 ὲξαγγέλλουσινς
2701 4019 2872 4082 Αὐτὸς
2905 4021 2932 4071 ὁ
2963 4020 3164 4091 Κύριος
3205 4020 3467 4084 διδάσκει,
3515 4019 3580 4073 δι’
3625 4013 3710 4072 ὧν

2137 4125 2338 4177 φησιν’
2391 4129 2408 4160 ι
2439 4109 2594 4162 Οὕτω
2634 4109 2904 4181 λαμψάτω
2954 4111 3014 4164 τὸ
3055 4111 3171 4179 φῶς
3227 4113 3353 4180 ὑμῖν
3399 4110 3709 4182 ἔμπροσθεν

2135 4196 2243 4251 τῶν
2281 4197 2602 4270 ἀνθρώπων,
2637 4201 2786 4264 ὅπως
2823 4201 2972 4254 ἴδωσι
3017 4201 3084 4254 τά
3131 4201 3270 4254 καλά
3334 4201 3487 4268 ὑμῶν
3544 4201 3711 4270 ἔργα,

2143 4290 2240 4343 καὶ
2273 4289 2538 4357 δοξάσωσι
2562 4291 2652 4344 τὸν
2681 4292 2898 4362 Πατέρα
2934 4292 3090 4362 ὑμῶν
3152 4292 3245 4345 τὸν
3284 4293 3340 4344 ὲν
3387 4295 3498 4356 τοῖς
3542 4293 3711 4362 ούρα-

2140 4382 2270 4443 νοῖς.
2309 4399 2328 4432 )
2356 4414 2423 4422 —
2461 4401 2478 4433 ι
2506 4381 2648 4446 Aab;
2666 4383 2722 4436 δὲ
2748 4384 2825 4448 εἰς
2851 4383 3219 4454 περιποίησιν,
3257 4399 3276 4432 ›
3319 4383 3440 4434 ἀντὶ
3473 4382 3586 4445 τοῦ,
3621 4384 3712 4444 εἰς

476 4469 610 4532 sint,
634 4467 850 4522 edocuit
886 4467 1142 4524 Dominus
1175 4483 1298 4522 cum
1328 4469 1402 4522 ait
1433 4470 1474 4500 "
1505 4488 1517 4524 :
1548 4487 1566 4519 ι
1625 4468 1716 4526 Sic
1739 4472 1916 4526 luceat
1947 4473 2023 4527 lu:

2145 4474 2357 4542 κτῆσιν,
2385 4475 2502 4545 ἦτοι
2529 4478 2609 4537 εἱς
2639 4475 3018 4546 κληρονομίαν.
3065 4476 3273 4538 Πάντες
3331 4475 3429 4544 μὲν
3457 4475 3562 4544 γὰρ
3591 4475 3718 4526 κτί-

477 4567 660 4612 vcstra
709 4573 893 4610 coram
948 4556 1288 4621 hominibus,
1322 4565 1378 4610 ut
1411 4557 1626 4612 videant
1657 4575 1822 4630 opera
1855 4569 2032 4615 vestra

479 4647 642 4711 bona,
679 4659 731 4700 et
761 4648 1061 4715 glorificent
1117 4647 1328 4702 Patrem
1379 4656 1641 4715 vestrum,
1685 4652 1776 4719 qui
1810 4652 1860 4704 in
1890 4651 2042 4706 cmlis

2142 4581 2254 4634 σμα
2279 4563 2414 4616 Θεοῦ
2453 4581 2468 4596 ο
2507 4566 2690 4635 κτῆμα
2723 4567 2800 4634 δὲ,
2827 4569 2980 4638 μόνοι
3015 4567 3168 4620 ozena
3194 4567 3292 4638 τῆς
3331 4567 3534 4620 ἑαυτῶν
3568 4567 3712 4633 ἁγα-

2150 4652 2400 4722 θοεργίας
2419 4654 2608 4709 τούτου
2637 4657 2946 4728 ἠξιωμένοι.

478 4744 583 4790 est.
623 4754 644 4788 ι
669 4756 781 4787 -ι
817 4736 1057 4805 Populus
1087 4746 1266 4790 autem
1314 4738 1715 4808 acquisitionis,
1759 4759 1776 4790 ι
1829 4741 1885 4794 id
1949 4750 2030 4795 est
2060 4739 2114 4792 in
2161 4743 2558 4810 possessionem
2587 4755 2640 4800 et
2671 4746 3061 4801 hmreditatem.
3133 4748 3328 4801 Omnes
3381 4745 3524 4800 enim
3577 4742 3722 4798 ευιιι

478 4843 617 4898 opus
648 4825 760 4892 Dei,
819 4829 1096 4897 possessio
1115 4839 1292 4884 autem
1326 4832 1544 4902 proprie
1577 4832 1612 4886 ii
1667 4832 1789 4898 soli,
1830 4835 1921 4903 qui
1948 4849 2042 4904 per
2081 4833 2220 4888 bona
2245 4851 2405 4903 opera
2439 4837 2540 4893 hoc
2571 4839 2676 4893 sibi
2700 4841 2978 4908 promeriti
2999 4850 3146 4896 sunt.

551 4921 716 4978 Vens.
752 4917 937 4975 11452.
965 4941 984 4974 ι
1019 4923 1361 4990 Cbarissiini,
1385 4927 1612 4981 obsecro
1644 4942 1738 4982 vos
1779 4936 2033 4998 tanquam

479 5012 716 5069 advenas
749 5021 802 5068 et
843 5014 1158 5084 peregrinos
1190 5015 1465 5070 abstinere
1514 5033 1608 5071 vos
1647 5031 1677 5071 a
1725 5021 2034 5074 carnalibus

479 5103 766 5158 desideriis
791 5117 911 5172 qua:
942 5101 1176 5156 militant
1207 5104 1468 5159 adversus
1502 5105 1760 5158 animam.
1787 5105 2032 5160 Conver.

478 5194 746 5247 sationem
788 5202 1028 5248 vestram
1067 5193 1208 5248 inter
1241 5201 1431 5262 gentes
1465 5193 1724 5247 habentes
1750 5193 1966 5248 bonam.
2012 5212 2029 5243 ι

480 5281 634 5348 Quod
666 5284 912 5353 sequitur
938 5284 1011 5337 ita
1047 5298 1108 5336 se
1136 5283 1334 5336 habet:
1371 5299 1390 5332 ι
1423 5283 1768 5347 Cbarissimi,
1809 5285 2038 5338 obsecro

483 5386 576 5426 vos
595 5381 850 5440 tanquam
879 5369 1116 5426 advenas
1133 5377 1186 5426 et
1213 5370 1532 5440 peregrinos
1561 5387 1580 5420 ι
1611 5369 1664 5422 in
1690 5369 1794 5422 hoc
1819 5371 2039 5437 mundo,

484 5471 542 5514 ut
595 5482 613 5512 ι
657 5464 975 5519 abstineatis
1006 5479 1036 5518 a
1078 5461 1390 5518 carnalibus
1419 5461 1722 5524 desideriis,
1753 5477 1870 5530 qua:
1900 5464 2042 5516 mili-

484 5561 600 5606 tant
629 5553 890 5611 adversus
937 5555 1170 5609 animam
1210 5571 1228 5603 ι
1267 5559 1522 5608 vestram.
1569 5551 1808 5607 Obsecro
1860 5561 2037 5606 autem

561 5730 603 5761 ι’
638 5731 779 5782 i‘sul.
817 5749 921 5797 ως,
955 5736 1005 5786 4.
1121 5733 1163 5766 ³ο
1204 5735 1345 5790 Zteb
1395 5755 1466 5801 lx,
1502 5739 1553 5792 9.

2214 4945 2233 4977 ι
2287 4928 2603 5001 Ἀγαπητοὶ,
2643 4933 2939 5004 παρακαλῶ
2979 4935 3123 5004 ὑμᾶς
3160 4933 3234 4997 ὡς
3269 4935 3560 5006 παροίκους
3613 4937 3724 4988 καὶ

2142 5022 2551 5092 παρεπιδήμους
2593 5025 2889 5094 ἀπέχεσθαι
2927 5025 3034 5078 τῶν
3068 5027 3342 5096 σαρκικῶν
3385 5026 3724 5095 ἐπιθυμιῶν,

2141 5109 2346 5174 αἵτινες
2376 5113 2757 5182 στρατεύονται
2783 5115 2922 5168 κατὰ
2953 5118 3051 5185 τῆς
3086 5116 3284 5187 ψυχῆς,
3312 5117 3408 5186 τὴν
3446 5118 3724 5185 ἀναστρο-

2139 5200 2245 5270 φὴν
2279 5201 2429 5269 ὑμῶν
2469 5205 2525 5256 ἐν
2559 5207 2670 5266 τοϊς
2703 5205 2882 5258 ἔθνεσι
2919 5206 3089 5274 καλὴν
3137 5206 3368 5276 ἔχοντες.
3407 5225 3426 5258 ι
3482 5206 3552 5258 Τὸ
3583 5205 3726 5274 ἑξῆς

2139 5287 2332 5350 οὕτως.
2373 5308 2390 5340 ι
2432 5291 2752 5362 Ἀγαπητοὶ,
2783 5293 3084 5361 παρακαλῶ
3103 5295 3245 5364 ὑμᾶς
3270 5295 3346 5357 ὼς
3370 5293 3662 5364 παροίκους
3697 5315 3720 5345 ι

2145 5377 2304 5442 ὂντας
2335 5398 2352 5430 ι
2410 5381 2502 5431 καὶ
2551 5383 2965 5452 παρεπιδήμους
3022 5403 3041 5432 ι
3101 5383 3192 5437 τοῦ
3246 5385 3451 5454 κόσμου
3500 5383 3726 5446 τούτου,

2157 5486 2173 5519 ι
2211 5469 2505 5538 ἀπέχεσθαι
2531 5471 2636 5522 τῶν
2667 5472 2939 5542 σαρκικῶν
2969 5472 3290 5542 ἐπιθυμιῶν,
3321 5475 3522 5538 αἵτινες
3549 5491 3731 5545 στραο

2147 5557 2394 5612 τεύονται
2425 5561 2563 5614 κατὰ
2605 5561 2700 5632 τῆς
2731 5562 2904 5634 ψυχῆς
2935 5583 2953 5616 ι
2987 5564 3168 5634 ὑμῶν’
3201 5583 3220 5616 ι
3265 5567 3564 5638 παρακαλῶ
3599 5586 3618 5618 ι
3660 5565 3732 5620 δὲ

1636 5740 1677 5771 ³¹
1720 5736 1908 5793 Matth.
1941 5755 1993 5805 ν,
2047 5739 2135 5794 16.
