  <div class='ocr_page' id='page_1' title='image "/cluster/home/n/w/nwhite01/storage/ocr_20150623/125/hvd.32044073502429/666.png"; bbox 0 0 4020 6214; ppageno 0'>
   <div class='ocr_carea' id='block_1_1' title="bbox 365 427 496 490">
    <p class='ocr_par' dir='ltr' id='par_1_1' title="bbox 365 427 496 490">
     <span class='ocr_line' id='line_1_1' title="bbox 365 427 496 490; baseline 0 0"><span class='ocrx_word' id='word_1_1' title='bbox 365 427 496 490; x_wconf 71' lang='lat' dir='ltr'><strong>i213</strong></span> 
     </span>
    </p>
   </div>
   <div class='ocr_carea' id='block_1_2' title="bbox 1145 413 2830 481">
    <p class='ocr_par' dir='ltr' id='par_1_2' title="bbox 1145 413 2830 481">
     <span class='ocr_line' id='line_1_2' title="bbox 1145 413 2830 481; baseline -0.004 0"><span class='ocrx_word' id='word_1_2' title='bbox 1145 417 1546 481; x_wconf 79' lang='lat' dir='ltr'><strong>EXPOSITIO</strong></span> <span class='ocrx_word' id='word_1_3' title='bbox 1587 418 1661 476; x_wconf 78' lang='grc' dir='ltr'><strong>ΙΝ</strong></span> <span class='ocrx_word' id='word_1_4' title='bbox 1701 415 1938 476; x_wconf 78' lang='lat' dir='ltr'><strong>EPIST.</strong></span> <span class='ocrx_word' id='word_1_5' title='bbox 1979 415 2005 473; x_wconf 89' lang='lat' dir='ltr'>I</span> <span class='ocrx_word' id='word_1_6' title='bbox 2055 417 2117 476; x_wconf 92' lang='lat' dir='ltr'><strong>S.</strong></span> <span class='ocrx_word' id='word_1_7' title='bbox 2159 415 2414 476; x_wconf 82' lang='lat' dir='ltr'><strong>PETRI.</strong></span> <span class='ocrx_word' id='word_1_8' title='bbox 2453 439 2524 450; x_wconf 86' lang='lat'><em>-</em></span> <span class='ocrx_word' id='word_1_9' title='bbox 2553 415 2711 475; x_wconf 86' lang='lat' dir='ltr'><strong>CAP.</strong></span> <span class='ocrx_word' id='word_1_10' title='bbox 2748 413 2830 474; x_wconf 88' lang='grc' dir='ltr'><strong>Ιῐ.</strong></span> 
     </span>
    </p>
   </div>
   <div class='ocr_carea' id='block_1_3' title="bbox 3461 402 3598 468">
    <p class='ocr_par' dir='ltr' id='par_1_3' title="bbox 3461 402 3598 468">
     <span class='ocr_line' id='line_1_3' title="bbox 3461 402 3598 468; baseline -0.015 -3"><span class='ocrx_word' id='word_1_11' title='bbox 3461 402 3598 468; x_wconf 66' lang='grc'><strong>1214</strong></span> 
     </span>
    </p>
   </div>
   <div class='ocr_carea' id='block_1_4' title="bbox 352 515 1948 605">
    <p class='ocr_par' dir='ltr' id='par_1_4' title="bbox 352 529 1916 605">
     <span class='ocr_line' id='line_1_4' title="bbox 352 529 1916 605; baseline -0.009 -13"><span class='ocrx_word' id='word_1_12' title='bbox 352 536 648 599; x_wconf 69' lang='grc' dir='ltr'>καὶτοῦτο,</span> <span class='ocrx_word' id='word_1_13' title='bbox 687 553 706 585; x_wconf 76' lang='grc' dir='ltr'><strong>ι</strong></span> <span class='ocrx_word' id='word_1_14' title='bbox 739 533 837 605; x_wconf 74' lang='grc' dir='ltr'>τὴν</span> <span class='ocrx_word' id='word_1_15' title='bbox 893 535 949 588; x_wconf 77' lang='grc' dir='ltr'>ὲν</span> <span class='ocrx_word' id='word_1_16' title='bbox 994 537 1101 596; x_wconf 84' lang='grc' dir='ltr'>τοῖς</span> <span class='ocrx_word' id='word_1_17' title='bbox 1139 535 1346 586; x_wconf 78' lang='grc' dir='ltr'>ἔθνεσιν</span> <span class='ocrx_word' id='word_1_18' title='bbox 1390 533 1541 600; x_wconf 73' lang='grc' dir='ltr'>ὑμῶν</span> <span class='ocrx_word' id='word_1_19' title='bbox 1575 529 1916 598; x_wconf 68' lang='grc' dir='ltr'>ἀναστροφὴν</span> 
     </span>
    </p>
   </div>
   <div class='ocr_carea' id='block_1_5' title="bbox 2049 515 3599 605">
    <p class='ocr_par' dir='ltr' id='par_1_5' title="bbox 2055 515 3599 596">
     <span class='ocr_line' id='line_1_5' title="bbox 2055 515 3599 596; baseline -0.008 -16"><span class='ocrx_word' id='word_1_20' title='bbox 2055 527 2228 592; x_wconf 81' lang='lat' dir='ltr'><strong>tltoe,</strong></span> <span class='ocrx_word' id='word_1_21' title='bbox 2269 527 2323 580; x_wconf 88' lang='lat' dir='ltr'><strong>in</strong></span> <span class='ocrx_word' id='word_1_22' title='bbox 2367 543 2386 578; x_wconf 73' lang='grc' dir='ltr'><strong>ι</strong></span> <span class='ocrx_word' id='word_1_23' title='bbox 2427 524 2680 596; x_wconf 79' lang='lat' dir='ltr'><strong>gentibus</strong></span> <span class='ocrx_word' id='word_1_24' title='bbox 2725 518 3194 577; x_wconf 84' lang='lat' dir='ltr'><strong>conversationem</strong></span> <span class='ocrx_word' id='word_1_25' title='bbox 3235 520 3472 571; x_wconf 75' lang='lat' dir='ltr'><strong>vestram</strong></span> <span class='ocrx_word' id='word_1_26' title='bbox 3502 515 3599 568; x_wconf 85' lang='lat' dir='ltr'><strong>ha-</strong></span> 
     </span>
    </p>
   </div>
   <div class='ocr_carea' id='block_1_6' title="bbox 355 618 1922 699">
    <p class='ocr_par' dir='ltr' id='par_1_6' title="bbox 355 618 1922 699">
     <span class='ocr_line' id='line_1_6' title="bbox 355 618 1922 699; baseline -0.009 -17"><span class='ocrx_word' id='word_1_27' title='bbox 355 629 496 699; x_wconf 70' lang='grc' dir='ltr'>ἕχειν</span> <span class='ocrx_word' id='word_1_28' title='bbox 523 629 725 695; x_wconf 70' lang='grc' dir='ltr'>καλήν*</span> <span class='ocrx_word' id='word_1_29' title='bbox 769 645 789 677; x_wconf 66' lang='grc' dir='ltr'><strong>ι</strong></span> <span class='ocrx_word' id='word_1_30' title='bbox 831 625 1183 696; x_wconf 72' lang='grc' dir='ltr'><strong>μετείληπται</strong></span> <span class='ocrx_word' id='word_1_31' title='bbox 1236 625 1344 691; x_wconf 77' lang='grc' dir='ltr'>γὰρ</span> <span class='ocrx_word' id='word_1_32' title='bbox 1381 624 1439 674; x_wconf 76' lang='grc' dir='ltr'>τὸ</span> <span class='ocrx_word' id='word_1_33' title='bbox 1475 623 1612 692; x_wconf 73' lang='grc' dir='ltr'>ἔχειν</span> <span class='ocrx_word' id='word_1_34' title='bbox 1637 621 1772 671; x_wconf 76' lang='grc' dir='ltr'>ἀντὶ</span> <span class='ocrx_word' id='word_1_35' title='bbox 1808 618 1922 682; x_wconf 88' lang='grc' dir='ltr'>τοῦ,</span> 
     </span>
    </p>
   </div>
   <div class='ocr_carea' id='block_1_7' title="bbox 360 715 1018 788">
    <p class='ocr_par' dir='ltr' id='par_1_7' title="bbox 360 715 1018 788">
     <span class='ocr_line' id='line_1_7' title="bbox 360 715 1018 788; baseline -0.006 -16"><span class='ocrx_word' id='word_1_36' title='bbox 360 739 380 772; x_wconf 67' lang='grc' dir='ltr'><strong>ι</strong></span> <span class='ocrx_word' id='word_1_37' title='bbox 418 719 651 788; x_wconf 77' lang='grc' dir='ltr'>ἔχοντες.</span> <span class='ocrx_word' id='word_1_38' title='bbox 695 736 713 768; x_wconf 71' lang='grc' dir='ltr'><strong>ι</strong></span> <span class='ocrx_word' id='word_1_39' title='bbox 767 716 927 778; x_wconf 86' lang='grc' dir='ltr'>Ἔθος</span> <span class='ocrx_word' id='word_1_40' title='bbox 963 715 1018 770; x_wconf 84' lang='grc' dir='ltr'><em>δέ</em></span> 
     </span>
    </p>
   </div>
   <div class='ocr_carea' id='block_1_8' title="bbox 355 799 1928 877">
    <p class='ocr_par' dir='ltr' id='par_1_8' title="bbox 355 799 1928 877">
     <span class='ocr_line' id='line_1_8' title="bbox 355 799 1928 877; baseline -0.007 -14"><span class='ocrx_word' id='word_1_41' title='bbox 355 811 445 863; x_wconf 76' lang='grc' dir='ltr'><strong>τὸν</strong></span> <span class='ocrx_word' id='word_1_42' title='bbox 474 809 796 877; x_wconf 73' lang='grc' dir='ltr'>δογματικον</span> <span class='ocrx_word' id='word_1_43' title='bbox 821 809 1001 874; x_wconf 79' lang='grc' dir='ltr'>λόγον,</span> <span class='ocrx_word' id='word_1_44' title='bbox 1035 807 1122 858; x_wconf 70' lang='grc' dir='ltr'><strong>τὸν</strong></span> <span class='ocrx_word' id='word_1_45' title='bbox 1147 807 1333 876; x_wconf 77' lang='grc' dir='ltr'>ἠθικὸν</span> <span class='ocrx_word' id='word_1_46' title='bbox 1361 806 1620 869; x_wconf 78' lang='grc' dir='ltr'>εἰσάγειν,</span> <span class='ocrx_word' id='word_1_47' title='bbox 1667 801 1694 853; x_wconf 85' lang='grc' dir='ltr'><strong>ὃ</strong></span> <span class='ocrx_word' id='word_1_48' title='bbox 1723 803 1812 854; x_wconf 79' lang='grc' dir='ltr'>καὶ</span> <span class='ocrx_word' id='word_1_49' title='bbox 1834 799 1928 852; x_wconf 81' lang='grc' dir='ltr'><strong>νῦν</strong></span> 
     </span>
    </p>
   </div>
   <div class='ocr_carea' id='block_1_9' title="bbox 1067 711 1926 776">
    <p class='ocr_par' dir='ltr' id='par_1_9' title="bbox 1067 711 1926 776">
     <span class='ocr_line' id='line_1_9' title="bbox 1067 711 1926 776; baseline -0.007 -10"><span class='ocrx_word' id='word_1_50' title='bbox 1067 717 1178 766; x_wconf 77' lang='grc' dir='ltr'>ἐστι</span> <span class='ocrx_word' id='word_1_51' title='bbox 1231 715 1340 776; x_wconf 84' lang='grc' dir='ltr'>τοῖς</span> <span class='ocrx_word' id='word_1_52' title='bbox 1385 713 1745 774; x_wconf 75' lang='grc' dir='ltr'>διδασκάλοις,</span> <span class='ocrx_word' id='word_1_53' title='bbox 1790 711 1926 776; x_wconf 84' lang='grc' dir='ltr'><strong>μετά</strong></span> 
     </span>
    </p>
   </div>
   <div class='ocr_carea' id='block_1_10' title="bbox 355 893 1928 970">
    <p class='ocr_par' dir='ltr' id='par_1_10' title="bbox 355 893 1928 970">
     <span class='ocr_line' id='line_1_10' title="bbox 355 893 1928 970; baseline -0.009 -13"><span class='ocrx_word' id='word_1_54' title='bbox 355 906 386 958; x_wconf 90' lang='lat'><strong>6</strong></span> <span class='ocrx_word' id='word_1_55' title='bbox 418 903 686 970; x_wconf 84' lang='grc' dir='ltr'>μακάριος</span> <span class='ocrx_word' id='word_1_56' title='bbox 715 895 868 962; x_wconf 74' lang='grc' dir='ltr'>οὗτος</span> <span class='ocrx_word' id='word_1_57' title='bbox 908 901 1070 952; x_wconf 80' lang='grc' dir='ltr'>ποιεί.</span> <span class='ocrx_word' id='word_1_58' title='bbox 1107 917 1128 950; x_wconf 86' lang='grc'><em>‹</em></span> <span class='ocrx_word' id='word_1_59' title='bbox 1179 899 1519 967; x_wconf 74' lang='grc' dir='ltr'>Ἀγαπητοὺς</span> <span class='ocrx_word' id='word_1_60' title='bbox 1557 915 1576 946; x_wconf 71' lang='grc' dir='ltr'><strong>ι</strong></span> <span class='ocrx_word' id='word_1_61' title='bbox 1613 896 1666 947; x_wconf 81' lang='grc' dir='ltr'><strong>δὲ</strong></span> <span class='ocrx_word' id='word_1_62' title='bbox 1713 893 1928 954; x_wconf 75' lang='grc' dir='ltr'>αὑτοὺς,</span> 
     </span>
    </p>
   </div>
   <div class='ocr_carea' id='block_1_11' title="bbox 355 983 1930 1060">
    <p class='ocr_par' dir='ltr' id='par_1_11' title="bbox 355 983 1930 1060">
     <span class='ocr_line' id='line_1_11' title="bbox 355 983 1930 1060; baseline -0.008 -15"><span class='ocrx_word' id='word_1_63' title='bbox 355 997 458 1045; x_wconf 71' lang='grc' dir='ltr'><strong>οὐκ</strong></span> <span class='ocrx_word' id='word_1_64' title='bbox 481 992 874 1060; x_wconf 73' lang='grc' dir='ltr'>ἀγαπωμένους</span> <span class='ocrx_word' id='word_1_65' title='bbox 921 990 1103 1042; x_wconf 82' lang='grc' dir='ltr'>καλεῖ·</span> <span class='ocrx_word' id='word_1_66' title='bbox 1143 989 1230 1041; x_wconf 82' lang='grc' dir='ltr'>διὰ</span> <span class='ocrx_word' id='word_1_67' title='bbox 1269 989 1444 1040; x_wconf 76' lang='grc' dir='ltr'>πάντα</span> <span class='ocrx_word' id='word_1_68' title='bbox 1471 985 1578 1054; x_wconf 83' lang='grc' dir='ltr'>γάρ</span> <span class='ocrx_word' id='word_1_69' title='bbox 1627 983 1764 1036; x_wconf 72' lang='grc' dir='ltr'>εἶσιν</span> <span class='ocrx_word' id='word_1_70' title='bbox 1807 985 1930 1035; x_wconf 79' lang='grc' dir='ltr'>ἐπι-</span> 
     </span>
    </p>
   </div>
   <div class='ocr_carea' id='block_1_12' title="bbox 357 1072 1930 1152">
    <p class='ocr_par' dir='ltr' id='par_1_12' title="bbox 357 1072 1930 1152">
     <span class='ocr_line' id='line_1_12' title="bbox 357 1072 1930 1152; baseline -0.008 -17"><span class='ocrx_word' id='word_1_71' title='bbox 357 1083 602 1150; x_wconf 80' lang='grc' dir='ltr'>πόθητοι.</span> <span class='ocrx_word' id='word_1_72' title='bbox 634 1085 694 1136; x_wconf 89' lang='grc' dir='ltr'>Οί</span> <span class='ocrx_word' id='word_1_73' title='bbox 726 1085 833 1152; x_wconf 75' lang='grc' dir='ltr'><strong>γὰρ</strong></span> <span class='ocrx_word' id='word_1_74' title='bbox 865 1083 952 1134; x_wconf 80' lang='grc' dir='ltr'>διά</span> <span class='ocrx_word' id='word_1_75' title='bbox 979 1099 1051 1138; x_wconf 83' lang='grc' dir='ltr'><strong>τι,</strong></span> <span class='ocrx_word' id='word_1_76' title='bbox 1106 1078 1460 1147; x_wconf 77' lang='grc' dir='ltr'><strong>ἀγαπώμενοι</strong></span> <span class='ocrx_word' id='word_1_77' title='bbox 1505 1077 1776 1142; x_wconf 81' lang='grc' dir='ltr'>λέγονται,</span> <span class='ocrx_word' id='word_1_78' title='bbox 1831 1072 1930 1124; x_wconf 83' lang='grc' dir='ltr'><strong>οὑκ</strong></span> 
     </span>
    </p>
   </div>
   <div class='ocr_carea' id='block_1_13' title="bbox 363 1165 1932 1240">
    <p class='ocr_par' dir='ltr' id='par_1_13' title="bbox 363 1165 1932 1240">
     <span class='ocr_line' id='line_1_13' title="bbox 363 1165 1932 1240; baseline -0.004 -19"><span class='ocrx_word' id='word_1_79' title='bbox 363 1191 384 1226; x_wconf 70' lang='grc' dir='ltr'><strong>ς</strong></span> <span class='ocrx_word' id='word_1_80' title='bbox 420 1173 714 1240; x_wconf 75' lang='grc' dir='ltr'>ἀγαπητοί.</span> <span class='ocrx_word' id='word_1_81' title='bbox 753 1190 772 1221; x_wconf 71' lang='grc' dir='ltr'><strong>ι</strong></span> <span class='ocrx_word' id='word_1_82' title='bbox 797 1201 866 1212; x_wconf 88' lang='lat'><strong>-—-</strong></span> <span class='ocrx_word' id='word_1_83' title='bbox 891 1191 908 1222; x_wconf 75' lang='grc' dir='ltr'><strong>ι</strong></span> <span class='ocrx_word' id='word_1_84' title='bbox 941 1169 1052 1232; x_wconf 88' lang='grc' dir='ltr'><strong>Τάς</strong></span> <span class='ocrx_word' id='word_1_85' title='bbox 1081 1169 1136 1220; x_wconf 80' lang='grc' dir='ltr'>δὲ</span> <span class='ocrx_word' id='word_1_86' title='bbox 1184 1168 1450 1238; x_wconf 76' lang='grc' dir='ltr'>σαρκικέις</span> <span class='ocrx_word' id='word_1_87' title='bbox 1497 1167 1793 1231; x_wconf 65' lang='grc' dir='ltr'>ἐπιθυμίας</span> <span class='ocrx_word' id='word_1_88' title='bbox 1845 1165 1932 1215; x_wconf 81' lang='grc' dir='ltr'><strong>ἐκ·</strong></span> 
     </span>
    </p>
   </div>
   <div class='ocr_carea' id='block_1_14' title="bbox 359 1252 1933 1330">
    <p class='ocr_par' dir='ltr' id='par_1_14' title="bbox 359 1252 1933 1330">
     <span class='ocr_line' id='line_1_14' title="bbox 359 1252 1933 1330; baseline -0.006 -17"><span class='ocrx_word' id='word_1_89' title='bbox 359 1260 747 1330; x_wconf 68' lang='grc' dir='ltr'>στρατεύεσθαί</span> <span class='ocrx_word' id='word_1_90' title='bbox 792 1278 810 1309; x_wconf 72' lang='grc' dir='ltr'><strong>ι</strong></span> <span class='ocrx_word' id='word_1_91' title='bbox 843 1275 973 1328; x_wconf 70' lang='grc' dir='ltr'>φησι</span> <span class='ocrx_word' id='word_1_92' title='bbox 1014 1276 1032 1308; x_wconf 74' lang='grc' dir='ltr'><strong>ι</strong></span> <span class='ocrx_word' id='word_1_93' title='bbox 1072 1258 1212 1310; x_wconf 77' lang='grc' dir='ltr'>κατὰ</span> <span class='ocrx_word' id='word_1_94' title='bbox 1262 1257 1360 1324; x_wconf 76' lang='grc' dir='ltr'>τῆς</span> <span class='ocrx_word' id='word_1_95' title='bbox 1412 1255 1610 1324; x_wconf 71' lang='grc' dir='ltr'>ψυχῆς,</span> <span class='ocrx_word' id='word_1_96' title='bbox 1653 1273 1672 1305; x_wconf 72' lang='grc' dir='ltr'><strong>ι</strong></span> <span class='ocrx_word' id='word_1_97' title='bbox 1729 1252 1933 1304; x_wconf 80' lang='grc' dir='ltr'>ὲπείτοι</span> 
     </span>
    </p>
   </div>
   <div class='ocr_carea' id='block_1_15' title="bbox 357 1345 1934 1422">
    <p class='ocr_par' dir='ltr' id='par_1_15' title="bbox 357 1345 1934 1422">
     <span class='ocr_line' id='line_1_15' title="bbox 357 1345 1934 1422; baseline -0.006 -15"><span class='ocrx_word' id='word_1_98' title='bbox 357 1356 450 1407; x_wconf 73' lang='grc' dir='ltr'><strong>καὶ</strong></span> <span class='ocrx_word' id='word_1_99' title='bbox 487 1355 622 1407; x_wconf 66' lang='grc' dir='ltr'>κατὰ</span> <span class='ocrx_word' id='word_1_100' title='bbox 658 1354 748 1406; x_wconf 75' lang='grc' dir='ltr'>τὸν</span> <span class='ocrx_word' id='word_1_101' title='bbox 778 1354 1048 1422; x_wconf 72' lang='grc' dir='ltr'>μακάριον</span> <span class='ocrx_word' id='word_1_102' title='bbox 1085 1351 1312 1410; x_wconf 80' lang='grc' dir='ltr'><strong>Παῦλον,</strong></span> <span class='ocrx_word' id='word_1_103' title='bbox 1343 1367 1360 1399; x_wconf 78' lang='lat' dir='ltr'><strong>r</strong></span> <span class='ocrx_word' id='word_1_104' title='bbox 1409 1349 1475 1400; x_wconf 83' lang='lat' dir='ltr'><strong>&#39;H</strong></span> <span class='ocrx_word' id='word_1_105' title='bbox 1509 1346 1643 1415; x_wconf 76' lang='grc' dir='ltr'>σὰρξ</span> <span class='ocrx_word' id='word_1_106' title='bbox 1674 1345 1934 1412; x_wconf 74' lang='grc' dir='ltr'>ἐπιθυμεῖ</span> 
     </span>
    </p>
   </div>
   <div class='ocr_carea' id='block_1_16' title="bbox 358 1435 1934 1510">
    <p class='ocr_par' dir='ltr' id='par_1_16' title="bbox 358 1435 1934 1510">
     <span class='ocr_line' id='line_1_16' title="bbox 358 1435 1934 1510; baseline -0.008 -12"><span class='ocrx_word' id='word_1_107' title='bbox 358 1449 498 1498; x_wconf 66' lang='grc' dir='ltr'>κατὰ</span> <span class='ocrx_word' id='word_1_108' title='bbox 528 1442 619 1496; x_wconf 85' lang='grc' dir='ltr'><strong>τοῦ</strong></span> <span class='ocrx_word' id='word_1_109' title='bbox 662 1444 985 1510; x_wconf 72' lang='grc' dir='ltr'>πνεύματος.</span> <span class='ocrx_word' id='word_1_110' title='bbox 1027 1461 1044 1492; x_wconf 77' lang='grc' dir='ltr'><strong>ι</strong></span> <span class='ocrx_word' id='word_1_111' title='bbox 1078 1443 1140 1492; x_wconf 75' lang='grc' dir='ltr'>Αἰ</span> <span class='ocrx_word' id='word_1_112' title='bbox 1171 1440 1275 1509; x_wconf 75' lang='grc' dir='ltr'>γὰρ</span> <span class='ocrx_word' id='word_1_113' title='bbox 1302 1440 1399 1508; x_wconf 80' lang='grc' dir='ltr'>τῆς</span> <span class='ocrx_word' id='word_1_114' title='bbox 1421 1437 1618 1506; x_wconf 85' lang='grc' dir='ltr'>σαρκὸς</span> <span class='ocrx_word' id='word_1_115' title='bbox 1648 1435 1934 1504; x_wconf 77' lang='grc' dir='ltr'>ἐπιθυμίαι</span> 
     </span>
    </p>
   </div>
   <div class='ocr_carea' id='block_1_17' title="bbox 360 1524 1936 1602">
    <p class='ocr_par' dir='ltr' id='par_1_17' title="bbox 360 1524 1936 1602">
     <span class='ocr_line' id='line_1_17' title="bbox 360 1524 1936 1602; baseline -0.006 -17"><span class='ocrx_word' id='word_1_116' title='bbox 360 1534 490 1600; x_wconf 72' lang='grc' dir='ltr'>περὶ</span> <span class='ocrx_word' id='word_1_117' title='bbox 526 1536 624 1602; x_wconf 76' lang='grc' dir='ltr'>τὴν</span> <span class='ocrx_word' id='word_1_118' title='bbox 652 1535 948 1586; x_wconf 76' lang='grc' dir='ltr'><strong>ἀπόλαυσιν</strong></span> <span class='ocrx_word' id='word_1_119' title='bbox 975 1533 1336 1600; x_wconf 68' lang='grc' dir='ltr'>στρεφόμεναι</span> <span class='ocrx_word' id='word_1_120' title='bbox 1368 1528 1474 1580; x_wconf 89' lang='grc' dir='ltr'><strong>τῶν</strong></span> <span class='ocrx_word' id='word_1_121' title='bbox 1517 1527 1705 1594; x_wconf 80' lang='grc' dir='ltr'>ἡδέων,</span> <span class='ocrx_word' id='word_1_122' title='bbox 1746 1524 1936 1578; x_wconf 79' lang='grc' dir='ltr'>συνθο-</span> 
     </span>
    </p>
   </div>
   <div class='ocr_carea' id='block_1_18' title="bbox 357 1613 1951 1692">
    <p class='ocr_par' dir='ltr' id='par_1_18' title="bbox 357 1613 1951 1692">
     <span class='ocr_line' id='line_1_18' title="bbox 357 1613 1951 1692; baseline -0.008 -16"><span class='ocrx_word' id='word_1_123' title='bbox 357 1624 508 1678; x_wconf 82' lang='grc' dir='ltr'>λοῦσι</span> <span class='ocrx_word' id='word_1_124' title='bbox 539 1625 630 1676; x_wconf 72' lang='grc' dir='ltr'>τὸν</span> <span class='ocrx_word' id='word_1_125' title='bbox 651 1624 928 1690; x_wconf 75' lang='grc' dir='ltr'>λογισμὸν,</span> <span class='ocrx_word' id='word_1_126' title='bbox 1013 1623 1107 1672; x_wconf 80' lang='grc' dir='ltr'><strong>καὶ</strong></span> <span class='ocrx_word' id='word_1_127' title='bbox 1150 1619 1474 1688; x_wconf 65' lang='grc' dir='ltr'>ἀνδραπιῖιδη</span> <span class='ocrx_word' id='word_1_128' title='bbox 1498 1616 1517 1688; x_wconf 90' lang='grc'>[</span> <span class='ocrx_word' id='word_1_129' title='bbox 1545 1617 1584 1685; x_wconf 76' lang='lat' dir='ltr'><strong>f.</strong></span> <span class='ocrx_word' id='word_1_130' title='bbox 1605 1613 1889 1682; x_wconf 77' lang='grc' dir='ltr'>-ποδώδη</span> 
     </span>
    </p>
   </div>
   <div class='ocr_carea' id='block_1_19' title="bbox 359 1711 1088 1785">
    <p class='ocr_par' dir='ltr' id='par_1_19' title="bbox 359 1711 1088 1785">
     <span class='ocr_line' id='line_1_19' title="bbox 359 1711 1088 1785; baseline -0.004 -17"><span class='ocrx_word' id='word_1_131' title='bbox 359 1715 457 1785; x_wconf 83' lang='grc' dir='ltr'><strong>τὴν</strong></span> <span class='ocrx_word' id='word_1_132' title='bbox 487 1715 662 1782; x_wconf 63' lang='grc' dir='ltr'>ψυχὴν</span> <span class='ocrx_word' id='word_1_133' title='bbox 703 1713 1041 1766; x_wconf 74' lang='grc' dir='ltr'><strong>ἀποτελοῦσι.</strong></span> <span class='ocrx_word' id='word_1_134' title='bbox 1069 1711 1088 1780; x_wconf 72' lang='grc' dir='ltr'><strong>Ἰ</strong></span> 
     </span>
    </p>
   </div>
   <div class='ocr_carea' id='block_1_20' title="bbox 441 1796 2014 1899">
    <p class='ocr_par' dir='ltr' id='par_1_20' title="bbox 441 1796 2014 1899">
     <span class='ocr_line' id='line_1_20' title="bbox 441 1796 2014 1899; baseline -0.006 -43"><span class='ocrx_word' id='word_1_135' title='bbox 441 1825 460 1856; x_wconf 67' lang='grc' dir='ltr'><em>α</em></span> <span class='ocrx_word' id='word_1_136' title='bbox 497 1807 636 1869; x_wconf 83' lang='grc' dir='ltr'>Ἵνα,</span> <span class='ocrx_word' id='word_1_137' title='bbox 671 1807 727 1858; x_wconf 82' lang='grc' dir='ltr'>ὲν</span> <span class='ocrx_word' id='word_1_138' title='bbox 755 1799 800 1871; x_wconf 78' lang='grc' dir='ltr'>ᾧ</span> <span class='ocrx_word' id='word_1_139' title='bbox 837 1802 1234 1857; x_wconf 71' lang='grc' dir='ltr'><strong>καταλαλοῦσιν</strong></span> <span class='ocrx_word' id='word_1_140' title='bbox 1259 1800 1434 1869; x_wconf 81' lang='grc' dir='ltr'>ὑμῶν,</span> <span class='ocrx_word' id='word_1_141' title='bbox 1491 1800 1566 1862; x_wconf 86' lang='grc' dir='ltr'>ὼς</span> <span class='ocrx_word' id='word_1_142' title='bbox 1606 1796 1934 1858; x_wconf 78' lang='grc' dir='ltr'>κακοποιῶν,</span> <span class='ocrx_word' id='word_1_143' title='bbox 1966 1841 2014 1899; x_wconf 76' lang='grc' dir='ltr'><strong>Β</strong></span> 
     </span>
    </p>
   </div>
   <div class='ocr_carea' id='block_1_21' title="bbox 362 1887 1934 1961">
    <p class='ocr_par' dir='ltr' id='par_1_21' title="bbox 362 1887 1934 1961">
     <span class='ocr_line' id='line_1_21' title="bbox 362 1887 1934 1961; baseline -0.008 -12"><span class='ocrx_word' id='word_1_144' title='bbox 362 1897 554 1949; x_wconf 77' lang='grc' dir='ltr'>ἐκτῶν</span> <span class='ocrx_word' id='word_1_145' title='bbox 588 1895 766 1948; x_wconf 73' lang='grc' dir='ltr'>καλῶν</span> <span class='ocrx_word' id='word_1_146' title='bbox 815 1894 992 1961; x_wconf 77' lang='grc' dir='ltr'>ἔργων</span> <span class='ocrx_word' id='word_1_147' title='bbox 1049 1890 1460 1954; x_wconf 76' lang='grc' dir='ltr'>ἐποπτεύοντες,</span> <span class='ocrx_word' id='word_1_148' title='bbox 1516 1888 1782 1954; x_wconf 75' lang='grc' dir='ltr'>δοξάσωσι</span> <span class='ocrx_word' id='word_1_149' title='bbox 1841 1887 1934 1938; x_wconf 65' lang='grc' dir='ltr'>τὸν</span> 
     </span>
    </p>
   </div>
   <div class='ocr_carea' id='block_1_22' title="bbox 361 1973 1935 2052">
    <p class='ocr_par' dir='ltr' id='par_1_22' title="bbox 361 1973 1935 2052">
     <span class='ocr_line' id='line_1_22' title="bbox 361 1973 1935 2052; baseline -0.007 -15"><span class='ocrx_word' id='word_1_150' title='bbox 361 1984 490 2037; x_wconf 68' lang='grc' dir='ltr'>Θεὸν</span> <span class='ocrx_word' id='word_1_151' title='bbox 521 1984 773 2052; x_wconf 69' lang='grc' dir='ltr'><strong>ὲνὴμέρᾳ</strong></span> <span class='ocrx_word' id='word_1_152' title='bbox 803 1982 1132 2048; x_wconf 68' lang='grc' dir='ltr'>ἐπισκοπῆς.</span> <span class='ocrx_word' id='word_1_153' title='bbox 1165 1999 1183 2032; x_wconf 73' lang='grc' dir='ltr'><strong>ι</strong></span> <span class='ocrx_word' id='word_1_154' title='bbox 1217 1975 1666 2038; x_wconf 76' lang='grc' dir='ltr'>Καταλαλοῦντας</span> <span class='ocrx_word' id='word_1_155' title='bbox 1690 1976 1748 2028; x_wconf 81' lang='grc' dir='ltr'>δὲ</span> <span class='ocrx_word' id='word_1_156' title='bbox 1774 1977 1806 2044; x_wconf 82' lang='grc' dir='ltr'>ἠ</span> <span class='ocrx_word' id='word_1_157' title='bbox 1818 1973 1935 2044; x_wconf 86' lang='grc' dir='ltr'><strong>μῶν</strong></span> 
     </span>
    </p>
   </div>
   <div class='ocr_carea' id='block_1_23' title="bbox 363 2063 1930 2140">
    <p class='ocr_par' dir='ltr' id='par_1_23' title="bbox 363 2063 1930 2140">
     <span class='ocr_line' id='line_1_23' title="bbox 363 2063 1930 2140; baseline -0.006 -14"><span class='ocrx_word' id='word_1_158' title='bbox 363 2073 570 2140; x_wconf 78' lang='grc' dir='ltr'>εἰσάγει</span> <span class='ocrx_word' id='word_1_159' title='bbox 603 2071 727 2134; x_wconf 82' lang='grc' dir='ltr'>τοὺς</span> <span class='ocrx_word' id='word_1_160' title='bbox 761 2071 1022 2134; x_wconf 82' lang='grc' dir='ltr'>ὲθνικούς.</span> <span class='ocrx_word' id='word_1_161' title='bbox 1069 2089 1088 2122; x_wconf 86' lang='grc'><em>‹</em></span> <span class='ocrx_word' id='word_1_162' title='bbox 1137 2068 1383 2140; x_wconf 78' lang='grc' dir='ltr'>Ἠμέραν</span> <span class='ocrx_word' id='word_1_163' title='bbox 1431 2067 1487 2118; x_wconf 81' lang='grc' dir='ltr'>δὲ</span> <span class='ocrx_word' id='word_1_164' title='bbox 1547 2063 1873 2134; x_wconf 77' lang='grc' dir='ltr'>ἐπισκοπῆς,</span> <span class='ocrx_word' id='word_1_165' title='bbox 1911 2081 1930 2116; x_wconf 72' lang='grc' dir='ltr'><strong>ι</strong></span> 
     </span>
    </p>
   </div>
   <div class='ocr_carea' id='block_1_24' title="bbox 364 2153 1936 2233">
    <p class='ocr_par' dir='ltr' id='par_1_24' title="bbox 364 2153 1936 2233">
     <span class='ocr_line' id='line_1_24' title="bbox 364 2153 1936 2233; baseline -0.008 -16"><span class='ocrx_word' id='word_1_166' title='bbox 364 2165 463 2233; x_wconf 83' lang='grc' dir='ltr'><strong>τὴν</strong></span> <span class='ocrx_word' id='word_1_167' title='bbox 494 2163 633 2216; x_wconf 79' lang='grc' dir='ltr'><strong>κατά</strong></span> <span class='ocrx_word' id='word_1_168' title='bbox 687 2164 778 2214; x_wconf 72' lang='grc' dir='ltr'><strong>τὸν</strong></span> <span class='ocrx_word' id='word_1_169' title='bbox 818 2162 1021 2231; x_wconf 86' lang='grc' dir='ltr'>κόσμον</span> <span class='ocrx_word' id='word_1_170' title='bbox 1061 2161 1306 2224; x_wconf 76' lang='grc' dir='ltr'>ἐξέτασιν</span> <span class='ocrx_word' id='word_1_171' title='bbox 1362 2157 1536 2210; x_wconf 75' lang='grc' dir='ltr'>καλεῖ.</span> <span class='ocrx_word' id='word_1_172' title='bbox 1608 2153 1936 2219; x_wconf 81' lang='grc' dir='ltr'>Ἐξετάσεως</span> 
     </span>
    </p>
   </div>
   <div class='ocr_carea' id='block_1_25' title="bbox 365 2241 1938 2326">
    <p class='ocr_par' dir='ltr' id='par_1_25' title="bbox 365 2241 1938 2326">
     <span class='ocr_line' id='line_1_25' title="bbox 365 2241 1938 2326; baseline -0.008 -17"><span class='ocrx_word' id='word_1_173' title='bbox 365 2258 476 2326; x_wconf 83' lang='grc' dir='ltr'>γὰρ</span> <span class='ocrx_word' id='word_1_174' title='bbox 505 2256 593 2307; x_wconf 81' lang='grc' dir='ltr'>ὑπ’</span> <span class='ocrx_word' id='word_1_175' title='bbox 627 2255 804 2307; x_wconf 81' lang='grc' dir='ltr'>αὐτῶν</span> <span class='ocrx_word' id='word_1_176' title='bbox 825 2252 917 2306; x_wconf 81' lang='grc' dir='ltr'><strong>τοῦ</strong></span> <span class='ocrx_word' id='word_1_177' title='bbox 950 2253 1066 2322; x_wconf 81' lang='grc' dir='ltr'>βίου</span> <span class='ocrx_word' id='word_1_178' title='bbox 1095 2251 1250 2322; x_wconf 74' lang='grc' dir='ltr'>ἡμῶν</span> <span class='ocrx_word' id='word_1_179' title='bbox 1301 2249 1611 2319; x_wconf 76' lang='grc' dir='ltr'>γινομένης,</span> <span class='ocrx_word' id='word_1_180' title='bbox 1659 2241 1781 2298; x_wconf 77' lang='grc' dir='ltr'>εἶτα</span> <span class='ocrx_word' id='word_1_181' title='bbox 1801 2243 1938 2314; x_wconf 75' lang='grc' dir='ltr'>πρὸς</span> 
     </span>
    </p>
   </div>
   <div class='ocr_carea' id='block_1_26' title="bbox 365 2334 1936 2410">
    <p class='ocr_par' dir='ltr' id='par_1_26' title="bbox 365 2334 1936 2410">
     <span class='ocr_line' id='line_1_26' title="bbox 365 2334 1936 2410; baseline -0.009 -12"><span class='ocrx_word' id='word_1_182' title='bbox 365 2346 426 2399; x_wconf 69' lang='grc' dir='ltr'><strong>τδ</strong></span> <span class='ocrx_word' id='word_1_183' title='bbox 479 2344 717 2396; x_wconf 73' lang='grc' dir='ltr'>ἐναντίον</span> <span class='ocrx_word' id='word_1_184' title='bbox 765 2343 863 2410; x_wconf 80' lang='grc' dir='ltr'>τῆς</span> <span class='ocrx_word' id='word_1_185' title='bbox 914 2341 1232 2410; x_wconf 77' lang='grc' dir='ltr'>ὑπολήψεως</span> <span class='ocrx_word' id='word_1_186' title='bbox 1281 2339 1389 2390; x_wconf 88' lang='grc' dir='ltr'><strong>τῶν</strong></span> <span class='ocrx_word' id='word_1_187' title='bbox 1448 2335 1791 2406; x_wconf 74' lang='grc' dir='ltr'>πραγμάτων</span> <span class='ocrx_word' id='word_1_188' title='bbox 1845 2334 1936 2385; x_wconf 83' lang='grc' dir='ltr'>εύ-</span> 
     </span>
    </p>
   </div>
   <div class='ocr_carea' id='block_1_27' title="bbox 370 2425 1934 2504">
    <p class='ocr_par' dir='ltr' id='par_1_27' title="bbox 370 2425 1934 2504">
     <span class='ocr_line' id='line_1_27' title="bbox 370 2425 1934 2504; baseline -0.007 -18"><span class='ocrx_word' id='word_1_189' title='bbox 370 2434 726 2504; x_wconf 85' lang='grc' dir='ltr'>ρισκομένων,</span> <span class='ocrx_word' id='word_1_190' title='bbox 761 2431 914 2484; x_wconf 75' lang='grc' dir='ltr'>αὐτοί</span> <span class='ocrx_word' id='word_1_191' title='bbox 944 2447 1002 2482; x_wconf 87' lang='grc' dir='ltr'><strong>τε</strong></span> <span class='ocrx_word' id='word_1_192' title='bbox 1051 2429 1185 2496; x_wconf 81' lang='grc' dir='ltr'>πρὸς</span> <span class='ocrx_word' id='word_1_193' title='bbox 1215 2425 1294 2490; x_wconf 77' lang='grc' dir='ltr'>οἷς</span> <span class='ocrx_word' id='word_1_194' title='bbox 1331 2426 1671 2497; x_wconf 75' lang='grc' dir='ltr'>αἰσχύνονται</span> <span class='ocrx_word' id='word_1_195' title='bbox 1702 2426 1934 2492; x_wconf 79' lang='grc' dir='ltr'>ἐπανορ-</span> 
     </span>
    </p>
   </div>
   <div class='ocr_carea' id='block_1_28' title="bbox 371 2521 1304 2588">
    <p class='ocr_par' dir='ltr' id='par_1_28' title="bbox 371 2521 1304 2588">
     <span class='ocr_line' id='line_1_28' title="bbox 371 2521 1304 2588; baseline -0.002 -12"><span class='ocrx_word' id='word_1_196' title='bbox 371 2525 607 2588; x_wconf 80' lang='grc' dir='ltr'>θοῦνται,</span> <span class='ocrx_word' id='word_1_197' title='bbox 653 2524 746 2575; x_wconf 75' lang='grc' dir='ltr'>καὶ</span> <span class='ocrx_word' id='word_1_198' title='bbox 779 2526 806 2576; x_wconf 90' lang='lat'><strong>6</strong></span> <span class='ocrx_word' id='word_1_199' title='bbox 845 2523 976 2583; x_wconf 79' lang='grc' dir='ltr'>Θεὸς</span> <span class='ocrx_word' id='word_1_200' title='bbox 1004 2521 1304 2584; x_wconf 77' lang='grc' dir='ltr'>δοξάζεται.</span> 
     </span>
    </p>
   </div>
   <div class='ocr_carea' id='block_1_29' title="bbox 443 2603 1940 2684">
    <p class='ocr_par' dir='ltr' id='par_1_29' title="bbox 443 2603 1940 2684">
     <span class='ocr_line' id='line_1_29' title="bbox 443 2603 1940 2684; baseline -0.007 -19"><span class='ocrx_word' id='word_1_201' title='bbox 443 2633 462 2665; x_wconf 70' lang='grc' dir='ltr'><strong>ι</strong></span> <span class='ocrx_word' id='word_1_202' title='bbox 507 2614 844 2680; x_wconf 73' lang='grc' dir='ltr'>Ὑποτάγητε</span> <span class='ocrx_word' id='word_1_203' title='bbox 881 2612 974 2665; x_wconf 79' lang='grc' dir='ltr'><strong>οὖν</strong></span> <span class='ocrx_word' id='word_1_204' title='bbox 1009 2611 1156 2684; x_wconf 74' lang='grc' dir='ltr'>πάσῃ</span> <span class='ocrx_word' id='word_1_205' title='bbox 1187 2609 1503 2678; x_wconf 76' lang='grc' dir='ltr'>ἀνθρωπίνῃ</span> <span class='ocrx_word' id='word_1_206' title='bbox 1531 2607 1706 2659; x_wconf 88' lang='grc' dir='ltr'>κτίσει</span> <span class='ocrx_word' id='word_1_207' title='bbox 1733 2603 1824 2657; x_wconf 79' lang='grc' dir='ltr'>διὰ</span> <span class='ocrx_word' id='word_1_208' title='bbox 1848 2603 1940 2656; x_wconf 73' lang='grc' dir='ltr'>τὸν</span> 
     </span>
    </p>
   </div>
   <div class='ocr_carea' id='block_1_30' title="bbox 371 2693 1940 2774">
    <p class='ocr_par' dir='ltr' id='par_1_30' title="bbox 371 2693 1940 2774">
     <span class='ocr_line' id='line_1_30' title="bbox 371 2693 1940 2774; baseline -0.008 -17"><span class='ocrx_word' id='word_1_209' title='bbox 371 2704 596 2774; x_wconf 83' lang='grc' dir='ltr'>Κύριον,</span> <span class='ocrx_word' id='word_1_210' title='bbox 631 2705 736 2755; x_wconf 63' lang='lat' dir='ltr'><strong>eli-ra</strong></span> <span class='ocrx_word' id='word_1_211' title='bbox 773 2702 982 2771; x_wconf 83' lang='grc' dir='ltr'>βασιλεῖ</span> <span class='ocrx_word' id='word_1_212' title='bbox 1008 2701 1082 2763; x_wconf 84' lang='grc' dir='ltr'>ὡς</span> <span class='ocrx_word' id='word_1_213' title='bbox 1115 2699 1456 2770; x_wconf 79' lang='grc' dir='ltr'>ὑπερέχοντι,</span> <span class='ocrx_word' id='word_1_214' title='bbox 1519 2696 1628 2749; x_wconf 73' lang='grc' dir='ltr'>εἴτε</span> <span class='ocrx_word' id='word_1_215' title='bbox 1679 2693 1940 2765; x_wconf 76' lang='grc' dir='ltr'>ἡγεμόσιν</span> 
     </span>
    </p>
   </div>
   <div class='ocr_carea' id='block_1_31' title="bbox 371 2785 1940 2861">
    <p class='ocr_par' dir='ltr' id='par_1_31' title="bbox 371 2785 1940 2861">
     <span class='ocr_line' id='line_1_31' title="bbox 371 2785 1940 2861; baseline -0.01 -12"><span class='ocrx_word' id='word_1_216' title='bbox 371 2796 446 2858; x_wconf 83' lang='grc' dir='ltr'>ὡς</span> <span class='ocrx_word' id='word_1_217' title='bbox 474 2794 540 2847; x_wconf 83' lang='grc' dir='ltr'>δι’</span> <span class='ocrx_word' id='word_1_218' title='bbox 569 2791 736 2846; x_wconf 81' lang='grc' dir='ltr'>αὑτοῦ</span> <span class='ocrx_word' id='word_1_219' title='bbox 762 2793 1156 2861; x_wconf 81' lang='grc' dir='ltr'>πεμπομένοις,</span> <span class='ocrx_word' id='word_1_220' title='bbox 1205 2792 1284 2852; x_wconf 80' lang='grc' dir='ltr'><strong>εἰς</strong></span> <span class='ocrx_word' id='word_1_221' title='bbox 1324 2789 1600 2859; x_wconf 75' lang='grc' dir='ltr'>ἐκδίκησιν</span> <span class='ocrx_word' id='word_1_222' title='bbox 1647 2785 1746 2856; x_wconf 86' lang='grc' dir='ltr'><strong>μὲν</strong></span> <span class='ocrx_word' id='word_1_223' title='bbox 1775 2800 1940 2836; x_wconf 87' lang='grc' dir='ltr'>κακο-</span> 
     </span>
    </p>
   </div>
   <div class='ocr_carea' id='block_1_32' title="bbox 373 2873 1941 2949">
    <p class='ocr_par' dir='ltr' id='par_1_32' title="bbox 373 2873 1941 2949">
     <span class='ocr_line' id='line_1_32' title="bbox 373 2873 1941 2949; baseline -0.009 -11"><span class='ocrx_word' id='word_1_224' title='bbox 373 2887 565 2949; x_wconf 84' lang='grc' dir='ltr'>ποιῶν,</span> <span class='ocrx_word' id='word_1_225' title='bbox 595 2883 814 2938; x_wconf 66' lang='grc' dir='ltr'>έπαινον</span> <span class='ocrx_word' id='word_1_226' title='bbox 845 2883 900 2936; x_wconf 82' lang='grc' dir='ltr'><strong>δὲ</strong></span> <span class='ocrx_word' id='word_1_227' title='bbox 931 2881 1294 2948; x_wconf 83' lang='grc' dir='ltr'>ἀγαθοποιῶν.</span> <span class='ocrx_word' id='word_1_228' title='bbox 1339 2881 1460 2933; x_wconf 81' lang='grc' dir='ltr'>Ὀτι</span> <span class='ocrx_word' id='word_1_229' title='bbox 1492 2877 1664 2940; x_wconf 84' lang='grc' dir='ltr'>οὑτως</span> <span class='ocrx_word' id='word_1_230' title='bbox 1716 2877 1830 2928; x_wconf 77' lang='grc' dir='ltr'>ἐστὶ</span> <span class='ocrx_word' id='word_1_231' title='bbox 1880 2873 1941 2924; x_wconf 87' lang='grc' dir='ltr'><strong>τὸ</strong></span> 
     </span>
    </p>
   </div>
   <div class='ocr_carea' id='block_1_33' title="bbox 376 2967 1938 3046">
    <p class='ocr_par' dir='ltr' id='par_1_33' title="bbox 376 2967 1938 3046">
     <span class='ocr_line' id='line_1_33' title="bbox 376 2967 1938 3046; baseline -0.007 -17"><span class='ocrx_word' id='word_1_232' title='bbox 376 2977 585 3046; x_wconf 80' lang='grc' dir='ltr'>θέλημα</span> <span class='ocrx_word' id='word_1_233' title='bbox 609 2975 702 3029; x_wconf 85' lang='grc' dir='ltr'><strong>τοῦ</strong></span> <span class='ocrx_word' id='word_1_234' title='bbox 728 2973 885 3038; x_wconf 84' lang='grc' dir='ltr'>Θεοῦ,</span> <span class='ocrx_word' id='word_1_235' title='bbox 937 2971 1396 3040; x_wconf 73' lang='grc' dir='ltr'>ἀγαθοποιοῦντας</span> <span class='ocrx_word' id='word_1_236' title='bbox 1431 2970 1574 3038; x_wconf 83' lang='grc' dir='ltr'>ὑμᾶς</span> <span class='ocrx_word' id='word_1_237' title='bbox 1607 2967 1630 3038; x_wconf 87' lang='grc'>[</span> <span class='ocrx_word' id='word_1_238' title='bbox 1664 2967 1802 3036; x_wconf 85' lang='lat' dir='ltr'><strong>vulg.</strong></span> <span class='ocrx_word' id='word_1_239' title='bbox 1835 2980 1938 3019; x_wconf 87' lang='lat' dir='ltr'><strong>om.</strong></span> 
     </span>
    </p>
   </div>
   <div class='ocr_carea' id='block_1_34' title="bbox 377 3057 1943 3136">
    <p class='ocr_par' dir='ltr' id='par_1_34' title="bbox 377 3057 1943 3136">
     <span class='ocr_line' id='line_1_34' title="bbox 377 3057 1943 3136; baseline -0.008 -16"><span class='ocrx_word' id='word_1_240' title='bbox 377 3064 524 3136; x_wconf 85' lang='grc' dir='ltr'>ὑμ.]</span> <span class='ocrx_word' id='word_1_241' title='bbox 580 3062 779 3133; x_wconf 79' lang='grc' dir='ltr'>φιμοῦν</span> <span class='ocrx_word' id='word_1_242' title='bbox 816 3062 914 3132; x_wconf 81' lang='grc' dir='ltr'>τὴν</span> <span class='ocrx_word' id='word_1_243' title='bbox 959 3063 1066 3114; x_wconf 84' lang='grc' dir='ltr'><strong>τῶν</strong></span> <span class='ocrx_word' id='word_1_244' title='bbox 1101 3061 1349 3129; x_wconf 79' lang='grc' dir='ltr'>ἀφρόνων</span> <span class='ocrx_word' id='word_1_245' title='bbox 1397 3057 1701 3126; x_wconf 86' lang='grc' dir='ltr'>ἀνθρώπων</span> <span class='ocrx_word' id='word_1_246' title='bbox 1763 3057 1943 3122; x_wconf 74' lang='grc' dir='ltr'>ἀγνωσ</span> 
     </span>
    </p>
   </div>
   <div class='ocr_carea' id='block_1_35' title="bbox 2029 611 3596 674">
    <p class='ocr_par' dir='ltr' id='par_1_35' title="bbox 2029 611 3596 674">
     <span class='ocr_line' id='line_1_35' title="bbox 2029 611 3596 674; baseline -0.011 0"><span class='ocrx_word' id='word_1_247' title='bbox 2029 621 2157 674; x_wconf 87' lang='lat' dir='ltr'><strong>bere</strong></span> <span class='ocrx_word' id='word_1_248' title='bbox 2189 621 2423 672; x_wconf 82' lang='lat' dir='ltr'><strong>bonam:</strong></span> <span class='ocrx_word' id='word_1_249' title='bbox 2465 637 2484 668; x_wconf 76' lang='grc' dir='ltr'><strong>ι</strong></span> <span class='ocrx_word' id='word_1_250' title='bbox 2518 617 2728 670; x_wconf 75' lang='lat' dir='ltr'><strong>scilicet</strong></span> <span class='ocrx_word' id='word_1_251' title='bbox 2777 613 2910 668; x_wconf 90' lang='lat' dir='ltr'><strong>illud</strong></span> <span class='ocrx_word' id='word_1_252' title='bbox 2949 632 2968 664; x_wconf 74' lang='grc' dir='ltr'><strong>ι</strong></span> <span class='ocrx_word' id='word_1_253' title='bbox 3014 611 3212 664; x_wconf 89' lang='lat' dir='ltr'><strong>habere</strong></span> <span class='ocrx_word' id='word_1_254' title='bbox 3252 627 3270 658; x_wconf 71' lang='grc' dir='ltr'><strong>ι</strong></span> <span class='ocrx_word' id='word_1_255' title='bbox 3333 612 3596 659; x_wconf 84' lang='lat' dir='ltr'><strong>mutatum</strong></span> 
     </span>
    </p>
   </div>
   <div class='ocr_carea' id='block_1_36' title="bbox 2027 699 3602 769">
    <p class='ocr_par' dir='ltr' id='par_1_36' title="bbox 2027 699 3602 769">
     <span class='ocr_line' id='line_1_36' title="bbox 2027 699 3602 769; baseline -0.01 -3"><span class='ocrx_word' id='word_1_256' title='bbox 2027 722 2112 769; x_wconf 82' lang='lat' dir='ltr'><strong>est</strong></span> <span class='ocrx_word' id='word_1_257' title='bbox 2141 713 2229 766; x_wconf 89' lang='lat' dir='ltr'><strong>hic</strong></span> <span class='ocrx_word' id='word_1_258' title='bbox 2253 711 2308 764; x_wconf 93' lang='lat' dir='ltr'><strong>in</strong></span> <span class='ocrx_word' id='word_1_259' title='bbox 2341 729 2361 764; x_wconf 75' lang='grc' dir='ltr'><strong>ι</strong></span> <span class='ocrx_word' id='word_1_260' title='bbox 2390 711 2674 765; x_wconf 78' lang='lat' dir='ltr'><strong>habentes.</strong></span> <span class='ocrx_word' id='word_1_261' title='bbox 2700 727 2719 760; x_wconf 74' lang='grc' dir='ltr'><strong>ι</strong></span> <span class='ocrx_word' id='word_1_262' title='bbox 2747 707 2862 762; x_wconf 80' lang='lat' dir='ltr'><strong>Mos</strong></span> <span class='ocrx_word' id='word_1_263' title='bbox 2886 714 2971 762; x_wconf 88' lang='lat' dir='ltr'><strong>est</strong></span> <span class='ocrx_word' id='word_1_264' title='bbox 3003 711 3182 758; x_wconf 88' lang='lat' dir='ltr'><strong>autem</strong></span> <span class='ocrx_word' id='word_1_265' title='bbox 3209 699 3394 768; x_wconf 86' lang='lat' dir='ltr'><strong>probis</strong></span> <span class='ocrx_word' id='word_1_266' title='bbox 3417 700 3602 753; x_wconf 88' lang='lat' dir='ltr'><strong>docto-</strong></span> 
     </span>
    </p>
   </div>
   <div class='ocr_carea' id='block_1_37' title="bbox 2031 793 3594 871">
    <p class='ocr_par' dir='ltr' id='par_1_37' title="bbox 2031 793 3594 871">
     <span class='ocr_line' id='line_1_37' title="bbox 2031 793 3594 871; baseline -0.011 -12"><span class='ocrx_word' id='word_1_267' title='bbox 2031 807 2181 860; x_wconf 82' lang='lat' dir='ltr'><strong>ribus</strong></span> <span class='ocrx_word' id='word_1_268' title='bbox 2209 825 2237 856; x_wconf 86' lang='lat' dir='ltr'><strong>a</strong></span> <span class='ocrx_word' id='word_1_269' title='bbox 2271 802 2579 871; x_wconf 81' lang='lat' dir='ltr'><strong>dogmatico</strong></span> <span class='ocrx_word' id='word_1_270' title='bbox 2615 814 2866 854; x_wconf 90' lang='lat' dir='ltr'><strong>sermone</strong></span> <span class='ocrx_word' id='word_1_271' title='bbox 2900 797 2966 850; x_wconf 90' lang='lat' dir='ltr'><strong>ad</strong></span> <span class='ocrx_word' id='word_1_272' title='bbox 3009 793 3271 850; x_wconf 86' lang='lat' dir='ltr'><strong>moralem</strong></span> <span class='ocrx_word' id='word_1_273' title='bbox 3314 808 3372 844; x_wconf 90' lang='lat' dir='ltr'><strong>se</strong></span> <span class='ocrx_word' id='word_1_274' title='bbox 3413 801 3594 844; x_wconf 86' lang='lat' dir='ltr'><strong>trans-</strong></span> 
     </span>
    </p>
   </div>
   <div class='ocr_carea' id='block_1_38' title="bbox 2035 885 3599 966">
    <p class='ocr_par' dir='ltr' id='par_1_38' title="bbox 2035 885 3599 966">
     <span class='ocr_line' id='line_1_38' title="bbox 2035 885 3599 966; baseline -0.01 -14"><span class='ocrx_word' id='word_1_275' title='bbox 2035 903 2210 954; x_wconf 77' lang='lat' dir='ltr'><strong>ferre:</strong></span> <span class='ocrx_word' id='word_1_276' title='bbox 2245 897 2388 966; x_wconf 87' lang='lat' dir='ltr'><strong>quod</strong></span> <span class='ocrx_word' id='word_1_277' title='bbox 2435 904 2489 950; x_wconf 87' lang='lat' dir='ltr'><strong>et</strong></span> <span class='ocrx_word' id='word_1_278' title='bbox 2538 894 2733 950; x_wconf 86' lang='lat' dir='ltr'><strong>Beatus</strong></span> <span class='ocrx_word' id='word_1_279' title='bbox 2763 895 2864 949; x_wconf 90' lang='lat' dir='ltr'><strong>iste</strong></span> <span class='ocrx_word' id='word_1_280' title='bbox 2893 907 3038 946; x_wconf 87' lang='lat' dir='ltr'><strong>nunc</strong></span> <span class='ocrx_word' id='word_1_281' title='bbox 3085 889 3234 944; x_wconf 75' lang='lat' dir='ltr'><strong>facit.</strong></span> <span class='ocrx_word' id='word_1_282' title='bbox 3273 905 3292 938; x_wconf 86' lang='grc'><em>‹</em></span> <span class='ocrx_word' id='word_1_283' title='bbox 3328 885 3599 940; x_wconf 87' lang='lat' dir='ltr'><strong>Charissi-</strong></span> 
     </span>
    </p>
   </div>
   <div class='ocr_carea' id='block_1_39' title="bbox 2031 976 3594 1047">
    <p class='ocr_par' dir='ltr' id='par_1_39' title="bbox 2031 976 3594 1047">
     <span class='ocr_line' id='line_1_39' title="bbox 2031 976 3594 1047; baseline -0.011 -1"><span class='ocrx_word' id='word_1_284' title='bbox 2031 1005 2150 1046; x_wconf 85' lang='lat' dir='ltr'><strong>mos</strong></span> <span class='ocrx_word' id='word_1_285' title='bbox 2185 1009 2204 1040; x_wconf 73' lang='grc' dir='ltr'><strong>ι</strong></span> <span class='ocrx_word' id='word_1_286' title='bbox 2239 997 2418 1042; x_wconf 86' lang='lat' dir='ltr'><strong>autem</strong></span> <span class='ocrx_word' id='word_1_287' title='bbox 2449 1003 2546 1042; x_wconf 85' lang='lat' dir='ltr'><strong>eos</strong></span> <span class='ocrx_word' id='word_1_288' title='bbox 2570 995 2747 1047; x_wconf 86' lang='lat' dir='ltr'><strong>vocat,</strong></span> <span class='ocrx_word' id='word_1_289' title='bbox 2773 991 2827 1037; x_wconf 89' lang='lat' dir='ltr'><strong>et</strong></span> <span class='ocrx_word' id='word_1_290' title='bbox 2862 998 2969 1036; x_wconf 89' lang='lat' dir='ltr'><strong>non</strong></span> <span class='ocrx_word' id='word_1_291' title='bbox 2999 979 3323 1047; x_wconf 83' lang='lat' dir='ltr'><strong>simpliciter</strong></span> <span class='ocrx_word' id='word_1_292' title='bbox 3344 976 3594 1036; x_wconf 80' lang='lat' dir='ltr'><strong>dilectos,</strong></span> 
     </span>
    </p>
   </div>
   <div class='ocr_carea' id='block_1_40' title="bbox 2032 1064 3594 1148">
    <p class='ocr_par' dir='ltr' id='par_1_40' title="bbox 2032 1064 3594 1148">
     <span class='ocr_line' id='line_1_40' title="bbox 2032 1064 3594 1148; baseline -0.011 -17"><span class='ocrx_word' id='word_1_293' title='bbox 2032 1079 2157 1148; x_wconf 88' lang='lat' dir='ltr'><strong>quia</strong></span> <span class='ocrx_word' id='word_1_294' title='bbox 2191 1079 2488 1132; x_wconf 84' lang='lat' dir='ltr'><strong>secundum</strong></span> <span class='ocrx_word' id='word_1_295' title='bbox 2521 1076 2700 1130; x_wconf 90' lang='lat' dir='ltr'><strong>omnia</strong></span> <span class='ocrx_word' id='word_1_296' title='bbox 2749 1073 2901 1128; x_wconf 79' lang='lat' dir='ltr'><strong>cltari</strong></span> <span class='ocrx_word' id='word_1_297' title='bbox 2953 1071 3029 1124; x_wconf 93' lang='lat' dir='ltr'><strong>illi</strong></span> <span class='ocrx_word' id='word_1_298' title='bbox 3087 1077 3280 1122; x_wconf 87' lang='lat' dir='ltr'><strong>erant:</strong></span> <span class='ocrx_word' id='word_1_299' title='bbox 3313 1065 3403 1134; x_wconf 89' lang='lat' dir='ltr'><strong>qui</strong></span> <span class='ocrx_word' id='word_1_300' title='bbox 3453 1064 3594 1117; x_wconf 87' lang='lat' dir='ltr'><strong>enim</strong></span> 
     </span>
    </p>
   </div>
   <div class='ocr_carea' id='block_1_41' title="bbox 2033 1154 3676 1238">
    <p class='ocr_par' dir='ltr' id='par_1_41' title="bbox 2033 1154 3676 1238">
     <span class='ocr_line' id='line_1_41' title="bbox 2033 1154 3676 1238; baseline -0.012 -15"><span class='ocrx_word' id='word_1_301' title='bbox 2033 1177 2255 1238; x_wconf 78' lang='lat' dir='ltr'><strong>propter</strong></span> <span class='ocrx_word' id='word_1_302' title='bbox 2298 1167 2500 1237; x_wconf 87' lang='lat' dir='ltr'><strong>aliquid</strong></span> <span class='ocrx_word' id='word_1_303' title='bbox 2532 1163 2907 1220; x_wconf 91' lang='lat' dir='ltr'><strong>tantummodo</strong></span> <span class='ocrx_word' id='word_1_304' title='bbox 2971 1159 3294 1226; x_wconf 80' lang='lat' dir='ltr'><strong>diliguntur,</strong></span> <span class='ocrx_word' id='word_1_305' title='bbox 3336 1157 3369 1207; x_wconf 81' lang='lat' dir='ltr'><strong>ii</strong></span> <span class='ocrx_word' id='word_1_306' title='bbox 3407 1154 3593 1206; x_wconf 74' lang='lat' dir='ltr'><strong>dilecti</strong></span> <span class='ocrx_word' id='word_1_307' title='bbox 3673 1167 3676 1172; x_wconf 93' lang='grc'><strong>·</strong></span> 
     </span>
    </p>
   </div>
   <div class='ocr_carea' id='block_1_42' title="bbox 2034 1242 3604 1321">
    <p class='ocr_par' dir='ltr' id='par_1_42' title="bbox 2034 1242 3604 1321">
     <span class='ocr_line' id='line_1_42' title="bbox 2034 1242 3604 1321; baseline -0.012 -8"><span class='ocrx_word' id='word_1_308' title='bbox 2034 1260 2312 1321; x_wconf 85' lang='lat' dir='ltr'><strong>dicuntur,</strong></span> <span class='ocrx_word' id='word_1_309' title='bbox 2351 1273 2457 1310; x_wconf 91' lang='lat' dir='ltr'><strong>non</strong></span> <span class='ocrx_word' id='word_1_310' title='bbox 2493 1276 2512 1307; x_wconf 74' lang='grc' dir='ltr'><strong>ι</strong></span> <span class='ocrx_word' id='word_1_311' title='bbox 2557 1254 2888 1308; x_wconf 84' lang='lat' dir='ltr'><strong>charissimi.</strong></span> <span class='ocrx_word' id='word_1_312' title='bbox 2931 1271 2950 1302; x_wconf 71' lang='grc' dir='ltr'><strong>ι</strong></span> <span class='ocrx_word' id='word_1_313' title='bbox 2996 1249 3084 1304; x_wconf 76' lang='lat' dir='ltr'><strong>Ait</strong></span> <span class='ocrx_word' id='word_1_314' title='bbox 3131 1262 3258 1300; x_wconf 87' lang='lat' dir='ltr'><strong>vero</strong></span> <span class='ocrx_word' id='word_1_315' title='bbox 3297 1264 3315 1296; x_wconf 75' lang='grc' dir='ltr'><strong>ι</strong></span> <span class='ocrx_word' id='word_1_316' title='bbox 3352 1242 3604 1308; x_wconf 79' lang='lat' dir='ltr'><strong>Carnalia</strong></span> 
     </span>
    </p>
   </div>
   <div class='ocr_carea' id='block_1_43' title="bbox 2035 1332 3600 1404">
    <p class='ocr_par' dir='ltr' id='par_1_43' title="bbox 2035 1332 3600 1404">
     <span class='ocr_line' id='line_1_43' title="bbox 2035 1332 3600 1404; baseline -0.013 0"><span class='ocrx_word' id='word_1_317' title='bbox 2035 1351 2305 1404; x_wconf 86' lang='lat' dir='ltr'><strong>desideria</strong></span> <span class='ocrx_word' id='word_1_318' title='bbox 2339 1349 2572 1401; x_wconf 87' lang='lat' dir='ltr'><strong>militare</strong></span> <span class='ocrx_word' id='word_1_319' title='bbox 2602 1352 2793 1400; x_wconf 87' lang='lat' dir='ltr'><strong>contra</strong></span> <span class='ocrx_word' id='word_1_320' title='bbox 2823 1343 3059 1396; x_wconf 85' lang='lat' dir='ltr'><strong>animam</strong></span> <span class='ocrx_word' id='word_1_321' title='bbox 3089 1355 3101 1391; x_wconf 91' lang='lat'>:</span> <span class='ocrx_word' id='word_1_322' title='bbox 3141 1357 3159 1390; x_wconf 72' lang='grc' dir='ltr'><strong>ι</strong></span> <span class='ocrx_word' id='word_1_323' title='bbox 3195 1351 3318 1398; x_wconf 86' lang='lat' dir='ltr'><strong>nam</strong></span> <span class='ocrx_word' id='word_1_324' title='bbox 3349 1341 3404 1388; x_wconf 85' lang='lat' dir='ltr'><strong>et</strong></span> <span class='ocrx_word' id='word_1_325' title='bbox 3441 1332 3600 1400; x_wconf 75' lang='lat'><strong>362</strong></span> 
     </span>
    </p>
   </div>
   <div class='ocr_carea' id='block_1_44' title="bbox 2033 1421 3602 1503">
    <p class='ocr_par' dir='ltr' id='par_1_44' title="bbox 2033 1421 3602 1503">
     <span class='ocr_line' id='line_1_44' title="bbox 2033 1421 3602 1503; baseline -0.013 -9"><span class='ocrx_word' id='word_1_326' title='bbox 2033 1441 2206 1494; x_wconf 86' lang='lat' dir='ltr'><strong>Paulo</strong></span> <span class='ocrx_word' id='word_1_327' title='bbox 2265 1449 2421 1503; x_wconf 82' lang='lat' dir='ltr'><strong>teste,</strong></span> <span class='ocrx_word' id='word_1_328' title='bbox 2470 1457 2488 1490; x_wconf 81' lang='grc' dir='ltr'><strong>ι</strong></span> <span class='ocrx_word' id='word_1_329' title='bbox 2533 1437 2676 1491; x_wconf 84' lang='lat' dir='ltr'><strong>Caro</strong></span> <span class='ocrx_word' id='word_1_330' title='bbox 2730 1432 3070 1500; x_wconf 82' lang='lat' dir='ltr'><strong>concupiscit</strong></span> <span class='ocrx_word' id='word_1_331' title='bbox 3121 1430 3382 1482; x_wconf 88' lang='lat' dir='ltr'><strong>adversus</strong></span> <span class='ocrx_word' id='word_1_332' title='bbox 3434 1421 3602 1490; x_wconf 60' lang='lat' dir='ltr'><strong>epirio</strong></span> 
     </span>
    </p>
   </div>
   <div class='ocr_carea' id='block_1_45' title="bbox 2039 1513 3607 1589">
    <p class='ocr_par' dir='ltr' id='par_1_45' title="bbox 2039 1513 3607 1589">
     <span class='ocr_line' id='line_1_45' title="bbox 2039 1513 3607 1589; baseline -0.013 -5"><span class='ocrx_word' id='word_1_333' title='bbox 2039 1543 2149 1584; x_wconf 91' lang='lat' dir='ltr'><strong>tum</strong></span> <span class='ocrx_word' id='word_1_334' title='bbox 2181 1533 2225 1564; x_wconf 87' lang='grc'><strong>³¹</strong></span> <span class='ocrx_word' id='word_1_335' title='bbox 2284 1549 2338 1584; x_wconf 74' lang='grc' dir='ltr'>τι</span> <span class='ocrx_word' id='word_1_336' title='bbox 2365 1529 2546 1584; x_wconf 90' lang='lat' dir='ltr'><strong>carnis</strong></span> <span class='ocrx_word' id='word_1_337' title='bbox 2573 1527 2717 1582; x_wconf 91' lang='lat' dir='ltr'><strong>enim</strong></span> <span class='ocrx_word' id='word_1_338' title='bbox 2752 1523 3044 1586; x_wconf 90' lang='lat' dir='ltr'><strong>desideria,</strong></span> <span class='ocrx_word' id='word_1_339' title='bbox 3079 1536 3200 1589; x_wconf 63' lang='lat' dir='ltr'><strong>qum</strong></span> <span class='ocrx_word' id='word_1_340' title='bbox 3227 1518 3279 1572; x_wconf 92' lang='lat' dir='ltr'><strong>in</strong></span> <span class='ocrx_word' id='word_1_341' title='bbox 3313 1513 3607 1570; x_wconf 77' lang='lat' dir='ltr'><strong>delectabi—</strong></span> 
     </span>
    </p>
   </div>
   <div class='ocr_carea' id='block_1_46' title="bbox 2038 1605 3605 1678">
    <p class='ocr_par' dir='ltr' id='par_1_46' title="bbox 2038 1605 3605 1678">
     <span class='ocr_line' id='line_1_46' title="bbox 2038 1605 3605 1678; baseline -0.013 -4"><span class='ocrx_word' id='word_1_342' title='bbox 2038 1623 2166 1675; x_wconf 90' lang='lat' dir='ltr'><strong>lium</strong></span> <span class='ocrx_word' id='word_1_343' title='bbox 2203 1620 2510 1674; x_wconf 79' lang='lat' dir='ltr'><strong>fruitionem</strong></span> <span class='ocrx_word' id='word_1_344' title='bbox 2543 1619 2816 1678; x_wconf 80' lang='lat' dir='ltr'><strong>feruntur,</strong></span> <span class='ocrx_word' id='word_1_345' title='bbox 2856 1615 3124 1668; x_wconf 88' lang='lat' dir='ltr'><strong>rationem</strong></span> <span class='ocrx_word' id='word_1_346' title='bbox 3169 1605 3516 1677; x_wconf 75' lang='lat' dir='ltr'><strong>perturbant,</strong></span> <span class='ocrx_word' id='word_1_347' title='bbox 3550 1607 3605 1656; x_wconf 87' lang='lat' dir='ltr'><strong>et</strong></span> 
     </span>
    </p>
   </div>
   <div class='ocr_carea' id='block_1_47' title="bbox 2039 1687 3028 1772">
    <p class='ocr_par' dir='ltr' id='par_1_47' title="bbox 2039 1687 3028 1772">
     <span class='ocr_line' id='line_1_47' title="bbox 2039 1687 3028 1772; baseline -0.006 -10"><span class='ocrx_word' id='word_1_348' title='bbox 2039 1709 2276 1762; x_wconf 87' lang='lat' dir='ltr'><strong>animam</strong></span> <span class='ocrx_word' id='word_1_349' title='bbox 2309 1709 2363 1762; x_wconf 87' lang='lat' dir='ltr'><strong>in</strong></span> <span class='ocrx_word' id='word_1_350' title='bbox 2397 1709 2718 1762; x_wconf 84' lang='lat' dir='ltr'><strong>servitutem</strong></span> <span class='ocrx_word' id='word_1_351' title='bbox 2755 1687 3028 1772; x_wconf 59' lang='lat' dir='ltr'><strong>redigunt.</strong></span> 
     </span>
    </p>
   </div>
   <div class='ocr_carea' id='block_1_48' title="bbox 2117 1779 3606 1866">
    <p class='ocr_par' dir='ltr' id='par_1_48' title="bbox 2117 1779 3606 1866">
     <span class='ocr_line' id='line_1_48' title="bbox 2117 1779 3606 1866; baseline -0.012 -16"><span class='ocrx_word' id='word_1_352' title='bbox 2117 1817 2136 1850; x_wconf 86' lang='grc'><strong><em>‹</em></strong></span> <span class='ocrx_word' id='word_1_353' title='bbox 2173 1799 2243 1854; x_wconf 92' lang='lat' dir='ltr'><strong>Ut</strong></span> <span class='ocrx_word' id='word_1_354' title='bbox 2277 1799 2330 1850; x_wconf 91' lang='lat' dir='ltr'><strong>in</strong></span> <span class='ocrx_word' id='word_1_355' title='bbox 2363 1813 2429 1852; x_wconf 91' lang='lat' dir='ltr'><strong>eo</strong></span> <span class='ocrx_word' id='word_1_356' title='bbox 2453 1797 2597 1866; x_wconf 91' lang='lat' dir='ltr'><strong>quod</strong></span> <span class='ocrx_word' id='word_1_357' title='bbox 2628 1797 2928 1851; x_wconf 88' lang='lat' dir='ltr'><strong>detrectant</strong></span> <span class='ocrx_word' id='word_1_358' title='bbox 2963 1793 3029 1844; x_wconf 91' lang='lat' dir='ltr'><strong>de</strong></span> <span class='ocrx_word' id='word_1_359' title='bbox 3074 1789 3508 1850; x_wconf 84' lang='lat' dir='ltr'><strong>vobistanquam</strong></span> <span class='ocrx_word' id='word_1_360' title='bbox 3539 1779 3606 1833; x_wconf 81' lang='lat' dir='ltr'><strong>de</strong></span> 
     </span>
    </p>
   </div>
   <div class='ocr_carea' id='block_1_49' title="bbox 2042 1871 3608 1950">
    <p class='ocr_par' dir='ltr' id='par_1_49' title="bbox 2042 1871 3608 1950">
     <span class='ocr_line' id='line_1_49' title="bbox 2042 1871 3608 1950; baseline -0.015 -6"><span class='ocrx_word' id='word_1_361' title='bbox 2042 1889 2502 1950; x_wconf 79' lang='lat' dir='ltr'><strong>malefactoribus,</strong></span> <span class='ocrx_word' id='word_1_362' title='bbox 2535 1903 2600 1940; x_wconf 81' lang='lat' dir='ltr'><strong>cx</strong></span> <span class='ocrx_word' id='word_1_363' title='bbox 2636 1886 2794 1939; x_wconf 88' lang='lat' dir='ltr'><strong>bouis</strong></span> <span class='ocrx_word' id='word_1_364' title='bbox 2825 1879 3084 1950; x_wconf 84' lang='lat' dir='ltr'><strong>cperibus</strong></span> <span class='ocrx_word' id='word_1_365' title='bbox 3124 1891 3220 1930; x_wconf 89' lang='lat' dir='ltr'><strong>vos</strong></span> <span class='ocrx_word' id='word_1_366' title='bbox 3246 1871 3608 1935; x_wconf 77' lang='lat' dir='ltr'><strong>considerau-</strong></span> 
     </span>
    </p>
   </div>
   <div class='ocr_carea' id='block_1_50' title="bbox 2039 1959 3612 2050">
    <p class='ocr_par' dir='ltr' id='par_1_50' title="bbox 2039 1959 3612 2050">
     <span class='ocr_line' id='line_1_50' title="bbox 2039 1959 3612 2050; baseline -0.013 -16"><span class='ocrx_word' id='word_1_367' title='bbox 2039 1990 2141 2045; x_wconf 89' lang='lat' dir='ltr'><strong>tes,</strong></span> <span class='ocrx_word' id='word_1_368' title='bbox 2177 1979 2478 2050; x_wconf 82' lang='lat' dir='ltr'><strong>gloriﬁcent</strong></span> <span class='ocrx_word' id='word_1_369' title='bbox 2516 1975 2683 2029; x_wconf 88' lang='lat' dir='ltr'><strong>Deum</strong></span> <span class='ocrx_word' id='word_1_370' title='bbox 2723 1959 2901 2027; x_wconf 83' lang='lat' dir='ltr'><strong>indic</strong></span> <span class='ocrx_word' id='word_1_371' title='bbox 2958 1967 3311 2024; x_wconf 88' lang='lat' dir='ltr'><strong>visitationis.</strong></span> <span class='ocrx_word' id='word_1_372' title='bbox 3349 1981 3368 2015; x_wconf 71' lang='grc' dir='ltr'><strong>ι</strong></span> <span class='ocrx_word' id='word_1_373' title='bbox 3413 1961 3612 2017; x_wconf 85' lang='lat' dir='ltr'><strong>Obtre-</strong></span> 
     </span>
    </p>
   </div>
   <div class='ocr_carea' id='block_1_51' title="bbox 2037 2052 3610 2133">
    <p class='ocr_par' dir='ltr' id='par_1_51' title="bbox 2037 2052 3610 2133">
     <span class='ocr_line' id='line_1_51' title="bbox 2037 2052 3610 2133; baseline -0.015 -6"><span class='ocrx_word' id='word_1_374' title='bbox 2037 2081 2248 2128; x_wconf 85' lang='lat' dir='ltr'><strong>ctantes</strong></span> <span class='ocrx_word' id='word_1_375' title='bbox 2285 2070 2441 2124; x_wconf 89' lang='lat' dir='ltr'><strong>nobis</strong></span> <span class='ocrx_word' id='word_1_376' title='bbox 2471 2067 2680 2123; x_wconf 88' lang='lat' dir='ltr'><strong>inducit</strong></span> <span class='ocrx_word' id='word_1_377' title='bbox 2710 2064 2958 2133; x_wconf 78' lang='lat' dir='ltr'><strong>gentiles.</strong></span> <span class='ocrx_word' id='word_1_378' title='bbox 2999 2079 3018 2112; x_wconf 79' lang='grc' dir='ltr'><strong>ι</strong></span> <span class='ocrx_word' id='word_1_379' title='bbox 3063 2059 3212 2112; x_wconf 89' lang='lat' dir='ltr'><strong>Diem</strong></span> <span class='ocrx_word' id='word_1_380' title='bbox 3249 2062 3432 2110; x_wconf 89' lang='lat' dir='ltr'><strong>autem</strong></span> <span class='ocrx_word' id='word_1_381' title='bbox 3477 2052 3610 2107; x_wconf 81' lang='lat' dir='ltr'><strong>visi-</strong></span> 
     </span>
    </p>
   </div>
   <div class='ocr_carea' id='block_1_52' title="bbox 2037 2140 3610 2222">
    <p class='ocr_par' dir='ltr' id='par_1_52' title="bbox 2037 2140 3610 2222">
     <span class='ocr_line' id='line_1_52' title="bbox 2037 2140 3610 2222; baseline -0.015 -7"><span class='ocrx_word' id='word_1_382' title='bbox 2037 2162 2258 2216; x_wconf 87' lang='lat' dir='ltr'><strong>tationis</strong></span> <span class='ocrx_word' id='word_1_383' title='bbox 2307 2179 2325 2210; x_wconf 79' lang='grc' dir='ltr'><strong>ι</strong></span> <span class='ocrx_word' id='word_1_384' title='bbox 2377 2164 2534 2212; x_wconf 85' lang='lat' dir='ltr'><strong>vocat</strong></span> <span class='ocrx_word' id='word_1_385' title='bbox 2585 2154 2998 2222; x_wconf 85' lang='lat' dir='ltr'><strong>inquisitionem</strong></span> <span class='ocrx_word' id='word_1_386' title='bbox 3060 2147 3488 2201; x_wconf 86' lang='lat' dir='ltr'><strong>mundanorum.</strong></span> <span class='ocrx_word' id='word_1_387' title='bbox 3520 2140 3610 2194; x_wconf 92' lang='lat' dir='ltr'><strong>Fit</strong></span> 
     </span>
    </p>
   </div>
   <div class='ocr_carea' id='block_1_53' title="bbox 2039 2230 3608 2316">
    <p class='ocr_par' dir='ltr' id='par_1_53' title="bbox 2039 2230 3608 2316">
     <span class='ocr_line' id='line_1_53' title="bbox 2039 2230 3608 2316; baseline -0.017 -9"><span class='ocrx_word' id='word_1_388' title='bbox 2039 2253 2182 2307; x_wconf 88' lang='lat' dir='ltr'><strong>enim</strong></span> <span class='ocrx_word' id='word_1_389' title='bbox 2216 2263 2324 2302; x_wconf 89' lang='lat' dir='ltr'><strong>non</strong></span> <span class='ocrx_word' id='word_1_390' title='bbox 2362 2261 2487 2316; x_wconf 71' lang='lat' dir='ltr'><strong>raro</strong></span> <span class='ocrx_word' id='word_1_391' title='bbox 2519 2245 2587 2297; x_wconf 88' lang='lat' dir='ltr'><strong>ab</strong></span> <span class='ocrx_word' id='word_1_392' title='bbox 2616 2243 2750 2312; x_wconf 89' lang='lat' dir='ltr'><strong>ipsis</strong></span> <span class='ocrx_word' id='word_1_393' title='bbox 2783 2243 2836 2294; x_wconf 91' lang='lat' dir='ltr'><strong>in</strong></span> <span class='ocrx_word' id='word_1_394' title='bbox 2867 2241 3035 2293; x_wconf 90' lang='lat' dir='ltr'><strong>vitam</strong></span> <span class='ocrx_word' id='word_1_395' title='bbox 3075 2243 3318 2290; x_wconf 88' lang='lat' dir='ltr'><strong>nostram</strong></span> <span class='ocrx_word' id='word_1_396' title='bbox 3372 2230 3608 2300; x_wconf 86' lang='lat' dir='ltr'><strong>inquisi-</strong></span> 
     </span>
    </p>
   </div>
   <div class='ocr_carea' id='block_1_54' title="bbox 2038 2321 3608 2404">
    <p class='ocr_par' dir='ltr' id='par_1_54' title="bbox 2038 2321 3608 2404">
     <span class='ocr_line' id='line_1_54' title="bbox 2038 2321 3608 2404; baseline -0.016 -8"><span class='ocrx_word' id='word_1_397' title='bbox 2038 2343 2149 2396; x_wconf 89' lang='lat' dir='ltr'><strong>tio:</strong></span> <span class='ocrx_word' id='word_1_398' title='bbox 2175 2346 2231 2392; x_wconf 91' lang='lat' dir='ltr'><strong>at</strong></span> <span class='ocrx_word' id='word_1_399' title='bbox 2267 2353 2390 2392; x_wconf 90' lang='lat' dir='ltr'><strong>cum</strong></span> <span class='ocrx_word' id='word_1_400' title='bbox 2416 2349 2583 2404; x_wconf 82' lang='lat' dir='ltr'><strong>Opera</strong></span> <span class='ocrx_word' id='word_1_401' title='bbox 2617 2341 2803 2388; x_wconf 90' lang='lat' dir='ltr'><strong>nostra</strong></span> <span class='ocrx_word' id='word_1_402' title='bbox 2833 2331 3014 2392; x_wconf 82' lang='lat' dir='ltr'><strong>aliter,</strong></span> <span class='ocrx_word' id='word_1_403' title='bbox 3043 2341 3108 2380; x_wconf 90' lang='lat' dir='ltr'><strong>ac</strong></span> <span class='ocrx_word' id='word_1_404' title='bbox 3137 2325 3216 2379; x_wconf 91' lang='lat' dir='ltr'><strong>illi</strong></span> <span class='ocrx_word' id='word_1_405' title='bbox 3241 2321 3608 2392; x_wconf 83' lang='lat' dir='ltr'><strong>suspicaban—</strong></span> 
     </span>
    </p>
   </div>
   <div class='ocr_carea' id='block_1_55' title="bbox 2040 2415 3606 2494">
    <p class='ocr_par' dir='ltr' id='par_1_55' title="bbox 2040 2415 3606 2494">
     <span class='ocr_line' id='line_1_55' title="bbox 2040 2415 3606 2494; baseline -0.013 -9"><span class='ocrx_word' id='word_1_406' title='bbox 2040 2440 2147 2494; x_wconf 89' lang='lat' dir='ltr'><strong>tur,</strong></span> <span class='ocrx_word' id='word_1_407' title='bbox 2173 2445 2231 2484; x_wconf 84' lang='lat' dir='ltr'><strong>se</strong></span> <span class='ocrx_word' id='word_1_408' title='bbox 2277 2429 2478 2481; x_wconf 87' lang='lat' dir='ltr'><strong>habere</strong></span> <span class='ocrx_word' id='word_1_409' title='bbox 2519 2425 2910 2493; x_wconf 88' lang='lat' dir='ltr'><strong>compererint,</strong></span> <span class='ocrx_word' id='word_1_410' title='bbox 2941 2418 3212 2490; x_wconf 76' lang='lat' dir='ltr'><strong>pudefacti</strong></span> <span class='ocrx_word' id='word_1_411' title='bbox 3237 2415 3606 2484; x_wconf 82' lang='lat' dir='ltr'><strong>corriguntur,</strong></span> 
     </span>
    </p>
   </div>
   <div class='ocr_carea' id='block_1_56' title="bbox 2041 2506 2700 2586">
    <p class='ocr_par' dir='ltr' id='par_1_56' title="bbox 2041 2506 2700 2586">
     <span class='ocr_line' id='line_1_56' title="bbox 2041 2506 2700 2586; baseline -0.011 -12"><span class='ocrx_word' id='word_1_412' title='bbox 2041 2537 2104 2574; x_wconf 88' lang='lat' dir='ltr'><strong>ac</strong></span> <span class='ocrx_word' id='word_1_413' title='bbox 2144 2520 2291 2574; x_wconf 84' lang='lat' dir='ltr'><strong>Deus</strong></span> <span class='ocrx_word' id='word_1_414' title='bbox 2312 2516 2670 2586; x_wconf 83' lang='lat' dir='ltr'><strong>gloriﬁcatur.</strong></span> <span class='ocrx_word' id='word_1_415' title='bbox 2694 2506 2700 2510; x_wconf 69' lang='grc'><em>’</em></span> 
     </span>
    </p>
   </div>
   <div class='ocr_carea' id='block_1_57' title="bbox 2111 2589 3610 2669">
    <p class='ocr_par' dir='ltr' id='par_1_57' title="bbox 2111 2589 3610 2669">
     <span class='ocr_line' id='line_1_57' title="bbox 2111 2589 3610 2669; baseline -0.013 -9"><span class='ocrx_word' id='word_1_416' title='bbox 2111 2607 2276 2662; x_wconf 72' lang='lat' dir='ltr'><strong>Vens.</strong></span> <span class='ocrx_word' id='word_1_417' title='bbox 2313 2604 2488 2660; x_wconf 66' lang='lat'><strong>15-15.</strong></span> <span class='ocrx_word' id='word_1_418' title='bbox 2539 2622 2558 2654; x_wconf 75' lang='grc' dir='ltr'><strong>ι</strong></span> <span class='ocrx_word' id='word_1_419' title='bbox 2601 2601 2844 2669; x_wconf 88' lang='lat' dir='ltr'><strong>Subjecti</strong></span> <span class='ocrx_word' id='word_1_420' title='bbox 2874 2599 3042 2664; x_wconf 83' lang='lat' dir='ltr'><strong>igitur</strong></span> <span class='ocrx_word' id='word_1_421' title='bbox 3079 2604 3256 2650; x_wconf 86' lang='lat' dir='ltr'><strong>estote</strong></span> <span class='ocrx_word' id='word_1_422' title='bbox 3309 2590 3458 2645; x_wconf 91' lang='lat' dir='ltr'><strong>omni</strong></span> <span class='ocrx_word' id='word_1_423' title='bbox 3508 2589 3610 2642; x_wconf 87' lang='lat' dir='ltr'><strong>hu-</strong></span> 
     </span>
    </p>
   </div>
   <div class='ocr_carea' id='block_1_58' title="bbox 2041 2681 3612 2762">
    <p class='ocr_par' dir='ltr' id='par_1_58' title="bbox 2041 2681 3612 2762">
     <span class='ocr_line' id='line_1_58' title="bbox 2041 2681 3612 2762; baseline -0.013 -10"><span class='ocrx_word' id='word_1_424' title='bbox 2041 2713 2214 2753; x_wconf 73' lang='lat' dir='ltr'><strong>manae</strong></span> <span class='ocrx_word' id='word_1_425' title='bbox 2239 2705 2504 2750; x_wconf 68' lang='lat' dir='ltr'><strong>creatura:</strong></span> <span class='ocrx_word' id='word_1_426' title='bbox 2527 2702 2748 2762; x_wconf 83' lang='lat' dir='ltr'><strong>propter</strong></span> <span class='ocrx_word' id='word_1_427' title='bbox 2780 2690 2972 2746; x_wconf 80' lang='lat' dir='ltr'><strong>Deum.</strong></span> <span class='ocrx_word' id='word_1_428' title='bbox 3006 2687 3120 2742; x_wconf 84' lang='lat' dir='ltr'><strong>sive</strong></span> <span class='ocrx_word' id='word_1_429' title='bbox 3155 2685 3264 2754; x_wconf 79' lang='lat' dir='ltr'><strong>regi</strong></span> <span class='ocrx_word' id='word_1_430' title='bbox 3289 2681 3444 2753; x_wconf 88' lang='lat' dir='ltr'><strong>quasi</strong></span> <span class='ocrx_word' id='word_1_431' title='bbox 3471 2694 3612 2749; x_wconf 73' lang='lat' dir='ltr'><strong>prte-</strong></span> 
     </span>
    </p>
   </div>
   <div class='ocr_carea' id='block_1_59' title="bbox 2044 2767 3612 2850">
    <p class='ocr_par' dir='ltr' id='par_1_59' title="bbox 2044 2767 3612 2850">
     <span class='ocr_line' id='line_1_59' title="bbox 2044 2767 3612 2850; baseline -0.013 -10"><span class='ocrx_word' id='word_1_432' title='bbox 2044 2787 2292 2850; x_wconf 87' lang='lat' dir='ltr'><strong>cellenti,</strong></span> <span class='ocrx_word' id='word_1_433' title='bbox 2336 2788 2452 2842; x_wconf 84' lang='lat' dir='ltr'><strong>sive</strong></span> <span class='ocrx_word' id='word_1_434' title='bbox 2497 2783 2734 2839; x_wconf 89' lang='lat' dir='ltr'><strong>ducibus</strong></span> <span class='ocrx_word' id='word_1_435' title='bbox 2797 2789 3056 2848; x_wconf 87' lang='lat' dir='ltr'><strong>tanquam</strong></span> <span class='ocrx_word' id='word_1_436' title='bbox 3106 2777 3172 2830; x_wconf 87' lang='lat' dir='ltr'><strong>ab</strong></span> <span class='ocrx_word' id='word_1_437' title='bbox 3211 2789 3276 2828; x_wconf 91' lang='lat' dir='ltr'><strong>eo</strong></span> <span class='ocrx_word' id='word_1_438' title='bbox 3323 2771 3505 2826; x_wconf 87' lang='lat' dir='ltr'><strong>missis</strong></span> <span class='ocrx_word' id='word_1_439' title='bbox 3545 2767 3612 2821; x_wconf 88' lang='lat' dir='ltr'><strong>ad</strong></span> 
     </span>
    </p>
   </div>
   <div class='ocr_carea' id='block_1_60' title="bbox 2042 2863 3612 2935">
    <p class='ocr_par' dir='ltr' id='par_1_60' title="bbox 2042 2863 3612 2935">
     <span class='ocr_line' id='line_1_60' title="bbox 2042 2863 3612 2935; baseline -0.013 -3"><span class='ocrx_word' id='word_1_440' title='bbox 2042 2877 2336 2932; x_wconf 83' lang='lat' dir='ltr'><strong>vindictam</strong></span> <span class='ocrx_word' id='word_1_441' title='bbox 2389 2873 2820 2935; x_wconf 78' lang='lat' dir='ltr'><strong>malefactorum,</strong></span> <span class='ocrx_word' id='word_1_442' title='bbox 2873 2869 3087 2923; x_wconf 86' lang='lat' dir='ltr'><strong>laudent</strong></span> <span class='ocrx_word' id='word_1_443' title='bbox 3147 2880 3272 2918; x_wconf 87' lang='lat' dir='ltr'><strong>vero</strong></span> <span class='ocrx_word' id='word_1_444' title='bbox 3325 2863 3612 2916; x_wconf 84' lang='lat' dir='ltr'><strong>bonorum.</strong></span> 
     </span>
    </p>
   </div>
   <div class='ocr_carea' id='block_1_61' title="bbox 2043 2950 3614 3036">
    <p class='ocr_par' dir='ltr' id='par_1_61' title="bbox 2043 2950 3614 3036">
     <span class='ocr_line' id='line_1_61' title="bbox 2043 2950 3614 3036; baseline -0.014 -16"><span class='ocrx_word' id='word_1_445' title='bbox 2043 2967 2178 3032; x_wconf 84' lang='lat' dir='ltr'><strong>Quia</strong></span> <span class='ocrx_word' id='word_1_446' title='bbox 2207 2967 2286 3020; x_wconf 89' lang='lat' dir='ltr'><strong>sic</strong></span> <span class='ocrx_word' id='word_1_447' title='bbox 2313 2973 2397 3036; x_wconf 78' lang='lat' dir='ltr'><strong>est</strong></span> <span class='ocrx_word' id='word_1_448' title='bbox 2430 2967 2678 3018; x_wconf 80' lang='lat' dir='ltr'><strong>voluntas</strong></span> <span class='ocrx_word' id='word_1_449' title='bbox 2719 2961 2830 3025; x_wconf 84' lang='lat' dir='ltr'><strong>Dei,</strong></span> <span class='ocrx_word' id='word_1_450' title='bbox 2871 2970 2927 3013; x_wconf 93' lang='lat' dir='ltr'><strong>ut</strong></span> <span class='ocrx_word' id='word_1_451' title='bbox 2969 2959 3104 3012; x_wconf 83' lang='lat' dir='ltr'><strong>bene</strong></span> <span class='ocrx_word' id='word_1_452' title='bbox 3139 2955 3396 3008; x_wconf 77' lang='lat' dir='ltr'><strong>facientes</strong></span> <span class='ocrx_word' id='word_1_453' title='bbox 3421 2950 3614 3014; x_wconf 61' lang='lat' dir='ltr'><strong>obmu;</strong></span> 
     </span>
    </p>
   </div>
   <div class='ocr_carea' id='block_1_62' title="bbox 2045 3041 3618 3122">
    <p class='ocr_par' dir='ltr' id='par_1_62' title="bbox 2045 3041 3618 3122">
     <span class='ocr_line' id='line_1_62' title="bbox 2045 3041 3618 3122; baseline -0.015 -11"><span class='ocrx_word' id='word_1_454' title='bbox 2045 3067 2250 3111; x_wconf 88' lang='lat' dir='ltr'><strong>tesccre</strong></span> <span class='ocrx_word' id='word_1_455' title='bbox 2292 3055 2505 3110; x_wconf 75' lang='lat' dir='ltr'><strong>faciatis</strong></span> <span class='ocrx_word' id='word_1_456' title='bbox 2555 3051 2978 3122; x_wconf 82' lang='lat' dir='ltr'><strong>imprudentium</strong></span> <span class='ocrx_word' id='word_1_457' title='bbox 3037 3044 3318 3100; x_wconf 89' lang='lat' dir='ltr'><strong>hominum</strong></span> <span class='ocrx_word' id='word_1_458' title='bbox 3360 3041 3618 3110; x_wconf 78' lang='lat' dir='ltr'><strong>iguomu-</strong></span> 
     </span>
    </p>
   </div>
   <div class='ocr_carea' id='block_1_63' title="bbox 379 3128 1948 3221">
    <p class='ocr_par' dir='ltr' id='par_1_63' title="bbox 379 3128 1947 3220">
     <span class='ocr_line' id='line_1_63' title="bbox 379 3128 1947 3220; baseline -0.009 -11"><span class='ocrx_word' id='word_1_459' title='bbox 379 3128 524 3210; x_wconf 63' lang='lat' dir='ltr'><strong>ciav:</strong></span> <span class='ocrx_word' id='word_1_460' title='bbox 563 3128 820 3207; x_wconf 41' lang='lat' dir='ltr'><strong>adiciam</strong></span> <span class='ocrx_word' id='word_1_461' title='bbox 869 3128 1216 3220; x_wconf 75' lang='grc' dir='ltr'>ἀνθρωπίνην</span> <span class='ocrx_word' id='word_1_462' title='bbox 1270 3148 1369 3211; x_wconf 83' lang='grc' dir='ltr'><strong>τὰς</strong></span> <span class='ocrx_word' id='word_1_463' title='bbox 1431 3148 1604 3218; x_wconf 79' lang='grc' dir='ltr'>ἀρχὰς</span> <span class='ocrx_word' id='word_1_464' title='bbox 1652 3147 1800 3212; x_wconf 89' lang='grc' dir='ltr'>λέγει</span> <span class='ocrx_word' id='word_1_465' title='bbox 1851 3143 1947 3206; x_wconf 77' lang='grc' dir='ltr'><strong>τὰς</strong></span> 
     </span>
    </p>
   </div>
   <div class='ocr_carea' id='block_1_64' title="bbox 2049 3128 3614 3221">
    <p class='ocr_par' dir='ltr' id='par_1_64' title="bbox 2049 3128 3614 3206">
     <span class='ocr_line' id='line_1_64' title="bbox 2049 3128 3614 3206; baseline -0.01 -7"><span class='ocrx_word' id='word_1_466' title='bbox 2049 3149 2198 3200; x_wconf 89' lang='lat' dir='ltr'><strong>tiam.</strong></span> <span class='ocrx_word' id='word_1_467' title='bbox 2239 3164 2258 3197; x_wconf 71' lang='grc' dir='ltr'><strong>ι</strong></span> <span class='ocrx_word' id='word_1_468' title='bbox 2299 3146 2618 3198; x_wconf 82' lang='lat' dir='ltr'><strong>Creaturam</strong></span> <span class='ocrx_word' id='word_1_469' title='bbox 2663 3144 2954 3196; x_wconf 86' lang='lat' dir='ltr'><strong>humanam</strong></span> <span class='ocrx_word' id='word_1_470' title='bbox 2982 3139 3328 3206; x_wconf 81' lang='lat' dir='ltr'><strong>magistratus</strong></span> <span class='ocrx_word' id='word_1_471' title='bbox 3357 3128 3614 3198; x_wconf 80' lang='lat' dir='ltr'><strong>appellat.</strong></span> 
     </span>
    </p>
   </div>
   <div class='ocr_carea' id='block_1_65' title="bbox 376 3231 1948 3316">
    <p class='ocr_par' dir='ltr' id='par_1_65' title="bbox 376 3231 1948 3316">
     <span class='ocr_line' id='line_1_65' title="bbox 376 3231 1948 3316; baseline -0.012 -17"><span class='ocrx_word' id='word_1_472' title='bbox 376 3244 756 3316; x_wconf 74' lang='grc' dir='ltr'>χειροτονητὰς</span> <span class='ocrx_word' id='word_1_473' title='bbox 793 3242 894 3293; x_wconf 77' lang='grc' dir='ltr'><strong>ὑπὸ</strong></span> <span class='ocrx_word' id='word_1_474' title='bbox 924 3239 1206 3308; x_wconf 82' lang='grc' dir='ltr'>βασιλέων,</span> <span class='ocrx_word' id='word_1_475' title='bbox 1237 3238 1267 3307; x_wconf 83' lang='grc' dir='ltr'>ἢ</span> <span class='ocrx_word' id='word_1_476' title='bbox 1313 3237 1406 3288; x_wconf 71' lang='grc' dir='ltr'><strong>καὶ</strong></span> <span class='ocrx_word' id='word_1_477' title='bbox 1445 3235 1642 3294; x_wconf 74' lang='grc' dir='ltr'>αὑτοὺς</span> <span class='ocrx_word' id='word_1_478' title='bbox 1689 3231 1814 3292; x_wconf 80' lang='grc' dir='ltr'>τοὺς</span> <span class='ocrx_word' id='word_1_479' title='bbox 1853 3232 1948 3298; x_wconf 80' lang='grc' dir='ltr'><strong>βα-</strong></span> 
     </span>
    </p>
   </div>
   <div class='ocr_carea' id='block_1_66' title="bbox 378 3319 1948 3396">
    <p class='ocr_par' dir='ltr' id='par_1_66' title="bbox 378 3319 1948 3396">
     <span class='ocr_line' id='line_1_66' title="bbox 378 3319 1948 3396; baseline -0.011 -9"><span class='ocrx_word' id='word_1_480' title='bbox 378 3338 564 3396; x_wconf 82' lang='grc' dir='ltr'>σιλεῖς,</span> <span class='ocrx_word' id='word_1_481' title='bbox 600 3332 784 3385; x_wconf 75' lang='grc' dir='ltr'>καθότι</span> <span class='ocrx_word' id='word_1_482' title='bbox 823 3330 918 3382; x_wconf 80' lang='grc' dir='ltr'>καὶ</span> <span class='ocrx_word' id='word_1_483' title='bbox 949 3329 1100 3379; x_wconf 79' lang='grc' dir='ltr'>αὑτοὶ</span> <span class='ocrx_word' id='word_1_484' title='bbox 1129 3329 1152 3394; x_wconf 92' lang='grc'>[</span> <span class='ocrx_word' id='word_1_485' title='bbox 1182 3325 1286 3376; x_wconf 77' lang='grc' dir='ltr'>ὑπὸ</span> <span class='ocrx_word' id='word_1_486' title='bbox 1318 3323 1337 3393; x_wconf 89' lang='grc'>]</span> <span class='ocrx_word' id='word_1_487' title='bbox 1363 3321 1664 3391; x_wconf 78' lang='grc' dir='ltr'>ἀνθρώπων</span> <span class='ocrx_word' id='word_1_488' title='bbox 1717 3319 1948 3388; x_wconf 83' lang='grc' dir='ltr'>ἐτάχθη-</span> 
     </span>
    </p>
   </div>
   <div class='ocr_carea' id='block_1_67' title="bbox 380 3411 1950 3496">
    <p class='ocr_par' dir='ltr' id='par_1_67' title="bbox 380 3411 1950 3496">
     <span class='ocr_line' id='line_1_67' title="bbox 380 3411 1950 3496; baseline -0.011 -18"><span class='ocrx_word' id='word_1_489' title='bbox 380 3444 500 3488; x_wconf 85' lang='grc' dir='ltr'>σαν,</span> <span class='ocrx_word' id='word_1_490' title='bbox 527 3427 644 3496; x_wconf 76' lang='grc' dir='ltr'>ήτοι</span> <span class='ocrx_word' id='word_1_491' title='bbox 687 3421 968 3485; x_wconf 66' lang='grc' dir='ltr'>ἐτέθησαν.</span> <span class='ocrx_word' id='word_1_492' title='bbox 1003 3414 1126 3469; x_wconf 81' lang='grc' dir='ltr'>Οἷδε</span> <span class='ocrx_word' id='word_1_493' title='bbox 1156 3416 1265 3483; x_wconf 87' lang='grc' dir='ltr'><strong>γὰρ</strong></span> <span class='ocrx_word' id='word_1_494' title='bbox 1291 3417 1324 3482; x_wconf 76' lang='grc' dir='ltr'><strong>ἡ</strong></span> <span class='ocrx_word' id='word_1_495' title='bbox 1363 3413 1554 3482; x_wconf 78' lang='grc' dir='ltr'>Γραφὴ</span> <span class='ocrx_word' id='word_1_496' title='bbox 1597 3414 1693 3464; x_wconf 77' lang='grc' dir='ltr'>καὶ</span> <span class='ocrx_word' id='word_1_497' title='bbox 1723 3411 1817 3480; x_wconf 80' lang='grc' dir='ltr'>τὴν</span> <span class='ocrx_word' id='word_1_498' title='bbox 1864 3411 1950 3462; x_wconf 79' lang='grc' dir='ltr'>θέ-</span> 
     </span>
    </p>
   </div>
   <div class='ocr_carea' id='block_1_68' title="bbox 382 3499 1950 3572">
    <p class='ocr_par' dir='ltr' id='par_1_68' title="bbox 382 3499 1950 3572">
     <span class='ocr_line' id='line_1_68' title="bbox 382 3499 1950 3572; baseline -0.013 -3"><span class='ocrx_word' id='word_1_499' title='bbox 382 3531 468 3569; x_wconf 80' lang='grc' dir='ltr'><strong>σιν</strong></span> <span class='ocrx_word' id='word_1_500' title='bbox 505 3513 682 3566; x_wconf 77' lang='grc' dir='ltr'>κτίσιν</span> <span class='ocrx_word' id='word_1_501' title='bbox 710 3510 914 3572; x_wconf 85' lang='grc' dir='ltr'>καλεῖν,</span> <span class='ocrx_word' id='word_1_502' title='bbox 942 3507 1016 3568; x_wconf 82' lang='grc' dir='ltr'>ὡς</span> <span class='ocrx_word' id='word_1_503' title='bbox 1045 3507 1104 3557; x_wconf 79' lang='grc' dir='ltr'>ὲν</span> <span class='ocrx_word' id='word_1_504' title='bbox 1143 3505 1240 3572; x_wconf 79' lang='grc' dir='ltr'><strong>τῷ,</strong></span> <span class='ocrx_word' id='word_1_505' title='bbox 1279 3520 1299 3554; x_wconf 73' lang='grc' dir='ltr'><strong>ι</strong></span> <span class='ocrx_word' id='word_1_506' title='bbox 1334 3504 1451 3554; x_wconf 84' lang='grc' dir='ltr'>Ἵνα</span> <span class='ocrx_word' id='word_1_507' title='bbox 1506 3521 1524 3552; x_wconf 83' lang='grc'><strong>›</strong></span> <span class='ocrx_word' id='word_1_508' title='bbox 1561 3501 1723 3570; x_wconf 79' lang='grc' dir='ltr'>κτίσῃ</span> <span class='ocrx_word' id='word_1_509' title='bbox 1763 3519 1780 3550; x_wconf 75' lang='grc' dir='ltr'><strong>ι</strong></span> <span class='ocrx_word' id='word_1_510' title='bbox 1825 3499 1950 3560; x_wconf 76' lang='grc' dir='ltr'>τοὺς</span> 
     </span>
    </p>
   </div>
   <div class='ocr_carea' id='block_1_69' title="bbox 383 3591 1950 3668">
    <p class='ocr_par' dir='ltr' id='par_1_69' title="bbox 383 3591 1950 3668">
     <span class='ocr_line' id='line_1_69' title="bbox 383 3591 1950 3668; baseline -0.013 -7"><span class='ocrx_word' id='word_1_511' title='bbox 383 3608 477 3661; x_wconf 88' lang='grc' dir='ltr'><strong>δύο</strong></span> <span class='ocrx_word' id='word_1_512' title='bbox 509 3608 584 3668; x_wconf 80' lang='grc' dir='ltr'>εἰς</span> <span class='ocrx_word' id='word_1_513' title='bbox 609 3605 706 3656; x_wconf 74' lang='grc' dir='ltr'><strong>ἕνα</strong></span> <span class='ocrx_word' id='word_1_514' title='bbox 754 3600 940 3654; x_wconf 59' lang='grc' dir='ltr'>καινὸν</span> <span class='ocrx_word' id='word_1_515' title='bbox 991 3597 1295 3666; x_wconf 81' lang='grc' dir='ltr'>ἄνθρωπον.</span> <span class='ocrx_word' id='word_1_516' title='bbox 1355 3613 1374 3644; x_wconf 68' lang='grc' dir='ltr'><strong>ν</strong></span> <span class='ocrx_word' id='word_1_517' title='bbox 1405 3593 1572 3661; x_wconf 70' lang='grc' dir='ltr'>Φησὶν</span> <span class='ocrx_word' id='word_1_518' title='bbox 1619 3592 1741 3644; x_wconf 76' lang='grc' dir='ltr'>οὖν·</span> <span class='ocrx_word' id='word_1_519' title='bbox 1783 3591 1950 3642; x_wconf 81' lang='grc' dir='ltr'>Ὑπο-</span> 
     </span>
    </p>
   </div>
   <div class='ocr_carea' id='block_1_70' title="bbox 385 3677 1952 3766">
    <p class='ocr_par' dir='ltr' id='par_1_70' title="bbox 385 3677 1952 3766">
     <span class='ocr_line' id='line_1_70' title="bbox 385 3677 1952 3766; baseline -0.013 -14"><span class='ocrx_word' id='word_1_520' title='bbox 385 3699 585 3766; x_wconf 80' lang='grc' dir='ltr'>τάγητε</span> <span class='ocrx_word' id='word_1_521' title='bbox 609 3697 720 3756; x_wconf 77' lang='grc' dir='ltr'>τοῖς</span> <span class='ocrx_word' id='word_1_522' title='bbox 752 3691 1030 3760; x_wconf 80' lang='grc' dir='ltr'>κοσμικοῖς</span> <span class='ocrx_word' id='word_1_523' title='bbox 1073 3688 1331 3759; x_wconf 79' lang='grc' dir='ltr'>ἄρχουσιν</span> <span class='ocrx_word' id='word_1_524' title='bbox 1353 3701 1366 3714; x_wconf 87' lang='grc'><strong>·</strong></span> <span class='ocrx_word' id='word_1_525' title='bbox 1417 3684 1725 3748; x_wconf 75' lang='grc' dir='ltr'>ὑποτάγητε</span> <span class='ocrx_word' id='word_1_526' title='bbox 1772 3679 1829 3730; x_wconf 81' lang='grc' dir='ltr'><strong>δὲ</strong></span> <span class='ocrx_word' id='word_1_527' title='bbox 1865 3677 1952 3732; x_wconf 84' lang='grc' dir='ltr'><strong>διὰ</strong></span> 
     </span>
    </p>
   </div>
   <div class='ocr_carea' id='block_1_71' title="bbox 386 3769 1953 3853">
    <p class='ocr_par' dir='ltr' id='par_1_71' title="bbox 386 3769 1953 3853">
     <span class='ocr_line' id='line_1_71' title="bbox 386 3769 1953 3853; baseline -0.015 -10"><span class='ocrx_word' id='word_1_528' title='bbox 386 3791 475 3844; x_wconf 78' lang='grc' dir='ltr'><strong>τδν</strong></span> <span class='ocrx_word' id='word_1_529' title='bbox 505 3789 656 3849; x_wconf 80' lang='grc' dir='ltr'>Θεὸν,</span> <span class='ocrx_word' id='word_1_530' title='bbox 686 3787 760 3848; x_wconf 86' lang='grc' dir='ltr'>ὼς</span> <span class='ocrx_word' id='word_1_531' title='bbox 787 3785 814 3836; x_wconf 97' lang='lat'><strong>6</strong></span> <span class='ocrx_word' id='word_1_532' title='bbox 855 3783 1055 3853; x_wconf 82' lang='grc' dir='ltr'>Κύριος</span> <span class='ocrx_word' id='word_1_533' title='bbox 1103 3775 1424 3848; x_wconf 78' lang='grc' dir='ltr'>προσέταξε.</span> <span class='ocrx_word' id='word_1_534' title='bbox 1479 3773 1545 3827; x_wconf 82' lang='grc' dir='ltr'><strong>Τί</strong></span> <span class='ocrx_word' id='word_1_535' title='bbox 1583 3775 1640 3826; x_wconf 81' lang='grc' dir='ltr'>δὲ</span> <span class='ocrx_word' id='word_1_536' title='bbox 1680 3774 1708 3824; x_wconf 84' lang='lat'><strong>6</strong></span> <span class='ocrx_word' id='word_1_537' title='bbox 1752 3769 1953 3838; x_wconf 83' lang='grc' dir='ltr'>Κύριος</span> 
     </span>
    </p>
   </div>
   <div class='ocr_carea' id='block_1_72' title="bbox 387 3858 1954 3952">
    <p class='ocr_par' dir='ltr' id='par_1_72' title="bbox 387 3858 1954 3952">
     <span class='ocr_line' id='line_1_72' title="bbox 387 3858 1954 3952; baseline -0.016 -18"><span class='ocrx_word' id='word_1_538' title='bbox 387 3879 748 3952; x_wconf 76' lang='grc' dir='ltr'>προσέταξενς</span> <span class='ocrx_word' id='word_1_539' title='bbox 783 3893 802 3926; x_wconf 72' lang='grc' dir='ltr'><strong>ι</strong></span> <span class='ocrx_word' id='word_1_540' title='bbox 866 3871 1117 3926; x_wconf 81' lang='grc' dir='ltr'>Ἀπόδοτε</span> <span class='ocrx_word' id='word_1_541' title='bbox 1146 3867 1216 3920; x_wconf 79' lang='grc' dir='ltr'>τὰ</span> <span class='ocrx_word' id='word_1_542' title='bbox 1252 3865 1524 3934; x_wconf 85' lang='grc' dir='ltr'>Καίσαρος</span> <span class='ocrx_word' id='word_1_543' title='bbox 1563 3862 1816 3930; x_wconf 83' lang='grc' dir='ltr'>Καίσαρι,</span> <span class='ocrx_word' id='word_1_544' title='bbox 1858 3858 1954 3911; x_wconf 78' lang='grc' dir='ltr'>καὶ</span> 
     </span>
    </p>
   </div>
   <div class='ocr_carea' id='block_1_73' title="bbox 387 3951 1954 4036">
    <p class='ocr_par' dir='ltr' id='par_1_73' title="bbox 387 3951 1954 4036">
     <span class='ocr_line' id='line_1_73' title="bbox 387 3951 1954 4036; baseline -0.016 -12"><span class='ocrx_word' id='word_1_545' title='bbox 387 3975 456 4024; x_wconf 73' lang='grc' dir='ltr'>τὰ</span> <span class='ocrx_word' id='word_1_546' title='bbox 486 3970 578 4022; x_wconf 82' lang='grc' dir='ltr'><strong>τοῦ</strong></span> <span class='ocrx_word' id='word_1_547' title='bbox 607 3967 740 4020; x_wconf 82' lang='grc' dir='ltr'>Θεοῦ</span> <span class='ocrx_word' id='word_1_548' title='bbox 760 3965 837 4036; x_wconf 83' lang='grc' dir='ltr'>τῷ</span> <span class='ocrx_word' id='word_1_549' title='bbox 862 3963 998 4032; x_wconf 82' lang='grc' dir='ltr'>Θεῷ.</span> <span class='ocrx_word' id='word_1_550' title='bbox 1047 3979 1064 4012; x_wconf 68' lang='grc' dir='ltr'><strong>ι</strong></span> <span class='ocrx_word' id='word_1_551' title='bbox 1099 3961 1262 4012; x_wconf 80' lang='grc' dir='ltr'>Ὥστε</span> <span class='ocrx_word' id='word_1_552' title='bbox 1291 3956 1318 4008; x_wconf 84' lang='grc' dir='ltr'>ὃ</span> <span class='ocrx_word' id='word_1_553' title='bbox 1349 3956 1414 4008; x_wconf 86' lang='grc' dir='ltr'><strong>ἂν</strong></span> <span class='ocrx_word' id='word_1_554' title='bbox 1445 3954 1549 4018; x_wconf 71' lang='grc' dir='ltr'>ἔξω</span> <span class='ocrx_word' id='word_1_555' title='bbox 1579 3951 1954 4020; x_wconf 77' lang='grc' dir='ltr'>προστάττωσι</span> 
     </span>
    </p>
   </div>
   <div class='ocr_carea' id='block_1_74' title="bbox 394 4039 1954 4130">
    <p class='ocr_par' dir='ltr' id='par_1_74' title="bbox 394 4039 1954 4130">
     <span class='ocr_line' id='line_1_74' title="bbox 394 4039 1954 4130; baseline -0.016 -14"><span class='ocrx_word' id='word_1_556' title='bbox 394 4061 544 4130; x_wconf 67' lang='grc' dir='ltr'>παρὰ</span> <span class='ocrx_word' id='word_1_557' title='bbox 600 4059 697 4126; x_wconf 81' lang='grc' dir='ltr'><strong>τὴν</strong></span> <span class='ocrx_word' id='word_1_558' title='bbox 745 4055 983 4118; x_wconf 80' lang='grc' dir='ltr'>διάταξιν</span> <span class='ocrx_word' id='word_1_559' title='bbox 1027 4051 1087 4104; x_wconf 81' lang='grc' dir='ltr'><strong>δν</strong></span> <span class='ocrx_word' id='word_1_560' title='bbox 1112 4052 1206 4102; x_wconf 89' lang='grc' dir='ltr'><strong>τοῦ</strong></span> <span class='ocrx_word' id='word_1_561' title='bbox 1237 4045 1393 4110; x_wconf 88' lang='grc' dir='ltr'>Θεοῦ,</span> <span class='ocrx_word' id='word_1_562' title='bbox 1441 4046 1539 4112; x_wconf 81' lang='grc' dir='ltr'>οὑχ</span> <span class='ocrx_word' id='word_1_563' title='bbox 1588 4039 1954 4095; x_wconf 78' lang='grc' dir='ltr'>ὑπακουστέον</span> 
     </span>
    </p>
   </div>
   <div class='ocr_carea' id='block_1_75' title="bbox 392 4128 1952 4210">
    <p class='ocr_par' dir='ltr' id='par_1_75' title="bbox 392 4128 1952 4210">
     <span class='ocr_line' id='line_1_75' title="bbox 392 4128 1952 4210; baseline -0.015 -5"><span class='ocrx_word' id='word_1_564' title='bbox 392 4128 594 4209; x_wconf 67' lang='grc' dir='ltr'>αὐτοῖς.</span> <span class='ocrx_word' id='word_1_565' title='bbox 621 4148 791 4201; x_wconf 86' lang='grc' dir='ltr'>Τοῦτο</span> <span class='ocrx_word' id='word_1_566' title='bbox 817 4146 872 4198; x_wconf 83' lang='grc' dir='ltr'>δὲ</span> <span class='ocrx_word' id='word_1_567' title='bbox 905 4145 997 4196; x_wconf 70' lang='grc' dir='ltr'>καὶ</span> <span class='ocrx_word' id='word_1_568' title='bbox 1041 4144 1068 4194; x_wconf 91' lang='lat'><strong>6</strong></span> <span class='ocrx_word' id='word_1_569' title='bbox 1111 4139 1365 4210; x_wconf 75' lang='grc' dir='ltr'>Χριστὸς,</span> <span class='ocrx_word' id='word_1_570' title='bbox 1399 4136 1488 4188; x_wconf 74' lang='grc' dir='ltr'><strong>καὶ</strong></span> <span class='ocrx_word' id='word_1_571' title='bbox 1517 4135 1546 4186; x_wconf 92' lang='lat'><strong>6</strong></span> <span class='ocrx_word' id='word_1_572' title='bbox 1574 4132 1668 4185; x_wconf 84' lang='grc' dir='ltr'><strong>νῦν</strong></span> <span class='ocrx_word' id='word_1_573' title='bbox 1711 4128 1952 4201; x_wconf 75' lang='grc' dir='ltr'>μαθητὴς</span> 
     </span>
    </p>
   </div>
   <div class='ocr_carea' id='block_1_76' title="bbox 395 4222 1950 4308">
    <p class='ocr_par' dir='ltr' id='par_1_76' title="bbox 395 4222 1950 4308">
     <span class='ocr_line' id='line_1_76' title="bbox 395 4222 1950 4308; baseline -0.015 -14"><span class='ocrx_word' id='word_1_574' title='bbox 395 4240 554 4294; x_wconf 75' lang='grc' dir='ltr'>αὑτοῦ</span> <span class='ocrx_word' id='word_1_575' title='bbox 599 4239 990 4308; x_wconf 75' lang='grc' dir='ltr'>προσέταττεν·</span> <span class='ocrx_word' id='word_1_576' title='bbox 1029 4234 1112 4285; x_wconf 80' lang='grc' dir='ltr'><strong>ἵνα</strong></span> <span class='ocrx_word' id='word_1_577' title='bbox 1147 4231 1220 4300; x_wconf 82' lang='grc' dir='ltr'>μὴ</span> <span class='ocrx_word' id='word_1_578' title='bbox 1269 4229 1431 4298; x_wconf 79' lang='grc' dir='ltr'>ἔχωσι</span> <span class='ocrx_word' id='word_1_579' title='bbox 1457 4225 1633 4293; x_wconf 84' lang='grc' dir='ltr'>λέγειν</span> <span class='ocrx_word' id='word_1_580' title='bbox 1673 4222 1950 4291; x_wconf 79' lang='grc' dir='ltr'>Ἕλληνες,</span> 
     </span>
    </p>
   </div>
   <div class='ocr_carea' id='block_1_77' title="bbox 393 4311 1955 4398">
    <p class='ocr_par' dir='ltr' id='par_1_77' title="bbox 393 4311 1955 4398">
     <span class='ocr_line' id='line_1_77' title="bbox 393 4311 1955 4398; baseline -0.015 -12"><span class='ocrx_word' id='word_1_581' title='bbox 393 4334 468 4394; x_wconf 86' lang='grc' dir='ltr'>ὼς</span> <span class='ocrx_word' id='word_1_582' title='bbox 494 4330 804 4398; x_wconf 79' lang='grc' dir='ltr'>ἀνατροπὴν</span> <span class='ocrx_word' id='word_1_583' title='bbox 838 4325 992 4394; x_wconf 77' lang='grc' dir='ltr'>φέρει</span> <span class='ocrx_word' id='word_1_584' title='bbox 1029 4323 1121 4376; x_wconf 83' lang='grc' dir='ltr'><strong>τοῦ</strong></span> <span class='ocrx_word' id='word_1_585' title='bbox 1159 4322 1274 4390; x_wconf 84' lang='grc' dir='ltr'>βίου</span> <span class='ocrx_word' id='word_1_586' title='bbox 1326 4321 1354 4370; x_wconf 89' lang='lat'><strong>6</strong></span> <span class='ocrx_word' id='word_1_587' title='bbox 1387 4311 1829 4388; x_wconf 84' lang='grc' dir='ltr'>Χριστιανισμὸς,</span> <span class='ocrx_word' id='word_1_588' title='bbox 1861 4311 1955 4364; x_wconf 75' lang='grc' dir='ltr'>καὶ</span> 
     </span>
    </p>
   </div>
   <div class='ocr_carea' id='block_1_78' title="bbox 397 4403 1954 4486">
    <p class='ocr_par' dir='ltr' id='par_1_78' title="bbox 397 4403 1954 4486">
     <span class='ocr_line' id='line_1_78' title="bbox 397 4403 1954 4486; baseline -0.015 -9"><span class='ocrx_word' id='word_1_589' title='bbox 397 4423 620 4486; x_wconf 78' lang='grc' dir='ltr'>ἀταξίας</span> <span class='ocrx_word' id='word_1_590' title='bbox 647 4419 766 4471; x_wconf 75' lang='grc' dir='ltr'>ἐστὶ</span> <span class='ocrx_word' id='word_1_591' title='bbox 799 4419 891 4469; x_wconf 67' lang='grc' dir='ltr'><strong>καὶ</strong></span> <span class='ocrx_word' id='word_1_592' title='bbox 925 4414 1236 4483; x_wconf 82' lang='grc' dir='ltr'>συγχύσεως</span> <span class='ocrx_word' id='word_1_593' title='bbox 1275 4410 1467 4470; x_wconf 80' lang='grc' dir='ltr'>αἴτιος.</span> <span class='ocrx_word' id='word_1_594' title='bbox 1521 4404 1848 4476; x_wconf 79' lang='grc' dir='ltr'>Προστίθησι</span> <span class='ocrx_word' id='word_1_595' title='bbox 1896 4403 1954 4455; x_wconf 83' lang='grc' dir='ltr'>δὲ</span> 
     </span>
    </p>
   </div>
   <div class='ocr_carea' id='block_1_79' title="bbox 397 4492 1956 4577">
    <p class='ocr_par' dir='ltr' id='par_1_79' title="bbox 397 4492 1956 4577">
     <span class='ocr_line' id='line_1_79' title="bbox 397 4492 1956 4577; baseline -0.015 -11"><span class='ocrx_word' id='word_1_596' title='bbox 397 4515 476 4577; x_wconf 80' lang='grc' dir='ltr'><strong>τὸ,</strong></span> <span class='ocrx_word' id='word_1_597' title='bbox 509 4532 528 4563; x_wconf 83' lang='grc'><strong><em>‹</em></strong></span> <span class='ocrx_word' id='word_1_598' title='bbox 556 4510 654 4562; x_wconf 77' lang='grc' dir='ltr'><strong>Διὰ</strong></span> <span class='ocrx_word' id='word_1_599' title='bbox 681 4509 770 4559; x_wconf 73' lang='grc' dir='ltr'><strong>τὸν</strong></span> <span class='ocrx_word' id='word_1_600' title='bbox 792 4505 1014 4575; x_wconf 82' lang='grc' dir='ltr'>Κύριον,</span> <span class='ocrx_word' id='word_1_601' title='bbox 1053 4523 1070 4554; x_wconf 76' lang='grc' dir='ltr'><strong>ι</strong></span> <span class='ocrx_word' id='word_1_602' title='bbox 1104 4504 1196 4556; x_wconf 66' lang='grc' dir='ltr'><strong>καὶ</strong></span> <span class='ocrx_word' id='word_1_603' title='bbox 1224 4501 1312 4554; x_wconf 69' lang='grc' dir='ltr'><strong>διὰ</strong></span> <span class='ocrx_word' id='word_1_604' title='bbox 1345 4501 1472 4560; x_wconf 81' lang='grc' dir='ltr'>τοὺς</span> <span class='ocrx_word' id='word_1_605' title='bbox 1501 4495 1743 4558; x_wconf 82' lang='grc' dir='ltr'>πιστούς.</span> <span class='ocrx_word' id='word_1_606' title='bbox 1798 4492 1956 4554; x_wconf 76' lang='grc' dir='ltr'>Εἰκὸς</span> 
     </span>
    </p>
   </div>
   <div class='ocr_carea' id='block_1_80' title="bbox 397 4583 1958 4672">
    <p class='ocr_par' dir='ltr' id='par_1_80' title="bbox 397 4583 1958 4672">
     <span class='ocr_line' id='line_1_80' title="bbox 397 4583 1958 4672; baseline -0.014 -15"><span class='ocrx_word' id='word_1_607' title='bbox 397 4606 507 4672; x_wconf 72' lang='grc' dir='ltr'>γάρ</span> <span class='ocrx_word' id='word_1_608' title='bbox 529 4616 676 4662; x_wconf 79' lang='grc' dir='ltr'>τινας</span> <span class='ocrx_word' id='word_1_609' title='bbox 706 4598 884 4650; x_wconf 80' lang='grc' dir='ltr'>αὑτῶν</span> <span class='ocrx_word' id='word_1_610' title='bbox 911 4597 1073 4663; x_wconf 76' lang='grc' dir='ltr'>ἐρεῖν,</span> <span class='ocrx_word' id='word_1_611' title='bbox 1123 4595 1203 4644; x_wconf 80' lang='grc' dir='ltr'>ὅτι</span> <span class='ocrx_word' id='word_1_612' title='bbox 1239 4593 1348 4657; x_wconf 75' lang='grc' dir='ltr'>Τῆς</span> <span class='ocrx_word' id='word_1_613' title='bbox 1378 4589 1484 4641; x_wconf 89' lang='grc' dir='ltr'><strong>τῶν</strong></span> <span class='ocrx_word' id='word_1_614' title='bbox 1519 4585 1763 4656; x_wconf 85' lang='grc' dir='ltr'>ούρανῶν</span> <span class='ocrx_word' id='word_1_615' title='bbox 1811 4583 1958 4653; x_wconf 77' lang='grc' dir='ltr'>ἡμᾶς</span> 
     </span>
    </p>
   </div>
   <div class='ocr_carea' id='block_1_81' title="bbox 402 4674 1959 4762">
    <p class='ocr_par' dir='ltr' id='par_1_81' title="bbox 402 4674 1959 4762">
     <span class='ocr_line' id='line_1_81' title="bbox 402 4674 1959 4762; baseline -0.01 -20"><span class='ocrx_word' id='word_1_616' title='bbox 402 4688 676 4762; x_wconf 66' lang='grc' dir='ltr'>βασιλείας</span> <span class='ocrx_word' id='word_1_617' title='bbox 705 4687 891 4752; x_wconf 83' lang='grc' dir='ltr'>ἀξιῶν,</span> <span class='ocrx_word' id='word_1_618' title='bbox 926 4684 1016 4736; x_wconf 78' lang='grc' dir='ltr'>καὶ</span> <span class='ocrx_word' id='word_1_619' title='bbox 1053 4683 1192 4752; x_wconf 84' lang='grc' dir='ltr'>μέγα</span> <span class='ocrx_word' id='word_1_620' title='bbox 1220 4682 1350 4748; x_wconf 76' lang='grc' dir='ltr'>ἡμῖν</span> <span class='ocrx_word' id='word_1_621' title='bbox 1374 4679 1605 4746; x_wconf 62' lang='grc' dir='ltr'>ἀξίωμα</span> <span class='ocrx_word' id='word_1_622' title='bbox 1645 4675 1734 4729; x_wconf 84' lang='grc' dir='ltr'><strong>διὰ</strong></span> <span class='ocrx_word' id='word_1_623' title='bbox 1766 4674 1959 4727; x_wconf 82' lang='grc' dir='ltr'>τούτου</span> 
     </span>
    </p>
   </div>
   <div class='ocr_carea' id='block_1_82' title="bbox 400 4765 1958 4850">
    <p class='ocr_par' dir='ltr' id='par_1_82' title="bbox 400 4765 1958 4850">
     <span class='ocr_line' id='line_1_82' title="bbox 400 4765 1958 4850; baseline -0.013 -16"><span class='ocrx_word' id='word_1_624' title='bbox 400 4779 720 4850; x_wconf 74' lang='grc' dir='ltr'>περιτιθεὶς,</span> <span class='ocrx_word' id='word_1_625' title='bbox 753 4777 807 4828; x_wconf 88' lang='grc' dir='ltr'><strong>τί</strong></span> <span class='ocrx_word' id='word_1_626' title='bbox 829 4774 990 4828; x_wconf 83' lang='grc' dir='ltr'>πάλιν</span> <span class='ocrx_word' id='word_1_627' title='bbox 1041 4772 1187 4840; x_wconf 81' lang='grc' dir='ltr'>ἡμᾶς</span> <span class='ocrx_word' id='word_1_628' title='bbox 1221 4768 1503 4831; x_wconf 80' lang='grc' dir='ltr'>εὑτελίζει,</span> <span class='ocrx_word' id='word_1_629' title='bbox 1537 4769 1818 4835; x_wconf 84' lang='grc' dir='ltr'>κοσμικοῖς</span> <span class='ocrx_word' id='word_1_630' title='bbox 1859 4765 1958 4834; x_wconf 83' lang='grc' dir='ltr'><strong>ἄρ-</strong></span> 
     </span>
    </p>
   </div>
   <div class='ocr_carea' id='block_1_83' title="bbox 401 4857 1960 4946">
    <p class='ocr_par' dir='ltr' id='par_1_83' title="bbox 401 4857 1960 4946">
     <span class='ocr_line' id='line_1_83' title="bbox 401 4857 1960 4946; baseline -0.014 -17"><span class='ocrx_word' id='word_1_631' title='bbox 401 4892 583 4946; x_wconf 79' lang='grc' dir='ltr'>χουσιν</span> <span class='ocrx_word' id='word_1_632' title='bbox 618 4870 933 4926; x_wconf 76' lang='grc' dir='ltr'>ὑποτάσσων</span> <span class='ocrx_word' id='word_1_633' title='bbox 958 4867 1132 4937; x_wconf 76' lang='grc' dir='ltr'>ήμᾶςς</span> <span class='ocrx_word' id='word_1_634' title='bbox 1163 4863 1227 4914; x_wconf 80' lang='grc' dir='ltr'><strong>Εἴ</strong></span> <span class='ocrx_word' id='word_1_635' title='bbox 1263 4879 1344 4924; x_wconf 87' lang='grc' dir='ltr'><strong>τις</strong></span> <span class='ocrx_word' id='word_1_636' title='bbox 1371 4857 1462 4913; x_wconf 76' lang='grc' dir='ltr'><strong>οὖν</strong></span> <span class='ocrx_word' id='word_1_637' title='bbox 1489 4858 1660 4910; x_wconf 88' lang='grc' dir='ltr'>ταῦτα</span> <span class='ocrx_word' id='word_1_638' title='bbox 1687 4859 1819 4926; x_wconf 76' lang='grc' dir='ltr'>ἐρεῖ,</span> <span class='ocrx_word' id='word_1_639' title='bbox 1853 4873 1960 4925; x_wconf 84' lang='grc' dir='ltr'>μα-</span> 
     </span>
    </p>
   </div>
   <div class='ocr_carea' id='block_1_84' title="bbox 405 4950 1972 5034">
    <p class='ocr_par' dir='ltr' id='par_1_84' title="bbox 405 4950 1972 5034">
     <span class='ocr_line' id='line_1_84' title="bbox 405 4950 1972 5034; baseline -0.013 -16"><span class='ocrx_word' id='word_1_640' title='bbox 405 4968 562 5023; x_wconf 81' lang='grc' dir='ltr'>θέτω,</span> <span class='ocrx_word' id='word_1_641' title='bbox 588 4965 770 5034; x_wconf 63' lang='grc' dir='ltr'>φησιν,</span> <span class='ocrx_word' id='word_1_642' title='bbox 792 4961 866 5024; x_wconf 80' lang='grc' dir='ltr'>ὡς</span> <span class='ocrx_word' id='word_1_643' title='bbox 895 4961 993 5012; x_wconf 82' lang='grc' dir='ltr'><strong>οὑκ</strong></span> <span class='ocrx_word' id='word_1_644' title='bbox 1022 4956 1152 5024; x_wconf 72' lang='grc' dir='ltr'>ἐμὸς</span> <span class='ocrx_word' id='word_1_645' title='bbox 1175 4955 1204 5006; x_wconf 93' lang='lat'><strong>6</strong></span> <span class='ocrx_word' id='word_1_646' title='bbox 1233 4953 1391 5019; x_wconf 68' lang='grc' dir='ltr'>λόγος</span> <span class='ocrx_word' id='word_1_647' title='bbox 1432 4950 1521 5002; x_wconf 87' lang='grc' dir='ltr'><strong>τοῦ</strong></span> <span class='ocrx_word' id='word_1_648' title='bbox 1554 4951 1972 5019; x_wconf 66' lang='grc' dir='ltr'>προστάγματος</span> 
     </span>
    </p>
   </div>
   <div class='ocr_carea' id='block_1_85' title="bbox 404 5037 1970 5119">
    <p class='ocr_par' dir='ltr' id='par_1_85' title="bbox 404 5037 1970 5119">
     <span class='ocr_line' id='line_1_85' title="bbox 404 5037 1970 5119; baseline -0.013 -10"><span class='ocrx_word' id='word_1_649' title='bbox 404 5057 615 5119; x_wconf 86' lang='grc' dir='ltr'>τούτου,</span> <span class='ocrx_word' id='word_1_650' title='bbox 643 5053 774 5106; x_wconf 69' lang='grc' dir='ltr'>ἀλλὰ</span> <span class='ocrx_word' id='word_1_651' title='bbox 805 5040 900 5102; x_wconf 83' lang='grc' dir='ltr'><strong>τοῦ</strong></span> <span class='ocrx_word' id='word_1_652' title='bbox 951 5045 1176 5115; x_wconf 81' lang='grc' dir='ltr'>Κυρίου.</span> <span class='ocrx_word' id='word_1_653' title='bbox 1235 5041 1442 5105; x_wconf 80' lang='grc' dir='ltr'>Ἔδειξε</span> <span class='ocrx_word' id='word_1_654' title='bbox 1498 5040 1554 5092; x_wconf 83' lang='grc' dir='ltr'>δὲ</span> <span class='ocrx_word' id='word_1_655' title='bbox 1613 5040 1704 5091; x_wconf 78' lang='grc' dir='ltr'><strong>καὶ</strong></span> <span class='ocrx_word' id='word_1_656' title='bbox 1735 5037 1897 5100; x_wconf 84' lang='grc' dir='ltr'>αὑτὸς</span> <span class='ocrx_word' id='word_1_657' title='bbox 1941 5039 1970 5089; x_wconf 91' lang='lat'><strong>6</strong></span> 
     </span>
    </p>
   </div>
   <div class='ocr_carea' id='block_1_86' title="bbox 409 5129 1966 5214">
    <p class='ocr_par' dir='ltr' id='par_1_86' title="bbox 409 5129 1966 5214">
     <span class='ocr_line' id='line_1_86' title="bbox 409 5129 1966 5214; baseline -0.013 -14"><span class='ocrx_word' id='word_1_658' title='bbox 409 5149 630 5214; x_wconf 75' lang='grc' dir='ltr'>Πέτρος,</span> <span class='ocrx_word' id='word_1_659' title='bbox 669 5146 779 5198; x_wconf 87' lang='grc' dir='ltr'>τίσι</span> <span class='ocrx_word' id='word_1_660' title='bbox 807 5142 902 5195; x_wconf 73' lang='grc' dir='ltr'>καὶ</span> <span class='ocrx_word' id='word_1_661' title='bbox 926 5139 1102 5199; x_wconf 85' lang='grc' dir='ltr'>ποίοις</span> <span class='ocrx_word' id='word_1_662' title='bbox 1133 5137 1394 5206; x_wconf 81' lang='grc' dir='ltr'>ἄρχουσιν</span> <span class='ocrx_word' id='word_1_663' title='bbox 1441 5130 1841 5183; x_wconf 79' lang='grc' dir='ltr'>ὑποτάσσεσθαι</span> <span class='ocrx_word' id='word_1_664' title='bbox 1867 5129 1966 5190; x_wconf 83' lang='grc' dir='ltr'>δεῖ,</span> 
     </span>
    </p>
   </div>
   <div class='ocr_carea' id='block_1_87' title="bbox 406 5219 1967 5293">
    <p class='ocr_par' dir='ltr' id='par_1_87' title="bbox 406 5219 1967 5293">
     <span class='ocr_line' id='line_1_87' title="bbox 406 5219 1967 5293; baseline -0.012 -5"><span class='ocrx_word' id='word_1_665' title='bbox 406 5238 488 5288; x_wconf 75' lang='grc' dir='ltr'>ὅτι</span> <span class='ocrx_word' id='word_1_666' title='bbox 528 5239 639 5293; x_wconf 76' lang='grc' dir='ltr'>τοῖς</span> <span class='ocrx_word' id='word_1_667' title='bbox 667 5236 727 5287; x_wconf 74' lang='grc' dir='ltr'>τὸ</span> <span class='ocrx_word' id='word_1_668' title='bbox 771 5234 978 5286; x_wconf 88' lang='grc' dir='ltr'>δίκαιον</span> <span class='ocrx_word' id='word_1_669' title='bbox 1009 5225 1334 5282; x_wconf 78' lang='grc' dir='ltr'>ἐκδικοῦσιν.</span> <span class='ocrx_word' id='word_1_670' title='bbox 1396 5221 1674 5291; x_wconf 81' lang='grc' dir='ltr'>Ἐπιφέρει</span> <span class='ocrx_word' id='word_1_671' title='bbox 1718 5221 1825 5289; x_wconf 82' lang='grc' dir='ltr'>γὰρ</span> <span class='ocrx_word' id='word_1_672' title='bbox 1872 5219 1967 5272; x_wconf 78' lang='grc' dir='ltr'>καὶ</span> 
     </span>
    </p>
   </div>
   <div class='ocr_carea' id='block_1_88' title="bbox 406 5307 1966 5396">
    <p class='ocr_par' dir='ltr' id='par_1_88' title="bbox 406 5307 1966 5396">
     <span class='ocr_line' id='line_1_88' title="bbox 406 5307 1966 5396; baseline -0.013 -16"><span class='ocrx_word' id='word_1_673' title='bbox 406 5326 506 5396; x_wconf 80' lang='grc' dir='ltr'>τὴν</span> <span class='ocrx_word' id='word_1_674' title='bbox 534 5323 732 5385; x_wconf 80' lang='grc' dir='ltr'>αἰτίαν,</span> <span class='ocrx_word' id='word_1_675' title='bbox 783 5324 864 5374; x_wconf 78' lang='grc' dir='ltr'><strong>δτι</strong></span> <span class='ocrx_word' id='word_1_676' title='bbox 913 5320 1004 5372; x_wconf 75' lang='grc' dir='ltr'>καὶ</span> <span class='ocrx_word' id='word_1_677' title='bbox 1038 5337 1056 5368; x_wconf 85' lang='grc'><strong><em>‹</em></strong></span> <span class='ocrx_word' id='word_1_678' title='bbox 1092 5315 1186 5368; x_wconf 88' lang='grc' dir='ltr'><strong>τοῦ</strong></span> <span class='ocrx_word' id='word_1_679' title='bbox 1236 5313 1370 5366; x_wconf 85' lang='grc' dir='ltr'>Θεοῦ</span> <span class='ocrx_word' id='word_1_680' title='bbox 1417 5312 1478 5363; x_wconf 82' lang='grc' dir='ltr'><strong>τὸ</strong></span> <span class='ocrx_word' id='word_1_681' title='bbox 1525 5311 1758 5378; x_wconf 76' lang='grc' dir='ltr'>θέλημα,</span> <span class='ocrx_word' id='word_1_682' title='bbox 1797 5329 1815 5360; x_wconf 82' lang='grc'><strong>›</strong></span> <span class='ocrx_word' id='word_1_683' title='bbox 1874 5307 1966 5361; x_wconf 71' lang='grc' dir='ltr'><strong>καὶ</strong></span> 
     </span>
    </p>
   </div>
   <div class='ocr_carea' id='block_1_89' title="bbox 409 5401 1960 5486">
    <p class='ocr_par' dir='ltr' id='par_1_89' title="bbox 409 5401 1960 5486">
     <span class='ocr_line' id='line_1_89' title="bbox 409 5401 1960 5486; baseline -0.012 -18"><span class='ocrx_word' id='word_1_684' title='bbox 409 5416 564 5486; x_wconf 76' lang='grc' dir='ltr'>ἡμῶν</span> <span class='ocrx_word' id='word_1_685' title='bbox 608 5415 668 5466; x_wconf 82' lang='grc' dir='ltr'><strong>τὸ</strong></span> <span class='ocrx_word' id='word_1_686' title='bbox 698 5413 824 5482; x_wconf 52' lang='grc' dir='ltr'><strong>περί⁹</strong></span> <span class='ocrx_word' id='word_1_687' title='bbox 869 5412 965 5479; x_wconf 80' lang='grc' dir='ltr'><strong>τῆς</strong></span> <span class='ocrx_word' id='word_1_688' title='bbox 993 5407 1267 5475; x_wconf 80' lang='grc' dir='ltr'>ὑποταγῆς</span> <span class='ocrx_word' id='word_1_689' title='bbox 1297 5405 1394 5474; x_wconf 79' lang='grc' dir='ltr'>τῆς</span> <span class='ocrx_word' id='word_1_690' title='bbox 1428 5405 1506 5464; x_wconf 81' lang='grc' dir='ltr'>εἰς</span> <span class='ocrx_word' id='word_1_691' title='bbox 1529 5401 1653 5462; x_wconf 77' lang='grc' dir='ltr'>τοὺς</span> <span class='ocrx_word' id='word_1_692' title='bbox 1678 5401 1960 5470; x_wconf 83' lang='grc' dir='ltr'>ἄρχοντας,</span> 
     </span>
    </p>
   </div>
   <div class='ocr_carea' id='block_1_90' title="bbox 409 5489 1961 5568">
    <p class='ocr_par' dir='ltr' id='par_1_90' title="bbox 409 5489 1961 5568">
     <span class='ocr_line' id='line_1_90' title="bbox 409 5489 1961 5568; baseline -0.014 -9"><span class='ocrx_word' id='word_1_693' title='bbox 409 5503 804 5568; x_wconf 83' lang='grc' dir='ltr'>καλοκάγαθίας</span> <span class='ocrx_word' id='word_1_694' title='bbox 833 5501 952 5554; x_wconf 75' lang='grc' dir='ltr'>ἐστὶ</span> <span class='ocrx_word' id='word_1_695' title='bbox 976 5501 1194 5566; x_wconf 82' lang='grc' dir='ltr'>δεῖγμα,</span> <span class='ocrx_word' id='word_1_696' title='bbox 1233 5497 1327 5550; x_wconf 68' lang='grc' dir='ltr'>καὶ</span> <span class='ocrx_word' id='word_1_697' title='bbox 1347 5495 1408 5547; x_wconf 81' lang='grc' dir='ltr'>τὸ</span> <span class='ocrx_word' id='word_1_698' title='bbox 1435 5491 1618 5554; x_wconf 77' lang='grc' dir='ltr'>πλέον,</span> <span class='ocrx_word' id='word_1_699' title='bbox 1649 5492 1774 5550; x_wconf 69' lang='grc' dir='ltr'>τοὺς</span> <span class='ocrx_word' id='word_1_700' title='bbox 1834 5489 1961 5540; x_wconf 85' lang='grc' dir='ltr'>ἀπί-</span> 
     </span>
    </p>
   </div>
   <div class='ocr_carea' id='block_1_91' title="bbox 413 5580 1962 5664">
    <p class='ocr_par' dir='ltr' id='par_1_91' title="bbox 413 5580 1962 5664">
     <span class='ocr_line' id='line_1_91' title="bbox 413 5580 1962 5664; baseline -0.013 -14"><span class='ocrx_word' id='word_1_701' title='bbox 413 5612 570 5660; x_wconf 78' lang='grc' dir='ltr'>στους</span> <span class='ocrx_word' id='word_1_702' title='bbox 593 5592 854 5664; x_wconf 80' lang='grc' dir='ltr'>αίσχύνει.</span> <span class='ocrx_word' id='word_1_703' title='bbox 895 5591 981 5644; x_wconf 86' lang='grc' dir='ltr'>Ἐν</span> <span class='ocrx_word' id='word_1_704' title='bbox 1011 5583 1056 5658; x_wconf 81' lang='grc' dir='ltr'>ᾧ</span> <span class='ocrx_word' id='word_1_705' title='bbox 1084 5588 1194 5660; x_wconf 87' lang='grc' dir='ltr'>γὰρ</span> <span class='ocrx_word' id='word_1_706' title='bbox 1213 5586 1288 5650; x_wconf 86' lang='grc' dir='ltr'>ὼς</span> <span class='ocrx_word' id='word_1_707' title='bbox 1309 5585 1580 5649; x_wconf 78' lang='grc' dir='ltr'>ἀλαζόνων</span> <span class='ocrx_word' id='word_1_708' title='bbox 1609 5583 1641 5650; x_wconf 82' lang='grc' dir='ltr'><strong>ή</strong></span> <span class='ocrx_word' id='word_1_709' title='bbox 1651 5580 1766 5651; x_wconf 87' lang='grc' dir='ltr'><strong>μῶν</strong></span> <span class='ocrx_word' id='word_1_710' title='bbox 1790 5596 1962 5633; x_wconf 88' lang='grc' dir='ltr'>κατα-</span> 
     </span>
    </p>
   </div>
   <div class='ocr_carea' id='block_1_92' title="bbox 482 5761 1582 5830">
    <p class='ocr_par' dir='ltr' id='par_1_92' title="bbox 482 5761 1582 5830">
     <span class='ocr_line' id='line_1_92' title="bbox 482 5761 1582 5830; baseline -0.011 -5"><span class='ocrx_word' id='word_1_711' title='bbox 482 5769 525 5800; x_wconf 81' lang='grc'><strong>⁸³</strong></span> <span class='ocrx_word' id='word_1_712' title='bbox 555 5769 729 5824; x_wconf 81' lang='lat' dir='ltr'><strong>Galat.</strong></span> <span class='ocrx_word' id='word_1_713' title='bbox 794 5783 843 5828; x_wconf 85' lang='lat' dir='ltr'><strong>v.</strong></span> <span class='ocrx_word' id='word_1_714' title='bbox 893 5767 980 5821; x_wconf 77' lang='grc'><strong>17.</strong></span> <span class='ocrx_word' id='word_1_715' title='bbox 1091 5764 1142 5798; x_wconf 82' lang='grc'><strong>³³</strong></span> <span class='ocrx_word' id='word_1_716' title='bbox 1165 5761 1364 5830; x_wconf 81' lang='lat' dir='ltr'><strong>Ephes.</strong></span> <span class='ocrx_word' id='word_1_717' title='bbox 1410 5778 1468 5817; x_wconf 89' lang='lat' dir='ltr'><strong>tl.</strong></span> <span class='ocrx_word' id='word_1_718' title='bbox 1497 5761 1582 5816; x_wconf 73' lang='grc'><strong>15.</strong></span> 
     </span>
    </p>
   </div>
   <div class='ocr_carea' id='block_1_93' title="bbox 2053 3225 3615 3305">
    <p class='ocr_par' dir='ltr' id='par_1_93' title="bbox 2053 3225 3615 3305">
     <span class='ocr_line' id='line_1_93' title="bbox 2053 3225 3615 3305; baseline -0.011 -17"><span class='ocrx_word' id='word_1_719' title='bbox 2053 3237 2144 3305; x_wconf 91' lang='lat' dir='ltr'><strong>qui</strong></span> <span class='ocrx_word' id='word_1_720' title='bbox 2169 3252 2198 3288; x_wconf 90' lang='lat' dir='ltr'><strong>a</strong></span> <span class='ocrx_word' id='word_1_721' title='bbox 2221 3236 2441 3304; x_wconf 82' lang='lat' dir='ltr'><strong>regibus</strong></span> <span class='ocrx_word' id='word_1_722' title='bbox 2465 3233 2751 3289; x_wconf 86' lang='lat' dir='ltr'><strong>constituti</strong></span> <span class='ocrx_word' id='word_1_723' title='bbox 2781 3241 2940 3286; x_wconf 87' lang='lat' dir='ltr'><strong>sunt:</strong></span> <span class='ocrx_word' id='word_1_724' title='bbox 2967 3229 3050 3282; x_wconf 83' lang='lat' dir='ltr'><strong>vel</strong></span> <span class='ocrx_word' id='word_1_725' title='bbox 3075 3227 3238 3280; x_wconf 87' lang='lat' dir='ltr'><strong>etiam</strong></span> <span class='ocrx_word' id='word_1_726' title='bbox 3263 3225 3411 3290; x_wconf 89' lang='lat' dir='ltr'><strong>ipsos</strong></span> <span class='ocrx_word' id='word_1_727' title='bbox 3441 3231 3615 3287; x_wconf 78' lang='lat' dir='ltr'><strong>reges,</strong></span> 
     </span>
    </p>
   </div>
   <div class='ocr_carea' id='block_1_94' title="bbox 2051 3313 3619 3393">
    <p class='ocr_par' dir='ltr' id='par_1_94' title="bbox 2051 3313 3619 3393">
     <span class='ocr_line' id='line_1_94' title="bbox 2051 3313 3619 3393; baseline -0.011 -17"><span class='ocrx_word' id='word_1_728' title='bbox 2051 3325 2306 3393; x_wconf 87' lang='lat' dir='ltr'><strong>quoniam</strong></span> <span class='ocrx_word' id='word_1_729' title='bbox 2343 3332 2397 3378; x_wconf 85' lang='lat' dir='ltr'><strong>et</strong></span> <span class='ocrx_word' id='word_1_730' title='bbox 2455 3323 2556 3391; x_wconf 87' lang='lat' dir='ltr'><strong>ipsi</strong></span> <span class='ocrx_word' id='word_1_731' title='bbox 2595 3323 2662 3375; x_wconf 87' lang='lat' dir='ltr'><strong>ab</strong></span> <span class='ocrx_word' id='word_1_732' title='bbox 2716 3319 3032 3374; x_wconf 89' lang='lat' dir='ltr'><strong>hominibus</strong></span> <span class='ocrx_word' id='word_1_733' title='bbox 3063 3313 3354 3386; x_wconf 74' lang='lat' dir='ltr'><strong>designati,</strong></span> <span class='ocrx_word' id='word_1_734' title='bbox 3391 3325 3484 3364; x_wconf 85' lang='lat' dir='ltr'><strong>seu</strong></span> <span class='ocrx_word' id='word_1_735' title='bbox 3517 3321 3619 3376; x_wconf 89' lang='lat' dir='ltr'><strong>po-</strong></span> 
     </span>
    </p>
   </div>
   <div class='ocr_carea' id='block_1_95' title="bbox 2053 3399 3614 3480">
    <p class='ocr_par' dir='ltr' id='par_1_95' title="bbox 2053 3399 3614 3480">
     <span class='ocr_line' id='line_1_95' title="bbox 2053 3399 3614 3480; baseline -0.013 -13"><span class='ocrx_word' id='word_1_736' title='bbox 2053 3412 2141 3468; x_wconf 84' lang='lat' dir='ltr'><strong>siti</strong></span> <span class='ocrx_word' id='word_1_737' title='bbox 2173 3420 2322 3466; x_wconf 90' lang='lat' dir='ltr'><strong>sunt.</strong></span> <span class='ocrx_word' id='word_1_738' title='bbox 2375 3411 2716 3480; x_wconf 84' lang='lat' dir='ltr'><strong>Quandoque</strong></span> <span class='ocrx_word' id='word_1_739' title='bbox 2749 3409 2895 3464; x_wconf 87' lang='lat' dir='ltr'><strong>enitn</strong></span> <span class='ocrx_word' id='word_1_740' title='bbox 2952 3407 3231 3475; x_wconf 80' lang='lat' dir='ltr'><strong>Scriptura</strong></span> <span class='ocrx_word' id='word_1_741' title='bbox 3290 3399 3614 3469; x_wconf 90' lang='lat' dir='ltr'><strong>positionem</strong></span> 
     </span>
    </p>
   </div>
   <div class='ocr_carea' id='block_1_96' title="bbox 2053 3489 3617 3573">
    <p class='ocr_par' dir='ltr' id='par_1_96' title="bbox 2053 3489 3617 3573">
     <span class='ocr_line' id='line_1_96' title="bbox 2053 3489 3617 3573; baseline -0.016 -15"><span class='ocrx_word' id='word_1_742' title='bbox 2053 3503 2286 3573; x_wconf 78' lang='lat' dir='ltr'><strong>appellat</strong></span> <span class='ocrx_word' id='word_1_743' title='bbox 2306 3501 2664 3562; x_wconf 88' lang='lat' dir='ltr'><strong>creationem,</strong></span> <span class='ocrx_word' id='word_1_744' title='bbox 2695 3503 2752 3549; x_wconf 91' lang='lat' dir='ltr'><strong>ut</strong></span> <span class='ocrx_word' id='word_1_745' title='bbox 2780 3497 2834 3548; x_wconf 92' lang='lat' dir='ltr'><strong>in</strong></span> <span class='ocrx_word' id='word_1_746' title='bbox 2867 3510 2930 3550; x_wconf 91' lang='lat' dir='ltr'><strong>eo</strong></span> <span class='ocrx_word' id='word_1_747' title='bbox 2957 3495 3076 3549; x_wconf 91' lang='lat' dir='ltr'><strong>loco</strong></span> <span class='ocrx_word' id='word_1_748' title='bbox 3103 3511 3116 3546; x_wconf 81' lang='grc' dir='ltr'><strong>ι</strong></span> <span class='ocrx_word' id='word_1_749' title='bbox 3149 3511 3166 3544; x_wconf 75' lang='grc' dir='ltr'><strong>ι</strong></span> <span class='ocrx_word' id='word_1_750' title='bbox 3191 3490 3260 3545; x_wconf 86' lang='lat' dir='ltr'><strong>Ut</strong></span> <span class='ocrx_word' id='word_1_751' title='bbox 3284 3490 3422 3544; x_wconf 91' lang='lat' dir='ltr'><strong>duos</strong></span> <span class='ocrx_word' id='word_1_752' title='bbox 3449 3489 3617 3547; x_wconf 75' lang='lat' dir='ltr'><strong>creet,</strong></span> 
     </span>
    </p>
   </div>
   <div class='ocr_carea' id='block_1_97' title="bbox 2053 3573 3620 3654">
    <p class='ocr_par' dir='ltr' id='par_1_97' title="bbox 2053 3573 3620 3654">
     <span class='ocr_line' id='line_1_97' title="bbox 2053 3573 3620 3654; baseline -0.013 -7"><span class='ocrx_word' id='word_1_753' title='bbox 2053 3604 2166 3648; x_wconf 80' lang='lat' dir='ltr'><strong>seu&#39;</strong></span> <span class='ocrx_word' id='word_1_754' title='bbox 2186 3591 2385 3644; x_wconf 88' lang='lat' dir='ltr'><strong>condat</strong></span> <span class='ocrx_word' id='word_1_755' title='bbox 2429 3588 2484 3641; x_wconf 90' lang='lat' dir='ltr'><strong>in</strong></span> <span class='ocrx_word' id='word_1_756' title='bbox 2537 3587 2833 3654; x_wconf 86' lang='lat' dir='ltr'><strong>semetipso</strong></span> <span class='ocrx_word' id='word_1_757' title='bbox 2884 3585 2936 3638; x_wconf 90' lang='lat' dir='ltr'><strong>iu</strong></span> <span class='ocrx_word' id='word_1_758' title='bbox 2989 3599 3156 3638; x_wconf 90' lang='lat' dir='ltr'><strong>unum</strong></span> <span class='ocrx_word' id='word_1_759' title='bbox 3199 3593 3397 3636; x_wconf 85' lang='lat' dir='ltr'><strong>novum</strong></span> <span class='ocrx_word' id='word_1_760' title='bbox 3446 3573 3620 3628; x_wconf 88' lang='lat' dir='ltr'><strong>homi-</strong></span> 
     </span>
    </p>
   </div>
   <div class='ocr_carea' id='block_1_98' title="bbox 2055 3662 3618 3747">
    <p class='ocr_par' dir='ltr' id='par_1_98' title="bbox 2055 3662 3618 3747">
     <span class='ocr_line' id='line_1_98' title="bbox 2055 3662 3618 3747; baseline -0.013 -14"><span class='ocrx_word' id='word_1_761' title='bbox 2055 3694 2174 3734; x_wconf 79' lang='lat' dir='ltr'><strong>nem</strong></span> <span class='ocrx_word' id='word_1_762' title='bbox 2197 3679 2260 3747; x_wconf 68' lang='grc' dir='ltr'><strong>εξ.</strong></span> <span class='ocrx_word' id='word_1_763' title='bbox 2307 3695 2326 3727; x_wconf 69' lang='grc' dir='ltr'><strong>ι</strong></span> <span class='ocrx_word' id='word_1_764' title='bbox 2368 3674 2548 3742; x_wconf 86' lang='lat' dir='ltr'><strong>lnquit</strong></span> <span class='ocrx_word' id='word_1_765' title='bbox 2577 3674 2741 3742; x_wconf 69' lang='lat' dir='ltr'><strong>igitur</strong></span> <span class='ocrx_word' id='word_1_766' title='bbox 2776 3691 2790 3726; x_wconf 89' lang='lat'><strong>:</strong></span> <span class='ocrx_word' id='word_1_767' title='bbox 2827 3671 3070 3740; x_wconf 69' lang='lat' dir='ltr'><strong>Subiecti</strong></span> <span class='ocrx_word' id='word_1_768' title='bbox 3101 3680 3276 3724; x_wconf 86' lang='lat' dir='ltr'><strong>estote</strong></span> <span class='ocrx_word' id='word_1_769' title='bbox 3327 3662 3618 3720; x_wconf 80' lang='lat' dir='ltr'><strong>mundanis</strong></span> 
     </span>
    </p>
   </div>
   <div class='ocr_carea' id='block_1_99' title="bbox 2056 3751 3611 3838">
    <p class='ocr_par' dir='ltr' id='par_1_99' title="bbox 2056 3751 3611 3838">
     <span class='ocr_line' id='line_1_99' title="bbox 2056 3751 3611 3838; baseline -0.012 -16"><span class='ocrx_word' id='word_1_770' title='bbox 2056 3765 2419 3838; x_wconf 89' lang='lat' dir='ltr'><strong>principibus.</strong></span> <span class='ocrx_word' id='word_1_771' title='bbox 2455 3761 2836 3831; x_wconf 85' lang='lat' dir='ltr'><strong>Subjiciamini</strong></span> <span class='ocrx_word' id='word_1_772' title='bbox 2867 3776 2994 3816; x_wconf 88' lang='lat' dir='ltr'><strong>vero</strong></span> <span class='ocrx_word' id='word_1_773' title='bbox 3020 3767 3242 3828; x_wconf 85' lang='lat' dir='ltr'><strong>propter</strong></span> <span class='ocrx_word' id='word_1_774' title='bbox 3289 3757 3480 3812; x_wconf 89' lang='lat' dir='ltr'><strong>Deum,</strong></span> <span class='ocrx_word' id='word_1_775' title='bbox 3520 3751 3611 3820; x_wconf 90' lang='lat' dir='ltr'><strong>qui</strong></span> 
     </span>
    </p>
   </div>
   <div class='ocr_carea' id='block_1_100' title="bbox 2057 3840 3624 3926">
    <p class='ocr_par' dir='ltr' id='par_1_100' title="bbox 2057 3840 3624 3926">
     <span class='ocr_line' id='line_1_100' title="bbox 2057 3840 3624 3926; baseline -0.012 -17"><span class='ocrx_word' id='word_1_776' title='bbox 2057 3870 2310 3926; x_wconf 85' lang='lat' dir='ltr'><strong>tanquam</strong></span> <span class='ocrx_word' id='word_1_777' title='bbox 2326 3853 2587 3906; x_wconf 90' lang='lat' dir='ltr'><strong>Dominus</strong></span> <span class='ocrx_word' id='word_1_778' title='bbox 2603 3850 2875 3920; x_wconf 70' lang='lat' dir='ltr'><strong>praecepit.</strong></span> <span class='ocrx_word' id='word_1_779' title='bbox 2895 3849 2964 3903; x_wconf 76' lang='lat' dir='ltr'><strong>At</strong></span> <span class='ocrx_word' id='word_1_780' title='bbox 2980 3849 3108 3917; x_wconf 86' lang='lat' dir='ltr'><strong>quid</strong></span> <span class='ocrx_word' id='word_1_781' title='bbox 3128 3847 3376 3915; x_wconf 68' lang='lat' dir='ltr'><strong>prmcepit</strong></span> <span class='ocrx_word' id='word_1_782' title='bbox 3396 3843 3418 3894; x_wconf 90' lang='lat'><strong>?</strong></span> <span class='ocrx_word' id='word_1_783' title='bbox 3441 3862 3459 3893; x_wconf 79' lang='grc' dir='ltr'><strong>ι</strong></span> <span class='ocrx_word' id='word_1_784' title='bbox 3482 3840 3624 3892; x_wconf 76' lang='lat' dir='ltr'><strong>Red-</strong></span> 
     </span>
    </p>
   </div>
   <div class='ocr_carea' id='block_1_101' title="bbox 2055 3929 3619 4015">
    <p class='ocr_par' dir='ltr' id='par_1_101' title="bbox 2055 3929 3619 4015">
     <span class='ocr_line' id='line_1_101' title="bbox 2055 3929 3619 4015; baseline -0.015 -13"><span class='ocrx_word' id='word_1_785' title='bbox 2055 3947 2169 4002; x_wconf 88' lang='lat' dir='ltr'><strong>dite</strong></span> <span class='ocrx_word' id='word_1_786' title='bbox 2217 3962 2338 4015; x_wconf 70' lang='lat' dir='ltr'><strong>quaa</strong></span> <span class='ocrx_word' id='word_1_787' title='bbox 2377 3951 2506 3998; x_wconf 82' lang='lat' dir='ltr'><strong>sunt</strong></span> <span class='ocrx_word' id='word_1_788' title='bbox 2554 3943 2812 4006; x_wconf 74' lang='lat' dir='ltr'><strong>Caesaris,</strong></span> <span class='ocrx_word' id='word_1_789' title='bbox 2845 3939 3066 4002; x_wconf 69' lang='lat' dir='ltr'><strong>Caesari,</strong></span> <span class='ocrx_word' id='word_1_790' title='bbox 3118 3945 3174 3992; x_wconf 89' lang='lat' dir='ltr'><strong>et</strong></span> <span class='ocrx_word' id='word_1_791' title='bbox 3195 3952 3314 4006; x_wconf 67' lang='lat' dir='ltr'><strong>quae</strong></span> <span class='ocrx_word' id='word_1_792' title='bbox 3345 3941 3472 3988; x_wconf 89' lang='lat' dir='ltr'><strong>sunt</strong></span> <span class='ocrx_word' id='word_1_793' title='bbox 3505 3929 3619 3990; x_wconf 75' lang='lat' dir='ltr'><strong>Dei,</strong></span> 
     </span>
    </p>
   </div>
   <div class='ocr_carea' id='block_1_102' title="bbox 2055 4019 3626 4102">
    <p class='ocr_par' dir='ltr' id='par_1_102' title="bbox 2055 4019 3626 4102">
     <span class='ocr_line' id='line_1_102' title="bbox 2055 4019 3626 4102; baseline -0.013 -11"><span class='ocrx_word' id='word_1_794' title='bbox 2055 4037 2242 4093; x_wconf 71' lang='lat' dir='ltr'><strong>Deo“.</strong></span> <span class='ocrx_word' id='word_1_795' title='bbox 2265 4056 2284 4088; x_wconf 74' lang='grc' dir='ltr'><strong>ι</strong></span> <span class='ocrx_word' id='word_1_796' title='bbox 2307 4035 2508 4102; x_wconf 86' lang='lat' dir='ltr'><strong>Quare,</strong></span> <span class='ocrx_word' id='word_1_797' title='bbox 2526 4033 2571 4088; x_wconf 89' lang='lat' dir='ltr'><strong>si</strong></span> <span class='ocrx_word' id='word_1_798' title='bbox 2605 4031 2731 4101; x_wconf 91' lang='lat' dir='ltr'><strong>quid</strong></span> <span class='ocrx_word' id='word_1_799' title='bbox 2765 4030 3120 4100; x_wconf 61' lang='lat' dir='ltr'><strong>praeceperint</strong></span> <span class='ocrx_word' id='word_1_800' title='bbox 3140 4036 3325 4083; x_wconf 91' lang='lat' dir='ltr'><strong>contra</strong></span> <span class='ocrx_word' id='word_1_801' title='bbox 3351 4023 3438 4076; x_wconf 84' lang='lat' dir='ltr'><strong>Dei</strong></span> <span class='ocrx_word' id='word_1_802' title='bbox 3477 4019 3626 4074; x_wconf 82' lang='lat' dir='ltr'><strong>ordi-</strong></span> 
     </span>
    </p>
   </div>
   <div class='ocr_carea' id='block_1_103' title="bbox 2057 4115 3626 4194">
    <p class='ocr_par' dir='ltr' id='par_1_103' title="bbox 2057 4115 3626 4194">
     <span class='ocr_line' id='line_1_103' title="bbox 2057 4115 3626 4194; baseline -0.014 -11"><span class='ocrx_word' id='word_1_803' title='bbox 2057 4129 2350 4192; x_wconf 85' lang='lat' dir='ltr'><strong>nationem,</strong></span> <span class='ocrx_word' id='word_1_804' title='bbox 2381 4139 2724 4194; x_wconf 86' lang='lat' dir='ltr'><strong>nequaquam</strong></span> <span class='ocrx_word' id='word_1_805' title='bbox 2750 4123 2828 4178; x_wconf 88' lang='lat' dir='ltr'><strong>eis</strong></span> <span class='ocrx_word' id='word_1_806' title='bbox 2867 4121 3188 4190; x_wconf 85' lang='lat' dir='ltr'><strong>parendum.</strong></span> <span class='ocrx_word' id='word_1_807' title='bbox 3227 4115 3338 4169; x_wconf 89' lang='lat' dir='ltr'><strong>lloc</strong></span> <span class='ocrx_word' id='word_1_808' title='bbox 3367 4122 3542 4168; x_wconf 84' lang='lat' dir='ltr'><strong>autem</strong></span> <span class='ocrx_word' id='word_1_809' title='bbox 3572 4119 3626 4163; x_wconf 87' lang='lat' dir='ltr'><strong>et</strong></span> 
     </span>
    </p>
   </div>
   <div class='ocr_carea' id='block_1_104' title="bbox 2055 4201 3622 4282">
    <p class='ocr_par' dir='ltr' id='par_1_104' title="bbox 2055 4201 3622 4282">
     <span class='ocr_line' id='line_1_104' title="bbox 2055 4201 3622 4282; baseline -0.014 -7"><span class='ocrx_word' id='word_1_810' title='bbox 2055 4219 2307 4275; x_wconf 87' lang='lat' dir='ltr'><strong>Christus</strong></span> <span class='ocrx_word' id='word_1_811' title='bbox 2325 4217 2609 4280; x_wconf 89' lang='lat' dir='ltr'><strong>Dominus,</strong></span> <span class='ocrx_word' id='word_1_812' title='bbox 2635 4201 2688 4270; x_wconf 80' lang='lat' dir='ltr'><strong>et</strong></span> <span class='ocrx_word' id='word_1_813' title='bbox 2701 4213 2819 4282; x_wconf 80' lang='lat' dir='ltr'><strong>ejus</strong></span> <span class='ocrx_word' id='word_1_814' title='bbox 2846 4226 2990 4266; x_wconf 90' lang='lat' dir='ltr'><strong>nunc</strong></span> <span class='ocrx_word' id='word_1_815' title='bbox 3023 4208 3304 4278; x_wconf 85' lang='lat' dir='ltr'><strong>discipulis</strong></span> <span class='ocrx_word' id='word_1_816' title='bbox 3327 4203 3622 4266; x_wconf 83' lang='lat' dir='ltr'><strong>mandavit,</strong></span> 
     </span>
    </p>
   </div>
   <div class='ocr_carea' id='block_1_105' title="bbox 2058 4294 3629 4378">
    <p class='ocr_par' dir='ltr' id='par_1_105' title="bbox 2058 4294 3629 4378">
     <span class='ocr_line' id='line_1_105' title="bbox 2058 4294 3629 4378; baseline -0.014 -12"><span class='ocrx_word' id='word_1_817' title='bbox 2058 4327 2125 4366; x_wconf 88' lang='lat' dir='ltr'><strong>ne</strong></span> <span class='ocrx_word' id='word_1_818' title='bbox 2157 4310 2336 4364; x_wconf 90' lang='lat' dir='ltr'><strong>dicere</strong></span> <span class='ocrx_word' id='word_1_819' title='bbox 2364 4307 2578 4378; x_wconf 86' lang='lat' dir='ltr'><strong>possint</strong></span> <span class='ocrx_word' id='word_1_820' title='bbox 2599 4305 2848 4375; x_wconf 73' lang='lat' dir='ltr'><strong>gentiles,</strong></span> <span class='ocrx_word' id='word_1_821' title='bbox 2867 4302 3030 4358; x_wconf 83' lang='lat' dir='ltr'><strong>everti</strong></span> <span class='ocrx_word' id='word_1_822' title='bbox 3057 4298 3518 4354; x_wconf 85' lang='lat' dir='ltr'><strong>aChristianismo</strong></span> <span class='ocrx_word' id='word_1_823' title='bbox 3547 4294 3629 4345; x_wconf 71' lang='grc' dir='ltr'><strong>νὶ-</strong></span> 
     </span>
    </p>
   </div>
   <div class='ocr_carea' id='block_1_106' title="bbox 2059 4385 3626 4466">
    <p class='ocr_par' dir='ltr' id='par_1_106' title="bbox 2059 4385 3626 4466">
     <span class='ocr_line' id='line_1_106' title="bbox 2059 4385 3626 4466; baseline -0.012 -10"><span class='ocrx_word' id='word_1_824' title='bbox 2059 4413 2165 4456; x_wconf 89' lang='lat' dir='ltr'><strong>tam</strong></span> <span class='ocrx_word' id='word_1_825' title='bbox 2187 4400 2421 4464; x_wconf 87' lang='lat' dir='ltr'><strong>civilem,</strong></span> <span class='ocrx_word' id='word_1_826' title='bbox 2437 4411 2668 4466; x_wconf 89' lang='lat' dir='ltr'><strong>eumque</strong></span> <span class='ocrx_word' id='word_1_827' title='bbox 2700 4411 2820 4452; x_wconf 89' lang='lat' dir='ltr'><strong>esse</strong></span> <span class='ocrx_word' id='word_1_828' title='bbox 2837 4392 3261 4464; x_wconf 79' lang='lat' dir='ltr'><strong>perturbationis</strong></span> <span class='ocrx_word' id='word_1_829' title='bbox 3278 4398 3330 4444; x_wconf 82' lang='lat' dir='ltr'><strong>et</strong></span> <span class='ocrx_word' id='word_1_830' title='bbox 3347 4385 3626 4442; x_wconf 82' lang='lat' dir='ltr'><strong>confusio-</strong></span> 
     </span>
    </p>
   </div>
   <div class='ocr_carea' id='block_1_107' title="bbox 2062 4477 3624 4554">
    <p class='ocr_par' dir='ltr' id='par_1_107' title="bbox 2062 4477 3624 4554">
     <span class='ocr_line' id='line_1_107' title="bbox 2062 4477 3624 4554; baseline -0.012 -10"><span class='ocrx_word' id='word_1_831' title='bbox 2062 4493 2142 4545; x_wconf 87' lang='lat' dir='ltr'><strong>nis</strong></span> <span class='ocrx_word' id='word_1_832' title='bbox 2158 4505 2398 4544; x_wconf 88' lang='lat' dir='ltr'><strong>causam.</strong></span> <span class='ocrx_word' id='word_1_833' title='bbox 2429 4488 2592 4542; x_wconf 87' lang='lat' dir='ltr'><strong>Addit</strong></span> <span class='ocrx_word' id='word_1_834' title='bbox 2621 4501 2769 4552; x_wconf 85' lang='lat' dir='ltr'><strong>vero,</strong></span> <span class='ocrx_word' id='word_1_835' title='bbox 2801 4505 2820 4537; x_wconf 85' lang='grc'><em>‹</em></span> <span class='ocrx_word' id='word_1_836' title='bbox 2850 4487 3080 4554; x_wconf 87' lang='lat' dir='ltr'><strong>Propter</strong></span> <span class='ocrx_word' id='word_1_837' title='bbox 3111 4482 3299 4545; x_wconf 82' lang='lat' dir='ltr'><strong>Deum,</strong></span> <span class='ocrx_word' id='word_1_838' title='bbox 3327 4499 3343 4530; x_wconf 78' lang='grc' dir='ltr'><strong>ι</strong></span> <span class='ocrx_word' id='word_1_839' title='bbox 3388 4477 3624 4532; x_wconf 87' lang='lat' dir='ltr'><strong>tidelium</strong></span> 
     </span>
    </p>
   </div>
   <div class='ocr_carea' id='block_1_108' title="bbox 2061 4567 3623 4652">
    <p class='ocr_par' dir='ltr' id='par_1_108' title="bbox 2061 4567 3623 4652">
     <span class='ocr_line' id='line_1_108' title="bbox 2061 4567 3623 4652; baseline -0.01 -18"><span class='ocrx_word' id='word_1_840' title='bbox 2061 4583 2254 4652; x_wconf 76' lang='lat' dir='ltr'><strong>gratia.</strong></span> <span class='ocrx_word' id='word_1_841' title='bbox 2293 4579 2620 4634; x_wconf 77' lang='lat' dir='ltr'><strong>Verosimile</strong></span> <span class='ocrx_word' id='word_1_842' title='bbox 2683 4592 2918 4644; x_wconf 87' lang='lat' dir='ltr'><strong>namque</strong></span> <span class='ocrx_word' id='word_1_843' title='bbox 2948 4583 3050 4637; x_wconf 90' lang='lat' dir='ltr'><strong>est,</strong></span> <span class='ocrx_word' id='word_1_844' title='bbox 3079 4567 3300 4643; x_wconf 80' lang='lat' dir='ltr'><strong>aliquos</strong></span> <span class='ocrx_word' id='word_1_845' title='bbox 3341 4571 3623 4624; x_wconf 76' lang='lat' dir='ltr'><strong>dicruros:</strong></span> 
     </span>
    </p>
   </div>
   <div class='ocr_carea' id='block_1_109' title="bbox 2064 4663 3627 4741">
    <p class='ocr_par' dir='ltr' id='par_1_109' title="bbox 2064 4663 3627 4741">
     <span class='ocr_line' id='line_1_109' title="bbox 2064 4663 3627 4741; baseline -0.01 -11"><span class='ocrx_word' id='word_1_846' title='bbox 2064 4675 2197 4730; x_wconf 83' lang='lat' dir='ltr'><strong>Cum</strong></span> <span class='ocrx_word' id='word_1_847' title='bbox 2223 4686 2322 4727; x_wconf 91' lang='lat' dir='ltr'><strong>nos</strong></span> <span class='ocrx_word' id='word_1_848' title='bbox 2339 4686 2505 4741; x_wconf 82' lang='lat' dir='ltr'><strong>regno</strong></span> <span class='ocrx_word' id='word_1_849' title='bbox 2527 4670 2788 4725; x_wconf 81' lang='lat' dir='ltr'><strong>caelorum</strong></span> <span class='ocrx_word' id='word_1_850' title='bbox 2815 4669 3006 4738; x_wconf 81' lang='lat' dir='ltr'><strong>dignos</strong></span> <span class='ocrx_word' id='word_1_851' title='bbox 3029 4663 3627 4736; x_wconf 72' lang='lat' dir='ltr'><strong>reputaverit,adeoque</strong></span> 
     </span>
    </p>
   </div>
   <div class='ocr_carea' id='block_1_110' title="bbox 2066 4759 3628 4831">
    <p class='ocr_par' dir='ltr' id='par_1_110' title="bbox 2066 4759 3628 4831">
     <span class='ocr_line' id='line_1_110' title="bbox 2066 4759 3628 4831; baseline -0.008 -12"><span class='ocrx_word' id='word_1_852' title='bbox 2066 4779 2293 4819; x_wconf 66' lang='lat' dir='ltr'><strong>summm</strong></span> <span class='ocrx_word' id='word_1_853' title='bbox 2325 4762 2608 4831; x_wconf 78' lang='lat' dir='ltr'><strong>dignitatis</strong></span> <span class='ocrx_word' id='word_1_854' title='bbox 2645 4777 2746 4816; x_wconf 90' lang='lat' dir='ltr'><strong>nos</strong></span> <span class='ocrx_word' id='word_1_855' title='bbox 2777 4775 2902 4816; x_wconf 87' lang='lat' dir='ltr'><strong>esse</strong></span> <span class='ocrx_word' id='word_1_856' title='bbox 2933 4759 3230 4822; x_wconf 87' lang='lat' dir='ltr'><strong>censuerit,</strong></span> <span class='ocrx_word' id='word_1_857' title='bbox 3290 4770 3388 4810; x_wconf 90' lang='lat' dir='ltr'><strong>cur</strong></span> <span class='ocrx_word' id='word_1_858' title='bbox 3435 4767 3628 4806; x_wconf 81' lang='lat' dir='ltr'><strong>rursus</strong></span> 
     </span>
    </p>
   </div>
   <div class='ocr_carea' id='block_1_111' title="bbox 2067 4842 3630 4922">
    <p class='ocr_par' dir='ltr' id='par_1_111' title="bbox 2067 4842 3630 4922">
     <span class='ocr_line' id='line_1_111' title="bbox 2067 4842 3630 4922; baseline -0.009 -14"><span class='ocrx_word' id='word_1_859' title='bbox 2067 4870 2166 4909; x_wconf 89' lang='lat' dir='ltr'><strong>uos</strong></span> <span class='ocrx_word' id='word_1_860' title='bbox 2196 4852 2470 4922; x_wconf 85' lang='lat' dir='ltr'><strong>deprimit,</strong></span> <span class='ocrx_word' id='word_1_861' title='bbox 2490 4853 2720 4906; x_wconf 88' lang='lat' dir='ltr'><strong>terrenis</strong></span> <span class='ocrx_word' id='word_1_862' title='bbox 2752 4851 3152 4921; x_wconf 74' lang='lat' dir='ltr'><strong>magistratibus</strong></span> <span class='ocrx_word' id='word_1_863' title='bbox 3176 4864 3274 4902; x_wconf 89' lang='lat' dir='ltr'><strong>nos</strong></span> <span class='ocrx_word' id='word_1_864' title='bbox 3311 4842 3630 4914; x_wconf 85' lang='lat' dir='ltr'><strong>subjiciens?</strong></span> 
     </span>
    </p>
   </div>
   <div class='ocr_carea' id='block_1_112' title="bbox 2073 4937 3626 5015">
    <p class='ocr_par' dir='ltr' id='par_1_112' title="bbox 2073 4937 3626 5015">
     <span class='ocr_line' id='line_1_112' title="bbox 2073 4937 3626 5015; baseline -0.01 -15"><span class='ocrx_word' id='word_1_865' title='bbox 2073 4945 2130 5000; x_wconf 89' lang='lat' dir='ltr'><strong>Si</strong></span> <span class='ocrx_word' id='word_1_866' title='bbox 2172 4945 2296 5015; x_wconf 88' lang='lat' dir='ltr'><strong>quis</strong></span> <span class='ocrx_word' id='word_1_867' title='bbox 2325 4944 2490 5014; x_wconf 74' lang='lat' dir='ltr'><strong>igitur</strong></span> <span class='ocrx_word' id='word_1_868' title='bbox 2523 4946 2636 4998; x_wconf 64' lang='lat' dir='ltr'><strong>haec</strong></span> <span class='ocrx_word' id='word_1_869' title='bbox 2669 4943 2888 5004; x_wconf 82' lang='lat' dir='ltr'><strong>dixerit,</strong></span> <span class='ocrx_word' id='word_1_870' title='bbox 2915 4944 3076 5004; x_wconf 83' lang='lat' dir='ltr'><strong>sciat,</strong></span> <span class='ocrx_word' id='word_1_871' title='bbox 3106 4940 3306 5010; x_wconf 86' lang='lat' dir='ltr'><strong>inquit,</strong></span> <span class='ocrx_word' id='word_1_872' title='bbox 3337 4937 3479 4992; x_wconf 89' lang='lat' dir='ltr'><strong>istud</strong></span> <span class='ocrx_word' id='word_1_873' title='bbox 3523 4949 3626 4986; x_wconf 89' lang='lat' dir='ltr'><strong>non</strong></span> 
     </span>
    </p>
   </div>
   <div class='ocr_carea' id='block_1_113' title="bbox 2072 5025 3626 5106">
    <p class='ocr_par' dir='ltr' id='par_1_113' title="bbox 2072 5025 3626 5106">
     <span class='ocr_line' id='line_1_113' title="bbox 2072 5025 3626 5106; baseline -0.01 -15"><span class='ocrx_word' id='word_1_874' title='bbox 2072 5053 2248 5093; x_wconf 87' lang='lat' dir='ltr'><strong>meum</strong></span> <span class='ocrx_word' id='word_1_875' title='bbox 2282 5052 2406 5092; x_wconf 88' lang='lat' dir='ltr'><strong>esse</strong></span> <span class='ocrx_word' id='word_1_876' title='bbox 2438 5044 2788 5106; x_wconf 84' lang='lat' dir='ltr'><strong>praeceptum,</strong></span> <span class='ocrx_word' id='word_1_877' title='bbox 2827 5035 2919 5090; x_wconf 91' lang='lat' dir='ltr'><strong>sed</strong></span> <span class='ocrx_word' id='word_1_878' title='bbox 2967 5033 3202 5088; x_wconf 89' lang='lat' dir='ltr'><strong>Domini.</strong></span> <span class='ocrx_word' id='word_1_879' title='bbox 3236 5031 3502 5085; x_wconf 69' lang='lat' dir='ltr'><strong>Caetermn</strong></span> <span class='ocrx_word' id='word_1_880' title='bbox 3533 5025 3626 5078; x_wconf 87' lang='lat' dir='ltr'><strong>de-</strong></span> 
     </span>
    </p>
   </div>
   <div class='ocr_carea' id='block_1_114' title="bbox 2068 5113 3627 5196">
    <p class='ocr_par' dir='ltr' id='par_1_114' title="bbox 2068 5113 3627 5196">
     <span class='ocr_line' id='line_1_114' title="bbox 2068 5113 3627 5196; baseline -0.009 -15"><span class='ocrx_word' id='word_1_881' title='bbox 2068 5126 2430 5196; x_wconf 87' lang='lat' dir='ltr'><strong>claravitipse</strong></span> <span class='ocrx_word' id='word_1_882' title='bbox 2471 5124 2686 5190; x_wconf 87' lang='lat' dir='ltr'><strong>Petrus,</strong></span> <span class='ocrx_word' id='word_1_883' title='bbox 2719 5125 3022 5194; x_wconf 85' lang='lat' dir='ltr'><strong>cujusmodi</strong></span> <span class='ocrx_word' id='word_1_884' title='bbox 3071 5119 3406 5193; x_wconf 81' lang='lat' dir='ltr'><strong>principibus</strong></span> <span class='ocrx_word' id='word_1_885' title='bbox 3441 5113 3627 5183; x_wconf 59' lang='lat' dir='ltr'><strong>subjeo</strong></span> 
     </span>
    </p>
   </div>
   <div class='ocr_carea' id='block_1_115' title="bbox 2069 5208 3622 5286">
    <p class='ocr_par' dir='ltr' id='par_1_115' title="bbox 2069 5208 3622 5286">
     <span class='ocr_line' id='line_1_115' title="bbox 2069 5208 3622 5286; baseline -0.011 -13"><span class='ocrx_word' id='word_1_886' title='bbox 2069 5227 2190 5273; x_wconf 90' lang='lat' dir='ltr'><strong>ctos</strong></span> <span class='ocrx_word' id='word_1_887' title='bbox 2215 5233 2316 5271; x_wconf 90' lang='lat' dir='ltr'><strong>nos</strong></span> <span class='ocrx_word' id='word_1_888' title='bbox 2345 5232 2466 5271; x_wconf 88' lang='lat' dir='ltr'><strong>esse</strong></span> <span class='ocrx_word' id='word_1_889' title='bbox 2492 5227 2758 5286; x_wconf 87' lang='lat' dir='ltr'><strong>oporteat,</strong></span> <span class='ocrx_word' id='word_1_890' title='bbox 2795 5231 2986 5286; x_wconf 89' lang='lat' dir='ltr'><strong>nempe</strong></span> <span class='ocrx_word' id='word_1_891' title='bbox 3008 5215 3096 5274; x_wconf 88' lang='lat' dir='ltr'><strong>iis,</strong></span> <span class='ocrx_word' id='word_1_892' title='bbox 3133 5213 3224 5279; x_wconf 86' lang='lat' dir='ltr'><strong>qui</strong></span> <span class='ocrx_word' id='word_1_893' title='bbox 3248 5209 3389 5279; x_wconf 88' lang='lat' dir='ltr'><strong>quod</strong></span> <span class='ocrx_word' id='word_1_894' title='bbox 3416 5208 3622 5276; x_wconf 86' lang='lat' dir='ltr'><strong>justum</strong></span> 
     </span>
    </p>
   </div>
   <div class='ocr_carea' id='block_1_116' title="bbox 2063 5307 3626 5379">
    <p class='ocr_par' dir='ltr' id='par_1_116' title="bbox 2063 5307 3626 5379">
     <span class='ocr_line' id='line_1_116' title="bbox 2063 5307 3626 5379; baseline -0.009 -13"><span class='ocrx_word' id='word_1_895' title='bbox 2063 5321 2167 5376; x_wconf 80' lang='lat' dir='ltr'><strong>est,</strong></span> <span class='ocrx_word' id='word_1_896' title='bbox 2215 5309 2578 5379; x_wconf 79' lang='lat' dir='ltr'><strong>praecipiunt:</strong></span> <span class='ocrx_word' id='word_1_897' title='bbox 2632 5309 2856 5378; x_wconf 86' lang='lat' dir='ltr'><strong>subjicit</strong></span> <span class='ocrx_word' id='word_1_898' title='bbox 2925 5307 3070 5361; x_wconf 85' lang='lat' dir='ltr'><strong>enim</strong></span> <span class='ocrx_word' id='word_1_899' title='bbox 3137 5315 3376 5362; x_wconf 87' lang='lat' dir='ltr'><strong>causam,</strong></span> <span class='ocrx_word' id='word_1_900' title='bbox 3435 5311 3626 5366; x_wconf 74' lang='lat' dir='ltr'><strong>tzempo</strong></span> 
     </span>
    </p>
   </div>
   <div class='ocr_carea' id='block_1_117' title="bbox 2065 5389 3624 5470">
    <p class='ocr_par' dir='ltr' id='par_1_117' title="bbox 2065 5389 3624 5470">
     <span class='ocr_line' id='line_1_117' title="bbox 2065 5389 3624 5470; baseline -0.007 -18"><span class='ocrx_word' id='word_1_901' title='bbox 2065 5402 2209 5470; x_wconf 81' lang='lat' dir='ltr'><strong>quod</strong></span> <span class='ocrx_word' id='word_1_902' title='bbox 2250 5401 2364 5455; x_wconf 56' lang='lat' dir='ltr'><strong>haec</strong></span> <span class='ocrx_word' id='word_1_903' title='bbox 2405 5401 2475 5454; x_wconf 89' lang='lat' dir='ltr'><strong>sit</strong></span> <span class='ocrx_word' id='word_1_904' title='bbox 2511 5401 2762 5454; x_wconf 89' lang='lat' dir='ltr'><strong>voluntas</strong></span> <span class='ocrx_word' id='word_1_905' title='bbox 2795 5398 2908 5462; x_wconf 90' lang='lat' dir='ltr'><strong>Dei,</strong></span> <span class='ocrx_word' id='word_1_906' title='bbox 2941 5403 2995 5449; x_wconf 89' lang='lat' dir='ltr'><strong>et</strong></span> <span class='ocrx_word' id='word_1_907' title='bbox 3023 5391 3168 5464; x_wconf 85' lang='lat' dir='ltr'><strong>quod</strong></span> <span class='ocrx_word' id='word_1_908' title='bbox 3203 5389 3468 5460; x_wconf 85' lang='lat' dir='ltr'><strong>subjectio</strong></span> <span class='ocrx_word' id='word_1_909' title='bbox 3497 5401 3624 5458; x_wconf 78' lang='lat' dir='ltr'><strong>erga</strong></span> 
     </span>
    </p>
   </div>
   <div class='ocr_carea' id='block_1_118' title="bbox 2065 5487 3623 5563">
    <p class='ocr_par' dir='ltr' id='par_1_118' title="bbox 2065 5487 3623 5563">
     <span class='ocr_line' id='line_1_118' title="bbox 2065 5487 3623 5563; baseline -0.012 -17"><span class='ocrx_word' id='word_1_910' title='bbox 2065 5493 2340 5563; x_wconf 86' lang='lat' dir='ltr'><strong>principes</strong></span> <span class='ocrx_word' id='word_1_911' title='bbox 2391 5493 2464 5547; x_wconf 87' lang='lat' dir='ltr'><strong>sit</strong></span> <span class='ocrx_word' id='word_1_912' title='bbox 2519 5499 2721 5546; x_wconf 72' lang='lat' dir='ltr'><strong>nosti-te</strong></span> <span class='ocrx_word' id='word_1_913' title='bbox 2768 5487 3058 5558; x_wconf 89' lang='lat' dir='ltr'><strong>probitatis</strong></span> <span class='ocrx_word' id='word_1_914' title='bbox 3119 5489 3516 5554; x_wconf 78' lang='lat' dir='ltr'><strong>argumentum.</strong></span> <span class='ocrx_word' id='word_1_915' title='bbox 3571 5487 3623 5529; x_wconf 88' lang='lat' dir='ltr'><strong>et</strong></span> 
     </span>
    </p>
   </div>
   <div class='ocr_carea' id='block_1_119' title="bbox 2067 5575 3618 5654">
    <p class='ocr_par' dir='ltr' id='par_1_119' title="bbox 2067 5575 3618 5654">
     <span class='ocr_line' id='line_1_119' title="bbox 2067 5575 3618 5654; baseline -0.009 -19"><span class='ocrx_word' id='word_1_916' title='bbox 2067 5593 2324 5652; x_wconf 69' lang='lat' dir='ltr'><strong>prmterea</strong></span> <span class='ocrx_word' id='word_1_917' title='bbox 2355 5583 2498 5654; x_wconf 89' lang='lat' dir='ltr'><strong>quod</strong></span> <span class='ocrx_word' id='word_1_918' title='bbox 2533 5580 2778 5637; x_wconf 80' lang='lat' dir='ltr'><strong>inﬁdeles</strong></span> <span class='ocrx_word' id='word_1_919' title='bbox 2809 5577 3005 5635; x_wconf 81' lang='lat' dir='ltr'><strong>exinde</strong></span> <span class='ocrx_word' id='word_1_920' title='bbox 3034 5575 3438 5634; x_wconf 78' lang='lat' dir='ltr'><strong>confundantur</strong></span> <span class='ocrx_word' id='word_1_921' title='bbox 3461 5589 3473 5620; x_wconf 87' lang='lat'><strong>:</strong></span> <span class='ocrx_word' id='word_1_922' title='bbox 3497 5585 3618 5625; x_wconf 92' lang='lat' dir='ltr'><strong>cum</strong></span> 
     </span>
    </p>
   </div>
   <div class='ocr_carea' id='block_1_120' title="bbox 1663 5757 2238 5819">
    <p class='ocr_par' dir='ltr' id='par_1_120' title="bbox 1663 5757 2238 5819">
     <span class='ocr_line' id='line_1_120' title="bbox 1663 5757 2238 5819; baseline -0.002 -8"><span class='ocrx_word' id='word_1_923' title='bbox 1663 5759 1708 5793; x_wconf 68' lang='grc'><strong>³⁵</strong></span> <span class='ocrx_word' id='word_1_924' title='bbox 1737 5757 1922 5812; x_wconf 81' lang='lat' dir='ltr'><strong>Matth.</strong></span> <span class='ocrx_word' id='word_1_925' title='bbox 1985 5770 2114 5819; x_wconf 82' lang='lat' dir='ltr'><strong>xxu,</strong></span> <span class='ocrx_word' id='word_1_926' title='bbox 2147 5757 2238 5810; x_wconf 69' lang='lat'><strong>2|.</strong></span> 
     </span>
    </p>
   </div>
  </div>
