4020 6214
447 392 585 456 1215

1364 377 1943 442 THEOPHYLACTI
1970 375 2382 437 BULGARIE
2408 376 2767 438 ARCHIEP.

3555 366 3699 435 i2l6.

450 515 684 569 namque
711 499 777 551 de
813 494 967 549 nobis
1003 493 1162 564 quasi
1211 492 1460 562 superbis
1525 499 1580 544 ct
1624 489 2008 558 arrogantibus
2037 526 2043 538 ι

2145 485 2366 545 αλῶσιν.
2403 485 2635 555 ὁρῶντες
2671 487 2817 556 ἡμᾶς
2884 484 2978 538 καὶ
3022 483 3309 546 ταπεινοὺς
3358 483 3454 536 καὶ
3503 483 3686 555 πειθη.

455 592 846 659 obloquautur,
890 587 937 641 si
993 585 1045 638 in
1099 585 1191 647 iis,
1238 600 1360 653 quae
1397 584 1613 647 decent,
1667 580 1926 642 humiles,
1966 586 2020 633 ct

2145 579 2267 642 >ίους
2296 580 2354 631 ἐν
2386 575 2467 643 οἷς
2497 579 2605 642 δεῖ,
2633 577 2833 648 μᾶλλον
2865 576 3336 649 καταισχύνονται.

451 685 817 751 obsequentes
860 691 960 732 nas
1010 676 1267 741 viderint,
1313 674 1559 745 profecto
1582 688 1651 729 eo
1684 671 1857 741 magis
1888 685 2021 726 con-

455 771 756 827 fundeutur
778 778 834 824 et
856 770 1203 823 erubescent.

530 863 693 919 Vsus.
730 862 818 917 16.
852 881 871 912 ι
918 862 1089 927 Quasi
1120 860 1298 925 liberi,
1329 867 1383 914 et
1429 874 1538 913 non
1578 857 1736 927 quasi
1767 857 2028 915 velamen

456 957 720 1011 habentes
750 954 976 1009 malitize
1006 954 1338 1009 libertatem.
1366 973 1386 1006 ι
1419 951 1601 1007 Series
1635 951 1903 1006 orationis
1945 959 2030 1005 est

455 1044 770 1112 huiusmodi
799 1062 812 1097 :
854 1062 873 1095 ι
902 1043 1143 1111 Subjecti
1175 1052 1350 1099 estote
1389 1043 1545 1112 quasi
1575 1041 1744 1112 363
1770 1040 1946 1104 liberi,
1975 1048 2030 1094 et

460 1154 568 1192 non
629 1136 786 1205 quasi
822 1136 1066 1191 velamen
1104 1135 1371 1190 habentes
1420 1134 1643 1188 malitiae
1695 1133 2027 1195 libertatem,

459 1227 554 1283 sed
602 1227 747 1283 sicut
799 1227 944 1281 servi
988 1226 1101 1281 Dei.
1141 1246 1163 1276 ι
1204 1226 1321 1279 Non
1372 1227 1548 1280 solum
1588 1224 1883 1294 principes,
1936 1221 2030 1276 sed

461 1320 627 1373 etiam
661 1337 680 1370 ι
719 1333 912 1374 omnes
941 1318 1224 1380 honorate,
1263 1316 1659 1371 fraternitatem
1694 1315 1914 1385 quidem
1945 1313 2033 1367 di-

466 1410 718 1479 ligentes,
781 1408 952 1463 Deum
988 1422 1119 1462 vero
1157 1408 1432 1472 timentes,
1475 1421 1659 1477 regem
1702 1414 1882 1461 autem
1940 1403 2037 1458 ho-

467 1499 839 1555 norilicanles.
888 1518 909 1551 ι
962 1501 1138 1555 Porro
1202 1500 1359 1564 illud,
1427 1518 1446 1550 ι
1487 1499 1656 1564 Quasi
1703 1497 1862 1551 liberi
1902 1514 1919 1547 ι
1963 1496 2037 1550 ita

468 1590 765 1658 explicavit
810 1590 899 1646 Jo.
924 1591 1348 1662 Chrysostomus
1371 1607 1389 1645 :
1414 1609 1433 1641 ι
1466 1589 1544 1644 Ne
1573 1590 1844 1649 dicerent,
1877 1587 2044 1641 Libe-

472 1683 580 1737 rati
625 1697 816 1737 sumus
848 1698 877 1736 a
921 1684 1146 1749 mundo,
1192 1684 1316 1738 cmli
1350 1683 1499 1737 cives
1540 1682 1666 1737 facti
1722 1696 1932 1744 sumus,
1987 1685 2043 1732 et

474 1777 533 1822 tu
574 1769 915 1839 principibus
943 1770 1109 1838 hujus
1149 1771 1336 1824 mundi
1361 1771 1540 1827 denuo
1576 1786 1677 1826 nos
1712 1770 1959 1835 subjicis,
1991 1777 2044 1821 et

473 1859 681 1917 eisdem
723 1876 917 1930 parere
954 1861 1205 1930 praecipis
1225 1862 1253 1913 ?‘
1298 1863 1400 1915 hac
1433 1863 1501 1918 de
1554 1878 1742 1925 causa,
1787 1860 2041 1925 Obedite,

478 1950 953 2020 inquit,tauquam
981 1950 1163 2006 liberi.
1217 1953 1320 2005 hoc
1346 1959 1450 2016 est,
1479 1952 1627 2006 velut
1657 1953 1704 2005 ei
1736 1951 2044 2015 credentes,

478 2041 573 2110 qui
623 2056 720 2096 vos
762 2040 1034 2104 liberavit,
1085 2051 1141 2097 et
1192 2042 1294 2096 hoc
1348 2041 1529 2098 facere
1589 2041 1886 2098 mandavit.
1935 2041 2048 2098 liae

480 2129 627 2184 enim
660 2129 869 2184 ratione
914 2129 1339 2199 haudquaquam
1373 2129 1687 2185 videbimini
1718 2130 1772 2183 in
1810 2129 2049 2196 malitia,

409 2276 418 2284 ,
482 2232 580 2274 seu
612 2219 1019 2284 inobedientire,
1067 2229 1122 2275 et
1163 2221 1522 2275 contumaciae
1550 2220 1820 2283 velamen,
1848 2220 2052 2275 habere

482 2308 818 2375 libertatem;
842 2319 903 2365 ut
920 2310 1333 2380 contingeret,si
1359 2309 1523 2378 huius
1552 2317 1812 2378 praetextu
1830 2308 2056 2365 obedire

485 2399 812 2453 renueretis.
863 2418 882 2451 ι
934 2398 1097 2453 Juxta
1155 2400 1316 2453 aliam
1383 2400 1878 2456 considerationem
1941 2398 2053 2453 dici

487 2497 687 2556 potest,
726 2491 956 2563 liberum
985 2506 1109 2547 esse
1128 2491 1287 2559 juxta
1319 2492 1632 2555 Dominum,
1670 2493 1764 2561 qui
1810 2491 1946 2545 nulli
1976 2489 2054 2545 rei

490 2581 743 2636 absurdae
774 2582 1119 2652 obsequitur.
1151 2581 1421 2649 Quoniam
1473 2582 1644 2651 igitur
1679 2580 1936 2636 simulate
1966 2580 2050 2634 vi-

490 2686 619 2726 vere
672 2687 762 2728 res
814 2688 921 2727 non
984 2680 1071 2729 est
1138 2673 1319 2739 liberi,
1367 2674 1460 2728 sed
1532 2671 1674 2742 ejus,
1731 2673 1826 2742 qui
1878 2671 2059 2741 pravis

492 2768 781 2826 allectibus
842 2770 1096 2826 subditus
1156 2776 1265 2836 est,
1314 2770 1418 2825 hoc
1455 2778 1638 2825 autem
1696 2777 1782 2825 est
1841 2784 1871 2822 a
1927 2767 2057 2833 Deo,

492 2862 779 2932 servisque
838 2861 956 2930 ejus
1011 2863 1303 2926 alienum°r
1333 2862 1543 2916 idcirco
1588 2876 1737 2916 nunc
1789 2860 2058 2931 praecipit,

2209 891 2227 921 ι
2273 870 2363 931 Ὦς
2391 866 2689 938 ἐλεύθεροι,
2716 868 2812 920 καὶ
2864 869 2937 936 μὴ
2989 867 3062 929 ti);
3093 868 3454 937 ἐπικάλυμμα
3493 868 3707 937 ἔχοντες·

2127 963 2227 1031 τῆς
2291 959 2491 1021 κακίας
2546 958 2645 1028 τὴν
2699 957 3034 1027 ἐλευθερίαν.
3107 977 3127 1009 ι
3174 959 3249 1013 Τὸ
3305 960 3435 1025 ἑξῆς
3499 960 3697 1021 οὕτως.

2136 1071 2153 1103 ι
2201 1050 2539 1119 Ὑποτάγητε
2562 1048 2639 1111 ὡς
2661 1048 2954 1116 ἐλεύθεροι,
3004 1048 3100 1101 καὶ
3128 1048 3201 1117 μὴ
3231 1049 3309 1113 ὡς
3351 1049 3713 1117 ἐπικάλυμμα

2134 1144 2345 1213 ἔχοντες
2380 1143 2479 1210 τῆς
2515 1142 2709 1202 κακίας
2762 1139 2859 1210 τὴν
2905 1139 3238 1207 ἐλευθερίαν,
3286 1139 3422 1192 ἀλλά
3480 1140 3576 1192 καὶ
3633 1140 3705 1203 ὡς

2133 1233 2307 1288 δοῦλοι
2336 1232 2494 1289 Θεοῦ.
2536 1251 2555 1283 ι
2586 1230 2678 1299 Μὴ
2713 1229 2872 1300 μόνον
2902 1229 3186 1298 ἄρχοντας,
3232 1228 3368 1281 ἀλλὰ
3399 1230 3493 1281 καὶ
3527 1249 3546 1280 ι
3582 1229 3705 1283 πάν-

2136 1340 2235 1383 τας
2270 1322 2558 1391 τιμήσατε,
2600 1318 2699 1388 τὴν
2727 1317 3063 1387 ἀδελφότητα
3117 1317 3215 1386 μὲν
3249 1318 3595 1384 ἀγαπῶντες,
3624 1319 3717 1371 τὸν.

2137 1412 2195 1466 δέ
2224 1411 2355 1465 Θεὸν
2396 1409 2739 1478 φοϐούμενοι,
2767 1409 2859 1462 τὸν
2898 1408 3121 1478 βασιλέα
3149 1409 3435 1479 τιμῶντες.
3482 1428 3502 1462 ι
3540 1411 3614 1463 Τὸ
3634 1411 3704 1466 δέ.

2146 1521 2165 1554 ι
2200 1502 2287 1564 Ὠς
2311 1499 2601 1568 ἐλεύθεροι,
2637 1518 2657 1550 ι
2684 1501 2712 1552 ὁ
2741 1499 2839 1568 μὲν
2859 1500 3243 1569 Χρυσόστομος
3274 1499 3528 1567 Ἰωάννης
3550 1498 3706 1560 οὕτως

2142 1591 2471 1659 ἀνέπτυξεν,
2492 1590 2680 1654 εἰπὼν,
2731 1590 2813 1643 ὄτι
2849 1607 2869 1641 ι
2905 1591 3023 1643 Ἵνα
3055 1590 3130 1661 μὴ
3157 1591 3417 1658 λέγωσιν’
3473 1591 3721 1645 Ἠλευθε-.

2148 1682 2399 1754 ρώθημεν
2428 1681 2535 1734 ἀπὸ
2563 1679 2657 1734 τοῦ
2687 1680 2913 1749 κόσμου,
2946 1681 3357 1750 οὐρανοπολῖται
3396 1683 3707 1752 γεγόναμεν,

2074 1822 2119 1876 Β
2146 1774 2240 1827 καὶ
2269 1772 2335 1826 σὺ
2392 1771 2552 1827 πάλιν
2605 1772 2932 1834 ὑποτάσσεις
2965 1773 3112 1876 ἡμας
3166 1775 3278 1836 τοῖς
3319 1773 3567 1847 ἄρχουσι,
3622 1775 3709 1825 καὶ

2148 1864 2449 1920 ὑπακούειν
2479 1863 2750 1929 κελεύειςς
2794 1862 2986 1917 τούτου
3015 1859 3109 1917 οῦν
3133 1865 3294 1934 χάριν
3325 1867 3491 1934 φησίν
3519 1878 3535 1894 ⁸
3581 1865 3708 1917 Ὕπ-

2147 1956 2374 2012 ακούετε
2418 1955 2494 2018 ὡς
2527 1953 2822 2026 ἐλεύθεροι,
2847 1952 3004 2007 τοῦτ’·
3022 1953 3189 2019 ἐστιν,
3217 1955 3295 2018 ὡς
3338 1954 3724 2017 πιστεύσαντες-

2146 2047 2226 2117 τῷ
2253 2045 2676 2116 ἐλευθερώσαντι
2706 2045 2799 2099 καὶ
2833 2045 3196 2116 προστάξαντι
3227 2044 3380 2099 τοῦτο
3404 2047 3596 2101 ποιεῖν.
3621 2045 3716 2099 Οὖ-

2149 2156 2225 2192 τω
2273 2138 2381 2208 γὰρ
2408 2138 2472 2191 οὑ
2509 2137 2686 2203 δόξετε
2716 2137 2816 2206 τῆς
2863 2136 3007 2190 κατά
3034 2136 3259 2207 γνώμην
3305 2138 3524 2200 κακίας,
3586 2139 3717 2190 τοῦτ’

2151 2231 2268 2285 ἔστι
2306 2230 2401 2283 τοῦ
2446 2228 2705 2292 ἀπειθοῦς
2735 2228 2830 2282 καὶ
2872 2228 3128 2295 ἀνηκόου,
3187 2228 3331 2299 ἔχειν
3359 2229 3731 2299 προκάλυμμα.

2152 2320 2252 2391 τὴν
2310 2318 2645 2389 ἐλευθερίαν,
2686 2318 2754 2372 δι’
2822 2312 2891 2389 ἧς
2946 2318 3229 2373 ἀναίνεσθε
3282 2319 3380 2388 τὴν
3411 2319 3671 2385 ὑπακοήν.
3698 2337 3729 2369 ι.

2158 2413 2313 2465 Ἐστι
2380 2410 2437 2464 δὲ
2507 2411 2601 2464 καὶ
2633 2409 2758 2464 καθ’
2797 2409 2990 2480 ἑτέραν
3033 2409 3289 2480 ἐπιϐολὴν
3337 2411 3485 2480 ἐρεῖν
3530 2426 3583 2462 τι
3609 2409 3725 2477 περὶ

2156 2504 2348 2558 αὑτοῦ*
2397 2501 2713 2571 Ἐλεύθερός
2744 2502 2861 2555 ἐστι
2909 2501 3054 2555 κατά
3107 2501 3312 2572 Κύριον
3344 2502 3374 2554 ό
3410 2499 3598 2571 μηδενὶ
3626 2498 3739 2552 τῶν,

2158 2596 2374 2650 ἀτόπων
2402 2593 2669 2649 ὑπείκων.
2710 2593 2866 2646 Ἐπεὶ
2884 2593 3066 2647 τοίνυν
3098 2592 3157 2646 τὸ
3190 2595 3248 2646 ἐν
3289 2592 3575 2661 ὑποκρίσει
3619 2590 3719 2643 δια-

2159 2685 2331 2749 ϐιοῦν,
2380 2687 2483 2740 οὑκ
2530 2683 2837 2755 ἐλευθέρου,
2877 2683 3017 2738 ἀλλά
3075 2683 3304 2737 πάθεσιν
3357 2682 3726 2751 ὑποκειμένου.

2159 2778 2277 2847 ἦτοι
2305 2776 2615 2846 ἀρεσκείας,
2658 2773 2699 2845 ἢν
2729 2775 2823 2827 καὶ
2852 2773 3018 2843 ἄλλης
3062 2773 3297 2842 αἰσχρᾶς
3332 2772 3556 2841 ἡδονῆςο
3594 2769 3729 2835 ξένον

2159 2862 2217 2915 δὲ
2266 2860 2442 2923 τοῦτο,
2501 2860 2594 2913 καὶ
2646 2860 2785 2914 Θεοῦ
2821 2860 3169 2930 θεραπόντων
3215 2859 3529 2930 ἀλλότριον
3576 2874 3730 2929 προσ-

496 2960 556 3005 ιιι
588 2952 729 3009 bono
760 2967 825 3009 ac
853 2957 1070 3010 sincero
1118 2954 1303 3008 animo
1347 2954 1691 3023 principibus
1720 2952 1956 3021 subjecti
1984 2952 2043 3008 sit

2160 2951 2345 3005 τάττει
2377 2948 2471 3005 νῦν
2509 2950 2608 3019 τὴν
2643 2949 2923 3021 ὑποταγὴν
2951 2951 3064 3013 τοῖς
3123 2950 3385 3018 ἄρχουσιν
3430 2949 3503 3014 ἐξ·
3538 2945 3741 3015 ἀγαθοῦΔ

495 3058 619 3098 mus
636 3082 653 3108 ,
686 3059 751 3098 ac
773 3058 905 3109 non,
926 3044 1075 3109 male,
1098 3059 1225 3114 erga
1247 3045 1370 3099 illos
1400 3043 1602 3108 aﬂ'ecti,
1624 3042 1789 3099 veluti
1818 3048 2043 3098 coactau

2164 3042 2257 3096 mi.
2281 3041 2470 3095 ἀδόλου
2498 3040 2866 3095 ἐνδείκνυσθαι
2890 3038 3092 3110 τρόπον
3113 3055 3128 3071 ⁸
3179 3040 3315 3097 ἀλλὰ
3347 3041 3420 3109 μὴ
3472 3038 3735 3108 δυσμενῶς

498 3131 864 3186 obedientiam
905 3142 1268 3203 praestemus;
1296 3149 1434 3190 neve
1462 3133 1780 3203 huiusmodi
1819 3132 1873 3187 in
1906 3130 2043 3187 nobi:

2169 3133 2392 3201 ἔχοντας
2434 3130 2570 3201 πρὸς
2599 3130 2817 3196 αὐτοὺς,
2878 3128 2955 3193 ὡς
3001 3130 3544 3201 κατηναγκασμένως
3575 3131 3735 3182 ποιεῖν

498 3227 703 3276 latente
735 3225 961 3285 malitia.
987 3227 1136 3280 velut
1159 3228 1457 3286 sincerum,
1494 3240 1559 3279 ac
1595 3225 1826 3293 simplex
1854 3238 2043 3277 morun

2169 3224 2268 3293 τὴν
2307 3222 2575 3292 ὑπακοὴν,
2625 3221 2720 3275 καὶ
2782 3222 2884 3290 τῆς
2939 3222 3195 3292 τοιαύτης
3249 3222 3651 3290 ἐνδομυχούςης
3686 3221 3751 3271 ἐν.

503 3319 819 3367 nostrorum
868 3313 1112 3367 velamen
1166 3314 1454 3375 faciamus,
1495 3320 1846 3380 apparentem
1875 3326 2037 3381 quam

2172 3315 2299 3380 ὑμῖν
2329 3313 2546 3376 κακίας,
2577 3312 2637 3365 τὸ
2665 3311 2851 3365 ἄδολον
2879 3311 3039 3382 δῆθεν
3065 3310 3158 3364 τοῦ
3186 3312 3384 3380 τρόπον
3417 3311 3511 3363 καὶ
3539 3309 3751 3362 ἁπλοῦν.

501 3403 650 3465 dam,
680 3409 733 3459 et
784 3417 893 3456 non
932 3417 997 3458 ex
1051 3402 1246 3456 intimo
1289 3400 1484 3457 affectu
1514 3401 1879 3456 obedientiam
1911 3401 2037 3456 exhi

2173 3401 2445 3454 ποιεῖσθαι
2470 3401 2839 3470 προκάλυμμα
2856 3400 3192 3470 φαινομένην
3218 3399 3314 3469 τὴν
3333 3397 3598 3466 ὑπακοὴν,
3629 3397 3741 3449 ἀλλ’

505 3493 718 3546 bentcs.
772 3489 912 3545 Illud
967 3490 1136 3554 enim,
1200 3510 1220 3542 ι
1273 3491 1431 3561 quasi
1491 3491 1738 3547 velamen
1810 3488 2043 3546 habente

2174 3488 2293 3557 οὑχὶ
2319 3489 2411 3540 καὶ
2445 3488 2508 3539 ἐκ
2540 3487 2831 3550 διαθέσεως
2856 3487 3060 3557 ταύτην
3089 3488 3490 3550 ἐπιτελοῦντας,
3520 3486 3597 3539 Τὸ
3617 3487 3739 3553 γὰρ,

509 3580 733 3636 malitiae
784 3580 1115 3647 libertatem,
1159 3600 1177 3633 ι
1228 3581 1451 3648 perinde
1500 3587 1587 3637 est
1632 3595 1698 3635 ac
1745 3580 1792 3636 si
1841 3582 2043 3637 bre‘vite

2184 3598 2204 3630 ι
2240 3579 2331 3649 Μὴ
2359 3578 2433 3639 ὡς
2465 3578 2825 3647 ἐπικάλυμμα
2859 3577 3073 3647 ἔχοντες
3102 3580 3204 3646 τῆς
3237 3578 3436 3641 κακίας
3469 3579 3567 3649 τὴν
3603 3579 3745 3630 ἐλευ-

510 3672 753 3727 dieerct:
801 3671 1090 3744 Simplices
1139 3672 1355 3743 quidem
1401 3681 1454 3728 et
1504 3673 1706 3729 sinceri
1737 3672 2043 3729 extrinseeu

2179 3665 2387 3737 θερίαν,
2444 3683 2464 3717 ι
2519 3664 2761 3719 τοιοῦτόν
2804 3667 2972 3730 ἐστιν,
3030 3667 3107 3731 ὡς
3156 3669 3215 3720 ἐν
3270 3667 3520 3739 συντόμῳ
3576 3669 3740 3739 ἐρεῖν·

511 3770 834 3832 apparentes
865 3764 1011 3819 velut
1038 3763 1140 3820 sub
1171 3764 1442 3820 velamine
1462 3763 1754 3828 libertatis,
1830 3771 1887 3819 et
1909 3778 2043 3833 expc

2194 3755 2382 3812 Ἀπλοῖ
2425 3756 2524 3824 μέν
2558 3755 2652 3808 καλ⁸
2670 3754 2844 3810 ἄδολοι
2875 3756 2937 3809 τὸ
2980 3755 3258 3827 δρώμενον
3302 3757 3743 3828 χρηματίζοντες,

515 3855 711 3910 ricntia
746 3856 1003 3927 improbi,
1038 3866 1090 3913 et
1114 3855 1452 3927 apparentia:
1473 3855 1743 3912 contrarii
1776 3856 2005 3911 inventi.

2183 3850 2258 3912 ὡς
2289 3848 2394 3901 ὑπὸ
2426 3846 2849 3919 προκαλύμματι
2872 3851 2973 3918 τῆς
2997 3848 3331 3917 ἐλευθερίας,
3364 3852 3428 3918 τῇ
3483 3849 3650 3920 πείρᾳ
3695 3846 3747 3900 δέ

2184 3936 2349 3991 δεινοὶ
2385 3936 2479 3991 καὶ
2514 3934 2846 3999 ἀπεναντίας
2874 3935 2970 3988 τοῦ
3004 3935 3331 4005 φαινομένου
3357 3935 3748 4005 εὑρισκόμενοι.

585 4041 751 4099 Vsas.
780 4044 968 4102 l6-22.
1009 4064 1028 4098 ι
1069 4043 1174 4101 Sed
1207 4046 1351 4101 sicut
1375 4046 1519 4100 servi
1546 4043 1661 4099 Dei.
1689 4042 1893 4099 Omnes
1916 4045 2043 4099 hont

2263 4045 2284 4080 ι
2324 4027 2464 4081 Ἀλλ’
2492 4025 2569 4089 ὡς
2622 4025 2799 4081 δοῦλοι
2834 4025 2972 4079 Θεοῦ
3000 4043 3015 4059 ·
3052 4027 3267 4090 Πάντας
3305 4027 3575 4096 τιμήσατε
3604 4041 3620 4058 ο
3659 4023 3751 4093 τὴν

517 4145 672 4190 rate:
704 4135 1099 4193 fraternitatem
1132 4136 1395 4207 ’ditigite:
1427 4134 1597 4190 Deum
1634 4136 1857 4189 timete:
1903 4149 2043 4205 rege:

2189 4118 2524 4189 ἀδελφότητα
2544 4118 2795 4186 ἀγαπᾶτε
2815 4134 2831 4149 ·
2862 4116 2956 4171 τδν
2987 4117 3121 4170 Θεὸν
3147 4116 3399 4187 φοδεῖσθε
3429 4134 3443 4148 ο
3478 4117 3569 4170 τὸν
3611 4117 3756 4186 βασι·

436 4258 443 4264 ο
519 4227 897 4283 honoriﬁcate.
935 4225 1087 4281 Servi
1114 4202 1316 4281 subditi
1343 4227 1399 4280 in
1423 4225 1569 4280 omni
1598 4224 1797 4280 timore
1830 4202 2043 4280 domini

2190 4208 2289 4264 λέα
2340 4209 2556 4280 τιμᾶτε.
2618 4207 2684 4260 υί
2719 4206 2959 4275 οἰκέται,
2997 4206 3428 4275 ὑποτασσόμενοι
3486 4207 3545 4258 ἐν
3600 4202 3756 4257 παντὶ

521 4333 631 4372 non
665 4325 876 4372 tantum
909 4316 1072 4372 bonis
1110 4324 1164 4371 et
1185 4315 1471 4379 modestis,
1510 4314 1604 4371 sed
1627 4317 1794 4370 etiam
1822 4315 2043 4387 dyscoli:

2190 4300 2345 4372 φόϐῳ
2412 4300 2527 4363 τοῖς
2581 4297 2891 4362 δεσπόταις,
2929 4297 2990 4351 ού
3027 4298 3188 4367 μόνον
3240 4298 3355 4359 τοῖς
3401 4294 3626 4366 ἀγαθοῖς
3672 4293 3760 4348 καὶ

523 4406 647 4463 Haec
658 4420 740 4464 est
752 4408 892 4464 enim
908 4410 1079 4481 gratia
1094 4408 1232 4479 apud
1250 4407 1440 4475 Deum,
1456 4407 1501 4463 si
1520 4417 1743 4479 propter
1759 4386 1954 4463 bonam
1970 4422 2043 4462 cm

2145 4470 2168 4481 ι
2196 4391 2515 4453 ἐπιεικέσιν,
2551 4389 2687 4444 ἀλλά
2719 4390 2951 4453 καὶτοῖς
2979 4390 3234 4451 σκολιοῖς.
3266 4386 3440 4442 Τοῦτο
3474 4389 3587 4457 γὰρ
3612 4387 3773 4457 χάρις

522 4499 810 4555 scientiam
831 4501 1197 4571 sustinetquis
1215 4500 1484 4565 tristitias,
1504 4500 1717 4570 patiens
1740 4486 2043 4570 injuste.Qu

2145 4470 2175 4528 )
2202 4483 2351 4555 παρὰ
2379 4481 2456 4554 τῷ
2475 4480 2616 4551 Θεῷ,
2640 4482 2690 4535 εί
2712 4481 2800 4535 διὰ
2825 4480 3128 4550 συνείδησιν
3154 4480 3364 4550 ἀγαθὴν
3391 4480 3661 4549 ὑποφέρει
3686 4494 3761 4538 τις

526 4593 673 4645 enim
697 4600 783 4647 est
812 4592 1003 4663 gloria,
1030 4594 1076 4649 si
1094 4569 1391 4663 peccantes
1407 4603 1459 4645 et
1481 4569 2043 4663 colaphizatisull'ertit

2196 4575 2374 4643 λύπην
2401 4573 2628 4642 πάσχων
2662 4571 2881 4635 ἀδίκως.
2912 4573 3069 4624 Ποῖον
3114 4570 3222 4640 γὰρ
3260 4571 3440 4632 κλέος,
3469 4572 3517 4621 εἰ
3556 4569 3747 4638 ἀμαρο

525 4682 623 4737 sed
680 4682 726 4737 si
772 4659 910 4738 bene
955 4659 1240 4750 facientes,
1283 4684 1552 4753 patienter
1603 4659 1911 4748 sustinetis,
1986 4682 2043 4736 ba

2199 4667 2453 4729 τάνοντες
2520 4664 2617 4718 καὶ
2664 4663 3079 4734 κολαφιζόμενοι
3128 4663 3493 4731 ὑπομενεῖτε;
3547 4660 3692 4713 Ἀλλ’
3720 4659 3764 4709 εἱ

524 4781 611 4827 est
631 4775 801 4841 gratia
824 4775 964 4845 apud
1000 4773 1190 4830 Deum.
1214 4773 1269 4829 In
1287 4751 1394 4830 hoc
1422 4775 1565 4831 enim
1588 4774 1761 4829 vocati
1781 4774 1916 4829 estis
1938 4791 1952 4827 :
1973 4788 2043 4841 qu

2196 4758 2662 4828 ἀγαθοποιοῦντες
2704 4757 2798 4811 καὶ
2862 4756 3160 4826 πάσχοντες
3216 4755 3561 4822 ὑπομενεῖτε,
3613 4751 3769 4803 τοῦτο

526 4873 585 4918 et
605 4840 1083 4936 Christus-passus
1121 4875 1206 4921 est
1231 4881 1329 4936 pro
1362 4865 1542 4930 nobis,
1577 4865 1734 4919 vobis
1781 4840 2043 4933 relinquet

2203 4852 2366 4923 χάρις
2431 4850 2580 4919 παρά
2629 4848 2709 4918 τῷ
2744 4846 2883 4917 Θεῷ.
2951 4846 3045 4909 Et;
3082 4843 3242 4898 τοῦτο
3311 4844 3421 4913 γὰρ
3477 4840 3767 4912 ἐκλήθητε.

527 4955 863 5025 exemplum,
895 4963 955 5011 ut
1008 4957 1313 5027 sequamini
1341 4957 1568 5026 vestigia
1597 4955 1739 5025 ejus.
1772 4955 1875 5021 Qui
1906 4969 2043 5024 pecc:

2204 4944 2287 4997 ὅτι
2316 4943 2410 4996 καὶ
2448 4941 2682 5013 Χριστές
2738 4937 2939 4992 ἔπαθεν
3004 4936 3147 5007 ὑπέρ
3175 4935 3355 5005 ἡμῶν,
3392 4936 3521 5003 ὑμῖν
3544 4933 3772 5000 ὑπολιμ-

530 5054 648 5100 tum
677 5062 783 5102 non
811 5046 963 5115 fecit,
999 5063 1099 5103 nec
1126 5048 1382 5103 iuventus
1406 5057 1489 5103 est
1514 5048 1672 5101 dolus
1708 5047 1760 5098 in
1787 5060 1881 5098 ore
1906 5044 2043 5110 ejus.

2207 5033 2395 5087 πάνων
2424 5029 2812 5101 ὑπογραμμὸν,
2846 5027 2932 5081 ἵνα
2973 5024 3449 5095 ἐπακολουθήσητε
3478 5024 3587 5082 τοῖς
3628 5020 3771 5090 ίχνε-

529 5136 778 5193 Observa
822 5148 1131 5193 accuratam
1168 5137 1653 5195 distributionem:
1688 5137 1961 5207 quomodo
1990 5134 2043 5186 ο.

2210 5142 2294 5177 σιν
2328 5122 2492 5177 αὐτοῦ
2530 5138 2545 5155 ο
2595 5122 2654 5185 ὃς
2684 5120 2960 5191 ἁμαρτίαν
2985 5119 3088 5171 οὐκ
3125 5116 3407 5183 ἐποίησεν,
3435 5114 3555 5169 οὐδὲ
3576 5110 3773 5207 εὑρέοη

534 5226 753 5295 quidem
809 5229 1081 5294 timorem,
1144 5232 1253 5300 regi
1326 5247 1457 5285 vero
1527 5230 1789 5284 honorem
1839 5229 2043 5299 assigm

2213 5215 2360 5277 δόλος
2394 5216 2453 5266 ἐν
2487 5211 2567 5281 τῷ
2606 5211 2834 5279 στόματι
2858 5206 3050 5262 αὐτοῦ.
3074 5226 3092 5258 ι
3132 5206 3333 5259 Σκόπει
3356 5195 3772 5297 τὴνάκρίϐειαν,

535 5292 717 5382 Quare
747 5319 791 5373 si
825 5319 968 5379 Deus
1007 5292 1281 5376 timendus
1312 5330 1414 5382 est,
1472 5340 1491 5371 ι
1533 5321 1627 5388 qui
1652 5326 1827 5388 potest
1849 5292 2043 5370 animai

2217 5304 2353 5367 πῶς,
2377 5302 2455 5371 τῷ
2493 5302 2588 5371 μὲν
2617 5297 2759 5367 ,Θεῷ
2783 5298 2878 5349 τὸν
2940 5295 3103 5364 φόϐον
3138 5295 3304 5364 φησὶν
3345 5292 3659 5360 ἀπονέμειν,
3690 5292 3777 5392 fit

538 5418 592 5462 et
617 5424 818 5479 corpus
852 5411 1078 5480 perdere
1103 5410 1170 5475 ³⁸,
1207 5429 1225 5462 ι
1264 5426 1369 5463 non
1404 5409 1591 5478 utique
1629 5422 1832 5475 morem
1862 5421 2038 5475 gerem

2220 5397 2429 5467 βασιλεῖ
2458 5395 2517 5449 δέ
2552 5393 2654 5464 τὴν
2702 5391 2889 5460 τιμήν.
2918 5389 3081 5440 Ὥστε
3123 5385 3171 5437 εί
3198 5382 3439 5480 sip-9st?
3470 5380 3567 5480 τὸν.
3612 5376 3787 5478 φόϐον.

541 5471 784 5566 regibus,
835 5471 958 5553 cum
1013 5471 1291 5570 quidpiam
1341 5499 1467 5554 mali
1503 5471 1667 5553 nobis
1709 5471 2041 5567 praeceperis

2218 5485 2607 5556 ἀπονεμητέον,
2648 5500 2667 5532 ι
2698 5480 2780 5549 τῷ
2810 5477 3094 5545 δυναμένῳ
3132 5476 3224 5528 καὶ
3273 5471 3579 5570 ψυχὴνκαὶ.
3616 5471 3779 5565 σῶμα

540 5584 731 5641 Timor
770 5589 912 5641 enim
951 5588 1043 5643 Dei
1096 5590 1259 5644 etiam
1306 5590 1567 5645 honorem
1605 5588 1820 5659 regibus
1848 5585 1983 5642 alias
2015 5585 2043 5640 d

2219 5581 2504 5642 ἀπολέσαι,
2525 5595 2544 5628 ι
2582 5575 2684 5629 οὑκ
2705 5575 2772 5628 ἂν
2806 5571 3116 5639 ὑπείξωμεν
3146 5564 3455 5621 ϐασιλεῦσιν
3493 5559 3653 5614 ἐπίτι
3675 5559 3789 5607 τῶν

625 5761 672 5791 ³⁸
694 5762 882 5815 Matth.
913 5779 965 5826 ι,
1006 5766 1099 5818 9.8.
