4020 6214
418 190 558 264 1217

1153 194 1562 257 EXPOSITIO
1599 192 1681 253 IN
1722 194 1956 254 Eprsr.
1997 191 2026 249 ι
2054 191 2114 252 s.
2159 191 2414 251 PETRI.
2446 216 2515 226 -—
2552 192 2708 252 CAP.
2742 171 2838 251 11.

3535 191 3674 257 1218

420 316 639 369 ἀτόπων
680 314 1089 383 παρακαλοῦσιν
1135 315 1301 383 ἡμᾶς.
1341 312 1402 365 '0
1448 311 1558 382 γάρ
1589 311 1676 373 είς
1727 311 1819 363 τὸν
1851 311 1990 362 ’θεὸν

2120 310 2263 363 litum
2316 322 2578 377 superare
2628 312 2807 375 porest
2853 318 2917 359 ac
2962 303 3141 359 debet.
3171 303 3428 370 Quinimo
3471 305 3677 362 honore

422 408 586 472 φόϐος
615 408 772 475 νικᾷν
798 400 904 457 οἵδε
943 406 1038 457 καὶ
1083 403 1181 472 τὴν
1245 405 1324 465 εἰς
1350 403 1474 464 τοὺς
1507 401 1748 471 βασιλεῖς
1802 400 1992 468 τιμήν.

423 497 639 551 Μᾶλλον
677 496 734 549 δὲ
772 496 867 549 καὶ
924 497 1022 564 τῆς
1084 496 1248 564 τιμῆς
1316 493 1515 555 αὐτοὺς
1573 491 1996 560 ἀποστερήσειὸ

2125 501 2250 544 uxta
2274 490 2446 545 sancti
2474 489 2622 543 illius
2647 489 2851 541 dictum
2895 503 2910 540 :

424 592 514 643 ὑπ’
563 588 742 641 αὐτῶν
782 589 863 649 εἰς
920 586 1066 639 κακὰ
1102 583 1444 654 βιαζόμενος,
1470 583 1613 636 κατὰ
1651 584 1741 634 τὸν
1768 582 1995 635 εἰπόντα

427 684 581 748 ἅγιον
605 696 619 708 ·
655 696 674 728 ι
722 676 1102 740 Ἐξουδένωται
1153 673 1383 734 ἐνώπιον
1413 671 1579 726 αὐτοῦ
1626 672 1999 741 πονηρευόμε-

426 791 573 836 νοις.»
631 770 705 823 Τὸ
739 770 801 842 [Ῑ.
837 766 954 839 Τῷ]
986 768 1067 831 δὲ,
1130 788 1148 822 ι
1182 769 1246 821 0i
1290 766 1517 831 οἰκέται,
1545 784 1567 818 ι
1610 781 2001 836 προσυπακου-

429 864 583 917 στὲον
603 863 685 928 τὸ,
720 858 818 933 ἦτε
842 878 856 892 ⁸
889 862 955 914 ἵν’
980 856 1013 933 ᾗ
1043 859 1217 924 οὕτως
1239 877 1253 891 ·
1282 860 1345 911 Οί
1370 858 1604 920 οἰκέται,
1630 852 1730 927 ἦτε
1760 856 1999 911 ὑποτασ-

431 955 669 1024 σόμενοι.
711 952 944 1023 Ὁμοίως
1000 954 1093 1005 καὶ
1120 954 1178 1004 ὲν
1212 951 1312 1023 τῷ,
1360 969 1379 1001 ι
1408 949 1473 1002 Ai
1516 950 1795 1016 γυναῖκες.
1823 964 1843 998 ι
1893 944 2000 997 Τοῦ

437 1063 455 1096 ι
476 1043 644 1113 φόϐου
669 1061 687 1093 ι
720 1043 775 1095 δὲ
807 1042 1086 1110 πολλαχῶς
1110 1042 1406 1110 λεγομένου
1431 1056 1446 1072 ⁸
1466 1041 1679 1106 λέγεται
1705 1038 1811 1108 γὰρ
1838 1036 2004 1106 ,φόϐος

428 1138 458 1189 ὀ
497 1135 592 1188 καὶ
652 1136 749 1188 σὺν
774 1135 1058 1204 ἐπιστήμῃ
1083 1150 1097 1164 ·
1138 1138 1197 1186 δν
1234 1128 1386 1195 οὗτος
1425 1122 1858 1197 νῦνσυνείδησίν
1903 1143 2006 1196 φη-

434 1225 616 1290 σιν,δς
655 1228 751 1278 καὶ
793 1224 1050 1278 εὐλάϐεια
1104 1226 1391 1278 καλεῖται’
1421 1224 1635 1292 λέγεται
1664 1220 1827 1290 φόϐος
1860 1220 1956 1274 καὶ⁸
1977 1222 2005 1272 ό

432 1317 754 1388 παθητικὸς,
776 1316 922 1370 τοῦτ’
950 1317 1098 1370 ἔστιν
1132 1317 1160 1369 ὁ
1187 1317 1276 1369 διὰ
1314 1316 1588 1378 κολάσεως
1617 1316 1811 1384 πεῖραν
1850 1315 2005 1380 ἐγγι-

431 1411 679 1478 νόμενος,
703 1407 764 1461 δν
788 1409 884 1462 καὶ
912 1410 981 1461 τά
1008 1407 1176 1478 θηρία
1194 1407 1438 1477 φοϐεῖται
1464 1422 1480 1438 ο
1513 1405 1805 1475 λεγομένου
1844 1404 2006 1457 πάλιν

433 1498 601 1567 φόϐου
654 1500 747 1551 καὶ
773 1497 868 1551 τοῦ
899 1495 1402 1567 προκαταρκτικοῦ,
1436 1495 1494 1557 ὃς
1533 1498 1645 1558 τοῖς
1684 1494 1760 1563 τῷ
1820 1495 2009 1564 Κυρὶῳ

2098 403 2249 471 ipsos
2280 400 2517 468 privahit
2561 399 2652 465 qui
2686 398 2754 451 ab
2797 397 2931 466 ipsis
2978 396 3045 449 ad
3098 397 3241 449 mala
3290 399 3671 466 compellitur,

2964 505 2980 536 ι
3026 487 3103 539 Ad
3134 487 3359 540 nihilum
3406 490 3674 544 deductus

2098 594 2180 638 cst
2208 584 2260 635 in
2293 589 2587 651 conspectu
2623 580 2743 647 ejus
2766 579 3034 649 malignus
3055 577 3118 628 ³⁸.
3156 595 3175 628 ι
3212 577 3374 649 364l
3402 578 3480 631 Ad
3518 579 3672 643 illud,

2105 696 2123 725 ι
2137 676 2343 738 Servi,»
2361 670 2792 726 subaudiendum
2807 678 2910 732 est,
2928 677 3119 734 estote,
3137 669 3215 722 sic
3233 686 3245 720 :
3272 687 3289 718 ι
3304 668 3480 734 Servi,
3501 678 3678 724 estote

2105 766 2362 833 suhjccri.
2394 781 2410 813 ι
2439 761 2707 817 Similiter
2736 760 2969 815 inferius
3003 760 3067 814 ad
3100 779 3118 810 ι
3153 758 3408 815 Mulieres
3446 762 3497 814 in
3520 762 3670 815 ornui

2105 860 2320 911 timore.
2363 875 2381 907 ι
2410 853 2522 922 νος
2561 873 2579 904 ι
2610 854 2774 906 timor
2807 872 2825 904 ι
2858 851 3143 920 multiplici
3175 866 3339 905 sensu
3366 834 3677 921 usurpatur.

2106 950 2237 1003 Nam
2277 950 2453 1016 primo
2484 948 2686 1000 dicitur
2714 946 2879 998 timor
2912 945 2978 1005 is,
3013 943 3105 1013 qui
3146 943 3392 996 scientia:
3442 943 3676 1009 conjun-

2105 1052 2227 1096 ctns
2278 1049 2396 1105 est;
2430 1054 2591 1109 quem
2635 1039 2737 1093 iste
2791 1050 2938 1090 nunc
2981 1033 3374 1089 conscientiam
3420 1034 3673 1102 appellat,

2106 1132 2199 1202 qui
2242 1138 2295 1186 et
2328 1129 2652 1193 reverentia,
2686 1142 2781 1182 seu
2817 1127 2981 1179 timor
3017 1122 3395 1177 reverenttalis
3426 1132 3673 1177 vocatur.

2107 1224 2317 1278 Dicitur
2357 1221 2521 1277 etiam
2562 1221 2724 1274 timor
2748 1219 2865 1281 ille,
2907 1217 3001 1285 qui
3037 1222 3118 1270 est
3155 1215 3339 1284 passio
3383 1212 3627 1281 quaedam
3660 1228 3675 1264 :

2108 1315 2418 1387 cujusmodi
2471 1322 2577 1377 est,
2624 1326 2784 1381 quem
2831 1308 3081 1379 supplicii
3115 1306 3413 1376 periculum
3447 1305 3678 1367 incutit;

2107 1427 2215 1481 quo
2252 1409 2447 1481 timore
2488 1405 2619 1460 ferte
2657 1417 2876 1473 quoque
2908 1400 3231 1454 adiciuntur.
3272 1396 3368 1452 Est
3396 1398 3557 1452 etiam
3610 1396 3679 1448 ti-

2108 1516 2230 1556 mor
2268 1500 2513 1570 quidam,
2544 1498 2635 1567 qui
2673 1496 2898 1551 initialis
2928 1494 3266 1563 appellatur:
3300 1506 3408 1561 quo
3455 1487 3677 1559 percelli

434 1587 894 1659 προσερχομένοις
928 1586 1299 1648 ἐπακολουθεῖ,
1337 1585 1423 1638 διὰ
1461 1587 1520 1638 τὸ
1553 1584 1847 1637 συνειδέναι
1878 1585 2006 1636 ἑαυ-

2120 1595 2308 1656 solent,
2349 1591 2440 1660 qui
2468 1590 2645 1659 primo
2673 1587 2737 1640 ad
2771 1586 2939 1640 Deum
2972 1585 3258 1646 accedunt,
3286 1595 3353 1637 eo
3382 1578 3526 1649 quod
3547 1579 3679 1631 mut-

433 1651 548 1742 τόῖς
605 1651 781 1732 πολλὰ
811 1680 903 1731 ἐπὶ
936 1678 1210 1748 τιμωρίαν
1245 1677 1648 1747 ὲκκαλοόμενα,
1673 1676 1732 1730 ὃν
1758 1677 1853 1728 καὶ
1887 1677 1920 1744 ἡ
1949 1677 2005 1726 ὲν

2120 1690 2315 1745 torum,
2366 1694 2488 1749 qua:
2526 1690 2741 1746 poenam
2792 1682 3092 1737 merentur,
3128 1669 3336 1725 conscii
3378 1668 3481 1723 sibi
3523 1674 3676 1723 sunt.

435 1772 789 1841 Εὑαγγελίοις
818 1772 992 1843 πόρνη
1031 1770 1352 1841 φοϐηθεῖσα,
1391 1768 1664 1839 προσῆλθε
1691 1766 1770 1838 τῷ
1791 1768 2001 1837 Κυρίῳ·

435 1866 571 1919 ἀλλὰ
599 1866 707 1932 xa‘q
732 1863 826 1916 τοῦ
869 1859 1216 1913 τελειωτικοῦ
1257 1859 1420 1913 πάλιν
1481 1859 1648 1927 φόϐου
1689 1859 2007 1928 λεγομένου,

428 1956 499 2016 ὓς
526 1956 623 2007 καὶ
660 1956 795 2005 πᾶσι
845 1955 956 2015 τοῖς
978 1952 1156 2020 ἁγίοις
1183 1950 1271 2004 ἀεὶ
1305 1953 1559 2022 πάρεστι,
1607 1950 1803 2003 δεδιόσι
1873 1950 2005 2019 μήτι

440 2044 731 2097 ἑλλείπωσι
753 2042 861 2095 τῶν
894 2036 969 2094 ὧν
998 2041 1144 2103 εἰκὸς
1175 2042 1505 2112 ἐνυπάρχειν
1539 2043 1651 2103 τοῖς
1679 2041 1758 2102 είς
1798 2038 2008 2091 τελείαν

441 2135 666 2206 ἀγάπην
713 2134 1070 2204 ἀναληφθεῖσι
1113 2149 1127 2164 ·
1174 2131 1526 2202 τοσαυταχῶς
1574 2126 1667 2184 οὗν
1704 2127 1797 2181 τοῦ
1841 2128 2007 2197 φόϐου

406 2270 407 2273 η
440 2226 756 2299 λεγομένου,
785 2226 835 2278 εί
861 2226 958 2295 μὲν
990 2228 1082 2278 καὶ
1110 2224 1200 2277 διὰ
1252 2223 1456 2276 τούτων
1496 2223 1714 2275 πάντων
1752 2216 2007 2292 [δίκαιον]

443 2318 536 2372 καὶ
563 2319 688 2380 τοὺς
718 2316 933 2379 δούλους
955 2314 1359 2386 προσφέρεσθαι
1382 2316 1497 2375 τοῖς
1526 2313 1676 2373 ίδίοις
1702 2310 2008 2372 δεσπόταις,

438 2410 542 2463 οὐκ
566 2409 629 2463 ἂν
645 2408 1089 2478 ,ἀπαγορεύσειεν
1107 2408 1134 2459 ὁ
1160 2407 1218 2458 ὲν
1244 2403 1408 2458 παντὶ⁵
1433 2401 1580 2472 φόϐῳ
1611 2400 2012 2454 ὑποτάσσεσθαι

440 2501 571 2563 τοὺς
599 2498 817 2561 δούλους
866 2500 976 2559 τοῖς
1016 2496 1305 2560 δεσπόταις
1372 2493 1654 2565 παραινῶν
1692 2493 1806 2547 νῦν.
1862 2492 1930 2544 Ὅ
1952 2509 2011 2543 τε

439 2592 556 2661 γάρ
595 2589 1073 2663 προκαταρκτικὸς
1112 2588 1207 2641 καὶ
1243 2590 1272 2642 ὁ
1302 2585 1642 2648 τελειωτικὸς
1699 2583 1882 2647 καλῶς
1913 2585 2013 2636 a5-

443 2686 571 2744 τοὺς
610 2681 863 2752 διαθῆται
912 2680 1173 2750 προσὼν⁶
1212 2681 1241 2733 ὁ
1279 2680 1378 2749 μὲν
1428 2677 1521 2732 τοῦ
1596 2677 1868 2747 μηδέποτε
1929 2675 2014 2728 διὰ

448 2777 555 2843 πλη
565 2774 827 2843 μμέλειαν
854 2771 1258 2826 ὑποϐλέπεσθαι
1276 2769 1467 2824 παθεῖν
1485 2786 1538 2821 τι
1557 2768 1665 2821 τῶν
1678 2767 2014 2838 ἀνηκέστων·

445 2867 472 2920 ό
502 2866 578 2929 δὲ,
617 2865 711 2918 τοῦ
744 2864 908 2935 μηδὲν
938 2863 1100 2934 ἀηδὲς
1129 2860 1449 2931 ὲννοηθῆναι
1477 2857 1555 2928 τῷ
1590 2843 1802 2910 ἑαυτῶν
1841 2873 2015 2910 κατα-

442 2957 758 3029 πράξασθαι
784 2957 1038 3027 δεσπότῃ.
1074 2955 1190 3009 Νῦν
1217 2954 1349 3023 γοῦν
1384 2951 1553 3022 φόϐον
1589 2951 1682 3004 τὸν
1717 2949 1806 3004 διὰ
1849 2965 2021 3002 συνει-
2045 2985 2087 3039 C

450 3048 679 3119 δήσεως,
704 3047 850 3100 τοῦτ’
872 3046 996 3099 ἐστι
1025 3045 1122 3099 σὺν
1143 3044 1423 3115 ἑπιστήμῃ
1441 3040 1535 3094 τοῦ
1562 3041 1724 3112 ὀρθοῦ
1754 3040 1915 3108 λόγου
1935 3055 2010 3107 γι-

450 3140 677 3210 νόμενόν
708 3154 894 3208 φησιν,
916 3138 974 3200 ὃς
1014 3139 1161 3190 ἔστιν
1192 3138 1219 3188 ό
1251 3136 1310 3188 ὲν
1349 3132 1427 3203 τῷ
1454 3133 1623 3202 μηδὲν
1676 3130 2017 3203 ἁμαρτάνειν

451 3230 606 3302 παρά
635 3230 744 3282 τῶν
798 3227 1030 3280 σκολιῶν
1057 3223 1336 3277 δεσποτῶν
1367 3225 1477 3285 τοῖς
1503 3222 1714 3275 ἑαυτῶν
1737 3219 2019 3287 ἑπαγόμε-

339 3379 360 3391 ,
451 3343 539 3390 νος
582 3325 844 3386 οἰκέταις.
900 3321 1099 3374 Τοῦτον
1142 3314 1236 3372 οὖν
1263 3318 1355 3371 τὸν
1388 3317 1553 3387 φόϐον
1591 3316 1829 3369 ἐπαίνων
1851 3312 2018 3377 ἀξιῶν

448 3416 742 3487 παρεγγυᾷ
772 3412 1167 3480 καταδέχεσθαι
1204 3408 1323 3479 μεθ’
1349 3408 1649 3477 ὑπομονῆς.
1688 3404 1843 3457 Ἐπεὶ⁵
1891 3406 2019 3466 τοῖς

456 3506 527 3558 δι’
576 3502 875 3576 ἁμαρτίας,
903 3501 936 3567 ἢ
974 3498 1386 3570 ὲνεργηθείσας,
1419 3497 1454 3566 ἢ
1488 3497 1581 3548 καὶ
1605 3495 1679 3564 μὴ
1710 3494 2020 3564 πραχθῆναι

457 3593 921 3663 φυλασσομένους,
974 3591 1139 3659 φόϐον
1182 3590 1406 3659 ἔχοντας
1457 3588 1750 3656 ὑπομένειν
1793 3586 1849 3638 εί
1874 3602 1927 3640 τι
1953 3584 2021 3636 δι’

452 3686 627 3747 αὑτὰς
656 3685 936 3753 πάσχοιεν,
995 3680 1355 3750 εὐγνωμόνων
1388 3679 1485 3749 μὲν
1510 3681 1605 3730 καὶ
1636 3676 1795 3729 τοῦτο
1821 3675 2024 3727 δούλων

460 3775 711 3846 καὶπρὸς
735 3773 1019 3846 διόρθωσιν
1048 3773 1443 3834 ἀπονευόντων,
1474 3769 1592 3822 ἀλλ’
1644 3766 1799 3820 οὔπω
1825 3764 2024 3818 τοσαύ-

457 3883 556 3939 της
589 3865 907 3935 φιλοσοφίας
936 3864 1071 3935 δσης
1120 3862 1182 3915 τὸ
1215 3860 1380 3932 μηδὲν
1418 3858 1598 3929 ἑαυτῷ
1637 3855 1900 3911 συνειδότι
1929 3872 2026 3907 κα-

461 3960 557 4013 κὸν
580 3958 936 4028 ἐγκαρτερεῖν
960 3955 1321 4026 εὐχαρίστως.
1348 3949 1520 4004 Τοῦτο
1555 3951 1723 4019 μέγα,
1747 3947 1904 4000 τοῦτο
1930 3944 2026 3998 καὶ

462 4046 594 4117 παρ’
640 4046 839 4115 ὀλίγοις
893 4042 1333 4112 ὲπιτελούμενον,
1389 4038 1550 4092 τοῦτο
1578 4036 1684 4090 ⁴καὶ.
1729 4035 1879 4105 παρὰ
1907 4031 2027 4103 Θεῷ

463 4145 727 4211 τυγχάνον
779 4121 1073 4208 ἀποδοχῆς,
1101 4135 1178 4198 ὼς
1207 4134 1319 4196 τοῖς
1355 4131 1451 4186 τοῦ
1505 4127 1743 4201 Χριστοῦ
1792 4126 2025 4181 πάθεσιν

466 4228 862 4299 ἁμιλλώμενον.
900 4226 1050 4279 Ἐπεὶ
1105 4224 1196 4277 καὶ
1250 4220 1410 4282 αὐτὸς
1466 4219 1565 4289 οὐχ
1617 4215 1757 4286 ὑπὲρ
1807 4214 2026 4268 οἰκείων

2110 1770 2427 1839 Huiusmodi
2461 1771 2654 1821 timore
2694 1779 2962 1820 concussa
3004 1762 3319 1831 evangelica
3355 1758 3447 1813 illa
3490 1770 3684 1824 peccan

2107 1865 2213 1919 trix
2270 1862 2337 1916 ad
2389 1860 2677 1914 Dominum
2726 1854 2995 1923 confugit.
3028 1852 3100 1904 At
3144 1852 3308 1904 timor
3348 1850 3512 1903 etiam
3556 1862 3681 1917 per-

2110 1954 2338 2009 fectivus
2369 1952 2590 2012 dicitur,
2620 1946 2710 2017 qui
2744 1946 3000 1998 omnibus
3030 1943 3233 1997 sanctis
3262 1953 3479 2008 semper
3501 1939 3681 2002 adest,

2108 2051 2294 2111 utpote
2324 2039 2412 2109 qui
2453 2036 2661 2106 jugiter
2695 2033 2907 2095 timent,
2961 2046 3028 2084 ne
3069 2029 3200 2100 quid
3250 2026 3435 2083 minus
3486 2040 3679 2082 eorum

2106 2134 2363 2197 haheant,
2392 2144 2514 2199 quae
2537 2127 2736 2181 trahere
2755 2133 2972 2194 oportet
3004 2138 3121 2187 eos,
3157 2122 3252 2191 qui
3286 2118 3353 2174 ad
3385 2118 3677 2190 perfectam

2108 2227 2433 2281 charitatem
2466 2218 2733 2285 assumpti
2756 2224 2905 2271 sunt.
2935 2214 3051 2268 Jam
3081 2227 3208 2266 vero
3239 2226 3363 2265 cum
3396 2221 3504 2263 tam
3537 2210 3684 2262 mul-

2110 2317 2346 2386 tiplices,
2403 2312 2651 2378 variique
2700 2308 2814 2363 sint
2866 2306 3114 2365 timores,
3160 2300 3401 2371 proiecto
3470 2300 3683 2368 justum
3740 2343 3747 2349 .

2113 2423 2255 2467 esse.
2296 2413 2359 2457 ut
2399 2403 2472 2456 oh
2519 2416 2615 2454 eos
2653 2413 2845 2453 omnes
2890 2395 3127 2450 dominis
3172 2393 3290 2448 suis
3335 2391 3478 2446 servi
3521 2389 3684 2445 obse-

2114 2506 2372 2567 quantur.
2435 2510 2542 2547 nou
2605 2489 2884 2560 negaverit
2939 2487 3049 2550 ille,
3107 2485 3198 2554 qui
3249 2482 3471 2538 eosdem
3536 2494 3684 2534 nunc

2116 2592 2391 2656 hortatur,
2425 2594 2484 2640 ut
2514 2605 2531 2636 ι
2573 2588 2626 2638 in
2659 2583 2806 2636 omni
2846 2580 3040 2633 timore
3088 2576 3315 2645 subjecti
3357 2576 3468 2629 sint
3506 2572 3685 2627 domi-

2120 2681 2205 2735 nis
2237 2680 2390 2734 suis:
2432 2696 2450 2728 ι
2500 2686 2735 2744 uterque
2783 2672 2927 2727 enim
2962 2671 3147 2735 timor,
3201 2666 3445 2727 initialis,
3477 2671 3532 2717 et
3562 2676 3685 2730 per-

2121 2770 2377 2833 iectivus,
2414 2767 2524 2821 illis
2555 2766 2760 2834 optime
2793 2761 3087 2816 convertit:
3121 2759 3330 2828 primus
3370 2753 3586 2824 quidem
3629 2757 3688 2802 ut

2120 2873 2350 2918 caveant
2409 2874 2478 2913 ne
2534 2865 2757 2927 propter
2801 2853 2994 2907 delicta
3048 2854 3103 2905 in
3147 2857 3443 2904 extremam
3503 2841 3689 2913 perni-

2121 2954 2263 3007 ciem
2330 2951 2651 3012 incurrant;
2714 2945 2873 3005 alter.
2932 2949 2992 2995 ut
3052 2956 3119 2994 ne
3166 2938 3383 3008 quidem
3444 2933 3687 3002 cogitent

2121 3039 2343 3109 aliquod
2363 3036 2543 3092 facere
2570 3050 2782 3097 eorum,
2809 3047 2931 3100 qua
2956 3029 3195 3083 dominis
3220 3026 3335 3081 suis
3364 3025 3575 3093 ingrata
3597 3032 3690 3074 aut

2121 3130 2352 3185 molesta
2379 3141 2504 3182 esse
2542 3133 2765 3179 norunt.
2807 3120 3077 3176 Caeterum
3127 3129 3276 3170 nunc
3304 3114 3371 3167 de
3398 3126 3462 3165 eo
3492 3110 3693 3163 timore

2122 3218 2385 3287 loquitur,
2430 3216 2521 3283 qui
2583 3228 2678 3282 per
2725 3209 3118 3266 conscientiam
3166 3219 3264 3258 seu
3317 3200 3690 3270 cognitionem

2121 3315 2286 3360 rectae
2322 3302 2553 3357 rationis
2575 3301 2962 3369 ingeneratur;
2996 3308 3189 3362 nempe
3212 3292 3304 3360 qui
3341 3291 3537 3350 servis,
3565 3304 3688 3343 eum

2123 3396 2261 3452 nihil
2306 3394 2435 3448 mali
2476 3390 2940 3462 ,perpetraverint,
2976 3401 3007 3440 a
3048 3384 3309 3456 dyscolis,
3350 3397 3447 3437 seu
3482 3381 3695 3449 iniquis

2122 3487 2363 3543 dominis
2396 3486 2699 3540 incutitur:
2733 3491 2789 3535 et
2818 3482 2968 3534 hunc
3001 3477 3224 3548 quidem
3256 3476 3500 3528 timorem
3537 3473 3700 3526 laude

2125 3577 2348 3645 dignum
2401 3578 2685 3639 reputans.
2739 3570 3007 3637 patienter
3063 3562 3449 3621 sustinendum
3497 3560 3687 3622 edicit:

2125 3665 2395 3733 siquidem
2418 3661 2568 3713 illum
2589 3667 2810 3726 propter
2832 3657 3068 3710 admissa
3086 3658 3280 3711 delicta
3308 3653 3549 3723 perferre
3576 3664 3702 3705 esse

2125 3753 2345 3824 quidem
2380 3763 2691 3807 servorum,
2735 3747 2828 3815 qui
2863 3746 3004 3799 bona
3033 3754 3165 3798 sunt
3214 3752 3419 3808 mente,
3449 3752 3503 3796 et
3532 3744 3583 3795 in
3612 3741 3699 3795 sui

2126 3839 2524 3896 correctionem
2576 3833 2865 3896 inclinant,
2937 3840 2993 3885 at
3049 3846 3157 3885 non
3226 3838 3390 3883 tanta:
3454 3830 3698 3889 virtutis,

2127 3940 2330 4002 quanta
2370 3926 2578 3998 praediti
2608 3933 2736 3978 sunt
2768 3922 2866 3987 illi,
2899 3921 3140 3990 quicum
3175 3920 3308 3973 nihil
3329 3919 3457 3971 mali
3489 3917 3699 3971 conscii

2129 4024 2233 4080 sibi
2272 4023 2406 4087 sint,
2432 4020 2633 4089 injuste
2664 4026 2848 4071 tamen
2880 4013 3162 4068 incussum
3194 4012 3449 4065 timorem
3486 4009 3704 4063 fortiter

2130 4117 2337 4181 ferunt,
2367 4121 2420 4168 et
2458 4127 2580 4166 cum
2611 4111 2912 4181 gratiarum
2964 4104 3199 4157 actione.
3230 4100 3344 4156 Hoc
3378 4115 3513 4155 sane
3561 4114 3705 4170 pne-

2130 4209 2341 4264 clarum
2391 4213 2448 4261 et
2504 4216 2759 4273 magnum
2794 4209 2882 4253 est
2917 4215 2931 4252 :
2968 4197 3073 4251 hoc
3109 4206 3215 4257 est,
3263 4194 3408 4265 quod
3449 4208 3479 4246 a
3514 4193 3709 4263 paucis

469 4287 705 4391 ἔπασχεν
760 4315 1045 4387 ἁμαρτιῶν
1109 4316 1156 4383 (ι
1190 4309 1492 4382 Ἀμαρτίαν
1532 4287 1664 4377 ἡγὰρ
1695 4307 1797 4361 οὐκ
1849 4305 2018 4375 ὲποίη·

2138 4307 2459 4357 cxercetur:
2508 4303 2562 4350 et
2615 4295 2718 4347 hoc
2784 4291 2894 4346 Deo
2949 4305 3071 4345 cum
3137 4287 3329 4358 primis
3393 4295 3704 4355 acceptum,

471 4429 561 4466 σεν
587 4411 656 4481 ι),
683 4409 797 4464 ἀλλ’
826 4409 965 4479 ὑπὲρ
989 4406 1144 4476 ἡμῶν
1193 4404 1289 4456 καὶ
1320 4402 1427 4456 τῶν
1461 4400 1745 4471 ἡμετέρων
1775 4397 2031 4466 ἔπασχεν.

474 4520 497 4554 ι
529 4501 662 4555 ’Δπδ
699 4499 807 4552 τῶν
840 4494 1082 4568 ἀνομιῶν
1108 4492 1201 4547 τοῦ
1236 4493 1366 4546 λαοῦ
1388 4507 1519 4561 μου,
1558 4508 1577 4541 ι
1621 4486 1768 4542 τοῦτ’
1800 4485 1915 4539 ἔστι
1948 4483 2036 4537 διὰ

472 4593 569 4658 τὰς
599 4590 828 4661 ἀνομίας
851 4589 942 4641 τοῦ
980 4587 1131 4651 λαοῦ,
1169 4606 1186 4636 ι
1210 4570 1351 4655 ἢχθη
1378 4585 1459 4646 εἰς
1484 4583 1736 4645 θάνατον,
1764 4599 1783 4630 ι
1823 4577 1989 4649 φησὶν
2007 4580 2036 4629 ό

475 4684 782 4755 προφήτης.
842 4679 1152 4732 Ἐπαινετόν
1204 4677 1301 4746 μὲν
1355 4672 1451 4727 οὖν
1493 4673 1586 4726 τὸν
1637 4671 1801 4742 φόϐον
1846 4669 2036 4723 τοῦτον

474 4776 708 4829 τίθεται.
749 4770 911 4824 ’Δλλά
945 4768 1051 4839 μὴν
1072 4767 1170 4819 καὶ
1195 4768 1304 4828 τοῖς
1330 4765 1512 4826 ἄλλοις
1538 4764 1724 4832 φόϐοις
1755 4762 1883 4823 τοὺς
1909 4758 2034 4812 δού-

477 4867 603 4928 λους
652 4862 902 4932 βούλεται
968 4853 1436 4927 περικρατεῖσθαι.
1512 4852 1620 4903 Καὶ
1647 4851 1803 4919 δῆλον
1839 4848 1934 4918 ἀφ’
1966 4840 2041 4901 ὧν

476 4972 641 5027 φησιν
667 4973 682 4987 ο
727 4974 746 5006 ι
782 4953 867 5006 Ἑν
890 4949 1054 5011 παντὶ
1082 4947 1249 5017 φόϐῳ.
1276 4965 1296 4997 ι
1339 4941 1662 5013 ’Υπερφυῶς
1697 4942 1753 4994 δὲ
1778 4940 2042 5009 ἀντέθηκε

476 5052 589 5112 τοῖς
606 5044 793 5108 ἀλλοις
820 5042 1010 5111 φόϐοις
1042 5041 1133 5093 τὸν
1159 5039 1245 5091 διὰ
1280 5034 1590 5103 συνείδησιν
1614 5032 1777 5101 φόϐον
1821 5033 1914 5085 καὶ
1942 5033 2041 5102 p.6—

479 5160 585 5203 νως
611 5139 804 5193 τούτου
834 5132 974 5191 εἶναι
1003 5132 1065 5185 τὸ
1080 5130 1414 5196 ἀξιέπαινον,
1448 5126 1798 5198 ἀληθεοτάτῳ
1827 5125 2040 5195 ἀπεφήε

480 5246 608 5286 νατο
635 5230 808 5299 λόγῳ·
843 5228 919 5292 ὠς
961 5226 1068 5279 τῶν
1112 5224 1208 5293 μὲν
1245 5222 1476 5293 ἐχόντων
1508 5221 1569 5273 τὸ
1611 5219 1901 5290 παραίτιον
1932 5216 2032 5285 τῆς

480 5323 588 5374 τῶν
613 5317 887 5373 δεσποτῶν
938 5318 1016 5378 είς
1069 5315 1264 5376 αὐτοὺς
1299 5310 1491 5382 ὀργῆς,
1514 5310 1610 5363 τοῦ
1648 5309 1705 5362 δὲ
1743 5308 1908 5378 μηδὲν
1934 5324 2041 5377 μη-

482 5412 677 5481 δαμοᾷ

2139 4406 2328 4469 utpote
2344 4393 2489 4465 quod
2519 4390 2718 4446 Christi
2745 4386 3064 4458 patientiam
3105 4383 3507 4454 quadamtenus
3533 4395 3708 4434 amu-

2138 4491 2314 4544 latur:
2348 4500 2473 4539 nam
2495 4492 2547 4539 et
2577 4483 2690 4551 ipse
2715 4495 2821 4533 non
2854 4494 2952 4548 pro
2977 4476 3216 4545 peccatis
3246 4473 3364 4529 suis
3391 4473 3705 4542 (peccatum

2136 4581 2282 4636 enim
2310 4592 2417 4631 non
2443 4574 2687 4639 fecerat),
2713 4569 2806 4623 sed
2839 4580 2934 4637 pro
2963 4565 3142 4628 nobis,
3167 4562 3477 4632 austrisque
3493 4560 3709 4614 delictis

2138 4682 2334 4739 passus
2365 4672 2470 4721 est.
2522 4680 2541 4715 ι
2606 4662 2690 4715 Ab
2753 4654 3161 4727 iniquitatibus,
3201 4673 3221 4705 ι
3270 4653 3320 4707 id
3367 4658 3453 4706 est
3484 4658 3709 4719 propter

2141 4759 2461 4828 iniquitates
2490 4770 2515 4806 ‹
2538 4753 2726 4823 pepuli
2757 4752 2862 4804 mei
2889 4750 3090 4801 ductus
3118 4756 3204 4801 est
3238 4743 3303 4798 ad
3334 4751 3562 4797 mortem
3584 4741 3647 4801 ³⁷,
3681 4759 3701 4790 ι

2139 4852 2215 4905 ait
2252 4849 2532 4918 propheta.
2564 4844 2797 4914 Dignum
2830 4844 3016 4909 itaque
3050 4836 3212 4893 laude
3258 4837 3508 4892 timorem
3541 4836 3707 4887 istum

2138 4955 2260 4997 csse
2312 4936 2523 4993 statuit.
2556 4935 2839 4995 Attamen,
2867 4942 2928 4985 ut
2967 4930 3091 4983 aliis
3144 4942 3363 4997 quoque
3420 4922 3711 4979 timoribus

2138 5032 2283 5087 servi
2322 5034 2631 5089 teneantur,
2663 5038 2876 5092 aequum
2931 5031 2981 5074 et
3031 5020 3163 5074 utile
3191 5025 3416 5071 censet:
3466 5021 3524 5065 ut
3559 5018 3709 5081 patet

2140 5139 2204 5177 ex
2257 5134 2343 5183 eo,
2374 5115 2519 5188 quod
2578 5115 2745 5176 dicat,
2783 5130 2800 5162 ι
2838 5112 2891 5164 iu
2932 5112 3079 5163 omni
3129 5108 3344 5159 timore.
3386 5120 3405 5152 ι
3447 5100 3553 5155 Sed
3585 5116 3708 5153 eum

2140 5213 2239 5283 qui
2273 5220 2495 5281 pr0pter
2528 5203 2925 5261 conscientiam
2960 5209 3062 5264 est,
3092 5198 3220 5251 atiis
3252 5193 3538 5248 timoribus
3560 5201 3712 5245 ante-

2145 5290 2325 5383 ponit,
2356 5309 2409 5354 et
2443 5298 2588 5352 hunc
2640 5295 2815 5349 solum
2851 5306 2975 5346 esse
2998 5286 3216 5357 proprie
3275 5283 3435 5338 laude
3490 5282 3713 5350 dignum

2146 5373 2434 5449 verissima
2465 5388 2652 5442 deiinit
2683 5388 2893 5439 ratione
2919 5400 2932 5433 :
2960 5375 3396 5447 quandoquidem
3430 5374 3523 5428 alii
3553 5373 3713 5426 timo.

487 5522 573 5559 res
602 5504 852 5575 praiviam
897 5500 1094 5553 trahent
1134 5495 1333 5566 justam
1367 5505 1587 5547 causam
1646 5488 2029 5561 indignationis
2067 5485 2417 5539 dominorum
2452 5480 2507 5534 in
2540 5490 2770 5537 servos;
2809 5473 2912 5526 iste
2947 5477 3131 5521 autem
3166 5465 3393 5519 nullan).

556 5623 598 5654 ³⁸
635 5617 776 5672 i’sal.
804 5632 915 5681 xiv,
943 5612 997 5668 4.
1090 5611 1132 5643 ³⁷
1164 5610 1265 5667 lsa.
1310 5623 1511 5672 xum,
1549 5606 1600 5661 8.
