  <div class='ocr_page' id='page_1' title='image "/cluster/home/n/w/nwhite01/storage/ocr_20150623/125/hvd.32044073502429/670.png"; bbox 0 0 4020 6214; ppageno 0'>
   <div class='ocr_carea' id='block_1_1' title="bbox 379 208 518 277">
    <p class='ocr_par' dir='ltr' id='par_1_1' title="bbox 379 208 518 277">
     <span class='ocr_line' id='line_1_1' title="bbox 379 208 518 277; baseline -0.022 0"><span class='ocrx_word' id='word_1_1' title='bbox 379 208 518 277; x_wconf 72' lang='grc'><strong>1221</strong></span> 
     </span>
    </p>
   </div>
   <div class='ocr_carea' id='block_1_2' title="bbox 1152 153 2870 266">
    <p class='ocr_par' dir='ltr' id='par_1_2' title="bbox 1152 153 2870 266">
     <span class='ocr_line' id='line_1_2' title="bbox 1152 153 2870 266; baseline -0.006 0"><span class='ocrx_word' id='word_1_2' title='bbox 1152 185 1554 266; x_wconf 68' lang='lat' dir='ltr'><strong>EXPJSITIO</strong></span> <span class='ocrx_word' id='word_1_3' title='bbox 1589 203 1668 264; x_wconf 82' lang='lat' dir='ltr'><strong>1N</strong></span> <span class='ocrx_word' id='word_1_4' title='bbox 1708 203 1946 263; x_wconf 77' lang='lat' dir='ltr'><strong>EPIST.</strong></span> <span class='ocrx_word' id='word_1_5' title='bbox 1984 201 2014 262; x_wconf 91' lang='lat'>1</span> <span class='ocrx_word' id='word_1_6' title='bbox 2055 203 2117 261; x_wconf 88' lang='lat' dir='ltr'><strong>s.</strong></span> <span class='ocrx_word' id='word_1_7' title='bbox 2157 199 2410 260; x_wconf 79' lang='lat' dir='ltr'><strong>PETRI.</strong></span> <span class='ocrx_word' id='word_1_8' title='bbox 2438 221 2508 232; x_wconf 92' lang='lat'><strong>—</strong></span> <span class='ocrx_word' id='word_1_9' title='bbox 2546 198 2702 256; x_wconf 85' lang='lat' dir='ltr'><strong>CAP.</strong></span> <span class='ocrx_word' id='word_1_10' title='bbox 2746 153 2870 256; x_wconf 61' lang='grc' dir='ltr'>ιιιί</span> 
     </span>
    </p>
   </div>
   <div class='ocr_carea' id='block_1_3' title="bbox 3467 190 3606 257">
    <p class='ocr_par' dir='ltr' id='par_1_3' title="bbox 3467 190 3606 257">
     <span class='ocr_line' id='line_1_3' title="bbox 3467 190 3606 257; baseline -0.043 0"><span class='ocrx_word' id='word_1_11' title='bbox 3467 190 3606 257; x_wconf 69' lang='lat'><strong>129.2</strong></span> 
     </span>
    </p>
   </div>
   <div class='ocr_carea' id='block_1_4' title="bbox 380 302 1973 392">
    <p class='ocr_par' dir='ltr' id='par_1_4' title="bbox 380 313 1944 392">
     <span class='ocr_line' id='line_1_4' title="bbox 380 313 1944 392; baseline -0.01 -13"><span class='ocrx_word' id='word_1_12' title='bbox 380 343 514 387; x_wconf 82' lang='grc' dir='ltr'>σεως</span> <span class='ocrx_word' id='word_1_13' title='bbox 549 321 775 392; x_wconf 75' lang='grc' dir='ltr'><strong>ἱματίων</strong></span> <span class='ocrx_word' id='word_1_14' title='bbox 800 318 1022 388; x_wconf 89' lang='grc' dir='ltr'>κόσμος.</span> <span class='ocrx_word' id='word_1_15' title='bbox 1055 338 1072 367; x_wconf 75' lang='grc' dir='ltr'><strong>ι</strong></span> <span class='ocrx_word' id='word_1_16' title='bbox 1107 319 1204 370; x_wconf 77' lang='grc' dir='ltr'><strong>Διὰ</strong></span> <span class='ocrx_word' id='word_1_17' title='bbox 1237 319 1454 370; x_wconf 84' lang='grc' dir='ltr'>πάντων</span> <span class='ocrx_word' id='word_1_18' title='bbox 1487 315 1691 369; x_wconf 87' lang='grc' dir='ltr'>τούτων</span> <span class='ocrx_word' id='word_1_19' title='bbox 1713 315 1805 368; x_wconf 64' lang='grc' dir='ltr'>τὶν</span> <span class='ocrx_word' id='word_1_20' title='bbox 1831 313 1944 382; x_wconf 77' lang='grc' dir='ltr'>ὴθιο</span> 
     </span>
    </p>
   </div>
   <div class='ocr_carea' id='block_1_5' title="bbox 2077 302 3612 392">
    <p class='ocr_par' dir='ltr' id='par_1_5' title="bbox 2077 302 3612 376">
     <span class='ocr_line' id='line_1_5' title="bbox 2077 302 3612 376; baseline -0.004 -10"><span class='ocrx_word' id='word_1_21' title='bbox 2077 327 2229 366; x_wconf 89' lang='lat' dir='ltr'><strong>orum</strong></span> <span class='ocrx_word' id='word_1_22' title='bbox 2254 311 2457 366; x_wconf 88' lang='lat' dir='ltr'><strong>cultus.</strong></span> <span class='ocrx_word' id='word_1_23' title='bbox 2497 328 2517 360; x_wconf 72' lang='grc' dir='ltr'><strong>ι</strong></span> <span class='ocrx_word' id='word_1_24' title='bbox 2550 309 2684 363; x_wconf 85' lang='lat' dir='ltr'><strong>Cum</strong></span> <span class='ocrx_word' id='word_1_25' title='bbox 2721 323 2816 376; x_wconf 89' lang='lat' dir='ltr'><strong>per</strong></span> <span class='ocrx_word' id='word_1_26' title='bbox 2845 319 3032 360; x_wconf 87' lang='lat' dir='ltr'><strong>omnes</strong></span> <span class='ocrx_word' id='word_1_27' title='bbox 3079 302 3363 358; x_wconf 81' lang='lat' dir='ltr'><strong>hominum</strong></span> <span class='ocrx_word' id='word_1_28' title='bbox 3408 306 3612 374; x_wconf 76' lang='lat' dir='ltr'><strong>gradus</strong></span> 
     </span>
    </p>
   </div>
   <div class='ocr_carea' id='block_1_6' title="bbox 377 406 1942 481">
    <p class='ocr_par' dir='ltr' id='par_1_6' title="bbox 377 406 1942 481">
     <span class='ocr_line' id='line_1_6' title="bbox 377 406 1942 481; baseline -0.008 -12"><span class='ocrx_word' id='word_1_29' title='bbox 377 417 472 469; x_wconf 75' lang='grc' dir='ltr'><strong>κδν</strong></span> <span class='ocrx_word' id='word_1_30' title='bbox 497 415 648 479; x_wconf 80' lang='grc' dir='ltr'>λόγον</span> <span class='ocrx_word' id='word_1_31' title='bbox 672 409 1048 481; x_wconf 82' lang='grc' dir='ltr'>συμπεράνας,</span> <span class='ocrx_word' id='word_1_32' title='bbox 1100 409 1188 462; x_wconf 78' lang='grc' dir='ltr'>διὰ</span> <span class='ocrx_word' id='word_1_33' title='bbox 1233 407 1516 478; x_wconf 83' lang='grc' dir='ltr'>βασιλέων,</span> <span class='ocrx_word' id='word_1_34' title='bbox 1548 406 1613 459; x_wconf 82' lang='grc' dir='ltr'>δι’</span> <span class='ocrx_word' id='word_1_35' title='bbox 1641 407 1942 475; x_wconf 79' lang='grc' dir='ltr'><strong>ἀρχόντων,</strong></span> 
     </span>
    </p>
   </div>
   <div class='ocr_carea' id='block_1_7' title="bbox 379 484 1946 568">
    <p class='ocr_par' dir='ltr' id='par_1_7' title="bbox 379 484 1946 568">
     <span class='ocr_line' id='line_1_7' title="bbox 379 484 1946 568; baseline -0.007 -11"><span class='ocrx_word' id='word_1_36' title='bbox 379 506 469 557; x_wconf 68' lang='grc' dir='ltr'><strong>διὰ</strong></span> <span class='ocrx_word' id='word_1_37' title='bbox 521 501 954 564; x_wconf 80' lang='grc' dir='ltr'>δεσποτῶν,-διὰ</span> <span class='ocrx_word' id='word_1_38' title='bbox 979 484 1224 552; x_wconf 50' lang='grc' dir='ltr'>’δούλωνο</span> <span class='ocrx_word' id='word_1_39' title='bbox 1256 487 1486 560; x_wconf 71' lang='grc' dir='ltr'>καὶτοῖς</span> <span class='ocrx_word' id='word_1_40' title='bbox 1520 499 1616 568; x_wconf 78' lang='grc' dir='ltr'>μὲν</span> <span class='ocrx_word' id='word_1_41' title='bbox 1671 495 1946 564; x_wconf 86' lang='grc' dir='ltr'>βασιλεῦσι</span> 
     </span>
    </p>
   </div>
   <div class='ocr_carea' id='block_1_8' title="bbox 379 583 1940 663">
    <p class='ocr_par' dir='ltr' id='par_1_8' title="bbox 379 583 1940 663">
     <span class='ocr_line' id='line_1_8' title="bbox 379 583 1940 663; baseline -0.006 -15"><span class='ocrx_word' id='word_1_42' title='bbox 379 597 474 648; x_wconf 78' lang='grc' dir='ltr'>καὶ</span> <span class='ocrx_word' id='word_1_43' title='bbox 522 595 780 663; x_wconf 80' lang='grc' dir='ltr'>ἄρχουσιν</span> <span class='ocrx_word' id='word_1_44' title='bbox 811 589 1214 644; x_wconf 77' lang='grc' dir='ltr'><strong>ὑποτάσσεσθαι</strong></span> <span class='ocrx_word' id='word_1_45' title='bbox 1253 584 1334 653; x_wconf 75' lang='grc' dir='ltr'>οἷς</span> <span class='ocrx_word' id='word_1_46' title='bbox 1368 590 1467 654; x_wconf 83' lang='grc' dir='ltr'>δεῖ,</span> <span class='ocrx_word' id='word_1_47' title='bbox 1501 591 1596 642; x_wconf 79' lang='grc' dir='ltr'>καὶ</span> <span class='ocrx_word' id='word_1_48' title='bbox 1626 591 1685 640; x_wconf 88' lang='grc' dir='ltr'><strong>ἐν</strong></span> <span class='ocrx_word' id='word_1_49' title='bbox 1706 583 1786 650; x_wconf 78' lang='grc' dir='ltr'>οἷς</span> <span class='ocrx_word' id='word_1_50' title='bbox 1845 588 1940 648; x_wconf 83' lang='grc' dir='ltr'>δεῖ,</span> 
     </span>
    </p>
   </div>
   <div class='ocr_carea' id='block_1_9' title="bbox 379 679 1946 755">
    <p class='ocr_par' dir='ltr' id='par_1_9' title="bbox 379 679 1946 755">
     <span class='ocr_line' id='line_1_9' title="bbox 379 679 1946 755; baseline -0.005 -17"><span class='ocrx_word' id='word_1_51' title='bbox 379 686 507 748; x_wconf 77' lang='grc' dir='ltr'>τοὺς</span> <span class='ocrx_word' id='word_1_52' title='bbox 527 683 860 755; x_wconf 80' lang='grc' dir='ltr'><strong>ἀρχομένους</strong></span> <span class='ocrx_word' id='word_1_53' title='bbox 891 683 1278 753; x_wconf 79' lang='grc' dir='ltr'><strong>νομοθετήσας·</strong></span> <span class='ocrx_word' id='word_1_54' title='bbox 1313 683 1407 735; x_wconf 75' lang='grc' dir='ltr'>καὶ</span> <span class='ocrx_word' id='word_1_55' title='bbox 1423 680 1598 744; x_wconf 82' lang='grc' dir='ltr'>δείξας</span> <span class='ocrx_word' id='word_1_56' title='bbox 1619 679 1705 733; x_wconf 84' lang='grc' dir='ltr'>διὰ</span> <span class='ocrx_word' id='word_1_57' title='bbox 1732 679 1946 741; x_wconf 80' lang='grc' dir='ltr'>τούτου,</span> 
     </span>
    </p>
   </div>
   <div class='ocr_carea' id='block_1_10' title="bbox 384 771 1950 844">
    <p class='ocr_par' dir='ltr' id='par_1_10' title="bbox 384 771 1950 844">
     <span class='ocr_line' id='line_1_10' title="bbox 384 771 1950 844; baseline -0.003 -17"><span class='ocrx_word' id='word_1_58' title='bbox 384 779 468 828; x_wconf 78' lang='grc' dir='ltr'>ὅτι</span> <span class='ocrx_word' id='word_1_59' title='bbox 499 776 593 828; x_wconf 78' lang='grc' dir='ltr'>καὶ</span> <span class='ocrx_word' id='word_1_60' title='bbox 641 774 795 828; x_wconf 72' lang='grc' dir='ltr'>αὐτοὶ</span> <span class='ocrx_word' id='word_1_61' title='bbox 823 775 872 826; x_wconf 78' lang='grc' dir='ltr'>οἱ</span> <span class='ocrx_word' id='word_1_62' title='bbox 915 774 1173 844; x_wconf 80' lang='grc' dir='ltr'>ἄρχοντες</span> <span class='ocrx_word' id='word_1_63' title='bbox 1231 773 1480 841; x_wconf 77' lang='grc' dir='ltr'>ἐναυσμά</span> <span class='ocrx_word' id='word_1_64' title='bbox 1517 791 1569 824; x_wconf 89' lang='grc' dir='ltr'><strong>τι</strong></span> <span class='ocrx_word' id='word_1_65' title='bbox 1602 771 1950 840; x_wconf 74' lang='grc' dir='ltr'>δικαιοσύνης</span> 
     </span>
    </p>
   </div>
   <div class='ocr_carea' id='block_1_11' title="bbox 385 863 1953 936">
    <p class='ocr_par' dir='ltr' id='par_1_11' title="bbox 385 863 1953 936">
     <span class='ocr_line' id='line_1_11' title="bbox 385 863 1953 936; baseline -0.006 -17"><span class='ocrx_word' id='word_1_66' title='bbox 385 867 598 936; x_wconf 77' lang='grc' dir='ltr'>ἔχοντες</span> <span class='ocrx_word' id='word_1_67' title='bbox 635 867 761 928; x_wconf 75' lang='grc' dir='ltr'>τοὺς</span> <span class='ocrx_word' id='word_1_68' title='bbox 790 865 1012 934; x_wconf 85' lang='grc' dir='ltr'>νόμους,</span> <span class='ocrx_word' id='word_1_69' title='bbox 1046 865 1147 918; x_wconf 75' lang='grc' dir='ltr'>ὅσα</span> <span class='ocrx_word' id='word_1_70' title='bbox 1178 865 1276 932; x_wconf 75' lang='grc' dir='ltr'>μὲν</span> <span class='ocrx_word' id='word_1_71' title='bbox 1308 865 1428 916; x_wconf 80' lang='grc' dir='ltr'>κατ’</span> <span class='ocrx_word' id='word_1_72' title='bbox 1468 863 1663 922; x_wconf 75' lang='grc' dir='ltr'>αὐτοὺς</span> <span class='ocrx_word' id='word_1_73' title='bbox 1701 865 1953 931; x_wconf 77' lang='grc' dir='ltr'>ποιήσου-</span> 
     </span>
    </p>
   </div>
   <div class='ocr_carea' id='block_1_12' title="bbox 341 950 1950 1034">
    <p class='ocr_par' dir='ltr' id='par_1_12' title="bbox 341 950 1950 1034">
     <span class='ocr_line' id='line_1_12' title="bbox 341 950 1950 1034; baseline -0.002 -27"><span class='ocrx_word' id='word_1_74' title='bbox 341 971 346 976; x_wconf 75' lang='lat'><strong><em>‘</em></strong></span> <span class='ocrx_word' id='word_1_75' title='bbox 385 973 491 1034; x_wconf 85' lang='grc' dir='ltr'>σιν,</span> <span class='ocrx_word' id='word_1_76' title='bbox 530 956 589 1007; x_wconf 74' lang='grc' dir='ltr'>οὐ</span> <span class='ocrx_word' id='word_1_77' title='bbox 621 955 1138 1024; x_wconf 81' lang='grc' dir='ltr'>κατακριθήσονται,</span> <span class='ocrx_word' id='word_1_78' title='bbox 1171 955 1273 1007; x_wconf 81' lang='grc' dir='ltr'>ὅσα</span> <span class='ocrx_word' id='word_1_79' title='bbox 1305 954 1362 1006; x_wconf 84' lang='grc' dir='ltr'>δὲ</span> <span class='ocrx_word' id='word_1_80' title='bbox 1393 953 1543 1024; x_wconf 84' lang='grc' dir='ltr'>παρὰ</span> <span class='ocrx_word' id='word_1_81' title='bbox 1569 950 1792 1014; x_wconf 81' lang='grc' dir='ltr'><strong>τούτους</strong></span> <span class='ocrx_word' id='word_1_82' title='bbox 1823 951 1950 1004; x_wconf 82' lang='grc' dir='ltr'>ἀνό-</span> 
     </span>
    </p>
   </div>
   <div class='ocr_carea' id='block_1_13' title="bbox 343 1043 1951 1115">
    <p class='ocr_par' dir='ltr' id='par_1_13' title="bbox 343 1043 1951 1115">
     <span class='ocr_line' id='line_1_13' title="bbox 343 1043 1951 1115; baseline -0.003 -17"><span class='ocrx_word' id='word_1_83' title='bbox 343 1105 352 1115; x_wconf 84' lang='lat'><em>_</em></span> <span class='ocrx_word' id='word_1_84' title='bbox 390 1064 506 1115; x_wconf 86' lang='grc' dir='ltr'><strong>μως</strong></span> <span class='ocrx_word' id='word_1_85' title='bbox 539 1047 632 1098; x_wconf 74' lang='grc' dir='ltr'>καὶ</span> <span class='ocrx_word' id='word_1_86' title='bbox 681 1046 920 1113; x_wconf 75' lang='grc' dir='ltr'><strong>ἀκρίτως</strong></span> <span class='ocrx_word' id='word_1_87' title='bbox 947 1049 1042 1098; x_wconf 75' lang='grc' dir='ltr'>καὶ</span> <span class='ocrx_word' id='word_1_88' title='bbox 1101 1045 1468 1114; x_wconf 72' lang='grc' dir='ltr'><strong>τυραννικῶς,</strong></span> <span class='ocrx_word' id='word_1_89' title='bbox 1504 1046 1562 1096; x_wconf 88' lang='grc' dir='ltr'><strong>ἐν</strong></span> <span class='ocrx_word' id='word_1_90' title='bbox 1613 1043 1824 1106; x_wconf 80' lang='grc' dir='ltr'>τούτοις</span> <span class='ocrx_word' id='word_1_91' title='bbox 1857 1044 1951 1096; x_wconf 78' lang='grc' dir='ltr'>καὶ</span> 
     </span>
    </p>
   </div>
   <div class='ocr_carea' id='block_1_14' title="bbox 392 1135 1954 1206">
    <p class='ocr_par' dir='ltr' id='par_1_14' title="bbox 392 1135 1954 1206">
     <span class='ocr_line' id='line_1_14' title="bbox 392 1135 1954 1206; baseline -0.002 -16"><span class='ocrx_word' id='word_1_92' title='bbox 392 1137 739 1190; x_wconf 77' lang='grc' dir='ltr'><strong>ἀπολοῦνται·</strong></span> <span class='ocrx_word' id='word_1_93' title='bbox 774 1137 866 1188; x_wconf 71' lang='grc' dir='ltr'><strong>ἐπὶ</strong></span> <span class='ocrx_word' id='word_1_94' title='bbox 896 1135 1230 1206; x_wconf 73' lang='grc' dir='ltr'>συμφέροντι</span> <span class='ocrx_word' id='word_1_95' title='bbox 1256 1138 1366 1206; x_wconf 77' lang='grc' dir='ltr'>γὰρ</span> <span class='ocrx_word' id='word_1_96' title='bbox 1405 1137 1512 1188; x_wconf 80' lang='grc' dir='ltr'>τῶν</span> <span class='ocrx_word' id='word_1_97' title='bbox 1545 1135 1762 1188; x_wconf 84' lang='grc' dir='ltr'>ἐθνῶνό</span> <span class='ocrx_word' id='word_1_98' title='bbox 1793 1135 1954 1204; x_wconf 88' lang='grc' dir='ltr'>νόμος</span> 
     </span>
    </p>
   </div>
   <div class='ocr_carea' id='block_1_15' title="bbox 392 1223 1960 1295">
    <p class='ocr_par' dir='ltr' id='par_1_15' title="bbox 392 1223 1960 1295">
     <span class='ocr_line' id='line_1_15' title="bbox 392 1223 1960 1295; baseline -0.001 -19"><span class='ocrx_word' id='word_1_99' title='bbox 392 1225 546 1292; x_wconf 85' lang='grc' dir='ltr'>ἐδόθη</span> <span class='ocrx_word' id='word_1_100' title='bbox 568 1225 770 1290; x_wconf 79' lang='grc' dir='ltr'>αὐτοῖς,</span> <span class='ocrx_word' id='word_1_101' title='bbox 793 1225 866 1286; x_wconf 82' lang='grc' dir='ltr'>ὡς</span> <span class='ocrx_word' id='word_1_102' title='bbox 893 1226 984 1276; x_wconf 81' lang='grc' dir='ltr'>καὶ</span> <span class='ocrx_word' id='word_1_103' title='bbox 1010 1224 1220 1286; x_wconf 77' lang='grc' dir='ltr'>Παῦλος</span> <span class='ocrx_word' id='word_1_104' title='bbox 1245 1225 1364 1295; x_wconf 81' lang='grc' dir='ltr'>βοᾷ·</span> <span class='ocrx_word' id='word_1_105' title='bbox 1391 1224 1526 1277; x_wconf 72' lang='grc' dir='ltr'>ἀλλὰ</span> <span class='ocrx_word' id='word_1_106' title='bbox 1557 1223 1650 1276; x_wconf 68' lang='grc' dir='ltr'>καὶ</span> <span class='ocrx_word' id='word_1_107' title='bbox 1677 1224 1726 1275; x_wconf 91' lang='grc' dir='ltr'><strong>οί</strong></span> <span class='ocrx_word' id='word_1_108' title='bbox 1764 1225 1960 1293; x_wconf 78' lang='grc' dir='ltr'>ἄρχον-</span> 
     </span>
    </p>
   </div>
   <div class='ocr_carea' id='block_1_16' title="bbox 397 1312 1956 1385">
    <p class='ocr_par' dir='ltr' id='par_1_16' title="bbox 397 1312 1956 1385">
     <span class='ocr_line' id='line_1_16' title="bbox 397 1312 1956 1385; baseline -0.001 -18"><span class='ocrx_word' id='word_1_109' title='bbox 397 1332 486 1378; x_wconf 87' lang='grc' dir='ltr'><strong>τες</strong></span> <span class='ocrx_word' id='word_1_110' title='bbox 510 1316 708 1385; x_wconf 78' lang='grc' dir='ltr'>ὁμοίως</span> <span class='ocrx_word' id='word_1_111' title='bbox 742 1319 855 1379; x_wconf 83' lang='grc' dir='ltr'>τοῖς</span> <span class='ocrx_word' id='word_1_112' title='bbox 901 1312 1088 1384; x_wconf 79' lang='grc' dir='ltr'>νόμοις</span> <span class='ocrx_word' id='word_1_113' title='bbox 1139 1315 1233 1367; x_wconf 72' lang='grc' dir='ltr'>ἐπὶ</span> <span class='ocrx_word' id='word_1_114' title='bbox 1286 1317 1618 1385; x_wconf 84' lang='grc' dir='ltr'>συμφέροντι</span> <span class='ocrx_word' id='word_1_115' title='bbox 1673 1315 1956 1384; x_wconf 79' lang='grc' dir='ltr'>ἐδόθησαν,</span> 
     </span>
    </p>
   </div>
   <div class='ocr_carea' id='block_1_17' title="bbox 399 1402 1959 1476">
    <p class='ocr_par' dir='ltr' id='par_1_17' title="bbox 399 1402 1959 1476">
     <span class='ocr_line' id='line_1_17' title="bbox 399 1402 1959 1476; baseline 0 -18"><span class='ocrx_word' id='word_1_116' title='bbox 399 1405 514 1458; x_wconf 77' lang='grc' dir='ltr'>ἀλλ’</span> <span class='ocrx_word' id='word_1_117' title='bbox 543 1407 640 1473; x_wconf 75' lang='grc' dir='ltr'>οὐχ</span> <span class='ocrx_word' id='word_1_118' title='bbox 663 1405 736 1466; x_wconf 84' lang='grc' dir='ltr'>ὡς</span> <span class='ocrx_word' id='word_1_119' title='bbox 755 1407 882 1458; x_wconf 81' lang='grc' dir='ltr'>ἐνιοι</span> <span class='ocrx_word' id='word_1_120' title='bbox 907 1407 1092 1469; x_wconf 77' lang='grc' dir='ltr'>κακῶς</span> <span class='ocrx_word' id='word_1_121' title='bbox 1119 1406 1400 1476; x_wconf 85' lang='grc' dir='ltr'>βούλονται</span> <span class='ocrx_word' id='word_1_122' title='bbox 1431 1407 1522 1459; x_wconf 79' lang='grc' dir='ltr'><strong>τοῦ</strong></span> <span class='ocrx_word' id='word_1_123' title='bbox 1549 1405 1798 1459; x_wconf 88' lang='grc' dir='ltr'>διαϐόλου</span> <span class='ocrx_word' id='word_1_124' title='bbox 1820 1402 1959 1458; x_wconf 82' lang='grc' dir='ltr'>εἶναι</span> 
     </span>
    </p>
   </div>
   <div class='ocr_carea' id='block_1_18' title="bbox 397 1496 1963 1569">
    <p class='ocr_par' dir='ltr' id='par_1_18' title="bbox 397 1496 1963 1569">
     <span class='ocr_line' id='line_1_18' title="bbox 397 1496 1963 1569; baseline 0.002 -24"><span class='ocrx_word' id='word_1_125' title='bbox 397 1497 496 1566; x_wconf 75' lang='grc' dir='ltr'>τὴν</span> <span class='ocrx_word' id='word_1_126' title='bbox 527 1496 778 1560; x_wconf 80' lang='grc' dir='ltr'>ἐξουσίαν</span> <span class='ocrx_word' id='word_1_127' title='bbox 841 1499 940 1566; x_wconf 77' lang='grc' dir='ltr'>τὴν</span> <span class='ocrx_word' id='word_1_128' title='bbox 965 1498 1060 1548; x_wconf 75' lang='grc' dir='ltr'><strong>ἐπὶ</strong></span> <span class='ocrx_word' id='word_1_129' title='bbox 1103 1499 1225 1567; x_wconf 75' lang='grc' dir='ltr'>γῆς,</span> <span class='ocrx_word' id='word_1_130' title='bbox 1255 1499 1334 1568; x_wconf 84' lang='grc' dir='ltr'>τῷ</span> <span class='ocrx_word' id='word_1_131' title='bbox 1357 1499 1587 1569; x_wconf 85' lang='grc' dir='ltr'>διαϐόλῳ</span> <span class='ocrx_word' id='word_1_132' title='bbox 1627 1499 1766 1551; x_wconf 87' lang='grc' dir='ltr'>κατὰ</span> <span class='ocrx_word' id='word_1_133' title='bbox 1803 1497 1963 1550; x_wconf 82' lang='grc' dir='ltr'>τοῦτο</span> 
     </span>
    </p>
   </div>
   <div class='ocr_carea' id='block_1_19' title="bbox 397 1586 1963 1658">
    <p class='ocr_par' dir='ltr' id='par_1_19' title="bbox 397 1586 1963 1658">
     <span class='ocr_line' id='line_1_19' title="bbox 397 1586 1963 1658; baseline 0.002 -21"><span class='ocrx_word' id='word_1_134' title='bbox 397 1586 870 1656; x_wconf 76' lang='grc' dir='ltr'>συναγορεύοντες,</span> <span class='ocrx_word' id='word_1_135' title='bbox 921 1589 1130 1640; x_wconf 76' lang='grc' dir='ltr'><strong>εἰπόντι</strong></span> <span class='ocrx_word' id='word_1_136' title='bbox 1166 1589 1303 1658; x_wconf 79' lang='grc' dir='ltr'>πρὸς</span> <span class='ocrx_word' id='word_1_137' title='bbox 1325 1590 1417 1641; x_wconf 78' lang='grc' dir='ltr'>τὸν</span> <span class='ocrx_word' id='word_1_138' title='bbox 1452 1590 1682 1658; x_wconf 75' lang='grc' dir='ltr'>Κύριοψ</span> <span class='ocrx_word' id='word_1_139' title='bbox 1734 1610 1752 1642; x_wconf 79' lang='grc' dir='ltr'><strong>ι</strong></span> <span class='ocrx_word' id='word_1_140' title='bbox 1777 1587 1963 1641; x_wconf 74' lang='grc' dir='ltr'>Ταῦτα</span> 
     </span>
    </p>
   </div>
   <div class='ocr_carea' id='block_1_20' title="bbox 2051 393 3610 467">
    <p class='ocr_par' dir='ltr' id='par_1_20' title="bbox 2051 393 3610 467">
     <span class='ocr_line' id='line_1_20' title="bbox 2051 393 3610 467; baseline -0.003 -15"><span class='ocrx_word' id='word_1_141' title='bbox 2051 415 2246 467; x_wconf 90' lang='lat' dir='ltr'><strong>nempe</strong></span> <span class='ocrx_word' id='word_1_142' title='bbox 2298 414 2394 466; x_wconf 88' lang='lat' dir='ltr'><strong>per</strong></span> <span class='ocrx_word' id='word_1_143' title='bbox 2427 411 2607 466; x_wconf 84' lang='lat' dir='ltr'><strong>reges,</strong></span> <span class='ocrx_word' id='word_1_144' title='bbox 2639 393 2938 464; x_wconf 84' lang='lat' dir='ltr'><strong>principes,</strong></span> <span class='ocrx_word' id='word_1_145' title='bbox 2995 394 3245 447; x_wconf 90' lang='lat' dir='ltr'><strong>dominos</strong></span> <span class='ocrx_word' id='word_1_146' title='bbox 3298 407 3362 446; x_wconf 89' lang='lat' dir='ltr'><strong>ac</strong></span> <span class='ocrx_word' id='word_1_147' title='bbox 3398 407 3610 456; x_wconf 84' lang='lat' dir='ltr'><strong>servos,</strong></span> 
     </span>
    </p>
   </div>
   <div class='ocr_carea' id='block_1_21' title="bbox 2052 484 3615 554">
    <p class='ocr_par' dir='ltr' id='par_1_21' title="bbox 2052 484 3615 554">
     <span class='ocr_line' id='line_1_21' title="bbox 2052 484 3615 554; baseline -0.003 -11"><span class='ocrx_word' id='word_1_148' title='bbox 2052 491 2243 544; x_wconf 85' lang='lat' dir='ltr'><strong>morali</strong></span> <span class='ocrx_word' id='word_1_149' title='bbox 2276 505 2529 544; x_wconf 88' lang='lat' dir='ltr'><strong>sermone</strong></span> <span class='ocrx_word' id='word_1_150' title='bbox 2561 503 2663 542; x_wconf 88' lang='lat' dir='ltr'><strong>suo</strong></span> <span class='ocrx_word' id='word_1_151' title='bbox 2708 487 3041 540; x_wconf 78' lang='lat' dir='ltr'><strong>excurrissct</strong></span> <span class='ocrx_word' id='word_1_152' title='bbox 3086 484 3405 552; x_wconf 77' lang='lat' dir='ltr'><strong>apostolus;</strong></span> <span class='ocrx_word' id='word_1_153' title='bbox 3451 492 3615 554; x_wconf 86' lang='lat' dir='ltr'><strong>atque</strong></span> 
     </span>
    </p>
   </div>
   <div class='ocr_carea' id='block_1_22' title="bbox 2052 573 3617 646">
    <p class='ocr_par' dir='ltr' id='par_1_22' title="bbox 2052 573 3617 646">
     <span class='ocr_line' id='line_1_22' title="bbox 2052 573 3617 646; baseline -0.003 -15"><span class='ocrx_word' id='word_1_154' title='bbox 2052 579 2451 646; x_wconf 71' lang='lat' dir='ltr'><strong>subjettionem</strong></span> <span class='ocrx_word' id='word_1_155' title='bbox 2480 578 2701 646; x_wconf 78' lang='lat' dir='ltr'><strong>regibus</strong></span> <span class='ocrx_word' id='word_1_156' title='bbox 2723 584 2776 630; x_wconf 90' lang='lat' dir='ltr'><strong>et</strong></span> <span class='ocrx_word' id='word_1_157' title='bbox 2802 573 3158 644; x_wconf 72' lang='lat' dir='ltr'><strong>principibus,</strong></span> <span class='ocrx_word' id='word_1_158' title='bbox 3185 573 3388 642; x_wconf 86' lang='lat' dir='ltr'><strong>quibus</strong></span> <span class='ocrx_word' id='word_1_159' title='bbox 3401 583 3617 643; x_wconf 88' lang='lat' dir='ltr'><strong>oportet</strong></span> 
     </span>
    </p>
   </div>
   <div class='ocr_carea' id='block_1_23' title="bbox 2051 655 3618 738">
    <p class='ocr_par' dir='ltr' id='par_1_23' title="bbox 2051 655 3618 738">
     <span class='ocr_line' id='line_1_23' title="bbox 2051 655 3618 738; baseline -0.001 -16"><span class='ocrx_word' id='word_1_160' title='bbox 2051 680 2104 722; x_wconf 90' lang='lat' dir='ltr'><strong>et</strong></span> <span class='ocrx_word' id='word_1_161' title='bbox 2136 671 2186 721; x_wconf 91' lang='lat' dir='ltr'><strong>in</strong></span> <span class='ocrx_word' id='word_1_162' title='bbox 2217 670 2417 737; x_wconf 87' lang='lat' dir='ltr'><strong>quibus</strong></span> <span class='ocrx_word' id='word_1_163' title='bbox 2469 677 2703 738; x_wconf 89' lang='lat' dir='ltr'><strong>oportet,</strong></span> <span class='ocrx_word' id='word_1_164' title='bbox 2741 655 3084 736; x_wconf 62' lang='lat' dir='ltr'><strong>praecepisset</strong></span> <span class='ocrx_word' id='word_1_165' title='bbox 3121 665 3354 733; x_wconf 82' lang='lat' dir='ltr'><strong>indeque</strong></span> <span class='ocrx_word' id='word_1_166' title='bbox 3391 667 3618 720; x_wconf 82' lang='lat' dir='ltr'><strong>demon-</strong></span> 
     </span>
    </p>
   </div>
   <div class='ocr_carea' id='block_1_24' title="bbox 2053 755 3620 827">
    <p class='ocr_par' dir='ltr' id='par_1_24' title="bbox 2053 755 3620 827">
     <span class='ocr_line' id='line_1_24' title="bbox 2053 755 3620 827; baseline -0.003 -15"><span class='ocrx_word' id='word_1_167' title='bbox 2053 768 2304 824; x_wconf 86' lang='lat' dir='ltr'><strong>strasset,</strong></span> <span class='ocrx_word' id='word_1_168' title='bbox 2325 760 2486 814; x_wconf 88' lang='lat' dir='ltr'><strong>etiam</strong></span> <span class='ocrx_word' id='word_1_169' title='bbox 2527 758 2823 827; x_wconf 79' lang='lat' dir='ltr'><strong>principes,</strong></span> <span class='ocrx_word' id='word_1_170' title='bbox 2856 756 3053 824; x_wconf 87' lang='lat' dir='ltr'><strong>quibus</strong></span> <span class='ocrx_word' id='word_1_171' title='bbox 3089 755 3232 824; x_wconf 80' lang='lat' dir='ltr'><strong>leges</strong></span> <span class='ocrx_word' id='word_1_172' title='bbox 3268 755 3620 810; x_wconf 86' lang='lat' dir='ltr'><strong>incitamento</strong></span> 
     </span>
    </p>
   </div>
   <div class='ocr_carea' id='block_1_25' title="bbox 2056 845 3620 914">
    <p class='ocr_par' dir='ltr' id='par_1_25' title="bbox 2056 845 3620 914">
     <span class='ocr_line' id='line_1_25' title="bbox 2056 845 3620 914; baseline -0.001 -14"><span class='ocrx_word' id='word_1_173' title='bbox 2056 848 2408 914; x_wconf 89' lang='lat' dir='ltr'><strong>adjustitiam</strong></span> <span class='ocrx_word' id='word_1_174' title='bbox 2455 863 2576 902; x_wconf 84' lang='lat' dir='ltr'><strong>esse</strong></span> <span class='ocrx_word' id='word_1_175' title='bbox 2612 848 2830 910; x_wconf 79' lang='lat' dir='ltr'><strong>debent,</strong></span> <span class='ocrx_word' id='word_1_176' title='bbox 2861 847 2904 899; x_wconf 91' lang='lat' dir='ltr'><strong>si</strong></span> <span class='ocrx_word' id='word_1_177' title='bbox 2947 845 3240 914; x_wconf 86' lang='lat' dir='ltr'><strong>quidquam</strong></span> <span class='ocrx_word' id='word_1_178' title='bbox 3259 846 3620 914; x_wconf 86' lang='lat' dir='ltr'><strong>eontraipsas</strong></span> 
     </span>
    </p>
   </div>
   <div class='ocr_carea' id='block_1_26' title="bbox 2057 936 3619 1007">
    <p class='ocr_par' dir='ltr' id='par_1_26' title="bbox 2057 936 3619 1007">
     <span class='ocr_line' id='line_1_26' title="bbox 2057 936 3619 1007; baseline -0.002 -16"><span class='ocrx_word' id='word_1_179' title='bbox 2057 939 2264 1007; x_wconf 86' lang='lat' dir='ltr'><strong>inique,</strong></span> <span class='ocrx_word' id='word_1_180' title='bbox 2291 939 2498 1007; x_wconf 81' lang='lat' dir='ltr'><strong>ab5que</strong></span> <span class='ocrx_word' id='word_1_181' title='bbox 2517 937 2747 1006; x_wconf 84' lang='lat' dir='ltr'><strong>judicio,</strong></span> <span class='ocrx_word' id='word_1_182' title='bbox 2763 949 2817 990; x_wconf 89' lang='lat' dir='ltr'><strong>et</strong></span> <span class='ocrx_word' id='word_1_183' title='bbox 2838 936 3081 1007; x_wconf 87' lang='lat' dir='ltr'><strong>tyraniee</strong></span> <span class='ocrx_word' id='word_1_184' title='bbox 3097 937 3326 1004; x_wconf 82' lang='lat' dir='ltr'><strong>egerint,</strong></span> <span class='ocrx_word' id='word_1_185' title='bbox 3357 945 3619 990; x_wconf 65' lang='lat' dir='ltr'><strong>aeternum</strong></span> 
     </span>
    </p>
   </div>
   <div class='ocr_carea' id='block_1_27' title="bbox 2058 1025 3619 1098">
    <p class='ocr_par' dir='ltr' id='par_1_27' title="bbox 2058 1025 3619 1098">
     <span class='ocr_line' id='line_1_27' title="bbox 2058 1025 3619 1098; baseline -0.004 -15"><span class='ocrx_word' id='word_1_186' title='bbox 2058 1031 2367 1098; x_wconf 87' lang='lat' dir='ltr'><strong>perituros:</strong></span> <span class='ocrx_word' id='word_1_187' title='bbox 2395 1027 2832 1097; x_wconf 75' lang='lat' dir='ltr'><strong>quandoquidem</strong></span> <span class='ocrx_word' id='word_1_188' title='bbox 2875 1026 2941 1079; x_wconf 92' lang='lat' dir='ltr'><strong>ad</strong></span> <span class='ocrx_word' id='word_1_189' title='bbox 2983 1025 3304 1094; x_wconf 89' lang='lat' dir='ltr'><strong>populorum</strong></span> <span class='ocrx_word' id='word_1_190' title='bbox 3334 1025 3619 1078; x_wconf 71' lang='lat' dir='ltr'><strong>utilitatem</strong></span> 
     </span>
    </p>
   </div>
   <div class='ocr_carea' id='block_1_28' title="bbox 2057 1111 3624 1184">
    <p class='ocr_par' dir='ltr' id='par_1_28' title="bbox 2057 1111 3624 1184">
     <span class='ocr_line' id='line_1_28' title="bbox 2057 1111 3624 1184; baseline -0.004 -13"><span class='ocrx_word' id='word_1_191' title='bbox 2057 1117 2180 1171; x_wconf 74' lang='lat' dir='ltr'><strong>data</strong></span> <span class='ocrx_word' id='word_1_192' title='bbox 2207 1125 2291 1172; x_wconf 88' lang='lat' dir='ltr'><strong>est</strong></span> <span class='ocrx_word' id='word_1_193' title='bbox 2321 1117 2429 1170; x_wconf 83' lang='lat' dir='ltr'><strong>illis</strong></span> <span class='ocrx_word' id='word_1_194' title='bbox 2462 1117 2567 1178; x_wconf 84' lang='lat' dir='ltr'><strong>lex,</strong></span> <span class='ocrx_word' id='word_1_195' title='bbox 2602 1114 3064 1184; x_wconf 81' lang='lat' dir='ltr'><strong>quemadmodum</strong></span> <span class='ocrx_word' id='word_1_196' title='bbox 3097 1121 3150 1166; x_wconf 89' lang='lat' dir='ltr'><strong>et</strong></span> <span class='ocrx_word' id='word_1_197' title='bbox 3171 1111 3372 1166; x_wconf 81' lang='lat' dir='ltr'><strong>Paulus</strong></span> <span class='ocrx_word' id='word_1_198' title='bbox 3401 1111 3624 1178; x_wconf 88' lang='lat' dir='ltr'><strong>clamat;</strong></span> 
     </span>
    </p>
   </div>
   <div class='ocr_carea' id='block_1_29' title="bbox 2059 1202 3627 1277">
    <p class='ocr_par' dir='ltr' id='par_1_29' title="bbox 2059 1202 3627 1277">
     <span class='ocr_line' id='line_1_29' title="bbox 2059 1202 3627 1277; baseline -0.004 -15"><span class='ocrx_word' id='word_1_199' title='bbox 2059 1219 2112 1262; x_wconf 90' lang='lat' dir='ltr'><strong>et</strong></span> <span class='ocrx_word' id='word_1_200' title='bbox 2133 1209 2247 1277; x_wconf 88' lang='lat' dir='ltr'><strong>pari</strong></span> <span class='ocrx_word' id='word_1_201' title='bbox 2271 1209 2482 1261; x_wconf 81' lang='lat' dir='ltr'><strong>ratione</strong></span> <span class='ocrx_word' id='word_1_202' title='bbox 2507 1207 2572 1261; x_wconf 88' lang='lat' dir='ltr'><strong>ad</strong></span> <span class='ocrx_word' id='word_1_203' title='bbox 2593 1207 2881 1260; x_wconf 85' lang='lat' dir='ltr'><strong>utilitatem</strong></span> <span class='ocrx_word' id='word_1_204' title='bbox 2929 1204 3334 1272; x_wconf 79' lang='lat' dir='ltr'><strong>assignatisunt</strong></span> <span class='ocrx_word' id='word_1_205' title='bbox 3352 1202 3627 1272; x_wconf 88' lang='lat' dir='ltr'><strong>principes</strong></span> 
     </span>
    </p>
   </div>
   <div class='ocr_carea' id='block_1_30' title="bbox 2059 1288 3627 1370">
    <p class='ocr_par' dir='ltr' id='par_1_30' title="bbox 2059 1288 3627 1370">
     <span class='ocr_line' id='line_1_30' title="bbox 2059 1288 3627 1370; baseline -0.005 -15"><span class='ocrx_word' id='word_1_206' title='bbox 2059 1301 2307 1370; x_wconf 76' lang='lat' dir='ltr'><strong>legibus:</strong></span> <span class='ocrx_word' id='word_1_207' title='bbox 2345 1299 2498 1361; x_wconf 41' lang='lat' dir='ltr'><strong>unde,</strong></span> <span class='ocrx_word' id='word_1_208' title='bbox 2540 1297 2774 1366; x_wconf 86' lang='lat' dir='ltr'><strong>pessime</strong></span> <span class='ocrx_word' id='word_1_209' title='bbox 2828 1288 3050 1364; x_wconf 74' lang='lat' dir='ltr'><strong>quidam</strong></span> <span class='ocrx_word' id='word_1_210' title='bbox 3083 1294 3428 1363; x_wconf 81' lang='lat' dir='ltr'><strong>portendunt,</strong></span> <span class='ocrx_word' id='word_1_211' title='bbox 3472 1301 3627 1362; x_wconf 86' lang='lat' dir='ltr'><strong>pote-</strong></span> 
     </span>
    </p>
   </div>
   <div class='ocr_carea' id='block_1_31' title="bbox 2063 1380 3626 1457">
    <p class='ocr_par' dir='ltr' id='par_1_31' title="bbox 2063 1380 3626 1457">
     <span class='ocr_line' id='line_1_31' title="bbox 2063 1380 3626 1457; baseline -0.008 -13"><span class='ocrx_word' id='word_1_212' title='bbox 2063 1402 2257 1444; x_wconf 77' lang='lat' dir='ltr'><strong>Statem</strong></span> <span class='ocrx_word' id='word_1_213' title='bbox 2305 1402 2579 1457; x_wconf 90' lang='lat' dir='ltr'><strong>quamque</strong></span> <span class='ocrx_word' id='word_1_214' title='bbox 2613 1394 2886 1440; x_wconf 84' lang='lat' dir='ltr'><strong>terrenam</strong></span> <span class='ocrx_word' id='word_1_215' title='bbox 2921 1399 3044 1440; x_wconf 88' lang='lat' dir='ltr'><strong>esse</strong></span> <span class='ocrx_word' id='word_1_216' title='bbox 3071 1399 3102 1436; x_wconf 90' lang='lat' dir='ltr'><strong>a</strong></span> <span class='ocrx_word' id='word_1_217' title='bbox 3135 1381 3378 1436; x_wconf 87' lang='lat' dir='ltr'><strong>diabolo.</strong></span> <span class='ocrx_word' id='word_1_218' title='bbox 3413 1380 3530 1446; x_wconf 83' lang='lat' dir='ltr'><strong>Qua</strong></span> <span class='ocrx_word' id='word_1_219' title='bbox 3572 1381 3626 1436; x_wconf 90' lang='lat' dir='ltr'><strong>in</strong></span> 
     </span>
    </p>
   </div>
   <div class='ocr_carea' id='block_1_32' title="bbox 2063 1471 3631 1548">
    <p class='ocr_par' dir='ltr' id='par_1_32' title="bbox 2063 1471 3631 1548">
     <span class='ocr_line' id='line_1_32' title="bbox 2063 1471 3631 1548; baseline -0.007 -14"><span class='ocrx_word' id='word_1_220' title='bbox 2063 1497 2120 1534; x_wconf 91' lang='lat' dir='ltr'><strong>re</strong></span> <span class='ocrx_word' id='word_1_221' title='bbox 2145 1481 2364 1548; x_wconf 90' lang='lat' dir='ltr'><strong>ipsimet</strong></span> <span class='ocrx_word' id='word_1_222' title='bbox 2383 1479 2599 1533; x_wconf 87' lang='lat' dir='ltr'><strong>diabolo</strong></span> <span class='ocrx_word' id='word_1_223' title='bbox 2629 1479 3069 1548; x_wconf 87' lang='lat' dir='ltr'><strong>patrocinantur,</strong></span> <span class='ocrx_word' id='word_1_224' title='bbox 3097 1476 3187 1544; x_wconf 90' lang='lat' dir='ltr'><strong>qui</strong></span> <span class='ocrx_word' id='word_1_225' title='bbox 3221 1489 3387 1528; x_wconf 89' lang='lat' dir='ltr'><strong>attsus</strong></span> <span class='ocrx_word' id='word_1_226' title='bbox 3412 1480 3497 1528; x_wconf 90' lang='lat' dir='ltr'><strong>est</strong></span> <span class='ocrx_word' id='word_1_227' title='bbox 3525 1471 3631 1525; x_wconf 81' lang='lat' dir='ltr'><strong>Do-</strong></span> 
     </span>
    </p>
   </div>
   <div class='ocr_carea' id='block_1_33' title="bbox 2067 1560 3632 1628">
    <p class='ocr_par' dir='ltr' id='par_1_33' title="bbox 2067 1560 3632 1628">
     <span class='ocr_line' id='line_1_33' title="bbox 2067 1560 3632 1628; baseline -0.006 -5"><span class='ocrx_word' id='word_1_228' title='bbox 2067 1571 2212 1624; x_wconf 88' lang='lat' dir='ltr'><strong>mino</strong></span> <span class='ocrx_word' id='word_1_229' title='bbox 2235 1570 2449 1626; x_wconf 78' lang='lat' dir='ltr'><strong>dicere:</strong></span> <span class='ocrx_word' id='word_1_230' title='bbox 2486 1569 2640 1624; x_wconf 65' lang='lat' dir='ltr'><strong>«Haec</strong></span> <span class='ocrx_word' id='word_1_231' title='bbox 2663 1567 2999 1622; x_wconf 86' lang='lat' dir='ltr'><strong>omnia&#39;mibi</strong></span> <span class='ocrx_word' id='word_1_232' title='bbox 3033 1566 3231 1619; x_wconf 88' lang='lat' dir='ltr'><strong>tradita</strong></span> <span class='ocrx_word' id='word_1_233' title='bbox 3260 1572 3427 1628; x_wconf 88' lang='lat' dir='ltr'><strong>sunt;</strong></span> <span class='ocrx_word' id='word_1_234' title='bbox 3460 1565 3521 1618; x_wconf 78' lang='lat' dir='ltr'><strong>et‘</strong></span> <span class='ocrx_word' id='word_1_235' title='bbox 3541 1560 3632 1616; x_wconf 86' lang='lat' dir='ltr'><strong>cui</strong></span> 
     </span>
    </p>
   </div>
   <div class='ocr_carea' id='block_1_34' title="bbox 397 1645 1973 1748">
    <p class='ocr_par' dir='ltr' id='par_1_34' title="bbox 397 1671 1954 1748">
     <span class='ocr_line' id='line_1_34' title="bbox 397 1671 1954 1748; baseline 0.003 -22"><span class='ocrx_word' id='word_1_236' title='bbox 397 1678 574 1728; x_wconf 82' lang='grc' dir='ltr'>πάντα</span> <span class='ocrx_word' id='word_1_237' title='bbox 605 1677 727 1744; x_wconf 76' lang='grc' dir='ltr'>ἐμοὶ</span> <span class='ocrx_word' id='word_1_238' title='bbox 745 1678 972 1742; x_wconf 79' lang='grc' dir='ltr'>δέδοται,</span> <span class='ocrx_word' id='word_1_239' title='bbox 995 1678 1089 1731; x_wconf 79' lang='grc' dir='ltr'>καὶ</span> <span class='ocrx_word' id='word_1_240' title='bbox 1100 1671 1143 1745; x_wconf 82' lang='grc' dir='ltr'>ᾧ</span> <span class='ocrx_word' id='word_1_241' title='bbox 1159 1678 1222 1732; x_wconf 75' lang='grc' dir='ltr'>ἂν</span> <span class='ocrx_word' id='word_1_242' title='bbox 1239 1678 1513 1748; x_wconf 84' lang='grc' dir='ltr'>βούλωμαι</span> <span class='ocrx_word' id='word_1_243' title='bbox 1533 1680 1724 1748; x_wconf 79' lang='grc' dir='ltr'>δίδωμι</span> <span class='ocrx_word' id='word_1_244' title='bbox 1760 1680 1922 1732; x_wconf 77' lang='grc' dir='ltr'>αὐτά·</span> <span class='ocrx_word' id='word_1_245' title='bbox 1937 1697 1954 1730; x_wconf 76' lang='grc' dir='ltr'><strong>ι</strong></span> 
     </span>
    </p>
   </div>
   <div class='ocr_carea' id='block_1_35' title="bbox 2077 1645 3630 1748">
    <p class='ocr_par' dir='ltr' id='par_1_35' title="bbox 2077 1655 3630 1724">
     <span class='ocr_line' id='line_1_35' title="bbox 2077 1655 3630 1724; baseline -0.008 -10"><span class='ocrx_word' id='word_1_246' title='bbox 2077 1665 2210 1724; x_wconf 79' lang='lat' dir='ltr'><strong>volo,</strong></span> <span class='ocrx_word' id='word_1_247' title='bbox 2242 1662 2312 1715; x_wconf 91' lang='lat' dir='ltr'><strong>do</strong></span> <span class='ocrx_word' id='word_1_248' title='bbox 2352 1661 2442 1714; x_wconf 86' lang='lat' dir='ltr'><strong>illa</strong></span> <span class='ocrx_word' id='word_1_249' title='bbox 2478 1661 2546 1714; x_wconf 77' lang='lat'><strong>&quot;‘.</strong></span> <span class='ocrx_word' id='word_1_250' title='bbox 2579 1680 2598 1711; x_wconf 72' lang='grc' dir='ltr'><strong>ι</strong></span> <span class='ocrx_word' id='word_1_251' title='bbox 2633 1659 2752 1714; x_wconf 87' lang='grc' dir='ltr'>Νοιι</span> <span class='ocrx_word' id='word_1_252' title='bbox 2803 1658 2946 1712; x_wconf 86' lang='lat' dir='ltr'><strong>enim</strong></span> <span class='ocrx_word' id='word_1_253' title='bbox 3003 1658 3151 1710; x_wconf 88' lang='lat' dir='ltr'><strong>illius</strong></span> <span class='ocrx_word' id='word_1_254' title='bbox 3191 1655 3420 1724; x_wconf 88' lang='lat' dir='ltr'><strong>imperio</strong></span> <span class='ocrx_word' id='word_1_255' title='bbox 3476 1667 3630 1722; x_wconf 79' lang='lat' dir='ltr'><strong>reges</strong></span> 
     </span>
    </p>
   </div>
   <div class='ocr_carea' id='block_1_36' title="bbox 395 1767 1962 1838">
    <p class='ocr_par' dir='ltr' id='par_1_36' title="bbox 395 1767 1962 1838">
     <span class='ocr_line' id='line_1_36' title="bbox 395 1767 1962 1838; baseline 0.004 -21"><span class='ocrx_word' id='word_1_256' title='bbox 395 1767 455 1817; x_wconf 75' lang='grc' dir='ltr'>οὐ</span> <span class='ocrx_word' id='word_1_257' title='bbox 486 1767 596 1836; x_wconf 70' lang='grc' dir='ltr'>γὰρ</span> <span class='ocrx_word' id='word_1_258' title='bbox 627 1769 693 1836; x_wconf 84' lang='grc' dir='ltr'><strong>τῇ</strong></span> <span class='ocrx_word' id='word_1_259' title='bbox 735 1767 926 1820; x_wconf 88' lang='grc' dir='ltr'>τούτου</span> <span class='ocrx_word' id='word_1_260' title='bbox 983 1768 1231 1821; x_wconf 85' lang='grc' dir='ltr'>κελεύσει</span> <span class='ocrx_word' id='word_1_261' title='bbox 1293 1770 1534 1838; x_wconf 82' lang='grc' dir='ltr'>βασιλεῖς</span> <span class='ocrx_word' id='word_1_262' title='bbox 1589 1769 1962 1836; x_wconf 81' lang='grc' dir='ltr'>καθίστανται,</span> 
     </span>
    </p>
   </div>
   <div class='ocr_carea' id='block_1_37' title="bbox 305 1859 1955 1929">
    <p class='ocr_par' dir='ltr' id='par_1_37' title="bbox 305 1859 1955 1929">
     <span class='ocr_line' id='line_1_37' title="bbox 305 1859 1955 1929; baseline 0.006 -21"><span class='ocrx_word' id='word_1_263' title='bbox 305 1894 310 1900; x_wconf 68' lang='grc' dir='ltr'><strong>ι</strong></span> <span class='ocrx_word' id='word_1_264' title='bbox 395 1859 592 1920; x_wconf 74' lang='grc' dir='ltr'>οἵτινες</span> <span class='ocrx_word' id='word_1_265' title='bbox 625 1859 758 1927; x_wconf 79' lang='grc' dir='ltr'>πρὸς</span> <span class='ocrx_word' id='word_1_266' title='bbox 793 1860 1168 1929; x_wconf 75' lang='grc' dir='ltr'>ἐπανόρθωσιν</span> <span class='ocrx_word' id='word_1_267' title='bbox 1194 1865 1302 1914; x_wconf 81' lang='grc' dir='ltr'>τῶν</span> <span class='ocrx_word' id='word_1_268' title='bbox 1343 1863 1533 1916; x_wconf 81' lang='grc' dir='ltr'>κακῶν</span> <span class='ocrx_word' id='word_1_269' title='bbox 1567 1863 1829 1929; x_wconf 78' lang='grc' dir='ltr'>δέδονται,</span> <span class='ocrx_word' id='word_1_270' title='bbox 1861 1865 1955 1918; x_wconf 90' lang='grc' dir='ltr'><strong>τοῦ</strong></span> 
     </span>
    </p>
   </div>
   <div class='ocr_carea' id='block_1_38' title="bbox 397 1948 1968 2023">
    <p class='ocr_par' dir='ltr' id='par_1_38' title="bbox 397 1948 1968 2023">
     <span class='ocr_line' id='line_1_38' title="bbox 397 1948 1968 2023; baseline 0.003 -23"><span class='ocrx_word' id='word_1_271' title='bbox 397 1948 643 2001; x_wconf 84' lang='grc' dir='ltr'>διαϐόλου</span> <span class='ocrx_word' id='word_1_272' title='bbox 676 1949 843 2018; x_wconf 84' lang='grc' dir='ltr'>μηδὲν</span> <span class='ocrx_word' id='word_1_273' title='bbox 870 1950 1111 2002; x_wconf 88' lang='grc' dir='ltr'>τοιοῦτον</span> <span class='ocrx_word' id='word_1_274' title='bbox 1145 1951 1596 2020; x_wconf 78' lang='grc' dir='ltr'>ἐμπολιτεύεσθαι</span> <span class='ocrx_word' id='word_1_275' title='bbox 1624 1955 1736 2014; x_wconf 86' lang='grc' dir='ltr'>τοῖς</span> <span class='ocrx_word' id='word_1_276' title='bbox 1765 1952 1968 2023; x_wconf 82' lang='grc' dir='ltr'>ἀνθρὼ-</span> 
     </span>
    </p>
   </div>
   <div class='ocr_carea' id='block_1_39' title="bbox 399 2039 1964 2112">
    <p class='ocr_par' dir='ltr' id='par_1_39' title="bbox 399 2039 1964 2112">
     <span class='ocr_line' id='line_1_39' title="bbox 399 2039 1964 2112; baseline 0.003 -22"><span class='ocrx_word' id='word_1_277' title='bbox 399 2055 522 2102; x_wconf 88' lang='grc' dir='ltr'>ποις</span> <span class='ocrx_word' id='word_1_278' title='bbox 554 2039 910 2108; x_wconf 75' lang='grc' dir='ltr'>ἐπειγομένου</span> <span class='ocrx_word' id='word_1_279' title='bbox 937 2057 952 2070; x_wconf 73' lang='grc'><strong><em>⁸</em></strong></span> <span class='ocrx_word' id='word_1_280' title='bbox 1003 2040 1264 2112; x_wconf 78' lang='grc' dir='ltr'>ἐδόθησαν</span> <span class='ocrx_word' id='word_1_281' title='bbox 1311 2042 1420 2112; x_wconf 81' lang='grc' dir='ltr'><strong>γὰρ</strong></span> <span class='ocrx_word' id='word_1_282' title='bbox 1451 2042 1692 2106; x_wconf 78' lang='grc' dir='ltr'>ἐξουσίαι</span> <span class='ocrx_word' id='word_1_283' title='bbox 1735 2044 1832 2095; x_wconf 77' lang='grc' dir='ltr'>καὶ</span> <span class='ocrx_word' id='word_1_284' title='bbox 1864 2042 1964 2111; x_wconf 85' lang='grc' dir='ltr'><strong>ἄρ-</strong></span> 
     </span>
    </p>
   </div>
   <div class='ocr_carea' id='block_1_40' title="bbox 400 2129 1962 2204">
    <p class='ocr_par' dir='ltr' id='par_1_40' title="bbox 400 2129 1962 2204">
     <span class='ocr_line' id='line_1_40' title="bbox 400 2129 1962 2204; baseline 0.002 -23"><span class='ocrx_word' id='word_1_285' title='bbox 400 2145 586 2199; x_wconf 88' lang='grc' dir='ltr'>χοντες</span> <span class='ocrx_word' id='word_1_286' title='bbox 616 2129 722 2182; x_wconf 74' lang='grc' dir='ltr'><strong>ὑπὸ</strong></span> <span class='ocrx_word' id='word_1_287' title='bbox 746 2129 904 2195; x_wconf 84' lang='grc' dir='ltr'>Θεοῦ,</span> <span class='ocrx_word' id='word_1_288' title='bbox 929 2132 979 2183; x_wconf 89' lang='grc' dir='ltr'><strong>οί</strong></span> <span class='ocrx_word' id='word_1_289' title='bbox 1006 2131 1124 2200; x_wconf 85' lang='grc' dir='ltr'>μὲν,</span> <span class='ocrx_word' id='word_1_290' title='bbox 1165 2133 1243 2194; x_wconf 89' lang='grc' dir='ltr'><strong>είς</strong></span> <span class='ocrx_word' id='word_1_291' title='bbox 1275 2134 1605 2204; x_wconf 79' lang='grc' dir='ltr'>συντήρησιν</span> <span class='ocrx_word' id='word_1_292' title='bbox 1634 2132 1728 2186; x_wconf 86' lang='grc' dir='ltr'><strong>τοῦ</strong></span> <span class='ocrx_word' id='word_1_293' title='bbox 1754 2133 1962 2186; x_wconf 84' lang='grc' dir='ltr'>δικαίου</span> 
     </span>
    </p>
   </div>
   <div class='ocr_carea' id='block_1_41' title="bbox 401 2217 1966 2293">
    <p class='ocr_par' dir='ltr' id='par_1_41' title="bbox 401 2217 1966 2293">
     <span class='ocr_line' id='line_1_41' title="bbox 401 2217 1966 2293; baseline 0.003 -23"><span class='ocrx_word' id='word_1_294' title='bbox 401 2217 498 2270; x_wconf 80' lang='grc' dir='ltr'>καὶ</span> <span class='ocrx_word' id='word_1_295' title='bbox 521 2218 890 2288; x_wconf 80' lang='grc' dir='ltr'>ἐπανόρθωσιν</span> <span class='ocrx_word' id='word_1_296' title='bbox 910 2220 1002 2273; x_wconf 70' lang='grc' dir='ltr'>καὶ</span> <span class='ocrx_word' id='word_1_297' title='bbox 1029 2219 1296 2288; x_wconf 85' lang='grc' dir='ltr'>ὠφέλειαν</span> <span class='ocrx_word' id='word_1_298' title='bbox 1325 2222 1434 2274; x_wconf 84' lang='grc' dir='ltr'>τῶν</span> <span class='ocrx_word' id='word_1_299' title='bbox 1457 2223 1799 2293; x_wconf 82' lang='grc' dir='ltr'>ἀρχομένων,</span> <span class='ocrx_word' id='word_1_300' title='bbox 1831 2223 1880 2274; x_wconf 75' lang='grc' dir='ltr'>οἱ</span> <span class='ocrx_word' id='word_1_301' title='bbox 1908 2223 1966 2274; x_wconf 80' lang='grc' dir='ltr'><strong>δέ</strong></span> 
     </span>
    </p>
   </div>
   <div class='ocr_carea' id='block_1_42' title="bbox 403 2309 1969 2382">
    <p class='ocr_par' dir='ltr' id='par_1_42' title="bbox 403 2309 1969 2382">
     <span class='ocr_line' id='line_1_42' title="bbox 403 2309 1969 2382; baseline 0.003 -22"><span class='ocrx_word' id='word_1_302' title='bbox 403 2309 492 2361; x_wconf 73' lang='grc' dir='ltr'><strong>διὰ</strong></span> <span class='ocrx_word' id='word_1_303' title='bbox 531 2311 694 2376; x_wconf 78' lang='grc' dir='ltr'>φόϐον</span> <span class='ocrx_word' id='word_1_304' title='bbox 726 2310 862 2378; x_wconf 81' lang='grc' dir='ltr'>πρὸς</span> <span class='ocrx_word' id='word_1_305' title='bbox 893 2314 1164 2382; x_wconf 82' lang='grc' dir='ltr'>τιμωρίαν</span> <span class='ocrx_word' id='word_1_306' title='bbox 1197 2315 1292 2367; x_wconf 76' lang='grc' dir='ltr'>καὶ</span> <span class='ocrx_word' id='word_1_307' title='bbox 1325 2313 1615 2382; x_wconf 78' lang='grc' dir='ltr'>ἐπίπληξιν</span> <span class='ocrx_word' id='word_1_308' title='bbox 1652 2315 1760 2366; x_wconf 82' lang='grc' dir='ltr'><strong>τῶν</strong></span> <span class='ocrx_word' id='word_1_309' title='bbox 1794 2315 1969 2382; x_wconf 76' lang='grc' dir='ltr'>ἁμαρ-</span> 
     </span>
    </p>
   </div>
   <div class='ocr_carea' id='block_1_43' title="bbox 407 2401 1966 2472">
    <p class='ocr_par' dir='ltr' id='par_1_43' title="bbox 407 2401 1966 2472">
     <span class='ocr_line' id='line_1_43' title="bbox 407 2401 1966 2472; baseline 0.002 -21"><span class='ocrx_word' id='word_1_310' title='bbox 407 2401 694 2466; x_wconf 69' lang='grc' dir='ltr'>τεινόντων,</span> <span class='ocrx_word' id='word_1_311' title='bbox 717 2403 765 2452; x_wconf 89' lang='grc' dir='ltr'><strong>οί</strong></span> <span class='ocrx_word' id='word_1_312' title='bbox 797 2401 852 2454; x_wconf 75' lang='grc' dir='ltr'><strong>δέ</strong></span> <span class='ocrx_word' id='word_1_313' title='bbox 882 2403 978 2454; x_wconf 70' lang='grc' dir='ltr'>καὶ</span> <span class='ocrx_word' id='word_1_314' title='bbox 1011 2403 1090 2464; x_wconf 84' lang='grc' dir='ltr'><strong>είς</strong></span> <span class='ocrx_word' id='word_1_315' title='bbox 1111 2403 1173 2454; x_wconf 82' lang='grc' dir='ltr'>τὸ</span> <span class='ocrx_word' id='word_1_316' title='bbox 1205 2404 1330 2464; x_wconf 74' lang='grc' dir='ltr'>τοὺς</span> <span class='ocrx_word' id='word_1_317' title='bbox 1385 2403 1777 2472; x_wconf 77' lang='grc' dir='ltr'>ἐξυϐρίσαντας</span> <span class='ocrx_word' id='word_1_318' title='bbox 1813 2403 1966 2472; x_wconf 85' lang='grc' dir='ltr'>δίκην</span> 
     </span>
    </p>
   </div>
   <div class='ocr_carea' id='block_1_44' title="bbox 404 2491 1969 2556">
    <p class='ocr_par' dir='ltr' id='par_1_44' title="bbox 404 2491 1969 2556">
     <span class='ocr_line' id='line_1_44' title="bbox 404 2491 1969 2556; baseline 0.002 -14"><span class='ocrx_word' id='word_1_319' title='bbox 404 2491 562 2554; x_wconf 77' lang='grc' dir='ltr'>ἀξίαν</span> <span class='ocrx_word' id='word_1_320' title='bbox 619 2493 905 2544; x_wconf 83' lang='grc' dir='ltr'>ἀποτῖσαι’</span> <span class='ocrx_word' id='word_1_321' title='bbox 939 2492 1114 2556; x_wconf 77' lang='grc' dir='ltr'>δείξας</span> <span class='ocrx_word' id='word_1_322' title='bbox 1164 2494 1258 2546; x_wconf 85' lang='grc' dir='ltr'><strong>οῦν</strong></span> <span class='ocrx_word' id='word_1_323' title='bbox 1283 2492 1463 2554; x_wconf 77' lang='grc' dir='ltr'>τοῦτο,</span> <span class='ocrx_word' id='word_1_324' title='bbox 1505 2495 1596 2545; x_wconf 67' lang='grc' dir='ltr'>καὶ</span> <span class='ocrx_word' id='word_1_325' title='bbox 1631 2495 1715 2546; x_wconf 86' lang='grc' dir='ltr'>ὄτι</span> <span class='ocrx_word' id='word_1_326' title='bbox 1745 2494 1804 2545; x_wconf 76' lang='grc' dir='ltr'><strong>το</strong></span> <span class='ocrx_word' id='word_1_327' title='bbox 1837 2495 1969 2545; x_wconf 83' lang='grc' dir='ltr'>ὑπο-</span> 
     </span>
    </p>
   </div>
   <div class='ocr_carea' id='block_1_45' title="bbox 406 2580 1971 2650">
    <p class='ocr_par' dir='ltr' id='par_1_45' title="bbox 406 2580 1971 2650">
     <span class='ocr_line' id='line_1_45' title="bbox 406 2580 1971 2650; baseline 0.003 -18"><span class='ocrx_word' id='word_1_328' title='bbox 406 2581 698 2635; x_wconf 79' lang='grc' dir='ltr'>τάσσεσθαι</span> <span class='ocrx_word' id='word_1_329' title='bbox 752 2580 964 2646; x_wconf 80' lang='grc' dir='ltr'>τούτοις</span> <span class='ocrx_word' id='word_1_330' title='bbox 992 2582 1214 2650; x_wconf 77' lang='grc' dir='ltr'>ἀγαθὸν.</span> <span class='ocrx_word' id='word_1_331' title='bbox 1247 2585 1304 2636; x_wconf 69' lang='grc' dir='ltr'><strong>τὸ</strong></span> <span class='ocrx_word' id='word_1_332' title='bbox 1334 2585 1389 2636; x_wconf 77' lang='grc' dir='ltr'>δὲ</span> <span class='ocrx_word' id='word_1_333' title='bbox 1425 2584 1670 2646; x_wconf 77' lang='grc' dir='ltr'>ἀπειθεῖς</span> <span class='ocrx_word' id='word_1_334' title='bbox 1700 2581 1837 2636; x_wconf 79' lang='grc' dir='ltr'>εἶναι</span> <span class='ocrx_word' id='word_1_335' title='bbox 1869 2603 1971 2636; x_wconf 84' lang='grc' dir='ltr'>κα-</span> 
     </span>
    </p>
   </div>
   <div class='ocr_carea' id='block_1_46' title="bbox 411 2673 1973 2744">
    <p class='ocr_par' dir='ltr' id='par_1_46' title="bbox 411 2673 1973 2744">
     <span class='ocr_line' id='line_1_46' title="bbox 411 2673 1973 2744; baseline 0.003 -21"><span class='ocrx_word' id='word_1_336' title='bbox 411 2673 534 2723; x_wconf 72' lang='grc' dir='ltr'>κόν*</span> <span class='ocrx_word' id='word_1_337' title='bbox 571 2673 768 2741; x_wconf 82' lang='grc' dir='ltr'>ὁμοίως</span> <span class='ocrx_word' id='word_1_338' title='bbox 808 2675 864 2728; x_wconf 82' lang='grc' dir='ltr'>δὲ</span> <span class='ocrx_word' id='word_1_339' title='bbox 899 2675 995 2728; x_wconf 76' lang='grc' dir='ltr'>καὶ</span> <span class='ocrx_word' id='word_1_340' title='bbox 1037 2677 1147 2736; x_wconf 82' lang='grc' dir='ltr'>τοῖς</span> <span class='ocrx_word' id='word_1_341' title='bbox 1213 2675 1440 2738; x_wconf 87' lang='grc' dir='ltr'>δούλοις,</span> <span class='ocrx_word' id='word_1_342' title='bbox 1483 2675 1556 2736; x_wconf 82' lang='grc' dir='ltr'>ὡς</span> <span class='ocrx_word' id='word_1_343' title='bbox 1597 2675 1804 2744; x_wconf 78' lang='grc' dir='ltr'>ἔφημεν</span> <span class='ocrx_word' id='word_1_344' title='bbox 1844 2675 1973 2727; x_wconf 83' lang='grc' dir='ltr'>ὑπο-</span> 
     </span>
    </p>
   </div>
   <div class='ocr_carea' id='block_1_47' title="bbox 414 2763 1973 2834">
    <p class='ocr_par' dir='ltr' id='par_1_47' title="bbox 414 2763 1973 2834">
     <span class='ocr_line' id='line_1_47' title="bbox 414 2763 1973 2834; baseline 0.002 -21"><span class='ocrx_word' id='word_1_345' title='bbox 414 2763 714 2832; x_wconf 79' lang='grc' dir='ltr'>μνήσαντες</span> <span class='ocrx_word' id='word_1_346' title='bbox 748 2765 844 2817; x_wconf 73' lang='grc' dir='ltr'>καὶ</span> <span class='ocrx_word' id='word_1_347' title='bbox 883 2765 1011 2834; x_wconf 74' lang='grc' dir='ltr'>περὶ</span> <span class='ocrx_word' id='word_1_348' title='bbox 1061 2765 1262 2818; x_wconf 84' lang='grc' dir='ltr'>δούλων</span> <span class='ocrx_word' id='word_1_349' title='bbox 1289 2765 1382 2817; x_wconf 70' lang='grc' dir='ltr'>καὶ</span> <span class='ocrx_word' id='word_1_350' title='bbox 1401 2765 1676 2818; x_wconf 76' lang='grc' dir='ltr'>δεσποτῶν</span> <span class='ocrx_word' id='word_1_351' title='bbox 1707 2782 1722 2796; x_wconf 91' lang='grc'><strong>·</strong></span> <span class='ocrx_word' id='word_1_352' title='bbox 1761 2765 1973 2834; x_wconf 79' lang='grc' dir='ltr'>μέτεισι</span> 
     </span>
    </p>
   </div>
   <div class='ocr_carea' id='block_1_48' title="bbox 409 2848 1976 2922">
    <p class='ocr_par' dir='ltr' id='par_1_48' title="bbox 409 2848 1976 2922">
     <span class='ocr_line' id='line_1_48' title="bbox 409 2848 1976 2922; baseline 0.002 -21"><span class='ocrx_word' id='word_1_353' title='bbox 409 2848 508 2902; x_wconf 88' lang='grc' dir='ltr'><strong>νῦν</strong></span> <span class='ocrx_word' id='word_1_354' title='bbox 542 2849 636 2904; x_wconf 70' lang='grc' dir='ltr'>καὶ</span> <span class='ocrx_word' id='word_1_355' title='bbox 662 2852 756 2904; x_wconf 76' lang='grc' dir='ltr'>ἐπὶ</span> <span class='ocrx_word' id='word_1_356' title='bbox 769 2851 863 2922; x_wconf 81' lang='grc' dir='ltr'>τὴν</span> <span class='ocrx_word' id='word_1_357' title='bbox 875 2855 1282 2920; x_wconf 84' lang='grc' dir='ltr'>γυναικωνῖτιν.</span> <span class='ocrx_word' id='word_1_358' title='bbox 1318 2854 1488 2920; x_wconf 74' lang='grc' dir='ltr'>Φησὶν</span> <span class='ocrx_word' id='word_1_359' title='bbox 1509 2849 1604 2904; x_wconf 76' lang='grc' dir='ltr'>οὖν</span> <span class='ocrx_word' id='word_1_360' title='bbox 1636 2870 1700 2904; x_wconf 84' lang='grc' dir='ltr'><strong>πε</strong></span> <span class='ocrx_word' id='word_1_361' title='bbox 1710 2853 1763 2922; x_wconf 83' lang='grc' dir='ltr'><strong>ρί</strong></span> <span class='ocrx_word' id='word_1_362' title='bbox 1790 2869 1976 2917; x_wconf 82' lang='grc' dir='ltr'>γυναι-</span> 
     </span>
    </p>
   </div>
   <div class='ocr_carea' id='block_1_49' title="bbox 2065 1745 3633 1822">
    <p class='ocr_par' dir='ltr' id='par_1_49' title="bbox 2065 1745 3633 1822">
     <span class='ocr_line' id='line_1_49' title="bbox 2065 1745 3633 1822; baseline -0.009 -12"><span class='ocrx_word' id='word_1_363' title='bbox 2065 1754 2503 1816; x_wconf 87' lang='lat' dir='ltr'><strong>constituuntur,</strong></span> <span class='ocrx_word' id='word_1_364' title='bbox 2553 1753 2754 1822; x_wconf 84' lang='lat' dir='ltr'><strong>quippe</strong></span> <span class='ocrx_word' id='word_1_365' title='bbox 2777 1752 2867 1816; x_wconf 90' lang='lat' dir='ltr'><strong>qni</strong></span> <span class='ocrx_word' id='word_1_366' title='bbox 2909 1749 2973 1803; x_wconf 89' lang='lat' dir='ltr'><strong>ad</strong></span> <span class='ocrx_word' id='word_1_367' title='bbox 3008 1748 3277 1820; x_wconf 77' lang='lat' dir='ltr'><strong>malorum</strong></span> <span class='ocrx_word' id='word_1_368' title='bbox 3337 1745 3633 1799; x_wconf 81' lang='lat' dir='ltr'><strong>correctio-</strong></span> 
     </span>
    </p>
   </div>
   <div class='ocr_carea' id='block_1_50' title="bbox 2065 1837 3636 1910">
    <p class='ocr_par' dir='ltr' id='par_1_50' title="bbox 2065 1837 3636 1910">
     <span class='ocr_line' id='line_1_50' title="bbox 2065 1837 3636 1910; baseline -0.008 -10"><span class='ocrx_word' id='word_1_369' title='bbox 2065 1863 2186 1902; x_wconf 86' lang='lat' dir='ltr'><strong>nem</strong></span> <span class='ocrx_word' id='word_1_370' title='bbox 2221 1845 2478 1901; x_wconf 85' lang='lat' dir='ltr'><strong>destinati</strong></span> <span class='ocrx_word' id='word_1_371' title='bbox 2513 1854 2642 1899; x_wconf 90' lang='lat' dir='ltr'><strong>sunt</strong></span> <span class='ocrx_word' id='word_1_372' title='bbox 2675 1860 2688 1895; x_wconf 90' lang='lat'>:</span> <span class='ocrx_word' id='word_1_373' title='bbox 2721 1843 2865 1910; x_wconf 89' lang='lat' dir='ltr'><strong>quod</strong></span> <span class='ocrx_word' id='word_1_374' title='bbox 2918 1839 3182 1892; x_wconf 84' lang='lat' dir='ltr'><strong>Diabolus</strong></span> <span class='ocrx_word' id='word_1_375' title='bbox 3235 1837 3498 1906; x_wconf 88' lang='lat' dir='ltr'><strong>impedire</strong></span> <span class='ocrx_word' id='word_1_376' title='bbox 3548 1848 3636 1888; x_wconf 86' lang='lat' dir='ltr'><strong>co-</strong></span> 
     </span>
    </p>
   </div>
   <div class='ocr_carea' id='block_1_51' title="bbox 2067 1933 3637 2004">
    <p class='ocr_par' dir='ltr' id='par_1_51' title="bbox 2067 1933 3637 2004">
     <span class='ocr_line' id='line_1_51' title="bbox 2067 1933 3637 2004; baseline -0.01 -9"><span class='ocrx_word' id='word_1_377' title='bbox 2067 1949 2248 1995; x_wconf 87' lang='lat' dir='ltr'><strong>natur.</strong></span> <span class='ocrx_word' id='word_1_378' title='bbox 2279 1938 2326 1992; x_wconf 85' lang='lat' dir='ltr'><strong>A</strong></span> <span class='ocrx_word' id='word_1_379' title='bbox 2377 1938 2484 1990; x_wconf 89' lang='lat' dir='ltr'><strong>Deo</strong></span> <span class='ocrx_word' id='word_1_380' title='bbox 2547 1937 2732 2004; x_wconf 86' lang='lat' dir='ltr'><strong>itaque</strong></span> <span class='ocrx_word' id='word_1_381' title='bbox 2778 1933 2904 1986; x_wconf 87' lang='lat' dir='ltr'><strong>data</strong></span> <span class='ocrx_word' id='word_1_382' title='bbox 2965 1941 3051 1986; x_wconf 92' lang='lat' dir='ltr'><strong>est</strong></span> <span class='ocrx_word' id='word_1_383' title='bbox 3099 1939 3366 2000; x_wconf 86' lang='lat' dir='ltr'><strong>potestas,</strong></span> <span class='ocrx_word' id='word_1_384' title='bbox 3419 1937 3474 1982; x_wconf 90' lang='lat' dir='ltr'><strong>et</strong></span> <span class='ocrx_word' id='word_1_385' title='bbox 3508 1941 3637 1981; x_wconf 90' lang='lat' dir='ltr'><strong>con-</strong></span> 
     </span>
    </p>
   </div>
   <div class='ocr_carea' id='block_1_52' title="bbox 2066 2020 3638 2098">
    <p class='ocr_par' dir='ltr' id='par_1_52' title="bbox 2066 2020 3638 2098">
     <span class='ocr_line' id='line_1_52' title="bbox 2066 2020 3638 2098; baseline -0.01 -10"><span class='ocrx_word' id='word_1_386' title='bbox 2066 2033 2241 2088; x_wconf 88' lang='lat' dir='ltr'><strong>stituti</strong></span> <span class='ocrx_word' id='word_1_387' title='bbox 2275 2038 2405 2086; x_wconf 92' lang='lat' dir='ltr'><strong>sunt</strong></span> <span class='ocrx_word' id='word_1_388' title='bbox 2439 2028 2735 2098; x_wconf 87' lang='lat' dir='ltr'><strong>principes,</strong></span> <span class='ocrx_word' id='word_1_389' title='bbox 2767 2041 2888 2079; x_wconf 90' lang='lat' dir='ltr'><strong>cum</strong></span> <span class='ocrx_word' id='word_1_390' title='bbox 2915 2025 2979 2077; x_wconf 88' lang='lat' dir='ltr'><strong>ad</strong></span> <span class='ocrx_word' id='word_1_391' title='bbox 3007 2023 3370 2093; x_wconf 88' lang='lat' dir='ltr'><strong>patrocinium</strong></span> <span class='ocrx_word' id='word_1_392' title='bbox 3388 2020 3638 2090; x_wconf 68' lang='lat' dir='ltr'><strong>justitite,</strong></span> 
     </span>
    </p>
   </div>
   <div class='ocr_carea' id='block_1_53' title="bbox 2065 2111 3637 2186">
    <p class='ocr_par' dir='ltr' id='par_1_53' title="bbox 2065 2111 3637 2186">
     <span class='ocr_line' id='line_1_53' title="bbox 2065 2111 3637 2186; baseline -0.011 -8"><span class='ocrx_word' id='word_1_393' title='bbox 2065 2131 2119 2178; x_wconf 89' lang='lat' dir='ltr'><strong>et</strong></span> <span class='ocrx_word' id='word_1_394' title='bbox 2145 2121 2502 2176; x_wconf 85' lang='lat' dir='ltr'><strong>directionem</strong></span> <span class='ocrx_word' id='word_1_395' title='bbox 2553 2127 2718 2186; x_wconf 85' lang='lat' dir='ltr'><strong>atque</strong></span> <span class='ocrx_word' id='word_1_396' title='bbox 2765 2116 3058 2169; x_wconf 83' lang='lat' dir='ltr'><strong>utilitatem</strong></span> <span class='ocrx_word' id='word_1_397' title='bbox 3104 2111 3474 2174; x_wconf 87' lang='lat' dir='ltr'><strong>subditorum,</strong></span> <span class='ocrx_word' id='word_1_398' title='bbox 3525 2119 3637 2162; x_wconf 90' lang='lat' dir='ltr'><strong>tum</strong></span> 
     </span>
    </p>
   </div>
   <div class='ocr_carea' id='block_1_54' title="bbox 2067 2200 3641 2277">
    <p class='ocr_par' dir='ltr' id='par_1_54' title="bbox 2067 2200 3641 2277">
     <span class='ocr_line' id='line_1_54' title="bbox 2067 2200 3641 2277; baseline -0.009 -11"><span class='ocrx_word' id='word_1_399' title='bbox 2067 2213 2136 2266; x_wconf 89' lang='lat' dir='ltr'><strong>ad</strong></span> <span class='ocrx_word' id='word_1_400' title='bbox 2169 2223 2453 2273; x_wconf 89' lang='lat' dir='ltr'><strong>terrorem,</strong></span> <span class='ocrx_word' id='word_1_401' title='bbox 2496 2207 2835 2277; x_wconf 88' lang='lat' dir='ltr'><strong>punitionem</strong></span> <span class='ocrx_word' id='word_1_402' title='bbox 2870 2211 2926 2257; x_wconf 89' lang='lat' dir='ltr'><strong>et</strong></span> <span class='ocrx_word' id='word_1_403' title='bbox 2959 2203 3365 2271; x_wconf 87' lang='lat' dir='ltr'><strong>repressionem</strong></span> <span class='ocrx_word' id='word_1_404' title='bbox 3423 2200 3641 2268; x_wconf 89' lang='lat' dir='ltr'><strong>iniquo-</strong></span> 
     </span>
    </p>
   </div>
   <div class='ocr_carea' id='block_1_55' title="bbox 2069 2287 3642 2364">
    <p class='ocr_par' dir='ltr' id='par_1_55' title="bbox 2069 2287 3642 2364">
     <span class='ocr_line' id='line_1_55' title="bbox 2069 2287 3642 2364; baseline -0.01 -10"><span class='ocrx_word' id='word_1_405' title='bbox 2069 2315 2188 2354; x_wconf 86' lang='lat' dir='ltr'><strong>rum</strong></span> <span class='ocrx_word' id='word_1_406' title='bbox 2217 2317 2232 2364; x_wconf 89' lang='lat'><strong>;</strong></span> <span class='ocrx_word' id='word_1_407' title='bbox 2275 2309 2385 2351; x_wconf 90' lang='lat' dir='ltr'><strong>tum</strong></span> <span class='ocrx_word' id='word_1_408' title='bbox 2426 2297 2641 2350; x_wconf 85' lang='lat' dir='ltr'><strong>demum</strong></span> <span class='ocrx_word' id='word_1_409' title='bbox 2681 2293 2748 2348; x_wconf 89' lang='lat' dir='ltr'><strong>ad</strong></span> <span class='ocrx_word' id='word_1_410' title='bbox 2775 2291 2954 2346; x_wconf 84' lang='lat' dir='ltr'><strong>debita</strong></span> <span class='ocrx_word' id='word_1_411' title='bbox 2988 2305 3144 2358; x_wconf 61' lang='lat' dir='ltr'><strong>paena</strong></span> <span class='ocrx_word' id='word_1_412' title='bbox 3174 2287 3489 2358; x_wconf 88' lang='lat' dir='ltr'><strong>plectendos</strong></span> <span class='ocrx_word' id='word_1_413' title='bbox 3518 2287 3642 2340; x_wconf 85' lang='lat' dir='ltr'><strong>illos</strong></span> 
     </span>
    </p>
   </div>
   <div class='ocr_carea' id='block_1_56' title="bbox 2069 2377 3642 2460">
    <p class='ocr_par' dir='ltr' id='par_1_56' title="bbox 2069 2377 3642 2460">
     <span class='ocr_line' id='line_1_56' title="bbox 2069 2377 3642 2460; baseline -0.01 -16"><span class='ocrx_word' id='word_1_414' title='bbox 2069 2392 2166 2460; x_wconf 91' lang='lat' dir='ltr'><strong>qtti</strong></span> <span class='ocrx_word' id='word_1_415' title='bbox 2198 2387 2452 2458; x_wconf 87' lang='lat' dir='ltr'><strong>injuriam</strong></span> <span class='ocrx_word' id='word_1_416' title='bbox 2479 2386 2680 2440; x_wconf 79' lang='lat' dir='ltr'><strong>inferre</strong></span> <span class='ocrx_word' id='word_1_417' title='bbox 2701 2383 2828 2438; x_wconf 88' lang='lat' dir='ltr'><strong>aliis</strong></span> <span class='ocrx_word' id='word_1_418' title='bbox 2851 2383 2970 2437; x_wconf 84' lang='lat' dir='ltr'><strong>ausi</strong></span> <span class='ocrx_word' id='word_1_419' title='bbox 2999 2381 3226 2435; x_wconf 80' lang='lat' dir='ltr'><strong>fuerint.</strong></span> <span class='ocrx_word' id='word_1_420' title='bbox 3261 2378 3396 2432; x_wconf 89' lang='lat' dir='ltr'><strong>Cum</strong></span> <span class='ocrx_word' id='word_1_421' title='bbox 3437 2378 3513 2430; x_wconf 86' lang='lat' dir='ltr'><strong>ita</strong></span> <span class='ocrx_word' id='word_1_422' title='bbox 3536 2377 3642 2430; x_wconf 86' lang='lat' dir='ltr'><strong>hoc</strong></span> 
     </span>
    </p>
   </div>
   <div class='ocr_carea' id='block_1_57' title="bbox 2072 2470 3638 2546">
    <p class='ocr_par' dir='ltr' id='par_1_57' title="bbox 2072 2470 3638 2546">
     <span class='ocr_line' id='line_1_57' title="bbox 2072 2470 3638 2546; baseline -0.01 -10"><span class='ocrx_word' id='word_1_423' title='bbox 2072 2481 2423 2544; x_wconf 86' lang='lat' dir='ltr'><strong>ostendisset,</strong></span> <span class='ocrx_word' id='word_1_424' title='bbox 2453 2489 2505 2532; x_wconf 91' lang='lat' dir='ltr'><strong>et</strong></span> <span class='ocrx_word' id='word_1_425' title='bbox 2547 2477 2688 2546; x_wconf 87' lang='lat' dir='ltr'><strong>quod</strong></span> <span class='ocrx_word' id='word_1_426' title='bbox 2728 2473 2925 2542; x_wconf 88' lang='lat' dir='ltr'><strong>subjici</strong></span> <span class='ocrx_word' id='word_1_427' title='bbox 2963 2474 3166 2526; x_wconf 89' lang='lat' dir='ltr'><strong>bonum</strong></span> <span class='ocrx_word' id='word_1_428' title='bbox 3203 2470 3362 2526; x_wconf 88' lang='lat' dir='ltr'><strong>nobis</strong></span> <span class='ocrx_word' id='word_1_429' title='bbox 3395 2470 3494 2532; x_wconf 89' lang='lat' dir='ltr'><strong>sit,</strong></span> <span class='ocrx_word' id='word_1_430' title='bbox 3527 2482 3638 2521; x_wconf 89' lang='lat' dir='ltr'><strong>non</strong></span> 
     </span>
    </p>
   </div>
   <div class='ocr_carea' id='block_1_58' title="bbox 2075 2559 3643 2642">
    <p class='ocr_par' dir='ltr' id='par_1_58' title="bbox 2075 2559 3643 2642">
     <span class='ocr_line' id='line_1_58' title="bbox 2075 2559 3643 2642; baseline -0.009 -16"><span class='ocrx_word' id='word_1_431' title='bbox 2075 2586 2269 2642; x_wconf 85' lang='lat' dir='ltr'><strong>parere</strong></span> <span class='ocrx_word' id='word_1_432' title='bbox 2301 2581 2482 2624; x_wconf 90' lang='lat' dir='ltr'><strong>autem</strong></span> <span class='ocrx_word' id='word_1_433' title='bbox 2511 2569 2714 2621; x_wconf 89' lang='lat' dir='ltr'><strong>malum</strong></span> <span class='ocrx_word' id='word_1_434' title='bbox 2744 2583 2759 2623; x_wconf 85' lang='lat'><strong>:</strong></span> <span class='ocrx_word' id='word_1_435' title='bbox 2789 2564 3042 2620; x_wconf 83' lang='lat' dir='ltr'><strong>similiter</strong></span> <span class='ocrx_word' id='word_1_436' title='bbox 3067 2564 3228 2618; x_wconf 88' lang='lat' dir='ltr'><strong>etiam</strong></span> <span class='ocrx_word' id='word_1_437' title='bbox 3257 2561 3433 2616; x_wconf 83' lang='lat' dir='ltr'><strong>servis</strong></span> <span class='ocrx_word' id='word_1_438' title='bbox 3461 2559 3643 2638; x_wconf 84' lang='lat' dir='ltr'><strong>quoad</strong></span> 
     </span>
    </p>
   </div>
   <div class='ocr_carea' id='block_1_59' title="bbox 2077 2653 3645 2728">
    <p class='ocr_par' dir='ltr' id='par_1_59' title="bbox 2077 2653 3645 2728">
     <span class='ocr_line' id='line_1_59' title="bbox 2077 2653 3645 2728; baseline -0.01 -8"><span class='ocrx_word' id='word_1_439' title='bbox 2077 2666 2332 2720; x_wconf 90' lang='lat' dir='ltr'><strong>dominos</strong></span> <span class='ocrx_word' id='word_1_440' title='bbox 2360 2677 2514 2724; x_wconf 90' lang='lat' dir='ltr'><strong>suos,</strong></span> <span class='ocrx_word' id='word_1_441' title='bbox 2550 2671 2607 2713; x_wconf 89' lang='grc' dir='ltr'><strong>ιιι</strong></span> <span class='ocrx_word' id='word_1_442' title='bbox 2642 2660 2751 2728; x_wconf 88' lang='lat' dir='ltr'><strong>jam</strong></span> <span class='ocrx_word' id='word_1_443' title='bbox 2787 2658 3066 2712; x_wconf 81' lang='lat' dir='ltr'><strong>diximus:</strong></span> <span class='ocrx_word' id='word_1_444' title='bbox 3099 2670 3245 2710; x_wconf 89' lang='lat' dir='ltr'><strong>nunc</strong></span> <span class='ocrx_word' id='word_1_445' title='bbox 3291 2653 3360 2707; x_wconf 91' lang='lat' dir='ltr'><strong>ad</strong></span> <span class='ocrx_word' id='word_1_446' title='bbox 3385 2653 3645 2707; x_wconf 88' lang='lat' dir='ltr'><strong>mulieres</strong></span> 
     </span>
    </p>
   </div>
   <div class='ocr_carea' id='block_1_60' title="bbox 2078 2743 3648 2816">
    <p class='ocr_par' dir='ltr' id='par_1_60' title="bbox 2078 2743 3648 2816">
     <span class='ocr_line' id='line_1_60' title="bbox 2078 2743 3648 2816; baseline -0.011 -4"><span class='ocrx_word' id='word_1_447' title='bbox 2078 2772 2382 2812; x_wconf 87' lang='lat' dir='ltr'><strong>sermonem</strong></span> <span class='ocrx_word' id='word_1_448' title='bbox 2423 2752 2713 2808; x_wconf 85' lang='lat' dir='ltr'><strong>convertit.</strong></span> <span class='ocrx_word' id='word_1_449' title='bbox 2751 2751 2838 2803; x_wconf 86' lang='lat' dir='ltr'><strong>Ait</strong></span> <span class='ocrx_word' id='word_1_450' title='bbox 2893 2751 3099 2816; x_wconf 87' lang='lat' dir='ltr'><strong>itaque,</strong></span> <span class='ocrx_word' id='word_1_451' title='bbox 3150 2745 3410 2800; x_wconf 86' lang='lat' dir='ltr'><strong>mulieres</strong></span> <span class='ocrx_word' id='word_1_452' title='bbox 3440 2743 3507 2797; x_wconf 87' lang='lat' dir='ltr'><strong>ad</strong></span> <span class='ocrx_word' id='word_1_453' title='bbox 3537 2743 3648 2796; x_wconf 90' lang='lat' dir='ltr'><strong>duo</strong></span> 
     </span>
    </p>
   </div>
   <div class='ocr_carea' id='block_1_61' title="bbox 2079 2838 3648 2916">
    <p class='ocr_par' dir='ltr' id='par_1_61' title="bbox 2079 2838 3648 2916">
     <span class='ocr_line' id='line_1_61' title="bbox 2079 2838 3648 2916; baseline -0.01 -16"><span class='ocrx_word' id='word_1_454' title='bbox 2079 2863 2202 2900; x_wconf 87' lang='lat' dir='ltr'><strong>cum</strong></span> <span class='ocrx_word' id='word_1_455' title='bbox 2255 2845 2448 2916; x_wconf 86' lang='lat' dir='ltr'><strong>primis</strong></span> <span class='ocrx_word' id='word_1_456' title='bbox 2503 2842 2673 2896; x_wconf 90' lang='lat' dir='ltr'><strong>adniti</strong></span> <span class='ocrx_word' id='word_1_457' title='bbox 2728 2841 2964 2895; x_wconf 84' lang='lat' dir='ltr'><strong>debere:</strong></span> <span class='ocrx_word' id='word_1_458' title='bbox 3025 2850 3259 2906; x_wconf 88' lang='lat' dir='ltr'><strong>quorum</strong></span> <span class='ocrx_word' id='word_1_459' title='bbox 3317 2847 3486 2886; x_wconf 88' lang='lat' dir='ltr'><strong>unum</strong></span> <span class='ocrx_word' id='word_1_460' title='bbox 3541 2838 3648 2893; x_wconf 83' lang='lat' dir='ltr'><strong>est,</strong></span> 
     </span>
    </p>
   </div>
   <div class='ocr_carea' id='block_1_62' title="bbox 414 2921 1973 3043">
    <p class='ocr_par' dir='ltr' id='par_1_62' title="bbox 414 2939 1973 3006">
     <span class='ocr_line' id='line_1_62' title="bbox 414 2939 1973 3006; baseline 0.002 -15"><span class='ocrx_word' id='word_1_461' title='bbox 414 2939 550 3005; x_wconf 81' lang='grc' dir='ltr'>κῶν,</span> <span class='ocrx_word' id='word_1_462' title='bbox 571 2939 646 3003; x_wconf 81' lang='grc' dir='ltr'>ὡς</span> <span class='ocrx_word' id='word_1_463' title='bbox 676 2941 756 2994; x_wconf 87' lang='grc' dir='ltr'>δεῖ</span> <span class='ocrx_word' id='word_1_464' title='bbox 783 2943 986 3004; x_wconf 87' lang='grc' dir='ltr'>ταύτας</span> <span class='ocrx_word' id='word_1_465' title='bbox 1021 2942 1114 2994; x_wconf 87' lang='grc' dir='ltr'><strong>δύο</strong></span> <span class='ocrx_word' id='word_1_466' title='bbox 1145 2942 1320 2996; x_wconf 87' lang='grc' dir='ltr'>ταῦτα</span> <span class='ocrx_word' id='word_1_467' title='bbox 1351 2943 1694 3006; x_wconf 77' lang='grc' dir='ltr'>σπουδάζειν,</span> <span class='ocrx_word' id='word_1_468' title='bbox 1745 2961 1763 2992; x_wconf 76' lang='grc' dir='ltr'><strong>ι</strong></span> <span class='ocrx_word' id='word_1_469' title='bbox 1807 2943 1973 3002; x_wconf 73' lang='grc' dir='ltr'><strong>ΪΥπ;-</strong></span> 
     </span>
    </p>
   </div>
   <div class='ocr_carea' id='block_1_63' title="bbox 2077 2921 3650 3043">
    <p class='ocr_par' dir='ltr' id='par_1_63' title="bbox 2089 2921 3650 3043">
     <span class='ocr_line' id='line_1_63' title="bbox 2089 2921 3650 3008; baseline -0.011 -17"><span class='ocrx_word' id='word_1_470' title='bbox 2089 2958 2107 2991; x_wconf 85' lang='grc'><em>‹</em></span> <span class='ocrx_word' id='word_1_471' title='bbox 2151 2937 2427 3008; x_wconf 83' lang='lat' dir='ltr'><strong>subjectas</strong></span> <span class='ocrx_word' id='word_1_472' title='bbox 2475 2949 2600 2990; x_wconf 87' lang='lat' dir='ltr'><strong>esse</strong></span> <span class='ocrx_word' id='word_1_473' title='bbox 2653 2933 2786 2986; x_wconf 87' lang='lat' dir='ltr'><strong>viris</strong></span> <span class='ocrx_word' id='word_1_474' title='bbox 2824 2931 2942 2985; x_wconf 89' lang='lat' dir='ltr'><strong>suis</strong></span> <span class='ocrx_word' id='word_1_475' title='bbox 2985 2945 3000 2980; x_wconf 89' lang='lat'><strong>:</strong></span> <span class='ocrx_word' id='word_1_476' title='bbox 3041 2945 3058 2978; x_wconf 75' lang='grc' dir='ltr'><strong>ι</strong></span> <span class='ocrx_word' id='word_1_477' title='bbox 3097 2927 3352 2988; x_wconf 88' lang='lat' dir='ltr'><strong>alterum,</strong></span> <span class='ocrx_word' id='word_1_478' title='bbox 3415 2937 3446 2976; x_wconf 88' lang='lat' dir='ltr'><strong>a</strong></span> <span class='ocrx_word' id='word_1_479' title='bbox 3475 2921 3650 2975; x_wconf 91' lang='lat' dir='ltr'><strong>nimio</strong></span> 
     </span>
     <span class='ocr_line' id='line_1_64' title="bbox 2474 3021 3614 3043; baseline 0 0"><span class='ocrx_word' id='word_1_480' title='bbox 2474 3033 2485 3043; x_wconf 79' lang='grc' dir='ltr'>ι</span> <span class='ocrx_word' id='word_1_481' title='bbox 2627 3029 2647 3043; x_wconf 74' lang='grc' dir='ltr'><strong>ιι</strong></span> <span class='ocrx_word' id='word_1_482' title='bbox 2926 3035 3120 3043; x_wconf 35' lang='grc' dir='ltr'><strong>..-μμ-..-</strong></span> <span class='ocrx_word' id='word_1_483' title='bbox 3155 3021 3443 3043; x_wconf 63' lang='grc' dir='ltr'><strong>--.--12.......νι</strong></span> <span class='ocrx_word' id='word_1_484' title='bbox 3466 3031 3614 3043; x_wconf 65' lang='grc' dir='ltr'><strong>ιιι-Λιν-</strong></span> 
     </span>
    </p>
   </div>
   <div class='ocr_carea' id='block_1_64' title="bbox 413 3031 1973 3104">
    <p class='ocr_par' dir='ltr' id='par_1_64' title="bbox 413 3031 1973 3104">
     <span class='ocr_line' id='line_1_65' title="bbox 413 3031 1973 3104; baseline 0.003 -23"><span class='ocrx_word' id='word_1_485' title='bbox 413 3031 707 3085; x_wconf 86' lang='grc' dir='ltr'>τάσσεσθαι</span> <span class='ocrx_word' id='word_1_486' title='bbox 733 3034 846 3094; x_wconf 81' lang='grc' dir='ltr'>τοῖς</span> <span class='ocrx_word' id='word_1_487' title='bbox 879 3032 1030 3095; x_wconf 78' lang='grc' dir='ltr'>ἰδίοις</span> <span class='ocrx_word' id='word_1_488' title='bbox 1055 3033 1301 3104; x_wconf 82' lang='grc' dir='ltr'>ἀνδράσι,</span> <span class='ocrx_word' id='word_1_489' title='bbox 1331 3050 1349 3083; x_wconf 71' lang='grc' dir='ltr'><strong>ι</strong></span> <span class='ocrx_word' id='word_1_490' title='bbox 1398 3033 1492 3086; x_wconf 70' lang='grc' dir='ltr'><strong>καὶ</strong></span> <span class='ocrx_word' id='word_1_491' title='bbox 1515 3035 1722 3101; x_wconf 82' lang='grc' dir='ltr'>κόσμου</span> <span class='ocrx_word' id='word_1_492' title='bbox 1770 3033 1973 3095; x_wconf 74' lang='grc' dir='ltr'>παντὸς</span> 
     </span>
    </p>
   </div>
   <div class='ocr_carea' id='block_1_65' title="bbox 415 3117 1980 3190">
    <p class='ocr_par' dir='ltr' id='par_1_65' title="bbox 415 3117 1980 3190">
     <span class='ocr_line' id='line_1_66' title="bbox 415 3117 1980 3190; baseline 0.001 -20"><span class='ocrx_word' id='word_1_493' title='bbox 415 3118 510 3170; x_wconf 78' lang='grc' dir='ltr'>καὶ</span> <span class='ocrx_word' id='word_1_494' title='bbox 535 3117 925 3188; x_wconf 86' lang='grc' dir='ltr'>καλλωπισμοῦ</span> <span class='ocrx_word' id='word_1_495' title='bbox 958 3119 1244 3190; x_wconf 72' lang='grc' dir='ltr'>ἀλλοτρίας</span> <span class='ocrx_word' id='word_1_496' title='bbox 1267 3121 1464 3180; x_wconf 86' lang='grc' dir='ltr'>ἐαυτὰς</span> <span class='ocrx_word' id='word_1_497' title='bbox 1504 3120 1850 3188; x_wconf 73' lang='grc' dir='ltr'>ἀποφαίνειν,</span> <span class='ocrx_word' id='word_1_498' title='bbox 1891 3140 1980 3190; x_wconf 85' lang='grc' dir='ltr'>μι-</span> 
     </span>
    </p>
   </div>
   <div class='ocr_carea' id='block_1_66' title="bbox 419 3207 1976 3279">
    <p class='ocr_par' dir='ltr' id='par_1_66' title="bbox 419 3207 1976 3279">
     <span class='ocr_line' id='line_1_67' title="bbox 419 3207 1976 3279; baseline 0 -17"><span class='ocrx_word' id='word_1_499' title='bbox 419 3209 688 3279; x_wconf 81' lang='grc' dir='ltr'>μουμένας</span> <span class='ocrx_word' id='word_1_500' title='bbox 744 3209 844 3272; x_wconf 73' lang='grc' dir='ltr'><strong>τὰς</strong></span> <span class='ocrx_word' id='word_1_501' title='bbox 895 3211 1059 3277; x_wconf 78' lang='grc' dir='ltr'>ἁγίας</span> <span class='ocrx_word' id='word_1_502' title='bbox 1104 3213 1388 3278; x_wconf 83' lang='grc' dir='ltr'>γυναῖκας.</span> <span class='ocrx_word' id='word_1_503' title='bbox 1457 3211 1610 3262; x_wconf 72' lang='grc' dir='ltr'>Ἐπεὶ</span> <span class='ocrx_word' id='word_1_504' title='bbox 1656 3213 1750 3263; x_wconf 63' lang='grc' dir='ltr'><strong>καὶ¹</strong></span> <span class='ocrx_word' id='word_1_505' title='bbox 1793 3207 1976 3272; x_wconf 70' lang='grc' dir='ltr'>αὗται,</span> 
     </span>
    </p>
   </div>
   <div class='ocr_carea' id='block_1_67' title="bbox 417 3300 1977 3370">
    <p class='ocr_par' dir='ltr' id='par_1_67' title="bbox 417 3300 1977 3370">
     <span class='ocr_line' id='line_1_68' title="bbox 417 3300 1977 3370; baseline -0.001 -16"><span class='ocrx_word' id='word_1_506' title='bbox 417 3304 569 3370; x_wconf 64' lang='grc' dir='ltr'>φησὶ,</span> <span class='ocrx_word' id='word_1_507' title='bbox 594 3302 796 3370; x_wconf 84' lang='grc' dir='ltr'>κόσμον</span> <span class='ocrx_word' id='word_1_508' title='bbox 821 3301 1007 3353; x_wconf 82' lang='grc' dir='ltr'>τοῦτον</span> <span class='ocrx_word' id='word_1_509' title='bbox 1031 3301 1230 3370; x_wconf 67' lang='grc' dir='ltr'>ᾔδεσαν</span> <span class='ocrx_word' id='word_1_510' title='bbox 1260 3300 1443 3367; x_wconf 86' lang='grc' dir='ltr'>μόνον,</span> <span class='ocrx_word' id='word_1_511' title='bbox 1484 3300 1545 3350; x_wconf 82' lang='grc' dir='ltr'>τὸ</span> <span class='ocrx_word' id='word_1_512' title='bbox 1572 3301 1710 3368; x_wconf 72' lang='grc' dir='ltr'>πρὸς</span> <span class='ocrx_word' id='word_1_513' title='bbox 1732 3301 1854 3358; x_wconf 73' lang='grc' dir='ltr'>τοὺς</span> <span class='ocrx_word' id='word_1_514' title='bbox 1887 3302 1977 3352; x_wconf 83' lang='grc' dir='ltr'><strong>αὑ·</strong></span> 
     </span>
    </p>
   </div>
   <div class='ocr_carea' id='block_1_68' title="bbox 414 3389 1972 3462">
    <p class='ocr_par' dir='ltr' id='par_1_68' title="bbox 414 3389 1972 3462">
     <span class='ocr_line' id='line_1_69' title="bbox 414 3389 1972 3462; baseline -0.003 -17"><span class='ocrx_word' id='word_1_515' title='bbox 414 3392 522 3445; x_wconf 85' lang='grc' dir='ltr'>τῶν</span> <span class='ocrx_word' id='word_1_516' title='bbox 536 3392 732 3462; x_wconf 76' lang='grc' dir='ltr'>ἄνδρας</span> <span class='ocrx_word' id='word_1_517' title='bbox 761 3391 1058 3461; x_wconf 85' lang='grc' dir='ltr'>πειθήνιον.</span> <span class='ocrx_word' id='word_1_518' title='bbox 1097 3393 1203 3444; x_wconf 71' lang='grc' dir='ltr'><strong>Καὶ</strong></span> <span class='ocrx_word' id='word_1_519' title='bbox 1231 3390 1282 3442; x_wconf 89' lang='grc' dir='ltr'><strong>τί</strong></span> <span class='ocrx_word' id='word_1_520' title='bbox 1303 3391 1364 3442; x_wconf 80' lang='grc' dir='ltr'>τὸ</span> <span class='ocrx_word' id='word_1_521' title='bbox 1387 3389 1497 3442; x_wconf 78' lang='grc' dir='ltr'><strong>ἀπὸ</strong></span> <span class='ocrx_word' id='word_1_522' title='bbox 1520 3391 1725 3443; x_wconf 88' lang='grc' dir='ltr'>τούτων</span> <span class='ocrx_word' id='word_1_523' title='bbox 1750 3391 1936 3458; x_wconf 79' lang='grc' dir='ltr'>κέρδος</span> <span class='ocrx_word' id='word_1_524' title='bbox 1959 3407 1972 3455; x_wconf 89' lang='grc'><strong>;</strong></span> 
     </span>
    </p>
   </div>
   <div class='ocr_carea' id='block_1_69' title="bbox 433 3479 1982 3549">
    <p class='ocr_par' dir='ltr' id='par_1_69' title="bbox 433 3479 1982 3549">
     <span class='ocr_line' id='line_1_70' title="bbox 433 3479 1982 3549; baseline -0.002 -16"><span class='ocrx_word' id='word_1_525' title='bbox 433 3481 493 3534; x_wconf 84' lang='grc'><strong>’0</strong></span> <span class='ocrx_word' id='word_1_526' title='bbox 519 3482 624 3532; x_wconf 73' lang='grc' dir='ltr'><strong>ἀπὸ</strong></span> <span class='ocrx_word' id='word_1_527' title='bbox 673 3483 786 3532; x_wconf 86' lang='grc' dir='ltr'><strong>τῶν</strong></span> <span class='ocrx_word' id='word_1_528' title='bbox 813 3481 917 3542; x_wconf 74' lang='grc' dir='ltr'><strong>ἔξω</strong></span> <span class='ocrx_word' id='word_1_529' title='bbox 949 3483 1048 3549; x_wconf 81' lang='grc' dir='ltr'>τῆς</span> <span class='ocrx_word' id='word_1_530' title='bbox 1079 3481 1312 3540; x_wconf 77' lang='grc' dir='ltr'>πίστεως</span> <span class='ocrx_word' id='word_1_531' title='bbox 1347 3479 1506 3545; x_wconf 75' lang='grc' dir='ltr'>ζῆλος</span> <span class='ocrx_word' id='word_1_532' title='bbox 1537 3480 1762 3544; x_wconf 76' lang='grc' dir='ltr'>ἀγαθὸς,</span> <span class='ocrx_word' id='word_1_533' title='bbox 1793 3479 1850 3540; x_wconf 81' lang='grc' dir='ltr'>ὃς</span> <span class='ocrx_word' id='word_1_534' title='bbox 1889 3480 1982 3530; x_wconf 70' lang='grc' dir='ltr'>καὶ</span> 
     </span>
    </p>
   </div>
   <div class='ocr_carea' id='block_1_70' title="bbox 422 3567 1984 3638">
    <p class='ocr_par' dir='ltr' id='par_1_70' title="bbox 422 3567 1984 3638">
     <span class='ocr_line' id='line_1_71' title="bbox 422 3567 1984 3638; baseline -0.001 -17"><span class='ocrx_word' id='word_1_535' title='bbox 422 3570 529 3622; x_wconf 65' lang='grc' dir='ltr'><strong>ἀπ’»</strong></span> <span class='ocrx_word' id='word_1_536' title='bbox 561 3569 660 3636; x_wconf 77' lang='grc' dir='ltr'>τῆς</span> <span class='ocrx_word' id='word_1_537' title='bbox 698 3571 806 3621; x_wconf 83' lang='grc' dir='ltr'>τῶν</span> <span class='ocrx_word' id='word_1_538' title='bbox 845 3569 1121 3638; x_wconf 79' lang='grc' dir='ltr'>ἀρχόντων</span> <span class='ocrx_word' id='word_1_539' title='bbox 1186 3568 1314 3636; x_wconf 82' lang='grc' dir='ltr'>παρ’</span> <span class='ocrx_word' id='word_1_540' title='bbox 1350 3567 1821 3638; x_wconf 77' lang='grc' dir='ltr'>ήμῶν.ύποταγῆς</span> <span class='ocrx_word' id='word_1_541' title='bbox 1857 3570 1984 3619; x_wconf 56' lang='grc' dir='ltr'>ἀπο-</span> 
     </span>
    </p>
   </div>
   <div class='ocr_carea' id='block_1_71' title="bbox 422 3659 1983 3730">
    <p class='ocr_par' dir='ltr' id='par_1_71' title="bbox 422 3659 1983 3730">
     <span class='ocr_line' id='line_1_72' title="bbox 422 3659 1983 3730; baseline 0 -22"><span class='ocrx_word' id='word_1_542' title='bbox 422 3661 684 3724; x_wconf 70' lang='grc' dir='ltr'>τίκτεται,</span> <span class='ocrx_word' id='word_1_543' title='bbox 744 3663 836 3712; x_wconf 76' lang='grc' dir='ltr'>καὶ</span> <span class='ocrx_word' id='word_1_544' title='bbox 865 3663 898 3730; x_wconf 79' lang='grc' dir='ltr'>ἡ</span> <span class='ocrx_word' id='word_1_545' title='bbox 930 3662 1065 3730; x_wconf 83' lang='grc' dir='ltr'>πρὸς</span> <span class='ocrx_word' id='word_1_546' title='bbox 1115 3661 1349 3730; x_wconf 76' lang='grc' dir='ltr'>Χριστὸν</span> <span class='ocrx_word' id='word_1_547' title='bbox 1400 3660 1493 3712; x_wconf 78' lang='grc' dir='ltr'><strong>ὑπ’</strong></span> <span class='ocrx_word' id='word_1_548' title='bbox 1525 3660 1705 3712; x_wconf 72' lang='grc' dir='ltr'>αὐτῶν</span> <span class='ocrx_word' id='word_1_549' title='bbox 1739 3659 1806 3710; x_wconf 77' lang='grc' dir='ltr'>δι’</span> <span class='ocrx_word' id='word_1_550' title='bbox 1841 3661 1983 3727; x_wconf 74' lang='grc' dir='ltr'>ἡμᾶς</span> 
     </span>
    </p>
   </div>
   <div class='ocr_carea' id='block_1_72' title="bbox 424 3749 1988 3822">
    <p class='ocr_par' dir='ltr' id='par_1_72' title="bbox 424 3749 1988 3822">
     <span class='ocr_line' id='line_1_73' title="bbox 424 3749 1988 3822; baseline -0.002 -20"><span class='ocrx_word' id='word_1_551' title='bbox 424 3751 761 3822; x_wconf 85' lang='grc' dir='ltr'>εὐχαριστία·</span> <span class='ocrx_word' id='word_1_552' title='bbox 789 3751 818 3802; x_wconf 85' lang='grc' dir='ltr'><strong>ὅ</strong></span> <span class='ocrx_word' id='word_1_553' title='bbox 851 3763 938 3802; x_wconf 77' lang='grc' dir='ltr'><strong>και</strong></span> <span class='ocrx_word' id='word_1_554' title='bbox 965 3753 1108 3819; x_wconf 83' lang='grc' dir='ltr'>μέγα</span> <span class='ocrx_word' id='word_1_555' title='bbox 1153 3751 1414 3819; x_wconf 88' lang='grc' dir='ltr'>καύχημα</span> <span class='ocrx_word' id='word_1_556' title='bbox 1441 3753 1804 3820; x_wconf 76' lang='grc' dir='ltr'>Χριστιανῶν,</span> <span class='ocrx_word' id='word_1_557' title='bbox 1838 3749 1988 3800; x_wconf 63' lang='grc' dir='ltr'>εἰλο-</span> 
     </span>
    </p>
   </div>
   <div class='ocr_carea' id='block_1_73' title="bbox 424 3839 2030 3912">
    <p class='ocr_par' dir='ltr' id='par_1_73' title="bbox 424 3839 2030 3912">
     <span class='ocr_line' id='line_1_74' title="bbox 424 3839 2030 3912; baseline -0.001 -18"><span class='ocrx_word' id='word_1_558' title='bbox 424 3842 686 3912; x_wconf 80' lang='grc' dir='ltr'>γουμένου</span> <span class='ocrx_word' id='word_1_559' title='bbox 725 3842 792 3893; x_wconf 80' lang='grc' dir='ltr'><strong>δι’</strong></span> <span class='ocrx_word' id='word_1_560' title='bbox 819 3842 966 3910; x_wconf 80' lang='grc' dir='ltr'>ἡμᾶς</span> <span class='ocrx_word' id='word_1_561' title='bbox 995 3839 1090 3892; x_wconf 88' lang='grc' dir='ltr'><strong>τοῦ</strong></span> <span class='ocrx_word' id='word_1_562' title='bbox 1117 3841 1379 3908; x_wconf 77' lang='grc' dir='ltr'>ὀνόματος</span> <span class='ocrx_word' id='word_1_563' title='bbox 1413 3841 1508 3893; x_wconf 89' lang='grc' dir='ltr'><strong>τοῦ</strong></span> <span class='ocrx_word' id='word_1_564' title='bbox 1538 3840 1673 3892; x_wconf 76' lang='grc' dir='ltr'>Θεοῦ</span> <span class='ocrx_word' id='word_1_565' title='bbox 1707 3843 1798 3892; x_wconf 72' lang='grc' dir='ltr'>καὶ</span> <span class='ocrx_word' id='word_1_566' title='bbox 1835 3840 1988 3908; x_wconf 67' lang='grc' dir='ltr'>παρὰ</span> <span class='ocrx_word' id='word_1_567' title='bbox 2027 3855 2030 3858; x_wconf 75' lang='grc'><strong>’</strong></span> 
     </span>
    </p>
   </div>
   <div class='ocr_carea' id='block_1_74' title="bbox 421 3931 1987 4002">
    <p class='ocr_par' dir='ltr' id='par_1_74' title="bbox 421 3931 1987 4002">
     <span class='ocr_line' id='line_1_75' title="bbox 421 3931 1987 4002; baseline -0.001 -18"><span class='ocrx_word' id='word_1_568' title='bbox 421 3933 533 3985; x_wconf 83' lang='grc' dir='ltr'><strong>τῶν</strong></span> <span class='ocrx_word' id='word_1_569' title='bbox 563 3931 732 3985; x_wconf 76' lang='grc' dir='ltr'>ἐθνῶν</span> <span class='ocrx_word' id='word_1_570' title='bbox 761 3931 850 3985; x_wconf 70' lang='grc' dir='ltr'>διὰ</span> <span class='ocrx_word' id='word_1_571' title='bbox 877 3932 975 4001; x_wconf 71' lang='grc' dir='ltr'>τὴν</span> <span class='ocrx_word' id='word_1_572' title='bbox 1015 3933 1186 4002; x_wconf 76' lang='grc' dir='ltr'>καλὴν</span> <span class='ocrx_word' id='word_1_573' title='bbox 1243 3932 1586 4002; x_wconf 77' lang='grc' dir='ltr'>ἀναστροφὴν</span> <span class='ocrx_word' id='word_1_574' title='bbox 1621 3933 1796 4001; x_wconf 77' lang='grc' dir='ltr'>ἡμῶν.</span> <span class='ocrx_word' id='word_1_575' title='bbox 1832 3931 1902 3983; x_wconf 80' lang='grc' dir='ltr'>Τὸ</span> <span class='ocrx_word' id='word_1_576' title='bbox 1931 3933 1987 3983; x_wconf 78' lang='grc' dir='ltr'>δὲ</span> 
     </span>
    </p>
   </div>
   <div class='ocr_carea' id='block_1_75' title="bbox 426 4021 1991 4093">
    <p class='ocr_par' dir='ltr' id='par_1_75' title="bbox 426 4021 1991 4093">
     <span class='ocr_line' id='line_1_76' title="bbox 426 4021 1991 4093; baseline 0.001 -20"><span class='ocrx_word' id='word_1_577' title='bbox 426 4022 620 4084; x_wconf 80' lang='grc' dir='ltr'>εἰπεῖν,</span> <span class='ocrx_word' id='word_1_578' title='bbox 661 4037 680 4067; x_wconf 78' lang='grc' dir='ltr'><strong>σ</strong></span> <span class='ocrx_word' id='word_1_579' title='bbox 709 4022 870 4074; x_wconf 81' lang='grc' dir='ltr'>’Λνευ</span> <span class='ocrx_word' id='word_1_580' title='bbox 895 4021 1054 4086; x_wconf 85' lang='grc' dir='ltr'>λόγου</span> <span class='ocrx_word' id='word_1_581' title='bbox 1087 4023 1538 4093; x_wconf 76' lang='grc' dir='ltr'>κερδηθήσονται,</span> <span class='ocrx_word' id='word_1_582' title='bbox 1571 4041 1589 4072; x_wconf 74' lang='grc' dir='ltr'><strong>ι</strong></span> <span class='ocrx_word' id='word_1_583' title='bbox 1652 4023 1770 4090; x_wconf 80' lang='grc' dir='ltr'>ἦτοι</span> <span class='ocrx_word' id='word_1_584' title='bbox 1799 4021 1991 4090; x_wconf 81' lang='grc' dir='ltr'>σχολὰ-</span> 
     </span>
    </p>
   </div>
   <div class='ocr_carea' id='block_1_76' title="bbox 429 4110 1988 4182">
    <p class='ocr_par' dir='ltr' id='par_1_76' title="bbox 429 4110 1988 4182">
     <span class='ocr_line' id='line_1_77' title="bbox 429 4110 1988 4182; baseline -0.001 -19"><span class='ocrx_word' id='word_1_585' title='bbox 429 4110 609 4173; x_wconf 77' lang='grc' dir='ltr'>ζοντος</span> <span class='ocrx_word' id='word_1_586' title='bbox 637 4113 836 4174; x_wconf 67' lang='grc' dir='ltr'>παντδς</span> <span class='ocrx_word' id='word_1_587' title='bbox 858 4111 1018 4179; x_wconf 86' lang='grc' dir='ltr'>λόγου</span> <span class='ocrx_word' id='word_1_588' title='bbox 1043 4113 1136 4165; x_wconf 83' lang='grc' dir='ltr'>καὶ</span> <span class='ocrx_word' id='word_1_589' title='bbox 1177 4115 1358 4182; x_wconf 83' lang='grc' dir='ltr'>πάσης</span> <span class='ocrx_word' id='word_1_590' title='bbox 1391 4112 1704 4179; x_wconf 81' lang='grc' dir='ltr'>ἀντιλογίας</span> <span class='ocrx_word' id='word_1_591' title='bbox 1725 4129 1739 4141; x_wconf 91' lang='grc'><strong>·</strong></span> <span class='ocrx_word' id='word_1_592' title='bbox 1765 4112 1797 4180; x_wconf 79' lang='grc' dir='ltr'><strong>ἢ</strong></span> <span class='ocrx_word' id='word_1_593' title='bbox 1824 4111 1898 4174; x_wconf 81' lang='grc' dir='ltr'>ὡς</span> <span class='ocrx_word' id='word_1_594' title='bbox 1927 4111 1988 4162; x_wconf 79' lang='grc' dir='ltr'>τὸ</span> 
     </span>
    </p>
   </div>
   <div class='ocr_carea' id='block_1_77' title="bbox 431 4200 1990 4274">
    <p class='ocr_par' dir='ltr' id='par_1_77' title="bbox 431 4200 1990 4274">
     <span class='ocr_line' id='line_1_78' title="bbox 431 4200 1990 4274; baseline 0.001 -20"><span class='ocrx_word' id='word_1_595' title='bbox 431 4200 491 4270; x_wconf 76' lang='lat' dir='ltr'><strong>If.</strong></span> <span class='ocrx_word' id='word_1_596' title='bbox 518 4201 640 4271; x_wconf 79' lang='grc' dir='ltr'>τῆς]</span> <span class='ocrx_word' id='word_1_597' title='bbox 661 4202 752 4254; x_wconf 80' lang='grc' dir='ltr'><strong>διά</strong></span> <span class='ocrx_word' id='word_1_598' title='bbox 782 4202 891 4254; x_wconf 85' lang='grc' dir='ltr'><strong>τῶν</strong></span> <span class='ocrx_word' id='word_1_599' title='bbox 914 4203 1090 4274; x_wconf 75' lang='grc' dir='ltr'>ἔργων</span> <span class='ocrx_word' id='word_1_600' title='bbox 1114 4203 1426 4268; x_wconf 82' lang='grc' dir='ltr'>ἐπιδείξεως</span> <span class='ocrx_word' id='word_1_601' title='bbox 1453 4207 1792 4274; x_wconf 79' lang='grc' dir='ltr'>κυριωτέρας</span> <span class='ocrx_word' id='word_1_602' title='bbox 1824 4203 1990 4273; x_wconf 77' lang='grc' dir='ltr'>οῦσης</span> 
     </span>
    </p>
   </div>
   <div class='ocr_carea' id='block_1_78' title="bbox 2080 3021 3644 3100">
    <p class='ocr_par' dir='ltr' id='par_1_78' title="bbox 2080 3021 3644 3100">
     <span class='ocr_line' id='line_1_79' title="bbox 2080 3021 3644 3100; baseline -0.013 -12"><span class='ocrx_word' id='word_1_603' title='bbox 2080 3045 2298 3100; x_wconf 86' lang='lat' dir='ltr'><strong>ornatu,</strong></span> <span class='ocrx_word' id='word_1_604' title='bbox 2339 3033 2600 3100; x_wconf 89' lang='lat' dir='ltr'><strong>omnique</strong></span> <span class='ocrx_word' id='word_1_605' title='bbox 2624 3029 2770 3093; x_wconf 79' lang='lat' dir='ltr'><strong>fuco,</strong></span> <span class='ocrx_word' id='word_1_606' title='bbox 2810 3035 3124 3081; x_wconf 87' lang='lat' dir='ltr'><strong>sanctarum</strong></span> <span class='ocrx_word' id='word_1_607' title='bbox 3155 3021 3444 3075; x_wconf 89' lang='lat' dir='ltr'><strong>mulierum</strong></span> <span class='ocrx_word' id='word_1_608' title='bbox 3463 3031 3644 3071; x_wconf 80' lang='lat' dir='ltr'><strong>exem-</strong></span> 
     </span>
    </p>
   </div>
   <div class='ocr_carea' id='block_1_79' title="bbox 2080 3109 3649 3197">
    <p class='ocr_par' dir='ltr' id='par_1_79' title="bbox 2080 3109 3649 3197">
     <span class='ocr_line' id='line_1_80' title="bbox 2080 3109 3649 3197; baseline -0.015 -16"><span class='ocrx_word' id='word_1_609' title='bbox 2080 3127 2167 3197; x_wconf 89' lang='lat' dir='ltr'><strong>plo</strong></span> <span class='ocrx_word' id='word_1_610' title='bbox 2203 3129 2516 3178; x_wconf 80' lang='lat' dir='ltr'><strong>abbot-rere.</strong></span> <span class='ocrx_word' id='word_1_611' title='bbox 2549 3120 2684 3174; x_wconf 85' lang='lat' dir='ltr'><strong>Nam</strong></span> <span class='ocrx_word' id='word_1_612' title='bbox 2706 3127 2760 3173; x_wconf 89' lang='lat' dir='ltr'><strong>et</strong></span> <span class='ocrx_word' id='word_1_613' title='bbox 2803 3119 2924 3182; x_wconf 65' lang='lat' dir='ltr'><strong>illae,</strong></span> <span class='ocrx_word' id='word_1_614' title='bbox 2958 3114 3156 3184; x_wconf 87' lang='lat' dir='ltr'><strong>inquit,</strong></span> <span class='ocrx_word' id='word_1_615' title='bbox 3193 3113 3298 3166; x_wconf 87' lang='lat' dir='ltr'><strong>hoc</strong></span> <span class='ocrx_word' id='word_1_616' title='bbox 3348 3109 3526 3164; x_wconf 86' lang='lat' dir='ltr'><strong>solum</strong></span> <span class='ocrx_word' id='word_1_617' title='bbox 3559 3120 3649 3160; x_wconf 87' lang='lat' dir='ltr'><strong>or-</strong></span> 
     </span>
    </p>
   </div>
   <div class='ocr_carea' id='block_1_80' title="bbox 2083 3197 3655 3275">
    <p class='ocr_par' dir='ltr' id='par_1_80' title="bbox 2083 3197 3655 3275">
     <span class='ocr_line' id='line_1_81' title="bbox 2083 3197 3655 3275; baseline -0.014 -3"><span class='ocrx_word' id='word_1_618' title='bbox 2083 3228 2397 3272; x_wconf 89' lang='lat' dir='ltr'><strong>namentum</strong></span> <span class='ocrx_word' id='word_1_619' title='bbox 2431 3215 2534 3268; x_wconf 86' lang='lat' dir='ltr'><strong>sibi</strong></span> <span class='ocrx_word' id='word_1_620' title='bbox 2560 3212 2899 3266; x_wconf 83' lang='lat' dir='ltr'><strong>conveniens</strong></span> <span class='ocrx_word' id='word_1_621' title='bbox 2929 3208 3282 3275; x_wconf 86' lang='lat' dir='ltr'><strong>reputabant,</strong></span> <span class='ocrx_word' id='word_1_622' title='bbox 3318 3199 3464 3270; x_wconf 88' lang='lat' dir='ltr'><strong>quod</strong></span> <span class='ocrx_word' id='word_1_623' title='bbox 3490 3197 3655 3252; x_wconf 87' lang='lat' dir='ltr'><strong>mari-</strong></span> 
     </span>
    </p>
   </div>
   <div class='ocr_carea' id='block_1_81' title="bbox 2081 3286 3654 3365">
    <p class='ocr_par' dir='ltr' id='par_1_81' title="bbox 2081 3286 3654 3365">
     <span class='ocr_line' id='line_1_82' title="bbox 2081 3286 3654 3365; baseline -0.01 -10"><span class='ocrx_word' id='word_1_624' title='bbox 2081 3303 2151 3355; x_wconf 89' lang='lat' dir='ltr'><strong>tis</strong></span> <span class='ocrx_word' id='word_1_625' title='bbox 2201 3303 2318 3360; x_wconf 90' lang='lat' dir='ltr'><strong>suis</strong></span> <span class='ocrx_word' id='word_1_626' title='bbox 2365 3301 2736 3365; x_wconf 89' lang='lat' dir='ltr'><strong>obsequentes</strong></span> <span class='ocrx_word' id='word_1_627' title='bbox 2767 3303 2972 3348; x_wconf 87' lang='lat' dir='ltr'><strong>essent.</strong></span> <span class='ocrx_word' id='word_1_628' title='bbox 3004 3295 3074 3344; x_wconf 84' lang='lat' dir='ltr'><strong>At</strong></span> <span class='ocrx_word' id='word_1_629' title='bbox 3117 3290 3395 3358; x_wconf 87' lang='lat' dir='ltr'><strong>quodnam</strong></span> <span class='ocrx_word' id='word_1_630' title='bbox 3451 3301 3518 3340; x_wconf 82' lang='lat' dir='ltr'><strong>ex</strong></span> <span class='ocrx_word' id='word_1_631' title='bbox 3551 3286 3654 3340; x_wconf 88' lang='lat' dir='ltr'><strong>hoc</strong></span> 
     </span>
    </p>
   </div>
   <div class='ocr_carea' id='block_1_82' title="bbox 2083 3380 3653 3447">
    <p class='ocr_par' dir='ltr' id='par_1_82' title="bbox 2083 3380 3653 3447">
     <span class='ocr_line' id='line_1_83' title="bbox 2083 3380 3653 3447; baseline -0.012 -1"><span class='ocrx_word' id='word_1_632' title='bbox 2083 3395 2298 3447; x_wconf 87' lang='lat' dir='ltr'><strong>lucrum</strong></span> <span class='ocrx_word' id='word_1_633' title='bbox 2327 3391 2350 3442; x_wconf 91' lang='lat'><strong>?</strong></span> <span class='ocrx_word' id='word_1_634' title='bbox 2381 3391 2533 3443; x_wconf 87' lang='lat' dir='ltr'><strong>Bona</strong></span> <span class='ocrx_word' id='word_1_635' title='bbox 2553 3387 2832 3441; x_wconf 61' lang='lat' dir='ltr'><strong>aemulatio</strong></span> <span class='ocrx_word' id='word_1_636' title='bbox 2866 3385 2918 3438; x_wconf 91' lang='lat' dir='ltr'><strong>in</strong></span> <span class='ocrx_word' id='word_1_637' title='bbox 2952 3383 3284 3444; x_wconf 79' lang='lat' dir='ltr'><strong>inﬁdelibus,</strong></span> <span class='ocrx_word' id='word_1_638' title='bbox 3314 3392 3436 3447; x_wconf 64' lang='lat' dir='ltr'><strong>quae</strong></span> <span class='ocrx_word' id='word_1_639' title='bbox 3487 3380 3653 3432; x_wconf 85' lang='lat' dir='ltr'><strong>etiam</strong></span> 
     </span>
    </p>
   </div>
   <div class='ocr_carea' id='block_1_83' title="bbox 2084 3466 3652 3548">
    <p class='ocr_par' dir='ltr' id='par_1_83' title="bbox 2084 3466 3652 3548">
     <span class='ocr_line' id='line_1_84' title="bbox 2084 3466 3652 3548; baseline -0.011 -11"><span class='ocrx_word' id='word_1_640' title='bbox 2084 3499 2112 3538; x_wconf 91' lang='lat' dir='ltr'><strong>a</strong></span> <span class='ocrx_word' id='word_1_641' title='bbox 2150 3492 2333 3536; x_wconf 87' lang='lat' dir='ltr'><strong>nostra</strong></span> <span class='ocrx_word' id='word_1_642' title='bbox 2393 3493 2519 3548; x_wconf 74' lang='lat' dir='ltr'><strong>erga</strong></span> <span class='ocrx_word' id='word_1_643' title='bbox 2569 3478 2842 3546; x_wconf 77' lang='lat' dir='ltr'><strong>principes</strong></span> <span class='ocrx_word' id='word_1_644' title='bbox 2911 3473 3276 3528; x_wconf 88' lang='lat' dir='ltr'><strong>submissione</strong></span> <span class='ocrx_word' id='word_1_645' title='bbox 3315 3466 3652 3538; x_wconf 81' lang='lat' dir='ltr'><strong>producitur,</strong></span> 
     </span>
    </p>
   </div>
   <div class='ocr_carea' id='block_1_84' title="bbox 2085 3558 3657 3637">
    <p class='ocr_par' dir='ltr' id='par_1_84' title="bbox 2085 3558 3657 3637">
     <span class='ocr_line' id='line_1_85' title="bbox 2085 3558 3657 3637; baseline -0.009 -15"><span class='ocrx_word' id='word_1_646' title='bbox 2085 3567 2536 3637; x_wconf 87' lang='lat' dir='ltr'><strong>qnemadmodmn</strong></span> <span class='ocrx_word' id='word_1_647' title='bbox 2566 3573 2618 3618; x_wconf 90' lang='lat' dir='ltr'><strong>et</strong></span> <span class='ocrx_word' id='word_1_648' title='bbox 2644 3563 2845 3616; x_wconf 86' lang='lat' dir='ltr'><strong>Christi</strong></span> <span class='ocrx_word' id='word_1_649' title='bbox 2873 3571 3093 3630; x_wconf 88' lang='lat' dir='ltr'><strong>propter</strong></span> <span class='ocrx_word' id='word_1_650' title='bbox 3125 3577 3222 3616; x_wconf 93' lang='lat' dir='ltr'><strong>nos</strong></span> <span class='ocrx_word' id='word_1_651' title='bbox 3277 3560 3432 3613; x_wconf 84' lang='lat' dir='ltr'><strong>laus:</strong></span> <span class='ocrx_word' id='word_1_652' title='bbox 3470 3558 3522 3610; x_wconf 93' lang='lat' dir='ltr'><strong>in</strong></span> <span class='ocrx_word' id='word_1_653' title='bbox 3548 3569 3657 3624; x_wconf 90' lang='lat' dir='ltr'><strong>quo</strong></span> 
     </span>
    </p>
   </div>
   <div class='ocr_carea' id='block_1_85' title="bbox 2089 3648 3658 3728">
    <p class='ocr_par' dir='ltr' id='par_1_85' title="bbox 2089 3648 3658 3728">
     <span class='ocr_line' id='line_1_86' title="bbox 2089 3648 3658 3728; baseline -0.008 -17"><span class='ocrx_word' id='word_1_654' title='bbox 2089 3675 2282 3728; x_wconf 77' lang='lat' dir='ltr'><strong>magna</strong></span> <span class='ocrx_word' id='word_1_655' title='bbox 2350 3655 2784 3710; x_wconf 86' lang='lat' dir='ltr'><strong>Christianorum</strong></span> <span class='ocrx_word' id='word_1_656' title='bbox 2817 3654 2985 3720; x_wconf 79' lang='lat' dir='ltr'><strong>gloria</strong></span> <span class='ocrx_word' id='word_1_657' title='bbox 3025 3655 3202 3721; x_wconf 83' lang='lat' dir='ltr'><strong>posita</strong></span> <span class='ocrx_word' id='word_1_658' title='bbox 3221 3660 3334 3705; x_wconf 88' lang='lat' dir='ltr'><strong>est:</strong></span> <span class='ocrx_word' id='word_1_659' title='bbox 3364 3665 3486 3704; x_wconf 90' lang='lat' dir='ltr'><strong>cum</strong></span> <span class='ocrx_word' id='word_1_660' title='bbox 3512 3648 3658 3702; x_wconf 87' lang='lat' dir='ltr'><strong>scili-</strong></span> 
     </span>
    </p>
   </div>
   <div class='ocr_carea' id='block_1_86' title="bbox 2088 3740 3654 3814">
    <p class='ocr_par' dir='ltr' id='par_1_86' title="bbox 2088 3740 3654 3814">
     <span class='ocr_line' id='line_1_87' title="bbox 2088 3740 3654 3814; baseline -0.008 -12"><span class='ocrx_word' id='word_1_661' title='bbox 2088 3759 2172 3802; x_wconf 88' lang='lat' dir='ltr'><strong>cet</strong></span> <span class='ocrx_word' id='word_1_662' title='bbox 2202 3753 2418 3814; x_wconf 80' lang='lat' dir='ltr'><strong>propter</strong></span> <span class='ocrx_word' id='word_1_663' title='bbox 2441 3760 2562 3805; x_wconf 86' lang='lat' dir='ltr'><strong>nos,</strong></span> <span class='ocrx_word' id='word_1_664' title='bbox 2591 3759 2686 3798; x_wconf 89' lang='lat' dir='ltr'><strong>seu</strong></span> <span class='ocrx_word' id='word_1_665' title='bbox 2717 3751 2937 3811; x_wconf 85' lang='lat' dir='ltr'><strong>propter</strong></span> <span class='ocrx_word' id='word_1_666' title='bbox 2963 3743 3158 3793; x_wconf 85' lang='lat' dir='ltr'><strong>bonam</strong></span> <span class='ocrx_word' id='word_1_667' title='bbox 3187 3740 3654 3793; x_wconf 79' lang='lat' dir='ltr'><strong>conversationem</strong></span> 
     </span>
    </p>
   </div>
   <div class='ocr_carea' id='block_1_87' title="bbox 2087 3829 3654 3900">
    <p class='ocr_par' dir='ltr' id='par_1_87' title="bbox 2087 3829 3654 3900">
     <span class='ocr_line' id='line_1_88' title="bbox 2087 3829 3654 3900; baseline -0.008 -9"><span class='ocrx_word' id='word_1_668' title='bbox 2087 3846 2330 3892; x_wconf 85' lang='lat' dir='ltr'><strong>nostram</strong></span> <span class='ocrx_word' id='word_1_669' title='bbox 2387 3835 2480 3888; x_wconf 90' lang='lat' dir='ltr'><strong>Dei</strong></span> <span class='ocrx_word' id='word_1_670' title='bbox 2543 3849 2740 3888; x_wconf 87' lang='lat' dir='ltr'><strong>nomen</strong></span> <span class='ocrx_word' id='word_1_671' title='bbox 2807 3832 3164 3900; x_wconf 78' lang='lat' dir='ltr'><strong>gloriﬁcatur.</strong></span> <span class='ocrx_word' id='word_1_672' title='bbox 3229 3829 3363 3882; x_wconf 91' lang='lat' dir='ltr'><strong>Illud</strong></span> <span class='ocrx_word' id='word_1_673' title='bbox 3425 3837 3654 3882; x_wconf 88' lang='lat' dir='ltr'><strong>autem:</strong></span> 
     </span>
    </p>
   </div>
   <div class='ocr_carea' id='block_1_88' title="bbox 2097 3918 3660 3985">
    <p class='ocr_par' dir='ltr' id='par_1_88' title="bbox 2097 3918 3660 3985">
     <span class='ocr_line' id='line_1_89' title="bbox 2097 3918 3660 3985; baseline -0.006 -5"><span class='ocrx_word' id='word_1_674' title='bbox 2097 3948 2116 3980; x_wconf 80' lang='grc' dir='ltr'><strong>ι</strong></span> <span class='ocrx_word' id='word_1_675' title='bbox 2156 3930 2290 3982; x_wconf 83' lang='lat' dir='ltr'><strong>Sine</strong></span> <span class='ocrx_word' id='word_1_676' title='bbox 2313 3927 2480 3981; x_wconf 86' lang='lat' dir='ltr'><strong>verbo</strong></span> <span class='ocrx_word' id='word_1_677' title='bbox 2509 3925 2838 3985; x_wconf 68' lang='lat' dir='ltr'><strong>lucriﬁant,»</strong></span> <span class='ocrx_word' id='word_1_678' title='bbox 2866 3922 3006 3974; x_wconf 90' lang='lat' dir='ltr'><strong>idem</strong></span> <span class='ocrx_word' id='word_1_679' title='bbox 3025 3921 3160 3974; x_wconf 83' lang='lat' dir='ltr'><strong>valet</strong></span> <span class='ocrx_word' id='word_1_680' title='bbox 3181 3934 3244 3972; x_wconf 86' lang='lat' dir='ltr'><strong>ac</strong></span> <span class='ocrx_word' id='word_1_681' title='bbox 3277 3927 3486 3972; x_wconf 89' lang='lat' dir='ltr'><strong>semoto</strong></span> <span class='ocrx_word' id='word_1_682' title='bbox 3510 3918 3660 3971; x_wconf 86' lang='lat' dir='ltr'><strong>omni</strong></span> 
     </span>
    </p>
   </div>
   <div class='ocr_carea' id='block_1_89' title="bbox 2091 4007 3658 4083">
    <p class='ocr_par' dir='ltr' id='par_1_89' title="bbox 2091 4007 3658 4083">
     <span class='ocr_line' id='line_1_90' title="bbox 2091 4007 3658 4083; baseline -0.01 -10"><span class='ocrx_word' id='word_1_683' title='bbox 2091 4032 2339 4073; x_wconf 86' lang='lat' dir='ltr'><strong>sermone</strong></span> <span class='ocrx_word' id='word_1_684' title='bbox 2395 4015 2650 4083; x_wconf 90' lang='lat' dir='ltr'><strong>omnique</strong></span> <span class='ocrx_word' id='word_1_685' title='bbox 2701 4011 3170 4072; x_wconf 83' lang='lat' dir='ltr'><strong>contradictione;</strong></span> <span class='ocrx_word' id='word_1_686' title='bbox 3208 4009 3310 4074; x_wconf 83' lang='lat' dir='ltr'><strong>vel,</strong></span> <span class='ocrx_word' id='word_1_687' title='bbox 3373 4007 3658 4059; x_wconf 82' lang='lat' dir='ltr'><strong>veritatem</strong></span> 
     </span>
    </p>
   </div>
   <div class='ocr_carea' id='block_1_90' title="bbox 2093 4095 3662 4170">
    <p class='ocr_par' dir='ltr' id='par_1_90' title="bbox 2093 4095 3662 4170">
     <span class='ocr_line' id='line_1_91' title="bbox 2093 4095 3662 4170; baseline -0.008 -7"><span class='ocrx_word' id='word_1_688' title='bbox 2093 4109 2301 4163; x_wconf 90' lang='lat' dir='ltr'><strong>ﬁrmius</strong></span> <span class='ocrx_word' id='word_1_689' title='bbox 2330 4105 2830 4162; x_wconf 83' lang='lat' dir='ltr'><strong>demonstrantibus</strong></span> <span class='ocrx_word' id='word_1_690' title='bbox 2881 4101 3043 4155; x_wconf 76' lang='lat' dir='ltr'><strong>factis</strong></span> <span class='ocrx_word' id='word_1_691' title='bbox 3089 4115 3252 4170; x_wconf 88' lang='lat' dir='ltr'><strong>quam</strong></span> <span class='ocrx_word' id='word_1_692' title='bbox 3285 4097 3489 4153; x_wconf 87' lang='lat' dir='ltr'><strong>verbis.</strong></span> <span class='ocrx_word' id='word_1_693' title='bbox 3513 4095 3662 4164; x_wconf 88' lang='lat' dir='ltr'><strong>Opus</strong></span> 
     </span>
    </p>
   </div>
   <div class='ocr_carea' id='block_1_91' title="bbox 2092 4188 3662 4260">
    <p class='ocr_par' dir='ltr' id='par_1_91' title="bbox 2092 4188 3662 4260">
     <span class='ocr_line' id='line_1_92' title="bbox 2092 4188 3662 4260; baseline -0.01 -5"><span class='ocrx_word' id='word_1_694' title='bbox 2092 4199 2237 4255; x_wconf 88' lang='lat' dir='ltr'><strong>enim</strong></span> <span class='ocrx_word' id='word_1_695' title='bbox 2300 4199 2418 4252; x_wconf 88' lang='lat' dir='ltr'><strong>sine</strong></span> <span class='ocrx_word' id='word_1_696' title='bbox 2442 4193 2642 4260; x_wconf 81' lang='lat' dir='ltr'><strong>verbis,</strong></span> <span class='ocrx_word' id='word_1_697' title='bbox 2672 4204 2732 4247; x_wconf 91' lang='lat' dir='ltr'><strong>ut</strong></span> <span class='ocrx_word' id='word_1_698' title='bbox 2757 4195 2838 4246; x_wconf 82' lang='lat' dir='ltr'><strong>vir</strong></span> <span class='ocrx_word' id='word_1_699' title='bbox 2875 4201 3100 4247; x_wconf 84' lang='lat' dir='ltr'><strong>sanctus</strong></span> <span class='ocrx_word' id='word_1_700' title='bbox 3122 4189 3278 4254; x_wconf 77' lang='lat' dir='ltr'><strong>dixit,</strong></span> <span class='ocrx_word' id='word_1_701' title='bbox 3315 4188 3662 4258; x_wconf 69' lang='lat' dir='ltr'><strong>praestantius</strong></span> 
     </span>
    </p>
   </div>
   <div class='ocr_carea' id='block_1_92' title="bbox 430 4287 1973 4376">
    <p class='ocr_par' dir='ltr' id='par_1_92' title="bbox 430 4292 1973 4366">
     <span class='ocr_line' id='line_1_93' title="bbox 430 4292 1973 4366; baseline 0.003 -22"><span class='ocrx_word' id='word_1_702' title='bbox 430 4292 588 4361; x_wconf 87' lang='grc' dir='ltr'>λόγου</span> <span class='ocrx_word' id='word_1_703' title='bbox 624 4293 718 4345; x_wconf 76' lang='grc' dir='ltr'>καὶ</span> <span class='ocrx_word' id='word_1_704' title='bbox 741 4296 1082 4366; x_wconf 87' lang='grc' dir='ltr'>περιεργίας.</span> <span class='ocrx_word' id='word_1_705' title='bbox 1124 4295 1370 4366; x_wconf 75' lang='grc' dir='ltr'>Ἀφωνον</span> <span class='ocrx_word' id='word_1_706' title='bbox 1416 4296 1522 4364; x_wconf 73' lang='grc' dir='ltr'><strong>γὰρ</strong></span> <span class='ocrx_word' id='word_1_707' title='bbox 1549 4296 1708 4364; x_wconf 77' lang='grc' dir='ltr'>ἔργον</span> <span class='ocrx_word' id='word_1_708' title='bbox 1739 4298 1973 4364; x_wconf 75' lang='grc' dir='ltr'>κρεῖσσοι</span> 
     </span>
    </p>
   </div>
   <div class='ocr_carea' id='block_1_93' title="bbox 2077 4287 2969 4376">
    <p class='ocr_par' dir='ltr' id='par_1_93' title="bbox 2096 4287 2969 4354">
     <span class='ocr_line' id='line_1_94' title="bbox 2096 4287 2969 4354; baseline -0.01 -9"><span class='ocrx_word' id='word_1_709' title='bbox 2096 4291 2268 4346; x_wconf 90' lang='lat' dir='ltr'><strong>multo</strong></span> <span class='ocrx_word' id='word_1_710' title='bbox 2305 4298 2389 4344; x_wconf 88' lang='lat' dir='ltr'><strong>est</strong></span> <span class='ocrx_word' id='word_1_711' title='bbox 2417 4287 2597 4342; x_wconf 84' lang='lat' dir='ltr'><strong>verbis</strong></span> <span class='ocrx_word' id='word_1_712' title='bbox 2632 4287 2748 4340; x_wconf 87' lang='lat' dir='ltr'><strong>sine</strong></span> <span class='ocrx_word' id='word_1_713' title='bbox 2786 4298 2969 4354; x_wconf 88' lang='lat' dir='ltr'><strong>opere.</strong></span> 
     </span>
    </p>
   </div>
   <div class='ocr_carea' id='block_1_94' title="bbox 431 4382 1546 4453">
    <p class='ocr_par' dir='ltr' id='par_1_94' title="bbox 431 4382 1546 4453">
     <span class='ocr_line' id='line_1_95' title="bbox 431 4382 1546 4453; baseline 0 -17"><span class='ocrx_word' id='word_1_714' title='bbox 431 4382 712 4452; x_wconf 81' lang='grc' dir='ltr'>ἀπράκτου</span> <span class='ocrx_word' id='word_1_715' title='bbox 740 4384 918 4451; x_wconf 88' lang='grc' dir='ltr'>λόγου,</span> <span class='ocrx_word' id='word_1_716' title='bbox 958 4385 986 4434; x_wconf 87' lang='grc' dir='ltr'>ὁ</span> <span class='ocrx_word' id='word_1_717' title='bbox 1007 4382 1174 4436; x_wconf 85' lang='grc' dir='ltr'>εἰπὼν</span> <span class='ocrx_word' id='word_1_718' title='bbox 1206 4385 1344 4453; x_wconf 79' lang='grc' dir='ltr'>ἀνὴρ</span> <span class='ocrx_word' id='word_1_719' title='bbox 1373 4384 1546 4450; x_wconf 78' lang='grc' dir='ltr'>ὅιγιος.</span> 
     </span>
    </p>
   </div>
   <div class='ocr_carea' id='block_1_95' title="bbox 510 4471 1992 4542">
    <p class='ocr_par' dir='ltr' id='par_1_95' title="bbox 510 4471 1992 4542">
     <span class='ocr_line' id='line_1_96' title="bbox 510 4471 1992 4542; baseline 0.001 -19"><span class='ocrx_word' id='word_1_720' title='bbox 510 4491 530 4523; x_wconf 74' lang='grc' dir='ltr'><strong>ι</strong></span> <span class='ocrx_word' id='word_1_721' title='bbox 571 4473 710 4526; x_wconf 81' lang='grc' dir='ltr'>Ἀλλ’</span> <span class='ocrx_word' id='word_1_722' title='bbox 741 4476 770 4526; x_wconf 83' lang='grc' dir='ltr'><strong>ό</strong></span> <span class='ocrx_word' id='word_1_723' title='bbox 795 4473 1035 4542; x_wconf 76' lang='grc' dir='ltr'>κρυπτὸς</span> <span class='ocrx_word' id='word_1_724' title='bbox 1073 4473 1168 4542; x_wconf 81' lang='grc' dir='ltr'><strong>τῆς</strong></span> <span class='ocrx_word' id='word_1_725' title='bbox 1204 4473 1431 4542; x_wconf 77' lang='grc' dir='ltr'>καρδίας</span> <span class='ocrx_word' id='word_1_726' title='bbox 1483 4471 1768 4542; x_wconf 76' lang='grc' dir='ltr'>ἄνθρωπος</span> <span class='ocrx_word' id='word_1_727' title='bbox 1807 4475 1867 4525; x_wconf 83' lang='grc' dir='ltr'><strong>ἐν</strong></span> <span class='ocrx_word' id='word_1_728' title='bbox 1913 4471 1992 4542; x_wconf 85' lang='grc' dir='ltr'>τῷ</span> 
     </span>
    </p>
   </div>
   <div class='ocr_carea' id='block_1_96' title="bbox 433 4561 1994 4632">
    <p class='ocr_par' dir='ltr' id='par_1_96' title="bbox 433 4561 1994 4632">
     <span class='ocr_line' id='line_1_97' title="bbox 433 4561 1994 4632; baseline 0 -16"><span class='ocrx_word' id='word_1_729' title='bbox 433 4562 696 4632; x_wconf 82' lang='grc' dir='ltr'>ἀφθάρτῳ</span> <span class='ocrx_word' id='word_1_730' title='bbox 715 4561 809 4614; x_wconf 91' lang='grc' dir='ltr'><strong>τοῦ</strong></span> <span class='ocrx_word' id='word_1_731' title='bbox 842 4563 1039 4632; x_wconf 83' lang='grc' dir='ltr'>πραέος</span> <span class='ocrx_word' id='word_1_732' title='bbox 1071 4565 1162 4614; x_wconf 81' lang='grc' dir='ltr'>καὶ</span> <span class='ocrx_word' id='word_1_733' title='bbox 1197 4562 1416 4632; x_wconf 78' lang='grc' dir='ltr'>ἡσυχίου</span> <span class='ocrx_word' id='word_1_734' title='bbox 1442 4563 1768 4630; x_wconf 83' lang='grc' dir='ltr'>πνεύματος,</span> <span class='ocrx_word' id='word_1_735' title='bbox 1793 4563 1820 4616; x_wconf 87' lang='grc' dir='ltr'><strong>ὃ</strong></span> <span class='ocrx_word' id='word_1_736' title='bbox 1846 4566 1994 4616; x_wconf 87' lang='grc' dir='ltr'>ἐστιν</span> 
     </span>
    </p>
   </div>
   <div class='ocr_carea' id='block_1_97' title="bbox 436 4651 1994 4724">
    <p class='ocr_par' dir='ltr' id='par_1_97' title="bbox 436 4651 1994 4724">
     <span class='ocr_line' id='line_1_98' title="bbox 436 4651 1994 4724; baseline 0 -17"><span class='ocrx_word' id='word_1_737' title='bbox 436 4651 666 4707; x_wconf 83' lang='grc' dir='ltr'>ἐνώπιον</span> <span class='ocrx_word' id='word_1_738' title='bbox 695 4651 787 4706; x_wconf 91' lang='grc' dir='ltr'><strong>τοῦ</strong></span> <span class='ocrx_word' id='word_1_739' title='bbox 807 4652 942 4704; x_wconf 85' lang='grc' dir='ltr'>Θεοῦ</span> <span class='ocrx_word' id='word_1_740' title='bbox 970 4652 1273 4714; x_wconf 82' lang='grc' dir='ltr'>πολυτελές.</span> <span class='ocrx_word' id='word_1_741' title='bbox 1304 4672 1322 4702; x_wconf 71' lang='grc' dir='ltr'><strong>ι</strong></span> <span class='ocrx_word' id='word_1_742' title='bbox 1359 4683 1424 4694; x_wconf 86' lang='lat'><strong>--</strong></span> <span class='ocrx_word' id='word_1_743' title='bbox 1465 4673 1482 4703; x_wconf 77' lang='grc' dir='ltr'><strong>ι</strong></span> <span class='ocrx_word' id='word_1_744' title='bbox 1501 4654 1655 4706; x_wconf 73' lang='grc' dir='ltr'>Πᾶσα</span> <span class='ocrx_word' id='word_1_745' title='bbox 1690 4657 1796 4724; x_wconf 80' lang='grc' dir='ltr'>γὰρ</span> <span class='ocrx_word' id='word_1_746' title='bbox 1816 4657 1846 4722; x_wconf 79' lang='grc' dir='ltr'>ἡ</span> <span class='ocrx_word' id='word_1_747' title='bbox 1866 4654 1994 4720; x_wconf 78' lang='grc' dir='ltr'>δόξα</span> 
     </span>
    </p>
   </div>
   <div class='ocr_carea' id='block_1_98' title="bbox 435 4741 1999 4813">
    <p class='ocr_par' dir='ltr' id='par_1_98' title="bbox 435 4741 1999 4813">
     <span class='ocr_line' id='line_1_99' title="bbox 435 4741 1999 4813; baseline -0.001 -18"><span class='ocrx_word' id='word_1_748' title='bbox 435 4746 534 4813; x_wconf 85' lang='grc' dir='ltr'>τῆς</span> <span class='ocrx_word' id='word_1_749' title='bbox 563 4741 827 4811; x_wconf 76' lang='grc' dir='ltr'>θυγατρὸς</span> <span class='ocrx_word' id='word_1_750' title='bbox 873 4741 967 4794; x_wconf 87' lang='grc' dir='ltr'><strong>τοῦ</strong></span> <span class='ocrx_word' id='word_1_751' title='bbox 1022 4741 1287 4810; x_wconf 75' lang='grc' dir='ltr'>βασιλέως</span> <span class='ocrx_word' id='word_1_752' title='bbox 1313 4741 1516 4794; x_wconf 79' lang='grc' dir='ltr'>ἔσωθεν</span> <span class='ocrx_word' id='word_1_753' title='bbox 1557 4747 1616 4794; x_wconf 91' lang='grc' dir='ltr'><strong>ἐν</strong></span> <span class='ocrx_word' id='word_1_754' title='bbox 1666 4747 1999 4813; x_wconf 82' lang='grc' dir='ltr'>κροσσωτοίς</span> 
     </span>
    </p>
   </div>
   <div class='ocr_carea' id='block_1_99' title="bbox 437 4831 1999 4904">
    <p class='ocr_par' dir='ltr' id='par_1_99' title="bbox 437 4831 1999 4904">
     <span class='ocr_line' id='line_1_100' title="bbox 437 4831 1999 4904; baseline 0.001 -20"><span class='ocrx_word' id='word_1_755' title='bbox 437 4835 658 4904; x_wconf 80' lang='grc' dir='ltr'>χρυσοῖς</span> <span class='ocrx_word' id='word_1_756' title='bbox 713 4831 1150 4902; x_wconf 77' lang='grc' dir='ltr'>περιϐεϐλημένη</span> <span class='ocrx_word' id='word_1_757' title='bbox 1202 4832 1602 4901; x_wconf 78' lang='grc' dir='ltr'>πεποικιλμένη</span> <span class='ocrx_word' id='word_1_758' title='bbox 1628 4850 1641 4864; x_wconf 79' lang='grc'><em>’</em></span> <span class='ocrx_word' id='word_1_759' title='bbox 1669 4853 1688 4885; x_wconf 73' lang='grc' dir='ltr'><strong>ι</strong></span> <span class='ocrx_word' id='word_1_760' title='bbox 1715 4836 1874 4888; x_wconf 78' lang='grc' dir='ltr'>οἱονεὶ</span> <span class='ocrx_word' id='word_1_761' title='bbox 1900 4835 1999 4904; x_wconf 80' lang='grc' dir='ltr'>τῆς</span> 
     </span>
    </p>
   </div>
   <div class='ocr_carea' id='block_1_100' title="bbox 439 4921 1996 4996">
    <p class='ocr_par' dir='ltr' id='par_1_100' title="bbox 439 4921 1996 4996">
     <span class='ocr_line' id='line_1_101' title="bbox 439 4921 1996 4996; baseline 0.001 -21"><span class='ocrx_word' id='word_1_762' title='bbox 439 4928 496 4976; x_wconf 81' lang='grc' dir='ltr'><strong>ἐν</strong></span> <span class='ocrx_word' id='word_1_763' title='bbox 523 4923 602 4994; x_wconf 81' lang='grc' dir='ltr'>τῷ</span> <span class='ocrx_word' id='word_1_764' title='bbox 632 4921 860 4996; x_wconf 87' lang='grc' dir='ltr'>κρυπτῷ</span> <span class='ocrx_word' id='word_1_765' title='bbox 881 4923 1039 4992; x_wconf 78' lang='grc' dir='ltr'>ἡμῶν</span> <span class='ocrx_word' id='word_1_766' title='bbox 1062 4923 1376 4988; x_wconf 77' lang='grc' dir='ltr'>διαθέσεως,</span> <span class='ocrx_word' id='word_1_767' title='bbox 1401 4927 1496 4975; x_wconf 75' lang='grc' dir='ltr'><strong>καὶ</strong></span> <span class='ocrx_word' id='word_1_768' title='bbox 1524 4927 1622 4992; x_wconf 76' lang='grc' dir='ltr'>τῆς</span> <span class='ocrx_word' id='word_1_769' title='bbox 1644 4924 1800 4986; x_wconf 68' lang='grc' dir='ltr'>ἐκτὸς</span> <span class='ocrx_word' id='word_1_770' title='bbox 1828 4943 1966 4978; x_wconf 62' lang='grc' dir='ltr'>κατα</span> <span class='ocrx_word' id='word_1_771' title='bbox 1988 4956 1996 4964; x_wconf 79' lang='grc' dir='ltr'><strong><em>ο</em></strong></span> 
     </span>
    </p>
   </div>
   <div class='ocr_carea' id='block_1_101' title="bbox 443 5011 1994 5083">
    <p class='ocr_par' dir='ltr' id='par_1_101' title="bbox 443 5011 1994 5083">
     <span class='ocr_line' id='line_1_102' title="bbox 443 5011 1994 5083; baseline 0.001 -17"><span class='ocrx_word' id='word_1_772' title='bbox 443 5017 703 5077; x_wconf 82' lang='grc' dir='ltr'>στάσεως,</span> <span class='ocrx_word' id='word_1_773' title='bbox 739 5013 980 5082; x_wconf 82' lang='grc' dir='ltr'>σύμϐολα</span> <span class='ocrx_word' id='word_1_774' title='bbox 1002 5013 1394 5082; x_wconf 76' lang='grc' dir='ltr'>ἀνεπιτήδευτα</span> <span class='ocrx_word' id='word_1_775' title='bbox 1442 5011 1847 5083; x_wconf 64' lang='grc' dir='ltr'>παρεχομένων.</span> <span class='ocrx_word' id='word_1_776' title='bbox 1871 5017 1994 5067; x_wconf 83' lang='grc' dir='ltr'>Τοι-</span> 
     </span>
    </p>
   </div>
   <div class='ocr_carea' id='block_1_102' title="bbox 439 5103 1993 5174">
    <p class='ocr_par' dir='ltr' id='par_1_102' title="bbox 439 5103 1993 5174">
     <span class='ocr_line' id='line_1_103' title="bbox 439 5103 1993 5174; baseline -0.003 -14"><span class='ocrx_word' id='word_1_777' title='bbox 439 5107 592 5169; x_wconf 82' lang='grc' dir='ltr'>οῦτος</span> <span class='ocrx_word' id='word_1_778' title='bbox 623 5107 730 5172; x_wconf 72' lang='grc' dir='ltr'>γὶιρ</span> <span class='ocrx_word' id='word_1_779' title='bbox 756 5107 785 5156; x_wconf 85' lang='grc' dir='ltr'>ὁ</span> <span class='ocrx_word' id='word_1_780' title='bbox 821 5103 1046 5172; x_wconf 76' lang='grc' dir='ltr'>κροσσὺς</span> <span class='ocrx_word' id='word_1_781' title='bbox 1103 5105 1422 5172; x_wconf 76' lang='grc' dir='ltr'>περίττωμα</span> <span class='ocrx_word' id='word_1_782' title='bbox 1451 5104 1525 5157; x_wconf 78' lang='grc' dir='ltr'>ὢν</span> <span class='ocrx_word' id='word_1_783' title='bbox 1549 5105 1639 5156; x_wconf 73' lang='grc' dir='ltr'><strong>τοῦ</strong></span> <span class='ocrx_word' id='word_1_784' title='bbox 1681 5107 1993 5174; x_wconf 52' lang='lat' dir='ltr'><strong>(reddituro;</strong></span> 
     </span>
    </p>
   </div>
   <div class='ocr_carea' id='block_1_103' title="bbox 443 5193 1993 5266">
    <p class='ocr_par' dir='ltr' id='par_1_103' title="bbox 443 5193 1993 5266">
     <span class='ocr_line' id='line_1_104' title="bbox 443 5193 1993 5266; baseline 0.01 -25"><span class='ocrx_word' id='word_1_785' title='bbox 443 5198 539 5266; x_wconf 69' lang='grc' dir='ltr'><strong>τὴν</strong></span> <span class='ocrx_word' id='word_1_786' title='bbox 595 5197 769 5266; x_wconf 75' lang='grc' dir='ltr'>αρχὴν</span> <span class='ocrx_word' id='word_1_787' title='bbox 825 5193 1002 5264; x_wconf 67' lang='grc' dir='ltr'>λαχὼν</span> <span class='ocrx_word' id='word_1_788' title='bbox 1054 5194 1161 5246; x_wconf 76' lang='grc' dir='ltr'>τῶν</span> <span class='ocrx_word' id='word_1_789' title='bbox 1205 5195 1509 5262; x_wconf 76' lang='grc' dir='ltr'>στημόνω,</span> <span class='ocrx_word' id='word_1_790' title='bbox 1558 5195 1586 5247; x_wconf 87' lang='grc' dir='ltr'><strong>ὃ</strong></span> <span class='ocrx_word' id='word_1_791' title='bbox 1648 5199 1741 5265; x_wconf 81' lang='grc' dir='ltr'>τῆς</span> <span class='ocrx_word' id='word_1_792' title='bbox 1792 5198 1993 5264; x_wconf 68' lang='grc' dir='ltr'>κρόκης</span> 
     </span>
    </p>
   </div>
   <div class='ocr_carea' id='block_1_104' title="bbox 1997 5267 2038 5292">
    <p class='ocr_par' dir='ltr' id='par_1_104' title="bbox 1997 5267 2038 5292">
     <span class='ocr_line' id='line_1_105' title="bbox 1997 5267 2038 5292; baseline 0 0"><span class='ocrx_word' id='word_1_793' title='bbox 1997 5267 2038 5292; x_wconf 73' lang='grc' dir='ltr'><strong><em>ο</em></strong></span> 
     </span>
    </p>
   </div>
   <div class='ocr_carea' id='block_1_105' title="bbox 442 5284 1998 5356">
    <p class='ocr_par' dir='ltr' id='par_1_105' title="bbox 442 5284 1998 5356">
     <span class='ocr_line' id='line_1_106' title="bbox 442 5284 1998 5356; baseline -0.001 -16"><span class='ocrx_word' id='word_1_794' title='bbox 442 5289 786 5356; x_wconf 77' lang='grc' dir='ltr'>ἀπήλλακται</span> <span class='ocrx_word' id='word_1_795' title='bbox 805 5285 906 5354; x_wconf 73' lang='grc' dir='ltr'>τῆς</span> <span class='ocrx_word' id='word_1_796' title='bbox 931 5285 1238 5354; x_wconf 77' lang='grc' dir='ltr'>ἐμπλοκῆς,</span> <span class='ocrx_word' id='word_1_797' title='bbox 1258 5285 1352 5336; x_wconf 80' lang='grc' dir='ltr'>καὶ</span> <span class='ocrx_word' id='word_1_798' title='bbox 1378 5284 1474 5354; x_wconf 79' lang='grc' dir='ltr'>τῆς</span> <span class='ocrx_word' id='word_1_799' title='bbox 1503 5285 1741 5355; x_wconf 66' lang='grc' dir='ltr'>ἀρχῆθεν</span> <span class='ocrx_word' id='word_1_800' title='bbox 1761 5288 1998 5338; x_wconf 77' lang='grc' dir='ltr'>ὑποστά-</span> 
     </span>
    </p>
   </div>
   <div class='ocr_carea' id='block_1_106' title="bbox 445 5374 2000 5448">
    <p class='ocr_par' dir='ltr' id='par_1_106' title="bbox 445 5374 2000 5448">
     <span class='ocr_line' id='line_1_107' title="bbox 445 5374 2000 5448; baseline -0.014 -5"><span class='ocrx_word' id='word_1_801' title='bbox 445 5393 580 5440; x_wconf 85' lang='grc' dir='ltr'>σεως</span> <span class='ocrx_word' id='word_1_802' title='bbox 639 5375 834 5446; x_wconf 83' lang='grc' dir='ltr'>μηνύει</span> <span class='ocrx_word' id='word_1_803' title='bbox 863 5375 960 5448; x_wconf 82' lang='grc' dir='ltr'>τὴν</span> <span class='ocrx_word' id='word_1_804' title='bbox 989 5376 1266 5446; x_wconf 83' lang='grc' dir='ltr'>ἐργασίαν.</span> <span class='ocrx_word' id='word_1_805' title='bbox 1303 5393 1320 5426; x_wconf 83' lang='grc' dir='ltr'><strong>ι</strong></span> <span class='ocrx_word' id='word_1_806' title='bbox 1345 5375 1622 5445; x_wconf 75' lang='grc' dir='ltr'>Χρυσοῦς»</span> <span class='ocrx_word' id='word_1_807' title='bbox 1664 5377 1720 5428; x_wconf 79' lang='grc' dir='ltr'>δέ</span> <span class='ocrx_word' id='word_1_808' title='bbox 1746 5392 1878 5446; x_wconf 74' lang='grc' dir='ltr'>φησι</span> <span class='ocrx_word' id='word_1_809' title='bbox 1907 5374 2000 5430; x_wconf 76' lang='grc' dir='ltr'>καὶ</span> 
     </span>
    </p>
   </div>
   <div class='ocr_carea' id='block_1_107' title="bbox 515 5535 1537 5622">
    <p class='ocr_par' dir='ltr' id='par_1_107' title="bbox 515 5535 1537 5622">
     <span class='ocr_line' id='line_1_108' title="bbox 515 5535 1537 5622; baseline -0.003 -11"><span class='ocrx_word' id='word_1_810' title='bbox 515 5559 560 5590; x_wconf 73' lang='grc'><strong><em>⁵⁵</em></strong></span> <span class='ocrx_word' id='word_1_811' title='bbox 587 5555 721 5611; x_wconf 88' lang='lat' dir='ltr'><strong>Luc.</strong></span> <span class='ocrx_word' id='word_1_812' title='bbox 754 5571 826 5622; x_wconf 69' lang='grc' dir='ltr'><strong>τι,</strong></span> <span class='ocrx_word' id='word_1_813' title='bbox 859 5554 912 5609; x_wconf 78' lang='grc' dir='ltr'>θ.</span> <span class='ocrx_word' id='word_1_814' title='bbox 991 5553 1036 5586; x_wconf 71' lang='grc'><strong>⁵⁸</strong></span> <span class='ocrx_word' id='word_1_815' title='bbox 1063 5551 1203 5609; x_wconf 84' lang='lat' dir='ltr'><strong>Psal.</strong></span> <span class='ocrx_word' id='word_1_816' title='bbox 1233 5535 1380 5617; x_wconf 69' lang='lat' dir='ltr'><strong>xuv,</strong></span> <span class='ocrx_word' id='word_1_817' title='bbox 1412 5553 1537 5608; x_wconf 77' lang='grc' dir='ltr'><strong>Μ..</strong></span> 
     </span>
    </p>
   </div>
   <div class='ocr_carea' id='block_1_108' title="bbox 2171 4453 3662 4532">
    <p class='ocr_par' dir='ltr' id='par_1_108' title="bbox 2171 4453 3662 4532">
     <span class='ocr_line' id='line_1_109' title="bbox 2171 4453 3662 4532; baseline -0.012 -11"><span class='ocrx_word' id='word_1_818' title='bbox 2171 4467 2332 4524; x_wconf 69' lang='lat' dir='ltr'><strong>Vens.</strong></span> <span class='ocrx_word' id='word_1_819' title='bbox 2365 4468 2420 4520; x_wconf 73' lang='grc'><strong>4.</strong></span> <span class='ocrx_word' id='word_1_820' title='bbox 2462 4485 2480 4516; x_wconf 78' lang='grc' dir='ltr'><strong>ι</strong></span> <span class='ocrx_word' id='word_1_821' title='bbox 2518 4466 2622 4520; x_wconf 89' lang='lat' dir='ltr'><strong>Sed</strong></span> <span class='ocrx_word' id='word_1_822' title='bbox 2662 4463 2754 4532; x_wconf 85' lang='lat' dir='ltr'><strong>qui</strong></span> <span class='ocrx_word' id='word_1_823' title='bbox 2783 4458 3135 4516; x_wconf 85' lang='lat' dir='ltr'><strong>absconditus</strong></span> <span class='ocrx_word' id='word_1_824' title='bbox 3151 4463 3230 4508; x_wconf 90' lang='lat' dir='ltr'><strong>est</strong></span> <span class='ocrx_word' id='word_1_825' title='bbox 3261 4454 3438 4509; x_wconf 88' lang='lat' dir='ltr'><strong>cordis</strong></span> <span class='ocrx_word' id='word_1_826' title='bbox 3477 4453 3662 4516; x_wconf 78' lang='lat' dir='ltr'><strong>homo,</strong></span> 
     </span>
    </p>
   </div>
   <div class='ocr_carea' id='block_1_109' title="bbox 2099 4549 3661 4629">
    <p class='ocr_par' dir='ltr' id='par_1_109' title="bbox 2099 4549 3661 4629">
     <span class='ocr_line' id='line_1_110' title="bbox 2099 4549 3661 4629; baseline -0.012 -14"><span class='ocrx_word' id='word_1_827' title='bbox 2099 4563 2151 4616; x_wconf 89' lang='lat' dir='ltr'><strong>in</strong></span> <span class='ocrx_word' id='word_1_828' title='bbox 2193 4559 2705 4629; x_wconf 78' lang='lat' dir='ltr'><strong>incorruptibilitate</strong></span> <span class='ocrx_word' id='word_1_829' title='bbox 2761 4556 2926 4624; x_wconf 82' lang='lat' dir='ltr'><strong>quieti</strong></span> <span class='ocrx_word' id='word_1_830' title='bbox 2956 4562 3009 4608; x_wconf 92' lang='lat' dir='ltr'><strong>et</strong></span> <span class='ocrx_word' id='word_1_831' title='bbox 3046 4549 3269 4606; x_wconf 89' lang='lat' dir='ltr'><strong>modesti</strong></span> <span class='ocrx_word' id='word_1_832' title='bbox 3296 4549 3541 4618; x_wconf 84' lang='lat' dir='ltr'><strong>spiritus,</strong></span> <span class='ocrx_word' id='word_1_833' title='bbox 3570 4549 3661 4614; x_wconf 82' lang='lat' dir='ltr'><strong>qui</strong></span> 
     </span>
    </p>
   </div>
   <div class='ocr_carea' id='block_1_110' title="bbox 2099 4637 3662 4718">
    <p class='ocr_par' dir='ltr' id='par_1_110' title="bbox 2099 4637 3662 4718">
     <span class='ocr_line' id='line_1_111' title="bbox 2099 4637 3662 4718; baseline -0.013 -11"><span class='ocrx_word' id='word_1_834' title='bbox 2099 4653 2274 4707; x_wconf 88' lang='lat' dir='ltr'><strong>estin</strong></span> <span class='ocrx_word' id='word_1_835' title='bbox 2325 4659 2617 4718; x_wconf 86' lang='lat' dir='ltr'><strong>conspectu</strong></span> <span class='ocrx_word' id='word_1_836' title='bbox 2679 4647 2772 4702; x_wconf 88' lang='lat' dir='ltr'><strong>Dei</strong></span> <span class='ocrx_word' id='word_1_837' title='bbox 2824 4645 3069 4712; x_wconf 66' lang='lat' dir='ltr'><strong>locuples</strong></span> <span class='ocrx_word' id='word_1_838' title='bbox 3120 4661 3138 4692; x_wconf 79' lang='grc' dir='ltr'><strong>ι</strong></span> <span class='ocrx_word' id='word_1_839' title='bbox 3181 4639 3318 4692; x_wconf 83' lang='lat' dir='ltr'><strong>Nam</strong></span> <span class='ocrx_word' id='word_1_840' title='bbox 3385 4656 3403 4689; x_wconf 82' lang='grc' dir='ltr'><strong>ι</strong></span> <span class='ocrx_word' id='word_1_841' title='bbox 3471 4637 3662 4690; x_wconf 86' lang='lat' dir='ltr'><strong>Omnis</strong></span> 
     </span>
    </p>
   </div>
   <div class='ocr_carea' id='block_1_111' title="bbox 2097 4727 3663 4816">
    <p class='ocr_par' dir='ltr' id='par_1_111' title="bbox 2097 4727 3663 4816">
     <span class='ocr_line' id='line_1_112' title="bbox 2097 4727 3663 4816; baseline -0.013 -19"><span class='ocrx_word' id='word_1_842' title='bbox 2097 4744 2270 4816; x_wconf 74' lang='lat' dir='ltr'><strong>gloria</strong></span> <span class='ocrx_word' id='word_1_843' title='bbox 2303 4741 2427 4796; x_wconf 73' lang='lat' dir='ltr'><strong>ﬁliae</strong></span> <span class='ocrx_word' id='word_1_844' title='bbox 2479 4739 2624 4809; x_wconf 74' lang='lat' dir='ltr'><strong>regis</strong></span> <span class='ocrx_word' id='word_1_845' title='bbox 2670 4739 2736 4792; x_wconf 90' lang='lat' dir='ltr'><strong>ab</strong></span> <span class='ocrx_word' id='word_1_846' title='bbox 2797 4737 2967 4797; x_wconf 87' lang='lat' dir='ltr'><strong>inttts,</strong></span> <span class='ocrx_word' id='word_1_847' title='bbox 3001 4736 3052 4787; x_wconf 92' lang='lat' dir='ltr'><strong>in</strong></span> <span class='ocrx_word' id='word_1_848' title='bbox 3090 4731 3320 4786; x_wconf 87' lang='lat' dir='ltr'><strong>ﬁmbriis</strong></span> <span class='ocrx_word' id='word_1_849' title='bbox 3351 4727 3528 4783; x_wconf 82' lang='lat' dir='ltr'><strong>aureis</strong></span> <span class='ocrx_word' id='word_1_850' title='bbox 3554 4728 3663 4778; x_wconf 86' lang='lat' dir='ltr'><strong>cir-</strong></span> 
     </span>
    </p>
   </div>
   <div class='ocr_carea' id='block_1_112' title="bbox 2099 4819 3664 4896">
    <p class='ocr_par' dir='ltr' id='par_1_112' title="bbox 2099 4819 3664 4896">
     <span class='ocr_line' id='line_1_113' title="bbox 2099 4819 3664 4896; baseline -0.014 -6"><span class='ocrx_word' id='word_1_851' title='bbox 2099 4835 2421 4890; x_wconf 84' lang='lat' dir='ltr'><strong>cumamicta</strong></span> <span class='ocrx_word' id='word_1_852' title='bbox 2451 4831 2803 4884; x_wconf 80' lang='lat' dir='ltr'><strong>varietatibus</strong></span> <span class='ocrx_word' id='word_1_853' title='bbox 2820 4829 2897 4880; x_wconf 51' lang='lat' dir='ltr'><strong>i&quot;:</strong></span> <span class='ocrx_word' id='word_1_854' title='bbox 2941 4847 2958 4878; x_wconf 75' lang='grc' dir='ltr'><strong>ι</strong></span> <span class='ocrx_word' id='word_1_855' title='bbox 2997 4825 3156 4896; x_wconf 74' lang='lat'><strong>367</strong></span> <span class='ocrx_word' id='word_1_856' title='bbox 3179 4823 3385 4879; x_wconf 83' lang='lat' dir='ltr'><strong>scilicet</strong></span> <span class='ocrx_word' id='word_1_857' title='bbox 3408 4819 3664 4881; x_wconf 86' lang='lat' dir='ltr'><strong>interiore</strong></span> 
     </span>
    </p>
   </div>
   <div class='ocr_carea' id='block_1_113' title="bbox 2099 4909 3664 4986">
    <p class='ocr_par' dir='ltr' id='par_1_113' title="bbox 2099 4909 3664 4986">
     <span class='ocr_line' id='line_1_114' title="bbox 2099 4909 3664 4986; baseline -0.013 -6"><span class='ocrx_word' id='word_1_858' title='bbox 2099 4936 2283 4980; x_wconf 87' lang='lat' dir='ltr'><strong>nostra</strong></span> <span class='ocrx_word' id='word_1_859' title='bbox 2317 4923 2622 4984; x_wconf 80' lang='lat' dir='ltr'><strong>aﬁectione,</strong></span> <span class='ocrx_word' id='word_1_860' title='bbox 2647 4929 2700 4974; x_wconf 88' lang='lat' dir='ltr'><strong>et</strong></span> <span class='ocrx_word' id='word_1_861' title='bbox 2752 4920 3022 4975; x_wconf 74' lang='lat' dir='ltr'><strong>exteriore</strong></span> <span class='ocrx_word' id='word_1_862' title='bbox 3070 4916 3463 4986; x_wconf 85' lang='lat' dir='ltr'><strong>compositione</strong></span> <span class='ocrx_word' id='word_1_863' title='bbox 3493 4909 3664 4963; x_wconf 84' lang='lat' dir='ltr'><strong>amice</strong></span> 
     </span>
    </p>
   </div>
   <div class='ocr_carea' id='block_1_114' title="bbox 2098 4995 3666 5080">
    <p class='ocr_par' dir='ltr' id='par_1_114' title="bbox 2098 4995 3666 5080">
     <span class='ocr_line' id='line_1_115' title="bbox 2098 4995 3666 5080; baseline -0.015 -13"><span class='ocrx_word' id='word_1_864' title='bbox 2098 5011 2562 5080; x_wconf 87' lang='lat' dir='ltr'><strong>conspirantibus.</strong></span> <span class='ocrx_word' id='word_1_865' title='bbox 2611 5007 2846 5062; x_wconf 81' lang='lat' dir='ltr'><strong>Fimbria</strong></span> <span class='ocrx_word' id='word_1_866' title='bbox 2890 5005 3034 5059; x_wconf 88' lang='lat' dir='ltr'><strong>enim</strong></span> <span class='ocrx_word' id='word_1_867' title='bbox 3069 5013 3152 5059; x_wconf 88' lang='lat' dir='ltr'><strong>est</strong></span> <span class='ocrx_word' id='word_1_868' title='bbox 3197 5001 3512 5056; x_wconf 79' lang='lat' dir='ltr'><strong>extremitas</strong></span> <span class='ocrx_word' id='word_1_869' title='bbox 3546 4995 3666 5046; x_wconf 73' lang='lat' dir='ltr'><strong>telae</strong></span> 
     </span>
    </p>
   </div>
   <div class='ocr_carea' id='block_1_115' title="bbox 2103 5092 3665 5173">
    <p class='ocr_par' dir='ltr' id='par_1_115' title="bbox 2103 5092 3665 5173">
     <span class='ocr_line' id='line_1_116' title="bbox 2103 5092 3665 5173; baseline -0.013 -16"><span class='ocrx_word' id='word_1_870' title='bbox 2103 5105 2185 5160; x_wconf 86' lang='lat' dir='ltr'><strong>vel</strong></span> <span class='ocrx_word' id='word_1_871' title='bbox 2223 5104 2406 5173; x_wconf 86' lang='lat' dir='ltr'><strong>panni,</strong></span> <span class='ocrx_word' id='word_1_872' title='bbox 2455 5101 2543 5156; x_wconf 91' lang='lat' dir='ltr'><strong>ubi</strong></span> <span class='ocrx_word' id='word_1_873' title='bbox 2603 5109 2812 5154; x_wconf 86' lang='lat' dir='ltr'><strong>stamen</strong></span> <span class='ocrx_word' id='word_1_874' title='bbox 2866 5113 2990 5150; x_wconf 88' lang='lat' dir='ltr'><strong>eum</strong></span> <span class='ocrx_word' id='word_1_875' title='bbox 3029 5092 3365 5161; x_wconf 80' lang='lat' dir='ltr'><strong>subtegmine</strong></span> <span class='ocrx_word' id='word_1_876' title='bbox 3421 5101 3530 5139; x_wconf 90' lang='lat' dir='ltr'><strong>non</strong></span> <span class='ocrx_word' id='word_1_877' title='bbox 3579 5093 3665 5137; x_wconf 91' lang='lat' dir='ltr'><strong>est</strong></span> 
     </span>
    </p>
   </div>
   <div class='ocr_carea' id='block_1_116' title="bbox 2103 5173 3666 5267">
    <p class='ocr_par' dir='ltr' id='par_1_116' title="bbox 2103 5173 3666 5267">
     <span class='ocr_line' id='line_1_117' title="bbox 2103 5173 3666 5267; baseline -0.015 -15"><span class='ocrx_word' id='word_1_878' title='bbox 2103 5198 2440 5267; x_wconf 79' lang='lat' dir='ltr'><strong>implexum:</strong></span> <span class='ocrx_word' id='word_1_879' title='bbox 2481 5208 2652 5262; x_wconf 83' lang='lat' dir='ltr'><strong>quare</strong></span> <span class='ocrx_word' id='word_1_880' title='bbox 2689 5191 2758 5244; x_wconf 89' lang='lat' dir='ltr'><strong>ab</strong></span> <span class='ocrx_word' id='word_1_881' title='bbox 2786 5186 2943 5243; x_wconf 89' lang='lat' dir='ltr'><strong>initio</strong></span> <span class='ocrx_word' id='word_1_882' title='bbox 2994 5182 3233 5240; x_wconf 89' lang='lat' dir='ltr'><strong>ostendit</strong></span> <span class='ocrx_word' id='word_1_883' title='bbox 3267 5178 3436 5232; x_wconf 91' lang='lat' dir='ltr'><strong>totius</strong></span> <span class='ocrx_word' id='word_1_884' title='bbox 3485 5173 3666 5243; x_wconf 89' lang='lat' dir='ltr'><strong>operis</strong></span> 
     </span>
    </p>
   </div>
   <div class='ocr_carea' id='block_1_117' title="bbox 2105 5267 3660 5342">
    <p class='ocr_par' dir='ltr' id='par_1_117' title="bbox 2105 5267 3660 5342">
     <span class='ocr_line' id='line_1_118' title="bbox 2105 5267 3660 5342; baseline -0.018 0"><span class='ocrx_word' id='word_1_885' title='bbox 2105 5288 2491 5342; x_wconf 80' lang='lat' dir='ltr'><strong>substantiam.</strong></span> <span class='ocrx_word' id='word_1_886' title='bbox 2543 5302 2562 5335; x_wconf 79' lang='grc' dir='ltr'><strong>ι</strong></span> <span class='ocrx_word' id='word_1_887' title='bbox 2599 5283 2810 5336; x_wconf 84' lang='lat' dir='ltr'><strong>Aureas</strong></span> <span class='ocrx_word' id='word_1_888' title='bbox 2841 5299 2861 5331; x_wconf 70' lang='grc' dir='ltr'><strong>ι</strong></span> <span class='ocrx_word' id='word_1_889' title='bbox 2897 5285 3080 5331; x_wconf 87' lang='lat' dir='ltr'><strong>autem</strong></span> <span class='ocrx_word' id='word_1_890' title='bbox 3111 5271 3246 5325; x_wconf 90' lang='lat' dir='ltr'><strong>dicit</strong></span> <span class='ocrx_word' id='word_1_891' title='bbox 3280 5287 3299 5320; x_wconf 82' lang='grc' dir='ltr'><strong>ι</strong></span> <span class='ocrx_word' id='word_1_892' title='bbox 3341 5267 3602 5329; x_wconf 83' lang='lat' dir='ltr'><strong>ﬁmbrias,</strong></span> <span class='ocrx_word' id='word_1_893' title='bbox 3641 5281 3660 5314; x_wconf 72' lang='grc' dir='ltr'><strong>ι</strong></span> 
     </span>
    </p>
   </div>
   <div class='ocr_carea' id='block_1_118' title="bbox 2107 5354 3666 5442">
    <p class='ocr_par' dir='ltr' id='par_1_118' title="bbox 2107 5354 3666 5442">
     <span class='ocr_line' id='line_1_119' title="bbox 2107 5354 3666 5442; baseline -0.012 -17"><span class='ocrx_word' id='word_1_894' title='bbox 2107 5373 2236 5442; x_wconf 84' lang='lat' dir='ltr'><strong>quia</strong></span> <span class='ocrx_word' id='word_1_895' title='bbox 2269 5372 2321 5428; x_wconf 88' lang='lat' dir='ltr'><strong>id</strong></span> <span class='ocrx_word' id='word_1_896' title='bbox 2367 5373 2554 5436; x_wconf 87' lang='lat' dir='ltr'><strong>etiam,</strong></span> <span class='ocrx_word' id='word_1_897' title='bbox 2603 5367 2752 5426; x_wconf 87' lang='lat' dir='ltr'><strong>ouod</strong></span> <span class='ocrx_word' id='word_1_898' title='bbox 2784 5381 2848 5423; x_wconf 67' lang='lat' dir='ltr'><strong>et</strong></span> <span class='ocrx_word' id='word_1_899' title='bbox 2896 5367 3045 5419; x_wconf 90' lang='lat' dir='ltr'><strong>intus</strong></span> <span class='ocrx_word' id='word_1_900' title='bbox 3090 5361 3291 5414; x_wconf 88' lang='lat' dir='ltr'><strong>latente</strong></span> <span class='ocrx_word' id='word_1_901' title='bbox 3339 5354 3578 5412; x_wconf 71' lang='lat' dir='ltr'><strong>exterius</strong></span> <span class='ocrx_word' id='word_1_902' title='bbox 3606 5366 3666 5407; x_wconf 88' lang='lat' dir='ltr'><strong>se</strong></span> 
     </span>
    </p>
   </div>
  </div>
