4020 6214
535 305 665 366 i227

1439 300 2021 363 TIIEOPHYLACTI
2066 300 2475 363 BULGARI/E
2508 260 2857 363 ARCIIlEi’.

3654 305 3788 371 1225

529 424 649 476 dies
675 417 859 472 videre
888 414 1083 477 bonos,
1112 424 1358 467 Cocrcoat
1388 414 1630 484 linguam
1679 428 1836 468 suam
1870 429 1899 465 ιι
1931 412 2097 477 malo,

2204 411 2435 478 ἀγαθὰς,
2470 412 2733 466 παυσάτω
2775 413 2873 483 τὴν
2927 414 3177 481 γλῶσταν
3204 414 3370 467 αὑτοῦ
3415 416 3524 470 ἀπ’)
3586 423 3784 483 κακοῦ,

525 523 578 568 et
599 511 741 567 labia
777 508 897 578 ejus
931 523 999 561 ne
1032 506 1328 577 loquamur
1354 506 1563 560 dolum.
1601 506 1844 561 Dtclinet
1873 520 1901 559 a
1935 505 2099 571 malo,

523 616 574 660 et
599 605 760 658 faciat
782 601 981 654 bonum
1010 615 1024 651 :
1052 598 1297 667 inquirat
1325 613 1534 668 parem,
1554 606 1607 650 et
1637 606 1902 666 sequatur
1922 610 2097 649 eam.»

529 697 594 751 Ut
626 707 900 750 summum
940 690 1286 746 certitndinis
1319 689 1549 759 gradum
1583 687 1945 743 admonitioni
1987 701 2100 741 suae

523 784 801 849 conciliet,
824 796 945 837 eam
969 779 1191 835 Davidis
1216 780 1549 834 auctoritate
1578 779 1888 843 confirmat,
1915 786 1975 832 et
1994 777 2101 830 ait:

530 897 545 929 ι
577 878 683 945 Qui
703 876 850 931 enim
876 874 990 928 vult
1022 872 1187 926 vitam
1222 871 1452 944 diligere
1486 888 1500 926 :
1539 890 1560 924 ι
1600 871 1703 927 hoc
1728 880 1833 934 est,
1859 870 1953 941 qui
1983 884 2106 924 sese

525 970 591 1022 ad
623 980 807 1021 veram
842 965 1010 1018 vitam
1040 964 1324 1029 reformat,
1353 977 1587 1033 eamque
1639 962 1928 1018 amabilem
1977 960 2103 1015 red-

524 1066 653 1115 dere
705 1057 891 1112 studet
953 1056 1090 1126 (hoc
1120 1056 1265 1110 enim
1320 1056 1500 1110 innuit
1545 1055 1703 1117 illttd,
1774 1073 1792 1106 ι
1855 1052 1959 1120 Qui
1993 1053 2105 1106 vult

523 1152 749 1220 diligere
782 1187 798 1213 ,
873 1167 892 1200 ι
950 1163 1044 1202 seu
1096 1147 1516 1214 desiderabilem
1547 1185 1563 1211 ,
1617 1156 1674 1202 et
1739 1144 2100 1216 expetendam

527 1244 841 1300 tominibns
888 1242 1186 1309 reddere),
1218 1242 1534 1297 firmissime
1589 1241 1691 1295 ista
1730 1248 1933 1303 teneat,
1985 1252 2107 1308 quae

528 1352 740 1392 mecum
780 1335 1025 1406 suggerit
1058 1333 1417 1405 propheticus
1444 1347 1648 1390 sermo.

595 1507 762 1562 Vsus.
801 1506 988 1561 l2-l5.
1026 1523 1045 1558 ι
1080 1504 1395 1572 Quiaoeuli
1450 1503 1659 1559 Domini
1715 1516 1880 1572 super
1907 1500 2104 1571 justus,

523 1612 576 1653 et
617 1615 777 1654 aures
819 1598 937 1667 ejus
1000 1601 1056 1652 in
1115 1611 1303 1667 preces
1381 1610 1571 1652 eorum
1626 1612 1640 1647 :
1694 1594 1877 1648 vultus
1924 1600 2106 1648 autem

2208 506 2300 556 καὶ
2326 504 2477 573 χείλη
2504 504 2667 559 αὑτοῦ
2694 503 2790 558 τοῦ
2825 504 2900 575 μὴ
2934 503 3162 575 λαλῆσαι
3208 505 3382 561 δόλον.
3452 508 3784 567 Ἐκκλινάτω

2207 598 2316 650 ἀπὸ
2343 596 2539 659 κακοῦ,
2589 598 2681 648 καὶ
2716 595 3002 664 ποιησάτω
3033 594 3236 663 ἀγαθόν
3260 613 3273 627 ·
3313 595 3604 666 ζητησάιω
3629 601 3785 672 εἰρή-

2206 706 2324 755 ναν,
2368 688 2463 741 καὶ
2491 686 2736 749 διωξάτω
2766 687 2956 756 αὑτήν.
2985 706 3002 738 ι
3034 687 3137 749 Εἰς,
3157 686 3596 757 ἀπαραλόγιστον
3620 693 3783 762 ικφὲο

2210 797 2317 848 ρων
2351 780 2442 832 τὸν
2497 780 2596 848 τῆς
2649 778 2930 841 νουθεσίας
2978 778 3147 831 αὑτοῦ
3187 778 3367 847 λόγον,
3398 779 3495 832 καὶ
3545 782 3652 835 ἀπὸ
3684 784 3781 836 τοῦ

2206 872 2368 926 Δαϐὶδ
2395 872 2455 925 τδ
2490 872 2678 925 πιστὸν
2708 870 2859 941 αὐτῷ
2886 872 3269 943 προσπορίζει,
3298 872 3393 955 κρί
3435 891 3629 945 φησιν·
3665 895 3688 929 ι
3720 877 3781 932 '0

2206 964 2315 1032 γὰρ
2352 961 2521 1016 θέλων
2552 962 2697 1033 ζωὴν
2726 962 2965 1032 ἀγαπᾷν,
3004 980 3023 1015 ι
3052 962 3196 1016 τοῦτ’
3236 962 3407 1026 ἔστιν.
3441 967 3471 1018 ὁ
3516 966 3651 1034 πρὸς
3682 966 3784 1039 τῆν

2206 1053 2377 1116 ὅντως
2412 1052 2562 1123 ςωῆν
2595 1053 3016 1124 μεταστοιχειῶν
3064 1052 3279 1116 ἑαυτὸν,
3320 1054 3429 1108 καὶ
3483 1056 3786 1127 ἐπέραστον

2210 1144 2385 1215 αὐτὴν
2418 1146 2698 1214 ἀποφῆναι
2738 1145 2898 1216 (πρὸς
2919 1143 3079 1199 τοῦτο
3115 1144 3226 1215 γὰρ
3255 1146 3511 1201 ἀπονεύει
3535 1149 3615 1213 τὸ,
3647 1168 3667 1200 ι
3691 1150 3784 1203 θέ-

2207 1237 2313 1292 λων
2344 1237 2621 1308 ἀγαπᾷν,ι
2657 1238 2844 1303 οἱονεὶ,
2888 1238 3138 1292 ποθεινὸν
3164 1240 3490 1308 ἀποφαίνειν
3543 1243 3782 1313 περιμάο

2206 1345 2372 1398 χητον
2432 1327 2786 1399 ἀνθρώποις),
2835 1328 3044 1398 ὲχέσθω
3085 1329 3295 1384 τούτων
3342 1331 3780 1403 ἀνεπιστρόφως.

2206 1413 2281 1473 ὧν
2302 1419 2395 1473 καὶ
2422 1421 2451 1472 ὁ
2477 1418 2815 1489 προφητικδς
2847 1419 3005 1485 λόγος
3034 1419 3354 1490 συναίρεται
3384 1437 3499 1491 μοι.

2286 1530 2307 1563 ι
2350 1511 2474 1564 Ὅτι
2524 1510 2794 1581 ὀφθαλμοὶ
2838 1510 3045 1581 Κυρίου
3070 1509 3165 1564 επὶ
3218 1510 3484 1574 δικαίους,
3520 1511 3615 1564 καὶ
3663 1505 3781 1565 ὦτα

2210 1598 2374 1655 αὐτοῦ
2402 1601 2480 1661 είς
2511 1598 2694 1670 δέησιν
2726 1598 2927 1654 αὐτῶν.
2986 1598 3289 1668 Πρὸσωπον
3322 1598 3384 1652 δὲ
3419 1599 3622 1669 Κυρίου
3682 1601 3780 1653 ἰπὶ

530 1693 740 1748 Domini
803 1706 970 1761 super
1038 1690 1301 1744 facientes
1362 1689 1527 1744 mala.
1592 1687 1657 1743 Et
1706 1690 1832 1759 quis
1863 1695 1968 1751 est.
2008 1685 2101 1757 qui

2212 1688 2498 1753 ποιοῦντας
2530 1690 2693 1744 κακά.
2746 1690 2853 1744 Καὶ
2878 1688 2960 1753 τίς
2986 1690 3016 1742 δ
3045 1689 3317 1745 κακώσων
3344 1690 3509 1760 ὑμᾶς.
3542 1692 3637 1746 ἐὰν
3677 1692 3775 1746 τοῦ

527 1785 680 1840 vobis
708 1758 902 1838 noceat
934 1819 949 1846 ,
980 1781 1026 1835 si
1067 1781 1192 1835 boni
1226 1781 1577 1838 aemulatores
1629 1758 1886 1836 fueritis?
1919 1779 2099 1835 Sedet

2204 1780 2410 1849 ἀγαθοῦ
2442 1780 2681 1850 ζηλωταὶ
2712 1780 2989 1851 γένησθε;
3023 1780 3168 1833 Ἀλλ’
3191 1783 3241 1834 εί
3269 1783 3365 1836 καὶ
3385 1758 3641 1852 πάσχοιτε
3687 1783 3781 1836 διὰ

524 1877 569 1930 si
603 1875 733 1945 quid
767 1871 1014 1943 patimini
1046 1880 1268 1941 propter
1304 1871 1599 1939 justitiam,
1633 1871 1801 1926 beati.
1825 1869 2098 1925 Timorem

2204 1872 2563 1941 δικαιοσύνην,
2599 1872 2880 1941 μακάριοι.
2907 1872 3013 1925 Τὸν
3041 1872 3098 1926 δὲ
3120 1871 3286 1940 φόϐον
3334 1872 3512 1927 αὐτῶν
3553 1874 3629 1944 μὴ
3674 1892 3765 1943 φο

525 1972 704 2019 autem
738 1976 930 2018 eorum
982 1976 1052 2016 ne
1078 1959 1400 2025 timueritis,
1439 1967 1494 2014 et
1534 1960 2098 2020 nonconturhcmini.

528 2056 813 2110 Dominum
844 2064 1026 2108 autem
1051 2052 1393 2108 sanctificata
1433 2052 1488 2107 in
1517 2052 1778 2108 cordibus
1816 2053 2039 2109 vestris.
2077 2071 2096 2105 ι

526 2143 794 2199 Λὺεοιιιιο
823 2140 1145 2212 pr0phetico
1168 2140 1395 2196 oraculo
1422 2179 1436 2203 ,
1470 2154 1595 2195 cum
1626 2141 1682 2195 in
1705 2156 1769 2195 eo
1792 2135 2055 2196 habeatur
2086 2160 2099 2196 :

529 2253 546 2283 ι
584 2218 737 2289 Oculi
756 2230 971 2286 Domini
998 2244 1165 2301 super
1185 2228 1388 2297 justos,
1423 2248 1441 2281 ι
1477 2240 1533 2285 et
1583 2249 1603 2281 ι
1644 2229 1837 2287 Vultus
1886 2229 2101 2286 Domini

525 2334 691 2388 super
757 2317 1021 2374 facientes
1066 2316 1241 2381 mala,
1272 2334 1291 2368 ι
1355 2316 1591 2372 subdit:
1645 2315 1701 2371 Si
1759 2317 1860 2371 hac
1893 2318 2105 2373 ratione

524 2413 691 2465 vitam
752 2407 1043 2472 duxeritis,
1099 2408 1265 2463 Deum
1316 2406 1645 2463 benevolum
1722 2416 1779 2463 ct
1846 2408 2103 2479 precibus

527 2500 721 2555 vestris
774 2499 1164 2569 obsequentem
1204 2483 1500 2553 habebitis.
1562 2498 1704 2553 Tum
1769 2514 1920 2563 vero,
1975 2499 2103 2570 quis

526 2591 724 2644 malum
766 2588 919 2642 vobis
972 2586 1176 2642 inferre
1233 2588 1452 2656 poterit,
1488 2601 1615 2642 cum
1659 2587 1713 2642 in
1760 2602 1922 2643 manu
1982 2589 2104 2658 ejus

524 2682 637 2753 sint
686 2694 832 2733 mors
862 2686 916 2732 et
960 2676 1112 2733 vita?
1162 2675 1448 2743 Praeterea,
1512 2692 1635 2733 cum
1675 2679 1921 2733 nonnulli
1966 2679 2105 2734 ami-

525 2773 757 2836 xtiones,
796 2785 933 2840 quas
968 2783 1067 2839 pro
1116 2766 1236 2822 .fide
1262 2768 1627 2835 sustinebant,
1663 2779 1924 2839 tanquam
1961 2771 2104 2824 mala

528 2860 775 2929 quaedam
850 2865 1190 2930 reputarent,
1228 2856 1452 2924 Petrus,
1503 2869 1560 2913 ut
1609 2860 1756 2913 hunc
1800 2860 2104 2930 corrigeret

523 2979 533 3002 ι
560 2967 787 3014 rrorem,
820 2949 896 3011 Ne
930 2949 1153 3020 putetis,
1203 2950 1299 3013 ait,
1332 2948 1447 3004 hac
1491 2949 1628 3003 mala
1656 2963 1811 3016 esse;
1835 2950 1966 3019 quin
2006 2964 2105 3019 pro

527 3028 720 3115 magna
751 3042 1016 3101 felicitate
1052 3041 1304 3097 habenda
1328 3047 1478 3097 sunt.
1512 3039 1701 3095 Timor
1738 3043 1883 3096 enim
1911 3043 1978 3095 ab
2002 3042 2099 3095 ho-

527 3120 770 3189 minibus
804 3135 1060 3188 incussus
1092 3132 1247 3187 nihili
1299 3132 1578 3197 putandus
1613 3144 1716 3198 est,
1766 3141 1951 3202 utpote
1980 3132 2100 3186 bre-

529 3224 766 3278 vissima:
812 3224 1144 3276 durationis.
1177 3221 1407 3276 Sienim
1442 3241 1461 3273 ι
1498 3220 1662 3276 .Oculi
1690 3223 1902 3276 Domini
1941 3238 2106 3290 super

524 3319 750 3386 justos,
820 3321 876 3368 et
927 3327 1088 3366 aures
1142 3311 1263 3379 t-jus
1319 3311 1374 3364 in
1411 3325 1601 3380 preces
1653 3325 1875 3377 eorum;
1942 3327 2108 3381 super

526 3417 706 3462 autem
768 3406 1034 3462 facientes
1084 3402 1223 3456 mala
1256 3402 1441 3457 vultus
1487 3401 1609 3473 ejus
1656 3422 1692 3461 )
1730 3405 2105 3462 omnimodum

526 3502 596 3566 ,is
650 3498 933 3554 interitum
962 3494 1336 3560 comminans,
1378 3492 1644 3563 profecto,
1692 3495 1737 3550 si
1790 3495 1905 3551 haec
1960 3497 2103 3552 mala

528 3596 726 3655 :orent,
754 3601 1005 3643 summus
1050 3585 1141 3639 ille
1184 3585 1451 3640 bonorum
1483 3584 1855 3656 dispensator,
1901 3602 2108 3657 nequa-

524 3696 688 3750 quam
740 3693 841 3733 nos
874 3677 966 3748 qui
999 3678 1176 3747 ipsum
1202 3675 1509 3747 diligimus,
1545 3675 1699 3733 hisce
1746 3679 2102 3735 retribueret:

527 3776 581 3827 in
630 3772 778 3826 solos
831 3770 976 3825 enim
1028 3767 1198 3823 malos
1240 3767 1382 3822 mala
1440 3767 1708 3823 immittit.
1762 3767 1884 3825 Non
1938 3770 2107 3843 igitur

490 3864 682 3941 ‘mala:
737 3860 1024 3918 censenda:
1086 3867 1218 3915 sunt
1272 3858 1595 3916 amictiones
1629 3898 1645 3924 ,
1690 3874 1827 3931 qum.
1884 3861 2106 3932 pietatis

528 3969 693 4010 causa
760 3955 1136 4024 perferuntur.
1173 3968 1191 4002 ι
1226 3949 1578 4007 Sanctificate
1614 3961 1795 4007 autem
1826 3950 1996 4006 Deum
2047 3952 2106 4009 in

526 4046 784 4119 cordibus
819 4043 1018 4100 vestris
1049 4043 1153 4109 “,r
1194 4041 1368 4111 inquit
1388 4057 1512 4096 cum
1539 4041 1699 4109 Isaia,
1732 4042 1836 4097 hoc
1860 4050 1976 4099 est:
2025 4042 2107 4100 Ne

526 4137 690 4192 rebus
717 4126 1107 4206 apparentibus
1157 4132 1321 4205 370
1372 4132 1719 4202 gloriemini,
1772 4134 1874 4189 sed
1917 4135 1971 4190 in
2012 4150 2102 4192 se-

524 4237 674 4284 creto
690 4226 872 4283 cordis
889 4223 1055 4281 vestri
1077 4223 1327 4279 conclavi
1348 4222 1841 4279 sanctificationem
1864 4223 2100 4293 Domini,

524 4336 644 4388 qua:
671 4320 724 4372 in
752 4317 1077 4388 purgatione
1104 4331 1134 4370 a
1156 4315 1407 4380 maculis,
1432 4330 1528 4370 seu
1555 4329 1586 4369 a
1613 4317 1799 4384 pravis
1832 4317 2100 4384 moribus,

2200 1963 2403 2034 ϐηθῆτε
2423 1963 2557 2034 μηδὲ
2573 1962 2905 2033 ταραχθῆτε.
2940 1962 3141 2034 Κύριον
3165 1964 3221 2018 δὲ
3245 1964 3337 2018 τὸν
3358 1963 3488 2018 Θεὸν
3515 1964 3777 2032 ἁγιάσατε

2203 2056 2261 2107 ὲν
2286 2056 2405 2118 ταῖς
2436 2053 2681 2122 καρδίαις
2711 2054 2923 2123 ὑμῶν.»
2965 2055 3460 2127 Συμπερανάρενος
3497 2056 3595 2127 τὴν
3640 2073 3778 2125 προ-

2203 2147 2437 2215 φητικῆν
2468 2146 2686 2216 χρῆσιν,
2718 2147 2840 2199 ἐπεὶ
2868 2146 2926 2200 ὲν
2960 2148 3096 2216 αὐτῇ
3119 2148 3231 2213 τδ,ι
3252 2146 3553 2220 Ὀφθαλμοὶ
3576 2149 3779 2220 Κυρίου

2205 2235 2296 2288 ἐπὶ
2324 2236 2590 2301 δικαίους,
2618 2253 2635 2288 ι
2677 2235 2949 2303 ἔγκειται,
2982 2238 3079 2292 καὶ
3106 2237 3189 2301 τὸ,
3219 2239 3541 2309 «πρόσωπον
3569 2240 3779 2310 Κυρίου

2204 2324 2297 2376 ἐπὶ
2325 2323 2611 2388 ποιοῦντας
2643 2325 2811 2387 κακὰ.
2839 2344 2857 2377 ι
2891 2318 3101 2386 τούτοις
3146 2327 3421 2398 ἐπιφέρει,
3447 2327 3530 2381 ὅτι
3586 2329 3648 2382 Εἰ
3678 2327 3778 2381 οὗ·

2204 2433 2281 2468 τω
2317 2415 2633 2486 διαϐιῴγτε,
2669 2417 2874 2487 εὐμενῆ
2899 2418 3052 2483 ἕξετε
3077 2418 3168 2471 τὸν
3218 2418 3351 2473 Θεὸν
3381 2421 3474 2473 καὶ
3529 2421 3776 2492 εὐήκοον.

2205 2498 2281 2559 Ob
2341 2507 2649 2573 γεγονότος,
2704 2506 2787 2570 τίς
2862 2508 3185 2571 κακωτικῶς
3252 2510 3381 2579 ὑμῖν
3419 2510 3777 2582 ἐπενξχθείης

2209 2597 2394 2650 Πάντα
2440 2596 2548 2667 γὰρ
2596 2599 2653 2650 εν
2713 2600 2857 2668 χειρὶ
2913 2599 3100 2664 αὐτοῦ,
3155 2600 3401 2666 θάνατος,
3442 2600 3577 2673 ζωή.
3631 2603 3778 2674 Πλὴν

2205 2687 2390 2757 ἐπειδή
2451 2705 2591 2751 τισιν
2649 2690 2707 2744 ai
2735 2691 3104 2761 περιστάσεις,
3161 2693 3219 2746 αί
3274 2692 3363 2746 διὰ
3426 2693 3524 2764 τὴν
3566 2694 3779 2761 πίστιν,

2206 2778 2355 2833 κακὰ
2404 2780 2625 2834 ἐδόκουν
2654 2820 2669 2845 ,
2722 2782 3185 2853 ἐπανορθούμενος
3256 2784 3429 2839 ταῦτα
3491 2785 3522 2837 ὁ
3576 2786 3782 2856 Πέτρος

2208 2873 2373 2944 φησί’
2401 2872 2493 2944 Μὴ
2522 2873 2808 2942 λογίζεσθε
2840 2874 3017 2930 ταῦτα
3043 2876 3210 2937 κακὰ.
3242 2878 3290 2929 εί
3317 2878 3392 2947 μὴ
3423 2877 3518 2931 καὶ
3542 2894 3779 2949 μακαρι-

2210 2964 2351 3037 σμοῦ
2386 2964 2535 3029 ἄξια.
2598 2965 2656 3019 ’0
2730 2968 2837 3037 γὰρ
2879 2967 2941 3033 ἐξ
2998 2968 3300 3038 ἀνθρώπων
3356 2968 3517 3037 φόϐος
3568 2970 3781 3033 οὐδενὸς

2208 3055 2367 3125 λόγου
2404 3055 2576 3123 ἄξιος,
2606 3055 2722 3111 ἀλλ’
2757 3057 3056 3128 ἐφήμερος.
3089 3059 3150 3112 Et
3179 3060 3286 3131 γάρ
3312 3077 3332 3112 ι
3363 3059 3636 3131 ὀφθαλμοὶ
3665 3061 3777 3114 Κυ-

2210 3147 2326 3217 ρίου
2358 3146 2452 3199 ἐπὶ
2481 3146 2744 3212 δικαίους,
2777 3149 2874 3203 καὶ
2903 3142 3017 3203 ὦτα
3037 3149 3205 3204 αὐτοῦ
3229 3153 3308 3214 εἰς
3327 3152 3513 3220 δέησιν
3556 3152 3735 3207 αὐτῶν
3758 3169 3775 3184 ο

2205 3238 2298 3289 ἐπὶ
2326 3237 2383 3290 δὲ
2407 3237 2534 3301 τοὺς
2568 3238 2857 3303 ποιοῦντας
2913 3239 3058 3295 κακὰ
3092 3241 3152 3294 τὸ
3202 3242 3490 3312 πρόσωπον
3535 3240 3774 3307 cavet?”

2205 3327 2483 3381 ἀπώλειαν
2511 3330 2842 3383 ὲπαπειλοῦν
2889 3336 3001 3395 τοῖς
3028 3336 3217 3398 κακοῖς
3241 3350 3255 3365 ν
3287 3333 3499 3395 πάντως
3531 3335 3582 3385 ει
3630 3335 3783 3389 κακά

2206 3419 2405 3485 ταῦτα,
2448 3420 2548 3473 οὐκ
2605 3419 2671 3474 ἂν
2720 3422 2750 3475 ὁ
2794 3423 2903 3477 τῶν
2943 3410 3164 3493 ἀγαθῶν
3212 3424 3410 3495 ταμίας
3455 3424 3606 3494 ἡμᾶς
3648 3426 3783 3489 τοὺς

2206 3510 2604 3580 ἀγαπωμένους
2629 3511 2781 3583 αὐτῷ
2802 3516 2993 3576 κακοῖς
3025 3516 3405 3585 ἀντημείϐετο.
3430 3514 3514 3569 Τὰ
3536 3519 3648 3586 γὰρ
3675 3533 3782 3570 καθ

2207 3604 2279 3657 κά
2307 3605 2416 3665 τοῖς
2446 3605 2639 3667 κακοῖς
2678 3606 3053 3678 καταπέμπει.
3097 3608 3258 3665 Ὥστε
3296 3609 3358 3662 οὐ
3417 3608 3585 3663 κακαὶ
3607 3610 3664 3663 αι
3689 3609 3782 3666 διὰ

2205 3692 2304 3763 τὴν
2326 3693 2610 3748 εὐσέϐειαν
2644 3694 2871 3766 θλίψεις.
2914 3718 2933 3750 ι
2957 3699 3233 3769 ’Δγιάζειν
3253 3702 3310 3760 δὲ
3339 3701 3432 3758 τὸν
3469 3703 3669 3770 Κύριον
3719 3706 3782 3760 ἐν

2205 3784 2325 3845 ταῖς
2361 3783 2613 3855 καρδίαις
2639 3803 2658 3836 ι
2700 3787 2836 3856 μετά
2878 3787 3103 3846 Ἡσαΐου
3148 3793 3606 3863 παρακελεύεται·
3632 3793 3782 3846 τοῦτ’

2164 3922 2167 3925 .
2203 3872 2341 3941 ἐστι,
2372 3874 2465 3944 Μὴ
2496 3876 2609 3938 τοῖς
2628 3877 2971 3946 φαινομένοις
3000 3881 3452 3954 μεγαλαυχεῖσθε,
3472 3884 3586 3937 ἀλλ’
3613 3885 3671 3937 ἐν
3696 3884 3782 3957 τῷ

2207 3961 2489 4037 [κρυπτῷ]
2533 3966 2633 4035 τῆς
2690 3968 2916 4039 καρδίας
2960 3975 3193 4044 ταμιείῳ
3218 3973 3372 4045 ὑμῶν
3403 3975 3782 4045 τὸνάγιασμδν

2203 4052 2596 4123 ὲνεργήσαντες
2650 4056 2744 4110 τοῦ
2802 4058 3033 4130 Κυρίου,
3066 4060 3127 4126 δς
3153 4064 3211 4114 ἐν
3240 4063 3318 4134 τῷ
3334 4063 3451 4122 ἀπὸ
3509 4064 3618 4119 τῶν
3648 4082 3779 4135 pta-

2206 4140 2453 4211 σμάτων.
2490 4143 2608 4216 ῆτοι
2640 4144 2752 4198 τῶν
2801 4148 3055 4219 πονηρῶν
3098 4150 3238 4207 ἐθῶν
3258 4192 3277 4220 ,
3338 4153 3631 4225 ἀφορισμῷ
3667 4155 3775 4208 τῶν

2203 4230 2374 4289 ἐθνῶν
2404 4236 2765 4306 περιγίνεται,
2790 4238 2960 4303 οὕτως
2981 4242 3144 4296 αὐτὸν
3169 4260 3189 4295 ι
3218 4245 3506 4312 ἁγιάσατε.
3535 4264 3553 4298 ι
3586 4246 3774 4315 ’Λγιάο

2205 4325 2360 4388 ζεται
2388 4327 2443 4379 δὲ
2473 4326 2562 4381 διὰ
2592 4330 2689 4397 τῆς
2716 4329 2887 4400 καλῆς
2918 4332 3073 4403 ὑμῶν
3103 4334 3478 4407 ἀναστροφῆς,
3521 4336 3770 4407 δοξαςόν·

524 4414 803 4477 ιοιιεὶειίι,
837 4412 1213 4476 elaborantes,
1270 4410 1344 4465 ita
1379 4410 1556 4481 ipsum
1593 4429 1612 4463 ι
1655 4412 2037 4469 sanetitleate:
2072 4431 2096 4466 ο

2204 4430 2314 4466 των
2344 4414 2507 4467 αὑτὸν
2545 4415 2652 4469 τῶν
2692 4415 2870 4471 ἄλλων
2930 4420 3255 4491 ἀνθρώπων,
3288 4425 3365 4490 ὼς
3397 4427 3491 4481 καὶ
3541 4427 3706 4489 αὐτὸς
3750 4429 3781 4483 ὁ

523 4506 754 4570 scilicet,
786 4503 923 4559 bona
954 4501 1370 4557 conversatione
1401 4508 1579 4556 vestra
1608 4500 1828 4569 efficite,
1869 4511 1947 4571 ut,
1975 4504 2099 4574 qui-

525 4612 743 4667 tutique
760 4612 855 4651 vos
881 4594 1142 4659 viderint,
1165 4608 1292 4648 eum
1321 4592 1633 4662 glorificent
1657 4611 1670 4647 :
1703 4594 1848 4664 quod
1873 4603 1929 4651 et
1960 4593 2100 4651 divi-

525 4704 628 4743 nus
651 4686 906 4755 Magister
939 4684 1207 4756 praecipit,
1230 4683 1359 4737 dum
1382 4684 1458 4738 ait
1486 4684 1532 4717 ⁸³
1562 4700 1577 4737 :
1615 4701 1635 4736 ι
1673 4683 1877 4741 Luceat
1912 4694 1968 4741 et
2005 4687 2098 4741 lux

526 4789 704 4832 vestra
731 4790 915 4831 coram
952 4774 1291 4840 hominibus,
1325 4784 1384 4828 ut
1432 4775 1654 4833 videant
1700 4792 1864 4847 opera
1914 4789 2097 4835 vestra

525 4873 688 4933 bona,
725 4886 745 4918 ι
777 4879 883 4922 etc.

596 4960 763 5015 Vens.
799 4958 886 5023 15,
919 4956 1006 5012 l6.
1041 4977 1060 5010 ι
1099 4957 1281 5014 Parati
1314 4976 1528 5032 semper
1561 4961 1627 5014 ad
1664 4959 2093 5017 satisfactionem

523 5056 671 5110 omni
703 5052 953 5125 poscenti
980 5068 1078 5107 vos
1114 5054 1383 5110 rationem
1411 5056 1478 5110 tle
1506 5070 1569 5110 ea
1601 5069 1721 5123 qua:
1750 5054 1804 5108 in
1832 5054 1986 5109 vobis
2010 5061 2098 5107 est

523 5162 639 5215 spe.
690 5144 796 5200 Sed
842 5158 966 5199 cum
1020 5143 1283 5198 modestia
1329 5154 1383 5199 et
1452 5145 1662 5219 timore.
1701 5143 2092 5199 conscientiam

524 5239 786 5292 tabentes
839 5237 1037 5291 bonam
1071 5252 1084 5288 :
1118 5244 1177 5289 ιιι
1206 5236 1261 5289 in
1295 5250 1360 5290 eo
1394 5236 1540 5306 quod
1577 5236 1876 5291 detrahunt
1912 5238 2091 5303 vobis,

521 5328 953 5393 confundantur,
983 5328 1076 5396 qtti
1109 5325 1518 5380 calumniantur
1542 5336 1775 5380 vestram
1811 5327 2005 5380 bonam
2038 5327 2090 5380 in

520 5417 1257 5473 Christo.conversationcm.
1300 5432 1320 5466 ι
1354 5412 1490 5467 Illud
1525 5433 1543 5466 ι
1568 5412 1747 5467 Parati
1777 5414 1842 5468 ad
1873 5412 2092 5470 satisfa-

522 5508 837 5564 ctionem.»
869 5516 976 5564 etc.
1031 5522 1156 5561 cum
1198 5520 1287 5572 eo,
1321 5521 1340 5556 ι
1394 5512 1449 5560 et
1476 5504 1667 5559 timore
1695 5504 2088 5560 conscientiam

610 5688 652 5721 ⁵³
688 5687 790 5740 isa.
815 5700 929 5753 vni,
959 5683 1040 5736 15.
1132 5682 1176 5715 ⁸⁸
1203 5682 1388 5738 Katth.
1417 5698 1468 5749 v,
1503 5680 1590 5735 16.

2203 4503 2565 4576 Θεάνορωπος
2587 4510 2960 4579 παραγγέλλει
2983 4528 2998 4543 ’
3028 4531 3057 4565 4
3094 4514 3249 4567 Οὕτω
3274 4515 3543 4587 λαμψάτω
3570 4518 3635 4570 τὸ
3661 4518 3782 4587 φῶς

2202 4596 2358 4665 ὑμῶν
2386 4596 2699 4668 ἔμπροσθεν
2727 4602 2835 4655 τῶν
2860 4602 3183 4675 ἀνθρώπων,
3215 4607 3361 4672 ὅπως
3390 4608 3538 4664 ίδωσι
3568 4607 3641 4663 τὰ
3678 4627 3782 4665 καφ

2201 4688 2268 4742 λὰ
2311 4688 2463 4758 ὑμῶν
2492 4688 2649 4761 ἔργα.
2664 4710 2682 4745 ι

2287 4958 2635 5033 ιἚτοιμοιδὲ
2660 4965 2748 5020 ἀεὶ
2767 4968 2904 5037 πρὸς
2930 4970 3228 5042 ἀπολογίαν
3252 4978 3415 5030 παντὶ
3438 4978 3515 5047 τῷ
3529 4977 3787 5035 αἰτοῦντι

2204 5054 2347 5124 ὑμᾶς
2388 5055 2545 5124 λόγον
2585 5058 2717 5128 περὶ
2746 5058 2846 5128 τῆς
2901 5061 2959 5114 ὲν
2988 5063 3117 5134 ὑμῖν
3155 5067 3391 5137 ἐλπίδος,
3452 5070 3588 5125 ἀλλά
3636 5076 3789 5143 μετὰ

2198 5145 2511 5233 πραΰτητος
2544 5147 2637 5199 καὶ
2673 5149 2838 5215 φόϐου
2903 5153 3207 5223 συνείδησιν
3267 5158 3479 5228 ἔχοντες
3515 5162 3745 5233 ἀγαθήν
3770 5182 3787 5197 ·

2199 5236 2285 5289 ίνα
2310 5239 2368 5289 ἐν
2398 5228 2443 5304 ᾧ
2472 5237 2844 5294 καταλαλῶσιν
2876 5243 3028 5313 ὑμῶν
3071 5246 3147 5311 ὡς
3189 5253 3517 5313 κακοποιῶν.
3580 5271 3790 5310 καται-

2203 5323 2502 5395 σχυνθῶσιν
2557 5326 2604 5377 οἱ
2658 5328 3057 5398 ἐπηρεάζοντες
3111 5336 3266 5405 ὑμῶν
3316 5337 3416 5412 τὴν
3449 5340 3660 5411 ἀγαθὴν
3708 5345 3789 5395 «ὲν

2199 5416 2418 5487 Χριστῷ
2454 5417 2821 5490 ἀναστροφήν.
2860 5439 2878 5473 ι
2915 5422 2987 5476 Τὸ
3026 5425 3105 5488 δὲ,
3136 5427 3416 5500 ι”Ετοιμοι
3450 5430 3587 5501 πρὸς
3637 5432 3792 5487 ἁπο-

2200 5509 2439 5578 λογίαν,ι
2467 5510 2650 5565 καὶτὰ
2686 5510 2834 5582 ἑξῆς,
2887 5519 3025 5585 μετὰ
3054 5517 3146 5571 καὶ
3183 5519 3280 5574 τοῦ
3322 5521 3521 5592 πρᾶξιν
3572 5520 3793 5581 ἐπιδεί-
