  <div class='ocr_page' id='page_1' title='image "/cluster/home/n/w/nwhite01/storage/ocr_20150623/125/hvd.32044073502429/676.png"; bbox 0 0 4020 6214; ppageno 0'>
   <div class='ocr_carea' id='block_1_1' title="bbox 410 345 552 413">
    <p class='ocr_par' dir='ltr' id='par_1_1' title="bbox 410 345 552 413">
     <span class='ocr_line' id='line_1_1' title="bbox 410 345 552 413; baseline -0.007 -1"><span class='ocrx_word' id='word_1_1' title='bbox 410 345 552 413; x_wconf 70' lang='grc'><strong>’1233</strong></span> 
     </span>
    </p>
   </div>
   <div class='ocr_carea' id='block_1_2' title="bbox 1132 340 2807 443">
    <p class='ocr_par' dir='ltr' id='par_1_2' title="bbox 1132 340 2807 443">
     <span class='ocr_line' id='line_1_2' title="bbox 1132 340 2807 443; baseline 0.014 -24"><span class='ocrx_word' id='word_1_2' title='bbox 1132 360 1534 425; x_wconf 70' lang='grc' dir='ltr'>ΕΧροειτιο</span> <span class='ocrx_word' id='word_1_3' title='bbox 1564 364 1643 428; x_wconf 79' lang='grc' dir='ltr'><strong>ΙΝ</strong></span> <span class='ocrx_word' id='word_1_4' title='bbox 1678 368 1912 432; x_wconf 81' lang='lat' dir='ltr'><strong>EPIS’l‘.</strong></span> <span class='ocrx_word' id='word_1_5' title='bbox 1951 373 2063 435; x_wconf 90' lang='lat' dir='ltr'><strong>IS.</strong></span> <span class='ocrx_word' id='word_1_6' title='bbox 2111 377 2359 438; x_wconf 73' lang='lat' dir='ltr'><strong>PETRI.</strong></span> <span class='ocrx_word' id='word_1_7' title='bbox 2390 403 2459 414; x_wconf 90' lang='lat'><strong>--</strong></span> <span class='ocrx_word' id='word_1_8' title='bbox 2498 381 2653 443; x_wconf 67' lang='lat' dir='ltr'><strong>me.</strong></span> <span class='ocrx_word' id='word_1_9' title='bbox 2692 340 2807 442; x_wconf 69' lang='lat' dir='ltr'><strong>ui.</strong></span> 
     </span>
    </p>
   </div>
   <div class='ocr_carea' id='block_1_3' title="bbox 3518 393 3651 456">
    <p class='ocr_par' dir='ltr' id='par_1_3' title="bbox 3518 393 3651 456">
     <span class='ocr_line' id='line_1_3' title="bbox 3518 393 3651 456; baseline 0 0"><span class='ocrx_word' id='word_1_10' title='bbox 3518 393 3651 456; x_wconf 61' lang='lat' dir='ltr'><strong>ian</strong></span> 
     </span>
    </p>
   </div>
   <div class='ocr_carea' id='block_1_4' title="bbox 411 468 1969 583">
    <p class='ocr_par' dir='ltr' id='par_1_4' title="bbox 411 468 1969 583">
     <span class='ocr_line' id='line_1_4' title="bbox 411 468 1969 561; baseline 0.014 -40"><span class='ocrx_word' id='word_1_11' title='bbox 411 468 671 540; x_wconf 61' lang='lat' dir='ltr'><strong>{ﬂ—tool</strong></span> <span class='ocrx_word' id='word_1_12' title='bbox 700 471 931 542; x_wconf 84' lang='grc' dir='ltr'>δωρεᾶς,</span> <span class='ocrx_word' id='word_1_13' title='bbox 961 475 1077 528; x_wconf 77' lang='grc' dir='ltr'>ἀλλ’</span> <span class='ocrx_word' id='word_1_14' title='bbox 1107 477 1327 542; x_wconf 79' lang='grc' dir='ltr'>ἐπάξιον</span> <span class='ocrx_word' id='word_1_15' title='bbox 1358 481 1551 537; x_wconf 75' lang='grc' dir='ltr'>ἑαυτὸν</span> <span class='ocrx_word' id='word_1_16' title='bbox 1582 485 1842 558; x_wconf 76' lang='grc' dir='ltr'>παρέχειν</span> <span class='ocrx_word' id='word_1_17' title='bbox 1881 491 1969 561; x_wconf 76' lang='grc' dir='ltr'>τῆς</span> 
     </span>
     <span class='ocr_line' id='line_1_5' title="bbox 413 558 1021 583; baseline 0 0"><span class='ocrx_word' id='word_1_18' title='bbox 413 558 500 583; x_wconf 61' lang='grc'><strong>--2</strong></span> <span class='ocrx_word' id='word_1_19' title='bbox 530 559 784 583; x_wconf 61' lang='grc' dir='ltr'><strong>ἒ-ἓ-.--1--</strong></span> <span class='ocrx_word' id='word_1_20' title='bbox 805 580 819 583; x_wconf 85' lang='grc'><strong>-</strong></span> <span class='ocrx_word' id='word_1_21' title='bbox 858 564 1021 583; x_wconf 17' lang='lat' dir='ltr'><strong>abun!</strong></span> 
     </span>
    </p>
   </div>
   <div class='ocr_carea' id='block_1_5' title="bbox 2073 468 3652 583">
    <p class='ocr_par' dir='ltr' id='par_1_5' title="bbox 2087 494 3652 583">
     <span class='ocr_line' id='line_1_6' title="bbox 2087 494 3652 583; baseline 0.013 -36"><span class='ocrx_word' id='word_1_22' title='bbox 2087 494 2234 563; x_wconf 85' lang='lat' dir='ltr'><strong>(cum</strong></span> <span class='ocrx_word' id='word_1_23' title='bbox 2286 496 2496 554; x_wconf 86' lang='lat' dir='ltr'><strong>ratione</strong></span> <span class='ocrx_word' id='word_1_24' title='bbox 2558 502 2999 572; x_wconf 83' lang='lat' dir='ltr'><strong>pra-ditiesscut)</strong></span> <span class='ocrx_word' id='word_1_25' title='bbox 3040 504 3243 561; x_wconf 84' lang='lat' dir='ltr'><strong>donum</strong></span> <span class='ocrx_word' id='word_1_26' title='bbox 3305 526 3332 560; x_wconf 88' lang='lat' dir='ltr'><strong>a</strong></span> <span class='ocrx_word' id='word_1_27' title='bbox 3393 528 3652 583; x_wconf 85' lang='lat' dir='ltr'><strong>supremo</strong></span> 
     </span>
    </p>
   </div>
   <div class='ocr_carea' id='block_1_6' title="bbox 413 558 1206 637">
    <p class='ocr_par' dir='ltr' id='par_1_6' title="bbox 413 558 1206 637">
     <span class='ocr_line' id='line_1_7' title="bbox 413 558 1206 637; baseline 0.014 -26"><span class='ocrx_word' id='word_1_28' title='bbox 413 558 503 612; x_wconf 84' lang='grc' dir='ltr'><strong>τοῦ</strong></span> <span class='ocrx_word' id='word_1_29' title='bbox 526 559 820 623; x_wconf 76' lang='grc' dir='ltr'><strong>δεδωκότος</strong></span> <span class='ocrx_word' id='word_1_30' title='bbox 849 564 1206 637; x_wconf 85' lang='grc' dir='ltr'>ἀγαθότητος.</span> 
     </span>
    </p>
   </div>
   <div class='ocr_carea' id='block_1_7' title="bbox 487 745 1981 832">
    <p class='ocr_par' dir='ltr' id='par_1_7' title="bbox 487 745 1981 832">
     <span class='ocr_line' id='line_1_8' title="bbox 487 745 1981 832; baseline 0.015 -35"><span class='ocrx_word' id='word_1_31' title='bbox 487 764 505 797; x_wconf 87' lang='grc' dir='ltr'><strong>ι</strong></span> <span class='ocrx_word' id='word_1_32' title='bbox 534 745 896 819; x_wconf 79' lang='grc' dir='ltr'>’Δπειθήσασί</span> <span class='ocrx_word' id='word_1_33' title='bbox 923 768 1052 804; x_wconf 89' lang='grc' dir='ltr'>ποτε</span> <span class='ocrx_word' id='word_1_34' title='bbox 1098 753 1187 807; x_wconf 77' lang='grc' dir='ltr'>ὅτε</span> <span class='ocrx_word' id='word_1_35' title='bbox 1218 756 1572 830; x_wconf 74' lang='grc' dir='ltr'><strong>ἀπεξεδέχετο</strong></span> <span class='ocrx_word' id='word_1_36' title='bbox 1628 764 1660 832; x_wconf 86' lang='grc' dir='ltr'><strong>ή</strong></span> <span class='ocrx_word' id='word_1_37' title='bbox 1699 763 1796 817; x_wconf 87' lang='grc' dir='ltr'><strong>τοῦ</strong></span> <span class='ocrx_word' id='word_1_38' title='bbox 1843 766 1981 819; x_wconf 86' lang='grc' dir='ltr'>Θεοῦ</span> 
     </span>
    </p>
   </div>
   <div class='ocr_carea' id='block_1_8' title="bbox 419 837 1983 927">
    <p class='ocr_par' dir='ltr' id='par_1_8' title="bbox 419 837 1983 927">
     <span class='ocr_line' id='line_1_9' title="bbox 419 837 1983 927; baseline 0.015 -39"><span class='ocrx_word' id='word_1_39' title='bbox 419 837 773 908; x_wconf 74' lang='grc' dir='ltr'><strong>μακροθυμία</strong></span> <span class='ocrx_word' id='word_1_40' title='bbox 816 842 876 895; x_wconf 81' lang='grc' dir='ltr'>ὲν</span> <span class='ocrx_word' id='word_1_41' title='bbox 940 844 1177 914; x_wconf 79' lang='grc' dir='ltr'>ἡμέραις</span> <span class='ocrx_word' id='word_1_42' title='bbox 1231 848 1354 901; x_wconf 72' lang='grc' dir='ltr'>Νῶε</span> <span class='ocrx_word' id='word_1_43' title='bbox 1430 857 1983 927; x_wconf 71' lang='grc' dir='ltr'><strong>κατασκευαζομένης</strong></span> 
     </span>
    </p>
   </div>
   <div class='ocr_carea' id='block_1_9' title="bbox 409 926 1984 1019">
    <p class='ocr_par' dir='ltr' id='par_1_9' title="bbox 409 926 1984 1019">
     <span class='ocr_line' id='line_1_10' title="bbox 409 926 1984 1019; baseline 0.017 -41"><span class='ocrx_word' id='word_1_44' title='bbox 409 926 510 995; x_wconf 84' lang='grc' dir='ltr'>τῆς</span> <span class='ocrx_word' id='word_1_45' title='bbox 544 928 801 997; x_wconf 77' lang='grc' dir='ltr'>κιϐωτοῦ,</span> <span class='ocrx_word' id='word_1_46' title='bbox 831 934 911 997; x_wconf 79' lang='grc' dir='ltr'><strong>είς</strong></span> <span class='ocrx_word' id='word_1_47' title='bbox 944 935 1010 1006; x_wconf 80' lang='grc' dir='ltr'>ἢν</span> <span class='ocrx_word' id='word_1_48' title='bbox 1031 936 1232 1005; x_wconf 81' lang='grc' dir='ltr'>ὀλίγαι,</span> <span class='ocrx_word' id='word_1_49' title='bbox 1265 940 1412 994; x_wconf 85' lang='grc' dir='ltr'>τοῦτ’</span> <span class='ocrx_word' id='word_1_50' title='bbox 1447 942 1597 999; x_wconf 78' lang='grc' dir='ltr'>ἐστιν</span> <span class='ocrx_word' id='word_1_51' title='bbox 1627 946 1774 1000; x_wconf 85' lang='grc' dir='ltr'>ὀκτὼ</span> <span class='ocrx_word' id='word_1_52' title='bbox 1815 949 1984 1019; x_wconf 69' lang='grc' dir='ltr'>ψυχαὶ</span> 
     </span>
    </p>
   </div>
   <div class='ocr_carea' id='block_1_10' title="bbox 408 1018 1983 1103">
    <p class='ocr_par' dir='ltr' id='par_1_10' title="bbox 408 1018 1983 1103">
     <span class='ocr_line' id='line_1_11' title="bbox 408 1018 1983 1103; baseline 0.015 -32"><span class='ocrx_word' id='word_1_53' title='bbox 408 1018 744 1092; x_wconf 79' lang='grc' dir='ltr'><strong>διεσώθησαν</strong></span> <span class='ocrx_word' id='word_1_54' title='bbox 768 1023 836 1077; x_wconf 79' lang='grc' dir='ltr'><strong>δι’</strong></span> <span class='ocrx_word' id='word_1_55' title='bbox 883 1025 1126 1091; x_wconf 74' lang='grc' dir='ltr'>ὓδατος.»</span> <span class='ocrx_word' id='word_1_56' title='bbox 1164 1030 1340 1084; x_wconf 87' lang='grc' dir='ltr'>Τοῦτο</span> <span class='ocrx_word' id='word_1_57' title='bbox 1396 1032 1558 1103; x_wconf 79' lang='grc' dir='ltr'>ἔθηκε</span> <span class='ocrx_word' id='word_1_58' title='bbox 1601 1037 1745 1092; x_wconf 91' lang='grc' dir='ltr'>λύων</span> <span class='ocrx_word' id='word_1_59' title='bbox 1771 1018 1983 1093; x_wconf 80' lang='grc' dir='ltr'>ἀντίθε-</span> 
     </span>
    </p>
   </div>
   <div class='ocr_carea' id='block_1_11' title="bbox 411 1112 1982 1192">
    <p class='ocr_par' dir='ltr' id='par_1_11' title="bbox 411 1112 1982 1192">
     <span class='ocr_line' id='line_1_12' title="bbox 411 1112 1982 1192; baseline 0.014 -29"><span class='ocrx_word' id='word_1_60' title='bbox 411 1112 496 1164; x_wconf 88' lang='grc' dir='ltr'><strong>σίν</strong></span> <span class='ocrx_word' id='word_1_61' title='bbox 531 1129 654 1167; x_wconf 88' lang='grc' dir='ltr'>τινα</span> <span class='ocrx_word' id='word_1_62' title='bbox 676 1130 692 1147; x_wconf 88' lang='grc'>·</span> <span class='ocrx_word' id='word_1_63' title='bbox 720 1114 869 1179; x_wconf 80' lang='grc' dir='ltr'>είκδς</span> <span class='ocrx_word' id='word_1_64' title='bbox 902 1120 1032 1189; x_wconf 66' lang='grc' dir='ltr'>τγὰρ</span> <span class='ocrx_word' id='word_1_65' title='bbox 1067 1120 1213 1191; x_wconf 79' lang='grc' dir='ltr'>ἐρεῖν</span> <span class='ocrx_word' id='word_1_66' title='bbox 1269 1141 1391 1178; x_wconf 84' lang='grc' dir='ltr'>τινα</span> <span class='ocrx_word' id='word_1_67' title='bbox 1416 1140 1431 1155; x_wconf 90' lang='grc'><strong>·</strong></span> <span class='ocrx_word' id='word_1_68' title='bbox 1467 1127 1579 1181; x_wconf 71' lang='grc' dir='ltr'><strong>Καὶ</strong></span> <span class='ocrx_word' id='word_1_69' title='bbox 1626 1127 1772 1192; x_wconf 88' lang='grc' dir='ltr'>τίνος</span> <span class='ocrx_word' id='word_1_70' title='bbox 1822 1130 1982 1185; x_wconf 83' lang='grc' dir='ltr'>ἄλλου</span> 
     </span>
    </p>
   </div>
   <div class='ocr_carea' id='block_1_12' title="bbox 408 1202 1982 1290">
    <p class='ocr_par' dir='ltr' id='par_1_12' title="bbox 408 1202 1982 1290">
     <span class='ocr_line' id='line_1_13' title="bbox 408 1202 1982 1290; baseline 0.012 -35"><span class='ocrx_word' id='word_1_71' title='bbox 408 1202 744 1272; x_wconf 78' lang='grc' dir='ltr'><strong>κηρύξαντος</strong></span> <span class='ocrx_word' id='word_1_72' title='bbox 770 1207 875 1278; x_wconf 76' lang='grc' dir='ltr'>πρὸ</span> <span class='ocrx_word' id='word_1_73' title='bbox 899 1209 995 1263; x_wconf 83' lang='grc' dir='ltr'><strong>τοῦ</strong></span> <span class='ocrx_word' id='word_1_74' title='bbox 1034 1212 1296 1282; x_wconf 82' lang='grc' dir='ltr'>Χριστοῦ,</span> <span class='ocrx_word' id='word_1_75' title='bbox 1323 1210 1443 1269; x_wconf 74' lang='grc' dir='ltr'>εἶτα</span> <span class='ocrx_word' id='word_1_76' title='bbox 1495 1218 1545 1270; x_wconf 88' lang='grc' dir='ltr'><strong>οί</strong></span> <span class='ocrx_word' id='word_1_77' title='bbox 1583 1219 1982 1290; x_wconf 78' lang='grc' dir='ltr'><strong>ἀπειθήσαντες</strong></span> 
     </span>
    </p>
   </div>
   <div class='ocr_carea' id='block_1_13' title="bbox 408 1294 1982 1377">
    <p class='ocr_par' dir='ltr' id='par_1_13' title="bbox 408 1294 1982 1377">
     <span class='ocr_line' id='line_1_14' title="bbox 408 1294 1982 1377; baseline 0.014 -34"><span class='ocrx_word' id='word_1_78' title='bbox 408 1294 852 1366; x_wconf 73' lang='grc' dir='ltr'>κατεκρίθησανς</span> <span class='ocrx_word' id='word_1_79' title='bbox 885 1299 994 1352; x_wconf 74' lang='grc' dir='ltr'><strong>Καὶ</strong></span> <span class='ocrx_word' id='word_1_80' title='bbox 1061 1302 1201 1371; x_wconf 75' lang='grc' dir='ltr'>ἔχων</span> <span class='ocrx_word' id='word_1_81' title='bbox 1243 1304 1399 1358; x_wconf 84' lang='grc' dir='ltr'>τοῦτο</span> <span class='ocrx_word' id='word_1_82' title='bbox 1471 1308 1727 1377; x_wconf 79' lang='grc' dir='ltr'>ἑτοίμως,</span> <span class='ocrx_word' id='word_1_83' title='bbox 1756 1312 1831 1373; x_wconf 82' lang='grc' dir='ltr'>ὡς</span> <span class='ocrx_word' id='word_1_84' title='bbox 1891 1314 1982 1365; x_wconf 71' lang='grc' dir='ltr'>καὶ</span> 
     </span>
    </p>
   </div>
   <div class='ocr_carea' id='block_1_14' title="bbox 408 1381 1983 1474">
    <p class='ocr_par' dir='ltr' id='par_1_14' title="bbox 408 1381 1983 1474">
     <span class='ocr_line' id='line_1_15' title="bbox 408 1381 1983 1474; baseline 0.015 -40"><span class='ocrx_word' id='word_1_85' title='bbox 408 1381 640 1450; x_wconf 80' lang='grc' dir='ltr'><strong>Παῦλος,</strong></span> <span class='ocrx_word' id='word_1_86' title='bbox 693 1383 802 1440; x_wconf 76' lang='grc' dir='ltr'>ἀπὸ</span> <span class='ocrx_word' id='word_1_87' title='bbox 843 1389 953 1444; x_wconf 82' lang='grc' dir='ltr'><strong>τῶν</strong></span> <span class='ocrx_word' id='word_1_88' title='bbox 1008 1395 1446 1465; x_wconf 77' lang='grc' dir='ltr'>κατεπαρμένων</span> <span class='ocrx_word' id='word_1_89' title='bbox 1494 1396 1866 1474; x_wconf 81' lang='grc' dir='ltr'>[Ῑ.κατεπηρ.]</span> <span class='ocrx_word' id='word_1_90' title='bbox 1924 1404 1983 1457; x_wconf 79' lang='grc' dir='ltr'>ἐν</span> 
     </span>
    </p>
   </div>
   <div class='ocr_carea' id='block_1_15' title="bbox 406 1475 1977 1557">
    <p class='ocr_par' dir='ltr' id='par_1_15' title="bbox 406 1475 1977 1557">
     <span class='ocr_line' id='line_1_16' title="bbox 406 1475 1977 1557; baseline 0.015 -30"><span class='ocrx_word' id='word_1_91' title='bbox 406 1475 540 1546; x_wconf 58' lang='grc' dir='ltr'><strong>⁷ἔκμίν</strong></span> <span class='ocrx_word' id='word_1_92' title='bbox 568 1477 804 1546; x_wconf 77' lang='grc' dir='ltr'>λογικῶν</span> <span class='ocrx_word' id='word_1_93' title='bbox 841 1480 1125 1553; x_wconf 65' lang='grc' dir='ltr'>δυνάμεων</span> <span class='ocrx_word' id='word_1_94' title='bbox 1171 1487 1489 1557; x_wconf 79' lang='grc' dir='ltr'>ἀπελέγξαι,</span> <span class='ocrx_word' id='word_1_95' title='bbox 1513 1492 1571 1544; x_wconf 77' lang='grc' dir='ltr'>οὐ</span> <span class='ocrx_word' id='word_1_96' title='bbox 1611 1493 1773 1548; x_wconf 85' lang='grc' dir='ltr'>τοῦτο</span> <span class='ocrx_word' id='word_1_97' title='bbox 1814 1498 1977 1551; x_wconf 80' lang='grc' dir='ltr'>ποιεί.</span> 
     </span>
    </p>
   </div>
   <div class='ocr_carea' id='block_1_16' title="bbox 403 1566 1979 1656">
    <p class='ocr_par' dir='ltr' id='par_1_16' title="bbox 403 1566 1979 1656">
     <span class='ocr_line' id='line_1_17' title="bbox 403 1566 1979 1656; baseline 0.015 -36"><span class='ocrx_word' id='word_1_98' title='bbox 403 1566 660 1639; x_wconf 76' lang='grc' dir='ltr'>Κριτικοὶ</span> <span class='ocrx_word' id='word_1_99' title='bbox 690 1572 800 1644; x_wconf 85' lang='grc' dir='ltr'><strong>γάρ</strong></span> <span class='ocrx_word' id='word_1_100' title='bbox 836 1573 934 1628; x_wconf 89' lang='grc' dir='ltr'><strong>τοῦ</strong></span> <span class='ocrx_word' id='word_1_101' title='bbox 966 1577 1135 1630; x_wconf 81' lang='grc' dir='ltr'>καλοῦ</span> <span class='ocrx_word' id='word_1_102' title='bbox 1170 1580 1264 1632; x_wconf 76' lang='grc' dir='ltr'>καὶ</span> <span class='ocrx_word' id='word_1_103' title='bbox 1292 1580 1387 1634; x_wconf 83' lang='grc' dir='ltr'><strong>τοῦ</strong></span> <span class='ocrx_word' id='word_1_104' title='bbox 1456 1585 1635 1638; x_wconf 81' lang='grc' dir='ltr'>κακοῦ</span> <span class='ocrx_word' id='word_1_105' title='bbox 1671 1589 1979 1656; x_wconf 78' lang='grc' dir='ltr'><strong>γεγονότες,</strong></span> 
     </span>
    </p>
   </div>
   <div class='ocr_carea' id='block_1_17' title="bbox 402 1656 1983 1746">
    <p class='ocr_par' dir='ltr' id='par_1_17' title="bbox 402 1656 1983 1746">
     <span class='ocr_line' id='line_1_18' title="bbox 402 1656 1983 1746; baseline 0.012 -33"><span class='ocrx_word' id='word_1_106' title='bbox 402 1656 521 1714; x_wconf 81' lang='grc' dir='ltr'>εἶτα</span> <span class='ocrx_word' id='word_1_107' title='bbox 554 1661 628 1732; x_wconf 77' lang='grc' dir='ltr'>μὴ</span> <span class='ocrx_word' id='word_1_108' title='bbox 664 1660 724 1716; x_wconf 73' lang='grc' dir='ltr'><strong>τὸ</strong></span> <span class='ocrx_word' id='word_1_109' title='bbox 747 1665 950 1732; x_wconf 81' lang='grc' dir='ltr'>ἀγαθόν</span> <span class='ocrx_word' id='word_1_110' title='bbox 971 1668 1363 1739; x_wconf 77' lang='grc' dir='ltr'>ἐργασάμενοι,</span> <span class='ocrx_word' id='word_1_111' title='bbox 1408 1677 1786 1746; x_wconf 72' lang='grc' dir='ltr'><strong>κατακρίσεως</strong></span> <span class='ocrx_word' id='word_1_112' title='bbox 1844 1678 1983 1744; x_wconf 80' lang='grc' dir='ltr'>ἄξοι</span> 
     </span>
    </p>
   </div>
   <div class='ocr_carea' id='block_1_18' title="bbox 400 1753 1982 1840">
    <p class='ocr_par' dir='ltr' id='par_1_18' title="bbox 400 1753 1982 1840">
     <span class='ocr_line' id='line_1_19' title="bbox 400 1753 1982 1840; baseline 0.013 -36"><span class='ocrx_word' id='word_1_113' title='bbox 400 1753 451 1805; x_wconf 81' lang='grc' dir='ltr'>οἱ</span> <span class='ocrx_word' id='word_1_114' title='bbox 485 1753 738 1809; x_wconf 69' lang='grc' dir='ltr'>τοιοῦτοι.</span> <span class='ocrx_word' id='word_1_115' title='bbox 766 1757 878 1826; x_wconf 80' lang='grc' dir='ltr'><strong>υύχ</strong></span> <span class='ocrx_word' id='word_1_116' title='bbox 898 1754 1040 1811; x_wconf 70' lang='grc' dir='ltr'>οὕτω</span> <span class='ocrx_word' id='word_1_117' title='bbox 1063 1759 1120 1811; x_wconf 75' lang='grc' dir='ltr'><strong>δὲ</strong></span> <span class='ocrx_word' id='word_1_118' title='bbox 1148 1762 1385 1831; x_wconf 76' lang='grc' dir='ltr'>πρόεισι.</span> <span class='ocrx_word' id='word_1_119' title='bbox 1411 1764 1508 1817; x_wconf 80' lang='grc' dir='ltr'><strong>Διᾶ</strong></span> <span class='ocrx_word' id='word_1_120' title='bbox 1526 1766 1579 1819; x_wconf 84' lang='grc' dir='ltr'><strong>τί</strong></span> <span class='ocrx_word' id='word_1_121' title='bbox 1611 1768 1778 1829; x_wconf 66' lang='grc' dir='ltr'>ςὊτι</span> <span class='ocrx_word' id='word_1_122' title='bbox 1803 1772 1982 1840; x_wconf 75' lang='grc' dir='ltr'>κρείτ-</span> 
     </span>
    </p>
   </div>
   <div class='ocr_carea' id='block_1_19' title="bbox 2089 585 3652 667">
    <p class='ocr_par' dir='ltr' id='par_1_19' title="bbox 2089 585 3652 667">
     <span class='ocr_line' id='line_1_20' title="bbox 2089 585 3652 667; baseline 0.014 -29"><span class='ocrx_word' id='word_1_123' title='bbox 2089 585 2312 642; x_wconf 81' lang='lat' dir='ltr'><strong>Factore</strong></span> <span class='ocrx_word' id='word_1_124' title='bbox 2372 590 2602 659; x_wconf 76' lang='lat' dir='ltr'><strong>benigne</strong></span> <span class='ocrx_word' id='word_1_125' title='bbox 2653 608 2974 650; x_wconf 85' lang='lat' dir='ltr'><strong>concessum</strong></span> <span class='ocrx_word' id='word_1_126' title='bbox 3043 608 3186 652; x_wconf 68' lang='lat' dir='ltr'><strong>tet-te</strong></span> <span class='ocrx_word' id='word_1_127' title='bbox 3246 602 3545 667; x_wconf 86' lang='lat' dir='ltr'><strong>possidere,</strong></span> <span class='ocrx_word' id='word_1_128' title='bbox 3601 623 3652 663; x_wconf 86' lang='lat' dir='ltr'><strong>et</strong></span> 
     </span>
    </p>
   </div>
   <div class='ocr_carea' id='block_1_20' title="bbox 2084 679 3299 756">
    <p class='ocr_par' dir='ltr' id='par_1_20' title="bbox 2084 679 3299 756">
     <span class='ocr_line' id='line_1_21' title="bbox 2084 679 3299 756; baseline 0.01 -23"><span class='ocrx_word' id='word_1_129' title='bbox 2084 679 2296 746; x_wconf 70' lang='lat' dir='ltr'><strong>St&#39;illSOS</strong></span> <span class='ocrx_word' id='word_1_130' title='bbox 2331 681 2514 737; x_wconf 65' lang='lat' dir='ltr'><strong>«lautis</strong></span> <span class='ocrx_word' id='word_1_131' title='bbox 2537 684 2778 739; x_wconf 87' lang='lat' dir='ltr'><strong>bonitate</strong></span> <span class='ocrx_word' id='word_1_132' title='bbox 2802 687 2996 756; x_wconf 80' lang='lat' dir='ltr'><strong>dignos</strong></span> <span class='ocrx_word' id='word_1_133' title='bbox 3020 699 3299 756; x_wconf 70' lang='lat' dir='ltr'><strong>prmstarc.</strong></span> 
     </span>
    </p>
   </div>
   <div class='ocr_carea' id='block_1_21' title="bbox 2159 770 3650 855">
    <p class='ocr_par' dir='ltr' id='par_1_21' title="bbox 2159 770 3650 855">
     <span class='ocr_line' id='line_1_22' title="bbox 2159 770 3650 855; baseline 0.013 -34"><span class='ocrx_word' id='word_1_134' title='bbox 2159 770 2443 827; x_wconf 69' lang='lat' dir='ltr'><strong>lli-3115.20.</strong></span> <span class='ocrx_word' id='word_1_135' title='bbox 2502 793 2519 825; x_wconf 82' lang='grc' dir='ltr'><strong>ι</strong></span> <span class='ocrx_word' id='word_1_136' title='bbox 2560 775 2662 841; x_wconf 84' lang='lat' dir='ltr'><strong>Qui</strong></span> <span class='ocrx_word' id='word_1_137' title='bbox 2723 777 2989 833; x_wconf 75' lang='lat' dir='ltr'><strong>increduli</strong></span> <span class='ocrx_word' id='word_1_138' title='bbox 3053 779 3267 837; x_wconf 88' lang='lat' dir='ltr'><strong>fuerant</strong></span> <span class='ocrx_word' id='word_1_139' title='bbox 3328 786 3650 855; x_wconf 78' lang='lat' dir='ltr'><strong>aliquando,</strong></span> 
     </span>
    </p>
   </div>
   <div class='ocr_carea' id='block_1_22' title="bbox 2084 862 3650 938">
    <p class='ocr_par' dir='ltr' id='par_1_22' title="bbox 2084 862 3650 938">
     <span class='ocr_line' id='line_1_23' title="bbox 2084 862 3650 938; baseline 0.01 -26"><span class='ocrx_word' id='word_1_140' title='bbox 2084 862 2316 930; x_wconf 83' lang='lat' dir='ltr'><strong>quando</strong></span> <span class='ocrx_word' id='word_1_141' title='bbox 2339 866 2734 932; x_wconf 76' lang='lat' dir='ltr'><strong>exspectabant</strong></span> <span class='ocrx_word' id='word_1_142' title='bbox 2785 868 2877 923; x_wconf 86' lang='lat' dir='ltr'><strong>Dei</strong></span> <span class='ocrx_word' id='word_1_143' title='bbox 2940 870 3261 938; x_wconf 82' lang='lat' dir='ltr'><strong>patientiam</strong></span> <span class='ocrx_word' id='word_1_144' title='bbox 3335 874 3392 928; x_wconf 90' lang='lat' dir='ltr'><strong>in</strong></span> <span class='ocrx_word' id='word_1_145' title='bbox 3456 877 3650 932; x_wconf 68' lang='lat' dir='ltr'><strong>dictum</strong></span> 
     </span>
    </p>
   </div>
   <div class='ocr_carea' id='block_1_23' title="bbox 2087 951 3649 1035">
    <p class='ocr_par' dir='ltr' id='par_1_23' title="bbox 2087 951 3649 1035">
     <span class='ocr_line' id='line_1_24' title="bbox 2087 951 3649 1035; baseline 0.01 -30"><span class='ocrx_word' id='word_1_146' title='bbox 2087 951 2218 1018; x_wconf 77' lang='lat' dir='ltr'><strong>Noe,</strong></span> <span class='ocrx_word' id='word_1_147' title='bbox 2255 972 2378 1009; x_wconf 89' lang='lat' dir='ltr'><strong>cum</strong></span> <span class='ocrx_word' id='word_1_148' title='bbox 2418 957 2785 1014; x_wconf 63' lang='lat' dir='ltr'><strong>fabricari-tur</strong></span> <span class='ocrx_word' id='word_1_149' title='bbox 2813 977 2971 1016; x_wconf 89' lang='lat' dir='ltr'><strong>arca:</strong></span> <span class='ocrx_word' id='word_1_150' title='bbox 3013 964 3194 1035; x_wconf 87' lang='lat' dir='ltr'><strong>inqua</strong></span> <span class='ocrx_word' id='word_1_151' title='bbox 3238 967 3420 1034; x_wconf 80' lang='lat' dir='ltr'><strong>pauci,</strong></span> <span class='ocrx_word' id='word_1_152' title='bbox 3452 969 3505 1024; x_wconf 85' lang='lat' dir='ltr'><strong>id</strong></span> <span class='ocrx_word' id='word_1_153' title='bbox 3545 987 3649 1035; x_wconf 69' lang='lat' dir='ltr'><strong>csa,</strong></span> 
     </span>
    </p>
   </div>
   <div class='ocr_carea' id='block_1_24' title="bbox 2084 1047 3650 1126">
    <p class='ocr_par' dir='ltr' id='par_1_24' title="bbox 2084 1047 3650 1126">
     <span class='ocr_line' id='line_1_25' title="bbox 2084 1047 3650 1126; baseline 0.011 -29"><span class='ocrx_word' id='word_1_154' title='bbox 2084 1058 2210 1100; x_wconf 85' lang='lat' dir='ltr'><strong>ueto</strong></span> <span class='ocrx_word' id='word_1_155' title='bbox 2240 1047 2436 1103; x_wconf 77' lang='lat' dir='ltr'><strong>anima:</strong></span> <span class='ocrx_word' id='word_1_156' title='bbox 2467 1051 2632 1105; x_wconf 67' lang='lat' dir='ltr'><strong>salvae</strong></span> <span class='ocrx_word' id='word_1_157' title='bbox 2672 1051 2828 1107; x_wconf 75' lang='lat' dir='ltr'><strong>facta:</strong></span> <span class='ocrx_word' id='word_1_158' title='bbox 2860 1065 2988 1109; x_wconf 86' lang='lat' dir='ltr'><strong>sunt</strong></span> <span class='ocrx_word' id='word_1_159' title='bbox 3044 1072 3139 1124; x_wconf 85' lang='lat' dir='ltr'><strong>per</strong></span> <span class='ocrx_word' id='word_1_160' title='bbox 3191 1072 3411 1126; x_wconf 87' lang='lat' dir='ltr'><strong>aquam.</strong></span> <span class='ocrx_word' id='word_1_161' title='bbox 3462 1081 3480 1113; x_wconf 74' lang='grc' dir='ltr'><strong>ι</strong></span> <span class='ocrx_word' id='word_1_162' title='bbox 3529 1061 3650 1117; x_wconf 71' lang='lat' dir='ltr'><strong>llaec</strong></span> 
     </span>
    </p>
   </div>
   <div class='ocr_carea' id='block_1_25' title="bbox 2085 1137 3647 1208">
    <p class='ocr_par' dir='ltr' id='par_1_25' title="bbox 2085 1137 3647 1208">
     <span class='ocr_line' id='line_1_26' title="bbox 2085 1137 3647 1208; baseline 0.012 -20"><span class='ocrx_word' id='word_1_163' title='bbox 2085 1137 2279 1203; x_wconf 87' lang='lat' dir='ltr'><strong>addit,</strong></span> <span class='ocrx_word' id='word_1_164' title='bbox 2344 1147 2401 1191; x_wconf 93' lang='lat' dir='ltr'><strong>ut</strong></span> <span class='ocrx_word' id='word_1_165' title='bbox 2449 1140 2667 1195; x_wconf 90' lang='lat' dir='ltr'><strong>tacitam</strong></span> <span class='ocrx_word' id='word_1_166' title='bbox 2719 1144 3080 1208; x_wconf 84' lang='lat' dir='ltr'><strong>objectionem</strong></span> <span class='ocrx_word' id='word_1_167' title='bbox 3151 1148 3398 1205; x_wconf 78' lang='lat' dir='ltr'><strong>elideret.</strong></span> <span class='ocrx_word' id='word_1_168' title='bbox 3468 1151 3647 1207; x_wconf 76' lang='lat' dir='ltr'><strong>Facile</strong></span> 
     </span>
    </p>
   </div>
   <div class='ocr_carea' id='block_1_26' title="bbox 2082 1229 3645 1305">
    <p class='ocr_par' dir='ltr' id='par_1_26' title="bbox 2082 1229 3645 1305">
     <span class='ocr_line' id='line_1_27' title="bbox 2082 1229 3645 1305; baseline 0.009 -22"><span class='ocrx_word' id='word_1_169' title='bbox 2082 1229 2226 1283; x_wconf 90' lang='lat' dir='ltr'><strong>enim</strong></span> <span class='ocrx_word' id='word_1_170' title='bbox 2259 1246 2449 1301; x_wconf 82' lang='lat' dir='ltr'><strong>rogare</strong></span> <span class='ocrx_word' id='word_1_171' title='bbox 2471 1233 2595 1301; x_wconf 88' lang='lat' dir='ltr'><strong>quis</strong></span> <span class='ocrx_word' id='word_1_172' title='bbox 2658 1242 2867 1303; x_wconf 78' lang='lat' dir='ltr'><strong>poterat</strong></span> <span class='ocrx_word' id='word_1_173' title='bbox 2895 1253 2908 1291; x_wconf 90' lang='lat'><strong>:</strong></span> <span class='ocrx_word' id='word_1_174' title='bbox 2937 1234 3134 1305; x_wconf 79' lang='lat' dir='ltr'><strong>Ecquis</strong></span> <span class='ocrx_word' id='word_1_175' title='bbox 3183 1249 3309 1297; x_wconf 84' lang='lat' dir='ltr'><strong>ante</strong></span> <span class='ocrx_word' id='word_1_176' title='bbox 3368 1242 3645 1298; x_wconf 73' lang='lat' dir='ltr'><strong>Christum</strong></span> 
     </span>
    </p>
   </div>
   <div class='ocr_carea' id='block_1_27' title="bbox 2084 1323 3648 1398">
    <p class='ocr_par' dir='ltr' id='par_1_27' title="bbox 2084 1323 3648 1398">
     <span class='ocr_line' id='line_1_28' title="bbox 2084 1323 3648 1398; baseline 0.01 -26"><span class='ocrx_word' id='word_1_177' title='bbox 2084 1323 2421 1391; x_wconf 74' lang='lat' dir='ltr'><strong>praedicavit,</strong></span> <span class='ocrx_word' id='word_1_178' title='bbox 2455 1335 2511 1378; x_wconf 89' lang='lat' dir='ltr'><strong>ut</strong></span> <span class='ocrx_word' id='word_1_179' title='bbox 2544 1327 2635 1396; x_wconf 88' lang='lat' dir='ltr'><strong>qui</strong></span> <span class='ocrx_word' id='word_1_180' title='bbox 2664 1324 2712 1381; x_wconf 91' lang='lat' dir='ltr'><strong>ci</strong></span> <span class='ocrx_word' id='word_1_181' title='bbox 2759 1345 2867 1381; x_wconf 84' lang='lat' dir='ltr'><strong>ttutt</strong></span> <span class='ocrx_word' id='word_1_182' title='bbox 2896 1330 3276 1398; x_wconf 67' lang='lat' dir='ltr'><strong>credidissent,</strong></span> <span class='ocrx_word' id='word_1_183' title='bbox 3316 1336 3648 1390; x_wconf 84' lang='lat' dir='ltr'><strong>condemna-</strong></span> 
     </span>
    </p>
   </div>
   <div class='ocr_carea' id='block_1_28' title="bbox 2084 1414 3649 1497">
    <p class='ocr_par' dir='ltr' id='par_1_28' title="bbox 2084 1414 3649 1497">
     <span class='ocr_line' id='line_1_29' title="bbox 2084 1414 3649 1497; baseline 0.008 -32"><span class='ocrx_word' id='word_1_184' title='bbox 2084 1414 2316 1467; x_wconf 78' lang='lat' dir='ltr'><strong>rentur?</strong></span> <span class='ocrx_word' id='word_1_185' title='bbox 2370 1414 2620 1487; x_wconf 86' lang='lat' dir='ltr'><strong>Cumque</strong></span> <span class='ocrx_word' id='word_1_186' title='bbox 2668 1419 2720 1473; x_wconf 90' lang='lat' dir='ltr'><strong>in</strong></span> <span class='ocrx_word' id='word_1_187' title='bbox 2778 1433 3030 1489; x_wconf 76' lang='lat' dir='ltr'><strong>promptu</strong></span> <span class='ocrx_word' id='word_1_188' title='bbox 3093 1423 3489 1491; x_wconf 78' lang='lat' dir='ltr'><strong>liabcrcteani,</strong></span> <span class='ocrx_word' id='word_1_189' title='bbox 3545 1443 3649 1497; x_wconf 84' lang='lat' dir='ltr'><strong>qua</strong></span> 
     </span>
    </p>
   </div>
   <div class='ocr_carea' id='block_1_29' title="bbox 2085 1503 3644 1589">
    <p class='ocr_par' dir='ltr' id='par_1_29' title="bbox 2085 1503 3644 1589">
     <span class='ocr_line' id='line_1_30' title="bbox 2085 1503 3644 1589; baseline 0.008 -32"><span class='ocrx_word' id='word_1_190' title='bbox 2085 1503 2285 1560; x_wconf 82' lang='lat' dir='ltr'><strong>l’aulus</strong></span> <span class='ocrx_word' id='word_1_191' title='bbox 2313 1522 2533 1579; x_wconf 83' lang='lat' dir='ltr'><strong>quoque</strong></span> <span class='ocrx_word' id='word_1_192' title='bbox 2557 1526 2690 1565; x_wconf 85' lang='lat' dir='ltr'><strong>usus</strong></span> <span class='ocrx_word' id='word_1_193' title='bbox 2717 1522 2823 1576; x_wconf 90' lang='lat' dir='ltr'><strong>cst,</strong></span> <span class='ocrx_word' id='word_1_194' title='bbox 2858 1516 3297 1583; x_wconf 81' lang='lat' dir='ltr'><strong>responsionem,</strong></span> <span class='ocrx_word' id='word_1_195' title='bbox 3336 1533 3549 1589; x_wconf 89' lang='lat' dir='ltr'><strong>ucmpc.</strong></span> <span class='ocrx_word' id='word_1_196' title='bbox 3581 1520 3644 1570; x_wconf 84' lang='lat' dir='ltr'><strong>ad</strong></span> 
     </span>
    </p>
   </div>
   <div class='ocr_carea' id='block_1_30' title="bbox 2085 1593 3644 1678">
    <p class='ocr_par' dir='ltr' id='par_1_30' title="bbox 2085 1593 3644 1678">
     <span class='ocr_line' id='line_1_31' title="bbox 2085 1593 3644 1678; baseline 0.01 -31"><span class='ocrx_word' id='word_1_197' title='bbox 2085 1593 2136 1648; x_wconf 94' lang='lat' dir='ltr'><strong>id</strong></span> <span class='ocrx_word' id='word_1_198' title='bbox 2163 1595 2388 1651; x_wconf 79' lang='lat' dir='ltr'><strong>insitum</strong></span> <span class='ocrx_word' id='word_1_199' title='bbox 2420 1599 2582 1655; x_wconf 87' lang='lat' dir='ltr'><strong>nobis</strong></span> <span class='ocrx_word' id='word_1_200' title='bbox 2610 1602 2844 1659; x_wconf 82' lang='lat' dir='ltr'><strong>rationis</strong></span> <span class='ocrx_word' id='word_1_201' title='bbox 2887 1603 3067 1658; x_wconf 83' lang='lat' dir='ltr'><strong>lumen</strong></span> <span class='ocrx_word' id='word_1_202' title='bbox 3104 1607 3240 1662; x_wconf 64' lang='lat' dir='ltr'><strong>satis</strong></span> <span class='ocrx_word' id='word_1_203' title='bbox 3272 1622 3429 1670; x_wconf 85' lang='lat' dir='ltr'><strong>esse;</strong></span> <span class='ocrx_word' id='word_1_204' title='bbox 3467 1625 3644 1678; x_wconf 88' lang='lat' dir='ltr'><strong>quau-</strong></span> 
     </span>
    </p>
   </div>
   <div class='ocr_carea' id='block_1_31' title="bbox 2084 1684 3721 1763">
    <p class='ocr_par' dir='ltr' id='par_1_31' title="bbox 2084 1684 3721 1763">
     <span class='ocr_line' id='line_1_32' title="bbox 2084 1684 3721 1763; baseline 0.011 -27"><span class='ocrx_word' id='word_1_205' title='bbox 2084 1684 2373 1753; x_wconf 83' lang='lat' dir='ltr'><strong>doquidem</strong></span> <span class='ocrx_word' id='word_1_206' title='bbox 2406 1688 2499 1757; x_wconf 86' lang='lat' dir='ltr'><strong>qui</strong></span> <span class='ocrx_word' id='word_1_207' title='bbox 2534 1690 2733 1746; x_wconf 89' lang='lat' dir='ltr'><strong>bonum</strong></span> <span class='ocrx_word' id='word_1_208' title='bbox 2777 1709 2803 1746; x_wconf 89' lang='lat' dir='ltr'><strong>a</strong></span> <span class='ocrx_word' id='word_1_209' title='bbox 2834 1695 2976 1750; x_wconf 77' lang='lat' dir='ltr'><strong>nzalo</strong></span> <span class='ocrx_word' id='word_1_210' title='bbox 3004 1697 3323 1762; x_wconf 77' lang='lat' dir='ltr'><strong>secernendi</strong></span> <span class='ocrx_word' id='word_1_211' title='bbox 3392 1697 3646 1753; x_wconf 82' lang='lat' dir='ltr'><strong>facultate</strong></span> <span class='ocrx_word' id='word_1_212' title='bbox 3710 1752 3721 1763; x_wconf 87' lang='lat'>_</span> 
     </span>
    </p>
   </div>
   <div class='ocr_carea' id='block_1_32' title="bbox 2083 1772 3644 1857">
    <p class='ocr_par' dir='ltr' id='par_1_32' title="bbox 2083 1772 3644 1857">
     <span class='ocr_line' id='line_1_33' title="bbox 2083 1772 3644 1857; baseline 0.011 -30"><span class='ocrx_word' id='word_1_213' title='bbox 2083 1772 2266 1830; x_wconf 72' lang='lat' dir='ltr'><strong>donati</strong></span> <span class='ocrx_word' id='word_1_214' title='bbox 2300 1786 2450 1844; x_wconf 86' lang='lat' dir='ltr'><strong>sunt,</strong></span> <span class='ocrx_word' id='word_1_215' title='bbox 2491 1779 2527 1833; x_wconf 93' lang='lat' dir='ltr'><strong>ii</strong></span> <span class='ocrx_word' id='word_1_216' title='bbox 2566 1782 2833 1850; x_wconf 85' lang='lat' dir='ltr'><strong>profecto,</strong></span> <span class='ocrx_word' id='word_1_217' title='bbox 2869 1786 2913 1839; x_wconf 89' lang='lat' dir='ltr'><strong>si</strong></span> <span class='ocrx_word' id='word_1_218' title='bbox 2945 1785 3146 1839; x_wconf 89' lang='lat' dir='ltr'><strong>bonum</strong></span> <span class='ocrx_word' id='word_1_219' title='bbox 3174 1803 3281 1845; x_wconf 88' lang='lat' dir='ltr'><strong>nun</strong></span> <span class='ocrx_word' id='word_1_220' title='bbox 3326 1798 3644 1857; x_wconf 81' lang='lat' dir='ltr'><strong>operentur,</strong></span> 
     </span>
    </p>
   </div>
   <div class='ocr_carea' id='block_1_33' title="bbox 400 1846 1969 1943">
    <p class='ocr_par' dir='ltr' id='par_1_33' title="bbox 400 1846 1969 1933">
     <span class='ocr_line' id='line_1_34' title="bbox 400 1846 1969 1933; baseline 0.01 -35"><span class='ocrx_word' id='word_1_221' title='bbox 400 1861 552 1910; x_wconf 90' lang='grc' dir='ltr'>τονος</span> <span class='ocrx_word' id='word_1_222' title='bbox 577 1847 736 1915; x_wconf 80' lang='grc' dir='ltr'>λόγου</span> <span class='ocrx_word' id='word_1_223' title='bbox 770 1848 931 1903; x_wconf 80' lang='grc' dir='ltr'>τοῦτο</span> <span class='ocrx_word' id='word_1_224' title='bbox 965 1852 1057 1904; x_wconf 68' lang='grc' dir='ltr'>καὶ</span> <span class='ocrx_word' id='word_1_225' title='bbox 1079 1846 1368 1923; x_wconf 76' lang='grc' dir='ltr'>φιλοσόφου</span> <span class='ocrx_word' id='word_1_226' title='bbox 1400 1856 1657 1927; x_wconf 69' lang='grc' dir='ltr'>ἐχόμενον</span> <span class='ocrx_word' id='word_1_227' title='bbox 1692 1861 1969 1933; x_wconf 73' lang='grc' dir='ltr'>λογισμοῦ,</span> 
     </span>
    </p>
   </div>
   <div class='ocr_carea' id='block_1_34' title="bbox 2073 1846 3643 1943">
    <p class='ocr_par' dir='ltr' id='par_1_34' title="bbox 2083 1866 3643 1943">
     <span class='ocr_line' id='line_1_35' title="bbox 2083 1866 3643 1943; baseline 0.011 -24"><span class='ocrx_word' id='word_1_228' title='bbox 2083 1866 2692 1927; x_wconf 87' lang='lat' dir='ltr'><strong>condemnationesunt</strong></span> <span class='ocrx_word' id='word_1_229' title='bbox 2717 1873 2901 1943; x_wconf 82' lang='lat' dir='ltr'><strong>digni:</strong></span> <span class='ocrx_word' id='word_1_230' title='bbox 2966 1889 3028 1929; x_wconf 87' lang='lat' dir='ltr'><strong>ea</strong></span> <span class='ocrx_word' id='word_1_231' title='bbox 3063 1888 3243 1931; x_wconf 86' lang='lat' dir='ltr'><strong>tamen</strong></span> <span class='ocrx_word' id='word_1_232' title='bbox 3305 1879 3382 1933; x_wconf 89' lang='lat' dir='ltr'><strong>uti</strong></span> <span class='ocrx_word' id='word_1_233' title='bbox 3452 1881 3643 1936; x_wconf 86' lang='lat' dir='ltr'><strong>noluit.</strong></span> 
     </span>
    </p>
   </div>
   <div class='ocr_carea' id='block_1_35' title="bbox 400 1935 1979 2023">
    <p class='ocr_par' dir='ltr' id='par_1_35' title="bbox 400 1935 1979 2023">
     <span class='ocr_line' id='line_1_36' title="bbox 400 1935 1979 2023; baseline 0.014 -37"><span class='ocrx_word' id='word_1_234' title='bbox 400 1935 434 1994; x_wconf 76' lang='grc' dir='ltr'>ἢ</span> <span class='ocrx_word' id='word_1_235' title='bbox 478 1937 619 1989; x_wconf 80' lang='grc' dir='ltr'><strong>κατά</strong></span> <span class='ocrx_word' id='word_1_236' title='bbox 651 1937 927 1992; x_wconf 74' lang='grc' dir='ltr'>Ἰουδαίων</span> <span class='ocrx_word' id='word_1_237' title='bbox 956 1938 1196 1995; x_wconf 74' lang='grc' dir='ltr'>διάνοιαν</span> <span class='ocrx_word' id='word_1_238' title='bbox 1226 1949 1566 2019; x_wconf 81' lang='grc' dir='ltr'>χαμαιπετῆ.</span> <span class='ocrx_word' id='word_1_239' title='bbox 1594 1951 1730 2004; x_wconf 63' lang='grc' dir='ltr'><strong>Ἀπὸ</strong></span> <span class='ocrx_word' id='word_1_240' title='bbox 1765 1952 1822 2005; x_wconf 77' lang='grc' dir='ltr'><strong>δὲ</strong></span> <span class='ocrx_word' id='word_1_241' title='bbox 1879 1956 1979 2023; x_wconf 82' lang='grc' dir='ltr'>τῆς</span> 
     </span>
    </p>
   </div>
   <div class='ocr_carea' id='block_1_36' title="bbox 399 2023 1979 2102">
    <p class='ocr_par' dir='ltr' id='par_1_36' title="bbox 399 2023 1979 2102">
     <span class='ocr_line' id='line_1_37' title="bbox 399 2023 1979 2102; baseline 0.011 -22"><span class='ocrx_word' id='word_1_242' title='bbox 399 2023 625 2099; x_wconf 77' lang='grc' dir='ltr'>Γραφῆς</span> <span class='ocrx_word' id='word_1_243' title='bbox 648 2026 749 2099; x_wconf 74' lang='grc' dir='ltr'>τὴν</span> <span class='ocrx_word' id='word_1_244' title='bbox 795 2030 1080 2085; x_wconf 77' lang='grc' dir='ltr'>ἀπείθειαν</span> <span class='ocrx_word' id='word_1_245' title='bbox 1121 2035 1430 2102; x_wconf 89' lang='grc' dir='ltr'>πιστοῦται,</span> <span class='ocrx_word' id='word_1_246' title='bbox 1466 2039 1558 2092; x_wconf 82' lang='grc' dir='ltr'>καὶ</span> <span class='ocrx_word' id='word_1_247' title='bbox 1586 2040 1687 2094; x_wconf 86' lang='grc' dir='ltr'>οὐκ</span> <span class='ocrx_word' id='word_1_248' title='bbox 1740 2042 1846 2095; x_wconf 78' lang='grc' dir='ltr'>ἀπὸ</span> <span class='ocrx_word' id='word_1_249' title='bbox 1872 2044 1979 2097; x_wconf 82' lang='grc' dir='ltr'><strong>τῶν</strong></span> 
     </span>
    </p>
   </div>
   <div class='ocr_carea' id='block_1_37' title="bbox 400 2119 1978 2204">
    <p class='ocr_par' dir='ltr' id='par_1_37' title="bbox 400 2119 1978 2204">
     <span class='ocr_line' id='line_1_38' title="bbox 400 2119 1978 2204; baseline 0.012 -34"><span class='ocrx_word' id='word_1_250' title='bbox 400 2119 610 2189; x_wconf 81' lang='grc' dir='ltr'>χρόνων</span> <span class='ocrx_word' id='word_1_251' title='bbox 660 2120 772 2174; x_wconf 82' lang='grc' dir='ltr'><strong>τῶν</strong></span> <span class='ocrx_word' id='word_1_252' title='bbox 827 2123 1207 2192; x_wconf 77' lang='grc' dir='ltr'>προφητικῶν,</span> <span class='ocrx_word' id='word_1_253' title='bbox 1275 2126 1393 2181; x_wconf 81' lang='grc' dir='ltr'>ἀλλ’</span> <span class='ocrx_word' id='word_1_254' title='bbox 1436 2130 1531 2184; x_wconf 85' lang='grc' dir='ltr'><strong>ἀπ’</strong></span> <span class='ocrx_word' id='word_1_255' title='bbox 1587 2130 1758 2202; x_wconf 77' lang='grc' dir='ltr'>αὐτῆς</span> <span class='ocrx_word' id='word_1_256' title='bbox 1794 2135 1978 2204; x_wconf 70' lang='grc' dir='ltr'>σχεδὸν</span> 
     </span>
    </p>
   </div>
   <div class='ocr_carea' id='block_1_38' title="bbox 397 2207 1977 2298">
    <p class='ocr_par' dir='ltr' id='par_1_38' title="bbox 397 2207 1977 2298">
     <span class='ocr_line' id='line_1_39' title="bbox 397 2207 1977 2298; baseline -0.003 -17"><span class='ocrx_word' id='word_1_257' title='bbox 397 2213 498 2281; x_wconf 71' lang='grc' dir='ltr'><strong>τῆς</strong></span> <span class='ocrx_word' id='word_1_258' title='bbox 531 2215 904 2283; x_wconf 73' lang='grc' dir='ltr'>κοσμοποιίαςο</span> <span class='ocrx_word' id='word_1_259' title='bbox 929 2207 1129 2286; x_wconf 79' lang='grc' dir='ltr'>Ἀφ’οῦ</span> <span class='ocrx_word' id='word_1_260' title='bbox 1179 2220 1527 2291; x_wconf 82' lang='grc' dir='ltr'>παρέστησεν</span> <span class='ocrx_word' id='word_1_261' title='bbox 1554 2222 1628 2286; x_wconf 86' lang='grc' dir='ltr'><strong>ώς</strong></span> <span class='ocrx_word' id='word_1_262' title='bbox 1693 2224 1751 2290; x_wconf 79' lang='grc' dir='ltr'><strong>ἐξ</strong></span> <span class='ocrx_word' id='word_1_263' title='bbox 1800 2228 1977 2298; x_wconf 79' lang='grc' dir='ltr'>ἀρχῆς</span> 
     </span>
    </p>
   </div>
   <div class='ocr_carea' id='block_1_39' title="bbox 399 2304 1977 2389">
    <p class='ocr_par' dir='ltr' id='par_1_39' title="bbox 399 2304 1977 2389">
     <span class='ocr_line' id='line_1_40' title="bbox 399 2304 1977 2389; baseline 0.011 -34"><span class='ocrx_word' id='word_1_264' title='bbox 399 2304 737 2375; x_wconf 80' lang='grc' dir='ltr'>ἐκηρύσσετο</span> <span class='ocrx_word' id='word_1_265' title='bbox 804 2308 1113 2378; x_wconf 86' lang='grc' dir='ltr'>ἀνθρώποις</span> <span class='ocrx_word' id='word_1_266' title='bbox 1150 2314 1183 2382; x_wconf 86' lang='grc' dir='ltr'>ὴ</span> <span class='ocrx_word' id='word_1_267' title='bbox 1238 2314 1518 2384; x_wconf 84' lang='grc' dir='ltr'>σωτηρία,</span> <span class='ocrx_word' id='word_1_268' title='bbox 1559 2320 1888 2389; x_wconf 80' lang='grc' dir='ltr'>παρεωρᾶτο</span> <span class='ocrx_word' id='word_1_269' title='bbox 1920 2319 1977 2373; x_wconf 82' lang='grc' dir='ltr'>δὲ</span> 
     </span>
    </p>
   </div>
   <div class='ocr_carea' id='block_1_40' title="bbox 397 2397 1977 2480">
    <p class='ocr_par' dir='ltr' id='par_1_40' title="bbox 397 2397 1977 2480">
     <span class='ocr_line' id='line_1_41' title="bbox 397 2397 1977 2480; baseline 0.011 -33"><span class='ocrx_word' id='word_1_270' title='bbox 397 2399 464 2465; x_wconf 78' lang='grc' dir='ltr'><strong>τῇ</strong></span> <span class='ocrx_word' id='word_1_271' title='bbox 491 2397 624 2467; x_wconf 68' lang='grc' dir='ltr'>πρὸς</span> <span class='ocrx_word' id='word_1_272' title='bbox 650 2400 717 2451; x_wconf 73' lang='grc' dir='ltr'><strong>τά</strong></span> <span class='ocrx_word' id='word_1_273' title='bbox 754 2402 958 2468; x_wconf 85' lang='grc' dir='ltr'>μάταια</span> <span class='ocrx_word' id='word_1_274' title='bbox 1002 2403 1182 2457; x_wconf 72' lang='grc' dir='ltr'>αὐτῶν</span> <span class='ocrx_word' id='word_1_275' title='bbox 1210 2405 1520 2462; x_wconf 83' lang='grc' dir='ltr'>ἀποκλίσει.</span> <span class='ocrx_word' id='word_1_276' title='bbox 1560 2408 1977 2480; x_wconf 79' lang='grc' dir='ltr'>’Λναριθμήτων</span> 
     </span>
    </p>
   </div>
   <div class='ocr_carea' id='block_1_41' title="bbox 396 2486 1978 2569">
    <p class='ocr_par' dir='ltr' id='par_1_41' title="bbox 396 2486 1978 2569">
     <span class='ocr_line' id='line_1_42' title="bbox 396 2486 1978 2569; baseline 0.01 -32"><span class='ocrx_word' id='word_1_277' title='bbox 396 2486 505 2553; x_wconf 75' lang='grc' dir='ltr'><strong>γὰρ</strong></span> <span class='ocrx_word' id='word_1_278' title='bbox 540 2486 712 2539; x_wconf 73' lang='grc' dir='ltr'>ὄντων</span> <span class='ocrx_word' id='word_1_279' title='bbox 739 2487 1047 2558; x_wconf 83' lang='grc' dir='ltr'>ἀνθρώπων</span> <span class='ocrx_word' id='word_1_280' title='bbox 1078 2492 1197 2546; x_wconf 88' lang='grc' dir='ltr'>κατ’</span> <span class='ocrx_word' id='word_1_281' title='bbox 1225 2494 1402 2548; x_wconf 79' lang='grc' dir='ltr'>ἐκεῖνο</span> <span class='ocrx_word' id='word_1_282' title='bbox 1427 2496 1646 2567; x_wconf 83' lang='grc' dir='ltr'>καιροῦ,</span> <span class='ocrx_word' id='word_1_283' title='bbox 1682 2498 1834 2569; x_wconf 82' lang='grc' dir='ltr'>μόνοι</span> <span class='ocrx_word' id='word_1_284' title='bbox 1880 2499 1978 2553; x_wconf 75' lang='grc' dir='ltr'>ὀκε-</span> 
     </span>
    </p>
   </div>
   <div class='ocr_carea' id='block_1_42' title="bbox 400 2574 1973 2661">
    <p class='ocr_par' dir='ltr' id='par_1_42' title="bbox 400 2574 1973 2661">
     <span class='ocr_line' id='line_1_43' title="bbox 400 2574 1973 2661; baseline 0.011 -33"><span class='ocrx_word' id='word_1_285' title='bbox 400 2574 476 2627; x_wconf 83' lang='grc' dir='ltr'><strong>τὼ</strong></span> <span class='ocrx_word' id='word_1_286' title='bbox 497 2576 775 2647; x_wconf 82' lang='grc' dir='ltr'>ἅνθρωποι</span> <span class='ocrx_word' id='word_1_287' title='bbox 802 2580 1117 2646; x_wconf 82' lang='grc' dir='ltr'>πεισθέντες</span> <span class='ocrx_word' id='word_1_288' title='bbox 1141 2586 1255 2649; x_wconf 84' lang='grc' dir='ltr'>τοῖς</span> <span class='ocrx_word' id='word_1_289' title='bbox 1284 2588 1720 2658; x_wconf 80' lang='grc' dir='ltr'>κηρυσσομένοις</span> <span class='ocrx_word' id='word_1_290' title='bbox 1748 2588 1837 2644; x_wconf 82' lang='grc' dir='ltr'>διὰ</span> <span class='ocrx_word' id='word_1_291' title='bbox 1874 2590 1973 2661; x_wconf 85' lang='grc' dir='ltr'>τῆς</span> 
     </span>
    </p>
   </div>
   <div class='ocr_carea' id='block_1_43' title="bbox 400 2669 1971 2752">
    <p class='ocr_par' dir='ltr' id='par_1_43' title="bbox 400 2669 1971 2752">
     <span class='ocr_line' id='line_1_44' title="bbox 400 2669 1971 2752; baseline 0.01 -32"><span class='ocrx_word' id='word_1_292' title='bbox 400 2669 747 2741; x_wconf 82' lang='grc' dir='ltr'>κατασκευῆς</span> <span class='ocrx_word' id='word_1_293' title='bbox 778 2671 881 2736; x_wconf 81' lang='grc' dir='ltr'>τῆς</span> <span class='ocrx_word' id='word_1_294' title='bbox 933 2673 1169 2729; x_wconf 77' lang='grc' dir='ltr'>κιϐωτοῦ</span> <span class='ocrx_word' id='word_1_295' title='bbox 1222 2676 1526 2749; x_wconf 78' lang='grc' dir='ltr'>ἐσώθησαν.</span> <span class='ocrx_word' id='word_1_296' title='bbox 1564 2679 1783 2752; x_wconf 80' lang='grc' dir='ltr'>Ἐπειδὴ</span> <span class='ocrx_word' id='word_1_297' title='bbox 1827 2681 1884 2736; x_wconf 81' lang='grc' dir='ltr'><strong>δὲ</strong></span> <span class='ocrx_word' id='word_1_298' title='bbox 1912 2684 1971 2738; x_wconf 71' lang='grc' dir='ltr'>ιν</span> 
     </span>
    </p>
   </div>
   <div class='ocr_carea' id='block_1_44' title="bbox 397 2758 1975 2844">
    <p class='ocr_par' dir='ltr' id='par_1_44' title="bbox 397 2758 1975 2844">
     <span class='ocr_line' id='line_1_45' title="bbox 397 2758 1975 2844; baseline 0.011 -33"><span class='ocrx_word' id='word_1_299' title='bbox 397 2758 550 2813; x_wconf 80' lang='grc' dir='ltr'>ὕδατι</span> <span class='ocrx_word' id='word_1_300' title='bbox 575 2761 609 2829; x_wconf 81' lang='grc' dir='ltr'><strong>ἡ</strong></span> <span class='ocrx_word' id='word_1_301' title='bbox 628 2763 895 2833; x_wconf 82' lang='grc' dir='ltr'>σωτηρία,</span> <span class='ocrx_word' id='word_1_302' title='bbox 919 2765 1153 2832; x_wconf 80' lang='grc' dir='ltr'>εὐθέτως</span> <span class='ocrx_word' id='word_1_303' title='bbox 1178 2768 1337 2823; x_wconf 84' lang='grc' dir='ltr'>τοῦτο</span> <span class='ocrx_word' id='word_1_304' title='bbox 1367 2770 1460 2823; x_wconf 72' lang='grc' dir='ltr'><strong>ἐπὶ</strong></span> <span class='ocrx_word' id='word_1_305' title='bbox 1484 2770 1580 2825; x_wconf 88' lang='grc' dir='ltr'><strong>τοῦ</strong></span> <span class='ocrx_word' id='word_1_306' title='bbox 1601 2771 1758 2841; x_wconf 72' lang='grc' dir='ltr'>ἁγίου</span> <span class='ocrx_word' id='word_1_307' title='bbox 1785 2773 1975 2844; x_wconf 80' lang='grc' dir='ltr'>βαπτί-</span> 
     </span>
    </p>
   </div>
   <div class='ocr_carea' id='block_1_45' title="bbox 409 2853 1975 2933">
    <p class='ocr_par' dir='ltr' id='par_1_45' title="bbox 409 2853 1975 2933">
     <span class='ocr_line' id='line_1_46' title="bbox 409 2853 1975 2933; baseline 0.01 -29"><span class='ocrx_word' id='word_1_308' title='bbox 409 2868 617 2922; x_wconf 84' lang='grc' dir='ltr'>σματος</span> <span class='ocrx_word' id='word_1_309' title='bbox 648 2853 938 2926; x_wconf 81' lang='grc' dir='ltr'>λαμϐάνει,</span> <span class='ocrx_word' id='word_1_310' title='bbox 969 2858 1063 2911; x_wconf 86' lang='grc' dir='ltr'><strong>καί</strong></span> <span class='ocrx_word' id='word_1_311' title='bbox 1088 2875 1276 2929; x_wconf 85' lang='grc' dir='ltr'>φησιν,</span> <span class='ocrx_word' id='word_1_312' title='bbox 1306 2860 1390 2914; x_wconf 83' lang='grc' dir='ltr'>ὅτι</span> <span class='ocrx_word' id='word_1_313' title='bbox 1413 2860 1488 2915; x_wconf 85' lang='grc' dir='ltr'><strong>Τδ</strong></span> <span class='ocrx_word' id='word_1_314' title='bbox 1511 2861 1654 2933; x_wconf 82' lang='grc' dir='ltr'>ὕδωρ</span> <span class='ocrx_word' id='word_1_315' title='bbox 1685 2864 1863 2919; x_wconf 84' lang='grc' dir='ltr'>ὲκείνο</span> <span class='ocrx_word' id='word_1_316' title='bbox 1912 2867 1975 2920; x_wconf 77' lang='grc' dir='ltr'><strong>τὺ</strong></span> 
     </span>
    </p>
   </div>
   <div class='ocr_carea' id='block_1_46' title="bbox 399 2942 1971 3021">
    <p class='ocr_par' dir='ltr' id='par_1_46' title="bbox 399 2942 1971 3021">
     <span class='ocr_line' id='line_1_47' title="bbox 399 2942 1971 3021; baseline 0.01 -25"><span class='ocrx_word' id='word_1_317' title='bbox 399 2942 685 3015; x_wconf 75' lang='grc' dir='ltr'>βάπτισμα</span> <span class='ocrx_word' id='word_1_318' title='bbox 722 2947 855 3017; x_wconf 79' lang='grc' dir='ltr'>ἡμῖν</span> <span class='ocrx_word' id='word_1_319' title='bbox 884 2947 1241 3021; x_wconf 81' lang='grc' dir='ltr'>ὑπῃνίσσετο,</span> <span class='ocrx_word' id='word_1_320' title='bbox 1272 2952 1395 3005; x_wconf 71' lang='grc' dir='ltr'>ἐπεὶ</span> <span class='ocrx_word' id='word_1_321' title='bbox 1431 2953 1524 3007; x_wconf 74' lang='grc' dir='ltr'>καὶ</span> <span class='ocrx_word' id='word_1_322' title='bbox 1568 2952 1727 3008; x_wconf 82' lang='grc' dir='ltr'>τοῦτο</span> <span class='ocrx_word' id='word_1_323' title='bbox 1774 2957 1971 3011; x_wconf 79' lang='grc' dir='ltr'>ἐναπο-</span> 
     </span>
    </p>
   </div>
   <div class='ocr_carea' id='block_1_47' title="bbox 394 3032 1972 3111">
    <p class='ocr_par' dir='ltr' id='par_1_47' title="bbox 394 3032 1972 3111">
     <span class='ocr_line' id='line_1_48' title="bbox 394 3032 1972 3111; baseline 0.008 -25"><span class='ocrx_word' id='word_1_324' title='bbox 394 3032 577 3103; x_wconf 79' lang='grc' dir='ltr'>πνίγει</span> <span class='ocrx_word' id='word_1_325' title='bbox 611 3035 739 3099; x_wconf 73' lang='grc' dir='ltr'>τοὺς</span> <span class='ocrx_word' id='word_1_326' title='bbox 772 3037 1138 3102; x_wconf 80' lang='grc' dir='ltr'>ἀπειθοῦντας</span> <span class='ocrx_word' id='word_1_327' title='bbox 1161 3039 1445 3110; x_wconf 84' lang='grc' dir='ltr'>δαίμονας,</span> <span class='ocrx_word' id='word_1_328' title='bbox 1494 3042 1589 3096; x_wconf 75' lang='grc' dir='ltr'>καὶ</span> <span class='ocrx_word' id='word_1_329' title='bbox 1629 3042 1793 3108; x_wconf 76' lang='grc' dir='ltr'>σώζει</span> <span class='ocrx_word' id='word_1_330' title='bbox 1844 3045 1972 3111; x_wconf 79' lang='grc' dir='ltr'>τοὺς</span> 
     </span>
    </p>
   </div>
   <div class='ocr_carea' id='block_1_48' title="bbox 397 3125 1964 3208">
    <p class='ocr_par' dir='ltr' id='par_1_48' title="bbox 397 3125 1964 3208">
     <span class='ocr_line' id='line_1_49' title="bbox 397 3125 1964 3208; baseline 0.008 -31"><span class='ocrx_word' id='word_1_331' title='bbox 397 3125 605 3190; x_wconf 82' lang='grc' dir='ltr'>πιστῶς</span> <span class='ocrx_word' id='word_1_332' title='bbox 636 3127 964 3198; x_wconf 88' lang='grc' dir='ltr'>προσιόντας</span> <span class='ocrx_word' id='word_1_333' title='bbox 987 3131 1053 3200; x_wconf 77' lang='grc' dir='ltr'>τῇ</span> <span class='ocrx_word' id='word_1_334' title='bbox 1089 3129 1326 3200; x_wconf 77' lang='grc' dir='ltr'>κιϐωτῷ,</span> <span class='ocrx_word' id='word_1_335' title='bbox 1350 3132 1513 3202; x_wconf 75' lang='grc' dir='ltr'>ῆτουν</span> <span class='ocrx_word' id='word_1_336' title='bbox 1532 3135 1597 3203; x_wconf 82' lang='grc' dir='ltr'><strong>τῇ</strong></span> <span class='ocrx_word' id='word_1_337' title='bbox 1639 3133 1964 3208; x_wconf 68' lang='grc' dir='ltr'>Ἐκκλησίαν</span> 
     </span>
    </p>
   </div>
   <div class='ocr_carea' id='block_1_49' title="bbox 2081 1955 3646 2041">
    <p class='ocr_par' dir='ltr' id='par_1_49' title="bbox 2081 1955 3646 2041">
     <span class='ocr_line' id='line_1_50' title="bbox 2081 1955 3646 2041; baseline 0.01 -31"><span class='ocrx_word' id='word_1_338' title='bbox 2081 1955 2194 2010; x_wconf 87' lang='lat' dir='ltr'><strong>Cur</strong></span> <span class='ocrx_word' id='word_1_339' title='bbox 2222 1959 2385 2013; x_wconf 73' lang='lat' dir='ltr'><strong>vero?</strong></span> <span class='ocrx_word' id='word_1_340' title='bbox 2412 1959 2548 2025; x_wconf 84' lang='lat' dir='ltr'><strong>Quia</strong></span> <span class='ocrx_word' id='word_1_341' title='bbox 2602 1961 2977 2020; x_wconf 84' lang='lat' dir='ltr'><strong>sublimiorem</strong></span> <span class='ocrx_word' id='word_1_342' title='bbox 3009 1977 3063 2020; x_wconf 83' lang='lat' dir='ltr'><strong>et</strong></span> <span class='ocrx_word' id='word_1_343' title='bbox 3094 1968 3259 2023; x_wconf 89' lang='lat' dir='ltr'><strong>nimis</strong></span> <span class='ocrx_word' id='word_1_344' title='bbox 3307 1968 3646 2041; x_wconf 79' lang='lat' dir='ltr'><strong>philoSophi-</strong></span> 
     </span>
    </p>
   </div>
   <div class='ocr_carea' id='block_1_50' title="bbox 2080 2047 3643 2130">
    <p class='ocr_par' dir='ltr' id='par_1_50' title="bbox 2080 2047 3643 2130">
     <span class='ocr_line' id='line_1_51' title="bbox 2080 2047 3643 2130; baseline 0.008 -29"><span class='ocrx_word' id='word_1_345' title='bbox 2080 2062 2197 2101; x_wconf 82' lang='lat' dir='ltr'><strong>eam</strong></span> <span class='ocrx_word' id='word_1_346' title='bbox 2223 2047 2369 2102; x_wconf 87' lang='lat' dir='ltr'><strong>illam</strong></span> <span class='ocrx_word' id='word_1_347' title='bbox 2421 2050 2672 2121; x_wconf 79' lang='lat' dir='ltr'><strong>putabat,</strong></span> <span class='ocrx_word' id='word_1_348' title='bbox 2713 2069 2874 2122; x_wconf 87' lang='lat' dir='ltr'><strong>quam</strong></span> <span class='ocrx_word' id='word_1_349' title='bbox 2929 2063 2985 2110; x_wconf 90' lang='lat' dir='ltr'><strong>ut</strong></span> <span class='ocrx_word' id='word_1_350' title='bbox 3035 2054 3345 2112; x_wconf 67' lang='lat' dir='ltr'><strong>Juilworum</strong></span> <span class='ocrx_word' id='word_1_351' title='bbox 3403 2061 3643 2130; x_wconf 83' lang='lat' dir='ltr'><strong>ingenio,</strong></span> 
     </span>
    </p>
   </div>
   <div class='ocr_carea' id='block_1_51' title="bbox 2078 2137 3641 2223">
    <p class='ocr_par' dir='ltr' id='par_1_51' title="bbox 2078 2137 3641 2223">
     <span class='ocr_line' id='line_1_52' title="bbox 2078 2137 3641 2223; baseline 0.012 -33"><span class='ocrx_word' id='word_1_352' title='bbox 2078 2138 2221 2206; x_wconf 88' lang='lat' dir='ltr'><strong>quod</strong></span> <span class='ocrx_word' id='word_1_353' title='bbox 2259 2137 2410 2193; x_wconf 88' lang='lat' dir='ltr'><strong>humi</strong></span> <span class='ocrx_word' id='word_1_354' title='bbox 2446 2142 2688 2210; x_wconf 83' lang='lat' dir='ltr'><strong>repcbat,</strong></span> <span class='ocrx_word' id='word_1_355' title='bbox 2716 2148 3125 2202; x_wconf 87' lang='lat' dir='ltr'><strong>accouunodata</strong></span> <span class='ocrx_word' id='word_1_356' title='bbox 3164 2150 3323 2206; x_wconf 87' lang='lat' dir='ltr'><strong>foret.</strong></span> <span class='ocrx_word' id='word_1_357' title='bbox 3382 2154 3551 2223; x_wconf 79' lang='lat' dir='ltr'><strong>Igitur</strong></span> <span class='ocrx_word' id='word_1_358' title='bbox 3577 2172 3641 2211; x_wconf 76' lang='lat' dir='ltr'><strong>ex</strong></span> 
     </span>
    </p>
   </div>
   <div class='ocr_carea' id='block_1_52' title="bbox 2081 2223 3640 2312">
    <p class='ocr_par' dir='ltr' id='par_1_52' title="bbox 2081 2223 3640 2312">
     <span class='ocr_line' id='line_1_53' title="bbox 2081 2223 3640 2312; baseline 0.013 -36"><span class='ocrx_word' id='word_1_359' title='bbox 2081 2223 2369 2293; x_wconf 85' lang='lat' dir='ltr'><strong>Scriptura</strong></span> <span class='ocrx_word' id='word_1_360' title='bbox 2397 2227 2767 2286; x_wconf 79' lang='lat' dir='ltr'><strong>inﬁdelitatem</strong></span> <span class='ocrx_word' id='word_1_361' title='bbox 2800 2247 2919 2287; x_wconf 90' lang='lat' dir='ltr'><strong>eam</strong></span> <span class='ocrx_word' id='word_1_362' title='bbox 2947 2237 3167 2300; x_wconf 84' lang='lat' dir='ltr'><strong>astruit,</strong></span> <span class='ocrx_word' id='word_1_363' title='bbox 3209 2250 3262 2292; x_wconf 84' lang='lat' dir='ltr'><strong>et</strong></span> <span class='ocrx_word' id='word_1_364' title='bbox 3289 2257 3395 2294; x_wconf 91' lang='lat' dir='ltr'><strong>non</strong></span> <span class='ocrx_word' id='word_1_365' title='bbox 3421 2244 3640 2312; x_wconf 88' lang='lat' dir='ltr'><strong>quidem</strong></span> 
     </span>
    </p>
   </div>
   <div class='ocr_carea' id='block_1_53' title="bbox 2076 2316 3642 2399">
    <p class='ocr_par' dir='ltr' id='par_1_53' title="bbox 2076 2316 3642 2399">
     <span class='ocr_line' id='line_1_54' title="bbox 2076 2316 3642 2399; baseline 0.013 -32"><span class='ocrx_word' id='word_1_366' title='bbox 2076 2329 2107 2367; x_wconf 88' lang='lat' dir='ltr'><strong>a</strong></span> <span class='ocrx_word' id='word_1_367' title='bbox 2135 2316 2522 2389; x_wconf 71' lang='lat' dir='ltr'><strong>prophetarum</strong></span> <span class='ocrx_word' id='word_1_368' title='bbox 2549 2322 2906 2390; x_wconf 87' lang='lat' dir='ltr'><strong>temporibus.</strong></span> <span class='ocrx_word' id='word_1_369' title='bbox 2934 2326 3029 2380; x_wconf 92' lang='lat' dir='ltr'><strong>sed</strong></span> <span class='ocrx_word' id='word_1_370' title='bbox 3056 2327 3125 2383; x_wconf 92' lang='lat' dir='ltr'><strong>ab</strong></span> <span class='ocrx_word' id='word_1_371' title='bbox 3154 2329 3267 2398; x_wconf 89' lang='lat' dir='ltr'><strong>ipsa</strong></span> <span class='ocrx_word' id='word_1_372' title='bbox 3293 2346 3428 2399; x_wconf 89' lang='lat' dir='ltr'><strong>pene</strong></span> <span class='ocrx_word' id='word_1_373' title='bbox 3457 2336 3642 2389; x_wconf 89' lang='lat' dir='ltr'><strong>mundi</strong></span> 
     </span>
    </p>
   </div>
   <div class='ocr_carea' id='block_1_54' title="bbox 2079 2406 3646 2496">
    <p class='ocr_par' dir='ltr' id='par_1_54' title="bbox 2079 2406 3646 2496">
     <span class='ocr_line' id='line_1_55' title="bbox 2079 2406 3646 2496; baseline 0.015 -39"><span class='ocrx_word' id='word_1_374' title='bbox 2079 2406 2413 2463; x_wconf 87' lang='lat' dir='ltr'><strong>conditione.</strong></span> <span class='ocrx_word' id='word_1_375' title='bbox 2449 2408 2525 2463; x_wconf 77' lang='lat' dir='ltr'><strong>Ex</strong></span> <span class='ocrx_word' id='word_1_376' title='bbox 2558 2427 2666 2480; x_wconf 80' lang='lat' dir='ltr'><strong>quo</strong></span> <span class='ocrx_word' id='word_1_377' title='bbox 2698 2413 3061 2485; x_wconf 65' lang='lat' dir='ltr'><strong>demonsuat,</strong></span> <span class='ocrx_word' id='word_1_378' title='bbox 3097 2421 3277 2479; x_wconf 76' lang='lat' dir='ltr'><strong>etiam.</strong></span> <span class='ocrx_word' id='word_1_379' title='bbox 3313 2437 3344 2476; x_wconf 88' lang='lat' dir='ltr'><strong>a</strong></span> <span class='ocrx_word' id='word_1_380' title='bbox 3375 2425 3646 2496; x_wconf 87' lang='lat' dir='ltr'><strong>principio</strong></span> 
     </span>
    </p>
   </div>
   <div class='ocr_carea' id='block_1_55' title="bbox 2077 2498 3642 2581">
    <p class='ocr_par' dir='ltr' id='par_1_55' title="bbox 2077 2498 3642 2581">
     <span class='ocr_line' id='line_1_56' title="bbox 2077 2498 3642 2581; baseline 0.013 -32"><span class='ocrx_word' id='word_1_381' title='bbox 2077 2498 2456 2554; x_wconf 87' lang='lat' dir='ltr'><strong>annuntiatam</strong></span> <span class='ocrx_word' id='word_1_382' title='bbox 2543 2503 2714 2559; x_wconf 88' lang='lat' dir='ltr'><strong>fuisse</strong></span> <span class='ocrx_word' id='word_1_383' title='bbox 2800 2506 3115 2565; x_wconf 87' lang='lat' dir='ltr'><strong>hominibus</strong></span> <span class='ocrx_word' id='word_1_384' title='bbox 3174 2504 3406 2569; x_wconf 80' lang='lat' dir='ltr'><strong>s’alutem</strong></span> <span class='ocrx_word' id='word_1_385' title='bbox 3461 2556 3477 2581; x_wconf 92' lang='lat'><strong>,</strong></span> <span class='ocrx_word' id='word_1_386' title='bbox 3549 2519 3642 2573; x_wconf 82' lang='lat' dir='ltr'><strong>sed</strong></span> 
     </span>
    </p>
   </div>
   <div class='ocr_carea' id='block_1_56' title="bbox 2078 2587 3638 2662">
    <p class='ocr_par' dir='ltr' id='par_1_56' title="bbox 2078 2587 3638 2662">
     <span class='ocr_line' id='line_1_57' title="bbox 2078 2587 3638 2662; baseline 0.013 -21"><span class='ocrx_word' id='word_1_387' title='bbox 2078 2587 2358 2659; x_wconf 84' lang='lat' dir='ltr'><strong>despectui</strong></span> <span class='ocrx_word' id='word_1_388' title='bbox 2402 2591 2641 2647; x_wconf 86' lang='lat' dir='ltr'><strong>habitam</strong></span> <span class='ocrx_word' id='word_1_389' title='bbox 2666 2595 2737 2651; x_wconf 91' lang='lat' dir='ltr'><strong>ob</strong></span> <span class='ocrx_word' id='word_1_390' title='bbox 2768 2612 2957 2653; x_wconf 87' lang='lat' dir='ltr'><strong>eorum</strong></span> <span class='ocrx_word' id='word_1_391' title='bbox 2982 2599 3047 2655; x_wconf 82' lang='lat' dir='ltr'><strong>ad</strong></span> <span class='ocrx_word' id='word_1_392' title='bbox 3083 2615 3220 2656; x_wconf 80' lang='lat' dir='ltr'><strong>vana</strong></span> <span class='ocrx_word' id='word_1_393' title='bbox 3242 2604 3638 2662; x_wconf 85' lang='lat' dir='ltr'><strong>oblectamenta</strong></span> 
     </span>
    </p>
   </div>
   <div class='ocr_carea' id='block_1_57' title="bbox 2082 2677 3639 2765">
    <p class='ocr_par' dir='ltr' id='par_1_57' title="bbox 2082 2677 3639 2765">
     <span class='ocr_line' id='line_1_58' title="bbox 2082 2677 3639 2765; baseline 0.01 -35"><span class='ocrx_word' id='word_1_394' title='bbox 2082 2677 2513 2737; x_wconf 85' lang='lat' dir='ltr'><strong>inclinationem.</strong></span> <span class='ocrx_word' id='word_1_395' title='bbox 2576 2682 2712 2738; x_wconf 84' lang='lat' dir='ltr'><strong>Cum</strong></span> <span class='ocrx_word' id='word_1_396' title='bbox 2759 2686 2905 2742; x_wconf 85' lang='lat' dir='ltr'><strong>enim</strong></span> <span class='ocrx_word' id='word_1_397' title='bbox 2968 2688 3397 2748; x_wconf 83' lang='lat' dir='ltr'><strong>innumerabiles</strong></span> <span class='ocrx_word' id='word_1_398' title='bbox 3446 2710 3541 2765; x_wconf 87' lang='lat' dir='ltr'><strong>per</strong></span> <span class='ocrx_word' id='word_1_399' title='bbox 3590 2696 3639 2748; x_wconf 78' lang='lat' dir='ltr'><strong>id</strong></span> 
     </span>
    </p>
   </div>
   <div class='ocr_carea' id='block_1_58' title="bbox 2079 2770 3642 2855">
    <p class='ocr_par' dir='ltr' id='par_1_58' title="bbox 2079 2770 3642 2855">
     <span class='ocr_line' id='line_1_59' title="bbox 2079 2770 3642 2855; baseline 0.012 -34"><span class='ocrx_word' id='word_1_400' title='bbox 2079 2777 2292 2839; x_wconf 87' lang='lat' dir='ltr'><strong>tempus</strong></span> <span class='ocrx_word' id='word_1_401' title='bbox 2319 2770 2521 2838; x_wconf 82' lang='lat' dir='ltr'><strong>forent,</strong></span> <span class='ocrx_word' id='word_1_402' title='bbox 2554 2785 2678 2832; x_wconf 88' lang='lat' dir='ltr'><strong>octo</strong></span> <span class='ocrx_word' id='word_1_403' title='bbox 2726 2784 2906 2834; x_wconf 91' lang='lat' dir='ltr'><strong>tamen</strong></span> <span class='ocrx_word' id='word_1_404' title='bbox 2960 2780 3084 2845; x_wconf 72' lang='lat' dir='ltr'><strong>soli,</strong></span> <span class='ocrx_word' id='word_1_405' title='bbox 3128 2784 3221 2852; x_wconf 88' lang='lat' dir='ltr'><strong>qui</strong></span> <span class='ocrx_word' id='word_1_406' title='bbox 3271 2798 3466 2853; x_wconf 82' lang='lat' dir='ltr'><strong>neinpe</strong></span> <span class='ocrx_word' id='word_1_407' title='bbox 3504 2800 3642 2855; x_wconf 71' lang='lat' dir='ltr'><strong>pra:-</strong></span> 
     </span>
    </p>
   </div>
   <div class='ocr_carea' id='block_1_59' title="bbox 2075 2860 3618 2941">
    <p class='ocr_par' dir='ltr' id='par_1_59' title="bbox 2075 2860 3618 2941">
     <span class='ocr_line' id='line_1_60' title="bbox 2075 2860 3618 2941; baseline 0.006 -25"><span class='ocrx_word' id='word_1_408' title='bbox 2075 2860 2339 2918; x_wconf 87' lang='lat' dir='ltr'><strong>dicationi</strong></span> <span class='ocrx_word' id='word_1_409' title='bbox 2373 2865 2748 2931; x_wconf 83' lang='lat' dir='ltr'><strong>crediderunt,</strong></span> <span class='ocrx_word' id='word_1_410' title='bbox 2777 2868 2914 2925; x_wconf 83' lang='lat' dir='ltr'><strong>salvi</strong></span> <span class='ocrx_word' id='word_1_411' title='bbox 2948 2886 3044 2941; x_wconf 86' lang='lat' dir='ltr'><strong>per</strong></span> <span class='ocrx_word' id='word_1_412' title='bbox 3101 2887 3284 2926; x_wconf 79' lang='lat' dir='ltr'><strong>arcam</strong></span> <span class='ocrx_word' id='word_1_413' title='bbox 3322 2871 3448 2928; x_wconf 88' lang='lat' dir='ltr'><strong>facti</strong></span> <span class='ocrx_word' id='word_1_414' title='bbox 3489 2884 3618 2929; x_wconf 78' lang='lat' dir='ltr'><strong>sunt</strong></span> 
     </span>
    </p>
   </div>
   <div class='ocr_carea' id='block_1_60' title="bbox 2076 2952 3629 3035">
    <p class='ocr_par' dir='ltr' id='par_1_60' title="bbox 2076 2952 3629 3035">
     <span class='ocr_line' id='line_1_61' title="bbox 2076 2952 3629 3035; baseline 0.008 -30"><span class='ocrx_word' id='word_1_415' title='bbox 2076 2952 2343 3017; x_wconf 75' lang='lat' dir='ltr'><strong>Quoniam</strong></span> <span class='ocrx_word' id='word_1_416' title='bbox 2375 2970 2503 3011; x_wconf 82' lang='lat' dir='ltr'><strong>vero</strong></span> <span class='ocrx_word' id='word_1_417' title='bbox 2561 2956 2667 3013; x_wconf 81' lang='lat' dir='ltr'><strong>hoc</strong></span> <span class='ocrx_word' id='word_1_418' title='bbox 2722 2958 2775 3014; x_wconf 92' lang='lat' dir='ltr'><strong>iu</strong></span> <span class='ocrx_word' id='word_1_419' title='bbox 2808 2974 2949 3032; x_wconf 85' lang='lat' dir='ltr'><strong>aqua</strong></span> <span class='ocrx_word' id='word_1_420' title='bbox 2978 2963 3229 3033; x_wconf 77' lang='lat' dir='ltr'><strong>conligit,</strong></span> <span class='ocrx_word' id='word_1_421' title='bbox 3288 2964 3533 3035; x_wconf 86' lang='lat' dir='ltr'><strong>apposite</strong></span> <span class='ocrx_word' id='word_1_422' title='bbox 3563 2967 3629 3021; x_wconf 84' lang='lat' dir='ltr'><strong>ad</strong></span> 
     </span>
    </p>
   </div>
   <div class='ocr_carea' id='block_1_61' title="bbox 2076 3039 3635 3125">
    <p class='ocr_par' dir='ltr' id='par_1_61' title="bbox 2076 3039 3635 3125">
     <span class='ocr_line' id='line_1_62' title="bbox 2076 3039 3635 3125; baseline 0.008 -27"><span class='ocrx_word' id='word_1_423' title='bbox 2076 3044 2345 3113; x_wconf 82' lang='lat' dir='ltr'><strong>baptisma</strong></span> <span class='ocrx_word' id='word_1_424' title='bbox 2370 3046 2539 3102; x_wconf 81' lang='lat' dir='ltr'><strong>refert</strong></span> <span class='ocrx_word' id='word_1_425' title='bbox 2566 3050 2770 3121; x_wconf 85' lang='lat' dir='ltr'><strong>aitque,</strong></span> <span class='ocrx_word' id='word_1_426' title='bbox 2807 3051 2953 3108; x_wconf 83' lang='lat' dir='ltr'><strong>istud</strong></span> <span class='ocrx_word' id='word_1_427' title='bbox 2979 3039 3048 3109; x_wconf 77' lang='lat' dir='ltr'><strong>ab</strong></span> <span class='ocrx_word' id='word_1_428' title='bbox 3078 3055 3167 3108; x_wconf 85' lang='lat' dir='ltr'><strong>illa</strong></span> <span class='ocrx_word' id='word_1_429' title='bbox 3212 3069 3352 3125; x_wconf 89' lang='lat' dir='ltr'><strong>aqua</strong></span> <span class='ocrx_word' id='word_1_430' title='bbox 3398 3055 3635 3111; x_wconf 89' lang='lat' dir='ltr'><strong>subindi—</strong></span> 
     </span>
    </p>
   </div>
   <div class='ocr_carea' id='block_1_62' title="bbox 2075 3136 3641 3202">
    <p class='ocr_par' dir='ltr' id='par_1_62' title="bbox 2075 3136 3641 3202">
     <span class='ocr_line' id='line_1_63' title="bbox 2075 3136 3641 3202; baseline 0.006 -11"><span class='ocrx_word' id='word_1_431' title='bbox 2075 3144 2257 3191; x_wconf 88' lang='lat' dir='ltr'><strong>catum</strong></span> <span class='ocrx_word' id='word_1_432' title='bbox 2292 3136 2497 3195; x_wconf 87' lang='lat' dir='ltr'><strong>fuisse:</strong></span> <span class='ocrx_word' id='word_1_433' title='bbox 2524 3156 2648 3196; x_wconf 87' lang='lat' dir='ltr'><strong>nam</strong></span> <span class='ocrx_word' id='word_1_434' title='bbox 2695 3152 2749 3199; x_wconf 89' lang='lat' dir='ltr'><strong>et</strong></span> <span class='ocrx_word' id='word_1_435' title='bbox 2808 3144 2913 3200; x_wconf 86' lang='lat' dir='ltr'><strong>hoc</strong></span> <span class='ocrx_word' id='word_1_436' title='bbox 2958 3156 3310 3202; x_wconf 85' lang='lat' dir='ltr'><strong>contumaces</strong></span> <span class='ocrx_word' id='word_1_437' title='bbox 3365 3146 3641 3202; x_wconf 66' lang='lat' dir='ltr'><strong>daemones</strong></span> 
     </span>
    </p>
   </div>
   <div class='ocr_carea' id='block_1_63' title="bbox 394 3201 1969 3306">
    <p class='ocr_par' dir='ltr' id='par_1_63' title="bbox 394 3201 1969 3295">
     <span class='ocr_line' id='line_1_64' title="bbox 394 3201 1969 3295; baseline 0.004 -23"><span class='ocrx_word' id='word_1_438' title='bbox 394 3218 512 3289; x_wconf 76' lang='grc' dir='ltr'>ἅμα</span> <span class='ocrx_word' id='word_1_439' title='bbox 547 3219 605 3273; x_wconf 73' lang='grc' dir='ltr'>δι</span> <span class='ocrx_word' id='word_1_440' title='bbox 635 3221 731 3273; x_wconf 76' lang='grc' dir='ltr'>καὶ</span> <span class='ocrx_word' id='word_1_441' title='bbox 756 3220 863 3286; x_wconf 85' lang='grc' dir='ltr'>ὅτι,</span> <span class='ocrx_word' id='word_1_442' title='bbox 900 3219 1090 3291; x_wconf 78' lang='grc' dir='ltr'>ὥσπερ</span> <span class='ocrx_word' id='word_1_443' title='bbox 1115 3221 1177 3274; x_wconf 77' lang='grc' dir='ltr'><strong>τὸ</strong></span> <span class='ocrx_word' id='word_1_444' title='bbox 1222 3201 1380 3291; x_wconf 74' lang='grc' dir='ltr'>ὕδωρ</span> <span class='ocrx_word' id='word_1_445' title='bbox 1405 3201 1698 3289; x_wconf 76' lang='grc' dir='ltr'>ἀποκλύζει</span> <span class='ocrx_word' id='word_1_446' title='bbox 1752 3201 1843 3278; x_wconf 82' lang='grc' dir='ltr'>τὸν</span> <span class='ocrx_word' id='word_1_447' title='bbox 1873 3201 1969 3295; x_wconf 76' lang='grc' dir='ltr'><strong>ῥύ-</strong></span> 
     </span>
    </p>
   </div>
   <div class='ocr_carea' id='block_1_64' title="bbox 2073 3201 3637 3306">
    <p class='ocr_par' dir='ltr' id='par_1_64' title="bbox 2076 3226 3637 3306">
     <span class='ocr_line' id='line_1_65' title="bbox 2076 3226 3637 3306; baseline 0.008 -28"><span class='ocrx_word' id='word_1_448' title='bbox 2076 3226 2328 3294; x_wconf 88' lang='lat' dir='ltr'><strong>perimit;</strong></span> <span class='ocrx_word' id='word_1_449' title='bbox 2383 3230 2557 3283; x_wconf 84' lang='lat' dir='ltr'><strong>salvat</strong></span> <span class='ocrx_word' id='word_1_450' title='bbox 2612 3242 2791 3288; x_wconf 87' lang='lat' dir='ltr'><strong>autem</strong></span> <span class='ocrx_word' id='word_1_451' title='bbox 2851 3250 2981 3299; x_wconf 85' lang='lat' dir='ltr'><strong>eos,</strong></span> <span class='ocrx_word' id='word_1_452' title='bbox 3043 3237 3135 3306; x_wconf 88' lang='lat' dir='ltr'><strong>qui</strong></span> <span class='ocrx_word' id='word_1_453' title='bbox 3203 3253 3298 3306; x_wconf 88' lang='lat' dir='ltr'><strong>per</strong></span> <span class='ocrx_word' id='word_1_454' title='bbox 3358 3237 3515 3292; x_wconf 83' lang='lat' dir='ltr'><strong>fidem</strong></span> <span class='ocrx_word' id='word_1_455' title='bbox 3572 3240 3637 3291; x_wconf 88' lang='lat' dir='ltr'><strong>ad</strong></span> 
     </span>
    </p>
   </div>
   <div class='ocr_carea' id='block_1_65' title="bbox 393 3309 1967 3386">
    <p class='ocr_par' dir='ltr' id='par_1_65' title="bbox 393 3309 1967 3386">
     <span class='ocr_line' id='line_1_66' title="bbox 393 3309 1967 3386; baseline 0.004 -23"><span class='ocrx_word' id='word_1_456' title='bbox 393 3328 518 3375; x_wconf 89' lang='grc' dir='ltr'>πον,</span> <span class='ocrx_word' id='word_1_457' title='bbox 551 3309 695 3365; x_wconf 86' lang='grc' dir='ltr'>οῦτω</span> <span class='ocrx_word' id='word_1_458' title='bbox 719 3311 812 3364; x_wconf 80' lang='grc' dir='ltr'>καὶ</span> <span class='ocrx_word' id='word_1_459' title='bbox 847 3311 909 3363; x_wconf 82' lang='grc' dir='ltr'>τὸ</span> <span class='ocrx_word' id='word_1_460' title='bbox 931 3310 1214 3381; x_wconf 80' lang='grc' dir='ltr'>βάπτισμα</span> <span class='ocrx_word' id='word_1_461' title='bbox 1239 3327 1252 3342; x_wconf 86' lang='grc'><strong>·</strong></span> <span class='ocrx_word' id='word_1_462' title='bbox 1284 3310 1402 3365; x_wconf 81' lang='grc' dir='ltr'>ἀλλ’</span> <span class='ocrx_word' id='word_1_463' title='bbox 1428 3314 1488 3366; x_wconf 83' lang='grc' dir='ltr'><strong>οῦ</strong></span> <span class='ocrx_word' id='word_1_464' title='bbox 1540 3315 1741 3386; x_wconf 80' lang='grc' dir='ltr'>σαρκὸς</span> <span class='ocrx_word' id='word_1_465' title='bbox 1792 3315 1967 3386; x_wconf 79' lang='grc' dir='ltr'>ῥύπου</span> 
     </span>
    </p>
   </div>
   <div class='ocr_carea' id='block_1_66' title="bbox 396 3400 1968 3476">
    <p class='ocr_par' dir='ltr' id='par_1_66' title="bbox 396 3400 1968 3476">
     <span class='ocr_line' id='line_1_67' title="bbox 396 3400 1968 3476; baseline 0.002 -20"><span class='ocrx_word' id='word_1_466' title='bbox 396 3402 659 3457; x_wconf 78' lang='grc' dir='ltr'>ἀπόθεσιν</span> <span class='ocrx_word' id='word_1_467' title='bbox 686 3400 981 3473; x_wconf 75' lang='grc' dir='ltr'>ἐργάζεται</span> <span class='ocrx_word' id='word_1_468' title='bbox 1003 3400 1185 3466; x_wconf 87' lang='grc' dir='ltr'>τοῦτο,</span> <span class='ocrx_word' id='word_1_469' title='bbox 1227 3403 1569 3472; x_wconf 77' lang='grc' dir='ltr'>συμϐολικῶς</span> <span class='ocrx_word' id='word_1_470' title='bbox 1601 3405 1657 3457; x_wconf 78' lang='grc' dir='ltr'><strong>δὲ</strong></span> <span class='ocrx_word' id='word_1_471' title='bbox 1710 3404 1810 3475; x_wconf 72' lang='grc' dir='ltr'>τὴν</span> <span class='ocrx_word' id='word_1_472' title='bbox 1867 3408 1968 3476; x_wconf 81' lang='grc' dir='ltr'>τῆς</span> 
     </span>
    </p>
   </div>
   <div class='ocr_carea' id='block_1_67' title="bbox 392 3492 1968 3562">
    <p class='ocr_par' dir='ltr' id='par_1_67' title="bbox 392 3492 1968 3562">
     <span class='ocr_line' id='line_1_68' title="bbox 392 3492 1968 3562; baseline 0.003 -18"><span class='ocrx_word' id='word_1_473' title='bbox 392 3492 630 3562; x_wconf 76' lang='grc' dir='ltr'>ψυχικῆς</span> <span class='ocrx_word' id='word_1_474' title='bbox 659 3492 876 3561; x_wconf 84' lang='grc' dir='ltr'>κηλίδος</span> <span class='ocrx_word' id='word_1_475' title='bbox 899 3493 1222 3546; x_wconf 86' lang='grc' dir='ltr'>άπόκλυσιν.</span> <span class='ocrx_word' id='word_1_476' title='bbox 1253 3493 1409 3544; x_wconf 83' lang='grc' dir='ltr'>Ἔστι</span> <span class='ocrx_word' id='word_1_477' title='bbox 1438 3492 1496 3543; x_wconf 78' lang='grc' dir='ltr'><strong>δὲ</strong></span> <span class='ocrx_word' id='word_1_478' title='bbox 1549 3492 1646 3544; x_wconf 74' lang='grc' dir='ltr'>καὶ</span> <span class='ocrx_word' id='word_1_479' title='bbox 1671 3494 1833 3548; x_wconf 78' lang='grc' dir='ltr'>οἱονεί</span> <span class='ocrx_word' id='word_1_480' title='bbox 1882 3512 1968 3559; x_wconf 86' lang='grc' dir='ltr'><strong>τις</strong></span> 
     </span>
    </p>
   </div>
   <div class='ocr_carea' id='block_1_68' title="bbox 395 3580 1968 3655">
    <p class='ocr_par' dir='ltr' id='par_1_68' title="bbox 395 3580 1968 3655">
     <span class='ocr_line' id='line_1_69' title="bbox 395 3580 1968 3655; baseline 0.002 -18"><span class='ocrx_word' id='word_1_481' title='bbox 395 3582 658 3655; x_wconf 73' lang='grc' dir='ltr'>ἀρραϐών</span> <span class='ocrx_word' id='word_1_482' title='bbox 692 3583 785 3637; x_wconf 61' lang='grc' dir='ltr'><strong>καὶ⁵</strong></span> <span class='ocrx_word' id='word_1_483' title='bbox 808 3582 1077 3654; x_wconf 81' lang='grc' dir='ltr'>ὲνέχειρον</span> <span class='ocrx_word' id='word_1_484' title='bbox 1103 3583 1203 3654; x_wconf 75' lang='grc' dir='ltr'>τῆς</span> <span class='ocrx_word' id='word_1_485' title='bbox 1235 3584 1368 3654; x_wconf 64' lang='grc' dir='ltr'>πρὸς</span> <span class='ocrx_word' id='word_1_486' title='bbox 1392 3580 1525 3637; x_wconf 82' lang='grc' dir='ltr'>Θεὸν</span> <span class='ocrx_word' id='word_1_487' title='bbox 1552 3584 1762 3655; x_wconf 80' lang='grc' dir='ltr'>ἀγαθῆς</span> <span class='ocrx_word' id='word_1_488' title='bbox 1794 3603 1968 3641; x_wconf 88' lang='grc' dir='ltr'>συνει-</span> 
     </span>
    </p>
   </div>
   <div class='ocr_carea' id='block_1_69' title="bbox 395 3674 631 3744">
    <p class='ocr_par' dir='ltr' id='par_1_69' title="bbox 395 3674 631 3744">
     <span class='ocr_line' id='line_1_70' title="bbox 395 3674 631 3744; baseline 0 -16"><span class='ocrx_word' id='word_1_489' title='bbox 395 3674 631 3744; x_wconf 78' lang='grc' dir='ltr'>δήσεως.</span> 
     </span>
    </p>
   </div>
   <div class='ocr_carea' id='block_1_70' title="bbox 472 3762 1960 3840">
    <p class='ocr_par' dir='ltr' id='par_1_70' title="bbox 472 3762 1960 3840">
     <span class='ocr_line' id='line_1_71' title="bbox 472 3762 1960 3840; baseline 0.005 -23"><span class='ocrx_word' id='word_1_490' title='bbox 472 3783 491 3817; x_wconf 78' lang='grc' dir='ltr'><strong>ι</strong></span> <span class='ocrx_word' id='word_1_491' title='bbox 543 3766 608 3816; x_wconf 85' lang='grc' dir='ltr'>Ὀ</span> <span class='ocrx_word' id='word_1_492' title='bbox 638 3762 928 3818; x_wconf 80' lang='grc' dir='ltr'>ἀντίτυπον</span> <span class='ocrx_word' id='word_1_493' title='bbox 979 3763 1074 3818; x_wconf 90' lang='grc' dir='ltr'><strong>νῦν</strong></span> <span class='ocrx_word' id='word_1_494' title='bbox 1118 3763 1282 3830; x_wconf 81' lang='grc' dir='ltr'>σώζει</span> <span class='ocrx_word' id='word_1_495' title='bbox 1328 3766 1422 3819; x_wconf 80' lang='grc' dir='ltr'>καὶ</span> <span class='ocrx_word' id='word_1_496' title='bbox 1453 3767 1602 3837; x_wconf 69' lang='grc' dir='ltr'>ἡμᾶς</span> <span class='ocrx_word' id='word_1_497' title='bbox 1651 3766 1960 3840; x_wconf 80' lang='grc' dir='ltr'>βάπτισμα.</span> 
     </span>
    </p>
   </div>
   <div class='ocr_carea' id='block_1_71' title="bbox 395 3856 1966 3931">
    <p class='ocr_par' dir='ltr' id='par_1_71' title="bbox 395 3856 1966 3931">
     <span class='ocr_line' id='line_1_72' title="bbox 395 3856 1966 3931; baseline 0.003 -20"><span class='ocrx_word' id='word_1_498' title='bbox 395 3858 472 3911; x_wconf 72' lang='grc' dir='ltr'><strong>Οὐ</strong></span> <span class='ocrx_word' id='word_1_499' title='bbox 500 3858 610 3929; x_wconf 76' lang='grc' dir='ltr'><strong>γὰρ</strong></span> <span class='ocrx_word' id='word_1_500' title='bbox 646 3856 851 3928; x_wconf 75' lang='grc' dir='ltr'>σαρκὸς</span> <span class='ocrx_word' id='word_1_501' title='bbox 883 3856 1143 3920; x_wconf 76' lang='grc' dir='ltr'>ἀπόθεσις</span> <span class='ocrx_word' id='word_1_502' title='bbox 1187 3857 1385 3928; x_wconf 79' lang='grc' dir='ltr'>ῥύπου,</span> <span class='ocrx_word' id='word_1_503' title='bbox 1435 3858 1572 3913; x_wconf 76' lang='grc' dir='ltr'>ἀλλὰ</span> <span class='ocrx_word' id='word_1_504' title='bbox 1610 3862 1966 3931; x_wconf 85' lang='grc' dir='ltr'>συνειδήσεως</span> 
     </span>
    </p>
   </div>
   <div class='ocr_carea' id='block_1_72' title="bbox 394 3943 1965 4021">
    <p class='ocr_par' dir='ltr' id='par_1_72' title="bbox 394 3943 1965 4021">
     <span class='ocr_line' id='line_1_73' title="bbox 394 3943 1965 4021; baseline 0.006 -26"><span class='ocrx_word' id='word_1_505' title='bbox 394 3948 604 4018; x_wconf 73' lang='grc' dir='ltr'>ἀγαθῆς</span> <span class='ocrx_word' id='word_1_506' title='bbox 633 3943 969 4017; x_wconf 72' lang='grc' dir='ltr'>ἐπερώτημα</span> <span class='ocrx_word' id='word_1_507' title='bbox 1004 3945 1083 4006; x_wconf 87' lang='grc' dir='ltr'><strong>είς</strong></span> <span class='ocrx_word' id='word_1_508' title='bbox 1113 3944 1248 3999; x_wconf 80' lang='grc' dir='ltr'>Θεὸν</span> <span class='ocrx_word' id='word_1_509' title='bbox 1291 3945 1360 3999; x_wconf 86' lang='grc' dir='ltr'><strong>δι’</strong></span> <span class='ocrx_word' id='word_1_510' title='bbox 1394 3947 1747 4011; x_wconf 84' lang='grc' dir='ltr'>ἀναστάσεως</span> <span class='ocrx_word' id='word_1_511' title='bbox 1793 3950 1965 4021; x_wconf 78' lang='grc' dir='ltr'>Ἰησοῦ</span> 
     </span>
    </p>
   </div>
   <div class='ocr_carea' id='block_1_73' title="bbox 394 4038 1966 4114">
    <p class='ocr_par' dir='ltr' id='par_1_73' title="bbox 394 4038 1966 4114">
     <span class='ocr_line' id='line_1_74' title="bbox 394 4038 1966 4114; baseline 0.001 -19"><span class='ocrx_word' id='word_1_512' title='bbox 394 4039 656 4111; x_wconf 82' lang='grc' dir='ltr'>Χριστοῦ.</span> <span class='ocrx_word' id='word_1_513' title='bbox 693 4040 795 4102; x_wconf 76' lang='grc' dir='ltr'>’ος</span> <span class='ocrx_word' id='word_1_514' title='bbox 824 4040 973 4093; x_wconf 76' lang='grc' dir='ltr'>ἐστιν</span> <span class='ocrx_word' id='word_1_515' title='bbox 1002 4039 1060 4091; x_wconf 80' lang='grc' dir='ltr'>ὲν</span> <span class='ocrx_word' id='word_1_516' title='bbox 1089 4038 1242 4110; x_wconf 77' lang='grc' dir='ltr'>δεξιᾷ</span> <span class='ocrx_word' id='word_1_517' title='bbox 1275 4038 1368 4094; x_wconf 89' lang='grc' dir='ltr'><strong>τοῦ</strong></span> <span class='ocrx_word' id='word_1_518' title='bbox 1389 4039 1524 4093; x_wconf 82' lang='grc' dir='ltr'>Θεοῦ</span> <span class='ocrx_word' id='word_1_519' title='bbox 1559 4044 1842 4114; x_wconf 82' lang='grc' dir='ltr'>πορευθεὶς</span> <span class='ocrx_word' id='word_1_520' title='bbox 1887 4045 1966 4108; x_wconf 81' lang='grc' dir='ltr'><strong>είς</strong></span> 
     </span>
    </p>
   </div>
   <div class='ocr_carea' id='block_1_74' title="bbox 393 4129 1966 4205">
    <p class='ocr_par' dir='ltr' id='par_1_74' title="bbox 393 4129 1966 4205">
     <span class='ocr_line' id='line_1_75' title="bbox 393 4129 1966 4205; baseline 0.003 -21"><span class='ocrx_word' id='word_1_521' title='bbox 393 4130 645 4201; x_wconf 85' lang='grc' dir='ltr'>οὐρανόν.</span> <span class='ocrx_word' id='word_1_522' title='bbox 682 4148 700 4180; x_wconf 83' lang='grc'><strong>›</strong></span> <span class='ocrx_word' id='word_1_523' title='bbox 736 4129 810 4183; x_wconf 79' lang='grc' dir='ltr'><strong>Τὸ</strong></span> <span class='ocrx_word' id='word_1_524' title='bbox 839 4130 987 4197; x_wconf 79' lang='grc' dir='ltr'>ἑξῆς.</span> <span class='ocrx_word' id='word_1_525' title='bbox 1028 4129 1233 4194; x_wconf 77' lang='grc' dir='ltr'>οὕτως·</span> <span class='ocrx_word' id='word_1_526' title='bbox 1273 4132 1338 4184; x_wconf 88' lang='lat' dir='ltr'><strong>&quot;O</strong></span> <span class='ocrx_word' id='word_1_527' title='bbox 1371 4131 1665 4186; x_wconf 85' lang='grc' dir='ltr'>ἀντίτυπον</span> <span class='ocrx_word' id='word_1_528' title='bbox 1693 4134 1787 4188; x_wconf 71' lang='grc' dir='ltr'><strong>καὶ</strong></span> <span class='ocrx_word' id='word_1_529' title='bbox 1819 4137 1966 4205; x_wconf 73' lang='grc' dir='ltr'>ἡμᾶς</span> 
     </span>
    </p>
   </div>
   <div class='ocr_carea' id='block_1_75' title="bbox 396 4221 1962 4295">
    <p class='ocr_par' dir='ltr' id='par_1_75' title="bbox 396 4221 1962 4295">
     <span class='ocr_line' id='line_1_76' title="bbox 396 4221 1962 4295; baseline 0.003 -19"><span class='ocrx_word' id='word_1_530' title='bbox 396 4223 559 4287; x_wconf 80' lang='grc' dir='ltr'>σώζει</span> <span class='ocrx_word' id='word_1_531' title='bbox 589 4221 871 4292; x_wconf 84' lang='grc' dir='ltr'>βάπτισμα</span> <span class='ocrx_word' id='word_1_532' title='bbox 920 4221 1036 4287; x_wconf 91' lang='grc' dir='ltr'>νῦν,</span> <span class='ocrx_word' id='word_1_533' title='bbox 1067 4222 1129 4275; x_wconf 81' lang='grc' dir='ltr'>οὐ</span> <span class='ocrx_word' id='word_1_534' title='bbox 1161 4221 1361 4293; x_wconf 76' lang='grc' dir='ltr'>σαρκὸς</span> <span class='ocrx_word' id='word_1_535' title='bbox 1397 4221 1571 4293; x_wconf 75' lang='grc' dir='ltr'>ῥύπου</span> <span class='ocrx_word' id='word_1_536' title='bbox 1599 4223 1660 4278; x_wconf 80' lang='grc' dir='ltr'>ὃν</span> <span class='ocrx_word' id='word_1_537' title='bbox 1685 4225 1962 4295; x_wconf 83' lang='grc' dir='ltr'>ἀπόθεσις,</span> 
     </span>
    </p>
   </div>
   <div class='ocr_carea' id='block_1_76' title="bbox 393 4313 1960 4389">
    <p class='ocr_par' dir='ltr' id='par_1_76' title="bbox 393 4313 1960 4389">
     <span class='ocr_line' id='line_1_77' title="bbox 393 4313 1960 4389; baseline 0.003 -21"><span class='ocrx_word' id='word_1_538' title='bbox 393 4313 532 4369; x_wconf 83' lang='grc' dir='ltr'><strong>ἀλλά</strong></span> <span class='ocrx_word' id='word_1_539' title='bbox 560 4313 919 4384; x_wconf 82' lang='grc' dir='ltr'>συνειδήσεως</span> <span class='ocrx_word' id='word_1_540' title='bbox 951 4314 1160 4385; x_wconf 82' lang='grc' dir='ltr'>ἀγαθῆς</span> <span class='ocrx_word' id='word_1_541' title='bbox 1185 4313 1288 4385; x_wconf 84' lang='grc' dir='ltr'>τῆς</span> <span class='ocrx_word' id='word_1_542' title='bbox 1321 4314 1401 4375; x_wconf 77' lang='grc' dir='ltr'>εἰς</span> <span class='ocrx_word' id='word_1_543' title='bbox 1441 4315 1575 4368; x_wconf 75' lang='grc' dir='ltr'>Θεὸν</span> <span class='ocrx_word' id='word_1_544' title='bbox 1603 4316 1960 4389; x_wconf 71' lang='grc' dir='ltr'>ἐπερώτημα,</span> 
     </span>
    </p>
   </div>
   <div class='ocr_carea' id='block_1_77' title="bbox 392 4404 1963 4479">
    <p class='ocr_par' dir='ltr' id='par_1_77' title="bbox 392 4404 1963 4479">
     <span class='ocr_line' id='line_1_78' title="bbox 392 4404 1963 4479; baseline 0.003 -21"><span class='ocrx_word' id='word_1_545' title='bbox 392 4407 513 4476; x_wconf 69' lang='grc' dir='ltr'>ἦτοι</span> <span class='ocrx_word' id='word_1_546' title='bbox 553 4404 809 4475; x_wconf 76' lang='grc' dir='ltr'>ὲξήτησις</span> <span class='ocrx_word' id='word_1_547' title='bbox 853 4404 919 4477; x_wconf 81' lang='grc' dir='ltr'><strong>[Ῑ.</strong></span> <span class='ocrx_word' id='word_1_548' title='bbox 951 4404 1165 4470; x_wconf 75' lang='grc' dir='ltr'>ὲξέτασ.</span> <span class='ocrx_word' id='word_1_549' title='bbox 1194 4406 1273 4460; x_wconf 78' lang='lat' dir='ltr'><strong>vel</strong></span> <span class='ocrx_word' id='word_1_550' title='bbox 1316 4404 1558 4478; x_wconf 73' lang='grc' dir='ltr'>ἔκζήτ.].</span> <span class='ocrx_word' id='word_1_551' title='bbox 1590 4409 1653 4461; x_wconf 83' lang='lat' dir='ltr'><strong>0i</strong></span> <span class='ocrx_word' id='word_1_552' title='bbox 1694 4408 1805 4479; x_wconf 73' lang='grc' dir='ltr'>γὰρ</span> <span class='ocrx_word' id='word_1_553' title='bbox 1835 4427 1963 4463; x_wconf 82' lang='grc' dir='ltr'>συν-</span> 
     </span>
    </p>
   </div>
   <div class='ocr_carea' id='block_1_78' title="bbox 2071 3314 3639 3397">
    <p class='ocr_par' dir='ltr' id='par_1_78' title="bbox 2071 3314 3639 3397">
     <span class='ocr_line' id='line_1_79' title="bbox 2071 3314 3639 3397; baseline 0.01 -31"><span class='ocrx_word' id='word_1_554' title='bbox 2071 3327 2279 3378; x_wconf 84' lang='lat' dir='ltr'><strong>aream,</strong></span> <span class='ocrx_word' id='word_1_555' title='bbox 2306 3314 2410 3371; x_wconf 86' lang='lat' dir='ltr'><strong>hoc</strong></span> <span class='ocrx_word' id='word_1_556' title='bbox 2435 3326 2540 3383; x_wconf 78' lang='lat' dir='ltr'><strong>est,</strong></span> <span class='ocrx_word' id='word_1_557' title='bbox 2571 3320 2638 3372; x_wconf 88' lang='lat' dir='ltr'><strong>ad</strong></span> <span class='ocrx_word' id='word_1_558' title='bbox 2669 3319 2966 3377; x_wconf 81' lang='lat' dir='ltr'><strong>Ecclesium</strong></span> <span class='ocrx_word' id='word_1_559' title='bbox 2989 3325 3256 3380; x_wconf 89' lang='lat' dir='ltr'><strong>accedunt</strong></span> <span class='ocrx_word' id='word_1_560' title='bbox 3280 3342 3294 3379; x_wconf 91' lang='lat'><strong>:</strong></span> <span class='ocrx_word' id='word_1_561' title='bbox 3333 3341 3395 3380; x_wconf 92' lang='lat' dir='ltr'><strong>ac</strong></span> <span class='ocrx_word' id='word_1_562' title='bbox 3414 3338 3639 3397; x_wconf 63' lang='lat' dir='ltr'><strong>printer-</strong></span> 
     </span>
    </p>
   </div>
   <div class='ocr_carea' id='block_1_79' title="bbox 2070 3406 3638 3483">
    <p class='ocr_par' dir='ltr' id='par_1_79' title="bbox 2070 3406 3638 3483">
     <span class='ocr_line' id='line_1_80' title="bbox 2070 3406 3638 3483; baseline 0.008 -25"><span class='ocrx_word' id='word_1_563' title='bbox 2070 3418 2186 3467; x_wconf 86' lang='lat' dir='ltr'><strong>ea-,</strong></span> <span class='ocrx_word' id='word_1_564' title='bbox 2248 3406 2710 3475; x_wconf 83' lang='lat' dir='ltr'><strong>quemadmodum</strong></span> <span class='ocrx_word' id='word_1_565' title='bbox 2766 3426 2907 3483; x_wconf 87' lang='lat' dir='ltr'><strong>aqua</strong></span> <span class='ocrx_word' id='word_1_566' title='bbox 2972 3415 3162 3473; x_wconf 88' lang='lat' dir='ltr'><strong>sordes</strong></span> <span class='ocrx_word' id='word_1_567' title='bbox 3221 3417 3416 3482; x_wconf 84' lang='lat' dir='ltr'><strong>abluit,</strong></span> <span class='ocrx_word' id='word_1_568' title='bbox 3460 3418 3533 3472; x_wconf 86' lang='lat' dir='ltr'><strong>ita</strong></span> <span class='ocrx_word' id='word_1_569' title='bbox 3583 3432 3638 3473; x_wconf 85' lang='lat' dir='ltr'><strong>et.</strong></span> 
     </span>
    </p>
   </div>
   <div class='ocr_carea' id='block_1_80' title="bbox 2073 3493 3636 3579">
    <p class='ocr_par' dir='ltr' id='par_1_80' title="bbox 2073 3493 3636 3579">
     <span class='ocr_line' id='line_1_81' title="bbox 2073 3493 3636 3579; baseline 0.012 -32"><span class='ocrx_word' id='word_1_570' title='bbox 2073 3493 2367 3560; x_wconf 68' lang='lat' dir='ltr'><strong>baptisma.</strong></span> <span class='ocrx_word' id='word_1_571' title='bbox 2398 3495 2553 3561; x_wconf 83' lang='lat' dir='ltr'><strong>Quod</strong></span> <span class='ocrx_word' id='word_1_572' title='bbox 2579 3508 2762 3554; x_wconf 89' lang='lat' dir='ltr'><strong>tamen</strong></span> <span class='ocrx_word' id='word_1_573' title='bbox 2799 3519 2905 3558; x_wconf 87' lang='lat' dir='ltr'><strong>non</strong></span> <span class='ocrx_word' id='word_1_574' title='bbox 2937 3525 2954 3556; x_wconf 76' lang='grc' dir='ltr'><strong>ι</strong></span> <span class='ocrx_word' id='word_1_575' title='bbox 2984 3508 3166 3562; x_wconf 86' lang='lat' dir='ltr'><strong>carnis</strong></span> <span class='ocrx_word' id='word_1_576' title='bbox 3193 3508 3434 3563; x_wconf 89' lang='lat' dir='ltr'><strong>sordium</strong></span> <span class='ocrx_word' id='word_1_577' title='bbox 3467 3509 3636 3579; x_wconf 85' lang='lat' dir='ltr'><strong>depo-</strong></span> 
     </span>
    </p>
   </div>
   <div class='ocr_carea' id='block_1_81' title="bbox 2070 3582 3624 3665">
    <p class='ocr_par' dir='ltr' id='par_1_81' title="bbox 2070 3582 3624 3665">
     <span class='ocr_line' id='line_1_82' title="bbox 2070 3582 3624 3665; baseline 0.012 -30"><span class='ocrx_word' id='word_1_578' title='bbox 2070 3582 2322 3663; x_wconf 86' lang='lat' dir='ltr'><strong>sitiouem</strong></span> <span class='ocrx_word' id='word_1_579' title='bbox 2364 3604 2383 3635; x_wconf 78' lang='grc' dir='ltr'><strong>ι</strong></span> <span class='ocrx_word' id='word_1_580' title='bbox 2428 3587 2588 3642; x_wconf 86' lang='lat' dir='ltr'><strong>ellicit</strong></span> <span class='ocrx_word' id='word_1_581' title='bbox 2612 3588 2805 3659; x_wconf 78' lang='lat'><strong>373,</strong></span> <span class='ocrx_word' id='word_1_582' title='bbox 2833 3596 2924 3647; x_wconf 86' lang='lat' dir='ltr'><strong>sed</strong></span> <span class='ocrx_word' id='word_1_583' title='bbox 2954 3598 3253 3665; x_wconf 86' lang='lat' dir='ltr'><strong>symbolice</strong></span> <span class='ocrx_word' id='word_1_584' title='bbox 3282 3599 3624 3656; x_wconf 85' lang='lat' dir='ltr'><strong>demonstrat</strong></span> 
     </span>
    </p>
   </div>
   <div class='ocr_carea' id='block_1_82' title="bbox 2073 3660 3027 3747">
    <p class='ocr_par' dir='ltr' id='par_1_82' title="bbox 2073 3660 3027 3747">
     <span class='ocr_line' id='line_1_83' title="bbox 2073 3660 3027 3747; baseline 0.013 -20"><span class='ocrx_word' id='word_1_585' title='bbox 2073 3660 2410 3747; x_wconf 83' lang='lat' dir='ltr'><strong>macularum</strong></span> <span class='ocrx_word' id='word_1_586' title='bbox 2447 3677 2640 3733; x_wconf 66' lang='lat' dir='ltr'><strong>animae</strong></span> <span class='ocrx_word' id='word_1_587' title='bbox 2669 3680 3027 3740; x_wconf 85' lang='lat' dir='ltr'><strong>ablutionem.</strong></span> 
     </span>
    </p>
   </div>
   <div class='ocr_carea' id='block_1_83' title="bbox 2141 3764 3639 3838">
    <p class='ocr_par' dir='ltr' id='par_1_83' title="bbox 2141 3764 3639 3838">
     <span class='ocr_line' id='line_1_84' title="bbox 2141 3764 3639 3838; baseline 0.013 -19"><span class='ocrx_word' id='word_1_588' title='bbox 2141 3764 2308 3821; x_wconf 72' lang='lat' dir='ltr'><strong>Vens.</strong></span> <span class='ocrx_word' id='word_1_589' title='bbox 2337 3766 2431 3830; x_wconf 74' lang='lat'><strong>2|,</strong></span> <span class='ocrx_word' id='word_1_590' title='bbox 2452 3768 2542 3823; x_wconf 62' lang='grc' dir='ltr'><strong>ΞΩ.</strong></span> <span class='ocrx_word' id='word_1_591' title='bbox 2579 3788 2597 3821; x_wconf 73' lang='grc' dir='ltr'><strong>ι</strong></span> <span class='ocrx_word' id='word_1_592' title='bbox 2634 3770 2789 3836; x_wconf 88' lang='lat' dir='ltr'><strong>Quod</strong></span> <span class='ocrx_word' id='word_1_593' title='bbox 2822 3780 2876 3827; x_wconf 85' lang='lat' dir='ltr'><strong>et</strong></span> <span class='ocrx_word' id='word_1_594' title='bbox 2902 3790 2997 3829; x_wconf 82' lang='lat' dir='ltr'><strong>vos</strong></span> <span class='ocrx_word' id='word_1_595' title='bbox 3028 3776 3225 3832; x_wconf 85' lang='lat' dir='ltr'><strong>similis</strong></span> <span class='ocrx_word' id='word_1_596' title='bbox 3248 3778 3435 3835; x_wconf 84' lang='lat' dir='ltr'><strong>formae</strong></span> <span class='ocrx_word' id='word_1_597' title='bbox 3457 3782 3639 3838; x_wconf 78' lang='lat' dir='ltr'><strong>salvos</strong></span> 
     </span>
    </p>
   </div>
   <div class='ocr_carea' id='block_1_84' title="bbox 2070 3852 3635 3936">
    <p class='ocr_par' dir='ltr' id='par_1_84' title="bbox 2070 3852 3635 3936">
     <span class='ocr_line' id='line_1_85' title="bbox 2070 3852 3635 3936; baseline 0.012 -28"><span class='ocrx_word' id='word_1_598' title='bbox 2070 3852 2200 3909; x_wconf 86' lang='lat' dir='ltr'><strong>facit</strong></span> <span class='ocrx_word' id='word_1_599' title='bbox 2231 3856 2539 3926; x_wconf 85' lang='lat' dir='ltr'><strong>baptisma;</strong></span> <span class='ocrx_word' id='word_1_600' title='bbox 2606 3875 2714 3915; x_wconf 92' lang='lat' dir='ltr'><strong>nou</strong></span> <span class='ocrx_word' id='word_1_601' title='bbox 2777 3863 2961 3918; x_wconf 85' lang='lat' dir='ltr'><strong>carnis</strong></span> <span class='ocrx_word' id='word_1_602' title='bbox 3019 3863 3289 3933; x_wconf 87' lang='lat' dir='ltr'><strong>depositio</strong></span> <span class='ocrx_word' id='word_1_603' title='bbox 3352 3870 3635 3936; x_wconf 89' lang='lat' dir='ltr'><strong>sordium,</strong></span> 
     </span>
    </p>
   </div>
   <div class='ocr_carea' id='block_1_85' title="bbox 2069 3947 3635 4043">
    <p class='ocr_par' dir='ltr' id='par_1_85' title="bbox 2069 3947 3635 4043">
     <span class='ocr_line' id='line_1_86' title="bbox 2069 3947 3635 4043; baseline 0.006 -41"><span class='ocrx_word' id='word_1_604' title='bbox 2069 3947 2163 4002; x_wconf 86' lang='lat' dir='ltr'><strong>sed</strong></span> <span class='ocrx_word' id='word_1_605' title='bbox 2189 3948 2544 4006; x_wconf 73' lang='lat' dir='ltr'><strong>conscientia:</strong></span> <span class='ocrx_word' id='word_1_606' title='bbox 2592 3951 2751 4006; x_wconf 66' lang='lat' dir='ltr'><strong>bona:</strong></span> <span class='ocrx_word' id='word_1_607' title='bbox 2777 3951 3137 4043; x_wconf 61' lang='lat' dir='ltr'><strong>interrogatio</strong></span> <span class='ocrx_word' id='word_1_608' title='bbox 3190 3957 3244 4010; x_wconf 93' lang='lat' dir='ltr'><strong>in</strong></span> <span class='ocrx_word' id='word_1_609' title='bbox 3312 3957 3478 4013; x_wconf 78' lang='lat' dir='ltr'><strong>Deum</strong></span> <span class='ocrx_word' id='word_1_610' title='bbox 3539 3976 3635 4030; x_wconf 87' lang='lat' dir='ltr'><strong>per</strong></span> 
     </span>
    </p>
   </div>
   <div class='ocr_carea' id='block_1_86' title="bbox 2069 4040 3629 4115">
    <p class='ocr_par' dir='ltr' id='par_1_86' title="bbox 2069 4040 3629 4115">
     <span class='ocr_line' id='line_1_87' title="bbox 2069 4040 3629 4115; baseline 0.01 -23"><span class='ocrx_word' id='word_1_611' title='bbox 2069 4040 2530 4097; x_wconf 81' lang='lat' dir='ltr'><strong>resurrectionem</strong></span> <span class='ocrx_word' id='word_1_612' title='bbox 2589 4042 2717 4099; x_wconf 62' lang='lat' dir='ltr'><strong>Iesu</strong></span> <span class='ocrx_word' id='word_1_613' title='bbox 2748 4044 2974 4102; x_wconf 80' lang='lat' dir='ltr'><strong>Christi.</strong></span> <span class='ocrx_word' id='word_1_614' title='bbox 3010 4040 3119 4115; x_wconf 86' lang='lat' dir='ltr'><strong>Qui</strong></span> <span class='ocrx_word' id='word_1_615' title='bbox 3164 4058 3248 4105; x_wconf 87' lang='lat' dir='ltr'><strong>est</strong></span> <span class='ocrx_word' id='word_1_616' title='bbox 3302 4052 3353 4105; x_wconf 89' lang='lat' dir='ltr'><strong>in</strong></span> <span class='ocrx_word' id='word_1_617' title='bbox 3407 4051 3629 4107; x_wconf 69' lang='lat' dir='ltr'><strong>dextera</strong></span> 
     </span>
    </p>
   </div>
   <div class='ocr_carea' id='block_1_87' title="bbox 2069 4129 3631 4200">
    <p class='ocr_par' dir='ltr' id='par_1_87' title="bbox 2069 4129 3631 4200">
     <span class='ocr_line' id='line_1_88' title="bbox 2069 4129 3631 4200; baseline 0.01 -17"><span class='ocrx_word' id='word_1_618' title='bbox 2069 4129 2163 4185; x_wconf 88' lang='lat' dir='ltr'><strong>Dei</strong></span> <span class='ocrx_word' id='word_1_619' title='bbox 2204 4130 2481 4200; x_wconf 83' lang='lat' dir='ltr'><strong>profectus</strong></span> <span class='ocrx_word' id='word_1_620' title='bbox 2503 4134 2555 4189; x_wconf 92' lang='lat' dir='ltr'><strong>iu</strong></span> <span class='ocrx_word' id='word_1_621' title='bbox 2588 4136 2809 4192; x_wconf 65' lang='lat' dir='ltr'><strong>caelum.</strong></span> <span class='ocrx_word' id='word_1_622' title='bbox 2850 4156 2867 4190; x_wconf 76' lang='grc' dir='ltr'><strong>ι</strong></span> <span class='ocrx_word' id='word_1_623' title='bbox 2902 4138 3107 4195; x_wconf 82' lang='lat' dir='ltr'><strong>Textus</strong></span> <span class='ocrx_word' id='word_1_624' title='bbox 3132 4140 3235 4197; x_wconf 91' lang='lat' dir='ltr'><strong>iste</strong></span> <span class='ocrx_word' id='word_1_625' title='bbox 3259 4142 3331 4197; x_wconf 86' lang='lat' dir='ltr'><strong>ita</strong></span> <span class='ocrx_word' id='word_1_626' title='bbox 3360 4157 3417 4198; x_wconf 74' lang='lat' dir='ltr'><strong>Se</strong></span> <span class='ocrx_word' id='word_1_627' title='bbox 3448 4144 3631 4199; x_wconf 81' lang='lat' dir='ltr'><strong>habet:</strong></span> 
     </span>
    </p>
   </div>
   <div class='ocr_carea' id='block_1_88' title="bbox 2070 4223 3630 4299">
    <p class='ocr_par' dir='ltr' id='par_1_88' title="bbox 2070 4223 3630 4299">
     <span class='ocr_line' id='line_1_89' title="bbox 2070 4223 3630 4299; baseline 0.006 -22"><span class='ocrx_word' id='word_1_628' title='bbox 2070 4223 2346 4295; x_wconf 83' lang='lat' dir='ltr'><strong>Baptisma</strong></span> <span class='ocrx_word' id='word_1_629' title='bbox 2382 4227 2655 4283; x_wconf 86' lang='lat' dir='ltr'><strong>consimili</strong></span> <span class='ocrx_word' id='word_1_630' title='bbox 2691 4227 2866 4284; x_wconf 90' lang='lat' dir='ltr'><strong>forma</strong></span> <span class='ocrx_word' id='word_1_631' title='bbox 2929 4247 3076 4288; x_wconf 90' lang='lat' dir='ltr'><strong>nunc</strong></span> <span class='ocrx_word' id='word_1_632' title='bbox 3107 4248 3204 4288; x_wconf 79' lang='lat' dir='ltr'><strong>vos</strong></span> <span class='ocrx_word' id='word_1_633' title='bbox 3261 4234 3445 4290; x_wconf 82' lang='lat' dir='ltr'><strong>salvos</strong></span> <span class='ocrx_word' id='word_1_634' title='bbox 3480 4234 3630 4299; x_wconf 86' lang='lat' dir='ltr'><strong>facit,</strong></span> 
     </span>
    </p>
   </div>
   <div class='ocr_carea' id='block_1_89' title="bbox 2066 4317 3631 4391">
    <p class='ocr_par' dir='ltr' id='par_1_89' title="bbox 2066 4317 3631 4391">
     <span class='ocr_line' id='line_1_90' title="bbox 2066 4317 3631 4391; baseline 0.006 -19"><span class='ocrx_word' id='word_1_635' title='bbox 2066 4317 2212 4386; x_wconf 72' lang='lat' dir='ltr'><strong>quod</strong></span> <span class='ocrx_word' id='word_1_636' title='bbox 2245 4326 2332 4373; x_wconf 89' lang='lat' dir='ltr'><strong>est</strong></span> <span class='ocrx_word' id='word_1_637' title='bbox 2370 4335 2478 4374; x_wconf 91' lang='lat' dir='ltr'><strong>non</strong></span> <span class='ocrx_word' id='word_1_638' title='bbox 2510 4319 2778 4377; x_wconf 82' lang='lat' dir='ltr'><strong>detractio</strong></span> <span class='ocrx_word' id='word_1_639' title='bbox 2800 4323 3046 4379; x_wconf 88' lang='lat' dir='ltr'><strong>sordium</strong></span> <span class='ocrx_word' id='word_1_640' title='bbox 3100 4325 3308 4391; x_wconf 87' lang='lat' dir='ltr'><strong>carnis,</strong></span> <span class='ocrx_word' id='word_1_641' title='bbox 3376 4327 3469 4382; x_wconf 88' lang='lat' dir='ltr'><strong>sed</strong></span> <span class='ocrx_word' id='word_1_642' title='bbox 3498 4342 3631 4381; x_wconf 88' lang='lat' dir='ltr'><strong>con-</strong></span> 
     </span>
    </p>
   </div>
   <div class='ocr_carea' id='block_1_90' title="bbox 2067 4409 3629 4487">
    <p class='ocr_par' dir='ltr' id='par_1_90' title="bbox 2067 4409 3629 4487">
     <span class='ocr_line' id='line_1_91' title="bbox 2067 4409 3629 4487; baseline 0.006 -26"><span class='ocrx_word' id='word_1_643' title='bbox 2067 4409 2310 4464; x_wconf 63' lang='lat' dir='ltr'><strong>scientiae</strong></span> <span class='ocrx_word' id='word_1_644' title='bbox 2348 4409 2505 4465; x_wconf 69' lang='lat' dir='ltr'><strong>bona:</strong></span> <span class='ocrx_word' id='word_1_645' title='bbox 2557 4412 2936 4483; x_wconf 82' lang='lat' dir='ltr'><strong>interrogatio,</strong></span> <span class='ocrx_word' id='word_1_646' title='bbox 2995 4429 3088 4469; x_wconf 91' lang='lat' dir='ltr'><strong>seu</strong></span> <span class='ocrx_word' id='word_1_647' title='bbox 3143 4417 3451 4486; x_wconf 73' lang='lat' dir='ltr'><strong>exploratio</strong></span> <span class='ocrx_word' id='word_1_648' title='bbox 3501 4431 3629 4487; x_wconf 79' lang='lat' dir='ltr'><strong>erga</strong></span> 
     </span>
    </p>
   </div>
   <div class='ocr_carea' id='block_1_91' title="bbox 394 4496 1969 4588">
    <p class='ocr_par' dir='ltr' id='par_1_91' title="bbox 394 4496 1963 4572">
     <span class='ocr_line' id='line_1_92' title="bbox 394 4496 1963 4572; baseline 0.004 -22"><span class='ocrx_word' id='word_1_649' title='bbox 394 4497 596 4559; x_wconf 86' lang='grc' dir='ltr'>ειδότες</span> <span class='ocrx_word' id='word_1_650' title='bbox 641 4497 855 4560; x_wconf 70' lang='grc' dir='ltr'>ἑαυτοῖς</span> <span class='ocrx_word' id='word_1_651' title='bbox 895 4496 1095 4565; x_wconf 80' lang='grc' dir='ltr'>ἀγαθὰ,</span> <span class='ocrx_word' id='word_1_652' title='bbox 1124 4496 1272 4551; x_wconf 84' lang='grc' dir='ltr'>τοῦτ’</span> <span class='ocrx_word' id='word_1_653' title='bbox 1302 4498 1452 4553; x_wconf 75' lang='grc' dir='ltr'>ἐστιν</span> <span class='ocrx_word' id='word_1_654' title='bbox 1485 4500 1538 4553; x_wconf 84' lang='grc' dir='ltr'><strong>οἰ</strong></span> <span class='ocrx_word' id='word_1_655' title='bbox 1564 4499 1685 4571; x_wconf 82' lang='grc' dir='ltr'>βίου</span> <span class='ocrx_word' id='word_1_656' title='bbox 1729 4500 1963 4572; x_wconf 83' lang='grc' dir='ltr'>ἀμώμου</span> 
     </span>
    </p>
   </div>
   <div class='ocr_carea' id='block_1_92' title="bbox 2073 4496 3632 4588">
    <p class='ocr_par' dir='ltr' id='par_1_92' title="bbox 2073 4500 3632 4579">
     <span class='ocr_line' id='line_1_93' title="bbox 2073 4500 3632 4579; baseline 0.006 -25"><span class='ocrx_word' id='word_1_657' title='bbox 2073 4500 2263 4558; x_wconf 88' lang='lat' dir='ltr'><strong>Deum.</strong></span> <span class='ocrx_word' id='word_1_658' title='bbox 2306 4503 2408 4569; x_wconf 87' lang='lat' dir='ltr'><strong>Qui</strong></span> <span class='ocrx_word' id='word_1_659' title='bbox 2435 4503 2582 4559; x_wconf 90' lang='lat' dir='ltr'><strong>enim</strong></span> <span class='ocrx_word' id='word_1_660' title='bbox 2616 4505 2769 4560; x_wconf 79' lang='lat' dir='ltr'><strong>bene</strong></span> <span class='ocrx_word' id='word_1_661' title='bbox 2809 4505 2912 4560; x_wconf 91' lang='lat' dir='ltr'><strong>sibi</strong></span> <span class='ocrx_word' id='word_1_662' title='bbox 2944 4507 3150 4562; x_wconf 85' lang='lat' dir='ltr'><strong>conscii</strong></span> <span class='ocrx_word' id='word_1_663' title='bbox 3209 4516 3362 4572; x_wconf 88' lang='lat' dir='ltr'><strong>sunt,</strong></span> <span class='ocrx_word' id='word_1_664' title='bbox 3414 4524 3507 4563; x_wconf 86' lang='lat' dir='ltr'><strong>seu</strong></span> <span class='ocrx_word' id='word_1_665' title='bbox 3539 4512 3632 4579; x_wconf 88' lang='lat' dir='ltr'><strong>qui</strong></span> 
     </span>
    </p>
   </div>
   <div class='ocr_carea' id='block_1_93' title="bbox 393 4583 1958 4664">
    <p class='ocr_par' dir='ltr' id='par_1_93' title="bbox 393 4583 1958 4664">
     <span class='ocr_line' id='line_1_94' title="bbox 393 4583 1958 4664; baseline -0.005 -19"><span class='ocrx_word' id='word_1_666' title='bbox 393 4589 764 4659; x_wconf 80' lang='grc' dir='ltr'>ἀντεχόμενοι,</span> <span class='ocrx_word' id='word_1_667' title='bbox 793 4583 939 4642; x_wconf 65' lang='grc' dir='ltr'>οὗτοι</span> <span class='ocrx_word' id='word_1_668' title='bbox 979 4588 1074 4642; x_wconf 71' lang='grc' dir='ltr'>καὶ</span> <span class='ocrx_word' id='word_1_669' title='bbox 1104 4588 1185 4661; x_wconf 82' lang='grc' dir='ltr'>τῷ</span> <span class='ocrx_word' id='word_1_670' title='bbox 1230 4589 1368 4660; x_wconf 82' lang='grc' dir='ltr'>ἁγίῳ</span> <span class='ocrx_word' id='word_1_671' title='bbox 1416 4589 1750 4661; x_wconf 81' lang='grc' dir='ltr'>βαπτίσματι</span> <span class='ocrx_word' id='word_1_672' title='bbox 1789 4610 1958 4664; x_wconf 77' lang='grc' dir='ltr'>προσ.</span> 
     </span>
    </p>
   </div>
   <div class='ocr_carea' id='block_1_94' title="bbox 391 4678 1957 4756">
    <p class='ocr_par' dir='ltr' id='par_1_94' title="bbox 391 4678 1957 4756">
     <span class='ocr_line' id='line_1_95' title="bbox 391 4678 1957 4756; baseline 0.003 -21"><span class='ocrx_word' id='word_1_673' title='bbox 391 4683 668 4752; x_wconf 80' lang='grc' dir='ltr'>τρέχουσι.</span> <span class='ocrx_word' id='word_1_674' title='bbox 701 4681 809 4734; x_wconf 75' lang='grc' dir='ltr'><strong>Καὶ</strong></span> <span class='ocrx_word' id='word_1_675' title='bbox 830 4679 905 4745; x_wconf 75' lang='grc' dir='ltr'><strong>τί,</strong></span> <span class='ocrx_word' id='word_1_676' title='bbox 933 4680 1089 4750; x_wconf 65' lang='grc' dir='ltr'>φησι,</span> <span class='ocrx_word' id='word_1_677' title='bbox 1115 4678 1276 4734; x_wconf 82' lang='grc' dir='ltr'>τοῦτο</span> <span class='ocrx_word' id='word_1_678' title='bbox 1302 4682 1530 4752; x_wconf 79' lang='grc' dir='ltr'>παρέχει</span> <span class='ocrx_word' id='word_1_679' title='bbox 1553 4683 1614 4737; x_wconf 83' lang='grc' dir='ltr'>τὸ</span> <span class='ocrx_word' id='word_1_680' title='bbox 1636 4684 1957 4756; x_wconf 79' lang='grc' dir='ltr'>βάπτισμας</span> 
     </span>
    </p>
   </div>
   <div class='ocr_carea' id='block_1_95' title="bbox 401 4768 1959 4848">
    <p class='ocr_par' dir='ltr' id='par_1_95' title="bbox 401 4768 1959 4848">
     <span class='ocr_line' id='line_1_96' title="bbox 401 4768 1959 4848; baseline 0.005 -24"><span class='ocrx_word' id='word_1_681' title='bbox 401 4772 468 4824; x_wconf 83' lang='grc' dir='ltr'><em>Ἥ</em></span> <span class='ocrx_word' id='word_1_682' title='bbox 506 4772 803 4833; x_wconf 82' lang='grc' dir='ltr'>ἀνάστασις</span> <span class='ocrx_word' id='word_1_683' title='bbox 850 4768 945 4823; x_wconf 87' lang='grc' dir='ltr'><strong>τοῦ</strong></span> <span class='ocrx_word' id='word_1_684' title='bbox 994 4770 1253 4840; x_wconf 84' lang='grc' dir='ltr'>Χριστοῦ.</span> <span class='ocrx_word' id='word_1_685' title='bbox 1281 4772 1395 4841; x_wconf 78' lang='grc' dir='ltr'><strong>Πρὸ</strong></span> <span class='ocrx_word' id='word_1_686' title='bbox 1427 4773 1525 4843; x_wconf 76' lang='grc' dir='ltr'>μὲν</span> <span class='ocrx_word' id='word_1_687' title='bbox 1558 4776 1665 4846; x_wconf 80' lang='grc' dir='ltr'>γὰρ</span> <span class='ocrx_word' id='word_1_688' title='bbox 1703 4777 1804 4848; x_wconf 83' lang='grc' dir='ltr'>τῆς</span> <span class='ocrx_word' id='word_1_689' title='bbox 1829 4779 1959 4832; x_wconf 85' lang='grc' dir='ltr'>ἀνα-</span> 
     </span>
    </p>
   </div>
   <div class='ocr_carea' id='block_1_96' title="bbox 393 4860 1959 4935">
    <p class='ocr_par' dir='ltr' id='par_1_96' title="bbox 393 4860 1959 4935">
     <span class='ocr_line' id='line_1_97' title="bbox 393 4860 1959 4935; baseline 0.005 -18"><span class='ocrx_word' id='word_1_690' title='bbox 393 4863 637 4925; x_wconf 85' lang='grc' dir='ltr'>στάσεως</span> <span class='ocrx_word' id='word_1_691' title='bbox 664 4860 831 4916; x_wconf 81' lang='grc' dir='ltr'>αὐτοῦ</span> <span class='ocrx_word' id='word_1_692' title='bbox 861 4861 954 4915; x_wconf 79' lang='grc' dir='ltr'>καὶ</span> <span class='ocrx_word' id='word_1_693' title='bbox 983 4860 1078 4915; x_wconf 87' lang='grc' dir='ltr'><strong>τοῦ</strong></span> <span class='ocrx_word' id='word_1_694' title='bbox 1102 4861 1307 4925; x_wconf 85' lang='grc' dir='ltr'>πάθους</span> <span class='ocrx_word' id='word_1_695' title='bbox 1325 4863 1682 4934; x_wconf 84' lang='grc' dir='ltr'>ἀποφαίνεται</span> <span class='ocrx_word' id='word_1_696' title='bbox 1712 4869 1792 4935; x_wconf 80' lang='grc' dir='ltr'>τὸ,</span> <span class='ocrx_word' id='word_1_697' title='bbox 1819 4886 1838 4921; x_wconf 79' lang='grc' dir='ltr'><strong>ι</strong></span> <span class='ocrx_word' id='word_1_698' title='bbox 1858 4872 1959 4925; x_wconf 78' lang='grc' dir='ltr'><strong>’Ἂν</strong></span> 
     </span>
    </p>
   </div>
   <div class='ocr_carea' id='block_1_97' title="bbox 394 4949 1964 5025">
    <p class='ocr_par' dir='ltr' id='par_1_97' title="bbox 394 4949 1964 5025">
     <span class='ocr_line' id='line_1_98' title="bbox 394 4949 1964 5025; baseline 0.006 -20"><span class='ocrx_word' id='word_1_699' title='bbox 394 4954 470 5023; x_wconf 82' lang='grc' dir='ltr'>μή</span> <span class='ocrx_word' id='word_1_700' title='bbox 494 4970 578 5016; x_wconf 89' lang='grc' dir='ltr'><strong>τις</strong></span> <span class='ocrx_word' id='word_1_701' title='bbox 606 4951 838 5024; x_wconf 74' lang='grc' dir='ltr'>γεννηθῇ</span> <span class='ocrx_word' id='word_1_702' title='bbox 865 4951 923 5019; x_wconf 79' lang='grc' dir='ltr'>ἐξ</span> <span class='ocrx_word' id='word_1_703' title='bbox 952 4949 1140 5015; x_wconf 75' lang='grc' dir='ltr'>ὓδατος</span> <span class='ocrx_word' id='word_1_704' title='bbox 1165 4952 1261 5004; x_wconf 80' lang='grc' dir='ltr'><strong>καὶ</strong></span> <span class='ocrx_word' id='word_1_705' title='bbox 1281 4951 1616 5024; x_wconf 87' lang='grc' dir='ltr'>Πνεύματος.</span> <span class='ocrx_word' id='word_1_706' title='bbox 1638 4975 1658 5008; x_wconf 71' lang='grc' dir='ltr'><strong>ι</strong></span> <span class='ocrx_word' id='word_1_707' title='bbox 1701 4958 1964 5025; x_wconf 71' lang='grc' dir='ltr'>’Δναστάς</span> 
     </span>
    </p>
   </div>
   <div class='ocr_carea' id='block_1_98' title="bbox 391 5040 1959 5124">
    <p class='ocr_par' dir='ltr' id='par_1_98' title="bbox 391 5040 1959 5124">
     <span class='ocr_line' id='line_1_99' title="bbox 391 5040 1959 5124; baseline 0.008 -30"><span class='ocrx_word' id='word_1_708' title='bbox 391 5041 483 5105; x_wconf 77' lang='grc' dir='ltr'>δὲ,</span> <span class='ocrx_word' id='word_1_709' title='bbox 529 5061 548 5093; x_wconf 79' lang='grc' dir='ltr'><strong>ι</strong></span> <span class='ocrx_word' id='word_1_710' title='bbox 584 5040 676 5095; x_wconf 71' lang='grc' dir='ltr'><strong>ἰδ’</strong></span> <span class='ocrx_word' id='word_1_711' title='bbox 704 5041 989 5112; x_wconf 77' lang='grc' dir='ltr'>βαπτίζειν</span> <span class='ocrx_word' id='word_1_712' title='bbox 1028 5041 1209 5096; x_wconf 84' lang='grc' dir='ltr'>πάντα</span> <span class='ocrx_word' id='word_1_713' title='bbox 1245 5059 1265 5095; x_wconf 75' lang='grc' dir='ltr'><strong>ι</strong></span> <span class='ocrx_word' id='word_1_714' title='bbox 1306 5042 1376 5096; x_wconf 82' lang='grc' dir='ltr'><strong>τά</strong></span> <span class='ocrx_word' id='word_1_715' title='bbox 1422 5045 1719 5115; x_wconf 87' lang='grc' dir='ltr'>προσιόντα</span> <span class='ocrx_word' id='word_1_716' title='bbox 1753 5066 1773 5100; x_wconf 79' lang='grc' dir='ltr'><strong>ι</strong></span> <span class='ocrx_word' id='word_1_717' title='bbox 1831 5050 1959 5124; x_wconf 81' lang='grc' dir='ltr'>ἔθνη</span> 
     </span>
    </p>
   </div>
   <div class='ocr_carea' id='block_1_99' title="bbox 391 5131 1960 5211">
    <p class='ocr_par' dir='ltr' id='par_1_99' title="bbox 391 5131 1960 5211">
     <span class='ocr_line' id='line_1_100' title="bbox 391 5131 1960 5211; baseline 0.008 -26"><span class='ocrx_word' id='word_1_718' title='bbox 391 5134 473 5196; x_wconf 87' lang='grc' dir='ltr'><strong>εἰς</strong></span> <span class='ocrx_word' id='word_1_719' title='bbox 508 5132 571 5186; x_wconf 73' lang='grc' dir='ltr'><strong>τὸ</strong></span> <span class='ocrx_word' id='word_1_720' title='bbox 593 5132 763 5204; x_wconf 79' lang='grc' dir='ltr'>ὄνομα</span> <span class='ocrx_word' id='word_1_721' title='bbox 782 5132 877 5187; x_wconf 88' lang='grc' dir='ltr'><strong>τοῦ</strong></span> <span class='ocrx_word' id='word_1_722' title='bbox 916 5131 1126 5206; x_wconf 79' lang='grc' dir='ltr'>Πατρδς</span> <span class='ocrx_word' id='word_1_723' title='bbox 1156 5134 1250 5187; x_wconf 77' lang='grc' dir='ltr'>καὶ</span> <span class='ocrx_word' id='word_1_724' title='bbox 1276 5132 1373 5188; x_wconf 84' lang='grc' dir='ltr'><strong>τοῦ</strong></span> <span class='ocrx_word' id='word_1_725' title='bbox 1398 5135 1528 5189; x_wconf 84' lang='grc' dir='ltr'>Υίοῦ</span> <span class='ocrx_word' id='word_1_726' title='bbox 1563 5139 1658 5191; x_wconf 82' lang='grc' dir='ltr'>καὶ</span> <span class='ocrx_word' id='word_1_727' title='bbox 1675 5141 1771 5194; x_wconf 87' lang='grc' dir='ltr'><strong>τοῦ</strong></span> <span class='ocrx_word' id='word_1_728' title='bbox 1801 5142 1960 5211; x_wconf 81' lang='grc' dir='ltr'>ἁγίου</span> 
     </span>
    </p>
   </div>
   <div class='ocr_carea' id='block_1_100' title="bbox 392 5225 1957 5301">
    <p class='ocr_par' dir='ltr' id='par_1_100' title="bbox 392 5225 1957 5301">
     <span class='ocr_line' id='line_1_101' title="bbox 392 5225 1957 5301; baseline 0.008 -24"><span class='ocrx_word' id='word_1_729' title='bbox 392 5225 730 5299; x_wconf 82' lang='grc' dir='ltr'>Πνεύματος.</span> <span class='ocrx_word' id='word_1_730' title='bbox 759 5246 777 5279; x_wconf 75' lang='grc' dir='ltr'><strong>ι</strong></span> <span class='ocrx_word' id='word_1_731' title='bbox 798 5257 866 5267; x_wconf 91' lang='grc'><strong><em>-</em></strong></span> <span class='ocrx_word' id='word_1_732' title='bbox 891 5232 910 5279; x_wconf 71' lang='grc' dir='ltr'><strong>ι</strong></span> <span class='ocrx_word' id='word_1_733' title='bbox 947 5226 1360 5296; x_wconf 79' lang='grc' dir='ltr'>’Υποταγέντων</span> <span class='ocrx_word' id='word_1_734' title='bbox 1399 5229 1547 5301; x_wconf 79' lang='grc' dir='ltr'>αὐτῷ</span> <span class='ocrx_word' id='word_1_735' title='bbox 1568 5231 1816 5300; x_wconf 77' lang='grc' dir='ltr'>ἀγγέλων</span> <span class='ocrx_word' id='word_1_736' title='bbox 1854 5239 1957 5291; x_wconf 75' lang='grc' dir='ltr'>καὶ</span> 
     </span>
    </p>
   </div>
   <div class='ocr_carea' id='block_1_101' title="bbox 461 5362 1664 5432">
    <p class='ocr_par' dir='ltr' id='par_1_101' title="bbox 461 5362 1664 5432">
     <span class='ocr_line' id='line_1_102' title="bbox 461 5362 1664 5432; baseline 0.003 -14"><span class='ocrx_word' id='word_1_737' title='bbox 461 5365 508 5397; x_wconf 78' lang='grc'><strong>⁵⁷</strong></span> <span class='ocrx_word' id='word_1_738' title='bbox 530 5362 692 5419; x_wconf 78' lang='lat' dir='ltr'><strong>Joan.</strong></span> <span class='ocrx_word' id='word_1_739' title='bbox 743 5379 936 5429; x_wconf 73' lang='lat' dir='ltr'><strong>xxxiii,</strong></span> <span class='ocrx_word' id='word_1_740' title='bbox 967 5366 1021 5421; x_wconf 84' lang='lat'><strong>&#39;5.</strong></span> <span class='ocrx_word' id='word_1_741' title='bbox 1098 5364 1144 5398; x_wconf 79' lang='grc'><strong>⁸⁸</strong></span> <span class='ocrx_word' id='word_1_742' title='bbox 1167 5364 1362 5421; x_wconf 79' lang='lat' dir='ltr'><strong>Matth.</strong></span> <span class='ocrx_word' id='word_1_743' title='bbox 1390 5381 1542 5432; x_wconf 73' lang='grc' dir='ltr'>κνιη,</span> <span class='ocrx_word' id='word_1_744' title='bbox 1577 5368 1664 5423; x_wconf 79' lang='lat' dir='ltr'><strong>l9.</strong></span> 
     </span>
    </p>
   </div>
   <div class='ocr_carea' id='block_1_102' title="bbox 2066 4595 3633 4666">
    <p class='ocr_par' dir='ltr' id='par_1_102' title="bbox 2066 4595 3633 4666">
     <span class='ocr_line' id='line_1_103' title="bbox 2066 4595 3633 4666; baseline 0.005 -19"><span class='ocrx_word' id='word_1_745' title='bbox 2066 4595 2236 4647; x_wconf 87' lang='lat' dir='ltr'><strong>vitam</strong></span> <span class='ocrx_word' id='word_1_746' title='bbox 2278 4595 2511 4653; x_wconf 87' lang='lat' dir='ltr'><strong>crimine</strong></span> <span class='ocrx_word' id='word_1_747' title='bbox 2545 4603 2823 4666; x_wconf 81' lang='lat' dir='ltr'><strong>expertem</strong></span> <span class='ocrx_word' id='word_1_748' title='bbox 2861 4595 3092 4661; x_wconf 88' lang='lat' dir='ltr'><strong>ducunt,</strong></span> <span class='ocrx_word' id='word_1_749' title='bbox 3125 4598 3161 4652; x_wconf 89' lang='lat' dir='ltr'><strong>ii</strong></span> <span class='ocrx_word' id='word_1_750' title='bbox 3191 4600 3354 4653; x_wconf 89' lang='lat' dir='ltr'><strong>ctiam</strong></span> <span class='ocrx_word' id='word_1_751' title='bbox 3380 4599 3447 4653; x_wconf 89' lang='lat' dir='ltr'><strong>ad</strong></span> <span class='ocrx_word' id='word_1_752' title='bbox 3475 4616 3633 4656; x_wconf 88' lang='lat' dir='ltr'><strong>sanc-</strong></span> 
     </span>
    </p>
   </div>
   <div class='ocr_carea' id='block_1_103' title="bbox 2066 4687 3632 4760">
    <p class='ocr_par' dir='ltr' id='par_1_103' title="bbox 2066 4687 3632 4760">
     <span class='ocr_line' id='line_1_104' title="bbox 2066 4687 3632 4760; baseline 0.003 -19"><span class='ocrx_word' id='word_1_753' title='bbox 2066 4696 2177 4741; x_wconf 88' lang='lat' dir='ltr'><strong>tqu</strong></span> <span class='ocrx_word' id='word_1_754' title='bbox 2208 4687 2473 4757; x_wconf 87' lang='lat' dir='ltr'><strong>baptisma</strong></span> <span class='ocrx_word' id='word_1_755' title='bbox 2500 4697 2817 4743; x_wconf 87' lang='lat' dir='ltr'><strong>accurrunt.</strong></span> <span class='ocrx_word' id='word_1_756' title='bbox 2852 4690 2918 4743; x_wconf 83' lang='lat' dir='ltr'><strong>At</strong></span> <span class='ocrx_word' id='word_1_757' title='bbox 2970 4691 3099 4760; x_wconf 86' lang='lat' dir='ltr'><strong>quid</strong></span> <span class='ocrx_word' id='word_1_758' title='bbox 3130 4708 3276 4757; x_wconf 79' lang='lat' dir='ltr'><strong>vero,</strong></span> <span class='ocrx_word' id='word_1_759' title='bbox 3320 4693 3418 4758; x_wconf 87' lang='lat' dir='ltr'><strong>ait,</strong></span> <span class='ocrx_word' id='word_1_760' title='bbox 3467 4693 3632 4748; x_wconf 89' lang='lat' dir='ltr'><strong>istum</strong></span> 
     </span>
    </p>
   </div>
   <div class='ocr_carea' id='block_1_104' title="bbox 2061 4778 3629 4848">
    <p class='ocr_par' dir='ltr' id='par_1_104' title="bbox 2061 4778 3629 4848">
     <span class='ocr_line' id='line_1_105' title="bbox 2061 4778 3629 4848; baseline 0.003 -17"><span class='ocrx_word' id='word_1_761' title='bbox 2061 4780 2257 4831; x_wconf 85' lang='lat' dir='ltr'><strong>trihuit</strong></span> <span class='ocrx_word' id='word_1_762' title='bbox 2283 4779 2666 4848; x_wconf 84' lang='lat' dir='ltr'><strong>baptismum?</strong></span> <span class='ocrx_word' id='word_1_763' title='bbox 2724 4778 3075 4836; x_wconf 79' lang='lat' dir='ltr'><strong>Rcsurrectio</strong></span> <span class='ocrx_word' id='word_1_764' title='bbox 3128 4781 3349 4838; x_wconf 88' lang='lat' dir='ltr'><strong>Christi.</strong></span> <span class='ocrx_word' id='word_1_765' title='bbox 3408 4783 3457 4840; x_wconf 88' lang='lat' dir='ltr'><strong>ls</strong></span> <span class='ocrx_word' id='word_1_766' title='bbox 3484 4786 3629 4839; x_wconf 88' lang='lat' dir='ltr'><strong>enim</strong></span> 
     </span>
    </p>
   </div>
   <div class='ocr_carea' id='block_1_105' title="bbox 2064 4871 3627 4942">
    <p class='ocr_par' dir='ltr' id='par_1_105' title="bbox 2064 4871 3627 4942">
     <span class='ocr_line' id='line_1_106' title="bbox 2064 4871 3627 4942; baseline 0.004 -20"><span class='ocrx_word' id='word_1_767' title='bbox 2064 4878 2191 4923; x_wconf 86' lang='lat' dir='ltr'><strong>ante</strong></span> <span class='ocrx_word' id='word_1_768' title='bbox 2224 4871 2685 4926; x_wconf 86' lang='lat' dir='ltr'><strong>resurrectionem</strong></span> <span class='ocrx_word' id='word_1_769' title='bbox 2705 4880 2761 4927; x_wconf 88' lang='lat' dir='ltr'><strong>et</strong></span> <span class='ocrx_word' id='word_1_770' title='bbox 2800 4876 3108 4942; x_wconf 87' lang='lat' dir='ltr'><strong>passionem</strong></span> <span class='ocrx_word' id='word_1_771' title='bbox 3138 4890 3295 4930; x_wconf 90' lang='lat' dir='ltr'><strong>suam</strong></span> <span class='ocrx_word' id='word_1_772' title='bbox 3345 4876 3478 4930; x_wconf 91' lang='lat' dir='ltr'><strong>illud</strong></span> <span class='ocrx_word' id='word_1_773' title='bbox 3513 4876 3627 4930; x_wconf 90' lang='lat' dir='ltr'><strong>cdi-</strong></span> 
     </span>
    </p>
   </div>
   <div class='ocr_carea' id='block_1_106' title="bbox 2061 4956 3628 5037">
    <p class='ocr_par' dir='ltr' id='par_1_106' title="bbox 2061 4956 3628 5037">
     <span class='ocr_line' id='line_1_107' title="bbox 2061 4956 3628 5037; baseline 0.002 -22"><span class='ocrx_word' id='word_1_774' title='bbox 2061 4961 2140 5015; x_wconf 75' lang='lat' dir='ltr'><strong>xit</strong></span> <span class='ocrx_word' id='word_1_775' title='bbox 2161 4962 2206 5005; x_wconf 56' lang='grc' dir='ltr'>θ’</span> <span class='ocrx_word' id='word_1_776' title='bbox 2237 4980 2249 5014; x_wconf 85' lang='lat'><strong>:</strong></span> <span class='ocrx_word' id='word_1_777' title='bbox 2285 4979 2304 5013; x_wconf 82' lang='grc' dir='ltr'><strong>ι</strong></span> <span class='ocrx_word' id='word_1_778' title='bbox 2350 4960 2465 5017; x_wconf 88' lang='lat' dir='ltr'><strong>Nisi</strong></span> <span class='ocrx_word' id='word_1_779' title='bbox 2487 4964 2611 5032; x_wconf 90' lang='lat' dir='ltr'><strong>quis</strong></span> <span class='ocrx_word' id='word_1_780' title='bbox 2646 4956 2870 5020; x_wconf 85' lang='lat' dir='ltr'><strong>renatus</strong></span> <span class='ocrx_word' id='word_1_781' title='bbox 2893 4965 3056 5022; x_wconf 88' lang='lat' dir='ltr'><strong>fuerit</strong></span> <span class='ocrx_word' id='word_1_782' title='bbox 3076 4982 3142 5023; x_wconf 79' lang='lat' dir='ltr'><strong>ex</strong></span> <span class='ocrx_word' id='word_1_783' title='bbox 3172 4983 3313 5037; x_wconf 86' lang='lat' dir='ltr'><strong>aqua</strong></span> <span class='ocrx_word' id='word_1_784' title='bbox 3339 4978 3394 5022; x_wconf 89' lang='lat' dir='ltr'><strong>et</strong></span> <span class='ocrx_word' id='word_1_785' title='bbox 3422 4968 3628 5035; x_wconf 81' lang='lat' dir='ltr'><strong>Spiritu</strong></span> 
     </span>
    </p>
   </div>
   <div class='ocr_carea' id='block_1_107' title="bbox 2059 5050 3627 5121">
    <p class='ocr_par' dir='ltr' id='par_1_107' title="bbox 2059 5050 3627 5121">
     <span class='ocr_line' id='line_1_108' title="bbox 2059 5050 3627 5121; baseline 0 -10"><span class='ocrx_word' id='word_1_786' title='bbox 2059 5061 2268 5120; x_wconf 83' lang='lat' dir='ltr'><strong>sancto,</strong></span> <span class='ocrx_word' id='word_1_787' title='bbox 2334 5074 2352 5107; x_wconf 75' lang='grc' dir='ltr'><strong>ι</strong></span> <span class='ocrx_word' id='word_1_788' title='bbox 2412 5067 2515 5110; x_wconf 87' lang='lat' dir='ltr'><strong>etc.</strong></span> <span class='ocrx_word' id='word_1_789' title='bbox 2561 5054 2692 5112; x_wconf 88' lang='lat' dir='ltr'><strong>Post</strong></span> <span class='ocrx_word' id='word_1_790' title='bbox 2717 5050 3171 5114; x_wconf 86' lang='lat' dir='ltr'><strong>resurrectionem</strong></span> <span class='ocrx_word' id='word_1_791' title='bbox 3196 5073 3345 5121; x_wconf 77' lang='lat' dir='ltr'><strong>vero,</strong></span> <span class='ocrx_word' id='word_1_792' title='bbox 3382 5078 3400 5108; x_wconf 78' lang='grc' dir='ltr'><strong>ι</strong></span> <span class='ocrx_word' id='word_1_793' title='bbox 3437 5073 3627 5111; x_wconf 76' lang='lat' dir='ltr'><strong>omnes</strong></span> 
     </span>
    </p>
   </div>
   <div class='ocr_carea' id='block_1_108' title="bbox 2057 5144 3626 5219">
    <p class='ocr_par' dir='ltr' id='par_1_108' title="bbox 2057 5144 3626 5219">
     <span class='ocr_line' id='line_1_109' title="bbox 2057 5144 3626 5219; baseline 0.001 -19"><span class='ocrx_word' id='word_1_794' title='bbox 2057 5154 2248 5217; x_wconf 78' lang='lat' dir='ltr'><strong>gentes</strong></span> <span class='ocrx_word' id='word_1_795' title='bbox 2301 5146 2656 5216; x_wconf 76' lang='lat' dir='ltr'><strong>baptizandus</strong></span> <span class='ocrx_word' id='word_1_796' title='bbox 2703 5150 2959 5219; x_wconf 65' lang='lat' dir='ltr'><strong>praecepit.</strong></span> <span class='ocrx_word' id='word_1_797' title='bbox 2990 5149 3044 5203; x_wconf 93' lang='lat' dir='ltr'><strong>in</strong></span> <span class='ocrx_word' id='word_1_798' title='bbox 3094 5148 3315 5202; x_wconf 90' lang='lat' dir='ltr'><strong>nomine</strong></span> <span class='ocrx_word' id='word_1_799' title='bbox 3354 5144 3533 5202; x_wconf 86' lang='lat' dir='ltr'><strong>Patris</strong></span> <span class='ocrx_word' id='word_1_800' title='bbox 3573 5160 3626 5202; x_wconf 72' lang='lat' dir='ltr'><strong>et</strong></span> 
     </span>
    </p>
   </div>
   <div class='ocr_carea' id='block_1_109' title="bbox 2061 5236 3620 5308">
    <p class='ocr_par' dir='ltr' id='par_1_109' title="bbox 2061 5236 3620 5308">
     <span class='ocr_line' id='line_1_110' title="bbox 2061 5236 3620 5308; baseline 0.002 -17"><span class='ocrx_word' id='word_1_801' title='bbox 2061 5237 2183 5291; x_wconf 79' lang='lat' dir='ltr'><strong>Filii</strong></span> <span class='ocrx_word' id='word_1_802' title='bbox 2213 5245 2267 5293; x_wconf 89' lang='lat' dir='ltr'><strong>et</strong></span> <span class='ocrx_word' id='word_1_803' title='bbox 2297 5236 2534 5307; x_wconf 82' lang='lat' dir='ltr'><strong>Spiritus</strong></span> <span class='ocrx_word' id='word_1_804' title='bbox 2563 5239 2733 5295; x_wconf 83' lang='lat' dir='ltr'><strong>saneti</strong></span> <span class='ocrx_word' id='word_1_805' title='bbox 2764 5239 2829 5295; x_wconf 84' lang='grc'><strong>⁸⁸.</strong></span> <span class='ocrx_word' id='word_1_806' title='bbox 2875 5259 2892 5289; x_wconf 78' lang='grc' dir='ltr'><strong>ι</strong></span> <span class='ocrx_word' id='word_1_807' title='bbox 2940 5239 3233 5308; x_wconf 81' lang='lat' dir='ltr'><strong>Sequitur:</strong></span> <span class='ocrx_word' id='word_1_808' title='bbox 3287 5257 3305 5289; x_wconf 86' lang='grc' dir='ltr'><strong>ι</strong></span> <span class='ocrx_word' id='word_1_809' title='bbox 3347 5236 3620 5308; x_wconf 65' lang='lat' dir='ltr'><strong>Sultjcctis</strong></span> 
     </span>
    </p>
   </div>
   <div class='ocr_carea' id='block_1_110' title="bbox 1590 5459 2391 5528">
    <p class='ocr_par' dir='ltr' id='par_1_110' title="bbox 1590 5459 2391 5528">
     <span class='ocr_line' id='line_1_111' title="bbox 1590 5459 2391 5528; baseline 0.009 -7"><span class='ocrx_word' id='word_1_810' title='bbox 1590 5459 1897 5522; x_wconf 79' lang='lat' dir='ltr'><strong>Bonifacii</strong></span> <span class='ocrx_word' id='word_1_811' title='bbox 1942 5460 2165 5523; x_wconf 86' lang='lat' dir='ltr'><strong>Finetti</strong></span> <span class='ocrx_word' id='word_1_812' title='bbox 2208 5471 2391 5528; x_wconf 69' lang='lat' dir='ltr'><strong>uola).</strong></span> 
     </span>
    </p>
   </div>
   <div class='ocr_carea' id='block_1_111' title="bbox 392 5555 1955 5625">
    <p class='ocr_par' dir='ltr' id='par_1_111' title="bbox 392 5555 1955 5625">
     <span class='ocr_line' id='line_1_112' title="bbox 392 5555 1955 5625; baseline 0.003 -19"><span class='ocrx_word' id='word_1_813' title='bbox 392 5556 517 5616; x_wconf 63' lang='grc' dir='ltr'>τοῦς</span> <span class='ocrx_word' id='word_1_814' title='bbox 550 5624 553 5625; x_wconf 15' lang='grc' dir='ltr'><em>ν</em></span> <span class='ocrx_word' id='word_1_815' title='bbox 582 5557 1024 5620; x_wconf 72' lang='grc' dir='ltr'>πιστεύσανταςς</span> <span class='ocrx_word' id='word_1_816' title='bbox 1074 5555 1133 5611; x_wconf 83' lang='lat' dir='ltr'><strong>Si</strong></span> <span class='ocrx_word' id='word_1_817' title='bbox 1186 5558 1240 5610; x_wconf 82' lang='lat' dir='ltr'><strong>in</strong></span> <span class='ocrx_word' id='word_1_818' title='bbox 1296 5557 1559 5625; x_wconf 71' lang='lat' dir='ltr'><strong>infernum</strong></span> <span class='ocrx_word' id='word_1_819' title='bbox 1646 5560 1955 5620; x_wconf 79' lang='lat' dir='ltr'><strong>descendat,</strong></span> 
     </span>
    </p>
   </div>
   <div class='ocr_carea' id='block_1_112' title="bbox 394 5624 1946 5709">
    <p class='ocr_par' dir='ltr' id='par_1_112' title="bbox 394 5624 1946 5709">
     <span class='ocr_line' id='line_1_113' title="bbox 394 5624 1946 5709; baseline 0.005 -35"><span class='ocrx_word' id='word_1_820' title='bbox 394 5624 556 5709; x_wconf 55' lang='lat' dir='ltr'><strong>siina!</strong></span> <span class='ocrx_word' id='word_1_821' title='bbox 586 5626 836 5679; x_wconf 74' lang='lat' dir='ltr'><strong>descende</strong></span> <span class='ocrx_word' id='word_1_822' title='bbox 858 5627 1180 5707; x_wconf 76' lang='lat' dir='ltr'><strong>(alloquitur</strong></span> <span class='ocrx_word' id='word_1_823' title='bbox 1210 5624 1420 5682; x_wconf 82' lang='lat' dir='ltr'><strong>fidelem</strong></span> <span class='ocrx_word' id='word_1_824' title='bbox 1451 5628 1946 5709; x_wconf 58' lang='lat' dir='ltr'><strong>meditabundutui.</strong></span> 
     </span>
    </p>
   </div>
   <div class='ocr_carea' id='block_1_113' title="bbox 396 5692 1950 5765">
    <p class='ocr_par' dir='ltr' id='par_1_113' title="bbox 396 5692 1950 5765">
     <span class='ocr_line' id='line_1_114' title="bbox 396 5692 1950 5765; baseline 0.003 -20"><span class='ocrx_word' id='word_1_825' title='bbox 396 5692 478 5748; x_wconf 62' lang='lat' dir='ltr'><strong>lia</strong></span> <span class='ocrx_word' id='word_1_826' title='bbox 506 5710 709 5763; x_wconf 83' lang='lat' dir='ltr'><strong>quoque</strong></span> <span class='ocrx_word' id='word_1_827' title='bbox 758 5692 1022 5765; x_wconf 48' lang='lat' dir='ltr'><strong>mysteria</strong></span> <span class='ocrx_word' id='word_1_828' title='bbox 1051 5712 1319 5764; x_wconf 77' lang='lat' dir='ltr'><strong>cognosce,</strong></span> <span class='ocrx_word' id='word_1_829' title='bbox 1369 5714 1486 5765; x_wconf 76' lang='lat' dir='ltr'><strong>qua:</strong></span> <span class='ocrx_word' id='word_1_830' title='bbox 1542 5697 1789 5754; x_wconf 77' lang='lat' dir='ltr'><strong>Christus</strong></span> <span class='ocrx_word' id='word_1_831' title='bbox 1838 5697 1950 5750; x_wconf 81' lang='lat' dir='ltr'><strong>illic</strong></span> 
     </span>
    </p>
   </div>
   <div class='ocr_carea' id='block_1_114' title="bbox 395 5764 1954 5838">
    <p class='ocr_par' dir='ltr' id='par_1_114' title="bbox 395 5764 1954 5838">
     <span class='ocr_line' id='line_1_115' title="bbox 395 5764 1954 5838; baseline 0.001 -19"><span class='ocrx_word' id='word_1_832' title='bbox 395 5766 681 5830; x_wconf 74' lang='lat' dir='ltr'><strong>designavit</strong></span> <span class='ocrx_word' id='word_1_833' title='bbox 704 5780 723 5818; x_wconf 83' lang='lat'><strong>.&#39;</strong></span> <span class='ocrx_word' id='word_1_834' title='bbox 751 5765 888 5821; x_wconf 84' lang='lat' dir='ltr'><strong>auod</strong></span> <span class='ocrx_word' id='word_1_835' title='bbox 918 5764 1141 5833; x_wconf 74' lang='lat' dir='ltr'><strong>duplicis</strong></span> <span class='ocrx_word' id='word_1_836' title='bbox 1179 5764 1455 5822; x_wconf 53' lang='lat' dir='ltr'><strong>deiecimus</strong></span> <span class='ocrx_word' id='word_1_837' title='bbox 1490 5769 1768 5824; x_wconf 76' lang='lat' dir='ltr'><strong>consilium</strong></span> <span class='ocrx_word' id='word_1_838' title='bbox 1792 5771 1954 5838; x_wconf 76' lang='lat' dir='ltr'><strong>?quw</strong></span> 
     </span>
    </p>
   </div>
   <div class='ocr_carea' id='block_1_115' title="bbox 2064 5563 3622 5632">
    <p class='ocr_par' dir='ltr' id='par_1_115' title="bbox 2064 5563 3622 5632">
     <span class='ocr_line' id='line_1_116' title="bbox 2064 5563 3622 5632; baseline 0.003 -14"><span class='ocrx_word' id='word_1_839' title='bbox 2064 5567 2201 5619; x_wconf 79' lang='lat' dir='ltr'><strong>ratio</strong></span> <span class='ocrx_word' id='word_1_840' title='bbox 2227 5565 2444 5632; x_wconf 78' lang='lat' dir='ltr'><strong>fuerit?</strong></span> <span class='ocrx_word' id='word_1_841' title='bbox 2497 5563 2683 5618; x_wconf 85' lang='lat' dir='ltr'><strong>Utrum</strong></span> <span class='ocrx_word' id='word_1_842' title='bbox 2745 5581 2921 5619; x_wconf 74' lang='lat' dir='ltr'><strong>attines</strong></span> <span class='ocrx_word' id='word_1_843' title='bbox 2972 5568 3085 5620; x_wconf 77' lang='lat' dir='ltr'><strong>sine</strong></span> <span class='ocrx_word' id='word_1_844' title='bbox 3152 5566 3264 5620; x_wconf 79' lang='lat' dir='ltr'><strong>ulla</strong></span> <span class='ocrx_word' id='word_1_845' title='bbox 3324 5570 3622 5632; x_wconf 68' lang='lat' dir='ltr'><strong>exceptfcue</strong></span> 
     </span>
    </p>
   </div>
   <div class='ocr_carea' id='block_1_116' title="bbox 2060 5637 3622 5707">
    <p class='ocr_par' dir='ltr' id='par_1_116' title="bbox 2060 5637 3622 5707">
     <span class='ocr_line' id='line_1_117' title="bbox 2060 5637 3622 5707; baseline 0.004 -20"><span class='ocrx_word' id='word_1_846' title='bbox 2060 5637 2281 5687; x_wconf 66' lang='lat' dir='ltr'><strong>adventu</strong></span> <span class='ocrx_word' id='word_1_847' title='bbox 2307 5653 2399 5689; x_wconf 67' lang='lat' dir='ltr'><strong>suo</strong></span> <span class='ocrx_word' id='word_1_848' title='bbox 2427 5638 2598 5707; x_wconf 72' lang='lat' dir='ltr'><strong>salvos</strong></span> <span class='ocrx_word' id='word_1_849' title='bbox 2656 5637 2856 5703; x_wconf 75' lang='lat' dir='ltr'><strong>fecerit,</strong></span> <span class='ocrx_word' id='word_1_850' title='bbox 2888 5653 2954 5689; x_wconf 85' lang='lat' dir='ltr'><strong>un</strong></span> <span class='ocrx_word' id='word_1_851' title='bbox 2987 5638 3096 5690; x_wconf 65' lang='lat' dir='ltr'><strong>illic</strong></span> <span class='ocrx_word' id='word_1_852' title='bbox 3126 5654 3328 5707; x_wconf 81' lang='lat' dir='ltr'><strong>quoque</strong></span> <span class='ocrx_word' id='word_1_853' title='bbox 3370 5655 3455 5693; x_wconf 79' lang='lat' dir='ltr'><strong>eos</strong></span> <span class='ocrx_word' id='word_1_854' title='bbox 3488 5642 3622 5693; x_wconf 82' lang='lat' dir='ltr'><strong>duu-</strong></span> 
     </span>
    </p>
   </div>
   <div class='ocr_carea' id='block_1_117' title="bbox 2059 5706 3699 5772">
    <p class='ocr_par' dir='ltr' id='par_1_117' title="bbox 2059 5706 3699 5772">
     <span class='ocr_line' id='line_1_118' title="bbox 2059 5706 3699 5772; baseline 0.003 -15"><span class='ocrx_word' id='word_1_855' title='bbox 2059 5714 2233 5768; x_wconf 62' lang='grc' dir='ltr'>(Μαι,</span> <span class='ocrx_word' id='word_1_856' title='bbox 2254 5706 2349 5772; x_wconf 77' lang='lat' dir='ltr'><strong>qui</strong></span> <span class='ocrx_word' id='word_1_857' title='bbox 2380 5706 2713 5759; x_wconf 79' lang='lat' dir='ltr'><strong>crediderunt</strong></span> <span class='ocrx_word' id='word_1_858' title='bbox 2726 5708 2751 5758; x_wconf 82' lang='lat'><strong><em>?</em></strong></span> <span class='ocrx_word' id='word_1_859' title='bbox 3138 5706 3145 5707; x_wconf 27' lang='grc' dir='ltr'><strong>ί</strong></span> <span class='ocrx_word' id='word_1_860' title='bbox 3246 5706 3251 5707; x_wconf 52' lang='grc'><strong><em>⁷</em></strong></span> <span class='ocrx_word' id='word_1_861' title='bbox 3692 5717 3699 5723; x_wconf 89' lang='lat'><strong>&#39;</strong></span> 
     </span>
    </p>
   </div>
  </div>
