4020 6214
393 309 522 374 1‘33?

1191 311 1592 377 EXPOSlTIO
1630 319 1706 376 IN
1747 317 1982 378 EPIST.
2012 321 2036 378 Ι
2067 320 2128 380 S.
2161 322 2408 382 PETRI.
2448 344 2512 357 *-
2541 325 2693 384 Cll‘.
2732 326 2825 385 IV.

3499 331 3629 387 1233

388 416 446 466 ἐν
475 417 539 485 τῇ
571 413 715 484 ίσχύῖ
745 414 940 468 αὑτοῦ·
984 435 1000 466 ι
1034 418 1126 470 καὶ
1156 421 1210 471 ἐν
1235 420 1335 489 τῷ,
1377 441 1393 470 ι
1423 421 1680 490 ’Ἑτοιμος
1715 423 1742 474 ὁ
1771 422 1958 489 θρόνος

2068 425 2348 492 signiﬁcat
2371 427 2472 481 hoc
2505 429 2622 482 loco
2658 449 2673 479 ι
2709 439 2956 497 paratum
2988 448 3003 480 ι
3043 446 3186 485 esse.
3250 431 3622 496 Qucrttadmo-

391 520 507 558 σου.
540 523 558 556 ι
597 506 688 576 Τῷ
723 505 814 559 οὖν
848 509 1085 578 κρίνοντι
1123 510 1330 574 ζῶντας
1369 513 1464 564 καὶ
1493 516 1716 581 νεκροὺς
1746 514 1948 579 ἀμετα-

390 595 562 660 Θὲτως
585 598 676 650 καὶ
704 598 937 666 βεϐαίως
974 620 992 652 ι
1028 601 1259 655 δώσουσι
1283 603 1440 671 λόγον
1473 623 1491 655 ι
1518 606 1568 657 οἱ
1602 605 1955 674 χλευάζοντες

387 687 553 757 ὑμᾶς.
585 690 710 752 Πῶς
740 691 798 743 δὲ
847 691 1064 756 ζώντων
1119 694 1354 767 [κριτὴς]
1407 698 1496 749 καὶ
1543 696 1770 767 νεκρῶν,
1830 694 1958 762 ἑξῆς

385 778 617 848 δηλώσει
650 783 678 834 ὁ
717 784 891 836 ταῦτα
925 784 1171 854 γράφων.

389 884 453 924 ac
501 870 738 928 ludibrio
803 875 1024 938 habent,
1083 895 1101 927 ι
1145 877 1411 931 rationem
1496 878 1744 933 reddent.
1789 897 1806 928 ι
1854 875 1968 942 Qua
2046 889 2175 930 vero

385 963 476 1029 sit,
504 963 761 1036 deinceps
792 967 1038 1022 declarat
1075 970 1188 1025 haec
1215 973 1485 1026 scribens.

465 1072 485 1107 ι
517 1055 580 1109 ῦῖ
619 1057 960 1114 ἀποδώσουσι
1000 1061 1156 1130 λόγον
1183 1064 1260 1133 τῷ
1285 1065 1516 1133 ἑτοίμως
1549 1065 1719 1134 ἔχοντι
1771 1065 1954 1134 κρῖναι

387 1143 596 1210 ζῶντας
630 1149 726 1202 καὶ
755 1155 1003 1221 νεκρούς.
1039 1171 1058 1206 ι
1118 1151 1192 1207 Τὸ
1241 1157 1391 1226 ἑξῆς,
1425 1157 1593 1218 οὕτως
1621 1174 1632 1186 ·
1689 1150 1849 1210 Οὗτοι
1905 1156 1953 1207 οί

387 1237 835 1309 βλασφημοῦντες
889 1244 1035 1313 ὑμᾶς
1074 1263 1094 1297 ι
1124 1245 1356 1301 δώσουσι
1427 1248 1583 1316 λόγον
1611 1248 1690 1318 τῷ
1743 1247 1950 1308 πάντας

385 1332 656 1399 κρινοῦντι
683 1332 892 1398 ζῶντας
921 1339 1016 1389 καὶ
1043 1338 1290 1408 νεκρούς.
1331 1358 1350 1392 ι
1392 1335 1681 1410 Κρίνονται
1707 1341 1813 1412 γὰρ
1859 1340 1953 1391 καὶ

385 1423 588 1491 νεκροὶ,
623 1424 716 1476 καὶ⁵
747 1424 906 1493 δῆλον
934 1427 1042 1480 ἀπὸ
1071 1427 1166 1481 τοῦ
1190 1431 1396 1500 Κυρίου
1419 1431 1515 1501 τῆς
1543 1433 1621 1494 εἰς
1653 1431 1786 1502 ᾅδην
1814 1447 1954 1500 παρ-

383 1511 590 1575 ουσίας.
618 1517 796 1570 Κάκεῖ
821 1518 929 1590 γὰρ
955 1520 1300 1592 ἐπιδημήσας
1327 1524 1383 1578 ἐν
1406 1523 1483 1593 τῷ
1512 1525 1648 1594 μετὰ
1674 1527 1762 1577 τὸν
1791 1541 1955 1576 σταυ-

388 1602 478 1672 ρὺν
525 1603 765 1674 δηλονότι
801 1608 1012 1680 θανάτῳ
1059 1613 1222 1666 αὐτοῦ
1262 1613 1596 1686 [ἐκήρυξεεῃ]
1641 1615 1830 1684 ὥσπερ
1860 1617 1954 1667 καὶ

383 1692 476 1744 ἐπὶ
512 1694 612 1763 τῆς
644 1698 770 1768 γῆς.
819 1700 1081 1771 Ἐκήρυξε
1111 1703 1167 1757 δὲ
1197 1705 1258 1756 οὐ
1283 1705 1445 1775 λόγῳ,
1476 1706 1611 1759 ἀλλὰ
1643 1706 1950 1776 πράγματι.

2060 513 2186 567 dum
2218 524 2270 568 ct
2299 531 2420 570 cum
2451 517 2650 572 dicitur
2680 519 2722 549 ⁸¹
2755 537 2767 572 :
2808 538 2824 569 ι
2857 519 3404 589 Ριτιψςιτιιιιειιιοιιῑοε
3434 523 3486 574 in
3523 524 3629 573 ιιι-ο

2065 613 2178 657 tute
2205 620 2324 659 sua.
2371 625 2388 657 ι
2431 606 2552 660 Et“
2588 626 2600 662 :
2653 629 2668 659 ι
2705 609 2898 664 Parata
2953 611 3110 665 sedes
3148 619 3260 664 tua.
3295 629 3312 661 ι
3353 611 3408 664 Ei
3446 612 3628 680 igitur,

2067 697 2157 762 qui
2192 697 2345 750 ﬁrma
2398 707 2448 753 et
2483 700 2807 754 immutabili
2833 701 3105 756 sententia
3133 702 3285 756 viros
3309 709 3362 755 ct
3387 709 3628 754 mortuos

2069 785 2411 852 iudicaturus
2469 801 2572 852 cst,
2633 792 2947 861 quicunque
3007 807 3106 846 vos
3158 805 3302 845 nunc
3358 791 3623 856 irrident,

2269 881 2479 934 ratione
2540 882 2832 935 viventium
2925 890 2978 936 ct
3053 893 3392 935 mortuorum
3450 881 3612 948 jnzlcx

2141 1056 2304 1113 Vens.
2333 1060 2384 1114 5.
2421 1079 2437 1112 ι
2476 1061 2578 1127 Qui
2613 1061 2842 1116 reddent
2866 1063 3135 1116 rationem
3166 1063 3236 1126 ei,
3264 1063 3353 1130 qni
3410 1067 3627 1130 paratus

2061 1157 2146 1202 est
2199 1149 2450 1218 judicare
2487 1153 2638 1207 vivos
2702 1163 2755 1207 et
2811 1164 3079 1208 mortuos.
3114 1171 3132 1204 ι
3173 1155 3381 1208 Sensus
3412 1163 3533 1207 est:
3569 1155 3627 1217 li,

2072 1240 2165 1308 qui
2194 1255 2288 1295 ros
2323 1243 2590 1298 conviciis
2649 1244 2992 1298 insectantur
3031 1263 3048 1295 ι
3089 1244 3364 1298 rationem
3402 1244 3630 1298 reddent

2056 1331 2128 1394 ei,
2161 1330 2252 1400 qui
2289 1332 2439 1388 vivos
2493 1342 2548 1388 et
2592 1343 2837 1390 mortuos
2886 1334 3178 1404 judicabit.
3223 1353 3241 1386 ι
3306 1333 3628 1388 Judicantur

2059 1420 2202 1474 enim
2231 1423 2392 1476 etiam
2423 1424 2644 1491 mortui,
2685 1436 2744 1478 ut
2781 1441 2846 1480 ex
2887 1426 3100 1480 Domini
3155 1426 3220 1478 ad
3271 1425 3473 1478 inferos
3537 1424 3629 1477 dc-

2059 1526 2258 1567 scensu
2291 1524 2458 1583 putet.
2486 1515 2615 1570 Illuc
2639 1517 2783 1571 enim
2806 1526 2930 1586 post
2962 1527 3189 1572 mortem
3223 1531 3380 1570 suam
3445 1514 3626 1584 profe-

2059 1613 2180 1658 ctus
2216 1604 2476 1673 ipsc,non
2510 1622 2668 1662 secus
2725 1625 2787 1662 ac
2821 1624 2986 1678 supra
3020 1619 3214 1662 terram
3242 1608 3458 1669 fecerat,
3490 1620 3626 1674 pra:-

2061 1695 2279 1749 dicavit.
2312 1696 2635 1753 Pracdicavit
2661 1711 2840 1754 autem
2870 1715 2977 1754 non
3011 1714 3284 1763 sermone,
3317 1697 3410 1752 sed
3443 1711 3625 1766 opere.

384 1783 491 1835 Καὶ
527 1779 718 1856 ὥσπερ
765 1789 824 1842 ὲν
863 1790 939 1860 τῷ
979 1793 1169 1864 κόσμῳ
1217 1795 1657 1865 παραγενόμενος
1699 1800 1813 1860 τοῖς
1857 1799 1954 1866 μὲν

2068 1785 2531 1851 Quemadmodum
2571 1805 2723 1855 vero,
2767 1805 2890 1844 cum
2925 1791 2978 1844 in
3039 1791 3242 1843 mundo
3298 1795 3626 1848 versaretur,

382 1871 615 1940 ἑτοίμως
666 1874 880 1944 ἔχουσιν
931 1880 1300 1945 ἐπεγνωκέναι
1336 1881 1498 1934 αὐτὸν
1554 1883 1632 1944 εἰς
1683 1883 1960 1950 δικαίωμα·

383 1963 770 2032 παραγέγονε,
824 1969 938 2030 τοῖς
988 1969 1047 2023 δὲ
1098 1971 1428 2041 ἀγνοήσασιν
1477 1975 1557 2036 εἰς
1602 1975 1951 2043 κατάκριμα’

385 2052 530 2107 οὕτω
558 2058 787 2121 καὶτοῖς
812 2060 872 2111 ὲν
899 2059 1022 2132 ᾄδῃ,
1054 2065 1170 2126 τοῖς
1208 2065 1307 2133 μὲν
1337 2065 1478 2118 κατὰ
1514 2065 1692 2136 σάρκα
1727 2066 1956 2135 ζήσασιν

385 2147 466 2209 είς
502 2149 675 2219 κρίμα
707 2153 1073 2221 πσραγέγονε,
1125 2156 1239 2219 τοῖς
1273 2156 1331 2209 δὲ
1364 2157 1507 2210 κατᾶ
1543 2157 1778 2226 πνεῦμα,
1809 2155 1954 2210 τοῦτ’

384 2237 500 2291 ἔστι
530 2240 672 2294 κατά
709 2241 802 2295 τὸν
855 2245 1230 2312 πνευματικὸν
1259 2247 1355 2300 καὶ
1400 2248 1654 2319 ἐνάρετον
1695 2249 1830 2319 βίον,
1876 2250 1955 2311 είς

381 2327 540 2391 δόξαν
591 2330 688 2382 καὶ
719 2332 1015 2402 σωτηρίαν.
1049 2334 1212 2387 Ὥστε
1247 2336 1345 2389 καὶ
1376 2334 1594 2400 ζώντων
1624 2337 1719 2388 καὶ
1749 2338 1957 2406 νεκρῶν

383 2417 608 2484 δικαίως
643 2421 710 2475 ἂν
748 2424 955 2494 Κριτὴς
985 2426 1214 2494 λέγοιτο.
1255 2427 1492 2491 Ἀλλως.
1531 2428 1957 2500 [ΚΥΡΙΛΛΟΥ.]

385 2509 632 2582 Νεκροὺς
664 2514 898 2570 ἐνταῦθα
922 2517 1077 2570 καλεί
1104 2519 1231 2582 τοὺς
1261 2519 1320 2587 ἐν
1348 2523 1458 2582 τοῖς
1487 2521 1698 2574 ἔθνεσιν
1719 2521 1823 2574 ὑπὸ
1849 2522 1957 2574 τῶν

387 2602 886 2673 κατηριθμημένων
936 2607 1222 2677 ἁμαρτιῶν
1253 2612 1712 2680 νενεκρωμένους,
1744 2611 1836 2675 οὓς
1867 2615 1959 2666 καὶ

387 2689 603 2762 εὔχεται
654 2695 683 2746 ὁ
715 2696 1010 2760 ἀπόστολος
1037 2700 1471 2771 ἐπιστρέψαντας
1509 2721 1526 2753 ι
1551 2704 1704 2771 λόγον
1730 2723 1746 2755 ι
1781 2705 1958 2776 ἆμεμο

389 2797 524 2833 πτον
578 2801 596 2834 ι
629 2783 933 2840 ἀποδοῦναι
960 2788 1035 2857 τῷ
1062 2790 1293 2860 ἑτοίμως
1331 2791 1508 2862 ἔχοντι
1541 2789 1722 2863 κρῖναι
1753 2795 1958 2859 ζῶντας

390 2873 486 2925 καὶ
516 2877 763 2944 νεκρούς.
795 2897 813 2928 ι
851 2907 919 2918 -
959 2898 977 2931 ι
1000 2882 1221 2945 Ζῶντας
1262 2884 1318 2936 δὲ
1349 2885 1444 2938 καὶ
1473 2887 1697 2956 νεκροὺς
1733 2907 1750 2938 ι
1797 2888 1959 2942 πάλιν

393 2963 528 3031 φησὶ
575 2966 702 3026 τοὺς
749 2966 989 3031 δικαίους
1023 2970 1120 3022 καὶ
1181 2971 1560 3042 ἁμαρτωλοὺς,
1627 2968 1708 3036 οἷς
1741 2976 1768 3026 ὁ
1819 2973 1960 3036 θεῖος

391 3051 562 3120 Λόγος
595 3055 942 3127 ἐπιδημήσας
976 3059 1368 3131 εὐηγγελίσατο
1418 3063 1516 3134 τὴν
1559 3063 1670 3117 τῶν
1715 3066 1960 3135 οὐρανῶν

2059 1877 2181 1944 ejus
2216 1877 2556 1944 praadicatio,
2593 1879 2658 1932 iis
2688 1879 2906 1946 quidem
2945 1878 3040 1947 qui
3111 1878 3181 1933 ad
3235 1879 3411 1947 ipsum
3465 1891 3631 1946 agno-

2059 1964 2321 2019 scendum
2358 1966 2660 2035 comparati
2697 1973 2885 2030 crant,
2934 1966 2988 2020 in
3041 1965 3485 2034 justitlcationem
3517 2002 3534 2027 ,
3561 1964 3627 2017 iis

2059 2070 2190 2110 vero
2218 2055 2311 2123 qui
2342 2055 2524 2125 ipsum
2559 2070 2858 2126 agnoscere
2919 2057 3241 2121 noluerunt,
3276 2056 3331 2111 in
3368 2055 3627 2110 condem-

2058 2145 2336 2200 nationem
2363 2146 2562 2213 cessit;
2588 2148 2669 2203 sic
2696 2157 2748 2201 et
2778 2148 2920 2216 apud
2953 2147 3160 2204 inferos
3187 2147 3421 2202 detentis
3449 2145 3630 2200 conti-

2057 2237 2180 2306 git:
2239 2237 2307 2292 iis
2355 2238 2501 2292 enim
2561 2238 2653 2307 qui
2717 2240 3016 2293 secundum
3075 2253 3299 2294 carnem
3357 2239 3626 2298 vixerant,

2053 2328 2346 2396 judicium,
2401 2329 2471 2383 iis
2501 2337 2682 2384 autem
2707 2331 2800 2399 qui
2827 2330 3188 2400 spiritualem,
3225 2346 3322 2386 seu
3381 2337 3626 2384 ornatam

2063 2419 2388 2486 virtutibus,
2445 2421 2612 2474 Vitam
2671 2421 2960 2487 duxerant,
3007 2422 3234 2492 gloriam
3301 2431 3354 2476 et
3395 2422 3625 2477 salutem

2061 2510 2265 2563 attulit.
2290 2508 2663 2575 QuareJudex
2694 2509 2942 2565 vivorum
3005 2520 3064 2567 et
3090 2519 3432 2565 mortuorum
3485 2520 3629 2566 recte

2061 2598 2280 2654 dicitur.
2338 2601 2529 2654 Aliter.
2600 2601 2844 2655 Mortuos
2905 2601 2993 2655 hic
3051 2603 3286 2672 appellat
3337 2615 3433 2656 cos
3492 2603 3631 2654 inter

2061 2690 2312 2760 gentiles,
2345 2692 2438 2760 qui
2479 2693 2816 2748 enumeratis
2861 2707 3025 2761 supra
3092 2690 3416 2747 criminibus
3463 2689 3628 2744 occisi

2059 2790 2216 2836 erant
2249 2800 2261 2837 :
2293 2783 2361 2848 de
2409 2783 2608 2853 quibus
2640 2792 2792 2854 Optat
2854 2784 3161 2854 apostolus,
3217 2791 3276 2836 ut
3336 2781 3631 2850 aliquando

2061 2873 2312 2929 conversi
2367 2882 2570 2929 rectam
2639 2894 2656 2927 ι
2705 2875 2970 2930 rationem
3039 2873 3264 2930 reddere
3327 2893 3345 2924 ι
3415 2871 3630 2942 possint

2067 2985 2089 3019 ι
2125 2968 2196 3029 ei,
2233 2967 2325 3038 qui
2356 2975 2580 3035 paratus
2609 2973 2691 3020 est
2737 2966 2981 3035 judicare
3013 2966 3163 3021 vivos
3215 2973 3268 3018 et
3298 2970 3564 3017 mortuos.
3610 2981 3625 3010 ι

2067 3077 2085 3108 ι
2131 3057 2313 3119 Vivos,
2357 3076 2375 3109 ›
2414 3071 2604 3111 rursus
2631 3056 2837 3126 justos,
2865 3074 2882 3107 ι
2944 3064 3186 3110 mortuos
3215 3073 3233 3105 ι
3270 3061 3449 3106 autem
3508 3066 3634 3120 pec-

394 3143 690 3212 βασιλείαν.
726 3147 935 3214 Οἷτινες
976 3151 1291 3221 ἁμαρτωλοὶ
1329 3155 1752 3224 προσδεξάμενοι
1794 3158 1957 3210 αὐτοῦ

2068 3158 2280 3204 calores
2315 3156 2514 3202 vocat:
2550 3147 2754 3218 quibus
2779 3147 3025 3201 divinum
3065 3144 3298 3200 Verbum
3335 3144 3390 3196 in
3423 3157 3526 3196 suo
3578 3142 3632 3194 in

393 3236 492 3301 τὰς
541 3239 785 3306 ἐντολὰς,
847 3243 1128 3312 κρινοῦσιν
1175 3245 1400 3309 ἑαυτοὺς
1457 3247 1599 3299 κατὰ
1640 3249 1956 3318 ἀνθρώπους

392 3329 553 3398 σαρκί
598 3344 612 3359 ³
647 3330 792 3382 τοῦτ’
842 3333 1010 3397 ἐστιν,
1061 3335 1119 3386 ὲν
1155 3333 1233 3402 τῷ
1271 3335 1597 3405 ἀνθρωπίνῳ
1640 3335 1813 3404 τούτῳ
1860 3335 1958 3405 βίῳ

389 3416 488 3479 τὴν
522 3421 730 3474 ἑαυτῶν
761 3422 943 3491 σάρκα
970 3424 1430 3487 καταδικάζουσιν
1460 3427 1514 3475 ὲν
1545 3425 1843 3492 νηστείαις,
1867 3426 1959 3476 καὶ

394 3509 734 3576 χαμευνίαις,
767 3511 860 3560 καὶ
893 3510 1146 3579 δάκρυσι,
1183 3513 1279 3564 καὶ
1306 3517 1371 3582 τῇ
1402 3513 1563 3582 λοιπῇ
1597 3512 1957 3582 κακοπαθείᾳ,

396 3594 486 3648 ἵνα
508 3595 716 3664 ζήσωσι
743 3598 884 3651 κατὰ
912 3598 1046 3652 Θεὸν
1072 3600 1372 3668 πνεύματι,
1398 3601 1457 3652 τὸ
1483 3599 1840 3652 ἀποστολικδν
1873 3602 1962 3652 λό-

398 3701 516 3753 γιον
547 3684 944 3757 ἐνθυμούμενοι
969 3690 1028 3741 τὸ
1052 3689 1260 3756 φάσκον
1281 3705 1294 3718 ’
1327 3707 1346 3740 ι
1383 3690 1444 3742 El
1488 3691 1582 3742 καὶ
1610 3691 1638 3742 ὁ
1670 3689 1775 3755 ἔξω
1804 3689 1962 3759 ἡμῶν

399 3776 684 3847 ἄνθρωπος
715 3776 1016 3848 φθείρεται,
1044 3779 1156 3832 ἀλλ’
1187 3780 1214 3832 ὁ
1237 3779 1344 3832 ἔσω
1369 3778 1754 3834 ἀνακαινοῦται
1779 3779 1963 3849 ἡμέρᾳ

394 3871 460 3940 τῇ
491 3869 688 3941 ἡμέρᾳ·
717 3889 737 3922 ι

476 4165 494 4197 ι
535 4147 627 4209 Εἰς
672 4147 832 4202 τοῦτο
871 4150 980 4220 γὰρ
1026 4152 1122 4202 καὶ
1169 4153 1386 4221 νεκροῖς
1426 4152 1810 4222 εὐηγγελίσθη.
1853 4172 1871 4204 ι
1904 4156 1968 4206 Οἱ

406 4240 502 4307 μὲν
530 4239 747 4292 παλαιοὶ
776 4240 884 4293 τῶν
917 4242 1175 4313 Πατέρων
1205 4242 1364 4296 τοῦτο
1391 4244 1470 4306 τὸ,
1511 4261 1529 4294 ι
1553 4244 1785 4314 Νεκροῖς
1805 4244 1968 4316 εὒηγο

404 4332 650 4402 γελίεθη,
682 4353 699 4384 ι
740 4333 814 4396 ὡς
855 4336 1162 4407 περικοπὴν
1201 4337 1557 4408 ἐξηγήσαντο,
1603 4335 1756 4388 οὐδὲν
1805 4353 1962 4406 φρονο

401 4423 650 4486 σείσαντες
680 4425 777 4492 τῆς
819 4426 1101 4494 συνεχείας
1143 4426 1250 4479 τῶν
1295 4425 1431 4491 ἄνω,
1476 4426 1584 4478 οὐδ’
1611 4426 1692 4479 ὅτι
1738 4426 1966 4479 αἰτιολο-

2071 3242 2216 3293 hunc
2249 3239 2510 3292 mundum
2539 3243 2771 3292 adventu
2820 3237 3211 3306 evangelizarit
3242 3249 3466 3303 regnum
3523 3247 3607 3286 eos

2067 3329 2264 3380 lorum.
2321 3326 2386 3378 Ει
2416 3325 2634 3394 quidem
2696 3333 3013 3393 peccatores
3060 3325 3150 3392 qui
3205 3324 3327 3392 ejus
3384 3322 3636 3375 mandata

2068 3421 2297 3488 amplexi
2331 3427 2481 3480 sunt,
2506 3419 2758 3487 judicant
2812 3418 3136 3486 semetipsos
3191 3415 3338 3468 velut
3389 3413 3638 3467 homines

2072 3529 2091 3559 ι
2123 3525 2313 3574 carne,
2359 3529 2378 3560 ι
2421 3509 2524 3562 hoc
2554 3516 2661 3571 est,
2694 3508 2795 3560 hac
2821 3507 2873 3559 iu
2917 3507 3025 3560 vita
3057 3522 3277 3560 carnem
3313 3520 3467 3559 suam
3510 3519 3640 3558 con-

2068 3601 2350 3664 demnant,
2383 3597 2545 3666 375
2576 3609 2628 3651 et
2650 3597 2902 3664 jejuniis,
2937 3597 3330 3661 humistcrniis,
3360 3596 3637 3666 laerymis,

2072 3690 2302 3758 aliisque
2374 3687 2814 3740 alllictationibus
2871 3689 3160 3755 castigant,
3227 3697 3282 3739 ut
3345 3688 3530 3741 vivant
3557 3703 3638 3740 se«

2070 3784 2306 3837 cundum
2342 3782 2511 3835 Deum
2549 3781 2770 3849 spiritu,
2819 3794 3089 3834 memores
3127 3780 3439 3848 apostolicae
3498 3779 3640 3832 illius

2071 3873 2351 3930 sententia:
2379 3873 2423 3904 ⁵³
2462 3887 2477 3926 ι
2517 3889 2534 3922 ι
2571 3871 2718 3925 Licet
2745 3871 2811 3932 is,
2840 3871 2930 3938 qui
2976 3868 3106 3922 l‘oris
3129 3879 3232 3931 est,
3265 3877 3448 3920 noster
3481 3868 3640 3918 homo

2073 3973 2476 4034 corrumpatur,
2535 3973 2714 4017 tamen
2773 3967 2818 4019 is
2862 3961 2952 4030 qui
2987 3961 3133 4014 intus
3183 3959 3289 4021 est,
3347 3964 3643 4011 renovatur

2075 4060 2139 4113 (lc
2169 4058 2255 4112 die
2287 4058 2341 4110 in
2373 4057 2540 4110 diem.
2578 4073 2598 4105 ι

2145 4149 2309 4204 Vens.
2346 4148 2397 4203 6.
2425 4167 2442 4200 ι
2477 4147 2703 4217 l’ropter
2735 4148 2838 4200 hoc
2891 4144 3036 4198 enim
3070 4152 3122 4198 ct
3151 4142 3382 4195 mortuis
3408 4151 3642 4207 evange-

2075 4243 2295 4295 lizatum
2344 4249 2450 4295 est.
2491 4257 2509 4291 ι
2546 4238 2757 4293 Vetusli
2818 4236 3038 4306 quidam
3083 4235 3274 4288 Patres
3329 4233 3497 4286 hocce
3561 4231 3644 4284 di-

2076 4341 2220 4388 ctum
2253 4350 2267 4387 :
2311 4352 2328 4384 ι
2362 4331 2592 4386 Mortuis
2617 4330 3048 4398 evangelizalum
3074 4335 3179 4390 est,
3219 4345 3236 4376 ι
3275 4327 3348 4379 ita
3380 4325 3646 4392 interpre-

2079 4426 2173 4478 tali
2205 4432 2356 4487 sunt,
2417 4439 2479 4476 ac
2517 4423 2562 4476 si
2611 4421 2817 4474 nullam
2871 4436 2994 4472 eum
3067 4419 3194 4472 aliis
3253 4415 3645 4470 connexionem

405 4513 575 4579 γικῶς
601 4514 906 4584 εἰρημένων
931 4514 994 4586 [ﬁ
1022 4547 1090 4557 —
1119 4513 1230 4587 νον]
1261 4515 1344 4568 δεῖ
1361 4517 1498 4586 πρὸς
1519 4517 1644 4578 τοὺς
1673 4516 1780 4586 πρὸ
1804 4517 1971 4570 αὐτοῦ

2083 4517 2350 4581 haberet;
2405 4527 2512 4566 non
2549 4511 2989 4571 considerantes,
3049 4509 3218 4575 quod,
3263 4521 3386 4559 cmn
3429 4517 3646 4557 causam

404 4599 795 4668 ἀναφέρεσθαι.
820 4600 990 4653 Τοῦτο
1014 4601 1123 4672 γὰρ
1151 4603 1357 4672 ὀφείλει
1380 4605 1441 4657 τὸ
1470 4605 1589 4657 κατ’
1613 4607 1792 4660 αἰτίαν
1814 4605 1970 4674 λεγὸ-

407 4708 568 4762 μενον
615 4691 790 4760 ἔχειν’
828 4692 944 4746 ἀλλ’
997 4693 1343 4769 ώςοεῖρηται,
1378 4698 1453 4761 ὡς
1500 4698 1805 4768 περικοπὴν
1841 4699 1973 4752 αὐτὸ

404 4782 747 4852 ἐξηγήσαντο
776 4782 970 4846 οὕτως.
1010 4801 1028 4835 ι
1068 4786 1315 4856 Νεκροὺς
1345 4806 1362 4838 ι
1403 4788 1510 4858 γὰρ
1538 4787 1747 4856 ἔφασαν
1777 4789 1972 4853 διττῶς

408 4873 588 4940 λέγειν
621 4875 722 4944 τὴν
755 4873 908 4929 θείαν
965 4875 1212 4946 Γραφὴν,
1261 4877 1293 4946 ἥ
1334 4879 1460 4939 τοὺς
1509 4881 1630 4940 ταῖς
1676 4880 1973 4949 ἁμαρτίαις

408 4967 855 5031 ὲναποθανόντας,
883 4968 933 5020 οἳ
963 4968 1081 5022 οὐδὲ
1111 4967 1258 5038 ζωήν
1284 4984 1412 5021 ποτε
1445 4969 1604 5022 ἴδοιεν
1625 4984 1639 4998 ·
1671 4969 1703 5038 ἢ
1738 4970 1862 5031 τοὺς
1894 4970 1972 5040 τῷ

409 5056 626 5127 θανάτῳ
658 5058 754 5111 τοῦ
805 5059 1047 5129 Χριστοῦ
1088 5059 1613 5129 συμμορφωθέντας,
1647 5062 1743 5114 καὶ
1772 5061 1978 5115 ἀποθα-

408 5149 596 5208 νόντας
631 5149 728 5219 μὲν
753 5150 830 5221 τῷ
857 5151 1068 5221 κόσμῳ,
1088 5151 1234 5204 τοῦτ’
1257 5150 1373 5205 ἐστι
1397 5153 1516 5214 ταῖς
1544 5154 1834 5221 κοσμικαῖς
1862 5154 1978 5204 ἑπι-

410 5239 657 5310 θυμίαις,
704 5241 910 5305 ζῶντας
945 5242 1002 5295 δὲ
1055 5244 1200 5313 μόνῳ
1240 5243 1500 5313 Χριστῷ⁹
1537 5243 1614 5307 ὡς
1645 5245 1739 5296 καὶ
1769 5242 1976 5306 Παῦλος

412 5345 612 5397 φησιν·
651 5350 668 5382 ι
704 5335 769 5384 ’0
800 5333 856 5385 δὲ
884 5333 980 5386 νῦν
1031 5333 1109 5398 ζῶ
1138 5336 1196 5386 ἐν
1257 5334 1442 5404 σαρκὶ,
1474 5335 1530 5387 ὲν
1569 5333 1750 5388 πίστει
1788 5334 1866 5395 ζῶ
1909 5337 1975 5404 τῇ

410 5421 504 5474 τοῖ
536 5422 664 5475 Υἰοῦ
694 5422 786 5475 τοῦ
817 5423 968 5477 Θεοῦ.
992 5444 1010 5477 ι
1045 5426 1210 5478 Φασὶν
1231 5424 1323 5478 οὖν
1344 5441 1356 5454 °
1398 5427 1461 5479 Οί
1484 5423 1653 5487 οὕτως
1677 5425 1977 5477 ἀποθανόν-

410 5528 502 5575 τες
525 5513 764 5585 Χριστῷ,
799 5518 864 5585 τῇ
893 5517 1054 5587 σαρκὶ
1085 5518 1312 5579 ἑαυτοὺς
1346 5518 1766 5585 κατακρίνουσιν
1794 5516 1886 5567 ἐπὶ
1911 5520 1975 5586 τῇ

512 5694 556 5725 ⁸³
591 5693 736 5748 Psal.
765 5709 906 5760 ιλιι,
934 5693 988 5747 7.
1067 5696 1109 5726 τ’
1142 5694 1284 5748 ΓειΙ,
1337 5710 1466 5758 λυιι,
1494 5696 1548 5749 ‘2.

1628 5695 1673 5727 "
1707 5695 1724 5748 l
1753 5692 1880 5748 Cor.
1923 5708 1992 5759 ιν,
2026 5692 2112 5747 lii.

2074 4607 2371 4666 contineat,
2415 4605 2480 4656 ad
2523 4602 2603 4665 id,
2657 4601 2800 4671 quod
2857 4600 3139 4669 praecedit,
3207 4596 3414 4650 referre
3470 4594 3645 4661 ipsum

2075 4705 2382 4767 opmteata
2421 4695 2617 4750 Illortui
2659 4713 2674 4745 ι
2713 4693 2898 4762 igitur,
2923 4689 3332 4761 inquiunt,duo
3362 4687 3642 4740 hominum

2078 4802 2278 4858 genera
2313 4789 2364 4841 in
2402 4787 2686 4855 Scriptura
2736 4784 3030 4839 dicuntur:
3061 4784 3141 4836 vel
3199 4782 3235 4835 ii
3266 4779 3494 4841 scilicet,
3554 4776 3647 4845 qui

2081 4881 2322 4951 peccatis
2357 4877 2639 4932 immortui
2673 4885 2821 4939 sunt,
2882 4876 2974 4944 qui
3007 4888 3181 4942 neque
3211 4886 3448 4940 unquam
3485 4868 3646 4920 vitam

2079 4973 2278 5026 habere
2309 4977 2609 5041 poterunt;
2656 4969 2736 5024 vel
2775 4970 2866 5038 qui
2901 4967 3108 5023 Christi
3152 4965 3311 5020 morti
3338 4961 3648 5016 conformes

2081 5065 2261 5118 aﬂt-cti
2293 5073 2443 5128 sunt,
2474 5064 2682 5117 mundo
2715 5060 2956 5132 quidem,
3006 5075 3102 5115 seu
3174 5054 3466 5111 mundanis
3525 5051 3651 5104 alle-

2077 5154 2267 5208 ctibus
2299 5155 2522 5217 mortui,
2558 5154 2802 5208 viventes
2843 5161 3025 5206 autem
3060 5149 3280 5203 Christo
3311 5144 3409 5198 soli
3438 5161 3452 5210 ;
3486 5142 3560 5196 uti
3598 5149 3650 5194 et

2081 5231 2282 5300 Paulus
2319 5245 2393 5298 ait
2422 5245 2468 5276 “
2499 5262 2510 5298 :
2547 5263 2566 5296 ι
2606 5245 2758 5311 Quod
2788 5259 2933 5299 nunc
2957 5241 3101 5304 vivo,
3136 5238 3189 5291 in
3218 5251 3405 5300 carne,
3441 5235 3494 5288 in
3550 5233 3652 5287 (ide

2081 5337 2206 5390 vivo
2226 5335 2348 5389 Filii
2394 5335 2511 5390 Dei.
2556 5356 2574 5387 ι
2613 5336 2702 5390 Sic
2739 5337 2921 5404 itaque
2951 5332 3103 5386 aiunt
3142 5346 3156 5382 :
3191 5329 3228 5382 li
3264 5327 3357 5398 qui
3411 5328 3513 5380 hae
3565 5341 3653 5378 ra-

2084 5427 2236 5481 tione
2269 5425 2489 5480 Christo
2542 5424 2866 5480 cemmortui
2923 5426 3076 5484 sont,
3133 5419 3186 5472 in
3237 5433 3400 5472 carne
3445 5415 3654 5483 seipsos

2089 5519 2159 5572 ob
2216 5517 2544 5571 anteriorem
2609 5517 2774 5570 vitam
2867 5510 3138 5567 desidiose
3200 5517 3253 5564 et
3324 5506 3656 5577 negligenter

2206 5691 2248 5722 “
2272 5690 2452 5744 Galat.
2477 5705 2535 5754 ιι,
2561 5689 2652 5742 20.

2649 5915 2662 5944 ί
