4020 6214
510 306 649 373 1213

1448 303 2021 366 THEOPIIYLACTI
2062 301 2471 366 BULGARLE
2513 302 2866 367 ARCHIEP.

3616 307 3745 371 ιιιι

508 432 768 493 prospera
798 430 862 471 ac
898 413 1291 484 imperturbata
1322 413 1431 467 vita
1468 413 1822 484 promittatur
1876 430 1889 469 :
1939 413 2070 466 licet

2199 411 2491 466 ςούλεύουσι
2523 414 2601 485 τῷ
2637 415 2827 485 Κνρίρ
2866 410 3204 482 ἐπαγγελίαν
3253 414 3608 487 ἀνενοχλήτιυ
3646 420 3763 489 βίου

510 512 928 585 superius,cum
954 507 1124 564 servis
1153 516 1420 577 praacepta
1447 505 1888 574 daret,ejnsmodi
1916 506 2085 558 homi-

510 620 611 662 nes
651 601 888 659 breviter
917 599 1236 656 consolatus
1268 606 1435 663 esset,
1470 599 1824 653 nihilominus
1845 616 1988 653 nune
2020 599 2087 652 ad

508 695 764 752 eumdem
806 692 967 747 tinem
1002 691 1209 746 fusiore
1259 691 1434 745 utitur
1464 705 1740 757 sermone,
1776 690 2031 761 inquiens
2070 711 2083 747 :

517 808 535 840 ι
574 785 895 843 Charissimi
925 803 943 836 ι
983 786 1113 855 (qua
1144 784 1557 855 compellatione
1581 785 1762 843 statim
1791 784 2085 855 signiﬁcat,

512 880 624 933 hate
659 877 768 933 illis
829 892 938 931 non
1004 886 1265 945 tanquam
1306 873 1435 931 odio
1470 876 1692 938 habitis,
1749 877 1842 943 sed
1907 877 2089 945 potius

507 968 657 1024 velut
688 969 931 1033 impense
961 966 1180 1023 dilectis
1226 983 1328 1021 usu
1387 965 1617 1035 venire).
1668 983 1686 1016 ι
1733 961 1908 1020 Nolite
1937 981 2091 1035 pere-

509 1054 734 1127 grinari,
769 1073 786 1105 ι
818 1054 921 1107 hoc
942 1062 1045 1119 est,
1082 1070 1151 1110 ne
1173 1052 1466 1109 miremini.
1507 1051 1741 1131 Deinde,
1766 1052 1909 1122 quod
1937 1070 1956 1103 ι
1992 1069 2090 1107 ex-

511 1144 866 1217 plorationem
889 1158 984 1213 per
1019 1142 1196 1213 ignem
1224 1162 1242 1195 ι
1266 1143 1501 1213 appellat
1531 1141 1871 1206 aiilictiones,
1902 1153 2093 1211 aperze

517 1236 745 1303 indicat,
772 1252 868 1294 eas
899 1237 1033 1306 ipsis
1083 1237 1297 1292 nonnisi
1326 1237 1390 1289 ad
1436 1250 1623 1291 eorum
1683 1235 2087 1306 probationem,

511 1345 608 1386 seu
651 1327 997 1399 periclitandi
1020 1343 1117 1383 eos
1161 1342 1344 1387 causa.
1378 1343 1407 1380 a
1441 1328 1552 1382 Deo
1604 1327 1845 1382 immitti.
1882 1325 2089 1395 llujns-

512 1418 662 1473 modi
710 1425 892 1472 autem
946 1416 1378 1487 experimentum
1438 1432 1563 1471 eum
1599 1417 1666 1471 de
1694 1432 1805 1487 quo
1854 1417 2087 1486 capitur,

513 1524 622 1563 non
655 1525 816 1566 secus
841 1524 904 1565 ac
936 1509 1080 1580 ignis
1111 1524 1332 1574 aurum,
1372 1512 1453 1565 vel
1486 1518 1790 1581 argentum,
1817 1507 2092 1576 probatis-

511 1600 712 1654 simum
754 1615 818 1655 ac
884 1615 1099 1655 suuune
1142 1601 1519 1657 testimabilctn
1555 1600 1749 1655 reddit.
1798 1598 2091 1671 Subjungit

509 1706 663 1753 vero.
696 1691 842 1763 quod
872 1693 1121 1748 omnium
1162 1693 1541 1751 beatissimum
1584 1701 1691 1755 est,
1730 1707 1948 1762 nempe,
1987 1706 2084 1746 eos

2189 498 2482 574 κειμένη-ιο
2533 504 2626 557 καὶ
2666 504 2779 558 ἄνω
2828 504 2928 574 μὲν
2985 504 3075 558 διὰ
3126 504 3396 576 βραχέων,
3447 508 3606 573 ἡνίκα
3652 515 3760 575 τοῖς

2187 592 2393 656 δούλοις
2450 594 2797 663 ἐνομοθέτει,
2842 592 2940 664 τὴν
2991 594 3122 665 περὶ
3174 594 3369 648 τούτου
3419 598 3761 669 παράκλησιν

2188 686 2503 755 ἐποιήσατο,
2523 684 2618 738 νῦν
2649 685 2704 739 δὲ
2732 684 3167 757 διεξοδικώτερον
3191 686 3267 753 τῷ
3307 687 3452 758 λόγῳ
3485 689 3758 761 κέχρηται,

2190 774 2285 829 καί
2311 790 2514 845 φησιν’
2552 795 2570 827 ι
2615 775 2950 847 Ἀγαπητοίο
2981 795 2999 827 ι
3049 770 3211 841 εὐθὺς
3250 776 3339 831 διὰ
3381 777 3474 830 τοῦ
3506 779 3757 848 ὀνόματος

2192 866 2493 937 σημαίνων,
2558 867 2635 931 ὡς
2682 868 2746 920 οὐ
2796 867 3166 937 μισουμένοις,
3202 868 3319 922 ἀλλ’
3353 869 3433 934 ὡς
3465 870 3605 938 ἄγαν
3630 874 3757 940 ἁγα-

2192 957 2467 1027 πωμένοις
2496 958 2670 1012 ταῦτα
2701 958 3039 1030 συμϐαίνει.ι
3069 960 3163 1032 Μὴ
3190 959 3461 1026 ξενίζεσθε
3493 980 3511 1013 ι
3540 962 3621 1026 δὲ,
3650 963 3760 1016 ἀντὶ

2190 1050 2308 1111 τοῦ,
2340 1048 2415 1120 μὴ
2450 1049 2788 1121 Θαυμάζετε.
2821 1046 2959 1104 Εἶτα
3008 1050 3104 1105 καὶ
3137 1071 3155 1103 ι
3185 1037 3435 1118 πύρωσιν
3466 1072 3485 1105 ι
3522 1054 3621 1117 τὰς
3660 1052 3761 1105 ολι-

2189 1145 2312 1211 ψεις
2347 1142 2558 1208 εἰπὼν,
2599 1144 2894 1215 ἐνέφηνεν,
2946 1141 3024 1207 ὡς
3086 1142 3175 1196 διὰ
3222 1142 3544 1213 δοκιμασίαν
3588 1146 3760 1206 αὐτοῖς

2191 1226 2356 1291 αὗται
2390 1234 2705 1303 ἐπάγονται.
2739 1258 2758 1286 ι
2806 1235 2873 1289 'H
2906 1234 2963 1289 δὲ
2991 1232 3282 1307 δοκιμασία
3308 1236 3760 1305 περισπούδαστον

2191 1326 2252 1380 τὸ
2282 1325 2712 1396 δοκιμαζόμενον
2758 1325 3035 1392 ἀποτελεῖ,
3077 1328 3152 1391 ὡς
3189 1329 3282 1381 καὶ
3321 1330 3414 1382 τὸν
3449 1328 3646 1399 χρυσὸν
3676 1331 3760 1384 καὶ

2192 1418 2453 1490 ἄργυρον.
2509 1419 2735 1483 Τούτοις
2809 1418 2867 1472 δὲ
2930 1420 2990 1472 τὸ
3046 1419 3465 1492 μακαριώτερον
3512 1421 3759 1476 ἁπάντων

2193 1509 2516 1580 ἐπενέγκας,
2570 1511 2632 1564 τὸ
2685 1508 2814 1573 τοὺς
2858 1510 3032 1565 ταῦτα
3084 1513 3415 1583 πάσχοντας,
3457 1514 3764 1583 ἐναμίλλους

2193 1598 2336 1659 εἶναι
2398 1603 2621 1676 Χριστῷ
2674 1603 2754 1676 τῷ
2793 1601 3128 1675 διδασκάλῳ,
3166 1605 3263 1658 καὶ
3313 1608 3432 1675 μετ’
3460 1605 3619 1659 αὐτοῦ
3648 1607 3765 1667 τοὺς

2193 1690 2286 1745 νῦν
2329 1694 2729 1764 εὴτιμωμένους
2765 1733 2779 1757 ,
2841 1693 2927 1747 ἵνα
2974 1696 3070 1748 καὶ
3148 1695 3577 1759 συνδοξασοῶσιν
3625 1696 3766 1763 αύτῴ

512 1783 607 1853 qui
641 1784 743 1839 ista
778 1785 1182 1854 perpetiuntur,
1216 1784 1528 1842 conformes
1574 1785 1687 1841 ﬁeri
1718 1784 1941 1839 Christo
1976 1785 2082 1838 Do-

2199 1784 2333 1838 κατὰ
2361 1785 2451 1838 τὸν
2477 1784 2741 1855 μέλλοντα
2764 1784 2964 1851 αἰῶνα,
3020 1786 3083 1841 τὺ
3118 1787 3226 1842 πᾶν
3262 1789 3322 1841 ὲν
3360 1786 3562 1850 τούτοις
3605 1802 3766 1840 καταο

512 1873 665 1929 tnino
689 1882 744 1930 et
797 1874 1057 1946 Magistro
1084 1892 1098 1929 :
1130 1878 1398 1944 adeoque,
1431 1876 1478 1930 si
1509 1892 1656 1933 nunc
1689 1893 1815 1931 cum
1847 1876 1965 1947 ipso
1995 1891 2086 1929 va.

2193 1875 2356 1937 παύει
2387 1875 2482 1929 τοῦ
2516 1875 2744 1939 σκοποῦ.
2789 1895 2807 1928 ι

510 1970 615 2027 riis
639 1969 1624 2045 etiiciunturignominiis,postea,in
1658 1971 1840 2028 futuro
1859 1974 2083 2036 sarculo,
2125 1986 2247 2029 cum
2288 1973 2408 2043 ipso
2442 1988 2665 2043 quoque
2733 1972 3120 2044 gloriticandos
3176 1988 3319 2028 esse.
3390 1969 3513 2027 ihcc
3563 1986 3766 2025 summa

516 2062 805 2118 verborum
841 2060 1099 2128 apostoli.

587 2153 754 2210 Vsus.
794 2152 971 2215 ΗΑΒ.
1011 2170 1030 2205 ι
1069 2151 1123 2207 Si
1155 2153 1571 2223 exprobramini
1601 2156 1654 2209 in
1685 2154 1908 2211 nomine
1931 2153 2091 2209 Chri-

517 2243 611 2309 sti,
637 2242 775 2299 beati
801 2243 960 2297 eritis
991 2261 1006 2298 :
1039 2243 1297 2313 quoniam
1321 2246 1467 2317 quod
1495 2255 1578 2301 est
1610 2245 1856 2310 honoris,
1882 2246 2091 2316 gloriae,

514 2344 573 2391 ct
599 2336 822 2392 virtutis
863 2334 979 2400 Dei,
1009 2347 1063 2390 et
1101 2335 1195 2406 qui
1224 2346 1310 2391 est
1348 2336 1469 2405 ejus
1502 2333 1765 2407 Spiritus,
1795 2352 1959 2406 super
1995 2354 2090 2397 vos

516 2428 875 2499 resqniescet.
943 2446 963 2481 ι
1025 2427 1292 2497 Quoniazu
1355 2427 1656 2487 Christiani
1714 2430 2090 2499 appellatnini.

523 2539 543 2574 ι
582 2520 686 2575 Per
715 2521 841 2577 illos
872 2519 1091 2591 quidem
1142 2520 1588 2590 blasphematur;
1641 2520 1808 2595 378
1843 2536 1938 2591 per
1994 2538 2092 2582 vos

516 2621 702 2669 autem
774 2612 1131 2683 gloriﬁcatur.
1206 2612 1375 2668 Nemo
1433 2621 1615 2668 autem
1695 2624 1935 2671 vestrum
2002 2632 2095 2686 pa-

520 2705 709 2766 tiatur,
740 2712 797 2758 ut
828 2704 1121 2769 homicida,
1157 2714 1250 2759 aut
1280 2705 1386 2771 fur,
1422 2714 1516 2760 aut
1551 2706 1870 2763 maledicus.
1901 2727 1921 2767 ι
1953 2707 2098 2765 Sub-

521 2793 854 2849 audiendum
889 2793 1005 2864 qui,
1038 2802 1166 2850 ante
1186 2811 1248 2850 ea
1287 2795 1473 2863 verba,
1511 2814 1531 2848 ι
1566 2795 1668 2851 Per
1697 2796 1824 2853 illos
1876 2798 2096 2873 quidem

523 2883 969 2954 blasphematur.
1011 2904 1030 2937 ι
1073 2884 1280 2957 Nempe
1332 2885 1573 2956 Spiritus
1602 2897 1829 2944 sanrtus
1864 2904 1963 2959 per
1998 2890 2096 2947 im-

521 2979 641 3048 pios
670 2979 889 3049 quidem
925 2978 1229 3034 maledictis
1253 2979 1520 3047 allicitur,
1562 2998 1580 3031 ι
1631 2995 1729 3050 per
1779 2996 1876 3035 vos
1913 2989 2095 3045 autem

511 3069 894 3127 collaudatur.
935 3086 958 3122 ι
997 3068 1321 3135 Quomodo?
1354 3069 1518 3136 Quia,
1552 3086 1677 3126 cum
1707 3071 1784 3129 illi
1816 3087 1912 3127 vos
1960 3071 2097 3128 false

518 3169 809 3225 accusent,
844 3160 927 3217 eis
952 3161 1175 3232 quidem
1206 3161 1532 3233 ignominia,
1563 3163 1720 3220 vobis
1751 3175 1934 3220 autem
1979 3166 2098 3235 διο·
2125 3192 2168 3250 c

516 3248 606 3303 fin
638 3249 957 3305 aﬂuttdilttl‘.

592 3338 759 3396 Vsus.
795 3340 884 3404 15,
908 3340 994 3396 16.
1022 3360 1041 3394 ι
1073 3340 1165 3398 Vel
1186 3352 1245 3398 ιιι
1271 3344 1568 3397 alienorum
1596 3343 1886 3414 appetitor.
1917 3343 1971 3396 Si
1998 3358 2100 3401 au-

512 3439 634 3488 ?tem
655 3441 712 3488 ut
735 3432 1102 3498 Christianus,
1125 3451 1230 3491 non
1255 3435 1542 3492 erubescat
1576 3456 1592 3491 :
1623 3436 1890 3507 gloriﬁcet
1915 3445 2096 3491 autem

515 3523 697 3581 *Deum
734 3524 790 3580 in
846 3526 952 3581 isto
992 3528 1234 3581 nomine.
1272 3547 1291 3583 ι
1326 3528 1646 3589 Alienorum
1696 3532 1969 3600 appetitor
2007 3530 2096 3584 hic

510 3615 751 3678 dicitur,
792 3617 884 3686 qui
917 3617 1096 3673 aliena
1149 3619 1420 3677 curiosius
1481 3620 1725 3692 indagat,
1788 3630 1848 3677 nt
1897 3621 2104 3679 calum-

513 3704 715 3761 niandi
744 3707 1089 3764 occasionem
1141 3708 1338 3766 habeat
1371 3727 1387 3766 :
1418 3712 1562 3781 quod
1611 3724 1695 3767 est
1726 3712 1966 3778 scelesti,
1998 3711 2101 3766 do-

526 3792 633 3851 losi
670 3802 724 3848 et
749 3793 815 3849 ad
850 3810 1013 3851 omne
1055 3797 1256 3861 malum
1288 3798 1588 3868 comparati
1622 3798 1814 3858 animi.

594 3880 762 3940 Vens.
795 3884 989 3952 17,18.
1033 3904 1052 3940 ι
1092 3887 1360 3954 Quoniam
1402 3898 1613 3958 tempus
1644 3897 1752 3954 cst,
1785 3897 1840 3940 ut
1876 3888 2101 3961 incipiat

510 3975 786 4047 judicium
814 3994 844 4032 a
866 3980 1045 4048 :dotno
1094 3980 1207 4035 Dei.
1251 3981 1307 4034 Si
1336 3990 1519 4035 autem
1561 3981 1796 4050 primum
1828 3997 1858 4035 a
1890 3983 2050 4038 nobis
2080 4023 2096 4048 ,

494 4069 618 4138 squi
654 4068 779 4126 ﬁnis
809 4086 1026 4137 eorum,
1064 4072 1154 4141 qui
1211 4087 1317 4127 non
1350 4073 1584 4126 credunt
1649 4072 1740 4130 Dei
1776 4072 2094 4145 Evangelia.

516 4160 592 4218 Et
621 4162 875 4232 sijustus
901 4162 990 4217 vix
1027 4162 1347 4229 salvahitur,
1381 4164 1579 4234 impius
1614 4171 1669 4219 et
1705 4176 1962 4234 peccator
1997 4165 2091 4219 ubi

513 4258 792 4325 «parebunt
829 4255 854 4309 τ
894 4273 1020 4309 ›-ι
1045 4253 1318 4310 Iudicium
1359 4274 1380 4308 ι
1411 4255 1498 4311 hic
1520 4272 1626 4310 non
1657 4256 2043 4312 coxndemnatio
2074 4257 2097 4310 ?

524 4360 672 4412 nem,
727 4344 823 4402 sed
879 4345 1280 4402 discessionem
1335 4354 1389 4402 et
1437 4347 1839 4416 indagationcnt
1915 4356 2091 4401 vocat.

518 4435 719 4496 Terret
747 4448 929 4495 autem
978 4455 1095 4507 eos,
1124 4446 1184 4495 ut
1217 4457 1248 4497 ιι
1281 4450 1520 4509 torpore,
1575 4441 1628 4496 in
1663 4456 1772 4512 quo
1822 4440 2096 4505 vivebant,

2279 2168 2297 2201 ι
2336 2148 2398 2211 Εἰ
2424 2146 2754 2215 δνειδῖζεσθε
2800 2150 2858 2202 ἐν
2908 2149 3141 2221 ὀνόματι
3170 2149 3436 2221 Χριστοῦ,
3484 2151 3765 2221 μακὶριοι⁶

2201 2242 2282 2297 ὅτι
2304 2242 2479 2307 τὸτῆς
2512 2241 2671 2311 δόξης
2700 2241 2798 2294 καὶ
2830 2240 2891 2293 τδ
2935 2240 3027 2292 τοῦ
3058 2239 3191 2294 Θεοῦ
3245 2242 3470 2312 Πνεῦμα
3504 2245 3589 2311 ἐφ’
3634 2245 3769 2314 ὑμᾶς

2201 2334 2562 2390 ἀναπαύεται.
2601 2352 2618 2384 ι
2662 2333 2749 2384 Ἐν
2776 2333 2854 2402 τῷ
2886 2333 3204 2404 Χριστιανοὶ
3236 2332 3540 2386 καλεῖσθαι.
3573 2354 3590 2384 ι
3622 2336 3772 2388 Κατᾶ

2205 2427 2304 2498 μὲν
2334 2426 2531 2489 αὐτοὺς
2560 2424 2984 2496 βλασφημεῖται,
3023 2424 3165 2478 κατὰ
3201 2424 3256 2478 δὲ
3296 2424 3439 2495 ὑμᾶς
3480 2424 3769 2491 δοξάζεται.

2198 2518 2290 2589 Μὴ
2318 2520 2423 2588 γάρ
2479 2536 2559 2581 τις
2598 2519 2750 2588 ὑμῶν
2795 2518 3053 2589 πασχέτω
3082 2516 3157 2581 ὡς
3201 2518 3419 2588 φονεὺς,
3456 2518 3490 2589 ἢ
3521 2517 3767 2588 λοίδορος,

2202 2610 2235 2681 ἢ
2268 2609 2474 2680 κλέπτη
2486 2627 2526 2671 ς,
2552 2608 2584 2678 ἢ
2606 2608 2950 2672 κακοποιὸς.»
2973 2610 3497 2682 Προσυπακουστέον
3519 2608 3598 2674 τὸ,
3620 2609 3770 2677 ὅπερ,

2209 2721 2228 2754 ι
2269 2703 2406 2756 Κατ’
2470 2703 2667 2767 αὐτοὺς
2736 2704 2836 2772 μὲν
2898 2703 3322 2775 βλασφημεῖται,
3364 2720 3384 2753 ι
3428 2702 3488 2755 τὸ
3523 2701 3622 2754 ’τοῦ
3642 2698 3770 2754 Θεοῦ

2204 2795 2448 2868 δηλονότι
2479 2796 2727 2867 Πνεῦμα,
2760 2797 2900 2850 κατᾶ
2943 2796 3045 2868 μὲν
3093 2797 3221 2859 τοὺς
3268 2797 3507 2862 ἀσεϐεῖς,
3543 2795 3773 2866 βλασφη-

2206 2890 2411 2958 μεῖται,
2445 2907 2463 2941 t
2496 2888 2639 2945 κατᾶ
2662 2887 2718 2941 δὲ
2744 2888 2889 2959 ὑμᾶς
2921 2887 3228 2953 δοξάζεται.
3269 2908 3287 2939 ι
3320 2887 3480 2953 “dig;
3510 2885 3771 2955 Ὀτιψευ-

2201 2980 2309 3043 δῶς
2336 2980 2364 3031 ύ
2374 2978 2489 3050 μῶν
2511 2979 2963 3051 κατηγορούντων
2983 2979 3184 3041 αὐτῶν.
3206 2979 3436 3043 ἐκείνοις
3456 2979 3554 3050 μὲν
3611 2994 3769 3031 κατα-

2202 3075 2381 3143 χεῖται
2410 3073 2668 3143 αῑσχύνη,
2695 3072 2827 3144 ὑμῖν
2863 3073 2920 3126 δὲ
2954 3071 3100 3138 δόξα.

2275 3360 2294 3395 ι
2333 3341 2404 3395 Ἣ
2429 3338 2503 3405 ὼς
2548 3339 3122 3413 ἀλλοτριοεπῖσκοπος.
3155 3340 3218 3394 Ei
3252 3341 3304 3394 δὲ
3329 3342 3402 3403 ὡς
3430 3342 3782 3409 Χριστιανδς,

2205 3433 2281 3505 μὴ
2309 3432 2648 3504 αἰσχυνέσθω
2672 3448 2685 3465 ο
2717 3431 2984 3498 δοξαζέτω
3022 3431 3080 3485 δὲ
3126 3432 3218 3485 τὸν
3254 3432 3383 3485 Θεὸν
3415 3431 3472 3483 ἒν
3509 3432 3587 3501 τῷ
3620 3433 3782 3503 μέρει

2200 3524 2396 3593 τούτῳ.
2441 3542 2460 3575 ι
2488 3553 2559 3563 ——
2589 3542 2606 3574 ι
2654 3523 3254 3593 Ἀλλοτριοεπίσκοπος,
3297 3541 3315 3574 ι
3353 3523 3381 3576 6
3415 3524 3479 3575 τὰ
3525 3523 3779 3594 ἀλλότρια

2202 3615 2727 3687 περιεργαζόμενος,
2762 3617 2849 3670 ἵνα
2880 3614 3137 3686 ἀφορμὴν
3169 3614 3439 3685 λοιδορίας
3461 3615 3579 3687 ἔχῃ.
3613 3616 3785 3668 Τοῦτο

2199 3707 2256 3762 δὲ
2283 3709 2486 3778 μιαρᾶς
2510 3707 2605 3761 καὶ
2633 3706 2946 3779 κακούργου
2981 3705 3183 3778 ψυχῆς,
3208 3705 3303 3760 καὶ
3342 3706 3479 3776 πρὸς
3504 3706 3613 3759 πᾶν
3643 3706 3783 3759 ἑτοῖ-

2204 3815 2314 3870 μης
2337 3798 2509 3854 κακόν
2537 3801 2676 3861 ἐστι.
2815 3784 2823 3789 ﬁ

2276 3908 2296 3941 ι
2336 3890 2461 3943 Ὅτι
2489 3888 2517 3943 6
2554 3890 2744 3961 καιρδς
2771 3890 2867 3944 τοῦ
2903 3889 3172 3961 ἄρξασθαι
3219 3890 3281 3945 τδ
3321 3891 3497 3964 κρῖμα
3547 3891 3656 3945 ἀπὸ
3692 3891 3780 3944 τοῦ

2198 3982 2350 4036 οἰκον
2374 3981 2470 4036 τοῦ
2514 3982 2673 4038 Θεοῦ.
2704 3982 2767 4036 Εἰ
2787 3982 2843 4035 δὲ
2876 3983 3094 4055 πρῶτον
3129 3984 3222 4052 ἀφ’
3247 3983 3424 4056 ὑμῶν,
3456 3984 3510 4037 τι
3537 3984 3601 4037 τὸ
3634 3983 3783 4047 τέλος

2199 4072 2308 4126 τῶν
2336 4072 2713 4127 ἀπειθούντων
2744 4073 2823 4144 τῷ
2859 4073 2955 4128 τοῦ
2981 4074 3118 4129 Θεοῦ
3148 4075 3498 4147 Εὖαγγελίῳς
3536 4076 3648 4129 Καὶ
3679 4076 3729 4128 εἰ
3760 4078 3788 4128 6

2196 4164 2408 4228 δίκαιος
2461 4164 2616 4235 μόλις
2668 4163 2922 4229 σώζεται,
2982 4167 3009 4220 6
3044 4165 3248 4237 ἀσεϐὴς
3300 4168 3396 4221 καὶ
3462 4166 3789 4239 ἁμαρτωλὸς

2199 4261 2303 4314 ποῦ
2336 4260 2616 4330 φανεῖταις
2653 4280 2670 4312 ι
2704 4291 2776 4301 -
2809 4278 2829 4313 ι
2864 4262 3050 4332 Κρῖμιι
3090 4282 3108 4313 ι
3137 4261 3231 4314 νῦν
3256 4262 3315 4314 οὗ
3349 4262 3411 4314 τὸ
3434 4262 3783 4331 κατάκριμα,

2198 4352 2332 4406 ἀλλὰ
2369 4352 2468 4422 τὴν
2508 4354 2753 4419 ἐξέτασιν
2800 4354 2972 4422 λέγει,
3014 4354 3113 4425 τὴν
3156 4354 3414 4425 ἔρευναν.
3472 4355 3786 4425 Ἐμορύὸους

2199 4438 2256 4491 δὲ
2290 4439 2486 4500 αὐτοὺς
2536 4442 2702 4501 ποιεῖ,
2759 4440 2852 4495 τοῦ
2900 4442 3146 4515 ῥᾳθύμου
3192 4442 3308 4513 βίου
3347 4444 3545 4506 αὐτοὺς
3609 4445 3792 4496 ἀπαν-

511 4528 745 4585 excitet.
775 4526 985 4583 Idcirco
1018 4527 1201 4585 subdit
1230 4544 1246 4585 :
1283 4547 1304 4583 ι
1349 4528 1405 4585 Si
1459 4529 1626 4600 igitur
1658 4529 1893 4600 primum
1926 4545 1956 4582 ιι
1985 4543 2087 4581 no-

2199 4529 2491 4591 ιστῶν.Διδ
2521 4530 2615 4586 καὶ
2644 4531 2897 4604 ἐπιφέρει
2917 4546 2933 4564 ⁸
2967 4535 3028 4587 Εἰ
3052 4529 3145 4589 οῦν
3180 4554 3200 4586 ιι
3236 4534 3428 4605 πρώτη
3449 4535 3541 4604 ἀφ’
3566 4534 3736 4606 ὑμῶν
3770 4554 3788 4587 ι

515 4620 608 4676 bis
644 4638 663 4672 ι
699 4619 973 4676 (ιὶεοιιιεείο
1013 4620 1240 4691 incipiet
1277 4634 1493 4686 eorum,
1528 4636 1649 4692 qua:
1702 4620 1944 4675 viventes
1975 4620 2094 4693 egi-

517 4722 685 4773 anns;
720 4709 937 4779 qualem
972 4719 1227 4780 putamus
1262 4707 1504 4765 futurum
1562 4726 1750 4766 eorum
1788 4709 1969 4770 linem.
2001 4713 2095 4781 qui

524 4814 635 4852 non
666 4799 1020 4853 crediderunt
1044 4800 1102 4852 ?t
1134 4800 1329 4871 Incipit
1366 4809 1548 4866 autem
1572 4801 1837 4870 judicium
1870 4817 1899 4856 a
1927 4802 2091 4857 domo

524 4890 620 4946 Dei
645 4907 661 4944 :
688 4909 708 4943 ι
729 4904 854 4945 nam
875 4891 1172 4947 secundum
1188 4908 1442 4965 magnum
1478 4892 1754 4958 Basilium,
1777 4891 2102 4948 naturaliter

522 4996 712 5038 eorum
767 4982 860 5052 qui
939 4982 1098 5040 nobis
1157 4983 1566 5049 fatniliarissimi
1629 4994 1796 5046 sunt,
1859 4983 2096 5039 oﬂ‘ensas

523 5072 806 5143 «gerrime
834 5070 1085 5128 ferimus.
1108 5075 1358 5133 Omnium
1388 5060 1520 5131 vero
1550 5073 1960 5129 familiarissimi
1986 5074 2098 5128 Deo

525 5170 657 5216 sunt
698 5163 906 5229 ﬁdeles,
937 5164 1033 5234 qui
1066 5165 1287 5220 domum
1321 5167 1465 5235 ejus,
1512 5164 1617 5219 hoc
1647 5174 1754 5226 est,
1794 5164 2093 5218 Ecclesiam

525 5254 758 5324 replent.
784 5255 1151 5322 Quamobrem
1176 5252 1393 5312 dieebat
1435 5257 1748 5312 Salvator"
1787 5276 1799 5311 :
1843 5255 2083 5310 Prinunn

528 5360 549 5397 ι
586 5342 734 5399 dicet
772 5344 881 5411 his,
902 5345 995 5417 qui
1022 5362 1053 5403 a
1079 5346 1287 5403 dextris
1338 5346 1458 5416 ejus
1519 5355 1704 5402 et'unt.
1739 5366 1757 5398 ι
1817 5345 2094 5402 Judicium

527 5449 657 5490 vero
687 5435 796 5503 hic,
818 5450 918 5492 seu
941 5438 1366 5504 discussionem,
1390 5446 1548 5494 vocat
1587 5438 1935 5506 atllictionos,
1972 5454 2095 5508 quae

522 5525 782 5584 ﬁdelibus
836 5528 1153 5586 inderentur
1205 5533 1274 5588 ab
1307 5530 1489 5604 impiis
1524 5549 1537 5586 :
1573 5529 1719 5603 quod
1766 5540 2090 5587 eventurum

598 5699 647 5733 "
677 5704 865 5760 Matth.
898 5720 1020 5776 xxv,
1060 5706 1147 5761 54.

2201 4620 2448 4684 ἐξέτασις
2470 4620 2578 4674 τῶν
2601 4620 2969 4694 βεϐιωμένων,
2991 4625 3045 4678 τί
3068 4624 3175 4696 χρὴ
3200 4626 3352 4687 τέλος
3382 4625 3629 4695 νομίζειν
3657 4626 3795 4698 [τῶν

2200 4710 2642 4785 ἀπειθησάντων]
2672 4731 2687 4780 ;
2724 4715 2987 4784 ’Λρχεται
3013 4714 3068 4768 δὲ
3101 4716 3316 4787 πρῶτον
3350 4717 3457 4769 ἀπὸ
3503 4715 3598 4769 τοῦ
3634 4718 3794 4770 οἴνου

2198 4800 2292 4853 τοῦ
2324 4799 2460 4853 Θεοῦ
2481 4818 2494 4831 ·
2533 4802 2677 4855 κατὰ
2705 4801 2815 4873 γὰρ
2853 4803 2947 4856 τὸν
2978 4802 3154 4873 μέγαν
3198 4803 3498 4869 Βασίλειον,
3535 4808 3796 4872 φυσικῶς

2200 4891 2312 4953 τοῖς
2342 4891 2695 4957 οἱκειοτᾷιτοις
2716 4893 2749 4961 ὴ
2760 4890 2877 4961 μῶν
2914 4892 3337 4962 χαλεπαίνομεν,
3365 4894 3492 4947 ὃταν
3514 4895 3594 4956 εἰς
3636 4897 3796 4965 ἡμᾶς

2200 4980 2673 5052 ἐξαμαρτάνωσιν,
2704 4983 3039 5038 Οικειότατοι
3070 4985 3128 5039 δὲ
3175 4986 3317 5058 Θεῷ,
3342 4989 3441 5041 οὐκ
3474 4987 3651 5050 ἄλλοι,
3678 4988 3716 5059 ἦ
3748 4989 3798 5041 οἱ

2201 5074 2408 5135 πιστοὶ,
2442 5074 2492 5127 οἱ
2522 5074 2970 5145 συμπληροῦντες
3011 5076 3177 5131 αὐτοῦ
3207 5079 3300 5132 τὸν
3329 5077 3497 5144 οἷκον,
3519 5079 3644 5149 ἦτοι
3691 5080 3798 5151 τὴν

2212 5162 2561 5232 Ἐκκλησίαν.
2587 5166 2679 5218 Διὸ
2707 5167 2801 5219 καὶ
2828 5169 2856 5218 6
2887 5164 3076 5238 Σωτὴρ
3139 5168 3295 5235 ἔλεγε
3316 5185 3331 5202 ·
3356 5168 3577 5241 Πρῶτον
3608 5189 3629 5222 ι
3676 5173 3802 5242 ἐρεῖ

2200 5257 2313 5320 τοῖς
2357 5257 2423 5317 ἐκ
2488 5255 2699 5320 δεξιῶν.
2747 5276 2766 5309 ι
2823 5285 2886 5301 -ο
2926 5278 2944 5310 ι
3000 5260 3191 5333 Κρῖμα
3228 5281 3247 5314 ι
3278 5263 3335 5315 δὲ
3378 5261 3637 5325 ἐνταῦθα,
3700 5263 3797 5315 τὸν

2204 5346 2463 5416 ὲτασμδν,
2516 5348 2616 5411 τὰς
2668 5346 2880 5418 ολίψεις
2930 5350 3079 5419 λέγει
3107 5351 3206 5419 τὰς
3248 5353 3359 5406 ἀπὸ
3408 5355 3516 5408 τῶν
3561 5353 3801 5407 ἀσεόὡν

2204 5438 2589 5510 ἐπενεχθείσας
2648 5441 2759 5503 τοῖς
2800 5444 3012 5505 πιστοῖς
3100 5436 3172 5501 Iw
3217 5445 3313 5497 καὶ
3342 5443 3371 5498 6
3400 5444 3604 5516 Κύριος
3652 5465 3799 5516 προ-

2205 5531 2534 5604 κατήγγειλε
2570 5532 2667 5597 τὴν
2692 5531 3001 5606 ἐπαγωγὴν,
3075 5533 3278 5607 ῐρηκὼς
3300 5552 3316 5570 ·
3353 5554 3375 5591 ι
3423 5532 3804 5607 [imp-ﬁdimu-
