4020 6214
339 257 474 334 tals

1145 268 1548 330 EXPOSITIO
1589 268 1670 329 IN
1707 269 1923 328 EPIST
1977 269 2000 326 Ι
2037 269 2094 326 S.
2138 270 2482 328 PETlil.—-
2509 270 2669 332 CAP.
2701 271 2764 331 V.

3449 269 3579 337 ιειε

333 401 417 438 σιν
446 382 588 452 ὑμᾶς
618 381 697 443 είς
727 378 1000 447 συνέδρια,
1037 397 1054 430 ι
1085 379 1176 430 καὶ
1204 377 1271 431 τά
1296 377 1438 446 ἑξῆς.
1467 375 1598 432 Εἶτα
1635 378 1709 442 ὠς
1733 396 1903 448 παρα-

2015 379 2260 447 prscdixit
2299 379 2580 442 Dominus,
2605 395 2728 434 cum
2761 378 3044 448 discipulis
3075 378 3189 434 suis
3226 379 3300 434 ait
3333 400 3344 434 :
3389 401 3406 433 ι
3447 383 3582 436 Τιίμ

334 473 673 544 μυθούμενος
723 472 920 534 αὐτοὺς
968 469 1247 540 ἐπιφέρει*
1304 472 1365 524 Εἰ
1424 467 1517 525 οῦν
1558 472 1710 541 ὑμῶν
1734 471 1906 533 οὕτως

327 566 498 618 ὄντων
542 563 890 617 οἰκειοτάτων
944 562 1092 631 αὐτῷ
1128 603 1143 627 ,
1191 563 1253 616 ού
1309 563 1567 630 φείδεται,
1621 563 1908 631 ἐννοήσατε

328 659 383 710 τί
412 657 564 718 τέλος
609 654 762 708 ἔσται
807 655 920 718 τοῖς
966 655 1217 708 ἀσεϐέσι’
1264 655 1362 708 καὶ
1397 654 1707 725 [πιστοῦται
1751 654 1908 708 τοῦτο

328 748 440 802 ἀπὸ
464 748 560 816 τῆς
613 744 897 818 ι’ραφῆςο]
936 766 953 798 ι
997 747 1058 799 Ei
1089 746 1117 798 6
1156 746 1364 809 δίκαιος
1413 747 1566 816 μόλις
1605 747 1854 810 σώζεται,
1881 748 1908 799 6

330 841 536 910 ἀσεόὴς
566 840 660 893 καὶ
689 839 1013 910 ἁμαρτωλὸς
1042 839 1145 892 ποῦ
1185 842 1434 907 φανεῖται
1461 857 1476 902 ;
1513 858 1529 891 9
1575 839 1825 893 Τοιοῦτον
1851 839 1909 892 δέ

331 937 499 998 ἐστιν,
529 933 556 987 6
585 934 773 1000 λέγει·
805 933 866 985 Ei
909 933 937 984 6
991 931 1194 995 δίκαιος
1243 932 1396 1001 κόπῳ
1425 931 1518 986 καὶ
1576 930 1759 1001 μόχθῳ
1808 933 1908 1000 τῆς

333 1025 606 1094 σωτηρίας
644 1023 904 1093 τυγχάνει
963 1041 983 1076 ι
1044 1023 1300 1093 (Βιαστὴ
1344 1024 1452 1092 γάρ
1521 1025 1670 1076 ἐστιν
1724 1025 1756 1092 ή
1807 1023 1905 1091 βα-

332 1119 506 1171 σιλεία
541 1117 650 1170 τῶν
673 1116 938 1186 ούρανῶν,
975 1133 994 1167 9
1028 1117 1123 1168 καὶ
1160 1115 1247 1169 διὰ
1299 1115 1508 1169 πολλῶν
1553 1115 1784 1184 θλίψεων
1809 1117 1908 1168 αύ-

329 1212 428 1278 τῆς
451 1227 532 1274 τις
559 1209 866 1278 τυγχάνει),
899 1209 948 1261 οί
979 1207 1168 1262 ἄνετον
1214 1197 1328 1276 βίον
1363 1207 1460 1260 καὶ
1509 1207 1907 1260 ἀπολαυστικὸν

304 1301 554 1388 1ζῶντες,
619 1301 787 1354 τίνων
842 1299 1162 1364 τεύξονταις
1215 1299 1373 1352 Κατά
1419 1299 1509 1351 τὸν
1561 1298 1818 1369 μέλλοντα
1850 1300 1906 1352 δὲ

330 1393 522 1456 αἰῶνα,
554 1391 615 1445 τὺ
647 1391 776 1463 περὶ
813 1389 924 1444 τῶν
959 1389 1170 1444 ἀσεϐῶν
1231 1389 1546 1443 ἀκουστέον.
1605 1390 1705 1441 Διά
1748 1388 1908 1442 τοῦτο

327 1481 608 1553 καϊὴμεῖς
649 1499 667 1533 ι
711 1483 1016 1552 πάσχοντες
1045 1481 1187 1534 κατά
1214 1481 1275 1534 τὸ
1317 1481 1530 1551 θέλημα
1559 1481 1652 1534 τοῦ
1677 1479 1833 1545 Θεοῦ,
1879 1502 1897 1534 9

331 1575 404 1646 μὴ
470 1575 824 1647 ῥᾳθυμῶμεν,
879 1573 995 1629 ἀλλ’
1030 1592 1048 1626 ι
1091 1573 1166 1636 ὡς
1251 1573 1428 1641 πιστῷ
1467 1573 1674 1643 Κτίστῃ
1726 1584 1906 1642 παρα.

243 1677 246 1680 ’
326 1667 604 1735 ⁸πιθώμεθα
643 1667 740 1728 τὰς
767 1666 948 1736 ψυχὰς
975 1658 1133 1736 ἡμῶν
1158 1666 1215 1717 ἐν
1255 1665 1602 1736 ἀγαθοποιίᾳ.
1645 1684 1663 1716 9

309 1773 311 1776 ‘
403 1777 422 1810 ι
451 1759 614 1811 Ὥστε
677 1757 774 1811 καλ⁵
822 1758 872 1811 οἱ
924 1751 1230 1826 πάσχοντες
1265 1757 1405 1810 κατᾶ
1439 1757 1500 1809 τὸ
1557 1757 1768 1828 θέλημα
1802 1753 1898 1811 τοῦ

327 1851 462 1903 Θεοῦ
493 1853 569 1913 ὡς
597 1849 774 1919 πιστῷ
808 1849 1017 1920 κτίστῃ
1059 1849 1550 1920 παρατιθέσθωσαν
1592 1850 1687 1908 τὰς
1728 1851 1906 1921 ψυχὰς

329 1942 509 1994 αὐτῶν
544 1943 599 1995 ὲν
632 1941 980 2007 ἀγαθοποιία.
1019 1960 1037 1993 ι
1074 1972 1142 1982 —-
1177 1959 1196 1993 ι
1232 1942 1455 2012 Θέλημιι
1501 1942 1595 1996 τοῦ
1647 1943 1779 1996 Θεοῦ
1813 1964 1832 1996 ›
1869 1944 1902 2013 ἢ

329 2031 456 2106 [ὅτι]
499 2033 598 2086 ούκ
648 2032 752 2097 ἔξω
799 2033 898 2102 τῆς
927 2031 1020 2085 τοῦ
1069 2032 1204 2085 Θεοῦ
1247 2034 1504 2103 προνοίας
1533 2035 1597 2087 τὰ
1659 2036 1902 2105 ἡμέτερα

326 2125 497 2198 πάθη,
520 2114 717 2194 δηλῶν,
744 2116 858 2174 ἀλλδ
893 2116 1006 2176 οἷον
1050 2118 1298 2194 δοκίμιον
1345 2124 1518 2177 ταῦτα
1553 2124 1645 2178 ὑπ’
1697 2127 1902 2179 ἐκείνου

328 2220 460 2288 ἡμῖν
502 2215 902 2288 βραϐευόμενα,
961 2207 995 2285 ἢ
1051 2216 1131 2269 ὅτι
1177 2215 1253 2276 ὡς
1291 2217 1429 2284 ὑπὲρ
1465 2215 1558 2268 τοῦ
1601 2217 1904 2286 θελήματος

327 2305 490 2361 αὑτοῦ
523 2305 844 2373 πάσχοντες,
875 2302 1023 2373 αύτῷ
1057 2304 1478 2374 παραχωρῶμεν
1512 2306 1607 2356 καὶ
1628 2306 1724 2376 τὴν
1742 2306 1905 2359 ἐκϐα-

329 2415 433 2452 σιν.
469 2397 666 2459 Πιστὸς
694 2397 807 2465 γὰρ
866 2389 1044 2458 οὗτος,
1093 2393 1258 2447 οἱονεὶ
1303 2393 1564 2464 ἀψευδὴς,
1621 2396 1765 2448 κατὰ
1805 2395 1904 2458 τάς

325 2478 656 2556 ἑπαγγελίας
692 2486 882 2551 αὑτοῦ,
924 2485 1018 2540 καὶ
1073 2485 1174 2538 οὐκ
1205 2501 1224 2535 ι
1299 2485 1454 2538 ὲάσει
1501 2486 1648 2554 ἡμᾶς
1706 2486 1846 2557 ὑπὲρ
1876 2485 1905 2539 ὃ

325 2579 601 2648 δυνάμεθα
622 2578 1005 2649 πειρασθῆναι.
1047 2595 1068 2629 9
1100 2576 1224 2640 Πῶς
1252 2578 1308 2630 δὲ
1349 2577 1428 2630 δεῖ
1459 2576 1577 2647 Θεῷ
1603 2578 1901 2646 παρατιθέ-

325 2685 414 2726 ναι
446 2667 674 2737 ἒαυτόνς
707 2688 727 2721 ι
778 2670 866 2723 Ἐν
901 2670 1256 2741 ἀγαθοποιίᾳ,
1283 2689 1300 2721 9
1340 2668 1516 2740 [φησι.
1542 2670 1682 2722 Τίδὲ
1701 2670 1902 2743 τοῦτο;]

327 2761 402 2813 Ἰδ
441 2762 500 2812 ἐν
534 2760 1009 2831 ταπεινοφροσύνῃ
1043 2759 1356 2813 ἀνατιθέναι
1399 2761 1611 2827 ἑαυτὸν,
1648 2761 1722 2830 μὴ
1760 2763 1905 2832 μέγα.

320 2845 415 2919 ’ἐφ’
458 2844 538 2913 οἷς
592 2849 792 2918 πάσχει
829 2866 916 2912 τις
965 2849 1201 2920 φρονῶν,
1243 2851 1357 2904 ἀλλ’
1393 2851 1502 2920 ὅσῳ
1544 2853 1712 2920 μείζω
1760 2847 1906 2906 δικεί

325 2942 581 3012 πάσχειν,
622 2941 862 3010 τοσούτῳ
911 2943 1130 3013 ἀχρεῖον
1162 2944 1462 3012 λογιζέσθω
1485 2945 1700 3007 ἑαυτὸν,
1729 2945 1902 3012 λέγων

2012 472 2142 526 dent
2189 488 2286 526 vos
2338 474 2390 526 in
2437 472 2782 536 conciliis“,
2815 490 2832 524 9
2873 481 2980 525 etc.
3025 471 3227 526 Deinde
3279 474 3442 528 veluti
3483 491 3578 530 eos

2009 565 2400 618 consolaturus
2451 565 2685 619 subdit:
2726 563 2782 618 Si
2843 563 3020 628 vobis,
3069 579 3383 633 quanquam
3443 567 3579 621 adeo

2008 655 2306 710 familiares
2334 656 2407 708 illi
2439 656 2593 719 estis,
2621 671 2728 708 non
2759 655 2964 724 parcit;
3000 655 3363 721 considerate,
3391 659 3580 728 ecquis

2010 746 2298 813 impiorum
2332 746 2547 801 futurus
2581 748 2652 803 sit
2707 747 2852 800 linis.
2893 765 2910 798 ι
2962 746 3024 799 Et
3055 748 3100 800 si
3138 746 3322 814 justus
3354 748 3442 801 vix
3467 749 3580 803 sal-

2009 838 2241 902 vabitur,
2267 837 2467 906 impius
2512 845 2564 891 et
2587 847 2838 906 peccator
2859 837 2947 891 ubi
2973 837 3276 912 parebunt?
3307 855 3325 889 9
3358 837 3580 907 Nempe,

2009 931 2054 985 si
2085 929 2268 999 justus
2302 930 2516 985 nonnisi
2559 930 2745 985 labore
2775 939 2830 984 et
2860 930 3129 999 angustiis
3170 929 3397 984 salutem
3424 945 3578 984 suam

2007 1021 2362 1092 consequitur
2391 1023 2470 1091 (τ’
2501 1039 2517 1072 ι
2558 1021 2802 1091 Regnum
2834 1022 2975 1075 enim
3003 1022 3263 1076 caelorum
3298 1021 3404 1075 vim
3443 1023 3578 1091 pati-

2007 1119 2118 1175 tur,
2159 1130 2177 1162 9
2247 1127 2340 1166 seu
2389 1112 2576 1166 multis
2630 1111 3014 1166 aﬂlietionibus
3050 1111 3455 1180 comparatur),
3483 1113 3576 1182 qui

2010 1204 2240 1259 inertem
2305 1211 2360 1258 et
2409 1204 2788 1272 Voluptuosam
2825 1204 2987 1257 vitam
3039 1204 3264 1268 ducunt,
3301 1219 3394 1258 seu
3429 1203 3580 1271 impii

2008 1296 2230 1364 quique,
2255 1294 2383 1363 quid
2420 1295 2470 1348 in
2503 1294 2690 1348 fitturo
2719 1293 2918 1350 saeculo
2973 1310 3075 1364 pro
3117 1295 3424 1350 malefactis
3463 1297 3580 1351 suis

2010 1387 2324 1456 recipient?
2357 1385 2703 1457 Quapmpter
2746 1394 2800 1440 et
2835 1401 2957 1451 nos,
3008 1386 3101 1455 qui
3159 1386 3254 1440 Dei
3304 1387 3581 1440 voluntate

2009 1480 2235 1535 adversa
2270 1480 2530 1549 patimur,
2568 1479 2776 1534 inertiae
2809 1493 2909 1534 nos
2977 1486 3142 1548 atque
3195 1479 3416 1534 desidia:
3470 1495 3581 1533 non

2008 1576 2316 1638 tradamus,
2347 1575 2439 1630 sed
2475 1583 2627 1629 recte
2679 1573 2948 1638 faciendo,
2992 1572 3099 1628 Deo
3126 1581 3386 1642 tanquam
3438 1570 3579 1625 ﬁdeli

2010 1667 2290 1721 Conditori
2323 1667 2771 1722 commendemus
2811 1666 3022 1722 animas
3053 1674 3291 1720 nostras.

2080 1758 2240 1813 Vsus.
2281 1759 2367 1814 i9.
2407 1779 2424 1810 ι
2463 1759 2650 1828 Itaque
2670 1768 2724 1812 et
2753 1759 2802 1810 hi
2825 1758 2915 1827 qui
2943 1758 3243 1826 patiuntur,
3275 1755 3579 1811 secundum

2008 1851 2345 1904 voluntatem
2382 1850 2496 1913 Dei,
2529 1849 2668 1902 fideli
2693 1846 2938 1901 Creatori
2961 1847 3344 1902 commendent
3370 1845 3580 1900 animas

2007 1957 2135 1997 suas
2175 1942 2227 1995 in
2278 1941 2604 1996 benefactis.
2649 1958 2667 1991 9
2694 1969 2764 1980 --
2799 1957 2817 1990 ι
2863 1939 3179 1993 Secundum
3243 1939 3579 1992 voluntatem

2007 2033 2124 2096 Dei,
2165 2052 2182 2085 9
2219 2032 2314 2098 ait,
2343 2033 2426 2086 vel
2453 2040 2512 2086 ut
2553 2031 2814 2094 insinuet,
2873 2029 3102 2084 adversa
3163 2044 3284 2098 qutc
3321 2029 3576 2096 patimur,

2006 2140 2115 2179 non
2147 2126 2355 2193 absque
2391 2124 2484 2179 Dei
2541 2122 2881 2192 providentia
2916 2121 3072 2176 nobis
3123 2121 3404 2180 accidere,
3448 2121 3576 2188 quin

2005 2217 2075 2272 ab
2109 2220 2226 2286 ipso
2243 2215 2310 2269 ad
2342 2215 2515 2270 nostri
2546 2213 2974 2282 explorationem
2997 2220 3051 2266 et
3078 2212 3396 2266 exercitium
3417 2209 3582 2280 379

2006 2307 2268 2372 immitti;
2305 2305 2388 2361 vel
2419 2313 2479 2359 ut
2510 2302 2974 2373 quemadmodum
3006 2302 3126 2371 ejus
3162 2301 3442 2355 voluntate
3477 2315 3579 2358 nos

2007 2398 2267 2468 patimur,
2324 2399 2397 2451 ita
2435 2412 2655 2467 quoque
2711 2395 2816 2463 ipsi
2877 2394 3229 2449 atllictiouum
3269 2401 3576 2447 nostrarum

2006 2490 2213 2544 exitum
2261 2489 2657 2557 permittamus.
2693 2483 2893 2541 Fidelis
2941 2484 3084 2544 enim
3119 2492 3202 2538 est
3254 2483 3366 2546 ille,
3395 2489 3580 2550 utpote

2005 2581 2398 2636 veracissimus
2457 2581 2512 2633 in
2570 2577 3038 2648 promissionibus
3095 2575 3402 2641 :ailcoque
3471 2587 3577 2626 non

2013 2691 2031 2724 ι
2068 2674 2304 2742 patietur
2327 2687 2428 2726 nos
2458 2670 2659 2725 tentari
2688 2684 2852 2739 supra
2889 2669 2940 2723 id
2975 2667 3118 2738 quod
3145 2681 3433 2736 possumus
3461 2664 3527 2716 ⁷³.
3558 2683 3575 2713 9

2005 2764 2293 2832 Quomodo
2323 2780 2453 2818 vero
2488 2771 2707 2833 oportet
2761 2762 3114 2830 semetipsum
3149 2755 3582 2817 commendare?

2011 2875 2028 2906 ι
2072 2857 2123 2910 In
2151 2855 2469 2918 benefactis,
2509 2873 2528 2907 9
2561 2854 2752 2925 inquit.
2784 2853 2924 2919 Quid
2964 2861 3141 2911 autem
3166 2858 3249 2904 cst
3271 2848 3409 2902 hoc?
3441 2847 3575 2902 Cum

2007 2949 2312 3002 humilitate
2357 2963 2416 3002 se
2445 2946 2552 3000 Deo
2583 2945 2948 3009 committere,
2982 2959 3047 3000 ne
3099 2943 3225 3011 quis
3261 2949 3483 3011 propter
3513 2955 3574 2993 ea

327 3034 462 3102 πρὸς
494 3034 695 3104 Κύριον
718 3049 732 3063 '
763 3052 783 3084 ι
817 3033 1035 3098 Δίκαιος
1073 3032 1123 3087 εῐ
1174 3036 1267 3087 ἐπὶ
1320 3037 1507 3100 πᾶσιν,
1533 3031 1614 3098 οἷς
1644 3037 1906 3107 ἐποίησας

2007 3055 2128 3108 quae
2159 3041 2385 3108 patitur,
2427 3041 2536 3094 alte
2564 3040 2628 3092 de
2652 3054 2712 3094 se
2745 3039 2922 3108 sapiat
2960 3057 2975 3092 :
3023 3037 3117 3092 sed
3201 3049 3313 3102 quo
3371 3031 3577 3100 majora

324 3126 475 3195 ἡμῖν.
543 3142 564 3177 9
615 3155 684 3165 —
725 3143 743 3176 ι
797 3124 1024 3194 Ἀσεϐὴς
1090 3143 1108 3176 9
1169 3125 1226 3176 δὲ
1261 3127 1380 3179 ’καὶ
1439 3145 1458 3176 ι
1515 3127 1837 3194 ἁμαρτωλὸς
1875 3146 1894 3180 9

319 3217 538 3290 ξταύτῃ]
579 3217 948 3286 διαφέρουσιν.
987 3235 1004 3267 9
1053 3216 1280 3284 Ἀσεῦὴς
1312 3236 1330 3266 ι
1363 3218 1490 3285 γὰρ,
1521 3221 1548 3270 ὀ
1580 3218 1683 3280 ἔξω
1724 3221 1896 3286 πάντη

321 3309 486 3362 Θεοῦ·
525 3327 542 3359 ι
574 3303 894 3377 ἁμαρτωλός
934 3325 952 3356 9
1023 3307 1101 3371 δὲ,
1168 3307 1196 3359 6
1229 3306 1328 3374 τῆς
1382 3308 1462 3369 εἰς
1496 3307 1628 3360 Θεὸν
1662 3308 1897 3368 πίστεως

321 3397 698 3466 ἀντεχόμενος,
729 3395 1086 3463 καταψρονῶν
1140 3395 1197 3446 δὲ
1257 3397 1383 3456 τοὺς
1442 3398 1640 3464 νόμους
1711 3397 1900 3451 αὑτοῦ.

317 3480 556 3536 Δύναται
587 3479 643 3532 δὲ
673 3481 700 3532 6
733 3479 893 3540 αὐτὸς
925 3481 1017 3532 καὶ
1047 3479 1245 3550 ἀσεϐὴς
1269 3483 1366 3534 καὶ
1384 3482 1706 3553 ἁμαρτωλὸς
1737 3479 1899 3538 εἶναι.

331 3574 392 3626 ὐ
423 3572 532 3640 γάρ
563 3569 658 3640 τὴν
685 3570 916 3638 ἀνομίαν
955 3572 1320 3640 ἐργαζόμενος
1390 3572 1610 3635 πάντως
1650 3575 1741 3626 καὶ
1775 3575 1902 3626 ἀσε-

273 3731 275 3733 ι
318 3664 426 3726 6d,
463 3661 537 3734 μὴ
589 3661 678 3715 τὸν
741 3661 876 3716 Θεὸν
929 3662 986 3714 ἐν
1023 3662 1102 3732 τῷ
1145 3665 1481 3733 ἁμαρτάνειν
1507 3661 1646 3717 εἶναι
1683 3665 1901 3732 λογιζό-

323 3771 504 3826 μενος.

2007 3132 2115 3200 pati
2149 3132 2380 3193 videtur,
2430 3146 2496 3184 co
2523 3145 2582 3186 se
2611 3131 2783 3198 magis
2804 3130 3050 3183 inutilem
3082 3135 3136 3181 et
3192 3125 3258 3180 ad
3295 3124 3580 3191 quodcum

2005 3235 2111 3287 que
2135 3220 2334 3272 bonum
2365 3219 2604 3285 ineptum
2630 3226 2843 3287 reputet
2867 3220 3219 3284 plicaturque
3236 3214 3465 3267 Domino
3485 3209 3531 3243 τδ
3564 3231 3574 3263 :

2017 3328 2035 3360 ι
2068 3308 2262 3365 Justus
2299 3325 2379 3375 es,
2447 3310 2698 3376 Domine,
2752 3311 2806 3364 in
2843 3309 3095 3364 omnibus
3117 3323 3236 3376 quae
3279 3306 3450 3359 fecisti
3484 3318 3576 3357 no-

2006 3397 2092 3453 bis
2124 3437 2138 3450 .
2206 3419 2224 3450 9
2286 3399 2550 3452 Diﬂerunt
2601 3409 2785 3453 autem
2835 3401 2905 3454 ab
2962 3401 3194 3454 invicem
3248 3397 3448 3465 impius
3515 3411 3578 3448 ac

2011 3497 2288 3556 peccator.
2322 3491 2525 3557 Impius
2548 3491 2692 3544 enim
2718 3497 2820 3553 est,
2853 3490 2946 3560 qui
2971 3490 3195 3548 omnino
3221 3489 3389 3543 Detun
3415 3487 3580 3539 alme-5

2007 3586 2116 3646 gat.
2155 3577 2416 3631 Peccator
2448 3593 2598 3644 vero,
2629 3579 2718 3648 qui
2749 3588 2954 3633 retenta
2985 3582 3086 3634 (ide
3120 3583 3172 3634 in
3207 3581 3398 3643 Deum,
3427 3592 3577 3630 mau-

2009 3667 2135 3719 data
2186 3666 2308 3735 ejus
2358 3669 2684 3724 contemnit.
2717 3667 2904 3722 Potest
2964 3677 3148 3722 autrm
3190 3669 3332 3722 idem
3368 3683 3490 3722 esse
3526 3678 3579 3719 et

2005 3759 2206 3828 impius
2234 3767 2288 3814 et
2332 3768 2590 3827 peccator
2623 3759 2754 3830 :qui
2785 3761 2929 3816 enim
2955 3760 3141 3828 iniqua
3167 3767 3446 3827 operatur,
3477 3762 3578 3811 uti-

317 3865 424 3920 que
446 3848 608 3904 etlam
642 3848 806 3918 impie
831 3850 941 3919 agit
976 3865 990 3903 :
1021 3848 1296 3919 siquidem
1341 3864 1466 3906 cum
1508 3860 1720 3921 peccat,
1797 3851 2026 3923 perinde
2074 3868 2134 3909 se
2228 3854 2412 3921 habet,
2463 3869 2528 3908 ac
2581 3854 2625 3909 si
2687 3852 2855 3908 Deum
2937 3853 3144 3908 nullum
3218 3868 3340 3908 esse
3385 3848 3576 3904 existi-

322 3953 512 3998 Inarct.

905 4031 1154 4086 ΚΕΦΑΛ.
1200 4031 1272 4085 E'.

396 4140 416 4173 ι
454 4123 867 4193 Πρεσϐωτέρους
893 4123 1019 4186 τοὺς
1066 4123 1124 4176 ὲν
1155 4122 1286 4192 ύμῖν
1315 4124 1618 4194 παρακαλῶ
1676 4129 1704 4180 6
1759 4144 1897 4197 cupa-

318 4214 689 4285 πρεσϐύτερος
731 4216 827 4267 καὶ
862 4215 1070 4284 μάρτυς
1093 4213 1202 4267 τῶν
1235 4215 1328 4270 τοῦ
1360 4216 1601 4286 Χριστοῦ
1634 4219 1896 4291 παθημά-

315 4315 444 4370 των,
464 4308 492 4359 6
520 4306 614 4358 καὶ
638 4308 735 4376 τῆς
769 4306 1068 4375 μελλούσης
1086 4307 1566 4362 ἀποκαλύπτεσθαι
1595 4310 1752 4381 δόξης
1781 4329 1896 4366 κοι-

315 4398 504 4460 νωνός.
542 4397 850 4467 Ποιμάνατε
872 4399 934 4450 τδ
969 4399 1027 4450 ἐν
1059 4399 1188 4469 ὑμῖν
1220 4401 1472 4469 ποίμνιον
1504 4403 1599 4455 τοῦ
1633 4403 1894 4473 Χριστοῦ,

2622 4034 2852 4092 CAPUT
2883 4035 2945 4092 Υ.

2077 4122 2242 4184 Vsus.
2273 4129 2389 4184 1-5.
2437 4147 2454 4179 ι
2506 4127 2763 4183 Seuiores
2816 4142 2967 4197 ergo,
3000 4126 3090 4196 qui
3145 4126 3199 4181 in
3241 4126 3393 4181 vobis
3425 4133 3574 4187 sunt,

2006 4222 2258 4285 obsecro,
2295 4221 2589 4277 consenior
2662 4231 2718 4276 et
2763 4221 2925 4277 testis
2977 4220 3183 4275 Christi
3216 4221 3570 4290 passionum:

2003 4314 2096 4384 qui
2124 4322 2178 4367 et
2211 4313 2352 4384 ejus,
2401 4328 2526 4383 qua:
2570 4313 2622 4366 in
2658 4311 2842 4366 futuro
2900 4311 3194 4366 revelanda
3235 4320 3339 4373 est,
3393 4310 3576 4379 gloriae

2002 4407 2456 4461 eommunicator.
2495 4403 2710 4460 Pascite
2757 4403 2850 4472 qui
2901 4403 2954 4459 in
3006 4403 3162 4458 vobis
3213 4410 3317 4466 est,
3357 4417 3573 4470 gregem

316 4487 744 4550 ἐπισκοποῦντες
777 4488 851 4558 μὴ
891 4489 1267 4556 ἀναγκαστῶς,
1311 4489 1446 4548 ἀλλὰ
1477 4493 1738 4559 ἑκουσίως
1761 4497 1898 4552 κατὰ

2005 4499 2120 4565 Dei,
2159 4499 2507 4568 providentes
2540 4513 2647 4552 non
2681 4504 2894 4560 coacto,
2928 4496 3023 4576 sed
3057 4506 3358 4565 spontanee
3376 4510 3573 4549 secon-

314 4580 448 4633 Θεόν
482 4594 498 4609 ο
529 4577 664 4649 μηδὲ
721 4581 1148 4651 αἰσχροκερδῶς,
1184 4583 1320 4636 ἀλλὰ
1369 4585 1666 4655 προθύμως
1695 4604 1708 4618 ⁶
1763 4589 1900 4658 μηδὲ

314 4673 388 4734 ὡς
416 4669 1058 4741 κατακυριεύοντες,τῶν
1083 4672 1320 4743 κλήρων,
1353 4674 1486 4728 ἀλλὰ
1542 4678 1702 4732 τύποι
1741 4681 1898 4747 γενό-

318 4779 470 4834 μενοι
499 4762 662 4834 {vulg}.
689 4780 802 4831 γιν.
835 4762 853 4834 ]
887 4763 978 4816 τοῦ
995 4765 1245 4834 ποιμνίου
1276 4804 1289 4819 .
1331 4767 1436 4820 Καὶ
1493 4771 1897 4840 φανερωθέντος

314 4853 406 4906 τοῦ
456 4853 890 4924 ’Δρχιποίμενος,
925 4854 1204 4924 κομιεῖσθε
1231 4856 1322 4908 τὸν
1368 4857 1738 4926 ἀμαράντινον
1790 4863 1890 4930 τῆς

313 4941 472 5010 δόξης
501 4943 784 5010 στέφανον.
823 4943 1054 5013 Ὀμόίως
1084 4944 1140 4996 δὲ
1197 4945 1292 4997 καὶ
1344 4945 1363 5018 {
1371 4947 1508 5015 vulg.
1552 4965 1654 5004 om.
1686 4951 1743 5004 δὲ
1775 4950 1892 5022 καὶ]

314 5031 569 5101 νεώτεροι
599 5032 908 5102 ὑποτάγητε
933 5035 1343 5106 πρεσϐυτέροις.
1399 5056 1418 5090 9
1456 5040 1590 5110 Περὶ
1647 5061 1666 5092 ι
1700 5061 1889 5096 ταπει-

314 5123 649 5195 νοφροσύνης
676 5143 696 5176 9
734 5128 1095 5196 προκειμένου
1152 5127 1302 5199 αύτῷ
1333 5130 1626 5196 διαλαϐεῖν,
1679 5135 1746 5205 ἠν
1796 5137 1889 5190 καὶ

315 5216 806 5287 πφανεκρούσατο,
833 5236 852 5268 ι
891 5221 948 5270 ὲν
973 5219 1325 5291 ἀγαθοποιίᾳ,
1369 5240 1388 5273 9
1424 5224 1609 5276 εἰπών.
1681 5245 1698 5276 ι
1738 5228 1882 5297 Συμ-

313 5307 688 5378 πρεοὸύτερον
721 5326 742 5359 9
777 5307 834 5360 δὲ
875 5308 1066 5361 ἑαυτὸν
1094 5309 1267 5375 καλεῖ,
1297 5310 1330 5381 ἢ
1359 5312 1447 5365 διά
1475 5314 1572 5384 τὴν
1595 5318 1828 5386 ἡλικίαν,
1854 5319 1885 5386 ἢ

310 5395 512 5450 ίὸιάτοῦ
548 5398 848 5452 ἐπισκόπου
877 5399 973 5470 τὴν
1002 5402 1187 5471 τιμήν.
1217 5402 1629 5475 Πρεσσυτέρους
1659 5407 1764 5478 γάρ
1797 5412 1889 5462 καὶ

313 5489 441 5554 τοὺς
477 5490 804 5557 ἐπισκόπους
833 5493 925 5545 καὶ
957 5494 990 5564 η
1016 5492 1123 5545 τῶν
1171 5493 1427 5564 Πράξεων
1483 5497 1665 5566 βίϐλος
1689 5503 1842 5552 καλεί
1869 5517 1882 5532 ·

406 5667 452 5700 ’⁸
501 5667 698 5729 Matth.
758 5692 811 5744 Χ,
852 5677 936 5732 l7.
1015 5678 1274 5736 "Matth.
1312 5698 1386 5748 xi,
1433 5682 1516 5737 12.

1597 5685 1642 5717 ⁷³
1673 5681 1843 5740 ICor.
1879 5699 1928 5750 κ,
1958 5684 2039 5739 ιδ.

2005 4591 2134 4646 dum
2165 4591 2333 4645 Deum
2371 4608 2386 4644 :
2418 4605 2598 4656 neque
2630 4590 2804 4658 turpis
2831 4589 2973 4643 lucri
3006 4589 3206 4656 gratia,
3244 4586 3339 4642 sed
3373 4587 3538 4640 volun

2000 4683 2145 4737 tarie
2176 4699 2188 4736 :
2224 4696 2405 4752 neque
2453 4691 2513 4735 ut
2547 4681 2896 4744 dominantes
2945 4680 3000 4734 in
3036 4679 3220 4741 cleris.
3268 4677 3361 4733 sed
3398 4682 3568 4736 lorma

2005 4773 2130 4828 facti
2165 4773 2344 4844 gregis
2367 4788 2433 4826 ex
2467 4772 2671 4826 animo.
2715 4772 2783 4826 Et
2809 4786 2943 4826 cum.
2963 4772 3282 4840 apparuerit
3310 4770 3571 4840 Princeps

2003 4872 2304 4935 pastorum,
2333 4865 2646 4936 percipietis
2670 4863 3176 4918 immarcessibilem
3205 4864 3390 4933 gloriae
3413 4877 3564 4915 eoro-

2002 4970 2148 5010 nam.
2173 4954 2440 5010 Similiter
2475 4955 2851 5009 adolescentes
2888 4955 3091 5010 subditi
3131 4964 3305 5009 estote
3333 4951 3566 5006 seniori-

1995 5046 2121 5100 bus.
2175 5065 2192 5097 9
2233 5047 2371 5100 Cum
2411 5047 2751 5118 propositum
2803 5058 2951 5103 esset
2985 5047 3147 5100 Petro
3177 5045 3244 5100 de
3297 5063 3315 5096 ι
3351 5044 3564 5098 humili-

1993 5146 2122 5204 tate,
2160 5156 2179 5190 9
2225 5154 2385 5206 quam
2419 5148 2577 5192 antea
2615 5140 2887 5210 tetigerat,
2913 5138 3102 5192 dicens
3143 5153 3155 5188 :
3191 5153 3208 5186 ι
3263 5134 3316 5188 in
3348 5133 3565 5189 benefa-

1992 5231 2118 5294 cris,
2157 5249 2174 5282 9
2219 5231 2528 5297 disserere;
2567 5246 2626 5286 se
2665 5250 2683 5283 ι
2731 5231 3108 5286 conscniorem
3165 5247 3184 5280 9
3244 5237 3422 5294 vocat,
3484 5231 3562 5283 vel

1993 5331 2213 5392 propter
2235 5333 2469 5390 aetatem,
2503 5324 2584 5379 vel
2613 5332 2835 5393 propter
2867 5323 3128 5376 honorem
3163 5321 3509 5390 episrepatus
3549 5336 3566 5378 :

1997 5414 2440 5481 qu.-mdoquidem
2485 5426 2540 5469 et
2592 5415 2644 5468 in
2705 5415 2844 5467 libro
2898 5414 3132 5466 Actuum
3195 5415 3564 5482 apostolorum

1995 5504 2236 5574 episcopi
2265 5501 2524 5558 dicuntur
2555 5503 2882 5575 presbyteri,
2915 5503 3016 5558 hoc
3044 5515 3130 5558 est
3165 5503 3430 5570 seniores,
3463 5519 3558 5558 seu

2120 5687 2316 5741 “Dan.
2343 5687 2521 5755 “1,37
