4020 6214
487 307 616 376 127

1438 304 2010 370 THEOPHYLACTI
2071 302 2479 367 “ULGAHLE
2539 306 2895 366 ARCHIEP.

3609 307 3742 371 1213

485 422 723 491 majores
753 430 902 476 natu.
933 419 1132 473 Deinde
1168 431 1223 474 ιιι
1252 420 1602 476 eminentiam
1635 439 1812 488 suam,
1847 433 1901 478 et
1952 424 2048 477 hu-

2175 423 2271 477 ,ἷτα
2312 423 2632 493 βουλόμενος
2679 420 2739 474 τὸ
2787 419 3058 489 ὑπερέχον
3111 418 3309 472 ἑαυτοῦ
3370 424 3736 489 παραστῆσαι,

484 515 734 569 utilitatis
789 512 1165 566 tantummodo
1215 513 1386 582 gratia
1436 529 1494 569 se
1539 531 1556 566 ι
1611 517 1987 569 eouscniorem
2024 533 2043 564 ι

485 622 730 671 vocasse,
759 603 1091 668 ostenderet,
1136 605 1556 673 pracellentiam
1590 622 1744 660 suam
1777 607 1964 676 pandit
2001 607 2056 660 in

485 711 553 750 co
585 695 766 757 sitam,
792 692 934 762 quod
975 709 992 743 ι
1051 693 1203 747 tcstis
1233 693 1436 748 Christi
1465 695 1781 763 passionum
1814 715 1832 748 ι
1860 702 2006 751 esSrt
2038 712 2054 761 ;

489 783 714 854 perinde
743 797 805 837 ac
840 783 884 837 si
915 782 1161 837 diceret:
1201 781 1256 837 Si
1288 799 1409 854 ego,
1437 785 1528 854 qui
1561 785 1748 840 talium
1780 785 2055 841 visionum

455 871 645 930 'vobis
676 875 945 944 interpres
977 886 1122 940 sum,
1170 874 1309 929 haud
1352 875 1636 946 dedignor,
1673 877 2054 945 memetipsum

496 983 513 1016 ι
540 966 916 1020 conseuiorem
943 983 960 1016 ι
992 973 1231 1019 vestrum
1254 965 1560 1035 appellare;
1583 965 1823 1034 profecto
1841 981 2057 1036 aequum

489 1063 732 1116 nonest.
769 1063 828 1109 ut
864 1071 960 1110 vos
1000 1071 1165 1125 supra
1213 1070 1332 1121 eos,
1383 1057 1475 1124 qui
1537 1055 1642 1110 sub
1696 1056 1848 1110 vobis
1891 1055 2059 1109 mini-

489 1156 688 1212 strant,
717 1147 1046 1202 eﬁcramini.
1086 1146 1267 1212 Quare
1297 1155 1349 1202 et
1391 1146 1655 1202 DOtnitttts
1682 1147 1748 1202 de
1777 1147 2060 1201 humilitao

489 1237 559 1290 tis
585 1237 732 1290 cultu
767 1237 1042 1293 disserens
1057 1239 1227 1292 ait":
1265 1256 1282 1289 ι
1316 1236 1372 1292 Si
1397 1253 1497 1309 ego
1529 1239 1630 1291 lavi
1656 1238 1822 1308 pedes
1849 1248 2060 1294 vestros

494 1328 756 1382 Dominus
809 1337 864 1383 et.
901 1328 1178 1398 Magister,
1243 1349 1260 1382 ι
1323 1347 1428 1386 etc.
1480 1331 1645 1385 Addit
1675 1346 1850 1386 vero:
1892 1349 1910 1382 ι
1955 1331 2059 1397 Qui

491 1421 545 1465 et
573 1412 716 1482 ejus,
757 1431 878 1495 qua:
911 1416 964 1469 in
1000 1415 1186 1471 futuro
1219 1419 1505 1473 revelanda
1541 1429 1645 1481 est,
1686 1420 1874 1490 gloriae
1905 1435 2059 1473 com-

494 1506 825 1568 niunicator,
863 1525 882 1558 ι
913 1523 1006 1563 seu
1044 1523 1298 1576 consors,
1329 1519 1389 1564 ut
1437 1511 1764 1566 humilitatis
1785 1513 2065 1567 excellen-

494 1596 622 1650 tiam
651 1597 1084 1655 demonstraret:
1110 1603 1567 1671 quemadmodum
1592 1612 1645 1657 et
1665 1603 1863 1658 Paulus
1881 1604 2014 1658 ait"
2046 1621 2059 1656 :

500 1705 519 1738 ι
575 1687 714 1741 Cum
760 1689 1010 1744 Christus
1061 1694 1553 1762 apparuerit,tune
1574 1703 1627 1748 et
1653 1709 1750 1749 nos
1769 1696 2064 1764 apparebi-

495 1777 689 1832 musin
715 1778 905 1846 gloria.
946 1799 964 1830 υ
1009 1780 1176 1835 Porro
1212 1801 1230 1832 ι
1264 1797 1368 1836 unn
1404 1793 1590 1840 coaete
1627 1802 1647 1836 ι
1685 1797 1902 1856 gregem
1943 1785 2059 1848 Dei,
2097 1765 2138 1820 Β

496 1867 674 1934 pascit
704 1868 814 1932 ille,
847 1869 938 1938 qui
967 1877 1220 1938 tanquam
1262 1887 1278 1920 ι
1322 1870 1546 1924 formam
1578 1891 1596 1922 ι
1635 1873 1772 1927 bene
1801 1872 2060 1942 operandi

498 1957 734 2012 subditis
767 1961 882 2010 suis
912 1956 1078 2028 380
1127 1959 1479 2026 semetipsum
1522 1976 1856 2030 proponens,
1891 1963 2065 2016 disci-

499 2047 656 2116 pulos
686 2049 848 2102 habet
879 2065 938 2104 sc
969 2060 1159 2103 mutuo
1215 2051 1504 2105 incitantes
1567 2052 1634 2106 ad
1695 2052 2058 2106 imitationem

499 2138 768 2208 Magistri.
795 2141 870 2194 Ac
904 2157 922 2191 ι
960 2142 1138 2210 turpis
1168 2142 1301 2195 lucri
1345 2161 1364 2194 ι
1401 2153 1652 2212 captator
1694 2159 1798 2197 nou
1828 2155 1912 2199 est
1946 2145 2061 2208 ille,

497 2230 592 2299 qui
624 2246 787 2300 supra
811 2232 1087 2302 subjectos
1115 2248 1239 2288 sese
1265 2243 1588 2304 arroganter
1611 2251 1718 2289 non
1749 2235 1928 2300 ellert,
1973 2233 2067 2288 sed

504 2321 782 2377 humiliter
819 2338 942 2378 cum
970 2325 1104 2394 ipsis
1132 2335 1380 2380 versatur
1409 2343 1420 2378 :
1457 2341 1550 2380 seu
1579 2328 1669 2396 qui
1700 2341 1798 2380 nec
1829 2325 2068 2394 pretiosa

501 2413 848 2477 vestimenta,
880 2429 979 2468 nec
1021 2423 1398 2484 sumptuosam
1437 2431 1706 2480 mensam,
1743 2414 2062 2484 cujusmodi

504 2506 817 2575 arrogantia
859 2506 1084 2577 expetit,
1116 2516 1169 2560 et
1217 2517 1374 2576 turpe
1415 2508 1630 2561 lucrum
1656 2508 2067 2574 subministrat,

505 2597 756 2666 requirit.
790 2614 809 2646 ι
842 2597 1063 2652 Clerum
1104 2615 1122 2650 ι
1159 2607 1314 2651 vocat
1346 2613 1563 2653 sacrum
1589 2607 1818 2654 ca'tum.
1853 2599 2071 2655 Addeus

506 2695 686 2740 autem
714 2703 728 2738 :
761 2704 779 2738 ι
815 2686 1011 2740 Forma
1045 2689 1168 2743 lacti
1199 2689 1398 2759 gregis,
1441 2708 1460 2741 ι
1493 2706 1598 2743 non
1623 2700 1811 2746 coacte
1841 2707 2070 2761 pascen-

505 2777 634 2831 dum
677 2778 857 2834 docet.
909 2779 966 2832 In
1005 2795 1072 2834 eo
1123 2791 1303 2835 autem
1334 2798 1348 2835 :
1385 2799 1406 2832 ι
1469 2781 1534 2834 Ει
1585 2798 1710 2836 cum
1757 2782 2074 2852 apparuerit

505 2869 766 2938 Princeps
795 2881 1094 2939 pastorum,
1129 2891 1146 2923 ι
1186 2872 1314 2926 illiti]
1345 2893 1361 2924 ι
1396 2883 1453 2928 ct
1493 2892 1510 2925 ι
1541 2873 1805 2942 particula
1837 2875 2074 2930 causalis

510 2960 595 3012 hic
619 2968 725 3024 est,
757 2961 932 3030 posita
959 2976 1107 3032 pro,«
1137 2971 1197 3018 ut
1233 2981 1252 3016 ι
1306 2979 1320 3029 ;
1348 2965 1594 3032 adempte
1631 2981 1826 3020 sensus
1879 2966 2072 3035 hujus-

507 3051 650 3105 Inodi
674 3059 795 3107 est:
839 3071 858 3104 ι
891 3052 956 3108 Ut
977 3068 1100 3108 cum
1124 3056 1438 3125 apparuerit
1461 3055 1722 3127 Princeps
1752 3066 2069 3126 pastorum,

509 3144 827 3213 percipiatis
855 3146 1399 3217 incorruptibilitatis
1421 3164 1701 3203 coronam.
1737 3147 1944 3204 Omnes
1973 3166 2068 3204 au-

511 3245 616 3288 tem
642 3234 876 3289 invicem
901 3237 1158 3306 subjecti,
1200 3239 1562 3295 humilitatem
1605 3241 1864 3295 innectite
1901 3259 1914 3293 :
1949 3241 2074 3310 quia

511 3322 656 3379 Deus
695 3325 944 3393 superbis
979 3329 1222 3395 resistit,
1279 3329 1580 3385 humilibus
1611 3339 1792 3384 autem
1829 3332 1920 3384 dat
1950 3345 2076 3398 gra-

511 3417 665 3470 tiam.
707 3435 725 3468 ι
785 3417 940 3483 Illud,
980 3435 998 3469 ι
1049 3418 1340 3482 lnncctite,
1380 3441 1400 3474 ι
1446 3422 1522 3490 (ti)
1576 3421 1718 3476 idem
1791 3421 1879 3476 hic
1939 3422 2079 3476 valet

512 3524 577 3560 ac
636 3509 916 3576 involvite,
976 3510 1337 3582 circumdate,
1399 3516 1683 3583 assumite,
1743 3515 2074 3585 complecta-

513 3600 671 3655 mini.

589 3692 748 3748 Vens.
801 3689 914 3756 θη.
977 3714 996 3746 ι
1035 3695 1406 3754 llumiliamiui
1465 3701 1630 3770 igitur
1675 3703 1780 3757 sub
1855 3701 2070 3770 potcnti

514 3802 679 3842 manu
719 3787 832 3852 Dei,
871 3798 927 3842 ut
951 3805 1048 3845 vos
1079 3792 1278 3848 exaltet
1321 3793 1374 3847 in
1415 3802 1659 3861 tempore
1689 3809 1790 3848 suo
1814 3795 1915 3862 (7).
1945 3791 2078 3848 0m-

515 3893 636 3932 nein
668 3879 1093 3936 sollicitudinem
1145 3894 1382 3937 vestram
1438 3884 1891 3951 projicientes-in
1923 3900 2077 3947 eum,

511 3971 772 4038 quoniam
834 3972 936 4040 ipsi
989 3988 1121 4027 cura
1159 3981 1244 4028 est
1290 3974 1357 4027 de
1397 3974 1573 4028 vobis.
1612 3992 1630 4026 ι
1673 4002 1746 4016 -
1775 3993 1793 4027 ι
1831 3975 2079 4046 Tempus

511 4078 695 4128 suum,
726 4081 744 4113 ι
781 4063 987 4131 Ιιοοζοει
1021 4075 1386 4133 opportunum
1421 4067 1509 4118 hic
1530 4065 2080 4136 dicit;quemadmo-

511 4153 639 4207 dum
668 4164 720 4209 et
747 4153 936 4217 David.
962 4171 1086 4210 cum
1128 4155 1207 4209 ait
1241 4156 1288 4187 ⁷⁷
1323 4172 1337 4208 :
1373 4175 1391 4206 ι
1428 4156 1588 4222 Quod
1633 4158 1872 4213 fructum
1916 4169 2078 4214 suum

513 4246 662 4300 dabit
698 4248 751 4300 in
781 4256 1026 4316 tempore
1057 4262 1179 4301 suo.
1217 4265 1235 4298 ι
1265 4247 1428 4302 Addit
1466 4258 1646 4303 autem
1687 4268 1707 4303 ι
1745 4249 1801 4305 in
1832 4263 2080 4320 tempore

512 4353 634 4400 suo,
670 4357 690 4391 ι
732 4339 857 4407 quia
886 4339 952 4392 de
966 4337 1296 4394 exaltatione
1325 4339 1635 4409 loquiturin
1667 4341 1850 4396 futuro
1878 4345 2080 4398 saeculo

2161 515 2256 567 mi.
2277 515 2358 566 ὅτι
2391 509 2888 582 ταπεινοφροσύνης
2910 510 3096 562 ἕνεκεν
3127 529 3144 560 ι
3176 509 3657 580 συμπρεσόύτερον
3689 532 3709 563 ι

2160 604 2350 658 ἑαυτὸν
2372 603 2517 670 λέγει
2535 617 2548 631 ·
2578 601 2776 669 ἐπάγει
2805 600 2864 654 τδ
2882 599 3096 671 ἀξίωμα
3117 600 3333 664 ἑαυτοῦ,
3351 601 3434 664 τὸ,
3464 619 3484 653 ι
3519 604 3729 673 μάρτυς

2159 694 2269 748 τῶν
2297 695 2390 746 τοῦ
2424 691 2661 763 Χριστοῦ
2695 691 3033 762 παθημάτων
3065 709 3080 723 ·
3118 710 3138 744 ›
3194 691 3360 745 οἱονεὶ
3406 691 3601 760 λέγων,
3654 695 3734 747 ὅτι

2163 786 2224 839 Et
2251 783 2362 852 ἐγὼ
2388 784 2416 837 6
2444 783 2555 837 τῶν
2604 783 2862 837 τοιούτων
2903 781 3032 852 ὑμίν
3087 782 3376 853 θεαμάτων
3434 783 3732 853 ὑψηγητὴς,

2161 875 2262 928 οὑκ
2320 871 2535 938 ἀπαξιῶ
2599 893 2618 924 ι
2654 871 3137 944 συμπρεσὸύτερον
3169 891 3188 924 ι
3237 873 3474 941 ἐμαυτὸν
3534 873 3731 936 καλεῖν,

2169 965 2289 1019 οὑδὲ
2328 967 2485 1034 ὑμεῖς
2519 965 2728 1018 δίκαιον
2773 964 3174 1035 κατεπαίρεσθε
3231 963 3299 1032 [Γ.
3350 963 3550 1018 δίκαιοι
3607 983 3732 1019 κατα

2161 1057 2509 1128 επαίρεσθαι]
2538 1057 2646 1110 τῶν
2676 1057 2764 1126 ὑφ’
2799 1058 2942 1128 ὑμᾶς
2963 1056 3279 1112 τελούντων.
3298 1055 3469 1109 Τοῦτο
3498 1057 3555 1110 δὲ
3594 1058 3687 1110 καὶ
3708 1059 3734 1108 6

2095 1211 2098 1214 ,
2164 1147 2367 1217 Κύριός
2396 1165 2530 1217 φησι
2561 1148 2691 1217 περὶ
2715 1147 3218 1217 ταπεινοφροσύνης
3245 1145 3418 1215 λέγων
3452 1163 3466 1175 ·
3499 1166 3517 1198 ι
3560 1148 3621 1199 Εἰ
3646 1144 3734 1200 οὖν

2164 1239 2274 1308 ἐγὼ
2303 1241 2330 1292 6
2352 1240 2553 1308 Κύριος
2582 1239 2677 1292 καὶ
2704 1238 3057 1302 Διδασκάλος,
3089 1238 3246 1307 ἔνιψα
3274 1239 3427 1308 ὑμῶν
3471 1241 3595 1302 τοὺς
3641 1240 3732 1291 πό-

2164 1335 2279 1396 δας.
2320 1353 2338 1387 ι
2374 1333 2447 1385 Τὸ
2474 1333 2552 1392 δὲ,
2609 1352 2627 1384 ι
2659 1334 2919 1396 κοινωνός
2973 1334 3069 1401 τῆς
3095 1330 3448 1402 [pandum]
3477 1331 3738 1385 ἀποκαλύ-

2165 1425 2394 1479 πτεσθαι
2417 1423 2631 1494 δόξης)
2656 1423 3032 1494 προστίθησιν,
3063 1423 3150 1476 ῐνα
3195 1438 3518 1493 παραστῃσῃ
3548 1423 3606 1475 τὸ
3647 1427 3736 1490 τῆς,

2165 1513 2668 1584 ταπεινοφροσύνης
2691 1513 2990 1584 ἐξαίρετον,
3019 1512 3095 1575 ὡς
3141 1513 3238 1565 καὶ
3277 1511 3488 1574 Παῦλος
3528 1529 3686 1582 φησιν
3722 1529 3735 1541 ο

2173 1624 2191 1658 ι
2229 1605 2400 1657 Ὅταν
2432 1604 2460 1655 6
2484 1602 2717 1674 Χριστος
2751 1602 3065 1672 φανερωθῇ,
3101 1601 3218 1654 τότε
3247 1602 3343 1654 καὶ
3393 1603 3554 1670 ἡμεῖς
3585 1619 3740 1670 φανε-

2172 1695 2556 1766 ρωθησόμεθα.
2603 1712 2622 1746 ι
2665 1721 2731 1732 —-
2791 1711 2810 1745 ι
2877 1693 2968 1762 Μὴ
3025 1690 3387 1759 ἀναγκαστῶς
3426 1711 3444 1744 ι
3491 1692 3546 1745 δὲ
3588 1685 3740 1754 οὗτος

2175 1783 2502 1858 [ποιμανεϊ,]
2533 1784 2590 1848 ὃς
2651 1802 2670 1836 ι
2701 1781 2870 1837 τύπον
2902 1801 2920 1834 ι
2981 1782 3172 1835 ἑαυτὸν
3215 1781 3570 1850 ἀγαθοεργίας
3625 1786 3742 1844 τοῖς

2174 1877 2264 1946 ὑφ’
2292 1878 2485 1930 ἑαυτδν
2540 1873 2842 1946 προτιθεὶς,
2898 1873 3025 1937 τοὶις
3069 1873 3533 1943 μαθητευομένους
3581 1871 3738 1946 [ἔχει]

2173 1966 2311 2038 πρὸς
2340 1966 2502 2035 ζῆλον
2533 1964 2626 2018 τοὺ
2655 1963 2987 2020 Διδασκάλον
3043 1963 3538 2032 κατεπειγομένους
3581 1964 3737 2032 ἀλλή-

2173 2056 2280 2109 λων
2314 2072 2328 2086 ·
2367 2055 2444 2125 μὴ
2481 2073 2500 2105 ι
2541 2054 2943 2125 αἰσχροκερδῶς
2982 2072 3003 2106 ι
3069 2053 3148 2118 δὲ,
3179 2053 3208 2105 6
3241 2051 3316 2123 μὴ
3340 2053 3407 2105 δι’
3434 2051 3742 2117 ἀλαζονείας

2175 2143 2382 2214 προῖὼν
2431 2144 2528 2197 καὶ
2562 2142 3028 2214 κατεπαιρόμενος
3052 2142 3162 2196 τῶν
3182 2142 3575 2211 ὑποκειμένων,
3630 2143 3743 2195 ἀλλ’

2175 2237 2234 2288 ὲν
2258 2233 2502 2304 εὐτελείᾳ.
2530 2234 2752 2300 διαζῶν,
2781 2233 2837 2287 εί
2877 2251 2962 2297 τις
3007 2233 3238 2304 ἱματίων
3289 2233 3610 2298 πολυτελῶν,
3654 2236 3743 2287 καὶ

2174 2326 2450 2398 τραπέζης
2481 2326 2669 2397 ὁμοίας
2690 2327 2790 2380 οὑκ
2817 2325 3085 2396 δπιζητεϊ,
3111 2325 3262 2394 ἀτὴν
3286 2324 3600 2388 ἀλαζονείαν
3658 2325 3747 2376 καὶ

2175 2418 2276 2487 τὴν
2303 2417 2410 2471 ἀπὸ
2437 2417 2536 2486 τῆς
2569 2417 3008 2489 αίσχροκερδείας
3034 2417 3304 2488 χορηγίαν
3341 2419 3505 2470 ποιεῖ.
3553 2435 3571 2468 ι
3605 2417 3747 2486 κλῆ-

2177 2526 2271 2578 ρον
2315 2527 2334 2560 ι
2363 2509 2420 2563 δὲ
2476 2509 2538 2562 τὸ
2562 2510 2708 2581 ἱερὸν
2736 2508 2988 2578 σύστημα
3020 2508 3196 2572 καλεῖ,
3228 2508 3540 2579 προστιθεὶς
3567 2509 3621 2562 δὲ
3663 2509 3743 2568 τὸ,

2182 2619 2202 2654 ι
2231 2600 2390 2655 τύποι
2439 2601 2722 2672 γενόμενοι
2774 2599 2870 2654 τοῦ
2916 2600 3190 2670 ποιμνίου,
3224 2619 3242 2653 ι
3285 2600 3348 2654 τὸ
3396 2601 3744 2670 ἀναγκαστῶς

2182 2693 2257 2763 μὴ
2295 2692 2602 2761 ποιμαίνειν
2649 2690 2832 2763 φησίν,
2869 2691 2957 2745 Ἑν
3010 2690 3068 2744 δὲ
3125 2690 3224 2760 τῷ,
3262 2707 3283 2742 ι
3325 2689 3745 2764 [Καηφανερω-

2179 2785 2360 2849 θέντος
2387 2784 2479 2838 τοῦ
2523 2782 2951 2854 Ἀρχιποίμενος,
3001 2801 3020 2834 ι
3045 2783 3092 2845 6,
3129 2801 3147 2834 ι
3182 2785 3312 2846 καὶ,
3345 2802 3364 2836 ι
3399 2783 3748 2851 αἰτιολογικδς

2181 2876 2478 2944 σύνδεσμος
2497 2877 2695 2938 κεῖται,
2729 2873 2848 2928 ἀντὶ
2882 2873 2998 2938 τοῦ,
3023 2874 3109 2928 ἵνα
3134 2875 3264 2945 γὰρ,
3300 2875 3418 2929 ἐστι
3436 2876 3548 2940 τδ,‹
3572 2877 3688 2937 καὶ,
3714 2894 3734 2926 ι

2181 2966 2270 3020 ἵνα
2335 2983 2353 3017 ι
2381 2967 2782 3037 φανερωθέντος
2819 2965 2914 3019 τοῦ
2978 2966 3409 3037 Ἀρχιποίμενος,
3475 2967 3750 3038 κομιεῖσθε

2179 3058 2271 3112 τὸν
2299 3075 2316 3109 ι
2345 3061 2443 3128 τῆς
2477 3057 2784 3130 ἀφθαρσίας
2822 3077 2840 3110 ι
2865 3058 3146 3128 στέφανον.
3181 3077 3304 3111 ι-ι
3340 3060 3544 3124 Πάντες
3574 3061 3629 3113 δὲ
3660 3061 3753 3112 ἀλο-

2177 3151 2360 3221 λήλοις
2393 3151 2843 3222 ὑποτασσόμενοι,
2874 3151 2974 3223 τὴν
3002 3151 3504 3223 ταπεινοφροσύνην
3559 3154 3758 3222 ἐγκομ-

2180 3241 2427 3294 ϐώσασθε
2461 3259 2476 3274 ⁸
2535 3243 2617 3296 ὃτι
2671 3243 2700 3294 6
2763 3243 2896 3306 Θεὸς
2938 3245 3308 3314 ὑπερηφάνοις
3350 3243 3757 3307 ἀντιτάσσεται,

2176 3334 2455 3396 ταπεινοῖς
2481 3332 2538 3386 δὲ
2570 3333 2754 3386 δίδωσι
2787 3334 2964 3405 χάριν.
3002 3353 3020 3387 ι
3048 3336 3143 3401 Τὸ,
3181 3355 3200 3387 ι
3239 3333 3717 3402 Ἐγκομϐὡσασθε,
3737 3355 3758 3385 ι

2179 3424 2298 3477 ἀντὶ
2319 3423 2432 3487 τού,
2455 3425 2826 3497 ὲνειλήσασθε,
2853 3426 3211 3498 περιεάλεσθε
3242 3443 3260 3461 ο
3311 3426 3347 3498 ἢ
3399 3425 3762 3488 ἀνεϐάλεσθε,

2178 3514 2590 3570 ἁναστείλασθε.

2259 3719 2277 3752 ι
2317 3697 2703 3770 Ταπεινώθητε
2720 3692 2816 3752 οὗν
2845 3697 2950 3752 ὑπὸ
3001 3698 3101 3770 τὴν
3149 3699 3417 3768 κραταιὰν
3458 3701 3616 3768 χεῖρα
3661 3699 3760 3750 τοῦ

2181 3791 2340 3853 Θεοῦ,
2377 3792 2464 3844 ἵνα
2492 3789 2680 3862 ὑψώσῃ
2705 3792 2854 3861 ὑμᾶς
2902 3793 2960 3845 ιν
2981 3790 3180 3861 καιρῷ,
3233 3793 3415 3845 πᾶσαν
3461 3791 3560 3860 τὴν
3601 3789 3765 3860 μέρι-

2186 3899 2324 3952 μναν
2350 3882 2505 3952 ὑμῶν
2531 3883 2917 3955 ὲπιρρίψαντες
2941 3885 3027 3936 ἐπ’
3049 3883 3231 3950 αὑτὸν,
3252 3883 3335 3936 ὅτι
3398 3882 3545 3953 αὑτῷ
3607 3881 3765 3951 μέλει

2184 3976 2315 4046 περὶ
2349 3976 2524 4044 ὑμῶν.
2561 3994 2579 4025 ι
2621 4005 2684 4015 -
2733 3996 2749 4026 ι
2775 3975 2985 4045 Καιρδν
3019 3993 3038 4026 ι
3074 3973 3166 4028 τὸν
3219 3974 3528 4045 ἐπιτήδειόν
3573 3990 3769 4042 φησιν,

2182 4069 2259 4132 ὡς
2279 4068 2420 4122 καὶό
2451 4067 2614 4122 Δαὸἰδ
2647 4083 2662 4098 ·
2727 4085 2746 4118 ι
2785 4068 2850 4119 ὐ
2881 4068 2972 4120 τὸν
2997 4066 3212 4134 καρπον
3269 4065 3437 4119 αὑτοῦ
3493 4063 3650 4118 δώσει
3707 4067 3772 4118 ὲν

2183 4160 2362 4230 καιρῷ
2405 4157 2572 4213 αὑτοῦ
2603 4175 2617 4190 ο
2653 4177 2671 4212 ι
2727 4157 3049 4228 πρόσκειται
3081 4157 3140 4210 δὲ
3188 4157 3268 4220 τὸ,
3302 4175 3322 4208 ι
3367 4157 3427 4210 ἐν
3485 4155 3659 4224 καιρῷ
3689 4173 3706 4186 ·
3747 4176 3766 4207 ι

2186 4250 2322 4322 πρὸς
2340 4249 2447 4318 γὰρ
2473 4247 2571 4320 τὴν
2607 4248 2664 4300 ὲν
2681 4247 2759 4317 τῷ
2803 4246 3051 4317 μέλλοντι
3105 4247 3264 4300 αἰῶνι
3313 4246 3520 4315 ὑψωσιν
3582 4264 3770 4316 παρα-

2184 4344 2483 4412 πέμπεται,
2511 4341 2634 4410 ἥτις
2654 4340 2747 4394 καὶ
2798 4340 2960 4411 [μόνη
2989 4338 3218 4410 ὑψωσις]
3270 4339 3348 4400 ὠς
3403 4338 3770 4402 ἀναλλοίωτος

514 4429 798 4492 habenda;
833 4446 954 4499 que
996 4431 1109 4484 sola
1142 4431 1487 4488 invariahilis
1539 4449 1603 4489 ac
1652 4446 1914 4506 perpetua
1972 4447 2071 4492 est.

2185 4434 2278 4487 καὶ
2298 4432 2693 4494 διαιωνίζουσα.
2723 4431 2788 4484 Ἦ
2817 4432 2924 4500 γὰρ
2949 4431 3182 4485 ἐνταῦθα
3211 4432 3419 4500 ὖψωσις
3446 4432 3544 4485 οὑκ
3579 4433 3769 4500 ἀσφα-

514 4519 783 4574 Exaltatio
807 4535 1072 4590 namque,
1094 4536 1214 4590 qum
1233 4525 1285 4577 in
1308 4523 1410 4579 hoc
1432 4527 1632 4580 saeculo
1659 4527 1958 4592 obtinetur,
1982 4542 2071 4583 nec

2184 4523 2302 4594 λῆς,
2352 4523 2474 4577 οὑδὲ
2507 4521 2718 4592 βεϐαία,
2761 4521 2895 4575 ἀλλά
2937 4521 3196 4592 θᾶττονῆ
3243 4522 3522 4591 ὑψωθῆναι
3572 4539 3775 4576 ταπει-

515 4625 733 4678 sccura,
763 4629 942 4682 neque
959 4614 1175 4669 stabilis
1203 4623 1285 4670 est
1308 4631 1326 4680 ς
1357 4617 1556 4686 quippe
1581 4633 1702 4686 quae
1720 4619 1884 4674 citius
1915 4633 2079 4688 quam

517 4700 758 4761 advenit.
793 4709 1090 4761 evanescit.
1127 4707 1195 4760 At
1231 4709 1537 4764 humilitate
1571 4725 1755 4765 veram
1793 4710 2082 4764 exaltatio-

517 4805 640 4844 nem
671 4798 997 4862 comparari,
1033 4806 1088 4852 et
1112 4797 1227 4868 ipse
1269 4798 1532 4854 Dominus
1573 4802 1776 4856 diserte
1805 4800 1967 4855 docet
1997 4801 2082 4856 his

515 4881 698 4937 verbis
727 4882 773 4914 ⁷⁸
813 4899 826 4935 :
875 4903 893 4935 ι
929 4886 1130 4952 ,Οιιιιιίε
1147 4891 1238 4958 ιιιιί
1282 4906 1341 4944 se
1364 4890 1991 4955 exaltathumiliabitur,
2029 4898 2085 4945 et

516 4975 606 5043 qui
634 4991 693 5030 se
723 4974 970 5031 humiliat
997 4979 1324 5033 exaltabitur
1347 5019 1362 5034 .
1407 4999 1426 5032 ι
1469 4980 1529 5034 Et
1549 4981 1595 5011 "
1631 4995 1645 5032 :
1683 4998 1702 5032 ι
1735 4980 1792 5034 Si
1823 4981 1947 5052 quis
1971 4980 2087 5034 vult

519 5068 730 5136 primus
759 5084 902 5134 esse,
937 5069 1042 5123 erit
1069 5072 1311 5125 omnium
1366 5071 1717 5128 novissimus.
1794 5089 1813 5123 ι
1902 5071 2088 5124 lnuuit

519 5165 696 5209 autem
730 5173 824 5225 per
876 5160 1029 5224 ilhul,
1064 5178 1084 5211 ι
1132 5160 1184 5215 ἰιι
1212 5171 1453 5230 tempore
1505 5177 1626 5225 suo,
1674 5179 1693 5214 ι
1734 5169 1794 5216 ιιι
1822 5160 2083 5223 diximus,

517 5245 677 5297 etiam
709 5247 762 5299 in
798 5245 980 5302 futuro
1023 5251 1226 5304 saeculo
1265 5253 1503 5320 promitti
1539 5252 1835 5307 humilibus
1880 5251 2086 5306 exalta-

522 5334 747 5390 tioncm.
803 5337 1166 5396 Stabititatein
1219 5341 1364 5396 enim
1414 5352 1470 5398 et
1518 5342 1947 5398 immobilitatem
2001 5358 2088 5398 res

2181 4618 2439 4687 νονμένη.
2477 4615 2648 4686 Τῆσδε
2683 4614 3082 4680 ταπεινώσεως,
3137 4616 3237 4684 τῆς
3297 4614 3357 4667 τὸ
3394 4614 3524 4683 flebo,-
3577 4617 3776 4668 ποιού⁸

2183 4723 2308 4778 σης,
2329 4707 2423 4760 καὶ
2454 4705 2613 4768 αὑτὸς
2642 4705 2670 4757 6
2693 4703 2896 4775 Κύριός
2925 4722 3058 4775 φησι
3093 4719 3119 4777 '_
3141 4723 3159 4756 ι
3202 4705 3314 4767 Πᾶς
3341 4703 3531 4772 δὺψῶν
3547 4703 3781 4764 ἑαυτὸν,

2187 4797 2656 4866 ταπεινωθήσεται
2688 4812 2704 4828 ³
2739 4797 2881 4850 καὶὸ
2913 4797 3190 4851 ταπεινῶν
3214 4797 3429 4860 ἑαυτὸν,
3486 4793 3786 4864 ὑψωθήσε-

2189 4901 2281 4943 ται
2321 4902 2336 4916 ⁶
2373 4906 2392 4941 ι
2425 4887 2536 4950 καὶ,
2572 4905 2590 4938 ι
2631 4886 2691 4941 Ὀ
2723 4887 2894 4940 θέλων
2927 4889 2986 4940 ἐν
3014 4889 3142 4956 ὑμῖν
3189 4884 3331 4941 εἶναι
3359 4887 3592 4958 πρῶτος,
3626 4884 3790 4939 ἔστω

2192 4978 2410 5033 πάντων
2431 4979 2675 5049 ἔσχατος.
2707 4997 2725 5030 ι
2748 4978 3001 5049 ’ῌνίξατο
3019 4979 3075 5031 δὲ
3101 4977 3213 5048 Ῐδιά
3233 4978 3350 5040 τοῦ,
3380 4997 3400 5032 ι
3429 4979 3486 5031 ὲν
3507 4977 3716 5046 καιρῷ,
3731 4978 3786 5048 ι]

2190 5067 2268 5131 ὡς
2295 5067 2530 5136 ἔφημεν,
2582 5068 2677 5138 καὶ
2731 5069 2790 5122 τὸ
2841 5069 2922 5132 είς
2959 5069 3050 5121 τὸν
3082 5068 3348 5138 μέλλοντα
3395 5069 3566 5121 αἰῶνα
3593 5069 3786 5136 ἑπαγ-

2195 5157 2483 5226 γέλλεσθαι
2513 5159 2611 5228 τὴν
2644 5159 2752 5213 ἀπὸ
2776 5160 2874 5228 τῆς
2903 5160 3283 5223 ταπεινώσεως
3306 5159 3534 5228 ὑψωσιν.
3576 5159 3634 5211 '0
3654 5160 3789 5228 γὰρ

2193 5249 2300 5302 τῶν
2339 5248 2712 5302 ἀναλλοιώτων
2739 5249 2928 5318 καιρὸς
2961 5250 3018 5301 ὲν
3039 5249 3115 5317 τῷ
3150 5250 3395 5319 μέλλοντι
3431 5251 3607 5304 αίῶνι.
3633 5245 3787 5302 Εἶτα

2193 5342 2255 5394 τὸ
2277 5339 2394 5402 δέος
2411 5340 2663 5411 ἀφαιρῶν
2703 5339 2764 5392 τὸ
2796 5341 2894 5403 τίς
2918 5339 3323 5408 ταπεινώσεως,
3349 5341 3481 5412 φησί
3508 5357 3523 5373 ο
3560 5342 3654 5411 Μὴ
3685 5341 3788 5395 δέ-

591 5497 640 5530 "
667 5497 824 5552 Joan.
853 5513 973 5564 xm,
1002 5499 1087 5554 ll.
1165 5501 1210 5533 '°
1236 5500 1448 5558 Coloss.
1478 5517 1558 5568 Ill,
1594 5501 1646 5556 4.
1726 5502 1769 5533 ⁷⁷
1801 5502 1942 5558 Psal.
1975 5517 2014 5568 ι,
2037 5504 2070 5557 3

2175 5503 2203 5536 ⁸
2229 5502 2362 5556 Luc.
2399 5517 2506 5558 .vtv.
2552 5501 2634 5563 ll,
2671 5515 2821 5564 xvm,
2859 5501 2941 5556 Η.
3023 5503 3070 5537 ’³
3093 5502 3260 5559 Marc.
3297 5504 3478 5568 “,31.

1733 5624 2035 5687 Bonifaeii
2080 5625 2300 5687 Finetti
2351 5631 2544 5688 noun.

597 5717 676 5786 (θ)
703 5718 836 5788 Vulg
882 5718 1064 5784 habet,
1103 5720 1384 5778 insinuata.

2260 5724 2339 5794 (7)
2379 5723 2556 5792 Vulg”
2583 5723 2634 5776 in
2671 5731 2892 5790 tempore
2927 5723 3262 5779 tieitatiouis.
