4020 6214
339 318 474 388 1265

450 390 461 407 ι

1109 321 1514 386 EXPOSITIO
1546 323 1624 385 IN
1664 323 1905 386 EPIST.
1931 323 1990 384 II
2033 325 2074 384 S
2136 326 2383 391 PETRI.
2408 353 2475 365 -
2507 330 2669 392 CAP.
2703 332 2785 393 Ιῐ.

272 486 279 517 τ
336 440 428 495 ὑπ⁴
455 440 636 509 αὐτῶν
669 441 941 515 είρῆμένα
979 442 1077 514 οὐχ
1120 444 1504 517 ἡρμήνευσαν·
1551 446 1669 517 ἅμα
1715 446 1773 500 δὲ
1822 446 1911 499 καὶ

2039 448 2118 516 psi
2179 448 2455 517 prophetae
2510 448 2657 507 dicta
2722 463 2821 507 sua
2875 464 2981 503 non
3011 448 3122 504 sint
3152 448 3521 519 interpretati,
3550 461 3604 506 et

334 534 602 606 διακρίνει
650 535 752 607 τὴν
785 535 958 609 ἀληθῆ
1005 538 1345 609 προφητείαν
1386 538 1488 608 τῆς
1535 538 1920 608 δαιμονιώδους

336 629 431 684 καὶ
465 628 730 700 πλαστῆς,
759 630 884 700 ἥτις
914 632 1009 684 καὶ
1051 632 1109 692 ὲν
1138 633 1253 694 τοῖς
1302 631 1598 703 αίρετικοῖς
1630 634 1920 702 καταλαμ-

335 721 580 775 σάνεται.
620 739 639 772 ι
674 720 801 774 Ὅτι
833 725 987 777 πᾶσα
1026 723 1335 795 προφητεία
1370 725 1593 796 Γραφῆς
1626 726 1764 790 ἰδίας
1806 728 1921 779 ἐπι-

335 810 546 877 λύσεως
589 813 651 867 οὐ
697 815 927 883 γίνεται.
967 834 986 868 ι
1034 816 1194 870 Τοῦτ’
1240 816 1410 882 ἐστιν,
1462 819 1544 872 ὄτι
1574 818 1917 883 λαμϐάνουσι

342 905 442 973 μὲν
487 904 595 957 άπδ
640 905 734 958 τοῦ
785 904 922 959 Θεοῦ
977 907 1029 959 οί
1077 907 1359 980 προφῆται
1414 910 1515 978 τὴν
1553 910 1914 982 προφητείαν,

339 992 458 1048 ἀλλ’
489 996 588 1067 οὐχ
636 995 711 1059 ὡς
767 998 965 1059 ἐκεῖνοι
1019 998 1321 1068 βούλονται,
1372 1001 1487 1054 ἀλλ’
1538 1000 1614 1064 ὼς
1665 1002 1727 1055 τὸ
1775 1001 1920 1054 θεῖον

339 1091 556 1158 ἐνεργεῖ
589 1088 844 1159 Πνεῦμα⁹
878 1092 974 1143 καὶ
1025 1090 1224 1162 ᾔδεσαν
1276 1092 1376 1161 μὲν
1416 1094 1513 1146 καὶ
1545 1091 1801 1159 συνίεσαν
1830 1092 1920 1145 τὸν

340 1181 841 1251 καταπεμπόμενον
868 1181 1025 1250 λόγον
1046 1182 1228 1245 αὐτοῖς
1251 1185 1613 1255 προφητικὸν,
1645 1185 1706 1237 οὐ
1735 1184 1921 1253 μέντοι

340 1272 436 1324 καῖ
473 1271 573 1341 τὴν
607 1270 856 1324 ἐπίλυσιν
881 1272 1047 1327 αὐτοῦ
1077 1273 1387 1328 ἐποιοῦντο·
1423 1275 1517 1329 καὶ
1541 1278 1625 1330 ὅτι
1654 1277 1764 1339 ἀπὸ
1783 1276 1920 1330 Θεοῦ

304 1354 315 1365 ί
339 1361 725 1431 ὲνεργούμενοι
747 1363 1063 1432 [Ινεύματος
1086 1365 1135 1418 οί
1160 1366 1438 1437 προφῆται
1464 1367 1685 1438 ᾔδεσαν,
1709 1368 1785 1432 ὡς
1813 1369 1922 1421 ἀπὸ

342 1455 488 1508 θείου
536 1454 850 1529 [Ινεύματος
885 1457 1308 1525 καταπέμπεται
1338 1460 1365 1512 ὁ
1397 1459 1553 1528 λόγος
1591 1461 1797 1524 αὐτοῖς,
1823 1460 1920 1530 δῆ-

342 1547 433 1600 λον
461 1547 552 1617 ἀφ’
581 1540 656 1602 ὧν
685 1549 903 1612 ἑκόντες
934 1549 1266 1621 ὑπούργουν,
1296 1554 1391 1606 καὶ
1424 1554 1452 1606 ὃ
1478 1553 1543 1611 ἂν
1573 1538 1764 1625 ῆθελον
1795 1555 1921 1613 ἐλά-

342 1637 494 1691 λουν’
543 1639 572 1693 ὃ
614 1639 672 1693 δὲ
723 1639 800 1710 μὴ
856 1639 1073 1712 ἤθελον,
1126 1643 1411 1697 ἐσιώπων·
1461 1646 1522 1697 οὐ
1583 1648 1690 1717 μὴν
1730 1649 1823 1701 καὶ
1871 1651 1920 1702 οί

336 1729 801 1801 ψευδοπροφῆται.
837 1732 911 1784 Οὐ
946 1733 1056 1804 γάρ
1092 1723 1291 1803 ᾔδεσαν
1339 1737 1398 1788 ὲν
1440 1735 1518 1807 τῷ
1558 1738 1918 1809 ἐνεργεῖσθαι.

340 1822 478 1875 ἀλλὰ
539 1823 707 1895 μανίᾳ
756 1825 1036 1893 γινόμενοι
1079 1828 1414 1897 παράφοροι,
1466 1830 1696 1898 ἠγνόουν
1730 1832 1921 1887 iii-51n-

343 1929 489 1982 σχον,
519 1913 595 1978 ὡς
644 1917 694 1967 οἱ
749 1915 1065 1987 μεθύοντες.
1115 1919 1176 1971 Οἱ
1227 1919 1412 1988 μέντοι
1441 1920 1588 1990 ἆγιοι
1621 1926 1919 1995 προφῆται,

344 2006 550 2076 καίπερ
589 2007 812 2072 εἰδότες,
844 2009 905 2066 οὐ
953 2009 1145 2079 χρείαν
1185 2004 1332 2081 εἶχον
1374 2013 1704 2085 ἑρμηνεύειν
1733 2018 1802 2070 τὰ
1831 2001 1922 2071 ὕπ’

338 2096 543 2163 αὐτῶν,
601 2098 717 2152 ἀλλ’
761 2099 971 2169 ἑτέροις
1016 2100 1301 2173 διηκόνουν
1356 2104 1530 2159 ταῦτα
1558 2105 1737 2177 [(ήμῖν
1768 2109 1920 2178 γάρ),

344 2188 461 2259 ἅμα
501 2188 557 2245 δὲ
602 2188 720 2263 xui]
754 2189 839 2243 ἵνα
869 2189 1173 2265 λανθάνῃή
1223 2194 1317 2249 τοῦ
1368 2196 1576 2266 Κυρίου
1622 2201 1918 2271 παρουσία,

344 2280 439 2333 καὶ
480 2279 564 2355 ’μὴ
608 2280 1029 2359 ὲπιόουλεύηται
1079 2284 1183 2337 ὑπὸ
1238 2286 1348 2338 τῶν
1388 2288 1625 2343 ἀσεϐῶν.
1675 2290 1927 2346 Ἐπιϐου-

344 2370 613 2442 λευομένη
640 2372 750 2444 γὰρ
771 2372 1005 2443 ἠδύνατο
1029 2375 1125 2429 καὶ
1152 2377 1555 2447 διαδιδράσκειν
1583 2381 1672 2435 διά
1704 2382 1801 2450 τῆς
1828 2384 1922 2437 τοῦ

345 2466 554 2535 Κυρίου
575 2465 885 2537 δυνάμεως.
927 2467 1068 2521 Ἀλλ’
1093 2468 1263 2531 εἰκὸς,
1290 2469 1460 2523 ἐνίοτε
1487 2470 1578 2525 διά
1606 2474 1926 2542 παραδόξων

344 2553 445 2624 τῆς
476 2556 762 2639 άποφυγῆς
790 2557 1107 2629 γινομένης,
1130 2560 1434 2628 τερατῶδες
1468 2561 1614 2628 εδοξε
1650 2564 1710 2618 τὸ
1741 2565 1925 2619 153.06-

350 2661 513 2713 μενον
557 2646 658 2715 τῆς
700 2647 1188 2718 ὲνανθρωπήσεως.
1246 2647 1356 2703 κει
1402 2652 1484 2705 ὅτι
1515 2652 1713 2724 ἀληθὲς
1745 2654 1924 2720 τοῦτο,

346 2734 506 2805 δῆλον
558 2736 667 2790 άπὸ
719 2737 828 2792 τῶν
877 2739 935 2791 ὲν
983 2741 1050 2811 τῇ
1094 2740 1214 2812 Νέᾳ
1244 2742 1562 2813 προφητῶν,
1606 2744 1656 2798 οἳ
1704 2746 1800 2800 καὶ
1828 2748 1929 2816 ἠρ-

346 2828 591 2896 ,μήνευον
616 2827 845 2891 ἑαυτοὺς
874 2828 1337 2899 προφητεύοντες,
1371 2835 1419 2885 εί
1454 2835 1549 2888 καὶ
1590 2837 1668 2906 μὴ
1708 2837 1927 2900 πάντες.

349 2920 425 2973 Οὐ
448 2919 558 2990 γὰρ
587 2916 656 2991 ἦν
685 2937 831 2984 τινος
861 2921 1107 2976 τοιούτου
1145 2923 1352 2993 ὑποψία
1397 2927 1456 2979 ὲν
1487 2930 1553 2999 τῇ
1588 2928 1725 3001 Νέᾳ.
1769 2931 1931 2985 Ἀλλὰ

350 3010 445 3064 καὶ
474 3012 557 3065 ὅτι
587 3011 690 3065 οὐκ
723 3011 1070 3080 ἐξιστάμενοι
1111 3015 1161 3068 οί
1193 3017 1474 3086 προφῆται
1513 3004 1927 3093 ἐχρησμῴδουν,

2025 556 2204 592 veram
2243 556 2272 592 a
2320 541 2442 595 ficta
2486 552 2539 597 et
2568 541 2902 597 daemoniaca
2931 539 3287 612 quorumdam
3320 541 3605 596 haeretico-

2023 648 2142 684 ru:n
2206 633 2488 703 prophetia
2539 632 2805 688 discernit
2856 649 2869 687 :
2962 631 3247 703 quoniam,
3320 632 3601 707 inquiens,

2033 743 2050 773 ι
2095 724 2274 777 omnis
2308 724 2592 793 pr0pltetia
2651 725 2951 794 Scriptura:
3001 726 3219 795 propria
3271 724 3603 793 interpreta-

2022 813 2175 868 tione
2215 828 2323 866 non
2357 813 2435 867 tit.
2474 832 2492 866 ι
2566 816 2681 869 Hoc
2730 826 2839 875 est.
2885 815 3165 885 accipiunt
3194 813 3449 884 equidem
3481 830 3606 882 pro-

2024 904 2197 975 pheta:
2228 922 2255 958 a
2290 905 2397 959 Dea
2418 905 2790 977 prophetiam;
2821 915 2875 961 at
2905 921 3035 971 non,
3100 907 3176 960 uti
3235 906 3336 977 ipsi
3371 907 3557 961 volunt
3582 944 3597 966 .

2024 997 2118 1053 sed
2158 1007 2216 1053 ut
2262 1000 2446 1053 divino
2499 999 2726 1069 Spiritui
2769 999 3221 1054 libetinfundere
3271 1015 3286 1052 :
3340 1007 3501 1069 atque
3531 1000 3604 1052 illi

2022 1090 2241 1159 quidem
2271 1090 2576 1153 immissum
2615 1090 2723 1146 illis
2753 1090 3131 1162 propheticum
3163 1105 3474 1147 sermonem
3513 1105 3608 1144 co-

2022 1184 2362 1254 gnoscebant
2394 1194 2446 1238 et
2492 1183 2890 1265 intelligebant,
2921 1194 3159 1239 attamen
3195 1182 3314 1250 ejus
3338 1183 3608 1252 interpre-

2023 1276 2279 1332 tationem
2304 1292 2403 1343 seu
2425 1279 2840 1348 explicationem
2873 1292 2979 1330 non
3025 1274 3320 1329 faciebant.
3358 1272 3424 1328 Et
3452 1289 3605 1337 sane,

2022 1369 2166 1439 quod
2199 1370 2477 1441 prophetia
2511 1385 2541 1423 a
2584 1371 2693 1425 Deo
2728 1371 2835 1425 acti
2896 1383 3207 1424 sermonem
3270 1366 3372 1421 sibi
3439 1382 3467 1420 a
3500 1365 3610 1419 Deo

2024 1468 2154 1516 tunc
2211 1459 2324 1537 fieri
2380 1470 2631 1527 nossent,
2700 1460 3171 1531 perSpieuumest
3237 1473 3301 1513 ex
3349 1471 3436 1520 eo,
3466 1454 3610 1524 quod

2024 1564 2218 1626 Spmtlc
2270 1553 2379 1609 Deo
2444 1554 2683 1611 moventi
2746 1553 3140 1621 inserviebam,
3173 1558 3224 1604 et
3277 1548 3445 1620 quod,
3491 1562 3610 1616 quae

2023 1648 2237 1719 quidem
2306 1648 2599 1710 volebant,
2658 1646 3039 1717 loquebantur.
3105 1658 3229 1714 quae
3280 1657 3408 1696 vero
3450 1641 3597 1709 loqui

2026 1741 2305 1806 nolebant,
2343 1741 2560 1797 silentio
2585 1739 2960 1796 occultabant.
3019 1738 3136 1792 Non
3173 1737 3243 1790 ita
3294 1750 3423 1789 vero
3487 1734 3608 1790 falsi

2030 1833 2325 1903 prophetae.
2359 1830 2475 1887 Non
2509 1831 2652 1886 enim
2679 1829 2776 1894 illi,
2803 1843 2926 1884 cum
2962 1827 3319 1898 agitarentur,
3353 1824 3436 1881 sui
3462 1840 3612 1880 com-

2031 1936 2181 1995 potes
2202 1933 2394 1988 erant;
2420 1922 2512 1978 sed
2546 1921 2729 1977 furore
2744 1919 2981 1990 quodam
3028 1926 3182 1972 extra
3214 1933 3275 1974 se
3306 1918 3464 1986 rapti,
3500 1917 3612 1970 vel-

2031 2027 2088 2072 ut
2137 2017 2296 2078 ebrii,
2358 2015 2409 2072 id
2473 2013 2619 2085 quod
2694 2013 3065 2084 patiebantur,
3146 2009 3493 2079 ignorabant.
3547 2008 3614 2063 At

2027 2109 2199 2165 sancti
2233 2109 2531 2179 prophetae,
2573 2104 2790 2161 tat'nctsi
2872 2104 3020 2157 dicta
3053 2116 3162 2157 sua
3219 2100 3611 2169 intelligerent,

2030 2219 2135 2263 non
2170 2211 2347 2255 tamen
2382 2215 2414 2255 e
2450 2213 2507 2253 re
2533 2213 2659 2253 esse
2695 2194 3017 2256 censebant,
3076 2192 3266 2246 eadem
3336 2189 3612 2258 interpre-

2029 2293 2132 2345 tari
2175 2307 2335 2345 :cum
2365 2291 2493 2360 quia
2519 2289 2661 2353 aliis,
2697 2287 2747 2341 id
2773 2293 2857 2342 est
2880 2284 3056 2350 nobis,
3088 2299 3151 2339 ea
3182 2281 3569 2336 ministrabant
3595 2320 3610 2343 ,

2030 2391 2142 2434 tum
2170 2388 2230 2435 ut
2272 2379 2484 2433 Domini
2517 2378 2783 2431 adventus
2808 2391 2981 2445 usque
3004 2374 3071 2428 ad
3106 2371 3437 2442 praefinitum
3475 2377 3614 2423 tem-

2031 2491 2131 2542 pus
2158 2474 2562 2539 occultaretur;
2590 2486 2657 2525 ne
2681 2470 2885 2527 clarius
2904 2466 3307 2523 manifestatum
3325 2462 3613 2531 impiorum

2031 2566 2260 2623 insidias
2279 2566 2531 2621 subiret:
2568 2579 2675 2618 non
2706 2561 2853 2630 quod
2883 2561 3049 2615 etiam
3082 2557 3302 2614 insidiis
3334 2557 3612 2625 appetitus

2033 2659 2124 2714 Dei
2150 2659 2392 2730 potentia
2414 2655 2755 2713 exsecutioni
2793 2652 3043 2710 mandari
3096 2666 3207 2707 non
3253 2657 3472 2720 posset;
3512 2650 3610 2703 sed

2030 2751 2157 2821 quia
2197 2748 2592 2804 incarnationis
2655 2761 2818 2816 opus,
2844 2746 2894 2801 si
2923 2745 3062 2798 miro
3091 2752 3148 2797 et
3205 2740 3425 2797 insolito
3457 2739 3620 2794 modo

2030 2842 2300 2914 ejusmodi
2325 2838 2873 2910 ellugissetiusidias,
2897 2842 3144 2890 monstro
3173 2833 3389 2889 cuidam
3415 2846 3475 2885 ac.
3496 2846 3620 2900 por-

2032 2941 2205 2997 tento,
2239 2948 2336 2988 seu
2360 2931 2526 2987 etiam
2563 2928 2844 3001 praestigio
2877 2925 3061 2982 simile
3090 2922 3264 2979 videri
3329 2920 3618 2992 potuisset.
3670 2960 3687 2975 η

2033 3025 2101 3081 Et
2137 3024 2360 3094 quidem
2393 3038 2506 3077 rem
2546 3023 2618 3076 ita
2650 3036 2711 3075 se
2765 3017 2972 3074 habere
3020 3015 3373 3086 perspicuum
3441 3021 3525 3066 est
3554 3026 3622 3067 ex

348 3101 510 3172 δῆλον
557 3102 654 3163 καὶ
695 3102 877 3157 τοῦτο.
923 3104 1013 3169 Ἐξ
1053 3105 1174 3170 ἑνὸς
1221 3108 1331 3179 γὰρ
1366 3110 1681 3180 Πνεύματος
1715 3131 1929 3185 προφη-

2036 3113 2324 3186 pmphetis
2347 3112 2471 3167 novi
2503 3109 2779 3173 Frederis,
2805 3106 2900 3178 qui
2923 3104 3252 3174 semetipsos
3277 3095 3616 3171 interpretati

352 3194 621 3249 τευόντων
656 3195 766 3249 τῶν
805 3196 864 3248 ὲν
904 3199 971 3266 τῇ
1021 3198 1232 3268 Παλαιᾷ
1278 3202 1372 3252 καὶ
1417 3204 1484 3271 τῇ
1521 3203 1657 3273 Νέᾳ,
1703 3211 1866 3272 φησὶν
1900 3209 1930 3259 ὁ

348 3284 596 3348 Παῦλος·
646 3307 665 3338 ι
724 3287 850 3341 Ἐὰν
892 3287 949 3340 δὲ
999 3289 1364 3361 ἀποκαλυφθῇ
1412 3292 1559 3362 ἄλλῳ
1611 3293 1927 3368 καθημένῳ,

350 3379 558 3442 σιγάτω
589 3379 618 3431 ὁ
642 3379 883 3448 πρῶτος.
918 3397 936 3428 ι
970 3380 1147 3446 Σαφὲς
1177 3386 1286 3448 γὰρ
1313 3383 1378 3432 ὲκ
1404 3374 1620 3445 τούτου,
1652 3386 1733 3436 ὃτι
1764 3390 1822 3437 ὲν
1851 3388 1931 3456 τῷ

352 3466 499 3519 κατὰ
558 3466 720 3532 φύσιν
756 3467 1037 3535 ἱστάμενοι
1088 3469 1138 3520 οῖ
1184 3469 1490 3538 προφῆται,
1537 3472 1755 3539 ἑκόντες
1797 3494 1934 3548 προ.

351 3558 639 3628 εφήτευον.
670 3556 761 3610 Διὸ
793 3557 886 3609 καὶ
906 3555 1066 3612 ἄλλου
1089 3559 1451 3629 ἀνισταμένου
1475 3563 1930 3633 ὲμπνευσθέντος,

258 3730 263 3737 ν
352 3649 382 3699 ὁ
413 3646 627 3737 πρῶτος
670 3646 851 3700 λαλῶν
884 3650 1099 3721 σιωπᾷν
1147 3651 1509 3723 ὲπετρέπετο,
1549 3656 1686 3726 ὅπερ
1721 3658 1822 3715 οὐκ
1866 3658 1933 3712 ἂν

350 3735 448 3790 ἐπὶ
479 3737 823 3806 μαινομένων
850 3735 1001 3806 εὖροι
1035 3754 1119 3801 τις
1153 3738 1467 3807 ἄνθρωπος.
1506 3742 1629 3806 Πῶς
1656 3747 1764 3816 γάρ
1807 3765 1934 3801 σιω-

355 3826 522 3895 πήσει
552 3828 579 3879 ὸ
604 3827 742 3896 μηδὲ
770 3827 798 3889 ὅ
827 3843 878 3879 τι
905 3825 1005 3895 δρᾷ
1035 3828 1434 3898 ἐπιστάμενος
1468 3832 1579 3885 Καὶ
1616 3837 1931 3906 Πνεύματος

2035 3213 2185 3267 sunt,
2222 3203 2435 3259 tametsi
2464 3216 2575 3257 non
2609 3215 2835 3263 omnes;
2866 3195 3012 3267 quod
3050 3195 3161 3264 jam
3191 3202 3304 3247 tum
3335 3192 3623 3261 bujusmo-

2034 3297 2088 3353 di
2114 3294 2358 3365 suspicio
2388 3300 2680 3348 cessasset.
2726 3290 2926 3344 Verum
2955 3295 3011 3343 et
3057 3286 3204 3356 quod
3244 3300 3349 3340 non
3377 3294 3530 3339 extra
3564 3298 3623 3336 se

2037 3385 2180 3455 rapti
2210 3383 2651 3439 vaticinarentur
2706 3378 3006 3448 propheta),
3055 3374 3410 3435 manifestum
3441 3380 3522 3427 est
3555 3388 3625 3427 ex

2040 3490 2105 3529 eo
2131 3472 2278 3542 quod
2314 3485 2422 3525 uno
2449 3484 2512 3525 ac
2541 3467 2735 3523 eodem
2763 3464 2971 3534 Spiritu
3040 3463 3215 3520 sancti
3243 3461 3335 3518 Dei
3379 3460 3628 3516 homines

2042 3564 2094 3616 in
2123 3562 2302 3617 Veteri
2356 3568 2522 3626 atque
2551 3557 2608 3611 in
2640 3554 2792 3609 Novo
2832 3554 3198 3611 Testamento
3262 3554 3627 3624 prophetare-

2040 3650 2286 3718 rint;ait
2312 3663 2439 3705 vero
2506 3646 2711 3701 Paulus
2748 3662 2763 3698 :
2800 3663 2820 3696 ι
2856 3644 2914 3700 Si
2958 3646 3051 3697 alii
3107 3646 3408 3700 revelatum
3464 3643 3630 3698 fuerit

2040 3742 2274 3809 sedenti,
2300 3742 2449 3814 prior
2477 3746 2656 3794 taceat
2682 3738 2725 3791 ⁸.
2765 3756 2784 3788 ι
2818 3737 2893 3791 Ex
2944 3751 3056 3806 quo
3092 3745 3265 3806 patet,
3327 3736 3623 3807 prophetas

2040 3833 2344 3890 naturalem
2375 3836 2579 3891 statum
2613 3843 2772 3883 suum
2819 3825 3138 3892 retinuisse,
3170 3841 3295 3880 cum
3332 3827 3628 3895 propheta-

3468 290 3644 396 1260':
3750 316 3755 323 “
3782 342 3802 386 ι

354 3919 409 3971 δὲ
440 3914 582 3971 εἶναι
620 3917 905 3987 ἐνέργειαν
934 3917 1094 3984 ἁγίου
1125 3919 1183 3978 ὲν
1216 3921 1330 3981 τοῖς
1361 3923 1689 3993 προφήταις,
1720 3929 1748 3979 ὁ
1772 3930 1929 3994 αὐτὸς

2043 3930 2173 3982 bant
2208 3945 2221 3980 :
2260 3924 2464 3978 idcirco
2483 3921 2650 3984 enim,
2684 3920 2793 3974 alio
2824 3926 3114 3990 surgente,
3142 3917 3235 3988 qui
3283 3915 3492 3987 Spiritu
3533 3907 3628 3970 Dei

356 4007 570 4071 Παῦλός
608 4024 795 4096 φησιν,
854 4025 874 4060 ι
927 4002 998 4079 τῼ
1038 4008 1174 4077 μὲν,
1229 4011 1473 4096 φάσκων,
1531 4014 1733 4070 δίδοται
1779 4018 1929 4089 λόγος

2043 4019 2255 4076 afﬂatus
2286 4023 2453 4078 esset,
2483 4015 2577 4083 qui
2624 4013 2781 4081 prius
2853 4011 3204 4081 loquebatur,
3261 4010 3423 4066 silere
3471 4006 3632 4070 jube-

359 4099 573 4170 σοφίας,
598 4093 644 4168 ᾧ
670 4099 728 4153 δὲ
757 4099 1086 4171 προφητεία.
1127 4118 1147 4157 ι
1325 4093 1331 4099 ’ν

2045 4124 2167 4179 tur;
2202 4108 2347 4178 quod
2375 4107 2431 4161 in
2476 4104 2788 4160 furentibus
2814 4103 2995 4157 locum
3021 4102 3226 4157 habere
3253 4114 3361 4155 non
3406 4105 3625 4169 potest:

356 4192 631 4262 quomodo
660 4193 806 4248 enim
860 4194 1281 4263 obtemperaret,
1311 4197 1405 4266 qui
1442 4200 1530 4254 sui
1583 4215 1808 4272 compos
1835 4221 1942 4262 non
1982 4207 2108 4265 est?
2137 4203 2243 4261 Sed
2272 4209 2328 4258 et
2358 4197 2735 4270 operationem
2771 4195 3012 4267 Spiritus
3068 4194 3246 4250 sancti
3281 4194 3334 4249 in
3397 4192 3629 4262 prophe-

359 4287 428 4337 tis
460 4284 649 4355 fuisse,
674 4285 818 4349 idem
863 4284 1067 4345 Paulus
1122 4296 1376 4355 testatur,
1431 4306 1555 4346 cmn
1612 4293 1733 4348 ait:
1803 4315 1823 4349 ι
1866 4299 1971 4355 Alii
2008 4299 2227 4372 quidem
2267 4311 2364 4367 per
2412 4291 2678 4364 Spiritum
2719 4292 2882 4348 datur
2907 4305 3090 4348 sermo
3125 4287 3479 4359 sapientiae...
3538 4287 3630 4341 alii

365 4380 650 4454 prophetia
684 4382 726 4436 '.
762 4400 782 4433 ι

954 4477 1207 4531 ΚΕΦΑΔ.
1270 4475 1345 4535 B’.

440 4588 460 4621 ι
504 4568 788 4634 Ἐγένοντο
835 4565 895 4621 δὲ
946 4569 1043 4622 καὶ
1080 4567 1524 4638 ψευδοπροφῆται
1581 4572 1642 4626 ὲν
1698 4573 1778 4643 τῷ
1831 4575 1945 4647 λαῷ

358 4660 578 4730 ἐκείνῳ,
627 4659 702 4722 ὡς
735 4660 833 4717 καὶ
880 4660 940 4712 ἐν
993 4659 1124 4729 ὑμῖν
1181 4658 1399 4713 ἔσονται
1442 4660 1944 4733 ψευδοδιδάσκαλοι,

360 4754 559 4814 οἵτινες
601 4751 1009 4821 παρεισάξωσιν
1066 4749 1231 4822 [υιιίρ.
1264 4749 1497 4825 -ξουσιν]
1553 4755 1795 4825 αἱρέσεις
1844 4757 1949 4810 άπ-

302 4908 310 4927 1
361 4841 583 4903 ωλείας,
615 4840 712 4894 καὶ
740 4840 832 4894 τὸν
863 4840 1210 4910 ἀγοράσαντα
1239 4840 1438 4904 αὐτοὺς
1452 4843 1731 4911 Δεσπότην
1748 4845 1948 4917 ἀρνού-

300 4928 314 4987 ἴ
367 4948 541 4998 μενοι,
596 4931 902 4999 ἐπάγοντες
944 4932 1160 4994 ἑαυτοῖς
1208 4932 1438 5002 ταχινὴν
1485 4932 1781 4987 ἀπώλειαν.
1840 4935 1950 4990 Καὶ

365 5023 553 5075 πολλοὶ
591 5022 1099 5093 ὲξακολουθήσωσιν
1145 5023 1311 5095 [vulg.
1350 5008 1584 5098 ⁸σουιιιν]
1610 5027 1790 5081 αὐτῶν
1826 5030 1947 5093 ταῖς

364 5113 702 5181 ἀσελγείαις,
737 5112 805 5165 δι’
835 5111 929 5176 οὒς
965 5112 998 5182 ἡ
1032 5112 1150 5176 ὁδὸς
1178 5112 1280 5181 τῆς
1313 5113 1571 5184 ἀληθείας
1616 5115 1946 5189 βλασφημη-

366 5208 614 5276 θήσεται.
652 5206 761 5258 Καὶ
788 5204 1071 5276 πλεονεξίᾳ
1101 5204 1358 5269 πλαστοῖς
1393 5206 1569 5273 λόγοις
1598 5208 1743 5277 ὑμᾶς
1769 5210 1947 5278 ἐμπο-

372 5297 685 5367 ρεύσονται.
717 5316 736 5347 ι
772 5294 1308 5358 Ψευδοδιδασκάλους
1349 5296 1469 5366 μὲν,
1503 5298 1752 5360 τοὺςάπὸ
1777 5300 1947 5353 Νικο-

368 5390 501 5445 λάου
549 5389 645 5443 καὶ
674 5388 974 5459 Κηρινθίου
1024 5389 1177 5458 φησι.
1232 5389 1340 5442 Τοῦ
1377 5390 1436 5444 δὲ
1473 5392 1573 5460 τῆς
1607 5392 1947 5461 προφητείας

365 5479 636 5551 ὀνόματος
667 5478 862 5541 κοινῶς
897 5479 993 5532 καὶ
1023 5478 1167 5531 κατὰ
1208 5479 1316 5532 τῶν
1350 5479 1648 5551 προφητῶν
1682 5482 1777 5534 καὶ
1806 5483 1948 5536 κατὰ

367 5573 480 5629 τῶν
525 5573 992 5645 ψευδοπροφητῶν
1038 5575 1377 5644 φερομένου,
1431 5575 1792 5645 ἁσφαλίζεται
1847 5575 1947 5645 μὲν

463 5751 486 5784 ⁸
564 5752 690 5809 Cor.
718 5769 827 5819 xiv,
861 5750 941 5811 50.
1011 5749 1228 5807 ’lCOr.
1283 5764 1379 5814 ιιι,
1433 5750 1489 5809 8.

2568 4473 2734 4545 390
2778 4469 3009 4528 cspur
3043 4472 3111 4524 ιι.

2120 4577 2287 4633 Vens.
2320 4574 2436 4627 1-5.
2468 4590 2487 4623 ι
2518 4568 2763 4624 Fuerunt
2794 4581 2924 4621 vero
2958 4577 3012 4618 et
3046 4562 3539 4633 pseudoprophetw
3574 4560 3633 4615 in

2053 4670 2277 4741 populo,
2309 4666 2454 4720 sicut
2479 4672 2533 4717 et
2565 4662 2621 4715 in
2662 4658 2819 4713 vobis
2845 4665 3009 4712 erunt
3031 4654 3277 4723 magistri
3314 4652 3629 4714 mendaces,

2049 4760 2144 4831 qui
2180 4755 2535 4815 introducent
2614 4759 2794 4805 sectas
2856 4744 3203 4816 perditionis,
3233 4752 3288 4798 et
3343 4757 3470 4797 eum
3534 4743 3631 4811 qui

2054 4853 2193 4909 emit
2242 4863 2360 4912 eos,
2391 4843 2677 4899 Dominum
2736 4847 2958 4908 negant,
2989 4835 3484 4906 supuriudueentes
3519 4833 3624 4887 sibi

2052 4942 2281 4997 celerem
2309 4936 2692 5008 perditionem.
2741 4930 2808 4995 Et
2861 4929 3014 4983 multi
3079 4934 3381 4996 sequentur
3436 4938 3625 4976 eortnn

2053 5029 2325 5091 luxurias,
2354 5043 2449 5096 per
2509 5039 2653 5094 quos
2690 5022 2774 5075 via
2824 5019 3073 5075 veritatis
3129 5012 3624 5083 blasphemabitnr.

2052 5123 2120 5177 Et
2143 5123 2195 5175 in
2227 5119 2459 5173 avaritia
2478 5116 2621 5169 lictis
2643 5114 2823 5169 verbis
2853 5111 2922 5165 de
2947 5109 3103 5164 vobis
3126 5105 3571 5175 negotiabuntur.
3604 5122 3622 5153 ι

2053 5214 2156 5268 Per
2185 5207 2688 5282 pseudoprophetas
2721 5205 2809 5258 hic
2845 5202 3048 5258 Nicolai
3086 5206 3142 5253 et
3198 5195 3444 5251 Cerinthi
3475 5209 3629 5250 asse-

2051 5305 2165 5359 clas
2195 5300 2466 5370 intelligit.
2497 5296 2633 5351 Cum
2684 5310 2814 5349 vero
2844 5291 3121 5361 propheta
3148 5301 3344 5341 nomen
3373 5300 3496 5340 cum
3532 5300 3628 5337 ve-

2052 5397 2152 5459 ris,
2189 5402 2303 5447 tmn
2354 5390 2505 5445 falsis
2574 5386 2855 5458 prophetis
2910 5380 3277 5437 communiter
3320 5377 3630 5440 tribuatur;

2053 5491 2368 5539 commonet
2436 5497 2555 5543 eos,
2591 5494 2659 5533 ne
2729 5474 2878 5529 falsis
2947 5470 3223 5541 prophetis
3274 5467 3627 5523 attentionem

2057 5581 2397 5645 pra-starent.
2437 5570 2739 5627 Discrimen
2788 5579 2936 5629 vero,
2971 5563 3119 5634 quod
3170 5561 3312 5617 inter
3364 5566 3629 5627 utrosque

2490 5830 2563 5867 re.
