4020 6214
508 405 645 469 126⁵1

1393 384 1975 470 THEOPHYLACTI
2016 409 2424 471 BULGARI/E
2464 408 2817 470 ARCHIEP.

3609 399 3753 466 1968

507 519 818 581 intercedit,
852 518 1052 575 Paulus
1074 519 1317 589 exponit,
1365 519 1554 573 dicens
1592 537 1606 573 :
1654 538 1673 570 ‹
1710 520 1880 573 Nemo
1910 527 2081 590 potest

2193 523 2311 583 νῦν,
2349 524 2422 592 μὴ
2454 523 2569 583 τοῖς
2601 509 3076 590 ψευδοπροφήταις
3109 515 3416 586 προσέχειν.
3456 515 3570 568 Καὶ
3609 514 3664 565 τί
3705 515 3767 567 τὸ

506 611 711 673 dicere,
739 609 1199 673 DominusJesus,
1227 610 1331 664 nisi
1368 612 1419 664 in
1443 611 1653 681 Spiritu
1704 623 1915 667 sancto.
1957 613 2017 662 ³ο.
2062 630 2080 662 ι

508 700 646 754 llinc
678 709 857 755 autem
897 700 1088 771 incipit
1112 701 1374 757 adversus
1404 701 1792 757 Nicolaitarum
1835 703 2083 757 literesim

507 794 804 858 disserere,
841 793 1111 861 duplicem
1145 794 1330 849 dicens
1357 810 1476 850 esse
1507 796 1747 865 ipsorum
1776 796 2037 849 malitiam
2066 813 2084 847 :

506 895 635 939 sunt
655 885 798 938 enim
822 884 1001 953 quoad
1030 885 1277 956 dogmata
1305 888 1524 955 quidem
1567 887 1875 957 impiissimi
1918 886 2082 955 (quod

509 978 749 1043 ipsorum
801 975 853 1028 in
907 975 1181 1030 Christum
1242 977 1592 1047 blasphemiae
1657 977 2083 1046 demonstraui),

507 1066 685 1132 quoad
716 1065 839 1120 vita:
864 1082 994 1121 vero
1040 1083 1233 1137 genus,
1304 1069 1801 1138 propudiosissimi.
1864 1066 1928 1120 Et
1980 1069 2084 1121 hoc

506 1156 727 1226 quidem
756 1174 902 1212 nunc
939 1174 1002 1212 ex
1033 1159 1285 1226 turpibus
1312 1174 1501 1213 eorum
1541 1158 1954 1228 operationibus
1988 1172 2081 1212 os-

506 1247 701 1312 tendit,
749 1249 909 1316 paulo
960 1257 1082 1320 post
1135 1251 1342 1305 clarius
1397 1265 1509 1304 rem
1562 1250 1954 1318 explicaturus.
2006 1248 2082 1303 Ac

513 1355 536 1389 ι
603 1339 885 1394 avaritiam
922 1358 939 1391 ι
979 1340 1282 1405 nominans,
1332 1352 1539 1410 turpem
1599 1356 1786 1395 eorum
1835 1340 2078 1393 lucrandi

506 1430 770 1483 rationem
847 1430 918 1484 ob
1000 1432 1188 1486 oculos
1236 1433 1410 1502 ponit.
1469 1452 1486 1484 ι
1560 1432 1800 1486 Ataritia
1864 1451 1882 1483 ι
1935 1431 2078 1486 cnim

509 1521 834 1593 quandoque
914 1523 1232 1591 iniustitiam
1364 1520 1679 1595 signiﬁcati
1751 1525 2082 1593 quandoque

509 1628 640 1667 vero
701 1621 855 1683 turpe
913 1616 1291 1670 tantummodo
1347 1618 1556 1671 lucrum
1615 1633 1629 1671 :
1688 1632 1856 1686 quare
1915 1631 2082 1684 appo-

511 1704 615 1757 site
667 1706 817 1760 addit
865 1706 993 1760 illud
1068 1726 1086 1757 ι
1129 1708 1415 1777 negotiari.
1486 1728 1503 1757 ι
1565 1706 1636 1762 Ut
1684 1722 1813 1760 vero
1844 1706 2077 1761 adiviua

510 1792 758 1846 doctrina
792 1795 1016 1849 omnino
1038 1796 1242 1849 alienos
1268 1812 1362 1850 eos
1387 1811 1508 1852 esse
1541 1798 1875 1859 ostenderet,
1938 1795 2079 1849 lictis

512 1882 663 1949 ipsos
706 1884 885 1949 verbis
946 1885 1023 1937 ttti
1064 1885 1161 1938 ait.
1197 1885 1299 1939 Sed
1335 1887 1630 1951 habebunt,
1662 1890 1743 1943 sul
1767 1888 1865 1950 dit,
1889 1887 2080 1954 impie-

512 1968 646 2039 tatis
674 1970 967 2039 stipendia,
996 1983 1249 2028 mortem.
1304 1973 1440 2027 Illud
1472 1987 1651 2029 autem
1690 1995 1709 2027 ι
1752 1976 1878 2029 olim
1930 1997 1947 2027 ›
1989 1977 2078 2030 Dei

514 2061 907 2124 praescientiam
940 2065 1181 2118 denotat.
1224 2064 1362 2119 Deus
1410 2066 1555 2118 enim
1584 2066 1924 2132 praescientia
1960 2081 2080 2128 Sua,

513 2151 966 2219 quemadmodum
1009 2155 1167 2210 bonis
1203 2139 1447 2226 praemia,
1476 2156 1546 2210 ita
1575 2159 1735 2211 etiam
1762 2158 1917 2213 malis
1949 2173 2082 2212 con-

512 2252 705 2301 gruam
753 2242 885 2308 ipsis
920 2256 1134 2309 pmnam
1161 2247 1486 2313 pneparavit
1521 2262 1534 2297 :
1567 2263 1585 2296 σ
1620 2244 1882 2312 judicium
1934 2249 2078 2301 enim

507 2327 619 2396 jam
649 2329 777 2384 olim
813 2346 919 2385 non
945 2341 1143 2399 cessat,
1181 2354 1197 2385 ι
1222 2334 1323 2389 hoc
1348 2343 1450 2402 est,
1488 2355 1507 2388 ι
1540 2350 1648 2391 non
1679 2337 1873 2392 tardat.
1919 2356 1938 2389 ι

591 2525 611 2558 ι
646 2506 1143 2580 Quibusjudicium
1164 2513 1274 2583 jam
1300 2514 1429 2569 olim
1477 2532 1581 2571 non
1612 2530 1815 2583 cessat,
1866 2529 1917 2572 et
1965 2534 2082 2585 per-

513 2594 649 2651 ditio
681 2611 866 2653 eormn
887 2616 993 2653 non
1017 2601 1296 2656 dormitat.
1331 2622 1349 2655 ι
1390 2602 1508 2659 Νοη
1537 2607 1656 2660 sine
1687 2622 1851 2661 causa
1892 2623 1920 2660 a
1953 2624 2084 2678 pra!-

513 2688 1104 2746 stantioribusinitium
1148 2694 1295 2757 facit,
1356 2697 1451 2751 sed
1493 2698 1620 2767 quia
1670 2700 1958 2756 ostendere
1993 2719 2085 2753 vo-

516 2778 681 2848 lebat,
716 2779 850 2836 istos
873 2782 1095 2851 majoris
1160 2786 1414 2855 supplicii
1469 2803 1590 2843 reos
1649 2793 1924 2858 peccando
1953 2808 2080 2845 cva-

514 2871 671 2925 sisse.
717 2870 982 2937 Quoniam
1017 2874 1181 2944 igitur
1209 2877 1264 2931 lii
1329 2893 1394 2932 ex
1430 2881 1903 2949 prastantioribus
1932 2892 2088 2936 erant

513 2961 683 3028 (velut
709 2964 869 3031 primi
894 2966 959 3020 ad
991 2967 1347 3036 apostolatum
1377 2972 1597 3040 vocati),
1619 2987 1743 3026 cum
1769 2989 1799 3027 a
1836 2986 1980 3030 rccfa
2002 2975 2083 3027 via

512 3054 864 3119 desciverint,
891 3058 1363 3125 majoremhabcnt
1389 3065 1919 3119 condemnationem.
1950 3065 2083 3119 Cum

513 3151 691 3198 autem
725 3162 819 3216 per
845 3152 1058 3204 modum
1090 3152 1457 3222 hypotheseos
1488 3171 1599 3208 rem
1626 3156 1785 3211 istam
1822 3159 2084 3225 exemplis
2109 3183 2155 3244 ο

513 3233 838 3289 conﬁrmare
891 3252 1181 3305 aggressus
1241 3250 1411 3304 esset,
1450 3258 1560 3296 non
1592 3253 1771 3297 tamen
1828 3247 1878 3298 id
1941 3250 2083 3313 quod

514 3326 582 3379 ad
610 3326 950 3398 hypotltesim
982 3342 1323 3398 consequens
1361 3339 1499 3396 erat,
1541 3342 1600 3385 ut
1629 3333 1853 3397 diceret,
1896 3338 2081 3389 statim

515 3417 817 3487 subiunxit,
854 3418 947 3472 sed
973 3420 1217 3488 exempla
1241 3419 1343 3473 alia
1367 3436 1430 3475 ex
1452 3422 1621 3490 justis
1655 3424 1966 3479 hominibus
1992 3427 2081 3478 de;

516 3517 728 3575 sumpta
756 3508 1050 3563 immiscuit
1085 3528 1098 3564 :
1128 3519 1183 3566 et
1222 3527 1344 3565 cum
1375 3512 1594 3568 deberet
1617 3529 1680 3569 ex
1711 3531 1776 3569 eo
1802 3519 1943 3585 quod
1974 3534 2023 3587 p'
2045 3519 2084 3569 i-

518 3612 607 3651 mo
628 3598 928 3668 proposuit,
959 3615 1152 3672 nempe
1183 3618 1245 3657 ex
1274 3606 1614 3673 peccantium
1639 3610 1923 3678 exemplis,
1956 3628 2056 3664 Cntl

516 3694 853 3762 sequentiam
875 3694 1093 3759 elicere,
1129 3696 1362 3751 dicendo
1393 3715 1407 3751 :
1446 3697 1501 3751 Si
1537 3700 1643 3755 illis
1669 3717 1776 3754 non
1814 3706 2080 3771 pepercit,

514 3800 656 3839 anne
685 3785 947 3854 improbis
978 3786 1097 3843 istis
1134 3791 1359 3858 parcet?
1393 3793 1474 3845 vel
1521 3808 1616 3862 per
1668 3794 2080 3852 aliirn‘iationem

514 3875 595 3929 sic
618 3891 632 3929 :
659 3875 829 3946 igitur
856 3876 1025 3932 multo
1053 3878 1233 3935 minus
1298 3881 1414 3935 istis
1470 3891 1655 3951 parcet
1687 3900 1699 3936 :
1732 3900 1839 3938 non
1901 3894 2081 3940 tamen

514 3970 588 4022 ita
624 3968 776 4023 fecit.
814 3969 927 4024 Cur
953 3971 1122 4025 vero?
1150 3970 1286 4039 Quia
1317 3988 1438 4026 cum
1462 3975 1697 4042 duplicis
1729 3979 2084 4046 gener-isme-

516 4075 709 4114 verum
739 4059 898 4130 391
936 4062 1143 4117 scilicet
1193 4071 1247 4116 et
1281 4065 1570 4133 malorum)
1598 4065 1873 4133 proposita
1898 4079 2085 4123 essent

514 4152 781 4220 exempla,
817 4152 1127 4221 bujusmodi
1161 4157 1553 4225 consequentia
1601 4161 1774 4215 malos
1806 4163 1955 4218 solos
1997 4178 2084 4217 re-

512 4244 695 4309 spicit,
733 4260 839 4299 non
878 4247 1003 4301 item
1029 4255 1083 4300 et
1115 4247 1290 4303 bonos
1322 4251 1746 4318 complectitur:
1800 4270 1907 4310 non
1936 4257 2079 4310 enim

518 4336 656 4386 bona
688 4336 842 4389 malis
869 4344 1317 4405 compensantur.
1379 4339 1647 4404 Quoniam
1705 4344 1868 4413 igitur
1923 4346 2080 4400 unica

521 4425 876 4493 responsione
907 4440 1000 4479 seu
1037 4428 1428 4496 consequentia
1467 4431 1540 4494 ei,
1563 4432 1708 4501 quod
1743 4435 2080 4505 praemiserat

2189 615 2523 679 δαστέλλον,
2558 613 2768 675 Παῦλος
2791 610 3049 676 ἐδίδαξεν,
3078 608 3158 662 ὅτι
3194 628 3212 659 ι
3247 608 3435 670 Οὐδεὶς
3474 607 3620 675 λέγει
3651 605 3767 660 Κύ-

2189 725 2303 778 ριον
2334 706 2564 778 Ἰησοῦν,
2595 707 2643 758 εἰ
2672 704 2746 774 μὴ
2778 705 2834 757 ὲν
2861 702 3137 772 Πνεύματι
3162 702 3324 772 ἁγίῳ.
3363 718 3382 752 t
3415 701 3681 770 ’Δρχεται
3706 700 3763 751 δὲ

2188 799 2433 853 ἐντεῦθεν
2467 800 2566 866 τῆς
2600 799 2741 851 κατᾶ
2789 797 2899 848 τῶν
2948 793 3288 848 Νικολαϊτῶν
3344 793 3607 863 αἱρέσεως
3660 792 3766 859 τῆς

2186 889 2561 960 καταδρομῆς,
2608 888 2794 958 διττὴν
2823 887 2997 954 λέγων
3023 886 3121 953 τὴν
3157 884 3358 937 κακίαν
3401 883 3599 936 αὐτῶν.
3636 883 3767 935 Εἰσὶ

2188 982 2286 1051 μὲν
2316 980 2424 1050 γὰρ
2474 981 2603 1048 περὶ
2647 978 2714 1030 τὰ
2764 977 3013 1046 δόγματα
3052 974 3426 1036 ἀσεϐέστατοι,
3467 973 3494 1026 ὃ
3527 972 3618 1025 διὰ
3659 972 3765 1039 τῆς

2186 1075 2267 1137 είς
2310 1072 2402 1126 τὸν
2446 1072 2724 1138 Δεσπότην
2764 1067 2997 1138 Χριστὸν
3033 1066 3384 1137 βλασφημίας
3430 1065 3609 1118 αὐτῶν
3655 1067 3767 1118 ἀπο

2185 1158 2414 1225 έδειξενο
2458 1159 2585 1228 περὶ
2628 1157 2684 1209 δὲ
2721 1156 2836 1226 βίον
2872 1156 3284 1223 ἀσελγέστατοι.
3320 1153 3428 1206 Καὶ
3453 1152 3610 1205 τοῦτο
3663 1153 3764 1220 μὲν

2185 1249 2277 1301 καὶ
2310 1247 2402 1300 νῦν
2449 1248 2536 1300 διὰ
2575 1247 2675 1311 τῆς
2708 1246 3103 1317 αἰσχρουργίας
3128 1244 3309 1298 αὐτῶν
3346 1244 3619 1312 παριστᾷ·
3672 1259 3765 1311 μισ

2184 1338 2315 1409 κρδν
2365 1338 2422 1391 δὲ
2476 1337 2704 1407 ὕστερον
2766 1337 2976 1406 προὸἀς
3030 1334 3356 1404 τρανότερον
3414 1330 3762 1400 προενέγκοιυ

2190 1448 2208 1481 t
2250 1428 2575 1494 Πλεονεξίαν
2611 1448 2630 1479 ι
2667 1428 2777 1498 γὰρ
2822 1425 2992 1480 εἰπὼν
3028 1424 3145 1490 νῦν,
3178 1423 3276 1493 τὴν
3306 1421 3762 1491 αἰσχροκέρδειαν

2182 1521 2361 1575 αὐτῶν
2398 1521 2663 1591 ὲσὴμανε.
2740 1538 2758 1570 ι
2802 1518 2867 1573 ἸΙ
2921 1516 3202 1581 πλεονεξία
3251 1532 3271 1566 ι
3322 1513 3432 1583 γὰρ
3482 1512 3613 1565 ποτὲ
3657 1512 3761 1580 μὲν

2181 1614 2279 1684 τὴν
2313 1613 2524 1665 ἀδικίαν
2582 1611 2858 1681 σημαίνει,
2908 1609 3036 1662 ποτὲ
3069 1607 3125 1659 δὲ
3168 1606 3267 1675 τὴν
3310 1603 3758 1673 αἰσχροκέρδειαν

2182 1706 2390 1768 ἁπλῶς.
2429 1704 2593 1758 Ὀθεν
2632 1702 2852 1764 οίκείως
2881 1701 2939 1753 τὸ
2991 1719 3009 1751 ι
3065 1696 3467 1767 ἐμπορεύεσθαι
3505 1714 3523 1746 ι
3578 1711 3752 1764 προσ-

2184 1796 2380 1866 έθηκεν
2418 1811 2431 1826 ·
2466 1794 2761 1864 ἀλλοτριῶν
2789 1792 2845 1845 δὲ
2896 1790 3092 1853 αὐτοὺς
3138 1788 3419 1850 παντελῶς
3456 1788 3549 1855 τῆς
3594 1784 3752 1846 Θείας

2182 1886 2552 1950 διδασκαλίας,
2590 1885 2845 1946 πλαστοῖς
2888 1878 3008 1935 εἶπε
3049 1881 3228 1948 λόγοις
3264 1878 3495 1949 χρῆσθαι
3524 1874 3740 1935 αὐτούς.

2197 1978 2335 2032 Ἀλλ’
2365 1977 2565 2041 ἕξουσι,
2596 1977 2750 2044 φησι,
2802 1975 2897 2044 τῆς
2933 1972 3187 2033 ἀσεϐείας
3214 1971 3283 2023 τὰ
3333 1969 3557 2037 ὀψώνια.
3582 1966 3751 2018 θάνα-

2198 2085 2312 2120 τον.
2349 2068 2421 2119 Τὸ
2443 2067 2519 2131 δὲ,
2564 2084 2581 2116 t
2620 2065 2874 2128 ἔκπαλαι,
2907 2081 2924 2113 ι
2985 2063 3081 2132 τῆς
3117 2057 3476 2129 προγνώσεως
3504 2055 3593 2108 τοῦ
3614 2055 3752 2106 Θεοῦ

2184 2162 2299 2211 ἐστι
2350 2157 2707 2228 σημαντικόν.
2756 2154 2862 2208 Καὶ
2903 2153 3092 2222 ὥσπερ
3123 2154 3236 2214 τοῖς
3264 2149 3488 2217 ἀγαθοῖς
3516 2163 3756 2216 προγνω-

2186 2250 2387 2311 στικῶς
2423 2244 2686 2316 ἡτοίμασε
2718 2247 2784 2299 τὰ
2814 2244 3014 2311 ἀγαθὰ,
3054 2243 3194 2296 οὕτω
3226 2243 3317 2294 καὶ
3354 2241 3463 2302 τοῖς
3496 2238 3755 2306 πονηροῖς

2184 2341 2274 2391 τὸν
2317 2337 2652 2408 κατάλληλον
2686 2337 2866 2400 αὐτοῖς
2897 2335 3083 2387 τόπον.
3138 2351 3156 2384 t
3192 2331 3267 2384 Τὸ
3306 2330 3414 2399 γὰρ
3442 2331 3615 2398 κρῖμα
3657 2325 3755 2378 ἕκ-

2184 2432 2351 2484 πολαι
2385 2431 2485 2484 οὐκ
2525 2430 2702 2501 ἀργεῖ.
2740 2446 2757 2479 ι

2261 2542 2280 2574 ι
2324 2518 2417 2584 Οἷς
2441 2522 2501 2574 τὸ
2531 2526 2705 2589 κρῖμα
2734 2519 2968 2572 ἔκπαλαι
2995 2517 3093 2571 οὐκ
3124 2518 3304 2585 ἀργεῖ,
3330 2515 3424 2569 καὶ
3448 2517 3481 2586 ὴ
3512 2515 3755 2569 ἀπώλεια

2185 2614 2364 2668 αὐτῶν
2396 2613 2455 2665 οὐ
2492 2611 2763 2674 νυστάζει.
2796 2629 2820 2679 ρ
2858 2610 2969 2679 Οὐχ
3006 2607 3189 2669 ἁπλῶς
3222 2606 3328 2660 ἀπὸ
3357 2606 3464 2658 τῶν
3496 2623 3753 2676 προτιμοο

2183 2706 2356 2775 τέρων
2395 2703 2684 2771 ἐπιχειρεῖ,
2720 2700 2877 2770 [ἀλλὰ
2913 2697 3104 2768 δεῖξαι]
3138 2697 3477 2767 βουλόμενος,
3514 2696 3585 2758 ὡς
3618 2695 3754 2765 μᾶλο

2183 2795 2273 2846 λον
2329 2787 2474 2846 οὗτοι
2536 2791 2924 2861 ὑποδικιὲντεροι
2985 2787 3415 2858 ἁμαρτάνοντες.
3474 2786 3623 2839 Ἑττεῖ¹
3658 2780 3753 2837 οὖν

2185 2886 2279 2938 καὶ
2309 2878 2454 2937 οὗτοι
2484 2883 2546 2936 τὸ
2583 2882 2977 2952 προτιμότερον
3006 2879 3244 2949 ἔχουσιν,
3277 2877 3353 2941 ὡς
3387 2876 3589 2947 πρῶτοι
3623 2875 3754 2945 κληο

2186 2974 2376 3033 θέντες
2426 2971 2525 3040 μὲν
2564 2973 2643 3033 είς
2672 2969 2999 3039 ἀποστολὴν,
3045 2969 3412 3038 ἐκτραπέντες
3451 2966 3507 3019 δὲ
3536 2967 3636 3033 τῆς
3668 2965 3755 3017 εὖ.

2187 3063 2337 3125 θείας
2358 3064 2501 3125 ὁδοῦ,
2552 3062 2735 3131 μεῖζον
2774 3061 2866 3115 καὶ
2903 3061 2961 3113 τὸ
3013 3059 3334 3128 κατάκριμα
3364 3057 3624 3122 Ἑξουσιν,
3662 3054 3749 3120 Ἐξ

2189 3153 2500 3216 ὑποθέσεως
2525 3153 2582 3206 δὲ
2611 3153 2840 3222 κινήσας
2880 3152 2979 3217 τὴν
3010 3148 3517 3218 παραδειγματικὴν
3548 3147 3744 3206 πίστιν,

2188 3247 2287 3296 οὐκ
2318 3245 2565 3297 ἀπέδωκε
2596 3243 2654 3294 τὸ
2687 3241 2978 3295 ἀκόλουθον
3022 3240 3115 3293 τοῦ
3151 3240 3442 3308 σχήματος,
3467 3236 3606 3289 ἀλλά
3630 3253 3732 3288 συν-

2191 3333 2311 3399 έχεε
2375 3331 2435 3382 τὸ
2484 3331 2833 3399 παράδειγμα
2880 3332 2947 3397 τῇ
2997 3329 3106 3381 τῶν
3152 3327 3367 3379 δικαίων
3418 3324 3749 3392 προσλήψει.

2189 3422 2299 3476 Καὶ
2337 3421 2569 3490 ὀφείλων
2617 3421 2710 3472 ἐπὶ
2756 3419 2851 3473 τοῦ
2907 3420 2964 3484 ἐξ
3022 3417 3194 3487 ἀρχῆς
3250 3415 3597 3485 προτεθέντος
3653 3413 3761 3482 τὴν

2188 3512 2489 3585 [ἀπόδοσιν]
2525 3512 2773 3580 ποιῆσαι,
2809 3510 2953 3564 τοῦτ’
2992 3510 3105 3563 ἔστι
3148 3509 3257 3560 τῶν
3298 3504 3747 3575 ἡμαρτησὼιτων,

2186 3606 2251 3658 δι’
2279 3604 2373 3668 οὒς
2406 3606 2498 3657 καὶ
2534 3605 2594 3655 τὸ
2625 3604 2995 3674 παράδειγμα,
3038 3601 3133 3654 καὶ
3181 3601 3391 3651 εἰπεῖν*
3445 3596 3506 3647 Et
3544 3594 3753 3647 τούτων

2185 3696 2285 3748 οὐκ
2321 3694 2592 3761 ἐφείσατο,
2624 3688 2715 3763 ἆρ’
2743 3691 2835 3744 οὖν
2876 3691 2987 3742 τῶν
3034 3688 3316 3758 παρόντων
3362 3683 3605 3751 ἀσελγῶν
3635 3682 3753 3750 φεί-

2187 3804 2366 3853 σεται;
2400 3786 2581 3856 ἢκατὰ
2622 3785 2934 3853 ἀπόφασινο
2985 3780 3169 3850 Πολλῷ
3219 3779 3420 3849 μᾶλλον
3464 3777 3580 3829 οὐδὲ
3628 3773 3751 3825 τοὺ-

2184 3898 2292 3933 των
2321 3881 2603 3947 φείσεται*
2655 3877 2716 3930 οὐ
2766 3875 2927 3927 τοῦτο
2964 3874 3141 3924 ποιεῖ’
3173 3872 3261 3924 διὰ
3306 3870 3394 3934 τίς
3430 3866 3747 3935 Εὑρίσκεται

2185 3972 2293 4041 γὰρ
2322 3969 2460 4038 αὕτη
2495 3970 2529 4037 ἡ
2575 3968 2848 4029 ἀπόδοσις,
2884 3964 2978 4017 δύο
3009 3962 3385 4032 προκειμένων
3420 3954 3747 4023 ὑποδειγμά-

2184 4080 2312 4123 των,
2344 4062 2512 4114 καλοῦ
2545 4059 2640 4112 καὶ
2680 4059 2872 4119 κακοῦ,
2910 4056 3047 4126 πρὸς
3096 4053 3157 4107 τδ
3200 4052 3374 4106 κακὸν
3414 4051 3570 4119 μόνον
3603 4062 3753 4114 γινο-

2188 4153 2348 4222 μένη,
2382 4150 2482 4202 οὐκ
2515 4149 2594 4201 ἔτι
2639 4147 2735 4200 καὶ
2783 4145 2922 4214 πρὸς
2958 4144 3019 4197 τὸ
3049 4142 3253 4211 ἀγαθόν
3277 4157 3293 4171 ’
3326 4140 3387 4193 οὐ
3420 4138 3527 4206 γὰρ
3565 4137 3760 4197 καλοῖς

2185 4245 2331 4298 κακᾶ
2370 4241 2723 4297 ἀντιδέδοται.
2766 4239 2856 4290 Ἐν
2888 4231 2970 4299 οἷς
3007 4235 3099 4290 οὖν
3140 4235 3240 4287 οὐκ
3266 4234 3466 4304 ἢρκεσε
3494 4229 3593 4299 μιᾷ
3616 4230 3763 4280 ἀπο-

2183 4336 2325 4390 δόσει
2356 4334 2417 4387 τὺ
2452 4331 2715 4404 προτεθὲν
2762 4328 3086 4398 ἀπαρτίσαι,
3119 4326 3324 4396 ἑτέρως
3370 4322 3641 4389 διεγένετο
3683 4320 3760 4388 τῇ

2185 4428 2402 4496 φράσει.
2452 4426 2544 4478 καὶ
2586 4423 2652 4475 δι’
2692 4421 3115 4490 έπιφωνήματος
3169 4416 3229 4469 τὸ
3271 4414 3615 4483 ὀφειλόμενον
3654 4410 3766 4462 ἀπ-

518 4518 725 4585 iutegre
764 4516 1079 4572 satisfacere
1115 4535 1221 4574 non
1248 4530 1481 4589 poterat,
1522 4523 1726 4579 idcirco
1773 4526 1877 4581 alia
1910 4529 2081 4583 utitur

2185 4516 2420 4568 ετέλεσε.
2454 4513 2551 4565 Διὰ
2598 4511 2736 4564 τίδὲ
2782 4512 2891 4571 τοῖς
2940 4509 3129 4570 κακοῖς
3163 4504 3485 4575 προστίθησι
3529 4502 3600 4554 τὰ
3643 4500 3765 4554 τῶν

516 4608 724 4673 purasi,
756 4618 810 4660 et
836 4624 929 4673 per
958 4610 1322 4678 epiphonema
1349 4617 1648 4670 orationem
1679 4617 1936 4672 absolvit.
1967 4620 2079 4673 (iur

514 4713 647 4749 \t'ro
676 4698 942 4752 malorum
977 4699 1239 4769 exemplis
1276 4701 1380 4755 alia
1407 4703 1674 4758 bonorum
1707 4706 1831 4761 item
1884 4709 2079 4775 adjun-

513 4788 627 4854 κει,
660 4795 970 4855 opportuno
997 4791 1117 4845 loco
1145 4789 1377 4847 dicetur.
1418 4792 1484 4849 Ut
1530 4793 1695 4863 igitur
1750 4795 1955 4864 prmfati
1988 4814 2079 4852 suo

515 4894 657 4940 mus,
684 4894 791 4931 uou
823 4880 1120 4934 secundum
1153 4883 1420 4939 orationis
1460 4884 1688 4938 formam
1749 4887 2078 4956 propositio-

515 4986 643 5024 ιτιιηι
670 4971 833 5025 etiam
865 4971 1221 5040 intelligentia
1253 4976 1521 5044 sequitur.
1550 4974 1664 5030 Non
1687 4982 1829 5032 enim
1859 4978 2076 5032 additur

515 5061 567 5114 id
607 5062 752 5129 quod
787 5062 838 5114 in
881 5061 1192 5130 liujusmodi
1226 5066 1488 5133 periodis,
1514 5082 1610 5121 seu
1640 5070 2070 5122 constructioni-

517 5153 619 5204 lms
653 5151 910 5219 subsequi
943 5150 1116 5212 solet;
1153 5153 1246 5206 sed
1298 5163 1381 5207 est
1441 5155 1588 5209 nuda
1638 5158 1982 5210 conﬁrmatio
2014 5173 2079 5210 ex

512 5242 793 5311 exemplis,
852 5257 977 5295 cum
1016 5258 1225 5304 eorum,
1258 5244 1349 5311 qui
1405 5253 1621 5313 proyter
1682 5257 1899 5315 peccata
1953 5262 2082 5314 sup-

516 5330 697 5398 plicio,
760 5341 874 5384 tum
925 5347 1117 5386 eorum
1172 5335 1262 5399 qui
1347 5342 1568 5402 propter
1656 5337 1910 5391 virtutem
1977 5337 2075 5389 lio-

515 5432 647 5472 ηοω
678 5418 854 5473 allecti
880 5430 1027 5473 sunt.
1052 5420 1282 5475 Perinde
1314 5438 1377 5475 ac
1400 5423 1444 5473 si
1476 5424 1678 5477 diceret
1711 5443 1723 5479 :
1755 5424 1912 5479 Novit
1938 5425 2078 5481 Deus

516 5524 632 5572 eos,
667 5511 758 5577 qui
790 5510 843 5563 in
874 5514 1111 5578 peccatis
1165 5528 1312 5567 nunc
1344 5512 1551 5576 vivunt,
1600 5517 1736 5569 citra
1792 5531 1943 5586 spem
1984 5534 2077 5572 vc-

518 5599 620 5652 uiae
654 5601 949 5654 iuevitabili
1006 5602 1272 5671 supplicio
1333 5605 1587 5673 plectere,
1622 5607 2073 5676 quemadmodum

596 5771 642 5805 ”
670 5774 687 5826 1
713 5775 843 5832 Cor.
886 5793 983 5843 nt,
1030 5781 1084 5833 5.

2184 4603 2407 4671 ἀγαθῶν
2444 4601 2847 4668 ὑποδείγματας
2903 4597 3197 4667 Εἰρήσεται
3248 4594 3389 4646 κατά
3437 4591 3527 4643 τὸν
3578 4590 3768 4658 ἁρμό.

2185 4694 2343 4755 ζοντα
2376 4692 2557 4744 τόπον.
2599 4690 2686 4751 Ὠς
2717 4687 3076 4757 προλαϐόντες
3110 4684 3202 4738 οὖν
3235 4685 3482 4751 εἴπομεν,
3515 4680 3576 4733 οὗ
3612 4681 3771 4733 κατὰ

2182 4785 2245 4837 τὸ
2273 4784 2457 4853 σχῆμα
2488 4781 2581 4834 τοῦ
2612 4782 2935 4847 φαινομένου
2965 4778 3123 4844 λόγου
3162 4777 3254 4829 καὶ
3290 4777 3324 4845 ἡ
3345 4778 3518 4829 ἔννοια
3550 4776 3773 4825 Eiuro-

2185 4875 2367 4927 λουθεί
2412 4874 2521 4926 τῶν
2587 4871 2981 4943 προκειμένων.
3010 4870 3086 4921 Οὐ
3118 4868 3225 4938 γὰρ
3251 4867 3533 4919 ὑπόκειται
3559 4864 3593 4930 ἡ
3624 4862 3773 4915 ἀπτό-

2183 4969 2330 5027 ὁισις
2368 4968 2398 5034 ἡ
2432 4964 2656 5017 εἰωθυῖα
2679 4965 2801 5023 ταῖς
2839 4959 3114 5021 τοιαύταις
3145 4956 3458 5022 συντάξεσιν
3485 4953 3728 5007 ἕπεσθαι
3750 4968 3769 4983 ⁸

2187 5059 2242 5111 ti}
2257 5057 2301 5108 λ’
2336 5058 2480 5108 ἐστιν
2511 5034 3169 5122 ἁπλῆπαραδειγματικὴ
3202 5050 3402 5110 πίστις,
3428 5049 3521 5099 καὶ
3550 5045 3659 5096 τῶν
3684 5045 3773 5096 δι’

2185 5148 2462 5217 ἁμαρτίας
2526 5145 2926 5211 κολαζομένων,
2968 5141 3060 5195 καὶ
3111 5141 3221 5193 τῶν
3266 5139 3356 5191 διὰ
3405 5136 3775 5207 δικαιοσύνην

2181 5241 2530 5310 τιμωμένων.
2579 5238 2666 5299 Ὠς
2694 5240 2741 5289 εξ
2774 5236 2956 5302 ἔλεγεν
2976 5252 2989 5265 ·
3032 5229 3185 5286 Οἶδεν
3209 5236 3238 5284 ὁ
3266 5231 3396 5290 Θεὸς
3422 5227 3516 5281 καὶ
3544 5244 3672 5288 τους
3698 5228 3774 5282 ὲν

2187 5331 2484 5403 ἁμαρτίαις
2524 5330 2730 5395 ζῶντας
2776 5331 2903 5383 ἄνευ
2956 5325 3172 5395 φειδοῦς
3223 5323 3473 5386 κολάζειν
3516 5320 3775 5390 ἀπαραι-

2187 5425 2386 5495 τήτως,
2441 5423 2515 5485 ὡς
2559 5423 2685 5485 τοὺς
2736 5422 3158 5491 ἁμαρτήσαντας
3205 5415 3489 5483 ἀγγέλους,
3536 5411 3613 5472 ὡς
3661 5413 3776 5466 ἐπὶ

2188 5515 2281 5568 τοῦ
2312 5512 2723 5580 κατακλυσμοῦ,
2756 5513 2829 5573 ὡς
2858 5512 2954 5573 τὰς
2987 5508 3234 5576 Σοδόμων
3268 5505 3450 5567 πόλεις
3471 5520 3484 5532 ·
3515 5504 3611 5556 καὶ
3649 5504 3776 5555 πά-

2186 5606 2270 5658 λιν
2324 5606 2449 5668 τοὺς
2504 5602 2849 5671 δικαιοσύνην
2898 5598 3295 5671 ἐργαζομένους
3339 5595 3525 5665 τιμᾷν,
3552 5592 3633 5656 ὡς
3662 5594 3774 5648 τὸν
