4020 6214
360 418 495 483 Ῑὲιῖθ

1130 414 1541 475 EXPOSITIO
1577 413 1655 474 IN
1689 413 1926 477 EPIST.
1958 415 2020 475 II
2052 415 2113 477 S.
2144 416 2400 478 PETRI.
2429 443 2499 455 —
2522 419 2683 479 CAP.
2732 418 2816 479 II.

3482 410 3618 476 1270

355 535 498 597 Νῶε,
533 531 608 595 ti);
652 530 742 584 τὸν
791 529 914 585 Λώτ
938 547 950 561 ν
988 529 1081 583 καὶ
1117 529 1262 583 ἔστιν
1304 530 1334 600 ἡ
1373 527 1625 593 σύνταξις
1663 530 1890 600 τοιαύτη
1915 547 1926 558 ·

2054 530 2162 584 'ecit
2196 547 2320 599 erga
2355 531 2577 602 angelos
2647 530 3115 601 prtevaricatorcs,
3180 529 3432 584 homines
3480 540 3621 583 ten--

355 624 562 688 Εἰπὼν,
618 623 700 675 ὅτι
753 620 1182 688 κολασθήσονται
1230 622 1278 674 οἱ
1322 620 1794 690 ψευδοδιδάσκαλοι
1847 620 1937 673 διὰ

354 717 453 778 τὰς
484 714 834 785 βλασφημίας
866 715 1067 777 αὐτῶν,
1111 715 1196 767 διὰ
1227 714 1318 766 τὸν
1345 712 1544 782 ἀσελγῆ
1591 713 1704 782 βίον
1734 713 1934 773 αὐτῶν,

357 806 607 875 ἐπιφέρει
658 806 726 859 τὰ
767 807 1218 876 παραδείγματα·
1263 807 1322 859 Ὀ
1359 806 1464 875 γὰρ
1504 806 1634 870 Θεῆς
1668 806 1934 874 ἀγγέλων,

360 900 797 969 ἁμαρτησάντων
835 899 935 952 οὐκ
966 900 1238 965 ἐφείσατο,
1272 899 1392 952 οὐδὲ
1435 898 1665 969 ἀρχαίου
1708 898 1935 966 κόσμου.

357 993 468 1045 Καὶ
499 991 660 1045 πάλιν
708 992 833 1052 τοὺς
873 991 1220 1055 δικαιοσύνην
1273 993 1619 1061 ἀσκήσαντας
1652 989 1937 1058 ἐπεξηγεῖ-

357 1097 469 1139 ται.
510 1081 593 1134 ὅτι
632 1082 726 1134 καὶ
763 1080 856 1133 τὸν
886 1082 1006 1133 Νῶε
1052 1084 1143 1135 καὶ
1189 1083 1278 1134 τῖν
1313 1080 1433 1135 Λὼτ
1463 1081 1552 1135 διὰ
1585 1082 1939 1153 σωφροσύνην

361 1169 623 1238 ἐφύλαξεν
660 1171 770 1224 ἀπὸ
818 1170 912 1224 τοῦ
945 1172 1166 1240 ὀλέθρου
1199 1172 1306 1224 τῶν
1350 1174 1470 1225 κατ’
1500 1173 1699 1236 αὐτοὺς
1734 1173 1941 1244 ἀνθρώ-

361 1280 496 1315 πων.
543 1262 601 1315 Ὀ
636 1264 741 1333 γὰρ
788 1262 911 1315 Νῶε
945 1264 1044 1315 οὐκ
1098 1263 1319 1333 ἀπήχθη
1350 1266 1416 1334 τῇ
1446 1264 1669 1336 ἀσεϐείᾳ
1700 1266 1809 1319 τῶν
1840 1266 1942 1336 πρὸ

359 1354 454 1407 τοῦ
492 1355 914 1425 κατακλυσμοῦ·
966 1358 1060 1408 καὶ
1117 1359 1144 1409 ὁ
1198 1356 1325 1409 Λὼτ
1372 1357 1524 1412 οὐδὲν
1553 1356 1804 1429 ζηλώσας
1843 1359 1942 1428 τῆς

359 1443 648 1511 ἀσελγείας
688 1446 797 1498 τῶν
835 1448 891 1499 ἐν
921 1445 1195 1515 Σοδόμοις,
1231 1445 1367 1499 ἀλλὰ
1398 1446 1491 1501 καὶ
1521 1447 1651 1512 τοὺς
1675 1447 1931 1514 ἐπιξενω-

366 1536 558 1601 μένους
589 1535 736 1605 αύτῷ
774 1534 1040 1603 ἀγγέλους
1079 1537 1133 1587 ὲν
1168 1538 1408 1606 σχήματι
1456 1535 1781 1606 ἀνθρώπων,
1832 1538 1943 1599 τοῖς

360 1624 429 1677 δι’
452 1626 742 1693 ἀσέλγειαν
768 1628 964 1689 αὐτοὺς
990 1627 1315 1692 ἐξαιτοῦσιν,
1346 1631 1409 1681 οὐ
1440 1630 1684 1699 παρέσχε
1710 1646 1723 1661 θ
1766 1630 1943 1683 καίτοι

366 1719 536 1789 μυρία
582 1719 687 1773 ὑπὸ
738 1719 845 1772 τῶν
889 1718 1247 1783 ἒξαιτούντων
1332 1719 1717 1790 ἐπηρεασθείς.
1777 1719 1945 1773 Τοῦτο

362 1808 469 1877 γὰρ
496 1810 582 1863 διὰ
612 1810 727 1875 τοῦ,
782 1830 800 1862 ι
839 1810 1341 1880 καταπονούμενον,
1382 1830 1399 1862 ι
1435 1811 1735 1881 ὑπέφηνε).

2040 638 2171 692 pore
2204 623 2416 686 diluvii,
2441 634 2496 680 et
2528 623 2891 679 Sodomorum
2918 624 3101 678 urbes.
3140 622 3298 676 Novit
3319 624 3484 675 etiam
3522 636 3617 675 eos

2040 715 2130 782 qui
2161 714 2429 781 juszitiam
2462 725 2784 786 operantur,
2845 715 3051 769 honore
3089 714 3325 774 adicere,
3371 725 3433 765 ut
3494 712 3622 765 fecit

2039 822 2168 875 erga
2194 808 2304 862 Noe
2326 822 2379 863 et
2404 811 2519 866 Lot.
2556 811 2649 865 Est
2682 826 2811 863 vero
2866 809 3209 865 constructio
3245 804 3562 872 bnjusmodi
3601 822 3614 854 :

2043 896 2334 968 Postquam
2359 901 2497 956 dixit
2529 902 2838 970 puniendos
2897 915 3020 955 esse
3074 899 3239 952 falsos
3303 896 3620 964 magistros,

2041 1004 2162 1043 cum
2194 1000 2415 1060 prepter
2452 994 2697 1062 ipsorum
2731 993 3122 1059 blaspbemias,
3145 1000 3256 1043 tum
3290 998 3509 1058 propter
3543 988 3621 1039 in-

2041 1084 2433 1139 continentiam
2460 1088 2602 1148 vitm,
2643 1088 2896 1156 proponit
2919 1086 2973 1138 in
3012 1084 3150 1137 banc
3185 1098 3297 1135 rem
3353 1081 3623 1149 exempla.

2043 1190 2237 1244 nempe
2270 1177 2413 1245 quod
2438 1177 2578 1233 Deus
2606 1178 2818 1246 angelis
2852 1176 3204 1245 peccantibus
3230 1188 3335 1226 non
3370 1187 3625 1240 peperce-

2046 1264 2426 1323 rit.sicutncc
2454 1267 2705 1335 originali
2763 1283 2860 1322 seu
2920 1264 3334 1336 priscomumlo
3384 1270 3627 1329 tempore

2043 1358 2259 1412 diluvii.
2298 1359 2359 1412 ιει
2389 1374 2581 1414 rursus
2614 1369 2883 1413 memorat
2927 1371 3022 1411 eos
3045 1354 3135 1424 qui
3167 1354 3433 1423 justitiam
3465 1366 3627 1405 exce—

2048 1453 2308 1514 luernnt;
2341 1452 2555 1520 aitque,
2587 1450 2733 1519 quod
2764 1448 3040 1504 Noacbum
3070 1454 3122 1502 et
3156 1445 3373 1504 Lotum,
3411 1449 3629 1511 preptcr

2046 1544 2467 1611 temperantiam
2496 1554 2545 1597 et
2572 1542 2986 1603 continentiam,
3010 1554 3038 1593 a
3066 1547 3409 1600 cmterorum,
3442 1534 3531 1601 qui
3562 1549 3627 1586 eo

2048 1645 2293 1702 tempore
2315 1634 2593 1698 vivebant,
2618 1634 2787 1689 exitio
2840 1630 3176 1685 liberaverit.
3214 1625 3500 1695 Siquidem
3530 1638 3629 1675 nec

2045 1726 2159 1780 Noe
2194 1737 2782 1795 contemporaneorunt
2810 1738 3036 1779 suorum
3072 1720 3316 1791 nequitia
3352 1725 3404 1772 et
3432 1715 3627 1784 impie-

2049 1827 2159 1872 tate
2186 1833 2246 1874 se
2275 1818 2473 1872 abduci
2507 1833 2701 1889 passus
2730 1825 2813 1871 est
2843 1835 2856 1869 :
2890 1829 2993 1869 nec
3045 1814 3148 1867 Lot
3210 1809 3619 1865 Sodotnitarum

362 1901 756 1969 impudicitiam
793 1910 876 1955 est
912 1901 1156 1955 imitatus
1192 1920 1203 1954 :
1241 1916 1339 1956 nec
1368 1900 1593 1972 angelos
1636 1901 1807 1956 forma
1881 1903 2120 1961 bumaua
2192 1910 2431 1978 hospitio
2494 1919 2752 1978 exceptos
2808 1905 3079 1976 protervis
3129 1905 3237 1960 illis
3287 1904 3621 1973 petentibus.

363 2006 678 2059 quanquam
709 1990 1139 2045 itmmnerisbac
1169 1991 1235 2045 de
1272 2006 1438 2048 causa
1478 1993 1766 2049 lacessitus
1797 1994 2017 2064 injuriis
2050 2000 2130 2067 (ut
2192 2001 2467 2056 inditatur
2532 2015 2626 2069 per
2687 2012 2873 2053 vocem
2936 1997 3085 2050 illam
3160 2014 3178 2047 ι
3213 2011 3535 2066 oppressum
3581 1996 3628 2052 ι)

362 2086 712 2139 contradidit.

443 2196 459 2228 ι
496 2177 557 2229 Ei
588 2176 695 2246 γὰρ
726 2177 754 2229 ὁ
788 2176 917 2240 Θεὸς
940 2176 1185 2246 ἀγγέλων
1212 2179 1648 2249 ἀμαρτησᾶιντων
1679 2180 1777 2233 ούκ
1802 2182 1942 2250 Ξφεέ-
1973 2184 2015 2242 Β

366 2288 520 2335 caro,
580 2268 715 2321 ἀλλά
762 2272 950 2339 σ’σραῖς
982 2268 1146 2338 ζόείου
1199 2271 1580 2342 ταρταρώσας,
1628 2273 1943 2343 παρέδωκεν

365 2365 443 2427 εἰς
474 2364 652 2433 κρίτιν
692 2363 1123 2433 τετηρουμένους
1168 2363 1330 2434 [vulg.
1361 2364 1678 2437 -ρημέν.].
1712 2367 1819 2418 Καὶ
1845 2366 1942 2436 ἀρ-

365 2456 519 2524 χαίου
550 2454 756 2524 κόσμου
791 2456 890 2507 οὐκ
923 2454 1197 2523 ἐρείσατο,
1231 2455 1345 2507 ἀλλ’
1374 2455 1557 2523 ὄγδοον
1588 2457 1708 2508 Νῶε
1740 2456 1944 2511 δικαιο-

365 2546 530 2615 σύνης
556 2547 775 2616 κήρυκα
833 2546 1087 2615 ἐφύλαξε,
1142 2546 1527 2615 κατακλυσμὸν
1568 2545 1757 2616 κόσμῳ
1806 2549 1947 2601 κατά

364 2637 579 2690 ἀσεϐῶν
613 2638 820 2703 ἐπάξας
853 2653 865 2666 ·
904 2638 998 2689 καὶ
1030 2638 1211 2698 πόλεις
1248 2637 1497 2708 Σοδόμων
1535 2638 1629 2691 καὶ
1661 2638 1947 2710 Γομόρρας

364 2727 653 2799 τεφρώσας
682 2732 1035 2800 καταστροφῇ
1090 2729 1432 2799 κατέκρινεν,
1470 2730 1774 2801 ὑπόδειγμα
1815 2731 1945 2802 μελε.

364 2816 563 2872 λόντων
595 2819 813 2873 ἀσεϐεῖν
846 2821 1133 2883 τεθεικώς·
1181 2820 1279 2873 καὶ
1311 2821 1520 2874 δίκαιον
1550 2820 1674 2874 Λὼτ
1702 2839 1948 2877 καταπο-

365 2927 394 2961 ν
430 2911 626 2980 ύμενον
650 2911 756 2965 ὑπὸ
784 2915 883 2983 τῆς
912 2913 1020 2966 τῶν
1058 2912 1315 2983 ἀθέσμων
1337 2916 1392 2966 ὲν
1420 2914 1650 2982 ἀσελγίτι
1686 2917 1948 2987 ἀναστρο-

368 3007 473 3075 φῆς
518 3007 811 3078 ἐρρύσατο.
875 3010 1162 3079 Βλέμματι
1208 3011 1316 3079 γὰρ
1377 3011 1465 3062 καὶ
1499 3012 1635 3082 ἀκοῇ
1675 3014 1703 3064 ὁ
1741 3014 1947 3075 δίκαιος

365 3100 706 3166 ἐγκατοικῶν
735 3104 791 3154 ὲν
821 3103 1027 3164 αὐτοῖς.
1062 3103 1272 3173 ἡμέραν
1310 3100 1370 3167 ἐξ
1410 3104 1624 3172 ἡμέρας
1659 3103 1838 3177 ψυχὴν
1865 3107 1946 3160 δι⁸

365 3192 527 3246 καίαν
557 3194 779 3264 ἀνόμοις
808 3195 991 3263 ἔργοις
1015 3193 1356 3258 ἐϐασάνιζεν.
1400 3191 1520 3248 Οἵδε
1563 3196 1765 3266 Κύριος
1799 3198 1945 3251 εὐσε-

364 3283 479 3347 ϐεῖς
525 3286 589 3338 ἐκ
621 3285 931 3357 πειρασμοῦ
981 3285 1227 3355 ῥύεσθαι,
1262 3286 1477 3349 ἀδίκους
1519 3288 1573 3340 δὲ
1622 3291 1699 3349 εἰς
1734 3290 1947 3359 ἡμέραν

364 3378 597 3445 κρίσεως
645 3377 1047 3444 κολαζομένους
1087 3381 1294 3445 τηρεῖν.
1337 3397 1355 3427 ι
1391 3379 1499 3430 Καὶ
1548 3379 1708 3430 τοῦτο
1740 3380 1795 3429 δὲ
1819 3382 1948 3447 περὶ

359 3468 456 3522 τοῦ
484 3470 604 3523 Λὼτ
639 3469 821 3533 λέγει’
857 3489 875 3520 ι
911 3464 1035 3520 Οῐὸε
1084 3468 1288 3530 Κύριος
1339 3470 1586 3526 εὐσεϐεῖς
1646 3471 1710 3517 ἐκ
1754 3488 1942 3534 σετειρσιΔ

2119 2181 2284 2238 Vens.
2311 2183 2345 2237 4
2379 2182 2432 2236 9'
2473 2200 2492 2233 ι
2560 2181 2615 2234 Si
2644 2180 2788 2235 enim
2841 2181 2982 2235 Deus
3034 2178 3239 2248 angelis
3279 2180 3633 2248 peccantibus

2052 2290 2160 2328 non
2190 2273 2449 2343 pepercit,
2484 2271 2577 2325 sed
2626 2272 2952 2326 rudentibus
3001 2271 3202 2324 inferni
3237 2270 3518 2325 detractos
3578 2272 3632 2324 in

2054 2376 2323 2418 tartarum
2368 2363 2597 2417 tradidit
2623 2362 2978 2427 cruciandos,
3005 2361 3057 2415 in
3079 2360 3345 2431 judicium
3387 2376 3634 2416 reserva-

2055 2458 2122 2513 ri.
2154 2456 2218 2511 Et
2252 2457 2503 2526 originali
2541 2455 2745 2509 mundo
2778 2470 2885 2508 non
2936 2454 3212 2524 pepercit,
3247 2454 3341 2509 sed
3376 2463 3630 2508 octavum

2054 2548 2409 2617 NOUjUSlIliiB
2429 2562 2737 2617 praeconem
2767 2545 3092 2607 custodivit,
3125 2544 3392 2598 diluvium
3426 2543 3633 2597 mundo

2054 2644 2345 2712 impiorum
2411 2640 2698 2694 inducens.
2726 2637 2793 2690 Et
2869 2636 3124 2691 civitates
3185 2633 3548 2688 Sodomorum
3579 2640 3634 2684 lt

2054 2732 2536 2787 Gomorrbmorum
2614 2730 2668 2782 in
2713 2729 2956 2782 cinerem
3023 2724 3297 2794 redigens,
3353 2723 3635 2778 eversione

2054 2824 2378 2882 damnavit:
2440 2818 2752 2891 exemplum
2825 2834 3041 2895 eorum,
3075 2818 3167 2887 qui
3241 2816 3406 2885 impie
3460 2816 3633 2867 acturi

2055 2925 2201 2976 sunt.
2233 2930 2467 2985 ponens.
2500 2913 2565 2969 Et
2592 2914 2803 2984 justum
2834 2910 2935 2965 Lot
2956 2923 3278 2980 oppressum
3308 2923 3336 2959 a
3366 2904 3633 2961 nefando-

2055 3024 2174 3063 rum
2239 3006 2449 3076 injuria
2505 3014 2560 3060 et
2610 3002 2892 3058 luxuriosa
2948 2998 3363 3055 conversatione
3411 2997 3630 3065 eripuit.

2055 3104 2294 3174 Aspectu
2324 3103 2468 3157 enim
2493 3097 2956 3167 etauditujustus
3001 3106 3145 3158 erat,
3201 3093 3459 3147 habitans
3492 3090 3632 3159 apud

2056 3211 2174 3261 eos,
2205 3198 2297 3264 qtti
2332 3195 2401 3248 de
2453 3194 2540 3247 die
2602 3193 2656 3245 in
2695 3190 2839 3243 diem
2894 3189 3129 3242 animant
3168 3185 3372 3255 justam
3436 3182 3637 3250 iniquis

2055 3288 2312 3356 operibus
2342 3285 2683 3338 cruciabant.
2713 3281 2875 3335 Novit
2925 3277 3189 3331 Dominus
3214 3276 3331 3336 pios
3355 3275 3421 3327 de
3459 3282 3637 3325 tenta-

2057 3376 2207 3428 tioue
2296 3375 2554 3440 eripere,
2629 3372 2848 3439 iniquos
2901 3384 3031 3421 Vero
3108 3370 3160 3417 in
3247 3364 3389 3418 diem
3444 3362 3634 3431 iudicii

2056 3482 2340 3517 reservare
2428 3462 2782 3516 eruciandos.
2858 3480 2876 3512 ι
2954 3460 3023 3513 Et
3064 3458 3165 3510 boe
3227 3459 3291 3511 de
3359 3456 3456 3509 Lot
3523 3456 3635 3509 ait:

369 3552 508 3621 σμοῦ
538 3529 788 3622 ῥύεσθαι,
830 3572 851 3603 ι
882 3555 975 3604 καὶ
1028 3529 1187 3619 ἑξῆςς
1233 3554 1402 3605 Οὐδὲν
1453 3554 1510 3606 δὲ
1560 3555 1689 3621 περὶ
1726 3529 1947 3607 δικαίων

2064 3571 2082 3602 σ
2117 3552 2278 3604 Novit
2353 3551 2617 3605 Dominus
2670 3550 2790 3619 pios
2868 3565 2935 3603 ex
2990 3546 3564 3615 tentatioue.eripere.
3613 3565 3631 3594 ι

368 3647 669 3715 προειπὼν,
698 3647 745 3698 εἱ
781 3646 853 3716 μὴ
884 3645 1044 3713 μόνον
1079 3645 1206 3716 περὶ
1238 3643 1474 3710 ἀσεϐῶν,
1501 3649 1596 3699 καὶ
1623 3647 1720 3716 τῆς
1744 3649 1953 3702 τούτων

366 3737 655 3807 τιμωρίας,
682 3738 1021 3808 παρενέϐαλε
1055 3738 1230 3792 καὶτὰ
1263 3738 1469 3791 τούτων
1499 3740 1918 3809 παραδείγματα
1936 3756 1950 3772 ·

368 3829 586 3900 πρῶτον
641 3831 737 3898 μὲν
789 3828 877 3882 διὰ
917 3828 977 3881 τὸ
1016 3828 1111 3882 καὶ
1142 3830 1241 3899 τὴν
1290 3830 1554 3899 Ἱστορίαν
1587 3830 1703 3899 ἅμα
1739 3832 1953 3899 μεμνῆ-

369 3922 516 3989 σθαι,
548 3922 643 3975 καὶ
671 3923 769 3990 τῆς
802 3922 911 3974 τῶν
965 3920 1180 3974 ἀσεϐῶν
1235 3922 1535 3983 ἀπωλείας,
1583 3925 1677 3976 καὶ
1711 3927 1808 3989 τῆς
1843 3924 1953 3976 τῶν

367 4015 593 4070 δικαίων
626 4014 936 4083 σωτηρίας’
993 4012 1189 4066 ἔπειτα
1238 4012 1295 4065 δὲ
1352 4015 1444 4065 κοιλ⁸
1492 4015 1553 4065 ἐκ
1601 4015 1953 4083 παραθέσεως

369 4106 596 4167 τούτων,
623 4105 733 4159 τῶν
770 4107 870 4173 μὲν
920 4106 1358 4176 ἁμαρτησάντων
1409 4106 1642 4175 ἐξαίρων
1670 4106 1730 4159 τὸ
1761 4108 1951 4171 κακὸν,

369 4198 480 4250 τῶν
508 4197 566 4252 δὲ
595 4197 1060 4267 κατορθωσάντων
1090 4196 1472 4269 [λαμπρύνων]
1501 4198 1562 4250 τὸ
1587 4199 1949 4269 κατορθωθὲψ

370 4290 530 4345 ἔτιδὲ
557 4291 801 4354 καὶτοὺς
861 4290 1140 4359 ἀκροατὰς
1189 4290 1417 4356 πείθων,
1446 4290 1557 4343 τῶν
1590 4291 1689 4360 μὲν
1725 4296 1953 4363 μισῆσαι

371 4383 461 4436 διὰ
497 4382 596 4448 τὰς
626 4383 895 4454 τιμωρίας
924 4382 986 4436 τὺ
1016 4382 1265 4450 ἀσελγὲς,
1314 4384 1420 4437 τῶν
1449 4384 1505 4437 δὲ
1542 4385 1952 4441 ἐπισπάσασθαι

372 4472 460 4527 an
484 4473 584 4543 τῆς
613 4473 891 4545 σωτηρίας
923 4472 985 4525 τὸ
1016 4472 1367 4543 κατόρθωμα.

446 4673 465 4707 ι
506 4654 752 4708 Μάλιστα
807 4654 864 4707 οὲ
918 4652 1043 4717 τοὺς
1091 4653 1267 4707 ὀπίσω
1302 4652 1503 4724 σαρκὸς
1526 4655 1584 4707 ἐν
1633 4654 1953 4724 ἐπιθυμίαις

376 4745 619 4815 μιασμοῦ
665 4745 1105 4815 πορευομένους,
1157 4744 1252 4796 καὶ
1304 4745 1629 4814 κυριότητος
1672 4764 1951 4817 καταφρο-

2056 3641 2218 3709 392
2283 3641 2421 3693 Cum
2481 3654 2661 3693 antetn
2700 3633 2935 3708 prim’um
3001 3640 3135 3693 nihil
3180 3640 3247 3693 de
3302 3638 3487 3707 juStis,
3541 3638 3635 3691 sed

2058 3740 2274 3785 tantum
2365 3731 2431 3783 de
2511 3730 2696 3795 impiis
2730 3744 3036 3797 eorumque
3106 3732 3389 3798 punitione
3462 3730 3636 3783 dixis-

2057 3831 2162 3887 set,
2227 3820 2475 3890 qumdam
2534 3819 2696 3875 etiam
2740 3819 2808 3873 de
2855 3820 3020 3889 justis
3103 3822 3352 3888 exempla
3403 3821 3633 3873 attulit:

2057 3914 2236 3984 primo
2267 3911 2509 3982 quidem,
2537 3910 2666 3981 quia
2701 3924 2858 3965 sacra
2890 3909 3117 3964 bis-toria
3153 3911 3342 3964 eodem
3370 3910 3488 3963 loco
3520 3918 3633 3962 tum

2057 4004 2124 4059 de
2152 4004 2530 4073 improborum
2596 3999 2925 4071 perditione,
2978 4010 3092 4055 tum
3126 4000 3193 4054 de
3248 4000 3522 4067 justorum
3552 4014 3639 4052 sa—

2056 4096 2518 4151 lutementionem
2554 4094 2718 4157 facit;
2748 4092 2949 4149 deinde
2995 4102 3200 4156 autem,
3233 4101 3291 4145 ut
3324 4091 3635 4159 hujusmodi

2056 4189 2467 4261 comparatione
2495 4199 2547 4243 et
2570 4188 2914 4257 peccantium
2967 4195 3319 4256 exaggeraret
3351 4185 3633 4241 malitiam,

2054 4293 2105 4337 et
2132 4283 2430 4353 proborum
2460 4282 2726 4335 virtutem
2781 4279 3031 4333 redderet
3064 4279 3374 4338 clariorem,
3404 4292 3466 4330 ac
3502 4292 3635 4345 prte-

2058 4388 2209 4434 terca
2235 4375 2585 4431 auditoribus
2638 4374 2997 4446 persuaderet
3032 4374 3170 4437 suis,
3216 4385 3267 4426 ut
3301 4388 3423 4425 cum
3491 4383 3634 4423 tnezu

2056 4484 2232 4541 preme
2261 4468 2388 4523 odio
2413 4467 2682 4522 haberent
2712 4463 3137 4534 impudicitiam,
3179 4472 3290 4517 tum
3319 4463 3515 4515 salutis
3544 4463 3637 4515 de-

2057 4562 2260 4619 siderio
2287 4561 2544 4615 virtutem
2578 4558 3067 4628 amplecterentur.

2132 4655 2298 4708 Vens.
2354 4655 2442 4708 10.
2479 4672 2496 4703 ι
2525 4651 2696 4719 Magis
2720 4658 2902 4703 autem
2964 4663 3084 4710 eos,
3135 4647 3225 4714 qui
3261 4653 3379 4710 just
3417 4659 3635 4697 carnem

2058 4749 2110 4802 in
2144 4743 2594 4815 concupiscentia
2622 4740 2981 4795 ἰιιιηιυιιιιίἰίιυ
3042 4737 3339 4800 ambulant,
3389 4736 3638 4789 domitu-

368 4838 615 4899 νοῦντας.
663 4858 682 4890 ο
731 4837 1015 4892 Ἐντεῦθεν
1048 4837 1287 4903 εὐφυῶς,
1329 4837 1438 4890 ἀπὸ
1471 4838 1581 4891 τῶν
1612 4839 1947 4909 ὑποδειγμά-

2061 4843 2370 4909 tionctttque
2395 4847 2776 4893 contemnunt.
2816 4855 2836 4887 ι
2875 4833 2951 4887 Ex
2986 4832 3318 4903 supradictis
3371 4831 3635 4897 exemplis

282 5000 297 5005 _
368 4950 478 4986 των
541 4932 651 4984 τῶν
703 4931 1156 5001 προηγουμένων,
1206 4931 1286 4993 είς
1339 4930 1439 5001 τὴν
1483 4930 1764 5002 παροῦσαν
1788 4927 1952 5002 ἦλθεν

370 5022 647 5077 ὑπόθεσιν.
680 5023 753 5077 Λέ
769 5040 842 5089 (ει
869 5022 924 5075 δὲ
956 5022 1078 5092 περὶ
1097 5022 1205 5074 τῶν
1238 5023 1559 5093 καταράτων
1590 5023 1949 5088 Νικολαϊτῶν,

372 5118 469 5169 καὶ
496 5116 824 5185 Ναασηνῶν,
857 5114 954 5167 καὶ⁵
1006 5114 1416 5185 Κερδωνιανῶν.
1450 5115 1811 5186 Πολυώνυμος
1842 5117 1950 5187 γὰρ

373 5204 555 5256 αὐτῶν
579 5207 725 5257 ἐστιν
779 5206 812 5273 ἠ
846 5203 1034 5266 κακία,
1068 5206 1163 5257 καὶ
1213 5204 1289 5269 ὡς
1346 5204 1480 5276 [τοῖς
1532 5209 1741 5275 μιαροῖς
1767 5206 1949 5275 ἔργοις

372 5294 518 5348 οὒτω
556 5297 651 5349 καὶ
691 5294 941 5367 ὀνόμασι]
994 5297 1382 5367 συγκεχυμένη
1440 5297 1944 5368 καταλαμϐάνεταν.

375 5382 536 5442 Οὗτοι
569 5387 699 5457 γὰρ,
728 5388 803 5450 ώς
837 5389 1114 5458 φθάνομεν
1163 5388 1469 5459 εἰρηκότες,
1522 5388 1687 5443 Βυθδν
1717 5392 1948 5459 ὑποστηο

375 5482 601 5542 σᾶμενοι
656 5479 752 5532 καὶ
802 5478 971 5551 Σιγὴν
996 5480 1063 5531 τὰ
1096 5479 1426 5549 πρωτουργά
1458 5479 1559 5548 τῆς
1607 5481 1702 5533 τοῦ
1743 5482 1955 5550 κόσμου

373 5572 662 5639 γενέσεως,
696 5570 787 5624 καί
817 5588 969 5633 τινας
999 5570 1323 5624 ἀπὸτούτων
1355 5570 1599 5642 μητέρας
1628 5572 1723 5625 καὶ
1749 5572 1951 5635 αἰῶνας

373 5663 924 5732 τερατολογήσαντες,
982 5664 1056 5727 ὡς
1104 5664 1196 5716 καὶ
1255 5664 1539 5734 Μαρκίων,
1592 5665 1699 5717 ἀπὸ
1748 5665 1951 5717 τούτων

373 5752 553 5805 λαϐὼν
578 5756 786 5824 πονηρὰ
818 5756 1129 5827 σπέρματα.
1164 5752 1296 5809 Εἶτα
1332 5757 1676 5827 Κυριότητας
1715 5757 1804 5809 διά
1834 5757 1954 5810 τού-

376 5860 486 5898 των
515 5845 616 5917 τῆς
640 5848 734 5900 τοῦ
766 5849 969 5917 κόσμου
1027 5850 1385 5918 δημιουργίας
1438 5850 1824 5920 παρωσάμενοι
1860 5853 1953 5905 καὶ

2063 4936 2115 4986 in
2149 4950 2387 5003 pratsens
2417 4941 2803 5003 argumentum
2832 4928 3125 4983 admodum
3160 4928 3299 4983 scite
3324 4924 3633 4981 descendit.

2063 5028 2331 5098 Loquitur
2360 5035 2539 5081 autem
2574 5025 2641 5079 de
2664 5024 3017 5080 exsecrandis
3068 5022 3370 5082 Nicolaitis,
3410 5026 3465 5072 et
3494 5017 3634 5070 Naa-

2059 5120 2231 5184 senis,
2255 5128 2306 5175 et
2332 5118 2690 5175 Cerdonianis
2716 5116 2888 5187 (varie
2907 5116 3054 5171 enim
3082 5126 3281 5169 eorum
3313 5108 3636 5179 improbitas

2058 5211 2437 5281 appellabatur
2478 5228 2492 5264 :
2524 5211 2666 5265 unde
2694 5210 2837 5264 sicut
2859 5207 3143 5264 sceleratis
3169 5205 3449 5274 operibus,
3477 5203 3548 5255 ita
3580 5208 3636 5254 et

2058 5303 2247 5356 multis
2311 5302 2629 5355 nominibus
2658 5316 2722 5353 ea
2783 5298 3011 5354 confusa
3066 5291 3540 5363 deprehenditur.)
3570 5289 3631 5343 lli

2054 5393 2223 5457 enim,
2261 5401 2320 5446 ut
2354 5391 2466 5459 jam
2503 5392 2763 5451 diximus,
2800 5388 3041 5450 Bitltum,
3082 5384 3185 5439 ltoc
3216 5391 3322 5446 est,
3351 5381 3629 5448 profundi-

2055 5494 2243 5547 tatem,
2268 5494 2321 5539 et
2351 5483 2539 5552 Sigeo.
2574 5484 2628 5537 id
2654 5492 2758 5542 est,
2817 5479 3094 5535 silentium
3148 5474 3445 5546 primordia
3470 5474 3633 5541 bujus

2055 5576 2244 5630 mundi
2278 5576 2626 5637 statuebant;
2670 5581 2724 5625 ct
2755 5588 2818 5625 ex
2855 5570 2939 5624 bis
2990 5568 3259 5635 quasdam
3314 5575 3539 5624 matres,
3580 5570 3633 5617 et

2056 5682 2263 5732 mones,
2286 5668 2387 5721 boc
2420 5674 2504 5719 est
2533 5663 2731 5717 szrcula
2770 5670 2888 5714 orta
2944 5658 3240 5713 commenti
3296 5662 3425 5712 sunt
3455 5674 3468 5710 :
3498 5671 3634 5724 que-

2062 5758 2413 5811 madmodum
2439 5765 2494 5809 et
2530 5754 2771 5807 Marcion
2814 5752 2903 5821 qui
2936 5753 3004 5806 ab
3028 5752 3112 5806 bis
3138 5765 3305 5820 prava
3338 5748 3521 5803 bausit
3549 5763 3632 5801 se-

2063 5850 2229 5905 mina.
2271 5849 2475 5905 Deinde
2511 5849 2946 5904 dominationem
2980 5862 3076 5902 seu
3134 5844 3327 5908 Deum,
3360 5858 3389 5896 a
3445 5842 3631 5895 mutuli
