4020 6214
350 306 481 406 1251

344 541 661 614 δεδώρηται.
701 561 720 593 ι
756 541 831 595 Τὸ
894 540 1021 610 ἑξῆς
1058 539 1221 592 οὖτω’
1256 540 1435 611 Χάρις
1469 540 1601 611 ὐμῖν
1636 540 1730 593 καὶ
1765 541 1914 611 είρή-

345 651 430 702 νη,
482 634 557 697 ῶς
590 634 768 688 πάντα
796 634 932 702 πρὸς
981 632 1125 703 ζωὴν
1162 633 1259 686 καὶ
1292 631 1578 686 εὐσέὸειαν
1608 633 1666 685 ὲν
1694 635 1760 704 τῇ
1795 634 1916 686 ἐπι-

345 727 542 795 γνώσει
598 725 693 779 τοῦ
734 723 871 780 Θεοῦ
911 726 1006 779 καὶ
1025 723 1203 792 Ἰησοῦ
1247 723 1342 777 τοῦ
1378 723 1583 795 Κυρίου
1622 724 1798 794 ἡμῶν,
1829 723 1917 777 διὰ

344 820 439 889 τῆς
468 818 615 879 θείας
638 816 804 870 αὐτοῦ
847 817 1128 887 δυνάμεως
1162 816 1263 887 τῆς
1291 817 1513 886 χάριτος
1542 815 1747 886 ταύτης
1788 816 1917 887 ὐμῖν

346 910 743 982 δωρησαμένης
776 909 855 972 εἰς
888 909 987 980 τὴν
1032 908 1327 976 ἐπίγνωσιν
1349 908 1447 978 τῆς
1471 907 1629 977 δόξης
1660 909 1755 962 καὶ
1787 910 1915 975 ἀρε-

345 1004 465 1073 τῆς,
490 1001 556 1055 δι’
592 994 667 1054 ὧν
702 999 771 1053 τὰ
813 1000 1047 1069 μέγιστα
1098 997 1493 1069 ἐπαγγέλματα
1528 999 1798 1069 ἐδωρήθη
1829 999 1917 1052 ἵνα

347 1094 718 1161 ἀποφυγόντες
757 1090 855 1161 τὴν
897 1091 1168 1160 κοσμικὴν
1215 1088 1423 1162 φθορὰν
1447 1131 1460 1153 ,
1488 1090 1587 1160 τὴν
1633 1091 1701 1143 δι’
1728 1090 1917 1143 ἐπιθυ-

352 1184 475 1254 μίας
512 1182 891 1252 ὲγγινομένην,
944 1180 1175 1250 γένησθε
1216 1181 1463 1234 κοινωνοὶ
1498 1181 1646 1242 θείας
1678 1179 1917 1250 φύσεως.

354 1275 561 1338 Ἀλλως
593 1288 607 1302 ·
666 1274 764 1327 Διὰ
826 1271 1044 1343 μακροῦ
1100 1271 1200 1340 μὲν
1252 1271 1593 1325 ἀποδέδοταιο
1628 1271 1742 1324 ἔστι
1780 1270 1835 1324 δὲ
1883 1275 1916 1343 ἡ

349 1367 555 1421 διάνοια
603 1364 763 1435 αὕτη·
810 1365 897 1427 Ὠς
949 1362 1118 1433 μυρία
1151 1362 1410 1426 λαϐόντες
1461 1362 1644 1431 ἀγαθὰ
1696 1361 1784 1416 διὰ
1821 1363 1919 1440 τῆς

350 1460 632 1528 δυνάμεως
669 1454 764 1509 τοῦ
797 1453 1061 1525 Χριστοῦ,
1093 1453 1371 1523 δυνάμεθα
1397 1453 1490 1506 καὶ
1529 1453 1679 1517 θείας
1706 1454 1920 1522 φύσεως

351 1551 603 1620 γενέσθαι
662 1546 931 1611 κοινωνοὶ,
976 1546 1068 1598 καὶ
1117 1546 1252 1615 προς
1298 1544 1443 1615 ζωὴν
1481 1546 1577 1599 καὶ
1636 1546 1919 1600 εὐσέϐειαν

358 1642 681 1713 ἀναχθῆναι,
713 1639 1001 1709 ὀφείλομεν
1036 1626 1440 1692 πολιτεύεσθαι
1468 1637 1664 1703 οὕτως,
1696 1639 1771 1704 ῶς
1803 1642 1919 1693 ἐπι-

352 1737 611 1806 χορηγεῖν
648 1736 712 1802 τῇ
744 1733 922 1785 πίστει
954 1731 1054 1802 τὴν
1083 1731 1305 1802 ἀρετὴν,
1337 1731 1429 1785 καὶ
1452 1731 1543 1785 διὰ
1579 1734 1680 1803 τῆς
1719 1734 1920 1805 ἀρετῆς

1120 334 1530 397 EXPOSITIO
1556 335 1639 397 IN
1670 335 1910 397 EPIST.
1943 336 2003 395 II
2043 336 2102 395 S.
2143 336 2395 396 PETRI.
2437 362 2506 373 -
2540 339 2696 403 CAP.
2731 339 2781 399 ῐ.

346 453 410 507 δι’
466 447 540 504 ὢν
600 448 670 504 τὰ
720 448 873 519 τίμια
925 447 1018 501 καὶ
1058 447 1295 516 μέγιστα
1349 448 1481 518 ἡμῖν
1515 448 1944 518 ὲπαγγέλματαα

2032 450 2095 501 ·ῖιι
2168 458 2219 503 et
2269 450 2486 503 virtute.
2554 448 2655 504 Per
2706 464 2866 519 quem
2915 450 3149 504 maxima
3225 459 3279 505 et

3445 337 3578 402 125l

3349 466 3423 519 prs
3446 453 3571 506 tiosa

2015 538 2173 594 nobis
2228 539 2495 609 promissa
2545 539 2788 595 donavit.
2829 559 2848 589 ι
2879 538 3027 595 Ordo
3078 540 3167 594 hic
3223 552 3351 596 est:
3403 542 3576 598 Gratia

2016 628 2168 683 vobis
2204 639 2258 682 et
2290 645 2390 699 pax
2430 629 2535 696 sit;
2580 629 3036 699 quemadmodum
3071 631 3255 685 omnia
3303 633 3370 686 ad
3418 637 3574 686 vitan.

2013 728 2067 776 et
2119 721 2395 791 pietatem,
2452 722 2506 774 in
2568 722 2879 789 cognitione
2938 722 3028 777 Dei
3091 730 3146 777 et
3196 721 3325 779 .lesu
3379 725 3576 781 Christi

2014 810 2223 866 Domini
2263 814 2458 871 nostri.
2501 828 2597 882 per
2622 814 2794 881 ipsms
2830 814 3150 883 potentiam.
3181 830 3304 884 qua:
3351 832 3450 872 vos
3483 817 3580 873 hac

2014 903 2185 971 gratia
2231 904 2474 970 donavit,
2531 904 2694 975 385
2758 906 2824 960 ad
2886 907 3251 975 cognitionem
3297 909 3480 976 glorize
3534 921 3588 960 ct

2019 994 2255 1059 virtutis,
2297 1011 2390 1062 per
2418 1011 2540 1065 quae
2572 997 2805 1049 maxima
2849 997 3117 1066 promissu
3162 998 3364 1052 donata
3399 1012 3526 1053 sunt
3569 1019 3580 1054 :

2017 1091 2074 1134 ιιι
2126 1083 2392 1137 evitantes
2448 1086 2776 1139 mundanam
2827 1087 3257 1155 corruptionem.
3313 1103 3435 1156 quae
3491 1106 3589 1158 per

2014 1177 2516 1245 concupiscentiam
2585 1177 2956 1246 ingeneratur,
3027 1179 3330 1233 etiieiamini
3391 1180 3589 1234 divime

2016 1275 2303 1321 consertes
2357 1278 2584 1321 naturas.
2631 1269 2837 1322 Aliter:
2899 1269 3016 1324 fuse
3062 1270 3313 1338 equidem
3370 1270 3473 1326 ista
3538 1272 3589 1324 in

2019 1365 2167 1411 textu
2226 1357 2457 1411 deducta
2510 1367 2639 1413 sunt
2675 1377 2688 1410 :
2738 1370 2972 1415 attamen
3015 1377 3211 1418 sensus
3249 1363 3352 1418 huc
3399 1363 3537 1418 redit
3577 1384 3589 1417 :

2016 1453 2153 1509 Cum
2185 1455 2470 1507 innumera
2505 1469 2600 1523 per
2632 1455 2836 1511 Christi
2882 1457 3139 1511 virtutem
3180 1456 3320 1512 bona
3372 1474 3589 1526 recepe-

2020 1544 2230 1609 rimus;
2288 1559 2584 1614 possumus
2637 1546 2800 1599 etiam
2862 1546 2975 1601 fieri
3045 1547 3243 1601 divina:
3307 1559 3592 1602 consortes

2020 1641 2248 1697 natura},
2279 1641 2333 1689 et
2366 1634 2431 1687 ad
2494 1638 2658 1690 vitam
2710 1644 2765 1690 et
2815 1637 3066 1705 pietatem
3114 1639 3357 1707 perduci.
3394 1637 3588 1692 Verum

2023 1725 2095 1776 ita
2127 1723 2444 1778 conversari
2474 1723 2757 1788 debemus,
2793 1733 2849 1777 ttt
2885 1724 2988 1778 [ide
3031 1740 3386 1782 exerceamus
3420 1727 3590 1779 virtu-

461 1802 560 1895 τὴν
583 1823 705 1878 κατ’
734 1822 1014 1877 εὐσέόειαν
1045 1823 1355 1894 προκοπὴν,
1387 1822 1493 1887 ἕως
1522 1825 1601 1888 είς
1625 1802 1687 1877 τὸ
1720 1802 1921 1878 τέλειον

2032 1821 2156 1878 lem,
2211 1828 2275 1866 ac
2313 1828 2407 1885 per
2458 1815 2713 1868 virsntem
2769 1814 2821 1867 in
2880 1815 3132 1883 pietatem
3192 1816 3590 1884 proficiamus:

352 1917 462 1970 τῶν
513 1916 753 1986 ἀγαθῶν,
820 1918 848 1970 ὅ
880 1918 1028 1969 ἐστιν
1078 1916 1291 1986 ἀγάπη.
1358 1914 1623 1986 ἔλθωμεν.
1669 1916 1830 1981 Θείας
1864 1917 1920 1970 δὲ

356 2011 604 2064 κοινωνοὶ
638 2006 854 2079 φύσεως
882 2007 1184 2079 γεγόναμεν
1215 2007 1304 2061 διὰ
1341 2007 1441 2078 τῆς
1470 2005 1563 2061 τοῦ
1597 2008 1802 2080 Κυρίου
1828 2010 1922 2061 καὶ

357 2101 495 2156 Θεοῦ
522 2101 843 2171 ἐπιδημίας,
886 2102 1144 2172 ἀπαρχὴν
1182 2100 1283 2168 τῆς
1309 2101 1582 2170 ἡμετέρας
1623 2099 1838 2168 φύσεως
1867 2103 1923 2153 ὲν

358 2193 535 2264 ἐαυτῷ
556 2193 962 2264 ὐποστήσαντός
1000 2209 1058 2245 τε
1085 2192 1177 2246 καὶ
1216 2193 1544 2260 ἁγιάσαντος
1582 2195 1649 2263 τῇ
1687 2195 1925 2263 προσλή-

356 2287 467 2356 ψει.
502 2287 563 2340 Εἰ
597 2286 654 2339 δὲ
695 2286 726 2354 ἠ
755 2287 979 2356 ἀπαρχὴ
1014 2285 1163 2353 ἁγία,
1198 2285 1294 2339 καὶ
1340 2285 1399 2338 τδ
1434 2283 1685 2356 φύραμα.
1714 2286 1926 2354 Φθορὰν

357 2376 414 2431 δὲ
442 2377 541 2448 τὴν
572 2376 681 2431 ἀπὸ
708 2375 804 2447 τῆς
841 2374 1111 2446 κοσμικῆς
1167 2375 1462 2446 ἐπιθυμίας
1521 2375 1710 2446 φησὶν,
1763 2377 1837 2438 ὡς
1862 2378 1928 2428 ὲκ

360 2466 618 2538 φθαρτῶν
655 2483 715 2520 τε
755 2466 850 2519 καὶ
885 2465 1014 2537 περὶ
1052 2465 1268 2537 φθαρτὰ
1302 2466 1688 2536 συγκειμένης.

437 2794 455 2826 ι
493 2775 612 2828 Ἵνα
638 2773 727 2826 διὰ
750 2775 952 2827 τούτων
978 2772 1210 2844 γένησθε
1236 2773 1384 2835 θείας
1411 2772 1625 2843 φύσεως
1658 2771 1908 2826 κοινωνοὶ

2026 1902 2198 1957 donec
2230 1903 2444 1957 tandem
2485 1904 2549 1956 ad
2579 1904 3039 1972 perfectissimum
3072 1904 3365 1970 bonorum,
3398 1921 3591 1975 nempe

2027 1993 2368 2058 charitatem,
2404 1995 2801 2060 perveniamus.
2848 1993 3050 2049 Divinas
3100 2001 3280 2049 auten;
3310 2004 3594 2050 Censortcs

2029 2096 2235 2138 natura:
2268 2082 2440 2161 effecti
2478 2099 2667 2139 sumus
2703 2100 2797 2154 per
2847 2086 3057 2140 Domini
3113 2086 3403 2141 adventum
3440 2104 3453 2138 :
3485 2104 3595 2157 quo

2030 2174 2299 2243 primitias
2350 2184 2561 2228 naturae
2619 2182 2817 2229 nostrae
2864 2175 2918 2228 in
2965 2177 3147 2245 seipso
3192 2178 3510 2245 assumpsit,
3541 2188 3594 2231 et

2031 2280 2285 2320 assnmen
2310 2267 2358 2318 lo
2384 2252 2765 2319 sanctilieavit.
2799 2264 2853 2317 Si
2880 2278 3056 2319 autem
3084 2265 3381 2336 primordia
3407 2277 3595 2320 sancta

2030 2367 2177 2421 sunt,
2234 2366 2288 2411 et
2318 2359 2432 2427 ipsa
2484 2371 2659 2411 massa
2695 2367 2879 2409 saneta
2920 2358 2988 2411 sit
3018 2364 3251 2426 oportet.
3285 2356 3601 2427 Corruptio-

2034 2463 2159 2502 nem
2210 2465 2336 2502 vero
2380 2464 2498 2503 eam
2538 2448 2623 2503 hic
2653 2447 2809 2513 dicit,
2839 2463 2958 2519 qua:
2989 2464 3055 2502 ex
3095 2446 3367 2502 mundana
3394 2463 3600 2502 concu-

2032 2540 2298 2610 piscentia
2332 2540 2577 2610 procedit
2613 2581 2624 2593 .
2657 2541 2853 2609 quippe
2883 2554 3005 2610 quae
3032 2555 3099 2594 ex
3151 2540 3595 2609 corruptibilibns

2033 2641 2273 2697 constat,
2299 2642 2354 2688 et
2392 2633 2444 2686 in
2478 2632 2855 2702 corruptibilia
2897 2632 3090 2687 tendit.

2111 2790 2129 2822 ‹
2177 2770 2246 2826 Ut
2275 2785 2371 2840 per
2401 2769 2514 2825 haec
2550 2769 2855 2825 elﬁciamiui
2885 2770 3081 2825 divina:
3130 2777 3412 2827 consortes
3441 2781 3598 2826 natu-

359 2868 732 2936 άποφυγόντες
771 2868 867 2937 τῆς
903 2870 960 2920 έν
1002 2868 1193 2938 κόσμῳ
1223 2869 1280 2920 ὲν
1315 2865 1584 2936 ἐπιθυμίᾳ
1641 2863 1870 2935 φθορᾶς.
1907 2881 1926 2916 t

2036 2881 2132 2931 ne,
2176 2864 2448 2935 fugientes
2478 2863 2597 2932 ejus
2622 2879 2741 2932 quae
2762 2864 2816 2917 in
2842 2862 3046 2919 mundo
3075 2875 3179 2929 eat,
3211 2862 3600 2934 concupiscen-

361 2959 436 3012 Τὸ
469 2959 595 3028 ἑξῆς
644 2958 850 3021 οὕτως·
877 2958 995 3011 Ἵνα
1054 2958 1466 3027 ἀπαλλαγέντες
1502 2958 1602 3027 τῆς
1642 2958 1701 3011 ἐν
1743 2957 1933 3027 κόσμῳ

2037 2958 2127 3013 tia;
2148 2955 2577 3025 corruptionem.
2621 2973 2639 3007 ι
2674 2954 2729 3007 Id
2759 2964 2881 3010 est:
2915 2954 2981 3010 Ut
3014 2970 3045 3009 a
3082 2956 3353 3010 mundana
3401 2969 3599 3009 corru-

361 3050 587 3121 φθορᾶς.
621 3050 723 3119 τῆς
753 3050 810 3102 ἐν
848 3050 1112 3122 ἐπιθυμία
1166 3052 1406 3121 σαρκικῇ
1450 3050 1803 3121 τελουμένης,
1842 3049 1936 3118 γέ-

2038 3050 2245 3117 ptione,
2291 3062 2412 3117 qua;
2449 3048 2501 3101 in
2554 3046 3003 3115 eoncupiseentia
3046 3046 3251 3100 carnali
3301 3044 3602 3115 perficitur,

362 3141 543 3194 νοισθε
582 3140 733 3205 θείας
782 3141 998 3211 φύσεως
1049 3141 1317 3196 κοινωνοί.
1380 3141 1452 3195 Τὸ
1485 3139 1614 3212 γὰρ,
1668 3160 1686 3192 ι
1725 3142 1931 3210 ἀποφυ-

2042 3140 2274 3203 liberati,
2303 3138 2609 3193 eﬂiciamini
2642 3138 2841 3191 divinae
2874 3146 3158 3192 consortes
3203 3145 3431 3192 natur-ar.
3469 3135 3602 3189 Illud

362 3231 572 3300 γόντες,
616 3251 636 3285 ι
678 3233 802 3287 ἀντὶ
832 3230 952 3298 τοῦ,
989 3233 1425 3303 ἀπαλλαγέντες,
1460 3231 1628 3286 ἐστίν.

439 3385 458 3419 ι
486 3368 593 3420 Καὶ
623 3366 753 3421 αὐτὸ
800 3365 857 3420 δὲ
886 3366 1064 3432 τοῦτο,
1109 3369 1344 3440 σπουδὴν
1375 3369 1928 3439 παρεισενέγκαντες,

367 3458 810 3524 ἐπιχορηγήσατε
841 3458 898 3506 ὲν
936 3459 1004 3522 τῇ
1031 3457 1209 3507 πίστει
1237 3458 1391 3524 ὐμῶν
1421 3457 1518 3526 τὴν
1542 3457 1765 3525 ἀρετὴν,
1787 3458 1844 3508 ἐν
1875 3457 1933 3509 δὲ

365 3542 432 3615 τῇ
468 3545 634 3614 ἀρετῇ
670 3542 768 3612 τὴν
798 3541 1019 3609 γνῶσιν,
1052 3543 1109 3593 ὲν
1149 3540 1204 3593 δὲ
1242 3545 1308 3610 τῇ
1359 3542 1558 3609 γνώσει
1592 3544 1692 3613 τὴν
1731 3544 1934 3615 ἐγκρά-

364 3650 538 3699 τειαν,
576 3635 632 3686 ὲν
693 3632 750 3684 δὲ
778 3633 844 3701 τῇ
878 3630 1175 3704 ἐγκρατείᾳ
1203 3631 1301 3702 τὴν
1340 3633 1641 3703 ὑπομονὴν,
1679 3636 1737 3687 ἐν
1769 3635 1825 3688 δὲ
1865 3639 1930 3706 τῇ

365 3727 611 3797 ὑπομονῇ
649 3724 747 3796 τὴν
796 3724 1099 3792 εὐσέόειαν,
1130 3725 1189 3778 ὲν
1217 3724 1274 3778 δὲ
1298 3725 1363 3794 τῇ
1390 3725 1644 3795 εὐσεϐείᾳ
1671 3724 1769 3792 τὴν
1812 3725 1931 3792 φιλ-

363 3817 622 3886 αδελφίαν
658 3857 672 3881 ,
728 3819 784 3869 έν
835 3816 893 3869 δὲ
954 3818 1018 3887 τῇ
1078 3814 1402 3887 φιλαδελφίᾳ
1459 3816 1559 3885 τὴν
1608 3817 1847 3886 ἀγάπην.
1909 3836 1924 3867 ι

363 3910 616 3981 Βαθμοὺς
645 3909 744 3979 τῆς
771 3907 1053 3978 προκοπῆς
1084 3908 1395 3972 ἐπίσταται,
1451 3896 1678 3977 πρώτην
1714 3910 1811 3977 τὴν
1846 3910 1906 3961 πί

366 4020 508 4066 στιν,
557 4002 678 4071 ῆτις
707 3999 954 4069 θεμέλιός
989 4001 1103 4051 ἐστι
1141 3999 1252 4052 τῶν
1309 3997 1532 4067 ἀγαθῶν
1568 4002 1658 4053 καὶ
1697 3999 1927 4070 κρηπίς·

365 4092 486 4150 εἶτα
519 4094 780 4163 δευτέραν
815 4111 833 4143 ι
870 4093 969 4161 τὴν
1000 4091 1222 4163 ἀρετὴν,
1264 4110 1281 4141 ο
1312 4090 1431 4161 ὴτοι
1470 4090 1537 4142 τὰ
1576 4090 1931 4160 ἔργα-χωρὶς

363 4187 473 4255 γὰρ
498 4181 704 4236 τούτων
729 4182 764 4251 ὴ
802 4181 982 4243 πίστις
1011 4197 1029 4230 ι
1058 4177 1251 4250 νεκρὰ,
1288 4196 1307 4229 ι
1337 4177 1414 4239 ὡς
1464 4178 1492 4229 ὁ
1542 4175 1797 4238 Ἰάκωδός
1832 4192 1931 4245 φη-

367 4288 472 4328 σιν.
522 4273 643 4326 Ἐπὶ
688 4270 902 4334 τούτοις
935 4271 1018 4341 ιή
1059 4269 1284 4339 γνῶσις.
1334 4287 1353 4320 ι
1396 4268 1493 4331 Τίς
1534 4268 1591 4321 δὲ
1644 4269 1815 4337 αὖτης
1867 4269 1931 4320 Ἦ

364 4359 477 4413 τῶν
524 4358 620 4413 τοῦ
648 4357 784 4412 Θεοῦ
814 4357 1148 4429 ἀποκρύφων
1189 4357 1506 4427 μυστηρίων
1553 4358 1776 4427 εἴδησις,
1813 4359 1932 4428 ἥτις

2041 3233 2184 3285 enim
2214 3247 2233 3281 ι
2270 3228 2540 3300 fugientes
2580 3246 2598 3279 ι
2641 3227 2781 3282 idem
2813 3236 2918 3291 est,
2954 3242 3017 3281 ac
3046 3228 3278 3284 liberati.

2111 3366 2276 3424 Vens.
2318 3367 2440 3423 5-7.
2486 3384 2505 3419 ι
2536 3366 2644 3431 Vos
2682 3376 2864 3421 autem
2890 3381 3076 3421 curam
3110 3380 3321 3422 onmem
3354 3368 3602 3424 subinte-

2043 3471 2224 3518 rentes
2255 3461 2559 3515 ministrate
2582 3461 2635 3514 in
2668 3460 2770 3513 fide
2800 3467 2975 3513 vestra
3011 3459 3282 3524 virtutem,
3314 3460 3369 3514 in
3403 3460 3602 3516 virtute

2040 3564 2219 3608 autem
2252 3553 2558 3608 scientiam.
2597 3552 2650 3605 In
2703 3550 2931 3606 scientia
2966 3560 3141 3606 antem
3194 3550 3600 3618 abstinentiam,

2040 3642 2096 3694 in
2126 3641 2455 3695 abstinentia
2481 3650 2661 3694 autem
2696 3638 3032 3707 patientiam,
3057 3639 3111 3691 in
3141 3639 3398 3707 patientia
3419 3648 3599 3695 autem

2042 3731 2316 3801 pietatem.
2372 3728 2426 3784 In
2460 3731 2657 3798 pietate
2707 3736 2886 3783 autem
2932 3743 3170 3781 amorem
3226 3728 3602 3795 fraternitatis,

2042 3822 2096 3874 itt
2131 3834 2315 3876 amore
2343 3830 2523 3875 autem
2560 3819 2915 3875 fraternitatis
2942 3818 3288 3874 citaritatem.
3313 3840 3331 3872 ι
3365 3819 3602 3883 Gradus,

2040 3911 2241 3980 quibus
2270 3912 2664 3983 proficiendum
2703 3912 2859 3975 nobis
2891 3918 3000 3976 est,
3036 3911 3121 3963 hic
3160 3909 3229 3964 ob
3269 3910 3461 3965 oculos
3501 3927 3602 3979 po-

2042 4004 2140 4057 nit.
2186 4002 2255 4058 Et
2297 4004 2517 4074 quidem
2568 4003 2744 4074 primo
2776 4004 2893 4057 loco
2935 4001 3121 4057 statuit
3157 4020 3176 4053 ι
3208 4002 3388 4065 fidem,
3436 4020 3455 4053 ι
3484 4019 3604 4073 qum

2042 4097 2282 4149 omnium
2339 4097 2608 4149 bonorum
2661 4110 2883 4164 operum
2929 4093 3337 4148 fundamentum
3394 4104 3478 4149 est
3543 4104 3603 4148 et

2043 4186 2208 4239 basis.
2253 4184 2458 4240 Deinde
2492 4203 2511 4235 ι
2545 4185 2823 4245 virtutem.
2863 4203 2881 4234 ι
2924 4183 3024 4237 hoc
3072 4194 3157 4239 est
3206 4184 3343 4239 bona
3389 4200 3600 4255 opera:

2044 4293 2165 4329 nam
2225 4278 2344 4331 sine
2402 4277 2523 4332 istis
2588 4277 2718 4331 fides
2757 4294 2775 4327 ι
2817 4286 3029 4329 mortua
3068 4284 3171 4342 est,
3213 4294 3232 4327 ι
3271 4285 3330 4331 ιιι
3378 4285 3605 4332 sanctus

2040 4366 2277 4422 Jacnbus
2307 4368 2402 4421 ait.
2434 4367 2688 4424 Succedit
2721 4385 2739 4418 ι
2781 4354 3031 4421 scicntia.
3072 4385 3091 4421 ι
3132 4368 3395 4435 Quaenam
3420 4377 3601 4423 autem

366 4454 429 4506 οὐ
472 4450 552 4521 τῷ
612 4450 831 4520 τυχόντι
876 4448 1265 4519 ἐμφιλοχωρεϊ,
1315 4448 1451 4502 ἀλλὰ
1513 4448 1591 4518 τῷ
1641 4448 1709 4501 δι’
1757 4449 1932 4518 ἔργων

2043 4457 2168 4511 illa?
2204 4457 2426 4528 Nempe,
2471 4468 2806 4514 secretorum
2840 4457 2934 4513 Dei
2991 4460 3372 4530 mysteriorqu
3412 4463 3604 4531 cogni-

368 4544 695 4614 κρειττόνων
731 4544 829 4613 τὴν
860 4540 1442 4611 ἓξ.νγεγυμνασμένῳ.
1462 4541 1583 4593 Ἐπὶ
1602 4539 1812 4603 τούτοις
1843 4560 1861 4592 ι
1894 4544 1931 4610 ή

2038 4551 2115 4604 tio
2149 4565 2163 4603 :
2200 4566 2319 4619 quae
2350 4567 2454 4605 non
2496 4551 2694 4620 cuique
2740 4557 2911 4619 patet,
2955 4549 3048 4605 sed
3082 4550 3263 4621 ei,qui
3296 4567 3354 4604 se
3379 4552 3430 4605 in
3463 4567 3604 4622 pra-

368 4637 687 4707 ὲγκράτεια.
724 4653 744 4687 ι
785 4636 892 4687 Δεῖ·
918 4633 1028 4703 γὰρ
1081 4634 1176 4687 καὶ
1218 4634 1423 4702 ταύτης
1451 4633 1528 4705 τῷ
1564 4633 1701 4702 πρὸς
1735 4634 1932 4703 μέτρον

369 4726 711 4797 ἀφικομένῳ,
744 4725 816 4787 ῶς
840 4724 905 4776 ἂν
929 4723 1003 4793 μὴ
1040 4721 1313 4788 ἐξυϐρίζοι
1347 4722 1425 4792 τῷ
1451 4722 1670 4791 μεγέθει
1697 4726 1794 4792 τῆς
1829 4722 1934 4774 δωυ

372 4822 522 4893 ρεᾶς.
563 4817 783 4888 Ἐπειδὴ
816 4816 871 4869 δὲ
898 4815 973 4878 ὡς
998 4816 1097 4868 οὐκ
1131 4815 1278 4868 ἐστιν
1318 4815 1410 4867 ἐπὶ
1450 4814 1630 4885 μικρῷ
1651 4817 1935 4885 χρώμενον

368 4917 433 4984 τῇ
477 4909 774 4982 ἐγκρατείᾳ
800 4906 1022 4979 βεϐαίαν
1054 4906 1354 4978 κεκτῆσθαι
1383 4905 1538 4978 [τῶν]
1578 4906 1674 4977 τὴν
1701 4908 1932 4979 δωρεὰν,

367 5000 668 5072 φιλούντων
711 4998 799 5051 ἀεὶ
827 4996 934 5050 τῶν
966 4995 1175 5065 παθῶν,
1295 4996 1419 5050 add.
1453 4996 1545 5067 τὰ]
1576 4997 1674 5067 τῆς
1729 5008 1937 5064 καταγ.

365 5095 567 5167 χούσης
605 5090 915 5161 ἐλευθερίας
942 5090 1115 5143 ταῦτα
1144 5091 1236 5144 ἐπὶ
1263 5095 1325 5142 τὸ
1356 5092 1538 5160 χεῖρον
1561 5089 1899 5159 προάγεσθαι
1917 5106 1930 5119 ·

365 5190 402 5258 ὴ
443 5183 691 5255 ὑπομονὴ
714 5180 1128 5248 ἐπεισελθοῦσα,
1155 5180 1216 5234 τὸ
1239 5182 1347 5234 πᾶν
1384 5180 1807 5251 κατειργάσατο,
1840 5182 1936 5233 καὶ

367 5279 467 5349 τὴν
501 5275 779 5331 εὐσέϐειαν
806 5272 1160 5345 προεξένησε,
1218 5273 1562 5343 τελειοτέραν
1617 5273 1936 5343 ἀπεργασα-

371 5372 508 5442 μένη
531 5367 629 5439 τὴν
651 5369 731 5430 είς
763 5365 898 5419 Θεὸν
930 5362 1283 5433 πεποίθησιν.
1319 5362 1408 5416 Διὸ
1428 5364 1521 5417 καὶ
1565 5364 1632 5433 τῇ
1679 5361 1933 5431 εὐσεϐείᾳ

368 5464 403 5533 ὴ
446 5456 764 5529 φιλαδελφία
782 5453 1213 5525 προσεπορίσθη,
1248 5454 1343 5507 καὶ
1364 5454 1456 5508 ἐπὶ
1476 5454 1608 5507 πᾶσι
1633 5453 1695 5506 τὸ
1711 5454 1931 5506 πάντων

364 5552 476 5604 τῶν
504 5547 723 5616 ἀγαθῶν
761 5546 1057 5616 πλήρωμα,
1089 5546 1123 5613 ἡ
1151 5545 1361 5612 ἀγάπη,
1406 5545 1480 5605 ὡς
1508 5544 1707 5614 Παύλῳ
1740 5545 1834 5597 καὶ
1864 5545 1930 5613 τῇ

370 5639 601 5709 ἀληθεία
644 5637 810 5690 δοκεῖ.
844 5634 990 5702 Λύτη
1017 5633 1122 5701 γὰρ
1155 5634 1251 5685 καὶ
1280 5633 1368 5685 τον
1390 5633 1482 5685 τοῦ
1507 5631 1641 5685 Θεοῦ
1674 5631 1800 5685 Υίδν
1837 5633 1931 5684 καὶ

367 5733 460 5787 τὸν
492 5730 684 5785 τούτου
731 5726 953 5796 Πατέρα
986 5724 1333 5788 ἐξεὸιάσατο·
1367 5725 1454 5776 τὸν
1510 5725 1629 5793 μὲν,
1663 5724 1752 5774 τὸν
1792 5723 1933 5789 ἁγας

680 5825 954 5884 Parnm.
989 5821 1106 5879 Gn.
1140 5815 1371 5879 CXXV.

2038 4641 2400 4696 stantioribus
2443 4640 2702 4710 operibus
2738 4642 3085 4695 continenter
3109 4650 3348 4695 exercet.
3410 4639 3606 4697 Postea

2047 4749 2061 4780 ι
2097 4728 2451 4793 abstinentia,
2489 4748 2509 4781 ι
2550 4744 2647 4784 seu
2677 4731 3052 4798 temperantia.
3092 4728 3223 4784 Nam
3256 4739 3309 4785 et
3341 4730 3442 4787 hac
3465 4746 3605 4802 opus

2042 4823 2219 4885 habet,
2252 4822 2343 4889 qui
2377 4823 2444 4875 ad
2495 4821 2693 4875 bonam
2741 4835 3051 4874 mensuram
3092 4821 3356 4891 pervenit,
3386 4837 3454 4876 ne
3476 4822 3605 4876 doni

2041 4911 2414 4983 magnitudine
2464 4909 2791 4965 insolentius
2835 4910 3115 4966 elIeratur.
3171 4911 3439 4979 Quoniam
3473 4928 3604 4968 vero

2045 4998 2157 5058 fieri
2188 5018 2296 5057 non
2332 5010 2530 5071 potest,
2560 5010 2619 5055 ut
2639 5000 2731 5071 qui
2759 5001 2825 5055 ad
2859 5002 3023 5057 breve
3052 5011 3264 5072 tempus
3296 5012 3607 5072 temperau-

2043 5101 2169 5147 tatu
2204 5090 2463 5152 servavit,
2522 5091 2737 5143 tinuum
2789 5105 2853 5144 ac
2910 5106 3161 5146 securum
3191 5092 3389 5145 donum
3425 5094 3608 5162 possi-

2041 5184 2165 5238 deat
2196 5179 2657 5252 (quandoquidem
2685 5195 2901 5251 semper
2930 5181 3181 5255 nituntur
3211 5181 3489 5253 passiones
3520 5199 3604 5249 ea,

2042 5287 2161 5341 quae
2194 5268 2431 5325 libertati
2466 5266 2741 5322 contraria
2788 5276 2938 5334 sunt,
2975 5268 3183 5334 tollere,
3212 5280 3266 5327 et
3318 5272 3374 5326 in
3423 5271 3602 5342 pejora

2042 5356 2417 5430 convertere);
2463 5357 2858 5427 superveniens
2896 5377 2915 5410 ι
2944 5358 3223 5429 patientia,
3264 5365 3284 5415 ι
3335 5379 3447 5419 rem
3482 5379 3607 5420 ont-

2043 5468 2166 5507 nem
2218 5449 2438 5505 coniicit
2470 5467 2483 5503 :
2529 5460 2655 5503 nam
2685 5458 2740 5504 et
2766 5449 3023 5520 pietatem
3051 5453 3328 5520 conciliat,
3358 5462 3410 5509 et
3427 5454 3604 5525 perfe-

2040 5542 2266 5599 etiorem
2298 5541 2353 5595 in
2388 5539 2561 5597 Deum
2600 5540 2854 5596 fiduciam
2907 5542 3189 5612 elargitur.
3236 5545 3415 5611 Quare
3439 5548 3603 5602 etiam

2044 5632 2230 5701 pietati
2276 5628 2698 5700 supperadditur
2751 5648 2769 5683 ι
2806 5644 2958 5686 amor
3010 5631 3392 5703 fraternitatis,
3423 5653 3444 5690 ι
3507 5651 3603 5692 seu

2048 5739 2065 5772 ι
2102 5719 2376 5776 fraternus
2410 5735 2454 5772 ιι
2488 5727 2543 5774 et
2594 5726 2719 5793 post
2776 5722 2980 5788 omnia,
3018 5737 3082 5778 ea
3139 5737 3259 5793 qua:
3307 5727 3604 5781 secundum

3168 5817 3248 5876 to
