4020 6214
332 336 467 406 1265

442 408 453 425 ‘

326 552 595 623 διακρίνει
643 552 746 623 τὴν
780 550 953 624 ἀληθῆ
1001 553 1341 623 προφητείαν
1382 553 1484 623 τῆς
1531 552 1914 623 δαιμονιώδους

329 647 424 702 καὶ
458 645 724 716 πλαστῆς,
753 646 878 716 ἥτις
909 647 1004 700 καὶ
1046 647 1106 700 ὲν
1135 648 1250 708 τοῖς
1298 645 1595 717 αἰρετικοῖς
1625 648 1915 717 καταλαμ-

328 738 573 792 ϐάνεται.
612 756 632 789 ι
668 736 796 790 Ὅτι
827 740 981 792 πᾶσα
1022 738 1331 809 προφητεία
1366 740 1589 811 Γραφῆς
1622 740 1760 803 ιδίας
1802 742 1916 793 ἑπι-

328 829 539 894 λύσεως
583 829 645 883 οὐ
691 830 924 898 γίνεται.
962 849 982 883 ι
1030 831 1190 885 Τοῦτ’
1235 830 1406 897 ἐστιν,
1458 832 1540 887 ὅτι
1571 832 1912 897 λαμϐάνουσι

335 923 435 992 μὲν
480 921 589 974 ἀπδ
635 920 728 974 τοῦ
779 919 917 974 Θεοῦ
972 922 1023 974 οἱ
1072 922 1356 995 προφῆται
1409 924 1511 992 τὴν
1549 924 1910 995 προφητείαν,

333 1011 451 1067 ἀλλ’
482 1013 581 1083 οὐχ
629 1012 705 1075 ὡς
762 1015 961 1076 ἐκεῖνοι
1014 1012 1317 1083 βούλονται,
1368 1014 1483 1068 ἀλλ’
1534 1014 1610 1079 ὡς
1660 1016 1723 1069 τὸ
1771 1015 1916 1068 θεῖον

333 1108 549 1177 ἐνεργεῖ
582 1104 839 1174 Πνεῦμασ
874 1106 969 1158 καὶ
1021 1105 1220 1177 ᾔδεσαν
1273 1105 1372 1176 μὲν
1412 1107 1509 1160 καὶ
1541 1105 1797 1174 συνίεσαν
1826 1106 1916 1159 τὸν

334 1197 836 1267 καταπεμπόμενον
863 1196 1021 1266 λόγον
1042 1196 1224 1260 αὐτοῖς
1247 1198 1609 1268 προφητικὸν,
1641 1199 1701 1251 οὐ
1731 1198 1917 1267 μέντοι

334 1290 431 1341 καῖ
467 1288 567 1358 τὴν
601 1286 851 1340 ἐπίλυσιν
877 1287 1043 1341 αὑτοῦ
1074 1288 1383 1343 ἐποιοῦντο·
1420 1289 1513 1342 καλ⁸
1536 1292 1620 1344 ὅτι
1650 1290 1759 1344 ἀπὸ
1779 1289 1916 1345 Θεοῦ

298 1372 311 1384 ί
334 1378 720 1448 ὲνεργούμενοι
743 1380 1061 1449 [Ινεύματος
1082 1379 1132 1433 οί
1156 1380 1435 1451 προφῆται
1461 1380 1681 1452 ᾔδεσαν,
1704 1381 1781 1444 ὡς
1809 1382 1918 1435 ἀπὸ

302 4925 314 4968 l

338 1472 483 1526 θείου
530 1471 846 1546 Πνεύματολς
881 1471 1305 1540 καταπέμπεται
1334 1474 1361 1525 ὁ
1394 1473 1549 1541 λόγος
1587 1473 1793 1538 αὐτοῖς,
1819 1472 1917 1543 δῆ.

338 1564 429 1617 λον
457 1565 548 1634 ἀφ’
576 1556 651 1619 ὧν
680 1566 899 1627 ἑκόντες
931 1564 1262 1635 ὑπούργουν,
1292 1567 1388 1620 καὶ
1420 1567 1448 1620 ὂ
1474 1566 1539 1625 ἂν
1569 1551 1761 1639 ῆθελον
1792 1569 1918 1626 ἐλά-

255 1701 258 1705 ,
338 1654 490 1709 λουνο
539 1656 568 1709 δ
610 1657 668 1725 δὲ
720 1656 796 1726 μὴ
850 1655 1070 1727 ῆθελον,
1122 1657 1407 1711 ἐσιώπων·
1458 1659 1518 1712 οὐ
1579 1662 1687 1730 μὴν
1727 1662 1820 1714 καὶ
1868 1663 1917 1714 οἱ

1105 336 1510 401 EXPOSITIO
1543 338 1620 400 ΙΝ
1659 338 1900 400 EPIST.
1928 337 1986 398 Il
2028 340 2070 398 S
2131 340 2379 404 PETRI.
2403 367 2471 379 -
2503 344 2664 407 CAP.
2698 346 2779 407 Π.

266 504 271 537 τ
328 458 421 513 ὑπ*
447 458 629 524 αὐτῶν
663 458 936 532 είρημένα
974 458 1073 530 οὐχ
1116 459 1501 532 ἡρμήνευσαν·
1547 460 1664 532 ἅμα
1710 460 1768 514 δὲ
1817 461 1906 513 καὶ

2035 461 2114 529 psi
2175 462 2451 531 prophetae
2505 462 2653 518 dicta
2717 477 2817 523 sua
2870 478 2977 517 non
3007 463 3118 518 sint
3147 462 3517 533 interpretati,
3547 476 3601 520 et

2021 568 2200 606 veram
2240 569 2268 606 a
2315 555 2437 608 ficta
2481 566 2534 610 et
2565 555 2897 619 daemoniaca
2928 553 3282 627 quorumdam
3316 556 3601 610 haeretico-

2019 662 2137 698 ruru
2201 647 2483 716 prophetia
2535 646 2800 701 discernit
2851 662 2865 701 :
2957 646 3243 717 quoniam,
3322 647 3597 717 inquiens,

2028 757 2046 787 ι
2090 738 2270 792 omnis
2303 738 2587 808 prophetia
2647 738 2947 808 Scriptura:
2996 739 3215 808 propria
3267 738 3599 807 interpreta-

2017 827 2171 883 tione.
2211 842 2319 880 non
2353 827 2430 881 lit.
2470 847 2487 879 ι
2562 830 2676 882 Hoc
2725 839 2835 889 est.
2880 829 3160 899 accipiunt
3190 827 3444 898 equidem
3477 844 3601 897 pro-

2021 918 2194 988 pheta:
2224 936 2251 971 a
2286 918 2392 973 Deo
2415 919 2785 990 prophetiam;
2816 929 2871 974 at
2901 935 3030 985 non,
3096 920 3171 974 uti
3231 920 3332 991 ipsi
3367 922 3554 975 volunt
3578 959 3593 981 .

2020 1011 2114 1067 sed
2155 1020 2213 1066 ιιι
2258 1013 2441 1066 divino
2494 1011 2721 1082 Spiritui
2764 1013 3216 1070 libetiufu‘ndere
3267 1030 3282 1067 :
3336 1023 3497 1084 alque
3527 1015 3599 1067 illi

2018 1103 2237 1172 quidem
2267 1104 2572 1165 immissum
2610 1103 2718 1159 illis
2746 1105 3127 1175 propheticum
3159 1120 3469 1160 sermonem
3509 1121 3603 1160 co-

2018 1197 2358 1267 gnoscebant
2390 1207 2442 1252 ct
2487 1196 2886 1279 intelligebant,
2916 1208 3155 1253 attamen
3190 1197 3309 1265 ejus
3334 1198 3604 1267 interpre-

2020 1289 2275 1345 tationem
2300 1305 2399 1357 seu
2420 1292 2835 1361 explicationem
2869 1306 2975 1344 non
3021 1288 3316 1344 faciebant.
3354 1287 3421 1343 Et
3447 1304 3601 1352 sane,

2019 1382 2163 1451 quod
2195 1383 2474 1457 prophetia
2506 1399 2537 1437 a
2580 1383 2689 1439 Deo
2724 1384 2831 1439 acti
2892 1397 3203 1438 sermonem
3265 1381 3368 1436 sibi
3434 1397 3463 1435 a
3496 1380 3606 1434 Deo

2020 1481 2151 1528 tunc
2207 1472 2320 1549 fieri
2376 1483 2627 1540 nossent,
2696 1474 3051 1545 perSpicuum
3081 1482 3166 1527 est
3234 1487 3297 1527 ex
3345 1469 3605 1540 θυμιωιά

2021 1578 2214 1639 sponte
2266 1566 2375 1621 Deo
2440 1568 2680 1625 moventi
2741 1567 3135 1635 inserviebam,
3168 1573 3221 1619 et
3273 1563 3441 1635 quod,
3487 1578 3606 1632 quae

2019 1661 2234 1730 quidem
2301 1661 2594 1723 volebant,
2654 1660 3034 1731 loquebantur,
3101 1673 3226 1728 quae
3276 1672 3404 1711 vero
3445 1656 3594 1725 loqui

333 1745 798 1817 ψευδοπροφῆται.
832 1747 907 1800 Οὐ
941 1748 1051 1818 γὰρ
1088 1738 1289 1819 ᾔδεσαν
1336 1752 1395 1802 ἐν
1437 1749 1514 1821 τῷ
1554 1752 1915 1822 ἐνεργεῖσθαι,

2035 1754 2301 1819 nolebant,
2340 1754 2556 1810 silentio
2582 1753 2957 1809 occultabant.
3017 1751 3132 1805 Non
3170 1752 3240 1804 ita
3291 1765 3419 1804 vero
3484 1749 3604 1805 falsi

336 1838 475 1892 ἀλλὰ
536 1839 704 1910 μανία
753 1841 1032 1909 γινόμενοι
1076 1843 1411 1913 παράφοροι,
1462 1844 1692 1913 ἠγνόουν
1727 1846 1754 1900 ὂ
1786 1844 1917 1899 ἔπα-

340 1947 487 1999 σχον,
517 1929 593 1994 ὡς
642 1933 691 1984 οῖ
746 1931 1063 2003 μεθύοντες.
1111 1936 1174 1988 Οἱ
1225 1935 1409 2004 μέντοι
1438 1935 1585 2006 ἅγιοι
1617 1939 1916 2008 προφῆται,

341 2024 548 2093 καίπερ
586 2023 810 2087 εἰδότες,
842 2025 902 2082 οὐ
951 2025 1141 2096 χρείαν
1182 2020 1329 2096 εἶχον
1373 2028 1701 2100 ἑρμηνεύειν
1730 2032 1799 2083 τὰ
1829 2014 1919 2084 ὕπ’

338 2113 540 2178 αὐτῶν,
598 2114 715 2169 ἀλλ’
759 2116 968 2185 ἑτέροις
1013 2116 1298 2188 διηκόνουν
1354 2119 1528 2174 ταῦτα
1555 2120 1735 2192 [(ήμίν
1765 2123 1918 2192 γάρ),

341 2206 457 2276 ἅμα
498 2205 554 2263 δὲ
599 2204 717 2279 καὶ]
752 2205 837 2259 ἴνα
868 2206 1170 2280 λανθάνῃή
1221 2209 1314 2263 τοῦ
1365 2210 1575 2280 Κυρίου
1621 2215 1915 2284 παρουσία,

340 2297 437 2363 καὶ
478 2297 562 2374 ,μὴ
606 2297 1027 2368 ὲπιὸουλεύηται
1076 2299 1181 2352 ὑπὸ
1236 2300 1345 2353 τῶν
1386 2302 1623 2357 ἀσεϐῶν.
1673 2304 1924 2360 Ἐπιϐου-

342 2388 610 2458 λευομένη
639 2389 747 2460 γὰρ
768 2388 1002 2459 ἠδύνατο
1026 2390 1121 2444 καὶ
1150 2392 1553 2463 διαδιδράσκειν
1581 2395 1670 2450 διὰ
1702 2396 1799 2465 τῆς
1825 2399 1921 2452 τοῦ

343 2483 551 2552 Κυρίου
573 2482 881 2553 δυνάμεως.
923 2483 1065 2536 Ἀλλ’
1090 2484 1260 2547 εἰκὸς,
1287 2485 1457 2539 ἐνίοτε
1485 2486 1575 2540 διὰ
1604 2489 1924 2558 παραδόξων

342 2570 443 2641 τῆς
474 2572 759 2642 ἀποφυγῆς
787 2573 1104 2644 γινομένης,
1128 2575 1431 2644 τερατῶδες
1466 2577 1611 2644 ἔδοξε
1647 2580 1708 2633 τὸ
1738 2580 1922 2635 τελού-

349 2653 510 2730 μενον
555 2663 655 2732 τῆς
697 2663 1185 2734 ὲνανθρωπήσεως.
1244 2662 1354 2719 Καὶ
1399 2668 1482 2721 ὅτι
1513 2668 1711 2739 ἁληθὶς
1741 2670 1923 2735 τοῦτο,

345 2752 505 2821 δῆλον
557 2753 665 2806 ἀπὸ
717 2753 825 2807 τῶν
874 2755 932 2807 ἐν
980 2757 1048 2827 τῇ
1091 2755 1211 2828 Νέᾳ
1243 2758 1559 2829 προφητῶν,
1603 2760 1653 2813 οἳ
1702 2761 1798 2815 καὶ
1826 2763 1927 2831 ἠρ-

350 2844 590 2912 μήνευον
614 2842 842 2907 ἑαυτοὺς
873 2844 1335 2915 προφητεύοντες,
1368 2851 1416 2901 εἰ
1451 2851 1546 2903 καὶ
1588 2852 1666 2921 μὴ
1705 2853 1925 2915 πάντες.

349 2936 423 2989 Οὐ
447 2936 557 3006 γὰρ
586 2931 654 3006 ἦν
684 2952 829 2999 τινος
859 2937 1105 2993 τοιούτου
1144 2938 1349 3009 ὑποψία
1394 2943 1453 2995 ὲν
1484 2945 1550 3014 τῇ
1585 2944 1723 3016 Νέᾳ.
1767 2945 1929 3000 Ἀλλὰ

350 3027 443 3080 καὶ
473 3028 555 3080 ὅτι
586 3027 688 3081 οὐκ
722 3026 1070 3099 ἐξιστάμενοι
1110 3031 1160 3083 oi
1192 3032 1472 3101 προφῆται
1511 3036 1926 3108 ὲχρησμῴδουν,

2027 1845 2323 1916 prophetae.
2357 1843 2472 1903 Non
2506 1844 2649 1898 enim
2676 1843 2774 1908 illi,
2801 1857 2923 1897 cum
2959 1841 3315 1915 agitarentur,
3349 1840 3433 1896 sui
3458 1854 3608 1895 com-

2028 1948 2178 2007 potes
2201 1946 2393 2001 erant;
2418 1935 2509 1991 sed
2543 1935 2727 1990 furore
2743 1933 2978 2003 quodam
3024 1943 3179 1987 extra
3211 1949 3270 1989 se
3302 1933 3461 2002 rapti,
3497 1931 3607 1985 vel—

2028 2040 2086 2084 ut
2135 2029 2295 2091 ebrii,
2357 2028 2408 2083 id
2471 2027 2616 2098 quod
2692 2026 3062 2098 patiebantur,
3143 2024 3488 2093 ignorabant.
3543 2022 3610 2077 At

2026 2122 2198 2178 sancti
2232 2122 2529 2192 prophetae,
2570 2119 2787 2175 tametsi
2869 2120 3017 2173 dicta
3050 2131 3158 2172 sua
3215 2114 3607 2182 intelligerent.

2027 2233 2134 2277 non
2169 2225 2346 2269 tamen
2382 2229 2413 2269 e
2448 2228 2505 2267 re
2531 2228 2656 2269 esse
2693 2210 3013 2272 censebant,
3072 2208 3261 2263 eadem
3333 2204 3608 2273 interpre-

2028 2307 2131 2359 tari
2174 2323 2187 2358 :
2212 2321 2334 2359 cum
2364 2305 2492 2375 quia
2516 2304 2659 2369 aliis,
2695 2303 2745 2357 id
2770 2309 2853 2358 est
2876 2300 3052 2366 nobis,
3084 2314 3147 2355 ea
3178 2296 3564 2351 ministrabant
3592 2335 3606 2357 ,

2028 2405 2141 2448 tum
2169 2402 2229 2449 ut
2271 2394 2483 2448 Domini
2515 2394 2780 2447 adventus
2805 2407 2977 2461 usque
3000 2390 3067 2444 ad
3102 2386 3432 2458 praefinitum
3471 2392 3611 2437 tem-

2029 2506 2130 2557 pus
2157 2488 2560 2554 occultaretur;
2588 2502 2655 2541 ne
2679 2486 2881 2543 clarius
2900 2476 3609 2546 manifestatumimpiorum

2029 2580 2258 2637 insidias
2278 2580 2490 2636 subiret
2515 2596 2530 2635 :
2566 2594 2673 2633 non
2703 2578 2849 2646 quod
2879 2577 3045 2631 etiam
3078 2572 3298 2630 insidiis
3330 2572 3609 2640 appetitus

2031 2674 2122 2729 Dei
2148 2674 2390 2744 potentia
2413 2670 2752 2728 exsecutioni
2789 2669 3039 2725 mandari
3092 2682 3203 2723 non
3248 2672 3469 2736 posset;
3508 2665 3605 2717 sed

2028 2767 2155 2836 quia
2193 2763 2590 2819 incarnationis
2652 2776 2814 2830 opus,
2841 2761 2890 2816 si
2919 2760 3058 2813 miro
3087 2768 3143 2812 et
3201 2755 3421 2812 insolito
3453 2753 3617 2809 modo

2028 2857 2297 2929 ejusmodi
2322 2855 2602 2924 eﬂugisset
2618 2853 2869 2917 insidias,
2893 2858 3140 2905 monstro
3169 2848 3385 2904 cuidam
3410 2861 3471 2900 ac
3492 2861 3616 2916 por-

2030 2956 2202 3012 tento,
2236 2963 2333 3003 seu
2358 2946 2523 3001 etiam
2560 2942 2839 3015 prmstigio
2872 2940 3057 2997 simile
3086 2937 3259 2994 videri
3324 2936 3615 3007 potuisset.
3676 2986 3683 2993 κ

2032 3039 2098 3094 Ει
2134 3039 2356 3109 quidem
2389 3052 2503 3092 rem
2543 3037 2615 3090 ita
2648 3050 2708 3090 se
2761 3033 2968 3089 habere
3016 3030 3368 3101 perspicuum
3437 3037 3522 3081 est
3550 3041 3618 3082 ex

348 3117 510 3187 δῆλον
556 3118 653 3172 καὶ
694 3118 876 3173 τοῦτο.
922 3120 1013 3186 Ἐξ
1052 3121 1172 3186 ἐνὸς
1221 3123 1329 3195 γὰρ
1365 3125 1679 3196 Πνεύματος
1713 3147 1928 3201 προφη-

2035 3128 2320 3201 prOpltetis
2343 3127 2468 3181 novi
2500 3123 2775 3188 Fmdcris,
2801 3121 2897 3194 qui
2920 3119 3247 3189 semetipsos
3273 3110 3612 3187 interpretati

352 3209 620 3265 τευόντων
655 3212 765 3266 τῶν
803 3212 863 3265 ὲν
905 3215 970 3283 τῇ
1021 3214 1232 3285 Παλαιᾷ
1277 3218 1371 3269 καὶ
1417 3220 1484 3289 τῇ
1521 3219 1656 3290 Νέᾳ,
1701 3227 1865 3289 φησιν
1899 3225 1929 3277 ὁ

350 3300 596 3365 Ποιιῖλος⁸
645 3322 664 3355 ι
723 3304 850 3359 Ἐὰν
890 3304 948 3359 δὲ
999 3307 1363 3380 ἀποκαλυφθῇ
1411 3309 1557 3382 ἄλλῳ
1609 3312 1927 3385 καθημένῳ,

350 3396 558 3459 σιγάτω
589 3397 618 3448 ὁ
643 3396 884 3464 πρῶτος.
917 3416 935 3446 ι
969 3399 1146 3464 Σαφὲς
1176 3405 1286 3466 γὰρ
1313 3402 1378 3449 ὲκ
1404 3392 1620 3463 τούτου,
1652 3405 1733 3453 ὅτι
1763 3407 1822 3455 ὲν
1850 3405 1931 3474 τῷ

352 3483 499 3536 κατὰ
558 3482 721 3549 φύσιν
756 3484 1037 3552 ἱστάμενοι
1088 3486 1138 3537 οἱ
1183 3486 1490 3555 προφῆται,
1536 3490 1755 3555 ἑκόντες
1797 3511 1934 3565 προ.

351 3574 639 3645 εφήτευον.
671 3573 762 3627 Διὸ
794 3574 886 3626 καὶ
907 3573 1066 3629 ἄλλου
1089 3576 1451 3646 ἀνισταμένου
1475 3580 1930 3650 ὲμπνευσθέντος,

352 3666 382 3716 ὁ
413 3663 628 3734 πρῶτος
670 3663 850 3717 λαλῶν
884 3667 1099 3737 σιωπᾷν
1147 3668 1508 3738 ὲπετρὲπετο,
1548 3673 1686 3743 ὅπερ
1720 3675 1822 3731 οὐκ
1866 3676 1934 3729 ἂν

352 3752 447 3807 ἐπὶ
479 3754 823 3823 μαινομένων
850 3751 1001 3823 εὖροι
1034 3771 1120 3818 τις
1152 3755 1466 3824 ἄνθρωπος.
1506 3759 1628 3823 Πῶς
1656 3764 1764 3834 γὰρ
1806 3782 1935 3819 σιω.-

355 3843 522 3911 πήσει
552 3845 580 3897 ό
606 3844 743 3914 μηδὲ
771 3844 799 3896 ὃ
827 3860 878 3897 τι
904 3843 1005 3913 δρᾷ
1035 3846 1433 3916 ὲπιστάμενος;
1468 3850 1578 3904 Καὶ
1616 3854 1931 3925 Πνεύματος

2034 3229 2183 3284 sunt,
2218 3219 2432 3277 tametsi
2462 3233 2574 3272 non
2607 3230 2832 3279 omnes;
2862 3210 3009 3283 quod
3047 3211 3157 3280 iam
3187 3217 3299 3262 tum
3331 3208 3619 3277 huiusmo-

2033 3316 2088 3371 di
2113 3313 2356 3384 suspicio
2385 3317 2679 3366 cessasset.
2724 3307 2923 3361 Verum
2953 3310 3009 3359 et
3055 3302 3200 3373 quod
3240 3316 3344 3355 non
3373 3310 3526 3355 extra
3560 3313 3620 3352 se

2036 3403 2180 3472 rapti
2210 3402 2650 3457 vaticinarentur
2704 3395 3003 3465 prophetas,
3053 3390 3406 3451 manifestum
3438 3395 3519 3443 est
3551 3402 3621 3442 ex

2040 3507 2105 3547 eo
2130 3490 2277 3559 quod
2313 3503 2422 3543 uno
2448 3502 2511 3542 ac
2540 3484 2733 3540 eodem
2761 3482 2968 3551 Spiritu
3038 3480 3211 3537 sancti
3240 3478 3332 3535 Dei
3375 3475 3624 3531 homines

2042 3581 2095 3634 in
2124 3579 2302 3634 Veteri
2356 3586 2522 3644 atque
2551 3575 2608 3628 in
2639 3571 2791 3626 Novo
2830 3571 3195 3627 Testamento
3260 3569 3624 3640 prophetave-

2041 3668 2286 3735 riut;ait
2312 3680 2438 3720 vero
2506 3663 2711 3718 Paulus
2747 3679 2761 3715 :
2799 3680 2818 3713 ι
2854 3660 2912 3717 Si
2956 3662 3048 3714 alii
3104 3663 3405 3716 revelatum
3462 3658 3628 3713 fuerit

2042 3760 2274 3826 sedenti,
2300 3759 2449 3831 prior
2477 3763 2656 3811 taceat
2681 3755 2724 3808 ’³.
2764 3773 2783 3804 ι
2817 3753 2891 3808 Ex
2943 3767 3054 3823 quo
3090 3762 3262 3823 patet,
3324 3752 3622 3824 prophetas

2040 3851 2344 3908 naturalem
2376 3854 2579 3902 statum
2613 3860 2772 3899 suum
2818 3842 3137 3909 retinuisse,
3169 3858 3293 3896 cum
3330 3843 3626 3911 prepheta-

3465 298 3643 410 1266"!
3746 330 3751 337 ’
3778 357 3797 401 ι

352 3936 409 3988 δὲ
440 3931 582 3995 εἶναι
621 3935 904 4006 ἐνέργειαν
934 3935 1094 4003 ἁγίου
1125 3938 1183 3996 ἐν
1216 3939 1329 3999 τοῖς
1359 3941 1688 4012 προφήταις,
1718 3946 1748 3997 ὁ
1772 3948 1928 4012 αὐτὸς

2044 3948 2174 4001 bant
2208 3963 2221 3998 :
2260 3941 2464 3996 idcirco
2483 3938 2650 4002 enim,
2684 3937 2793 3991 alio
2823 3942 3113 4006 surgente,
3141 3934 3233 4005 qui
3281 3932 3490 4004 Spiritu
3531 3925 3626 3988 Dei

354 4025 569 4089 Παῦλός
609 4043 795 4096 φησιν,
853 4043 873 4078 ι
926 4021 997 4097 Ὦ
1037 4027 1174 4095 μὲν,
1229 4029 1471 4097 φάσκων,
1530 4032 1732 4088 δίδοται
1779 4036 1928 4107 λόγος

2044 4038 2255 4095 amatus
2286 4040 2453 4095 esset,
2483 4032 2577 4101 qui
2625 4030 2781 4098 prius
2853 4028 3203 4098 loquebatur,
3259 4027 3423 4082 silere
3470 4025 3629 4088 jube-

353 4117 572 4189 σοφίας,
598 4111 644 4187 ᾧ
670 4118 728 4171 δὲ
756 4118 1087 4189 προφητεία.
1127 4138 1146 4177 ι

2046 4142 2168 4197 tur;
2202 4125 2348 4196 quod
2376 4124 2432 4179 in
2477 4121 2788 4177 furentibus
2814 4119 2995 4174 locum
3020 4118 3225 4174 habere
3251 4131 3360 4171 non
3404 4122 3623 4186 potest:

354 4210 630 4280 quomodo
661 4211 805 4266 enim
859 4213 1280 4282 obtemperaret,
1311 4215 1403 4284 qui
1441 4218 1527 4272 sui
1583 4234 1809 4291 compos
1835 4239 1928 4280 nor

2035 4225 2108 4281 ll?
2138 4220 2243 4279 Sed
2273 4227 2329 4276 et
2359 4215 2735 4288 operationem
2771 4212 3012 4284 Spiritus
3068 4210 3245 4266 sancti
3280 4211 3333 4266 in
3396 4208 3627 4279 prephc-

358 4306 427 4361 tis
460 4302 648 4366 fuisse,
674 4303 817 4358 idem
863 4302 1066 4364 Paulus
1122 4314 1375 4373 testatur,
1430 4324 1554 4364 cum
1611 4313 1733 4367 ait:
1803 4334 1824 4368 ι
1866 4318 1972 4373 Alii
2008 4316 2228 4390 quidem
2268 4328 2365 4385 per
2413 4308 2677 4381 Spiritum
2718 4310 2882 4365 datur
2907 4321 3090 4365 sermo
3126 4304 3477 4375 sapientiae...
3536 4303 3629 4358 alii

364 4398 650 4472 prophetia
684 4401 726 4454 ’.
761 4418 782 4452 ι

624 4538 625 4541 η
952 4495 1207 4549 ΚΕΦΛΔ.
1268 4493 1345 4553 B’.

441 4606 460 4639 ι
505 4585 787 4650 Ἐγένοντο
834 4583 895 4638 δὲ
945 4587 1043 4639 καὶ
1079 4585 1525 4656 ψευδοπροφῆται
1582 4592 1642 4644 ὲν
1699 4592 1778 4663 τῷ
1831 4595 1945 4666 λαῷ

359 4677 578 4747 ἐκείνῳ,
627 4676 702 4740 ὼς
734 4678 833 4733 καὶ
879 4678 940 4729 ὲν
993 4677 1122 4747 ὑμῖν
1181 4676 1399 4731 ἔσονται
1443 4679 1945 4752 ψευδοδιδάσκαλοι,

360 4770 560 4831 οἵτινες
601 4768 1008 4838 παρεισάξωσιν
1065 4767 1231 4841 [υιιίῃ.
1264 4768 1497 4844 -ξουσιν]
1554 4773 1795 4845 αἱρέσεις
1844 4776 1950 4828 ἀπ-

362 4857 583 4920 ωλείας,
616 4857 711 4910 καὶ
740 4857 832 4910 τὸν
863 4858 1210 4927 ἀγοράσαντα
1240 4859 1438 4924 αὐτοὺς
1453 4862 1731 4931 Δεσπότην
1748 4864 1949 4935 ἀρνού-

301 4948 314 5015 ξ
369 4964 541 5015 μενοι,
596 4948 902 5015 ἐπάγοντες
945 4949 1160 5013 ἑαυτοῖς
1208 4952 1438 5021 ταχινὴν
1485 4952 1781 5007 ἀπώλειαν.
1841 4954 1951 5009 Καὶ

366 5039 552 5091 πολλοὶ
591 5038 1100 5110 ἑξακολουθήσωσιν
1146 5042 1312 5113 [vulg].
1350 5045 1584 5117 -σουσιν]
1611 5046 1790 5100 αὐτῶν
1826 5049 1947 5112 ταῖς

364 5130 702 5196 ἀσελγείαις,
737 5128 805 5182 δι’
836 5128 930 5193 οὓς
966 5130 998 5199 ὴ
1033 5130 1150 5193 ὁδὸς
1179 5130 1281 5199 τῆς
1313 5132 1572 5203 ἀληθείας
1618 5135 1946 5209 βλασφημη-

367 5225 613 5292 θήσεται.
652 5223 761 5275 Kal
788 5221 1072 5292 πλεονεξία
1102 5222 1359 5288 πλαστοῖς
1393 5225 1572 5292 λόγοις
1600 5227 1744 5296 ὑμᾶς
1770 5230 1946 5297 ἐμπο.

372 5312 685 5383 ρεύσονται.
718 5331 736 5363 ι
772 5311 1310 5376 Ψευδοδιδασκάλους
1351 5315 1472 5384 μὲν,
1506 5316 1754 5378 τουςόιπὺ
1778 5319 1948 5372 Νικοο

367 5406 501 5461 λάου
549 5405 644 5458 καὶ
673 5403 974 5475 Κηρινθίου
1025 5406 1180 5473 φησί.
1235 5407 1342 5459 Τοῦ
1380 5409 1438 5461 δὲ
1476 5410 1575 5477 τῆς
1610 5411 1948 5477 προφητείας

366 5494 635 5566 ὀνόματος
667 5494 862 5557 κοινῶς
897 5495 994 5548 καὶ
1024 5494 1169 5548 κατὰ
1211 5496 1320 5548 τῶν
1354 5496 1651 5567 προφητῶν
1685 5499 1779 5551 καὶ
1809 5500 1950 5553 κατὰ

367 5589 481 5645 τῶν
524 5588 992 5661 ψευδοπροφητῶν
1040 5591 1381 5661 φερομίνου,
1435 5591 1796 5660 ἁσφαλίζεται
1850 5592 1950 5661 μὲν

463 5768 485 5800 ⁸
564 5769 827 5836 Conxtv,
860 5766 941 5828 30.
1012 5766 1231 5824 ’lCor.
1287 5782 1382 5832 xu,
1437 5767 1493 5827 8.

2569 4491 2734 4562 390
2777 4486 3010 4545 CAPUT
3044 4488 3112 4541 ιι.

2121 4595 2288 4651 Vens.
2321 4591 2437 4645 l-‘5.
2469 4607 2487 4640 ι
2518 4586 2763 4641 Fuerunt
2794 4599 2923 4638 vero
2959 4594 3013 4635 et
3047 4578 3539 4650 pseudoprophetaa
3574 4576 3633 4631 in

2054 4688 2278 4760 populo,
2310 4684 2453 4738 sicut
2480 4690 2534 4734 et
2564 4679 2621 4732 in
2661 4675 2819 4730 vobis
2845 4681 3010 4729 erunt
3033 4671 3278 4740 magism
3315 4669 3628 4760 mendaces,

2050 4759 2145 4850 qui
2182 4772 2535 4831 introducent
2614 4776 2794 4823 sectas
2856 4760 3205 4833 perditionis,
3235 4768 3290 4815 et
3344 4773 3470 4813 eum
3535 4759 3631 4827 qui

2054 4849 2194 4926 emit
2243 4881 2361 4931 eos,
2392 4861 2677 4917 Dominum
2736 4864 2959 4926 negant,
2990 4852 3484 4922 supuriuducentes
3520 4849 3624 4904 sibi

2052 4960 2282 5015 celerem
2311 4955 2692 5025 perditionem.
2741 4948 2808 5003 Et
2862 4945 3017 5001 multi
3082 4950 3383 5013 sequentur
3436 4956 3626 4994 eorttm

2055 5047 2327 5109 luxurias,
2356 5061 2451 5114 per
2509 5058 2653 5111 quos
2690 5041 2775 5093 via
2825 5037 3076 5093 veritatis
3131 5030 3625 5101 blasphemabitnr.

2053 5142 2121 5196 Et
2143 5142 2196 5193 in
2228 5136 2460 5191 avaritia
2480 5134 2622 5187 fictis
2644 5131 2824 5187 verbis
2854 5129 2923 5183 de
2948 5127 3106 5182 vobis
3128 5123 3572 5193 negotiabuutur.
3605 5139 3623 5170 ι

2053 5233 2156 5288 Per
2186 5226 2689 5302 pseudoprophetas
2722 5223 2809 5276 hic
2846 5218 3050 5275 Nicolai
3089 5224 3144 5270 et
3201 5212 3446 5270 Cerintbi
3477 5227 3630 5267 asse.

2052 5325 2167 5379 clas
2197 5320 2469 5390 intelligit.
2499 5316 2635 5371 Cum
2685 5328 2815 5367 vero
2845 5308 3124 5380 prophetae
3151 5319 3346 5359 nomen
3374 5317 3498 5357 eum
3534 5316 3630 5354 ve-

2056 5416 2154 5478 ris,
2190 5421 2305 5466 ttun
2356 5410 2507 5465 falsis
2575 5404 2856 5478 prophetis
2912 5398 3279 5458 communiter
3323 5394 3632 5457 tribuatur;

2056 5510 2372 5557 commonet
2439 5516 2557 5563 eos,
2593 5514 2660 5552 ne
2730 5494 2880 5550 falsis
2949 5489 3225 5562 prophetis
3275 5484 3629 5541 attentionem

2060 5599 2399 5662 praestarent.
2440 5590 2741 5645 Discrimen
2789 5601 2937 5650 vero,
2972 5582 3119 5655 quod
3172 5580 3314 5635 inter
3366 5585 3630 5645 utrosque

2494 5825 2589 5848 .”.’“.
2632 5833 2647 5848 ι,
2714 5824 2771 5847 ,ιβ’

2498 5842 2753 5869 ,νδκ,η,.’

2498 5868 2568 5886 δ”.
