4020 6214
499 397 635 461 1267

1382 356 1963 463 THEOPHYLACTI
2004 402 2414 464 BULGARI/E
2453 401 2806 463 ARCHIEP.

3597 392 3736 465 1268

498 511 806 573 intercedit,
841 510 1041 566 Paulus
1063 511 1305 582 exponit,
1354 511 1544 565 dicens
1581 529 1595 565 :
1643 531 1661 562 ι
1701 512 1869 566 Nemo
1899 520 2069 582 potest

2182 516 2300 576 νῦν,
2338 517 2411 585 μὴ
2443 516 2558 576 τοῖς
2590 503 3065 583 ψευδοπροφήταις
3098 508 3405 580 προσέχειν.
3445 508 3559 561 Καὶ
3598 508 3649 559 τί
3688 508 3751 560 τὸ

495 602 701 665 dicere,
728 601 987 655 Dominus
1006 600 1188 664 Jcsus,
1217 602 1319 656 nisi
1357 605 1408 657 in
1432 603 1641 672 Spiritu
1693 615 1903 660 sancto.
1946 605 2006 655 "'.
2051 623 2069 655 ι

497 692 635 746 lliuc
667 701 847 747 autem
886 692 1077 763 incipit
1101 693 1362 749 adversus
1393 692 1781 750 Nicolaitarum
1824 695 2072 750 haeresim

496 786 793 850 disserere,
830 785 1101 854 duplicem
1134 786 1319 841 dicens
1346 802 1465 843 esse
1496 788 1736 858 ipsorum
1765 789 2026 842 malitiam
2056 805 2072 840 :

495 886 624 930 sunt
644 877 787 930 enim
811 876 989 944 quoad
1019 877 1266 948 dogmata
1294 880 1513 948 quidem
1556 879 1864 949 impiissimi
1906 877 2071 949 (quod

497 970 738 1035 ipsorum
790 967 842 1019 in
896 967 1170 1022 Christum
1231 969 1581 1039 blasphemia:
1645 969 2072 1038 demonstrant),

496 1058 674 1123 quoad
704 1057 827 1112 vitae.
853 1073 983 1113 vero
1029 1075 1223 1128 genus,
1293 1061 1790 1131 propudiosissimi.
1852 1059 1917 1113 Et
1967 1061 2072 1113 hoc

495 1148 715 1217 quidem
746 1165 891 1204 nunc
927 1166 991 1203 ex
1022 1151 1274 1218 turpibus
1301 1166 1489 1205 eorum
1530 1151 1943 1221 operationibus
1976 1164 2069 1204 os-

496 1239 689 1304 tendit,
737 1240 899 1308 paulo
950 1249 1071 1312 post
1124 1243 1330 1297 clarius
1385 1257 1497 1296 rem
1551 1242 1943 1310 cxplicaturus.
1994 1240 2071 1295 Ac

502 1347 525 1381 ι
591 1330 874 1385 avaritiam
910 1350 929 1382 ι
968 1332 1271 1396 nominans,
1321 1344 1528 1402 turpem
1588 1347 1774 1387 eorum
1824 1332 2067 1385 lucrandi

495 1421 758 1475 rationem
836 1422 907 1477 ob
989 1424 1177 1477 oculos
1226 1423 1399 1493 ponit.
1458 1444 1475 1477 ι
1549 1424 1789 1478 Avaritia
1853 1443 1871 1475 ι
1924 1424 2067 1477 enim

498 1513 823 1585 quandoque
902 1514 1220 1583 iniustitiam
1353 1512 1668 1587 signiﬁcatf
1740 1517 2071 1586 quandoque

497 1619 628 1659 vero
689 1613 844 1675 turpe
902 1608 1279 1663 tantummodo
1336 1609 1545 1662 lucrum
1603 1625 1618 1663 :
1676 1624 1844 1678 quare
1903 1623 2070 1676 appo-

499 1696 603 1749 site
655 1698 805 1751 addit
854 1698 982 1751 illud
1057 1718 1074 1749 ι
1118 1700 1405 1769 negotiari.
1474 1719 1491 1748 ι
1554 1698 1624 1753 Ut
1673 1714 1802 1752 vero
1834 1697 2066 1753 adivina

498 1784 746 1838 doctrina
780 1787 1004 1840 omnino
1026 1787 1230 1840 alienos
1256 1804 1350 1841 eos
1375 1803 1496 1843 esse
1529 1790 1863 1851 ostenderet,
1926 1787 2067 1841 lictis

501 1874 651 1941 ipsos
695 1876 873 1941 verbis
934 1877 1011 1929 uti
1053 1877 1149 1929 ait.
1185 1877 1288 1931 Sed
1324 1879 1618 1943 habebunt,
1650 1882 1731 1935 sui
1755 1879 2069 1946 dit,impie-

501 1960 635 2029 tatis
663 1962 955 2031 stipendia,
984 1976 1237 2019 mortem.
1291 1965 1427 2018 Illud
1460 1978 1639 2021 autem
1679 1987 1697 2018 ι
1740 1969 1866 2021 olim
1918 1989 1935 2018 ι
1977 1969 2066 2022 Dei

501 2053 896 2115 praescientiam
928 2057 1169 2110 denotat.
1212 2055 1350 2111 Deus
1398 2058 1543 2110 enim
1572 2058 1912 2125 prtescientia
1948 2073 2067 2121 sua,

501 2142 954 2211 quemadmodum
997 2146 1156 2202 bonis
1191 2131 1435 2218 praemia,
1465 2148 1534 2201 ita
1563 2150 1723 2202 etiam
1750 2150 1906 2205 malis
1938 2165 2070 2203 con-

500 2244 693 2294 gruam
741 2233 873 2299 ipsis
908 2248 1122 2301 poenam
1149 2239 1474 2305 pneparavit
1509 2253 1522 2289 :
1555 2255 1573 2287 ι
1608 2236 1871 2304 judicium
1923 2241 2067 2293 enim

496 2318 607 2388 iam
637 2321 765 2375 olim
802 2337 908 2377 non
932 2333 1130 2390 cessat,
1169 2346 1186 2377 ι
1211 2326 1310 2381 hoc
1336 2335 1438 2393 est,
1476 2346 1494 2380 ι
1527 2342 1637 2383 non
1667 2329 1861 2384 tardat.
1908 2348 1926 2381 ι

579 2516 599 2550 ι
634 2497 1131 2571 Quibusjudicium
1152 2505 1262 2574 iam
1289 2506 1417 2561 olim
1464 2523 1569 2563 non
1600 2521 1803 2575 cessat,
1854 2521 1905 2564 et
1953 2526 2070 2577 per-

502 2586 638 2642 ditio
669 2603 854 2644 eorum
876 2607 982 2645 non
1005 2592 1284 2648 dormitat.
1318 2613 1337 2646 ι
1378 2594 1495 2651 Non
1524 2599 1643 2653 sine
1675 2614 1839 2653 causa
1879 2615 1908 2652 a
1940 2616 2072 2670 prae-

501 2679 1092 2737 stantioribusinit‘um
1135 2686 1283 2749 facit,
1344 2688 1438 2743 sed
1480 2690 1608 2759 quia
1658 2692 1945 2748 ostendere
1982 2711 2074 2745 vu-

505 2770 669 2839 tebat,
705 2771 839 2827 istos
861 2774 1082 2843 majoris
1147 2778 1402 2846 supplicii
1457 2794 1578 2834 reos
1638 2785 1912 2850 peccando
1940 2800 2068 2838 cva-

502 2862 659 2917 sisse.
705 2862 969 2928 Quoniam
1004 2866 1169 2936 igitur
1197 2868 1253 2922 hi
1316 2884 1382 2923 ex
1418 2873 1892 2940 prastantioribus
1920 2884 2075 2928 erant

501 2952 672 3019 (velut
698 2955 856 3023 primi
882 2958 947 3011 ad
979 2959 1335 3027 apostolatum
1365 2964 1584 3032 voeati),
1607 2979 1731 3018 cum
1757 2980 1787 3018 a
1824 2977 1968 3022 rec7a
1990 2967 2070 3019 via

501 3044 852 3109 desciverint,
878 3049 1351 3116 majoremhabent
1377 3056 1906 3111 condemnationem.
1938 3057 2070 3111 Cum

501 3142 679 3189 autem
712 3153 807 3207 per
832 3143 1046 3195 modum
1078 3142 1445 3212 hypotheseos
1477 3162 1586 3199 rem
1614 3148 1773 3202 istam
1810 3151 2071 3216 exemplis
2097 3175 2142 3236 ε

500 3224 826 3280 conﬁrmare
878 3243 1169 3297 aggressus
1229 3242 1399 3295 esset,
1437 3245 1758 3289 nontamen
1815 3239 1865 3291 id
1928 3241 2071 3305 quod

502 3317 571 3371 ad
597 3317 938 3389 hypothesim
970 3333 1311 3389 consequens
1348 3331 1487 3388 erat,
1529 3334 1587 3377 ut
1617 3325 1840 3390 diceret,
1884 3330 2068 3381 statim

502 3408 805 3478 subiunxit,
842 3410 936 3464 sed
961 3412 1205 3480 exempla
1229 3411 1331 3465 alia
1355 3429 1418 3466 ex
1440 3414 1608 3481 justis
1643 3416 1953 3471 hominibus
1980 3418 2068 3470 du-

503 3509 716 3566 sumpta
744 3500 1038 3555 immiscuit
1074 3519 1086 3555 :
1117 3510 1171 3557 et
1210 3519 1332 3557 cum
1362 3504 1581 3559 deberet
1605 3522 1667 3560 ex
1699 3523 1764 3562 eo
1789 3510 1931 3577 quod
1962 3526 2011 3579 p'
2032 3510 2072 3562 i-

505 3604 595 3642 mo
616 3590 916 3660 proposuit,
946 3607 1140 3664 nempe
1171 3609 1233 3648 ex
1261 3597 1602 3665 peccantium
1627 3601 1910 3669 exemplis,
1943 3619 2043 3656 con

503 3686 840 3753 sequentiam
862 3686 1081 3752 elicere,
1117 3687 1350 3743 dicendo
1381 3707 1395 3743 :
1433 3689 1489 3744 Si
1524 3692 1630 3747 illis
1656 3709 1764 3746 non
1802 3698 2067 3764 pepercit,

502 3792 645 3831 anne
673 3776 935 3846 improbis
966 3778 1085 3836 istis
1121 3783 1346 3849 parcet?
1381 3784 1461 3837 vel
1509 3801 1604 3854 per
1656 3786 2067 3844 allirmationeut

501 3867 620 3922 sic:
648 3867 817 3938 Igitur
844 3868 1013 3924 multo
1040 3870 1221 3927 minus
1285 3874 1401 3927 istis
1457 3882 1642 3943 parcet
1674 3892 1686 3929 :
1719 3891 1826 3929 non
1889 3885 2067 3932 tamen

502 3962 577 4014 ita
613 3960 764 4015 fecit.
802 3961 915 4016 Cur
941 3963 1109 4017 vero?
1137 3961 1273 4030 Quia
1305 3980 1426 4017 cum
1450 3967 1685 4034 duplicis
1716 3971 1931 4038 generis
1951 3970 2071 4033 (bo-

504 4066 697 4106 norum
727 4050 885 4121 391
924 4053 1131 4108 scilicet
1181 4063 1234 4108 et
1269 4057 1558 4125 malorum)
1585 4057 1860 4125 proposita
1886 4070 2072 4115 essent

502 4143 768 4211 exempla,
805 4143 1114 4213 huiusmodi
1149 4148 1541 4217 consequentia
1588 4153 1760 4207 malos
1793 4155 1942 4210 solos
1984 4170 2070 4209 re—

500 4235 683 4298 spicit,
721 4251 826 4290 non
865 4239 991 4292 item
1016 4246 1071 4291 et
1103 4238 1277 4294 bonos
1309 4242 1733 4309 complectitur:
1788 4262 1894 4301 non
1923 4249 2066 4302 enim

505 4329 643 4377 bona
676 4326 830 4380 malis
857 4335 1304 4396 compensantur.
1366 4329 1635 4395 Quoniam
1692 4336 1855 4405 igitur
1909 4338 2067 4393 unica

508 4416 864 4485 responsione
894 4431 988 4469 seu
1025 4420 1416 4487 consequentia
1454 4423 1527 4486 ei,
1550 4424 1696 4493 quod
1731 4427 2067 4496 praemiserat

2177 608 2512 671 δ.αστέλλον,
2547 606 2757 669 Παῦλος
2780 603 3037 670 ἐδίδαξεν,
3067 602 3146 655 ὅτι
3183 621 3200 652 ι
3237 600 3424 664 Οὐδεὶς
3462 599 3608 668 λέγει
3637 598 3750 653 K5-

2178 717 2292 771 ριον
2324 699 2553 771 Ἰησοῦν,
2583 700 2631 751 εἰ
2661 697 2735 767 μὴ
2767 698 2822 751 ὲν
2849 695 3125 765 Πνεῦματι
3151 695 3312 765 ἁγίῳ.
3352 712 3370 744 ι
3403 694 3664 763 ’Λρχεται
3689 693 3747 744 δὲ

2176 792 2422 846 ἐντεῦθεν
2456 792 2554 859 τῆς
2589 792 2730 845 κατὰ
2778 790 2887 841 τῶν
2937 786 3277 840 Νικολαϊτῶν
3332 786 3595 855 αἱρέσεως
3646 785 3749 852 τῆς

2175 882 2549 952 καταδρομῆς,
2597 881 2782 951 διττὴν
2811 881 2985 947 λέγων
3011 879 3110 947 τὴν
3146 879 3347 930 κακίαν
3390 876 3587 929 αὐτῶν.
3625 876 3751 929 Εἰσὶ

2176 975 2275 1042 μὲν
2305 972 2413 1043 γὰρ
2463 973 2592 1041 περὶ
2636 971 2703 1023 τὰ
2752 970 3001 1039 δόγματα
3040 968 3415 1028 ἀσεϐέστατοι,
3455 966 3484 1019 ὃ
3516 965 3607 1018 διὰ
3644 966 3749 1033 τῆς

2174 1067 2255 1129 είς
2299 1065 2391 1118 τὸν
2434 1064 2712 1131 Δεσπότην
2752 1060 2986 1131 Χριστὸν
3021 1059 3371 1130 βλασφημίας
3419 1058 3597 1110 αὐτῶν
3641 1060 3751 1111 ἀπο

2173 1150 2403 1218 έδειξενο
2447 1152 2574 1220 περὶ
2616 1150 2673 1201 δὲ
2709 1149 2824 1219 βίον
2861 1148 3272 1216 ἀσελγέστατοι.
3309 1147 3417 1199 Kai.
3442 1144 3598 1198 τοῦτο
3647 1146 3750 1213 μὲν

2174 1243 2266 1293 καὶ
2298 1240 2390 1293 νῦν
2437 1241 2525 1292 διὰ
2564 1239 2663 1303 τῆς
2697 1238 3091 1310 αἰσχρουργίας
3116 1237 3297 1291 αὐτῶν
3334 1237 3607 1304 παριστᾷ·
3654 1252 3750 1304 μι-

2172 1331 2303 1402 κρὸν
2353 1331 2411 1384 δὲ
2465 1329 2693 1400 ὕστερον
2754 1329 2965 1399 προϐὰς
3018 1326 3344 1397 τρανότερον
3403 1324 3746 1393 προενέγκοι·

2179 1441 2197 1473 ι
2239 1420 2563 1486 Πλεονεξίαν
2599 1440 2619 1473 ι
2656 1421 2765 1490 γὰρ
2810 1418 2981 1472 εἰπὼν
3016 1417 3133 1482 νῦν,
3166 1416 3264 1486 τὴν
3294 1413 3747 1484 αἰσχροκέρδειαν

2170 1514 2350 1567 αὐτῶν
2386 1514 2651 1583 ὲσήμανε.
2729 1532 2746 1563 ι
2790 1511 2855 1566 ἸΙ
2910 1509 3190 1574 πλεονεξία
3240 1525 3259 1559 ι
3310 1505 3420 1576 γὰρ
3470 1504 3599 1557 ποτὲ
3644 1506 3746 1573 μὲν

2169 1606 2268 1676 τὴν
2302 1606 2513 1658 ἀδικίαν
2570 1603 2846 1674 σημαίνει,
2896 1602 3024 1654 ποτὲ
3058 1600 3112 1652 δὲ
3156 1599 3255 1668 τὴν
3298 1596 3743 1667 αἰσχροκέρδειαν

2171 1698 2378 1760 ἁπλῶς.
2417 1697 2581 1750 Ὅθεν
2620 1695 2839 1757 οἰκείως
2869 1693 2927 1746 τὸ
2979 1712 2998 1744 ι
3054 1689 3455 1760 ἐμπορεύεσθαι
3492 1707 3511 1739 ι
3567 1704 3738 1757 προσ-

2172 1788 2368 1858 έθηκεν
2406 1803 2420 1818 ·
2454 1786 2749 1857 ἀλλοτριῶν
2778 1785 2833 1837 δὲ
2884 1784 3080 1847 αὐτοὺς
3126 1782 3407 1842 παντελῶς
3445 1781 3539 1847 τῆς
3584 1777 3739 1839 θείας

2170 1879 2540 1943 διδασκαλίας,
2578 1878 2833 1938 πλαστοῖς
2876 1871 2995 1928 εἶπε
3036 1874 3216 1942 λόγοις
3251 1871 3483 1942 χρῆσθαι
3514 1867 3727 1928 αὐτούς.

2184 1971 2323 2024 Ἀλλ’
2353 1970 2554 2033 ἕξουσι,
2584 1969 2738 2037 φησι,
2789 1967 2884 2036 τῆς
2921 1965 3176 2026 ἀσεϐείας
3202 1964 3270 2016 τὰ
3320 1960 3546 2031 ὀψώνια,
3571 1959 3737 2011 (iuva-

2186 2077 2300 2113 τον.
2337 2060 2409 2111 Τὸ
2431 2060 2507 2123 δὲ,
2552 2077 2569 2108 ι
2609 2057 2862 2121 ἔκπαλαι,
2895 2074 2912 2106 ι
2973 2056 3069 2124 τῆς
3104 2050 3464 2123 προγνώσεως
3491 2047 3581 2101 τοῦ
3601 2048 3737 2099 Θεοῦ

2172 2153 2287 2203 ἐστι
2338 2148 2695 2220 σημαντικόν.
2744 2147 2850 2201 Καὶ
2892 2145 3079 2215 ὥσπερ
3111 2147 3223 2207 τοῖς
3252 2142 3475 2210 ἀγαθοῖς
3503 2155 3741 2208 προγνω-

2174 2242 2375 2304 στικῶς
2412 2237 2675 2309 ἡτοίμασε
2707 2239 2772 2292 τὰ
2803 2237 3001 2304 ἀγαθὰ,
3041 2235 3182 2288 οὕτω
3213 2235 3304 2286 καὶ
3341 2234 3451 2295 τοῖς
3485 2232 3740 2298 πονηροῖς

2172 2333 2262 2384 τὸν
2306 2330 2639 2400 κατάλληλον
2673 2330 2854 2392 αὐτοῖς
2885 2327 3070 2380 τόπον.
3126 2343 3144 2376 ι
3179 2324 3255 2376 Τὸ
3293 2323 3401 2392 γὰρ
3432 2323 3602 2391 κρῖμα
3644 2318 3739 2370 ἐκ·

2172 2425 2339 2477 παλαι
2374 2423 2472 2476 οὐκ
2512 2422 2689 2492 ἀργεῖ.
2728 2438 2744 2471 ι

2250 2534 2268 2566 ι
2312 2510 2405 2576 Οἷς
2428 2513 2489 2566 τὸ
2518 2517 2692 2581 κρῖμα
2721 2511 2956 2564 ἔκπαλαι
2982 2510 3081 2563 οὐκ
3112 2510 3292 2578 ἀργεῖ,
3317 2508 3412 2561 καὶ
3438 2510 3470 2579 ἡ
3500 2508 3740 2562 ἀπώλεια

2174 2605 2351 2660 αὐτῶν
2384 2605 2442 2657 οῦ
2479 2602 2751 2666 νυστάζει.
2782 2621 2808 2672 η»
2845 2602 2956 2671 Οὐχ
2993 2600 3177 2662 ἁπλῶς
3210 2599 3316 2652 ἀπὸ
3344 2598 3454 2651 τῶν
3485 2616 3737 2670 προτιμοο

2171 2697 2344 2766 τέρων
2383 2695 2671 2763 ἐπιχειρεῖ,
2707 2691 2865 2762 [ἀλλὰ
2900 2688 3091 2760 δεῖξαι]
3125 2689 3466 2760 βουλόμενος,
3503 2689 3572 2751 ὡς
3604 2688 3739 2757 μᾶλ-

2171 2786 2261 2838 λον
2316 2779 2462 2838 οὗτοι
2523 2783 2911 2853 ὑποδικώτεροι
2973 2780 3403 2851 ἁμαρτάνοντες.
3462 2779 3609 2831 Ἐπεὶ
3645 2773 3738 2829 οῦν

2172 2877 2267 2930 καὶ
2296 2870 2442 2928 οὗτοι
2471 2875 2533 2928 τὸ
2570 2874 2964 2944 προτιμότερον
2995 2871 3231 2941 ἔχουσιν,
3266 2870 3341 2933 ὡς
3375 2869 3576 2939 πρῶτοι
3609 2867 3738 2938 κλη·

2174 2965 2364 3025 θέντες
2414 2963 2511 3032 μὲν
2551 2966 2631 3025 είς
2659 2961 2986 3032 ἀποστολὴν,
3032 2961 3400 3030 ἐκτραπέντες
3439 2958 3495 3012 δὲ
3524 2958 3621 3026 τῆς
3654 2958 3740 3009 εὑ-

2175 3054 2325 3117 οείας
2346 3056 2488 3116 ὁδοῦ,
2539 3055 2723 3123 μεῖζον
2761 3054 2854 3107 καὶ
2889 3053 2949 3105 τὸ
3001 3051 3322 3121 κατάκριμα
3354 3050 3609 3115 ἕξουσιν,
3647 3047 3736 3112 Ἐξ

2177 3145 2488 3208 ὑποθέσεως
2513 3145 2569 3197 δὲ
2598 3146 2826 3213 κινήσας
2867 3144 2967 3209 τὴν
2998 3141 3505 3211 παραδειγματικὴν
3537 3138 3733 3198 πίστιν,

2175 3238 2274 3288 οὐκ
2306 3236 2552 3288 ἀπέδωκε
2583 3235 2641 3286 τὸ
2675 3234 2966 3287 ἀκόλουθον
3009 3232 3102 3285 τοῦ
3138 3232 3430 3301 σχήματος,
3456 3229 3590 3282 ἀλλὰ
3614 3246 3722 3280 συν·

2179 3324 2298 3391 έχεε
2363 3323 2424 3374 τὸ
2472 3323 2820 3392 παράδειγμα
2868 3325 2934 3390 τῇ
2984 3321 3094 3374 τῶν
3139 3318 3357 3371 δικαίων
3407 3317 3735 3386 προσλήψει.

2176 3414 2287 3468 Καὶ
2325 3412 2556 3482 ὀφείλων
2604 3413 2697 3465 ἐπὶ
2744 3411 2839 3465 τοῦ
2894 3412 2952 3476 ἐξ
3010 3409 3181 3478 ἀρχῆς
3238 3408 3584 3477 προτεθέντος
3640 3406 3748 3475 τὴν

2175 3502 2476 3577 [timidova
2513 3504 2759 3573 ποιῆσαι,
2796 3503 2941 3556 τοῦτ’
2979 3502 3094 3555 ἐστι
3135 3501 3244 3553 τῶν
3285 3497 3736 3568 ἡμρτησάντνων,

2173 3598 2239 3649 δι’
2266 3596 2361 3660 οὓς
2393 3598 2486 3649 κα)⁵
2521 3597 2581 3648 τὸ
2611 3596 2983 3666 παράδειγμα,
3026 3593 3120 3646 καὶ
3168 3593 3344 3644 είπεῖν
3366 3604 3378 3620 ·
3432 3589 3493 3640 El
3532 3586 3741 3639 τούτων

2172 3688 2272 3740 οὐκ
2308 3686 2580 3753 ἐφείσατο,
2611 3680 2702 3755 ἆρ’
2730 3683 2822 3736 οὖν
2864 3684 2975 3735 τῶν
3022 3680 3302 3751 παρόντων
3350 3675 3590 3743 ἀσελγῶν
3621 3674 3742 3742 φεί-

2174 3795 2353 3845 σεται;
2387 3778 2568 3848 ἦκατὰ
2609 3777 2922 3845 ἀπόφασινο
2972 3773 3155 3842 Πολλῷ
3206 3771 3407 3842 μᾶλλον
3452 3769 3568 3821 οὐδὲ
3613 3765 3739 3818 τοὺ-

2171 3889 2280 3925 των
2308 3873 2590 3939 φείσεται·
2642 3869 2704 3922 οὐ
2753 3867 2914 3919 τοῦτο
2952 3867 3128 3917 ποιεῖ·
3160 3864 3248 3917 διὰ
3293 3862 3380 3926 τί;
3416 3858 3736 3928 Εὑρίσκεται

2172 3964 2281 4033 γὰρ
2310 3962 2448 4029 αῦτη
2482 3962 2516 4029 ή
2562 3960 2835 4021 ἀπόδοσις,
2871 3956 2965 4009 δύο
2996 3953 3373 4024 προκειμένων
3406 3946 3734 4016 ὑποδειγμὰο

2172 4072 2300 4113 των.
2331 4053 2499 4106 καλοῦ
2532 4052 2628 4104 καὶ
2667 4050 2859 4111 κακοῦ,
2897 4048 3034 4118 πρὸς
3082 4046 3144 4099 τὸ
3188 4044 3361 4098 κακὸν
3401 4044 3559 4112 μόνον
3589 4054 3740 4106 γινο-

2175 4145 2335 4214 μένη,
2370 4143 2469 4194 οὐκ
2502 4141 2581 4193 ἔτι
2626 4139 2722 4192 καὶ
2770 4137 2908 4206 πρὸς
2944 4137 3006 4189 τὸ
3035 4134 3241 4203 ἀγαθόν
3265 4149 3280 4164 ⁸
3313 4133 3373 4185 οὐ
3407 4131 3515 4199 γὰρ
3554 4128 3745 4189 καλοῖς

2172 4237 2318 4290 κακᾶ
2357 4233 2710 4288 ἁντιδέδοται.
2754 4231 2843 4282 Ἐν
2875 4223 2957 4292 οἷς
2993 4228 3087 4282 οῦν
3128 4228 3228 4279 οὐκ
3253 4227 3454 4296 ἧρκεσε
3481 4222 3579 4292 μιᾷ
3602 4222 3747 4273 ἀπο-

2170 4329 2312 4381 δόσει
2342 4326 2404 4379 τδ
2439 4322 2702 4395 προτεθὲν
2749 4321 3073 4389 ἀπαρτίσαι,
3106 4318 3311 4388 ἑτέρως
3358 4314 3629 4380 διεγένετο
3674 4312 3743 4380 τῇ

2172 4420 2389 4488 φράσει,
2439 4417 2531 4469 καὶ
2573 4414 2639 4466 δι’
2679 4412 3102 4481 έπιφωνήματος
3156 4408 3216 4460 τὸ
3259 4406 3601 4476 ὀφειλόμενον
3643 4403 3749 4455 ἀπ-

505 4509 713 4577 integre
752 4507 1066 4563 satisfacere
1102 4526 1208 4564 non
1235 4521 1468 4581 poterat,
1509 4515 1713 4570 idcirco
1760 4518 1864 4572 alia
1896 4520 2068 4574 utitur

2173 4508 2407 4560 ετέλεσε.
2441 4506 2538 4557 Διά
2585 4502 2722 4555 τίδὲ
2769 4504 2879 4563 τοῖς
2927 4501 3117 4561 κακοῖς
3149 4496 3472 4567 προστίθησι
3516 4495 3586 4545 τὰ
3632 4492 3748 4544 τῶν

504 4599 712 4665 ptirasi,
744 4609 797 4651 et
823 4615 917 4664 per
946 4600 1309 4669 epiphonema
1336 4608 1635 4661 orationem
1667 4608 1923 4663 absolvit.
1954 4611 2066 4665 Cur

502 4704 634 4740 vero
664 4689 929 4743 malorum
964 4690 1225 4760 exemplis
1260 4692 1367 4747 alia
1394 4693 1661 4750 bonorum
1694 4697 1819 4751 item
1871 4700 2065 4766 adjun-

500 4779 614 4845 gat,
647 4786 956 4847 opportuno
984 4782 1105 4835 loco
1133 4780 1364 4838 dicetur.
1405 4783 1471 4839 Ut
1517 4784 1682 4855 igitur
1737 4786 1942 4855 praefati
1975 4805 2065 4843 su-

502 4885 644 4933 mus,
673 4886 778 4923 non
810 4870 1107 4925 secundum
1140 4874 1406 4929 orationis
1447 4874 1676 4928 formam
1737 4878 2066 4947 propositio-

502 4977 630 5016 rum
657 4963 820 5017 etiam
852 4962 1208 5031 intelligentia
1240 4966 1508 5035 sequitur.
1537 4965 1651 5021 Non
1675 4972 1816 5022 cnim
1846 4970 2063 5023 additur

502 5052 554 5105 id
594 5053 738 5119 quod
774 5053 824 5105 in
867 5053 1179 5122 huiusmodi
1214 5056 1475 5124 periodis,
1502 5073 1598 5111 seu
1627 5061 2057 5114 constructioni-

504 5144 606 5195 lms
640 5142 897 5211 subsequi
930 5142 1103 5202 solet;
1140 5144 1233 5196 sed
1285 5152 1368 5198 est
1428 5146 1574 5200 nuda
1625 5148 1969 5202 conﬁrmatio
2001 5164 2066 5200 ex

499 5234 780 5302 exctnplis,
838 5248 963 5287 cum
1003 5248 1212 5295 eorum,
1245 5234 1336 5302 qui
1392 5243 1608 5305 proitur
1670 5248 1887 5305 peccata
1940 5253 2069 5305 sup-

504 5322 683 5389 plicio,
747 5331 860 5375 tum
912 5338 1103 5377 eorum
1159 5325 1249 5390 qui
1335 5333 1555 5393 propter
1643 5328 1897 5382 virtutem
1965 5329 2062 5381 Ιιο-

500 5424 633 5463 noro
665 5409 841 5464 allecti
867 5421 1014 5464 sttut.
1039 5410 1269 5466 Perinde
1301 5430 1363 5465 ac
1386 5414 1431 5465 si
1463 5414 1665 5468 diceret
1697 5434 1710 5470 :
1742 5415 1900 5470 Novit
1926 5416 2065 5472 Deus

503 5515 619 5563 eos,
654 5501 745 5568 qui
777 5501 829 5554 in
860 5504 1097 5570 peccatis
1152 5519 1299 5558 nunc
1331 5503 1538 5567 vivunt,
1587 5508 1723 5560 citra
1778 5523 1930 5577 spem
1970 5525 2065 5564 vc-

506 5590 607 5643 uia:
640 5591 936 5645 inevitabili
993 5593 1259 5662 supplicio
1320 5596 1574 5664 plectere,
1609 5599 2060 5667 quemadmodum

583 5763 629 5796 ‘°
657 5765 673 5817 Ι
700 5766 829 5823 Cor.
872 5784 970 5835 xu,
1016 5772 1070 5824 5.

2171 4594 2394 4662 ἀγαθῶν
2430 4592 2834 4659 ὑποδείγματας
2890 4589 3184 4659 Εἰρήσεται
3235 4587 3376 4638 κατά
3424 4583 3514 4635 τὸν
3566 4582 3750 4651 ἁρμό-

2172 4686 2330 4747 ζοντα
2363 4683 2544 4736 τόπον.
2586 4682 2673 4743 Ὡς
2703 4678 3063 4749 προλαϐόντες
3096 4676 3189 4729 οὖν
3222 4677 3469 4743 εἴπομεν,
3502 4673 3565 4725 οὐ
3599 4672 3753 4724 κατὰ

2169 4777 2231 4829 τὸ
2261 4776 2444 4844 σχῆμα
2475 4773 2567 4826 τοῦ
2599 4773 2921 4840 φαινομένου
2951 4770 3109 4836 λόγου
3149 4768 3241 4821 καὶ
3277 4768 3505 4837 ήὲννοια
3539 4768 3754 4818 ἐπακο-

2172 4866 2354 4918 λουθεῖ
2399 4866 2508 4917 τῶν
2573 4864 2967 4934 προκειμένων.
2997 4862 3072 4913 Οὐ
3104 4861 3211 4930 γὰρ
3237 4860 3520 4910 ὑπόκειται
3549 4857 3581 4922 ἡ
3612 4853 3753 4907 ἀπό-

2170 4960 2317 5019 δισις
2355 4960 2385 5026 ἡ
2419 4956 2642 5008 εἰωθυῖα
2665 4957 2787 5015 ταῖς
2825 4952 3100 5013 τοιαύταις
3132 4948 3446 5014 συντάξεσιν
3473 4945 3749 4999 ἕπεσθαιο

2173 5051 2229 5102 ἁ)
2243 5049 2288 5100 λ’
2323 5050 2467 5101 ἐστιν
2498 5027 3155 5114 ἀπ).ἦ’παραδειγματικὴ
3188 5041 3390 5102 πίστις,
3415 5040 3508 5091 καὶ
3539 5037 3651 5088 τῶν
3678 5036 3754 5088 δι’

2172 5140 2448 5209 ἁμαρτίας
2514 5137 2912 5204 κολαζομένων,
2954 5134 3046 5187 καὶ
3098 5132 3207 5185 τῶν
3252 5132 3343 5183 διὰ
3392 5128 3756 5197 δικαιοσύνην

2168 5232 2517 5302 τιμωμένων.
2566 5231 2652 5291 Ὠς
2681 5232 2727 5281 εἰ
2759 5228 2942 5294 ἔλεγεν
2963 5244 2975 5258 ο
3018 5221 3172 5278 Οἶδεν
3196 5227 3225 5276 ὁ
3253 5222 3384 5282 Θεὸς
3410 5220 3503 5274 καὶ
3532 5229 3665 5281 τους
3688 5220 3755 5271 ὲν

2174 5323 2471 5394 ἁμαρτίαις
2510 5322 2716 5385 ζῶντας
2761 5322 2889 5374 ἄνευ
2943 5317 3159 5386 φειδοῦς
3210 5315 3460 5377 κολάζειν
3502 5313 3757 5381 ἀπαραι-

2172 5417 2372 5485 τήτως,
2427 5415 2501 5476 ὡς
2546 5414 2670 5476 τοὺς
2722 5413 3145 5482 ἁμαρτήσαντας
3190 5408 3476 5475 ἀγγέλους,
3523 5404 3599 5465 ὡς
3651 5404 3759 5456 ἐπὶ

2175 5506 2268 5558 τοῦ
2297 5503 2710 5570 κατακλυσμοῦ,
2742 5504 2815 5564 ὡς
2844 5503 2940 5565 τὰς
2972 5500 3220 5568 Σοδόμων
3255 5498 3437 5559 πόλεις
3459 5512 3471 5525 ·
3502 5496 3596 5548 καὶ
3638 5493 3760 5546 πά-

2173 5597 2257 5649 λιν
2311 5597 2435 5659 τοὺς
2490 5593 2835 5663 δικαιοσύνην
2884 5590 3283 5663 ἐργαζομένους
3326 5585 3617 5657 τιμᾷν,ὠς
3650 5584 3759 5639 τον
