4020 6214
378 359 514 425 1289

1149 356 1559 418 EXPOSI'I‘IO
1594 357 1673 417 IN
1708 355 1945 420 EPIST.
1978 358 2039 418 II
2070 357 2132 419 S.
2161 359 2418 421 PETRI.
2447 386 2517 397 —
2539 361 2700 422 CAP.
2749 361 2833 422 Il.

3499 353 3635 420 1270

373 476 517 538 Νῶε,
551 473 626 536 ὡς
669 471 760 526 τὸν
810 471 932 527 Λώτ
956 489 968 502 ο
1006 471 1100 526 καὶ
1135 471 1281 526 ἔστιν
1322 473 1353 542 ἡ
1391 469 1642 536 σύνταξις
1681 473 1944 542 τοιαύτη·

2068 471 2181 526 'ecit
2213 489 2338 542 erga
2372 475 2594 545 angelos
2664 473 3133 544 praevaricatores,
3195 473 3449 527 homines
3497 483 3638 528 ten--

374 565 580 630 Εἰπὼν,
635 564 718 618 ὅτι
771 563 1202 630 κολασθήσονται
1249 565 1296 616 οἱ
1341 563 1812 632 ψευδοδιδάσκαλοι
1865 563 1956 616 διὰ

371 659 471 720 τὰς
502 657 852 728 βλασφημίας
883 657 1086 720 αὐτῶν,
1129 657 1214 710 διὰ
1245 655 1336 708 τὸν
1363 655 1563 726 ἀσελγῆ
1609 656 1722 726 βίον
1752 656 1952 718 αὐτῶν,

375 747 625 817 ἐπιφέρει
676 747 744 802 τὰ
785 749 1236 819 παραδείγματα·
1281 749 1340 801 Ὀ
1377 749 1482 818 γάρ
1521 748 1652 812 Θεὸς
1685 749 1951 816 ἀγγέλων,

377 841 815 910 ἁμαρτησάντων
853 841 953 894 ούκ
984 842 1256 908 ἐφείσατο,
1290 841 1409 895 οὐδὲ
1453 841 1684 912 ἀρχαίου
1725 841 1952 909 κόσμου.

375 935 486 986 Καὶ
517 933 678 987 πάλιν
725 934 852 994 τοὺς
891 933 1238 997 δικαιοσύνην
1289 935 1636 1004 ἀσκήσαντας
1669 931 1954 1001 ἐπεξηγεῖ-

375 1039 487 1082 ται,
527 1022 610 1076 ὅτι
650 1024 744 1076 καὶ
781 1022 874 1076 τὸν
903 1024 1024 1076 Νῶε
1069 1025 1162 1077 καὶ
1207 1025 1296 1077 τὶν
1331 1023 1452 1078 Λὼτ
1481 1023 1570 1078 διὰ
1603 1024 1956 1096 σωφροσύνην

379 1111 640 1180 ἐφύλαξεν
677 1113 788 1166 ἀπὸ
836 1112 930 1166 τοῦ
963 1113 1184 1183 ὀλέθρου
1217 1114 1324 1167 τῶν
1369 1117 1488 1168 κατ’
1517 1116 1716 1179 αὐτοὺς
1750 1116 1958 1186 ἀνθρὼ-

379 1221 514 1256 πων.
561 1203 619 1256 Ὀ
653 1205 760 1275 γὰρ
807 1203 929 1258 Νῶε
963 1205 1062 1257 οὐκ
1115 1205 1337 1276 ἀπήχθη
1368 1209 1434 1277 τῇ
1463 1207 1686 1279 ἀσεϐείᾳ
1717 1208 1826 1262 τῶν
1857 1209 1959 1280 πρὸ

376 1295 472 1349 τοῦ
509 1297 932 1368 κατακλυσμοῦ·
983 1301 1078 1350 καὶ
1135 1300 1163 1352 ὁ
1215 1299 1342 1352 Λὼτ
1389 1299 1542 1354 οὐδὲν
1571 1299 1821 1371 ζηλώσας
1859 1301 1959 1371 τῆς

377 1385 666 1453 ἀσελγείας
705 1387 814 1440 τῶν
851 1389 908 1440 ἐν
939 1387 1214 1457 Σοδόμοις,
1249 1388 1385 1441 ἀλλὰ
1416 1389 1509 1444 καὶ
1539 1389 1668 1454 τοὺς
1691 1389 1948 1456 ἐπιξενω-

383 1476 577 1543 μένους
606 1477 754 1548 αύτῷ
791 1477 1058 1546 ἀγγέλους
1096 1479 1152 1529 ὲν
1186 1479 1426 1548 σχήματι
1474 1477 1798 1548 ἀνθρώπων,
1849 1480 1960 1542 τοῖς

378 1565 447 1619 δι’
469 1568 760 1635 ἀσέλγειαν
785 1570 982 1631 αύτούς
1008 1569 1333 1634 ἑξαιτούσιν,
1363 1573 1426 1623 οὐ
1457 1571 1701 1641 παρέσχε
1727 1587 1740 1604 ο
1782 1572 1959 1625 καίτοι

383 1660 554 1730 μυρία
600 1661 706 1714 ύπδ
755 1661 862 1714 τῶν
906 1659 1266 1726 ἐξαιτούντων
1349 1661 1734 1732 ἐπηρεασθείς.
1793 1661 1961 1716 Τοῦτο

379 1749 488 1819 γὰρ
514 1751 600 1804 διὰ
629 1753 744 1817 τοῦ,
800 1771 818 1804 ι
855 1751 1359 1822 καταπονούμενον,
1398 1771 1416 1804 ι
1451 1753 1752 1822 ύπέφηνεν.

2058 581 2188 634 pore
2221 565 2434 629 diluvii,
2458 576 2514 622 et
2545 565 2909 622 Sodomorum
2935 567 3119 622 urbes.
3157 565 3502 620 Noviteliam
3539 579 3636 619 eos

2059 658 2148 724 qui
2179 657 2447 724 jus:itiam
2480 667 2801 730 operantur,
2862 659 3068 713 honore
3107 657 3342 718 afficere,
3387 669 3450 710 ut
3511 655 3640 709 fecit

2056 763 2186 818 “rga
2211 751 2322 806 Noe
2343 763 2396 806 el.
2421 753 2537 808 Lot.
2574 753 2666 807 Est
2700 769 2828 806 vero
2883 751 3227 808 constructio
3263 748 3580 816 hujusmodi
3619 766 3632 799 :

2059 839 2352 912 Postquam
2375 843 2515 898 dixit
2546 844 2856 913 puniendos
2914 859 3036 898 esse
3091 843 3256 896 falsos
3320 840 3638 908 magistros,

2058 947 2180 986 cum
2211 943 2433 1003 propter
2470 937 2714 1004 ipsorum
2747 936 3140 1003 litasphetnias,
3162 943 3274 987 tttm
3307 942 3526 1002 propter
3559 932 3639 984 in-

2057 1026 2450 1082 continentiam
2478 1031 2620 1092 vitae,
2661 1029 2990 1098 proponitin
3029 1027 3168 1080 hanc
3203 1042 3315 1080 rem
3369 1025 3640 1092 exempla.

2059 1133 2254 1187 nempe
2287 1119 2430 1188 quod
2455 1120 2594 1176 Dens
2623 1121 2836 1188 angelis
2868 1119 3221 1188 peccantibus
3247 1132 3352 1170 non
3387 1131 3643 1184 peperce-

2063 1208 2443 1267 rit.sirutnec
2471 1210 2723 1279 originali
2780 1226 2878 1265 seu
2936 1209 3122 1278 prisco
3147 1207 3350 1260 mundo
3401 1214 3644 1273 tempore

2059 1301 2276 1356 diluvii.
2315 1301 2376 1355 lit
2406 1317 2598 1356 rursus
2631 1312 2901 1356 memorat
2944 1313 3040 1355 eos
3063 1298 3152 1367 qui
3183 1296 3450 1367 justitiam
3482 1309 3644 1348 exco-

2064 1396 2325 1456 lucrunt;
2358 1394 2572 1464 aitque,
2604 1393 2750 1462 quod
2782 1391 3057 1447 Noachum
3087 1398 3139 1445 et
3172 1389 3390 1448 Lotum,
3427 1394 3645 1455 prepter

2063 1486 2484 1554 temperantiam
2512 1496 2563 1540 et
2589 1483 3004 1546 continentiam,
3027 1497 3055 1536 a
3083 1491 3425 1544 cmterorum,
3459 1479 3548 1546 qui
3578 1493 3643 1530 eo

2064 1587 2310 1644 tempore
2331 1577 2609 1641 vivebant,
2635 1577 2804 1632 exitio
2857 1572 3192 1628 liberaverit.
3231 1568 3516 1638 Siquidem
3547 1581 3644 1620 nec

2061 1668 2175 1723 Noe
2209 1679 2798 1737 contemporaneornm
2827 1681 3054 1722 suorum
3089 1663 3333 1734 nequitia
3369 1668 3422 1716 et
3449 1659 3643 1728 impie-

2064 1769 2175 1814 tate
2203 1775 2264 1816 se
2291 1760 2490 1815 abduci
2524 1776 2718 1831 passus
2747 1767 2829 1814 est
2859 1778 2872 1813 :
2907 1772 3010 1812 nec
3061 1757 3165 1811 Lot
3226 1752 3636 1809 Sodomitarum

379 1842 774 1911 impudicitiam
810 1852 894 1897 est
928 1843 1174 1896 imitatus
1209 1862 1220 1895 :
1258 1857 1358 1898 nec
1385 1841 1610 1914 angelos
1653 1842 1824 1898 forma
1897 1845 2136 1904 humana
2209 1852 2448 1921 hospitio
2511 1862 2768 1921 exceptos
2825 1848 3096 1920 protervis
3145 1849 3254 1904 illis
3303 1847 3638 1918 petentibus.

380 1947 696 2001 quanquam
727 1931 1156 1986 innumerisliac
1186 1932 1252 1988 de
1288 1947 1454 1990 causa
1495 1935 1784 1991 lacessitus
1814 1936 2033 2007 injuriis
2066 1942 2146 2009 (ut
2209 1943 2484 1999 indit-alui-
2549 1957 2643 2012 per
2704 1955 2890 1996 vocem
2953 1941 3103 1994 illam
3176 1957 3194 1990 ι
3230 1954 3552 2010 oppressum
3597 1939 3644 1996 ο)

379 2027 730 2081 cmtll'atlitiil.

459 2138 476 2169 ι
513 2118 574 2171 Ei
605 2117 712 2188 γάρ
743 2118 770 2171 ὁ
805 2117 934 2182 Θεὸς
957 2119 1202 2187 ἀγγέλων
1229 2121 1665 2190 ἁμαρτησάντων
1696 2121 1794 2174 οὒκ
1819 2124 1958 2191 ἐφεί-

2135 2123 2300 2182 \'r.tts.
2327 2125 2361 2180 4
2395 2125 2449 2180 9·
2489 2089 2537 2176 ιχ
2577 2124 2632 2178 Si
2661 2123 2804 2179 enim
2857 2123 2998 2178 Deus
3049 2121 3256 2191 angelis
3295 2123 3649 2192 peccantibus

383 2229 537 2278 σατο,
597 2209 732 2264 ἀλλά
780 2213 968 2280 συραῖς
999 2209 1163 2280 ζόςου
1215 2212 1597 2283 ταρταρώσας,
1644 2215 1960 2284 παρέδωκεν

382 2307 460 2368 εἰς
491 2305 670 2374 κρὶῖιν
709 2304 1140 2375 τετηρουμένονς
1185 2303 1347 2376 [ιοηιθ.
1377 2305 1696 2379 -ρημέν.].
1729 2308 1836 2360 Καὶ
1862 2308 1958 2378 ἀρ-

382 2397 536 2466 χαίου
566 2395 773 2465 κόσμου
807 2397 907 2448 οὐκ
939 2395 1214 2464 ἐφείσατο,
1247 2397 1361 2448 ἀλλ’
1391 2397 1574 2464 ὄγδοον
1605 2399 1726 2450 Νῶε
1757 2398 1961 2452 δικαιο-

382 2487 546 2557 σύνης
573 2489 791 2557 κήρυκα
849 2486 1104 2556 ἐφύλαξε,
1158 2487 1544 2557 κατακλυσμὸν
1584 2487 1774 2558 κόσμῳ
1823 2490 1964 2543 κατὰ

381 2578 596 2632 ἀσεϐῶν
629 2579 836 2644 ἐπάξας
869 2593 882 2608 ·
921 2579 1014 2630 καὶ
1046 2579 1228 2640 πόλεις
1263 2579 1514 2648 Σοδόμων
1551 2580 1645 2633 καί
1677 2581 1718 2632 Γ
1719 2581 1963 2652 ομόῤῥας

381 2669 670 2740 τεφρώσας
697 2673 1052 2741 καταστροφῇ
1107 2671 1449 2742 κατέκρινεν,
1486 2671 1791 2744 ὑπόδειγμα
1831 2673 1962 2744 μελ-

381 2757 580 2813 λόντων
611 2760 828 2814 ἀσεϐεῖν
863 2762 1150 2825 τεθεικώς·
1197 2762 1295 2814 καὶ
1327 2762 1536 2816 δίκαιον
1566 2763 1690 2816 Λὼτ
1719 2782 1964 2820 καταπο-

382 2867 411 2903 ν
447 2852 641 2921 ύμενον
665 2852 772 2906 ὑπὸ
799 2857 899 2925 τῆς
928 2855 1037 2908 τῶν
1074 2853 1332 2926 ἀθέσμων
1353 2857 1408 2908 ὲν
1437 2857 1666 2926 ἀσελγίτι
1701 2859 1964 2929 ἀναστροο

385 2947 490 3016 φῆς
534 2948 827 3020 ἐρρύσατο.
890 2951 1178 3021 Βλέμματι
1223 2953 1333 3021 γὰρ
1393 2953 1482 3004 καὶ
1515 2954 1652 3024 ἀκοῇ
1691 2956 1718 3006 ὁ
1757 2955 1964 3018 δίκαιος

381 3040 721 3108 ἐγκατοικῶν
750 3045 806 3096 ἐν
836 3044 1043 3106 αὐτοῖς.
1079 3045 1289 3114 ἡμέραν
1325 3041 1386 3108 έξ
1426 3045 1640 3114 ἡμέρας
1675 3045 1855 3119 ψυχὴν
1882 3049 1963 3102 δι-

381 3133 544 3188 καίαν
573 3135 794 3205 ἀνόμοις
823 3135 1006 3204 ἔργοις
1031 3135 1372 3200 ἐϐασάνιζεν.
1416 3133 1536 3190 Οἵδε
1579 3137 1782 3208 Κύριος
1814 3140 1962 3194 εὐσε-

380 3223 494 3289 ϐεῖς
541 3227 605 3278 ὲκ
636 3227 946 3298 πειρασμοῦ
996 3226 1243 3296 ῥύεσθαι,
1277 3227 1493 3290 ἀδίκους
1535 3229 1589 3282 δὲ
1637 3232 1715 3292 είς
1749 3232 1964 3301 ἡμέραν

380 3319 612 3387 κρίσεως
661 3317 1063 3386 κολαζομένους
1102 3322 1310 3387 τηρεῖν.
1353 3339 1371 3370 ο
1406 3321 1514 3372 Καὶ
1564 3321 1725 3372 τοῦτο
1757 3321 1812 3372 δὲ
1836 3324 1965 3390 περὶ

375 3410 472 3463 τοῦ
498 3411 620 3464 Λὼτ
653 3410 838 3475 λέγει’
873 3430 890 3461 t
927 3405 1050 3462 Οἷὸε
1100 3409 1304 3471 Κύριος
1355 3411 1602 3468 εὐσεϐεῖς
1662 3413 1727 3458 ἐκ
1770 3430 1960 3476 πειρα-

2068 2232 2177 2270 non
2206 2216 2466 2285 pepercit,
2499 2215 2593 2269 sed
2642 2215 2968 2270 rudentibus
3016 2214 3219 2268 int‘erni
3253 2214 3534 2268 detractos
3594 2215 3648 2268 in

2070 2319 2340 2360 tartarum
2385 2307 2614 2360 tradidit
2639 2305 2994 2370 cruciandos,
3020 2305 3073 2358 in
3095 2304 3362 2375 judicium
3403 2319 3650 2360 reserva-

2071 2401 2138 2455 ri.
2169 2398 2246 2453 Et
2269 2399 2520 2469 originali
2558 2397 2762 2452 mundo
2793 2412 2901 2452 non
2951 2397 3228 2467 pepercit,
3263 2397 3357 2452 sed
3393 2407 3646 2452 octavum

2070 2490 2426 2560 Nocjuslitim
2446 2504 2753 2559 praeconem
2783 2489 3108 2550 custodivit,
3141 2487 3408 2542 diluvium
3443 2487 3650 2540 mundo

2069 2585 2361 2654 impiorum
2428 2582 2714 2635 inducens.
2741 2579 2808 2632 Et
2885 2578 3140 2634 civitates
3201 2575 3564 2631 Sodomorum
3595 2583 3650 2628 ιιι

2069 2673 2553 2730 tiomorrhazorum
2630 2672 2684 2724 in
2729 2671 2972 2724 cinerem
3039 2667 3314 2738 redigens,
3369 2666 3651 2722 eversione

2070 2765 2394 2826 damnavit:
2457 2761 2768 2834 exeiizpium
2841 2776 3058 2838 eorum.
3091 2761 3184 2830 qui
3258 2759 3422 2828 impie
3477 2759 3649 2811 acturi

2071 2868 2217 2921 sunt.
2249 2873 2483 2930 ponens.
2517 2856 2581 2912 Et
2608 2857 2819 2928 justum
2849 2853 2952 2909 Lot
2971 2867 3295 2923 oppressum
3325 2867 3354 2903 a
3383 2847 3649 2904 nefando-

2071 2967 2190 3007 rum
2256 2950 2464 3020 injuria
2520 2957 2576 3004 ct
2625 2946 2907 3002 luxuriosa
2963 2941 3380 2999 conversatione
3427 2940 3646 3008 eripuit.

2071 3047 2310 3118 Aspcctu
2339 3046 2484 3100 enim
2509 3043 2768 3098 etauditn
2788 3041 2972 3110 justus
3015 3049 3161 3102 erat,
3219 3037 3476 3090 habitans
3507 3033 3649 3102 apud

2072 3154 2189 3204 eos,
2221 3140 2312 3207 qui
2347 3137 2416 3191 de
2468 3137 2556 3191 die
2618 3136 2672 3188 in
2711 3133 2854 3187 diem
2909 3133 3144 3185 animam
3183 3128 3388 3198 juStam
3451 3125 3653 3194 iniquis

2072 3230 2328 3298 operibus
2357 3229 2698 3282 cruciabam.
2729 3223 2890 3278 Novit
2940 3221 3204 3274 Dominus
3229 3219 3347 3280 pios
3371 3217 3436 3270 de
3474 3225 3653 3269 tenta-

2073 3319 2223 3371 tioue
2311 3317 2570 3384 eripere,
2643 3316 2864 3383 iniquos
2915 3327 3046 3364 Vt'l't)
3123 3312 3176 3362 in
3262 3307 3404 3362 diem
3458 3305 3649 3375 judicii

2073 3424 2357 3463 reservare
2443 3405 2798 3459 cruriandos.
2873 3423 2890 3456 ι
2969 3403 3038 3456 Ει
3079 3402 3180 3455 hoc
3241 3402 3306 3454 de
3375 3399 3472 3453 Lot
3538 3399 3649 3452 ait:

384 3493 524 3563 σμοῦ
553 3471 803 3564 ῥύεσθαι,
846 3513 868 3544 ι
898 3496 991 3546 καὶ
1044 3491 1193 3560 ἑξῆς.
1249 3496 1418 3547 Οὐδὲν
1469 3495 1526 3548 δὲ
1575 3497 1706 3564 περὶ
1743 3471 1962 3550 δικαίων

2079 3513 2098 3545 ι
2132 3495 2294 3548 Novit
2369 3493 2633 3548 Dominus
2685 3493 2804 3562 pios
2883 3508 2951 3546 ex
3005 3489 3579 3559 tentationeeripere.
3627 3508 3646 3538 ι

383 3588 684 3658 προειπὼν,
713 3589 760 3640 εί
795 3587 868 3658 μὴ
899 3586 1060 3654 μόνον
1094 3587 1222 3658 περὶ
1254 3586 1490 3653 ἀσεϐῶν,
1517 3591 1612 3642 καὶ
1638 3590 1737 3659 τῆς
1760 3591 1970 3645 τούτων

382 3679 670 3748 τιμωρίας,
697 3679 1037 3750 παρενέϐαλε
1071 3679 1246 3733 καὶτὰ
1278 3681 1484 3733 τούτων
1514 3683 1935 3752 παραδείγματα
1953 3699 1967 3715 ·

383 3771 601 3842 πρῶτον
655 3773 751 3840 μὲν
803 3769 891 3824 διὰ
931 3770 992 3823 τι
1031 3770 1127 3824 καὶ
1157 3771 1258 3840 τὴν
1286 3771 1569 3842 ,Ἱστορίαν
1602 3772 1719 3842 ἅμα
1755 3774 1969 3842 μεμνῆ-

384 3863 532 3930 σθαι,
562 3865 658 3917 καὶ
685 3865 783 3932 τῆς
816 3864 926 3916 τῶν
981 3863 1196 3917 ἀσεϐῶν
1251 3863 1550 3926 ἀπωλείας,
1597 3867 1693 3920 καὶ
1726 3869 1824 3932 τῆς
1858 3866 1970 3918 τῶν

382 3956 608 4012 δικαίων
641 3957 951 4026 σωτηρίας*
1008 3955 1204 4008 ἔπειτα
1253 3955 1310 4008 δὲ
1367 3957 1459 4008 καὶ
1507 3957 1569 4008 ὲκ
1615 3957 1969 4026 παραθέσεως

385 4047 611 4109 τούτων,
637 4047 747 4100 τῶν
784 4049 884 4115 μὲν
934 4047 1374 4118 ἁμαρτησάντων
1424 4049 1658 4119 ἐξαίρων
1685 4049 1746 4102 τὸ
1776 4049 1967 4114 κακὸν,

384 4139 494 4191 τῶν
522 4139 580 4193 δὲ
609 4139 1075 4210 κατορθωσάντων
1104 4139 1488 4212 [λαμπρύνων]
1516 4141 1577 4192 τὸ
1602 4141 1965 4213 κατορθωθένο

385 4231 544 4286 ἔτιδὲ
571 4232 815 4296 καὶτοὺς
875 4233 1156 4302 ἀκροατὰς
1204 4232 1432 4299 πείθων,
1461 4233 1572 4286 τῶν
1605 4235 1705 4303 μὲν
1739 4238 1968 4306 μισῆσαι

386 4324 476 4377 διὰ
511 4323 611 4389 τὰς
640 4325 910 4396 τιμωρίας
938 4324 1000 4378 τὸ
1031 4324 1280 4392 ἀσελγὲς,
1329 4327 1436 4380 τῶν
1465 4327 1521 4380 δὲ
1557 4329 1968 4384 ἐπισπάσασθαι

387 4413 475 4468 ζιά
499 4414 598 4485 τῆς
627 4414 906 4487 σωτηρίας
938 4415 1000 4468 τὸ
1029 4415 1382 4486 κατόρθωμα.

460 4615 480 4648 ε
520 4595 767 4650 Μάλιστα
821 4595 880 4650 οὲ
933 4595 1058 4659 τοὺς
1107 4595 1282 4649 ὀπίσω
1317 4595 1518 4667 σαρκὸς
1541 4598 1598 4650 ἐν
1647 4597 1967 4666 ἐπιθυμίαις

391 4686 634 4756 μιασμοῦ
679 4686 1120 4758 πορευομένους,
1172 4686 1268 4740 καὶ
1319 4688 1644 4758 κυριότητος
1686 4707 1966 4760 καταφροο

2071 3583 2234 3652 392
2298 3583 2437 3636 Cum
2495 3596 2676 3636 autem
2713 3576 2950 3651 prim'um
3016 3583 3149 3636 nihil
3195 3583 3262 3637 dc
3317 3582 3502 3650 juStis,
3555 3582 3650 3635 sed

2073 3682 2290 3728 tantum
2380 3673 2447 3726 de
2526 3673 2711 3739 impiis
2745 3687 3052 3740 eorumque
3120 3675 3404 3742 punitione
3477 3674 3651 3728 dixis.

2071 3773 2177 3830 set,
2242 3763 2491 3834 quaedam
2549 3762 2712 3818 etiam
2754 3762 2823 3817 de
2869 3763 3035 3832 justis
3117 3765 3366 3832 exempla
3417 3765 3648 3816 attulit:

2071 3856 2251 3927 primo
2281 3854 2524 3926 quidem,
2553 3853 2681 3924 quia
2716 3867 2874 3908 sat-ra
2905 3852 3132 3908 historia
3167 3854 3356 3908 eodem
3384 3853 3502 3907 loco
3535 3862 3648 3906 tmn

2071 3946 2546 4016 deimproborum
2611 3943 2940 4016 perditione,
2993 3954 3107 3999 tum
3141 3943 3207 3998 de
3261 3943 3536 4011 justorum
3567 3958 3654 3996 sa-

2073 4040 2185 4094 lute
2202 4039 2533 4094 mentionem
2569 4037 2732 4101 facit;
2763 4035 2964 4093 deinde
3009 4046 3214 4100 autem,
3245 4044 3306 4089 ut
3339 4035 3650 4102 hujusmndi

2072 4132 2482 4204 comparatione
2510 4141 2561 4187 et
2584 4131 2928 4200 peccantium
2981 4137 3334 4201 exaggeraret
3365 4128 3647 4186 malitiam,

2069 4235 2122 4280 et
2146 4226 2444 4296 proborum
2474 4225 2741 4278 virtutem
2796 4223 3045 4278 redderet
3077 4222 3388 4280 clariorem,
3418 4234 3480 4273 ac
3516 4235 3650 4288 prro-

2073 4331 2224 4378 terea
2251 4319 2600 4374 auditoribus
2651 4317 3012 4389 persuaderet
3045 4318 3182 4382 suis,
3229 4329 3282 4370 ut
3315 4331 3437 4369 cum
3505 4327 3649 4367 ειη-ιιι

2071 4427 2248 4484 poena;
2276 4411 2403 4466 odio
2427 4410 2696 4466 haberent
2725 4405 3150 4477 impudicitiam,
3191 4415 3304 4461 tum
3332 4407 3529 4459 salutis
3559 4407 3652 4458 de-

2071 4505 2275 4562 siderio
2303 4504 2560 4558 virtutem
2592 4501 3080 4572 amplecterentur.

2147 4597 2314 4652 Vens.
2368 4598 2456 4652 10.
2493 4615 2510 4648 ι
2539 4595 2710 4663 Magis
2733 4601 2916 4647 autem
2977 4606 3097 4653 eos,
3148 4591 3238 4658 qui
3275 4598 3392 4655 past
3430 4603 3650 4641 carnem

2072 4692 2125 4746 in
2159 4687 2608 4759 concupiscentia
2635 4683 2994 4738 immundiiize
3055 4681 3353 4745 ambulant,
3402 4681 3652 4734 domitu-

384 4779 630 4841 νοῦντας.
677 4799 697 4832 ι
745 4779 1030 4834 Ἐντεῦθεν
1062 4779 1302 4846 εὐφυῶς,
1344 4780 1454 4833 ἀπὸ
1485 4780 1596 4834 τῶν
1627 4782 1962 4852 ὑποδειγμά-

2076 4786 2385 4852 tioncmque
2409 4790 2789 4837 contemnunt.
2829 4798 2849 4831 ι
2888 4777 2965 4832 Ex
2999 4777 3332 4847 supradictis
3385 4775 3650 4842 exemplis

294 4940 312 4948 ⁸
383 4891 493 4927 των
556 4873 664 4926 τῶν
717 4873 1172 4943 προηγουμένων,
1221 4873 1303 4935 είς
1355 4872 1454 4943 τὴν
1499 4873 1778 4945 παροῦσαν
1801 4870 1966 4945 ἦλθεν

385 4963 662 5018 ὑπόθεσιν.
694 4965 856 5030 Λέγει
883 4964 939 5017 δὲ
970 4963 1220 5034 περὶτῶν
1253 4965 1574 5035 καταράτων
1605 4965 1963 5032 Νικολαϊτῶν,

386 5059 483 5110 καὶ
510 5057 838 5127 Ναασηνῶν,
871 5055 968 5109 καὶ
1020 5055 1432 5128 Κερδωνιανῶν.
1465 5057 1825 5128 Πολυώνυμος
1857 5061 1964 5130 γὰρ

387 5145 569 5198 αὐτῶν
591 5147 738 5198 ἐστιν
792 5147 826 5215 ἡ
860 5145 1048 5208 κακία,
1083 5148 1178 5199 καὶΙ
1227 5146 1304 5212 ὡς
1361 5146 1496 5218 [τοῖς
1547 5151 1756 5218 μιαροῖς
1781 5149 1963 5218 ἔργοις

385 5235 532 5289 οὓτω
569 5238 664 5290 καὶ
705 5236 955 5310 ὀνόμασι]
1009 5239 1397 5310 συγκεχυμένη
1456 5239 1958 5310 καταλαμϐάνεται

387 5322 550 5382 Οὗτοι
582 5328 714 5398 γὰρ,
742 5330 818 5392 ὡς
851 5331 1128 5400 φθάνομεν
1178 5329 1484 5401 εἰρηκότες,
1537 5329 1702 5385 Βυθὸν
1731 5333 1964 5401 ὑποστηο

389 5423 615 5484 σάμενοι
671 5421 766 5474 καὶ
816 5420 985 5492 Σιγὴν
1011 5421 1078 5473 τὰ
1111 5421 1442 5492 πρωτουργά
1473 5421 1574 5490 τῆς
1621 5423 1716 5474 τοῦ
1757 5423 1972 5491 κόσμου

385 5513 676 5581 γενέσεως,
709 5511 802 5566 καί
831 5529 984 5574 τινας
1013 5511 1338 5566 ἀπὸτούτων
1370 5512 1614 5583 μητέρας
1643 5514 1737 5567 καὶ
1763 5514 1966 5577 αἰῶνας

385 5605 939 5674 τερατολογήσαντες,
997 5605 1072 5668 ὡς
1119 5605 1211 5658 καὶ
1268 5605 1554 5674 Μαρκίων,
1607 5607 1713 5658 ἀπὺ
1761 5607 1967 5660 τούτων

386 5693 568 5747 λαϐὼν
591 5697 801 5766 πονηρὰ
831 5697 1144 5768 σπέρματα.
1179 5692 1310 5750 Εἶτα
1347 5697 1691 5767 Κυριότητας
1729 5699 1818 5752 διὰ
1848 5699 1970 5753 τού-

387 5801 498 5840 των
529 5786 630 5860 τῆς
653 5789 748 5842 τοῦ
779 5789 983 5859 κόσμου
1041 5790 1401 5860 δημιουργίας
1454 5791 1839 5862 παρωσάμενοι
1874 5795 1968 5848 καὶ

2077 4879 2130 4930 in
2163 4893 2402 4947 praesens
2431 4884 2817 4946 argumentum
2845 4871 3140 4928 admodum
3173 4872 3314 4928 scite
3338 4868 3646 4926 descendit.

2079 4971 2345 5040 Loquitur
2374 4979 2553 5024 autem
2587 4968 2654 5024 de
2677 4968 3031 5024 exsecrandis
3081 4965 3383 5026 Nicolaitis,
3423 4969 3479 5017 et
3507 4961 3649 5014 Naa-

2074 5063 2246 5128 senis,
2269 5072 2320 5118 et
2346 5061 2704 5118 Cerdonianis
2728 5060 2900 5132 (varie
2920 5059 3068 5116 enim
3095 5070 3294 5113 eorum
3327 5051 3650 5123 improbitas

2072 5154 2452 5224 appellabatur
2492 5171 2506 5208 :
2537 5154 2678 5209 unde
2707 5153 2850 5208 sicut
2872 5151 3157 5208 sceleratis
3182 5149 3463 5218 operibus,
3489 5146 3562 5200 ita
3595 5151 3650 5198 et

2072 5246 2261 5299 multis
2325 5246 2641 5300 nominibus
2671 5260 2734 5298 ea
2795 5243 3024 5298 confusa
3079 5235 3554 5307 deprehenditur.)
3584 5233 3646 5287 Ili

2068 5336 2237 5400 enim,
2275 5343 2335 5389 ut
2368 5335 2480 5404 jam
2517 5335 2775 5398 diximus,
2812 5333 3054 5395 Bithum,
3095 5328 3198 5384 hoc
3230 5335 3336 5390 est,
3365 5325 3642 5392 profundi-

2069 5435 2258 5490 tatem,
2283 5437 2336 5482 et
2366 5427 2552 5496 Sigen,
2587 5427 2642 5481 id
2666 5436 2770 5486 est,
2829 5423 3106 5479 silentium
3161 5418 3459 5490 primordia
3482 5418 3647 5486 hujus

2071 5518 2258 5573 tnundi
2293 5519 2640 5580 statuebant;
2683 5525 2738 5569 et
2768 5531 2831 5569 ex
2869 5514 2952 5568 his
3003 5511 3273 5579 quasdam
3327 5519 3551 5568 matres,
3592 5515 3647 5561 et

2071 5609 2402 5675 monas,hoc
2434 5616 2518 5662 est
2546 5606 2744 5660 sa-cula
2783 5613 2900 5658 orta
2957 5603 3253 5658 COmmenti
3309 5606 3438 5656 sunt
3467 5618 3480 5654 :
3509 5615 3646 5668 qut-.-

2076 5700 2428 5754 madmodum
2453 5708 2508 5753 et
2543 5695 2784 5750 Marcion
2827 5695 2916 5766 qui
2948 5697 3016 5750 ab
3041 5695 3124 5750 his
3151 5709 3318 5764 prava
3351 5692 3533 5747 hausit
3561 5707 3644 5745 se-

2076 5792 2245 5847 mina.
2278 5777 2489 5846 .Deintlc
2525 5791 2958 5846 dominationem
2992 5805 3089 5846 seu
3147 5787 3340 5852 Deum,
3373 5801 3401 5840 a
3457 5787 3642 5839 mundi
