4020 6214
433 247 563 314 ῙΞΉ

432 453 608 505 ualent
649 451 1100 506 incontinentiam
1132 451 1390 521 pet-fricta
1422 453 1599 508 fronte
1627 462 1991 508 corruerunt.

433 543 492 595 Et
527 543 768 612 quidem,
803 541 848 596 si
879 541 1005 610 quis
1035 541 1230 596 ltorum
1266 551 1514 597 exactam
1554 543 1801 596 notitiam
1850 542 1995 595 desi-

430 637 604 698 derat,
632 635 829 689 librum
865 634 931 687 ab
963 635 1166 689 Irena'o
1207 633 1363 688 Gallo
1398 644 1588 689 contra
1627 634 1779 703 ipsos
1813 635 1998 688 elabo-

433 733 631 784 ratum,
669 731 720 774 et
757 741 775 772 t
810 714 1012 776 Contra
1060 721 1179 777 falsi
1218 725 1455 779 nominis
1479 725 1763 778 scientiam
1821 743 1838 774 ι
1901 725 2000 789 in—

430 815 690 881 s-riptutn
721 813 774 865 in
809 829 1004 868 manus
1037 822 1240 877 sumat,
1278 829 1339 867 ac
1371 815 1422 866 iu
1457 815 1734 870 cohorum
1767 815 2001 883 impudi-

433 906 614 965 citias,
660 919 720 958 ac
742 905 1041 973 pra-sertim
1074 921 1210 974 quas
1241 905 1676 960 obscenissitnus
1703 905 1916 959 Marcus
1946 914 2000 959 et

431 1004 702 1062 eorruptze
731 995 798 1047 ab
827 1011 892 1047 eo
923 996 1179 1050 mulieres
1207 997 1551 1061 exercebant,
1587 1004 1700 1050 tum
1737 998 1870 1050 alios
1905 1013 2000 1050 ne-

428 1085 630 1148 quitias
662 1101 795 1153 quas
821 1089 1002 1140 caeteri
1036 1087 1156 1156 ejus
1179 1097 1341 1142 secta:
1373 1090 1679 1157 patrabant,
1713 1095 1998 1162 enarratas

431 1185 706 1245 utcunque
736 1179 974 1232 inveniet
1013 1197 1026 1232 :
1055 1194 1180 1232 nam
1219 1194 1311 1234 eas
1343 1194 1501 1232 nemo
1525 1179 1610 1233 vel
1673 1180 1880 1248 scripto
1911 1195 2002 1232 sa-

430 1270 500 1321 tis
528 1269 829 1337 exprimere
862 1279 1058 1338 potest,
1113 1271 1312 1340 quippe
1334 1285 1454 1340 qua:
1481 1269 1564 1324 vel
1591 1270 1707 1325 sola
1743 1271 1994 1324 recorda-

432 1359 577 1411 tione
617 1375 814 1412 nocere
852 1369 1103 1429 possunt.
1130 1359 1234 1426 Qui
1262 1377 1391 1415 vero
1423 1377 1489 1414 ex
1552 1371 1866 1430 contemptu
1902 1362 2001 1415 do—

432 1447 782 1502 tuinatimtem
850 1464 958 1502 non
1017 1450 1229 1514 timent,
1274 1450 1401 1519 qttid
1457 1451 1676 1516 mirum,
1707 1453 1751 1506 si
1791 1462 1845 1506 et
1872 1467 1999 1522 erga

430 1552 645 1591 omnem
681 1538 996 1608 dignitatem
1042 1541 1304 1596 audacter
1350 1557 1409 1596 se
1465 1541 1735 1596 efferant?
1785 1543 2001 1598 Clarius

430 1639 562 1678 vero
585 1623 652 1678 de
698 1626 782 1680 his
811 1627 1032 1684 disserit
1063 1629 1254 1684 beatus
1285 1626 1564 1698 apostolus
1595 1630 1785 1696 Judzts,
1817 1632 1907 1686 ubi
1931 1631 1998 1686 de

432 1713 633 1785 Moysis
662 1728 894 1786 corpore
926 1720 1256 1773 mentionem
1290 1720 1440 1774 facit.
1479 1720 1583 1776 Iste
1615 1730 1794 1775 autem
1827 1721 2002 1775 brevi-
2034 1706 2072 1759 Β

432 1817 535 1872 ter,
561 1821 624 1862 ac
658 1807 709 1859 in
735 1809 840 1862 fine
875 1808 957 1863 sui
986 1808 1088 1860 bac
1118 1809 1185 1863 de
1220 1825 1278 1863 re
1296 1813 1592 1876 sermonis,
1629 1812 1732 1865 hoc
1759 1819 2004 1865 tantum-

433 1897 594 1950 modo
633 1897 895 1962 insinuat.
939 1896 1014 1952 Ex
1051 1897 1143 1951 illo
1190 1899 1374 1968 itaque
1439 1901 1731 1954 occasione
1755 1908 1998 1968 sumpta.

433 1995 489 2041 et
512 1988 578 2040 de
611 1988 905 2058 propositis
932 1990 1046 2043 ltaac
1071 1988 1313 2044 diximus
1356 2006 1369 2042 :
1409 2007 1430 2041 ι
1466 1989 1732 2053 Audaces,
1759 1991 1861 2043 sibi
1892 1992 2006 2060 pla-

435 2089 643 2141 centes,
678 2079 884 2149 glorias
915 2095 1022 2134 non
1060 2089 1310 2136 metuunt
1359 2081 1755 2150 blasphentare.
1801 2101 1820 2132 ι
1859 2083 2006 2136 Sub-

434 2170 787 2233 audiendum,
841 2171 932 2241 qui
988 2180 1137 2226 sunt.
1199 2172 1334 2226 lllttd
1381 2181 1558 2227 autem
1593 2192 1610 2223 t
1643 2171 1855 2228 Glorias
1900 2187 2004 2226 non

433 2271 704 2323 metuunt,
750 2280 771 2313 ι
808 2262 946 2316 idem
981 2271 1066 2318 est
1097 2278 1181 2324 ac.
1216 2264 1554 2333 contemptui
1613 2264 1813 2318 habent
1886 2279 2006 2317 om-

431 2368 552 2406 nem
583 2353 808 2423 gloriam
849 2368 946 2410 seu
975 2354 1298 2426 dignitatem
1332 2362 1386 2411 et
1413 2355 1668 2411 convitiis
1723 2355 2007 2411 incessere

433 2459 543 2500 non
575 2452 856 2500 verentur.

510 2536 677 2592 Vens.
708 2539 798 2595 11.
827 2558 847 2591 ι
881 2539 982 2596 Ubi
1008 2541 1184 2610 angeli
1212 2540 1531 2596 fortitudine
1563 2552 1617 2597 et
1643 2543 1844 2597 virtute
1881 2558 2005 2598 cum

433 2628 548 2682 sint
603 2626 860 2696 majores,
893 2643 998 2683 non
1024 2638 1245 2698 portant
1291 2630 1559 2686 adversus
1592 2647 1651 2687 se
1674 2632 2009 2687 exsecrabile

427 2717 716 2788 judicium.
752 2739 770 2772 ι
811 2720 1010 2776 Volens
1039 2729 1245 2776 tantam
1307 2722 1695 2793 prmdictorum
1729 2724 2011 2778 haeretico-

432 2825 559 2871 rum
633 2811 778 2865 circa
858 2811 1180 2882 hujusmodi
1250 2813 1536 2868 audaciam
1609 2831 2006 2884 (ξοηητθδιτθῒθε

438 2918 458 2951 t
491 2901 626 2957 Cum
681 2904 884 2973 angeli.
928 2904 1124 2975 inquit,
1176 2906 1268 2975 qui
1323 2905 1639 2961 fortitudine
1698 2917 1751 2962 et
1809 2907 2009 2962 virtute

431 2996 670 3063 majores
726 2997 886 3068 393
937 3007 1087 3064 sunt,
1151 3015 1259 3054 non
1293 3001 1468 3055 ferant
1500 3010 1687 3055 contra
1738 3017 1832 3057 eos
1863 3001 2002 3071 apud
2033 3041 2074 3071 ,ς

436 3084 722 3140 Dominum
777 3090 1097 3145 maledicam
1128 3095 1474 3146 sententiam.
1510 3112 1528 3144 ι
1566 3095 1685 3159 Quo
1750 3094 1890 3148 idem
1941 3109 2004 3148 ac

430 3182 622 3236 beatus
647 3183 816 3238 .Iudas
859 3185 1012 3249 dicit,
1046 3197 1102 3240 ut
1135 3187 1240 3256 jam
1292 3190 1736 3254 praamouuitnus.
1763 3188 1897 3242 Nam
1947 3197 2003 3243 et

430 3273 521 3326 ille
583 3273 976 3326 nonnullorum
1040 3277 1239 3342 lingtue
1306 3278 1657 3344 petulantiam
1705 3279 2002 3346 castigans,

431 3362 619 3416 eodem
652 3361 900 3430 exemplo
933 3363 1358 3418 admonitionem
1389 3379 1550 3419 suam
1615 3366 1871 3428 instruit,
1907 3367 2003 3428 sed

433 3453 716 3521 aliquanto
759 3451 953 3518 fusius,
986 3454 1058 3507 ita
1087 3454 1274 3509 dicens
1296 3455 1372 3507 ¹¹;
1411 3475 1428 3506 ι
1460 3455 1686 3511 Michael
1714 3459 2006 3528 arcltauge

435 3544 520 3597 lus
557 3558 664 3596 non
695 3552 778 3597 est
823 3558 991 3599 ausus
1029 3545 1297 3614 judicium
1336 3548 1538 3604 inferre
1566 3550 1941 3619 blasphemiae.
1980 3570 1998 3604 ι

435 3631 623 3686 Simile
648 3632 774 3702 quid
805 3633 965 3689 etiam
999 3634 1196 3692 Petrus
1235 3652 1377 3692 nunc
1433 3640 1616 3695 dicere
1639 3641 1784 3706 vult;
1816 3657 2006 3711 nempe

431 3724 577 3792 quod
611 3723 696 3778 isti
724 3716 1162 3781 cacodaemones~
1201 3743 1308 3782 non
1381 3740 1674 3786 vereantur
1712 3732 2006 3803 dignitates

431 3816 694 3872 conviciis
729 3817 1020 3884 incessere,
1052 3834 1176 3874 cum
1213 3830 1390 3877 tamen
1419 3838 1488 3877 ne
1517 3824 1618 3893 ipsi
1639 3824 1854 3894 quidem
1905 3840 2004 3879 an~

432 3909 534 3979 geli
570 3918 835 3979 potestate
865 3915 920 3963 et
952 3909 1277 3967 fortitudine
1354 3915 1602 3971 scelestis
1661 3916 1782 3971 istis
1834 3916 2006 3971 multo

432 4001 766 4068 superiores,
803 3998 999 4065 ferant,
1031 4015 1128 4056 seu
1157 4016 1266 4056 non
1297 4003 1577 4072 proferant
1635 4003 1898 4060 adversus
1929 4005 2009 4074 ip-

433 4105 524 4145 sas
555 4090 718 4144 veluti
761 4091 1054 4158 dignitates
1082 4092 1401 4147 maledicam
1453 4095 1782 4150 sententiam
1821 4111 2005 4151 coram

432 4179 681 4234 Domino.
718 4180 956 4246 S.:ilicet,
981 4184 1106 4252 quia
1129 4183 1445 4253 dignitatem
1464 4185 1700 4254 aliquam
1722 4187 2008 4256 participat

432 4272 707 4340 diabolus,
733 4273 933 4343 quippe
953 4275 1045 4344 qui
1084 4282 1167 4329 est
1208 4295 1226 4326 ‹
1266 4275 1593 4344 principium
1617 4286 1883 4332 creaturae
1911 4278 2008 4332 Do-

1443 250 2015 311 THEOPHYLACTI
2051 252 2456 314 BULGARl/E
2487 253 2838 316 ARCHIEP.

431 362 648 432 opificio
673 369 726 416 et
763 359 1102 430 providentia
1151 361 1507 428 repellentes,
1541 361 1596 416 in
1629 377 1844 415 omnem
1878 377 1998 416 ωιτν

2106 366 2369 434 inertiae,
2425 367 2516 418 ἐπὶ
2567 367 2748 419 πᾶσαν
2801 366 3088 438 ἐχώρησαν
3151 369 3321 432 ἀδεῶς

3535 257 3680 322 1272

3406 376 3682 443 σαρκικὴν

2102 457 2465 523 ἀκαθαρσίαν.
2501 457 2610 510 Καὶ
2662 457 2715 510 εἴ
2743 475 2825 520 τις
2857 458 2986 528 περὶ
3026 459 3231 513 τούτων
3261 461 3438 514 ἐθέλει
3466 465 3684 532 μαθεῖν,

2100 545 2196 616 τὴν
2228 548 2500 617 Εἰρηναίῳ
2546 547 2639 600 τοῦ
2767 548 2864 621 τῷ]
2905 549 3094 620 Κελτῷ
3128 550 3310 622 βίὸλον
3347 554 3476 622 περὶ
3505 557 3685 610 αὐτῶν

2100 642 2551 710 ἐκπεπονημένην
2585 640 2764 693 λαϐὼν
2822 642 2915 695 ἐπὶ
2950 646 3158 712 χεῖρας,
3192 644 3287 713 τὴν
3335 647 3685 718 ἐπιγεγραμ-

2103 732 2293 799 μένην,
2327 751 2343 781 ι
2381 731 2536 784 Κατὰ
2561 735 2656 799 τῆς
2686 732 3037 802 ψευδωνύμου
3063 733 3339 802 γνώσεως,
3382 756 3400 789 ι
3441 739 3538 802 τὰς
3561 740 3692 793 τοὺ-

2100 838 2208 873 των
2253 823 2530 890 ἁμαρτίας
2572 823 2816 894 εὑρήσει,
2849 825 2934 876 διὰ
2989 825 3266 899 [Μάρκου]
3321 829 3555 896 μάλιστα
3579 832 3688 884 τοῦ

2100 913 2517 979 ἁσελγεστὰτου,
2584 916 2675 967 καὶ
2729 915 2837 967 τῶν
2904 917 2996 968 ὑπ’
3055 917 3220 972 αὐτοῦ
3275 919 3688 991 διαφθαρεισῶν

2101 1003 2395 1072 γυναικῶν,
2433 1005 2529 1056 καὶ
2568 1004 2664 1066 τὰς
2717 1004 2882 1066 ἄλλας
2913 1005 3360 1077 άθεμιτουργίας,
3392 1010 3490 1072 τὰς
3529 1013 3689 1079 παρὰ

2099 1095 2206 1146 τῶν
2239 1094 2444 1147 λοιπῶν
2509 1096 2830 1164 γενομένας,
2863 1097 2926 1160 ἃς
2959 1098 3080 1151 οὐδὲ
3123 1100 3208 1152 διὰ
3248 1102 3461 1170 γραφῆς
3498 1121 3687 1171 παρα-

2104 1187 2301 1257 στῆσαί
2330 1205 2411 1250 τις
2441 1187 2746 1257 δυνήσεται,
2781 1188 2856 1250 ὡς
2893 1189 3265 1259 λυμαινόντων
3293 1193 3382 1243 καὶ
3409 1193 3496 1247 διὰ
3534 1196 3687 1264 μνή-

2102 1293 2229 1344 μης.
2266 1277 2328 1329 Οἱ
2359 1281 2467 1347 γάρ
2522 1279 2585 1330 ὲκ
2628 1282 3088 1350 καταφρονήσεως
3131 1282 3190 1333 οὗ
3255 1283 3555 1348 δεδοικότες
3581 1287 3689 1356 τὴν

2100 1367 2418 1438 κυριότητα,
2442 1369 2495 1421 τί
2525 1369 2590 1422 ἂν
2615 1372 2868 1440 πρᾶγμα,
2902 1373 2951 1424 εί
2985 1373 3080 1425 καὶ
3125 1374 3261 1443 πρὸς
3316 1377 3494 1428 πᾶσαν
3523 1377 3688 1441 δόξαν

2101 1459 2271 1522 ἀδεῶς
2293 1460 2598 1527 διεγένετο;
2625 1461 2962 1534 Τρανότερον
2992 1465 3118 1534 περὶ
3163 1467 3371 1518 τούτων
3401 1467 3428 1518 ό
3449 1467 3685 1521 ἀπόστο-

2100 1551 2189 1613 λος
2223 1551 2426 1615 Ἰούδας
2457 1553 2612 1623 έρεῖό
2636 1554 2926 1622 μακάριος,
2956 1554 3090 1608 ὅπου
3123 1557 3366 1626 καὶπερὶ
3401 1557 3493 1609 τοῦ
3514 1560 3682 1612 Μωῦ-

2104 1644 2240 1705 σέως
2296 1643 2544 1711 σώματος
2597 1645 2983 1714 μνημονεύσει.
3043 1647 3215 1710 Λύτδς
3276 1649 3376 1717 μὲν
3423 1650 3526 1720 γὰρ
3582 1653 3676 1702 νῦν

2104 1733 2312 1805 [μόνον]
2350 1725 2708 1805 ὑπέκρουσεν,
2744 1735 3016 1805 ἁψάμενος
3049 1736 3233 1810 [ὁμοῦ]
3266 1742 3361 1792 καὶ
3391 1741 3670 1793 καταπαύε-

2106 1842 2203 1886 σας
2235 1827 2324 1877 τὸν
2351 1825 2479 1895 περὶ
2528 1825 2719 1878 τούτου
2780 1827 2961 1894 λόγον.
3001 1828 3089 1894 Ἐξ
3132 1829 3341 1882 ἐκείνου
3367 1830 3538 1882 τοίνυν
3571 1831 3668 1883 καὶ

2105 1916 2233 1984 περὶ
2257 1915 2364 1968 τῶν
2424 1917 2797 1986 προκειμένων
2839 1917 3117 1989 [λαϐόντες
3159 1921 3256 1983 τὰς
3287 1920 3558 1991 ἀφορμὰς]
3587 1921 3675 1972 λέο

2104 2023 2275 2075 γομεν
2303 2021 2316 2035 ·
2356 2025 2374 2058 ι
2409 2008 2725 2077 Τολμηταὶ,
2772 2009 3044 2075 αὐθάδεις,
3091 2010 3249 2074 δόξας
3295 2014 3355 2064 οὐ
3417 2013 3677 2080 τρέμουσι

2107 2094 2571 2164 βλασφημοῦντες.
2612 2115 2630 2146 ι
2667 2097 3208 2166 Προσυπακουστέον,
3243 2100 3300 2152 οῖ
3329 2101 3456 2152 εἰσι.
3496 2101 3567 2151 Τὸ
3595 2099 3672 2160 δὲ,

2113 2205 2129 2236 ι
2173 2186 2338 2248 Δεξας
2364 2186 2423 2238 οὐ
2453 2186 2766 2256 τρέμουσιν,
2808 2207 2824 2237 ι
2863 2187 2982 2240 ἀντὶ
3023 2189 3140 2250 τοῦ,
3186 2188 3676 2259 καταφρονητικῶς

2105 2276 2291 2347 ἔχουσι
2346 2278 2527 2330 πᾶσαν
2557 2276 2712 2343 δόξαν
2749 2276 3091 2349 βλασφημεῖν
3118 2278 3178 2330 οὐ
3208 2278 3462 2332 δεδίασιν.

2184 2554 2202 2584 ι
2247 2533 2420 2586 ’Ὀπου
2445 2532 2663 2600 ἄγγελοι
2687 2531 2830 2601 ίσχύῖ
2855 2531 2950 2586 καὶ
2975 2531 3199 2601 δυνάμει
3230 2533 3474 2602 μείζονες
3505 2532 3672 2596 ὄντες,

2106 2625 2168 2679 ού
2209 2624 2434 2695 φέρουσι
2462 2623 2580 2674 κατ’
2600 2623 2779 2675 αὐτῶν
2803 2625 2954 2695 παρὰ
2984 2623 3171 2695 Κυρίῳ
3209 2624 3525 2694 βλάσφημον
3561 2621 3676 2692 κρί-

2110 2736 2216 2773 σιν.
2267 2737 2283 2770 ι
2326 2716 2660 2786 Βουλόμενος
2701 2718 2898 2780 αὐτοὺς
2929 2721 3174 2789 ἐπισχεῖν
3203 2717 3304 2786 τῆς
3337 2717 3466 2787 περὶ
3507 2717 3676 2770 ταῦτα

2108 2813 2335 2882 τόλμης,
2373 2813 2570 2881 φησίν·
2611 2830 2628 2860 ι
2667 2812 2842 2863 Ὅπου
2877 2808 3098 2877 ἄγγελοι
3149 2809 3293 2877 ίσχύῖ
3336 2812 3429 2864 καὶ
3456 2809 3676 2875 δυνάμει

2113 2906 2363 2974 μείζονες
2399 2905 2552 2967 ὄντες
2586 2903 2906 2972 οὒςφέρουσι
2937 2902 3056 2955 κατ’
3103 2901 3282 2954 αὐτῶν
3309 2901 3458 2970 παρὰ
3490 2901 3679 2969 Κυρίῳ

2113 2998 2434 3069 βλάσφημον
2480 2997 2683 3066 κρίσιν,
2713 3014 2732 3048 ι
2765 2993 2931 3048 ταύτὸ
2981 2993 3056 3062 τῷ
3087 2993 3344 3063 μακαρίῳ
3377 2993 3564 3062 Ἰούδα,
3606 2993 3680 3052 ὡς

2108 3093 2340 3161 ἔφημεν,
2366 3090 2539 3158 λέγων
2565 3106 2578 3120 ο
2611 3089 2730 3141 ἐπεὶ
2777 3089 3026 3149 κάκεῖνος
3072 3087 3175 3155 τήν
3215 3102 3372 3138 τινων
3399 3084 3681 3152 γλωσσαλ-

2107 3185 2230 3251 γίαν
2253 3183 2517 3247 κολάζων,
2553 3180 2662 3235 ἀπὸ
2712 3180 2808 3233 τοῦ
2845 3177 3012 3232 αὐτοῦ
3045 3177 3489 3248 παραδείγματος
3520 3179 3678 3230 ποιεῖ-

2105 3292 2194 3326 ται
2223 3275 2319 3341 τὴν
2358 3273 2658 3324 νουθεσίαν.
2693 3273 3039 3339 Πλατύτερον
3079 3272 3257 3340 μέντοι
3287 3269 3355 3321 δι’
3381 3263 3454 3320 ὧν
3487 3269 3640 3334 λέγει
3664 3285 3677 3299 ·

2113 3384 2130 3414 ι
2172 3367 2231 3414 ’0
2289 3365 2345 3414 δὲ
2398 3362 2614 3431 Μιχαὴλ
2659 3364 2688 3412 ὁ
2727 3363 3089 3430 ἐρχάγγελος,
3124 3380 3140 3409 ι
3169 3361 3262 3414 καὶ
3299 3360 3442 3424 ἑξῆς,
3495 3379 3513 3406 ι
3567 3360 3681 3406 οὒκ

2106 3456 2371 3525 ἐτόλμησε
2430 3453 2612 3519 κρίσιν
2643 3452 2947 3519 ἐξενεγκεῖν
2987 3450 3324 3520 βλάσφημον.
3368 3469 3384 3497 ι
3425 3445 3680 3500 Τοιοῦτον

2104 3546 2196 3599 οὖν
2231 3545 2324 3598 καὶ
2378 3545 2582 3613 Πέτρος
2632 3543 2882 3611 βούλεται
2917 3540 3146 3613 [λέγειν]
3179 3540 3292 3602 νῦν,
3321 3540 3401 3592 ὅτι
3437 3531 3595 3590 Οὗτοι
3629 3537 3679 3588 οί

2105 3635 2496 3704 κακοδαίμονες
2559 3633 2710 3687 οὐδὲν
2767 3633 2985 3702 ἔχουσιν
3024 3634 3104 3694 είς
3149 3630 3316 3698 φειδὼ
3351 3631 3477 3696 περὶ
3497 3627 3555 3680 τὸ
3578 3628 3679 3687 τὰς

2104 3728 2258 3794 δόξας
2290 3727 2652 3797 βλασφημεῖν,
2710 3723 2909 3797 [καίτοι
2935 3741 2998 3792 γε
3018 3722 3162 3794 οὐδὲ]
3198 3722 3351 3776 αὐτοὶ
3380 3723 3430 3772 οἱ
3458 3718 3678 3785 δυνάμεί

2106 3817 2202 3872 καὶ
2235 3813 2380 3887 ἰσχύῖ
2418 3815 2664 3884 μείζονες
2701 3814 2873 3878 ὄντες,
2915 3812 3155 3882 δηλονότι
3179 3811 3289 3863 τῶν
3322 3807 3531 3880 μιαρῶν
3549 3805 3670 3858 τού-

2105 3926 2234 3972 των,
2261 3909 2322 3960 οὑ
2350 3909 2628 3977 φέρουσιν,
2670 3907 2786 3977 ἦτοι
2816 3906 2876 3958 ού
2911 3904 3302 3974 προκομίςουσι
3341 3901 3459 3953 κατ’
3482 3897 3674 3960 αὐτῶν,

2105 3999 2268 4054 οἱονεὶ
2303 3998 2410 4053 τῶν
2455 3998 2646 4064 δοξῶν,
2697 3997 3017 4068 βλάσφημον
3065 3995 3246 4064 κρίσιν
3279 3991 3430 4064 παρὰ
3470 3989 3675 4058 Κυρίῳ.

2119 4093 2273 4146 Ἐἰτελ⁸
2296 4092 2402 4164 γάρ
2441 4092 2599 4160 δόξης
2646 4091 2791 4154 τινδς
2849 4089 3071 4158 μετέχει
3106 4087 3200 4140 καὶ
3240 4089 3268 4140 ὁ
3301 4084 3566 4146 διάϐολος,
3588 4081 3680 4133 διὰ

2107 4185 2168 4237 τὸ
2201 4185 2341 4255 ἀρχὴ
2368 4181 2506 4237 εἶναι
2537 4183 2854 4252 πλάσματος
2896 4181 3124 4251 Κυρίου,
3161 4179 3263 4232 οὐκ
3284 4180 3482 4250 ἤνεγκε
3529 4174 3680 4245 ῥῆμα

2109 4277 2230 4330 κατ’
2256 4277 2420 4330 αὐτοῦ
2445 4275 2784 4346 βλάσφημον.
2815 4275 2876 4326 Εἰ
2919 4275 3028 4343 γάρ
3061 4275 3088 4325 ὁ
3121 4271 3318 4342 μᾶλλον
3345 4268 3683 4336 ἇξιοςβλασ-

432 4365 566 4420 mini
599 4365 662 4431 ",
703 4385 721 4418 ι
764 4381 871 4421 non
902 4368 1024 4420 tulit
1061 4367 1286 4422 Michael
1325 4368 1688 4438 arcltangelus
1735 4369 2003 4424 adversus

2111 4374 2333 4439 φημεῖν,
2397 4371 2488 4424 τὸν
2566 4367 2810 4422 διάῖολον
2890 4367 3084 4434 λέγων,
3139 4367 3287 4434 ὅμως
3327 4364 3415 4417 διὰ
3440 4363 3498 4416 τὸ
3523 4360 3685 4428 δόξης

431 4471 557 4510 eum
593 4456 758 4511 verba
789 4456 1042 4510 convitii.
1101 4456 1269 4523 Quasi
1325 4457 1532 4512 diceret
1566 4476 1586 4512 :-
1637 4456 1692 4510 Si
1726 4457 1999 4521 diabolus,

431 4548 522 4618 qui
558 4547 798 4610 omnium
826 4548 1182 4618 dignissimus
1207 4557 1311 4613 est,
1341 4557 1398 4602 ut
1456 4549 1840 4619 proscindatur
1872 4564 2004 4604 cou-

431 4639 599 4704 vitiis,
626 4638 678 4693 id
711 4649 888 4694 tamen
919 4655 1026 4695 non
1069 4641 1338 4711 pertulita
1364 4641 1625 4699 Michaele
1671 4659 1856 4698 coram
1902 4643 2001 4699 Do-

431 4731 615 4798 mino;
649 4731 895 4800 profecto
926 4749 1075 4788 sana:
1101 4736 1298 4790 mentis
1333 4750 1440 4790 non
1473 4745 1620 4798 sunt,
1648 4736 1740 4805 qui
1768 4735 2005 4806 dignita-

430 4833 512 4879 tes
544 4823 848 4880 maledictis
874 4825 1183 4893 incessunt,
1215 4843 1344 4882 eum
1383 4828 1591 4899 angelis
1626 4831 1798 4882 multo
1831 4829 1941 4883 sint
1967 4829 2000 4882 ii

433 4916 695 4986 dignitate
727 4915 1032 4971 inferiores.
1104 4918 1405 4990 Dignitates
1457 4935 1584 4975 vero
1619 4920 1702 4974 vel
1728 4929 2000 4990 supernas

431 5007 684 5073 virtutes,
713 5007 798 5063 vel
831 5007 1239 5066 ecclesiasticas
1268 5019 1569 5080 potestates
1627 5020 1786 5065 vocat
1817 5025 1832 5063 :
1868 5028 1998 5066 con-

432 5108 514 5150 tra
552 5113 688 5167 quas
721 5099 810 5154 isti
848 5099 1217 5170 insurgentes,
1242 5116 1337 5158 eas
1362 5101 1711 5157 contumeliis
1741 5102 1996 5158 insectari

433 5203 540 5243 non
564 5191 841 5246 desinunt.

506 5280 673 5338 Vens.
704 5283 888 5337 12-15.
935 5303 954 5336 ‹
993 5284 1056 5338 lli
1079 5301 1210 5341 vero
1234 5285 1380 5341 velut
1409 5287 1744 5342 irrationalia
1777 5301 1998 5356 pecora,

433 5374 762 5429 naturaliter
797 5375 849 5428 in
879 5378 1184 5445 captionem
1232 5384 1288 5432 et
1335 5377 1634 5446 perniciem
1675 5379 1728 5432 in
1765 5378 1850 5432 bis
1881 5392 2002 5447 qua:

431 5465 1156 5536 ignora’ntblasphemantes
1209 5469 1264 5524 in
1314 5470 1668 5541 corruptione
1725 5485 1824 5524 sua
1861 5470 2005 5540 peri-

532 5645 544 5673 '
577 5644 751 5700 Judaz.
783 5645 837 5701 9.
928 5649 970 5680 "
1001 5646 1127 5704 Job.
1159 5662 1249 5716 ιι,
1281 5648 1368 5705 19.

2115 4462 2382 4532 μετέχειν,
2409 4463 2507 4513 οὐκ
2527 4459 2683 4528 ἔτυχε
2710 4457 2900 4511 τούτου
2931 4456 3079 4526 παρὰ
3099 4455 3192 4509 τοῦ
3216 4453 3434 4522 Μιχαὴλ
3451 4450 3682 4503 ἐνώπιον

2111 4555 2319 4624 Κυρίου
2349 4571 2364 4585 θ
2399 4554 2496 4606 ούκ
2529 4552 2593 4606 ἂν
2619 4550 3018 4620 σιν-φρονήσειεν
3043 4547 3094 4600 οἱ
3129 4546 3433 4616 προχείρως
3454 4542 3551 4603 τὰς
3587 4540 3684 4592 δό-

2111 4650 2208 4716 ξας
2236 4644 2702 4716 βλασφημοῦντες,
2733 4642 2911 4711 πολλῷ
2963 4639 3062 4709 τῆς
3103 4639 3211 4691 τῶν
3239 4637 3484 4704 ἀγγέλων
3503 4633 3686 4701 τιμιό-

2111 4755 2270 4807 τητος
2319 4738 2546 4789 κατόπιν
2606 4736 2912 4803 φερόμενοι.
2952 4751 2970 4782 ε
3017 4729 3182 4795 Δόξας
3211 4750 3230 4782 ι
3282 4728 3337 4781 δὲ
3385 4727 3482 4789 τὰς
3531 4725 3686 4788 θείας

2109 4831 2368 4898 δυνάμεις
2398 4829 2586 4897 φησὶν,
2617 4827 2649 4897 ἢ
2697 4828 2790 4880 καὶ
2836 4827 2932 4888 τὰς
2989 4818 3453 4889 ἐκκλησιαστικὰς
3481 4816 3683 4886 ἀρχὰς,

2107 4917 2182 4976 ὧν
2215 4921 2546 4984 ἁπεναντίας
2593 4920 2883 4989 φερόμενοι
2917 4909 3066 4970 οὗτοι
3125 4915 3176 4968 οί
3229 4910 3686 4984 βλασφημοῦντες

2107 5014 2277 5078 αὑτάς
2310 5012 2665 5068 διατελοῦσιν.

2187 5305 2204 5337 ι
2238 5279 2396 5339 Οὗτοι
2434 5284 2491 5338 δὲ
2514 5283 2588 5348 ὡς
2619 5283 2788 5350 ἄλογα
2813 5281 2928 5344 ζῶα
2954 5274 3325 5348 γεγεννημένα
3362 5271 3568 5342 φυσικὰ
3597 5270 3688 5334 εἰς

2108 5379 2308 5433 ἅλωσιν
2333 5377 2428 5429 καὶ
2456 5375 2688 5445 ἶρθορὰν,
2733 5377 2790 5428 ὲν
2817 5367 2900 5436 οἷς
2931 5368 3187 5438 ἀγνοοῦσι
3239 5362 3688 5468 βλασφημοῦντες

2113 5472 2170 5526 ὲν
2205 5471 2272 5541 τῇ
2305 5468 2481 5540 φθορᾷ
2508 5467 2690 5549 αὐτῶν
2735 5462 3251 5534 καταφθαρήσονται
3275 5477 3290 5492 ·
3327 5462 3685 5527 κομιούμενοι
