4020 6214
349 318 484 385 12ἷ3

1087 323 1497 388 EXPOSITIO
1530 327 1615 389 IN
1663 327 1907 389 EPIST‘.
1939 328 2002 387 Il
2038 328 2099 388 S.
2132 329 2381 391 PETRI.
2409 356 2479 366 -
2506 331 2667 394 CAP.
2710 334 2792 393 II.

3476 337 3611 403 1274

352 433 539 501 pr‘w
589 433 830 500 ἀδικίας,
889 434 1080 506 ἡδονὴν
1132 438 1428 509 ἡγούμενοι
1491 442 1593 511 τὴν
1642 444 1700 495 ὲν
1743 441 1933 512 ἡμέρᾳ

2060 451 2194 498 sunt.
2226 441 2598 512 Percipientes
2634 447 2938 501 mercedem
3001 447 3305 516 iniustitia.
3363 453 3616 523 voluptas

345 528 578 597 τρυφήν.
626 545 646 578 ι
677 526 833 591 Τινὲς
862 526 1019 581 τοῦτο
1044 528 1217 590 οὕτως
1243 526 1613 602 ἐξηγήσαντο’
1658 533 1745 596 Ὠς
1767 533 1934 602 ἄλογα

349 619 462 682 ζῶα
485 619 692 688 φυσικά
720 620 1095 697 γεγεννημένα
1137 624 1196 674 ὲν
1225 626 1290 694 τῇ
1342 624 1517 696 φθορᾷ
1546 626 1725 679 αὐτῶν
1762 644 1934 681 κατα-

350 712 744 781 φθαρήσονται,
771 712 919 767 τοῦτ’
939 712 1084 767 ἔστιν
1115 715 1267 768 οὐδὲν
1296 717 1664 783 διενεγκόντες
1695 719 1934 788 κτηνῶν,

350 802 387 859 ἃ
419 804 557 874 πρὸς
612 806 784 876 μόνην
835 806 1043 877 φθοράν
1089 807 1336 875 γέγονεν.
1398 810 1485 873 Ὡς
1523 809 1693 877 ἄλογα
1735 810 1791 863 δὲ
1819 810 1993 874 ζῶσιν-

354 897 580 964 φυσικὰ,
621 915 641 948 ι
679 896 826 950 τοῦτ’
856 898 1024 963 ἐστιν,
1067 901 1187 952 κατ’
1240 900 1494 971 αἴσθησιν
1528 902 1699 972 μόνην
1736 901 1936 965 ζῶντα,

353 986 414 1040 οὗ
440 986 582 1040 κατά
603 985 729 1040 νοῦν
762 986 853 1040 καὶ
883 987 982 1058 τὴν
1002 988 1198 1060 νοεράν
1224 988 1372 1060 ζωήν
1400 1007 1416 1021 ·
1447 991 1528 1044 διὸ
1557 991 1650 1043 καὶ
1674 990 1938 1044 εὐάλωτοι

355 1078 422 1147 τῇ
467 1077 611 1131 κατά
663 1077 763 1149 τὴν
822 1079 1067 1151 φθαρτὴν
1101 1080 1247 1151 ζωὴν
1274 1085 1622 1153 περιαγωγῇ,
1651 1081 1813 1152 θυμῷ
1844 1081 1940 1136 καὶ

355 1168 626 1239 ἐπιθυμία
682 1170 941 1239 ἀγόμενοι
1002 1172 1098 1224 καὶ
1151 1173 1601 1244 περιφερόμενοι,
1643 1192 1661 1225 ι
1718 1174 1803 1225 Ἐν
1857 1167 1940 1236 οἷς

353 1260 642 1327 ἀγνοοῦσιν
672 1301 687 1324 ,
751 1280 770 1313 ι
823 1262 943 1332 ἦτοι
984 1265 1050 1333 τῇ
1114 1262 1434 1337 καθηκούσῃ
1496 1264 1678 1317 αὐτῶν
1735 1263 1933 1337 ἀγνοίᾳ

358 1352 830 1423 βλασφημοῦντες,
855 1358 921 1426 τῇ
958 1355 1201 1424 ἐπαξίως
1235 1358 1416 1409 αὐτῶν
1445 1356 1622 1428 φθορᾷ
1648 1356 1939 1425 καταφθα-

360 1445 651 1514 ρήσονται,
718 1464 737 1497 ι
796 1446 1153 1518 κομιούμενοι
1223 1448 1413 1519 μισθὸν
1502 1448 1741 1511 ἀδικίας,
1800 1467 1820 1501 ι
1881 1448 1942 1502 ὃν

356 1532 596 1597 ἐθελοντὶ
629 1536 843 1599 ἑαυτοῖς
873 1539 1267 1606 προεξένησαν.
1304 1557 1323 1590 ι
1379 1535 1601 1608 Ἦδονην
1644 1536 1942 1610 ἡγούμενοι

354 1623 454 1695 τὴν
478 1625 538 1676 ὲν
561 1624 745 1695 ἡμέρᾳ.
777 1626 1011 1697 τρυφήν.
1068 1644 1086 1677 ι
1122 1626 1195 1679 Τὸ
1238 1626 1427 1693 ὄντως,
1473 1626 1664 1696 φησιν,
1720 1626 1939 1695 ἐφετὸν,

356 1718 453 1771 καὶ
477 1718 576 1787 τὴν
607 1717 782 1786 ἀληθῆ
812 1719 906 1770 καὶ
947 1719 1250 1788 ἐπέραστον
1303 1718 1647 1790 εὐφροσύνην
1684 1719 1780 1787 καὶ
1819 1720 1943 1790 ἡδο-

358 1811 478 1880 νὴν,
504 1809 561 1861 ἐν
588 1811 654 1879 τῇ
683 1808 1006 1879 καθημέραν
1035 1809 1306 1878 τιθέμενοι
1333 1807 1427 1861 τοῦ
1458 1809 1659 1880 λαιμοῦ
1697 1808 1941 1862 ἀπολαύ-

359 1916 466 1953 σει.
501 1900 699 1952 Ἰστέον
734 1900 940 1970 μέντοι,
978 1900 1053 1962 ὡς
1092 1903 1125 1967 ἡ
1180 1900 1299 1976 θεία
1351 1901 1546 1972 Γραφὴ
1586 1901 1656 1955 τά
1697 1900 1943 1971 φυσικῶς

358 1988 549 2042 ἐνόντα
578 1993 690 2052 τοῖς
717 1987 1046 2060 ἀνθρώποις,
1077 1989 1223 2043 τοῦτ’
1248 1992 1363 2045 ἔστι
1390 1993 1457 2045 τά
1482 1991 1556 2057 ὡς
1582 1990 1743 2057 ζώοις
1762 1993 1945 2055 αὐτοῖς

359 2081 758 2152 ἐνυπάρχοντα,
787 2081 875 2134 ἐπ’
926 2080 992 2136 ἂν
1039 2082 1289 2155 διαϐάλῃ,
1329 2082 1464 2152 πρὸς
1502 2083 1571 2137 τὰ
1606 2083 1779 2153 ἄλογα
1838 2084 1946 2151 ἀφ-

358 2176 557 2243 ομοιοῖ,
592 2192 611 2225 ι
648 2174 989 2246 Ἀνθρωπος,
1030 2175 1334 2242 φάσκουσα,
1365 2176 1422 2229 ὲν
1446 2177 1579 2246 τιμῇ
1613 2174 1689 2228 ὢν
1718 2175 1779 2228 οὐ
1816 2192 1943 2228 aw-

362 2264 500 2333 ἧκε*
564 2263 1044 2335 [παρασυνεόλήθη
1098 2266 1213 2328 τοῖς
1244 2266 1471 2334 κτήνεσι
1519 2267 1634 2329 τοῖς
1673 2266 1942 2336 ἀνοήτοις,

363 2355 459 2407 καὶ
490 2354 749 2425 ὡμοιώθη
780 2356 966 2418 αὐτοῖς
1075 2356 1192 2420 καὶ,
1236 2372 1257 2406 ι
1297 2355 1388 2427 Μὴ
1421 2355 1638 2423 γίνεσθε
1669 2354 1745 2419 ὡς
1778 2355 1944 2418 ἵππος

362 2446 460 2500 καὶ
486 2448 705 2517 ἡμίονος
729 2464 743 2478 ·
768 2467 785 2500 ι
818 2449 933 2512 καὶ,
966 2467 984 2500 ι
1014 2448 1203 2502 Ἴπποι
1222 2448 1548 2519 θηλυμανεῖς
1574 2445 1866 2518 [ἐγένοντο]
1883 2465 1896 2478 ο
1919 2466 1938 2498 ι

361 2540 477 2607 καὶ,
508 2558 526 2591 ι
561 2539 785 2593 Γίνεσθε
816 2539 1075 2610 φρόνιμοι
1126 2539 1199 2602 ὡς
1246 2540 1296 2592 οί
1322 2539 1498 2609 ὄφεις,
1530 2540 1625 2592 καὶ
1694 2539 1947 2608 ἀκέραιοι

301 2614 323 2635 ί
360 2630 437 2695 ὡς
481 2632 537 2686 αἱ
583 2632 944 2704 περιστεραί·
992 2650 1011 2683 ι
1062 2631 1121 2684 οὐ
1170 2631 1542 2700 μεταποιοῦσα
1590 2628 1689 2693 τὰς
1756 2628 1949 2698 φύσεις

365 2724 650 2792 φάσκουσα
694 2724 890 2790 ταῦτα,
927 2723 1064 2777 ἀλλά
1115 2724 1320 2777 τούτων
1350 2722 1449 2785 τάς
1493 2722 1730 2792 φυσικὰς
1771 2722 1950 2791 ὁρμὰς

368 2816 530 2884 μόνον
580 2815 849 2869 ἐκκλίνειν
902 2814 1319 2883 παρακαλοῦσα.
1353 2812 1525 2869 Ὅταν
1584 2815 1640 2868 δὲ
1680 2812 1950 2884 σωτήριόν

363 2903 468 2978 [τι]
512 2905 894 2979 παραγγέλλῃ,
932 2907 1068 2977 πρδς
1115 2907 1183 2960 τά
1227 2906 1462 2977 κρείττω
1507 2904 1604 2977 τὴν
1646 2905 1945 2976 ὁμοιότητα

372 2996 776 3068 παραπέμπει’
825 2996 901 3057 ὡς
933 2996 1014 3062 τὺ,
1061 2995 1333 3049 «Γίνεσθε
1375 2995 1746 3066 οἰκτίρμονες,
1806 2994 1879 3055 ὡς
1922 2994 1952 3046 ὁ

2038 540 2145 587 tem
2178 533 2556 589 existimantes
2606 535 2712 590 diei
2770 536 3009 591 delicias.
3050 556 3070 590 ι
3107 537 3336 604 Quidam
3380 541 3483 596 hoc
3540 544 3615 598 ita

2036 631 2317 691 exponunt
2362 640 2375 676 :
2414 619 2570 677 Velut
2624 624 2785 679 bruta
2840 626 3137 680 animantia
3196 629 3487 689 naturalia,
3561 610 3615 687 in

2036 713 2344 781 corruptela
2380 714 2621 783 ipsorum
2664 714 2921 785 peribunt
2962 733 2977 771 :
3027 716 3129 771 hoc
3155 727 3261 783 est,
3299 720 3432 775 nihil
3457 722 3617 779 diil'e-

2037 815 2218 859 rentes
2256 820 2284 857 a
2329 805 2616 873 jumentis,
2651 823 2773 874 qua:
2824 810 2890 862 ad
2942 811 3312 880 corruptelam
3379 821 3618 873 tantum:

2038 896 2195 949 modo
2226 906 2550 951 nascuntur.
2589 917 2606 949 ι
2655 897 2725 954 Ut
2778 900 2935 954 bruta
2995 914 3174 955 autent
3238 904 3558 972 animantia,
3590 936 3609 960 ι

2040 986 2140 1038 hoc
2158 995 2262 1047 est,
2290 987 2405 1039 solo
2429 1002 2621 1053 sensu,
2650 1004 2757 1042 non
2786 999 2965 1043 mente
2995 998 3046 1045 et
3097 993 3306 1046 ratione
3332 994 3572 1049 viventes
3599 1035 3614 1060 ,

2038 1086 2093 1128 et
2126 1076 2334 1129 idcirco
2387 1078 2552 1137 rebus
2580 1081 3037 1149 corruptibilibns
3071 1079 3228 1137 facile
3265 1087 3430 1153 capti,
3457 1096 3619 1155 atque

2040 1166 2118 1220 ira
2143 1175 2197 1222 et
2238 1168 2683 1239 concupiscentia
2714 1173 2842 1235 acti,
2889 1189 2907 1220 ι
2940 1173 2991 1225 in
3013 1173 3098 1226 his
3127 1176 3545 1243 quaeignorant,
3587 1196 3605 1229 ι

2040 1274 2133 1314 seu
2170 1258 2221 1312 in
2256 1273 2498 1326 congrua
2534 1260 2669 1328 ipsis
2704 1261 3033 1329 ignorantia,
3070 1263 3358 1317 maledicta
3390 1264 3621 1318 funden-

2041 1360 2144 1416 tes,
2179 1350 2450 1420 condigna
2486 1352 2798 1420 corruptela
2834 1352 3158 1417 interibunt,
3198 1372 3216 1404 ι
3259 1356 3621 1425 pereipientes

2040 1441 2346 1497 mercedem
2390 1440 2694 1508 iniustitiae,
2734 1461 2752 1493 ι
2791 1458 2955 1510 quam
3005 1443 3218 1498 scilicet
3273 1445 3376 1498 sibi
3428 1455 3623 1514 sponte

2042 1533 2473 1587 accersiverunt.
2508 1550 2527 1583 ι
2567 1530 2916 1602 Voluptatem
2948 1533 3324 1588 existimantes
3353 1535 3457 1589 diei
3489 1535 3624 1588 deli-

2042 1622 2177 1685 cias,
2219 1642 2237 1674 ι
2273 1621 2378 1676 hoc
2407 1632 2509 1683 ρει,
2572 1622 2808 1676 maxime
2840 1621 3285 1688 desiderabilem,
3339 1639 3519 1678 veram
3562 1638 3624 1678 ac

2045 1730 2304 1786 perquam
2336 1718 2623 1772 amabilem
2660 1718 2903 1773 laetitiam
2969 1729 3022 1774 et
3054 1721 3380 1788 voluptatem
3411 1719 3463 1771 in
3487 1735 3622 1787 quo-

2048 1808 2249 1861 tidiana
2284 1809 2522 1876 gutturis
2565 1808 2822 1863 fruitiune
2879 1808 3041 1863 sitam
3100 1823 3224 1862 esse
3283 1816 3619 1878 reputantes.

2047 1898 2598 1953 Animadvertendum
2626 1914 2752 1952 vero
2788 1913 3000 1952 sacram
3028 1897 3389 1968 Scripturam,
3410 1914 3473 1953 ea
3506 1913 3626 1964 quae

2046 1989 2205 2044 nobis
2240 1990 2386 2043 Vt'lul
2419 1990 2808 2044 animabilibus
2839 1989 3049 2053 insunt,
3079 2004 3205 2041 cum
3235 2005 3294 2042 ea
3330 1989 3622 2056 vituperat,

2046 2080 2223 2134 brutis
2253 2081 2625 2135 animantibus
2645 2061 2982 2145 assimilare;
3019 2089 3075 2131 ut
3098 2094 3221 2132 cum
3248 2078 3323 2131 ait
3351 2098 3364 2133 :
3402 2098 3419 2130 ι
3454 2077 3626 2132 llmno

2044 2185 2169 2225 cum
2200 2171 2253 2225 in
2282 2170 2486 2226 honore
2511 2180 2682 2236 esset,
2718 2187 2823 2225 non
2853 2173 3143 2233 intellexit,
3167 2182 3510 2240 comparatus
3545 2180 3628 2225 est
3676 2238 3683 2243 ι

2041 2262 2311 2332 jumentis
2348 2261 2759 2331 insipientibus,
2824 2272 2876 2317 et
2929 2262 3126 2315 similis
3186 2262 3365 2315 factus
3406 2272 3488 2317 est
3557 2264 3628 2314 il-

2046 2352 2114 2407 lis
2146 2351 2210 2405 “.
2252 2370 2270 2401 ι
2310 2381 2376 2391 -—
2417 2369 2436 2402 ι
2465 2351 2640 2405 Nolite
2673 2352 2784 2406 ﬁeri
2813 2354 2955 2408 sicut
2997 2369 3172 2419 equus
3217 2363 3269 2407 et
3300 2356 3481 2408 mulus
3506 2354 3568 2408 “.
3602 2373 3622 2405 ι

2045 2470 2116 2482 —
2146 2460 2164 2493 ι
2204 2439 2339 2512 Equi
2365 2455 2656 2508 amatores,
2686 2454 2738 2497 et
2760 2444 3027 2497 emissarii
3052 2444 3178 2498 facti
3205 2455 3332 2499 sunt
3363 2446 3427 2500 ¹¹⁵.
3457 2465 3475 2496 ι
3508 2447 3572 2498 Et
3605 2463 3619 2499 :

2056 2553 2074 2587 ι
2113 2532 2299 2588 Estote
2334 2534 2631 2600 prudentes
2679 2534 2824 2589 sicut
2869 2547 3176 2606 serpentes,
3244 2545 3297 2590 et
3350 2538 3631 2606 simplices

2050 2628 2192 2682 sicut
2224 2628 2494 2682 columbae
2534 2628 2599 2681 ’⁸.
2649 2646 2667 2679 ι
2725 2626 2856 2693 Quae
2911 2644 3035 2683 cum
3097 2631 3193 2692 ait,
3239 2647 3344 2683 non
3407 2641 3631 2686 naturas

2049 2719 2374 2773 conunutari
2414 2720 2563 2785 vult,
2601 2719 2696 2774 Sed
2751 2722 3034 2777 naturales
3068 2737 3257 2776 eorum
3320 2723 3629 2777 inclinatio-

2053 2827 2171 2873 nes,
2215 2820 2273 2866 ut
2307 2811 2668 2873 declinemus.
2704 2811 2974 2869 hortatur.
3003 2813 3140 2868 Cum
3177 2823 3356 2867 autem
3395 2814 3633 2868 salutare

2053 2902 2182 2973 quid
2211 2901 2375 2975 394
2398 2902 2613 2969 suadet,
2651 2919 2717 2958 ex
2752 2903 3070 2958 melioribus
3093 2904 3509 2958 similitudinem
3544 2921 3634 2957 ae-

2054 2995 2239 3047 cersit.
2277 2994 2367 3047 Sic
2410 2993 2531 3049 ait:
2578 3015 2594 3046 ι
2631 2993 2818 3050 Estote
2865 2995 3289 3054 misericordes.‘
3328 2996 3471 3051 sicut
3530 2994 3635 3047 Pa-

365 3086 555 3159 Πατὴρ
588 3086 742 3158 ὑμῶν
770 3088 798 3141 ὁ
827 3087 1103 3158 οὐράνιος.
1151 3106 1169 3139 ι
1204 3086 1339 3140 Οὐδὲ
1366 3085 1603 3140 ἐνταῦθα
1631 3085 1729 3149 τάς
1760 3084 1948 3152 φύσεις

2058 3095 2140 3139 ter
2180 3096 2362 3139 vester
2413 3086 2508 3157 qui
2561 3089 2615 3140 in
2659 3088 2816 3142 caelis
2847 3096 2931 3143 est
2957 3088 3023 3141 ".
3073 3106 3091 3138 ι
3132 3085 3319 3161 Neque
3354 3087 3442 3141 hic
3475 3098 3634 3140 natu-

368 3181 677 3247 μεταποιεῖ,
736 3178 851 3231 ἀλλ’
912 3179 1105 3251 ὅσονή
1164 3178 1316 3250 ίσχὺς
1368 3176 1754 3239 ὑποϐάλλεται,
1792 3175 1953 3229 τοῦτο

367 3271 543 3322 ποιεῖν
569 3268 1080 3339 παρακελευομένη.

443 3463 462 3490 ε
501 3447 689 3491 suum
722 3445 818 3490 καὶ
851 3443 1054 3506 μῶμοι,
1090 3441 1467 3506 δντρυφῶντες
1496 3442 1553 3487 ὲν
1576 3442 1700 3497 ταῖς
1716 3441 1953 3497 ἀπάταις

368 3530 579 3593 αὐτῶν,
627 3525 1095 3596 συνευωχούμενοι
1147 3526 1320 3596 ἡμῖν,
1374 3524 1689 3594 ὀφθαλμοὺς
1739 3524 1955 3593 ἔχοντες

373 3621 611 3690 μεστοὺς
669 3616 976 3689 μοιχαλίδος
1016 3616 1110 3669 καὶ
1169 3613 1598 3669 ἀκαταπαύστου
1656 3614 1954 3684 ἁμαρτίας,

367 3711 711 3775 δελεάζοντες
742 3709 921 3778 ψυχὰς
973 3707 1360 3778 ἀστηρίκτους,
1392 3705 1622 3778 καρδίαν
1671 3721 1953 3773 γεγυμνα-

373 3804 576 3874 σμένην
614 3799 929 3864 πλεονεξίας
984 3799 1219 3868 ἔχοντες,
1282 3799 1530 3868 κατάρας
1564 3797 1753 3859 τέκνα,
1786 3814 1958 3850 κατα-

367 3896 616 3956 λιπόντες
635 3893 733 3963 τὴν
766 3891 979 3944 εὐθεῖαν
1040 3890 1180 3951 ὁδὸν,
1224 3891 1633 3960 ἐπλανήθησαν,
1669 3890 1958 3954 ἐξακολου.

370 3988 636 4053 θὴσαντες
657 3986 723 4052 τῇ
748 3981 854 4050 όδῷ
900 3980 990 4033 τοῦ
1027 3980 1125 4032 Ba.)
1140 3981 1256 4050 αάμ
1292 3979 1386 4032 τοῦ
1426 3980 1621 4048 Βοσὸρ,
1663 3979 1724 4044 δς
1763 3981 1957 4050 μισθὸν

370 4075 587 4139 ἀδικίας
638 4074 947 4144 ἠγάπησεν.
982 4070 1234 4139 Ἐλεγξιν
1289 4071 1345 4124 δὲ
1397 4070 1559 4141 ἔσχεν
1600 4071 1737 4133 ιδίας
1779 4089 1959 4140 παρα-

373 4168 595 4239 νομίαςο
661 4164 956 4232 ὑποζύγιον
1012 4164 1248 4233 ἄφωνον,
1319 4165 1376 4217 ὲν
1446 4162 1740 4232 ἀνθρώπου
1805 4164 1956 4233 φωνῇ

373 4260 767 4331 φθεγξάμενον,
802 4257 1041 4310 ἐκώλυσε
1087 4255 1188 4326 τὴν
1217 4254 1311 4308 τοῦ
1343 4256 1625 4326 προφήτου
1664 4270 1959 4326 παραφροο

374 4353 514 4406 νίαν.
565 4372 583 4404 ι
617 4352 691 4404 Τὸ
714 4351 841 4420 ἑξῆς
890 4348 1064 4411 οὕτως
1085 4365 1099 4380 ·
1138 4366 1156 4399 ι
1198 4347 1385 4400 Σπῖλοι
1419 4348 1513 4400 καὶ
1564 4347 1749 4417 μῶμοι
1777 4363 1792 4377 ·
1825 4363 1959 4417 καρ-

2055 3192 2147 3231 ras
2198 3178 2619 3236 commutandas
2670 3186 2883 3246 censet,
2949 3178 3046 3234 sed
3112 3179 3383 3240 hortatur,
3444 3186 3501 3231 ut
3566 3176 3633 3230 ad

2056 3267 2132 3329 id,
2193 3276 2459 3335 quantum
2518 3268 2669 3324 vires
2729 3266 3101 3324 nostrmierre
3161 3276 3412 3337 possunt,
3463 3270 3637 3321 enita-

2055 3371 2203 3411 Dllll‘.

2131 3443 2293 3499 Vens.
2330 3448 2520 3501 15-16.
2562 3467 2580 3498 ι
2618 3448 3108 3518 Coinquinationes
3140 3459 3195 3505 et
3222 3448 3446 3503 macula:
3496 3446 3634 3502 deli-

2058 3535 2159 3589 ciis
2181 3537 2484 3601 aiiluentes,
2511 3540 2563 3591 in
2602 3541 2871 3596 conviviis
2919 3543 3037 3598 suis
3089 3541 3429 3599 luxuriantes
3458 3540 3639 3596 vobis-

2060 3642 2209 3680 cum.
2239 3627 2447 3681 Oculos
2489 3630 2751 3684 habentes
2788 3633 2979 3700 plenus
3008 3636 3282 3698 adulterii,
3310 3643 3365 3688 et
3402 3634 3639 3689 incessa-

2067 3717 2192 3770 bilis
2255 3717 2462 3772 delicti.
2522 3718 2871 3774 Pellieientes
2911 3722 3127 3776 animas
3192 3724 3498 3789 instabiles,
3540 3739 3639 3779 cor

2061 3808 2420 3861 exercitatum
2458 3810 2687 3864 avaritia
2720 3810 3008 3879 habentes,
3069 3815 3468 3870 tnaledietionis
3518 3816 3635 3871 lilii.

2063 3901 2517 3970 Derelinquentes
2598 3912 2799 3957 rectam
2847 3905 3012 3969 viam,
3080 3913 3410 3960 erraverunt
3463 3907 3639 3961 secuti

2060 3993 2203 4046 viam
2236 3991 2455 4048 Balaam
2489 4010 2555 4048 ex
2597 3993 2790 4058 Bosor,
2824 3996 2916 4065 qui
2971 3995 3278 4050 mercedem
3328 3997 3641 4066 iniquitatis

2063 4085 2285 4139 :unavit.
2318 4084 2733 4154 Curreptionem
2773 4102 2902 4140 vero
2961 4087 3152 4141 habuit
3194 4103 3308 4143 suae
3350 4088 3589 4142 vesania:
3623 4106 3639 4145 :

2062 4175 2352 4245 subjugale
2389 4184 2604 4230 mutum
2656 4176 2881 4242 animal,
2919 4177 3154 4232 hominis
3196 4194 3329 4233 voce
3388 4178 3638 4248 loquens,

2062 4267 2343 4338 prohibuit
2370 4268 2648 4338 prophetae
2683 4267 3077 4338 insipientiam.
3128 4288 3146 4321 ι
3177 4268 3326 4324 Ordo
3353 4269 3640 4324 verborum

2062 4368 2190 4413 est:
2230 4377 2248 4409 ι
2288 4358 2779 4427 Coinquinaticnes
2818 4368 2869 4414 et
2921 4361 3147 4415 maculae
3177 4378 3190 4416 :
3226 4377 3322 4415 cor
3373 4361 3642 4415 exercita-

372 4447 491 4500 δίαν
506 4443 969 4513 γεγυμνασμένην
999 4441 1214 4512 ἔχοντες
1241 4438 1555 4504 πλεονεξίας
1584 4460 1602 4493 ι
1636 4439 1808 4509 (τοῦτ’
1836 4440 1950 4493 ἔστι

2067 4463 2177 4504 tum
2213 4451 2419 4504 malitia
2448 4450 2730 4517 habentes,
2763 4440 3170 4506 iualedictionis
3203 4451 3320 4516 filii,
3346 4450 3643 4505 convivan-

373 4537 461 4591 διά
488 4534 804 4601 πλεονεξίας
834 4535 1344 4606 γεγυμνασμένην),
1400 4553 1419 4586 ι
1461 4533 1709 4604 κατάρας
1763 4536 1955 4599 τέκνα,

378 4628 848 4700 συνευωχούμενοι
889 4630 1055 4700 ἡμῖν·
1097 4627 1413 4696 ὀφθαλμοὺς
1470 4626 1685 4697 ἔχοντες
1728 4628 1957 4699 πλήρεις

381 4722 690 4794 μοιχαλίδος
723 4721 819 4774 καὶ
855 4718 1282 4779 ἁκαταπαύστου
1324 4719 1616 4791 ἁμαρτίας,
1648 4720 1957 4784 δελεάζουσι

373 4815 549 4886 ψυχὰς
577 4812 939 4885 ἀστηρίκτους
958 4827 972 4842 ⁸
999 4831 1016 4860 ι
1051 4810 1116 4872 ἃς
1151 4812 1247 4863 καὶ
1278 4810 1490 4872 Παῦλος
1520 4811 1744 4863 ἐκάλεσε
1776 4828 1964 4879 γυναι.

378 4906 551 4976 κάρια
590 4902 977 4974 σεσωρευμένα
1024 4901 1323 4972 ἁμαρτίαις
1363 4916 1376 4930 °
1415 4901 1466 4953 οἱ
1516 4899 1560 4954 δ’
1618 4902 1770 4985 αυτοὶ
1817 4897 1963 4957 οὗτοι

384 5016 404 5047 ι
437 4996 830 5059 καταλιπόντες
891 4994 1107 5047 εὐθεῖαν
1150 4993 1291 5056 ὁδὸν,
1348 4992 1721 5063 ἐπορεύθησαν
1753 4997 1817 5064 τῇ
1858 4994 1963 5063 ὀδῷ

376 5088 472 5142 τοῦ
499 5089 732 5157 Βαλαὰμ
763 5085 856 5139 τοῦ
896 5085 1093 5154 Βοσὸρ,
1131 5104 1148 5137 ι
1186 5086 1278 5137 καὶ
1306 5083 1452 5153 ἑξῆς.
1486 5085 1551 5136 At
1576 5083 1751 5152 φωναὶ
1780 5085 1958 5138 αὐτῶν

382 5202 402 5233 ι
446 5180 553 5234 εἰσὶ
592 5181 766 5249 πηγαὶ
814 5160 1056 5249 ἀνυδροι,
1080 5176 1303 5245 νεφέλαι
1337 5175 1442 5228 ὑπὸ
1466 5175 1726 5239 λαίλαπος
1757 5176 1955 5244 ἀφανι-

378 5272 624 5343 ζόμεναι,
652 5290 671 5323 ι
731 5273 826 5325 καὶ
869 5271 1017 5339 ἑξῆς.
1078 5269 1189 5324 Καὶ
1211 5269 1355 5332 τίνος
1391 5268 1553 5338 χάριν
1609 5286 1627 5318 ι
1656 5269 1685 5320 ό
1733 5268 1896 5337 ζόφος
1936 5288 1954 5320 ι

318 5360 329 5367 “
380 5362 563 5426 αὐτοῖς
605 5380 623 5413 ι
657 5360 945 5414 ἀπόκειται
985 5379 1003 5411 ι
1045 5361 1148 5423 εἰς.
1177 5360 1268 5412 τον
1316 5358 1580 5428 μέλλοντα
1611 5357 1827 5425 αἰῶνα;
1861 5359 1959 5412 Διά

379 5452 477 5523 τὴν
499 5453 805 5522 ὑπέρογκον
846 5451 1028 5504 αὐτῶν
1058 5450 1422 5519 ματαιότητα,
1449 5449 1517 5502 δι’
1544 5445 1611 5520 ἧς
1643 5449 1959 5514 δελεάζουσι

381 5547 505 5609 τοὺς
531 5547 660 5615 πρὶν
688 5545 746 5597 ἐν
774 5544 951 5615 πλάνῃ
994 5542 1463 5613 ἀναστραφέντας,
1513 5542 1609 5596 καὶ
1633 5542 1805 5606 ὅντως
1827 5542 1961 5596 ταύ-

451 5732 491 5762 ¹³
519 5732 659 5787 ίέ.ι1.
683 5744 875 5796 xum,
908 5728 989 5783 15.
1057 5726 1095 5760 ι’
1137 5725 1280 5784 Psal.
1308 5741 1462 5795 xxxi,
1487 5727 1539 5781 9.
1596 5725 1637 5757 "
1665 5724 1863 5781 Jercm.
1889 5740 1943 5790 v,

2098 5725 2139 5755 ’⁸
2165 5723 2353 5779 Matth.
2381 5739 2432 5790 ι,
2460 5723 2543 5779 16.
2623 5722 2665 5755 ⁸⁷
2695 5720 2827 5779 Luc.
2854 5739 2931 5790 γι,
2959 5723 3049 5777 5'3.

2066 4551 2169 4606 tes,
2192 4540 2246 4595 in
2277 4542 2392 4597 suis
2432 4542 2699 4596 conviviis
2751 4543 3113 4608 luxuriantes,
3150 4543 3342 4598 oculos
3378 4542 3640 4597 habentes

2066 4635 2257 4702 plenos
2289 4632 2572 4697 adulterii,
2603 4642 2656 4689 et
2711 4633 3063 4689 incessabilis
3099 4649 3195 4689 seu
3229 4633 3477 4704 perpetui
3505 4631 3642 4687 deli-

2064 4726 2160 4787 cti,
2195 4723 2480 4793 pellieiuut
2512 4725 2723 4781 animas
2758 4725 3043 4780 instabiles
3081 4743 3098 4774 ι
3140 4724 3301 4795 (quas
3334 4733 3388 4778 ct
3434 4721 3640 4780 Paulus

2070 4814 2422 4870 mulierculas
2452 4816 2692 4884 peccatis
2722 4824 2975 4870 oneratas
3013 4824 3170 4868 vocat
3202 4815 3265 4885 η)
3298 4835 3315 4865 ι
3347 4826 3396 4869 et
3438 4815 3489 4868 hi
3527 4815 3641 4882 qui-

2065 4907 2214 4970 dem,
2248 4906 2443 4960 relieta
2475 4907 2561 4959 via
2598 4920 2767 4967 recta.
2804 4908 3061 4960 abierunt
3121 4908 3205 4960 via
3264 4906 3481 4958 Balaam
3542 4904 3635 4957 tilii

2067 4997 2257 5062 BtlS'H‘,
2300 5015 2318 5048 ι
2343 5005 2450 5051 etc.
2478 4995 2656 5050 Voces
2681 5012 2866 5051 eorum
2904 5016 2922 5049 ι
2961 5006 3091 5052 sunt
3126 4997 3301 5050 fontes
3330 4996 3447 5049 sine
3473 5009 3635 5063 aqua.

2062 5097 2117 5143 et
2154 5089 2364 5143 nebula:
2403 5087 2718 5143 turbinibus
2771 5089 3004 5159 agitatae,
3048 5108 3065 5139 ι
3109 5102 3204 5141 seu
3233 5085 3494 5155 disjectaa.
3529 5083 3634 5139 Sed

2061 5193 2225 5247 quam
2261 5178 2330 5231 ob
2350 5192 2573 5232 causam
2611 5194 2627 5228 t
2665 5177 2837 5248 caligo
2869 5179 3218 5232 tenebrarum
3262 5191 3280 5225 ι
3317 5173 3423 5227 illis
3456 5174 3509 5226 in
3555 5172 3640 5225 fu-

2061 5276 2244 5322 turum
2272 5269 2530 5323 smeulum
2564 5285 2584 5320 ι
2623 5267 2975 5322 reservatur?
3004 5286 3021 5317 ι
3062 5264 3637 5319 Seilicetobtumidis-

2063 5364 2258 5418 simam
2308 5377 2496 5417 eorum
2544 5361 2883 5415 vanitatem:
2925 5371 3032 5427 qua
3065 5371 3182 5417 eos,
3229 5355 3319 5426 qui
3370 5370 3632 5414 errorem.

2065 5458 2118 5509 in
2153 5470 2262 5523 quo
2295 5462 2453 5509 antea
2499 5453 2701 5515 versati
2756 5457 2906 5512 sunt,
2948 5446 3276 5518 effugerant,
3330 5445 3631 5515 pellieiuut,

2065 5560 2127 5599 ac
2162 5546 2407 5600 inescant
2431 5541 2785 5613 impudicitiis
2810 5554 2870 5594 ac
2900 5539 3186 5594 desideriis
3216 5536 3545 5597 carnalibus,
3576 5543 3635 5587 ut

3152 5722 3193 5754 "
3228 5720 3266 5774 ll
3294 5716 3433 5775 Titii.
3462 5732 3543 5784 tu,
3576 5717 3630 5771 6.
