4020 6214
434 311 570 378 1277

1208 321 1615 385 EXPOSITIO
1647 323 1739 384 [δί’
1764 321 2000 384 EPIST.
2038 326 2094 384 ll
2135 325 2197 385 S.
2233 325 2486 385 PETRI.
2528 352 2593 361 -
2620 326 2778 386 CAP.
2817 328 2908 387 IlI

3542 332 3676 397 19.78

430 428 780 497 φθέγγονται,
804 430 1146 495 δελεάζοντες
1162 432 1247 485 διὰ
1282 435 1378 501 τῆς
1409 433 1676 504 σαρκικῆς
1712 432 2005 501 ἐπιθυμίας

2115 433 2237 484 tiam
2269 434 2333 485 ad
2367 434 2588 501 impudit
2612 435 2795 486 itatem
2831 452 2925 489 eos
2948 436 3039 504 qui
3073 452 3195 489 vero
3227 438 3547 507 effugerant,
3578 461 3673 498 set

428 523 486 571 ἐν
530 522 650 582 ταῖς
684 519 996 588 ἀσελγείαις
1039 523 1164 585 τοὺς
1218 523 1434 591 ἀληθῶς
1485 525 1863 592 ἀποφυγόντας
1916 523 2009 574 καὶ

424 608 681 676 καθάπαξ
715 611 838 674 τοὺς
876 612 1004 681 πρὶν
1036 615 1091 665 ἐν
1123 612 1300 685 πλάνῃ
1329 614 1858 684 ἀναστρεφομένους,
1889 607 2007 664 εἶτα

432 701 535 754 ὑπὸ
564 700 753 771 Κυρίῳ
796 704 1178 772 πραττόμενοι.
1234 704 1395 757 Ἀλλὰ
1433 704 1527 756 καὶ
1571 703 1767 765 δοῦλοι,
1818 688 2006 772 φησὶν,

429 790 582 854 ὅντες
608 792 762 844 αὐτοὶ
790 792 885 859 τῆς
914 793 1319 862 προειρημένης
1346 793 1710 861 ἀκαθαρσίας,
1749 793 1817 862 ἣν
1856 813 1874 844 ι
1915 800 2008 852 καὶ

433 879 639 948 φθορὰν
678 880 904 943 δικαίως
935 881 1110 945 καλεῖ,
1147 882 1458 953 ἐλευθερίαν
1489 884 1599 944 τοῖς
1629 883 2006 949 ἀπατωμένοις

430 971 894 1038 ἐπαγγέλλονται·
926 972 1006 1025 διὸ
1039 972 1130 1025 καὶ
1160 972 1418 1041 λογισμὸν
1448 972 1644 1040 ἐπάγει
1683 972 2003 1041 θαυμάσιον,

429 1063 510 1115 ὃτι
536 1062 711 1117 δοῦλοι
737 1062 885 1126 ὄντες
915 1064 1010 1131 τῆς
1041 1064 1337 1134 ἁμαρτίας.
1400 1082 1417 1114 ι
1451 1058 1523 1133 ’ᾨ
1555 1063 1661 1133 γάρ
1710 1079 1794 1125 τις
1836 1063 2006 1132 ἥττη-

429 1168 519 1205 ται
557 1171 577 1204 ι
622 1151 806 1219 πάθει,
847 1173 865 1205 ι
907 1152 1080 1219 τούτῳ
1118 1155 1210 1206 καὶ
1259 1152 1603 1206 δεδούλωται.
1654 1154 1816 1206 Αὐτοὶ
1857 1153 2008 1205 ἐλευ-

432 1242 617 1312 θερίαν
642 1243 819 1307 ἄλλοις
859 1244 1301 1312 ἐπαγγέλλονται.
1353 1243 1523 1295 Τοῦτο
1567 1242 1625 1296 δὲ
1673 1243 2005 1313 πλατύτερον

430 1322 519 1386 διά
556 1332 663 1386 τῶν
696 1333 821 1404 ἑξῆς
869 1335 1264 1406 γνωσθήσεται.

508 1444 526 1477 ι
556 1426 621 1479 Εἰ
644 1425 753 1497 γὰρ
784 1427 1155 1496 ἀποφυγόντες
1184 1428 1250 1481 τὰ
1276 1427 1562 1498 μιάσματα
1585 1425 1680 1479 τοῦ
1713 1426 1919 1496 κόσμου
1946 1427 2004 1480 ἐν

430 1516 723 1584 ἐπιγνώσει
768 1518 863 1570 τοῦ
916 1518 1119 1585 Κυρίου
1169 1517 1327 1587 ἡμῶν
1384 1520 1478 1571 καὶ
1519 1519 1771 1589 Σωτῆρος
1826 1517 2001 1589 Ἰησοῦ

430 1608 688 1677 Χριστοῦ,
734 1608 941 1671 τούτοις
980 1608 1037 1660 δέ
1088 1609 1250 1661 πάλιν
1298 1609 1674 1675 ἐμπλακέντες
1708 1609 1998 1678 ἡττῶνται,

429 1702 649 1766 γέγονεν
686 1700 868 1764 αὐτοῖς
923 1699 991 1753 τά
1052 1699 1256 1769 ἔσχατα
1314 1700 1530 1770 χείρονα
1580 1699 1688 1752 τῶν
1744 1700 1996 1770 πρώτων.

2110 523 2226 588 qui,
2263 538 2382 575 cun:
2418 523 2548 574 olim
2605 524 2655 575 in
2712 540 2901 577 errore
2961 540 3336 590 versarentur,
3388 530 3454 581 ad
3506 532 3673 584 Deum

2110 614 2361 665 tottVCl’Si
2393 622 2569 666 erant.
2608 612 2806 666 Verum
2836 624 2887 668 et
2917 617 3059 670 servi
3088 616 3123 668 ii
3155 633 3279 670 cum
3314 619 3445 679 sint.
3477 621 3671 689 inquit,

2111 704 2379 772 pne-dicta:
2422 706 2781 759 innnunditite
2814 708 2998 774 (quam
3023 714 3075 759 et
3098 717 3241 761 recte
3269 712 3676 779 corruptionem

2109 797 2309 863 vocat),
2340 798 2642 852 libertatem
2694 805 2874 850 tamen
2915 798 2980 850 iis
3009 813 3146 866 quos
3194 799 3493 869 deripiunt,
3554 820 3677 871 pro-

2109 889 2324 942 mittere
2363 888 2588 943 audent.
2648 887 2930 942 Ratioaem
2987 905 3115 942 vero
3176 890 3325 944 addit
3375 893 3672 947 mirabilem

2107 992 2207 1031 cur
2251 978 2393 1031 servi
2460 977 2562 1045 ipsi
2614 978 2746 1040 sint.
2801 979 2926 1048 quia
2964 979 3191 1046 scilicet,
3241 999 3258 1031 ι
3293 997 3320 1033 a
3352 996 3675 1051 quacunque

2107 1066 2233 1135 quis
2270 1085 2286 1116 ι
2337 1065 2628 1121 atl‘ectioue
2667 1084 2685 1118 ι
2727 1077 3020 1135 superatus
3069 1077 3171 1133 est,
3213 1070 3331 1139 ejus
3368 1080 3421 1126 et
3481 1087 3674 1128 servus

2106 1164 2210 1210 est.
2240 1174 2258 1206 ι
2291 1155 2395 1210 Sed
2421 1157 2522 1211 hoc
2545 1173 2610 1212 cx
2633 1158 2722 1225 iis,
2744 1174 2865 1228 qua:
2889 1158 3118 1214 inferius
3153 1160 3425 1224 dicentur,
3447 1162 3674 1216 manife-

2108 1250 2247 1303 stius
2276 1250 2386 1303 tiet.

2176 1422 2343 1478 Vens.
2379 1422 2566 1476 20-22.
2609 1442 2626 1473 ι
2675 1422 2729 1476 Si
2779 1423 2923 1479 enim
2974 1422 3308 1492 refugientes
3348 1418 3671 1491 coinquina-

2107 1517 2282 1570 tioues
2316 1516 2500 1567 tnundi
2535 1516 2586 1568 in
2612 1516 2920 1584 cognitione
2946 1515 3156 1568 Domini
3188 1514 3358 1569 nostri
3409 1523 3462 1567 et
3485 1514 3673 1566 Salva-

2106 1605 2243 1660 toris
2267 1604 2393 1660 Jesu
2420 1604 2644 1668 Christi,
2668 1608 2750 1660 bis
2778 1621 2993 1661 rursum
3026 1605 3287 1675 implicati
3324 1615 3670 1673 superantur,

2107 1697 2249 1751 facta
2284 1705 2411 1752 sunt
2435 1687 2515 1752 eis
2539 1699 2842 1766 posteriora
2864 1698 3133 1751 deteriora
3158 1697 3455 1765 prioribus.
3485 1695 3674 1748 Melius

432 1764 692 1860 κρεῖττον
745 1791 852 1859 γὰρ
880 1786 948 1859 ἦν
982 1764 1186 1854 abaci—4,
1233 1764 1724 1859 μὴ’-ἐπεγνωκέναι
1752 1764 1849 1863 τῆν
1886 1791 2003 1844 ὁδὸν

2115 1791 2250 1843 enim
2274 1798 2392 1842 erat
2423 1790 2527 1843 illis
2561 1806 2666 1842 non
2698 1803 3030 1853 cognoscere
3061 1788 3199 1840 viain
3232 1788 3478 1855 justitim,
3512 1802 3673 1856 quant

431 1880 526 1946 τῆς
571 1876 939 1945 δικαιοσύνης,
978 1876 1013 1945 ἢ
1073 1877 1404 1944 ἐπιγνοῦσιν,
1457 1876 1778 1946 ἐπιστρέψαι
1829 1878 1907 1939 εἰς
1940 1879 2005 1929 τὰ

432 1969 607 2021 ὀπίσω
651 1968 758 2021 ἀπὸ
805 1969 903 2037 τῆς
940 1968 1337 2037 παραδοθείσης
1368 1968 1551 2029 αὐτοῖς
1578 1968 1735 2033 ἁγίας
1768 1968 2003 2036 ἐντολῆς.

432 2055 755 2126 Συμϐἐδηκε
804 2056 861 2108 δὲ
898 2057 1079 2120 αὐτοῖς
1130 2058 1191 2109 τὸ
1241 2058 1341 2126 τῆς
1396 2057 1628 2125 ἀληθοῦς
1678 2056 2002 2126 παροιμίας·

431 2145 591 2199 Κύων
657 2147 990 2216 ἐπιστρέψας
1042 2147 1134 2199 ἐπὶ
1206 2148 1297 2200 τὸν
1351 2146 1483 2199 ῑδιον
1543 2146 1758 2216 ἐμετδν,
1815 2147 1911 2199 καὶ
1942 2138 2007 2208 ὗς

430 2235 736 2306 λουσαμένη
770 2236 850 2298 εἰς
889 2236 1126 2306 κύλισμα
1159 2236 1440 2307 βορϐόρου.
1476 2255 1494 2288 ι
1524 2240 1629 2291 Δύο
1663 2236 2006 2289 κατασκευά-

430 2327 512 2388 ζει
563 2326 648 2379 διὰ
692 2327 801 2380 τῶν
859 2316 1290 2398 προειρημένων,
1352 2328 1430 2380 ὄτι
1486 2328 1580 2379 καὶ
1636 2326 1714 2395 τῷ
1766 2325 2005 2394 ἡττῶντι

430 2420 640 2487 ἀνάγκη
664 2419 754 2472 τὸν
785 2418 1093 2488 ἡττώμενον
1121 2417 1409 2481 δουλεύειν,
1440 2419 1533 2471 καὶ
1560 2419 1640 2471 ὅτι
1670 2420 1719 2472 οἱ
1754 2417 1892 2488 μετὰ
1911 2418 2009 2482 τὴν

430 2514 723 2582 ἐπίγνωσιν
752 2516 847 2584 τῆς
891 2513 1151 2584 ἀληθείας
1192 2514 1351 2566 πάλιν
1402 2514 1711 2584 ἐνεχόμενοι
1737 2516 1847 2576 τοῖς
1872 2528 2008 2583 προ-

430 2607 634 2676 τέροις,
691 2606 897 2676 χείροσι
952 2607 1061 2659 τῶν
1095 2606 1375 2675 προτέρων
1426 2606 1751 2676 περιέπεσον
1796 2609 2006 2667 κακοῖς.

430 2695 651 2758 Τούτοις
695 2695 752 2747 δὲ
801 2698 893 2748 καὶ
938 2697 1037 2765 τὴν
1087 2695 1387 2765 παροιμίαν
1435 2697 1629 2765 ἐπάγει
1687 2688 2047 2765 συνήγορον.’

435 2787 588 2839 Ἔστι
620 2787 675 2838 δέ
708 2788 735 2838 ὀ
766 2786 922 2853 λόγος
960 2785 1166 2849 οὕτως·
1208 2788 1270 2839 Εἰ
1297 2787 1406 2856 γὰρ
1442 2785 1732 2850 ἐπιγνώσει
1764 2786 1858 2838 τοῦ
1893 2786 2007 2838 Κυ-

432 2877 549 2948 ρίου
581 2880 675 2930 καὶ
723 2876 977 2945 Σωτῆρος
1025 2877 1201 2947 Ἰησοῦ
1233 2877 1489 2946 Χριστοῦ.
1523 2880 1893 2945 ἀποφυγόντες
1942 2876 2010 2930 τὰ

436 2970 720 3038 μιάσματα
758 2967 853 3021 τοῦ
893 2969 1118 3037 κόσμου,
1164 2972 1374 3032 τούτοις
1428 2970 1591 3023 πάλιν
1638 2967 2008 3038 ἐμπλακέντες

433 3059 706 3128 ἡττῶνται
741 3058 941 3124 αὐτῶν,
979 3058 1193 3121 πάντως
1247 3077 1346 3111 που
1388 3060 1482 3113 καὶ¹
1528 3059 1868 3112 δουλεύουσιν
1908 3057 2008 3109 αύ-

428 3152 566 3212 τοῖς.
608 3151 701 3203 καὶ
740 3152 919 3219 χεῖρον
947 3149 1055 3202 τῶν
1088 3150 1195 3220 πρὸ
1233 3153 1330 3220 τῆς
1369 3150 1715 3218 ἐπιγνώσεως
1755 3151 1883 3219 περὶ
1912 3150 2010 3219 τὴν

428 3241 672 3295 δουλείαν
730 3242 931 3293 τούτων
989 3244 1269 3309 γεγόνασι,
1311 3241 1850 3303 κατασπουδάζοντος
1913 3240 2012 3291 αύ-

430 3334 554 3391 τοῦς
589 3332 682 3380 τοῦ
718 3332 931 3381 Σατανᾶ
978 3333 1185 3397 χείροσι
1239 3331 1680 3397 περιενεχθῆναι.
1734 3331 1827 3379 Διὸ
1870 3329 1960 3378 καί
1986 3331 2014 3378 ὁ

433 3416 754 3477 ’Λπὸστολός
799 3433 982 3482 φησιν,
1038 3417 1120 3467 ὅτι
1178 3416 1200 3487 |_
1240 3416 1474 3487 ἐπειδὴ]
1525 3415 1686 3469 τοῦτο
1725 3417 2013 3468 ἁπάκειται

435 3508 550 3569 τοῖς
579 3504 903 3574 παλινῳδίαν
928 3504 1035 3556 τῶν
1074 3504 1260 3557 κακῶν
1299 3503 1508 3575 ᾅδουσι,
1538 3508 1784 3573 κρεῖττον
1812 3500 1879 3572 ἦν
1914 3504 2014 3555 αὐτ

436 3600 546 3659 τοῖς
587 3596 719 3665 μηδέ
768 3595 1148 3664 ἐπιγνῶναι,ἢ
1191 3595 1502 3663 ἐπιγνόντες
1566 3594 1653 3667 [Ῑ.
1684 3593 1857 3664 -τας]
1907 3594 2018 3661 χεί-

440 3705 584 3758 ροσιν
612 3686 837 3750 ἁλῶναι,
868 3685 987 3736 ἐπεὶ
1042 3687 1138 3737 καὶ
1193 3685 1338 3737 κύων
1383 3686 1475 3738 ἐπὶ
1501 3686 1560 3740 τὸ
1602 3686 1732 3739 ἴδιον
1766 3685 2017 3755 ἐξήραμα

438 3776 799 3845 ἐπιστρέφων.
849 3773 1289 3844 βδελυκτότερος,
1329 3775 1519 3844 ὥσπερ
1570 3776 1763 3844 ἀμέλει
1817 3778 1909 3828 καὶ
1955 3769 2015 3836 ὗς

438 3865 866 3934 ἁποκυλισθῆναι
904 3864 1161 3934 ζητοῦσα,
1208 3864 1273 3936 [Ῑ.
1316 3866 1444 3918 add.
1486 3868 1533 3918 εί
1576 3866 1594 3936 l
1649 3868 1708 3917 ἐν
1764 3866 2012 3935 βορϐόρῳ

436 3957 595 4010 τοῦτο
665 3958 828 4016 ποιεῖ.
882 3955 1244 4027 ῥυπαρωτέρα
1306 3958 1416 4010 τῶν
1480 3958 1762 4028 προτέρων
1805 3958 2015 4030 pono».

439 4050 710 4119 φαίνεται.

1046 4136 1296 4189 ΚΕΦΑΛ.
1325 4136 1407 4189 Γ’.

514 4248 533 4280 ι
563 4226 713 4301 Rati
740 4228 880 4298 vulg.
906 4244 1011 4280 om.
1039 4229 1132 4279 καὶ
1156 4226 1174 4298 ]
1201 4227 1401 4296 ταύτην
1425 4227 1548 4298 ἤδη,
1576 4227 1870 4295 ἀγαπητοὶ,
1900 4227 2016 4280 δευ-

440 4323 601 4392 τέραν
636 4321 764 4389 ὑμῖν
791 4319 985 4388 γράφω
1023 4318 1331 4387 ἐπιστολὴν,
1366 4322 1422 4371 ἐν
1470 4315 1556 4380 αἷς
1578 4320 1825 4389 διεγείρω
1863 4321 2016 4389 ὑμῶν

2108 1888 2230 1947 post
2266 1878 2597 1948 agnitionem
2646 1885 2946 1929 rrtrorsum
2991 1877 3238 1931 converti
3275 1879 3343 1930 ab
3393 1893 3479 1938 eo,
3531 1877 3673 1947 quod

2109 1969 2217 2019 illis
2249 1967 2507 2017 traditum
2540 1976 2641 2023 est,
2679 1973 2871 2018 sancto
2927 1968 3203 2020 mandato.
3244 1967 3481 2036 Contigit
3529 1967 3671 2019 enim

2105 2059 2185 2111 eis
2220 2056 2350 2109 illud
2388 2056 2496 2108 veri
2555 2055 2719 2124 393
2767 2057 3043 2124 proverbii
3083 2075 3094 2109 :
3124 2056 3289 2112 Canis
3325 2073 3577 2112 reversus
3608 2054 3672 2109 ad

2107 2163 2262 2201 Sttu:n
2299 2150 2582 2211 vomitum,
2619 2157 2671 2200 et
2703 2163 2797 2200 sus
2826 2149 2931 2200 lota
2958 2149 3009 2200 in
3038 2148 3320 2202 volutabro
3350 2150 3465 2202 ltiti.
3500 2168 3517 2198 ι
3561 2149 3674 2201 Duo

2107 2256 2171 2293 cx
2212 2238 2486 2307 prmdictis
2520 2238 2734 2291 astruit.
2769 2235 2972 2306 Nempe
3024 2239 3278 2306 primum,
3306 2254 3527 2292 necesse
3555 2253 3676 2291 esse

2108 2346 2229 2383 cum
2280 2329 2369 2397 qui
2405 2330 2587 2380 victus
2627 2339 2733 2391 est,
2777 2327 2970 2382 victori
3029 2331 3242 2382 servire
3291 2344 3439 2382 suo:
3482 2329 3676 2381 deinde

2058 2456 2071 2463 ν
2111 2418 2164 2471 ἱιι
2195 2419 2381 2486 pejora
2417 2420 2554 2469 mala
2593 2419 2798 2486 prolabi
2832 2434 2948 2479 eos,
2981 2419 3069 2488 qui
3113 2428 3235 2488 post
3264 2419 3499 2488 agnitatn
3533 2418 3674 2471 veri-

2111 2519 2274 2563 tatem
2337 2510 2614 2578 prioribus
2656 2526 2848 2563 rursus
2879 2510 3159 2564 erroribus
3191 2510 3558 2578 implicantur.
3596 2510 3677 2562 Ad

2110 2616 2342 2669 quorum
2381 2600 2849 2653 continuationem
2880 2599 3188 2655 Salomonis
3213 2600 3551 2668 proverbium
3582 2599 3678 2651 ad-

2110 2692 2262 2746 ducit
2294 2691 2358 2739 ”.
2394 2691 2673 2745 Orationis
2708 2700 2888 2744 autem
2936 2694 3106 2747 series
3147 2693 3216 2745 ita
3251 2708 3308 2746 se
3341 2692 3501 2745 habet
3532 2712 3543 2746 :
3575 2692 3675 2754 Illi,

2112 2781 2203 2850 qui
2259 2780 2572 2850 (‘ttgniliotte
2605 2781 2816 2833 Domini
2868 2793 2919 2834 et
2974 2779 3273 2834 Salvatoris
3324 2781 3497 2833 nostri
3552 2778 3680 2833 Jesu

2112 2873 2314 2926 Christi
2349 2873 2533 2925 inttndi
2571 2873 2980 2941 inquinamenta
3010 2874 3304 2941 aliquanzlo
3355 2873 3678 2941 rtTogerant.

2115 2963 2157 3017 si
2186 2961 2365 3014 denuo
2391 2961 2458 3013 iis
2491 2962 2682 3015 irrctiti
2728 2971 3075 3029 superantur,
3112 2977 3215 3013 non
3259 2960 3431 3013 solum
3474 2958 3676 3011 eisdem

2114 3054 2426 3105 omnimode
2449 3051 2716 3113 serviunt,
2755 3052 2848 3105 sed
2902 3052 3066 3105 etiam
3104 3051 3349 3103 «lmtnone
3404 3049 3681 3100 adnitente

2116 3153 2175 3197 ut
2202 3144 2556 3212 prolabuntur
2612 3146 2662 3197 in
2727 3143 2933 3211 pejora.
2975 3143 3247 3196 deteriore
3304 3156 3463 3208 quan
3525 3147 3681 3189 antea

2116 3235 2380 3285 Servitute
2447 3246 2788 3301 premuntur.
2852 3233 3030 3296 Quare
3078 3234 3201 3283 ait:
3238 3229 3683 3297 Qutmloqnideut

2117 3332 2265 3375 tanta
2301 3325 2568 3390 pernicies
2602 3338 2781 3377 manet
2819 3339 2934 3384 eos,
2970 3323 3060 3390 qui
3093 3324 3379 3391 pessimam
3418 3322 3684 3373 malorum

2117 3416 2442 3468 cantilenam
2485 3423 2793 3474 ret-autaut,
2829 3416 3020 3469 melius
3054 3415 3296 3469 futurum
3355 3413 3546 3465 fuisset
3582 3412 3686 3464 illis

2118 3505 2162 3558 si
2197 3521 2378 3556 veram
2414 3506 2551 3556 viam
2582 3506 2933 3571 agnovissent
2975 3521 3272 3575 nunquam,
3314 3519 3474 3574 quam
3506 3520 3568 3556 ca
3600 3520 3689 3557 sc-

2120 3596 2224 3647 met
2259 3597 2462 3662 agnita,
2492 3594 2773 3661 pejoribus
2806 3596 2960 3647 malis
2987 3598 3254 3649 obnoxios
3293 3596 3405 3647 ﬁeri
3438 3610 3598 3661 ;nam
3635 3602 3690 3647 et

2120 3686 2272 3740 canis
2302 3686 2365 3737 ad
2387 3685 2644 3737 vomitum
2667 3700 2826 3738 suum
2858 3685 3154 3744 rediens,tit
3177 3686 3613 3747 abominabilior,
3637 3693 3691 3737 ct

2119 3793 2215 3831 sus
2253 3777 2446 3829 iterum
2482 3777 2723 3828 revoluta
2758 3793 2935 3840 emno,
2971 3775 3246 3829 sordidior
3304 3791 3471 3845 quam
3538 3776 3691 3845 prius

2123 3868 2316 3932 fuerat,
2350 3877 2592 3936 apparet.

2494 4150 2520 4159 -
2735 4124 2961 4181 CAPUT
3010 4126 3101 4180 111.

2191 4216 2357 4272 Vens.
2387 4217 2440 4280 1,
2477 4218 2530 4272 2.
2588 4235 2607 4268 ι
2653 4216 2804 4270 "anc
2837 4234 2964 4273 ecce
3008 4219 3184 4285 vobis,
3221 4219 3548 4283 cliaiissimi,
3601 4235 3692 4275 sc-

2121 4310 2354 4364 cuudam
2393 4311 2572 4364 scribo
2590 4311 2897 4377 epistolam,
2934 4312 2987 4364 in
3018 4313 3217 4379 quibus
3261 4322 3489 4366 vestram
3516 4314 3695 4367 eiu-ito

440 4415 497 4465 ἐν
528 4414 827 4482 ὑπομνήσει
849 4410 947 4480 τὴν
976 4409 1243 4479 εἰλικρινῆ
1273 4410 1529 4473 διάνοιαν,
1566 4412 1870 4480 μνησθῆναι
1908 4413 2012 4464 τῶν

2123 4402 2175 4455 in
2205 4401 2629 4455 COIIIlltOIIilioszc
2660 4401 2929 4453 sinceram
2955 4411 3211 4465 tuentem,
3238 4411 3295 4454 ut
3319 4400 3696 4455 inemores‘sia

442 4499 852 4570 προειρημένων
885 4499 1145 4568 ῥημάτων
1190 4499 1293 4551 ὑπὸ
1331 4499 1438 4551 τῶν
1487 4500 1656 4565 ἁγίων
1694 4502 2015 4574 προφητῶν,

440 4595 533 4646 καὶ
567 4593 667 4663 τῆς
705 4592 813 4643 τῶν
852 4590 1167 4643 ἀποστόλων
1204 4591 1359 4659 ὑμῶν
1403 4593 1619 4661 ἐντολῆς
1660 4592 1755 4644 τοῦ
1816 4593 2020 4660 Κυρίου

448 4685 543 4737 καὶ
578 4682 829 4751 Σωτῆρος
872 4681 1067 4750 Ἰησοῦ.
1118 4701 1136 4732 ι
1188 4682 1281 4734 Ἐκ
1321 4682 1509 4735 τούτου
1552 4684 1894 4753 μανθάνομεν
1930 4685 2023 4737 δύο

442 4775 540 4836 τὰς
570 4773 749 4832 πάσας
783 4768 918 4824 εἶναι
954 4770 1047 4824 τοῦ
1082 4772 1287 4840 Πέτρου
1333 4772 1672 4835 Ἐπιστολάς.
1701 4774 1774 4826 Τὸ
1798 4774 1875 4837 δέ,
1914 4794 1930 4824 ι
1964 4774 2021 4826 ἐν

410 4859 530 4925 ἀἶς
570 4863 821 4930 διεγείρω
861 4861 1010 4929 ὑμῖν,
1053 4880 1071 4912 ι
1112 4860 1287 4924 οὕτως
1334 4863 1508 4914 ἐστιν·
1562 4864 1648 4915 Ἑν
1684 4859 1768 4927 αἷς
1802 4866 2021 4918 ἐπιστο-

443 4954 584 5014 λαῖς,
608 4952 773 5003 οἱονε1⁵
799 4951 864 5002 δι’
891 4944 968 5003 ὧν
1003 4951 1301 5003 ἐπιστολῶν
1333 4972 1350 5003 ι
1383 4953 1636 5023 διεγείρω
1670 4954 1766 5024 τὴν
1797 4956 1855 5006 ἐν
1896 4956 2024 5023 ύμῖν

445 5042 705 5112 εἰλικρινῆ
730 5040 989 5094 διάνοιαν.
1016 5059 1035 5092 ι
1069 5040 1331 5111 Καθαρᾶς
1351 5042 1459 5112 γὰρ
1492 5043 1750 5107 διανοίας,
1785 5046 1892 5097 τῶν
1923 5046 2022 5115 ἤδη

444 5133 819 5185 ἀκουσθέντων
869 5131 1309 5200 ἣάποτεθέντων
1365 5133 1646 5202 σωτηρίων
1699 5134 2021 5204 μνησθῆναι,

448 5221 540 5273 καὶ
584 5219 926 5290 διεγερθῆναι
959 5218 1094 5287 πρὸς
1128 5220 1463 5291 ἐπανάληψιν
1503 5222 1602 5290 τῆς
1637 5222 1840 5275 τούτων
1862 5226 2028 5294 ἐργαο

451 5310 573 5367 σίας
601 5310 748 5378 πάσῃ
789 5308 1019 5376 δυνάμει
1075 5311 1167 5361 καὶ
1228 5310 1522 5382 προθυμίᾳ.
1567 5313 1829 5382 Ἀπετέθη
1857 5314 1911 5367 δὲ
1942 5316 2029 5367 διὰ

458 5397 808 5467 προφητικῶν
837 5400 930 5451 καὶ
976 5400 1348 5454 ἀποοτολικῶν
1380 5404 1770 5473 κηρυγμάτων.
1816 5405 1905 5456 Διὸ
1940 5413 2032 5460 καὶ

454 5488 663 5552 Παῦλός
694 5505 858 5557 φησιν
878 5505 893 5519 ·
931 5508 949 5541 ι
1004 5478 1540 5562 ⁹Ειιιοικοδομούιιενοι
1568 5496 1660 5546 ἐπὶ
1692 5494 1768 5563 τῷ
1802 5495 2033 5565 θεμελίῳ

528 5671 574 5704 ’⁸
598 5668 757 5725 Prov.
810 5685 959 5735 xxvi,
1003 5669 1084 5722 tl.

2126 4492 2194 4546 tis
2232 4506 2443 4554 eorum,
2487 4507 2609 4559 qua:
2664 4490 2909 4559 przedixi,
2943 4491 3233 4545 verborum
3268 4508 3296 4543 a
3338 4499 3543 4545 sanctis
3573 4508 3697 4561 pro-

2127 4583 2325 4652 phetis,
2383 4591 2436 4635 et
2498 4584 2866 4650 apostolorum
2918 4589 3245 4643 vestrorum,
3304 4594 3695 4652 pl‘tCt‘t‘pIOI‘llltl

2130 4674 2338 4726 Domini
2380 4682 2433 4725 et
2472 4672 2794 4726 Salvatoris.
2845 4691 2862 4722 ι
2912 4672 2991 4726 Ex
3037 4672 3120 4726 bis
3171 4673 3350 4727 verbis
3410 4674 3697 4739 discimus,

2127 4765 2265 4819 duas
2296 4775 2500 4817 tantum
2538 4764 2805 4833 Epistolas
2833 4765 3048 4818 Petrum
3084 4765 3394 4835 scripsisse.
3431 4786 3449 4817 ι
3493 4766 3547 4819 In
3579 4770 3704 4836 qui-

2131 4859 2232 4912 bus
2264 4859 2465 4918 excito,
2507 4876 2523 4905 ι
2560 4866 2695 4920 για,
2730 4858 2829 4910 hoc
2860 4867 2965 4920 est,
3007 4858 3058 4909 in
3089 4858 3292 4927 quibus
3322 4859 3586 4927 epistolis.
3619 4861 3701 4911 Vel

2132 4962 2227 5016 per
2254 4964 2390 5016 quas
2422 4948 2679 5011 epistolas
2722 4968 2738 4998 (
2781 4960 3011 5002 vestram
3041 4952 3219 5004 excito
3249 4951 3517 5003 sinceram
3548 4965 3703 5001 men-

2134 5048 2264 5094 tem.
2312 5060 2330 5091 ι
2378 5042 2619 5094 Sincera:
2654 5042 2796 5094 enim
2839 5044 3034 5096 mentis
3066 5052 3175 5106 est,
3205 5056 3392 5093 eorum
3436 5057 3553 5107 qua:
3601 5057 3705 5093 au-

2132 5130 2245 5184 dita
2281 5141 2334 5185 ct
2365 5132 2608 5201 deposita
2642 5144 2765 5186 sunt
2800 5135 3136 5194 meminisse,
3170 5140 3223 5185 et
3275 5133 3337 5184 ad
3389 5146 3451 5184 ea
3507 5132 3701 5185 iterum

2136 5232 2386 5294 prompte
2429 5234 2480 5278 et
2517 5224 2773 5277 alacriter
2805 5223 3133 5292 perﬁcienda
3171 5221 3418 5277 ncitari.
3452 5219 3702 5290 Deposita

2136 5330 2266 5370 vero
2295 5331 2356 5367 ea
2396 5325 2524 5368 sunt
2575 5331 2668 5382 per
2698 5314 3039 5383 proplicticas
3070 5321 3121 5366 et
3154 5312 3485 5381 apostolicos
3513 5311 3707 5380 pra-di-

2140 5409 2405 5462 cationes.
2469 5405 2651 5471 Quare
2707 5414 2760 5458 et
2814 5405 3014 5458 l‘aulus
3070 5403 3185 5456 ait:
3223 5421 3241 5453 ι
3281 5402 3704 5472 Supermdiﬁcati

2142 5516 2303 5567 supra
2377 5497 2784 5551 fundamentum
2852 5495 3218 5563 apostolorum
3297 5505 3350 5548 et
3414 5498 3704 5565 propheta-
