4020 6214
386 263 527 329 1279

1244 262 1829 325 THEOPHYLACTI
1876 262 2284 325 BULGARIIE
2324 264 2678 324 ARtIlIlEP.

3491 256 3643 317 ιεςο

380 387 503 428 rum
533 371 605 425 ¹¹.
644 388 664 423 ι
697 368 902 425 Omnes
935 367 1081 423 enim
1125 366 1214 422 isti
1266 367 1560 422 adventum
1595 366 1808 420 Domini
1854 382 1948 418 au-

2081 367 2162 419 τῶν
2208 368 2522 422 ἀποστόλων
2566 368 2660 420 καὶ
2700 363 3013 438 προφητῶν.
3045 381 3063 414 ι
3105 362 3311 422 Πάντες
3357 360 3462 429 γὰρ
3489 359 3645 417 οὗτοι

377 464 711 519 nuntiarunt
745 479 761 515 :
792 475 967 529 neque
1013 473 1144 514 sane
1182 458 1411 512 testibus
1460 456 1776 526 hujusmodi
1826 456 1956 511 ﬁdes

380 555 569 626 negari
596 554 719 623 jure
742 559 945 621 potest.
987 551 1091 605 Sed
1125 565 1245 610 cur,
1283 550 1483 618 inquit,
1525 548 1648 603 dico
1682 548 1960 617 apostolos

380 660 434 705 et
462 647 800 720 prophetas?
826 644 1092 711 Quoniam
1120 644 1209 697 isti
1245 658 1369 697 cum
1401 642 1660 710 primmn,
1703 640 1814 693 tum
1866 656 1952 694 se-

383 742 620 799 cundum
656 740 832 806 ipsius
860 736 1073 792 Domini
1101 744 1155 790 et
1195 733 1498 789 Salvatoris
1534 732 1706 787 nostri
1761 733 1960 786 adven-

387 845 500 888 tum
536 830 953 886 annuntiarunt.
1005 826 1292 881 Orationis
1325 837 1504 879 autem
1546 834 1824 881 structura
1886 825 1957 879 ita

385 938 444 976 se
484 922 645 974 habet
681 937 695 973 :
731 937 749 970 ι
784 918 859 975 Ut
902 930 1172 971 memores
1221 915 1341 969 sitis
1371 916 1664 968 verborum
1697 929 1725 967 a
1755 915 1962 968 sanctis

384 1011 665 1080 prephetis
698 1009 1108 1079 prmdictormu,
1160 1015 1212 1058 et
1244 1015 1639 1075 prteceptorum
1688 1003 1961 1071 apostolo-

386 1116 506 1154 rmn
543 1109 844 1155 vestrorum
875 1105 930 1151 et
965 1097 1342 1150 mandatorum
1373 1095 1588 1150 Domini
1614 1104 1666 1147 et
1701 1094 1953 1148 Salvato-

387 1189 464 1242 ris
500 1186 629 1242 ΙΙρειι
662 1186 889 1242 Christi.
934 1203 953 1237 ι
987 1186 1158 1250 Quam
1203 1199 1333 1237 vero
1381 1183 1450 1235 oh
1496 1198 1720 1237 causam
1761 1198 1963 1237 memo-

391 1278 532 1332 riam
603 1278 797 1332 horum
854 1275 1200 1331 excitandam
1259 1275 1558 1344 praecipiat,
1620 1273 1903 1345 subiungit
1941 1313 1957 1336 ,

391 1381 604 1434 nempe,
633 1365 897 1435 quoniam
934 1364 970 1416 ii
1003 1364 1096 1433 qui
1143 1363 1210 1418 ad
1247 1362 1474 1418 ductum
1505 1362 1963 1432 concupiscentiae

382 1471 505 1511 sua:
536 1456 740 1521 vivunt,
770 1462 1061 1511 cernentes
1088 1454 1381 1509 nonnullos
1409 1452 1621 1508 Domini
1646 1453 1960 1518 adventum,

391 1548 692 1614 quentipsc
714 1547 877 1600 etiam
918 1546 1181 1601 Dominus
1216 1544 1488 1614 praedixit,
1534 1551 1861 1608 metuentes,
1911 1551 1965 1599 et

391 1636 492 1687 hac
520 1637 586 1690 de
627 1651 792 1690 causa
838 1637 1184 1690 inhonestam
1223 1649 1412 1688 eorum
1444 1634 1609 1688 vitam
1644 1634 1962 1688 abominan-

2059 454 2157 526 τὴν
2180 455 2273 509 τοῦ
2299 458 2503 527 Κυρίου
2536 454 2837 525 παρουσίαν
2867 451 3231 521 κατήγγειλαν
3252 467 3264 481 ·
3301 452 3396 503 καὶ
3422 452 3519 505 οὑκ
3545 452 3651 504 εσ-

2061 566 2142 600 τιν
2171 549 2418 601 ἀπιστεῖν
2446 547 2719 612 τοσούτοις
2752 546 3011 616 μάρτυσι.
3065 545 3175 598 Καί⁵
3205 543 3281 609 τί,
3334 542 3487 612 φησὶ,
3549 544 3651 595 λέ-

2060 654 2142 705 γω
2173 639 2458 708 προφήτας
2495 640 2588 691 καὶ
2619 635 2987 698 ἀποστόλους;
3016 635 3141 687 Ὀτι
3165 633 3531 700 κατήγγειλαν
3547 634 3653 686 καὶ

2059 728 2157 799 τὴν
2187 728 2410 799 πρώτην
2436 728 2530 782 καὶ
2567 727 2664 797 τὴν
2702 726 2956 797 δευτέραν
2996 723 3160 778 αὑτοῦ
3190 724 3282 777 τοῦ
3314 724 3517 792 Κυρίου
3545 725 3652 783 καὶ

2061 818 2308 887 Σωτῆρος
2340 819 2494 888 ἡμῶν
2530 818 2850 887 παρουσίαν.
2923 816 3030 870 Καὶ
3069 815 3218 867 ἐστιν
3264 814 3319 885 [ἡ
3351 814 3649 885 σύνταξις]

2058 906 2258 969 οὕτως·
2316 907 2634 977 Μνησθῆναι
2674 907 2780 961 τῶν
2810 906 3223 978 προειρημένων
3248 906 3506 976 ῥημάτων
3535 905 3654 959 ὑπὸ

2060 997 2168 1050 τῶν
2196 998 2368 1066 άγίων
2399 998 2716 1070 προφητῶν,
2747 999 2853 1052 ὑπὸ
2886 998 2994 1051 τῶν
3027 997 3343 1054 ἀποστόλων
3375 997 3526 1064 ὑμῶν
3555 1000 3652 1048 ἐνο

2060 1089 2242 1158 τολῆς,
2273 1090 2379 1143 ὑπὸ
2405 1090 2506 1159 τῆς
2562 1091 2780 1159 ἐντολῆς
2812 1090 2907 1144 τοῦ
2941 1090 3147 1160 Κυρίου
3165 1090 3261 1142 καὶ⁵
3304 1089 3572 1159 Σωτῆρος.
3622 1107 3647 1141 ι

2062 1179 2218 1235 Κατά
2255 1180 2435 1233 κοινοῦ
2477 1181 2585 1249 γὰρ
2613 1183 2668 1250 ὴ,
2754 1199 2773 1232 ι
2808 1181 2935 1235 ὑπό.
2985 1199 3003 1232 ι
3036 1181 3145 1234 Καὶ
3172 1180 3259 1233 διὰ
3288 1180 3338 1232 τί
3368 1181 3466 1247 τὴν
3510 1180 3655 1250 μνή-

2065 1287 2173 1342 μην
2212 1271 2416 1341 ταύτην
2454 1273 2884 1342 ἀναζωπυρῆσαι
2919 1272 3371 1343 παρακελεύεται,
3422 1274 3647 1340 ἐπάγει,

2060 1360 2142 1413 ὅτι
2166 1362 2227 1413 oi
2257 1361 2519 1429 ἐμπαθῶς
2545 1362 2744 1427 ζῶντες
2771 1363 2910 1417 κατὰ
2937 1365 3034 1426 τὰς
3071 1363 3281 1426 οἰκείας
3324 1363 3646 1435 ἐπιθυμίας⁹

2063 1452 2081 1524 [
2105 1451 2337 1522 ὁρῶντές
2357 1469 2516 1515 τινας
2540 1453 2560 1525 ]
2582 1454 2817 1519 δεδιότας
2846 1456 2944 1526 τὴν
2972 1456 3066 1509 τοῦ
3098 1457 3298 1526 Κυρίου
3325 1458 3640 1528 παρουσίαν,

2061 1544 2127 1615 ἣν
2157 1544 2293 1615 μετά
2314 1546 2488 1600 ἄλλων
2526 1545 2800 1619 θεοφὸρων
2827 1547 2848 1620 [
2874 1547 2970 1603 καὶ
2990 1548 3150 1611 αὑτὸς
3176 1551 3204 1602 ὁ
3235 1548 3437 1618 Κύριος
3462 1548 3479 1620 j
3519 1567 3648 1618 προ-

2063 1640 2414 1708 κατήγγειλε,
2447 1641 2540 1694 καὶ
2574 1640 2661 1694 διὰ
2680 1640 2881 1713 ταύτην
2903 1640 3229 1705 ἀθετοῦντας
3256 1640 3391 1713 [τὴν
3413 1644 3642 1712 ἄσεμνον

393 1736 500 1784 tes.
533 1725 695 1795 397
730 1728 1028 1794 prarsertim
1068 1740 1196 1778 vero
1248 1739 1372 1777 cum
1430 1740 1541 1778 non
1596 1724 1779 1778 statim
1843 1732 1968 1791 post

2081 1730 2253 1782 αὑτῶν
2275 1730 2520 1803 βιοτὴν,]
2551 1735 2645 1785 καὶ
2678 1732 2935 1803 μάλιστα,
2974 1732 3055 1786 ὅτι
3080 1731 3155 1802 μὴ
3183 1732 3324 1785 κατά
3353 1732 3505 1793 πόδας
3534 1732 3633 1785 τῶν

392 1818 553 1868 verba
594 1814 932 1882 experientia
987 1821 1334 1881 sequeretur,
1364 1815 1458 1867 sed
1492 1815 1607 1867 haec
1630 1814 1705 1867 ob
1740 1814 1969 1870 salutem

392 1906 678 1960 differatur
716 1921 907 1963 eorum
934 1906 1025 1975 qui
1053 1906 1105 1957 in
1136 1906 1433 1958 electorum
1486 1904 1625 1959 libro
1677 1906 1971 1974 conscripti

394 2006 544 2064 sunt,
600 1997 783 2052 ﬁdeles
834 1998 1177 2068 impudenter
1218 1996 1500 2063 invadunt,
1554 2007 1609 2049 ιιι
1675 2013 1769 2051 eos
1817 1997 1964 2053 deci-

394 2090 564 2159 pian‘.

471 2181 629 2237 Vens.
665 2181 699 2233 5
728 2183 782 2238 5.
817 2201 834 2234 ι
874 2181 985 2237 "oc
1030 2183 1260 2252 primum
1293 2184 1549 2245 scientes,
1583 2182 1726 2251 quod
1754 2185 1978 2237 vrnient

396 2272 450 2326 in
489 2276 797 2329 novissimis
845 2276 1037 2330 diebus
1075 2276 1127 2333 in
1176 2275 1494 2343 deceptione
1547 2275 1800 2328 illusores
1828 2275 1977 2340 juxta

395 2366 642 2433 proprias
708 2365 1177 2435 concupiscentiszs
1229 2366 1570 2419 ambulantes
1601 2405 1615 2428 ,
1678 2364 1917 2420 (licentes
1963 2382 1977 2418 :

397 2453 498 2510 Ubi
528 2469 611 2510 est
668 2457 958 2524 promissio
1039 2458 1307 2511 adventus
1356 2459 1474 2526 ejus
1515 2457 1538 2509 ?
1585 2456 1655 2511 Ex
1702 2472 1810 2526 quo
1838 2457 1979 2510 enim

399 2559 582 2616 patres
615 2548 982 2615 dormierunt,
1012 2549 1191 2603 ornoia
1231 2549 1311 2603 sic
1341 2556 1690 2618 perseverant
1720 2548 1788 2602 ab
1828 2548 1983 2601 initio

398 2646 684 2692 creatore.
743 2638 896 2692 Latet
956 2640 1097 2694 enim
1165 2656 1279 2702 eos,
1334 2640 1435 2693 hoc
1487 2640 1744 2694 volentes.
1783 2658 1801 2691 ι
1846 2637 1981 2704 Quia

403 2730 682 2786 secundus
717 2730 928 2786 Domini
951 2729 1219 2786 adven'us
1250 2747 1354 2784 non
1380 2730 1558 2784 statim
1591 2746 1655 2785 ac
1681 2731 1984 2803 promissus

400 2833 507 2884 est,
524 2824 754 2893 contigit
774 2822 1044 2893 (diﬂ‘ertur
1062 2823 1272 2876 scilicet
1307 2821 1376 2876 ob
1400 2823 1694 2876 multorum
1731 2822 1983 2891 salutem,

403 2927 638 2981 quorum
671 2914 889 2966 nomina
926 2912 1130 2983 scripta
1168 2921 1297 2966 sunt
1346 2914 1397 2965 in
1442 2912 1582 2966 libro
1615 2912 1777 2977 vita!)
1808 2928 1823 2977 ;
1860 2911 1986 2965 hinc

2075 1822 2249 1890 λόγων
2272 1825 2304 1894 ἡ
2329 1826 2491 1895 πεῖρα
2523 1824 2735 1892 φθάνει,
2761 1823 2895 1878 ἀλλὰ
2926 1824 3307 1893 παρατείνεται
3329 1824 3410 1876 διὰ
3431 1824 3522 1892 τὴν
3543 1841 3641 1876 σω·

2076 1917 2270 1984 τηρίαν
2299 1915 2404 1968 τῶν
2439 1918 2495 1968 ἐν
2518 1919 2583 1985 τῇ
2619 1916 2782 1987 βίϐλῳ
2812 1916 2921 1969 τῶν
2950 1915 3269 1985 σωζομένων
3302 1917 3640 1986 γραφέντων*

2079 2008 2397 2075 ἐπιφύονται
2430 2009 2660 2073 ἀναιδῶς
2691 2011 2802 2073 τοῖς
2838 2007 3180 2062 πιστεύουσιν
3204 2008 3643 2072 ἐπιτωθάζοντες.

3076 2180 3159 2234 ὅτι
3211 2179 3516 2233 ἐλεύσονται
3557 2179 3643 2233 ἐπ’

2083 2272 2326 2343 ἐσχάτων
2343 2274 2569 2345 τῶνημε
2579 2274 2687 2345 ρῶν
2716 2275 3035 2344 ἐμπαῖκται,
3070 2272 3212 2326 κατά
3238 2272 3332 2334 τὰς
3367 2272 3500 2335 ἰδίας
3526 2274 3645 2324 ἐπι-

2084 2363 2282 2432 θυμίας
2298 2364 2475 2417 αὑτῶν
2500 2364 2875 2437 πορευόμενοι,
2896 2364 2989 2416 καὶ
3019 2362 3289 2431 λέγοντεςο
3317 2362 3424 2414 Ποῦ
3443 2362 3587 2413 ἐστιν
3609 2362 3642 2431 ἠ

2086 2454 2388 2523 ἐπαγγελία
2412 2455 2510 2525 τῆς
2571 2455 2875 2525 παρουσίας
2923 2454 3127 2519 αὑτούς
3207 2456 3326 2522 Ἀφ’
3355 2449 3422 2525 ἧς
3462 2455 3567 2523 γὰρ
3597 2454 3647 2505 οἱ

2085 2544 2323 2616 πατέρες
2350 2540 2512 2621 ήμῶν
2545 2547 2939 2618 ἐκοιμήθησαν,
2966 2546 3146 2600 πάντα
3169 2545 3343 2608 οὕτως
3397 2544 3645 2612 διαμένει

2085 2642 2180 2697 ἀπ’
2207 2642 2381 2712 ἀρχῆς
2429 2640 2681 2702 κτίσεως.
2718 2640 2983 2694 Λανθάνει
3012 2639 3119 2710 γάρ
3150 2637 3350 2699 αὐτοὺς
3381 2636 3535 2689 τοῦτο
3563 2636 3652 2689 θέ-

2085 2733 2296 2797 λοντας.
2322 2753 2340 2785 ι
2372 2732 2462 2802 Τῷ
2495 2732 2569 2804 μὴ
2597 2734 2735 2787 κατὰ
2766 2730 2936 2792 πόδας
2955 2770 2971 2795 ,
3012 2731 3163 2799 φησι,
3194 2728 3305 2783 τῶν
3347 2728 3517 2796 λόγων
3551 2726 3650 2797 τὴν

2088 2826 2285 2894 πεῖραν
2315 2824 2414 2888 τῆς
2451 2821 2754 2891 παρουσίας
2776 2819 2871 2873 τοῦ
2905 2820 3109 2889 Κυρίου
3144 2817 3528 2872 ἐπακολουθεῖν
3566 2817 3653 2871 διὰ

2087 2915 2182 2986 τὴν
2211 2916 2321 2969 τῶν
2368 2914 2578 2969 πολλῶν
2633 2912 2930 2981 σωτηρίαν,
2957 2911 3065 2963 τῶν
3111 2910 3538 2979 ἀπογραφέντιιιν
3586 2910 3656 2979 τῇ

2157 2199 2173 2228 ι
2199 2180 2369 2233 Τοῦτο
2407 2181 2617 2251 πρῶτον
2643 2182 3022 2245 γινώσκοντες,

405 3021 424 3053 ι
455 3003 707 3058 illusores
738 3021 757 3054 ι
798 3003 1048 3058 homines
1079 3005 1259 3059 verbis
1301 3004 1630 3060 adoriuntur
1654 3019 1749 3059 eos
1778 3004 1871 3074 qui
1925 3002 1979 3057 ti-

2090 3007 2256 3079 βί6λῳ
2299 3007 2408 3060 τῶν
2464 3006 2703 3072 ζώντων,
2773 3002 3099 3073 ἐπιφύονται
3145 3005 3257 3067 τοῖς
3310 3002 3658 3057 πιστεύουσιν

402 3094 551 3147 deles
583 3105 732 3157 sunt,
781 3102 841 3148 ut
885 3095 1181 3163 decipiant,
1211 3096 1498 3151 dicentes:
1540 3113 1559 3147 ι
1600 3093 1702 3151 Ubi
1738 3104 1819 3150 est
1851 3110 1980 3167 pro-

402 3183 595 3237 missio
634 3184 900 3237 adventus
930 3186 1087 3252 ejus?
1120 3204 1137 3237 ι
1172 3187 1238 3237 At
1266 3195 1551 3254 propterea
1577 3187 1721 3254 quod
1754 3188 1987 3255 promis-

404 3288 526 3327 som
560 3288 727 3327 unum
772 3274 1014 3325 nondum
1060 3275 1130 3326 ob
1160 3276 1358 3326 dictam
1407 3275 1671 3328 rationem
1706 3276 1982 3344 impletum

404 3371 511 3427 est,
542 3364 681 3417 velle
709 3362 969 3417 omnibus
998 3362 1119 3431 ejus
1151 3362 1313 3417 dictis
1344 3362 1606 3428 diﬂidere,
1650 3364 1883 3435 latisque
1917 3367 1986 3421 ab

406 3455 527 3523 ipso
552 3454 832 3507 hominum
872 3453 1246 3523 improborum
1265 3459 1622 3523 persuasione
1654 3472 1760 3510 non
1798 3472 1987 3527 parere

409 3545 708 3608 mandatis,
768 3545 1035 3600 absonum
1094 3547 1253 3615 plane
1310 3557 1364 3602 et
1414 3547 1677 3616 injustqu
1723 3559 1829 3605 est.
1864 3553 1988 3607 lla'c

409 3651 542 3689 Vt-rt)
571 3637 717 3691 illius
739 3638 1002 3706 temporis
1035 3635 1306 3701 Gnostici.
1340 3654 1435 3695 seu
1471 3641 1725 3707 Naaseni,
1751 3653 1803 3696 et
1830 3642 1989 3697 Lam-

408 3725 634 3794 petiatti,
662 3733 715 3779 et
760 3726 1004 3782 Euchita:
1033 3728 1374 3784 et'lutiebaut.
1415 3730 1564 3796 Quos
1597 3747 1786 3786 omnes
1822 3751 1841 3784 ι
1885 3733 1987 3786 hoc

409 3815 577 3870 latere
630 3818 898 3881 volentes,
942 3836 961 3869 ι
1016 3819 1126 3884 ait;
1161 3830 1358 3888 sponte
1403 3822 1549 3876 enim
1602 3822 1670 3877 ad
1736 3823 1990 3879 veritatis

405 3906 590 3961 lumen
628 3909 818 3963 oculos
856 3909 1203 3965 claudebant.
1233 3912 1300 3966 At
1327 3913 1456 3982 quid
1492 3929 1588 3969 eos
1620 3914 1749 3969 latet
1778 3916 1800 3969 τ
1831 3915 1986 3982 Quod

408 3999 638 4062 scilicet,
695 4001 1153 4070 quemadmodum
1201 4005 1353 4068 olim,
1402 4019 1527 4059 cum
1574 4007 1696 4061 ewli
1738 4018 1791 4061 et
1824 4018 1987 4073 terra,

403 4090 560 4159 juxta
609 4090 897 4146 Mosaicam
944 4093 1130 4148 mundi
1183 4095 1514 4152 conditionis
1565 4097 1872 4162 historiam,
1926 4115 1990 4155 ex

408 4197 547 4251 aqua
585 4181 691 4250 (ait
723 4185 892 4247 enim,
922 4182 1090 4239 Deum
1125 4185 1444 4252 imperasse,
1473 4197 1531 4241 ut
1567 4207 1587 4241 ι
1630 4191 1780 4243 lieret
1811 4191 1992 4244 ﬁrma-

411 4284 650 4329 mentum
686 4273 737 4326 iu
766 4275 944 4329 medio
968 4291 1229 4347 aquarum
1248 4279 1294 4309 “
1331 4294 1346 4331 :
1377 4296 1396 4329 ι
1420 4278 1670 4334 similiter
1696 4280 1822 4352 etjut
1850 4292 1988 4349 terra

408 4378 471 4415 ex
512 4365 669 4433 aquis
716 4384 733 4416 ι
766 4375 1072 4436 appareret,
1108 4385 1126 4419 ι
1181 4367 1234 4419 in
1283 4367 1482 4436 quibus
1528 4379 1686 4423 antea
1741 4370 1990 4426 demersa

405 4453 641 4524 jaeebat)
680 4468 901 4524 repente
926 4472 990 4512 ac
1021 4468 1217 4526 praeter
1247 4458 1562 4527 opinionem
1592 4460 1860 4527 diluvium
1895 4479 1987 4517 su-

411 4548 660 4614 pervenit
691 4564 706 4603 :
736 4548 809 4600 ita
842 4559 896 4602 et
920 4563 1066 4603 nunc
1091 4557 1356 4604 statutum
1383 4557 1466 4607 est
1482 4561 1551 4609 .ut
1581 4568 1676 4622 per
1694 4554 1869 4625 ignem
1896 4556 1988 4610 tiat

412 4636 651 4692 universi
664 4636 1130 4705 destructio,cum
1159 4656 1270 4711 quo
1292 4650 1346 4696 et
1374 4642 1526 4714 impii
1559 4644 1829 4713 peribunt.
1852 4648 1988 4703 Cum

411 4725 558 4780 enim
608 4727 718 4782 duo
774 4730 885 4784 sint
927 4731 1199 4800 praecipua
1248 4733 1437 4787 mtmdi
1489 4733 1651 4803 hujus
1696 4736 1987 4803 elementa,

412 4832 553 4887 aqua
580 4829 633 4873 et
660 4819 823 4891 ignis.
850 4834 880 4874 e
911 4822 1112 4890 quibus
1141 4823 1249 4878 duo
1286 4824 1414 4887 alia,
1451 4839 1545 4880 aer
1578 4834 1631 4881 et
1669 4835 1837 4893 terra,
1873 4845 1995 4885 esse

415 4927 573 4966 suum
622 4912 902 4983 accipiunt
938 4929 955 4968 :
989 4914 1081 4969 ille
1109 4915 1330 4985 quidem
1375 4931 1437 4970 ex
1481 4917 1640 4988 aquis
1661 4921 1994 4989 cvaporatis,

423 5004 540 5057 lucc
574 5019 705 5060 vero
754 5020 820 5059 ex
853 5004 1047 5060 iisdem
1079 5005 1375 5069 concretis,
1412 5017 1518 5060 tam
1554 5009 1994 5078 evaporationem

415 5111 578 5166 quam
612 5097 1017 5153 concretionem
1052 5108 1314 5153 causante
1343 5098 1467 5169 igne
1494 5100 1656 5169 (quod
1691 5101 1998 5155 nullatenus

421 5188 744 5244 incredibile
773 5200 876 5256 est,
908 5190 1345 5259 quandoquidem
1377 5191 1479 5244 hac
1512 5205 1542 5242 a
1577 5189 1685 5244 Deo
1712 5191 1998 5246 conditore

417 5279 469 5332 vi
498 5287 692 5335 natura
722 5282 864 5350 ignis
893 5281 1090 5337 donata
1120 5282 1248 5349 est),
1286 5294 1522 5349 cumque
1554 5280 1665 5350 jam
1703 5282 1870 5337 Semel
1902 5295 1998 5349 per

423 5385 619 5439 aquas,
650 5379 895 5443 tempore
924 5373 1133 5429 scilicet
1161 5372 1379 5434 diluvii,
1418 5371 1602 5442 impiis
1629 5373 1851 5427 exitium
1877 5373 1999 5426 illa-

423 5468 542 5518 tum
574 5463 757 5529 fuerit,
788 5479 1008 5520 necesse
1033 5464 1190 5534 plane
1215 5469 1320 5531 est,
1351 5463 1549 5534 inquit,
1581 5473 1640 5519 ut
1667 5463 1806 5518 alios
1835 5465 1994 5519 etiam

502 5642 544 5671 "
608 5642 806 5707 Epltcs.
835 5660 892 5708 tt,
923 5642 1010 5727 εις).
1094 5647 1138 5679 ³³
1166 5643 1299 5699 Gen.
1336 5661 1372 5709 ι,
1409 5647 1459 5699 (5.

2087 3098 2391 3169 ἐμπαῖκται
2423 3094 2859 3160 ὲπιτωθάζοντες
2886 3094 2979 3149 καὶ
3008 3092 3281 3161 λέγοντες·
3320 3113 3339 3144 ι
3376 3091 3484 3146 Ποῦ
3509 3093 3659 3146 ἐστιν

2086 3190 2120 3256 ἡ
2156 3187 2454 3255 ἐπαγγελία
2480 3189 2580 3255 τῆς
2620 3186 2924 3259 παρουσίας
2960 3184 3166 3251 αὑτούς
3201 3204 3219 3237 ι
3253 3185 3349 3238 Διὰ
3389 3186 3521 3250 μιᾶς
3548 3185 3661 3237 τοί-

2086 3293 2181 3329 νυν
2206 3276 2304 3344 τῆς
2338 3277 2502 3346 μήπω
2532 3276 2841 3346 ἀφιγμένης
2875 3276 2944 3331 δι’
2976 3274 3043 3340 ἃς
3095 3276 3419 3346 προείπομεν
3451 3276 3656 3336 αἰτίας.

2087 3368 2146 3421 οὑ
2180 3366 2387 3420 δίκαιον
2420 3370 2514 3421 καὶ
2547 3370 2668 3432 ταῖς
2701 3366 2893 3439 ἄλλαις
2923 3365 3292 3439 σωτηριώδεσι
3319 3364 3413 3418 τοῦ
3448 3365 3659 3435 Κυρίου

2088 3457 2331 3520 ἐντολαῖς
2368 3457 2636 3523 ἀπειθεῖν,
2693 3455 3022 3526 κακούργων
3055 3456 3302 3524 γνώμαις
3329 3453 3662 3524 ἐκτραχηλι-

2089 3548 2369 3618 ζομένους.
2423 3548 2609 3603 Ταῦτα
2668 3547 2725 3600 δέ
2753 3548 2802 3600 oi
2829 3547 2951 3600 κατ’
2990 3548 3231 3609 ἐκείνους
3282 3547 3406 3608 τοὺς
3437 3546 3656 3615 καιροὺς

2089 3638 2404 3703 Γνωστικοὶ,
2444 3638 2563 3708 ῆτοι
2618 3635 2923 3708 Ναασηνοὶ,
2982 3638 3076 3689 καὶ
3128 3635 3524 3703 Λαμπετιανοὶ,
3567 3636 3659 3686 καὶ

2090 3731 2312 3801 Εὑχῖται
2348 3728 2672 3800 ἐληρῴδουν.
2726 3730 2837 3793 Οὒς
2906 3730 3113 3792 πάντας
3155 3748 3173 3782 ι
3207 3727 3492 3782 λανθάνειν
3548 3743 3653 3795 φη-

2093 3822 2178 3876 σὶν
2214 3821 2437 3885 ἑκόντας
2469 3838 2483 3854 ο
2522 3840 2541 3873 ι
2578 3822 2820 3876 ἐθελοντὶ
2845 3821 2953 3892 γὰρ
2982 3821 3178 3891 μύουσι
3213 3819 3350 3890 πρὸς
3389 3821 3486 3885 τὴν
3534 3819 3650 3884 ἀλή-

2092 3913 2265 3969 θειαν.
2299 3915 2411 3967 Καὶ
2449 3913 2503 3965 τί
2542 3914 2603 3965 τὸ
2626 3912 2890 3967 λανθάνον
2922 3910 3160 3978 αὑτούς;
3194 3911 3322 3965 Ὅτι
3375 3908 3560 3980 ὥσπερ
3601 3910 3662 3960 ἐν

2091 4005 2168 4075 τῷ
2201 4004 2573 4073 κατακλυσμῷ
2615 4000 2755 4074 ἦσαν
2790 4004 3029 4076 οὐρανοὶ,
3073 3992 3215 4055 κατὰ
3249 4000 3350 4070 τὴν
3386 4001 3658 4061 Μωῦσέως

2092 4097 2512 4165 κοσμογένειαν,
2545 4095 2605 4159 ἐξ
2639 4095 2831 4161 ὓδατος
2875 4095 3056 4166 (αὑτὸν
3084 4095 3193 4163 γάρ
3230 4110 3366 4162 φησι
3410 4093 3501 4144 τὸν
3531 4092 3660 4143 Θεὸν

2093 4186 2432 4240 ἐντείλασθαι
2471 4204 2488 4237 ι
2510 4186 2762 4253 γενέσθαι
2788 4185 3073 4256 στερέωμα
3110 4184 3166 4236 ἐν
3197 4183 3349 4253 μέσῳ
3392 4182 3485 4235 τοῦ
3539 4180 3668 4233 ὑδα-

2095 4296 2184 4341 τος
2217 4297 2234 4329 ι
2257 4277 2297 4347 ),
2333 4279 2424 4331 καὶ
2456 4279 2488 4347 ή
2515 4280 2586 4347 γῆ
2627 4278 2683 4329 δὲ
2710 4276 2971 4340 ὡσαύτως
3007 4278 3071 4328 ἐκ
3105 4274 3214 4327 τῶν
3276 4274 3488 4329 ὑδάτων
3522 4291 3539 4322 ι
3565 4273 3665 4325 ἀν-

2027 4360 2066 4412 D
2096 4373 2271 4440 εφάνη
2301 4389 2318 4421 ι
2349 4369 2425 4441 τῷ
2447 4370 2655 4421 ἐκείνου
2679 4368 3083 4437 προστάγματι,
3111 4363 3440 4435 ὑποϐρύχιος
3482 4363 3669 4424 αὐτοῖς

2093 4462 2286 4533 πρώην
2323 4457 2481 4526 οὖσα,
2517 4462 2609 4514 καὶ
2672 4461 2746 4524 ὡς
2798 4460 2857 4524 ἐξ
2897 4461 3102 4513 ὑδάτων
3129 4456 3477 4511 συνεστώτων
3504 4455 3669 4522 ούρα-

2093 4554 2185 4607 νοῦ
2216 4555 2310 4608 καὶ
2342 4555 2465 4622 γῆς,
2498 4555 2525 4605 ὁ
2556 4553 2936 4622 κατακλυσμὸς
2961 4549 3192 4619 ἐπῆλθεν
3214 4549 3631 4619 ἀπροσδοκήτως
3650 4563 3666 4578 ·
3698 4552 3705 4559 ’

2093 4647 2237 4700 οὕτω
2265 4647 2357 4699 καὶ
2380 4646 2476 4698 νῦν
2508 4645 2597 4698 διὰ
2648 4647 2820 4716 πυρὸς
2850 4645 3139 4706 ἀπόκειται
3171 4643 3271 4707 τὴν
3323 4641 3527 4710 φθοράν
3570 4638 3670 4690 τοῦ

2096 4739 2298 4797 παντὸς
2326 4735 2604 4806 γενέσθαι,
2637 4735 2758 4805 μεθ’
2788 4728 2848 4788 οὗ
2881 4736 2976 4787 καὶ
3029 4735 3078 4785 oi
3128 4731 3347 4796 ἀσεϐεῖς
3409 4727 3675 4782 ἀπολοῦν-

2099 4848 2210 4882 ται.
2250 4829 2354 4883 Δύο
2375 4828 2485 4898 γὰρ
2522 4830 2691 4882 ὀντων
2706 4828 2816 4880 τῶν
2841 4823 3323 4879 συνεκτικωτάτων
3391 4818 3677 4888 στοιχείων

2099 4920 2191 4979 τοῦ
2211 4920 2428 4984 παντὸς,
2447 4919 2637 4980 ὕδατος
2658 4918 2753 4971 καὶ
2766 4937 2837 4970 πυ
2847 4918 2958 4983 ρὸς,
2981 4916 3071 4985 ἀφ’
3106 4908 3183 4968 ὧν
3207 4915 3302 4968 καὶ
3323 4913 3390 4966 τὰ
3410 4912 3502 4964 δύο
3530 4927 3680 4964 στοι-

2100 5016 2222 5082 χεῖα
2248 5013 2308 5064 τί»
2342 5007 2484 5064 εἶναι
2514 5010 2915 5079 λαμϐάνουσιν,
2956 5006 3066 5076 ἀὴρ
3100 5005 3199 5076 μὲν
3226 5005 3419 5074 ὁρᾶται
3450 4999 3680 5068 ἐξατμι-

2103 5105 2345 5174 ζομένων
2384 5103 2611 5169 ὑδάτων,
2664 5101 2735 5168 γῆ
2761 5100 2817 5153 δὲ
2845 5097 3288 5168 συγκρινομένων
3319 5095 3546 5157 ὑδάτων,
3575 5091 3682 5159 τῆς

2103 5193 2439 5262 ἐξατμίσεως
2468 5192 2543 5254 ὡς
2585 5193 2649 5245 ἐκ
2675 5186 2847 5258 πυρὸς
2876 5188 2969 5243 καὶ
2997 5188 3096 5257 τῆς
3131 5184 3494 5257 συγκρίσεως,
3523 5181 3679 5233 οῦδε-

2103 5284 2194 5346 νὸς
2218 5283 2325 5336 τῶν
2348 5280 2475 5336 νοῦν
2492 5283 2725 5351 ἐχόντων
2748 5277 3107 5340 ἀπιστοῦντος
3128 5274 3353 5344 (ταύτην
3388 5274 3497 5342 γὰρ
3519 5270 3683 5323 δύναο

2105 5393 2198 5445 μιν
2226 5374 2329 5428 ὑπὸ
2361 5373 2452 5429 τοῦ
2486 5372 2711 5443 ποιητοῦ
2733 5371 2867 5424 Θεοῦ
2900 5368 3040 5440 ἡτοῦ
3068 5368 3238 5438 πυρὸς
3264 5366 3421 5435 ἔλαχε
3449 5360 3634 5432 φύσις)
3661 5376 3680 5393 ⁹

2101 5465 2194 5519 δύο
2210 5466 2388 5519 τοίνυν
2408 5465 2597 5529 ὄντων,
2622 5464 2716 5517 καὶ
2737 5463 3014 5533 πρότερον,
3030 5459 3128 5530 τῆς
3155 5458 3262 5513 τῶν
3289 5454 3506 5512 ἀσεϐῶν
3540 5452 3676 5523 φθο-
