4020 6214
330 274 460 343 1231
693 281 696 284 ’
1110 260 1519 337 EXPOSITIO
1553 275 1637 338 IN
1660 256 1901 337 EPIST.
1937 277 1999 337 ΙΙ
2027 276 2084 337 S.
2119 274 2367 336 PETRI.
2396 298 2465 311 -
2493 272 2650 335 CAP.
2702 273 2814 334 IIl.
3459 235 3613 341 1282‘

334 389 431 458 ρᾶς
490 383 578 439 διὰ
617 384 727 440 τῶν
802 385 1022 441 ὑδάτων
1057 387 1353 457 γινομένης
1377 386 1443 457 ff.
1482 386 1650 458 759.],
1698 387 1911 457 ἀνάγκη

2019 401 2114 457 per
2146 385 2324 456 ignem
2355 384 2671 439 eorumdem
2702 382 2992 453 impiorum
3026 382 3278 439 interitus
3304 383 3596 455 aliquando

329 479 501 542 πᾶσα,
532 476 688 546 φησὶ,
710 474 810 551 τὴν
825 477 934 532 τῶν
956 472 1170 533 ἀσεϐῶν
1196 478 1403 552 φθορὰν
1434 479 1525 535 διὰ
1556 478 1728 551 πυρὸς
1752 481 1906 550 γενέ·
2009 478 2309 547 contingat.

329 571 472 624 σθαι.

403 682 422 715 ι
461 665 584 717 Ὀτι
607 666 828 736 οὐρανοὶ
852 662 992 738 ἦσαν
1035 664 1290 731 ἔκπαλαι,
1323 666 1419 720 καὶ
1463 667 1496 737 ἡ
1526 665 1598 737 γῆ
1626 666 1685 733 ἐξ
1711 665 1904 729 ὕδατος

2086 694 2105 731 ι
2145 675 2299 743 Quod
2331 675 2457 730 (αξη
2501 680 2659 728 erant
2691 673 2863 744 prius,
2896 680 2951 726 et
2979 680 3122 726 terra
3147 686 3211 725 ex
3244 686 3385 742 aqua
3413 683 3466 726 et
3502 690 3597 742 per

332 759 424 809 καὶ
441 757 509 811 δι’
532 756 727 820 ὓδατος
752 757 1068 813 συνεστῶσα
1094 756 1170 827 τῷ
1188 755 1281 810 τοῦ
1296 754 1436 810 Θεοῦ
1474 755 1637 827 λόγῳ.
1666 774 1786 808 ο-ι
1816 757 1908 821 Ἐξ

2011 782 2209 836 aquam
2258 767 2572 829 consistens
2615 764 2703 818 Dei
2743 762 2931 817 verbo.
2973 779 2991 812 ι
3048 761 3123 814 Ex
3171 776 3310 830 aqua
3352 762 3594 831 quidem,

330 847 519 911 ὓδατος
547 869 566 900 ι
604 849 721 918 μὲν,
754 849 828 912 ὡς
845 849 905 913 ἐξ
936 848 1119 901 ὑλικοῦ
1138 849 1337 903 αἰτίου*
1375 866 1394 899 ι
1427 847 1494 901 δι’
1549 841 1742 910 ὓδατος
1772 866 1790 900 t
1828 847 1906 911 δὲ,

2012 866 2271 927 tanquam
2323 871 2387 909 ex
2445 854 2712 908 materiali
2769 851 3093 922 principio;
3147 869 3164 902 ι
3203 866 3299 919 per
3333 867 3530 922 aquam
3574 872 3591 904 ι

330 938 405 1000 ὡς
429 938 517 992 διὰ
538 937 778 991 τελικοῦ.
809 937 996 1009 ’Υδωρ
1028 938 1136 1008 γὰρ
1169 937 1230 990 τὺ
1254 937 1480 1007 συνέχον
1505 935 1604 1008 τὴν
1652 935 1780 1006 γῆν,
1816 936 1907 989 τὸν

2011 964 2166 1013 vero,
2191 957 2452 1016 tanquam
2486 961 2581 1015 per
2613 945 2813 1013 aliquid
2844 942 3222 1013 perlectivum.
3252 942 3404 1011 Aqua
3430 943 3596 1015 enim,

330 1029 460 1099 χοῦν
476 1029 572 1083 am
594 1030 757 1083 κόλλα
772 1029 1087 1098 συσφίγγων
1108 1026 1359 1101 [[ρ-γγον]
1374 1028 1563 1097 αὐτῆς,
1576 1027 1909 1080 milii-.6311-

2011 1055 2130 1111 qua:
2146 1039 2392 1093 continet
2410 1047 2636 1104 terram,
2658 1035 2779 1103 ejus
2802 1034 3075 1104 pulverem
3105 1034 3450 1102 velntgluten
3481 1035 3598 1089 col-

337 1138 423 1173 σιν
439 1121 696 1192 παρέχων
732 1119 794 1192 [Ῑ.
812 1120 954 1193 οχον]
979 1122 1140 1192 αὐτῇ.
1168 1120 1229 1173 Εἰ
1259 1118 1367 1190 γὰρ
1394 1118 1469 1191 μὴ
1495 1119 1671 1183 τοῦτο,
1691 1119 1908 1189 ἀνάγκη

2011 1132 2209 1202 ligans,
2242 1130 2416 1186 eidem
2439 1127 2855 1183 consistentiam
2892 1126 3101 1181 tribuit.
3139 1124 3294 1191 Quod
3329 1125 3374 1180 si
3402 1126 3453 1178 id
3489 1139 3598 1179 non

334 1214 472 1285 πρὸς
503 1213 631 1285 χοῦν
660 1213 976 1269 διαλύεσθαι
1019 1215 1112 1267 καὶ
1150 1212 1466 1284 ἀεροῦσθαι.
1511 1211 1908 1281 Ἐπιφυήσεῖαι

2015 1231 2374 1294 praestaretur
2395 1220 2464 1275 ab
2495 1235 2657 1289 aqua,
2685 1218 3000 1273 necessario
3031 1224 3177 1269 terra
3205 1216 3320 1283 ipsa
3350 1214 3403 1268 in
3435 1214 3602 1284 398

331 1302 387 1356 δέ
416 1320 500 1368 τις
532 1306 662 1374 ἡμῖν
686 1305 814 1368 ἴσως
839 1304 1115 1375 φλυαρῶν.
1145 1301 1213 1355 Τί
1239 1300 1437 1372 δήποτε
1461 1303 1489 1354 6
1511 1300 1645 1364 Θεὸς
1665 1303 1757 1356 τὸν
1813 1299 1900 1354 κό-

2011 1316 2289 1385 pulverem
2337 1311 2727 1374 resolveretur,
2772 1325 2836 1362 ac
2886 1309 2939 1363 iu
2983 1322 3109 1361 aera
3158 1305 3360 1360 abiret.
3399 1303 3598 1359 Verum

336 1408 470 1462 σμον
503 1396 594 1447 τὶν
609 1395 886 1467 ὁρώμενον
920 1394 1253 1465 ὑποστήσας,
1270 1393 1392 1462 οὐχὶ
1428 1392 1485 1458 ἐξ
1517 1393 1693 1463 ἀρχῆς
1717 1393 1907 1462 ἐδραῖο

2014 1408 2246 1461 fortasse
2281 1413 2518 1474 nugator
2549 1403 2750 1471 aliquis
2784 1397 3177 1469 interpellabit,
3207 1397 3398 1451 dicens
3434 1412 3450 1449 :
3489 1396 3601 1450 Cur

360 1503 420 1539 ον
452 1488 772 1556 εἰργάσατο,
813 1487 872 1551 ἐξ
893 1482 953 1541 οὗ
979 1487 1074 1539 καὶ
1102 1488 1236 1557 πρὸς
1260 1486 1318 1540 τὸ
1350 1484 1503 1548 εὐθὲς
1537 1485 1910 1553 ὲπανάγεσθαι

2016 1484 2183 1563 Deus,
2217 1513 2342 1552 cum
2378 1495 2643 1550 visibilem
2678 1494 2825 1549 hunc
2858 1491 3126 1547 mundum
3177 1488 3441 1551 condidit,
3475 1500 3599 1541 eum

335 1580 514 1649 χρεία,
539 1579 601 1631 τὸ
635 1579 736 1649 μὲν
790 1579 883 1632 ἐπὶ
917 1578 1042 1632 Νῶε
1071 1579 1157 1632 διὰ
1181 1579 1274 1632 τοῦ
1329 1577 1745 1649 κατακλυσμοῦ,
1770 1579 1827 1631 ὲν
1849 1578 1907 1632 δὲ

2012 1592 2097 1645 vel
2140 1591 2209 1645 ab
2260 1589 2379 1658 ipso
2432 1587 2588 1641 initio
2629 1585 2850 1640 ﬁrmum
2885 1583 3248 1661 s_labilcmque
3291 1593 3400 1633 non
3452 1578 3598 1640 fecit,

335 1665 402 1735 τῇ
428 1664 711 1736 συντελείᾳ
733 1665 824 1719 διὰ
846 1667 1040 1737 πυρός,
1075 1666 1150 1729 ὼς
1181 1667 1273 1720 νῦν
1318 1682 1451 1737 φησι
1497 1668 1699 1737 Πέτρος
1722 1683 1737 1733 ;
1764 1667 1910 1735 Πρὸς

2018 1678 2152 1752 quin
2187 1696 2328 1752 opus
2358 1679 2496 1734 ioret
2524 1688 2577 1732 et
2611 1677 2740 1731 olim
2775 1685 3018 1746 tempore
3046 1671 3159 1726 Noe
3191 1686 3287 1742 per
3310 1669 3599 1732 diluvium,

278 1838 281 1841 ν
332 1755 392 1807 6v
415 1755 671 1826 ἐροῦμεν,
688 1735 768 1822 ὧς
781 1758 842 1810 τὸ
862 1735 960 1828 μὲν
976 1735 1496 1829 ἀμετάϐλητον,νοὺχ
1517 1735 1631 1811 οἷόν
1653 1775 1711 1810 τε
1742 1758 1865 1811 αὐτὶ

2019 1786 2073 1830 et
2112 1775 2165 1828 in
2212 1773 2323 1827 ﬁne
2352 1770 2541 1824 mutuli
2580 1784 2674 1838 per
2726 1768 2907 1836 ignem
2957 1763 3022 1816 ad
3077 1760 3357 1816 meliorem
3396 1764 3600 1813 statum

334 1848 501 1916 σχεῖν.
529 1848 650 1911 Πῶς
676 1851 807 1918 γὰρ,
827 1848 885 1913 ὃς
915 1850 979 1901 ὲκ
997 1847 1175 1918 μεταὸ
1188 1847 1309 1916 alii;
1327 1847 1508 1920 εἴληχε
1521 1851 1580 1901 τὸ
1595 1845 1736 1902 εἶναι
1759 1865 1776 1915 ;
1812 1848 1909 1903 Ἐκ

2014 1866 2258 1922 revocari
2291 1861 2439 1917 ‘lCui
2469 1877 2566 1914 nos
2598 1856 3017 1927 respondemus,
3053 1851 3316 1906 mundum
3347 1849 3601 1902 immuta—

333 1940 442 2010 γὰρ
472 1938 564 1992 τοῦ
592 1939 667 2010 μὴ
689 1936 829 1993 εἶναι
851 1942 932 2003 είς
967 1939 1025 1992 τὺ
1044 1935 1190 1993 εἶναι
1219 1940 1470 2012 προήχθη
1500 1955 1513 1969 ·
1557 1940 1693 2011 ὅπερ
1716 1943 1814 1994 οὐκ
1844 1941 1909 1995 ἂν

2013 1956 2239 2011 bilitatis
2262 1954 2440 2008 dotem
2465 1951 2663 2004 habere
2694 1964 2801 2003 non
2827 1946 3093 2018 potuisse,
3129 1942 3277 2014 quod
3304 1957 3398 2011 per
3417 1948 3600 1994 muta-

334 2031 559 2102 ἔμφρων
583 2049 665 2095 τις
693 2033 767 2101 μὴ
798 2031 1084 2085 ἀλλοίωσιν
1106 2033 1240 2105 ἐρεῖ.
1272 2032 1381 2085 Καὶ
1404 2029 1591 2102 ἐπειδὴ
1623 2032 1654 2101 ἡ
1686 2031 1909 2084 ἀλλοίω-

2010 2048 2212 2102 tionetn
2252 2045 2501 2098 habuerit
2534 2042 2771 2103 initium,
2804 2038 3074 2108 siquidem
3104 2052 3169 2090 ex
3202 2050 3309 2090 non
3346 2048 3471 2089 esse
3528 2030 3596 2086 ad

331 2118 421 2187 σις
448 2125 542 2177 ἐπὶ
563 2125 623 2177 τὸ
649 2124 923 2195 χείριστον
943 2124 1153 2212 προέϐη
1176 2126 1289 2189 τοϊς
1313 2128 1520 2195 χείροσι
1541 2142 1602 2177 συ
1612 2124 1906 2193 μερνρεῖσχ,

2009 2153 2134 2193 esse
2169 2134 2494 2207 perductum
2524 2142 2606 2185 est
2639 2148 2654 2185 :
2703 2129 2849 2198 quod
2883 2144 3044 2183 nemo
3066 2128 3159 2196 qui
3186 2127 3387 2195 sapiat,
3419 2132 3591 2177 muta-

333 2216 647 2283 ἀναγκαίως
700 2217 729 2269 ὁ
776 2215 967 2269 τούτου
1017 2215 1350 2288 δημιουργὸς
1409 2216 1504 2268 ἐπὶ
1556 2215 1616 2267 τὸ
1656 2216 1908 2285 κρεῖττον

2014 2234 2214 2285 tionem
2253 2226 2548 2297 quamdam
2582 2238 2705 2277 esse
2747 2221 3044 2292 negaverit.
3087 2220 3155 2271 At
3188 2217 3447 2286 quoniam
3495 2216 3597 2268 hu—

334 2309 645 2376 ἐπανάγων,
681 2307 772 2360 ἐπὶ
804 2308 902 2378 μὲν
923 2305 1019 2361 τοῦ
1042 2307 1164 2362 Νῶε
1188 2308 1287 2377 τὴν
1324 2307 1593 2376 κάθαρσιν
1624 2304 1693 2358 δι’
1718 2305 1911 2383 ὕδατος

2012 2317 2252 2390 iusmodi
2283 2317 2515 2371 mutatid
2554 2330 2620 2368 ex
2649 2312 2793 2366 malo
2822 2312 2875 2365 in
2904 2310 3161 2381 peiorem,
3193 2322 3257 2362 ac
3284 2307 3519 2376 denique
3545 2304 3599 2359 in

335 2402 733 2471 ἐποιήσατο,ὲν
765 2399 821 2453 δὲ
863 2402 930 2470 τῇ
988 2397 1270 2467 συντελείᾳ
1308 2397 1396 2450 διὰ
1451 2396 1645 2465 πυριις.
1690 2396 1814 2451 Ἐπὶ
1846 2394 1909 2468 [Ῑ.

2015 2413 2315 2485 pessimum
2365 2398 2570 2462 statum
2608 2418 2900 2474 progressa
2951 2410 3076 2457 est:
3117 2398 3433 2455 necessario
3461 2396 3602 2451 Deus

339 2489 486 2563 ἐπεη
524 2493 615 2546 καὶ
666 2492 830 2563 ἡμεῖς
881 2488 1154 2561 εἰώθαμεν
1212 2489 1311 2553 τὰς
1356 2488 1490 2552 ὔλας
1548 2489 1916 2559 ἀναχωνεύειν

2014 2502 2204 2557 volens
2240 2499 2419 2569 ipsum
2455 2504 2520 2549 ad
2554 2494 2833 2549 meliorem
2877 2490 3105 2562 gradum
3139 2488 3422 2550 reducere,
3468 2500 3596 2540 cum

338 2585 492 2654 napi,
516 2584 614 2654 οὐχ
635 2583 723 2637 ἵνα
772 2583 872 2638 ἀνυ
884 2582 1119 2656 παρξίαν
1141 2583 1334 2645 αὑταῖς
1363 2581 1569 2650 δῶμεν,
1598 2582 1717 2635 ἁλλ’
1745 2581 1832 2635 ἵνα
1856 2582 1916 2636 τὸ

2018 2594 2230 2647 vivente
2259 2587 2373 2643 Noe
2394 2578 2521 2642 eum
2553 2600 2696 2655 aqua
2728 2583 2999 2653 purgavit,
3031 2589 3144 2634 tum
3178 2580 3231 2633 in
3253 2591 3605 2633 consumma-

341 2675 577 2746 καθαρὸν
599 2676 692 2728 καὶ
714 2674 1006 2745 εἰλικρινὲς
1034 2672 1420 2745 χαρισώμεθα·
1467 2673 1563 2726 καὶ
1612 2671 1769 2726 τοῦτο
1814 2674 1915 2725 οὐκ

2019 2686 2165 2740 tione
2206 2683 2390 2738 saeculi
2431 2682 2555 2750 igne
2588 2684 2925 2749 purgaturus
2947 2681 3053 2728 est.
3088 2671 3223 2726 Nam
3253 2680 3306 2725 et
3334 2684 3435 2723 nos
3459 2682 3606 2738 qua:-

340 2767 404 2820 ἄν
437 2784 518 2827 τις
552 2766 845 2836 ἀπιστήσῃ.
888 2763 1166 2827 Ὡσαύτως
1193 2762 1256 2834 δὴ
1303 2762 1510 2815 καὶτὸν
1535 2761 1672 2815 Θεὸν
1696 2760 1785 2814 διὰ
1816 2778 1917 2813 πυο

2019 2776 2143 2828 dam
2168 2771 2467 2828 recondere
2492 2771 2750 2831 solemus,
2783 2782 2892 2821 non
2924 2776 2982 2820 ut
3012 2761 3383 2827 destruamus,
3419 2759 3513 2814 sed
3547 2764 3606 2812 ut

344 2856 433 2927 ρὸς
459 2858 516 2906 ὲν
539 2857 607 2927 τῇ
639 2854 917 2926 συντελείᾳ
945 2855 1417 2925 ἐπαγγειλάμενος
1461 2856 1662 2906 ποιεῖν’
1693 2854 1761 2905 τὰ
1810 2852 1919 2923 γὰρ

2023 2868 2315 2936 puritatem
2357 2863 2465 2916 illis
2526 2862 2931 2931 pristinumque
2955 2855 3189 2910 nitorem
3231 2853 3604 2907 restituamus.

342 2943 573 3012 περιττὰ
603 2942 840 3012 φθείρει,
859 2944 952 2996 καλ⁵
982 2943 1149 3015 μηδὲν
1174 2943 1310 3014 πρὸς
1341 2941 1692 3014 ἀνθρωπίνην
1718 2940 1920 2994 σύστα-

2024 2957 2214 3011 Similc
2244 2954 2374 3022 quid
2402 2953 2561 3008 etiam
2592 2952 2734 3005 Dens
2764 2952 2886 3019 igne
2910 2951 2963 3002 in
2997 2946 3102 3000 line
3133 2943 3318 2998 tnundi
3348 2956 3406 2998 se
3436 2940 3609 2996 iactu-

346 3051 431 3087 σιν
469 3034 849 3087 συντελοῦντα·
902 3028 1014 3087 οἷον
1062 3035 1227 3104 φυτὰ,
1275 3032 1471 3105 κτήνη,
1516 3032 1698 3103 χλόην.
1733 3028 1920 3084 Ταῦτα

2027 3064 2147 3103 rum
2187 3046 2457 3116 promisit,
2500 3044 2771 3113 siquidem
2813 3037 3086 3109 superflua
3119 3044 3172 3091 et
3211 3035 3279 3089 ad
3313 3035 3606 3088 humanam

344 3122 437 3179 οῦν
463 3126 748 3196 φθαρείται
768 3126 839 3179 τὰ
868 3125 1100 3196 περιττὰ
1128 3124 1262 3194 πρὸς
1307 3122 1408 3194 τὴν
1442 3124 1720 3193 ἄφθαρτον
1752 3120 1920 3192 ζωήν.

2029 3138 2340 3192 felicitatem
2391 3135 2529 3188 nihil
2572 3130 2911 3187 conferentia
2962 3131 3232 3189 destruet,
3279 3132 3337 3177 ut
3371 3122 3608 3192 plantas,

358 3208 513 3269 Ἐπεὶ
533 3214 626 3270 οῦν
661 3215 808 3269 οὕτω
830 3214 1028 3281 ταῦτα,
1083 3213 1331 3285 ματαίως
1383 3211 1718 3283 φλυαροῦσιν
1749 3212 1799 3264 ot
1832 3212 1923 3263 τὸν

2025 3232 2295 3298 jumenta,
2345 3226 2544 3279 herbas
2587 3232 2642 3277 et
2687 3224 2794 3277 alia
2823 3220 3139 3290 hujusmodi
3168 3232 3291 3287 qua
3318 3212 3612 3280 immortali

342 3306 620 3379 ὁρώμενον
645 3307 835 3360 τοῦτον
870 3306 1074 3374 κόσμον
1101 3304 1391 3374 ζητοῦντες
1419 3303 1496 3373 μὴ
1525 3302 1804 3370 ἄφθαρτον
1864 3299 1924 3364 ἐξ

2027 3322 2151 3378 vita:
2189 3330 2418 3385 prorsus
2465 3321 2595 3366 sunt
2642 3311 2882 3364 inutilia.
2917 3308 3246 3377 [insipienter
3282 3306 3456 3374 igitur
3481 3316 3609 3373 gnr-

348 3402 520 3469 ἁρχῆς
553 3400 827 3467 γενέσθαι.
860 3399 925 3451 Εἰ
962 3397 1144 3459 τοῦτο,
1177 3397 1275 3447 καὶ
1304 3397 1396 3445 ἐπὶ
1451 3397 1548 3461 τῆς
1579 3396 1775 3460 νοερᾶς
1831 3394 1918 3442 οὑ-

2029 3411 2197 3472 I‘iunt,
2234 3410 2324 3476 qui
2361 3406 2632 3460 viSIhilem
2667 3406 2812 3456 hunc
2847 3400 3113 3454 mundum
3133 3399 3320 3453 volunt
3356 3397 3425 3449 ab
3454 3395 3611 3449 initio

350 3489 589 3550 σιώσεως
625 3485 949 3555 λογισθῆναι
1014 3483 1248 3556 οἰηθείη,
1270 3481 1397 3534 ἐπεὶ
1426 3481 1565 3551 αὑτὴ
1587 3481 1646 3546 ὲξ
1676 3481 1777 3532 οὐκ
1832 3480 1923 3532 δν-

2029 3496 2503 3563 incortuptibilem
2538 3493 2727 3545 fuisse.
2764 3491 2819 3544 Si
2856 3491 2981 3559 quis
3031 3502 3161 3544 vero
3193 3494 3347 3556 putet
3380 3486 3521 3539 idem
3546 3484 3614 3538 de

348 3597 457 3633 των
511 3578 783 3650 προήχθη,
842 3574 958 3630 ἀλλ’
1007 3573 1160 3628 οὔπω
1216 3572 1422 3635 συνιεὶς
1467 3571 1555 3635 ὡς·
1602 3572 1637 3642 ἡ
1685 3570 1925 3639 ἁπλότης

2029 3584 2295 3654 ερὶι·ἰω;ιιὶ
2316 3596 2535 3651 quoque
2571 3578 2881 3632 substantia
2909 3577 3277 3639 sentiendum,
3304 3575 3350 3628 is
3373 3575 3615 3643 profecto

351 3669 531 3740 εκείνη
565 3671 846 3741 περιποιεῖ
872 3667 933 3722 τὸ
967 3665 1271 3734 ἀνώλεθρον
1324 3663 1422 3718 καὶ
1479 3663 1542 3717 τὺ
1600 3663 1771 3733 ἐγγὺς
1828 3661 1928 3731 τῆς

2030 3691 2140 3730 non
2192 3674 2465 3742 intelligit,
2514 3664 2793 3740 quomodo
2841 3668 3070 3735 spiritus
3113 3665 3465 3733 simplicitate
3514 3676 3614 3718 sua

356 3761 631 3832 μακαρίας
688 3759 949 3830 τετάχθαι
1014 3759 1084 3829 τῇ
1151 3754 1386 3827 ὑπάρξει
1452 3754 1547 3809 καὶ
1607 3754 1761 3818 θείας
1822 3753 1926 3824 φύ-

2033 3766 2501 3820 immortalltatem
2550 3761 2653 3815 sibi
2697 3757 2954 3821 vindicet,
2981 3755 3227 3824 adeoque
3251 3754 3318 3807 ad
3377 3754 3617 3808 divinam

352 3871 511 3915 σεωξ·
2031 3858 2352 3924 heatamque
2377 3863 2626 3907 naturam
2655 3848 2882 3925 pt-Opins
2912 3846 3156 3901 accedat.

436 3963 452 3993 ι
492 3942 569 3995 Δι’
595 3936 669 3996 ὧν
700 3943 729 3994 ὁ
757 3943 882 3994 τότε
916 3941 1117 4011 κόσμος
1143 3938 1295 3992 ὕδατι
1326 3937 1692 4001 κατακλυθεις
1735 3935 1896 4010 [vulg.

2107 3949 2270 4007 Vens.
2302 3950 2354 4003 θ.
2386 3968 2403 3999 ι
2444 3944 2549 4001 Per
2577 3963 2699 4016 qua:
2731 3946 2821 3999 ille
2858 3952 2990 3997 tunc
3022 3939 3260 3996 mundus
3286 3952 3426 4008 aqua
3459 3936 3624 3991 inun-

354 4066 380 4077 -
409 4033 582 4105 σθεὶς]
603 4033 873 4087 ἀπώλετο.
902 4051 921 4084 ›
950 4033 1048 4084 Διὰ
1063 4031 1155 4085 τοῦ
1181 4030 1411 4101 οὐρανοῦ
1436 4032 1529 4084 καὶ
1552 4031 1650 4101 τῆς
1678 4030 1804 4100 γῆς’
1834 4031 1933 4101 τῆς

2034 4044 2191 4099 datus
2223 4044 2404 4113 periit.
2438 4059 2457 4092 ›
2489 4069 2559 4079 ——
2592 4059 2609 4090 ι
2648 4037 2749 4092 Per
2777 4051 2901 4107 qua:
2941 4053 2990 4100 ι,
3023 4033 3231 4087 scilicet
3252 4046 3349 4101 per
3376 4028 3548 4086 ctelos
3566 4038 3621 4083 et

360 4128 457 4197 μὲν
476 4127 537 4179 τὸ
558 4126 703 4198 ὕδωρ
723 4124 1112 4195 ὲπικλυσάσης,
1127 4122 1221 4177 τοῦ
1245 4125 1475 4196 οὐρανοῦ
1498 4124 1554 4177 δὲ
1585 4127 1707 4188 τοὺς
1725 4125 1931 4195 καταρο

2036 4135 2284 4200 lerram;
2340 4128 2496 4187 terra
2531 4131 2751 4201 quidem
2806 4142 3002 4196 aquam
3051 4124 3273 4194 copiose
3316 4121 3623 4185 emittente,

361 4220 567 4290 ρακτας
598 4217 897 4287 ὲπαφέντος
924 4218 984 4268 τὸ
1018 4214 1164 4285 ὓδωρ
1193 4218 1261 4286 τῇ
1289 4217 1386 4286 γῇ.
1422 4214 1495 4265 Τὸ
1549 4213 1626 4277 δὲ,
1662 4232 1680 4264 ι
1751 4211 1931 4267 Ἀπώ-

2038 4230 2193 4283 εωιὶε
2224 4234 2405 4279 autem
2437 4240 2531 4295 per
2550 4229 2886 4277 catarraetas
2909 4232 3109 4289 aquam
3145 4224 3305 4270 terra:
3338 4211 3625 4268 aliundea-

357 4312 501 4376 λετο,
538 4329 557 4363 ›
603 4309 680 4382 μὴ
710 4307 846 4382 πρὸς
886 4306 1067 4360 πάντα
1099 4307 1188 4360 τὸν
1216 4306 1423 4377 κόσμον
1453 4305 1585 4369 νόει,
1623 4304 1758 4357 ἀλλὰ
1799 4303 1934 4373 πρὸς

2037 4319 2197 4375 tibus.
2249 4316 2383 4370 Illud
2439 4322 2621 4369 autem
2677 4332 2694 4364 ι
2732 4310 2891 4381 periit
2924 4328 2943 4361 ι
2995 4320 3339 4378 nequaquam
3384 4304 3454 4359 de
3504 4310 3624 4358 toto

363 4406 500 4477 μόνα
528 4404 596 4457 τὰ
631 4402 772 4468 ζῶα,
801 4400 837 4455 ἃ
865 4400 955 4454 τὸν
988 4398 1280 4470 σύμπαντα
1334 4402 1535 4466 κόσμον
1568 4398 1737 4466 οἱονεὶ
1801 4396 1933 4448 είδο-

2041 4409 2246 4465 mundo
2288 4405 2562 4476 intelligit,
2610 4403 2705 4459 sed
2746 4402 2813 4457 de
2849 4399 3180 4455 animalibus
3220 4402 3457 4457 tantum,
3501 4407 3624 4463 qua:

360 4499 524 4551 ποιεῖ.
561 4495 826 4566 ,Ἔρημος
854 4496 960 4563 γὰρ
983 4493 1192 4546 τούτων
1225 4491 1515 4560 γενόμενος
1560 4489 1681 4542 οὐδὲ
1733 4489 1937 4557 κόσμο;

2047 4500 2365 4553 universum
2415 4495 2676 4549 mundum
2717 4491 2885 4547 veluti
2929 4490 2983 4543 in
3037 4501 3137 4543 sua
3186 4484 3368 4556 specie
3417 4482 3625 4537 consti-

361 4592 426 4644 ἂν
464 4589 572 4659 εἰη.
2045 4600 2209 4645 tuunt
2246 4608 2261 4655 ;
2306 4591 2372 4642 iis
2405 4588 2550 4641 enim
2579 4600 2774 4654 expers
2802 4582 3064 4642 mundus,
3099 4591 3201 4632 nec
3244 4575 3481 4629 nntndus
3500 4572 3629 4643 qui-

2048 4683 2170 4736 dem
2213 4680 2477 4733 dicendus
2507 4675 2668 4731 foret.

442 4768 547 4822 ιΟἱ
584 4765 643 4819 δὲ
673 4763 769 4835 νῦν
799 4764 1041 4832 οὐρανοὶ,
1095 4762 1189 4816 καὶ
1237 4764 1271 4832 ἡ
1319 4761 1412 4830 γῆ,
1453 4760 1532 4830 τῷ
1579 4757 1746 4812 αὐτοῦ
1802 4758 1944 4830 λόγῳ

2124 4773 2287 4827 Vens.
2317 4770 2368 4825 7.
2417 4788 2435 4820 (
2466 4767 2600 4823 Cteli
2655 4774 2860 4827 autem,
2901 4763 2993 4833 qui
3030 4775 3177 4816 nunc
3209 4765 3362 4823 sunt,
3393 4766 3447 4812 et
3484 4764 3628 4811 terra

362 4859 854 4932 τεθησαυρισμένοι
906 4858 1011 4911 εἰοΐι
1059 4857 1195 4927 πυρὶ
1241 4853 1569 4925 τηρούμενοι
1600 4855 1679 4916 είς
1730 4853 1945 4923 ἡμέραν

2054 4867 2244 4922 eodem
2301 4863 2465 4918 verbo
2504 4858 2726 4928 repositi
2774 4868 2925 4919 sunt,
2968 4854 3079 4924 igni
3129 4850 3393 4907 reservati
3435 4848 3489 4900 in
3539 4845 3629 4899 die

366 4954 602 5024 κρίσεως
653 4951 751 5004 καὶ
803 4949 1079 5010 ἀπωλείας
1125 4948 1232 5000 τῶν
1284 4944 1498 4999 ἀσεεῶν
1551 4943 1875 5015 ἀνθρώπων.
1919 4962 1938 4995 ι

2046 4957 2261 5028 judicii,
2296 4965 2351 5009 et
2392 4950 2715 5022 perditionis
2750 4947 3040 5017 impiorum
3075 4943 3379 4998 hominum.
3415 4957 3434 4988 ι
3494 4933 3628 4990 Uni-

366 5045 444 5096 Τὸ
474 5045 562 5097 διὰ
580 5043 676 5096 τοῦ
715 5044 888 5113 πυρδς
922 5040 1183 5109 γενέσθαι
1235 5040 1335 5109 τὴν
1401 5037 1553 5090 τοῦδε
1593 5037 1688 5090 τοῦ
1747 5035 1944 5100 παντὸς

2051 5065 2265 5104 versum
2297 5048 2398 5100 huc
2419 5046 2541 5114 igne
2566 5039 2996 5095 consumendum
3019 5032 3316 5105 aliquando
3348 5026 3489 5089 fore,
3520 5039 3630 5079 non

271 5119 280 5129 ’
370 5137 598 5208 φθορὰν,
633 5138 692 5188 οὐ
735 5136 894 5205 μόνον
926 5133 1298 5203 Χριστιανοῖς,
1359 5129 1499 5183 ἀλλὰ
1529 5130 1621 5181 καὶ
1671 5130 1783 5191 τοῖς
1834 5146 1858 5180 τ

2048 5135 2224 5198 solum
2255 5136 2734 5197 Christianorum,
2768 5129 2863 5185 sed
2899 5129 3060 5183 ctiam
3094 5122 3376 5194 gentilium
3413 5115 3632 5185 sapien-

380 5207 650 5293 Ἐλλήνων
686 5225 869 5292 σοφοῖς
916 5222 1084 5275 δοκεῖ.
1151 5219 1413 5289 ’Δ).λ’ἑρεί
1463 5232 1569 5282 τις·
1630 5219 1742 5271 Καὶ
1786 5219 1870 5281 τίς
1920 5221 1948 5270 6

2047 5241 2160 5286 tum
2192 5226 2462 5284 sententia
2493 5224 2680 5278 est.At
2710 5224 2854 5277 dicet
2884 5217 3158 5288 quispiam
3194 5230 3209 5267 :
3242 5212 3355 5265 Cur
3378 5207 3632 5264 conditus

371 5319 530 5388 λόγος
557 5316 652 5370 τοῦ
681 5316 1002 5385 ὑποστῆναι,
1027 5315 1075 5366 εἰ
1125 5312 1203 5366 δεῖ
1243 5312 1404 5366 πάλιν
1435 5312 1680 5382 χωρῆσαι
1706 5313 1784 5374 είς
1819 5310 1948 5381 φθο-

2057 5336 2140 5381 est
2174 5322 2431 5383 mundus,
2457 5318 2503 5372 si
2541 5315 2908 5372 destruendus
2932 5320 3013 5365 cst
3043 5304 3282 5361 iterum?
3314 5299 3633 5370 RespOnde-

377 5415 478 5485 ρὰν
509 5413 600 5466 τὸν
632 5414 838 5481 κόσμον
865 5428 880 5479 ;
925 5409 1189 5480 Ἐροῦμεν
1220 5405 1334 5473 οὖν,
1364 5409 1437 5471 ὡς
1463 5408 1525 5461 οὐ
1588 5409 1867 5472 παντελῶς
1921 5410 1949 5460 6

2060 5418 2201 5481 unus,
2252 5412 2517 5468 mundum
2568 5407 2712 5463 haud
2753 5410 2804 5459 in
2847 5402 3072 5458 nihilum
3121 5397 3501 5468 redigendum,
3539 5390 3635 5445 sed

379 5505 583 5573 κόσμος
612 5504 691 5567 εἰς
721 5501 929 5572 φθορὰν
957 5502 1222 5572 χωρήσει,
1271 5499 1409 5553 ἀλλὰ
1471 5500 1605 5570 πρὸς
1658 5499 1944 5553 ἀνακαινι-

2055 5508 2424 5561 renovandum
2453 5518 2596 5558 esse.
2631 5499 2810 5564 Quare
2859 5495 3130 5565 Propheta
3158 5490 3233 5545 ait
3265 5507 3279 5543 :
3323 5506 3342 5539 ι
3385 5485 3446 5539 Et
3478 5498 3634 5537 reno-

379 5597 514 5665 σμὸν
541 5612 555 5627 ·
591 5594 683 5647 Διὸ
709 5595 806 5647 καὶ
850 5597 878 5648 ὁ
913 5596 1207 5666 Προφήτης
1238 5594 1399 5664 φησί’
1430 5610 1449 5645 ι
1477 5594 1587 5647 Καὶ
1613 5594 1945 5658 ἀνακαινιείς

2056 5598 2209 5654 vobis
2234 5595 2425 5651 faciem
2454 5602 2615 5647 terra:
2635 5589 2704 5642 ".
2740 5605 2758 5641 ι
2785 5582 3252 5654 Quemadmodum
3278 5580 3423 5637 enim
3458 5578 3635 5646 initio,

441 5714 485 5745 ’⁸
517 5712 664 5767 Psal.
687 5728 805 5776 cm,
840 5712 931 5767 50.
