4020 6214
405 229 553 294 1233

1260 212 1840 276 TlIEOPHYLACTI
1882 214 2294 275 BULGARIE
2322 214 2682 275 ARCHIEP.

3528 207 3667 279 1284

400 349 650 400 creatura
690 330 965 391 sensibilis
997 330 1138 385 facta
1165 334 1249 382 est
1279 327 1440 391 bona,
1467 332 1519 377 et
1549 334 1768 394 propter
1802 318 1978 376 liomi—

2108 326 2142 377 ςδ
2168 327 2457 395 πρόσωπον
2487 325 2586 393 τῆς
2615 324 2775 393 γῆς.»
2817 324 3028 393 Ὥσπερ
3064 321 3174 393 γὰρ
3228 321 3333 375 ὑπὸ
3367 319 3502 375 Θεοῦ
3532 324 3664 374 ὑπο·

402 433 489 487 uis
520 425 1022 500 praevaricationem
1051 418 1214 473 etiam
1262 416 1380 484 ipsa
1413 432 1430 465 ι
1476 414 1701 466 vanitati
1734 412 1983 481 subjecta

405 521 576 583 est",
614 536 630 569 ι
694 523 752 570 ut
811 515 1026 567 firmum
1090 508 1303 563 scilicet
1353 519 1477 559 esse
1536 519 1645 557 non
1715 502 1983 557 haberet:

409 614 627 673 deinde,
670 622 793 662 cum
828 606 881 658 in
913 603 1119 657 diluvio
1164 601 1320 671 pauci
1355 599 1754 653 remansissent
1788 598 1857 665 iii
1887 598 1988 651 lto-

414 707 609 766 miucs,
645 700 758 753 Noe
791 696 1001 750 scilicet
1038 694 1237 762 aliique
1269 693 1321 745 in
1355 705 1478 743 arca
1522 690 1745 751 servati,
1779 696 1837 741 ut
1887 704 1982 741 no-

415 810 539 846 vqu
573 789 776 845 mundo
807 801 993 842 semen
1014 784 1500 838 subministrarem
1530 799 1542 833 :
1571 790 1747 837 totum,
1774 781 1992 833 univer-

414 902 533 939 sum
568 889 885 936 renovatum
918 888 1023 943 est,
1067 892 1127 930 at:
1156 878 1299 929 velut
1326 873 1491 943 399
1521 874 1749 926 alterum
1779 872 1991 923 initium

412 976 577 1045 cepit.
612 974 714 1027 Sed
744 986 918 1041 neque
946 980 1058 1023 tum
1096 972 1329 1021 Luiuana
1362 980 1552 1018 natura
1579 965 1630 1017 in
1658 966 1827 1031 prium
1848 973 1990 1015 statu

415 1067 732 1137 permansit,
766 1060 859 1117 sed
895 1061 1100 1116 scusim
1135 1059 1201 1111 ad
1233 1058 1500 1111 deteriora
1539 1055 1776 1113 deﬂexit.
1812 1073 1838 1105 a
1873 1054 1995 1119 qui-

415 1162 517 1214 bus
546 1173 662 1213 eam
693 1171 800 1209 non
832 1154 1066 1207 Mosaica
1100 1154 1202 1215 lex,
1237 1163 1334 1203 nec
1388 1148 1554 1217 ipsius
1590 1147 1799 1199 Domini
1856 1162 1993 1214 prte-

418 1250 593 1304 scutia
633 1246 767 1300 satis
795 1243 1063 1297 avocavit.
1090 1240 1358 1306 Quoniam
1390 1238 1555 1306 igitur
1589 1238 1868 1306 ntultiplrx
1896 1237 1996 1290 fuit

418 1337 484 1391 ad
509 1336 736 1390 Salutem
770 1337 1002 1396 vacatio,
1034 1346 1097 1385 ac
1125 1329 1405 1399 multiplex
1441 1342 1503 1381 ex
1535 1328 1899 1381 inobcdieutia
1942 1335 1996 1381 et

415 1426 738 1480 inﬁdelitate
778 1424 1057 1492 perditio;
1093 1420 1299 1474 idcirco
1342 1419 1686 1473 urcessarius
1727 1421 1828 1471 erit
1855 1419 1999 1472 dilu-

415 1516 564 1569 vium
609 1512 746 1579 ignis
782 1520 835 1564 et
863 1508 1207 1577 consuiuptio
1241 1525 1255 1561 :
1303 1523 1411 1560 non
1457 1516 1635 1559 tamen
1685 1511 1793 1560 lme
1823 1504 2000 1557 omni-

417 1604 579 1660 moda
606 1613 659 1657 et
686 1602 948 1672 perfecta,
978 1616 1085 1653 nou
1117 1602 1275 1669 plane
1306 1600 1640 1663 animarum,
1696 1597 1790 1650 sed
1820 1609 1998 1663 neque

417 1710 709 1763 corporum
755 1710 768 1745 :

418 1784 656 1835 tribunal
710 1781 915 1835 Christi
946 1782 1015 1844 ",
1055 1798 1074 1829 ι
1113 1795 1219 1831 non
1248 1782 1432 1847 utique
1459 1781 1778 1848 corporibus
1811 1786 2005 1833 exutos

421 1887 518 1926 seu
551 1871 840 1925 animabus
876 1869 1007 1922 solis
1030 1905 1045 1932 τ
1076 1869 1168 1922 sed
1202 1882 1326 1920 cum
1352 1871 1670 1936 corporibus
1701 1869 2007 1937 corruptio-

425 1964 508 2018 uis
534 1960 1164 2032 expertibusQuomodo
1184 1962 1324 2012 enim
1357 1961 1535 2011 anima
1564 1961 1767 2029 alisque
1784 1975 2011 2029 corpore

426 2055 706 2123 puniatur,
739 2071 756 2102 ι
778 2054 1019 2104 referens
1050 2051 1268 2118 propria
1294 2050 1562 2118 corporis,
1600 2065 1694 2103 seu
1723 2060 1883 2118 prout
1911 2065 2006 2118 per

425 2159 628 2214 corpus
663 2145 831 2213 gessit
862 2143 884 2194 ?
923 2161 941 2191 ι
979 2142 1095 2194 Non
1147 2142 1291 2194 enim
1336 2139 1472 2208 justi
1504 2141 1701 2208 jttdicis
1731 2150 1815 2194 est
1842 2182 1856 2205 ,
1886 2155 2008 2193 cum

423 2239 531 2291 duo
560 2239 739 2291 simul
784 2247 837 2290 et
863 2236 997 2289 idem
1027 2236 1397 2304 peccaverint,
1421 2250 1586 2286 unum
1616 2235 1820 2303 ab5qtte
1852 2250 2007 2303 poena

425 2327 723 2391 dimittere,
758 2333 811 2377 et
841 2325 891 2377 in
912 2325 1140 2377 alterum
1175 2331 1345 2376 totum
1371 2322 1552 2375 delicti
1588 2323 1799 2390 pondus
1831 2332 2010 2375 trans-

422 2417 585 2472 ferre.
640 2418 956 2486 Pmpterea,
995 2417 1040 2468 si
1077 2428 1178 2469 nos
1227 2413 1538 2466 immundus
1585 2413 1843 2466 materias
1890 2413 2011 2480 igne

427 2521 657 2575 purgare
676 2507 940 2570 solemus,
968 2512 1022 2558 et
1055 2502 1122 2557 ad
1158 2503 1450 2571 pristinum
1490 2504 1719 2554 nitorem
1754 2503 2010 2554 restiLue~

432 2617 527 2666 re;
564 2596 704 2670 [cur
725 2612 831 2653 non
861 2599 1039 2652 simile
1070 2598 1197 2666 quid
1237 2598 1396 2649 {aetat
1430 2603 1481 2649 et
1509 2594 1651 2649 Dens
1677 2598 1751 2664 (l)
1776 2594 1798 2647 ἲ
1828 2592 1846 2666 ]
1876 2592 2009 2646 illud

435 2702 639 2756 autem,
677 2709 695 2741 ι
735 2690 991 2744 reservati
1042 2688 1094 2741 in
1127 2688 1478 2756 tiit'mjltdit'ii
1514 2702 1576 2741 ac
1607 2685 1946 2755 perditionis,
1988 2704 2005 2736 ι

434 2782 706 2836 communi
735 2796 895 2835 sensu
928 2781 1329 2851 accipiendum,
1356 2792 1416 2831 ac
1439 2778 1484 2832 si
1515 2787 1659 2832 esset
1696 2794 1710 2831 :
1747 2798 1762 2827 ι
1792 2778 1844 2829 in
1869 2776 2009 2831 diem

431 2871 642 2942 judicii,
669 2879 722 2925 et
752 2888 769 2921 ι
803 2871 853 2924 in
884 2871 1025 2923 diem
1056 2887 1074 2919 ι
1104 2870 1447 2939 perditionis.
1486 2887 1504 2918 ι
1531 2897 1600 2908 -
1636 2887 1653 2919 ι
1679 2865 1951 2922 Judicium
1986 2885 2006 2918 ι

435 2972 615 3015 autem
653 2960 791 3013 idem
824 2960 965 3015 valet
992 2961 1077 3013 liic
1106 2975 1168 3012 ac
1199 2960 1601 3013 condemnatio.

509 3144 670 3202 γεγε.
703 3146 817 3210 8,9.
856 3166 874 3198 ι
903 3146 1082 3203 Unum
1117 3165 1248 3204 vero
1276 3149 1377 3204 lioc
1407 3166 1511 3203 nou
1544 3152 1618 3203 lat
1640 3160 1708 3203 -al
1732 3167 1845 3210 vos,
1886 3150 2016 3203 elia-

429 3237 659 3301 rissimi,
704 3238 830 3303 quia
877 3254 1018 3292 unus
1044 3240 1162 3293 dies
1191 3242 1334 3308 apud
1373 3240 1663 3292 Dominum
1701 3243 1844 3293 sicut
1868 3243 2015 3295 mille

430 3329 583 3388 anni,
611 3337 665 3381 et
707 3326 853 3380 mille
877 3328 1003 3378 anni
1040 3329 1183 3381 sicut
1213 3344 1353 3381 unus
1385 3329 1523 3382 dies.
1560 3328 1674 3381 Non
1707 3328 1881 3381 tardat
1911 3328 2015 3380 Du-

432 3423 615 3472 tninus
666 3417 1086 3485 promissionem
1139 3433 1317 3477 Suam,
1367 3421 1507 3472 sient
1563 3421 1782 3487 quidam
1822 3422 2013 3473 existi-

432 3519 583 3561 mant
622 3525 637 3574 ;
690 3509 783 3562 sed
816 3509 1084 3575 patienter
1118 3511 1227 3578 agit
1256 3524 1479 3578 propter
1522 3526 1643 3576 nos,
1688 3513 1881 3565 nolens
1913 3515 2013 3565 ali-

430 3615 567 3677 quos
614 3601 813 3668 perire,
866 3600 959 3653 sed
1007 3614 1197 3654 omnes
1239 3601 1304 3654 ad
1340 3604 1710 3671 pmuiteutiatu
1747 3604 1952 3657 venire.
1993 3624 2010 3654 ι

432 3693 699 3746 Absuluto
730 3694 796 3747 de
826 3695 1303 3749 consummatione
1350 3696 1533 3749 steculi
1585 3712 1871 3763 sermone,
1907 3713 2015 3765 quo

433 3785 591 3848 dixit,
619 3799 737 3837 eam
773 3796 824 3837 et
850 3787 1162 3840 necessario
1211 3795 1264 3839 et
1302 3802 1395 3856 per
1420 3789 1592 3855 ignem
1622 3788 1857 3841 futuram
1880 3794 2017 3857 (qua:

433 3876 616 3929 omnia
647 3892 746 3929 nos
785 3889 1005 3945 qtmque
1045 3875 1223 3930 fusius
1252 3878 1679 3948 enarravimus),
1723 3880 1920 3932 transit
1949 3882 2015 3932 ad

436 3966 682 4037 ejusdem
709 3969 1200 4022 t-ousummationis
1231 3969 1576 4034 dilationem,
1608 3979 1662 4022 et
1692 3971 1765 4022 ait
1798 3986 1811 4022 :
1850 3989 1867 4020 ι
1899 3968 2014 4024 Non

445 4059 623 4110 tardat
655 4056 918 4115 Dominus
949 4061 1370 4125 promissionem
1399 4072 1578 4120 suam,
1624 4058 1764 4112 sicut
1795 4065 2014 4127 qtudam

436 4147 774 4209 existimant,
833 4146 926 4199 sed
973 4147 1244 4215 patienter
1269 4148 1399 4215 agit,
1444 4166 1461 4197 ι
1506 4150 1737 4201 salutem
1782 4164 2014 4203 vestram

434 4244 779 4306 exspectans,
796 4247 849 4290 et
871 4237 1253 4290 salvandorum
1285 4236 1498 4290 numeri
1525 4239 2008 4306 complementum;

434 4343 667 4397 cumque
698 4326 841 4382 Deus
884 4328 1187 4383 immensus
1211 4329 1303 4393 sit,
1336 4329 1483 4382 nulla
1518 4337 1603 4382 est
1642 4328 1785 4398 apud
1832 4330 2008 4399 ipsum

434 4421 644 4483 dilatio,
671 4435 765 4474 seu
789 4419 1125 4473 diuturnitas
1148 4422 1408 4489 temporis
1436 4439 1452 4485 ;
1487 4420 1581 4473 sed
1604 4422 1765 4475 etiam
1805 4440 1822 4472 ι
1863 4423 2010 4477 mille
2040 4401 2085 4458 ί)

436 4513 563 4564 anui
604 4528 623 4560 ι
662 4514 708 4564 ei
739 4521 869 4564 sunt
912 4529 931 4561 ι
960 4512 1103 4564 sicut
1138 4525 1280 4564 unus
1307 4512 1448 4577 dies,
1492 4530 1511 4562 ι
1548 4514 1678 4581 quin
1706 4514 2007 4567 secundum

439 4602 627 4665 David,
654 4604 795 4656 sicut
829 4602 1054 4656 minima
1076 4617 1202 4672 pars
1238 4603 1366 4656 diei.
1394 4602 1485 4657 Sic
1501 4606 1645 4657 enim
1676 4606 1787 4659 ait:
1818 4625 1835 4656 ι
1861 4604 2011 4670 Quo-

435 4693 578 4746 niam
625 4694 775 4748 mille
811 4696 940 4747 anui
992 4704 1120 4748 ante
1159 4695 1349 4750 oculos
1397 4705 1540 4762 tuos,
1575 4696 1821 4763 Domine,
1869 4709 2011 4751 Sicut

436 4782 552 4837 dies
581 4783 834 4838 hesterna
850 4799 969 4852 qua:
993 4785 1271 4853 praeteriit,
1290 4794 1345 4839 et
1372 4788 1618 4841 custodia
1643 4788 1696 4841 in
1723 4799 1881 4842 nocte
1906 4789 2005 4843 ".i

434 4871 718 4938 Videlicet,
739 4881 799 4925 ut
826 4881 1038 4942 tempus
1055 4875 1430 4929 bl'CV'iSsilllUlll
1454 4876 1673 4943 indicet,
1706 4897 1721 4926 ι
1753 4877 2014 4931 custodia:

434 4964 611 5018 uectis
645 4981 663 5013 ι
705 4961 839 5016 illud
869 4973 1150 5034 comparat
1192 4983 1203 5016 :
1241 4968 1508 5035 siquidem
1543 4983 1646 5022 nos
1692 4969 1742 5021 in
1774 4978 2015 5036 quatuor

435 5063 618 5124 partes
679 5054 997 5111 dividitur:
1056 5063 1109 5108 et
1172 5055 1438 5112 Dominus
1508 5075 1527 5107 ι
1564 5066 1757 5125 quarta
1825 5060 2009 5129 vigilia

433 5146 612 5200 noctis
660 5147 807 5199 venit
850 5144 894 5176 "
934 5161 953 5194 ι
1021 5142 1090 5196 ad
1148 5150 1449 5213 apostolus,
1501 5155 1559 5200 ut
1610 5148 1663 5199 in
1713 5146 2008 5218 Evangelia

433 5246 708 5291 narratur.

2092 420 2269 473 στᾶσα
2338 420 2372 488 ἡ
2418 416 2652 487 αἰσθητὴ
2679 415 2877 479 κτίσις,
2910 413 3049 483 καλή
3088 429 3105 444 ο
3134 412 3222 465 διὰ
3248 410 3307 466 δὲ
3336 411 3435 482 τὴν
3455 411 3546 466 τοῦ
3567 412 3665 465 ἀν-

2090 510 2315 579 θρώπου
2346 508 2682 578 παράϐασιν,
2700 507 2793 558 καὶ
2818 505 2955 575 αὑτὴ
2984 506 3018 574 ἡ
3046 503 3220 566 κτίσις
3247 506 3315 573 τῇ
3353 503 3670 572 ματαιότητι

2092 602 2364 671 ὑπετάγη,
2411 599 2696 652 τοῦτ’ἓστι
2733 596 2811 668 τῷ
2849 598 2923 667 μὴ
2978 595 3196 666 βέϐαιον
3218 594 3440 664 ἔχειντδ
3497 590 3659 647 εἶναι’

2091 688 2210 745 εἶτα
2238 692 2325 744 διὰ
2356 692 2450 743 τοῦ
2493 689 2901 759 κατακλυσμοῦ,
2935 688 3150 758 μικρῶν
3189 689 3280 739 ἐπὶ
3322 688 3421 756 τῆς
3449 686 3551 755 γῆς
3578 687 3672 739 δν-

2092 802 2199 836 των
2234 783 2343 835 τῶν
2401 780 2668 834 θεοσεὸῶν
2734 777 3058 848 ἀνθρώπων,
3117 782 3209 831 γα).
3254 772 3366 830 οἷον
3417 777 3670 847 δευτέρου

2095 871 2513 941 ἀναιαινισμοῦ,
2546 871 2721 942 ἀρχὴν
2759 869 2853 922 τοῦ
2895 871 3104 939 κόσμου
3129 869 3408 931 λαϐόντος.
3457 869 3545 922 διὰ
3575 868 3673 921 τοῦ

2096 963 2236 1024 Nae,
2265 960 2494 1014 καὶτῶν
2524 962 2579 1013 ἐν
2611 962 2679 1030 τῇ
2729 959 2944 1029 κιϐωτῴ
2985 958 3140 1022 ζώων
3206 959 3678 1027 διαφυλαχθέντων

2097 1058 2175 1117 είς
2199 1057 2258 1106 τὸ
2282 1054 2443 1107 πάλιν
2476 1054 2740 1120 συστῆναι
2767 1054 2991 1121 σπέρμα
3023 1049 3101 1119 τῷ
3135 1050 3347 1119 κόσμῳ,
3381 1049 3669 1114 ὃμωςούδὲ

2095 1148 2215 1199 τότε
2268 1147 2367 1215 τῆς
2427 1145 2535 1198 τῶν
2601 1143 2904 1214 ἀνθρώπων
2958 1142 3378 1212 πρπερησάσης
3432 1141 3671 1210 φύσεως,

2097 1236 2211 1291 ἀλλ’
2240 1238 2333 1289 ἐπὶ
2385 1236 2593 1307 χείροσι
2640 1235 2748 1288 τῶν
2789 1235 3082 1305 προτέρων
3109 1229 3674 1304 ἀπορρευσάσηςοιῶν

2097 1328 2259 1395 νόμος
2323 1326 2350 1377 ὀ
2376 1325 2464 1377 διὰ
2491 1324 2767 1386 Μωῦσέως
2829 1322 3193 1392 ἀπέστρεψεν,
3247 1320 3401 1389 οὺχή
3433 1319 3526 1371 τοῦ
3558 1320 3675 1371 Κυ-

2102 1420 2218 1489 ρίου
2257 1417 2531 1487 παρουσία
2649 1416 2773 1469 ἐπεὶ
2807 1414 2900 1469 οὖν
2944 1415 3281 1483 πολύτροπος
3321 1411 3419 1481 μὲν
3463 1411 3495 1481 ὴ
3540 1411 3674 1480 πρὸς

2097 1511 2196 1577 τὴν
2228 1507 2501 1576 σωτηρίαν
2525 1506 2739 1575 κλῆσις,
2773 1504 3110 1575 πολυσχεδὴς
3135 1503 3191 1556 δὲ
3216 1504 3250 1573 ἡ
3290 1500 3352 1565 ἐξ
3394 1500 3673 1563 ἀπειθείας

2098 1598 2368 1657 ἀπώλεια.
2412 1597 2500 1650 διὰ
2547 1595 2708 1649 τοῦτο)
2752 1598 3054 1663 ἀναγκαῖος
3102 1594 3259 1647 ἔσται
3309 1594 3338 1645 ὁ
3366 1591 3460 1645 τοῦ
3504 1593 3672 1660 πυρὸς

818 1711 837 1743 ι
874 1690 1075 1746 Omnes
1100 1692 1243 1745 enim
1278 1705 1376 1744 nos
1406 1699 1585 1744 astare
1618 1696 1833 1757 oportet
1873 1695 1997 1740 ante

2108 1690 2510 1758 κατακλυσμὸς,
2546 1689 2723 1759 φθορά
2754 1690 2873 1756 μὲν,
2907 1690 2954 1740 εί
2984 1687 3077 1740 καὶ
3114 1687 3187 1757 μὴ
3223 1684 3497 1753 παντελής.
3522 1696 3541 1715 ⁸
3567 1682 3671 1752 ψυ-

2111 1783 2222 1850 χῶν
2260 1782 2371 1849 γὰρ
2406 1779 2488 1842 οὓ,
2517 1780 2632 1831 ἀλλ’
2666 1779 2788 1831 οὐδὲ
2828 1779 3120 1848 σωμάτωνο
3164 1796 3181 1827 ι
3204 1776 3414 1838 Πάντας
3442 1774 3545 1841 γὰρ
3579 1774 3665 1826 δεῖ

2112 1875 2258 1944 ἡμᾶς
2287 1874 2635 1941 παραστῆναι
2679 1871 2757 1940 τῷ
2813 1870 3017 1940 βήματι
3040 1868 3133 1921 τοῦ
3202 1865 3461 1938 Χριστοῦ,
3497 1883 3514 1914 ι
3548 1863 3669 1933 οὐχ)

2111 1966 2306 2034 γυμνοὶ
2342 1964 2629 2033 σωμάτων,
2667 1961 2864 2031 ψυχαῖς
2906 1961 3111 2031 μόναν,
3166 1958 3298 2012 ἀλλά
3331 1958 3463 2024 μετά
3494 1956 3678 2022 σωμα-

2109 2074 2216 2108 των
2237 2056 2550 2127 ἀφθάρτων.
2580 2056 2700 2117 Πῶς
2749 2055 2856 2125 γὰρ
2884 2054 2951 2107 ἂν
2981 2056 3014 2124 ἡ
3046 2053 3193 2123 ψυχὴ
3234 2050 3523 2118 κολασθείη
3569 2064 3672 2113 vu-

2116 2149 2220 2216 μνὴ
2246 2147 2515 2215 σώματος,
2551 2145 2889 2215 κομιουμένη
2921 2144 2988 2197 τὰ
3012 2145 3102 2197 διὰ
3129 2141 3223 2195 τοῦ
3256 2140 3508 2210 σώματος
3533 2138 3671 2205 αὐτῇ

2111 2235 2511 2303 πεπραγμένας
2572 2236 2645 2285 Οὐ
2679 2232 2786 2302 γὰρ
2812 2232 3022 2286 δικαίου
3052 2231 3263 2302 κριτοῦ,
3293 2230 3385 2283 δύο
3413 2230 3669 2298 πλημμε-

2113 2325 2316 2397 λησάντ
2338 2342 2412 2378 ων
2446 2325 2586 2378 κατὰ
2609 2324 2828 2388 ταύτὸν,
2877 2324 2968 2377 τὸν
3020 2324 3115 2376 ἕνα
3142 2324 3382 2391 ἀφεῖναι,
3446 2322 3580 2391 πρὶς
3619 2317 3679 2371 δὲ

2082 2419 2201 2479 ,τὸν
2234 2417 2421 2486 ἕτερον
2455 2418 2515 2469 τὸ
2539 2417 2647 2468 πᾶν
2695 2414 2790 2469 τοῦ
2824 2416 3173 2485 ἐγκλήματος
3220 2414 3518 2483 ἐπιφέρειν.
3544 2411 3677 2463 Ἀλ-

2113 2509 2219 2571 λως
2266 2526 2322 2560 τε
2351 2509 2428 2566 δὲ.
2473 2509 2555 2561 ὅτι
2588 2508 2683 2560 καὶ
2718 2508 2853 2577 πυρὶ
2885 2508 3157 2577 εἰώθαμεν
3189 2506 3288 2568 τὰς
3324 2506 3400 2575 μὴ
3433 2503 3677 2574 καθαρὰς

2111 2599 2219 2651 τῶν
2243 2599 2383 2651 ὑλῶν
2419 2599 2724 2669 καθαίρειν,
2748 2600 2842 2651 καὶ
2876 2601 3011 2670 πρὸς
3026 2600 3087 2651 τὸ
3116 2599 3406 2668 είλικρινὲς
3430 2595 3678 2651 ἀποκαθ-

2115 2689 2289 2759 ιστᾷν.
2323 2689 2395 2741 Τὸ
2442 2688 2519 2753 δὲ,
2573 2708 2591 2736 ι
2622 2689 2945 2760 τηρούμενοι
2971 2692 3047 2753 εἰς
3078 2689 3291 2760 ἡμέραν
3328 2690 3555 2758 κρίσεως
3587 2689 3683 2740 καὶ

2115 2779 2411 2843 ἀπωλείας,
2448 2801 2465 2830 ο
2501 2780 2644 2833 οὕτω
2673 2783 2816 2836 κατὰ
2840 2780 3024 2834 κοινοῦ
3079 2781 3162 2845 τὸ,
3192 2798 3212 2831 ι
3260 2782 3340 2842 είς
3398 2780 3629 2850 ἡμέραν,
3652 2795 3674 2829 δ

2114 2871 2370 2938 ληπτέον,
2415 2870 2565 2923 τοῦτ’
2598 2873 2763 2937 ἐστιν,
2802 2874 2879 2936 είς
2906 2870 3115 2941 ἡμέραν
3161 2870 3416 2941 κρίσεως,
3451 2870 3540 2923 καὶ
3601 2871 3682 2931 είς

2117 2961 2330 3031 ἡμέραν
2386 2978 2403 3009 ι
2434 2961 2731 3024 ἀπωλείας.
2758 2980 2777 3014 ι
2805 2992 2873 3003 -
2914 2980 2932 3013 ι
2960 2960 3205 3031 Κρίσεω;
3235 2978 3255 3012 ι
3297 2960 3374 3025 δὲ,
3404 2960 3522 3013 ἀντὶ
3560 2956 3686 3037 τοῦν

2031 3029 2080 3090 c
2120 3056 2522 3127 κατακρίσεως.

2192 3168 2209 3200 ι
2246 3150 2338 3200 ’Ἑν
2375 3148 2431 3202 δὲ
2452 3147 2608 3200 τοῦτο
2633 3146 2706 3218 μὴ
2737 3147 3045 3201 λανθανέτω
3074 3147 3238 3215 ὑμᾶς,
3262 3147 3561 3214 ἀγαπητοὶ,
3586 3146 3675 3199 ὃτι

2119 3240 2214 3308 μία
2246 3240 2432 3309 ἡμέρα
2457 3242 2606 3309 παρα
2636 3240 2826 3308 Κυρίῳ
2856 3240 2931 3301 ὡς
2996 3238 3143 3308 χίλια
3158 3239 3270 3307 ἔτη,
3296 3239 3387 3291 καὶ
3410 3238 3554 3307 χίλια
3576 3239 3677 3309 ἐτη

2115 3330 2190 3391 ὡς
2232 3330 2417 3402 ἡμέρα
2480 3332 2601 3399 μία.
2635 3332 2711 3384 Οὐ
2758 3331 3008 3402 βραδύνει
3036 3335 3064 3385 ὀ
3091 3331 3287 3401 Κύριος
3316 3331 3412 3399 τῆς
3437 3332 3689 3396 ἐπαγγε-

2115 3421 2258 3485 λίας,
2288 3420 2362 3482 ὦς
2393 3439 2535 3484 τινες
2589 3422 2898 3492 βραδυτῆτα
2928 3423 3211 3492 ἡγοῦνται,
3240 3420 3372 3474 ἀλλὰ
3406 3420 3687 3491 μακροθυ-

2118 3515 2209 3582 μεῖ
2230 3515 2308 3576 είς
2366 3514 2534 3583 ἡμᾶς,
2560 3514 2635 3584 μὴ
2668 3514 2988 3584 βουλόμενός
3023 3531 3145 3566 τινα
3188 3512 3504 3577 ἀπολέσθαι,
3545 3512 3687 3564 ἀλλά

2117 3606 2324 3667 πάντας
2351 3608 2430 3666 είς
2497 3606 2786 3672 μετάνοιαν
2822 3605 3090 3673 χωρῆσαι.
3131 3623 3149 3656 ι
3190 3603 3683 3673 Συμπερανάμενος

2116 3696 2204 3747 τὸν
2235 3695 2363 3765 περὶ
2415 3694 2510 3764 τῆς
2577 3694 2887 3757 συντελείας
2945 3695 3122 3761 λόγον,
3178 3694 3261 3746 ὅτι
3306 3693 3482 3758 ἔσται,
3508 3692 3601 3745 καὶ
3621 3691 3678 3754 ἐξ

2116 3784 2382 3854 ἀνάγκης,
2424 3786 2517 3836 καὶ
2543 3785 2609 3835 ὲκ
2638 3783 2805 3853 πυρὸς
2835 3783 2905 3853 (ἃ
2936 3784 3112 3835 πάντα
3160 3783 3253 3835 καὶ
3284 3784 3443 3851 ἡμεῖς
3466 3779 3672 3842 διεξοδιο

2119 3882 2361 3951 κὼτερον
2393 3880 2768 3950 διεξήλθομεν)
2796 3919 2808 3939 ,
2841 3878 3215 3948 μεταϐέϐηκεν
3257 3878 3350 3929 ἐπὶ
3385 3877 3482 3945 τὴν
3512 3874 3672 3943 παρα-

2115 3990 2271 4027 τασιν
2314 3975 2407 4024 τοῦ
2462 3978 2653 4041 χρόνου
2683 3973 2780 4039 τῆς
2824 3971 2917 4023 τοῦ
2968 3971 3173 4038 κόσμου
3229 3968 3556 4029 συντελείας,
3586 3966 3677 4019 καί

2118 4076 2302 4127 φησιν,
2363 4061 2443 4113 ὅτι
2486 4079 2501 4110 ι
2530 4062 2602 4112 Οὐ
2633 4059 2883 4129 βραδύνει
2916 4061 2943 4110 ὁ
2972 4058 3173 4129 Κύριος
3206 4058 3301 4127 τῆς
3330 4056 3679 4124 ἐπαγγελίας,

2115 4150 2189 4213 ὥς
2216 4169 2358 4214 τινες
2420 4150 2727 4220 βραδυτῆτα
2768 4148 3047 4218 ἡγοῦνται,
3093 4147 3230 4200 ἀλλά
3269 4147 3629 4217 μακροθυμεῖ,
3655 4164 3676 4195 ι

2120 4244 2212 4312 τὴν
2243 4244 2517 4312 σωτηρίαν
2557 4242 2709 4309 ὑμῶν
2740 4241 3117 4309 ἐκδεχόμενος,
3153 4239 3250 4291 καὶ
3284 4238 3344 4289 τὸ
3373 4237 3481 4289 τῶν
3509 4236 3687 4304 σωθη-

2121 4335 2361 4404 σομένων
2405 4333 2699 4403 πλήρωμα.
2733 4332 2863 4385 "Ars
2887 4333 2952 4402 δὴ
2997 4331 3210 4401 ἀπείρῳ
3243 4329 3357 4383 ὄντι
3395 4327 3560 4404 αρτῷ,
3587 4330 3684 4379 οὗ·

2110 4402 2199 4478 ὁὲν
2252 4424 2401 4494 αὐτῷ
2442 4402 2913 4493 παρατεταμένον,
2959 4422 3095 4476 ἀλλὰ
3119 4423 3214 4474 καὶ
3243 4421 3310 4473 τὰ
3350 4437 3369 4470 ι
3398 4402 3542 4489 ima
3580 4418 3681 4488 ἐτη

2113 4518 2185 4579 ὡς
2224 4517 2321 4586 μία
2354 4514 2534 4585 ἡμέρα
2590 4516 2722 4585 παρ’
2781 4513 2961 4583 αὐτῷ·
2990 4531 3009 4564 ι
3046 4511 3248 4582 μᾶλλον
3291 4511 3367 4576 δὲ,
3410 4513 3546 4563 κατά
3589 4512 3681 4561 τὶν

2115 4609 2298 4670 Δαὸὶδ,
2323 4609 2525 4661 οὐδὲτὸ
2564 4606 2883 4679 [πολλοστὸν
2912 4607 3121 4676 ἡμέρας
3163 4603 3321 4675 (φησὶ
3345 4602 3454 4670 γὰρ
3484 4601 3680 4662 οὓτως·
3712 4598 3716 4601 ⁷

2119 4717 2137 4748 ι
2172 4699 2294 4751 Ὀτι
2321 4700 2467 4767 χίλια
2494 4698 2591 4766 ἔτη
2610 4699 2665 4749 ὲν
2696 4697 2992 4766 ὀφθαλμοῖς
3028 4713 3143 4760 σου,
3172 4694 3364 4764 Κύριε,
3393 4692 3467 4755 ὡς
3499 4693 3687 4760 ἡμέρα

2115 4790 2150 4858 ἡ
2182 4788 2355 4856 ἐχθὲς,
2398 4788 2517 4857 ἥτις
2555 4788 2763 4857 διῆλθε,
2805 4790 2899 4841 καὶ
2927 4786 3141 4856 φυλακὴ
3179 4790 3238 4839 ὲν
3275 4782 3430 4838 νυκτί
3453 4798 3469 4813 ο
3516 4801 3536 4833 ι
3593 4783 3686 4834 δια

2114 4880 2213 4948 τῆς
2249 4878 2496 4948 φυλακῆς
2529 4879 2589 4933 τὸ
2623 4879 2960 4949 βραχύτατον
2997 4876 3259 4948 δηλῶν),]
3317 4875 3529 4944 φυλακῇ
3585 4889 3685 4925 νυ-

2115 4973 2242 5035 κτὸς
2281 4974 2661 5027 ἀπεικάσαντα
2699 4976 2767 5025 τὶ
2804 4972 2952 5042 χίλια
2979 4970 3097 5041 ἐτη.
3153 4970 3215 5021 Ἦ
3256 4969 3351 5033 νὺξ
3374 4967 3428 5020 δὲ
3451 4968 3530 5026 εἰς
3559 4966 3691 5016 τέσ-

2116 5080 2256 5133 σαρα
2314 5063 2596 5133 μερίζεται
2654 5065 3022 5135 διαστήματα,
3055 5061 3109 5114 εί
3143 5077 3205 5130 γε
3255 5061 3350 5113 καὶ
3401 5060 3429 5111 ὁ
3479 5055 3685 5126 Κύριος

2118 5172 2136 5204 ι
2161 5156 2396 5227 τετάρτῃ
2426 5158 2642 5227 φυλακῇ
2677 5158 2776 5226 τῆς
2811 5157 3004 5219 νυκτὸς
3036 5174 3055 5207 ι
3113 5158 3225 5219 τοῖς
3253 5155 3419 5220 ἱεροῖς
3449 5150 3691 5204 ἀποστῦ-

2109 5244 2221 5306 λοις
2255 5246 2642 5314 «παρίσταται,
2667 5265 2685 5296 ι
2742 5246 2817 5310 ὥς
2847 5264 2980 5316 φησι
3015 5246 3074 5298 τὸ
3123 5243 3473 5311 Εὖαγγέλιον.

504 5354 545 5383 ’⁵
578 5354 735 5410 Rom.
763 5372 879 5424 vni,
919 5355 1007 5411 20.
1085 5357 1192 5412 "ll
1213 5357 1340 5412 Cor.
1362 5372 1415 5421 v,
1436 5354 1522 5408 10.
1595 5354 1641 5386 ⁸⁸
1672 5353 1815 5408 Psal.
1841 5369 2006 5407 Lxxxt‘

2108 5356 2140 5409 ἑ.
2200 5358 2245 5387 ’⁷
2269 5357 2461 5413 Mattlt.
2494 5375 2604 5424 MV,
2643 5359 2736 5414 ‘25.

1767 5449 1965 5507 Varia:
2000 5449 2326 5511 lectiones.

510 5554 585 5623 (l)
630 5552 750 5607 lla-c
782 5558 942 5609 verba
978 5557 1041 5611 ad
1074 5556 1399 5627 explendum
1434 5570 1653 5611 scusuzn
1687 5556 1798 5622 ipse
1852 5556 2013 5609 ad.'o.
2057 5553 2244 5609 Eiiiills
2279 5565 2458 5610 textus
2485 5555 2651 5609 multa
2685 5555 2772 5610 hic
2799 5557 3030 5623 alltplius
3059 5554 3252 5617 habet;
3308 5564 3427 5619 que
3473 5559 3695 5601 exscri-

438 5620 694 5676 ὺυιιίιιυιι
731 5627 907 5680 libuit.
