4060 6326
220 367 294 434 ιι
941 363 1346 428 EXPOSITIO
1379 361 1460 424 1N
1511 361 1745 422 EPIST.

1898 361 1944 420 D
1982 356 2296 422 ΤΙΜΟῚἮ.
2331 383 2402 400 ’-
2433 365 2591 428 CAP.
2628 367 2744 430 ιιι.
3396 379 3471 446 42

211 477 346 542 λῶς
365 478 411 510 ’⁸
439 474 746 547 ὰναθρέψῃ,
805 473 902 527 οὐκ
929 474 1075 536 εἰκὸς
1102 469 1262 526 τοῦτο
1299 471 1574 540 γενέσθαι.
1603 470 1788 538 Ὅμως

1909 477 2056 522 recte
2077 468 2430 524 educaverit?
2462 474 2613 528 Haud
2635 477 2930 536 verisimile
2955 492 3034 538 est
3049 493 3106 538 ut
3136 484 3238 541 hoc
3263 487 3424 543 iaciat
3449 508 3462 546 :

217 574 276 624 σί
309 569 558 639 γένηται,
589 566 818 636 λήψεται
863 564 1055 631 μισθὸν
1095 562 1191 616 καὶ
1229 563 1368 633 ὑπὲρ
1395 561 1620 616 τούτων.
1648 559 1712 611 Τί
1742 559 1798 610 δὲ

217 659 329 714 ἐὰν
360 658 499 727 καλὴ
531 651 667 710 οὖσα
709 653 890 716 κακῶς
918 655 963 685 ’⁷
998 652 1200 725 tvm;
1260 655 1310 706 εί
1359 652 1457 722 μὲν
1495 649 1794 719 ἀμελοῦσα,

216 737 325 800 κάι
376 745 711 818 χαριζομένη
770 744 975 808 αὐτοῖς,
999 742 1248 796 πείσεται
1277 741 1338 794 τὸ
1389 741 1483 793 τοῦ
1530 739 1711 793 Ἠλεί·
1749 741 1797 791 εἰ

169 823 182 848 ¹
213 839 280 891 δὲ
309 838 488 890 πάντα
513 833 743 889 ποιοῦσα
773 835 866 888 καὶ
887 833 1313 904 ὲπιμελουμένη,
1344 833 1490 902 ὅμως
1519 832 1618 884 οὐκ
1646 829 1798 900 ίσχύ-

213 930 374 983 σει⁹⁸
399 926 711 998 βελτιῶσαι,
744 918 883 996 ὅπερ
915 926 1212 987 σπανιάκις
1272 923 1338 977 ἂν
1379 922 1610 992 γένοιτο,
1649 922 1798 992 ὅμως

212 1022 366 1091 αὕτη
399 1021 507 1074 τῶν
530 1020 770 1091 ἱδρώτων
816 1020 960 1084 τοὺς,
993 1020 1216 1089 μισθοὺς
1248 1017 1502 1088 λήψεται,
1538 1017 1660 1070 ἐπεὶ
1703 1017 1798 1069 καὶ

209 1115 244 1164 ὁ
284 1113 415 1174 Υἱὸς
449 1112 542 1165 τοῦ
571 1111 706 1163 Θεοῦ
733 1109 914 1164 πάντα
947 1111 1116 1163 ποιῶν
1147 1112 1242 1164 καὶ
1280 1109 1477 1177 λέγων,
1508 1110 1658 1179 ὅμως
1671 1109 1794 1171 Μία

208 1218 355 1269 γους
375 1198 488 1271 εἶχε
516 1202 644 1264 τοὺς
674 1200 1048 1271 πειθομένους.

823 1465 1078 1520 ΚΕΦΛΔ.
1119 1465 1192 1520 Γ.
1230 1491 1233 1493 >
1695 1525 1699 1528 ,

291 1553 513 1618 Πιστὸς
536 1553 787 1623 ὀλόγος.
828 1555 1046 1626 Ἐπειδὴ
1067 1555 1368 1626 ἀμφίϐολον
1405 1553 1493 1628 ἦν,
1527 1559 1612 1612 ὃτι
1633 1559 1791 1628 δυνή-

211 1659 405 1695 σονται
437 1644 494 1694 αἱ
523 1647 756 1715 μητέρες
773 1646 1063 1700 ἀπολαύειν
1078 1648 1176 1718 τῆς
1203 1648 1312 1702 τῶν
1337 1650 1544 1703 τέκνων
1565 1651 1789 1721 ἀρετῆς,

209 1735 408 1804 φησὶν,
443 1735 525 1787 ὅτι
553 1738 776 1803 Πιστὸς
797 1740 830 1791 ὀ
852 1740 1054 1808 λόγος,
1085 1739 1146 1792 οὐ
1170 1738 1358 1808 ψευδές
1377 1741 1492 1794 ἔστι
1520 1742 1580 1794 τὸ
1605 1743 1790 1812 ῥηθὲν,

213 1824 414 1894 μηδεὶς
449 1824 766 1890 δισταζέτω.

294 1915 362 1972 El
393 1935 476 1984 τις
509 1918 852 1989 ἐπισκοπῆς
894 1920 1189 1992 ὀρέγεται,
1215 1923 1406 1978 καλοῦ
1450 1925 1628 1994 ἔργον
1667 1925 1792 1979 ἑπι-

210 2004 413 2079 οὶιμεῖ.
458 2010 544 2062 Ἐν
573 2005 654 2075 οἷς
671 2011 922 2082 Τιμοθέῳ
963 2013 1208 2083 περὶτοῦ
1238 2015 1537 2098 ἐπισκόπου
1571 2017 1788 2070 διατάτ-

211 2115 393 2164 τεται,
447 2100 583 2152 πᾶσι
627 2101 742 2163 τοῖς
769 2102 828 2153 ὲν
845 2103 912 2170 τῇ
940 2102 1232 2174 οἰκουμένῃ
1259 2103 1585 2172 διαλέγεται.
1605 2105 1669 2156 Εἴ
1686 2122 1788 2170 τις,

213 2190 421 2259 φησιν,
442 2190 691 2262 ὀρέγεται
722 2192 822 2262 τῆς
854 2193 1210 2262 προστασίας,
1259 2195 1320 2248 οὐ
1356 2195 1552 2249 κωλύω
1572 2212 1586 2225 ·
1627 2195 1790 2267 ἔργου

211 2282 326 2352 γὰρ
353 2282 522 2335 καλοῦ
547 2282 820 2352 ὀρέγεται.
869 2284 962 2354 Μὴ
998 2284 1095 2353 τῆς
1132 2285 1305 2354 ἀρχῆς
1334 2285 1428 2337 καὶ
1459 2286 1558 2356 τῆς
1599 2287 1792 2340 αὐθεν-

213 2371 343 2434 τίας
390 2373 554 2442 μόνης
610 2371 869 2458 ἓίςοιέσθωρ
920 2373 1044 2425 ἐπεὶ
1097 2374 1192 2426 καὶ
1247 2374 1455 2441 Μωσῆς
1494 2373 1589 2428 τοῦ
1629 2366 1790 2446 ἔργου

215 2464 509 2533 ἐπεθύμει,
568 2465 630 2517 οὗ
668 2450 779 2534 ¹τῆς
837 2450 1493 2538 προστασίας.’Προέστη
1544 2466 1652 2538 γὰρ
1696 2467 1789 2520 τοῦ

214 2556 600 2625 ἀδικουμένου,
626 2558 871 2622 πατάξας
898 2559 990 2611 τδν
1010 2558 1316 2611 ἀδικοῦντα.
1353 2558 1655 2628 Ἐπισκοπὴ
1685 2560 1791 2629 γὰρ

214 2648 456 2719 εῐρηται,
494 2649 644 2718 παρὰ
665 2649 727 2701 τὸ
751 2651 1069 2703 ἐπισκοπεῖν
1101 2651 1331 2712 πάντας.

289 2739 393 2792 Δεῖ
444 2735 557 2795 οὖν
602 2740 710 2792 τὸν
754 2740 1094 2794 ἐπίσκοπον
1152 2740 1566 2808 ἀνεπίληπτον
1616 2737 1786 2796 εῖναι.

215 2832 506 2896 Τουτέστι,
537 2827 717 2885 πᾶσαν
743 2832 947 2904 ἀρετὴν
968 2832 1180 2903 ἔχοντα,
1215 2834 1291 2896 ὡς
1323 2835 1461 2904 μήτε
1484 2833 1673 2897 ἄλλους
1693 2834 1790 2886 αὑ-

215 2919 338 2983 τοῦ,
367 2921 502 2989 μήτε
528 2920 690 2973 αὑτὸν
721 2921 914 2974 ἑαυτοῦ
946 2922 1617 2992 ἐπιλαμϐάνεσθαι.”Ωστε
1643 2925 1789 2984 εἴτις

200 3007 400 3079 ἐαυτῷ
432 3009 664 3062 συνοῖδεν
699 3010 1007 3081 ἁμάρτημα
1031 3011 1098 3076 ”,
1129 3011 1264 3081 μηδὲ
1288 3013 1303 3043 ⁸
1330 3011 1667 3081 ὲπιθυμείτω
1694 3013 1787 3065 τοῦ

211 3097 562 3168 πράγματος,
594 3093 656 3152 οὗ
711 3098 898 3152 ἑαυτὸν
946 3098 1033 3153 διὰ
1079 3099 1186 3152 τῶν
1215 3098 1393 3168 ἔργων
1419 3099 1657 3164 ἐξέϐαλε.
1684 3101 1786 3153 Τὸν

209 3193 325 3259 γὰρ
358 3191 593 3260 ἄρχοντα
631 3189 895 3261 φωστῆρα
916 3191 998 3244 δεῖ
1019 3188 1181 3255 εῖναι,
1205 3192 1347 3246 ὥστε
1391 3193 1530 3262 πρὸς
1568 3192 1736 3246 αὐτὸν

213 3285 428 3346 πάντας
459 3282 700 3353 ὁρῶντας
726 3282 1062 3352 φωτίζεσθαι
1091 3281 1186 3337 καὶ
1207 3283 1545 3356 ὀδηγεῖσθαι.

283 3456 760 3526 Μιᾶς¹γυναικός
782 3460 990 3525 ἄνδρα.
1053 3460 1116 3512 Et
1162 3461 1192 3512 ό
1239 3460 1496 3530 γαμήσας
1547 3462 1820 3549 ’μεριμνᾷ

209 3551 281 3601 τὰ
311 3546 412 3600 τοῦ
436 3548 664 3617 κόσμου,
697 3549 791 3604 τὸν
839 3549 895 3602 δὲ
955 3550 1253 3605 ἐπίσκοπον
1291 3553 1353 3604 οὺ
1387 3552 1469 3605 δεῖ
1494 3546 1561 3606 τὰ
1586 3552 1679 3606 τοῦ
1705 3553 1790 3636 κόέ

211 3655 356 3706 σμου
392 3640 684 3709 μεριμνᾷν,
705 3639 823 3703 πῶς
865 3655 1022 3708 φησι,
1061 3641 1214 3708 Μιᾶς
1251 3645 1536 3711 γυναικὸς
1565 3644 1788 3711 ἀνδρα;

209 3730 372 3791 Τινὲς
406 3729 503 3798 μὲν
528 3725 621 3782 οὖν
651 3746 835 3796 φασιν,
863 3731 944 3784 δτι
987 3733 1078 3785 τὸν
1111 3733 1220 3786 ἀπὸ
1255 3734 1515 3801 γυναικὸς
1545 3735 1785 3806 ᾑνίξιτο,

209 3821 260 3873 εί
293 3820 353 3872 δὲ
385 3821 461 3891 μὴ
509 3820 688 3886 τοῦτο,
741 3822 912 3892 ἐχέτω
952 3824 1051 3892 μὲν
1104 3826 1146 3888 ³,
1174 3827 1328 3894 φησὶ,
1357 3827 1486 3892 μίαν
1533 3829 1785 3892 γυναῖκα,

209 3910 356 3978 πλὴν
388 3909 463 3972 ὡς
515 3911 588 3981 μὴ
646 3912 821 3981 ἔχωνο
861 3916 1130 3978 τουτέστι,
1174 3915 1249 3985 μὴ
1293 3917 1786 3985 καταδουλούμενος

208 4003 331 4063 ταῖς
361 3999 675 4069 ἐπιθυμίαις
692 4001 882 4070 αὐτῆς.
904 4004 979 4055 Οὐ
1000 4003 1306 4073 νομοθετῶν
1336 4005 1392 4056 δὲ
1417 4004 1573 4058 τοῦτό
1597 4022 1779 4074 φησιν,

207 4093 294 4143 ὅτι
341 4091 425 4143 δεῖ
463 4092 819 4163 γεγαμηκότα
871 4088 1012 4147 εῖναι
1075 4095 1291 4158 πάντως
1341 4096 1431 4148 τὸν
1467 4098 1779 4150 ἐπίσκοπον.

1763 3194 1784 3223 ι
1807 3158 1854 3214 .C

1907 571 2143 614 attamen
2180 561 2226 614 si
2284 564 2586 636 contingat,
2617 571 2845 640 accipiet
2877 588 2976 642 pro
3018 575 3102 629 his
3137 579 3464 637 mercedem.

1904 648 2042 713 Quid
2077 665 2204 704 vero
2231 651 2273 704 si
2301 653 2439 707 bona
2467 670 2589 710 cum
2627 659 2716 724 sit,
2746 676 2908 730 prave
2932 664 3283 721 institueret?
3307 667 3469 725 Certe

1903 740 1950 794 si
1981 756 2074 795 eos
2111 743 2413 814 negligens,
2442 745 2655 817 illisque
2679 750 2970 821 indulgens
3007 755 3109 808 hoc
3155 756 3374 822 fecerit,
3410 760 3465 814 id

1900 831 2042 900 quod
2070 831 2153 885 Eli
2181 836 2441 906 contigit,
2475 839 2750 905 patietur:
2785 844 2930 910 quod
2964 844 3008 898 si
3032 847 3210 900 omnia
3250 851 3465 916 praesti-

1902 924 2053 987 terit,
2085 940 2412 997 omnemque
2437 943 2621 984 curam
2659 931 2993 1003 adhibuerit,
3044 947 3096 991 et
3131 949 3308 995 tamen
3343 943 3466 998 illos

1901 1016 2154 1069 meliores
2186 1016 2413 1073 reddere
2445 1021 2634 1089 nequit
2665 1021 2831 1093 (quod
2865 1041 2988 1080 raro
3011 1027 3170 1099 565
3193 1034 3464 1102 conligit),

1905 1105 2010 1158 ista
2039 1115 2217 1159 tamen
2242 1123 2468 1165 suorum
2504 1113 2768 1168 sudorum
2802 1119 3110 1173 mercedem
3138 1125 3466 1194 percipiet;

1899 1196 2344 1267 quandoquidem
2384 1210 2439 1254 et
2493 1201 2666 1258 Filius
2700 1207 2788 1260 Dei
2826 1208 2962 1262 nihil
3000 1225 3105 1264 non
3150 1213 3384 1272 .l'aciens
3413 1195 3468 1272 et

1898 1285 2108 1350 dicens,
2153 1303 2360 1356 paucos
2386 1298 2562 1348 tamen
2597 1294 2845 1351 habuerit
2869 1301 2961 1368 qui
2991 1300 3095 1355 sibi
3121 1318 3324 1359 morem
3352 1323 3466 1376 ges-

1899 1379 2090 1432 seriut.

2493 1475 2722 1531 CAPUT
2765 1480 2859 1534 lll.
3283 1528 3286 1530 ν

1969 1557 2130 1613 Vens.
2172 1560 2221 1613 l.
2258 1560 2459 1616 Fidelis
2523 1581 2714 1621 sermo.
2777 1570 2914 1635 Quia
2979 1576 3295 1646 ambiguum
3321 1589 3461 1646 erat,

1895 1664 1961 1702 an
2013 1661 2219 1708 matres
2244 1654 2538 1710 liberorum
2569 1674 2792 1715 suorum
2828 1663 3023 1720 virtute
3054 1666 3157 1721 frui
3191 1683 3458 1738 poterant.

1894 1739 2101 1802 subdit,
2131 1739 2333 1796 Fidelis
2367 1761 2538 1800 sermo
2567 1763 2586 1801 .'
2645 1765 2749 1803 non
2797 1760 2882 1806 est
2931 1756 3268 1813 mendacium
3315 1765 3458 1834 quod

1827 1814 1868 1869 Β
1901 1830 2102 1883 dictum
2131 1844 2235 1917 est,
2271 1849 2428 1888 netnu
2462 1836 2690 1892 dubitet.

1969 1919 2029 1975 Si
2056 1918 2180 1991 quis
2204 1926 2558 1993 episcopatum
2591 1931 2879 2000 desiderat,
2932 1939 3121 1994 bonum
3168 1959 3295 2011 apus
3327 1948 3464 2001 desio

1898 2009 2071 2066 derat.
2099 2012 2229 2076 Quae
2267 2013 2553 2072 Timotheo
2586 2020 2654 2073 de
2706 2022 2966 2096 episcopo
3019 2009 3282 2101 praecipit,
3341 2050 3462 2089 om-

1901 2102 2062 2155 nibus
2104 2104 2157 2157 in
2188 2105 2441 2162 universo
2477 2118 2741 2167 terrarum
2777 2117 2910 2173 orbe
2940 2120 3181 2178 disserit.
3213 2125 3267 2179 Si
3313 2132 3458 2196 quis,

1899 2191 2100 2262 inquit,
2149 2198 2501 2264 prxesulatum
2541 2205 2765 2270 expetit,
2816 2222 2923 2261 non
2983 2213 3286 2278 prohibeo:
3332 2191 3458 2272 nam

1898 2281 2101 2337 bonum
2124 2299 2260 2354 opus
2285 2286 2580 2344 desiderat.
2605 2290 2682 2346 Ne
2704 2294 2867 2362 igitur
2892 2303 3268 2356 auctoritatem
3288 2307 3456 2360 solam

1895 2381 2133 2441 expetat,
2170 2378 2609 2447 quandoquidem
2642 2391 2696 2436 et
2728 2383 2905 2440 Moses
2925 2402 3063 2455 opus
3091 2391 3456 2464 desiderabat,

1899 2478 2006 2517 non
2057 2475 2237 2521 autem
2281 2469 2706 2537 praefecturam:
2748 2477 2964 2543 praefuit
3013 2480 3158 2534 enim
3202 2483 3455 2552 injuriam

1901 2572 2097 2626 passo,
2161 2560 2363 2618 feriens
2425 2578 2549 2617 eum
2604 2567 2695 2633 qui
2759 2569 3038 2624 intulerat.
3101 2572 3460 2645 Episcopatus

1896 2650 2040 2701 enim
2069 2650 2293 2716 dicitur,
2325 2668 2390 2707 eo
2416 2655 2562 2723 quod
2591 2671 2780 2711 omnes
2806 2661 3140 2726 speculetur.

1968 2739 2130 2794 Vens.
2160 2726 2228 2836 lg.
2267 2742 2482 2812 Oportet
2528 2745 2689 2814 igitur
2737 2750 3036 2817 episcopum
3087 2753 3461 2823 irrepreltensio

1897 2828 2050 2882 bilem
2101 2803 2233 2910 esis.
2266 2833 2379 2886 Hoc
2413 2842 2516 2897 est,
2543 2833 2692 2888 omni
2728 2837 2932 2891 virtute
2978 2803 3354 2910 conspicruum,
3402 2857 3461 2900 ut

1897 2845 2050 2882 ouem
2101 2845 2181 2884 ess
2219 2872 2233 2886 .
2266 2845 2379 2886 unc
2413 2845 2516 2897 est,
2543 2845 2692 2888 omni
2728 2845 2932 2891 virtute
2978 2845 3354 2910 conspicuum,
3402 2857 3456 2900 ut

1897 2913 2072 2990 neque
2103 2845 2254 3024 illulip
2286 2923 2396 2987 alii,
2424 2939 2598 2994 neque
2628 2925 2743 2995 ipse
2777 2929 3017 2997 seipsum
3072 2935 3456 3002 reprehendat.

1897 3013 2080 3078 Itaque
2101 3012 2146 3066 si
2203 3012 2324 3082 quis
2365 3015 2468 3067 sibi
2522 3016 2594 3069 sit
2629 3015 2746 3085 ipse
2790 3032 3136 3086 peccatorum
3179 3029 3455 3092 conscius,

1895 3118 1963 3156 ne
1992 3103 2264 3160 desideret
2285 3109 2680 3175 episcOpatum,
2713 3123 2741 3161 a
2771 3125 2880 3178 quo
2906 3110 3144 3179 seipsum
3175 3131 3268 3184 per
3290 3132 3454 3187 opera

1891 3193 2074 3259 eiecit.
2105 3194 2257 3248 lllum
2292 3197 2437 3250 enim
2465 3198 2556 3267 qui
2602 3198 2726 3252 aliis
2779 3208 2991 3267 praeest,
3046 3201 3207 3256 veluti
3240 3205 3448 3262 stellam

1892 3297 2012 3337 esse
2066 3292 2302 3354 oportet,
2346 3286 2414 3338 ad
2451 3300 2641 3342 omnes
2663 3287 2715 3340 in
2742 3287 2921 3355 ipsum
2949 3288 3224 3344 intuentes
3253 3293 3445 3349 illumi-

1893 3371 2131 3426 nandum
2163 3382 2217 3428 et
2247 3375 2606 3445 dirigendnm.

1917 3511 1920 3514 .
1969 3458 2135 3515 Unius
2180 3465 2361 3519 uxoris
2402 3467 2592 3522 virum.
2637 3467 2695 3523 Si
2750 3471 2797 3526 is
2824 3475 2917 3544 qui
2949 3476 3164 3533 duxerit
3200 3492 3448 3544 uxorem,

1894 3551 2162 3607 sollicitus
2188 3564 2271 3609 est
2291 3570 2388 3626 pro
2428 3559 2593 3614 rebus
2621 3563 2936 3631 mundanis,
2968 3565 3285 3638 episcopum
3319 3583 3451 3625 vero

1892 3641 2166 3696 ile-mundi
2195 3647 2431 3714 negotiis
2452 3650 2744 3704 sollicitum
2775 3668 2897 3710 esse
2936 3672 3046 3712 non
3085 3667 3323 3730 oportet,
3354 3660 3448 3731 qui

1891 3731 2045 3798 dicit,
2074 3725 2245 3786 'Unius
2284 3739 2466 3792 uxoris
2521 3742 2820 3798 maritum?
2862 3745 3019 3804 Certe
3070 3725 3286 3819 quidem
3307 3725 3450 3806 tto-n-

1891 3823 2022 3876 nulli
2075 3837 2349 3892 asserunt,
2404 3831 2546 3898 quod
2599 3835 2840 3890 ca:libem
2884 3838 3102 3893 innuit:
3149 3848 3204 3895 et
3252 3843 3298 3896 si
3347 3843 3450 3898 hoc

1893 3912 2008 3966 ﬁeri
2053 3917 2261 3984 nequit,
2296 3920 2491 3974 habeat
2531 3925 2748 3991 quidem
2799 3928 3010 3982 unicam
3065 3945 3308 3998 uxorem,
3360 3950 3449 3988 vc-

1888 4018 2006 4056 rum
2041 4012 2222 4059 tamen
2263 4010 2342 4062 sic
2379 4014 2533 4078 quasi
2570 4029 2675 4068 non
2731 4017 2924 4072 habeat
2959 4039 2971 4073 :
3007 4020 3108 4075 hoc
3155 4031 3238 4076 est
3291 4026 3449 4093 cupi-

1885 4091 2151 4150 ditatibus
2184 4097 2304 4166 ejus
2335 4114 2442 4153 non
2482 4103 2758 4160 subditus.
2804 4107 2994 4174 Porro,
3045 4125 3150 4164 non
3184 4119 3241 4164 ut
3274 4091 3444 4184 legem

210 4182 339 4244 Πῶς
370 4180 478 4251 γὰρ
507 4183 535 4235 ὁ
561 4181 731 4250 λέγων
790 4183 894 4250 ὅτι,
943 4182 1105 4237 Θέλω
1133 4184 1363 4252 πάντας
1394 4182 1542 4242 εἶναι
1567 4191 1646 4252 ὡς
1683 4187 1783 4240 καὶ

1893 4186 2097 4238 sanciat
2126 4185 2230 4242 hoc
2261 4190 2413 4256 dicit,
2459 4194 2602 4262 quod
2649 4199 2874 4252 omnino
2934 4212 3181 4269 oporteat
3229 4180 3448 4275 episco-

205 4275 507 4341 spavtdr;
537 4273 881 4345 Ἀλλ’ὲπειδὴ
907 4276 1069 4342 ὀτότε
1097 4277 1286 4346 καιρὸς
1315 4276 1537 4332 τοιαῦτα
1561 4277 1778 4348 ἀπῄτει,

215 4363 280 4415 Εἰ
309 4365 557 4433 γένηται,
593 4367 749 4434 φησι,
779 4368 908 4435 μιᾶς
956 4366 1096 4421 ἔστω
1136 4369 1295 4439 ἀνήρ.
1327 4367 1496 4422 Τοῦτο
1529 4371 1624 4423 καὶ
1652 4370 1671 4401 ⁸
1693 4370 1782 4424 διὰ

1885 4290 2011 4344 pum
2044 4291 2336 4334 uxoratutu
2365 4297 2487 4339 esse
2524 4287 2653 4355 :qui
2676 4289 2820 4341 enim
2846 4290 2990 4345 istud
3016 4297 3288 4363 statuerit,
3319 4311 3444 4350 cum

1886 4366 2022 4421 alias
2053 4368 2220 4432 dicat,
2269 4369 2397 4425 Volo
2447 4392 2535 4430 vos
2560 4393 2738 4432 omnes
2764 4397 2876 4435 esse
2909 4383 3045 4436 sicut
3079 4388 3329 4452 meipsum
3355 4386 3444 4440 "i

206 4457 336 4516 τοὺς
377 4455 678 4522 Ἰουδαίους,
712 4457 944 4522 ἐκείνοις
971 4449 1083 4530 γὰρ
1111 4460 1294 4528 ἐφεῖτο
1320 4463 1353 4530 ἡ
1389 4461 1704 4531 πολυγαμὶα
1731 4463 1774 4515 ³.

1893 4455 2088 4513 Verum
2134 4461 2261 4529 quia
2303 4472 2516 4534 tempus
2577 4469 2647 4520 ita
2691 4481 2802 4525 tum
2843 4449 3187 4541 postulabat,
3227 4478 3282 4531 Si
3315 4493 3448 4533 con-

205 4544 368 4602 Τινὲς
394 4544 452 4596 δὲ
482 4546 780 4612 ἀλογίστως
804 4548 932 4619 περὶ
970 4550 1291 4621 Ἐκκλησίας
1323 4550 1526 4619 ἔφασαν
1554 4554 1575 4584 ⁸
1601 4554 1778 4618 λέγειν

1893 4551 2077 4619 tingat,
2128 4553 2328 4625 inquit,
2381 4558 2455 4613 sit
2496 4561 2661 4619 unius
2711 4568 2899 4623 uxoris
2938 4571 3038 4624 vir.
3083 4572 3140 4626 Id
3183 4590 3311 4629 vero
3351 4574 3445 4631 Ju-

201 4637 295 4688 τὸν
338 4637 653 4689 Ἀπόστολον
705 4638 886 4703 τοῦτο,
928 4641 1044 4693 Ἵνα
1099 4643 1176 4710 μὴ
1221 4643 1540 4714 μεταϐαίνει,
1589 4645 1771 4710 φασὶν,

1864 4641 2121 4698 ‘daeorum
2167 4650 2336 4702 causa
2378 4648 2640 4708 dicebat:
2694 4655 2805 4713 illis
2839 4667 2973 4715 vero
3028 4667 3445 4732 permittebatur

199 4725 312 4780 ἀπὸ
351 4727 671 4804 Ἐκκλησίας
721 4731 800 4793 εἰς
840 4729 1169 4799 Ἐκκλησίαν
1201 4748 1215 4763 ·
1243 4734 1455 4801 μοιχεία
1513 4735 1619 4802 γάρ
1657 4735 1771 4786 ἐστι

1893 4734 2203 4824 aolygamia.
2262 4738 2493 4806 Quidam
2555 4761 2686 4802 vero
2746 4751 2954 4821 absque
3012 4725 3159 4810 omni
3214 4759 3442 4824 ratione,

198 4820 258 4868 τδ
294 4820 529 4888 πρᾶγμα
556 4819 598 4872 ⁷.

267 5080 602 5150 Hamilcar.
633 5083 945 5160 Τουτέστιν,
975 5084 1121 5153 ὀξὺν,
1140 5087 1467 5158 διορατικὺν,
1490 5089 1766 5160 ἀγχίνουν,
1834 5103 1839 5112 ·

203 5171 338 5237 μηδὲ
365 5172 474 5225 ὑπὸ
509 5175 803 5245 φροντίδων
852 5177 950 5230 καὶ
993 5176 1241 5246 ἀθυμιῶν
1296 5179 1769 5248 κατασαπτιζόμε-

199 5275 308 5323 νον,
370 5262 488 5314 ἀλλ’
550 5266 638 5317 ἀεὶ
672 5264 1091 5337 ηδιυπνισμινον,
1140 5267 1280 5336 ὥστε
1324 5271 1499 5324 πάντα
1529 5271 1766 5340 βὶέπειν,

201 5347 292 5398 καὶ
322 5351 492 5402 πᾶσιν
518 5353 857 5421 ἐφίστασθαι.

264 5459 310 5490 ⁹¹
342 5461 359 5510 1
400 5456 531 5513 Cor.
560 5477 655 5526 ιἰι,
682 5465 733 5518 7.

1877 4823 2132 4882 dixerunt
2172 4830 2494 4900 Apostolum
2557 4837 2670 4893 hazc
2721 4839 2790 4895 de
2833 4843 3075 4898 Ecclesia
3107 4847 3287 4904 dicere
3309 4867 3330 4907 Δι
3363 4823 3443 4904 Ne

1873 4925 2136 4984 transeat,
2200 4924 2476 4992 inquiunt,
2543 4929 2613 4981 ab
2665 4931 2898 4986 ecclesia
2962 4933 3031 4988 ad
3092 4939 3437 4999 ecclesiam:

1875 5009 2021 5064 istud
2056 5010 2202 5063 enim
2235 5012 2563 5068 adulterium
2589 5025 2692 5070 est.

1947 5098 2220 5154 Sobrium.
2245 5100 2358 5158 Hoc
2394 5115 2502 5170 est,
2545 5116 2789 5177 acutum,
2835 5117 3223 5185 perspicacem,
3269 5123 3438 5180 soler-

1878 5194 2009 5249 tem,
2045 5189 2136 5258 qui
2177 5190 2325 5246 curis
2367 5200 2422 5248 et
2450 5209 2683 5253 mmrore
2709 5214 2817 5254 non
2851 5202 3133 5272 obruatur,
3164 5209 3257 5263 sed
3294 5225 3439 5268 sern-

1877 5276 1974 5346 per
2020 5282 2503 5352 expergefactum,
2553 5300 2613 5342 ut
2657 5290 2840 5343 omnia
2894 5290 3099 5362 videat,
3159 5301 3435 5356 omnibus-

1877 5385 1982 5440 que
2022 5382 2179 5427 astet.

1520 5560 1720 5624 Varitn
1767 5564 2095 5647 lectiones.

264 5655 542 5746 “‘xzhiﬁ
585 5669 639 5709 0.
718 5658 762 5746 ζ’
780 5661 997 5746 εκαὶκοὺς
1035 5653 1090 5716 θ’.
1173 5663 1218 5746 ’ξ
1247 5665 1427 5746 ῖχμσου
1454 5681 1506 5719 n.
1583 5668 1629 5701 ”
1677 5671 1788 5741 ἅμα

1893 5692 2046 5746 εματα
2078 5696 2131 5734 o.
2211 5684 2225 5714 ¹

196 5721 219 5756 ⁸
239 5725 568 5780 πολυπαιδία
597 5740 650 5779 o.
693 5726 747 5786 ,⁸
777 5721 1021 5796 εφθασαν
1055 5746 1110 5785 o.
1188 5735 1208 5765 "
1245 5721 1352 5790 π’ἆν
1381 5752 1434 5793 o.

513 5821 779 5886 PATROL.
821 5825 935 5886 Gn.
968 5824 1209 5890 CXXV.

2269 5683 2344 5755 μὴ
2366 5700 2419 5740 ο.
2496 5691 2515 5720 ²
2548 5689 2733 5748 τοῦτον
2754 5706 2810 5748 o.
2885 5694 2918 5745 ³.
2939 5686 3034 5748 οὖν
3052 5710 3106 5752 o.
3183 5697 3202 5729 ⁸
3233 5647 3343 5774 γὲρ
3373 5716 3427 5761 ο.
