4060 6326
130 391 200 455 ta
839 373 1245 457 EXPOSITIO
1283 396 1364 456 IN
1405 393 1641 457 EPIST.
1688 392 1714 451 1

1822 395 1848 452 )
1885 395 2199 458 ΤΙΜΟΤΗ.
2231 422 2300 435 -
2325 401 2484 463 CAP.
2525 400 2642 461 ΙΙΙ.
3299 408 3371 474 50

129 504 437 576 προκοπήν.
467 505 532 560 Oi
561 507 669 578 γὰρ
702 507 762 560 ιν
816 509 930 571 τοῖς
985 508 1137 561 κάτω
1167 506 1437 573 δείξαντες
1479 506 1704 566 ἑαυτοὺς

1822 513 1911 566 :st,
1953 520 2321 574 progressum.
2353 506 2454 574 Qui
2486 510 2632 569 enim
2667 509 2721 564 in
2760 507 3109 564 interioribus
3139 526 3258 565 sese
3285 513 3367 564 vi-

129 596 614 666 διεγηγερμένους,
676 598 888 667 ταχέως
914 597 1012 651 καὶ
1034 599 1126 651 ὲπὶ
1156 597 1226 651 τὰ
1263 596 1520 665 ἀνωτέρω
1553 595 1706 648 ἐλεύ-

135 705 342 752 σονται,
377 688 516 741 ὥστε
544 689 861 760 παρρησίαν
890 689 1090 759 πολλὴν
1129 691 1274 759 σχεῖν
1304 691 1360 742 ἐν
1389 691 1454 758 τῇ
1484 687 1664 742 πίστει
1684 703 1700 718 ³

132 780 431 844 τουτέστιν,
462 777 604 832 ὥστε
629 780 961 852 ἐνδοξότεροι
1004 781 1280 849 γενέσθαι,
1307 783 1411 834 οὐκ
1447 782 1506 834 ὲν
1538 781 1703 846 ἀξιῶ-

137 883 266 934 μασι
317 871 624 938 κοσμικαῖς,
649 869 785 940 οὐδὲ¹
822 871 881 923 ἂν
909 871 1210 941 χρήμασιν,
1240 870 1356 922 ἀλλ’
1397 873 1455 923 ὲν
1486 871 1703 933 πίστει,

131 957 158 1009 ὃ
177 959 346 1019 ἐστιν,
377 961 436 1012 ιν
461 961 598 1013 πᾶσι
622 963 736 1024 τοῖς
767 963 910 1015 κατὰ
943 963 1040 1033 τὴν
1071 962 1250 1016 πίστιν
1289 962 1469 1031 λόγοις
1507 979 1566 1014 τε
1611 961 1710 1015 καὶ

133 1047 335 1113 ἔργοις.
369 1049 675 1104 Tamiram!
704 1053 763 1106 ιν
795 1052 1089 1125 Ἐκκλησία
1106 1054 1434 1124 λάμποντες,
1456 1054 1565 1108 ἀπὸ
1591 1054 1708 1107 δια-

134 1137 304 1189 κόνων
336 1139 396 1190 ὲν
423 1140 838 1212 πρεσϐυτερικῷ
872 1141 1065 1212 βαθμῷ
1118 1145 1212 1197 καὶ
1235 1145 1600 1214 ὲπισκοπικῷ.

206 1228 400 1282 ταῦτά
446 1247 545 1284 σοι
609 1233 830 1303 γράφω,
875 1234 1131 1294 ἐλπίζων
1175 1236 1379 1291 ἐλθεῖν
1425 1241 1574 1306 πρὸς
1634 1240 1711 1293 σὲ

136 1318 368 1387 τάχιον.
403 1323 540 1376 Ἐὰν
564 1322 635 1376 δὲ
664 1325 973 1391 βραδύνω,
1015 1328 1116 1381 ινα
1143 1329 1310 1397 εἰδῇς
1335 1329 1461 1395 πῶς
1506 1331 1602 1383 δεῖ
1643 1331 1714 1385 ἐν

136 1411 450 1476 οἷκφΘεοῦ
473 1415 977 1484 ἀναστρέφεσθαι.
1012 1419 1133 1473 Ἰνα
1157 1420 1234 1491 μὴ
1264 1421 1340 1490 τῷ
1363 1424 1489 1492 περὶ
1510 1422 1715 1476 τούτων

137 1505 519 1558 διατάττεσθαι
552 1509 632 1569 είς
681 1508 926 1578 ἀθυμίαν
954 1511 1168 1582 ἐμϐάλῃ
1207 1513 1300 1565 τὸν
1338 1513 1610 1584 μαθητὴν,
1639 1515 1715 1578 ὡς

139 1597 319 1649 οὐκέτι
345 1598 719 1666 ὀφθησομένου
754 1600 852 1653 τοῦ
911 1602 1125 1656 Παύλου
1183 1604 1334 1674 αὐτῷ
1358 1621 1372 1634 ·
1405 1607 1592 1675 φησὶν,
1629 1607 1712 1660 ὅτι

141 1684 213 1735 Οὔ
237 1685 325 1739 διὰ
346 1687 504 1741 τοῦτο
527 1689 701 1743 ταῦτα
731 1691 949 1763 γράφω,
977 1693 1052 1757 ὡς
1074 1694 1257 1749 οὐκέτι
1289 1696 1494 1765 μέλλων
1507 1697 1684 1751 ἐλθεῖν
1706 1714 1720 1728 ·

143 1777 250 1828 ἀλλ’
310 1779 597 1853 ἐλεύσομαι
639 1787 778 1855 μέν’
815 1786 954 1858 πλὴν
989 1789 1037 1840 εί
1084 1789 1265 1860 συμϐῇ
1315 1807 1382 1860 με
1424 1789 1712 1860 βραδῦναιν

145 1869 227 1919 ἵνα
257 1868 388 1942 ἔχῃς
409 1872 761 1929 ὑποτύπωσιν
800 1877 915 1941 πῶς
933 1865 1014 1931 δεῖ
1031 1879 1484 1950 ἀναστρέφεσθαι.
1519 1880 1716 1944 Καλῶς

145 1960 198 2012 δὲ
227 1957 350 2049 εἷπε
386 1965 468 2030 τὸ,
502 1967 774 2029 ἐλπίζων.
821 1970 1042 2042 Ἐπειδὴ
1075 1971 1184 2042 γὰρ
1213 1965 1492 2043 Πνεύματι
1522 1973 1720 2041 ἀγόμε-

147 2071 230 2115 νος
254 2056 350 2108 οὖκ
372 2057 488 2128 ᾔδει
526 2059 626 2111 ποῦ
666 2060 750 2114 δεῖ
790 2061 1066 2125 ἀπελθεῖν,
1098 2063 1323 2126 εἰκότως
1376 2063 1707 2135 ἀμφιϐάλλει

149 2144 237 2195 καὶ
267 2147 390 2216 περὶ
415 2147 508 2200 τοῦ
537 2149 673 2220 πρὸς
709 2149 975 2220 Τιμόθεον
1002 2151 1203 2207 ἐλθεῖν.
1471 2160 1477 2163 ’

219 2315 374 2384 Ἠτις
407 2319 580 2375 ἐστίν
632 2322 968 2392 Ἐκκλησία
1013 2329 1160 2382 Θεοῦ
1201 2327 1436 2401 ζῶντος.
1469 2329 1560 2401 Μὴ
1607 2331 1715 2401 γάρ

157 2411 306 2479 εἴπῃς
336 2413 380 2442 ²¹
409 2413 490 2464 ὅτι
542 2412 820 2485 ἀνθρωττοι
871 2419 1043 2489 αὐτὴν
1089 2421 1133 2452 ’⁸
1165 2397 1715 2489 συγκροτοῦσα-θεοῦ

160 2503 258 2572 γάρ
288 2505 400 2556 ἐστι
433 2499 654 2571 ζῶντος,
687 2508 957 2575 τουτέστι,
1003 2512 1236 2582 φοϐεροῦ
1269 2515 1365 2589 καὶ
1401 2515 1712 2585 ικδικητοῦ,

159 2597 245 2646 καί
276 2597 332 2649 οὐ
362 2599 556 2668 νεκροῦ
588 2602 680 2658 καὶ
723 2602 1007 2668 ἀσθενοῦς,
1037 2601 1139 2658 οἷοι
1182 2607 1232 2658 οἱ
1265 2605 1374 2659 τῶν
1423 2607 1712 2678 Ἑλλήνων.

227 2693 448 2758 Στύλος
475 2695 573 2747 καί
628 2696 922 2768 ἑδραίωμα
975 2701 1083 2769 τῆς
1106 2703 1413 2770 ἀληθείας.
1453 2705 1714 2759 Ἐνταῦθα

162 2783 246 2833 καὶ
277 2784 407 2853 πρὸς
437 2787 528 2840 τδν
545 2789 829 2844 Ἰουδαϊκὸν
847 2793 1123 2862 συγκρίνει
1151 2795 1278 2848 ναδν
1301 2798 1346 2829 ’⁸
1368 2796 1465 2869 τὴν
1481 2799 1714 2869 Ἐκκλη-

165 2873 293 2938 σίαν,
309 2875 399 2928 καί
421 2895 588 2947 φησιν
610 2882 691 2934 ὅτι
733 2883 969 2948 Ἐκεῖνος
998 2886 1096 2955 μὲν
1119 2886 1324 2950 τύπους
1353 2893 1593 2960 περιεῖχε
1619 2891 1714 2945 καὶ

166 2966 327 3031 σκιὰς,
363 2965 472 3024 οἷον
532 2971 788 3038 κώδωνας
844 2978 939 3029 καὶ
991 2979 1263 3046 ῥοΐσκους,
1315 2983 1405 3034 καὶ
1453 2984 1713 3053 ἀρχιερέα

167 3057 292 3123 μετὰ
325 3060 432 3113 τῶν
474 3061 696 3118 θυσιῶν.
744 3066 809 3120 Ἡ
859 3067 916 3120 δὲ
968 3069 1264 3141 Ἐκκλησία
1305 3073 1404 3142 τῆς
1455 3074 1713 3141 ἀληθείας

1804 595 1942 664 εἰΙιιε
1975 597 2294 664 ostendunt,
2328 599 2579 654 celeriter
2614 600 2681 655 ad
2713 601 2996 670 superiora
3028 601 3272 664 venient,
3309 609 3370 654 ιιι

1807 688 2031 741 multam
2062 688 2312 743 ﬁduciam
2340 699 2396 744 et
2425 690 2730 745 libertatem
2766 693 2819 746 in
2849 692 2951 746 ﬁde
2978 691 3234 755 habeant,
3269 692 3373 745 llOt'.

1806 782 1910 836 est,
1945 784 2006 828 ut
2049 776 2381 832 celebriores
2432 776 2743 832 efﬁciantur
2775 797 2789 833 :
2823 775 2928 834 non
2977 779 3031 833 in
3078 780 3374 832 mundanis

1805 863 2185 934 dignitatibus,
2221 883 2330 923 non
2375 869 2428 922 in
2483 869 2755 940 pecuniis,
2791 869 2886 924 sed
2922 870 2976 924 in
3012 870 3138 932 ﬁde,
3165 871 3219 924 id
3262 879 3366 930 est.

1808 951 1862 1008 in
1894 955 2147 1011 omnibus
2174 973 2296 1026 qua:
2328 967 2458 1012 sunt
2494 959 2795 1014 secundum
2828 959 3011 1023 ﬁdem,
3045 974 3170 1013 cum
3195 959 3382 1014 verbis

1811 1053 1922 1098 tum
1955 1046 2235 1116 operibus.
2271 1045 2430 1104 Tales
2461 1059 2589 1104 sunt
2615 1049 2651 1102 ii
2694 1049 2784 1118 qui
2819 1049 2874 1102 in
2920 1048 3162 1103 Ecclesia
3203 1049 3371 1102 reful-

1782 1145 1958 1206 βοτη,
1989 1153 2018 1190 a
2049 1138 2297 1201 diaconis
2328 1141 2630 1210 presbyteri
2655 1148 2710 1195 et
2736 1140 2977 1211 episcopi
3011 1139 3162 1196 facti.

1884 1233 2048 1287 Vens.
2084 1233 2172 1298 Η,
2201 1234 2288 1288 15.
2334 1233 2461 1289 ιιωσ
2490 1234 2588 1288 tibi
2609 1235 2807 1298 scribo,
2835 1250 3052 1304 sperum
3083 1250 3162 1288 me
3185 1240 3374 1288 ventu?

1815 1342 1930 1378 rem
1971 1326 2041 1379 ad
2077 1336 2123 1379 te
2154 1326 2281 1380 cito.
2315 1324 2376 1381 Si
2406 1336 2580 1380 autem
2629 1326 2932 1390 tardavero,
2977 1336 3035 1379 ut
3079 1327 3218 1380 scias
3247 1343 3378 1396 quo-

1816 1418 1970 1472 modo
2002 1427 2237 1484 oporteat
2268 1427 2316 1472 te
2349 1419 2403 1472 in
2432 1417 2590 1471 domo
2621 1417 2716 1472 Dei
2737 1419 3060 1472 conuersari.
3083 1417 3162 1493 Ne
3190 1419 3259 1472 de
3293 1417 3380 1476 his

1817 1508 2183 1578 praecipiendo
2203 1508 2260 1562 in
2283 1508 2558 1562 tristitiam
2596 1504 2858 1575 conjiciat
2905 1505 3382 1576 discipulum,ccu

1818 1601 2045 1655 Paulum
2076 1617 2184 1656 non
2207 1602 2444 1671 amplius
2474 1610 2622 1658 esset
2643 1601 2861 1660 visurus
2886 1614 2902 1654 :
2931 1599 3051 1655 Non
3077 1609 3384 1670 propterea.

1823 1693 2016 1760 inquit,
2057 1693 2173 1747 haec
2206 1693 2408 1755 scribo,
2443 1700 2700 1762 tanquam
2727 1707 2891 1762 porro
2924 1707 3032 1746 non
3048 1691 3156 1768 sim
3188 1699 3384 1746 ventu-

1821 1799 1937 1846 rus,
1979 1786 2189 1838 veniam
2230 1785 2399 1852 enim,
2428 1784 2548 1844 sed.
2586 1785 2633 1839 si
2676 1785 2958 1854 contingat
3008 1799 3095 1840 me
3144 1784 3382 1848 tardare.

1826 1883 1882 1929 ut
1909 1876 2108 1932 habeas
2141 1876 2428 1932 formulam
2452 1876 2797 1946 etexemplar
2827 1875 3106 1946 quomodo
3137 1882 3388 1944 oporteat

1825 1972 1876 2019 te
1899 1966 2101 2020 vivere.
2129 1965 2273 2020 Bene
2307 1974 2490 2021 autem
2520 1967 2684 2031 dixit,
2723 1982 2964 2034 sperans.
2999 1965 3136 2020 Cum
3164 1967 3311 2020 enim
3351 1980 3385 2018 a

1825 2056 2029 2125 Spiritu
2060 2057 2259 2112 ductus
2287 2058 2566 2124 ignoraret
2599 2072 2709 2126 quo
2754 2056 2856 2111 sibi
2885 2055 3193 2109 abeundum
3217 2062 3385 2120 esset,

1823 2163 1930 2202 non
1979 2148 2252 2203 immerito
2297 2147 2510 2202 dubitat
2560 2147 2630 2205 de
2671 2146 2905 2202 adventu
2951 2160 3055 2200 suo
3090 2145 3163 2204 ad
3194 2143 3387 2200 Timo-

1823 2241 2030 2295 theum.
3358 2245 3362 2250 ’

1892 2332 2024 2398 Qua:
2067 2341 2146 2388 est
2194 2331 2436 2386 Ecclesia
2467 2331 2565 2385 Dei
2596 2332 2835 2386 visentis.
2864 2331 2985 2386 Noli
3030 2331 3175 2386 enim
3205 2325 3414 2408 dicere

1819 2421 1963 2493 quod
1991 2437 2058 2477 ex
2095 2422 2410 2478 hominibus
2443 2421 2559 2492 ipsa
2596 2424 2666 2476 sit
2701 2420 2932 2476 conﬂata
2963 2440 2979 2477 :
3007 2420 3101 2477 Dei
3127 2421 3269 2477 enim
3297 2428 3386 2479 est

1822 2513 2059 2568 viventis
2090 2510 2194 2580 ;.id
2235 2521 2345 2576 est,
2391 2512 2656 2566 terribilis
2694 2503 2999 2577 et'ultoris,
3044 2525 3154 2565 non
3181 2511 3384 2566 mortui

1819 2616 1872 2660 et
1909 2575 2141 2671 inlirtni,‘
2169 2605 2366 2677 quales
2398 2616 2528 2660 sunt
2553 2604 2864 2659 Grecorum
2888 2604 2963 2658 dii
2992 2603 3138 2658 vani.

1890 2699 2156 2752 Columna
2257 2699 2650 2762 ﬁrmamentum
2682 2697 2941 2751 veritatis.
2968 2695 3068 2750 llic
3090 2710 3212 2750 cunt
3245 2703 3386 2750 tem—

1820 2789 1911 2857 plo
1957 2783 2531 2860 Judaicot\Ecclesiam
2579 2786 2813 2851 confert,
2865 2795 3030 2855 atque
3081 2785 3196 2840 ait:
3247 2783 3386 2849 Illud

1820 2893 1952 2932 sane
1978 2880 2181 2948 liguras
2205 2873 2274 3022 ex
2292 2879 2512 2933 umbras
2544 2878 2802 2940 habebat,
2828 2877 2996 2931 veluti
3021 2875 3388 2932 tintinnabula

1820 2978 1868 3020 et
1904 2967 2044 3020 mala
2078 2969 2242 3022 nunic
2284 3010 2299 3022 .
2329 2977 2382 3022 et
2411 2968 2723 3022 pontiﬁcem
2763 2983 2886 3020 cum
2916 2966 3170 3020 victimis.
3202 2965 3387 3021 Eccle-

1819 2978 1868 3020 et
1904 2967 2044 3020 mala
2077 2965 2299 3038 punica,
2329 2977 2382 3022 et
2411 2968 2723 3036 pontiﬁcem
2763 2983 2886 3020 cum
2916 2966 3170 3020 victimis.
3202 2965 3387 3021 Eccle-

1820 3059 1902 3111 sia
1935 3067 2117 3111 autem
2149 3040 2436 3113 est—caelus
2465 3058 2711 3112 veritatis
2744 3075 2760 3113 :
2793 3057 2976 3110 omnia
2995 3056 3140 3110 enim
3179 3072 3300 3123 qua:
3331 3056 3383 3110 ln

166 3149 566 3243 iamluddum;
600 3159 786 3213 Πάντα
832 3162 942 3233 γὰρ
986 3163 1055 3216 τὰ
1093 3166 1152 3219 ὲν
1207 3167 1343 3238 αὐτῇ
1384 3171 1714 3242 τελούμενα1

1825 3163 1888 3216 ea
1919 3157 2280 3218 peraguntur,
2319 3165 2444 3205 vera
2490 3158 2640 3213 sunt,
2677 3157 2731 3203 et
2781 3148 2911 3202 nihil
2959 3147 3013 3200 in
3045 3163 3106 3200 ca
3147 3157 3228 3200 est
3265 3153 3378 3201 um-‘

169 3239 394 3311 ἀληθινὰ,
424 3249 524 3302 καὶ
541 3249 694 3303 οὐδὲν
725 3252 971 3319 σκιῶδες,
996 3249 1085 3308 οἷα
1129 3255 1199 3309 τὰ
1230 3260 1325 3311 τοῦ
1352 3238 1714 3330 νόμουίἋντλ

1830 3241 2072 3306 brosum,
2123 3241 2307 3311 qualia
2363 3248 2489 3295 sunt
2540 3255 2662 3309 qua:
2710 3239 2826 3308 lege
2879 3240 3220 3293 sanciuntur.
3282 3238 3386 3294 Pro

169 3332 265 3401 γὰρ
289 3337 571 3406 κωδώνων,
603 3342 864 3412 κήρυγμα
894 3345 1166 3415 λαμπρόν⁸
1187 3350 1310 3402 ἀντὶ
1346 3351 1580 3421 ροῒσκων
1604 3356 1718 3422 βίος

174 3432 615 3501 κατεστεμμένος,
678 3436 771 3488 καὶ
841 3435 986 3489 ἔνδον
1035 3439 1173 3507 ἔχων
1209 3441 1300 3492 τὸν
1343 3445 1586 3512 καρπόνο
1623 3449 1718 3500 καὶ

173 3517 460 3619 ἀργιερεὺς,
492 3524 620 3589 Υίὸς
641 3525 776 3578 Θεοῦ
803 3543 819 3558 ·
844 3528 939 3581 καὶ
969 3528 1112 3598 μέγα
1154 3529 1322 3602 θῦμα,
1366 3535 1425 3586 τὸ
1453 3534 1594 3589 θεῖον
1619 3539 1718 3591 αὒ-

172 3625 254 3660 του
282 3628 454 3680 σωμα.
806 3625 812 3634 ’

235 3703 332 3756 Kal
360 3707 850 3778 ὁμολογουμένως
871 3709 1024 3781 μέγα
1037 3713 1166 3768 ἐστι
1196 3715 1262 3768 τὸ
1283 3717 1390 3782 τῆς
1411 3718 1721 3787 εὐσεϐείας

172 3796 505 3864 μυστήριον.
527 3798 640 3851 Καὶ
688 3803 990 3873 μυστήριόν
1022 3806 1171 3858 ἐστιν
1204 3807 1237 3876 ὴ
1273 3808 1415 3876 ὑπὲρ
1447 3811 1607 3878 ἡμῶν
1638 3815 1716 3865 ol-

178 3887 400 3971 κενομία.
424 3889 536 3942 Καὶ
558 3889 732 3959 μέγα,
759 3893 855 3945 καὶ
902 3895 1235 3961 εὐσεϐείας,
1267 3898 1362 3950 καὶ
1387 3901 1720 3969 ὁμολογου-

174 3977 347 4042 μένως
369 3980 564 4048 μέτα.’
592 3981 668 4034 Οὐ
716 3982 825 4052 γάρ
864 4001 945 4046 τις
979 3985 1308 4054 ἀμφιϐάλλει
1350 3990 1477 4059 περὶ
1502 3994 1714 4044 τούτου.

180 4069 284 4132 Πῶς
303 4069 354 4124 δὲ
373 4073 689 4144 μυστήριον,
704 4075 839 4147 ὅπερ
867 4078 1066 4142 πάντες
1098 4065 1244 4134 ἴσασι
1270 4098 1285 4146 ;
1310 4083 1364 4134 Μ
1375 4082 1565 4135 άλιστα
1595 4085 1720 4152 μὲν,

179 4159 230 4211 οὗ
267 4161 567 4227 πάντες.Εί
618 4163 675 4218 δι
700 4167 793 4220 καὶ
838 4167 1040 4232 πάντες
1067 4170 1264 4234 ἴσασιν,
1294 4172 1428 4224 ἀλλὰ
1461 4173 1574 4236 νῦν,
1617 4174 1722 4245 πρὸ

182 4251 348 4306 τούτου
382 4255 438 4308 δὲ
476 4257 536 4310 ού
560 4257 696 4311 πᾶσι
740 4259 900 4330 δῆλον
923 4256 1011 4330 ἦν.
1051 4261 1259 4325 Ἀλλως
1282 4279 1365 4328 τε,
1394 4264 1455 4316 τὸ
1491 4266 1608 4334 μὲν,
1640 4266 1721 4319 ὅτι

183 4343 346 4407 ὀθεὸς
373 4348 682 4419 ὲσαρκὼθη,
717 4351 919 4415 πάντες
948 4352 1096 4406 ἴσασι
1115 4369 1129 4382 ⁸
1181 4353 1242 4406 τδ
1267 4355 1324 4407 δὲ
1350 4355 1486 4421 πῶς,
1520 4358 1722 4410 ἀποκέ-

185 4447 415 4499 κρυπται.
442 4439 547 4490 Καὶ
581 4441 669 4493 διὰ
687 4442 844 4496 τοῦτο
875 4445 1175 4514 μυστήριόν
1209 4446 1258 4478 ’⁸
1296 4447 1462 4504 ἐστιν.
1499 4451 1641 4520 Ὅρα
1663 4434 1722 4503 ’δὲ

1823 3332 2204 3386 tintinnabulis
2255 3333 2400 3385 enim
2447 3331 2595 3384 clara
2668 3329 3036 3399 praedicatio;
3085 3344 3182 3398 pro
3232 3321 3425 3392 mal's'_

1821 3423 2034 3492 punicis
2081 3423 2204 3478 vita»
2232 3431 2318 3478 est
2346 3429 2630 3487 coronata,
2673 3422 2825 3476 intus
2869 3420 3104 3474 fructum
3158 3420 3386 3475 habens.

1823 3513 1992 3568 Porro
2013 3513 2287 3583 ,pontil‘ex
2330 3523 2414 3569 est
2441 3513 2611 3568 Filius
2648 3513 2738 3567 Dei
2771 3530 2784 3565 :
2821 3505 3189 3582 magnumque
3218 3510 3389 3566 sacri-

1822 3607 2027 3672 ﬁcium,
2053 3607 2297 3661 divinum
2330 3607 2500 3676 ipsius
2529 3621 2752 3675 corpus.

1893 3697 2056 3754 Vens.
2089 3697 2174 3751 l6.
2209 3696 2274 3750 Et
2299 3696 2576 3766 ntanifeste
2599 3707 2846 3765 magnum
2874 3705 2950 3748 est
2974 3695 3184 3762 pietatis
3209 3709 3392 3749 sacra-

1821 3797 2073 3843 mentum.
2111 3788 2524 3859 Sacranientum
2554 3786 2668 3840 sive
2711 3785 3029 3855 mysterium
3055 3792 3140 3839 est
3170 3783 3386 3850 dispen—

1821 3883 1961 3935 satio
1985 3881 2070 3934 illa
2106 3896 2203 3950 pro
2241 3880 2397 3935 nobis
2440 3879 2605 3933 facta.
2637 3877 2698 3931 Et
2735 3893 3008 3954 magnum,
3056 3885 3109 3930 et
3152 3877 3388 3943 pietatis.

1820 3983 1875 4028 et
1928 3973 2208 4040 manifeste
2262 3985 2510 4040 magnum
2542 3986 2560 4021 :
2616 3985 2722 4022 non
2773 3968 2916 4022 enim
2968 3966 3258 4034 quisquam
3307 3968 3377 4022 de

1823 4064 1923 4118 hoc
1952 4063 2186 4118 dubitat.
2224 4061 2509 4127 Quomodo
2546 4070 2725 4114 autem
2767 4060 3084 4132 mysterium
3127 4066 3213 4113 est
3243 4059 3384 4126 quod

1822 4170 2010 4209 omnes
2038 4153 2343 4209 noverunt?
2367 4151 2596 4206 Maxime
2617 4167 2783 4206 sane:
2811 4167 2918 4206 non
2937 4165 3131 4205 omnes
3164 4157 3384 4203 norunt.

1825 4247 1936 4301 Imo
1979 4249 2085 4302 etsi
2136 4259 2327 4301 omnes
2390 4252 2614 4306 norunt,
2662 4243 2716 4297 id
2771 4252 2952 4298 tamen
2991 4256 3133 4295 nunc
3160 4242 3382 4295 evenit:

1824 4339 2054 4392 antehac
2087 4351 2219 4390 vero
2261 4352 2369 4389 non
2416 4333 2673 4389 omnibus
2716 4329 2890 4402 palam
2935 4323 3053 4385 fuit.
3099 4330 3386 4395 Prazterea,

1825 4427 1970 4495 quod
2010 4428 2154 4482 Deus
2189 4429 2507 4480 incarnatus
2543 4433 2646 4489 est,
2688 4438 2880 4479 omnes
2914 4430 3178 4476 noverunt
3209 4439 3222 4474 :
3255 4427 3391 4487 quo-

187 4522 274 4591 τὴν
312 4527 436 4594 πρὸς
465 4529 610 4597 ἡμᾶς
635 4530 854 4601 ἀγάπην
876 4534 970 4586 τοῦ
1002 4512 1160 4600 θεοῦ,
1197 4537 1353 4609 είπερ
1410 4539 1470 4592 τὸ
1524 4512 1714 4611 μῦστή-

1827 4517 1988 4570 modo
2007 4531 2161 4581 vero,
2188 4515 2518 4570 occultatum
2554 4521 2659 4578 est,
2696 4527 2923 4580 eamque
2941 4512 3010 4564 ob
3041 4525 3154 4562 rem
3183 4516 3387 4578 myste-

192 4629 292 4682 ριον
313 4618 475 4672 αὐτοῦ
497 4620 637 4684 ὅλως
664 4615 798 4692 ἡμῖν
825 4625 1114 4695 ἐγνώρισε.

256 4876 383 4943 Θεὸς
405 4878 740 4949 ἐφανερώθη
767 4880 838 4935 ἐν
882 4881 1082 4948 σαρκί.
1125 4881 1342 4952 Ἐπειδὴ
1374 4883 1502 4952 περὶ
1533 4885 1722 4956 ἱερέων

195 4965 218 5015 ὁ
247 4965 431 5032 Παῦλος
459 4970 900 5041 διαταττόμενος,
922 4972 1078 5026 οὐδὲν
1116 4972 1357 5028 τοιοῦτον
1383 4971 1556 5039 εἶπεν,
1611 4972 1724 5029 οἷον

198 5056 328 5125 ἐντῷ
361 5060 647 5132 Λευῖτικῷ,
698 5062 864 5132 φησὶ.
925 5065 1130 5135 Μηδεὶς
1177 5065 1524 5135 θαυμαζέτωι
1563 5071 1610 5122 εί

200 5149 390 5206 τοιαῦτα
425 5155 876 5226 μικρολογοῦμαι.
906 5159 1067 5225 Μέγα
1093 5159 1212 5211 ἐστὶ
1233 5159 1294 5212 τὸ
1319 5161 1608 5230 ἡμέτερον,
1631 5163 1723 5216 καὶ

200 5232 322 5322 οὐδὲν
342 5241 570 5294 τοιοῦτον
605 5243 743 5296 ἐκεῖ.
785 5244 1050 5299 Ἐνταῦθα
1083 5247 1190 5318 γὰρ
1220 5248 1352 5312 Θεὸς
1381 5244 1721 5322 ὲφανερώθῆ.

204 5321 428 5391 ΠῶςςἘν
447 5331 632 5399 σαρκί.
673 5333 752 5404 Τῇ
780 5327 894 5404 ’γὰρ
924 5334 1139 5406 θεότητι
1171 5337 1421 5408 ἀόρατος.

272 5498 579 5572 εδικαιώθη
637 5506 706 5559 ὲν
763 5481 1076 5580 πνεύματι.
1127 5516 1195 5568 Ἦ
1233 5516 1385 5569 τοῦτό
1433 5535 1615 5586 φησιν,
1645 5519 1724 5570 ὅτι

1831 4608 1971 4662 rium
2027 4614 2130 4662 est.
2177 4606 2457 4675 Perpende
2498 4611 2680 4658 autem
2743 4603 3064 4657 cliaritatem
3115 4599 3204 4653 Dei
3260 4615 3388 4669 erga

1831 4715 1954 4763 nos,
1985 4697 2253 4770 siquidem
2291 4697 2608 4768 mysterium
2653 4710 2815 4750 suum
2852 4693 3072 4749 omnino
3105 4691 3259 4746 nobis
3291 4705 3387 4759 pa-

1830 4791 2038 4846 tefecit.
2084 4795 2087 4798 ’

1922 4880 2062 4933 Deus
2097 4877 2481 4946 manifestatus
2542 4882 2620 4927 est
2681 4875 2733 4925 in
2799 4888 2974 4924 carne.
3025 4871 3162 4934 Quia
3227 4871 3390 4941 57o

1832 4972 2032 5025 Paulus
2065 4971 2132 5024 de
2165 4967 2540 5024 sacerdotibus
2570 4961 2908 5032 praecipiens,
2941 4962 3076 5014 nihil
3111 4963 3218 5016 tale
3251 4964 3391 5020 dixit

1833 5063 1992 5132 quale
2043 5069 2130 5116 est
2174 5060 2229 5113 in
2289 5057 2528 5112 Levitico
2559 5072 2572 5108 :
2607 5053 2797 5117 Nemo,
2846 5053 3042 5123 inquit,
3093 5052 3390 5106 demiretur

1831 5154 1972 5224 quod
2005 5153 2072 5207 de
2105 5150 2266 5205 rebus
2297 5156 2404 5203 tam
2448 5147 2660 5203 levibus
2693 5159 2799 5198 non
2850 5145 3102 5212 disputo:
3135 5157 3387 5210 magnum

1831 5263 1962 5303 sane
1985 5253 2240 5300 nostrum
2283 5250 2390 5306 est,
2417 5250 2470 5295 et
2519 5242 2605 5296 cui
2638 5239 2771 5293 nihil
2816 5237 2888 5290 ibi
2938 5235 3116 5289 simile
3149 5244 3254 5289 est.
3291 5234 3387 5291 llic

1827 5340 1975 5392 enim
2004 5338 2146 5392 Deus
2176 5333 2555 5389 manifestatus
2604 5341 2710 5385 est.
2738 5327 3062 5394 Quomodo?
3096 5328 3152 5382 ln
3196 5345 3382 5383 carne.

1833 5427 2144 5482 Secundum
2189 5440 2423 5494 namque
2451 5424 2786 5476 divinitatem
2817 5427 2900 5474 est
2937 5420 3240 5474 invisibilis.

1899 5517 2234 5587 Jusliﬁcatus
2263 5526 2338 5571 est
2362 5516 2416 5568 in
2446 5513 2654 5580 spiritu.
2683 5509 2774 5566 Ve!
2803 5511 2906 5566 hoc
2925 5512 3073 5577 dicit,
3097 5509 3238 5580 quod
3262 5526 3382 5565 cum

1094 5767 1104 5777 η
1468 5698 1661 5758 Vat-ite
1691 5697 2010 5760 lectiones.

263 5787 298 5818 ﬂ
324 5789 427 5864 ἴδῃς
450 5811 499 5850 0-
578 5797 625 5830 ’³
652 5796 858 5868 ταύτην
885 5811 936 5853 o.
1015 5797 1057 5830 ³³
1083 5797 1205 5852 λαόν
1222 5815 1274 5855 o.
1352 5800 1394 5832 "
1425 5802 1720 5871 μυστήριόν
1760 5803 1872 5855 ἐστι
1904 5803 2000 5869 τῆς
2034 5797 2165 5867 πρὸς
2189 5795 2334 5866 ἡμᾶς
2366 5794 2581 5866 ἀγάπης
2604 5791 2698 5846 τοῦ
2726 5790 2928 5846 Θεοῦό.
