4060 6326
200 395 282 456 53

967 389 1366 450 EXPOSITIO
1405 389 1480 446 ΙΝ
1513 371 1746 447 EPIST.
1786 390 1812 447 1
1843 391 1940 449 AD
1978 390 2291 449 TIMOTH.
2321 415 2387 423 -
2421 389 2578 447 CAP.
2617 388 2709 447 iV.
3377 394 3443 456 lt

200 503 293 555 ὗτι
345 499 512 570 ψευδῆ
561 499 718 564 εἰσιν,
750 498 1133 566 ὑποκρίνονται
1158 499 1240 562 ,ὡς
1294 499 1468 568 ἀληθῆ
1516 500 1654 552 αὐτὰ
1705 499 1782 552 δι-

1889 501 2247 561 mentiuntur,
2305 515 2489 553 verum
2554 501 2791 553 scientes
2827 498 2961 554 inlita
3006 514 3149 565 esse,
3194 502 3280 556 illa
3324 515 3437 558 tan~

200 594 456 646 ὄάσιιειν.

279 679 896 750 Βεχαυτηριᾳσμένων
915 677 1028 746 τὴν
1055 677 1216 731 ίὸιάν
1267 677 1644 744 συνείδησιν,
1671 693 1779 729 κω-

201 773 491 824 λυόντων
513 769 740 837 ταμεῖν.
777 769 1054 830 Τουτέστι,
1079 769 1316 838 πονηροῦ
1355 769 1470 836 βίου
1511 769 1618 819 εἰσί
1641 783 1656 797 ·
1685 767 1779 819 καὶ

201 856 400 926 ἐπειδὴ
417 857 685 909 συνίσασιν
702 857 913 917 ἑαυτοῖς
925 855 1266 923 ἀκαθαρσίαν
1281 854 1496 924 πολλὴν,
1521 853 1608 907 διὰ
1622 853 1778 906 τοῦτο

195 948 265 998 τὺ
309 944 544 1020 συνειδὸς
573 944 751 997 αὐτῶν
777 940 1188 1008 ἀνεξαλείπτους
1213 945 1324 1014 ἔχει
1348 946 1474 1008 τοὺς
1499 946 1670 1013 καυτῆ
1681 963 1778 1015 ρας

199 1035 302 1087 τοῦ
345 1034 584 1104 ῥυπαροῦ
615 1035 754 1104 βίου,
809 1037 905 1088 καὶ
931 1035 1205 1089 διαϐάλλει
1241 1035 1332 1088 τὸν
1381 1036 1577 1108 γάμον.
1625 1037 1777 1088 Ἐπεὶ

200 1124 332 1189 εἴτε
366 1123 606 1191 καθαρὸς
637 1120 704 1193 ἦν
728 1123 908 1176 αὐτῶν
930 1126 957 1176 6
990 1122 1121 1191 βίος,
1172 1125 1264 1175 καὶ
1311 1126 1344 1193 ἠ
1378 1126 1680 1194 συνείδησις
1712 1125 1777 1178 ἂν

195 1214 396 1272 αὐτῶν
425 1215 637 1282 καθαρά
687 1210 778 1283 ἦν,
807 1215 899 1267 xui.
930 1215 1032 1267 οὐκ
1085 1214 1151 1267 ἂν
1183 1214 1461 1269 διέϐαλλεν
1490 1217 1526 1270 ἃ
1565 1219 1594 1270 6
1643 1217 1813 1280 Geb;~

199 1307 538 1376 ηὐλόγησεν.
572 1307 781 1375 Ὠσπερ
812 1308 839 1359 6
870 1295 1174 1376 στομαχιῶν
1200 1307 1476 1360 διαϐάλλει
1511 1309 1577 1360 τὰ
1633 1309 1775 1376 βρώ-

196 1414 378 1465 ματα,
438 1398 596 1460 αὐτὸς
624 1399 680 1449 ὲν
703 1397 881 1466 ἑαυτῷ
934 1397 1074 1467 ἔχων
1128 1397 1275 1450 ἔνδον
1321 1400 1446 1458 τοὺς
1502 1401 1773 1470 πονηροὺς

191 1487 438 1555 χυμούς.
467 1487 532 1538 Τί
554 1485 684 1551 οὖνς
720 1487 854 1557 Οὐχὶ
887 1489 980 1541 καὶ
1016 1492 1176 1559 ἡμεῖς
1233 1489 1514 1558 κωλύομεν
1541 1492 1770 1559 γαμεῖνς

199 1579 281 1646 μὴ
327 1579 532 1646 γένοιτο
563 1595 577 1608 ·
605 1577 739 1631 ἀλλά
767 1581 894 1642 τοὺς
917 1580 992 1648 μὴ
1021 1579 1378 1648 βουλομένους
1415 1583 1612 1649 γαμεῖν
1640 1597 1772 1651 προ-

189 1667 474 1747 τρέπομεν
508 1668 596 1718 ἐπὶ
624 1667 940 1738 παρθενίαν·
973 1671 1273 1740 τιμιωτέρα
1309 1670 1409 1738 μὲν
1448 1671 1557 1738 γὰρ
1590 1669 1726 1739 αὕτη
1750 1686 1764 1701 ο

197 1759 324 1812 ἀλλ’
353 1759 455 1811 οὐκ
488 1758 588 1829 ἤδη
653 1757 847 1829 ἀτίμος
875 1761 903 1812 6
926 1760 1123 1829 γάμος,
1157 1758 1349 1828 ὥσπερ
1381 1759 1505 1811 οὐδὲ
1531 1758 1721 1829 ἐπειδὴ
1743 1759 1771 1810 6

1884 606 2047 657 quam
2079 606 2205 644 vera
2240 591 2436 645 docere
2461 592 2745 644 simulant.

1952 680 2019 732 Et
2078 683 2427 735 cauteriatam
2477 682 2781 735 habentium
2845 695 2997 734 suam
3046 682 3436 745 conscientiam,

1878 771 2261 838 prohibentium
2292 773 2503 825 nubere.
2539 771 2648 826 lloc
2688 781 2795 835 est,
2826 787 3003 841 pravae
3036 782 3160 825 sunt
3187 773 3306 826 vitae
3342 791 3355 826 :
3386 784 3440 828 et

1879 866 2005 932 quia
2035 863 2241 919 conscii
2271 864 2374 917 sibi
2405 869 2531 917 slmt
2570 862 2749 916 multa:
2775 864 3128 931 impuritatis,
3157 872 3437 932 propterea

1880 955 2212 1010 conscientia
2258 969 2446 1007 eorum
2493 953 2808 1007 indelebiles
2837 960 3014 1008 'notas
3055 954 3288 1008 sordidae
3317 955 3440 1012 vitzr

1881 1044 2091 1097 inustas
2118 1042 2299 1105 habet,
2327 1051 2488 1110 atque
2510 1041 2643 1095 adeo
2659 1043 2872 1109 nuptias
2896 1042 3280 1096 calumniatur.
3307 1042 3438 1098 Nam

1879 1135 1922 1189 si
1958 1151 2087 1204 pura
2115 1141 2258 1189 esset
2283 1134 2521 1203 ipsorum
2550 1134 2681 1195 vita,
2709 1133 3038 1187 conscientia
3062 1133 3220 1187 simul
3245 1133 3442 1200 munda

1882 1225 2096 1286 fuisset,
2158 1237 2259 1278 nec
2314 1222 2604 1276 criminata
2654 1230 2801 1275 esset
2859 1221 3059 1289 quibus
3092 1219 3232 1274 Deus
3273 1221 3439 1276 bene-

1879 1319 2016 1370 dixit
2049 1334 2061 1369 :
2101 1314 2554 1383 quemadmodum
2583 1313 2673 1381 qui
2705 1313 2988 1366 stomacho
3011 1311 3256 1392 laborat,
3285 1311 3442 1365 cibos

1879 1410 2246 1480 reprehendit,
2296 1423 2418 1461 cum
2478 1408 2594 1477 ipse
2640 1409 2787 1460 intus
2832 1406 2884 1458 in
2916 1408 3094 1479 seipse
3146 1406 3326 1472 pravis
3369 1403 3441 1459 sit

1877 1499 2222 1555 humoribus-
2257 1496 2510 1554 infectus.
2566 1496 2704 1561 Quid
2761 1494 2962 1562 igitur?
3007 1492 3195 1547 Nonne.
3249 1502 3302 1546 et
3343 1507 3444 1556 nos

1875 1586 2280 1641 matrimonium
2331 1585 2728 1654 prohibemus?
2760 1581 3222 1652 Haudquaquam;
3285 1590 3445 1638 carto-

1874 1693 1992 1731 rum
2019 1691 2114 1731 eos
2145 1677 2235 1745 qui
2270 1677 2475 1730 nubere
2505 1675 2717 1742 nolu‘nt,
2746 1674 2811 1728 ad
2835 1674 3203 1744 Virginitatem
3239 1675 3444 1728 aditur--

1877 1782 2096 1825 tamur.:
2132 1771 2449 1825 honoratior
2476 1772 2618 1824 enim
2660 1777 2745 1825 est
2788 1769 2888 1824 ista
2922 1787 2934 1822 :
2973 1777 3210 1821 attamen
3243 1769 3445 1836 nuptias

191 1850 400 1920 χρυσὸς
432 1848 770 1920 τιμιώτερος,
804 1852 999 1920 ἄτιμος
1030 1851 1058 1903 6
1119 1851 1377 1920 ἄργυρος.
1406 1849 1480 1902 Τδ
1543 1850 1651 1920 γὰρ
1687 1867 1769 1902 τι.⁹

1877 1861 2089 1914 interim
2130 1874 2237 1913 nou
2278 1867 2409 1914 sunt
2445 1860 2711 1928 inglorius,
2762 1856 3220 1928 quemadmodum
3265 1872 3443 1926 neque

192 1939 493 2009 μιὼτερον,
563 1941 745 2010 τιμίου
773 1940 1096 2012 τιμιώτερόν
1130 1943 1244 1993 ἐστι
1272 1940 1406 2013 ’καὶ
1428 1941 1489 1994 τὸ
1533 1941 1770 2004 κάλλιον,

189 2025 367 2083 καλοῦ
427 2031 662 2094 κάλλιον,
711 2032 830 2102 οὐχὶ
891 2028 1081 2087 κακοῦ.
1122 2032 1179 2083 Ὀ
1208 2031 1307 2108 μὲν
1334 2028 1426 2086 οὖν
1459 2032 1774 2101 δυνάμενος,

187 2120 367 2190 ἐχέτω
423 2121 514 2174 τὸν
571 2125 669 2189 τῆς
695 2121 988 2192 παρθενίας
1017 2123 1246 2193 χρυσόνο
1281 2124 1331 2176 εί·
1356 2122 1412 2176 δὲ
1440 2125 1514 2194 μὴ
1536 2125 1773 2195 δύναιτο,

186 2207 283 2261 τὸν
304 2209 401 2261 τοῦ
432 2210 605 2280 γάμου
635 2210 872 2280 ἄργυρον
896 2211 1258 2281 ἀναδεχέσθω.

273 2473 619 2544 Ἇπέχεσθαι
675 2477 1024 2545 βρωμάτων,
1058 2475 1097 2531 d
1136 2480 1169 2531 ό
1210 2479 1352 2543 Θεὸς
1419 2478 1660 2532 ἔκτισεν·
1687 2480 1768 2543 είς

181 2567 533 2636 μετάληψιν
553 2570 598 2602 ⁸⁸
629 2569 751 2634 τοῖς
779 2570 1038 2635 πιστοῖς.
1073 2569 1186 2622 Οὐκ
1219 2570 1422 2636 ὀφείλει
1453 2571 1560 2623 ἀπὸ
1592 2571 1770 2623 κοινοῦ
1807 2577 1812 2581 ’

192 2659 386 2711 λαϐεῖν
415 2660 493 2722 τὸ,
519 2661 894 2724 κωλυόντων,
924 2661 1039 2712 ἀλλ’
1066 2660 1264 2724 ἔξωθεν
1314 2661 1632 2728 προσθεῖναι
1687 2663 1767 2723 τὸ,

184 2750 729 2817 συμϐουλευόντων
782 2751 1112 2819 ἀπέχεσθαι
1143 2750 1501 2819 βρωμάτων.
1561 2752 1625 2804 Τί
1673 2751 1768 2817 se;

183 2841 305 2903 τοῖς
363 2839 610 2902 ἀπίστοις
652 2841 750 2892 οὐκ
797 2839 978 2892 ἔκτισε
1029 2839 1201 2892 ταῦτα
1254 2840 1435 2901 όΘεός
1465 2856 1480 2903 ;
1509 2840 1619 2902 ναὶ,
1653 2838 1769 2892 ἀλλ’

185 2931 345 2984 αὐτοὶ
379 2932 604 2995 ἑαυτοὺς
649 2929 992 3003 ἀπείργουσι.
1053 2933 1118 2984 Ti
1145 2927 1240 2984 οὖν
1266 2949 1280 2996 ;
1312 2932 1372 2984 οὐ
1403 2929 1709 2984 κεκώλυται
1735 2933 1769 3003 ἡ

182 3023 412 3091 τρυφή;
454 3026 546 3074 καί
592 3023 792 3092 σφόδρα
825 3041 836 3052 ·
879 3023 994 3076 ἀλλ’
1031 3023 1127 3092 οὐχ
1154 3024 1186 3091 ἡ
1218 3021 1533 3091 μετάληψις.
1571 3022 1637 3073 'H
1674 3021 1771 3091 μὲν

185 3113 298 3181 γὰρ
362 3114 659 3183 μετάληψις
710 3115 807 3183 τὴν
886 3116 1229 3183 συμμετρίαν
1259 3115 1447 3184 ἔχει,ἡ
1490 3115 1548 3168 δὲ
1595 3113 1772 3184 τρυφὴ

183 3204 286 3274 τὴν
332 3205 599 3274 ἀμετρίαν
628 3207 694 3260 ³⁸.
735 3206 893 3260 Ἀλλά
937 3209 1030 3260 καὶ
1059 3209 1194 3276 αὐτῇ
1229 3209 1259 3275 ἡ
1324 3207 1499 3277 τρυφὴ
1547 3208 1644 3276 οὐχ
1695 3208 1771 3270 ὡς

183 3296 496 3365 ἀκάθαρτος
549 3298 868 3364 κεκώλυται,
923 3300 1035 3352 ἀλλ’
1091 3299 1165 3359 ὡς
1213 3298 1476 3351 ἐκλύουσα
1526 3299 1612 3349 διὰ
1677 3300 1768 3367 τῆς

183 3388 455 3458 ἀμετρίας
485 3389 581 3458 τὴν
601 3389 796 3459 ψυχήν.
1257 3445 1262 3451 _

258 3484 368 3535 Kal
390 3482 754 3550 ἐπεγνωκόσι
783 3480 1214 3548 τὴνάλνιῖθειαν.
1242 3484 1303 3534 Ἀ
1314 3501 1382 3552 ρα
1404 3486 1472 3537 τὰ
1499 3485 1765 3541 Ἰουδαϊκὰ

182 3569 360 3632 τύπος
389 3567 478 3640 ἦν·
514 3573 608 3622 νῦν
649 3571 778 3640 γὰρ,
812 3573 845 3641 ἡ
903 3572 1150 3642 ἀλήθεια.
1222 3575 1552 3630 Ἐκωλύοντο
1606 3565 1662 3631 δὲ
1712 3581 1761 3631 οί

197 3660 442 3714 Ἰουδαῖοι
471 3663 516 3694 ³⁸
543 3663 649 3715 τῶν
673 3662 904 3726 πολλῶν,
926 3663 1021 3733 οὐχ
1068 3665 1146 3728 ὡς
1209 3667 1558 3738 ἀκαθάρτων,
1625 3670 1761 3723 ἀλλά

184 3755 276 3806 ἵνα
345 3753 439 3806 τοῦ
488 3756 699 3825 τρυφᾷν
746 3755 1101 3825 ὲπισχεθῶσι,
1163 3760 1254 3809 καὶ
1336 3760 1423 3811 ἵνα
1500 3777 1761 3830 στενοχω-

188 3844 450 3912 ρηθέντες
492 3846 596 3897 ἀπὸ
650 3845 756 3898 τῶν
789 3847 1020 3906 πολλῶν.
1087 3850 1180 3899 καὶ
1251 3850 1572 3913 σφάττοντες
1628 3851 1756 3918 βόας

184 3937 286 3988 καὶ
331 3935 599 4005 πρόϐατα,
647 3937 911 4003 ὲπιγνῶσι
972 3936 1123 3998 τίνεις
1165 3938 1317 4000 θεοὺς
1361 3939 1660 4008 ἐκτήσαντο
1709 3942 1756 3974 ³³

174 4028 234 4079 ὀἱ
291 4027 594 4092 Αἰγύπτιοι.
660 4027 940 4096 Ἀλήθειαν
988 4023 1102 4090 οὖν,
1166 4027 1325 4096 ῆτὴν
1389 4031 1468 4091 εἰς
1515 4032 1749 4100 Χριστὸν

186 4115 376 4170 πίστιν
426 4121 675 4186 νοήσεις·
723 4119 761 4188 ἢ,
820 4117 1030 4178 ἁπλῶς,
1086 4121 1197 4180 τοῖς
1252 4122 1592 4183 ἐπεγνωκόσι
1641 4124 1754 4193 τὴν

185 4204 446 4270 ἀλήθειαν
471 4213 491 4236 ὀ
545 4207 703 4259 ποίαν
752 4206 846 4258 καὶ
872 4208 1032 4268 εὐθὺς
1056 4208 1271 4276 ἐπάγει.

260 4296 384 4348 Ὅτι
402 4295 524 4350 πᾶν
556 4299 774 4364 κτίσμα
799 4298 946 4350 Θεοῦ
967 4301 1174 4352 καλόν,
1203 4302 1382 4354 Πάντα
1397 4302 1532 4373 -γάρ,
1593 4306 1746 4372 φησι,

186 4385 332 4437 καλὲ
361 4387 501 4439 λίαν.
528 4385 707 4438 Εἰπὼν
731 4387 807 4444 δὲ.
833 4387 1052 4455 κτίσμα
1081 4390 1251 4451 Θεοῦ,
1285 4393 1412 4461 περὶ
1461 4395 1569 4446 τῶν
1617 4397 1748 4449 ἐδω-

1877 1961 2158 2020 argeutum
2191 1950 2390 2004 nullius
2419 1958 2502 2004 est
2529 1949 2713 2019 pretii,
2761 1951 2886 2018 quia
2918 1963 3108 2002 aurum
3147 1947 3441 2016 pretiosius

1875 2049 1980 2094 est.
2029 2040 2159 2094 Nam
2196 2040 2340 2108 quod
2379 2040 2674 2108 pretiosius
2728 2049 2834 2105 est,
2863 2039 3103 2107 pretioso
3145 2037 3441 2107 pretiosius

1875 2140 2002 2185 est:
2063 2141 2118 2186 et
2159 2130 2302 2199 quod
2353 2132 2547 2185 melius
2589 2139 2694 2194 est,
2729 2131 2872 2185 bono
2923 2131 3117 2184 melius
3167 2137 3270 2190 est,
3332 2144 3440 2184 non

1873 2222 2036 2275 malo.
2072 2223 2173 2288 Qui
2199 2237 2327 2292 ergo
2346 2231 2540 2290 potest,
2573 2222 2903 2291 virginitatis
2935 2235 3125 2274 aurum
3159 2221 3390 2273 retineat
3421 2232 3436 2269 .-

1873 2313 1916 2364 si
1973 2300 2098 2366 vero
2165 2329 2271 2364 non
2349 2313 2564 2382 possit,
2622 2313 2949 2366 matrimOnii
3016 2321 3298 2380 argentum
3341 2323 3432 2363 τεο

1871 2402 2054 2470 cipiat.
2124 2392 2129 2398 ’

1947 2492 2117 2545 Vens.
2151 2493 2205 2546 5.
2252 2491 2523 2546 Abstinere
2555 2509 2586 2544 a
2615 2491 2769 2553 cibis,
2800 2508 2929 2559 quos
2965 2490 3102 2544 Deus
3144 2491 3336 2543 creavit
3370 2492 3437 2543 ad

1872 2585 2258 2654 percipiendum
2301 2601 2420 2638 cum
2447 2586 2741 2654 gratiarum
2785 2584 2988 2635 actione
3019 2581 3281 2649 ﬁdelibus.
3317 2581 3436 2636 Non

1872 2676 2042 2729 debes
2083 2675 2172 2728 hic
2201 2685 2468 2744 repetere,
2505 2675 2912 2742 prohibentium,
2956 2671 3050 2725 sed
3092 2670 3306 2724 aliunde
3339 2672 3434 2723 ad-

1871 2768 2022 2829 dere,
2066 2767 2452 2820 consulentium
2510 2764 2783 2819 abstinere
2828 2779 2858 2816 a
2894 2762 3048 2815 cibis.
3092 2761 3230 2826 Quid
3273 2760 3440 2816 vero?

1878 2875 2057 2912 nonne
2103 2869 2157 2911 et
2199 2857 2508 2910 inﬁdi-libus
2545 2857 2686 2909 Deus
2717 2856 2870 2909 cibos
2912 2853 3150 2908 creavit?
3183 2851 3296 2916 Nae,
3339 2853 3434 2909 sed

1876 2949 1977 3016 ipsi
2029 2948 2240 3018 seipsos
2291 2949 2558 3002 inhibent.
2591 2946 2728 3012 Quid
2772 2946 2972 3016 igitur?
3007 2961 3186 3000 nonne
3228 2945 3437 3001 delicia:

1876 3049 2001 3095 sunt
2031 3040 2351 3112 prohibita?
2381 3039 2634 3102 Omnino,
2670 3037 2765 3092 sed
2795 3052 2900 3091 non
2927 3036 3042 3105 ipsa
3075 3034 3434 3105 partit-ipatio.

1847 3132 1850 3136 ’
1879 3134 2008 3187 Nam
2038 3132 2380 3202 participatio
2404 3131 2830 3186 mediocritatem
2864 3127 3040 3190 habet,
3075 3127 3281 3182 deliciae
3308 3143 3440 3182 vero

1879 3222 2409 3276 immoderationem.
2447 3220 2766 3287 Quinetiam
2803 3217 3177 3287 ipstedeliciae,
3207 3233 3312 3271 non
3346 3233 3435 3271 ve-

1875 3312 1971 3363 luti
1998 3311 2291 3363 immundae
2319 3317 2447 3363 sunt
2479 3309 2783 3378 prohibita,
2809 3322 2995 3360 verum
3027 3305 3170 3375 quod
3198 3307 3434 3359 animum

1873 3415 1967 3468 per
1993 3400 2418 3455 immoderatum
2459 3413 2618 3452 usum
2653 3397 2970 3452 dissolvunt.

1946 3490 2010 3543 Et
2035 3492 2099 3544 iis
2123 3492 2210 3560 qui
2237 3498 2584 3560 cognoverunt
2616 3491 2902 3543 ceritatem.
2935 3485 3153 3541 Iudaica
3177 3485 3341 3556 igitur
3373 3487 3434 3540 ii-

1869 3596 2002 3649 gura
2033 3588 2226 3637 erant:
2257 3595 2401 3634 nunc
2431 3579 2577 3634 enim
2611 3579 2815 3634 veritas
2861 3588 3071 3647 regnat.
3101 3577 3438 3631 Vetabantur

1870 3679 2049 3723 autem
2083 3669 2286 3724 Iudaeis
2315 3669 2481 3723 multa
2499 3670 2571 3734 ",
2610 3684 2715 3722 non
2761 3668 2904 3738 quod
2930 3667 3205 3721 immunda
3229 3674 3433 3726 essent.

1869 3775 2053 3812 verum
2086 3769 2142 3812 ut
2187 3775 2216 3812 a
2269 3760 2394 3814 luxu
2443 3759 2828 3813 cohiberentur
2864 3797 2878 3822 ,
2932 3763 3098 3824 utque
3153 3770 3184 3808 a
3251 3756 3436 3809 multis

1869 3851 2033 3904 rebus
2093 3851 2340 3912 coerciti,
2403 3858 2456 3902 et
2512 3850 2677 3903 boves
2728 3861 2781 3902 et
2827 3847 3064 3916 pecudes
3111 3852 3432 3906 mactantes,

1864 3949 2224 4007 agnoscerent
2247 3941 2564 4007 qualesnam
2600 3939 2731 3992 deos
2766 3938 3018 3991 fecissent
3051 3936 3309 4005 Egyptii.
3336 3935 3436 3988 Per

1865 4029 2148 4082 veritatem
2186 4029 2376 4096 igitur,
2409 4035 2505 4081 aut
2541 4027 2698 4082 [idem
2727 4027 2781 4079 in
2829 4026 3107 4080 Christum
3140 4026 3430 4093 intelliges,

1864 4117 2024 4188 572
2057 4117 2148 4174 vel
2181 4119 2524 4187 simpliciter,
2575 4118 2640 4173 iis
2681 4119 2774 4189 qui
2824 4127 3197 4187 cognoverunt
3226 4119 3426 4170 verita-

1858 4216 1964 4262 tem
1999 4225 2014 4262 :
2043 4208 2224 4277 qualis
2248 4217 2427 4261 autem
2453 4210 2521 4261 sit
2553 4209 2680 4266 ista.
2716 4207 2902 4261 statim
2937 4205 3123 4260 infert.

1876 4308 1879 4310 ’
1947 4297 2110 4353 Vens.
2159 4299 2215 4354 4.
2283 4299 2437 4364 Quod
2491 4301 2658 4351 omnis
2713 4308 2956 4351 creatura
3007 4280 3428 4349 Dei-bona/eat.

1857 4390 2049 4442 Omnia
2096 4389 2263 4452 enim,
2302 4390 2498 4457 inquit,
2549 4387 2704 4445 valde
2754 4389 2894 4441 bona
2953 4393 3109 4438 erant
3129 4386 3196 4441 ".
3236 4384 3432 4439 Diceus

184 4475 360 4540 δίμων
386 4475 688 4544 βρωμάτων
714 4476 968 4528 ἁπάντων
1005 4479 1243 4548 ᾐνίξατο.
1267 4483 1376 4534 Καὶ
1407 4483 1506 4552 ήδη
1538 4501 1746 4554 προκα-
1783 4510 1798 4563 ι

1870 4489 2064 4542 autem,
2112 4487 2359 4530 creatura
2391 4477 2508 4540 Dei,
2551 4478 2619 4531 de
2656 4475 2911 4530 omnibus
2953 4476 3251 4530 esculentis
3287 4477 3428 4528 clam

184 4565 373 4634 τασπᾷ
392 4563 491 4633 τὴν
527 4564 735 4632 αἵρεσιν
784 4566 892 4618 τῶν
923 4567 1022 4636 τὴν
1086 4569 1378 4640 ἀγέννητον
1422 4572 1552 4642 ὓλην
1629 4576 1747 4627 ela-

186 4655 455 4719 αγόντων,
516 4655 611 4707 καὶ
637 4654 850 4721 ἐκείνης
878 4657 1049 4710 ταῦτα
1072 4657 1338 4713 λεγόντων
1367 4659 1525 4716 εἶναι.

259 4827 368 4880 Καὶ
399 4825 578 4880 οὐδὲν
621 4829 985 4897 ἁηπόὸἶίητον,
1015 4831 1164 4897 μετὰ
1197 4835 1580 4900 εὐχαριστίας
1594 4840 1748 4904 λαμ-

1841 4567 2068 4638 ,Ιοευῑιιε
2088 4577 2191 4621 εει.
2218 4566 2449 4635 Jamque
2481 4568 2569 4620 hic
2603 4566 2796 4621 refellit
2825 4582 3014 4620 eorum
3053 4567 3282 4620 haeresin
3317 4567 3408 4634 qui

1855 4659 2139 4712 materiam
2193 4674 2301 4712 non
2355 4661 2619 4730 genitam,
2655 4675 2716 4713 ac
2751 4660 2903 4714 cibos
2951 4675 3016 4714 ex
3046 4673 3108 4713 ea
3140 4657 3425 4726 provenire

1843 4760 2114 4804 asserunt.

1927 4838 2088 4893 Vens.
2124 4838 2176 4902 4,
2211 4839 2264 4892 5.
2317 4838 2384 4892 Et
2420 4839 2552 4892 nihil
2595 4850 2671 4891 est
2720 4837 3077 4904 reficiendum,
3123 4835 3261 4903 quod
3305 4852 3422 4888 cum

189 4917 523 4985 ϐαινόμενον
549 4935 562 4947 ⁸
612 4919 901 4986 ἁγιάζεται
961 4923 1071 4988 γὰρ
1109 4922 1414 4990 διάλόγου
1457 4928 1604 4980 Θεοῦ
1651 4930 1749 4982 καὶ

1870 4931 2150 4989 ιι-ιιιίιιιιιηι
2182 4933 2388 4982 actione
2416 4930 2739 4996 percipitur:
2771 4928 3139 4994 sanctiﬁcatur
3181 4927 3313 4979 enim
3333 4942 3423 4994 per

187 5007 534 5073 ἐντεύξεως.
563 5010 772 5063 Οὐκοῦν
797 5013 843 5063 εί
869 5013 1175 5078 ἀγιάῇται.
1229 5016 1536 5084 ἀκάθαρτον
1568 5018 1752 5073 λοιπόν

191 5097 337 5148 ἐστιν
364 5115 379 5162 ;
410 5099 565 5168 Οὐχὶ,
594 5101 730 5152 ἀλλά
752 5101 890 5153 κατὰ
925 5091 1270 5180 συγχωρησιν
1311 5106 1467 5161 τοῦτο
1517 5110 1747 5179 τίθησιν.

197 5186 421 5257 Πρῶτον
461 5190 560 5257 μὲν
594 5195 701 5262 γὰρ
751 5192 892 5245 κατά
941 5193 1191 5248 ἐνστασίν
1240 5215 1424 5267 φησιν,
1480 5202 1561 5253 ὅτι
1603 5203 1754 5255 οὐδὲν

194 5275 523 5346 ἀκάθαρτον,
553 5281 742 5335 ἔπειτα
773 5284 908 5336 κατά
937 5285 1306 5356 συγχώρησιν,
1339 5290 1548 5359 Δῶμεν,
1569 5293 1753 5359 φησὶν,

197 5366 278 5420 ὅτι
322 5368 527 5434 γίνεταί
553 5389 602 5423 τι
628 5373 953 5444 ἀκάθαρτον
982 5375 1094 5429 ἀλλ’
1132 5379 1273 5449 ἔχεις
1322 5381 1418 5452 τὴν
1474 5383 1715 5453 ἰατρείαν
1738 5400 1752 5413 °

267 5523 318 5554 "
347 5520 516 5579 Levit.
545 5540 622 5592 xi,
653 5527 688 5581 2
722 5543 880 5599 seqq.
951 5531 996 5562 "
1039 5531 1176 5588 Gen.
1209 5552 1247 5602 ι,
1272 5538 1361 5592 51.

1861 5017 2071 5071 verbum
2106 5016 2201 5069 Dei
2244 5026 2294 5070 et
2339 5019 2652 5070 orationem.
2700 5017 2914 5084 Ergone
2947 5017 2993 5070 si
3026 5016 3421 5076 sanctilicatur,

1862 5107 2202 5178 immpudum
2229 5108 2353 5160 est?
2386 5107 2628 5172 Minime,
2661 5123 2844 5161 verum
2887 5122 2980 5176 per
3013 5105 3419 5158 concessionem

1861 5200 1966 5252 hoc
1997 5199 2172 5266 ponit.
2202 5196 2332 5250 Nam
2366 5200 2598 5267 primum
2626 5214 2720 5266 per
2757 5195 3066 5249 instantiam
3103 5196 3255 5260 dicit,
3287 5195 3422 5250 nihil

1859 5305 1982 5344 esse
2007 5273 2345 5341 immundum
2374 5306 2387 5341 :
2419 5289 2612 5341 deinde
2634 5301 2724 5355 per
2743 5287 3174 5347 concessionem,
3200 5284 3417 5347 Demus,

1859 5382 2057 5452 inquit,
2111 5384 2256 5450 quod
2317 5379 2574 5450 quiddam
2611 5379 2680 5431 sit
2714 5376 3052 5432 immundum
3079 5394 3094 5442 ;
3121 5377 3214 5430 sed
3251 5375 3418 5429 habes

1521 5651 1721 5712 Varite
1743 5649 2071 5714 lectiones.

269 5741 325 5773 ν’
347 5743 636 5816 μετάληψιν
671 5745 808 5813 μετά
845 5745 1192 5815 εὐχαριστίας
1227 5765 1296 5803 m.

1376 5751 1416 5783 "
1451 5750 1724 5822 ἁμαρτίαν
1755 5770 1806 5807 ο.
1883 5753 1926 5784 ³²
1957 5751 2223 5804 Ἰουδαίων
2257 5750 2434 5822 πλήθη
2460 5732 2528 5808 ο..
2591 5753 2635 5785 ³⁸
2661 5749 2920 5821 ἐποίησαν
2941 5763 2996 5806 o.
