4060 6326
607 296 679 367 55
1521 313 2089 374 TIIEUPHYLACTI
2129 312 2327 375 BULG
2337 313 2540 373 ARI/E
2571 313 2932 377 ARCHIEP.
3763 319 3840 386 56

604 405 929 497 medicinam
971 439 983 476 :
1019 422 1196 491 signa,
1225 422 1430 491 gratias
1446 436 1561 492 age.
1589 423 1830 492 gloriﬁca
1878 423 2068 488 Deum,
2105 438 2167 476 ac

2276 422 2591 491 σφράγισον,
2627 422 3044 492 εὐχαρίστησον,
3090 423 3314 490 δόξασόν
3381 425 3472 479 τὸν
3533 425 3689 493 Θεὸν,
3743 431 3842 483 καὶ

606 511 786 567 deﬁcit
809 510 1169 564 immunditia.
1196 509 1327 563 Nam
1345 511 1636 580 gratiarum
1663 512 1804 564 actio
1823 521 2016 564 cuncta
2038 527 2172 579 p_ur-

606 611 736 672 gat:
766 601 857 670 qui
888 615 1016 655 vero
1051 602 1299 670 ingratus
1334 609 1436 663 est,
1474 601 1592 670 ipse
1643 607 1728 656 est
1776 600 2091 656 immundus
2118 610 2175 656 et

609 693 876 761 pollutus.
918 693 1055 746 Nutu
1092 696 1259 762 igitur
1304 694 1449 763 quod
1488 694 1646 749 idolis
1684 702 1768 748 est
1811 695 2170 759 immolatum,

611 785 756 857 hunc
790 787 844 838 in
881 786 1097 839 modum
1132 784 1395 840 mundare
1416 785 1749 856 possumus?
1778 785 2097 850 Possumus,
2126 785 2173 840 si

607 870 927 949 ignoremus
995 877 1352 947 idolotltytum
1415 893 1559 932 esse.
1615 879 1672 931 Si
1741 892 1870 932 vero
1936 877 2173 932 scientes

605 966 1025 1033 sumpserimus,
1055 967 1319 1020 immundi
1355 983 1566 1031 smnus,
1609 981 1715 1021 uOu
1742 970 1868 1036 quia
1900 968 2028 1020 illud
2057 968 2174 1021 ido-

602 1055 868 1127 lothytum
891 1057 982 1119 sit,
1009 1059 1102 1112 sed
1127 1058 1255 1126 quia
1288 1074 1386 1112 nos
1407 1058 1575 1127 legem
1604 1059 1933 1127 transgressi
1959 1073 2170 1122 sumus,

607 1149 1009 1217 precipientem
1043 1164 1151 1202 non
1190 1148 1700 1204 communicandum
1746 1164 1945 1204 mensa:
1972 1149 2176 1203 dtemo.

603 1238 842 1294 niorum.
872 1239 1136 1297 Voluntas
1163 1243 1344 1312 itaque
1367 1249 1460 1296 tua
1483 1241 1832 1311 coinquinata
1863 1249 1968 1307 est,
1988 1251 2172 1314 utpote

605 1333 735 1401 quia
780 1349 888 1386 non
917 1334 1340 1405 obtemperasti;
1369 1350 1477 1390 non
1499 1335 1656 1390 cibus
1687 1344 1883 1390 natura
1922 1335 2022 1390 fuit
2057 1336 2172 1406 pob-

606 1422 776 1477 lutus.

675 1513 843 1570 Vsus.
875 1515 927 1569 6.
967 1513 1091 1569 Ha'c
1118 1532 1411 1585 proponens
1450 1517 1729 1586 fratribus,
1760 1519 1922 1573 bonus
1946 1520 2050 1572 eris
2072 1519 2172 1571 mi-

607 1607 769 1660 nister
796 1604 925 1660 Jesu
951 1606 1168 1662 Christi.
1203 1607 1347 1673 Haec,
1379 1608 1605 1677 qualia?
1640 1609 1798 1674 Quod
1849 1612 2170 1680 mysterium

608 1715 866 1767 magnum
899 1707 1002 1764 est,
1031 1709 1084 1754 et
1122 1700 1266 1769 quod
1311 1700 1391 1754 sic
1441 1701 1714 1757 abstinere
1744 1717 1773 1755 a
1813 1703 1947 1757 cibis
1988 1712 2038 1756 et
2067 1718 2167 1756 nu-

605 1789 754 1856 ptiis,
777 1788 1026 1843 doctrina
1059 1789 1454 1843 dazmouiorum
1477 1798 1581 1855 est,
1614 1799 1670 1844 et
1694 1791 1798 1844 alia
1827 1807 2164 1862 quacunque

602 1881 872 1948 praedixit.
929 1879 1067 1944 Quid
1101 1890 1280 1934 autem
1315 1889 1419 1945 est,
1451 1883 1782 1950 proponens?
1807 1884 1936 1946 Pro,
1968 1898 2167 1938 consu-

605 1969 748 2023 lens.
781 1969 897 2022 Non
939 1970 1096 2033 dixit,
1131 1969 1482 2039 Praecipiens,
1523 1985 1866 2040 nequaquam
1900 1974 2047 2027 enim
2076 1973 2166 2027 hic

603 2069 691 2115 est
712 2061 1032 2114 auctoritas.

676 2149 957 2204 Euutritus
984 2153 1149 2204 verbis
1182 2152 1306 2220 ﬁdei
1324 2160 1375 2205 et
1405 2151 1660 2207 doctrinm
1693 2154 1859 2220 Donat,
1886 2171 2042 2224 quam
2078 2171 2168 2208 as-

605 2253 814 2297 secutus
856 2260 930 2296 es.
968 2242 1141 2312 Supra
1176 2243 1312 2298 dixit
1345 2263 1359 2299 :
1396 2243 1519 2298 Haec
1549 2245 1673 2299 aliis
1721 2262 1963 2317 propone
1995 2261 2009 2300 :
2053 2248 2164 2315 jam

607 2347 737 2386 vero
768 2334 844 2387 ait
874 2353 886 2387 :
919 2332 1000 2388 Tu
1031 2334 1146 2403 ipse
1177 2335 1339 2389 etiam
1381 2335 1709 2398 innutritus,
1737 2337 1841 2390 hoc
1857 2345 1960 2401 est,
1987 2338 2167 2391 couti-

604 2441 719 2481 nuo
753 2434 806 2482 et
845 2427 1032 2481 sedulo
1073 2428 1260 2482 eadem
1293 2443 1523 2484 versans
1551 2429 1757 2495 animo,
1792 2440 1847 2485 et
1878 2432 2040 2485 veluti
2072 2448 2167 2485 ru-

607 2516 847 2571 minans.
877 2517 1260 2572 lncessabilem
1284 2519 1429 2573 enim
1464 2519 1529 2572 ad
1559 2520 1676 2575 haec
1704 2526 2060 2577 attentionem
2085 2523 2169 2577 in-

605 2604 820 2670 dicaus,
869 2607 1023 2671 dixit,
1061 2601 1342 2662 enutritus.
1366 2608 1602 2664 Perinde
1639 2611 1784 2666 enim
1827 2621 1886 2666 ut
1923 2611 2169 2683 corporis

609 2696 922 2750 alimentum
977 2714 1188 2765 semper
1233 2700 1543 2754 sumimus:
1577 2701 1657 2755 sic
1698 2701 1818 2755 ﬁdei
1870 2703 2170 2757 rationibus

609 2797 669 2843 et
693 2788 1041 2846 sermonibus
1068 2804 1286 2859 semper
1314 2807 1416 2845 nos
1447 2801 1663 2861 oportet
1687 2793 1968 2847 innutriri.

679 2962 843 3018 Vnus.
889 2966 949 3018 7.’
991 2965 1200 3034 lueptas
1233 2977 1406 3019 autent
1440 2977 1487 3021 et
1524 2969 1690 3024 aniles
1726 2970 1939 3040 fabulas
1974 2971 2168 3026 devita.

2275 515 2571 568 ἀποπίπτει
2625 513 3010 584 ήὰκαθαρσία.
3084 514 3149 567 Ἥ
3214 516 3310 584 μὲν
3363 517 3471 588 γὰρ
3525 519 3845 588 εὐχαριστία

2274 603 2449 656 πάντα
2474 603 2783 674 καθαρίζει.
2824 602 2884 655 '0
2912 605 3208 674 ἀχάριστος
3238 605 3297 658 δὲ
3362 608 3458 659 καὶ
3491 607 3652 670 αὐτὸς
3705 609 3846 661 ἀκά-

2275 695 2469 766 θαρτος
2516 696 2611 748 καὶ
2640 695 2857 767 μιαρός.
2921 692 3067 766 τΑρςι
3119 693 3212 752 οὖν
3246 698 3340 752 παλ⁵
3391 697 3845 752 τδέίδωλόθυτον

2275 786 2418 838 οὕτω
2444 785 2725 855 δυνάμεθα
2762 787 3092 858 καθαίρεινς
3146 788 3274 852 Ναὶ,
3337 791 3434 842 ἑὶν
3494 789 3567 859 μὴ
3609 790 3845 857 εἰδῶμεν

2273 877 2356 929 ὅτι
2377 875 2724 930 εἰδωλόθυτόν
2751 879 2898 932 ἐστιν
2919 895 2934 910 ⁸
2969 879 3065 932 ἐὰν
3085 879 3141 931 δὲ
3170 879 3393 946 γνόντες
3420 880 3839 949 μεταλάϐωμεν,

2274 966 2572 1037 ἅκάθαρτοί
2598 970 2786 1037 ἐσμεν,
2816 970 2913 1040 οὐχ
2941 970 3024 1023 ὅτι
3081 971 3259 1023 ἐκεῖνο
3291 970 3639 1022 εἰδωλόθυτόν
3668 975 3842 1034 ἐστιν,

2273 1057 2387 1112 ἀλλ’
2417 1059 2498 1111 ὅτι
2526 1060 2686 1128 ἡμεῖς
2725 1059 2888 1128 νόμον
2923 1061 3269 1130 παρέϐημεν,
3320 1060 3412 1113 τὸν
3442 1061 3728 1114 κελεύοντα
3764 1062 3844 1131 μὴ

2274 1151 2549 1204 κοινωνεῖν
2581 1150 2857 1220 τραπέζης
2878 1151 3190 1227 δαιμονίων.
3219 1152 3383 1205 Ὥστε
3414 1153 3446 1221 ἡ
3475 1151 3543 1221 σὴ
3583 1151 3846 1220 προαίρε-

2276 1258 2358 1303 σις
2394 1241 2729 1311 μεμόλυνται
2762 1241 2837 1305 ὡς
2879 1243 3344 1312 παρακούσαντοςυ
3377 1243 3439 1296 οὐ
3478 1243 3538 1295 rb
3556 1242 3750 1314 βρῶμα
3771 1239 3843 1313 ἦν

2277 1331 2472 1402 μιαρὸν
2494 1330 2675 1401 φύσει.

2349 1514 2539 1569 Ταῦτα
2567 1515 2991 1588 ὑποτιθέμενος
3037 1513 3160 1580 τοῖς
3205 1514 3511 1583 ἀδελφοῖς,
3559 1514 3845 1579 διάκονος

2273 1603 2602 1674 Eam-dec
2643 1603 2838 1671 Ἰησοῦ
2855 1603 3135 1671 Χριστοῦ.
3165 1603 3370 1667 Ταῦτα,
3407 1606 3572 1670 mia;
3630 1605 3750 1656 Ὀτι
3785 1604 3847 1656 τὸ

2276 1696 2571 1766 μυστήριον
2599 1694 2743 1764 μέγα
2777 1695 2926 1747 ἐστίν
2949 1710 2962 1724 ·
2991 1692 3072 1746 ὅτι
3103 1693 3164 1757 τὸ
3198 1693 3506 1762 ἀπέχεσθαι’
3558 1695 3699 1748 οὕτω
3735 1695 3843 1760 γά-

2275 1805 2376 1857 μου
2401 1787 2494 1840 καὶ
2526 1786 2853 1856 βρωμάτων,
2887 1785 3159 1856 δαιμόνων
3219 1787 3362 1849 ἐστὶ,
3403 1788 3497 1840 καὶ
3554 1786 3654 1838 ὅσα
3705 1787 3846 1840 ἄλλα

2271 1881 2518 1948 προεῖπε.
2547 1878 2612 1930 Τί
2642 1879 2698 1931 δέ
2719 1880 2886 1941 ἐστιν,
2909 1877 3326 1945 ὑποτιθέμενος
3349 1896 3368 1942 ;
3399 1879 3541 1931 ’Λντὶ
3563 1877 3678 1940 τοῦ,
3703 1895 3847 1946 συμ-

2271 1967 2559 2022 ϐουλεύων.
2587 1969 2699 2022 Οὐκ
2733 1964 2905 2034 εἶπεν,
2942 1969 3276 2022 Ἐπιτάττων
3302 1985 3316 1999 ⁸
3347 1966 3578 2038 οὐδαμοῦ
3607 1967 3715 2035 γὰο
3743 1968 3847 2021 αὖ·

2272 2058 2453 2112 Θεντία
2490 2057 2742 2114 ἐνταῦθα.

2353 2153 2813 2222 Ἕντρεςρόμενος
2857 2152 2981 2218 τοῖς
3012 2154 3216 2222 λόγοις
3267 2152 3376 2220 τῆς
3427 2153 3684 2217 πίστεως
3744 2149 3850 2203 και

2271 2245 2380 2313 τῆς
2434 2244 2628 2312 καλῆς
2685 2244 3105 2310 διδασκαλίας,
3189 2237 3228 2315 ᾗ
3281 2244 3848 2312 παρηκολούθηκας.

2273 2331 2563 2408 Εἷπενςδτι
2603 2333 2924 2388 ’Υποτίθεσο
2948 2339 3060 2397 τοῖς
3086 2335 3265 2396 ἄλλοις
3295 2335 3466 2389 ταῦτα
3488 2350 3502 2365 ο
3529 2333 3624 2388 νῦν
3655 2349 3848 2403 φησιν,

2272 2429 2351 2481 ὅτι
2382 2427 2491 2480 Καὶ
2517 2425 2681 2490 αὐτὸς
2719 2425 2783 2478 σὺ
2814 2426 3232 2495 ἐντρεφόμενος,
3271 2424 3542 2486 τουτέστι,
3599 2423 3848 2493 συνεχῶς

2272 2518 2340 2572 τὰ
2370 2516 2509 2571 αὐτὰ
2543 2516 2812 2588 στρέφων,
2857 2516 2948 2570 καὶ
2999 2512 3109 2569 οἷον
3171 2514 3701 2584 ἁναμηρυκώμενος.
3770 2513 3850 2567 Τδ

2273 2614 2380 2683 γὰρ
2401 2612 2744 2665 ἀδιάλειπτον
2773 2610 2870 2678 τῆς
2899 2611 2980 2671 είς
3001 2610 3068 2661 τὰ
3093 2607 3314 2662 τοιαῦτα
3347 2607 3616 2677 προσοχῆς
3639 2604 3844 2676 δηλῶν,

2274 2697 2393 2754 εἷπε
2451 2700 2531 2762 τὸ,
2579 2699 3031 2768 ἐντρεφόμενος.
3065 2699 3276 2769 Ὥσπερ
3307 2697 3414 2768 γὰρ
3443 2696 3542 2766 τὴν
3597 2713 3850 2765 σωματι-

2275 2792 2379 2863 κὴν
2407 2792 2610 2859 τροφὴν
2643 2791 2728 2843 ἀεὶ
2759 2790 3108 2859 λαμϐάνομεν
3131 2805 3145 2819 ο
3171 2788 3313 2842 οὓτω
3332 2789 3424 2842 καὶ
3452 2790 3566 2851 τοῖς
3589 2787 3717 2856 περὶ
3739 2785 3848 2855 τῆς
3895 2859 3902 2863 .

2277 2883 2510 2944 πίστεως
2542 2882 2721 2949 λόγοις
2756 2880 2841 2933 ἀεὶ
2866 2880 2945 2932 δεῖ
2972 2879 3352 2948 ἐντρέφεσθαι.

2370 2971 2520 3037 Τοὺς
2571 2969 2957 3038 δὲβεϐήλους
2987 2970 3080 3021 καὶ
3115 2968 3395 3036 γραώδεις
3427 2967 3654 3036 μύθους
3691 2977 3849 3038 παρέ

610 3053 724 3108 Hoc
754 3063 860 3118 est,
893 3063 1015 3109 tuos
1047 3057 1431 3111 commouel'ac
1465 3073 1654 3112 eorum
1691 3076 1812 3128 quae
1843 3061 1955 3114 dixi
1994 3079 2006 3113 :
2042 3077 2170 3115 con-

2276 3062 2462 3116 αιτοῦ.
2532 3061 2812 3124 Τουτέστι,
2844 3062 2958 3121 τοῖς
2982 3060 3081 3127 μὲν
3117 3063 3228 3120 σοῖς
3263 3059 3516 3128 παραίνει
3561 3057 3598 3110 ἃ.
3630 3051 3788 3108 εἷπον
3827 3070 3845 3085 ο

608 3155 692 3201 tra
720 3161 1010 3216 perversos
1038 3160 1217 3202 autem
1250 3163 1316 3200 ne
1349 3148 1653 3205 descendas
1679 3151 1732 3204 in
1764 3166 1984 3205 arenam
2016 3169 2030 3205 :
2065 3168 2173 3206 non

608 3237 752 3293 enim
785 3246 937 3306 potes
960 3238 1069 3292 illis
1099 3229 1381 3307 prodesse,
1412 3238 1514 3294 nisi
1548 3242 1818 3316 siquando
1851 3244 2171 3297 scandalum

611 3329 1052 3394 subnasceretur,
1099 3329 1265 3382 veluti
1319 3344 1418 3382 nos
1469 3339 1689 3399 propter
1746 3333 2174 3387 imbecillitatem

613 3434 843 3488 pugnam
891 3420 1158 3473 adversus
1201 3419 1351 3487 ipsos
1393 3419 1696 3474 detrectare
1731 3421 2033 3474 videamur.
2075 3421 2176 3475 Fa-

607 3510 766 3565 bulas
793 3519 994 3573 autem,
1028 3509 1286 3564 Judaicas
1308 3510 1723 3564 observationes
1755 3512 1908 3571 dicit,
1939 3513 2019 3564 vel
2046 3514 2174 3580 quia

609 3601 994 3655 commentitize
1039 3611 1187 3667 sunt,
1223 3602 1307 3656 vel
1353 3603 1482 3670 quia
1530 3603 1942 3669 intempestiva.
1981 3602 2173 3671 Cogita

610 3691 754 3746 enim
801 3692 856 3745 in
907 3691 1089 3744 animo
1122 3693 1299 3745 virum
1339 3693 1565 3761 triginta
1599 3693 1757 3762 573
1785 3709 1958 3746 anuos
1987 3704 2172 3745 uatum

611 3781 812 3835 laetere
844 3780 1133 3843 volentem,
1175 3796 1336 3849 quam
1368 3780 1633 3835 ridiculus
1660 3783 1783 3842 erit,
1811 3781 1952 3851 quod
1981 3782 2088 3834 inte
2114 3798 2171 3830 u-

610 3873 816 3942 pestivc
854 3872 956 3928 hoc
1003 3874 1204 3940 faciat?
1244 3874 1433 3927 Aniles
1479 3889 1629 3939 vero,
1679 3874 1823 3942 quod
1882 3871 2176 3940 antiquata:

611 3963 720 4017 sint
766 3981 778 4016 :
828 3963 1068 4031 profana
1133 3973 1310 4018 autem
1365 3973 1418 4016 et
1476 3964 1806 4025 immundte,
1890 3973 2175 4033 propterea

611 4054 757 4123 quod
811 4055 964 4107 {idem
1010 4054 1332 4121 impediant.
1371 4053 1426 4107 lu
1473 4061 1675 4108 metum
1711 4055 1855 4106 enim
1900 4055 2176 4122 conjicere

613 4143 872 4205 animam,
908 4159 1027 4211 qua:
1063 4139 1146 4196 liis
1171 4144 1428 4198 omnibus
1450 4127 1791 4199 ceremoniis
1822 4145 2175 4199 excellentior

612 4232 684 4286 sit
710 4231 871 4294 facta,
910 4232 1315 4284 immundorum
1350 4240 1434 4287 est
1477 4243 1894 4302 praeceptorum.

685 4321 882 4376 Exerce
922 4332 1096 4376 autem
1145 4324 1366 4393 teipsum
1401 4325 1467 4375 ad
1499 4325 1763 4391 pietatem.
1823 4323 1930 4376 Hoc
1961 4333 2066 4386 est,
2102 4325 2168 4377 ad

2277 3153 2412 3222 πρὸς
2439 3152 2494 3204 δὲ
2521 3153 2647 3213 τοὺς
2678 3151 3167 3220 διεστραμμένους,
3214 3149 3349 3218 μηδὲ
3408 3151 3487 3211 εἰς
3532 3145 3848 3216 γυμνασίαν

2275 3244 2550 3313 καταϐῇς·
2578 3243 2638 3295 οὐ
2677 3241 2784 3312 γὰρ
2823 3243 2972 3293 ἐστιν
2997 3239 3192 3302 αὐτοὺς
3227 3239 3523 3308 ὠφελῆσαι,
3577 3236 3714 3305 πλὴν
3763 3235 3849 3287 εί·

2275 3355 2404 3389 ποτε
2440 3335 2729 3390 σκάνδαλον
2759 3333 3053 3403 ἀναφύοιτο
3080 3332 3167 3396 ³³⁸,
3193 3332 3267 3393 ὼς
3285 3332 3353 3384 δι’
3376 3329 3655 3382 ἀσθένειαν
3680 3329 3712 3396 ὴ
3723 3327 3849 3395 μῶν

2276 3427 2728 3495 παραιτουμένων
2793 3409 2892 3495 τὴν
2933 3425 3068 3494 πρὸς
3118 3423 3316 3486 αὐτοὺς
3378 3422 3578 3491 μάχην.
3623 3418 3850 3480 Μύθους

2275 3515 2352 3579 δὲ,
2385 3515 2480 3575 τὰς
2517 3515 2816 3577 Ἰουδαῖκᾶς
2852 3514 3261 3582 παρατηρήσεις
3289 3514 3459 3580 λέγει,
3495 3512 3526 3581 ἢ
3555 3510 3627 3572 ὡς
3662 3525 3849 3578 παραυ

2277 3607 2673 3676 πεποιημένας,
2706 3606 2846 3676 ἢδιὰ
2869 3606 2928 3657 τὸ
2963 3607 3217 3676 ἄκαιρον.
3276 3604 3559 3669 Ἐννόησον
3588 3601 3693 3669 γάρ
3751 3617 3848 3667 μοι

2274 3697 2442 3769 ἄνδρα
2471 3697 2765 3768 τριάκοντα
2819 3697 2916 3765 ἔτη
2957 3697 3208 3763 Θηλάξειν
3241 3693 3481 3757 θέλοντα,
3526 3693 3642 3754 πῶς
3692 3691 3849 3744 ἔσται

2275 3789 2680 3856 καταγέλαστος
2730 3789 2817 3841 διὰ
2873 3788 2935 3840 τὸ
2990 3787 3238 3856 ἄκαιρον.
3286 3784 3557 3856 Γραώδεις
3594 3783 3691 3852 μὲν
3729 3781 3846 3846 οὖν,

2273 3879 2360 3930 διὰ
2392 3879 2452 3929 τὸ
2508 3877 2962 3930 -πεπαλαιῶσθαιο
3025 3878 3238 3947 βέϐηλοι
3277 3877 3331 3929 δὲ
3379 3875 3472 3928 καὶ
3521 3873 3846 3941 ἀκάθαρτοι,

2273 3965 2359 4018 διὰ
2405 3965 2467 4017 τὸ
2535 3965 2844 4035 ἐμποδίζειν
2882 3969 2947 4036 τῇ
2998 3968 3198 4020 πίστει.
3267 3965 3339 4018 Tb
3389 3966 3494 4036 γὰρ
3541 3965 3649 4016 ὑπὸ
3679 3963 3849 4031 φόϐον

2274 4057 2429 4124 ἄγειν
2459 4057 2558 4127 τὴν
2597 4057 2854 4128 ἀνωτέρω
2899 4059 3102 4110 τούτων
3157 4058 3457 4127 γενομένην
3503 4057 3699 4127 ψυχὴν,
3737 4055 3850 4106 τῶν

2275 4147 2601 4218 ἀκαθάρτων
2657 4149 2775 4200 ἐστὶ
2837 4149 3335 4216 παραγγελμάτων.
3689 4155 3692 4157 λ

2346 4323 2672 4390 Γύμνασον
2697 4320 2764 4373 δὲ
2792 4320 3055 4372 σεαυτὸν
3085 4320 3231 4385 πρὸς
3285 4321 3615 4374 εὐσέϐειαν.
3679 4319 3850 4374 Τουτ-

616 4411 774 4470 ﬁdem
798 4426 1010 4480 puram,
1044 4413 1324 4481 vitamque
1357 4421 1596 4466 rectam:
1621 4411 1672 4466 id
1699 4412 1840 4465 enim
1869 4421 1949 4467 est
1981 4414 2172 4492 pietas.

2283 4409 2420 4473 ἐστι,
2459 4410 2592 4478 πρὸς
2620 4410 2802 4462 πίστιν
2862 4409 3109 4478 καθαρὰν
3152 4409 3245 4460 καὶ
3297 4409 3409 4478 βίον
3445 4411 3626 4482 ὀρθόνο
3688 4412 3850 4464 τοῦτο

616 4496 765 4566 Opus
797 4508 881 4552 est
920 4498 1085 4567 igitur
1115 4501 1380 4554 exercitio
1431 4510 1485 4555 et
1523 4501 1802 4555 continuis
1849 4501 2127 4555 laboribus
2161 4521 2174 4556 :

617 4588 708 4654 qui
735 4589 877 4642 enim
904 4599 1204 4654 exercetur,
1221 4593 1434 4647 etiamsi
1457 4604 1732 4647 certamen
1750 4608 1855 4646 nou
1876 4593 1943 4646 sit
1964 4603 2179 4663 przesto,

623 4687 794 4733 certat
821 4688 877 4732 ut
900 4680 1129 4736 sudores
1155 4682 1372 4736 excitet.

701 4768 864 4827 Vens.
903 4773 954 4826 8.
994 4772 1133 4824 Nam
1162 4773 1452 4840 corporalis
1483 4775 1788 4827 exercitatio
1820 4777 1887 4828 ad
1917 4777 2177 4830 modicum

623 4865 772 4918 utilis
801 4872 898 4917 est.
944 4861 1171 4927 Quidam
1202 4863 1470 4931 jejunium
1519 4865 1854 4934 corporalem
1909 4867 2175 4920 exercita-

627 4956 824 5009 tionem
856 4969 982 5007 esse
1011 4952 1220 5016 dicunt,
1244 4953 1336 5005 sed
1368 4971 1473 5005 non
1505 4963 1586 5007 est
1621 4973 1634 5006 :
1683 4971 1803 5008 nam
1838 4957 1979 5010 istud
2021 4956 2184 5025 spiri~

628 5043 774 5097 tuale
803 5052 907 5096 est.
934 5041 1129 5096 Verum
1153 5042 1399 5110 corporis
1426 5046 1872 5100 exercitationem
1905 5047 2178 5116 intelligit,

626 5147 747 5202 quos
777 5133 974 5186 multos
1000 5134 1213 5188 labores
1243 5134 1472 5198 habens,
1499 5137 1770 5191 modicum
1806 5138 2025 5207 prodest
2055 5154 2179 5192 cor-

626 5222 769 5291 pori,
801 5229 854 5274 et
886 5230 1125 5289 tempore
1151 5223 1440 5277 admodum
1471 5227 1685 5296 exiguo.

700 5311 877 5364 Pietas
932 5321 1102 5363 autem
1147 5313 1214 5364 ad
1243 5315 1419 5368 omnia
1456 5316 1600 5367 utilis
1647 5328 1743 5381 est,
1781 5320 2181 5386 premisaionem

629 5399 821 5454 habent
851 5405 966 5454 vitm
990 5419 1102 5468 qua
1133 5418 1268 5454 nunc
1293 5414 1390 5468 est,
1421 5415 1468 5459 et
1493 5406 1704 5473 futura.
1744 5407 1943 5476 Pietas,
1977 5410 2180 5477 inquit,

2286 4499 2394 4568 γὰρ
2421 4498 2690 4552 εὐσέϐεια.
2727 4497 3036 4567 Γυμνασίας
3067 4499 3174 4568 ἄρα
3211 4501 3366 4570 χρεία
3396 4503 3490 4553 καὶ
3541 4502 3718 4554 πόνων
3765 4502 3847 4553 δι-

2284 4589 2518 4658 ηνεκῶνθ
2551 4589 2579 4641 ό
2607 4591 2713 4656 γὰρ
2759 4589 3170 4658 γυμναζόμενος
3203 4590 3296 4641 καὶ
3327 4590 3535 4657 ἀγῶνος
3569 4591 3642 4661 μὴ
3671 4591 3847 4652 ὄντος,

2284 4679 2604 4747 ἀγωνίζεται
2642 4679 2872 4748 ἱδρῶτας
2901 4680 2943 4712 ³³
2981 4679 3144 4748 ἔχειν.

2369 4771 2437 4823 Ἦ
2465 4769 2574 4837 γὰρ
2606 4769 2908 4839 σωματικὴ
2942 4769 3242 4838 γυμνασία
3271 4769 3417 4835 πρὸς
3447 4770 3653 4837 ὀλίγον
3677 4769 3852 4822 ἐστὶν

2288 4863 2599 4932 ὠφέλιμος.
2686 4861 2840 4923 Τινὲς
2889 4863 2987 4931 τὴν
3064 4862 3310 4931 νηστείαν
3349 4861 3481 4929 φασὶ
3529 4862 3844 4932 σωματικὴν

2284 4956 2609 5025 γυμνασίαν·
2663 4955 2901 5008 ἀλλὀὐκ
2954 4941 3107 5007 ἐστι(
3135 4953 3479 5024 πνευματικὴ
3527 4954 3633 5023 γὰρ
3681 4953 3846 5023 αὕτη.

2297 5048 2456 5101 Ἀλλὰ
2514 5047 2610 5118 τὴν
2665 5048 2759 5100 τοῦ
2809 5048 3057 5117 σώματος
3121 5048 3350 5113 ἄσκησιν
3398 5047 3674 5115 σημαίνει,
3727 5048 3851 5114 ητις

2286 5139 2480 5200 πόνους
2505 5137 2703 5208 εχουσα
2731 5139 2976 5203 πολλοὺς,
3037 5139 3216 5207 ὀλίγον
3251 5135 3498 5206 ὠφέλησε
3554 5135 3615 5188 τὸ
3665 5136 3845 5206 σῶμα,

2288 5232 2381 5284 καὶ
2409 5230 2542 5300 πρὸς
2563 5229 2772 5302 καιρόν.

2340 5321 2429 5398 ῚἨ
2453 5319 2520 5372 δὲ
2565 5319 2835 5383 εὐσέϐεια
2887 5321 3034 5389 πρὸς
3084 5319 3278 5374 πάντα
3319 5319 3613 5390 ὠφέλιμός
3651 5319 3823 5372 ἐστιν

2289 5413 2649 5482 ἐπαγγελίαν
2685 5413 2913 5481 ἔχουσα
2947 5412 3093 5480 ζωῆς
3124 5411 3231 5482 τῆς
3260 5413 3374 5467 νῦν
3424 5414 3517 5467 καὶ
3547 5411 3655 5481 τῆς
3700 5412 3830 5479 μελ·

1940 5587 2147 5648 Varite
2179 5586 2501 5651 lectiones.

706 5703 772 5734 ³⁸⁵
805 5705 1094 5770 ἀναφύοιτο
1127 5707 1345 5761 τοσοῦτο
1366 5709 1477 5770 τοῖς
1507 5708 1738 5773 πολλοῖς.

1821 5714 1862 5745 ⁸⁸
1903 5713 2126 5783 ίδρῶτος
2159 5715 2281 5785 ἄχρι
2307 5733 2358 5774 0.
