4060 6326
169 375 244 441 ετ

926 378 1433 440 ΕΧΡΟΞΙΤΙΟΙΝ
1475 379 1713 440 EPIST.
1754 377 1782 436 Ι
1816 379 1916 438 AD
1936 377 2252 438 TlMOTH.
2283 403 2350 414 -
2381 379 2539 442 CAP.
2581 379 2682 440 ιν.

3271 379 3432 444 .58

170 489 437 555 λούσης.
467 486 754 553 Ἐνταῦθα,
782 491 968 559 φησιν,
1009 491 1316 557 ἀνακτᾶται
1340 490 1434 542 τὸν
1462 489 1750 560 ἄνθρωπον

1855 486 2132 541 hominem
2189 487 2277 540 hic
2303 485 2497 540 reﬁcit.
2545 487 2649 550 Qui
2704 487 2849 560 enim
2898 485 3104 545 nullius
3145 445 3279 538 mali
3324 470 3428 539 sibi

170 582 210 651 ἡ
241 580 520 634 εὐσέϐεια.
558 582 615 634 ’0
631 582 741 651 γὰρ
772 583 937 651 μηδὲν
967 583 1147 653 ἑαυτῷ
1202 582 1462 645 συνειδὼς
1491 582 1749 653 πονηρὸν,

173 671 278 726 καὶ
317 673 551 726 ἐνταῦθα
591 675 870 738 γάννυται,
919 674 1018 737 τὰς
1056 673 1400 741 ἀπαγγελίας
1449 671 1586 724 τῶν¹
1625 672 1756 741 μελε-

173 761 385 816 λόντων
414 762 633 832 ἀγαθῶν
651 750 886 832 βεϐαίας
935 765 1095 833 ἔχων,
1129 766 1221 818 καὶ
1249 767 1366 818 ἐκεῖ
1387 764 1443 816 δὲ
1465 763 1564 833 τὴν
1580 762 1755 834 ἀληθῆ

175 854 330 923 ζωὴν
359 846 449 924 ζῇ·
479 855 616 908 Ἀπδ
647 857 990 926 συγκρίσεως
1047 857 1105 909 δὲ
1151 856 1392 909 δείκνυσι
1440 855 1542 926 τὴν
1585 855 1764 924 ὑπερέ

172 945 316 1014 οχὴν
337 946 436 1016 τῆς
451 945 769 1021 (εὐσεϐείας.

251 1038 535 1102 Πιστὸςὸ
559 1040 762 1106 λόγος,
819 1039 918 1091 καὶ
965 1039 1169 1105 πάσης
1219 1037 1530 1109 ἀποδοχῆς
1565 1041 1753 1107 ἄξιος.

177 1128 468 1191 τουτέστι,
487 1128 695 1198 ἀληθὴς
734 1130 829 1181 καὶ
853 1129 1000 1194 ἄξιος
1043 1113 1448 1198 εύπαράδεκτος
1477 1126 1612 1183 εἶναι
1650 1132 1756 1182 πᾶ-

153 1236 293 1283 ·σιν,
321 1219 399 1282 ὡς
433 1221 818 1291 ἁναμφίὸολος.
851 1210 1192 1288 Ποῖοςλόγος
1224 1240 1240 1288 ;
1272 1223 1353 1274 ὅτι
1385 1223 1486 1275 καὶ
1525 1223 1783 1275 ἐνταῦθα

174 1310 276 1362 καὶ
308 1313 427 1363 ἐκεί
457 1312 489 1380 ή
521 1312 769 1365 εὐσέϐεια
798 1312 1020 1380 ὠφελεῖ.
1073 1313 1357 1381 Πανταχοῦ
1381 1314 1437 1366 δὲ
1470 1313 1567 1380 τῆς
1601 1313 1756 1367 Ἐπι-

173 1401 377 1467 στολῆς
407 1403 563 1455 τοῦτο
611 1405 831 1470 ἐπάγει,
884 1405 980 1456 καὶ⁵
1040 1404 1102 1456 ού
1153 1403 1324 1456 δεῖται
1381 1405 1755 1471 κατασκευῆς,

173 1493 295 1546 ἀλλ’
321 1496 711 1564 ἀποφαίνεται·
743 1495 877 1565 πρὸς
931 1495 1042 1567 γὰρ
1075 1496 1342 1565 Τιμόθεον
1386 1491 1454 1566 ἦν
1519 1498 1548 1548 ὁ
1599 1495 1758 1564 λόγος

170 1583 349 1653 αὐτῷ.

245 1675 364 1745 -Εις,
382 1671 555 1725 τοῦτο
590 1672 696 1742 γὰρ
740 1675 837 1729 καί
884 1675 1186 1744 κοπιῶμεν
1213 1676 1310 1728 καὶ
1337 1675 1752 1744 ὀνειδιζόμεθα,

175 1763 269 1816 ὅτι
290 1765 632 1834 ἠλπίκαμεν
653 1767 752 1819 ἐπὶ
785 1766 906 1830 Θεῷ
939 1766 1123 1826 ζῶντι.
1191 1767 1443 1819 Δείκνυσι
1492 1769 1578 1830 τίς
1599 1770 1631 1836 ἡ
1664 1769 1754 1819 εὖ·

1857 579 2117 641 eonscius
2140 590 2245 642 est,
2292 579 2346 633 in
2377 579 2481 633 hoc
2515 593 2631 632 aevo
2672 578 2999 640 delectatur.
3042 577 3435 646 promiSsiones

1837 666 2168 722 futurorum
2224 667 2490 721 bonorum
2537 666 2725 722 ﬁrmas
2779 667 3035 732 habens;
3084 666 3196 719 illic
3247 673 3430 717 autem

1857 775 2041 814 veram
2076 760 2242 813 vitam
2276 760 2432 813 vivit.
2469 759 2516 814 A
2558 761 2973 831 comparatione
3000 769 3181 820 autem
3214 758 3432 828 pietatis

1857 851 2233 925 excellentiam
2269 861 2690 907 commonstrat.

1930 1035 2095 1090 Vens.
2121 1035 2173 1089 9.
2207 1033 2410 1089 Fidelis
2439 1028 2632 1100 sermo,
2650 1048 2702 1090 et
2723 1036 2866 1104 omni
2889 1034 3189 1100 acceptione
3218 1031 3429 1100 dignus.

1860 1128 1972 1183 Hoc
1999 1137 2104 1191 est,
2131 1142 2311 1188 verus,
2345 1138 2399 1180 et
2430 1129 2630 1197 dignus
2663 1128 2860 1195 estqui
2889 1127 3191 1195 accipiatur
3214 1126 3282 1178 ab
3314 1139 3433 1176 om-

1861 1222 2040 1282 nibus,
2074 1219 2362 1287 utpotequi
2389 1219 2460 1273 sit
2493 1219 2716 1274 minime
2749 1219 2971 1274 dubius.
2994 1218 3184 1284 Qualis
3214 1215 3434 1272 sermo?

1857 1313 2002 1381 quod
2033 1321 2085 1365 et
2114 1311 2199 1363 hic
2217 1310 2399 1363 etillic
2413 1309 2587 1376 pietas
2621 1310 2771 1366 utilis
2795 1310 2893 1366 sit.
2923 1309 3026 1362 Per
3044 1317 3210 1361 totam
3247 1315 3429 1360 autem

1860 1400 2159 1470 Epistulam
2188 1398 2293 1452 hoc
2322 1396 2509 1460 infert,
2553 1412 2655 1452 nec
2691 1413 2829 1465 opus
2860 1397 3022 1451 habet
3058 1394 3430 1448 contirmatio-
3511 1437 3516 1445 .

1861 1508 1948 1554 ne,
1993 1490 2088 1546 sed
2142 1491 2386 1542 enuntiat
2424 1502 2441 1541 :
2488 1478 2555 1542 ad
2588 1476 2934 1542 Timetheum
2974 1486 3117 1542 enim
3153 1487 3202 1540 ei
3250 1478 3429 1538 sermo

1857 1591 1996 1636 erat.
2105 1614 2107 1616 -
2399 1597 2428 1624 ιν
2714 1596 2722 1603 ·
3423 1563 3430 1570 ’

1929 1672 2091 1726 Vsus.
2122 1672 2208 1726 10.
2240 1671 2302 1725 In
2332 1669 2429 1724 hoc
2446 1665 2590 1724 enim
2614 1679 2663 1725 et
2698 1669 3030 1732 laboramus,
3061 1677 3112 1722 et
3158 1664 3434 1719 maledici—

1858 1781 1997 1824 mur,
2015 1765 2141 1832 quia
2169 1764 2525 1831 speramus-in
2561 1762 2668 1816 Deo
2686 1764 2903 1816 vivente.
2925 1760 3175 1814 Ostendit
3207 1761 3330 1828 quae
3361 1759 3435 1810 sit

174 1859 386 1918 σέϐεια,
419 1859 608 1910 καὶὸτι
639 1859 706 1928 ἢν
734 1861 888 1912 αὐτοὶ
922 1859 973 1912 oi
1030 1860 1318 1912 ἀπόστολοι
1351 1859 1706 1928 μετῦρχονται
1736 1875 1748 1887 ·

1859 1858 2051 1925 pietas,
2106 1872 2265 1924 quam
2338 1857 2436 1924 ipsi
2511 1856 2770 1908 nimirum
2818 1853 3048 1923 apostoli
3088 1858 3428 1906 exerceant:

173 1950 273 2001 καὶ
305 1951 704 2014 κατασκευάζει
726 1951 840 2013 πῶς
872 1955 971 2018 τῆς
997 1951 1299 2021 μελλούσης
1325 1951 1470 2020 ζωῆς
1487 1950 1584 2014 τὰς
1605 1952 1752 2004 ἐλπί-

173 2040 272 2103 δας
298 2040 435 2110 ἔχει,
477 2041 569 2094 καί
595 2059 785 2109 φησιν.
811 2041 914 2107 Εις
940 2043 1136 2105 τοῦτο,
1166 2043 1289 2094 ἀντὶ
1311 2044 1428 2106 τοῦ,
1460 2042 1547 2094 διὰ
1570 2042 1747 2106 τοῦτο,

174 2132 274 2186 και
305 2133 605 2203 κοπιῶμιῇρ
632 2135 730 2188 καί
769 2133 1192 2210 ὀνειδιζόμεθα.
1222 2136 1379 2197 Τίνος
1427 2135 1535 2203 γὰρ
1564 2135 1751 2188 ἕνεκεν

173 2225 663 2294 κατακοπτόμεθα,
721 2227 771 2277 εί
810 2225 884 2294 μὴ
914 2225 982 2277 τὰ
1015 2225 1278 2292 μέλλοντα
1308 2225 1748 2296 προσεδοκῶμεν,

172 2313 210 2370 ἃ
231 2314 396 2368 δώσει
423 2316 563 2384 μετὰ
589 2316 680 2368 τὸν
702 2316 927 2368 θάνατον
947 2319 1080 2385 ἡμῖν
1099 2317 1127 2368 ὁ
1153 2317 1263 2377 ζῶν
1279 2317 1411 2378 Θεός
1438 2334 1453 2381 ;
1482 2317 1748 2370 Ἐνταῦθα

179 2405 278 2476 μὲν
305 2406 417 2476 γάρ
454 2407 713 2469 πολλάκις
744 2408 1076 2478 στρατιῶται
1140 2408 1409 2477 βασιλέως
1459 2408 1750 2477 προκινδυ-

182 2498 477 2562 νεύσαντες
504 2499 798 2552 ὰπόλλουσι
817 2500 919 2563 τὰς
941 2500 1197 2568 ἀμοιϐὰς,
1232 2500 1602 2559 ἀποθανόντος
1655 2517 1752 2567 με-

175 2583 312 2647 ταξὺ
343 2586 550 2638 ἐκείνου
578 2602 593 2617 ·
618 2584 774 2657 ἡμῶν
795 2586 852 2640 δὲ
880 2588 909 2639 ὁ
935 2587 1198 2651 Βασιλεὺς
1241 2589 1308 2658 ζῇ
1338 2589 1445 2652 ἀεὶ,
1474 2589 1616 2641 ὥστε
1654 2589 1749 2641 καὶ

177 2675 266 2728 ἀεὶ
287 2677 526 2751 δίδωσιν.
1074 2717 1076 2719 ›
1390 2740 1395 2744 _

250 2765 361 2830 ’ος
393 2768 522 2821 ἐστι
576 2771 780 2838 Σωτὴρ
829 2771 1073 2825 πάντων
1107 2773 1454 2848 ἀνθρώπων,
1482 2772 1750 2841 μάλιστα

175 2851 426 2908 πιστῶν.
455 2859 733 2924 Τουτίστι,
787 2862 1000 2922 πάντας
1048 2863 1191 2915 θέλει
1226 2863 1464 2934 σωθῆναι
1507 2864 1603 2916 καὶ
1663 2867 1749 2915 ὲν-

178 2943 359 3000 ταῦθα
385 2948 481 3001 καὶ
509 2950 626 3002 ἐκεῖ
651 2964 668 2979 ⁸
695 2952 918 3005 πλείονα
947 2953 1004 3006 δὲ
1034 2955 1273 3025 σπουδὴν
1341 2955 1577 3008 ἐνταῦθα
1619 2956 1750 3024 περὶ

180 3038 309 3100 τοὺς
332 3041 558 3104 πιστοὺς
590 3041 798 3097 τίθεται
827 3045 916 3098 ³⁸⁸.
947 3044 1012 3097 Εί
1050 3044 1125 3114 μὴ
1150 3047 1260 3116 γὰρ
1308 3046 1474 3110 αὐτὸς
1526 3047 1752 3109 τούτους

180 3126 380 3192 lamas,
418 3129 537 3194 πῶς
560 3131 626 3185 ἂν
651 3133 910 3204 ἀντέσχον
940 3136 1046 3188 ὑπὸ
1069 3137 1287 3190 πάντων
1315 3137 1711 3207 πολεμούμενοι
1732 3153 1747 3202 ;

178 3218 278 3272 Διὰ
312 3219 370 3272 δὲ
416 3222 622 3275 τούτων
674 3228 938 3296 παρορμᾷ
993 3227 1086 3280 τὸν
1144 3227 1411 3298 Τιμόθεον
1445 3229 1588 3298 πρὸς-
1632 3229 1755 3290 τοὺς

179 3312 481 3376 κινδύνους.
532 3317 623 3386 Μὴ
657 3320 766 3386 γὰρ
824 3320 1041 3385 ἐκλύου,
1096 3323 1252 3388 φησὶ,
1320 3321 1565 3373 τοιοῦτον
1618 3321 1756 3388 ἔχων

177 3402 332 3467 Θεὸν,
383 3407 520 3474 μηδὲ
554 3407 652 3476 τὴν
709 3411 840 3474 παρ’
860 3411 1066 3478 ἐπέρων
1099 3410 1420 3478 συμμαχίαν
1471 3407 1752 3472 ὲπικαλοῦ,

178 3491 296 3547 ἀλλ’
319 3494 506 3560 ἔλπιζε
538 3496 626 3548 ἐπ’
652 3499 880 3552 ἐκεῖνον’
912 3498 979 3568 ζῇ
1010 3499 1140 3568 γάρ,
1171 3500 1264 3552 καὶ
1287 3499 1482 3570 Σωτήρ
1509 3501 1650 3552 ἐστι.

248 3683 634 3753 Παράγγελλε
661 3682 848 3736 ταῦτα
899 3681 1000 3736 και
1047 3682 1319 3737 δίδασκε.
1359 3683 1480 3736 Τῶν
1505 3685 1759 3755 πραγμά-

180 3791 308 3839 των,
331 3775 402 3828 τὰ
445 3775 542 3843 μὲν
563 3773 907 3837 διδασκαλίας
967 3775 1169 3837 δεῖται,
1232 3777 1299 3826 τὰ
1354 3775 1432 3837 δὲ,
1465 3778 1754 3843 ἐπιταγῆς.

182 3863 329 3932 Οἷον,
359 3865 616 3936 περὶτοῦ
665 3866 957 3934 ἁρπάζειν,
1034 3867 1092 3918 ού
1126 3865 1398 3918 διδάσκειν
1459 3866 1587 3934 χρὴ,
1641 3865 1754 3920 ἀλλ’

183 3960 522 4024 ιπιτάττειν,
572 3960 845 4024 τουτέστι,
933 3957 1072 4028 μετὰ
1131 3957 1376 4015 πλείονος
1441 3956 1754 4017 αὑθεντείας

181 4050 566 4121 ἀπαγορεύειν·
600 4052 728 4120 περ)⁴
756 4051 938 4119 μέντοι
963 4050 1056 4102 τοῦ
1085 4048 1156 4100 τὰ
1184 4049 1498 4115 ὑπάρχοντα
1538 4047 1751 4109 κενοῦν,

179 4141 213 4212 ἢ
251 4143 378 4209 περὶ
409 4141 502 4194 τοῦ
533 4141 910 4211 παρθενεύειν,
953 4141 985 4209 ἢ
1026 4140 1119 4193 τοῦ
1155 4139 1273 4198 πῶς
1311 4139 1394 4190 δεῖ
1448 4139 1749 4200 πιστεύειν,

183 4231 412 4285 δνταῦθα
457 4231 809 4292 διδασκαλίας
858 4231 1036 4299 χρεία.
1101 4229 1199 4280 Διὰ
1246 4227 1404 4280 τοῦτο
1467 4228 1754 4297 ἀμφότερα

181 4322 390 4393 τίθησιν
421 4326 451 4376 ὁ
480 4322 798 4384 ’Δπόστολος
820 4325 863 4353 ³⁸
891 4339 903 4351 ⁶
942 4320 1322 4389 Παράγγελλε
1351 4321 1448 4372 καὶ
1482 4320 1749 4373 δίδασκε.

185 4415 288 4466 Καὶ
320 4415 518 4478 ἄλλως,
553 4414 682 4466 ὅταν
710 4413 810 4480 μὲν
835 4412 1035 4471 εἰδότες
1058 4428 1110 4463 τι
1159 4411 1394 4479 πονηρὸν
1418 4409 1580 4473 εἶναι,
1603 4413 1749 4479 ὅμως

1783 3179 1826 3236 C

1852 1961 1906 2002 et
1933 1948 2223 2002 conﬁrmat
2269 1947 2548 2016 quomodo
2582 1946 2782 2002 futura:
2828 1947 2951 1998 vita:
2999 1959 3148 2012 spem
3211 1929 3432 2006 habe-at,

1853 2040 2126 2108 inquiens,
2169 2039 2229 2092 In
2261 2039 2378 2101 hoc,
2419 2039 2472 2092 id
2507 2046 2613 2104 est,
2650 2046 2872 2106 propter
2897 2036 3026 2100 hoc,
3057 2050 3174 2088 cum
3207 2031 3432 2088 labora-

1860 2148 2001 2196 mus,
2055 2142 2166 2184 tum
2218 2129 2538 2184 contumelia
2590 2132 2845 2200 aﬂicimur
2881 2138 2937 2184 et
2983 2126 3247 2183 conviciis
3295 2125 3436 2195 peti-

1854 2237 2001 2276 mur.
2035 2224 2208 2288 Quam
2232 2216 2376 2276 enim
2415 2223 2486 2276 ob
2519 2236 2742 2276 causam
2783 2220 3069 2284 caedimur,
3103 2217 3211 2273 nisi
3249 2217 3434 2271 futura

1852 2298 2322 2383 esspeeta'remus,
2342 2331 2463 2383 qua:
2481 2315 2630 2367 dabit
2655 2321 2775 2380 post
2797 2321 3024 2366 mortem
3053 2310 3212 2364 nobis
3241 2310 3433 2362 vivens

1855 2403 1997 2457 Deus
2015 2404 2044 2455 ἵ.
2067 2400 2348 2458 Ιιίοειιίιιι
2394 2416 2767 2470 saepenumero
2803 2401 3027 2464 milites,
3068 2400 3160 2467 qui
3192 2413 3290 2465 pro
3315 2398 3431 2453 Vini-

1851 2503 2102 2563 peratore
2145 2495 2384 2562 pericula
2439 2494 2681 2559 subiere,
2745 2493 2840 2547 illo
2891 2489 3110 2544 interim
3169 2489 3428 2542 defuncto

1854 2587 2161 2640 mercedem
2193 2587 2454 2639 amittunt
2485 2602 2500 2639 :
2535 2595 2722 2638 noster
2752 2566 2932 2636 autem
2969 2580 3079 2633 Res
3113 2593 3328 2648 semper
3354 2578 3433 2631 vi—

1852 2680 1929 2732 vit
1961 2696 1976 2732 :
2012 2679 2196 2740 itaque
2223 2687 2276 2731 et
2315 2691 2533 2745 semper
2577 2677 2692 2729 dat.

1923 2768 2029 2833 Qui
2058 2778 2134 2820 est
2169 2768 2422 2821 Servator
2445 2768 2679 2818 omnium
2710 2765 3002 2826 hominum,
3035 2749 3263 2814 maxime
3292 2759 3426 2826 fide--

1853 2858 2004 2912 lium.
2028 2856 2141 2911 Hoc
2162 2865 2474 2919 est,omnes
2495 2857 2713 2923 quidem
2740 2854 2854 2907 vult
2880 2853 3059 2908 salvos
3091 2852 3229 2912 ﬁeri,
3262 2858 3314 2903 et
3341 2849 3433 2904 hic

1851 2958 1906 3002 et
1937 2949 2096 3002 illic:
2148 2948 2407 3012 majorem
2462 2956 2646 2999 autem
2697 2960 2884 2998 curam
2938 2944 3026 2997 hic
3068 2943 3214 3009 circa
3247 2942 3433 2996 ﬁdeles

1851 3041 2090 3095 ostendit
2117 3059 2131 3093 :
2165 3040 2269 3093 nisi
2289 3040 2433 3091 enim
2466 3037 2584 3106 ipse
2619 3037 2721 3090 hos
2755 3042 3022 3097 servaret,
3053 3034 3330 3105 quomodo
3361 3032 3433 3087 ab

1849 3133 2117 3186 omnibus
2164 3131 2456 3200 oppugnati
2492 3130 2834 3184 sustinerent
2871 3129 2893 3180 ’Ξ
2927 3126 3028 3180 Per
3090 3127 3202 3179 haec
3249 3133 3431 3178 autem

1863 3224 2053 3276 incitat
2081 3221 2427 3274 Timotheum
2469 3222 2535 3273 ad
2570 3221 2812 3289 pericula
2845 3218 3148 3272 toleranda.
3186 3216 3262 3270 Ne
3286 3215 3433 3268 enim

1860 3312 2106 3374 deﬁcias,
2139 3313 2338 3384 inquit,
2389 3326 2513 3363 cum
2555 3312 2715 3363 talem
2755 3309 2957 3384 habeas
3013 3307 3203 3368 Deum,
3258 3319 3434 3372 neque

1861 3405 1932 3457 ab
1961 3404 2082 3456 aliis
2110 3403 2372 3454 auxilium
2406 3401 2568 3471 5⁵14Ι
2608 3383 2838 3467 implora
2875 3401 2927 3451 in
2964 3398 3285 3459 aﬂlictione,
3335 3396 3432 3449 sed

1859 3495 2004 3550 enim
2070 3509 2226 3563 spera
2288 3495 2344 3546 in
2399 3493 2596 3546 illum:
2650 3493 2781 3546 vivit
2837 3491 3008 3556 enim,
3063 3500 3116 3543 et
3170 3487 3430 3542 Servatur

1857 3597 1964 3644 est.

1932 3676 2093 3730 Vens.
2128 3678 2212 3729 Η.
2256 3675 2493 3743 Prii-cipe
2517 3675 2628 3727 iure
2665 3684 2714 3729 et
2741 3676 2888 3727 doce.
2920 3673 3029 3728 Res
3063 3674 3178 3726 alia!
3212 3672 3430 3741 quidem

1859 3771 2109 3824 doctrina
2145 3770 2433 3839 indigent,
2484 3770 2603 3822 alia;
2651 3783 2779 3821 vero
2827 3767 3080 3820 mandato
3112 3766 3334 3820 :‘veluti
3364 3763 3432 3818 de

1860 3864 2050 3931 rapina
2088 3879 2195 3915 non
2227 3863 2446 3926 docere,
2481 3863 2572 3916 sed
2601 3863 2898 3931 praecipere
2928 3871 3158 3929 oportet,
3198 3859 3296 3910 hoe
3325 3865 3430 3922 est,

1857 3968 1980 4005 cum
2031 3953 2221 4019 majori
2258 3955 2582 4005 auctoritate
2615 3935 2922 4020 prohibere.
2975 3951 3049 4003 De
3109 3951 3429 4001 facultatum

1855 4059 1984 4095 vero
2038 4044 2089 4095 in
2156 4058 2422 4111 pauperes
2484 4043 2891 4105 distributione,
2965 4041 3032 4094 de
3100 4039 3430 4106 virginitatis

1857 4142 2025 4198 statu,
2083 4134 2168 4188 vel
2207 4136 2483 4203 quomodo
2532 4133 2865 4187 credendum
2912 4133 3006 4195 sit,
3041 4133 3128 4184 hic
3181 4132 3432 4183 doctrina

1855 4244 1993 4296 Opus
2049 4236 2151 4282 est.
2219 4227 2508 4295 Proplerea
2548 4235 2802 4296 .utraque
2859 4226 3009 4295 ponit
3077 4223 3371 4292 Apostolus
3408 4263 3424 4284 ,

1855 4319 2087 4386 Prwcipe
2113 4335 2174 4370 ac
2203 4317 2346 4375 doce.
2385 4318 2463 4371 Ad
2507 4317 2642 4380 hare,
2675 4316 2896 4385 quando
2929 4315 3181 4368 novimus
3205 4313 3427 4382 quidem

1856 4412 2058 4480 aliquid
2098 4427 2218 4464 esse
2255 4412 2478 4474 malum,
2511 4425 2573 4462 ac
2606 4408 2963 4462 nihilominus
2995 4410 3123 4460 illud
3157 4421 3434 4478 perpetra-

185 4506 508 4575 πράττωμεν
571 4505 724 4567 αὐτὸ,
779 4501 1159 4571 παραγγελίας
1223 4503 1456 4573 δεόμεθα.
1485 4506 1586 4536 δ”·
1619 4507 1746 4559 ὅταν

1857 4519 1995 4565 mus;
2026 4512 2294 4570 prwcepto
2318 4516 2456 4570 opus
2482 4509 2595 4554 est:
2621 4500 2844 4569 quando
2873 4516 3002 4555 vero
3027 4518 3135 4554 non
3157 4503 3429 4564 novimus,

182 4595 234 4648 δὲ
260 4595 332 4664 μὴ
355 4592 576 4657 είδίτες,
607 4591 972 4650 διδασκαλίας.

249 4684 473 4752 Μηδείς
495 4680 739 4749 σουτῆς
754 4683 1038 4749 νεότητος
1057 4679 1751 4754 καταφρονείτωζἙπειόὴ

187 4778 215 4845 ἡ
247 4777 398 4846 κοινὴ
425 4774 690 4847 πρόληψις
712 4773 1191 4843 εὐκαταφρόνητον
1245 4779 1482 4848 πρᾶγμα
1536 4780 1751 4846 ἡγεῖται

185 4868 277 4935 τὴν
299 4868 554 4936 νεότητα,
615 4863 824 4933 φησὶν,’
854 4862 1330 4934 Αὺθεντικώτερον
1381 4867 1747 4934 παράγγελλε,

187 4961 271 5011 καὶ
297 4958 493 5029 μηδείς
516 4973 606 5010 σου
641 4957 1077 5025 καταφρονείτω,
1117 4958 1199 5010 δεῖ
1229 4959 1336 5028 γὰρ
1393 4960 1486 5010 καὶ
1543 4959 1752 5010 ἀκατα-

188 5055 447 5120 φρόνητον
486 5049 625 5102 εἶναι
654 5048 746 5101 τὸν
772 5049 1110 5104 διδάσκαλον.
1144 5050 1253 5102 Ποῦ
1300 5050 1392 5103 οὖν
1426 5051 1487 5103 τὸ
1538 5051 1752 5120 πρᾶον;

189 5141 306 5195 ἔνθα
334 5143 437 5212 μὲν
464 5141 562 5205 τὰς
584 5142 663 5205 είς
686 5140 848 5196 αὐτὸν
878 5140 1065 5212 ὕϐρεις
1116 5141 1400 5211 ἐκδικῆσαι
1441 5143 1540 5206 δεῖ,
1578 5142 1752 5210 πρᾶος

189 5228 317 5284 ἔστω
335 5251 348 5264 ο
371 5218 505 5285 ἔνθα
539 5232 597 5285 δὲ
638 5231 780 5299 ὑπὲρ
813 5231 1087 5302 σωτηρίας
1113 5230 1291 5286 ἄλλων
1318 5232 1619 5301 αὐστηρίας
1648 5231 1748 5295 δεῖ,

194 5321 317 5387 μετᾶ
341 5323 655 5393 παρρησίας
683 5323 1038 5375 ἐπιταττέτω.
1071 5323 1143 5374 Ἦ
1163 5324 1242 5374 ὅτι
1262 5323 1382 5374 Βίον
1405 5321 1748 5374 ὲπιδείκνυσο

189 5411 423 5480 κόσμιον,
471 5417 562 5479 καὶ
601 5417 664 5469 οὐ
718 5414 1265 5486 καταφρονηθήσεται
1325 5431 1417 5468 σου
1473 5413 1751 5483 ήνεότης,

1856 4593 2224 4646 institutione.

1928 4685 2092 4740 Vnus.
2125 4685 2210 4738 12.
2248 4682 2414 4737 Nemo
2464 4684 2880 4738 adolescentiam
2928 4694 3073 4737 tuum
3115 4693 3428 4737 contemnat.

1857 4778 1993 4841 Quia
2020 4781 2327 4831 communis
2374 4776 2559 4844 opinio
2602 4777 3063 4843 contemptibilem
3104 4789 3213 4824 rem
3272 4784 3429 4839 putat

1856 4872 2298 4932 adolescentiam,
2335 4868 2592 4935 Prmeipe,
2635 4868 2829 4932 inquit,
2862 4865 3050 4929 majori
3080 4877 3203 4914 cum
3235 4875 3428 4914 uncto—

1857 4963 2034 5023 ritate,
2076 4978 2139 5013 ac
2171 4977 2333 5013 nemo
2371 4968 2424 5013 te
2467 4967 2783 5012 contemnat
2823 4975 2834 5008 ε
2899 4964 3113 5023 Oportet
3143 4957 3286 5008 enim
3319 4971 3426 5008 non

1857 5051 2319 5117 contemptibilem
2349 5064 2470 5102 esse
2502 5057 2914 5118 prmeeptorem.
2958 5046 3054 5100 Ubi
3091 5047 3255 5114 igitur
3276 5059 3430 5096 man-

1857 5143 2089 5196 suetudo
2118 5143 2141 5194 ?
2183 5142 2271 5194 ubi
2301 5139 2549 5208 injurias,
2585 5142 2784 5211 quibus
2812 5141 2929 5207 ipse
2960 5138 3210 5199 aﬁicitur,
3235 5137 3426 5190 ulcisci

1854 5240 2120 5302 Oporteat,
2150 5243 2472 5290 mansuetus
2503 5245 2620 5288 esto
2653 5250 2668 5288 :
2699 5233 2788 5286 ubi
2827 5245 2950 5283 vero
2977 5227 3429 5283 aliorumsalutis

1852 5327 2026 5394 gratia
2061 5341 2198 5394 opus
2241 5335 2324 5380 est
2359 5326 2698 5386 austeritate,
2751 5337 2873 5374 cum
2929 5322 3126 5376 ﬁducia
3176 5323 3423 5391 imperet.

1857 5417 1974 5482 Vel,
2002 5417 2176 5472 Vitam
2207 5418 2433 5478 ostende
2457 5419 2761 5484 honestam,
2781 5427 2959 5470 etnon
2992 5416 3172 5471 veniet
3204 5415 3259 5467 in
3293 5427 3424 5467 con-

1522 5636 1721 5699 Variai
1745 5636 2075 5701 lectiones.

261 5775 321 5807 “‘
356 5778 770 5836 ἰνὸιίκνυταιυ.
848 5782 893 5814 ³⁸
927 5781 1134 5846 Παῦλος
1162 5800 1220 5839 ο.
1292 5784 1356 5816 ³⁵⁸
1387 5785 1466 5838 δεῖ
1500 5804 1557 5840 o.
