4060 6326
635 355 696 426 η
1270 425 1274 428 ς
1499 330 2069 397 resupnum“
2101 330 2191 390 nu

2291 328 2509 388 'ABL‘E
2551 328 2902 390 ARCHIEP.
3371 357 3378 361 -
3779 326 3860 387 ’ἶὲ

625 464 863 538 ecquod
917 467 1137 530 peccata
1196 453 1505 509 clanculum
1544 443 1982 537 committuntur.
2027 444 2182 516 Quid

2291 445 2650 532 τυραςΐχειν,
2673 445 2764 499 διὰ
2791 447 2852 499 τδ
2877 447 3128 514 γενέσθαι
3158 447 3329 518 λάθρα
3359 447 3423 500 τὰ
3454 449 3858 520 ἁμαρτήματα.

627 536 808 614 autem
840 555 885 610 si
919 559 1141 624 peccata
1173 549 1282 603 sint
1370 546 1427 600 in
1452 571 1456 573 >
1483 536 1766 611 confesso,
1808 551 1974 595 testes
2001 548 2182 592 autem

627 666 736 704 non
777 647 1040 707 habeant,
1077 639 1172 696 sed
1211 639 1380 694 solam
1408 650 1626 706 pravam
1660 629 2065 701 suspicionem?
2115 628 2188 681 De

630 744 729 796 hoc
765 752 930 807 supra
964 734 1105 789 dixit
1136 748 1149 784 :
1179 729 1392 797 Oportet
1419 742 1540 779 eum
1594 725 1786 777 bonum
1813 722 1973 776 etiam
2036 720 2186 773 testi-

628 832 862 885 monium
888 824 1077 876 habere
1117 821 1181 873 ab
1209 820 1273 871 iis
1303 817 1390 887 qui
1418 815 1562 883 .{oria
1586 820 1729 866 sunt.

693 919 859 977 Vens.
891 915 981 968 20.
1006 913 1288 967 Peccantes
1315 918 1490 960 autem
1521 919 1700 957 coram
1737 902 1974 977 omnibus
2003 915 2183 970 argue,

625 1025 682 1067 ut
732 1019 781 1063 ει
834 1008 1009 1062 ca'teri
1046 1006 1285 1058 timorem
1335 996 1579 1050 habeant.
1611 993 1768 1062 581
1798 993 1909 1048 lloc
1923 1001 2027 1055 est,
2064 1006 2187 1073 per-

628 1111 941 1156 severantes
961 1099 1015 1149 in
1035 1103 1280 1165 peccato,
1310 1099 1363 1145 et
1383 1087 1864 1159 quosinquirendo
1891 1084 2187 1153 deliquisse

625 1191 924 1252 inveneris,
956 1202 1124 1256 argue
1177 1186 1525 1240 vehementer
1578 1192 1634 1237 et
1689 1194 1897 1242 severe,
1952 1192 2061 1230 non
2128 1182 2186 1226 ut

625 1287 1057 1356 indignationem
1085 1293 1139 1335 et
1161 1281 1402 1334 animum
1435 1290 1587 1333 tuum
1619 1277 1855 1346 expleas,
1878 1274 2066 1328 sed-ut
2094 1286 2184 1324 re-

623 1380 760 1448 liqui
808 1360 1019 1430 terrore
1073 1371 1308 1442 perculsi
1363 1369 1729 1438 castigentur.
1789 1364 1924 1419 Nam
1971 1356 2185 1430 OpOI'lcl

621 1470 940 1537 cpismpum
964 1463 1125 1516 etiam
1166 1459 1460 1514 verendum
1511 1472 1654 1513 csse.
1716 1451 2182 1520 Quemadmodum

625 1559 773 1610 enim
804 1554 1124 1623 simpliciter
1145 1561 1199 1604 et
1228 1552 1354 1618 sine
1392 1549 1601 1618 judicio
1630 1546 2013 1620 condemnare,
2038 1554 2187 1593 arro-

623 1664 762 1718 gans
781 1655 885 1710 est,
920 1644 1068 1698 hunc
1103 1644 1166 1696 ad
1201 1641 1424 1696 modum
1459 1655 1581 1694 reos
1629 1653 1737 1692 non
1763 1632 2184 1704 reprehendere,

626 1739 889 1806 pestilens
913 1742 1017 1796 est,
1043 1732 1109 1786 ad
1152 1733 1352 1784 multos
1388 1729 1635 1781 morbum
1681 1725 2004 1778 extendens.
2040 1720 2187 1785 Quo-

623 1829 785 1879 modo
815 1826 980 1893 igitur
1005 1821 1269 1875 Dominus
1300 1819 1439 1872 dixit
1465 1819 1518 1870 in
1543 1816 1858 1884 Evangello,
1914 1811 1974 1866 Si
2002 1826 2186 1880 pecca-

621 1918 748 1969 verit
775 1917 827 1968 in
857 1925 906 1966 te
953 1913 1122 1981 frater
1165 1923 1308 1973 tuus,
1356 1909 1466 1971 abi,
1509 1924 1670 1976 argue
1703 1922 1823 1959 eum
1870 1905 2009 1957 inter
2051 1913 2097 1957 te
2141 1912 2189 1968 et

621 2009 797 2075 ipsum
827 2005 994 2059 solum
1027 2005 1094 2035 ³⁸·
1136 2005 1159 2057 i
1191 2003 1354 2072 Atqui
1382 2011 1436 2054 et
1461 2003 1611 2055 illum
1647 2002 1700 2054 in
1733 1999 1966 2068 pect-atis
2009 2011 2193 2065 persv-

622 2107 900 2150 verantetn
952 2095 1221 2162 permittit
1276 2093 1492 2160 publice
1558 2092 1732 2158 argui.
1783 2088 1922 2152 Quid
1981 2083 2194 2155 igitur?

623 2204 808 2250 nonne
835 2187 1227 2242 oﬂ'endiculum
1255 2186 1474 2253 praebet,
1506 2183 1554 2238 si
1601 2183 1816 2251 publice
1858 2180 1950 2231 ﬁat
2001 2191 2193 2246 repre-

624 2275 860 2334 hensio?
887 2277 1003 2330 lmo
1027 2292 1057 2330 e
1086 2276 1311 2329 diverso
1332 2274 1504 2342 magis
1525 2271 1772 2334 oﬂ'endit,
1797 2269 1842 2324 si
1887 2269 1933 2323 is
2003 2267 2097 2334 qui
2123 2267 2192 2318 ab

622 2370 878 2424 omnibus
903 2380 1165 2436 peccasse
1194 2366 1568 2434 cognoscitur,
1600 2378 1706 2416 non
1733 2369 2013 2430 arguatur.
2043 2357 2192 2411 lianc

619 2459 692 2511 ob
758 2461 981 2509 causam
1040 2452 1187 2507 Deus
1255 2451 1597 2505 Pharaonem
1629 2449 1698 2511 ⁸³,
1755 2455 1809 2501 et
1842 2444 2195 2498 Nabuchodo-

624 2560 792 2600 nosor
819 2544 905 2606 ³¹“,
935 2550 990 2595 et
1029 2542 1316 2611 plerosque
1340 2541 1477 2594 alios
1519 2539 1573 2592 in
1602 2537 1840 2592 medium
1889 2534 2194 2603 producens

625 2637 859 2707 punivit,
888 2642 946 2691 ut
973 2635 1082 2687 vita
1119 2632 1440 2686 mortalium
1471 2629 1816 2685 emendetur.

695 2727 860 2781 Vens.
918 2725 1008 2778 2|.
1075 2723 1258 2777 Testor
1305 2723 1484 2775 coram
1544 2718 1655 2774 Deo
1709 2729 1757 2772 et
1811 2719 2031 2771 Domino
2062 2715 2191 2770 Jesu

627 2819 863 2880 Christo,
887 2831 937 2869 et
987 2815 1169 2867 electis
1227 2814 1449 2882 angelis.
1492 2812 1628 2868 Cum
1692 2814 1760 2866 de
1796 2813 1980 2865 tnultis
2038 2813 2191 2880 prius

625 2909 819 2978 positis
842 2906 1216 2968 disseruisset,
1247 2919 1393 2958 nunc
1418 2900 1677 2972 quoniam
1701 2905 1766 2958 de
1784 2904 1998 2972 judicio
2026 2903 2191 2956 verba

627 3000 784 3059 facit,
817 2998 1131 3055 obtestatur
1160 3011 1284 3051 eum
1327 2999 1480 3049 valde
1514 2995 1870 3058 horribiliter.
1903 2994 2018 3060 Non
2043 2995 2188 3048 enim

2287 539 2354 591 Τί
2395 537 2587 592 οὖνᾶν
2627 530 2998 610 ὡμολόγηνται
3042 542 3140 611 μὲν
3175 543 3241 595 τὰ
3286 530 3677 613 ἁμαρτήματα,
3716 542 3864 614 μάρ-

2286 646 2454 699 τυρας
2506 631 2563 683 δὲ
2617 630 2691 700 μὴ
2745 631 2865 701 ἔχη,
2920 633 3054 685 ἀλλὰ
3102 636 3260 702 μόνον
3288 635 3401 703 ἔχει
3443 636 3682 705 πονηρὰν
3719 635 3862 689 ὑπό-

2286 735 2472 786 νοιαν;
2523 720 2659 790 Περὶ
2686 719 2875 772 τούτου
2914 718 3064 775 εἶπεν
3096 722 3229 786 ἄνω,
3275 723 3359 776 δτι
3403 724 3506 776 Δεῖ
3539 725 3725 778 αὐτὸν
3752 726 3861 779 καί

2282 811 2612 877 μαρτυρίαν
2640 810 2838 878 καλὴν
2867 812 3033 879 ἔχειν
3060 814 3178 866 ἀπὸ
3213 814 3330 867 τῶν
3364 813 3604 876 ἔξωθεν.

2362 901 2500 967 Τοὺς
2522 901 2590 955 δὲ
2599 905 3066 971 ἁμαρτάνοντας,
3091 905 3346 959 ἐνώπιον
3364 908 3605 959 πάντων
3622 906 3862 974 ἔλεγχε,

2285 992 2386 1045 ἵνα
2410 993 2505 1045 καὶ
2524 997 2578 1046 οι
2595 996 2795 1047 λοιποί
2819 996 3010 1062 φόϐον
3028 997 3231 1066 ἔχωσι.
3260 998 3540 1056 Τουτέστι.
3570 995 3705 1058 Τοὺς
3733 997 3865 1047 ἑπι-

2290 1083 2548 1153 μένοντας
2575 1088 2640 1155 τῇ
2674 1087 2938 1157 ἁμαρτίᾳ,
2980 1088 3070 1139 καὶ
3102 1085 3196 1148 οὓς
3233 1085 3399 1156 εὕρῃς
3431 1087 3570 1155 μετὰ
3600 1086 3864 1156 ἐρεύνης,

2287 1174 2475 1243 ἔλεγχε
2512 1176 2755 1245 σφοδρῶς
2784 1177 2878 1230 καὶ
2908 1176 3199 1246 ἀποτόμως
3235 1175 3282 1206 ⁸⁸
3305 1217 3321 1240 ,
3377 1177 3497 1245 οὐχὶ
3543 1174 3633 1227 τὸν
3683 1175 3870 1242 θυμόν.

2287 1283 2383 1318 σου
2433 1268 2770 1336 θεραπεύων,
2848 1269 3078 1323 ἀλλ’ἵνα
3132 1272 3182 1324 at
3222 1269 3399 1321 λοιποὶ
3451 1265 3866 1339 σωφρονισθῶσι

2288 1358 2634 1428 φοδηθέντες.
2684 1363 2773 1412 Δεῖ
2814 1361 2922 1431 γὰρ
2979 1357 3073 1414 καὶ
3113 1361 3341 1432 φοϐερὸν
3397 1356 3537 1432 εἶναι
3591 1360 3681 1411 τδν
3736 1359 3867 1411 trti-

2287 1466 2509 1503 σκοπον.
2557 1451 2764 1519 Ὠσπερ
2780 1451 2885 1520 γὰρ
2911 1451 2972 1502 τὸ
2999 1452 3185 1514 ἁπλῶς
3213 1450 3579 1520 κατακρίνειν,
3603 1449 3864 1510 αΰθαδες’

2284 1539 2426 1592 οὕτω
2460 1541 2554 1592 καὶ
2591 1543 2652 1593 τδ
2689 1541 2763 1610 μὴ
2803 1542 2930 1604 τοὺς
2986 1542 3204 1609 ἐνόχους
3247 1542 3509 1610 ἐλέγχειν,
3571 1536 3865 1607 λοιμῶδες,

2286 1632 2366 1692 είς
2400 1632 2623 1693 πολλοὺς
2647 1631 2746 1700 τὴν
2774 1632 2928 1685 νόσον
2957 1633 3213 1684 ὲκτεῖνον.
3249 1633 3371 1694 Πῶς
3391 1626 3482 1684 οὖν
3513 1625 3665 1682 εἶπεν
3693 1631 3723 1680 ό
3753 1625 3870 1680 Κύ-

2292 1738 2400 1788 ριος
2430 1725 2487 1774 ὲν
2521 1723 2890 1790 Εὑαγγελίοις·
2921 1724 3173 1792 ”Υπατε,
3200 1721 3453 1790 ἔλεγξον
3481 1720 3668 1780 αὑτὸν
3681 1735 3872 1788 μετα-

2291 1812 2365 1875 ξὺ
2394 1814 2511 1867 σοῦ
2530 1802 2636 1868 καῖ
2657 1814 2846 1868 αὑτοῦ
2865 1814 3206 1884 μόνου,ἑὰν
3221 1816 3304 1878 είς
3327 1814 3401 1866 σὲ
3427 1811 3655 1880 ἁμάρτῃ
3670 1829 3688 1875 ;
3714 1811 3871 1878 Πλὴν

2290 1906 2542 1958 κάκεῖνον
2593 1906 2900 1974 ἐμμένοντα
2948 1907 3013 1974 τῇ
3072 1905 3339 1974 ἁμαρτίᾳ,
3395 1904 3666 1971 συγχωρεῖ
3708 1904 3870 1970 κοινῇ

2290 1993 2631 2063 ἐλέγχεσθαι.
2663 1996 2728 2047 Τί
2757 1995 2851 2048 οὖν
2877 2012 2892 2059 ;
2924 1996 3045 2062 οὑχὶ
3070 1993 3413 2058 σκανδαλίζει
3437 1993 3498 2045 τδ
3526 1996 3676 2068 κοινῇ
3709 1992 3876 2058 ἑλέγο

2290 2085 2518 2153 χεσθαι;
2553 2087 2864 2138 τούναντίον
2897 2085 2998 2155 μὲν
3025 2081 3118 2138 οὖν
3161 2085 3360 2154 μᾶλλον
3395 2083 3761 2146 σκανδαλίζει,
3812 2083 3875 2134 τὸ

2295 2176 2440 2244 παρὰ
2471 2175 2686 2228 πάντων
2717 2175 3078 2242 γινώσκεσθαι
3107 2176 3198 2228 τὸν
3229 2175 3633 2245 ἁμαρτάνοντα,
3661 2172 3763 2224 καὶ
3791 2172 3872 2241 μὴ

2284 2266 2627 2335 ἐλέγχεσθαι.
2665 2266 2764 2319 Διὰ
2805 2266 2962 2320 τοῦτο
3012 2268 3105 2319 καὶ
3133 2268 3162 2318 ό
3200 2268 3353 2330 Θεὸς,
3400 2265 3495 2318 καὶ
3522 2265 3613 2317 τὸν
3638 2261 3870 2333 Φαραὼ,

2292 2358 2386 2409 καὶ
2409 2358 2500 2409 τὸν
2523 2357 3015 2429 Ναϐουχοδονόσορ,
3059 2358 3152 2410 καὶ
3180 2357 3404 2418 πολλοὺς
3438 2355 3630 2418 ἄλλους
3654 2354 3736 2418 εἰς
3775 2352 3877 2422 μέ-

2295 2464 2385 2497 σον
2416 2446 2642 2514 ἀγαγὼν
2673 2449 2953 2514 ἐκόλασεν,
2983 2449 3069 2500 ἵνα
3094 2448 3436 2518 σωφρονισθῇ
3465 2447 3494 2499 ό
3520 2446 3658 2517 βίος.
3703 2494 3705 2496 .

2400 2742 2865 2812 Atapaprtipopat
2948 2742 3207 2798 ἐνώπιον
3284 2742 3391 2797 τοῦ
3487 2740 3634 2796 Θεοῦ
3661 2783 3678 2808 ,
3767 2743 3874 2799 καί

2299 2838 2515 2904 Κυρίου
2559 2836 2762 2903 Ἰησοῦ
2797 2836 3070 2905 Χριστοῦ,
3102 2836 3198 2889 καί
3230 2835 3349 2890 τῶν
3373 2831 3677 2889 ἐκλεκτῶν
3695 2834 3872 2904 ἀττέ-

2295 2930 2441 2979 λων.
2470 2927 2783 2996 Διαλεχθεὶς
2820 2929 2951 2995 περὶ
2975 2926 3184 2980 πολλῶν
3212 2925 3323 2979 τῶν
3346 2926 3629 2997 ἀνωτέρω,
3654 2924 3753 2978 νῦν
3783 2925 3869 2978 ὅτι

2297 3021 2424 3090 περὶ
2465 3022 2696 3092 κρίσεως
2720 3021 2764 3052 ⁵⁷
2801 3016 2941 3084 εἷπε,
2974 3019 3408 3088 διαμαρτύρεται
3434 3018 3595 3071 αὑτὸν
3623 3019 3722 3072 καὶ
3744 3017 3870 3071 λίαν

629 3090 760 3156 quia
789 3087 1114 3140 Timotheus
1153 3096 1295 3149 erat,
1321 3086 1674 3140 reverebatur
1707 3100 1858 3148 eum,
1888 3087 1980 3138 sed
2012 3087 2191 3136 muni—

2300 3086 2568 3177 (,Sp-tXTtDC.
2600 3113 2676 3164 Οὐ
2703 3112 2810 3181 γὰρ
2840 3111 3030 3178 ἐπειδὴ
3055 3086 3320 3179 Τιμόθεος
3354 3105 3443 3180 ἦν,
3474 3109 3699 3180 ᾐδέσθη,
3746 3108 3868 3163 ἀλλ’

625 3182 704 3234 vit
726 3195 869 3234 eum.
901 3176 958 3230 Si
995 3177 1139 3231 enim
1201 3179 1268 3229 de
1297 3177 1482 3244 seipso
1526 3176 1688 3239 dixit,
1723 3174 1804 3227 Ne
1848 3176 1970 3227 at'iis
2001 3175 2197 3243 praedi-

557 3333 560 3344 ι
627 3289 781 3336 cans,
829 3274 940 3341 ipse
1007 3268 1260 3338 reprobus
1324 3268 1560 3321 inveniar
1584 3267 1650 3334 ³⁸,
1699 3269 1871 3322 multo
1930 3268 2101 3336 magis
2129 3268 2196 3321 de

560 3350 574 3362 Χ
629 3365 922 3419 Timotheo
952 3363 1058 3419 hoc
1083 3363 1267 3418 dicere
1295 3377 1404 3416 non
1437 3369 1522 3417 est
1546 3361 1780 3417 veritus.
1814 3361 1981 3416 Vocat
2010 3370 2192 3414 autem

627 3464 825 3510 testem
856 3465 909 3510 et
941 3454 1154 3508 Patrem
1185 3462 1240 3507 et
1264 3452 1484 3516 Filium,
1513 3462 1573 3505 ut
1608 3453 1662 3508 in
1698 3453 1882 3506 futuro
1920 3453 2006 3507 die
2037 3453 2196 3506 facile

631 3547 885 3600 excusari
949 3545 1143 3612 possit,
1205 3544 1439 3612 siquid
1471 3541 1617 3611 quod
1671 3559 1778 3595 non
1835 3545 2012 3607 decet,
2079 3545 2196 3610 ipso

631 3634 998 3704 praecipiente,
1037 3635 1238 3688 factum
1271 3633 1362 3688 sit.
1389 3633 1459 3692 At
1484 3633 1643 3703 cujus
1670 3632 1746 3687 rei
1773 3634 1948 3703 gratia
1975 3634 2196 3701 angelos

629 3725 796 3780 simul
829 3724 1104 3779 assumit?
1131 3740 1196 3778 eo
1226 3725 1373 3792 quod
1396 3733 1449 3777 et
1471 3725 1649 3794 angeli
1683 3725 1736 3777 in
1771 3724 1956 3778 futuro
1987 3724 2196 3793 judicio

628 3816 863 3873 Domino
890 3814 1114 3869 aﬂuturi
1149 3816 1260 3870 sint
1287 3815 1572 3869 satellites.
1599 3814 1700 3888 ‘Est
1724 3823 1905 3869 autem
1953 3825 2006 3869 et
2035 3795 2196 3868 nobis

628 3911 685 3963 in
715 3924 884 3973 more,
919 3917 974 3961 et
1005 3907 1243 3976 majores
1276 3915 1329 3960 et
1366 3905 1609 3959 minores
1642 3921 1904 3974 personas
1960 3907 2015 3960 in
2047 3909 2198 3960 testi-

633 4003 877 4056 monium
903 4001 1176 4068 accipere.
1217 3997 1373 4051 Hanc
1416 3998 1786 4054 adrationem
1820 3997 1992 4054 Jacob
2027 3998 2193 4052 Deum

624 4101 681 4146 et
714 4108 865 4146 aram
897 4095 952 4145 in
975 4100 1172 4145 testem
1195 4093 1441 4146 assumit.
1474 4091 1620 4157 Quin
1641 4094 1806 4146 etiam
1845 4092 2044 4157 Moses,
2069 4092 2196 4146 Tes-

630 4185 830 4252 tiﬁcor,
889 4184 1090 4248 inquit,
1128 4183 1315 4233 caelum
1347 4191 1394 4232 et
1431 4190 1646 4234 terram.
1712 4184 1861 4236 Adeo
1919 4185 2063 4236 enim
2113 4193 2197 4239 cst

632 4285 954 4328 mansuetus
983 4272 1123 4325 Deus
1146 4280 1358 4334 noster,
1399 4280 1458 4323 ut
1500 4273 1585 4324 vel
1619 4288 1809 4327 servos
1866 4275 1920 4326 in
1952 4277 2198 4330 testimo-

2294 3202 2630 3271 ἠσφαλίσατο
2655 3203 2859 3256 αὐτόν..
2897 3202 2960 3253 Et
2981 3201 3088 3270 γὰρ
3119 3200 3249 3270 περὶ
3280 3200 3474 3252 ἑαυτοῦ
3504 3200 3681 3267 ἔλεγε·
3737 3199 3868 3266 Μή-

2295 3310 2420 3359 πως
2461 3292 2672 3358 ἄλλοις
2719 3291 3007 3359 κηρύξας,
3046 3291 3232 3357 αὐτὸς
3257 3290 3543 3358 ἀδόκιμος
3581 3286 3868 3359 γένωμαι,

2297 3383 2477 3454 πολλῷ
2507 3384 2707 3453 μᾶλλον
2719 3386 2862 3454 ’περὶ
2900 3382 3164 3452 Τιμοθέου
3195 3384 3296 3436 οὐκ
3323 3381 3389 3436 ἂν
3408 3381 3629 3453 ᾐδέσθη.
3691 3379 3873 3435 Kak!

2294 3478 2351 3530 δὲ
2406 3479 2657 3548 μάρτυρα
2685 3478 2780 3530 καὶ
2805 3477 2898 3530 τὸν
2935 3477 3155 3547 Πατέρα
3188 3464 3284 3530 καὶ
3315 3475 3406 3528 τὸν
3433 3466 3584 3543 Υίὺν,
3607 3474 3686 3537 ὡς
3715 3474 3785 3529 ἂν
3813 3475 3872 3526 ἔν

2294 3574 2362 3639 τῇ
2404 3570 2671 3638 μελλούσῃ
2718 3569 2901 3637 ἡμέρᾳ
2945 3568 3345 3637 εὐαπολόγητος
3371 3564 3430 3640 ᾗ.
3480 3569 3535 3620 εί
3566 3585 3619 3620 τι
3649 3567 3869 3636 γένοιτο

2298 3658 2448 3726 παρὰ
2491 3656 2552 3708 τὸ
2584 3655 2723 3718 δέον,
2767 3657 2844 3714 ὡς
2871 3656 3260 3723 παραγγείλας.
3312 3654 3449 3718 Τοὺς
3490 3657 3548 3708 δὲ
3572 3658 3864 3730 ιάγγέλους

2297 3749 2437 3809 τίνος
2466 3747 2650 3800 ἕνεκεν
2680 3745 3243 3814 συμπαραλαμϐάνει;
3293 3744 3437 3797 Διότι
3485 3746 3545 3798 έν
3578 3748 3646 3815 τῇ
3679 3748 3866 3817 κρίσει

2299 3841 2395 3892 καὶ
2425 3837 2645 3905 ἄγγελοι
2707 3835 2992 3905 μέλλουσιν
3029 3831 3170 3888 εἶναι
3199 3833 3244 3865 ⁸⁸
3299 3820 3588 3904 δορυφόροι
3634 3833 3731 3886 τοῦ
3759 3837 3861 3887 Δε-

2299 3932 2518 3985 σπότου.
2579 3930 2739 3995 Ἔθος
2777 3928 2833 3982 δέ
2881 3929 2998 3980 ἐστι
3038 3927 3132 3981 καὶ
3187 3928 3343 3997 ἡμῖν,
3388 3927 3484 3979 καὶ
3525 3927 3865 3996 ὑπερέχοντα

2299 4027 2392 4078 καὶ
2428 4016 2694 4077 ἐλάσσονα
2726 4023 2994 4091 πρόσωπα
3039 4021 3119 4083 είς
3149 4020 3458 4090 μαρτυρίαν
3493 4018 3866 4091 παραλαμϐά-

2301 4135 2436 4170 νειν.
2469 4118 2578 4169 Καὶ
2605 4115 2633 4167 ό
2678 4112 2872 4167 Ἰακὼὸ
2899 4111 2999 4165 ,καὶ
3027 4110 3118 4164 τὸν
3143 4111 3276 4164 Θεὸν
3302 4111 3397 4164 καὶ
3425 4109 3614 4180 βουνὸν
3647 4107 3694 4141 ⁸⁸
3728 4109 3869 4178 μάρ-

2295 4227 2434 4279 τυρα
2467 4206 2906 4277 παραλαμϐάνει.
2942 4204 3052 4255 Καὶ
3075 4203 3281 4269 Μωσῆς
3307 4219 3321 4234 ·
3351 4204 3730 4270 Μαρτύρομαι
3759 4200 3868 4252 τὸν

2304 4293 2568 4362 οὐραγὸν
2600 4295 2699 4346 καὶ
2738 4293 2854 4360 τὴν
2889 4292 3028 4361 γῆν.
3059 4291 3217 4344 Οὒτω
3245 4290 3355 4360 γάρ
3387 4294 3535 4345 ἐστιν
3562 4289 3816 4360 ἐπιεικὴς
3839 4289 3869 4341 ὁ

629 4366 781 4419 nium
814 4363 1109 4434 productos
1173 4361 1425 4430 recipiat.
1500 4360 1694 4417 Electis
1772 4374 1953 4418 autem
1999 4368 2191 4433 angeli:

2299 4360 2430 4447 Θεδς
2463 4383 2640 4452 ἡμῶν,
2697 4383 2838 4434 ὥστε
2871 4360 2966 4434 καὶ
3006 4382 3132 4456 τους
3162 4381 3380 4456 δούλους
3429 4383 3510 4444 είς
3556 4379 3865 4451 μαρτυρίαν

629 4456 790 4522 dixit,
814 4425 1263 4526 quandoquidem
1291 4425 1346 4508 et
1372 4455 1649 4509 daemones
1700 4454 1812 4508 sint
1845 4456 2042 4525 angeli,
2069 4425 2191 4509 "sed

2300 4425 3000 4543 συμζταιᾶιλαὶιῦανομένους
3069 4425 3339 4539 δέχεσθαι.

629 4545 845 4619 rejecti.

702 4729 770 4783 Ut
797 4729 909 4783 ha'c
938 4725 1217 4781 custodias
1243 4725 1359 4779 sine
1379 4725 1714 4795 pra'judicio,
1753 4731 1884 4783 nihil
1911 4733 2108 4800 [aciem
2141 4737 2196 4788 in

631 4823 860 4877 alterum
892 4828 1097 4889 partem
1139 4815 1474 4871 declinando.
1507 4817 1621 4872 Hoc
1650 4828 1752 4884 est,
1779 4831 1838 4874 ut
1863 4823 2086 4892 aequalis
2116 4826 2194 4881 sis

626 4914 1102 4983 disceptantibus;
1142 4919 1199 4965 ut
1228 4927 1334 4965 non
1369 4911 1461 4965 [lat
1490 4911 1902 4982 praeiudicium:
1958 4915 2059 4971 hoc
2088 4927 2210 4989 est,

639 5019 700 5063 ut
740 5019 902 5061 nemo
935 5013 987 5058 te
1011 5013 1378 5073 praeoccupet,
1414 5005 1630 5075 sibique
1657 5014 1710 5061 te
1752 5009 2096 5088 conciliando
2127 5012 2195 5068 sit

631 5102 686 5154 in
711 5113 878 5154 causa
909 5103 972 5150 ut
1004 5111 1101 5165 pro
1129 5095 1250 5164 ipso
1280 5099 1610 5149 sententiam
1666 5099 1833 5163 feras,
1865 5116 2194 5172 causamque

632 5191 927 5258 dijudices.
957 5185 1146 5257 Neque
1177 5186 1348 5240 facias
1375 5182 1678 5256 quidquam
1703 5193 1998 5245 secundum
2029 5201 2181 5265 πρόσ-

628 5283 830 5347 κλισιν,
876 5283 980 5336 hoc
1033 5289 1139 5346 cst,
1192 5296 1257 5334 ex
1314 5277 1508 5332 aﬂ‘ectu
1563 5279 1621 5332 in
1707 5281 1932 5337 alteram
1967 5298 2187 5354 partem

2295 4563 2585 4632 ἀγγέλων,
2612 4559 2753 4624 εἷπε,
2811 4561 2943 4612 διότι
2971 4558 3192 4629 ἄγγελοι
3230 4562 3322 4615 καὶ
3354 4561 3404 4613 oi
3446 4561 3718 4632 δαίμονες,
3750 4559 3864 4615 ἀλλ’

2295 4655 2330 4707 ἀ
2339 4653 2591 4723 πόῦλητοι
2601 4692 2613 4705 .
2768 4661 2770 4663 ’

2370 4747 2502 4800 Ἵνα
2579 4744 2766 4805 ταῦτα
2836 4743 3121 4811 φυλάξῃς
3193 4742 3377 4811 χωρὶς
3441 4742 3864 4810 προκρίματος,

2291 4837 2486 4912 μηδὲν
2521 4852 2708 4889 ποιων
2755 4835 2906 4889 κατὰ
2942 4836 3332 4907 πρόσκλισιν.
3399 4832 3707 4898 Τουτέστιν,
3747 4835 3864 4889 Ἰνα

2299 4916 2413 4990 rem;
2436 4924 2504 5000 ᾗς
2520 4929 2632 4990 τοῖς
2657 4925 3054 4995 δικαζομένοις,
3091 4924 3176 4977 ῐνα
3206 4923 3283 4992 μὴ
3316 4912 3536 4994 γένηται
3553 4924 3860 4997 πρόκριμα·

2301 5021 2605 5082 τουτέστιν,
2663 5017 2751 5070 ἵνα
2805 5009 3008 5086 μηδείς
3045 5031 3105 5067 σε
3160 5013 3656 5086 προκαταλαμϐάνῃ
3693 5055 3709 5080 ,
3769 5017 3862 5070 καὶ

2298 5108 2773 5181 προοικειούμενός
2799 5109 2845 5140 ⁸⁸
2896 5124 2954 5159 σε
2990 5107 3116 5176 ποιῇ
3173 5105 3313 5174 ὑπὲρ
3363 5105 3530 5158 αὐτοῦ
3611 5107 3860 5163 ἔντεῦθεν

2304 5201 2404 5273 ἥδη
2437 5198 2878 5270 προκρίνεινςνκαὶ
2925 5192 3465 5266 προαποφαίνεσθαι⁶
3514 5194 3650 5265 μηδὲ
3702 5200 3858 5268 ποιῇς

2231 5343 2237 5351 ,
2301 5311 2357 5347 τι
2411 5290 2553 5345 κατὰ
2602 5286 2946 5359 πρόσκλισιν,
2991 5286 3260 5352 τουτέστι,
3307 5283 3448 5338 κατὰ
3487 5288 3856 5358 πῳσπάθειαν

699 5418 766 5450 ³⁸·
802 5414 990 5469 Matth.
1021 5416 1285 5482 “111,15.
1361 5416 1405 5447 ³¹
1433 5413 1605 5470 Exod.
1631 5429 1738 5473 xiv.
1813 5417 1881 5449 ’ν
1918 5419 2054 5478 Dan.
2080 5439 2152 5481 IV.
2234 5429 2279 5461 ³³
2311 5430 2477 5484 lCor.
2520 5444 2595 5493 tx,
2619 5426 2711 5480 27.

1971 5539 2170 5600 Varias
2208 5539 2535 5604 lectiones.

703 5638 751 5670 “
777 5639 898 5708 μετ’
945 5631 1245 5704 ἀποτομίας
1275 5647 1330 5689 ο.
1407 5638 1450 5669 ⁵⁷
1481 5639 1577 5706 τῆς
1628 5638 1861 5710 κρίσεως
1906 5638 2006 5710 τῆς
2048 5640 2366 5708 τελευταίας
2430 5659 2503 5697 m.

627 5710 876 5780 οικειούμ
901 5724 956 5763 o.

2620 5640 2666 5674 ⁸⁸
2699 5642 2952 5714 παρεῖναι
2972 5653 3035 5698 0:
3099 5639 3144 5673 ³⁸
3190 5637 3418 5709 οὐρανὸν
3451 5652 3508 5692 ο.
3576 5677 3590 5702 κ
3615 5638 3662 5707 ⁵9
3687 5653 3827 5710 προσ

3426 4469 3767 4525 Ἐκλεκτῶν-
3806 4469 3865 4524 δὲ
3970 4514 3972 4517 .
