4060 6326
209 409 316 475 105

917 409 1316 468 ΕΧΡΟΞΙΤΙΟ
1357 409 1437 467 ΙΝ
1477 408 1717 474 EPIST.
1760 409 1822 468 II
1865 411 1964 472 AD
2002 411 2317 472 TIMOTH.
2355 438 2416 449 -·-
2456 414 2607 475 CAP.
2639 415 2720 475 II.

3329 420 3430 484 106

202 523 335 585 τοὺς
369 519 691 590 αἱρετικούς.
738 515 919 575 Ἦσαν
983 525 1080 592 μὲν
1134 523 1242 592 γάρ
1281 504 1425 585 τινες
1476 523 1570 575 καὶ
1622 524 1766 587 τότε,

1877 535 2096 595 prepter
2136 526 2436 583 haereticos.
2481 525 2611 598 Nam
2643 537 2695 583 et
2752 539 2859 582 tum
2919 529 3134 586 fuerunt
3187 524 3429 588 nonuulJ

207 614 261 665 οἲ
289 612 547 681 αἰσχύνην
585 612 832 681 ἐνόμιζον
863 613 922 664 τὸ
947 613 1036 665 τὸν
1082 615 1209 665 Υἱὺν
1251 613 1345 666 τοῦ
1391 614 1524 666 Θεοῦ
1557 614 1770 676 παθεῖν,

204 706 305 758 καὶ
341 705 428 758 διὰ
472 705 631 758 τοῦτο
682 706 810 766 ἴσως
842 706 940 770 τὴν
971 706 1274 772 φαντασίαν
1327 707 1560 773 εἰσῆγον.
1619 705 1775 760 Οὕτω

204 793 315 862 γὰρ
367 792 699 862 ἐταπεινώθη
749 795 776 844 ὁ
811 792 941 854 Θεὸς
978 793 1044 845 δι’
1086 795 1254 862 ἡμᾶς,
1306 796 1379 856 ὡς
1434 799 1526 846 καὶ
1574 796 1764 863 αἰσχύ-

214 881 406 934 νεσθαι
436 883 561 944 τοὺς
604 879 920 950 ἀνθρώπους
953 883 1272 950 περιάπτειν
1310 883 1428 952 Θεῴ
1455 882 1553 952 τὴν
1575 885 1773 936 τοσαύ-

203 989 306 1041 την
376 973 722 1024 ταπείνωσιν,
774 973 936 1038 Λέγει
989 974 1044 1024 δὲ
1097 974 1190 1028 καὶ
1245 975 1328 1028 διὰ
1365 975 1423 1026 τὸ
1454 975 1778 1046 παραμυθή-

210 1063 408 1116 σασθαι
437 1064 622 1127 αὑτὸν,
673 1064 889 1127 δεικνὺς
918 1065 1000 1117 ὅτι
1054 1066 1146 1117 καὶ
1202 1067 1362 1129 αὐτὸς
1392 1069 1420 1119 ὁ
1459 1068 1776 1130 διδάσκαλος

206 1151 440 1221 Χριστος
481 1151 569 1205 διὰ
624 1153 827 1216 πάθους
877 1154 1094 1224 ἐνίκησε
1151 1156 1240 1207 τὸν
1291 1156 1542 1210 θάνατον.
1573 1159 1774 1211 Τούτου

211 1245 538 1315 μνημὸνευε,
570 1247 666 1300 καὶ
693 1248 792 1301 οὐκ
823 1247 1076 1311 ὀκλάσεις
1103 1249 1241 1313 πρὸς
1268 1251 1334 1303 τὰ
1362 1251 1529 1320 πάθη.

277 1423 439 1475 Κατὰ
463 1423 528 1477 τὸ
554 1425 922 1494 Εὑαγγέλιόν
939 1444 1080 1495 μου.
1106 1422 1288 1481 Ἦσαν
1305 1426 1411 1496 γάρ
1436 1444 1579 1490 τινες
1612 1428 1776 1497 ἓτερα

207 1515 687 1585 εὐαγγελιζόμενοι
718 1532 730 1544 ·
781 1517 896 1570 ἀλλ’
942 1521 1042 1571 οὐκ
1077 1519 1324 1584 ἐκείνοις,
1379 1519 1513 1573 ἀλλὰ
1551 1519 1631 1591 τῷ
1661 1521 1778 1592 ἐμῷ

209 1606 571 1676 Εὐαγγγελίῳ
597 1608 676 1661 δεῖ
709 1609 1018 1680 προσέχειν.

289 1714 396 1767 Ἐν
422 1708 470 1782 ᾧ
495 1718 814 1772 κακοπαθῶ
833 1708 1007 1787 μέχρι
1029 1718 1288 1785 δεσμῶν,
1319 1720 1398 1785 ὡς
1425 1719 1771 1789 κακοῦργος.

209 1807 379 1859 Πάλιν
413 1809 506 1874 ἀφ’
549 1809 740 1860 ἑαυτοῦ
784 1811 1190 1880 παραμυθεῖται
1227 1810 1315 1863 τὸν
1380 1811 1647 1882 μαθητὴν,
1684 1813 1776 1864 καὶ

1876 618 1968 686 qui
2037 618 2389 687 ignominiam
2446 619 2868 687 arbitrabantur,
2926 625 3067 692 quod
3123 624 3291 678 Filius
3339 624 3431 679 Dei

1878 716 2176 777 pateretur,
2220 725 2282 764 ac
2315 719 2594 780 propterea
2630 711 2862 767 fortasse
2913 717 3219 782 passionem
3266 719 3432 786 phan-

1879 801 2130 854 tasticam
2165 802 2517 856 induxerunt.
2564 800 2714 855 Adeo
2772 805 2915 857 enim
2972 806 3288 862 humiliatus
3352 817 3433 864 est

1879 889 2020 946 Deus
2058 903 2276 959 propter
2307 907 2427 956 nos,
2472 903 2530 947 ut
2584 893 2914 947 erubescant
2967 897 3130 948 etiam
3184 897 3434 952 homines

1878 990 2086 1034 tantam
2138 983 2571 1037 humiliationem
2625 982 2733 1037 Deo
2767 984 3059 1053 applicare.
3117 984 3220 1038 Ista
3256 999 3431 1040 autem

1878 1072 1999 1126 ideo
2050 1072 2203 1136 dicit,
2249 1081 2306 1125 ut
2333 1074 2574 1125 animum
2603 1074 2651 1126 ci
2706 1073 2886 1136 addat,
2942 1073 3231 1128 ostendens
3287 1074 3431 1143 quod

1877 1173 1931 1215 et
1965 1163 2080 1232 ipse
2111 1171 2411 1231 prarceptor
2467 1171 2650 1217 noster
2686 1162 2931 1216 Christus
2988 1179 3080 1231 per
3132 1166 3430 1231 passionem

1880 1244 2106 1303 mortem
2138 1251 2346 1304 vicerit.
2373 1251 2559 1305 Isthuc
2582 1252 2893 1316 recordare,
2950 1259 3000 1306 ct
3034 1252 3178 1306 haud
3236 1252 3436 1305 labefa-

1880 1339 2115 1393 ctaberis
2140 1339 2203 1393 ad
2237 1341 2581 1398 atilictiones.

1948 1428 2243 1483 Secundum
2296 1428 2633 1499 Evangelia»:
2662 1447 2850 1483 meum.
2878 1429 3120 1484 Fuerunt
3141 1431 3286 1484 enim
3316 1431 3436 1501 qui-

1878 1520 2003 1574 dam
2040 1521 2130 1588 qui
2163 1520 2378 1576 diversa
2411 1522 2773 1589 praedicabant
2798 1537 2810 1572 :
2840 1522 2987 1590 atqui
3023 1537 3128 1576 non
3157 1523 3286 1585 illis,
3350 1538 3439 1577 ve-

1879 1625 1999 1664 rum
2041 1610 2334 1680 Evangelio
2363 1625 2481 1665 meo
2511 1618 2593 1664 est
2614 1609 3026 1663 intendendum.

1949 1717 2185 1773 Vens.9.
2221 1717 2285 1771 In
2337 1735 2436 1787 quo
2459 1718 2642 1771 laboro
2685 1733 2844 1786 usque
2888 1716 2953 1768 ad
2999 1704 3225 1780 vincula,
3289 1717 3437 1782 quasi

1885 1810 2020 1863 male
2051 1827 2294 1876 operans.
2332 1811 2532 1864 lterum
2567 1825 2594 1862 a
2635 1809 2816 1876 seipso
2845 1809 3176 1876 discipulum
3239 1823 3437 1862 conso-

209 1898 286 1948 ὅτι
324 1897 626 1949 κακοπαθεῖ
653 1899 846 1966 λέγων,
881 1901 975 1952 καὶ
1007 1901 1088 1952 ὅτι
1119 1901 1359 1971 πονηρὰν
1380 1902 1536 1968 δόξαν
1570 1905 1772 1971 ἀποφέ-

1888 1899 2049 1963 latur,
2080 1900 2269 1954 dicens
2305 1908 2358 1952 et
2394 1897 2538 1966 quod
2581 1898 2850 1967 aﬂiigitur,
2917 1905 2968 1950 et
3033 1894 3176 1965 quod
3217 1911 3437 1964 pravam

211 2003 381 2054 ρεται.

288 2077 443 2130 Ἀλλ’
473 2080 505 2131 ό
546 2080 726 2146 λόγος
756 2079 858 2132 τοῦ
902 2081 1050 2133 Θεοῦ
1081 2083 1150 2134 οὺ
1185 2081 1433 2134 δέδεται.
1469 2082 1585 2134 Ἵνα
1618 2083 1776 2152 μήτις
1806 2087 1811 2092 “

208 2169 331 2237 εἴπῃ
362 2185 374 2199 ι
409 2169 518 2221 Καὶ
549 2169 600 2221 τί
631 2171 690 2222 τὸ
721 2170 943 2238 ὄφελος
969 2171 1033 2221 Τί
1061 2171 1116 2223 δὲ
1137 2172 1193 2223 τὸ
1225 2171 1426 2241 θαῦμα,
1460 2174 1506 2224 εἰ
1530 2172 1773 2237 δὲδεσαι;

172 2315 175 2317 _
209 2257 388 2320 Δείξόν
426 2276 516 2326 μοι
543 2259 750 2328 κέρδος,
789 2260 958 2322 δεῖξόν
991 2278 1080 2328 μοι
1116 2262 1426 2326 θαυμαστόν
1457 2280 1508 2314 τι
1542 2279 1564 2304 ἀ
1589 2263 1774 2330 φησὶν,

205 2349 286 2400 ὅτι
334 2350 361 2400 ὁ
406 2348 560 2415 λόγος
605 2350 664 2400 οὐ
727 2349 956 2404 δέδεται.
1012 2333 1109 2419 ΙΜὴ
1153 2353 1261 2422 γὰρ
1312 2353 1565 2422 αἰσθητὸν
1617 2353 1776 2422 ἔργον

206 2440 369 2503 ἐστὶν,
445 2439 531 2491 ἵνα
592 2439 949 2508 ἐμποδίζηται
1016 2441 1108 2493 τοῦ
1159 2442 1408 2508 σώματος
1463 2444 1772 2512 δεδεμένου.

206 2530 372 2596 Λόγος
424 2530 543 2582 ἐστὶ
596 2530 736 2582 θεῖον
790 2532 1001 2601 χρῆμα,
1049 2535 1141 2591 καὶ
1180 2534 1312 2586 Θεοῦ
1363 2535 1557 2599 λόγος’
1620 2536 1776 2604 ἡμῶν

206 2621 520 2689 δεδεμένων,
567 2621 787 2674 λέλυται
836 2624 930 2673 καὶ
984 2623 1188 2691 τρέχει.
1227 2624 1359 2676 Ἰδοὺ
1413 2625 1519 2692 γὰρ
1559 2625 1651 2696 καὶ
1692 2625 1777 2676 δε-

205 2710 416 2778 δεμὲνοι
449 2712 735 2781 γράφομεν
770 2715 865 2764 καὶ
935 2713 1300 2784 κηρύττομεν.
1361 2710 1512 2777 Εἶδες
1568 2714 1774 2785 θαῦμα,

207 2795 336 2862 εἶδες
363 2801 577 2870 κέρδος.
1047 2826 1050 2828 ·

273 2893 373 2944 Διά
421 2892 598 2945 τοῦτο
650 2893 846 2947 πάντα
895 2894 1170 2962 ὑπομένω
1211 2896 1255 2927 ιθ
1306 2895 1401 2949 διὰ
1439 2896 1580 2960 τοὺς
1609 2897 1774 2950 ἐκλε-

206 2981 402 3046 κτούς.
451 2982 581 3034 Ἰδοὺ
613 2983 890 3036 καὶτοῦτο
932 2985 1235 3052 προτροπή.
1281 2987 1391 3054 Οὐχ
1424 2987 1563 3055 ὑπὲρ
1603 2988 1774 3055 ἐμαυ-

205 3070 298 3121 τοῦ
341 3072 470 3140 γὰρ,
520 3074 676 3141 φησὶ,
716 3073 932 3142 πάσχω,
961 3072 1073 3124 ἀλλ’
1129 3073 1270 3144 ὑπὲρ
1298 3075 1396 3142 τῆς
1431 3075 1633 3144 ἑτέρων
1666 3091 1771 3127 σω-

207 3164 395 3233 τηρίας
423 3180 436 3192 '
485 3166 582 3233 οὐχ
638 3165 724 3217 ἵνα
771 3166 928 3228 αὐτὸς
961 3165 1223 3230 δοξασθῶ,
1271 3165 1382 3217 ἀλλ’
1433 3167 1520 3220 ἵνα
1575 3167 1770 3235 ἕτεροι.

1881 1989 2189 2057 Opinionem
2224 1988 2420 2042 aufert.

1951 2079 2052 2133 Sed
2083 2082 2290 2134 verbum
2325 2080 2421 2135 Dei
2467 2099 2566 2134 non
2591 2090 2665 2135 est
2705 2081 3002 2150 alligatum.
3029 2081 3101 2135 Ne
3133 2083 3252 2150 quis
3275 2083 3436 2146 dicat,

1880 2172 2077 2240 Ecqua;
2101 2182 2183 2225 est
2224 2172 2616 2228 commoditas?
2663 2172 2793 2241 quid
2843 2187 2974 2226 vero
3040 2174 3234 2225 mirum
3295 2175 3436 2242 quod

1879 2262 2077 2331 ligatus
2110 2264 2216 2316 es?
2261 2261 2501 2316 Ostende
2546 2263 2672 2316 mihi
2736 2263 2972 2326 lucrum,
3024 2263 3249 2317 ostende
3311 2264 3475 2326 mihi,

1880 2347 2084 2416 aliquid
2120 2349 2422 2401 mirandum
2457 2367 2470 2414 ;
2505 2351 2758 2411 Verbum,
2789 2350 2984 2416 inquit,
3035 2366 3140 2404 non
3163 2360 3246 2405 est
3306 2353 3441 2421 liga—

1883 2448 1994 2491 ttttn
2021 2455 2034 2491 :
2075 2456 2179 2492 non
2217 2442 2359 2493 enim
2397 2442 2651 2495 sensibile
2676 2457 2808 2510 opus
2838 2450 2940 2504 est,
2961 2450 3018 2494 ut
3055 2443 3184 2496 illud
3211 2458 3440 2512 corpore

1882 2530 2044 2598 ligato
2082 2531 2428 2598 impediatur.
2471 2531 2655 2584 Divina
2714 2547 2799 2587 res
2826 2543 2911 2587 est
2963 2533 3209 2600 verbum,
3241 2534 3442 2602 Deique

1879 2621 2100 2673 verbum
2143 2640 2154 2673 :
2201 2624 2359 2696 nobis
2413 2623 2587 2690 ligatis
2648 2623 2884 2676 solutum
2939 2633 3023 2678 est
3108 2635 3161 2678 et
3222 2629 3436 2678 currit:

1878 2723 2004 2762 ecce
2066 2711 2208 2762 enim
2286 2685 2786 2784 lig‘ati'smibintus
2837 2723 2890 2766 et
2933 2715 3302 2783 praedicamus.
3354 2717 3442 2770 Vi-

1876 2801 2003 2854 disti
2024 2803 2164 2869 quod
2195 2813 2276 2856 est
2311 2785 2704 2895 atlhtirandttnt,
2731 2804 2914 2858 vidisti
2967 2807 3197 2860 lucrum.

1949 2890 2112 2945 Vens.
2155 2893 2240 2945 l0.
2292 2890 2420 2946 Ideo
2465 2895 2638 2947 omnia
2705 2896 2936 2950 sustineo
2974 2909 3182 2963 propter
3229 2899 3438 2954 electos.

1880 2979 1956 3033 En
1998 2991 2050 3034 et
2094 2983 2272 3036 isthuc
2330 2985 2484 3038 habet
2518 2985 2973 3039 adhortationem.
3019 2990 3178 3056 602
3200 2989 3311 3042 Non
3340 3005 3439 3056 pro

1879 3072 2084 3141 mci'pso
2112 3077 2253 3124 enim
2285 3084 2481 3142 patior,
2523 3075 2722 3144 inquit.
2752 3075 2844 3129 scd
2884 3091 2979 3144 pro
3010 3077 3234 3130 aliorum
3267 3080 3440 3133 salute

1880 3177 1989 3213 non
2025 3171 2082 3213 ut
2114 3164 2513 3231 egoglorilieer,
2541 3165 2632 3218 sed
2664 3175 2721 3219 ιιι
2744 3166 2854 3218 alii.
2890 3165 2992 3230 Qui
3021 3183 3150 3220 vero
3173 3178 3298 3221 sunt
3322 3170 3436 3223 isti?

208 3253 361 3315 Τίνες
422 3255 477 3308 δὲ
540 3249 728 3321 οὗτοις
789 3257 852 3309 Οἱ
908 3257 1154 3309 ἐκλεκτοὶ
1202 3255 1294 3308 τοῦ
1358 3257 1513 3310 Θεοῦ.
1570 3258 1630 3308 Et
1683 3252 1772 3309 οὖν

1890 3251 2058 3305 Eleeti
2091 3252 2205 3306 Dei.
2239 3252 2293 3306 Si
2322 3255 2482 3320 igitur
2511 3255 2649 3310 Deus
2687 3256 2833 3323 ipsos
2863 3257 3040 3324 elegit,
3075 3259 3254 3311 omnia
3278 3274 3441 3327 opor-

204 3345 333 3405 Θεὸς
360 3346 552 3409 αὐτοὺς
569 3346 867 3413 ἐξελέξατο,
898 3349 1073 3400 πάντα
1095 3348 1174 3398 δεῖ
1202 3349 1346 3416 ἡμᾶς
1374 3349 1600 3415 πάσχειν
1632 3348 1767 3415 ὑπὲρ

204 3435 401 3488 αὐτῶν.

277 3525 408 3576 Ἵνα
461 3526 559 3578 καὶ
606 3527 774 3580 αὐτοὶ
801 3527 1095 3593 σωτηρίας
1138 3529 1360 3595 τύχωσι
1394 3526 1501 3593 τῆς
1531 3527 1599 3580 ἐν
1638 3530 1772 3593 Χρι-

204 3615 329 3678 στῷ
366 3618 583 3682 Ἰησοῦ.
623 3619 732 3672 Καὶ
775 3618 949 3682 αὐτοὶ,
996 3618 1184 3690 ὥσπερ
1225 3620 1319 3672 καὶ
1353 3622 1534 3687 ἡμεῖς.
1565 3621 1774 3687 Ὥσπερ

204 3706 268 3758 δι’
311 3711 478 3777 ἡμᾶς,
537 3711 728 3779 φησὶν,
783 3713 810 3763 ὁ
858 3711 989 3772 Θεὸς
1043 3711 1277 3774 ἔπαθεν,
1350 3713 1434 3763 ἵνα
1490 3711 1773 3779 σωθῶμεν,

206 3798 346 3849 οὕτω
408 3802 499 3851 καὶ
541 3803 700 3868 ἡμεῖς
755 3802 1035 3870 πάσχομεν
1098 3802 1164 3852 δι’
1213 3802 1450 3862 ἐκείνους
1493 3803 1554 3851 ’⁷.
1611 3801 1773 3852 Ὥστε

204 3889 552 3951 ἁνταπόδοσίς
613 3891 729 3941 ἐστι
773 3893 832 3942 τὸ
875 3893 1127 3960 πρᾶγμα,
1165 3893 1224 3941 οὐ
1269 3891 1450 3960 γὰρις.
1489 3889 1642 3954 Εἶτα,
1689 3893 1773 3941 ἵνα

206 3980 279 4049 μὴ
341 3983 468 4052 εἴπῃ
506 3998 588 4041 τις
630 3981 776 4048 αὐτῷ
801 3996 813 4009 ’
853 3981 916 4032 Τί
947 3983 1122 4049 λέγεις
1151 4002 1163 4047 ;
1192 3983 1261 4034 Σὺ
1308 3984 1362 4033 ὲν
1391 3982 1607 4048 δεσμοῖς
1646 3981 1772 4049 μέλ-

203 4073 312 4133 λεις
345 4073 386 4104 ¹⁸
423 4071 737 4132 ἀπολέσθαι,
767 4076 858 4125 καὶ
903 4074 1081 4136 ἄλλοις
1114 4073 1383 4143 σωτηρία-ς
1419 4075 1589 4134 αἴτιος
1624 4073 1772 4139 γενέ-

204 4160 324 4211 σθαι
367 4159 664 4230 ἀλαζονεύῃ
700 4179 713 4223 ;
771 4162 848 4213 Οὐ
878 4162 1102 4230 ταύτης,
1137 4164 1293 4230 φησῖ,
1328 4162 1471 4228 λέγω
1523 4162 1622 4231 τῆς
1668 4180 1773 4214 σω-

206 4250 439 4317 ματικῆς
474 4249 767 4320 σωτηρίας,
801 4250 936 4303 ἀλλὰ
965 4252 1064 4320 τῆς
1100 4252 1158 4303 ὲν
1203 4251 1428 4320 Χριστῷ
1475 4251 1647 4320 Ἰησοῦ
1677 4252 1775 4319 τῆς

203 4337 481 4408 ἀληθινῆς,
527 4344 626 4411 τῆς
675 4341 923 4406 ἐνδόξου·
961 4344 994 4412 ἡ
1036 4346 1142 4412 γὰρ
1200 4341 1484 4411 σωματικὴ
1533 4342 1774 4410 σωτηρία

204 4426 406 4488 ἄδοξος.
440 4431 638 4482 Ἀκουε
676 4433 785 4500 γὰρ
809 4433 904 4485 καὶ
921 4433 1031 4484 τῶν
1062 4434 1278 4501 ἐφεξῆς.

268 4535 432 4587 Μετὰ
463 4535 646 4601 δόξης
709 4543 971 4592 αἰωνίου.
1037 4543 1112 4595 Οὐ
1172 4542 1332 4610 μόνον
1387 4543 1471 4594 ἵνα
1504 4543 1766 4606 σωθῶσιν,

202 4625 336 4678 ἀλλὰ
396 4625 454 4676 τὸ
512 4623 719 4694 μεῖζον,
785 4627 872 4677 ἵνα
935 4632 1029 4679 καὶ
1081 4629 1382 4693 sagacem;
1443 4634 1561 4699 μεθ’
1615 4635 1772 4701 ἡμῶν

204 4716 453 4776 αἰωνίοις.
509 4714 677 4768 Ὥστε
734 4715 925 4767 εἷ’καὶ
975 4716 1236 4786 αἰσχύνην
1295 4717 1406 4783 ἔχει
1453 4719 1520 4768 τὰ
1577 4720 1770 4786 δεσμὰ,

205 4805 335 4858 ἀλλὰ
363 4807 452 4857 καὶ
483 4805 642 4868 δοξαν
683 4805 937 4873 προξενεῖ
967 4807 1092 4867 τοῖς
1123 4805 1421 4871 ἐκλεκτοῖς,
1449 4807 1543 4858 καὶ
1571 4806 1769 4875 ταύτην

205 4893 440 4948 αἰώνιον.
496 4897 560 4948 Et
614 4898 672 4948 δὲ
734 4897 936 4959 ἄλλοις,
997 4897 1177 4966 πολλῷ
1245 4897 1445 4966 μᾶλλον
1490 4898 1634 4967 ἐμοὶ,
1691 4897 1769 4965 τῷ

203 4981 364 5033 ταῦτα
391 4983 779 5053 περικειμένῳ.
805 4982 899 5052 Μὴ
926 4982 1017 5035 οὖν
1039 4985 1300 5054 ἀδημόνει
1328 4988 1414 5037 ἐπ’
1438 4988 1580 5055 ἐμοί.

266 5157 482 5221 Πιστὸς
529 5161 563 5211 ὁ
598 5160 800 5227 λόγος.
847 5157 1063 5228 Ἐπειδὴ
1122 5158 1305 5212 πολλοὶ
1365 5164 1764 5230 ἀμφιϐάλλουσι

203 5244 321 5311 περὶ
340 5244 438 5310 τῆς
471 5249 769 5317 μελλούσης
794 5249 941 5319 ζωῆς
973 5248 1067 5300 καὶ
1102 5249 1280 5318 δόξης,
1306 5251 1557 5317 λέγοντες
1588 5271 1600 5282 ·
1630 5256 1763 5306 Ὅτε

202 5333 292 5396 ζῶ,
354 5335 474 5384 τότε
533 5335 751 5404 θανάτῳ
806 5338 1121 5407 ἑκδίδομαι,
1180 5341 1275 5390 καὶ
1330 5339 1418 5390 ὅτε
1478 5342 1758 5403 ἀποθάνω,

202 5427 340 5495 ζήσω
394 5442 409 5486 ;
466 5427 558 5479 καὶ
611 5429 678 5480 τὰ
732 5429 989 5481 τοιαῦτ-α’
1054 5431 1143 5482 διὰ
1193 5429 1348 5482 τοῦτο
1400 5431 1608 5497 βεϐαιοῖ
1659 5434 1750 5483 τὸν

1877 3352 1949 3398 tet
1980 3357 2080 3399 nos
2111 3347 2216 3414 pati
2242 3360 2339 3413 pro
2382 3347 2531 3414 ipsis.

1953 3512 2088 3576 Utet
2118 3525 2215 3593 ipsi
2245 3526 2469 3580 salutem
2496 3539 2894 3598 consequantur,
2928 3544 3041 3599 qua:
3088 3538 3164 3582 est
3198 3531 3249 3582 in
3291 3529 3440 3584 Chri-

1881 3628 1960 3668 sto
1978 3614 2127 3668 Jesu.
2163 3616 2290 3683 Ipsi,
2328 3621 2790 3686 quemadmodum
2841 3629 2894 3673 ct
2919 3637 3041 3674 nos.
3094 3622 3244 3673 Sicut
3280 3638 3440 3689 prop-

1889 3715 1970 3759 ter
2001 3721 2117 3768 nos,
2149 3708 2342 3775 inquit,
2379 3707 2516 3760 Deus
2546 3724 2737 3776 passus
2787 3721 2870 3763 est
2921 3721 2979 3761 ιιι
3028 3725 3325 3772 set-remur,
3362 3712 3441 3764 sic

1885 3806 1936 3850 et
1980 3811 2079 3851 nos
2115 3799 2350 3865 patimur
2399 3807 2618 3867 propter
2645 3798 2788 3853 illos.
2827 3798 3210 3868 Compensatio
3258 3803 3440 3868 itaque

1882 3879 1992 3937 haec
2029 3901 2114 3940 res
2143 3895 2247 3948 est,
2283 3903 2386 3940 non
2415 3889 2609 3956 gratia.
2641 3887 2926 3950 Praeterea,
2965 3904 3032 3942 ne
3075 3890 3197 3958 quis
3247 3891 3292 3941 ei
3345 3891 3439 3941 oh-

1871 3974 2046 4040 jiciat,
2075 3973 2212 4037 Quid
2260 3978 2381 4030 ais?
2420 3986 2471 4029 lu
2503 3980 2554 4030 in
2599 3980 2828 4031 vinculis
2873 3981 3140 4045 periturus
3170 3997 3247 4041 es,
3285 3991 3337 4032 ct
3389 3992 3440 4033 te

1880 4066 2106 4118 aliorum
2134 4067 2328 4120 salutis
2356 4075 2640 4121 auctorem
2673 4069 2786 4122 fore
2821 4069 3105 4121 ostentas?
3140 4067 3253 4122 Non
3273 4070 3432 4130 lianc,

1877 4155 2074 4224 inquit,
2100 4157 2439 4224 corporalem
2462 4158 2689 4212 salutem
2727 4160 2864 4223 dico,
2904 4157 2995 4211 sed
3025 4173 3142 4211 cant
3201 4173 3319 4226 qua:
3354 4169 3435 4212 est

1879 4245 1933 4297 in
1967 4247 2189 4300 Christo
2216 4247 2368 4311 Iesu,
2410 4262 2590 4299 veram
2644 4262 2706 4300 ac
2763 4249 3075 4301 celebrem:
3140 4250 3434 4315 corporalis

1877 4334 2020 4386 enim
2054 4336 2204 4388 salus
2235 4345 2318 4389 est
2361 4337 2614 4404 ingloria.
2645 4336 2785 4388 Audi
2842 4337 2981 4389 cnim
3022 4351 3140 4403 qua:
3192 4345 3431 4402 sequun-

1878 4431 1988 4473 tur.
2505 4432 2508 4436 λ

1947 4533 2078 4583 Cum
2112 4533 2285 4600 gloria
2320 4546 2538 4586 a-terna.
2571 4533 2684 4587 Bion
2725 4534 2901 4588 solum
2935 4542 2984 4587 ut
3018 4547 3317 4597 serventur,
3342 4535 3431 4587 sml

1879 4626 2021 4692 quod
2082 4627 2259 4691 majus
2314 4633 2416 4687 est,
2481 4635 2536 4676 ut
2616 4625 2987 4693 glurilieentur
3047 4627 3324 4678 nobiseum
3380 4629 3431 4676 in

1874 4714 2286 4782 sempiternum.
2324 4711 2504 4774 Quare
2533 4715 2746 4765 etiamsi
2804 4715 3147 4782 ignominiam
3204 4716 3430 4764 habeant

1870 4805 2106 4865 vincula,
2156 4804 2380 4869 gloriam
2429 4812 2603 4854 tamen
2647 4804 2885 4868 pra-bent
2934 4803 3137 4866 οῐυσιίς,
3205 4818 3430 4866 eamque

1868 4891 2283 4958 sempiternam.
2316 4889 2468 4950 Quod
2503 4890 2545 4940 si
2595 4891 2741 4951 aliis,
2779 4891 2948 4941 multo
2983 4891 3149 4954 magis
3181 4901 3233 4942 ct
3276 4893 3427 4947 mihi.

1867 4984 1958 5047 qui
1995 4979 2146 5031 hisce
2175 4993 2292 5030 sum
2325 4977 2678 5031 constrictus.
2709 4979 2784 5032 Ne
2809 4981 2971 5046 igitur
2997 4981 3094 5033 tnei
3116 4998 3274 5032 causa
3301 4999 3428 5031 eon-

1871 5070 2131 5125 tristeris.

1937 5163 2105 5215 Vens.
2133 5159 2450 5215 Ii.‘Fidelis
2481 5177 2669 5213 sermo.
2705 5161 2840 5225 Quia
2865 5160 3102 5228 plerique
3151 5158 3428 5223 ambigunt

1867 5248 2148 5303 defutura
2193 5248 2301 5301 vita
2341 5259 2393 5301 et
2449 5248 2637 5313 gloria,
2688 5247 2971 5300 dicentes:
3011 5243 3236 5308 Quando
3286 5249 3423 5301 \tvn,

1867 5348 1981 5389 tum
2008 5339 2167 5389 morti
2197 5338 2384 5388 trador
2407 5346 2488 5399 ;et
2508 5334 2726 5403 quando
2759 5340 3006 5387 mortuus
3035 5334 3423 5393 lnero,vivam'!

1866 5429 2028 5496 idque
2081 5444 2249 5496 genus
2274 5427 2377 5480 alia
2413 5445 2424 5480 :
2465 5434 2749 5495 propterea
2786 5439 3087 5479 sermonem
3121 5423 3421 5482 coulirtuat,

1530 5603 1728 5666 Variae
1775 5601 2104 5662 lectiones.

267 5754 309 5783 ὀ
343 5750 529 5818 πάσχω
552 5765 606 5803 o.
687 5748 727 5779 "
754 5750 966 5802 ’ἐκεῖνον
995 5764 1047 5804 o.
1125 5753 1169 5784 ⁸⁸
1193 5753 1366 5818 θέλεις
1393 5772 1444 5809 o.

536 5844 806 5915 ΡΑ,τιιοι..
850 5841 966 5902 Gn.
1001 5842 1241 5905 LXXV.
