4060 6326
609 395 712 466 Ill

1416 387 1420 391 ·
1502 390 2074 455 THEOPHYLACTI
2100 371 2528 456 summm
2569 396 2923 458 ARCHIEP.

3713 395 3816 461 ιιι

605 525 768 582 atque
801 507 1070 582 praeelecti
1121 515 1247 565 sunt
1283 550 1296 574 ,
1330 522 1395 562 ne
1422 513 1802 576 pervertuntur
1828 518 1950 556 cum
1993 505 2164 571 putri-

2271 503 2523 568 ὀλοτε).ῶς
2547 521 2559 535 ·
2598 507 2690 560 καὶ
2719 507 3175 578 προεξελέγησαν,
3207 509 3349 561 ὥστε
3381 476 3456 580 μὴ
3494 526 3823 579 συνανατρα-

609 603 874 657 diorihus.
930 602 1274 670 lniquitatem
1304 608 1500 652 autem
1524 607 1768 651 errorem
1831 595 2062 665 appellat
2108 596 2161 647 in

607 695 972 764 dogmatibus,
1000 693 1098 746 vel
1156 692 1472 760 simpliciter
1513 703 1896 764 quamcunque
1948 686 2164 756 injusti-

612 786 895 852 tiam.-Qui
929 787 1073 840 enim
1139 783 1371 852 iniurius
1403 790 1506 843 est,
1555 796 1660 834 non
1694 788 1777 833 est
1804 779 2162 842 fundamenti,

611 896 718 935 non
769 888 850 933 est
903 879 1014 932 Dei.
1092 875 1370 942 Quomodo
1431 877 1608 938 enim,
1649 888 1770 927 cum
1838 873 1926 926 ille
1967 872 2164 940 justus

610 984 688 1027 t'sl
713 973 737 1026 τ’
761 972 875 1026 Non
909 973 1065 1025 habet
1097 971 1455 1041 signaculum.
1488 967 1741 1036 Expende
1791 976 1992 1031 autem,
2015 968 2163 1036 quod

609 1067 657 1120 si
707 1065 754 1118 is
797 1064 887 1132 qui
922 1062 1161 1116 nominat
1209 1075 1407 1114 nomen
1477 1058 1712 1122 Domini,
1769 1058 1836 1111 ab
1899 1058 2165 1128 injustitia

593 1156 869 1211 'tiesistcre
900 1153 1076 1219 debet;
1103 1152 1194 1221 qui
1232 1165 1335 1203 non
1373 1149 1605 1210 desistit,
1640 1163 1705 1201 ne
1734 1147 2163 1216 dignusquidt-m

611 1253 695 1300 est
726 1245 821 1315 qui
849 1258 1041 1297 nomen
1069 1241 1278 1294 Domini
1312 1241 1574 1293 nominet.
1604 1237 1722 1292 Non
1752 1248 1834 1292 est
1858 1239 2002 1292 enim
2038 1254 2163 1308 spe-

609 1339 756 1392 ciosa
780 1335 896 1387 laus
923 1333 976 1387 in
1008 1347 1102 1388 ore
1128 1331 1448 1402 paegniaris.
1811 1325 1818 1330 ’

678 1427 840 1482 Vens.
863 1427 951 1478 20.
993 1422 1058 1476 In
1093 1433 1284 1492 magna
1335 1430 1508 1472 autem
1545 1419 1711 1474 domo—-
1728 1435 1830 1472 non
1852 1419 2018 1472 solum
2044 1428 2164 1474 sunt

609 1534 736 1572 rasa
772 1531 933 1569 aurea
961 1521 1011 1566 et
1041 1519 1302 1581 argentea,
1350 1497 1524 1562 verum
1573 1509 1734 1560 etiam
1781 1508 1953 1576 lignea
2011 1519 2166 1577 atque

512 1646 516 1650 -
611 1622 856 1665 testacea.
910 1605 1044 1672 Quia
1091 1604 1240 1657 multi
1320 1601 1516 1654 turbati
1569 1609 1816 1669 quaarttnt
1870 1615 2035 1669 quam
2096 1601 2167 1653 ob

609 1715 829 1756 oausam
877 1700 983 1753 siut
1011 1699 1066 1752 in
1123 1695 1325 1749 mundo
1352 1693 1524 1760 pravi,
1567 1693 1688 1746 aliis
1740 1694 1922 1746 causis
1970 1691 2163 1747 dimis-

610 1794 708 1852 sis.
750 1804 894 1843 nunc
942 1787 1083 1841 hanc
1114 1784 1290 1838 reddit
1322 1798 1335 1834 :
1368 1791 1654 1852 propterea
1688 1781 1829 1849 quod
1867 1781 1919 1833 in
1974 1795 2163 1848 magna

2267 596 2435 665 πῆναι
2462 600 2571 661 τοῖς
2595 598 2958 668 σαθροτέροις.
3002 601 3238 664 Ἀδικίας
3267 601 3345 664 δὲ,
3371 602 3468 670 τῆς
3499 603 3556 653 ὲν
3593 601 3822 670 δόγμασι

2267 687 2497 755 πλάνης,
2536 689 2718 757 φησὶν,
2753 689 2784 759 ἢ
2817 691 2998 753 ἁπλῶς
3042 692 3222 759 πάσης
3251 692 3500 757 άδικίας;
3545 693 3598 745 Ὀ
3623 693 3822 745 ἀδικῶν

2264 778 2362 845 οὐκ
2384 778 2511 849 ,ἐστι
2544 778 2635 831 τοῦ
2666 779 3048 849 θεμελίου,οὐκ
3077 780 3300 834 ἔστι-τοῦ
3327 781 3486 833 Θεοῦ.
3519 780 3639 842 Πῶς
3665 778 3775 846 γὰρ
3803 795 3818 842 ;

2268 848 2473 923 ἐκείνου
2503 871 2708 924 δικαίου
2735 848 2920 936 δντοςς
2952 873 3048 924 οὐκ
3080 873 3190 941 ἔχει
3228 873 3326 942 τὴν
3359 872 3647 942 σφραγῖδι.
3679 871 3821 940 Ὅρα

2266 962 2322 1014 δὲ
2351 964 2430 1015 ὅτι
2462 965 2509 1015 εί
2539 965 2566 1015 6
2590 963 2868 1033 ὀνομάζων
2907 964 2965 1016 τὸ
3004 964 3174 1032 ὄνομα
3207 963 3435 1033 Κυρίου,
3463 963 3663 1032 ὀφείλει
3715 964 3820 1028 ἀφ’

2272 1053 2515 1106 ίστασθαι
2550 1055 2657 1106 ἀπὸ
2695 1054 2924 1119 ἀδικίας,
2955 1057 2983 1107 ὀ
3025 1054 3098 1124 μὴ
3132 1055 3510 1124 ἀφιστάμενος,
3536 1053 3653 1106 οὐδὲ
3703 1053 3820 1104 ὄνος

2271 1145 2459 1212 μάζειν
2494 1146 2660 1210 ἄξιος.
2722 1147 2842 1214 Οὐχ
2879 1145 3074 1215 ὡραῖος
3120 1145 3229 1218 γὰρ
3277 1139 3422 1208 αἶνος
3481 1147 3538 1199 ἐν
3593 1145 3820 1214 στόματι

2266 1237 2613 1306 ἀμαρτωλοῦ.

2347 1421 2448 1474 Ἐν
2474 1420 2701 1489 μεγάλῃ
2768 1421 2837 1474 δὲ
2871 1422 3025 1488 οἰκίᾳ
3081 1423 3192 1475 οὐκ
3237 1422 3368 1476 ἐστι
3411 1424 3600 1491 μόνον
3627 1423 3820 1490 σκεύη

2266 1509 2468 1579 χρυσᾶ
2491 1511 2586 1564 καὶ
2631 1510 2878 1580 ἀργυρᾶ,
2921 1512 3080 1566 ἀλλὰ
3119 1512 3217 1565 καὶ
3245 1513 3462 1577 ξύλινα
3483 1513 3579 1565 καὶ
3602 1512 3822 1580 ὀστράο

2262 1616 2418 1653 κινα,
2460 1600 2675 1672 Ἐπειδὴ
2701 1603 2884 1656 πολλοὶ
2908 1603 3284 1673 ταράττονται,
3309 1603 3397 1657 διὰ
3423 1604 3475 1655 τί
3502 1604 3638 1656 εἰσιν
3667 1605 3724 1655 ὲν
3749 1602 3825 1670 τῷ

2265 1691 2450 1762 κόσμῳ
2482 1693 2531 1745 οί
2577 1685 2822 1763 πονηροὶ,
2873 1694 3030 1761 ἀφεὶς
3059 1695 3158 1755 τὰς
3205 1694 3366 1756 ἄλλας
3398 1695 3574 1757 αἰτίας
3606 1695 3634 1746 ὀ
3673 1694 3822 1746 Παῦ-

2263 1782 2372 1846 λος,
2409 1782 2502 1836 νῦν
2537 1783 2737 1853 ταύτην
2789 1785 2963 1854 φησί·
3009 1785 3140 1838 διότι
3186 1787 3279 1838 καὶ
3333 1787 3391 1837 ἐν
3428 1785 3634 1856 μεγάλῃ
3681 1784 3829 1855 οἰκίᾳ

609 1889 924 1938 diuiso-vasa
955 1889 1079 1933 stmt
1142 1877 1375 1930 diversa.
1441 1875 1686 1945 Magnam
1728 1884 1907 1928 autem
1940 1873 2157 1927 domum

2271 1875 2431 1946 σκεύη
2461 1877 2567 1930 εἰσὶ
2587 1875 2838 1944 διάφορα.
2875 1875 3132 1946 Μεγάλην
3159 1874 3219 1928 δι
3256 1875 3433 1928 οἰκ-ίαν
3494 1877 3584 1928 τὸν
3615 1877 3818 1944 κόσμον

614 1974 872 2028 mundum
921 1971 1074 2032 dicit,
1110 1984 1214 2024 non
1247 1969 1424 2037 ipsam’
1455 1967 1748 2021 Ecclesiam
1787 1982 1801 2017 :
1831 1965 1965 2017 inea
2015 1965 2159 2017 enim

609 2068 742 2122 nihil
791 2065 904 2120 vult
927 2079 1053 2118 esse
1099 2054 1358 2131 ligneum,
1413 2059 1506 2115 sed
1545 2058 1724 2112 omnia
1765 2072 1928 2110 aurea
1987 2065 2042 2109 et
2078 2072 2163 2108 ar-

608 2166 823 2226 gentes,
847 2152 1007 2224 605
1043 2150 1129 2206 ubi
1153 2149 1355 2204 Christi
1384 2161 1582 2216 corpus
1602 2155 1706 2210 est,
1742 2147 1831 2199 ubi
1872 2146 2032 2216 Virgo
2082 2154 2165 2198 est

613 2259 731 2313 qua:
757 2241 1020 2294 maculam
1051 2253 1155 2293 non
1194 2237 1375 2290 habet.

684 2332 745 2384 It‘t
790 2330 1026 2399 quaedam
1075 2327 1278 2398 quidem
1321 2327 1535 2380 suntin
1594 2325 1872 2386 honorem,
1926 2323 2163 2392 qucedam

610 2433 784 2476 autem
818 2422 873 2474 in
901 2419 1288 2472 contumeliam.
1328 2417 1506 2470 Aurea
1559 2430 1688 2470 sane
1734 2431 1880 2476 vasa,
1925 2416 2028 2470 hoc
2082 2424 2165 2468 est

612 2513 908 2567 virtutibus
945 2511 1168 2578 compti,
1220 2511 1284 2561 ad
1339 2509 1646 2570 honorem;
1703 2506 1875 2575 Lignea
1939 2509 2066 2561 vero
2105 2522 2166 2560 ac

614 2615 870 2667 testacea,
905 2602 1007 2656 hoc
1037 2601 1138 2655 est'
1182 2599 1452 2660 scelerati,
1475 2598 1539 2651 ad
1566 2598 1913 2667 ignominiam
1943 2613 2168 2652 servan-

614 2706 726 2749 tur.
750 2694 873 2755 Non
933 2700 1110 2745 autem
1167 2690 1326 2755 dixit,
1361 2690 1413 2743 in
1447 2703 1604 2742 usum
1662 2696 1715 2741 et
1772 2687 2164 2742 inutilitatem:

616 2785 766 2854 pravi
792 2783 934 2836 enim
956 2781 1202 2836 etsinon
1243 2781 1310 2834 ad
1340 2781 1593 2834 virtutem
1619 2817 1635 2843 ,
1665 2778 1734 2832 ad
1764 2778 1950 2832 mundi
1989 2787 2166 2832 tamen

617 2873 1060 2930 constitutionem
1099 2872 1259 2927 utiles
1290 2880 1436 2935 sunt,
1482 2881 1535 2924 et
1561 2870 1627 2923 ad
1658 2872 1920 2939 quasdam
1952 2871 2169 2939 dispen-

619 2965 884 3025 sationes,
907 2971 966 3015 ut
997 2961 1226 3015 Pharao.

692 3055 850 3111 Vens.
879 3056 969 3109 21.
999 3055 1057 3109 Si
1077 3055 1193 3123 quis
1217 3069 1337 3124 ergo
1357 3053 1712 3109 emundaverit
1737 3071 1790 3108 se
1818 3053 2040 3119 abistis,
2071 3055 2168 3106 erit

617 3165 709 3203 uas
753 3147 808 3200 in
853 3147 1100 3198 honorem
1129 3146 1537 3212 sanctiﬁcatum.
1585 3144 1984 3200 Animadvertis
2027 3144 2169 3213 quod

2264 1967 2447 2034 φησὶν,
2484 1967 2545 2018 οὐ
2572 1966 2692 2033 ,γὰρ
2722 1965 2818 2034 τὴν
2864 1966 3216 2032 Ἐκκλησίανο
3257 1967 3316 2019 ιν
3338 1965 3506 2039 ταύτῃ
3542 1967 3652 2036 γάρ
3678 1969 3828 2022 οὐδὲν

2247 2056 2473 2118 ξύλινον
2505 2050 2641 2107 εἶναι
2677 2055 2945 2124 βούλεται,
2971 2056 3106 2109 ἀλλὰ
3132 2057 3307 2110 πάντα
3330 2059 3508 2125 χρυσᾶ
3536 2059 3631 2110 καὶ
3658 2060 3827 2128 ἀργυ-

2267 2148 2356 2216 ρᾶ,
2409 2146 2536 2199 ἔνθα
2595 2147 2752 2215 σῶμα
2807 2146 3244 2219 Χριστοῦηὲνθα
3291 2148 3568 2218 Παρθένος
3602 2151 3644 2179 ¹¹
3673 2149 3750 2220 μὴ
3775 2149 3828 2201 ι-

2265 2254 2435 2306 χουσα
2462 2237 2666 2292 σπίλον.

2336 2324 2446 2377 Καὶ
2494 2326 2531 2378 ἅ
2568 2328 2679 2394 μέν
2733 2328 2903 2380 ἐστιν
2940 2330 3026 2394 εἰς
3058 2328 3256 2397 τιμὴν,
3284 2329 3320 2383 ἁ
3343 2329 3410 2382 δὲ
3443 2331 3529 2396 εις
3557 2331 3826 2400 ἀτιμίαν.

2267 2417 2344 2468 Τά
2379 2417 2478 2484 μὲν
2506 2418 2707 2486 χρυσᾶ,
2743 2418 2877 2486 ’ἦτοι
2933 2420 2982 2470 οἱ
3031 2421 3294 2489 ὲνάρετοι,
3335 2423 3415 2485 εἰς
3443 2424 3610 2491 τιμήν
3633 2438 3647 2453 ·
3679 2423 3748 2476 τὰ
3773 2424 3829 2476 δὲ

2269 2505 2450 2569 ξύλινα
2471 2507 2566 2559 καὶ
2593 2508 2909 2576 ὀστράκινα,
2935 2512 3227 2575 τουτέστιν,
3264 2514 3311 2564 oi
3350 2513 3559 2580 φαῦλοι,
3598 2515 3678 2576 είς
3712 2517 3830 2567 άτι-

2270 2598 2419 2665 μίαν.
2469 2598 2581 2649 Οὐκ
2606 2593 2724 2649 εἷπε
2771 2599 2845 2663 δὲ,
2871 2599 2951 2661 εἰς
2991 2602 3184 2670 χρῆσιν
3211 2601 3303 2655 καὶ
3332 2603 3653 2673 ἀχρηστίαν,
3691 2604 3828 2656 διότι

2269 2687 2361 2738 καὶ
2394 2687 2679 2756 οἱφαῦλοι,
2718 2691 2764 2739 εἰ
2799 2690 2890 2740 καὶ
2923 2690 2996 2760 μὴ
3027 2692 3161 2760 πρὸς
3187 2692 3406 2762 ἀρετὴν,
3439 2694 3572 2747 ἀλλά
3589 2711 3652 2762 γε
3685 2694 3827 2764 πρὸς

2267 2778 2364 2846 τὴν
2400 2780 2492 2829 τοῦ
2532 2779 2735 2846 κόσμου
2768 2778 2950 2842 ἁπλῶς
3000 2781 3254 2834 σύστασιν
3292 2786 3705 2854 χρησιμεῦουσι.
3739 2785 3830 2838 καὶ

2269 2868 2402 2938 πρὸς
2433 2886 2582 2932 τινας
2608 2870 2663 2922 δὲ
2703 2871 3030 2939 οἰκονομίας,
3060 2872 3133 2934 ὡς
3156 2875 3182 2925 6
3202 2874 3421 2945 Φαραώ.

2353 3054 2492 3108 Ἐὰν
2521 3051 2634 3109 οὖν
2661 3073 2747 3120 τις
2777 3056 3073 3125 ἐκκαθάρῃ
3103 3056 3319 3111 ἑαυτὸν
3356 3042 3474 3112 ἀὲτὸ
3506 3059 3734 3112 τούτων
3763 3061 3827 3123 ’³,

2270 3147 2440 3198 ἔσται
2495 3145 2714 3211 σκεῦος
2751 3149 2836 3212 εἰς
2889 3147 3066 3216 τιμὴν
3107 3149 3492 3218 ἡγιασμένον.
3538 3153 3699 3224 Ὁρᾷς
3750 3155 3830 3205 ὅτι

618 3255 728 3296 non
760 3245 846 3294 est
888 3245 1112 3302 uatum,
1157 3251 1333 3306 neque
1381 3237 1677 3292 materialis
1706 3236 2082 3302 necessitatis,
2112 3245 2168 3288 ut

2271 3235 2332 3287 οὐ
2367 3233 2577 3302 φύσεώς
2610 3236 2776 3300 ἐστιν,
2829 3236 2946 3288 οὐδὲ
2981 3237 3079 3304 τῆς
3125 3238 3313 3307 ὑλικῆς
3356 3241 3620 3310 ἀνάγκης,
3651 3242 3730 3304 ὡς
3779 3244 3828 3294 οἱ

617 3331 901 3386 Manicbaei
925 3330 1136 3392 dicunt,
1160 3343 1278 3383 esse
1306 3343 1528 3384 aureum
1555 3344 1619 3382 ac
1659 3337 1951 3382 testaceum
1984 3342 2162 3397 quem-

620 3423 790 3496 piam,
847 3418 939 3474 sed
991 3416 1285 3471 voluntatis
1328 3417 1579 3471 nostra?
1629 3416 1780 3472 Licet
1821 3418 1965 3471 enim
1997 3417 2170 3470 cuivis

620 3516 858 3585 seipsum
899 3509 1222 3574 emundare,
1261 3509 1364 3562 hoc
1387 3519 1490 3571 est,
1523 3508 1777 3577 perfecte
1824 3507 2087 3561 mundare
2141 3521 2170 3557 a

623 3614 862 3662 testacea
895 3616 958 3655 ac
991 3601 1165 3669 lignea
1201 3599 1496 3662 voluntate,
1522 3612 1848 3666 aureamque
1878 3605 1931 3649 et
1983 3611 2172 3664 argen-

623 3705 767 3753 team
789 3694 1018 3749 allicere.
1052 3690 1251 3744 Paulus
1282 3697 1398 3743 erat
1437 3695 1726 3752 testaccus,
1771 3688 1865 3741 sed
1895 3687 2070 3740 lactus
2091 3696 2173 3739 est

625 3801 866 3842 aureus:
918 3782 1086 3839 ludas
1113 3794 1303 3836 contra
1336 3797 1535 3836 aureus
1564 3790 1701 3844 erat,
1740 3779 1832 3833 sed
1874 3779 2047 3832 laetus
2090 3787 2172 3832 cst

631 3885 922 3931 testaceus.
949 3874 1113 3940 Atqui
1145 3874 1190 3927 si
1218 3883 1453 3925 testacea
1481 3872 1873 3940 vituperantur,
1905 3869 2174 3938 quomodo

624 3967 730 4022 alio
769 3965 821 4018 in
859 3965 978 4018 loco
1005 3963 1167 4017 dicit:
1213 3960 1470 4014 Habentes
1505 3962 1803 4013 thesaurum
1836 3959 1969 4011 ltum:
1991 3959 2043 4010 in
2082 3973 2175 4009 ra-

624 4061 700 4113 sis
745 4057 991 4127 ﬁctilibus
1015 4054 1061 4087 “
1090 4054 1114 4107 ἲ
1156 4054 1269 4107 Illic
1299 4054 1364 4107 de
1397 4053 1643 4121 corporis
1674 4061 1866 4105 natura
1915 4052 2170 4118 loquitur.

626 4147 1089 4216 Quemadmodum
1144 4144 1287 4196 enim
1343 4150 1482 4195 testa
1533 4140 1666 4193 nihil
1706 4149 1791 4193 est
1834 4140 1980 4192 aliud
2015 4150 2175 4208 atque

627 4240 798 4292 lutum
854 4233 1228 4294 torrefactum,
1283 4231 1362 4285 sie.
1421 4240 1473 4283 et
1513 4243 1710 4298 corpus
1752 4239 1993 4280 nostrum
2043 4228 2175 4280 nihil

626 4327 774 4382 aliud
806 4333 888 4380 est
927 4333 1088 4392 atque
1115 4322 1286 4375 lutum
1327 4321 1521 4375 anima:
1546 4327 1728 4374 calore
1751 4318 2052 4372 ﬁrmatum.
2077 4317 2175 4372 Hic

626 4428 808 4473 autem
838 4416 907 4470 de
940 4415 1224 4469 voluntate
1253 4413 1511 4481 loquitur.

699 4507 770 4561 Et
814 4507 942 4559 utile
981 4508 1224 4559 Domino.
1258 4504 1458 4573 Lignea
1496 4503 1658 4573 igitur
1691 4501 1902 4556 inutilia
1950 4509 2075 4555 sunt
2107 4501 2173 4554 ad

628 4598 956 4670 praecipuum
997 4608 1220 4663 scopum
1263 4593 1475 4645 Domini
1523 4592 1640 4657 Dei,
1688 4595 1779 4662 qui
1827 4594 1938 4646 vult
1986 4607 2176 4648 omnes

627 4688 873 4745 homines
903 4687 1081 4739 salvos
1105 4683 1226 4737 ﬁeri
1250 4722 1265 4748 ,
1304 4682 1512 4736 etiamsi
1551 4682 1655 4746 alia
1679 4683 1909 4752 quadam
1943 4684 2173 4745 ratione,

627 4788 688 4831 ut
712 4778 912 4831 dictum
942 4783 1047 4838 est,
1081 4775 1232 4828 utilia
1261 4789 1382 4828 esse
1411 4773 1720 4828 videantur.

699 4868 782 4920 Ad
804 4883 952 4920 omne
973 4883 1100 4936 opus
1142 4865 1333 4920 bonum
1365 4873 1628 4932 paratum.
1668 4862 1783 4917 Hoc
1822 4871 1926 4928 est,
1962 4864 2175 4918 etiamsi

630 4966 848 5028 wntpus
887 4959 968 5026 vel
1015 4957 1389 5024 opportunitas
1427 4955 1619 5024 agendi
1672 4970 1777 5008 non
1830 4955 2010 5019 fuerit,
2037 4965 2175 5009 alta-

630 5065 751 5102 men
813 5055 1056 5116 paratum
1113 5048 1214 5099 erit
1273 5048 1388 5100 sive
1438 5046 1504 5100 ad
1550 5049 1891 5117 martyrium,
1946 5047 2059 5101 sive
2110 5046 2200 5104 ad.

629 5138 1014 5204 virginitatem.

699 5225 865 5279 Vens.
893 5228 981 5280 22.
1015 5226 1280 5280 Juvenilia
1303 5234 1474 5279 autent
1503 5226 1761 5280 desideria
1789 5229 1925 5298 fuge.
1959 5227 2180 5282 Juveni-

626 5317 709 5371 les
746 5318 1066 5384 cupiditates
1100 5333 1206 5371 non
1235 5317 1407 5372 solius
1441 5316 1812 5372 fornicationis
1839 5299 2176 5383 sunt,verum

628 5410 789 5461 etiam
807 5412 984 5462 onmis
1001 5408 1236 5462 absurda
1262 5408 1725 5477 concupiscentia,
1751 5406 1867 5462 sive
1893 5409 2176 5478 imperium

696 5561 740 5592 “
768 5558 810 5613 ll
832 5559 957 5613 Cor.
993 5576 1062 5625 tv,
1102 5563 1157 5615 ι.

2273 3326 2556 3393 Μανιχαῖοί
2609 3343 2758 3394 φασι,
2811 3326 2870 3378 τὸ
2916 3322 3066 3393 κεῖναι
3103 3328 3334 3398 χρυσοῦν
3389 3329 3421 3400 ἢ
3483 3331 3828 3400 ὀστράκινον,

2271 3415 2405 3468 ἀλλὰ
2453 3417 2550 3484 τῆς
2581 3407 2950 3487 προαιρέσεως
2983 3417 3177 3487 ήμῶνς
3209 3417 3423 3482 Ἔξεστι
3470 3420 3577 3489 γὰρ
3615 3422 3831 3491 ἑκάστῳ

2272 3506 2461 3558 ἑαυτὸν
2487 3507 2851 3576 ἐκκαθαίρειν,
2877 3509 3145 3586 τουτέστι,
3182 3510 3402 3574 τελείως
3430 3512 3828 3584 ἀποκαθαίρειν

2271 3596 2380 3649 ἀπὸ
2410 3599 2509 3666 τῆς
2544 3596 2869 3667 ὀστρακίνης
2904 3601 2994 3650 καὶ
3040 3599 3251 3670 ξυλίνης
3289 3603 3682 3672 προαιρέσεως,
3735 3605 3830 3657 καὶ

2273 3688 2479 3757 χρυσῆν
2507 3688 2600 3740 καὶ
2624 3689 2868 3757 ἀργυρᾶν
2906 3688 3256 3760 ἐγκαθιστᾷν.
3297 3692 3355 3743 'U
3398 3693 3606 3755 Παῦλος
3627 3694 3828 3760 ὀστρά-

2274 3793 2420 3840 κινος
2455 3773 2543 3848 ἦν,
2568 3777 2680 3832 ἀλλ’
2705 3779 2920 3846 ἐγένετο
2945 3780 3176 3850 χρυσοῦς
3199 3797 3211 3810 ·
3241 3781 3478 3845 ὀἸούδας
3492 3784 3724 3852 χρυσοῦς
3741 3781 3830 3855 ἦν,

2274 3869 2387 3921 ἀλλ’
2401 3868 2614 3936 ἐγένετο
2635 3870 2972 3939 ὀστράκινος.
2991 3871 3052 3923 Εἰ
3073 3866 3165 3924 οὖν
3188 3871 3531 3942 διαϐέϐληται
3552 3875 3620 3927 τά
3636 3875 3833 3944 ὀστράρ

2275 3977 2416 4023 κινα,
2442 3959 2554 4022 πῶς
2603 3961 2833 4030 ἀλλαχοῦ
2872 3980 3032 4035 φησιν
3058 3963 3326 4033 ’ἔχοντες
3390 3965 3494 4022 τὸν
3524 3967 3834 4035 θησαυρὸν

2275 4049 2490 4101 τοῦτον
2500 4050 2568 4100 ἐν
2584 4051 2963 4116 ὀστρακίνοις
2986 4055 3274 4107 σκεύεσιν
3284 4069 3305 4119 ,‘
3322 4055 3467 4108 Ἐκεῖ
3480 4058 3605 4124 περὶ
3623 4057 3722 4124 τῆς
3739 4058 3832 4110 τοῦ

2278 4143 2524 4214 σώσματος
2558 4142 2772 4210 φύσεώς
2802 4147 3202 4215 φησιν.⁶Ὠσπερ
3220 4146 3326 4217 γὰρ
3358 4147 3419 4199 τὸ
3444 4147 3709 4217 ὄστρακον
3745 4150 3834 4202 οὑ-

2277 4234 2363 4287 δὲν
2395 4235 2521 4288 ἄλλο
2548 4237 2698 4290 ἐστὶν
2728 4237 2758 4305 ἢ
2787 4236 2954 4305 πηλὸς
2971 4237 3308 4307 ὠπτημένος,
3339 4235 3479 4291 οὕτω
3509 4224 3602 4291 καὶ
3627 4239 3688 4291 τὸ
3723 4240 3832 4292 σῶ-

2279 4327 2526 4397 μαήμῶν
2553 4326 2704 4381 οὐδὲν
2734 4328 2859 4381 ἄλλο
2891 4328 3114 4398 ῆπηλὸς
3151 4332 3215 4400 τῇ
3261 4329 3555 4401 θερμότητι
3599 4330 3694 4400 τῆς
3728 4332 3831 4401 qm.

2276 4417 2376 4485 χῆς
2400 4418 2615 4494 στερεοῦ
2623 4435 2801 4487 μενος.
2819 4418 3081 4474 Ἐνταῦθα
3101 4421 3156 4472 δὲ
3173 4424 3297 4490 περὶ
3316 4420 3414 4490 τῆς
3437 4422 3830 4491 προαιρέσεως.

2351 4509 2464 4563 Καὶ
2501 4510 2838 4577 εὔχρηστον
2870 4509 2948 4573 τῷ
2993 4510 3288 4576 Δεσπότῃ.
3320 4511 3460 4581 ’Δρα
3495 4508 3586 4564 οὖν
3634 4513 3707 4565 τὰ
3745 4515 3835 4579 ξύο

2280 4594 2400 4649 λινα
2420 4597 2663 4668 ἄχρηστά
2688 4599 2792 4650 εἰσι
2817 4599 2949 4668 πρὸς
2971 4600 3061 4652 τὸν
3085 4601 3488 4672 προηγούμενον
3517 4604 3718 4657 σκοπὸν
3739 4604 3833 4657 τοῦ

2282 4688 2551 4740 Δεσπότου
2595 4688 2754 4756 Θεοῦ,
2811 4690 2954 4752 ὅστις
2988 4690 3129 4742 θέλει
3167 4693 3370 4755 πάντας
3400 4692 3655 4760 σωθῆναι,
3710 4694 3831 4760 κᾶν,

2281 4777 2355 4839 ὡς
2386 4778 2619 4848 εἴρηται,
2651 4780 2846 4833 δοκῶσι
2888 4781 3009 4833 κατ’
3044 4782 3201 4833 ἄλλον
3227 4782 3422 4853 τρόπον
3453 4784 3830 4853 χρησιμεύειν.

2350 4871 2454 4931 Εἰς
2473 4867 2594 4922 πᾶν
2612 4870 2786 4937 ἔργον
2808 4871 3504 4944 ἀγαθὸν-γήτοιμασμὲνον.
3548 4875 3828 4939 Τουτέστι,

2283 4957 2386 5012 κᾶν
2422 4958 2496 5028 μὴ
2522 4963 2706 5028 καιρὸς
2734 4963 2927 5030 ἐπιστῇ
2954 4962 3047 5014 τοῦ
3070 4964 3298 5032 πρᾶξαι,
3331 4966 3474 5038 ὅμως
3501 4966 3719 5034 ἕτοιμον
3742 4971 3831 5019 καὶ

2283 5051 2796 5120 παρεσκευασμένον
2849 5052 3023 5119 ἔσται,
3056 5053 3158 5107 κᾶν
3188 5054 3323 5123 πρὸς
3369 5057 3694 5128 μαρτυρίαν,
3731 5057 3832 5112 κᾶν

2279 5144 2414 5212 πρὸς
2439 5142 2750 5212 παρθενίαν.

2357 5232 2465 5296 Τὰς
2502 5231 2570 5284 δὲ
2606 5235 2948 5302 νεωτερικὰς
2986 5237 3299 5309 ἐπιθυμίας
3327 5238 3528 5308 φεῦγε.
3564 5240 3832 5316 Νεωτερι-

2276 5322 2376 5404 καὶ
2408 5321 2719 5391 ἐπιθυμίαι,
2753 5326 2849 5396 οὐχ
2873 5329 2928 5380 αἱ
2957 5330 3052 5398 τῆς
3083 5329 3334 5399 πορνείας
3361 5332 3542 5400 μόνον,
3573 5332 3710 5387 ἀλλὰ
3741 5337 3828 5388 καὶ

2285 5413 2433 5463 πᾶσα
2463 5413 2661 5477 ἄτοπος
2687 5416 2966 5489 ἐπιθυμία,
3001 5419 3104 5474 κᾶν
3127 5420 3441 5487 δυναστείας
3468 5425 3564 5496 ἐρᾷ
3595 5443 3701 5489 τις,
3732 5427 3831 5481 κᾶν

1945 5677 2144 5740 Variis
2172 5671 2495 5742 leCtiOnes.

691 5759 1092 5841 umentes.
1168 5775 1211 5806 “
1240 5773 1344 5830 τῶν
1370 5775 1621 5831 τοιούτων
1651 5791 1711 5831 o.
