4060 6326
555 411 655 475 us
1461 405 2041 466 THEOPHYLACTI
2074 402 2488 465 BULGARI/E
2530 401 2901 464 ARCHIEP:
3671 387 3780 469 ita

620 521 683 578 Si
700 521 910 593 quando
935 519 1135 575 dederit
1153 519 1227 574 eis
1259 517 1398 572 Deus
1429 519 1790 592 paenitentiam
1816 518 1886 571 ad
1911 534 2106 589 cogno-

2277 515 2373 584 Μή
2419 527 2563 568 ποτε
2611 515 2695 579 δῷ
2763 513 2968 581 αὐτοῖς
3019 516 3054 568 ό
3110 513 3255 581 Θεὸς
3304 515 3656 586 μετάνοιαν,
3694 521 3789 584 εἰς

546 615 790 669 scendam
829 614 1122 667 veritatem.
1179 609 1448 676 Fortasse,
1499 607 1695 679 inquit,
1740 609 2105 680 corrigentur.

549 707 695 762 lstud
750 713 954 768 autem,
1009 705 1258 774 fortasse,
1308 704 1374 758 de
1417 703 1642 758 incertis
1675 713 1758 758 est
1802 703 1865 757 ac
1903 696 2114 759 dubiis.“

549 798 779 852 Proinde
809 797 878 851 a-b
909 797 974 851 iis
1017 796 1111 865 qui
1142 795 1428 852 manifeste
1455 805 1584 851 sunt
1607 794 1941 859 insanabiles
1977 793 2104 871 abs-

546 888 827 944 tinendum
889 896 1022 943 est:
1065 887 1131 941 de
1179 903 1411 957 quorum
1451 897 1631 945 autem
1690 888 1867 944 salute
1929 889 2107 942 adhuc

480 1017 484 1021 ρ
543 968 852 1044 iuesitatur,
881 979 1148 1034 correctio
1177 988 1260 1033 est
1298 979 1575 1034 tentanda.
1609 980 1779 1040 Porro
1810 981 1898 1036 hic
1928 988 2105 1035 tecum

545 1081 761 1142 reputa,
791 1071 1064 1141 quomodo
1091 1068 1588 1125 doeenshumilem
1621 1072 1816 1126 mentis
1852 1069 2105 1127 aﬂectum

448 1160 454 1167 ’
542 1181 651 1218 non
685 1165 907 1229 dixerit,
949 1164 1184 1220 fortasse
1224 1163 1425 1233 possis,
1470 1165 1590 1228 sed,
1634 1164 1864 1234 fortasse
1906 1165 2107 1220 dederit

539 1259 614 1312 eis
645 1257 898 1311 Dominus
927 1258 1249 1325 resipiscere.
1279 1255 1339 1310 Et
1361 1257 1555 1334 siquid
1576 1258 1874 1326 contingat,
1897 1257 2109 1312 Domini

545 1360 647 1416 est,
686 1351 865 1420 inquit
900 1393 915 1417 ,
957 1358 1012 1411 tu
1053 1350 1236 1419 itaque
1288 1366 1356 1405 ne
1405 1350 1676 1407 attollere.
1739 1350 2106 1415 Quamobrem

539 1444 639 1499 etsi
691 1443 933 1511 cuipiam
974 1435 1074 1496 nos
1122 1440 1585 1534 persuaserimus,
1615 1457 1686 1497 ne
1729 1442 2111 1496 existimemus

541 1535 689 1610 quod
723 1534 828 1605 ipsi
871 1535 1322 1603 persuadeamus.

542 1611 549 1623 λ
613 1628 775 1683 Vens.
813 1628 898 1682 26.
953 1627 1021 1680 Et
1051 1630 1371 1693 resipiscam
1424 1645 1457 1681 a
1495 1627 1696 1681 diaboli
1743 1627 1949 1696 laqueo.
1985 1624 2110 1680 Haec

538 1735 649 1775 non
676 1720 742 1775 de
768 1721 1018 1776 doctrina
1051 1728 1284 1786 tantum,
1314 1730 1502 1775 veram
1532 1720 1694 1787 etiam
1724 1720 1791 1776 de
1819 1719 1928 1774 vita
1952 1718 2110 1772 intel-

540 1812 663 1882 tige.
696 1807 754 1865 In
788 1812 984 1882 laqueo
1006 1828 1240 1882 namque
1264 1812 1427 1884 607
1455 1812 1658 1866 diaboli
1683 1818 1811 1866 sunt
1836 1810 2107 1875 homines,

538 1915 643 1954 nou
690 1901 865 1956 solum
921 1901 1236 1973 dogmatum
1300 1917 1486 1968 causa,
1518 1917 1709 1958 verum
1743 1902 1906 1958 etiam
1961 1902 2104 1955 vitae.

537 1993 802 2058 Quocirca
854 2001 908 2046 ct
965 1995 1059 2060 qui
1121 1994 1270 2047 circa
1325 1989 1490 2047 vitam
1534 1994 1811 2058 labuntur,
1839 1992 2109 2064 patienter

539 2081 849 2152 corrigendi
873 2089 1031 2137 sunt.
1069 2079 1136 2134 Ut
1177 2082 1320 2135 enim
1363 2097 1575 2152 passer.
1607 2082 1821 2138 etiamsi
1853 2098 1958 2136 una
1987 2093 2111 2138 tan-

539 2183 652 2228 tum
681 2182 858 2244 parte,
894 2173 1030 2244 pede
1062 2173 1347 2238 nimirum,
1384 2174 1754 2235 contineatur.
1783 2177 1834 2228 in
1866 2175 1985 2244 ejus
2008 2189 2106 2245 po-

538 2271 736 2320 testate
760 2273 844 2320 est
875 2265 970 2334 qui
1003 2264 1260 2335 laqueum
1302 2265 1462 2318 ﬁxit:
1502 2267 1842 2320 consimilem
1887 2265 1953 2320 ad
1991 2281 2112 2320 mo.

546 2359 673 2413 dum
696 2366 750 2414 et
780 2371 902 2422 nos,
934 2357 1150 2412 etiamsi
1175 2371 1279 2412 non
1323 2358 1588 2426 utrisque,
1631 2358 1733 2412 hoc
1769 2366 1875 2422 est,
1909 2357 2013 2413 [ide
2055 2368 2110 2413 et

535 2452 642 2504 vita
670 2449 1012 2506 detineamur
1039 2489 1053 2514 ,
1078 2448 1174 2504 sed
1218 2448 1394 2504 solum
1439 2449 1571 2513 vita,
1608 2450 1661 2503 in
1698 2457 1965 2520 potestate
1996 2451 2110 2504 dia-

538 2541 644 2595 boli
675 2555 888 2596 sumus.
937 2548 940 2551 '

608 2629 654 2681 A‘
683 2645 784 2697 quo
825 2626 1019 2695 captivi
1061 2636 1302 2683 tenentur
1330 2629 1415 2690 ad
1454 2629 1620 2699 ipsius
1663 2629 2006 2684 voluntatem.
2050 2629 2108 2683 In

539 2735 748 2786 errore,
794 2721 992 2791 inquit,
1040 2729 1253 2783 natant,
1307 2723 1400 2777 sed
1430 2723 1571 2793 capti
1611 2739 1641 2776 a
1675 2722 1785 2777 Deo
1829 2723 1895 2778 ad
1935 2723 2109 2793 ipsius

540 2811 895 2876 voluntatem,
947 2808 1000 2864 id
1046 2819 1130 2865 est
1185 2809 1306 2875 Dei,
1356 2810 1590 2867 fortasse
1647 2811 1972 2882 resipiscent
2042 2813 2111 2868 ab

429 2903 433 2907 '
539 2900 698 2970 aquis
729 2900 957 2956 erroris.
990 2899 1260 2956 Voluntas
1295 2910 1478 2957 autem
1509 2901 1605 2957 Dei
1634 2911 1740 2969 est,
1781 2919 1892 2958 non
1929 2903 2107 2957 solum

539 2991 782 3055 credere,
819 3007 1007 3047 verum
1041 2995 1204 3048 etiam
1247 3001 1391 3049 recte
1427 2994 1628 3049 Vivere.
1667 2993 1850 3060 Quare
1898 2995 1966 3050 de
1999 2997 2110 3051 vita

537 3084 702 3138 etiam
753 3083 866 3138 haec
931 3085 1189 3155 intellige,
1225 3101 1332 3139 non
1381 3087 1556 3141 solum
1629 3087 1697 3142 de
1737 3087 2106 3160 dogmatibus.

2213 607 2541 675 ἐπίγνωσιν
2566 606 2872 674 ἀληθείας.
2904 605 3084 669 Ἴσως,
3116 607 3302 676 φησὶν,
3333 605 3491 660 ἔσται
3524 625 3609 671 τις
3635 608 3787 679 διόρ-

2212 700 2398 762 θωσις.
2427 700 2499 752 Τὸ
2523 699 2601 761 δὲ,
2638 699 2802 765 ἷσως,
2837 700 2930 751 ἐπὶ
2956 698 3064 754 τῶν
3093 697 3302 768 ἀδήλων
3343 699 3462 753 ἐστὶ
3491 700 3586 753 καὶ
3607 702 3789 771 ἀμφι-

2213 774 2405 845 ϐόλων,
2435 791 2598 843 Ὥστε
2628 791 2738 843 τῶν
2772 791 2869 860 μὲν
2890 790 3170 861 προδήλως
3191 791 3424 845 ἀνιάτων
3453 792 3790 859 ἀφίστασθαι

2212 885 2351 956 χρή·
2384 884 2512 947 τοὺς
2559 885 2614 937 δὲ
2651 883 2988 954 ἀμφιϐόλους
3023 885 3613 956 πειρᾶσθαι¹διορθοῦν.
3638 886 3788 954 Ὅρα

2211 978 2267 1030 δὲ
2306 977 2423 1041 πῶς
2455 976 2722 1030 διδάσκων
2759 977 3226 1047 ταπεινοφρονεῖν,
3258 976 3360 1030 οὐκ
3384 973 3528 1041 εἷπε,
3570 977 3788 1046 μήποτε

2210 1071 2467 1142 δυνηθῇς,
2496 1069 2655 1133 ἀλλά,
2696 1070 2905 1140 μήποτε
2932 1069 3008 1138 δῷ
3037 1069 3225 1132 αὐτοῖς
3250 1068 3456 1138 Κύριος
3486 1069 3786 1137 ἀνανῆψαι.

2207 1150 2330 1217 Κᾶν
2350 1161 2579 1232 γένηταί
2606 1180 2680 1226 τι,
2713 1162 2868 1233 φησὶ,
2900 1159 2995 1215 τοῦ
3026 1159 3235 1231 Κυρίου
3263 1158 3404 1224 ἐστὶ,
3435 1160 3499 1212 σὺ
3531 1161 3604 1230 μὴ
3621 1157 3790 1211 ἐπαί-

2216 1273 2330 1325 ρου.
2367 1255 2531 1308 ’Ὥστε
2572 1253 2674 1308 κᾶν
2704 1253 2982 1322 πείσωμέν
3023 1269 3147 1308 τινα
3184 1251 3282 1307 καὶ
3311 1253 3496 1324 ἡμεῖς,
3533 1250 3606 1322 μὴ
3632 1251 3790 1305 λονι-

2212 1347 2435 1418 ζώμεθα
2457 1346 2533 1410 ὠς
2561 1345 2715 1399 αὐτοὶ
2736 1345 3014 1415 πείθομεν.

2285 1621 2394 1676 Καὶ
2427 1618 2826 1685 ἀνανήψωσιν
2844 1617 2912 1669 ἐκ
2937 1614 3047 1684 τῆς
3072 1615 3182 1670 τοῦ
3209 1615 3492 1671 διαϐόλου
3511 1615 3791 1684 παγίδος.

2213 1712 2398 1765 Ταῦτα
2429 1709 2503 1781 μὴ
2534 1711 2663 1779 περὶ
2693 1708 2979 1778 δογμάτων
3008 1707 3195 1775 μόνον,
3227 1706 3364 1761 ἀλλά
3385 1709 3479 1761 καὶ
3510 1711 3641 1779 περὶ
3665 1705 3796 1777 βίου

2213 1805 2346 1858 νόει.
2384 1802 2474 1856 Ἐν
2493 1804 2559 1873 τῇ
2595 1800 2782 1868 παγῐδι
2817 1799 2923 1870 γὰρ
2949 1797 3043 1854 τοῦ
3068 1799 3316 1853 διαϐόλου
3340 1800 3478 1853 εἰσὶν
3507 1801 3557 1854 oi
3582 1799 3796 1868 ἀνθρω-

2212 1915 2326 1960 ποι,
2358 1897 2419 1950 οὐ
2453 1878 2741 1966 δογμάτων
2799 1893 3006 1958 ἕνεκεν,
3034 1892 3169 1946 ἀλλά
3196 1893 3292 1945 καὶ
3325 1892 3462 1962 βίου.
3496 1892 3658 1944 Ὥστε
3691 1892 3797 1944 καὶ

2208 1988 2337 2052 τοὺς
2384 1986 2513 2057 περὶ
2547 1985 2636 2038 τὸν
2673 1983 2788 2054 βίον
2819 1981 3228 2053 σφαλλομένους
3253 1967 3592 2049 ἀνεξικάκως
3639 1981 3796 2049 διορ-

2209 2077 2438 2132 θοῦσθαι
2471 2076 2568 2128 δεῖ.
2612 2075 2700 2136 Ὦς
2731 2073 2838 2142 γὰρ
2869 2073 2897 2124 ὁ
2944 2074 3227 2144 στρουθὸς,
3278 2072 3383 2126 κᾶν
3423 2070 3483 2137 ἐξ
3535 2071 3650 2134 ἑνὸς
3691 2070 3799 2138 μέν

2215 2186 2362 2239 ρους,
2383 2166 2480 2220 τοῦ
2523 2165 2688 2228 ,ποδὸς
2713 2164 2877 2233 λέγω,
2911 2165 3234 2235 κατέχηται,
3264 2163 3368 2218 ὑπὸ
3401 2164 3503 2234 τὴν
3539 2161 3805 2230 ἐξουσίαν

2210 2262 2330 2316 ἐστὶ
2371 2260 2466 2314 τοῦ
2518 2260 2619 2330 τὴν
2652 2258 2855 2327 παγίδα
2898 2259 3197 2328 στήσαντος
3223 2273 3238 2290 ·
3277 2256 3420 2311 οὕτω
3452 2256 3548 2310 καὶ
3602 2258 3798 2327 ἡμεῐς,

2211 2352 2313 2406 κᾶν
2342 2351 2417 2423 μὴ
2442 2349 2502 2415 ἐξ
2532 2351 2774 2421 ἀμφοῖν,
2799 2349 3032 2410 πίστεως
3065 2346 3213 2417 λέγω
3260 2347 3354 2401 καὶ
3383 2346 3522 2418 βίου,
3545 2344 3802 2416 κατεχώ-

2213 2443 2377 2515 μεθα,
2433 2443 2549 2497 ἀλλ’
2585 2442 2650 2494 ἐκ
2698 2438 2792 2494 τοῦ
2830 2440 2946 2511 βίου
2971 2506 2976 2510 _
3003 2439 3190 2510 μόνου,
3242 2440 3350 2493 ὑπὸ
3384 2439 3485 2511 τὴν
3540 2438 3801 2505 ἐξουσίαν

2212 2538 2379 2606 ἐσμὲν
2411 2533 2502 2588 τοῦ
2529 2528 2802 2588 διαϐόλου.

2295 2625 2717 2695 Ἐζωγρημένοι
2739 2623 2843 2678 ὑπ’
2867 2623 3056 2679 αὐτοῦ
3086 2623 3172 2689 εἰς
3193 2622 3259 2675 τὸ
3276 2621 3514 2675 ἐκείνου
3530 2621 3799 2691 θέλημα.

2225 2721 2316 2774 Ἐν
2357 2719 2563 2793 πλάνῃ,
2598 2717 2758 2789 φησὶ,
2779 2718 3064 2787 νήχονται*
3103 2715 3240 2768 ἀλλά
3278 2712 3653 2784 ζωγρηθέντες
3684 2711 3804 2765 ὑπὸ

2213 2811 2349 2865 Θεοῦ
2417 2809 2609 2875 εξςοτὸ
2643 2809 2854 2862 ἐκείνου
2898 2808 3143 2877 θέλημα,
3178 2807 3422 2860 τουτέστι
3469 2804 3562 2858 τοῦ
3619 2803 3790 2871 Θεοῦ,

2216 2901 2347 2964 ἴσως
2401 2899 2772 2972 ἀνανήψουσιν
2841 2901 2947 2955 ἀπὸ
2988 2900 3096 2952 τῶν
3146 2899 3352 2952 ὑδάτων
3405 2897 3505 2967 τῆς
3559 2896 3802 2968 πλάνης.

2212 2993 2440 3064 Θέλημα
2469 2992 2527 3046 δὲ
2555 2991 2649 3046 τοῦ
2702 2991 2861 3055 Θεοῦ,
2892 2990 2953 3043 οὐ
3000 2990 3059 3043 τδ
3090 2989 3371 3044 πιστεύειν
3400 2989 3598 3060 μόνον,
3656 2987 3807 3043 ἀλλὰ

2215 3087 2396 3141 καὶτὸ
2425 3083 2578 3156 βιοῦν
2610 3084 2981 3156 ὀρθῶς.”Ωστε
3014 3085 3111 3136 καὶ
3134 3083 3264 3154 περὶ
3301 3081 3420 3152 βίου
3447 3081 3619 3136 ταῦτα
3655 3082 3805 3148 νόει,

537 3176 772 3240 Quidam
826 3184 1004 3229 autem
1060 3176 1204 3230 istud
1235 3217 1250 3243 ,
1297 3194 1326 3229 a
1367 3195 1469 3246 quo
1509 3181 1703 3248 captivi
1748 3191 2010 3247 tenentur,
2041 3183 2109 3238 de

2217 3183 2294 3253 μὴ
2325 3182 2486 3251 μόνον
2531 3181 2662 3250 περὶ
2713 3180 3020 3248 δογμάτων.
3075 3178 3233 3242 Τινὲς
3265 3178 3322 3232 δὲ
3355 3177 3436 3239 τδ,
3474 3174 3807 3243 ἐζωγρημέ-

537 3268 769 3323 diabolo
806 3267 1230 3331 intellexerunt,
1267 3275 1322 3321 et
1360 3269 1570 3336 reliqua
1603 3270 1671 3322 ad
1706 3270 1957 3325 eumdem
1997 3285 2112 3324 mo-

525 3359 689 3414 dum.

1149 3502 1376 3559 CAPUT
1401 3504 1490 3558 lll.

614 3629 785 3686 Vens.
819 3631 869 3682 1.
913 3628 1030 3683 Hoc
1069 3638 1243 3683 autem
1267 3631 1423 3692 scito,
1455 3631 1593 3698 quod
1633 3633 1686 3684 in
1721 3633 1904 3686 diebus
1940 3635 2116 3687 novis-

547 3719 989 3772 simisinstabunt
1017 3727 1253 3786 tempora
1284 3720 1606 3788 periculosa.
1645 3719 1784 3786 Quia
1821 3729 1952 3776 tunc
1983 3733 2119 3776 tem-

2217 3289 2312 3325 νοι
2335 3273 2437 3325 ὑπ’
2463 3271 2672 3333 αὐτοῦ,
2705 3271 2800 3324 τοῦ
2833 3270 3085 3322 διαϐόλου
3135 3270 3388 3338 ἐνόησαν,
3423 3266 3516 3320 καὶ
3553 3265 3623 3319 τὰ
3665 3265 3810 3337 ἑξῆς

2218 3360 2501 3423 ὡσαύτως.

2810 3504 3060 3557 ΚΕΦΑΛ.
3094 3504 3170 3558 Γ.

2294 3631 2473 3684 Τοῦτο
2506 3630 2574 3682 δὲ
2607 3630 2883 3697 γίνωσκε,
2912 3629 3002 3681 ὅτι
3030 3629 3100 3683 ἐν
3121 3629 3404 3698 ἐσχάταις
3429 3629 3674 3698 ἡμέραις
3694 3629 3811 3684 ἐνι-

2219 3719 2555 3779 στήσονται
2576 3717 2765 3790 καιροὶ
2790 3718 3064 3784 χαλεποί.
3109 3719 3329 3788 Ἐπειδὴ
3351 3719 3538 3771 πολλοὶ
3564 3721 3807 3788 πονηροὶ

548 3809 696 3877 poris
749 3809 904 3864 multi
953 3797 1184 3879 iui/probi
1234 3818 1412 3873 erant,
1435 3826 1509 3864 ne
1549 3811 1617 3866 ob
1658 3813 1759 3867 ista
1793 3811 2113 3866 Timotheus

2221 3811 2363 3864 κατά
2393 3810 2519 3872 τοὺς
2554 3809 2674 3890 τότε
2706 3809 2933 3878 καιροὺς
2978 3803 3122 3878 ἦσαν
3148 3848 3163 3873 ,
3201 3809 3289 3861 ἴνα
3322 3810 3397 3879 μὴ
3444 3808 3742 3877 θορυϐῆται
3771 3814 3806 3864 δ

547 3899 978 3965 τοτιυτὶιατειυτ,
1037 3899 1288 3968 praedixit
1336 3900 1407 3962 ei,
1478 3897 1546 3952 In
1605 3900 1762 3953 domo
1818 3917 2034 3970 magna,
2062 3909 2113 3955 et

2220 3902 2484 3972 Τιμόθεος
2525 3902 2618 3954 ἐπὶ
2668 3900 2901 3961 τούτοις,
2933 3901 3165 3968 προεῖπε
3223 3899 3325 3969 μὲν
3378 3897 3550 3968 αύτῷ,
3575 3899 3659 3968 ὅτι,
3692 3899 3814 3953 Ἑν

543 3998 739 4044 ezetera
771 4007 790 4043 :
817 4003 964 4044 nunc
994 4004 1126 4043 vero
1155 3990 1248 4053 ait,
1274 3988 1410 4044 tales
1439 3991 1600 4044 etiam
1633 3992 1861 4060 posthac
1880 3991 2113 4049 futuros.

2216 3994 2448 4064 μεγάλῃ
2477 3994 2653 4060 οἰκίᾳ,
2679 3992 2775 4046 καὶ
2817 3993 2885 4046 τὰ
2913 3991 3075 4061 ἑξῆς·
3122 3990 3278 4060 λέγει
3322 3990 3377 4044 δὲ
3424 3992 3517 4045 καὶ
3573 3989 3668 4044 νῦν
3710 3990 3807 4045 ὅτι

437 4145 452 4157 ι
544 4079 853 4147 Quinetiam
884 4081 1224 4150 temporibus
1252 4079 1459 4152 Moysis
1506 4080 1746 4139 Joannes
1777 4094 1828 4138 et
1863 4082 2113 4139 Jambres

2222 4086 2361 4154 μετὰ
2407 4085 2582 4137 ταῦτα
2632 4083 2870 4136 ἔσονται.
2913 4080 3075 4136 Ἀλλά
3106 4080 3215 4153 μὴν
3244 4083 3339 4136 καὶ
3384 4082 3481 4134 ἐπὶ
3513 4080 3808 4142 Μωῦσέως

479 4237 483 4241 Α
543 4174 787 4228 luerunt.
817 4172 999 4238 Quare
1034 4187 1141 4225 non
1172 4179 1258 4226 est
1287 4171 1449 4226 hodie
1480 4189 1621 4226 nova
1653 4174 1843 4230 isthaac
1871 4191 1979 4241 res,
2015 4192 2112 4231 ne-

2233 4179 2442 4246 Ίαννῆς
2472 4176 2570 4230 καὶ
2615 4174 2878 4246 Ἰαμϐρῆς
2928 4169 3092 4243 ἦσαν.
3121 4175 3285 4230 Ὥστε
3315 4173 3379 4227 οὐ
3412 4172 3702 4241 κενοφανὲς
3735 4171 3812 4224 τὺ

541 4281 648 4332 que
681 4265 748 4318 ad
796 4273 848 4317 te
894 4278 1067 4332 usque
1096 4262 1366 4330 pertinget
1402 4271 1637 4316 tantum.
1665 4264 1745 4319 Ne
1775 4267 1940 4334 igitur
1973 4283 2113 4337 agre

2218 4266 2615 4339 πρᾶγμα,οὑδὲ
2650 4267 2812 4340 μέχρι
2841 4264 2936 4317 σοῦ
2967 4266 3247 4335 στήσεται.
3273 4263 3364 4333 Μὴ
3397 4264 3578 4316 τοίνυν
3599 4261 3809 4346 δυσχέ-

544 4354 712 4407 feras.
746 4352 1003 4420 Tempora
1023 4358 1186 4421 porro
1211 4354 1528 4437 periculosa,
1553 4354 1604 4407 id
1634 4362 1739 4420 est,
1771 4355 1926 4410 valde
1952 4358 2112 4410 mala.

545 4441 661 4521 Non
689 4441 756 4496 de
781 4441 974 4496 diebus
1004 4450 1184 4496 autem
1227 4443 1330 4498 hoc
1360 4444 1771 4515 intelligendum
1807 4455 1913 4512 est,
1952 4447 1967 4513 (
1995 4460 2115 4516 qua:

543 4516 689 4588 enim
721 4532 830 4586 diei
863 4531 1070 4586 malitia
1104 4542 1187 4588 est
1210 4533 1237 4586 7
1278 4529 1296 4602 )
1327 4549 1512 4590 verum
1545 4541 1612 4592 de
1643 4538 1864 4591 illorum
1901 4524 2112 4593 dierum
2147 4516 2192 4573 ι)

545 4622 704 4683 malis
725 4630 780 4678 et
800 4625 966 4678 rebus
983 4633 1035 4678 et
1059 4623 1396 4679 hominibus.
1427 4624 1560 4679 Nam
1587 4635 1643 4681 et
1669 4642 1774 4684 nos
1803 4627 1857 4682 in
1880 4643 2114 4684 consue-

547 4727 608 4769 tot
627 4720 882 4768 sermone
912 4721 1159 4783 tempora
1187 4713 1419 4768 dicimus
1447 4717 1587 4769 mala
1618 4726 1672 4770 et
1702 4717 1869 4783 bona,
1893 4735 1931 4771 a.
1951 4720 2120 4773 rebus

544 4822 681 4876 quae,
702 4806 755 4860 in
790 4804 862 4861 iis
892 4806 1170 4869 eveniunt,
1204 4815 1298 4860 aut
1328 4807 1393 4861 ab
1426 4807 1762 4864 hominibus.

621 4989 784 5044 Vens.
820 4991 878 5041 9..
933 4990 1104 5043 Erunt
1141 4993 1276 5045 enim
1336 4969 1571 5048 homines
1614 4994 1809 5062 seipsos
1857 5008 2113 5053 amantes.

548 5083 744 5137 Statim
769 5083 914 5151 quod
946 5083 1186 5135 omnium
1203 5085 1470 5139 malorum
1504 5095 1773 5142 estcausa
1803 5076 2116 5157 ponitfnon

547 5189 666 5239 qua:
712 5171 946 5241 proximi
1008 5178 1159 5234 sunt,
1217 5171 1311 5225 sed
1366 5190 1488 5242 quae
1529 5191 1625 5229 sua
1676 5185 1886 5231 tantum
1923 5180 2118 5249 ipsius,

548 5270 814 5329 spectare,
865 5261 1126 5324 Φίλαυτος
1175 5260 1321 5314 enim
1379 5263 1469 5316 ille
1523 5275 1630 5329 est,
1681 5268 1772 5333 qui
1827 5283 1888 5322 se
1940 5271 2118 5323 solum

551 5359 697 5404 amat
736 5367 753 5400 :
795 5367 861 5404 ex
899 5370 1008 5421 quo
1049 5354 1341 5424 contingit,
1391 5362 1452 5407 ut
1494 5371 1564 5410 ne
1613 5357 1855 5427 seipsum
1902 5357 2122 5429 quidem

552 5439 772 5494 tandem
801 5455 926 5495 vere
980 5452 1141 5498 amet.
1177 5444 1648 5512 Quemadmodum
1682 5447 1828 5503 enim
1870 5443 2126 5504 inmem-

552 5527 665 5609 tris
709 5527 872 5583 unius
929 5528 1185 5595 damnum
1231 5534 1304 5588 ad
1366 5533 1575 5603 reliqua
1655 5535 1817 5587 etiam
1880 5537 2123 5591 membra

554 5620 874 5692 pertransit,
917 5629 973 5673 et
1010 5621 1065 5673 in
1098 5621 1344 5678 aediliciis
1391 5624 1508 5696 pari
1536 5624 1746 5680 ratione
1784 5643 1797 5679 :
1847 5618 1926 5681 sic
1961 5633 2015 5680 et
2061 5625 2113 5678 in

555 5712 820 5777 Ecclesia,
868 5712 962 5784 qui
997 5711 1218 5768 fratrem
1252 5731 1410 5769 suum
1451 5719 1695 5789 negligit,
1725 5712 1967 5793 seseque
1997 5728 2116 5775 tan-

554 5804 833 5862 tumnodo
865 5812 1044 5871 curat,
1076 5805 1315 5873 seipsum
1360 5808 1520 5863 etiam
1556 5811 1755 5879 perdit.

2224 4371 2399 4428 ραινε.
2431 4358 2634 4427 Καιροὶ
2663 4355 2722 4408 δὲ
2745 4358 2996 4425 χαλεποὶ,
3052 4354 3300 4408 τουτέστι
3337 4355 3480 4407 πάνυ
3545 4352 3808 4424 πονηροί.

2219 4451 2293 4501 Οὐ
2329 4444 2697 4517 περὶήμερῶν
2728 4445 2783 4498 δὲ
2814 4444 2970 4499 τοῦτο
2998 4444 3245 4516 νοητέον,
3285 4444 3391 4514 (τίς
3420 4445 3530 4514 γάρ
3562 4444 3811 4513 πονηρία

2221 4539 2435 4612 ἡμέρας
2457 4539 2497 4606 ;)
2543 4530 2680 4589 ἀλλά
2710 4538 2840 4607 περὶ
2873 4534 2981 4589 τῶν
3008 4537 3067 4589 ὲν
3105 4539 3225 4600 ταῖς
3275 4536 3516 4606 ἡμέραις
3545 4536 3815 4606 πονηρῶν

2224 4627 2320 4681 καὶ
2367 4626 2712 4698 πραγμάτων
2746 4627 2838 4679 καὶ
2891 4621 3220 4697 ἀνθρώπων.
3282 4628 3391 4679 Καὶ
3443 4629 3605 4697 ἡμεῖς
3641 4626 3698 4678 ὲν
3725 4630 3824 4696 τῇ

2222 4720 2481 4792 συνηθείᾳ
2510 4718 2651 4774 οὕτω
2722 4719 2956 4791 λέγομεν
3006 4720 3231 4791 καιροὺς
3276 4720 3550 4788 πονηροὺς
3603 4717 3698 4770 καὶ
3734 4719 3814 4772 οὗ

2221 4810 2514 4881 πονηροὺς,
2547 4809 2653 4862 ἀπὸ
2693 4809 2817 4862 -τῶν
2869 4810 2928 4862 ὲν
2966 4809 3152 4873 αὐτοῖς
3189 4805 3599 4877 συμϐαινόντων
3656 4821 3814 4874 πραμ-

2221 4904 2466 4975 γμάτων,
2489 4901 2527 4970 ἦ
2562 4901 2671 4953 ἀπὸ
2695 4901 2805 4952 τῶν
2834 4900 3159 4967 ἀνθρώπων.

2295 4986 2584 5063 ,Εσονατ-αι
2618 4991 2729 5060 γὰρ
2781 4991 2835 5043 οἱ
2867 4987 3164 5054 ἅνθρωποι
3188 4986 3492 5055 φίλαυτοι.
3527 4983 3700 5046 Εὐθὺς
3737 4986 3814 5039 τὺ

2223 5063 2442 5145 πάντων
2490 5081 2666 5137 αἴτιον
2713 5079 2824 5134 τῶν
2861 5079 3048 5134 κακῶν
3095 5077 3302 5147 τίθησι,
3348 5079 3408 5131 τὸ
3443 5077 3520 5148 μὴ
3574 5078 3641 5130 ea
3696 5077 3816 5132 τοῦ

2222 5177 2474 5246 πλησίον,
2532 5175 2670 5228 ἀλλά
2695 5173 2764 5226 τὰ
2797 5171 2963 5226 αὑτοῦ
3016 5170 3180 5242 μόνου
3233 5170 3478 5243 σκοπεῖν.
3533 5166 3814 5235 Φίλαυτος

2222 5269 2330 5337 γὰρ
2356 5269 2384 5319 ὁ
2410 5266 2603 5318 ἑαυτὸν
2639 5264 2799 5332 μόνον
2831 5261 3002 5332 φιλῶν
3023 5279 3037 5293 ·
3077 5261 3141 5326 ἒξ
3159 5254 3220 5316 οὗ
3249 5260 3541 5330 συμϐαίνει
3572 5260 3634 5314 τὸ
3656 5261 3813 5332 μηδὲ

2222 5355 2412 5430 ἑαυτὸν
2445 5353 2637 5422 φιλεῖν.
2677 5353 2889 5422 Ὥσπερ
2933 5352 3041 5421 γὰρ
3095 5353 3152 5403 ὲν
3189 5352 3313 5413 ,τοῖς
3352 5349 3572 5420 μέλεσιν
3634 5352 3808 5422 ἡτοῦ

2222 5445 2341 5506 ὲνδς
2369 5441 2539 5510 βλάϐη
2561 5442 2657 5494 καὶ
2691 5443 2773 5504 εἰς
2804 5441 2872 5494 τὰ
2905 5440 3069 5494 λοιπά
3093 5439 3381 5504 διαϐαίνει,
3422 5442 3518 5493 καὶ
3551 5441 3644 5494 ἐπὶ
3683 5440 3813 5495 τῶν

2222 5533 2678 5602 οἰκοδομημάτων
2705 5531 2967 5594 ὡσαύτως
2991 5548 3004 5563 ·
3020 5529 3163 5585 οὕτω
3183 5531 3277 5583 καὶ
3302 5533 3360 5586 ὲν
3390 5534 3454 5602 τῇ
3474 5530 3810 5603 Ἑκκλησὶᾳ,

2223 5627 2251 5676 ὁ
2282 5624 2498 5692 ἀμελῶν
2536 5622 2631 5676 τοῦ
2664 5622 2918 5693 ἀδελφοῦ,
2966 5622 3059 5678 καὶ
3094 5622 3287 5676 ἑαυτὸν
3322 5625 3481 5700 μόνον
3513 5620 3816 5695 τημιλῶν,
3863 5621 3872 5625 ’

2224 5716 2316 5770 καὶ
2343 5714 2519 5788 ἑαυτῷ
2546 5714 2886 5787 λυμαίνεται.
