4060 6326
230 406 328 472 11⁸1

963 396 1367 462 EXPOSITIO
1398 396 1480 459 IN
1505 395 1745 458 EPIST.
1784 395 1846 455 II
1874 397 1974 456 AD
1994 394 2385 456 TIMOT-H.-
2406 392 2566 454 CAP.
2599 391 2720 454 ΙΙΙ.

3351 394 3464 460 118-

302 517 678 587 Φιλὰργυροι.
716 514 897 570 Εἰπὼν
926 515 1022 586 τὴν
1058 515 1235 586 ῥίζαν,
1261 514 1458 583 ἐπάγει
1489 515 1672 578 ίδικῶς
1697 514 1792 570 καὶ

1964 514 2147 568 Avari.
2196 513 2331 567 Cum
2366 501 2876 578 dixisset-radicem,
2904 509 3064 566 infert
3092 511 3369 581 speciatim
3399 525 3459 570 ει

235 611 362 672 τοὺς
391 609 485 666 ἀπ’
513 608 685 675 αὐτῆς
710 606 957 671 κλάδους,
987 601 1061 660 ὧν
1093 606 1308 677 πρῶτος
1345 606 1440 659 καὶ
1471 607 1729 675 μέγιστος
1760 608 1793 676 ἠ

235 698 565 768 φιλαργυρία
606 698 706 764 (ο).
759 697 967 765 Ὥσπερ
1007 695 1116 765 γὰρ
1171 697 1236 748 ὲκ
1281 697 1383 765 τῆς
1437 696 1656 764 ἀγάπης
1690 695 1797 746 πᾶν

237 788 424 851 καλὸν,
453 786 624 849 οὓτως
649 786 714 839 ὲκ
738 784 836 853 τῆς
870 783 1154 853 φιλαυτίας
1183 786 1291 837 πᾶν
1333 785 1525 848 κακὸν,
1567 786 1798 838 ἀντικει-

239 878 408 948 μένης
436 879 501 946 τῃ
532 877 744 947 ἀγάπῃ.
773 877 840 931 Ἠ
869 877 966 945 μὲν
991 876 1098 946 γάρ
1121 877 1349 932 πλατεῖά
1375 879 1512 940 ἐστι,
1539 876 1636 931 καὶ
1656 894 1797 931 παν·

231 965 402 1036 ταχοῦ
444 966 771 1036 ὲκκέχυται’
815 969 848 1037 ἠ
882 968 938 1020 δὲ
969 968 1223 1035 φιλαυτία
1274 971 1452 1022 στενοί
1487 968 1548 1022 τὸ
1596 967 1797 1032 πλάτος

233 1057 459 1127 ταύτης,
488 1057 581 1109 καὶ
601 1058 682 1121 είς
714 1057 811 1112 ἕνα
841 1058 1002 1129 μόνον
1037 1051 1337 1113 συστέλλει.
1385 1075 1388 1078 '

319 1252 646 1317 Ἀλαζόνες.
682 1252 842 1307 Κατά
865 1232 1152 1322 ἄνθρωπον
1183 1254 1581 1322 κομπάζοντες.

314 1429 725 1497 Ὑπερήφανοι,
781 1429 1162 1499 βλάσφημοι.
1219 1431 1643 1501 Προκοπτοὺσης
1699 1433 1798 1503 τῆς

231 1518 453 1580 κακίας,
493 1520 595 1588 ἠδη
623 1519 717 1571 καὶ
763 1519 858 1571 ἐπὶ
905 1519 1040 1572 Θεὸν
1083 1521 1117 1589 ἠ
1153 1518 1331 1587 ὕϐρις.
1366 1520 1535 1573 Ὅταν
1578 1520 1686 1591 γάρ
1715 1536 1798 1582 τις
1823 1585 1834 1596 σ

224 1609 344 1661 τῶν
400 1607 703 1678 ἀνθρώπων
758 1608 1320 1680 καταλαζονεύσηται,
1374 1607 1495 1662 εἶτα
1547 1611 1642 1664 καὶ
1692 1612 1799 1664 πᾶν

227 1699 569 1770 κατόρθωμα
622 1700 801 1770 ἑαυτῷ
849 1700 1176 1778 ἐπιγράψῃ,
1231 1703 1326 1756 καὶ
1384 1699 1503 1772 οὐχὶ
1555 1705 1621 1773 τῇ
1679 1701 1800 1773 θείᾳ

227 1791 439 1861 χάριτι,
471 1793 593 1844 τότε
625 1791 724 1862 ἢδη
752 1794 846 1846 καὶ
873 1792 1212 1863 βλασφημεῖ.

1897 603 1967 659 ab
1990 619 2054 660 ea
2073 612 2269 659 enatos
2296 617 2499 666 ramos,
2527 617 2759 670 quorum
2785 607 2837 654 et
2870 601 3077 670 primus
3106 610 3164 675 et
3187 605 3454 660 maximus

1898 702 1983 748 est
2009 692 2236 746 avaritia
2263 711 2276 747 :
2311 690 2534 761 perinde
2558 704 2792 759 namque
2816 704 2880 744 ac
2908 705 2972 745 ex
2999 693 3263 746 charitate
3296 708 3459 749 omne

1901 785 2129 845 bonum,
2168 784 2250 838 sic
2270 797 2334 838 ex
2360 782 2644 852 philautia,
2675 790 2862 850 utpote
2895 782 3148 836 charitati
3179 784 3454 853 opposita,

1898 888 2057 928 omne
2101 873 2302 927 malum
2355 871 2591 942 proﬂuit.
2639 868 2771 923 Nam
2827 871 3064 937 charitas
3109 879 3192 927 est
3240 874 3369 937 lata,
3405 885 3459 929 ct

1897 978 2228 1033 quocunque
2257 961 2554 1018 eﬂ‘unditur
2601 979 2614 1014 :
2658 961 2920 1030 philautia
2954 977 3085 1016 vero
3114 962 3455 1017 latitudinem

1898 1056 2018 1127 ejus
2044 1055 2100 1110 in
2134 1061 2347 1111 erctum
2378 1053 2857 1121 constrmgit,etin
2881 1067 3045 1106 unum
3081 1052 3458 1108 tantummodo

1899 1147 2194 1203 contrahit.
2243 1189 2246 1192 λ

1967 1240 2137 1310 βω
2181 1237 2351 1294 Etati.
2387 1236 2490 1302 Qui
2529 1249 2649 1290 sese
2682 1234 2946 1289 adversus
2973 1232 3110 1288 alios
3142 1233 3375 1289 elferunt
3405 1243 3461 1288 et

1967 1336 2198 1382 tentant.

1967 1344 1986 1382 t
2024 1344 2080 1382 nt
2122 1344 2198 1382 nt.

1901 1344 2213 1489 “Sagra,
2233 1417 2540 1499 blasphemi.
2565 1414 2901 1468 Procedente
2934 1414 3160 1478 malitia,
3192 1415 3258 1468 ad
3289 1415 3496 1477 Denur

1900 1526 2073 1580 usque
2096 1510 2295 1579 injuria
2321 1510 2600 1578 pertingit.
2619 1506 2855 1571 Quando
2881 1508 3024 1559 enim
3050 1506 3246 1574 aliquis
3270 1506 3459 1559 adver-
3493 1536 3499 1542 -

1901 1618 1994 1657 sus
2031 1603 2282 1656 homines
2305 1615 2569 1669 arrogans
2598 1597 2778 1661 fuerit,
2806 1595 3018 1665 sibique
3043 1609 3259 1650 onmem
3291 1596 3461 1649 virtu-

1901 1701 2009 1748 tem
2036 1692 2378 1760 ascripserit,
2416 1699 2469 1746 et
2503 1705 2609 1745 non
2637 1688 2830 1742 divinae
2855 1687 3066 1756 gratiae,
3097 1693 3210 1740 tum
3243 1686 3459 1740 demunt

1903 1769 2254 1852 blasphemus
2275 1789 2380 1836 est.

299 1844 603 1936 ὶόνεῦσιν
631 1844 917 1950 ἀπειθεῖς,
934 1885 974 1938 ἀ
977 1844 1275 1954 laniarat,
1291 1886 1546 1951 ἀνόσιοι,
1579 1887 1796 1954 ἄστορ-

1971 1844 2285 1928 Parentibus
2320 1890 2423 1927 non
2457 1872 2785 1934 ebedientes,
2820 1869 3034 1939 ingrati,
3080 1868 3304 1933 scelesti,
3344 1869 3460 1921 sine

227 1991 349 2040 γοι,
380 1972 697 2028 ἄσπονδοι.
733 1976 972 2040 Είκότως
991 1979 1070 2030 ἐἰ
1101 1979 1207 2049 γὰρ
1230 1979 1362 2034 Θεὸν
1392 1979 1797 2050 βλασφημοῦσι.

230 2072 353 2134 πῶς
387 2073 566 2140 γονεῖς
594 2074 952 2142 τιμήσουσιν;
991 2073 1050 2127 '0
1082 2074 1138 2126 δὲ
1168 2080 1348 2142 γονεῖς
1372 2075 1446 2146 μὴ
1480 2076 1678 2146 τιμῶν,
1702 2077 1799 2129 καὶ

231 2162 372 2231 πρὸς
405 2163 615 2226 πάντας
660 2163 814 2218 ἔσται
860 2166 1175 2236 ἀχάριστος.
1223 2168 1280 2220 '0
1331 2168 1389 2220 δὲ
1420 2168 1658 2231 τοιοῦτος
1704 2167 1799 2221 καὶ

230 2255 466 2318 ἀνόσιος,
495 2254 578 2308 ὅτι
623 2254 720 2326 τὴν
763 2255 919 2309 ὁσίαν
956 2259 1052 2310 καὶ
1099 2260 1162 2310 τὸ
1190 2259 1535 2328 ὀφειλόμενον
1567 2260 1751 2313 ἀθετεῖ
1777 2273 1792 2288 °

230 2342 370 2393 ἀλλὰ
396 2343 493 2393 καὶ
517 2343 803 2410 ἀστοργος.
854 2343 991 2398 Τίνα
1027 2345 1138 2414 γὰρ
1166 2345 1379 2414 στέρξει
1411 2346 1590 2410 ἄλλον,
1641 2346 1670 2398 ὁ
1707 2345 1799 2397 τὸν

232 2432 528 2501 εὐεργέτην
580 2434 935 2498 ἀποπτύσαςς
1009 2435 1121 2487 Καὶ
1187 2435 1534 2503 ἄσπονδος,
1610 2435 1798 2506 μηδενὶ

235 2521 619 2592 σπενδόμενος,
647 2524 764 2593 εἴγε
793 2525 927 2596 μηδὲ
957 2525 1034 2596 τῷ
1072 2527 1360 2598 εὐεργέτῃ.
1646 2561 1653 2567 -

303 2767 596 2822 Διάϐολοι.
621 2771 898 2836 Τουτέστι,
920 2772 1123 2836 πάντας
1150 2762 1594 2842 κακολογοῦντες.
1614 2776 1672 2828 ’0
1690 2777 1797 2846 γὰρ

240 2858 410 2928 μηδὲν
458 2860 635 2930 ἑαυτῷ
670 2862 921 2924 συνειδὼς
975 2863 1200 2930 ἀγαθὸν,
1240 2866 1448 2930 πάντας
1502 2867 1795 2931 διαϐάλλει,

239 2950 418 3018 ἑαυτῷ
448 2951 799 3020 παραμυθίαν
829 2955 953 3006 τινὰ
996 2956 1475 3026 περιποιούμενος,
1502 2958 1579 3026 τῷ
1600 2957 1796 3021 δοκεῖν,

238 3039 334 3092 καὶ
365 3040 628 3094 ἑπινοιῖιν.

317 3218 628 3286 Ἀκρατεῖς.
678 3219 788 3274 Καὶ
816 3219 1084 3292 γλώττης,
1127 3222 1224 3276 καὶ
1268 3225 1526 3295 γαστρὸς,
1559 3226 1654 3280 καὶ
1687 3227 1796 3280 τῶν

235 3309 412 3363 ἀλλων
439 3312 716 3369 ἀπάντων.

315 3401 646 3471 ’Δγ-ήμεροι.
678 3402 839 3472 Ὁρᾷς
888 3403 1040 3465 τίνας
1077 3405 1224 3456 ποιεῖ
1260 3405 1293 3472 ὴ
1329 3405 1584 3473 φιλαυτία
1624 3408 1718 3460 καὶ
1763 3409 1796 3477 ἡ

234 3493 564 3563 φιλαργυρία
585 3511 601 3558 ;
625 3494 801 3563 Θηρία
827 3493 950 3546 ἀντὶ
978 3493 1302 3561 ἀνθρώπων.

315 3583 703 3650 Ἀφιλὰγαθοι.
739 3583 949 3646 Παντὸς
979 3583 1185 3651 ἀγαθοῦ
1217 3584 1419 3656 ἐχθροί.

305 3671 612 3738 Προδόται.
640 3674 752 3742 Τῆς
781 3674 985 3743 φιλίας.

306 3764 647 3831 Προπετεῖς.
682 3766 994 3832 Τουτέστιν,
1034 3768 1305 3837 ἀόέσαιοι,
1356 3772 1509 3831 οὐδὲν
1536 3773 1798 3844 σταθερὸν

234 3854 471 3925 ἔχοντες.

312 3947 650 4014 Τετυφωμέν
660 3963 733 4001 οι.
775 3947 1061 4011 ’Δπονοίας
1099 3950 1547 4019 πεπληρωμένοι.

305 4035 628 4102 «baridos-or
685 4035 927 4103 μᾶλλον
981 4040 1018 4105 ἣ
1071 4039 1355 4106 φιλόθεοι.
1411 4042 1748 4108 Ἀναγκαίως
1780 4058 1794 4072 ·

237 4124 364 4177 ἔνθα
397 4127 501 4195 γὰρ
537 4125 688 4195 φιλία
722 4127 832 4179 τῶν
873 4126 969 4181 τοῦ
999 4129 1203 4198 κόσμου
1233 4127 1500 4200 τερπνῶν,
1522 4131 1637 4184 ὲκεῖ
1657 4130 1800 4194 θεῖος

238 4215 402 4276 πόθος
428 4214 527 4268 οὒκ
564 4215 675 4269 ἔστι
685 4234 728 4268 ν.

309 4305 592 4373 Ἔχοντες
643 4309 958 4377 μόρφωσιν
989 4309 1325 4376 εὐσεϐείας,
1364 4310 1479 4378 τὴν
1515 4310 1583 4362 δὲ
1619 4292 1799 4365 δύα-α-

235 4412 338 4461 μιν
384 4395 574 4466 αὐτῆς
623 4397 966 4465 ἠρνημένοι.
1017 4399 1301 4462 Τουτέστι,
1371 4401 1798 4468 σχηματίζονται

1900 1965 2199 2032 a/fectione,
2223 1967 2334 2018 sine
2363 1981 2509 2032 pace.
2546 1965 2714 2032 [dque
2757 1978 2864 2017 non
2899 1961 3210 2030 immerito:
3248 1975 3370 2014 nam
3410 1960 3465 2016 si

1904 2050 2068 2104 Deum
2110 2051 2516 2120 blasphemant,
2537 2050 2813 2120 quomodo
2843 2059 3098 2119 parentes
3117 2049 3457 2104 venerabun-

1903 2143 2036 2196 tur?
2088 2141 2190 2208 Qui
2222 2149 2402 2197 autem
2441 2152 2694 2212 parentes
2725 2155 2855 2195 suos
2895 2154 3002 2194 non
3044 2135 3299 2204 honorat,
3330 2152 3462 2208 erga

1901 2247 2093 2290 omnes
2125 2234 2369 2304 ingratus
2401 2233 2525 2288 erit.
2571 2232 2673 2298 Qui
2703 2239 2882 2286 autem
2919 2231 3042 2284 talis
3068 2238 3175 2294 est,
3210 2230 3258 2284 is
3285 2239 3370 2283 est
3407 2237 3466 2285 ει

1900 2323 2168 2380 scelestus
2217 2366 2233 2390 ,
2275 2324 2404 2393 quia
2450 2323 2794 2378 sanctitatem
2850 2331 2908 2376 et
2962 2322 3194 2376 cilicium
3259 2319 3455 2388 reiicit.

1901 2411 2205 2477 Quinetiam
2234 2429 2264 2467 a
2296 2413 2581 2467 eharitatis
2613 2412 2806 2467 alfectu
2836 2413 3046 2465 alienus
3075 2428 3091 2464 :
3129 2424 3288 2478 quem
3310 2407 3460 2460 enim

1901 2505 2066 2558 alium
2095 2505 2404 2560 dilectionis
2433 2505 2627 2558 aﬂ‘ectu
2669 2505 3084 2573 complectetur,
3108 2502 3202 2570 qui
3239 2500 3459 2556 benefa-

1901 2603 2106 2649 ctorem
2146 2610 2306 2650 suum
2337 2596 2542 2663 respuit
2571 2595 2594 2647 ‘2
2629 2593 2692 2647 Et
2721 2595 2831 2647 sine
2856 2593 3006 2660 pace,
3032 2593 3232 2646 nemini
3263 2605 3464 2646 recon-

1903 2687 2142 2751 ciliatur,
2179 2685 2448 2756 siquidem
2485 2701 2593 2740 non
2622 2686 2721 2755 ipsi
2759 2684 3114 2738 benefactori.

1972 2769 2136 2824 Vens.
2165 2771 2220 2824 5.
2252 2771 2648 2824 Criminatores.
2679 2770 2792 2824 [loc
2817 2780 2917 2834 est,
2949 2771 3205 2824 omnibus
3227 2769 3456 2824 maledi-

1899 2870 2105 2914 centes.
2151 2860 2254 2924 Qui
2299 2861 2443 2913 enim
2479 2859 2683 2913 nullius
2722 2859 2847 2912 boni
2885 2859 2987 2912 sibi
3034 2858 3292 2912 conscius
3325 2870 3408 2914 est
3439 2897 3462 2925 ,

1899 2966 2090 3005 οιιιηεε
2119 2951 2257 3007 alios
2287 2951 2634 3015 criminatur,
2658 2950 2761 3003 sibi
2793 2949 2896 3018 ipsi
2934 2951 3036 3003 hoc
3077 2957 3234 3018 pacto
3257 2964 3454 3006 conso-

1900 3042 2157 3097 lationem
2205 3041 2495 3112 quamdam
2564 3041 2846 3111 acquirere
2907 3041 3057 3095 visus
3119 3047 3174 3094 et
3231 3041 3453 3112 excogie

1823 3168 1867 3226 ϐ
1902 3139 2044 3226 tatis.

1968 3223 2373 3277 Incontinentes.
2425 3221 2630 3291 Lingua
2674 3221 2883 3277 scilicet
2928 3231 2981 3277 et
3012 3229 3200 3277 ventre
3225 3210 3457 3291 aliisque

1898 3315 2136 3368 cunctis.
3115 3311 3118 3314 ”

1971 3401 2229 3456 Immites.
2293 3401 2697 3456 Animadvertis
2758 3416 3020 3470 quosnam
3081 3401 3244 3454 faciat
3303 3416 3461 3457 amo:

1898 3492 1978 3549 sui
2003 3502 2056 3545 et
2080 3492 2306 3545 avaritia
2329 3492 2575 3546 ‘tBelluas
2605 3492 2859 3547 nimirum
2891 3507 2986 3561 pro
3014 3492 3350 3549 hominibus.

1970 3585 2100 3640 Sine
2132 3585 2466 3654 benignitate.
2497 3584 2687 3640 Omnis
2711 3584 2836 3638 boni
2865 3584 3068 3639 hostes.

1969 3676 2137 3731 Vnns.
2171 3678 2222 3732 4.
2255 3677 2583 3731 Proditores.
2615 3676 2900 3730 Amicitiae.

1972 3767 2302 3837 Pracipites.
2342 3768 2456 3824 Hoc
2481 3777 2586 3823 est.
2619 3767 2923 3833 instabiles,
2961 3767 3095 3820 nihil
3139 3767 3330 3823 stabile
3361 3767 3457 3823 ιη.

1899 3858 2111 3916 bentes.

1972 3948 2209 4000 Tumidi.
2241 3950 2569 4019 Arrogantia
2599 3950 2766 4018 pleni.

1973 4037 2307 4101 Voluptatum
2335 4048 2598 4089 amatores
2621 4039 2789 4104 magis
2803 4051 2960 4105 quam
2995 4035 3108 4092 Dei.
3139 4035 3462 4091 Necessario
3523 4086 3531 4092 .

1899 4125 2003 4181 hoc
2033 4127 2306 4195 sequitur.
2347 4125 2452 4182 Ubi
2503 4126 2647 4180 enim
2687 4136 2770 4181 est
2808 4125 2968 4193 hujus
2995 4127 3181 4180 mundi
3213 4128 3460 4196 volupta-

1900 4225 2013 4273 tum
2042 4227 2217 4282 amnr,
2246 4217 2359 4270 illic
2391 4214 2630 4271 divinum
2663 4214 2992 4270 desiderium
3027 4232 3132 4270 non
3162 4226 3264 4270 est.

1975 4306 2133 4362 Vens.
2162 4307 2216 4360 5.
2275 4306 2534 4360 Habentes
2567 4306 2786 4372 speciem
2815 4306 3047 4373 pietatis,
3087 4307 3331 4360 virtutem
3363 4324 3461 4361 au.-

1902 4408 2003 4451 tem
2049 4398 2161 4464 ejus
2199 4397 2534 4464 abnegantes.
2571 4395 2683 4449 Hoc
2718 4403 2803 4448 est
2829 4433 2844 4458 ,
2886 4397 3116 4464 speciem
3166 4397 3470 4466 quamdam

239 4485 400 4551 μόνον
428 4485 522 4555 τὴν
565 4486 819 4540 ἀσέϐειαν
868 4487 963 4540 καὶ⁵
996 4488 1398 4557 ὑποκρίνονται,
1432 4488 1522 4540 διὰ
1570 4489 1625 4540 δὲ
1682 4489 1793 4540 τῶν

1902 4489 2116 4556 pietatis
2139 4498 2249 4556 prie
2273 4501 2332 4539 se
2377 4485 2558 4538 lerunt
2577 4500 2641 4538 ac
2665 4485 2921 4556 simulant
2947 4494 3176 4551 tantum,
3201 4488 3460 4555 Operibus

235 4575 416 4643 ἔργων
460 4573 749 4644 ἀρνοῦνται
775 4576 1000 4647 ταύτην.
1031 4578 1344 4649 Σημείωσαι
1375 4579 1433 4632 δὲ
1463 4580 1543 4632 ὅτι
1574 4581 1605 4648 ἡ
1634 4579 1794 4631 δύνα-

241 4681 332 4732 μις
368 4662 469 4732 τῆς
496 4664 796 4726 εὐσεσείας,
833 4669 926 4718 καὶ
956 4669 1025 4720 τὰ
1047 4671 1213 4721 οἱονεὶ
1242 4670 1431 4738 νεῦρα,
1463 4673 1525 4723 ἐν
1550 4673 1666 4732 τοῖς
1703 4670 1794 4739 ἔρ-

237 4773 350 4823 γοις
384 4755 706 4811 δείκνυνται.
758 4756 1000 4817 Εἰκότως
1037 4758 1130 4810 οῦν
1169 4759 1386 4826 λέγεται
1417 4763 1588 4829 χωρὶς
1615 4762 1794 4831 ἔργων

239 4845 411 4913 νεκρὰ
459 4841 619 4901 εἶναι.
674 4848 999 4916 Μόρφωσιν
1025 4846 1082 4900 δὲ
1116 4847 1351 4918 ἀλλαχοῦ
1401 4852 1430 4901 ό
1471 4851 1793 4914 Ἀπόστολος

239 4934 330 4986 ἐπὶ
363 4933 527 4988 καλοῦ
573 4936 879 5006 παράλασεν
912 4953 929 4970 ο
963 4938 992 4989 δ
1024 4936 1133 5008 γὰρ
1165 4938 1480 5002 διδάσκαλος
1516 4941 1798 5010 μόρφωσιν

241 5025 488 5088 rubum;
515 5023 652 5096 ἔχει,
677 5029 949 5091 τουτέστι,
1009 5012 1234 5081 πλάττει
1291 5029 1385 5082 καὶ
1444 5035 1647 5100 μορφοτ
1697 5033 1797 5103 τὴν

239 5112 444 5180 γνῶσιν
467 5114 526 5169 ἒν
552 5115 666 5178 τοῖς
700 5117 988 5186 μαθηταῖς.

309 5203 422 5256 Καὶ
447 5205 692 5269 τούτους
720 5206 1102 5272 ἀποτρέπου.’
1123 5207 1186 5260 Εί
1214 5207 1272 5260 ὲν
1295 5207 1540 5278 ὑστέροις
1585 5212 1797 5278 καιροῖς

240 5292 474 5357 ἔσονται,
501 5295 614 5360 πῶς
641 5313 794 5366 φησι,
819 5299 1074 5362 Τούτους
1101 5299 1483 5368 ὰποτρέπου;
1515 5302 1673 5361 Εἰκὸς
1696 5302 1795 5369 μὲν

244 5383 334 5434 καὶ
352 5382 476 5434 τότε
492 5386 763 5451 τοιούτους
785 5383 924 5441 εἷναί
957 5405 1128 5454 τινας,
1163 5392 1212 5443 εί
1245 5392 1339 5446 καὶ
1372 5392 1449 5462 μὴ
1482 5393 1599 5461 μεθ’
1628 5392 1794 5460 ὑπερ-

241 5470 424 5542 ϐολῆς,
462 5472 568 5526 ἀλλ’
593 5476 739 5544 ὅμως
766 5473 927 5542 εἶναι,
953 5479 1027 5542 ὡς
1060 5479 1126 5532 ἂν
1153 5482 1201 5532 εί
1231 5480 1407 5550 ἔλεγε,
1455 5483 1591 5545 Τοὺς
1619 5479 1796 5533 τοιοὺ-

1899 4590 2079 4634 autem
2129 4594 2248 4633 eam
2299 4585 2517 4648 negant.
2563 4575 2809 4637 Observa
2842 4588 3020 4630 autem
3065 4578 3151 4630 hic
3192 4579 3299 4632 vim
3333 4579 3460 4634 Ιὶιίιὶ

1899 4679 2062 4737 atque
2117 4668 2252 4722 adeo
2301 4680 2497 4721 nervos
2536 4682 2632 4736 per
2677 4682 2840 4735 Opera
2882 4669 3173 4722 monstrari
3211 4687 3222 4721 :
3265 4669 3456 4723 merito

1900 4761 2064 4831 igitur
2095 4759 2298 4813 dicitur
2333 4759 2450 4812 sine
2493 4758 2750 4827 operibus
2794 4773 2916 4814 esse
2957 4766 3189 4812 mortua.
3223 4758 3455 4822 Speciem

1901 4859 2080 4905 autem
2102 4851 2218 4903 alio
2254 4851 2306 4903 in
2338 4851 2456 4903 loco
2499 4850 2790 4917 Apostolus
2813 4849 2867 4901 in
2898 4850 3095 4901 bonam
3127 4857 3332 4914 partem
3361 4861 3454 4899 as-

1906 4943 2139 5008 sumpsit
2169 4959 2183 4995 :
2208 4947 2505 5007 praeceptor
2541 4939 2683 4990 enim
2719 4938 3095 4989 formationem
3131 4936 3458 5006 cognitionis

1904 5038 1957 5082 et
1989 5029 2230 5081 scientiae
2262 5027 2441 5088 habet,
2481 5027 2584 5078 hoc
2613 5032 2696 5079 est
2721 5064 2742 5091 ,
2774 5025 2924 5096 ﬁngit
2954 5035 3006 5079 et
3037 5025 3233 5080 format
3275 5028 3457 5082 scien-

1903 5120 2033 5172 tiam
2066 5119 2119 5170 in
2153 5117 2456 5184 discipulis.

1973 5208 2039 5259 Et
2089 5207 2184 5261 hos
2215 5207 2410 5259 devita.
2442 5206 2499 5260 Si
2529 5207 2582 5260 in
2610 5209 2869 5263 extremis
2897 5207 3233 5275 temporibus
3270 5217 3455 5273 erunt,

1901 5298 2177 5368 quomodo
2221 5298 2372 5362 dicit,
2411 5297 2476 5350 Et
2508 5299 2600 5352 hos
2646 5299 2813 5351 devita
2841 5301 2870 5352 ?
2893 5296 3200 5351 Verisimile
3233 5299 3454 5368 quidem

1901 5399 1987 5445 est
2023 5398 2156 5443 tunc
2185 5390 2347 5445 etiam
2378 5390 2511 5443 tales
2551 5389 2720 5444 fuisse
2748 5387 3033 5456 quosdam,
3063 5389 3164 5443 etsi
3197 5405 3303 5444 non
3333 5405 3456 5447 om-

1907 5479 2042 5533 nino
2064 5487 2213 5532 tanta
2249 5478 2430 5546 copia,
2468 5479 2635 5532 fuisse
2665 5489 2867 5542 tamen,
2893 5478 3112 5548 perinde
3142 5495 3206 5535 ac
3233 5481 3279 5536 si
3309 5481 3451 5539 dicat

311 5672 388 5743 (α)
419 5673 638 5756 Authic
669 5677 954 5748 legendum
987 5681 1262 5748 φιλαυτία,
1296 5695 1354 5739 ιιι
1388 5686 1546 5743 habet
1577 5685 1699 5742 cod.
1737 5685 1788 5741 S.

1902 5677 2001 5742 arci
2058 5684 2271 5752 Venet.,
2319 5689 2410 5738 aut
2445 5683 2605 5753 paulo
2663 5694 2787 5753 post
2842 5673 3125 5756 legendum
3188 5685 3449 5755 φιλαργύ-

248 5741 376 5814 ρία,
395 5746 644 5818 auaritia,
672 5741 958 5806 ut'sensus
981 5741 1123 5810 recte
1157 5771 1215 5812 se
1239 5741 1459 5813 habeat.
