4060 6326
575 362 677 427 119

1472 355 2046 417 THEOPHYLACTI
2086 357 2495 418 BULGARIE
2534 358 2892 421 ARCHIEP.

3714 362 3742 429 Ι
3747 365 3821 427 ΞΟ

567 476 706 531 Cum
749 474 882 531 tales
920 471 1213 527 etiamnum
1255 468 1629 534 inveniuntur,
1656 466 1838 523 devita
1869 484 1883 520 :
1917 467 2059 521 sicut
2088 476 2144 522 et

2255 487 2371 533 τους
2388 470 2482 524 καὶ
2498 471 2593 526 νῦν
2617 473 2674 526 εὖ
2685 471 3035 542 ρισκομένους
3051 470 3256 544 [καλῶς
3269 472 3457 545 ποιῶν]
3478 475 3509 525 Ξι
3520 476 3680 545 ποτρρε
3689 495 3789 528 που
3800 498 3822 523 ι

575 566 763 625 subdit
792 583 807 631 ;
838 564 920 618 Ex
957 565 1037 617 his
1077 573 1199 617 sunt
1232 564 1321 633 qui
1351 570 1626 630 penetrant
1653 562 1857 614 domos.
1888 557 1983 612 Vel
2012 557 2137 629 quia

576 668 876 728 postremos
922 654 1048 709 dies
1097 669 1192 708 eos
1221 654 1352 708 dicit
1397 652 1621 716 Paulus,
1658 656 1752 722 qui
1779 655 1987 709 obitum
2026 661 2140 708 sta-

577 746 675 806 tim
732 761 891 802 suum
947 744 1191 799 secuturi
1237 754 1442 808 essent,
1491 744 1546 797 in
1589 744 1788 813 quibus
1823 744 2141 798 Timotheus

575 841 752 895 adhuc
778 837 1238 909 superste5609
1259 836 1475 891 futurus
1505 844 1645 890 erat.
1670 835 1786 901 Vel,
1809 836 1952 906 quod
1976 835 2139 890 etiam

577 930 760 986 verius
798 945 1027 999 magnus
1059 928 1148 982 ille
1192 927 1623 997 Chrysostomus
1662 926 1893 996 judicat,
1925 939 2019 994 per
2051 925 2143 977 Ti-

578 1021 850 1073 motheum
887 1033 1077 1073 omnes
1133 1017 1455 1071 adhortatur
1486 1028 1545 1070 ut
1571 1017 1708 1072 tales
1735 1016 1967 1087 fugiant.

652 1108 812 1164 Vens.
839 1108 892 1163 6.
933 1108 1014 1161 Ea:
1050 1109 1131 1161 his
1160 1109 1300 1163 enim
1348 1117 1469 1161 sunt
1509 1109 1600 1177 qui
1628 1117 1900 1176 penetrant
1938 1106 2139 1159 domos.

581 1200 968 1268 Impudentiam
1033 1213 1222 1253 eorum
1276 1199 1482 1253 indicat
1540 1213 1633 1267 per
1684 1200 1788 1252 hoc.
1818 1198 1962 1267 quod
2021 1198 2142 1251 ait:

576 1292 665 1359 qui
692 1300 1022 1362 penetrant;
1054 1305 1263 1344 necnon
1310 1290 1614 1344 honestatis
1656 1291 1984 1355 absentiam,
2015 1289 2147 1359 adu-

578 1381 833 1436 lationem
865 1390 916 1435 et
951 1381 1267 1450 imposturae
1303 1382 1761 1450 magnitudinem.

649 1488 719 1541 Et
750 1490 983 1557 captivas
1020 1486 1217 1540 ducunt
1266 1487 1633 1541 mulierculas.
1678 1488 1801 1542 Non
1849 1487 2012 1554 dixit,
2057 1487 2150 1543 de-

577 1580 865 1648 cipientes,
902 1580 1020 1645 sed,
1054 1579 1285 1646 captivas
1325 1578 1593 1641 ducentes,
1635 1587 1896 1648 tanquam
1936 1579 2146 1634 manci-

502 1704 505 1708 λ
580 1670 685 1738 piis
714 1678 928 1723 utentes
956 1686 970 1733 ;
1001 1668 1123 1722 talis
1149 1670 1292 1721 enim
1339 1676 1424 1721 est
1461 1669 1555 1735 qui
1592 1667 1879 1736 decipitur.
1910 1666 2150 1721 Observa

584 1768 763 1812 autem
814 1758 1106 1813 mulierum
1142 1773 1266 1812 esse
1307 1758 1507 1826 decipi,
1553 1759 1661 1811 imo
1700 1759 1882 1827 potius
1930 1759 2151 1814 mulier-

581 1850 848 1903 cularum.
904 1848 1136 1903 Proinde
1182 1849 1263 1902 vir
1314 1848 1360 1904 si
1418 1848 1473 1901 in
1531 1846 1775 1905 fraudem
1822 1849 2139 1913 inducatur,

582 1940 900 1994 muliercula
934 1938 1041 1993 dici
1081 1947 1269 2007 queat.

656 2030 913 2084 Oneratas
940 2030 1189 2099 peccatis.
1243 2029 1599 2084 Peccatorum
1659 2030 1873 2099 copiam
1926 2030 2149 2093 indicat,

585 2129 640 2175 et
676 2122 1047 2175 inordinatam
1072 2129 1125 2174 et
1158 2118 1444 2174 confusam
1477 2120 1667 2174 vitam.
1703 2119 1823 2173 Non
1844 2120 1991 2175 enim
2020 2120 2154 2173 sim-

584 2212 799 2277 pliciter
832 2210 1155 2264 mulieribus
1194 2211 1503 2279 imponunt,
1540 2225 1642 2266 nec
1669 2211 1814 2265 enim
1848 2218 2043 2264 natura
2069 2218 2156 2266 est

586 2303 916 2363 accusanda,
956 2316 1143 2365 verum
1180 2301 1442 2355 habentes
1465 2303 1744 2355 cumulum
1782 2311 2152 2371 peccatorum,

585 2391 883 2458 decipiunt.
920 2389 1023 2454 Qui
1060 2390 1204 2443 enim
1232 2390 1439 2445 nullius
1462 2390 1566 2445 sibi
1603 2391 1727 2445 boni
1761 2391 2018 2451 conscius
2049 2399 2155 2459 est,

589 2482 776 2552 pravis
811 2481 1132 2535 doctoribus
1166 2482 1279 2536 cito
1336 2481 1694 2559 obtemperat,
1746 2483 1989 2551 scipsum
2021 2495 2156 2535 con-

588 2572 779 2626 solans
808 2572 964 2639 quasi
1001 2587 1108 2624 non
1143 2572 1214 2626 sit
1240 2571 1467 2627 daturus
1507 2587 1695 2641 poenas
1731 2583 1952 2642 proliter
1992 2586 2156 2642 opera

588 2678 706 2717 sua.

660 2772 795 2837 Qum,
836 2771 1000 2824 variis
1040 2770 1310 2839 desideriis
1366 2781 1611 2840 aguntur.
1669 2774 2026 2828 Pecuniarum
2083 2776 2161 2829 vi-

587 2863 782 2915 delicet
824 2903 839 2923 ,
865 2856 1122 2930 gloriae,
1171 2860 1484 2914 deliciarum
1517 2901 1531 2924 ,
1575 2864 1765 2915 mundi
1810 2864 2092 2919 muliebris
2132 2883 2145 2917 :

590 2963 738 3006 uolat
806 2961 985 3005 autem
1037 2960 1113 3004 ‘et
1155 2959 1341 3020 turpes
1398 2952 1745 3019 cupiditates.
1783 2951 2022 3007 Observa
2060 2968 2162 3006 au-

592 3054 696 3096 tem
732 3041 898 3104 istud,
930 3049 1178 3110 aguntur,
1218 3050 1473 3109 tanquam
1512 3040 1578 3096 de
1619 3041 1791 3096 brutis
1825 3041 2163 3097 animalibus

592 3134 817 3186 dictum.

664 3224 827 3277 Vens.
867 3225 917 3277 7.
950 3223 1165 3294 Semper
1205 3228 1482 3289 discentes,
1523 3234 1573 3279 et
1605 3242 1871 3294 nunquam
1894 3225 1965 3277 ad
1992 3226 2160 3279 scien-

593 3318 718 3368 tiam
747 3316 984 3369 veritatis
1014 3316 1281 3384 pervenire
1305 3317 1554 3370 valentes.
1601 3314 1738 3369 Num
1780 3316 1962 3384 itaque
2001 3315 2158 3368 venia

593 3409 768 3476 «ligna:
817 3408 985 3460 sunt?
1017 3406 1397 3477 Nequaquam,
1446 3407 1541 3461 sed
1594 3406 1751 3460 venia
1804 3406 1987 3475 potius
2041 3407 2156 3474 pri-

593 3495 800 3550 vandat.
846 3496 983 3561 Quia
1018 3497 1161 3549 enim
1222 3497 1433 3564 seipsas
1464 3497 1704 3564 peccatis
1738 3496 2159 3549 accumularunt

589 3593 645 3638 ct
705 3585 1136 3654 cupiditatibus,
1207 3596 1475 3641 excaecata
1536 3596 1618 3641 est
1690 3586 1907 3639 illarum
1974 3601 2155 3641 mens.

594 3673 772 3740 Quare
802 3674 946 3742 quod
975 3689 1081 3727 non
1111 3674 1325 3743 possint
1367 3677 1600 3739 discere,
1646 3690 1751 3730 non
1797 3686 1880 3730 est
1926 3684 2157 3741 naturae,

589 3766 685 3819 sed
728 3765 994 3819 voluntati
1017 3780 1203 3819 earum
1229 3766 1640 3821 ascribendum.

666 3852 825 3908 Vsus.
857 3854 909 3907 8.
942 3852 1398 3918 Quemadmodum
1436 3863 1613 3907 autem
1655 3854 1855 3907 Jannes
1901 3864 1949 3907 et
2003 3855 2157 3907 Jam-

572 3926 705 3997 ἰη-εδ
738 3945 1040 3997 restiterunt
1092 3942 1253 4005 Mosi,
1306 3944 1384 3996 ita
1442 3952 1489 3995 et
1543 3943 1597 3995 hi
1636 3944 1884 3997 resistunt
1929 3944 2155 3996 veritati.

586 4034 728 4101 Magi
769 4033 861 4088 isti
909 4033 1135 4088 fuerunt
1179 4033 1345 4088 Mosis
1394 4035 1749 4103 temporibus.
1791 4033 1945 4088 Unde
1974 4041 2156 4089 autem

588 4125 810 4184 nomina
840 4139 1030 4179 eorum
1093 4132 1254 4177 norat
1306 4123 1532 4191 Paulus,
1562 4141 1684 4180 cum
1727 4126 2010 4195 Scriptura
2046 4142 2157 4182 non

590 4210 885 4267 iudicarit?
954 4208 1048 4263 Vel
1102 4208 1239 4261 citra
1326 4208 1662 4282 Sc‘ripturam
1746 4212 1942 4263 tradita
2028 4222 2159 4265 sunt

587 4320 687 4370 per
732 4301 1004 4365 majorum
1069 4300 1387 4355 memoriam
1439 4312 1493 4355 et
1536 4302 2153 4358 commemorationem:

588 4392 669 4446 vel
699 4404 798 4461 per
830 4389 1094 4458 Spiritum
1119 4398 1371 4444 sanctum
1406 4390 1704 4446 verisimile
1730 4400 1814 4447 est
1837 4408 1901 4447 ea
1935 4393 2154 4448 novisse

588 4484 834 4537 Paulum.

661 4572 912 4623 Homines
960 4581 1130 4622 mente
1199 4571 1456 4635 corrupti,
1490 4569 1718 4638 'reprobi
1781 4574 1921 4625 circa
1976 4574 2155 4640 fidem.

592 4660 822 4726 Quando
856 4672 1088 4715 mentem
1130 4660 1399 4731 quispiam
1436 4663 1937 4731 perturbationibus
1965 4680 2160 4718 corru-

596 4752 754 4819 perit,
816 4758 929 4803 tum
987 4752 1249 4819 reprobus
1302 4752 1533 4805 efﬁcitur
1571 4753 1713 4807 circa
1776 4754 1953 4808 (idem.
2007 4754 2155 4807 Dixit

593 4842 727 4893 enim
756 4840 1021 4907 insipiens,
1057 4838 1179 4892 Non
1202 4849 1275 4892 est
1302 4840 1443 4893 Deus
1465 4841 1531 4896 ³⁸³.
1566 4842 1762 4897 Unde?
1791 4844 1927 4907 Quia
1967 4859 2156 4899 corru-

597 4932 670 4998 pti
709 4939 835 4982 sunt
863 4940 915 4985 et
942 4931 1281 4986 execrabiles
1326 4932 1450 4984 facti
1500 4934 1709 4985 suntin
1752 4934 2149 5001 iniquitatibus.

596 5022 909 5087 incorruth
950 5021 1115 5087 igitur
1148 5024 1302 5076 mens
1355 5023 1511 5076 [idem
1563 5022 1817 5077 admittit.
1886 5024 1981 5079 Est
2024 5040 2152 5095 ergo

600 5106 845 5162 navanda
916 5109 1070 5163 nobis
1130 5123 1335 5176 opera,
1400 5127 1467 5165 ne
1530 5115 1714 5180 pravis
1772 5114 2153 5171 all'ect'ionibus

600 5200 1028 5265 corrumpam‘ur,
1094 5206 1146 5252 et
1204 5199 1380 5252 locum
1439 5202 1579 5269 apud
1617 5217 1720 5256 nos
1753 5204 1992 5259 inveniat
2035 5206 2152 5261 fidei

604 5286 944 5341 adulteratio.

676 5457 720 5486 ’⁵⁸
752 5456 893 5511 Psal.
932 5473 1042 5525 xm,
1069 5461 1119 5514 ι.

2193 4443 2246 4502 D

2241 559 2432 628 ὥσπερ
2468 561 2565 614 καὶ
2608 552 2858 630 ἐπιφέρει
2881 577 2896 593 ·
2960 561 3320 628 Ἐκτούτων
3351 564 3513 616 εἰσιν
3540 568 3595 617 οὶ
3633 566 3817 619 ἐνδύ-

2240 665 2449 715 νοντες
2479 652 2568 715 εἰς
2601 649 2716 716 τὰς
2748 650 2960 717 οἰκίας.
2987 651 3058 702 Ἦ
3090 651 3174 703 ὃτι
3218 634 3451 720 ὑστέρας
3476 653 3688 722 ἡμέρας
3717 656 3821 717 τὰς

2243 742 2405 806 εὐθὺς
2441 741 2584 810 μετά
2606 743 2704 809 τὴν
2742 740 2909 795 αὑτοῦ
2938 740 3195 811 τελευτὴν
3221 742 3250 794 6
3297 740 3513 809 Παῦλος
3553 741 3727 809 λέγει,
3756 744 3822 794 ἐν
3894 726 3899 727 ν

2242 831 2330 899 αἷς
2382 837 2656 905 περιεῖναι
2694 834 2775 888 ἔτι
2807 837 2836 888 6
2889 835 3147 905 Τιμόθεος
3207 833 3473 904 ἔμελλεν·
3531 835 3588 903 ἢ,
3636 833 3667 885 6
3723 833 3822 886 καὶ

2242 926 2602 998 ἀληθέστερον
2632 926 2662 979 6
2695 927 2870 996 μέγας
2902 926 3155 995 Ἰωάννης
3192 924 3487 997 ὲπικρίνει,
3520 923 3608 977 διὰ
3637 926 3825 993 Τιμο-

2245 1018 2370 1071 θέου
2400 1020 2536 1071 πᾶσι
2566 1020 2824 1089 παραινεῖ
2853 1018 3215 1088 ἐκτρέπεσθαι
3243 1019 3371 1081 τοὺς
3400 1020 3701 1081 τοιούτους.

2329 1111 2431 1164 Ἐκ
2454 1112 2684 1165 τούτων
2712 1110 2822 1179 γάρ
2843 1114 3002 1165 εἰσιν
3028 1113 3081 1163 οι
3100 1109 3460 1176 ἐνδύνοντες
3492 1113 3579 1177 εἰς
3602 1111 3711 1174 τὰς
3746 1112 3825 1163 οι-

2247 1201 2403 1267 κίας.
2452 1203 2525 1254 Τὸ
2572 1203 2921 1271 ἀναίσχυντον
2956 1201 3133 1254 αὐτῶν
3171 1201 3259 1254 διὰ
3285 1201 3401 1263 τοῦ,
3430 1202 3823 1266 ἐνδυνόντες,

2244 1292 2432 1361 δηλοῖ,
2480 1291 2573 1355 καὶ
2622 1292 2682 1343 τὸ
2743 1290 3090 1360 ἀνελεύθερον
3111 1330 3127 1357 ,
3196 1290 3293 1344 καὶ
3344 1291 3672 1355 κολακικὸν,
3726 1294 3825 1344 καὶ

2246 1381 2463 1453 ἀπάτης
2500 1383 2694 1453 γέμον.

2318 1495 2429 1549 Καὶ
2482 1490 3011 1563 αἰχμαλωτίζοντες
3059 1493 3429 1561 γυναικάρια.
3466 1492 3579 1546 Οὐκ
3631 1487 3821 1559 εἶπεν,

2248 1582 2568 1643 ἀπατῶντες
2593 1623 2607 1647 ,
2667 1582 2810 1648 ἀλλ’,
2860 1578 3387 1649 αἰχμαλωτίζοντες
3411 1621 3427 1645 ,
3482 1582 3558 1643 ὡς
3609 1581 3827 1645 δούλοις

2249 1670 2553 1745 χρώμενοι·
2580 1670 2825 1743 τοιοῦτος
2859 1670 2968 1739 γὰρ
3007 1672 3036 1721 6
3063 1669 3443 1737 ἀπατώμενος.
3472 1670 3613 1738 Ὅρα
3641 1668 3703 1722 δὲ
3738 1670 3827 1720 ὅτι

2249 1764 2524 1833 γυναικῶν
2577 1763 2639 1817 τὸ
2693 1762 3031 1827 ἀπατᾶσθαι,
3087 1761 3288 1832 μᾶλλον
3328 1761 3385 1814 δὲ
3421 1760 3824 1833 γυναικαρίων.

2250 1858 2413 1908 Ὥστε
2472 1856 2564 1909 καὶ
2600 1856 2629 1907 6
2683 1854 2822 1924 ἀνὴρ
2862 1851 3220 1923 ἀπατώμενος
3290 1851 3643 1922 γυναικάριον
3720 1852 3818 1902 λε-

2254 1945 2429 2015 χθείη.
2696 2012 2697 2015 η
3496 1956 3507 1972 '

2326 2036 2746 2102 Σεσωρευμένα
2779 2034 3109 2102 ἁμαρτίαις.
3158 2033 3231 2084 Τδ
3262 2031 3465 2099 πλῆθος
3496 2031 3604 2084 τῶν
3636 2031 3830 2100 ἀμαρο

2252 2127 2385 2179 τιῶν
2410 2125 2582 2196 δηλοῖ,
2614 2124 2709 2178 καὶ
2731 2126 2793 2177 τὸ
2821 2125 3053 2178 ἄτακτον
3077 2122 3174 2175 καὶ
3227 2121 3655 2190 συγκεχυμένον.
3710 2123 3830 2189 Οὐχ

2254 2218 2441 2280 ἁπλῶς
2481 2216 2589 2287 γὰρ
2618 2217 2882 2283 γυναῖκας
2917 2213 3197 2267 ἀπατῶσιν
3228 2212 3310 2280 (οὐ
3341 2212 3450 2280 γὰρ
3473 2211 3575 2274 τῆς
3604 2208 3833 2279 φύσεως

2256 2308 2702 2379 κατηγορητέον),
2736 2305 2872 2358 ἀλλά
2896 2306 2995 2367 τὰς
3026 2303 3253 2373 ἐχούσας
3289 2301 3463 2371 σωρὸν
3489 2300 3829 2370 ἁμαρτημά-

2257 2415 2385 2453 των.
2424 2398 2485 2452 '0
2534 2396 2642 2467 γὰρ
2695 2396 2861 2466 μηδὲν
2913 2394 3089 2463 ἐαυτῷ
3123 2392 3377 2453 συνειδὼς
3423 2390 3652 2458 ἀγαθὸν,
3708 2392 3832 2452 τοῖς

2258 2490 2514 2555 πονηροῖς
2546 2487 2934 2554 δογματισταῖς
2998 2482 3203 2551 ταχέως
3224 2482 3268 2513 ³⁰
3309 2482 3579 2545 πείθεται,
3628 2480 3832 2532 ἑαυτὸν

2259 2573 2789 2646 παραμυθούμενος,
2846 2572 2921 2634 ὡς
2984 2571 3061 2642 μὴ
3109 2570 3268 2637 δίκην
3325 2567 3512 2621 δώσων
3569 2567 3664 2619 ἐπὶ
3713 2568 3833 2628 τοῖς

2260 2664 2461 2735 ἔργοις.

2343 2772 2632 2841 *Αγόμενα
2664 2765 2998 2836 ἐπιθυμίαις
3032 2766 3352 2829 ποικίλαις.
3381 2760 3661 2826 Τουτέστι,
3686 2777 3832 2830 χρη-

2265 2863 2473 2930 μάτων,
2508 2846 2943 2929 δόξης,“τρυφῆς,
2978 2854 3366 2924 καλλωπισμοῦ
3394 2869 3408 2884 ο
3438 2851 3738 2905 αἰνίττεται
3765 2851 3831 2903 δὲ

2264 2946 2359 2999 xui.
2397 2946 2627 3014 αἰσχρὰς
2656 2941 2964 3012 ἐπιθυμίας.
3007 2941 3147 3010 Ὅρα
3190 2940 3245 2993 δὲ
3302 2941 3395 2993 καὶ
3417 2940 3497 3005 τὸ,
3536 2939 3829 3008 ἀγόμενα,

2262 3035 2337 3097 ὡς
2378 3034 2471 3086 ἐπὶ
2503 3033 2733 3101 ἀλόγων.

2330 3216 2587 3269 Πάντοτε
2616 3214 3039 3284 μανθάνοντα,
3079 3213 3177 3265 καὶ
3213 3214 3514 3281 μηδέποτε
3561 3214 3647 3279 είς
3695 3212 3831 3264 ἐπί-

2260 3322 2488 3378 γνωσιν
2543 3308 2830 3374 ἀληθείας
2884 3305 3084 3360 ἐλθεῖν
3134 3304 3469 3373 δυνάμενα.
3526 3300 3675 3372 Ἆρα
3732 3298 3833 3356 οῦν

2261 3397 2588 3468 συγγνώμης
2621 3398 2758 3450 εἰσιν
2786 3396 2967 3463 ἀξιαι;
3005 3394 3291 3465 Οὐδαμῶς,
3331 3393 3464 3447 ἀλλὰ
3495 3394 3588 3445 καὶ
3623 3393 3832 3462 μᾶλλον

2260 3488 2653 3556 ἁσύγγνωστοι.
2694 3486 2914 3556 Ἐπειδὴ
2947 3487 3053 3555 γὰρ
3102 3484 3301 3547 ἑαυτὰς
3348 3483 3669 3552 κατέχωσαν
3702 3485 3830 3546 ταῖς

2260 3577 2552 3648 ἁμαρτίαις
2602 3568 2710 3651 uati:i
2737 3579 2861 3640 ταῖς
2910 3576 3248 3646 ἐπιθυμίαις,
3280 3573 3549 3644 ἐπωρώθη
3582 3572 3764 3626 αὐτῶν
3796 3575 3834 3626 6

2259 3670 2572 3733 νοῦς.“Ὠστε
2596 3670 2657 3721 τὸ
2690 3669 2765 3738 μὴ
2794 3667 3049 3721 δύνασθαι
3090 3665 3303 3735 μαθεῖν,
3323 3666 3384 3716 οὐ
3413 3665 3661 3732 φυσικδιν,
3682 3663 3829 3716 ἀλλὰ

2259 3759 2643 3830 προαιρετικὸν
2670 3758 2880 3819 αὐταῖς.

2334 3852 2433 3903 Ὃν
2459 3849 2682 3916 τρόπον
2708 3847 2777 3900 δὲ
2818 3844 3053 3912 Ἰαννῆς
3088 3844 3185 3897 καὶ
3225 3842 3501 3911 Ἰαμϐρῆς
3528 3841 3827 3909 ἀντέστη·

2259 3954 2377 3992 σαν
2399 3939 2620 4002 Μωσεῒ,
2645 3938 2797 3990 οὕτω
2829 3937 2926 3989 καὶ
2955 3932 3119 3991 οὗτοι
3142 3936 3533 3989 ἀνθίστανται
3566 3935 3643 4002 τῇ
3674 3936 3827 4003 ἀλη-

2259 4029 2406 4094 θείᾳ.
2438 4028 2501 4080 0i
2524 4028 2683 4097 μάγοι
2706 4021 2845 4097 ἦσαν
2867 4020 3034 4089 οὗτοι,
3065 4026 3114 4078 οἱ
3143 4026 3235 4078 ἐπὶ
3265 4026 3530 4086 Μωσέως.
3563 4026 3738 4078 Πόθεν
3767 4028 3828 4079 δὲ

2260 4118 2328 4171 τὰ
2349 4118 2585 4188 ὀνόματα
2632 4118 2810 4171 αὐτῶν
2838 4118 2953 4187 ᾔδει
3005 4120 3033 4170 6
3075 4116 3288 4177 Παῦλος
3312 4154 3327 4180 ,
3359 4117 3456 4183 τῆς
3484 4116 3713 4185 Γραφῆς
3749 4118 3826 4186 μὴ

2260 4208 2523 4277 λεγούσης
2550 4207 2753 4273 ταῦτα;
2798 4207 2871 4258 Ἦ
2910 4205 3174 4274 ἀγράφως
3201 4205 3561 4276 παραδέδοται
3580 4205 3647 4268 ³¹,
3680 4205 3717 4275 ἢ
3764 4208 3829 4260 ἐκ

2262 4299 2577 4369 Πνεύματος
2609 4298 2765 4367 ἁγίου
2794 4297 2940 4361 εἰκὸς
2969 4294 3037 4367 ἦν
3060 4298 3256 4352 εἰδέναι
3287 4297 3377 4353 τὸν
3406 4297 3644 4351 Παῦλον.

2342 4578 2669 4641 Ἄνθρωποι
2709 4568 3169 4639 κατεφθαρμένοι
3202 4568 3309 4619 τὸν
3352 4567 3520 4631 νοῦν,
3555 4566 3828 4636 ἀδόκιμοι

2264 4668 2395 4736 περὶ
2423 4665 2533 4733 τὴν
2560 4667 2786 4718 πίστιν.
2825 4664 2993 4716 Ὅταν
3023 4679 3107 4724 τις
3135 4662 3227 4713 τὸν
3261 4658 3387 4715 νοῦν
3412 4658 3593 4726 φθαρῇ
3624 4660 3683 4708 ὲν
3711 4659 3827 4718 τοῖς

2264 4757 2478 4819 πάθεσι,
2503 4756 2621 4807 τότε
2645 4753 2904 4820 ἀδόκιμος
2932 4752 3062 4820 περὶ
3087 4750 3185 4818 τὴν
3219 4748 3400 4799 πίστιν
3422 4746 3652 4813 γίνεται.
3679 4740 3826 4797 Elite

2260 4850 2367 4918 γὰρ
2392 4848 2625 4915 ἄφρων·
2647 4846 2769 4897 Οὐκ
2799 4844 2930 4896 ἔστι
2957 4844 3117 4905 Θεός.
3143 4838 3309 4892 Πόθεν
3334 4839 3510 4904 ;Διότι
3534 4838 3812 4906 διεφθάρη-

2262 4955 2375 5000 σαν,
2408 4938 2501 4988 καὶ
2534 4934 2929 5002 ἐϐδελύχθησαν
2951 4933 3007 4983 ὲν
3037 4930 3306 4999 ἀνομίαις.
3338 4930 3478 4997 ’Λρα
3507 4927 3536 4977 6
3562 4927 3821 4992 ἀδιάφθο-

2263 5046 2352 5097 ρος
2391 5027 2515 5087 νοῦς
2541 5027 2638 5096 τὴν
2678 5024 2856 5076 πίστιν
2898 5022 3278 5092 παραδέχεται.
3322 5018 3660 5098 Προσεκτέον
3705 5013 3818 5079 οὖν,

2264 5116 2336 5186 μὴ
2392 5114 2775 5183 διαφθαρῶμεν
2828 5113 2939 5173 τοῖς
2988 5111 3206 5177 πάθεσι,
3238 5108 3334 5163 καὶ
3377 5107 3513 5177 εὕρῃ
3552 5107 3735 5176 χώραν
3761 5105 3821 5159 ἐν

2258 5202 2387 5269 ἡμῖν
2427 5201 2458 5267 ἠ
2499 5199 2598 5268 τῆς
2632 5193 2863 5261 πίστεως
2890 5197 3159 5268 κιϐδηλία.

1914 5579 2105 5638 Varia}
2140 5578 2465 5640 lectiones.

674 5694 718 5727 ³ο
746 5697 937 5766 ῥᾳδίως
957 5711 1008 5753 0.
1082 5698 1172 5768 ⁸¹ἢ
1213 5698 1277 5751 δι’
1308 5699 1551 5769 ἀγράφου
1580 5704 1920 5775 παραδόσεως
1951 5721 2024 5758 m.
