4060 6326
203 396 293 459 121

863 399 1266 460 EXPOSITIO
1301 400 1381 459 IN
1421 400 1658 460 EPIST.
1703 399 1762 459 II
1795 401 1896 458 AD
1929 401 2246 462 ΤΙΜΟἹῊ.
2270 428 2340 438 -
2372 403 2531 462 CAP.
2560 402 2676 464 III.

3315 399 3419 466 122

278 511 438 561 Ἀλλ’
489 511 560 561 οὐ
617 509 1036 576 προκόψουσιν
1074 510 1179 561 ἐπὶ
1225 509 1456 562 πλεῖον.
1488 510 1611 571 Πῶς
1661 508 1742 561 οὖν

1925 509 2091 564 Vens.
2154 511 2207 564 9.
2261 510 2362 564 Sed
2420 511 2567 562 ultra
2626 527 2726 562 non
2778 505 3090 578 proﬁcient.
3128 511 3414 577 Quomodo

196 593 430 661 ἀλλαχοῦ
461 594 610 660 λέγει
628 610 641 624 ·
667 597 1096 663 Προκόψουσιν
1111 598 1207 649 ἐπὶ
1229 591 1439 650 πλεῖον
1454 597 1752 662 acetis/ar;

195 684 343 736 Ἐκεῖ
373 684 526 737 τοῦτό
569 703 762 754 φησιν,
807 688 887 738 ὅτι
926 686 1220 754 ἀρξάμενοι
1250 687 1356 738 τῶν
1391 687 1640 756 πονηρῶν
1672 688 1755 738 δο-

196 773 422 840 γμάτων
494 776 588 826 καὶ
629 774 720 826 τοῦ
783 774 989 844 πλανᾷν
1041 776 1098 826 οὐ
1157 777 1461 844 στήσονται,
1503 775 1616 828 ἀλλ’
1668 775 1754 827 ἀεὶ

195 863 484 930 καινότερα
534 861 951 931 ἐξευρήσουσιν·
995 850 1224 915 ἐνταῦθα
1271 863 1324 914 δὲ
1383 864 1539 916 τοῦτό
1568 880 1750 932 φησιν,

195 951 276 1000 ὅτι
305 951 408 1001 οὐκ
436 951 832 1017 άπατήσουσιν,
874 949 996 1001 οὐδέ
1048 951 1452 1018 συναρπάσουσι
1504 952 1748 1014 πολλοὺς,

195 1039 329 1090 ἀλλὰ
357 1037 454 1088 κᾶν
491 1038 548 1089 ἐν
582 1037 816 1106 πρώτοις
876 1037 1097 1100 δόξωσιν
1135 1038 1436 1106 ἀπατῆσαι,
1475 1038 1623 1106 ὅμως
1671 1037 1753 1087 εὑ-

196 1131 438 1197 φώρατοι
463 1127 692 1180 ἔσονται.
738 1129 1021 1196 Ἐπιφέρει
1048 1124 1138 1179 οὖν
1160 1143 1172 1158 ·

275 1217 335 1270 Ἠ
389 1217 498 1284 γὰρ
546 1219 718 1270 ἄνοια
770 1216 967 1270 αὐτῶν
1016 1217 1273 1284 ἔκδηλος
1325 1218 1495 1271 ἔσται
1541 1216 1748 1280 πᾶσιν,

193 1305 393 1372 ὥσπερ
415 1307 509 1360 καὶ
529 1309 564 1374 ἡ
582 1307 1088 1374 ἐκείνωνὲγὲνετο.
1116 1308 1176 1358 Εἰ
1195 1310 1464 1370 ἀπιστεῖς,
1488 1308 1622 1376 μάθε
1648 1306 1751 1358 ἀπὸ

194 1395 296 1446 τῶν
327 1398 554 1460 ἐκείνοις
590 1399 700 1460 τοῖς
729 1399 924 1465 μάγοις
953 1398 1297 1467 συμϐάντων.
1333 1398 1440 1450 Καὶ
1470 1397 1578 1466 γάρ
1608 1400 1751 1447 ἐκεῖ-

193 1502 272 1536 νοι
319 1487 662 1554 ἠλέγχθησάν
698 1488 834 1540 κατὰ
885 1489 1182 1554 φαντασίαν
1229 1487 1749 1556 θαυματοποιοῦντες

194 1575 286 1627 καὶ
316 1577 658 1641 ἀπατῶντες,
677 1579 763 1629 ὅτε
795 1579 996 1648 Μωσῆς
1024 1579 1488 1648 ἐτερατούργησεν
1515 1575 1746 1646 ἀληθῶς.

193 1667 351 1719 Ὥστε
391 1669 564 1720 πάντα
603 1668 668 1721 τὰ
693 1669 792 1738 τῆς
822 1669 1033 1737 ἀπάτης
1058 1669 1193 1739 πρὸς
1221 1670 1410 1739 καιρὸν
1439 1669 1612 1723 ἀνθεῖ.

256 1844 340 1896 Σὺ
371 1845 440 1896 δὲ
486 1828 1024 1913 παρηκολούθηκας
1070 1864 1188 1913 μου
1245 1845 1320 1913 τῇ
1361 1846 1740 1911 διδασκαλίᾳ.
1779 1830 1825 1887 Β

203 1935 427 1987 Ἐκεῖνοι
460 1937 579 2004 μὲν,
607 1938 758 2004 φησὶ,
786 1937 1036 1999 τοιοῦτοι,
1059 1937 1122 1988 σὺ
1143 1937 1200 1989 δέ
1233 1931 1380 1998 οἶδας
1406 1938 1472 1988 τά
1500 1938 1743 2005 ἡμέτερα

189 2024 450 2094 ἀκριϐῶς,
484 2026 564 2076 ὃτι
599 2025 659 2076 οὐ
691 2024 946 2077 τοιαῦτα·
971 2026 1033 2078 οὐ
1064 2026 1172 2094 γὰρ
1206 2024 1391 2086 ἁπλῶς
1432 2024 1740 2091 συνεγένου,

189 2115 317 2167 ἀλλὰ
357 2116 920 2182 παρηκολούθηκας,
954 2116 1223 2179 τουτέστι,
1282 2113 1491 2185 μακρὸν
1524 2115 1741 2180 συνεγέ-

191 2223 276 2259 νου
332 2225 424 2276 μοι
458 2209 668 2276 χρόνον,
733 2210 824 2260 καὶ
876 2210 1011 2260 πᾶσι
1047 2209 1336 2277 προσεῖχες
1393 2208 1506 2268 τοῖς
1553 2207 1738 2272 ἐμοῖς·

187 2295 324 2347 ὥστε
358 2298 573 2364 ἰσχυρὸς
605 2277 717 2360 ἐσό,
766 2298 860 2349 καὶ
893 2296 1169 2349 ἀντίϐαινε
1216 2298 1326 2356 τοῖς
1350 2294 1630 2354 ἐναντίοις.
1661 2290 1741 2358 Τῇ

186 2381 564 2449 διδασκαλίᾳ,
595 2382 750 2435 τοῦτο
778 2383 903 2453 περὶ
931 2383 1110 2450 λόγου.

253 2576 335 2645 Τῇ
373 2574 596 2647 ἀγωγῇ.
629 2574 798 2629 Τοῦτο
826 2576 954 2646 περὶ
985 2574 1101 2647 βίου
1129 2573 1222 2628 καὶ
1245 2572 1545 2635 πολιτείας.

255 2757 333 2826 Τῇ
369 2758 669 2825 προθέσει.
723 2757 1008 2823 Τουτὲστι,
1049 2759 1115 2827 τῇ
1168 2755 1464 2827 προθυμίᾳ,
1514 2755 1606 2809 καὶ
1659 2753 1736 2822 τῷ

185 2847 408 2918 ἀνδρείῳ
441 2850 830 2918 παραστήματι
866 2849 966 2918 τῆς
1016 2849 1215 2917 ψυχῆς.
1271 2848 1347 2901 Οὐ
1403 2847 1511 2915 γὰρ
1551 2845 1735 2912 ἔλεγον

189 2939 365 3007 μόνον,
388 2939 577 3005 φησὶν,
612 2938 747 2988 ἀλλὰ
784 2939 876 2991 καὶ
905 2938 1144 2989 ἐποίουν.

254 3031 328 3096 Τῇ
359 3030 581 3082 πίστει.
631 3029 906 3094 Τουτέστι,
960 3030 1025 3097 τῇ
1071 3029 1127 3080 ἐν
1170 3029 1284 3090 τοῖς
1341 3028 1573 3097 δόγμασι
1634 3027 1733 3096 τῆς

186 3121 437 3188 ἀληθείας
498 3120 827 3188 ἐδραιότητι,,
878 3118 911 3187 ἢ
957 3120 1025 3187 τῇ
1067 3120 1123 3170 ἐν
1174 3121 1286 3180 τοίς
1337 3117 1604 3180 κινδύνοις
1657 3118 1732 3186 μὴ
1759 3162 1802 3223 C

185 3207 577 3276 ἀπογινώσκειν
599 3209 848 3279 ποιούσῃ,
885 3207 1021 3269 ἀλλὰ
1052 3206 1331 3260 πιστεύειν
1355 3206 1432 3276 τῷ
1461 3207 1603 3277 θεῷ,
1653 3209 1735 3259 ὅτι

183 3300 414 3363 ἐξελεῖτα
424 3317 438 3350 ι
447 3339 460 3351 .

252 3388 326 3454 Τῇ
367 3390 760 3458 μακροθυμίᾳ.
817 3393 896 3460 Τῇ
945 3391 1080 3460 πρὸς
1125 3390 1247 3450 τοὺς
1297 3387 1643 3453 αἱρετικούςλ·
1672 3388 1731 3439 οὐ

182 3480 282 3548 γὰρ
337 3481 747 3548 ἐταραττόμην,
815 3480 950 3532 ἀλλὰ
1005 3479 1142 3547 μετὰ
1190 3478 1497 3547 πραότητος
1556 3475 1733 3528 πάντα

180 3569 458 3638 ἐδεχόμην.

247 3658 322 3725 Τῇ
353 3658 660 3727 ὑπομονῇ.
688 3660 767 3731 Τῇ
801 3659 936 3729 πρὸς
960 3660 1086 3722 τοὺς
1115 3657 1414 3728 διωγμούς.

248 3751 374 3816 Τοῖς
407 3751 705 3820 διωγμοῖς,
731 3752 851 3818 τοῖς
875 3752 1243 3820 παθήμασιν.
1282 3752 1357 3802 Οὐ
1392 3749 1550 3819 μόνον
1580 3749 1730 3801 ἐδιω-

179 3843 369 3912 κόμην,
399 3848 590 3912 φησὶν,
629 3843 766 3896 ἀλλὰ
811 3844 905 3894 καὶ
955 3843 1214 3908 ἔπασχον.
1259 3840 1475 3908 Ἐπειδὴ
1527 3840 1582 3890 δὲ
1638 3839 1730 3890 δύο

177 3934 342 3988 ταῦτα
358 3935 618 4002 ταράττει
648 3934 878 4002 μάλιστα
898 3933 988 3983 τὸν
1017 3933 1355 3994 διδάσκαλον,
1375 3930 1434 3982 τό
1448 3947 1508 3981 τε
1535 3931 1729 3996 αἱρετι-

177 4025 296 4085 Iob;
326 4019 489 4087 εἶναι,
513 4022 609 4073 καὶ
634 4022 694 4096 τὸ
715 4022 943 4096 πάσχειν
961 4035 975 4050 ⁸
1005 4022 1133 4090 περὶ
1169 4021 1270 4090 μέν
1298 4021 1406 4071 τῶν
1437 4019 1727 4088 αἱρετικῶν

178 4109 338 4161 πολλὰ
365 4108 617 4180 διελέχθη
710 4094 911 4162 πείθων
937 4110 1186 4180 Τιμοθέῳ
1236 4110 1309 4179 μὴ
1342 4107 1724 4179 ταράττεσθαι.

189 4201 302 4252 Ἐπὶ
339 4201 396 4253 δὲ
427 4203 550 4262 ταῖς
606 4199 819 4269 θλίψεσι
848 4200 917 4254 τὰ
958 4201 1151 4254 ἐαυτοῦ
1199 4200 1510 4267 καταλέγει,
1547 4214 1726 4266 παρα·
1765 4265 1771 4270 ‘

176 4290 448 4362 θαρρύνων
480 4293 572 4344 τὸν
603 4293 870 4363 μαθητήν.

1857 599 2021 667 igitur
2050 600 2158 653 alio
2198 599 2250 652 in
2281 600 2399 653 loco
2438 599 2616 653 dicit:
2673 598 2752 650 Ad
2802 601 3056 668 majorem
3097 603 3417 668 impietatem

1852 690 2175 766 proﬁcient
2222 690 2336 744 Illic
2391 689 2494 743 hoc
2538 689 2788 751 allirmat,
2843 705 3003 756 prava
3051 694 3298 758 dogmata
3337 692 3419 742 in-

1855 782 2118 836 choantes
2152 795 2258 834 non
2297 780 2461 851 610
2508 779 2771 832 desistant
2821 782 2890 832 ab
2946 779 3269 848 impostura,
3322 779 3416 832 sed

1854 889 2067 942 semper
2124 872 2295 940 magis
2355 886 2491 923 nova
2547 869 2866 923 invenient:
2925 870 3012 922 hic
3067 879 3246 921 autem
3313 870 3417 922 hoc

1853 964 2004 1028 dicit,
2036 962 2180 1028 quod
2209 978 2314 1014 non
2355 962 2647 1030 decipient,
2681 976 2858 1028 neque
2893 961 3158 1028 arripian
3188 959 3411 1020 multos,

1853 1070 2038 1110 verum
2072 1055 2286 1108 etiamsi
2330 1052 2551 1106 maximi
2595 1053 2919 1120 intpostores
2950 1051 3269 1115 videantur,
3317 1049 3413 1102 de-

1854 1145 2256 1215 prehendentur
2287 1153 2484 1196 tamen.
2517 1143 2682 1195 Infert
2720 1143 2920 1211 igitur:

1924 1237 2238 1303 [nsipientia
2267 1235 2401 1288 enim
2431 1250 2610 1287 eorum
2663 1233 2938 1300 perspicua
2994 1233 3092 1284 erit
3147 1229 3411 1288 omnibus,

1852 1331 1986 1381 sicut
2014 1339 2060 1380 et
2094 1328 2306 1379 illorum
2349 1327 2474 1392 fuit.
2505 1324 2560 1378 Si
2603 1325 2840 1385 dubitas,
2865 1339 2930 1376 cx
2962 1324 3028 1376 iis
3082 1339 3203 1391 qua:
3245 1323 3412 1390 Magis

1854 1420 1960 1472 illis
2026 1418 2373 1485 contigerunt
2441 1417 2611 1469 disce.
2656 1413 2786 1466 Nam
2850 1414 2923 1466 illi
2975 1414 3205 1466 convicti
3257 1421 3407 1474 sunt,

1852 1507 1994 1575 quod
2059 1519 2152 1573 per
2235 1518 2424 1555 vanam
2496 1502 2805 1554 illusionem
2861 1501 3122 1553 miracula
3188 1501 3411 1552 ederent.

1857 1603 2019 1660 atque
2072 1592 2432 1650 seducerent,
2493 1605 2615 1642 cum
2687 1590 2865 1643 Muses
2929 1603 3114 1642 revera
3168 1587 3409 1656 prodigia

1853 1689 2190 1752 operaretur.
2233 1674 2500 1745 Quocirca
2545 1667 2742 1732 omnis
2807 1680 3110 1746 impostura
3155 1678 3221 1730 ad
3278 1687 3413 1740 teut-

1855 1790 1955 1842 pus
1988 1774 2167 1827 durat.

1923 1866 2086 1918 Vens.
2121 1864 2204 1917 lt).
2240 1863 2316 1915 Tu
2364 1872 2539 1915 autent
2564 1871 2853 1915 assecutus
2891 1876 2943 1913 es
2997 1875 3166 1911 meam
3213 1857 3412 1910 doctri-

1850 1970 1994 2006 nam.
2036 1953 2113 2005 llli
2167 1952 2382 2020 quidem
2439 1954 2570 2005 tales
2611 1961 2760 2015 sunt,
2802 1950 3018 2021 inquit:
3056 1959 3110 2001 tu
3157 1961 3285 2000 vero
3311 1960 3408 1998 no-

1851 2051 1962 2098 stra
1994 2051 2182 2097 exacte
2209 2045 2389 2105 nosti,
2422 2041 2587 2110 quod
2617 2036 2723 2095 non
2749 2042 2859 2094 sint
2889 2040 3015 2092 talia
3048 2057 3061 2091 :
3098 2052 3206 2091 non
3261 2037 3406 2090 enim

1849 2136 2167 2204 simpliciter
2192 2135 2331 2203 apud
2364 2142 2724 2198 mc“tnorattts
2753 2147 2833 2191 es.
2865 2141 3236 2183 verumtamen
3267 2143 3410 2187 asse-

1849 2238 2021 2291 cutus,
2065 2227 2118 2280 id
2155 2233 2259 2289 est,
2288 2227 2451 2294 longo
2485 2223 2624 2292 apud
2656 2238 2740 2275 me
2771 2229 3015 2289 tempore
3039 2217 3407 2286 pet-mansisti,

1847 2327 1901 2371 et
1934 2318 2186 2370 omnibus
2220 2317 2352 2368 meis
2385 2316 2546 2369 rebus
2579 2313 2857 2366 attendisti
2907 2311 3147 2363 animum
3186 2326 3198 2361 :
3253 2307 3408 2359 fortis

1846 2389 2030 2474 itaque
2092 2412 2227 2466 esto,
2284 2417 2346 2456 ac
2395 2403 2589 2454 resiste
2639 2400 2990 2454 adversariis.
3056 2399 3406 2450 Doctrinam:

1845 2496 1946 2551 hoe
1972 2495 2034 2548 ad
2059 2506 2363 2547 sermonem
2390 2495 2603 2545 attinet.
2759 2482 2764 2488 ’

1918 2582 2331 2638 lnstitutionem.
2383 2582 2521 2636 lloc’
2559 2581 2626 2634 de
2687 2581 2797 2648 vita
2854 2589 2908 2635 et
2971 2580 3214 2633 moribus
3269 2579 3412 2633 acci-

1846 2676 2121 2749 piendum.

1913 2765 2272 2832 Propositum.
2340 2764 2398 2816 Id
2453 2769 2554 2824 est,
2617 2760 3122 2829 promptitudinem,
3165 2759 3406 2825 adeoque

1844 2856 2052 2909 virilem
2106 2854 2298 2906 anima:
2326 2851 2793 2905 constitutionem.
2841 2849 2954 2900 Non
2996 2849 3162 2925 enim,
3206 2847 3400 2916 inquit,

1841 2946 2082 3000 dicebam
2122 2945 2322 3008 solum,
2355 2956 2540 2996 verum
2577 2951 2631 2994 et
2663 2939 2957 3009 faciebant.-
3032 2962 3037 2967 -

1912 3036 2118 3090 Fidem.
2165 3036 2280 3089 lloc
2319 3042 2423 3097 est,
2467 3033 2521 3085 in
2555 3030 2804 3084 doctrina
2851 3029 3095 3084 veritatis
3143 3036 3400 3082 constan-

1841 3129 1993 3194 tiam,
2025 3129 2106 3182 vel
2146 3141 2262 3181 eam
2298 3137 2418 3193 quae
2470 3125 2523 3176 in
2585 3121 2838 3191 periculis
2891 3137 2996 3174 non
3050 3120 3180 3173 sinit
3212 3104 3404 3185 despe-

1837 3236 1977 3280 rare.
2024 3220 2116 3272 sed
2159 3216 2326 3271 tidere
2378 3215 2488 3268 Dco
2548 3213 2699 3278 facit,
2732 3213 2877 3282 quod
2915 3213 2962 3265 is
3003 3227 3100 3265 nos
3158 3211 3229 3264 sit
3282 3225 3400 3262 cre-

1835 3320 2049 3378 pturns.

1905 3397 2402 3466 Longanimitatem.
2441 3394 2576 3462 Erga
2611 3390 2916 3452 htrrt-ticos,
2953 3405 3058 3441 non
3122 3389 3263 3440 enim
3311 3397 3391 3438 tu-

1835 3489 2164 3550 multuabar,
2217 3487 2310 3540 sed
2373 3483 2554 3537 omnia
2605 3497 2728 3535 cum
2773 3479 3188 3534 mansuetudine
3245 3479 3394 3531 exci-

1833 3578 2064 3648 piebam.
2103 3629 2113 3638 ,

1900 3669 2237 3722 Patientiam.
2271 3668 2323 3720 ln
2357 3668 2846 3735 persecutionibus.

1902 3757 2065 3811 Vens.
2098 3758 2182 3810 ll.
2244 3756 2655 3815 Persecutiones,
2703 3755 2998 3821 passiones.
3033 3751 3262 3812 Nedum,
3307 3748 3393 3799 in-

1828 3850 1986 3917 quit,
2051 3847 2528 3916 persecutionibus
2615 3845 2884 3898 obnoxius
2952 3857 3137 3904 eram,
3202 3852 3388 3891 verum

1829 3939 1989 3991 etiam
2039 3936 2308 4002 patiebar.
2358 3935 2495 3998 Quia
2556 3951 2684 3987 vero
2729 3936 2839 3987 haec
2867 3935 2971 3985 duo
2999 3932 3229 3984 maxime
3270 3944 3389 3996 per-

1830 4026 2048 4079 turbant
2097 4023 2397 4085 doctorem,
2445 4038 2565 4073 cum
2616 4024 2760 4088 quod
2818 4023 3051 4074 hmretici
3106 4022 3230 4080 sint,
3275 4029 3384 4071 turn

1827 4116 1969 4185 quod
2032 4113 2349 4166 alﬂictiones
2405 4114 2688 4179 patiatur:
2754 4112 2819 4164 de
2883 4111 3153 4163 limi-elicis
3215 4111 3383 4160 multa

1829 4219 1959 4259 sane
1994 4202 2280 4265 disseruit,
2328 4201 2660 4270 persuadens
2691 4198 2977 4253 Timotheo
3011 4214 3075 4251 ne
3113 4198 3380 4250 turbetur.

1828 4296 1980 4362 Quod
2037 4301 2217 4348 autem
2271 4292 2338 4345 ad
2395 4291 2714 4345 alllictiones
2750 4291 2963 4355 attinet,
3022 4305 3151 4343 suas
3208 4289 3381 4356 ipsius

1827 4385 2164 4438 calamitates
2192 4394 2431 4447 enarrat,
2457 4383 2562 4436 dist
2581 4383 2729 4450 ipulo
2755 4383 2993 4434 animum
3029 4381 3260 4432 addens.

241 4469 341 4526 0Ῑὰ
364 4491 469 4542 μοι
501 4474 738 4542 ἐγενετο
779 4473 850 4526 ἐν
889 4474 1238 4541 Ἀντιοχείᾳ,
1270 4473 1338 4524 ἐν
1391 4468 1624 4535 Ἰκονίῳ,
1656 4469 1723 4521 ἐν

1900 4474 2094 4538 Qualia
2138 4474 2266 4525 mihi
2338 4473 2482 4540 [acta
2524 4481 2644 4523 sunt
2695 4471 3004 4530 Antiochia,
3051 4470 3238 4529 Iconit’,
3286 4466 3390 4535 Ly-

176 4563 849 4630 Adarporcr"A'ntdxetav
898 4563 996 4632 τὴν
1050 4567 1153 4635 τῆς
1209 4563 1490 4625 Πισσιδίας
1545 4561 1716 4628 λέγει.

172 4653 377 4722 Λύστρα
417 4653 497 4714 δὲ,
552 4651 674 4702 ὅθεν
701 4647 767 4720 ἦν
795 4651 824 4701 ὁ
852 4651 1131 4720 Τιμόθεος.
1201 4655 1299 4703 Διὰ
1353 4653 1405 4702 τί
1436 4652 1491 4702 δὲ
1523 4651 1726 4702 τούτων

177 4745 335 4810 μόνων
363 4745 677 4813 μέμνηταις
712 4742 929 4810 Ἐπειδὴ
957 4741 1350 4810 γνωριμώτερα
1367 4738 1434 4810 ἦν
1459 4741 1534 4809 τῷ
1557 4742 1725 4808 Τιμο-

174 4835 286 4903 θέῳ,
314 4836 351 4904 ἢ
384 4837 484 4888 καὶ
512 4832 825 4904 νεαρώτερα
879 4833 986 4885 τῶν
1038 4833 1235 4887 ἄλλων.
1268 4834 1410 4900 Ὅρα
1441 4833 1496 4884 δέ
1522 4831 1637 4892 πῶς
1664 4832 1723 4882 οὐ

174 4917 306 4985 λέγει
337 4922 518 4974 ταῦτα
549 4918 666 4971 κατ’
702 4915 872 4981 εἶδος·
918 4921 978 4972 οὐ
1013 4921 1124 4988 γὰρ
1171 4920 1481 4982 ἐπιδείξεως
1511 4921 1717 4982 ἕνεκεν,

1823 4567 1945 4618 stris
1978 4564 2043 4617 δ’.
2074 4564 2418 4616 Antiochiam
2457 4562 2670 4614 Pisidiae
2725 4562 2895 4615 dicit:
2941 4561 3188 4630 [.ystram
3215 4574 3343 4611 vero
3371 4599 3387 4622 ,

1826 4656 1964 4709 unde
1996 4653 2314 4707 Timotheus
2348 4653 2634 4705 oriundus.
2697 4651 2869 4714 Quam
2928 4651 2996 4704 ob
3030 4664 3252 4702 causam
3288 4663 3387 4698 au-

1824 4754 1930 4799 tem
1965 4746 2154 4799 horum
2195 4743 2576 4796 tantummodo
2607 4743 2890 4794 meminit?
2930 4740 3064 4803 Quia
3102 4739 3386 4790 Timotheo

1826 4838 2039 4887 notiora
2081 4845 2258 4895 erant,
2290 4834 2371 4886 vel
2422 4833 2544 4886 aliis
2579 4833 2902 4884 recentiora.
2934 4829 3171 4880 Observa
3204 4835 3380 4875 autem

1821 4925 1981 4991 qttod-
2034 4926 2135 4978 ista
2192 4925 2472 4990 speciatim
2532 4937 2638 4972 non
2703 4928 3002 4971 recenset:
3069 4931 3175 4966 non
3236 4914 3382 4965 enim

173 5009 293 5062 ἀλλὰ
344 5009 707 5081 παραμυθίας
773 5010 869 5063 τοῦ
926 5010 1206 5080 μαθητοῦ,
1265 5009 1436 5062 ταῦτα
1515 5010 1718 5078 γράφει

1840 5015 2200 5065 istcntationis
2238 5026 2424 5070 causa,
2459 5010 2552 5062 sed
2587 5017 2642 5060 ut
2673 5008 3000 5075 discipulum
3047 5006 3378 5064 consoletur,

174 5098 495 5166 ἀναγκαίως.

226 5189 391 5255 Οἷους
431 5189 730 5258 διωγμοὺς
782 5190 1087 5258 ὑπέμεινα,
1133 5191 1228 5243 καὶ
1261 5191 1328 5242 ἐκ
1367 5191 1606 5244 πάντων
1640 5207 1716 5256 με

169 5277 440 5344 ὲῤῥύσατο
472 5284 506 5334 ὀ
537 5282 752 5347 Κύριος
773 5298 785 5310 ·
826 5282 1135 5351 Ἀμφότεροι
1161 5283 1328 5333 ταῦτα
1365 5283 1604 5335 δείκνυσι
1639 5282 1714 5347 τῷ

170 5368 412 5440 Τιμοθέῳ,
437 5373 522 5425 ὅτι
539 5373 650 5424 Καὶ
676 5371 784 5438 ἐγὼ
807 5373 1108 5444 προθυμίαν
1127 5373 1170 5404 ³¹
1203 5370 1557 5443 παρειχόμην,
1576 5374 1711 5426 ὥστε

229 5549 266 5580 δ’
303 5552 421 5603 Act.
447 5562 570 5613 χιιι,
598 5549 681 5602 Η.

1820 5106 1934 5157 haec
1972 5102 2283 5155 necessario
2315 5100 2526 5152 scribit.

1889 5193 2082 5258 Quales
2122 5191 2500 5258 persecutiones
2525 5188 2770 5250 sustinui,
2802 5198 2848 5239 et
2885 5201 2948 5237 ea:
2986 5183 3222 5236 omnibus
3267 5198 3372 5235 er.-

1819 5284 1930 5347 puit
1965 5298 2040 5334 me
2075 5280 2349 5333 Dominus.
2389 5279 2625 5345 Utraque
2658 5280 2769 5328 haec
2811 5274 3010 5326 indicat
3039 5274 3323 5326 Timotheo
3359 5292 3370 5325 :

1820 5373 1883 5426 Et
1910 5386 2041 5441 ego,
2118 5370 2331 5439 inquit,
2397 5365 2872 5437 promptitudincm
2933 5365 2997 5420 ad
3061 5365 3371 5435 patiendum

1497 5649 1683 5710 Variae
1712 5647 2036 5710 lectiones.

235 5746 273 5777 "
296 5747 599 5814 προθυμίας
639 5744 859 5814 εἰχόμην
887 5761 939 5799 υ.
