  <div class='ocr_page' id='page_1' title='image "/cluster/home/n/w/nwhite01/storage/ocr_20150623/125/pst.000005714407/088.png"; bbox 0 0 4060 6326; ppageno 0'>
   <div class='ocr_carea' id='block_1_1' title="bbox 122 411 221 476">
    <p class='ocr_par' dir='ltr' id='par_1_1' title="bbox 122 411 221 476">
     <span class='ocr_line' id='line_1_1' title="bbox 122 411 221 476; baseline 0.051 -5"><span class='ocrx_word' id='word_1_1' title='bbox 122 411 221 476; x_wconf 79' lang='lat'><strong>129</strong></span> 
     </span>
    </p>
   </div>
   <div class='ocr_carea' id='block_1_2' title="bbox 786 401 2661 475">
    <p class='ocr_par' dir='ltr' id='par_1_2' title="bbox 786 401 2661 475">
     <span class='ocr_line' id='line_1_2' title="bbox 786 401 2661 475; baseline 0 -3"><span class='ocrx_word' id='word_1_2' title='bbox 786 404 1188 471; x_wconf 79' lang='lat' dir='ltr'><strong>EXPOSlTiO</strong></span> <span class='ocrx_word' id='word_1_3' title='bbox 1219 403 1296 466; x_wconf 83' lang='lat' dir='ltr'><strong>IN</strong></span> <span class='ocrx_word' id='word_1_4' title='bbox 1332 401 1569 466; x_wconf 85' lang='lat' dir='ltr'><strong>EPIST.</strong></span> <span class='ocrx_word' id='word_1_5' title='bbox 1617 402 1673 462; x_wconf 84' lang='grc' dir='ltr'><strong>ιι</strong></span> <span class='ocrx_word' id='word_1_6' title='bbox 1713 404 1811 463; x_wconf 80' lang='lat' dir='ltr'><strong>AD</strong></span> <span class='ocrx_word' id='word_1_7' title='bbox 1847 403 2170 471; x_wconf 71' lang='lat' dir='ltr'><strong>mrum.</strong></span> <span class='ocrx_word' id='word_1_8' title='bbox 2199 435 2266 446; x_wconf 90' lang='lat'><strong><em>——</em></strong></span> <span class='ocrx_word' id='word_1_9' title='bbox 2295 411 2457 473; x_wconf 79' lang='lat' dir='ltr'><strong>CAP.</strong></span> <span class='ocrx_word' id='word_1_10' title='bbox 2490 415 2583 475; x_wconf 91' lang='lat' dir='ltr'><strong>1v.</strong></span> <span class='ocrx_word' id='word_1_11' title='bbox 2654 410 2661 416; x_wconf 80' lang='lat'><strong>‘</strong></span> 
     </span>
    </p>
   </div>
   <div class='ocr_carea' id='block_1_3' title="bbox 3274 419 3370 483">
    <p class='ocr_par' dir='ltr' id='par_1_3' title="bbox 3274 419 3370 483">
     <span class='ocr_line' id='line_1_3' title="bbox 3274 419 3370 483; baseline 0 -1"><span class='ocrx_word' id='word_1_12' title='bbox 3274 419 3370 483; x_wconf 80' lang='lat'><strong>130</strong></span> 
     </span>
    </p>
   </div>
   <div class='ocr_carea' id='block_1_4' title="bbox 119 515 1692 602">
    <p class='ocr_par' dir='ltr' id='par_1_4' title="bbox 119 516 1685 587">
     <span class='ocr_line' id='line_1_4' title="bbox 119 516 1685 587; baseline -0.004 -15"><span class='ocrx_word' id='word_1_13' title='bbox 119 521 262 575; x_wconf 64' lang='lat' dir='ltr'><strong>uti</strong></span> <span class='ocrx_word' id='word_1_14' title='bbox 293 519 449 585; x_wconf 67' lang='grc' dir='ltr'>λόγον</span> <span class='ocrx_word' id='word_1_15' title='bbox 478 518 795 584; x_wconf 75' lang='grc' dir='ltr'><strong>ποιούντων,</strong></span> <span class='ocrx_word' id='word_1_16' title='bbox 819 520 952 572; x_wconf 71' lang='grc' dir='ltr'>ἀλλὰ</span> <span class='ocrx_word' id='word_1_17' title='bbox 984 520 1109 580; x_wconf 80' lang='grc' dir='ltr'>τοὺς</span> <span class='ocrx_word' id='word_1_18' title='bbox 1146 516 1539 587; x_wconf 75' lang='grc' dir='ltr'><strong>συντρέχοντας</strong></span> <span class='ocrx_word' id='word_1_19' title='bbox 1568 517 1685 576; x_wconf 78' lang='grc' dir='ltr'>ταῐς</span> 
     </span>
    </p>
   </div>
   <div class='ocr_carea' id='block_1_5' title="bbox 1790 515 3360 602">
    <p class='ocr_par' dir='ltr' id='par_1_5' title="bbox 1790 515 3360 602">
     <span class='ocr_line' id='line_1_5' title="bbox 1790 515 3360 602; baseline 0.011 -32"><span class='ocrx_word' id='word_1_20' title='bbox 1790 515 1934 587; x_wconf 79' lang='lat' dir='ltr'><strong>eligit</strong></span> <span class='ocrx_word' id='word_1_21' title='bbox 1961 519 2049 585; x_wconf 86' lang='lat' dir='ltr'><strong>qui</strong></span> <span class='ocrx_word' id='word_1_22' title='bbox 2088 521 2478 601; x_wconf 85' lang='lat' dir='ltr'><strong>cupiditatibus</strong></span> <span class='ocrx_word' id='word_1_23' title='bbox 2528 526 2700 594; x_wconf 85' lang='lat' dir='ltr'><strong>ipsius</strong></span> <span class='ocrx_word' id='word_1_24' title='bbox 2737 531 3104 597; x_wconf 89' lang='lat' dir='ltr'><strong>consentiant,</strong></span> <span class='ocrx_word' id='word_1_25' title='bbox 3146 547 3210 586; x_wconf 89' lang='lat' dir='ltr'><strong>ac</strong></span> <span class='ocrx_word' id='word_1_26' title='bbox 3239 550 3360 602; x_wconf 71' lang='lat' dir='ltr'><strong>quae</strong></span> 
     </span>
    </p>
   </div>
   <div class='ocr_carea' id='block_1_6' title="bbox 119 607 1693 681">
    <p class='ocr_par' dir='ltr' id='par_1_6' title="bbox 119 607 1693 681">
     <span class='ocr_line' id='line_1_6' title="bbox 119 607 1693 681; baseline -0.003 -19"><span class='ocrx_word' id='word_1_27' title='bbox 119 613 330 663; x_wconf 77' lang='grc' dir='ltr'>ἑαυτῶν</span> <span class='ocrx_word' id='word_1_28' title='bbox 366 613 712 681; x_wconf 74' lang='grc' dir='ltr'><strong>ἐπιθυμίαις,</strong></span> <span class='ocrx_word' id='word_1_29' title='bbox 758 613 852 664; x_wconf 79' lang='grc' dir='ltr'>καὶ</span> <span class='ocrx_word' id='word_1_30' title='bbox 891 612 958 664; x_wconf 67' lang='grc' dir='ltr'>τὰ</span> <span class='ocrx_word' id='word_1_31' title='bbox 997 610 1133 678; x_wconf 63' lang='grc' dir='ltr'>πρὸς</span> <span class='ocrx_word' id='word_1_32' title='bbox 1164 608 1359 678; x_wconf 76' lang='grc' dir='ltr'>ἡδονὴν</span> <span class='ocrx_word' id='word_1_33' title='bbox 1388 607 1570 669; x_wconf 78' lang='grc' dir='ltr'>αὐτοῖς</span> <span class='ocrx_word' id='word_1_34' title='bbox 1603 608 1693 657; x_wconf 77' lang='grc' dir='ltr'><strong>καὶ</strong></span> 
     </span>
    </p>
   </div>
   <div class='ocr_carea' id='block_1_7' title="bbox 116 697 1688 767">
    <p class='ocr_par' dir='ltr' id='par_1_7' title="bbox 116 697 1688 767">
     <span class='ocr_line' id='line_1_7' title="bbox 116 697 1688 767; baseline -0.001 -18"><span class='ocrx_word' id='word_1_35' title='bbox 116 699 395 765; x_wconf 70' lang='grc' dir='ltr'>λέγοντας,</span> <span class='ocrx_word' id='word_1_36' title='bbox 440 701 536 752; x_wconf 76' lang='grc' dir='ltr'>καὶ</span> <span class='ocrx_word' id='word_1_37' title='bbox 595 699 901 764; x_wconf 76' lang='grc' dir='ltr'><strong>ποιοῦντας,</strong></span> <span class='ocrx_word' id='word_1_38' title='bbox 947 700 1170 760; x_wconf 79' lang='grc' dir='ltr'><strong>τούτους</strong></span> <span class='ocrx_word' id='word_1_39' title='bbox 1224 697 1688 767; x_wconf 78' lang='grc' dir='ltr'><strong>χειροτονούντων.</strong></span> 
     </span>
    </p>
   </div>
   <div class='ocr_carea' id='block_1_8' title="bbox 187 787 1692 857">
    <p class='ocr_par' dir='ltr' id='par_1_8' title="bbox 187 787 1692 857">
     <span class='ocr_line' id='line_1_8' title="bbox 187 787 1692 857; baseline -0.002 -16"><span class='ocrx_word' id='word_1_40' title='bbox 187 791 563 857; x_wconf 65' lang='grc' dir='ltr'>Κνηθόίιενοι</span> <span class='ocrx_word' id='word_1_41' title='bbox 652 788 766 855; x_wconf 77' lang='grc' dir='ltr'>τὴν</span> <span class='ocrx_word' id='word_1_42' title='bbox 798 788 1012 853; x_wconf 78' lang='grc' dir='ltr'>ἀκοήν.</span> <span class='ocrx_word' id='word_1_43' title='bbox 1059 788 1335 849; x_wconf 75' lang='grc' dir='ltr'>Τουτέστι,</span> <span class='ocrx_word' id='word_1_44' title='bbox 1372 787 1692 856; x_wconf 79' lang='grc' dir='ltr'>τερπόμενοι</span> 
     </span>
    </p>
   </div>
   <div class='ocr_carea' id='block_1_9' title="bbox 120 875 1692 949">
    <p class='ocr_par' dir='ltr' id='par_1_9' title="bbox 120 875 1692 949">
     <span class='ocr_line' id='line_1_9' title="bbox 120 875 1692 949; baseline -0.001 -20"><span class='ocrx_word' id='word_1_45' title='bbox 120 879 220 947; x_wconf 73' lang='grc' dir='ltr'>τὴν</span> <span class='ocrx_word' id='word_1_46' title='bbox 244 879 441 948; x_wconf 76' lang='grc' dir='ltr'>ἀκοὴν,</span> <span class='ocrx_word' id='word_1_47' title='bbox 474 879 575 949; x_wconf 31' lang='grc' dir='ltr'>καὶ.</span> <span class='ocrx_word' id='word_1_48' title='bbox 606 877 1086 949; x_wconf 72' lang='grc' dir='ltr'>γαργαλιζόμενοι,</span> <span class='ocrx_word' id='word_1_49' title='bbox 1119 879 1211 929; x_wconf 76' lang='grc' dir='ltr'><strong>καὶ</strong></span> <span class='ocrx_word' id='word_1_50' title='bbox 1239 875 1327 930; x_wconf 74' lang='grc' dir='ltr'><strong>ἀεὶ</strong></span> <span class='ocrx_word' id='word_1_51' title='bbox 1358 875 1692 945; x_wconf 77' lang='grc' dir='ltr'>ἐπιθυμοῦν-</span> 
     </span>
    </p>
   </div>
   <div class='ocr_carea' id='block_1_10' title="bbox 118 967 930 1037">
    <p class='ocr_par' dir='ltr' id='par_1_10' title="bbox 118 967 930 1037">
     <span class='ocr_line' id='line_1_10' title="bbox 118 967 930 1037; baseline 0.001 -18"><span class='ocrx_word' id='word_1_52' title='bbox 118 985 206 1029; x_wconf 86' lang='grc' dir='ltr'><strong>τες</strong></span> <span class='ocrx_word' id='word_1_53' title='bbox 234 967 301 1020; x_wconf 82' lang='grc' dir='ltr'>τὰ</span> <span class='ocrx_word' id='word_1_54' title='bbox 329 969 465 1037; x_wconf 80' lang='grc' dir='ltr'>πρὸς</span> <span class='ocrx_word' id='word_1_55' title='bbox 489 968 649 1037; x_wconf 84' lang='grc' dir='ltr'><strong>χάριν</strong></span> <span class='ocrx_word' id='word_1_56' title='bbox 685 967 930 1021; x_wconf 84' lang='grc' dir='ltr'>ἀκούειν.</span> 
     </span>
    </p>
   </div>
   <div class='ocr_carea' id='block_1_11' title="bbox 182 1048 1773 1127">
    <p class='ocr_par' dir='ltr' id='par_1_11' title="bbox 182 1048 1773 1127">
     <span class='ocr_line' id='line_1_11' title="bbox 182 1048 1773 1127; baseline -0.001 -17"><span class='ocrx_word' id='word_1_57' title='bbox 182 1049 450 1112; x_wconf 66' lang='grc' dir='ltr'>Καίὰπὸ</span> <span class='ocrx_word' id='word_1_58' title='bbox 471 1059 591 1127; x_wconf 78' lang='grc' dir='ltr'><strong>μὲν</strong></span> <span class='ocrx_word' id='word_1_59' title='bbox 627 1058 735 1124; x_wconf 80' lang='grc' dir='ltr'>τῆς</span> <span class='ocrx_word' id='word_1_60' title='bbox 778 1058 1065 1126; x_wconf 75' lang='grc' dir='ltr'><strong>ἀληθείας</strong></span> <span class='ocrx_word' id='word_1_61' title='bbox 1122 1058 1236 1125; x_wconf 78' lang='grc' dir='ltr'><strong>τὴν</strong></span> <span class='ocrx_word' id='word_1_62' title='bbox 1283 1056 1476 1124; x_wconf 76' lang='grc' dir='ltr'>ἀκοὴν</span> <span class='ocrx_word' id='word_1_63' title='bbox 1545 1048 1693 1111; x_wconf 57' lang='grc' dir='ltr'>ἀπιο-</span> <span class='ocrx_word' id='word_1_64' title='bbox 1770 1057 1773 1059; x_wconf 76' lang='grc'><em>’</em></span> 
     </span>
    </p>
   </div>
   <div class='ocr_carea' id='block_1_12' title="bbox 116 1149 1688 1218">
    <p class='ocr_par' dir='ltr' id='par_1_12' title="bbox 116 1149 1688 1218">
     <span class='ocr_line' id='line_1_12' title="bbox 116 1149 1688 1218; baseline 0.001 -17"><span class='ocrx_word' id='word_1_65' title='bbox 116 1151 496 1218; x_wconf 65' lang='grc' dir='ltr'>οτρέψουσιν</span> <span class='ocrx_word' id='word_1_66' title='bbox 529 1168 542 1181; x_wconf 92' lang='grc'><strong>·</strong></span> <span class='ocrx_word' id='word_1_67' title='bbox 564 1151 660 1204; x_wconf 71' lang='grc' dir='ltr'><strong>ἐπὶ</strong></span> <span class='ocrx_word' id='word_1_68' title='bbox 682 1150 750 1203; x_wconf 82' lang='grc' dir='ltr'>δὲ</span> <span class='ocrx_word' id='word_1_69' title='bbox 780 1150 918 1215; x_wconf 82' lang='grc' dir='ltr'>τοὺς</span> <span class='ocrx_word' id='word_1_70' title='bbox 944 1150 1177 1218; x_wconf 83' lang='grc' dir='ltr'>μύθους</span> <span class='ocrx_word' id='word_1_71' title='bbox 1191 1149 1688 1217; x_wconf 65' lang='grc' dir='ltr'>ἐκτραπήσονται.</span> 
     </span>
    </p>
   </div>
   <div class='ocr_carea' id='block_1_13' title="bbox 127 1238 1692 1310">
    <p class='ocr_par' dir='ltr' id='par_1_13' title="bbox 127 1238 1692 1310">
     <span class='ocr_line' id='line_1_13' title="bbox 127 1238 1692 1310; baseline 0 -18"><span class='ocrx_word' id='word_1_72' title='bbox 127 1239 286 1310; x_wconf 50' lang='grc' dir='ltr'>ἰη-οἱς</span> <span class='ocrx_word' id='word_1_73' title='bbox 316 1241 398 1293; x_wconf 79' lang='grc' dir='ltr'>ὅτι</span> <span class='ocrx_word' id='word_1_74' title='bbox 425 1240 523 1309; x_wconf 84' lang='grc' dir='ltr'><strong>οὐχ</strong></span> <span class='ocrx_word' id='word_1_75' title='bbox 552 1240 627 1303; x_wconf 86' lang='grc' dir='ltr'>ὡς</span> <span class='ocrx_word' id='word_1_76' title='bbox 656 1238 982 1308; x_wconf 80' lang='grc' dir='ltr'><strong>ἀγνοοῦντες</strong></span> <span class='ocrx_word' id='word_1_77' title='bbox 1023 1239 1369 1308; x_wconf 80' lang='grc' dir='ltr'><strong>σφάλλονται,</strong></span> <span class='ocrx_word' id='word_1_78' title='bbox 1395 1240 1505 1292; x_wconf 84' lang='grc' dir='ltr'>ἀλλ’</span> <span class='ocrx_word' id='word_1_79' title='bbox 1540 1241 1692 1293; x_wconf 77' lang='grc' dir='ltr'>ἑκόν-</span> 
     </span>
    </p>
   </div>
   <div class='ocr_carea' id='block_1_14' title="bbox 116 1329 1693 1401">
    <p class='ocr_par' dir='ltr' id='par_1_14' title="bbox 116 1329 1693 1401">
     <span class='ocr_line' id='line_1_14' title="bbox 116 1329 1693 1401; baseline 0.003 -21"><span class='ocrx_word' id='word_1_80' title='bbox 116 1345 238 1394; x_wconf 82' lang='grc' dir='ltr'>τες;</span> <span class='ocrx_word' id='word_1_81' title='bbox 279 1329 756 1398; x_wconf 56' lang='grc' dir='ltr'>’-ἵετοστρέψουσι</span> <span class='ocrx_word' id='word_1_82' title='bbox 791 1330 899 1399; x_wconf 81' lang='grc' dir='ltr'>γὰρ</span> <span class='ocrx_word' id='word_1_83' title='bbox 958 1329 1074 1397; x_wconf 76' lang='grc' dir='ltr'><strong>τὴν</strong></span> <span class='ocrx_word' id='word_1_84' title='bbox 1115 1330 1328 1398; x_wconf 73' lang='grc' dir='ltr'>ἀκοὴν,</span> <span class='ocrx_word' id='word_1_85' title='bbox 1369 1331 1522 1401; x_wconf 76' lang='grc' dir='ltr'>φησὶ,</span> <span class='ocrx_word' id='word_1_86' title='bbox 1596 1330 1693 1384; x_wconf 76' lang='grc' dir='ltr'><strong>καὶ</strong></span> 
     </span>
    </p>
   </div>
   <div class='ocr_carea' id='block_1_15' title="bbox 119 1419 1694 1488">
    <p class='ocr_par' dir='ltr' id='par_1_15' title="bbox 119 1419 1694 1488">
     <span class='ocr_line' id='line_1_15' title="bbox 119 1419 1694 1488; baseline 0.002 -16"><span class='ocrx_word' id='word_1_87' title='bbox 119 1419 627 1488; x_wconf 71' lang='grc' dir='ltr'><strong>ἐκτραπήσονται.</strong></span> <span class='ocrx_word' id='word_1_88' title='bbox 664 1421 827 1473; x_wconf 83' lang='grc' dir='ltr'>Ὥστε</span> <span class='ocrx_word' id='word_1_89' title='bbox 880 1419 1131 1474; x_wconf 81' lang='grc' dir='ltr'>ἑκούσιον</span> <span class='ocrx_word' id='word_1_90' title='bbox 1161 1420 1222 1473; x_wconf 83' lang='grc' dir='ltr'><strong>τὸ</strong></span> <span class='ocrx_word' id='word_1_91' title='bbox 1269 1421 1463 1476; x_wconf 79' lang='grc' dir='ltr'>κακόν.</span> <span class='ocrx_word' id='word_1_92' title='bbox 1509 1421 1694 1475; x_wconf 87' lang='grc' dir='ltr'>Ταῦτα</span> 
     </span>
    </p>
   </div>
   <div class='ocr_carea' id='block_1_16' title="bbox 115 1511 1686 1584">
    <p class='ocr_par' dir='ltr' id='par_1_16' title="bbox 115 1511 1686 1584">
     <span class='ocr_line' id='line_1_16' title="bbox 115 1511 1686 1584; baseline 0 -21"><span class='ocrx_word' id='word_1_93' title='bbox 115 1511 168 1564; x_wconf 81' lang='grc' dir='ltr'>δὲ</span> <span class='ocrx_word' id='word_1_94' title='bbox 199 1511 378 1580; x_wconf 73' lang='grc' dir='ltr'>λέγει,</span> <span class='ocrx_word' id='word_1_95' title='bbox 401 1512 504 1583; x_wconf 86' lang='grc' dir='ltr'><strong>οὑχ</strong></span> <span class='ocrx_word' id='word_1_96' title='bbox 543 1513 630 1566; x_wconf 77' lang='grc' dir='ltr'><strong>ἵνα</strong></span> <span class='ocrx_word' id='word_1_97' title='bbox 663 1513 743 1573; x_wconf 71' lang='grc' dir='ltr'><strong>είς</strong></span> <span class='ocrx_word' id='word_1_98' title='bbox 768 1511 1006 1580; x_wconf 78' lang='grc' dir='ltr'><strong>ἀθυμίαν</strong></span> <span class='ocrx_word' id='word_1_99' title='bbox 1038 1511 1284 1584; x_wconf 72' lang='grc' dir='ltr'><strong>ἐμϐάλλῃ</strong></span> <span class='ocrx_word' id='word_1_100' title='bbox 1302 1512 1396 1566; x_wconf 80' lang='grc' dir='ltr'>τὸν</span> <span class='ocrx_word' id='word_1_101' title='bbox 1417 1512 1686 1583; x_wconf 81' lang='grc' dir='ltr'>μαθητὴν,</span> 
     </span>
    </p>
   </div>
   <div class='ocr_carea' id='block_1_17' title="bbox 115 1602 1696 1674">
    <p class='ocr_par' dir='ltr' id='par_1_17' title="bbox 115 1602 1696 1674">
     <span class='ocr_line' id='line_1_17' title="bbox 115 1602 1696 1674; baseline 0.001 -17"><span class='ocrx_word' id='word_1_102' title='bbox 115 1602 220 1657; x_wconf 82' lang='grc' dir='ltr'><strong>ἀλλ’</strong></span> <span class='ocrx_word' id='word_1_103' title='bbox 247 1604 336 1656; x_wconf 78' lang='grc' dir='ltr'>ἶνα</span> <span class='ocrx_word' id='word_1_104' title='bbox 365 1604 554 1673; x_wconf 83' lang='grc' dir='ltr'>πείσῃ,</span> <span class='ocrx_word' id='word_1_105' title='bbox 580 1602 658 1672; x_wconf 82' lang='grc' dir='ltr'>τῷ</span> <span class='ocrx_word' id='word_1_106' title='bbox 686 1604 784 1672; x_wconf 81' lang='grc' dir='ltr'>μὲν</span> <span class='ocrx_word' id='word_1_107' title='bbox 821 1603 1051 1671; x_wconf 79' lang='grc' dir='ltr'><strong>παρόντι</strong></span> <span class='ocrx_word' id='word_1_108' title='bbox 1082 1603 1184 1673; x_wconf 83' lang='grc' dir='ltr'>τῆς</span> <span class='ocrx_word' id='word_1_109' title='bbox 1212 1603 1397 1666; x_wconf 81' lang='grc' dir='ltr'>ἀδείας</span> <span class='ocrx_word' id='word_1_110' title='bbox 1419 1604 1595 1674; x_wconf 85' lang='grc' dir='ltr'>καιρῷ</span> <span class='ocrx_word' id='word_1_111' title='bbox 1615 1608 1696 1667; x_wconf 82' lang='grc' dir='ltr'><strong>είς</strong></span> 
     </span>
    </p>
   </div>
   <div class='ocr_carea' id='block_1_18' title="bbox 116 1692 1690 1763">
    <p class='ocr_par' dir='ltr' id='par_1_18' title="bbox 116 1692 1690 1763">
     <span class='ocr_line' id='line_1_18' title="bbox 116 1692 1690 1763; baseline 0.001 -19"><span class='ocrx_word' id='word_1_112' title='bbox 116 1692 228 1744; x_wconf 79' lang='grc' dir='ltr'>δέον</span> <span class='ocrx_word' id='word_1_113' title='bbox 260 1693 568 1762; x_wconf 81' lang='grc' dir='ltr'>κεχρῆσθαι</span> <span class='ocrx_word' id='word_1_114' title='bbox 593 1707 607 1722; x_wconf 78' lang='grc'><strong><em>⁸</em></strong></span> <span class='ocrx_word' id='word_1_115' title='bbox 643 1694 774 1746; x_wconf 83' lang='grc' dir='ltr'>ὅταν</span> <span class='ocrx_word' id='word_1_116' title='bbox 830 1693 886 1746; x_wconf 84' lang='grc' dir='ltr'>δὲ</span> <span class='ocrx_word' id='word_1_117' title='bbox 942 1693 1102 1763; x_wconf 78' lang='grc' dir='ltr'><strong>ἐκϐῇ,</strong></span> <span class='ocrx_word' id='word_1_118' title='bbox 1144 1693 1411 1760; x_wconf 82' lang='grc' dir='ltr'><strong>γενναίως</strong></span> <span class='ocrx_word' id='word_1_119' title='bbox 1454 1693 1644 1763; x_wconf 82' lang='grc' dir='ltr'>φέρειν</span> <span class='ocrx_word' id='word_1_120' title='bbox 1676 1716 1690 1732; x_wconf 82' lang='grc' dir='ltr'><strong><em>ο</em></strong></span> 
     </span>
    </p>
   </div>
   <div class='ocr_carea' id='block_1_19' title="bbox 118 1782 1691 1853">
    <p class='ocr_par' dir='ltr' id='par_1_19' title="bbox 118 1782 1691 1853">
     <span class='ocr_line' id='line_1_19' title="bbox 118 1782 1691 1853; baseline 0.004 -21"><span class='ocrx_word' id='word_1_121' title='bbox 118 1782 302 1852; x_wconf 79' lang='grc' dir='ltr'>ὥσπερ</span> <span class='ocrx_word' id='word_1_122' title='bbox 331 1784 429 1836; x_wconf 78' lang='grc' dir='ltr'><strong>καὶ</strong></span> <span class='ocrx_word' id='word_1_123' title='bbox 453 1784 482 1835; x_wconf 78' lang='grc' dir='ltr'><strong>ὁ</strong></span> <span class='ocrx_word' id='word_1_124' title='bbox 505 1783 737 1853; x_wconf 81' lang='grc' dir='ltr'>Χριστὸς</span> <span class='ocrx_word' id='word_1_125' title='bbox 785 1783 937 1852; x_wconf 79' lang='grc' dir='ltr'>ἔλεγε</span> <span class='ocrx_word' id='word_1_126' title='bbox 973 1799 987 1814; x_wconf 78' lang='grc'><strong><em>⁸</em></strong></span> <span class='ocrx_word' id='word_1_127' title='bbox 1023 1783 1495 1852; x_wconf 80' lang='grc' dir='ltr'>Παραδώσουσιν</span> <span class='ocrx_word' id='word_1_128' title='bbox 1536 1783 1691 1853; x_wconf 83' lang='grc' dir='ltr'>ὑμᾶς</span> 
     </span>
    </p>
   </div>
   <div class='ocr_carea' id='block_1_20' title="bbox 1799 604 3444 691">
    <p class='ocr_par' dir='ltr' id='par_1_20' title="bbox 1799 604 3444 691">
     <span class='ocr_line' id='line_1_20' title="bbox 1799 604 3444 691; baseline 0.015 -33"><span class='ocrx_word' id='word_1_129' title='bbox 1799 611 1864 659; x_wconf 89' lang='lat' dir='ltr'><strong>ad</strong></span> <span class='ocrx_word' id='word_1_130' title='bbox 1922 612 2250 679; x_wconf 83' lang='lat' dir='ltr'><strong>voluptatem</strong></span> <span class='ocrx_word' id='word_1_131' title='bbox 2293 616 2412 685; x_wconf 74' lang='lat' dir='ltr'><strong>ejus</strong></span> <span class='ocrx_word' id='word_1_132' title='bbox 2463 621 2758 685; x_wconf 81' lang='lat' dir='ltr'><strong>pertinent,</strong></span> <span class='ocrx_word' id='word_1_133' title='bbox 2805 630 2917 676; x_wconf 84' lang='lat' dir='ltr'><strong>tum</strong></span> <span class='ocrx_word' id='word_1_134' title='bbox 2968 627 3189 691; x_wconf 83' lang='lat' dir='ltr'><strong>dicant,</strong></span> <span class='ocrx_word' id='word_1_135' title='bbox 3247 639 3359 681; x_wconf 88' lang='lat' dir='ltr'><strong>tutn</strong></span> <span class='ocrx_word' id='word_1_136' title='bbox 3437 604 3444 611; x_wconf 36' lang='grc'><em>’</em></span> 
     </span>
    </p>
   </div>
   <div class='ocr_carea' id='block_1_21' title="bbox 1798 708 1981 769">
    <p class='ocr_par' dir='ltr' id='par_1_21' title="bbox 1798 708 1981 769">
     <span class='ocr_line' id='line_1_21' title="bbox 1798 708 1981 769; baseline 0.022 -19"><span class='ocrx_word' id='word_1_137' title='bbox 1798 708 1981 769; x_wconf 84' lang='lat' dir='ltr'><strong>agant.</strong></span> 
     </span>
    </p>
   </div>
   <div class='ocr_carea' id='block_1_22' title="bbox 1867 788 3362 871">
    <p class='ocr_par' dir='ltr' id='par_1_22' title="bbox 1867 788 3362 871">
     <span class='ocr_line' id='line_1_22' title="bbox 1867 788 3362 871; baseline 0.015 -31"><span class='ocrx_word' id='word_1_138' title='bbox 1867 788 2175 844; x_wconf 76' lang='lat' dir='ltr'><strong>Prurientes</strong></span> <span class='ocrx_word' id='word_1_139' title='bbox 2202 795 2436 848; x_wconf 75' lang='lat' dir='ltr'><strong>auribus.</strong></span> <span class='ocrx_word' id='word_1_140' title='bbox 2467 796 2574 850; x_wconf 76' lang='lat' dir='ltr'><strong>Hoc</strong></span> <span class='ocrx_word' id='word_1_141' title='bbox 2607 808 2707 864; x_wconf 80' lang='lat' dir='ltr'><strong>est,</strong></span> <span class='ocrx_word' id='word_1_142' title='bbox 2741 803 2995 856; x_wconf 60' lang='lat' dir='ltr'><strong>Oblectati</strong></span> <span class='ocrx_word' id='word_1_143' title='bbox 3027 808 3269 871; x_wconf 84' lang='lat' dir='ltr'><strong>auribus,</strong></span> <span class='ocrx_word' id='word_1_144' title='bbox 3298 822 3362 862; x_wconf 86' lang='lat' dir='ltr'><strong>ac</strong></span> 
     </span>
    </p>
   </div>
   <div class='ocr_carea' id='block_1_23' title="bbox 1797 881 3358 966">
    <p class='ocr_par' dir='ltr' id='par_1_23' title="bbox 1797 881 3358 966">
     <span class='ocr_line' id='line_1_23' title="bbox 1797 881 3358 966; baseline 0.012 -32"><span class='ocrx_word' id='word_1_145' title='bbox 1797 881 2037 948; x_wconf 89' lang='lat' dir='ltr'><strong>titillati,</strong></span> <span class='ocrx_word' id='word_1_146' title='bbox 2078 900 2295 958; x_wconf 85' lang='lat' dir='ltr'><strong>semper</strong></span> <span class='ocrx_word' id='word_1_147' title='bbox 2342 889 2797 957; x_wconf 84' lang='lat' dir='ltr'><strong>concupiscentes</strong></span> <span class='ocrx_word' id='word_1_148' title='bbox 2848 887 3037 952; x_wconf 82' lang='lat' dir='ltr'><strong>audire</strong></span> <span class='ocrx_word' id='word_1_149' title='bbox 3076 913 3194 966; x_wconf 72' lang='lat' dir='ltr'><strong>qua:</strong></span> <span class='ocrx_word' id='word_1_150' title='bbox 3239 899 3358 965; x_wconf 85' lang='lat' dir='ltr'><strong>pla-</strong></span> 
     </span>
    </p>
   </div>
   <div class='ocr_carea' id='block_1_24' title="bbox 1795 983 1973 1028">
    <p class='ocr_par' dir='ltr' id='par_1_24' title="bbox 1795 983 1973 1028">
     <span class='ocr_line' id='line_1_24' title="bbox 1795 983 1973 1028; baseline 0.011 -3"><span class='ocrx_word' id='word_1_151' title='bbox 1795 983 1973 1028; x_wconf 90' lang='lat' dir='ltr'><strong>ceant.</strong></span> 
     </span>
    </p>
   </div>
   <div class='ocr_carea' id='block_1_25' title="bbox 1865 1059 3362 1145">
    <p class='ocr_par' dir='ltr' id='par_1_25' title="bbox 1865 1059 3362 1145">
     <span class='ocr_line' id='line_1_25' title="bbox 1865 1059 3362 1145; baseline 0.014 -33"><span class='ocrx_word' id='word_1_152' title='bbox 1865 1059 2026 1116; x_wconf 71' lang='lat' dir='ltr'><strong>Vens.</strong></span> <span class='ocrx_word' id='word_1_153' title='bbox 2080 1063 2131 1116; x_wconf 77' lang='grc'>4.</span> <span class='ocrx_word' id='word_1_154' title='bbox 2176 1063 2244 1132; x_wconf 86' lang='lat' dir='ltr'><strong>Et</strong></span> <span class='ocrx_word' id='word_1_155' title='bbox 2271 1082 2303 1118; x_wconf 90' lang='lat' dir='ltr'><strong>a</strong></span> <span class='ocrx_word' id='word_1_156' title='bbox 2332 1068 2550 1121; x_wconf 81' lang='lat' dir='ltr'><strong>veritate</strong></span> <span class='ocrx_word' id='word_1_157' title='bbox 2579 1069 2786 1138; x_wconf 84' lang='lat' dir='ltr'><strong>quidem</strong></span> <span class='ocrx_word' id='word_1_158' title='bbox 2820 1073 3060 1145; x_wconf 78' lang='lat' dir='ltr'><strong>auditum</strong></span> <span class='ocrx_word' id='word_1_159' title='bbox 3095 1087 3362 1143; x_wconf 87' lang='lat' dir='ltr'><strong>avertent;</strong></span> 
     </span>
    </p>
   </div>
   <div class='ocr_carea' id='block_1_26' title="bbox 1795 1151 3356 1237">
    <p class='ocr_par' dir='ltr' id='par_1_26' title="bbox 1795 1151 3356 1237">
     <span class='ocr_line' id='line_1_26' title="bbox 1795 1151 3356 1237; baseline 0.015 -36"><span class='ocrx_word' id='word_1_160' title='bbox 1795 1151 1861 1202; x_wconf 85' lang='lat' dir='ltr'><strong>ad</strong></span> <span class='ocrx_word' id='word_1_161' title='bbox 1889 1152 2099 1218; x_wconf 79' lang='lat' dir='ltr'><strong>fabulas</strong></span> <span class='ocrx_word' id='word_1_162' title='bbox 2133 1165 2306 1209; x_wconf 82' lang='lat' dir='ltr'><strong>autem</strong></span> <span class='ocrx_word' id='word_1_163' title='bbox 2341 1169 2728 1214; x_wconf 80' lang='lat' dir='ltr'><strong>convertentur.</strong></span> <span class='ocrx_word' id='word_1_164' title='bbox 2765 1163 3166 1220; x_wconf 80' lang='lat' dir='ltr'><strong>Animadvertis</strong></span> <span class='ocrx_word' id='word_1_165' title='bbox 3210 1171 3356 1237; x_wconf 89' lang='lat' dir='ltr'><strong>quod</strong></span> 
     </span>
    </p>
   </div>
   <div class='ocr_carea' id='block_1_27' title="bbox 1796 1240 3363 1322">
    <p class='ocr_par' dir='ltr' id='par_1_27' title="bbox 1796 1240 3363 1322">
     <span class='ocr_line' id='line_1_27' title="bbox 1796 1240 3363 1322; baseline 0.013 -29"><span class='ocrx_word' id='word_1_166' title='bbox 1796 1257 1900 1294; x_wconf 87' lang='lat' dir='ltr'><strong>non</strong></span> <span class='ocrx_word' id='word_1_167' title='bbox 1929 1258 1991 1296; x_wconf 78' lang='lat' dir='ltr'><strong>ex</strong></span> <span class='ocrx_word' id='word_1_168' title='bbox 2025 1244 2329 1311; x_wconf 83' lang='lat' dir='ltr'><strong>ignorantia</strong></span> <span class='ocrx_word' id='word_1_169' title='bbox 2360 1259 2567 1311; x_wconf 87' lang='lat' dir='ltr'><strong>errent,</strong></span> <span class='ocrx_word' id='word_1_170' title='bbox 2595 1251 2687 1304; x_wconf 90' lang='lat' dir='ltr'><strong>sed</strong></span> <span class='ocrx_word' id='word_1_171' title='bbox 2714 1263 2912 1322; x_wconf 88' lang='lat' dir='ltr'><strong>suapte</strong></span> <span class='ocrx_word' id='word_1_172' title='bbox 2943 1259 3179 1322; x_wconf 87' lang='lat' dir='ltr'><strong>sponte?</strong></span> <span class='ocrx_word' id='word_1_173' title='bbox 3202 1240 3363 1312; x_wconf 78' lang='lat' dir='ltr'><strong>Aver-</strong></span> 
     </span>
    </p>
   </div>
   <div class='ocr_carea' id='block_1_28' title="bbox 1798 1334 3361 1405">
    <p class='ocr_par' dir='ltr' id='par_1_28' title="bbox 1798 1334 3361 1405">
     <span class='ocr_line' id='line_1_28' title="bbox 1798 1334 3361 1405; baseline 0.012 -21"><span class='ocrx_word' id='word_1_174' title='bbox 1798 1341 1902 1387; x_wconf 90' lang='lat' dir='ltr'><strong>tent</strong></span> <span class='ocrx_word' id='word_1_175' title='bbox 1935 1334 2078 1386; x_wconf 89' lang='lat' dir='ltr'><strong>enim</strong></span> <span class='ocrx_word' id='word_1_176' title='bbox 2112 1351 2289 1397; x_wconf 84' lang='lat' dir='ltr'><strong>aures,</strong></span> <span class='ocrx_word' id='word_1_177' title='bbox 2315 1338 2580 1405; x_wconf 85' lang='lat' dir='ltr'><strong>inquit.et</strong></span> <span class='ocrx_word' id='word_1_178' title='bbox 2611 1353 2996 1399; x_wconf 78' lang='lat' dir='ltr'><strong>convertentur.</strong></span> <span class='ocrx_word' id='word_1_179' title='bbox 3030 1346 3226 1400; x_wconf 82' lang='lat' dir='ltr'><strong>Malum</strong></span> <span class='ocrx_word' id='word_1_180' title='bbox 3258 1351 3361 1402; x_wconf 81' lang='lat' dir='ltr'><strong>ita-</strong></span> 
     </span>
    </p>
   </div>
   <div class='ocr_carea' id='block_1_29' title="bbox 1795 1423 3358 1498">
    <p class='ocr_par' dir='ltr' id='par_1_29' title="bbox 1795 1423 3358 1498">
     <span class='ocr_line' id='line_1_29' title="bbox 1795 1423 3358 1498; baseline 0.012 -25"><span class='ocrx_word' id='word_1_181' title='bbox 1795 1438 1902 1492; x_wconf 90' lang='lat' dir='ltr'><strong>que</strong></span> <span class='ocrx_word' id='word_1_182' title='bbox 1935 1423 2441 1491; x_wconf 17' lang='lat' dir='ltr'><strong>voluntarium‘est.</strong></span> <span class='ocrx_word' id='word_1_183' title='bbox 2492 1429 2616 1483; x_wconf 66' lang='lat' dir='ltr'><strong>Haec</strong></span> <span class='ocrx_word' id='word_1_184' title='bbox 2659 1439 2838 1484; x_wconf 90' lang='lat' dir='ltr'><strong>autem</strong></span> <span class='ocrx_word' id='word_1_185' title='bbox 2870 1433 3022 1498; x_wconf 90' lang='lat' dir='ltr'><strong>dicit,</strong></span> <span class='ocrx_word' id='word_1_186' title='bbox 3060 1450 3164 1488; x_wconf 92' lang='lat' dir='ltr'><strong>non</strong></span> <span class='ocrx_word' id='word_1_187' title='bbox 3211 1447 3269 1489; x_wconf 91' lang='lat' dir='ltr'><strong>ut</strong></span> <span class='ocrx_word' id='word_1_188' title='bbox 3303 1437 3358 1492; x_wconf 89' lang='lat' dir='ltr'><strong>in</strong></span> 
     </span>
    </p>
   </div>
   <div class='ocr_carea' id='block_1_30' title="bbox 1796 1507 3361 1593">
    <p class='ocr_par' dir='ltr' id='par_1_30' title="bbox 1796 1507 3361 1593">
     <span class='ocr_line' id='line_1_30' title="bbox 1796 1507 3361 1593; baseline 0.01 -26"><span class='ocrx_word' id='word_1_189' title='bbox 1796 1529 2082 1570; x_wconf 72' lang='lat' dir='ltr'><strong>mmrorem</strong></span> <span class='ocrx_word' id='word_1_190' title='bbox 2129 1509 2385 1585; x_wconf 77' lang='lat' dir='ltr'><strong>conjiciat</strong></span> <span class='ocrx_word' id='word_1_191' title='bbox 2416 1507 2761 1589; x_wconf 66' lang='lat' dir='ltr'><strong>discipulum,</strong></span> <span class='ocrx_word' id='word_1_192' title='bbox 2796 1523 2889 1575; x_wconf 82' lang='lat' dir='ltr'><strong>sed</strong></span> <span class='ocrx_word' id='word_1_193' title='bbox 2941 1532 2999 1576; x_wconf 92' lang='lat' dir='ltr'><strong>ut</strong></span> <span class='ocrx_word' id='word_1_194' title='bbox 3038 1527 3361 1593; x_wconf 84' lang='lat' dir='ltr'><strong>persuadeat</strong></span> 
     </span>
    </p>
   </div>
   <div class='ocr_carea' id='block_1_31' title="bbox 1795 1605 3357 1682">
    <p class='ocr_par' dir='ltr' id='par_1_31' title="bbox 1795 1605 3357 1682">
     <span class='ocr_line' id='line_1_31' title="bbox 1795 1605 3357 1682; baseline 0.009 -26"><span class='ocrx_word' id='word_1_195' title='bbox 1795 1605 1867 1666; x_wconf 89' lang='lat' dir='ltr'><strong>ei,</strong></span> <span class='ocrx_word' id='word_1_196' title='bbox 1906 1613 1964 1658; x_wconf 92' lang='lat' dir='ltr'><strong>ut</strong></span> <span class='ocrx_word' id='word_1_197' title='bbox 2011 1608 2266 1674; x_wconf 62' lang='lat' dir='ltr'><strong>praesenti</strong></span> <span class='ocrx_word' id='word_1_198' title='bbox 2325 1617 2587 1677; x_wconf 84' lang='lat' dir='ltr'><strong>tempore,</strong></span> <span class='ocrx_word' id='word_1_199' title='bbox 2641 1609 2785 1677; x_wconf 88' lang='lat' dir='ltr'><strong>quod</strong></span> <span class='ocrx_word' id='word_1_200' title='bbox 2837 1610 3127 1667; x_wconf 80' lang='lat' dir='ltr'><strong>formidine</strong></span> <span class='ocrx_word' id='word_1_201' title='bbox 3177 1625 3357 1682; x_wconf 84' lang='lat' dir='ltr'><strong>vacat,</strong></span> 
     </span>
    </p>
   </div>
   <div class='ocr_carea' id='block_1_32' title="bbox 1795 1696 3357 1770">
    <p class='ocr_par' dir='ltr' id='par_1_32' title="bbox 1795 1696 3357 1770">
     <span class='ocr_line' id='line_1_32' title="bbox 1795 1696 3357 1770; baseline 0.01 -25"><span class='ocrx_word' id='word_1_202' title='bbox 1795 1702 1982 1746; x_wconf 87' lang='lat' dir='ltr'><strong>utatur</strong></span> <span class='ocrx_word' id='word_1_203' title='bbox 2027 1696 2485 1762; x_wconf 79' lang='lat' dir='ltr'><strong>quemadmodum</strong></span> <span class='ocrx_word' id='word_1_204' title='bbox 2541 1700 2799 1753; x_wconf 86' lang='lat' dir='ltr'><strong>convenit</strong></span> <span class='ocrx_word' id='word_1_205' title='bbox 2841 1719 2853 1754; x_wconf 92' lang='lat'>:</span> <span class='ocrx_word' id='word_1_206' title='bbox 2901 1701 3120 1770; x_wconf 89' lang='lat' dir='ltr'><strong>quando</strong></span> <span class='ocrx_word' id='word_1_207' title='bbox 3175 1710 3357 1761; x_wconf 89' lang='lat' dir='ltr'><strong>autem</strong></span> 
     </span>
    </p>
   </div>
   <div class='ocr_carea' id='block_1_33' title="bbox 1797 1775 3354 1858">
    <p class='ocr_par' dir='ltr' id='par_1_33' title="bbox 1797 1775 3354 1858">
     <span class='ocr_line' id='line_1_33' title="bbox 1797 1775 3354 1858; baseline 0.007 -22"><span class='ocrx_word' id='word_1_208' title='bbox 1797 1784 2124 1852; x_wconf 74' lang='lat' dir='ltr'><strong>contigerit,</strong></span> <span class='ocrx_word' id='word_1_209' title='bbox 2184 1775 2240 1837; x_wconf 90' lang='lat' dir='ltr'><strong>ut</strong></span> <span class='ocrx_word' id='word_1_210' title='bbox 2307 1781 2585 1852; x_wconf 72' lang='lat' dir='ltr'><strong>generose</strong></span> <span class='ocrx_word' id='word_1_211' title='bbox 2637 1787 2776 1841; x_wconf 80' lang='lat' dir='ltr'><strong>ferat</strong></span> <span class='ocrx_word' id='word_1_212' title='bbox 2835 1804 2850 1845; x_wconf 87' lang='lat'><strong>:</strong></span> <span class='ocrx_word' id='word_1_213' title='bbox 2899 1790 3354 1858; x_wconf 84' lang='lat' dir='ltr'><strong>quemadmodum</strong></span> 
     </span>
    </p>
   </div>
   <div class='ocr_carea' id='block_1_34' title="bbox 119 1847 1692 1946">
    <p class='ocr_par' dir='ltr' id='par_1_34' title="bbox 119 1847 1687 1946">
     <span class='ocr_line' id='line_1_34' title="bbox 119 1847 1687 1946; baseline 0.004 -22"><span class='ocrx_word' id='word_1_214' title='bbox 119 1874 208 1925; x_wconf 78' lang='grc' dir='ltr'>καὶ</span> <span class='ocrx_word' id='word_1_215' title='bbox 235 1847 708 1942; x_wconf 64' lang='grc' dir='ltr'>μαστιγώσουσι.</span> <span class='ocrx_word' id='word_1_216' title='bbox 734 1847 904 1930; x_wconf 38' lang='grc' dir='ltr'>Καὶκδ</span> <span class='ocrx_word' id='word_1_217' title='bbox 953 1847 1124 1941; x_wconf 67' lang='grc' dir='ltr'>αῦτὺς</span> <span class='ocrx_word' id='word_1_218' title='bbox 1150 1870 1306 1939; x_wconf 74' lang='grc' dir='ltr'>οὗτος</span> <span class='ocrx_word' id='word_1_219' title='bbox 1334 1892 1351 1908; x_wconf 73' lang='grc' dir='ltr'><strong>ο</strong></span> <span class='ocrx_word' id='word_1_220' title='bbox 1383 1877 1544 1932; x_wconf 84' lang='grc' dir='ltr'><strong>Μετὰ</strong></span> 
     </span>
    </p>
   </div>
   <div class='ocr_carea' id='block_1_35' title="bbox 1790 1847 3357 1946">
    <p class='ocr_par' dir='ltr' id='par_1_35' title="bbox 1790 1847 3357 1946">
     <span class='ocr_line' id='line_1_35' title="bbox 1790 1847 3357 1946; baseline 0.006 -21"><span class='ocrx_word' id='word_1_221' title='bbox 1790 1847 2041 1926; x_wconf 74' lang='lat' dir='ltr'><strong>Christus</strong></span> <span class='ocrx_word' id='word_1_222' title='bbox 2080 1847 2219 1926; x_wconf 80' lang='lat' dir='ltr'><strong>dixit</strong></span> <span class='ocrx_word' id='word_1_223' title='bbox 2248 1890 2261 1925; x_wconf 91' lang='lat'><strong>:</strong></span> <span class='ocrx_word' id='word_1_224' title='bbox 2295 1847 2528 1928; x_wconf 46' lang='lat' dir='ltr'><strong>iradent</strong></span> <span class='ocrx_word' id='word_1_225' title='bbox 2585 1892 2671 1929; x_wconf 77' lang='lat' dir='ltr'><strong>vos</strong></span> <span class='ocrx_word' id='word_1_226' title='bbox 2722 1887 2771 1930; x_wconf 87' lang='lat' dir='ltr'><strong>et</strong></span> <span class='ocrx_word' id='word_1_227' title='bbox 2801 1847 3149 1946; x_wconf 73' lang='lat' dir='ltr'><strong>ﬂagellabant</strong></span> <span class='ocrx_word' id='word_1_228' title='bbox 3179 1881 3224 1911; x_wconf 83' lang='lat'><strong>&quot;</strong></span> <span class='ocrx_word' id='word_1_229' title='bbox 3254 1898 3268 1934; x_wconf 87' lang='lat'><strong>:</strong></span> <span class='ocrx_word' id='word_1_230' title='bbox 3303 1893 3357 1936; x_wconf 87' lang='lat' dir='ltr'><strong>et</strong></span> 
     </span>
    </p>
   </div>
   <div class='ocr_carea' id='block_1_36' title="bbox 121 1963 1441 2038">
    <p class='ocr_par' dir='ltr' id='par_1_36' title="bbox 121 1963 1441 2038">
     <span class='ocr_line' id='line_1_36' title="bbox 121 1963 1441 2038; baseline 0.006 -23"><span class='ocrx_word' id='word_1_231' title='bbox 121 1963 326 2033; x_wconf 65' lang='grc' dir='ltr'><strong>ἄφιξίν</strong></span> <span class='ocrx_word' id='word_1_232' title='bbox 366 1983 488 2034; x_wconf 80' lang='grc' dir='ltr'>μου</span> <span class='ocrx_word' id='word_1_233' title='bbox 523 1967 979 2021; x_wconf 69' lang='grc' dir='ltr'><strong>εἰσελεύσονται</strong></span> <span class='ocrx_word' id='word_1_234' title='bbox 1016 1969 1191 2023; x_wconf 75' lang='grc' dir='ltr'>λύκοι</span> <span class='ocrx_word' id='word_1_235' title='bbox 1212 1967 1441 2038; x_wconf 74' lang='grc' dir='ltr'>βαρεῖς.</span> 
     </span>
    </p>
   </div>
   <div class='ocr_carea' id='block_1_37' title="bbox 180 2137 1688 2224">
    <p class='ocr_par' dir='ltr' id='par_1_37' title="bbox 180 2137 1688 2224">
     <span class='ocr_line' id='line_1_37' title="bbox 180 2137 1688 2224; baseline 0.003 -22"><span class='ocrx_word' id='word_1_236' title='bbox 180 2148 267 2202; x_wconf 85' lang='grc' dir='ltr'><strong>Σὺ</strong></span> <span class='ocrx_word' id='word_1_237' title='bbox 289 2147 356 2201; x_wconf 81' lang='grc' dir='ltr'>δὲ</span> <span class='ocrx_word' id='word_1_238' title='bbox 381 2139 538 2216; x_wconf 67' lang='grc' dir='ltr'><strong>νῆςὸε</strong></span> <span class='ocrx_word' id='word_1_239' title='bbox 563 2149 634 2202; x_wconf 82' lang='grc' dir='ltr'><strong>ἐν</strong></span> <span class='ocrx_word' id='word_1_240' title='bbox 683 2147 862 2215; x_wconf 80' lang='grc' dir='ltr'>πᾶσι,</span> <span class='ocrx_word' id='word_1_241' title='bbox 903 2137 1358 2220; x_wconf 80' lang='grc' dir='ltr'>κακοπάοησον.</span> <span class='ocrx_word' id='word_1_242' title='bbox 1408 2152 1568 2224; x_wconf 82' lang='grc' dir='ltr'>Ὁρᾷς</span> <span class='ocrx_word' id='word_1_243' title='bbox 1607 2155 1688 2208; x_wconf 80' lang='grc' dir='ltr'><strong>ὅτι</strong></span> 
     </span>
    </p>
   </div>
   <div class='ocr_carea' id='block_1_38' title="bbox 125 2239 1687 2312">
    <p class='ocr_par' dir='ltr' id='par_1_38' title="bbox 125 2239 1687 2312">
     <span class='ocr_line' id='line_1_38' title="bbox 125 2239 1687 2312; baseline 0.003 -20"><span class='ocrx_word' id='word_1_244' title='bbox 125 2239 213 2292; x_wconf 75' lang='grc' dir='ltr'><strong>διὰ</strong></span> <span class='ocrx_word' id='word_1_245' title='bbox 238 2240 292 2291; x_wconf 82' lang='grc' dir='ltr'>τὸ</span> <span class='ocrx_word' id='word_1_246' title='bbox 332 2245 522 2309; x_wconf 72' lang='grc' dir='ltr'>νήφειν</span> <span class='ocrx_word' id='word_1_247' title='bbox 567 2240 740 2295; x_wconf 84' lang='grc' dir='ltr'>ταῦτα</span> <span class='ocrx_word' id='word_1_248' title='bbox 782 2242 1034 2311; x_wconf 76' lang='grc' dir='ltr'>προλέγει</span> <span class='ocrx_word' id='word_1_249' title='bbox 1071 2260 1086 2308; x_wconf 89' lang='grc'><strong>;</strong></span> <span class='ocrx_word' id='word_1_250' title='bbox 1123 2241 1322 2295; x_wconf 80' lang='grc' dir='ltr'>ὡσανεὶ</span> <span class='ocrx_word' id='word_1_251' title='bbox 1353 2241 1526 2311; x_wconf 74' lang='grc' dir='ltr'>ἔλεγε,</span> <span class='ocrx_word' id='word_1_252' title='bbox 1552 2245 1687 2312; x_wconf 72' lang='grc' dir='ltr'>Πρὶν</span> 
     </span>
    </p>
   </div>
   <div class='ocr_carea' id='block_1_39' title="bbox 124 2330 1685 2404">
    <p class='ocr_par' dir='ltr' id='par_1_39' title="bbox 124 2330 1685 2404">
     <span class='ocr_line' id='line_1_39' title="bbox 124 2330 1685 2404; baseline 0.005 -24"><span class='ocrx_word' id='word_1_253' title='bbox 124 2332 153 2398; x_wconf 80' lang='grc' dir='ltr'>ἢ</span> <span class='ocrx_word' id='word_1_254' title='bbox 184 2332 282 2398; x_wconf 70' lang='grc' dir='ltr'>τὴν</span> <span class='ocrx_word' id='word_1_255' title='bbox 305 2330 485 2399; x_wconf 85' lang='grc' dir='ltr'><strong>λύμην</strong></span> <span class='ocrx_word' id='word_1_256' title='bbox 516 2332 737 2400; x_wconf 77' lang='grc' dir='ltr'>ἐκείνην</span> <span class='ocrx_word' id='word_1_257' title='bbox 765 2332 1034 2397; x_wconf 70' lang='grc' dir='ltr'>ἐπελθεῖν,</span> <span class='ocrx_word' id='word_1_258' title='bbox 1075 2332 1182 2396; x_wconf 78' lang='grc' dir='ltr'>ἓως</span> <span class='ocrx_word' id='word_1_259' title='bbox 1219 2334 1280 2387; x_wconf 84' lang='grc' dir='ltr'>οὐ</span> <span class='ocrx_word' id='word_1_260' title='bbox 1332 2334 1584 2404; x_wconf 82' lang='grc' dir='ltr'>πάρεισιν</span> <span class='ocrx_word' id='word_1_261' title='bbox 1636 2337 1685 2388; x_wconf 77' lang='grc' dir='ltr'>οἱ</span> 
     </span>
    </p>
   </div>
   <div class='ocr_carea' id='block_1_40' title="bbox 126 2419 1685 2494">
    <p class='ocr_par' dir='ltr' id='par_1_40' title="bbox 126 2419 1685 2494">
     <span class='ocr_line' id='line_1_40' title="bbox 126 2419 1685 2494; baseline 0.006 -23"><span class='ocrx_word' id='word_1_262' title='bbox 126 2420 290 2486; x_wconf 83' lang='grc' dir='ltr'>λύκοι,</span> <span class='ocrx_word' id='word_1_263' title='bbox 323 2419 746 2492; x_wconf 74' lang='grc' dir='ltr'>κακοπάθησον,</span> <span class='ocrx_word' id='word_1_264' title='bbox 793 2423 887 2474; x_wconf 79' lang='grc' dir='ltr'>καὶ</span> <span class='ocrx_word' id='word_1_265' title='bbox 937 2423 1202 2494; x_wconf 66' lang='grc' dir='ltr'>ἑκουσίως</span> <span class='ocrx_word' id='word_1_266' title='bbox 1259 2427 1354 2478; x_wconf 77' lang='grc' dir='ltr'>καὶ</span> <span class='ocrx_word' id='word_1_267' title='bbox 1393 2427 1685 2494; x_wconf 83' lang='grc' dir='ltr'>ἀκουσίως,</span> 
     </span>
    </p>
   </div>
   <div class='ocr_carea' id='block_1_41' title="bbox 128 2432 1407 2588">
    <p class='ocr_par' dir='ltr' id='par_1_41' title="bbox 128 2432 1407 2588">
     <span class='ocr_line' id='line_1_41' title="bbox 128 2432 1407 2492; baseline 0.006 -21"><span class='ocrx_word' id='word_1_268' title='bbox 128 2432 290 2486; x_wconf 76' lang='grc' dir='ltr'>λύκοι,</span> <span class='ocrx_word' id='word_1_269' title='bbox 323 2432 732 2492; x_wconf 80' lang='grc' dir='ltr'>κακοπαυησον,</span> <span class='ocrx_word' id='word_1_270' title='bbox 793 2432 887 2474; x_wconf 78' lang='grc' dir='ltr'>καὶ</span> <span class='ocrx_word' id='word_1_271' title='bbox 937 2432 963 2476; x_wconf 77' lang='grc' dir='ltr'><strong>ι</strong></span> <span class='ocrx_word' id='word_1_272' title='bbox 1035 2432 1202 2488; x_wconf 82' lang='grc' dir='ltr'>υσιως</span> <span class='ocrx_word' id='word_1_273' title='bbox 1259 2432 1354 2478; x_wconf 82' lang='grc' dir='ltr'>καὶ</span> <span class='ocrx_word' id='word_1_274' title='bbox 1393 2432 1407 2480; x_wconf 79' lang='lat' dir='ltr'><strong>t</strong></span> 
     </span>
     <span class='ocr_line' id='line_1_42' title="bbox 128 2432 1407 2588; baseline 0.007 -26"><span class='ocrx_word' id='word_1_275' title='bbox 128 2509 208 2564; x_wconf 84' lang='grc' dir='ltr'>ἱνα</span> <span class='ocrx_word' id='word_1_276' title='bbox 237 2516 292 2564; x_wconf 77' lang='grc' dir='ltr'>ὲν</span> <span class='ocrx_word' id='word_1_277' title='bbox 327 2512 562 2582; x_wconf 75' lang='grc' dir='ltr'>ἀσφαλεί</span> <span class='ocrx_word' id='word_1_278' title='bbox 597 2513 668 2566; x_wconf 72' lang='grc' dir='ltr'>τὰ</span> <span class='ocrx_word' id='word_1_279' title='bbox 694 2432 1042 2586; x_wconf 49' lang='grc' dir='ltr'>πρόὸατιγῖἴ</span> <span class='ocrx_word' id='word_1_280' title='bbox 1032 2517 1407 2588; x_wconf 78' lang='grc' dir='ltr'>καταστήσῃς.</span> 
     </span>
    </p>
   </div>
   <div class='ocr_carea' id='block_1_42' title="bbox 196 2691 1686 2763">
    <p class='ocr_par' dir='ltr' id='par_1_42' title="bbox 196 2691 1686 2763">
     <span class='ocr_line' id='line_1_43' title="bbox 196 2691 1686 2763; baseline 0.001 -20"><span class='ocrx_word' id='word_1_281' title='bbox 196 2691 408 2760; x_wconf 72' lang='grc' dir='ltr'>Ἔργον</span> <span class='ocrx_word' id='word_1_282' title='bbox 439 2691 870 2761; x_wconf 65' lang='grc' dir='ltr'><strong>εὐαγγελιστοῦ</strong></span> <span class='ocrx_word' id='word_1_283' title='bbox 902 2691 968 2744; x_wconf 72' lang='grc'>⁸⁸.</span> <span class='ocrx_word' id='word_1_284' title='bbox 1014 2693 1156 2761; x_wconf 80' lang='grc' dir='ltr'>Ἀρα</span> <span class='ocrx_word' id='word_1_285' title='bbox 1206 2691 1361 2744; x_wconf 86' lang='grc' dir='ltr'>τοῦτο</span> <span class='ocrx_word' id='word_1_286' title='bbox 1404 2695 1464 2743; x_wconf 82' lang='grc' dir='ltr'><strong>τδ</strong></span> <span class='ocrx_word' id='word_1_287' title='bbox 1525 2693 1686 2763; x_wconf 80' lang='grc' dir='ltr'>ἔργον</span> 
     </span>
    </p>
   </div>
   <div class='ocr_carea' id='block_1_43' title="bbox 129 2781 1683 2853">
    <p class='ocr_par' dir='ltr' id='par_1_43' title="bbox 129 2781 1683 2853">
     <span class='ocr_line' id='line_1_44' title="bbox 129 2781 1683 2853; baseline 0.001 -19"><span class='ocrx_word' id='word_1_288' title='bbox 129 2781 217 2835; x_wconf 80' lang='grc' dir='ltr'><strong>τοῦ</strong></span> <span class='ocrx_word' id='word_1_289' title='bbox 245 2783 638 2851; x_wconf 80' lang='grc' dir='ltr'>εὐαγγελιστοῦ</span> <span class='ocrx_word' id='word_1_290' title='bbox 674 2784 735 2836; x_wconf 82' lang='grc' dir='ltr'><strong>τὸ</strong></span> <span class='ocrx_word' id='word_1_291' title='bbox 772 2781 1130 2845; x_wconf 82' lang='grc' dir='ltr'>κακοπαθεῖν,</span> <span class='ocrx_word' id='word_1_292' title='bbox 1177 2783 1272 2835; x_wconf 80' lang='grc' dir='ltr'>καὶ</span> <span class='ocrx_word' id='word_1_293' title='bbox 1299 2783 1426 2853; x_wconf 80' lang='grc' dir='ltr'>παρ’</span> <span class='ocrx_word' id='word_1_294' title='bbox 1469 2783 1683 2850; x_wconf 77' lang='grc' dir='ltr'>ἑαυτοῦ,</span> 
     </span>
    </p>
   </div>
   <div class='ocr_carea' id='block_1_44' title="bbox 131 2872 775 2941">
    <p class='ocr_par' dir='ltr' id='par_1_44' title="bbox 131 2872 775 2941">
     <span class='ocr_line' id='line_1_45' title="bbox 131 2872 775 2941; baseline 0.006 -17"><span class='ocrx_word' id='word_1_295' title='bbox 131 2873 216 2925; x_wconf 75' lang='grc' dir='ltr'><strong>καὶ</strong></span> <span class='ocrx_word' id='word_1_296' title='bbox 247 2872 395 2941; x_wconf 75' lang='grc' dir='ltr'>παρὰ</span> <span class='ocrx_word' id='word_1_297' title='bbox 420 2873 534 2925; x_wconf 83' lang='grc' dir='ltr'><strong>τῶν</strong></span> <span class='ocrx_word' id='word_1_298' title='bbox 556 2872 775 2936; x_wconf 73' lang='grc' dir='ltr'>ἔξωθεν.</span> 
     </span>
    </p>
   </div>
   <div class='ocr_carea' id='block_1_45' title="bbox 200 2963 1683 3033">
    <p class='ocr_par' dir='ltr' id='par_1_45' title="bbox 200 2963 1683 3033">
     <span class='ocr_line' id='line_1_46' title="bbox 200 2963 1683 3033; baseline 0.002 -17"><span class='ocrx_word' id='word_1_299' title='bbox 200 2965 311 3030; x_wconf 81' lang='grc' dir='ltr'><strong>Τὴν</strong></span> <span class='ocrx_word' id='word_1_300' title='bbox 338 2963 655 3017; x_wconf 78' lang='grc' dir='ltr'>διακονίαν</span> <span class='ocrx_word' id='word_1_301' title='bbox 684 2977 802 3016; x_wconf 88' lang='grc' dir='ltr'>σου</span> <span class='ocrx_word' id='word_1_302' title='bbox 863 2965 1354 3033; x_wconf 71' lang='grc' dir='ltr'>πληροφόρησον.</span> <span class='ocrx_word' id='word_1_303' title='bbox 1404 2966 1447 3017; x_wconf 88' lang='grc' dir='ltr'>Τ</span> <span class='ocrx_word' id='word_1_304' title='bbox 1450 2966 1683 3031; x_wconf 81' lang='grc' dir='ltr'>ουτέστι,</span> 
     </span>
    </p>
   </div>
   <div class='ocr_carea' id='block_1_46' title="bbox 140 3053 1686 3126">
    <p class='ocr_par' dir='ltr' id='par_1_46' title="bbox 140 3053 1686 3126">
     <span class='ocr_line' id='line_1_47' title="bbox 140 3053 1686 3126; baseline 0.001 -20"><span class='ocrx_word' id='word_1_305' title='bbox 140 3054 438 3126; x_wconf 77' lang='grc' dir='ltr'>πλήρωσον.</span> <span class='ocrx_word' id='word_1_306' title='bbox 495 3056 658 3108; x_wconf 80' lang='grc' dir='ltr'>Ὥστε</span> <span class='ocrx_word' id='word_1_307' title='bbox 707 3053 828 3107; x_wconf 86' lang='grc' dir='ltr'>τότε</span> <span class='ocrx_word' id='word_1_308' title='bbox 861 3056 892 3106; x_wconf 65' lang='grc' dir='ltr'>ὑ</span> <span class='ocrx_word' id='word_1_309' title='bbox 925 3053 1168 3109; x_wconf 78' lang='grc' dir='ltr'>διακονία</span> <span class='ocrx_word' id='word_1_310' title='bbox 1209 3055 1528 3126; x_wconf 82' lang='grc' dir='ltr'>πληροῦται.</span> <span class='ocrx_word' id='word_1_311' title='bbox 1559 3057 1686 3109; x_wconf 83' lang='grc' dir='ltr'>ὅταν</span> 
     </span>
    </p>
   </div>
   <div class='ocr_carea' id='block_1_47' title="bbox 131 3141 548 3218">
    <p class='ocr_par' dir='ltr' id='par_1_47' title="bbox 131 3141 548 3218">
     <span class='ocr_line' id='line_1_48' title="bbox 131 3141 548 3218; baseline 0.002 -20"><span class='ocrx_word' id='word_1_312' title='bbox 131 3141 207 3209; x_wconf 75' lang='grc' dir='ltr'><strong>τίς</strong></span> <span class='ocrx_word' id='word_1_313' title='bbox 238 3146 548 3218; x_wconf 81' lang='grc' dir='ltr'>κακοπαθῇ.</span> 
     </span>
    </p>
   </div>
   <div class='ocr_carea' id='block_1_48' title="bbox 1787 1959 3358 2041">
    <p class='ocr_par' dir='ltr' id='par_1_48' title="bbox 1787 1959 3358 2041">
     <span class='ocr_line' id='line_1_49' title="bbox 1787 1959 3358 2041; baseline 0.006 -27"><span class='ocrx_word' id='word_1_314' title='bbox 1787 1959 1904 2028; x_wconf 86' lang='lat' dir='ltr'><strong>ipse</strong></span> <span class='ocrx_word' id='word_1_315' title='bbox 1959 1959 2206 2018; x_wconf 83' lang='lat' dir='ltr'><strong>Paulus:</strong></span> <span class='ocrx_word' id='word_1_316' title='bbox 2248 1963 2378 2018; x_wconf 84' lang='lat' dir='ltr'><strong>Post</strong></span> <span class='ocrx_word' id='word_1_317' title='bbox 2434 1968 2636 2038; x_wconf 73' lang='lat' dir='ltr'><strong>gbitum</strong></span> <span class='ocrx_word' id='word_1_318' title='bbox 2689 1985 2861 2021; x_wconf 86' lang='lat' dir='ltr'><strong>meum</strong></span> <span class='ocrx_word' id='word_1_319' title='bbox 2913 1972 3192 2024; x_wconf 79' lang='lat' dir='ltr'><strong>intrabunt</strong></span> <span class='ocrx_word' id='word_1_320' title='bbox 3243 1972 3358 2041; x_wconf 78' lang='lat' dir='ltr'><strong>lupi</strong></span> 
     </span>
    </p>
   </div>
   <div class='ocr_carea' id='block_1_49' title="bbox 1784 2057 2054 2124">
    <p class='ocr_par' dir='ltr' id='par_1_49' title="bbox 1784 2057 2054 2124">
     <span class='ocr_line' id='line_1_50' title="bbox 1784 2057 2054 2124; baseline 0.019 -18"><span class='ocrx_word' id='word_1_321' title='bbox 1784 2072 1964 2124; x_wconf 80' lang='lat' dir='ltr'><strong>graves</strong></span> <span class='ocrx_word' id='word_1_322' title='bbox 1987 2057 2054 2111; x_wconf 82' lang='grc'>⁵⁸.</span> 
     </span>
    </p>
   </div>
   <div class='ocr_carea' id='block_1_50' title="bbox 1859 2145 3358 2223">
    <p class='ocr_par' dir='ltr' id='par_1_50' title="bbox 1859 2145 3358 2223">
     <span class='ocr_line' id='line_1_51' title="bbox 1859 2145 3358 2223; baseline 0.009 -25"><span class='ocrx_word' id='word_1_323' title='bbox 1859 2145 2020 2202; x_wconf 76' lang='lat' dir='ltr'><strong>Vens.</strong></span> <span class='ocrx_word' id='word_1_324' title='bbox 2062 2149 2114 2204; x_wconf 82' lang='lat'><strong>5.</strong></span> <span class='ocrx_word' id='word_1_325' title='bbox 2153 2150 2224 2204; x_wconf 86' lang='lat' dir='ltr'><strong>Tu</strong></span> <span class='ocrx_word' id='word_1_326' title='bbox 2257 2161 2430 2206; x_wconf 84' lang='lat' dir='ltr'><strong>autem</strong></span> <span class='ocrx_word' id='word_1_327' title='bbox 2456 2154 2607 2223; x_wconf 82' lang='lat' dir='ltr'><strong>vigila</strong></span> <span class='ocrx_word' id='word_1_328' title='bbox 2641 2152 2979 2219; x_wconf 56' lang='lat' dir='ltr'><strong>t&#39;n&#39;omnibus,</strong></span> <span class='ocrx_word' id='word_1_329' title='bbox 3011 2156 3210 2210; x_wconf 84' lang='lat' dir='ltr'><strong>malum</strong></span> <span class='ocrx_word' id='word_1_330' title='bbox 3238 2173 3358 2211; x_wconf 60' lang='lat' dir='ltr'><strong>suco</strong></span> 
     </span>
    </p>
   </div>
   <div class='ocr_carea' id='block_1_51' title="bbox 1787 2236 3356 2316">
    <p class='ocr_par' dir='ltr' id='par_1_51' title="bbox 1787 2236 3356 2316">
     <span class='ocr_line' id='line_1_52' title="bbox 1787 2236 3356 2316; baseline 0.011 -30"><span class='ocrx_word' id='word_1_331' title='bbox 1787 2236 1911 2290; x_wconf 76' lang='lat' dir='ltr'><strong>tine.</strong></span> <span class='ocrx_word' id='word_1_332' title='bbox 1945 2239 2132 2294; x_wconf 83' lang='lat' dir='ltr'><strong>Viden‘</strong></span> <span class='ocrx_word' id='word_1_333' title='bbox 2157 2244 2298 2307; x_wconf 83' lang='lat' dir='ltr'><strong>quod</strong></span> <span class='ocrx_word' id='word_1_334' title='bbox 2351 2251 2631 2313; x_wconf 84' lang='lat' dir='ltr'><strong>prepterea</strong></span> <span class='ocrx_word' id='word_1_335' title='bbox 2679 2255 2735 2300; x_wconf 92' lang='lat' dir='ltr'><strong>ut</strong></span> <span class='ocrx_word' id='word_1_336' title='bbox 2770 2247 3013 2316; x_wconf 75' lang='lat' dir='ltr'><strong>vigilaret</strong></span> <span class='ocrx_word' id='word_1_337' title='bbox 3041 2289 3053 2314; x_wconf 87' lang='lat'><strong>,</strong></span> <span class='ocrx_word' id='word_1_338' title='bbox 3084 2248 3193 2301; x_wconf 66' lang='lat' dir='ltr'><strong>haec</strong></span> <span class='ocrx_word' id='word_1_339' title='bbox 3219 2264 3356 2316; x_wconf 62' lang='lat' dir='ltr'><strong>prato</strong></span> 
     </span>
    </p>
   </div>
   <div class='ocr_carea' id='block_1_52' title="bbox 1787 2327 3357 2405">
    <p class='ocr_par' dir='ltr' id='par_1_52' title="bbox 1787 2327 3357 2405">
     <span class='ocr_line' id='line_1_53' title="bbox 1787 2327 3357 2405; baseline 0.01 -26"><span class='ocrx_word' id='word_1_340' title='bbox 1787 2327 2288 2398; x_wconf 79' lang='lat' dir='ltr'><strong>dixerit?perinde</strong></span> <span class='ocrx_word' id='word_1_341' title='bbox 2323 2347 2388 2386; x_wconf 89' lang='lat' dir='ltr'><strong>ac</strong></span> <span class='ocrx_word' id='word_1_342' title='bbox 2439 2336 2483 2387; x_wconf 95' lang='lat' dir='ltr'><strong>si</strong></span> <span class='ocrx_word' id='word_1_343' title='bbox 2524 2335 2692 2398; x_wconf 84' lang='lat' dir='ltr'><strong>dicat,</strong></span> <span class='ocrx_word' id='word_1_344' title='bbox 2741 2337 3062 2405; x_wconf 82' lang='lat' dir='ltr'><strong>Priusquam</strong></span> <span class='ocrx_word' id='word_1_345' title='bbox 3103 2339 3357 2394; x_wconf 82' lang='lat' dir='ltr'><strong>adveniat</strong></span> 
     </span>
    </p>
   </div>
   <div class='ocr_carea' id='block_1_53' title="bbox 1788 2419 3357 2497">
    <p class='ocr_par' dir='ltr' id='par_1_53' title="bbox 1788 2419 3357 2497">
     <span class='ocr_line' id='line_1_54' title="bbox 1788 2419 3357 2497; baseline 0.013 -33"><span class='ocrx_word' id='word_1_346' title='bbox 1788 2419 2022 2472; x_wconf 84' lang='lat' dir='ltr'><strong>vastatio</strong></span> <span class='ocrx_word' id='word_1_347' title='bbox 2062 2420 2174 2484; x_wconf 89' lang='lat' dir='ltr'><strong>illa,</strong></span> <span class='ocrx_word' id='word_1_348' title='bbox 2227 2422 2465 2490; x_wconf 86' lang='lat' dir='ltr'><strong>quandin</strong></span> <span class='ocrx_word' id='word_1_349' title='bbox 2502 2438 2610 2477; x_wconf 90' lang='lat' dir='ltr'><strong>non</strong></span> <span class='ocrx_word' id='word_1_350' title='bbox 2642 2425 2841 2480; x_wconf 80' lang='lat' dir='ltr'><strong>adsunt</strong></span> <span class='ocrx_word' id='word_1_351' title='bbox 2879 2428 3012 2497; x_wconf 91' lang='lat' dir='ltr'><strong>lupi,</strong></span> <span class='ocrx_word' id='word_1_352' title='bbox 3041 2430 3250 2490; x_wconf 85' lang='lat' dir='ltr'><strong>sustine</strong></span> <span class='ocrx_word' id='word_1_353' title='bbox 3273 2431 3357 2484; x_wconf 82' lang='lat' dir='ltr'><strong>af-</strong></span> 
     </span>
    </p>
   </div>
   <div class='ocr_carea' id='block_1_54' title="bbox 1787 2503 3354 2585">
    <p class='ocr_par' dir='ltr' id='par_1_54' title="bbox 1787 2503 3354 2585">
     <span class='ocr_line' id='line_1_55' title="bbox 1787 2503 3354 2585; baseline 0.011 -29"><span class='ocrx_word' id='word_1_354' title='bbox 1787 2503 2082 2571; x_wconf 84' lang='lat' dir='ltr'><strong>ﬂictiones,</strong></span> <span class='ocrx_word' id='word_1_355' title='bbox 2126 2524 2251 2562; x_wconf 89' lang='lat' dir='ltr'><strong>eum</strong></span> <span class='ocrx_word' id='word_1_356' title='bbox 2306 2511 2665 2579; x_wconf 86' lang='lat' dir='ltr'><strong>voluntarias,</strong></span> <span class='ocrx_word' id='word_1_357' title='bbox 2711 2521 2825 2568; x_wconf 91' lang='lat' dir='ltr'><strong>tum</strong></span> <span class='ocrx_word' id='word_1_358' title='bbox 2870 2517 3158 2585; x_wconf 80' lang='lat' dir='ltr'><strong>violentas,</strong></span> <span class='ocrx_word' id='word_1_359' title='bbox 3203 2526 3261 2572; x_wconf 90' lang='lat' dir='ltr'><strong>ut</strong></span> <span class='ocrx_word' id='word_1_360' title='bbox 3300 2519 3354 2573; x_wconf 88' lang='lat' dir='ltr'><strong>in</strong></span> 
     </span>
    </p>
   </div>
   <div class='ocr_carea' id='block_1_55' title="bbox 1787 2600 2550 2660">
    <p class='ocr_par' dir='ltr' id='par_1_55' title="bbox 1787 2600 2550 2660">
     <span class='ocr_line' id='line_1_56' title="bbox 1787 2600 2550 2660; baseline 0.017 -13"><span class='ocrx_word' id='word_1_361' title='bbox 1787 2603 1904 2650; x_wconf 88' lang='lat' dir='ltr'><strong>tuto</strong></span> <span class='ocrx_word' id='word_1_362' title='bbox 1935 2611 2065 2654; x_wconf 88' lang='lat' dir='ltr'><strong>oves</strong></span> <span class='ocrx_word' id='word_1_363' title='bbox 2103 2600 2360 2655; x_wconf 82' lang='lat' dir='ltr'><strong>colloces.</strong></span> <span class='ocrx_word' id='word_1_364' title='bbox 2548 2658 2550 2660; x_wconf 85' lang='lat'><strong>.</strong></span> 
     </span>
    </p>
   </div>
   <div class='ocr_carea' id='block_1_56' title="bbox 1862 2686 3354 2766">
    <p class='ocr_par' dir='ltr' id='par_1_56' title="bbox 1862 2686 3354 2766">
     <span class='ocr_line' id='line_1_57' title="bbox 1862 2686 3354 2766; baseline 0.009 -27"><span class='ocrx_word' id='word_1_365' title='bbox 1862 2686 2008 2754; x_wconf 81' lang='lat' dir='ltr'><strong>Opus</strong></span> <span class='ocrx_word' id='word_1_366' title='bbox 2054 2689 2142 2753; x_wconf 77' lang='lat' dir='ltr'><strong>{ac</strong></span> <span class='ocrx_word' id='word_1_367' title='bbox 2171 2692 2524 2759; x_wconf 67' lang='lat' dir='ltr'><strong>evangelium.</strong></span> <span class='ocrx_word' id='word_1_368' title='bbox 2575 2687 2811 2750; x_wconf 82' lang='lat' dir='ltr'><strong>Proinde</strong></span> <span class='ocrx_word' id='word_1_369' title='bbox 2841 2711 2976 2766; x_wconf 89' lang='lat' dir='ltr'><strong>opus</strong></span> <span class='ocrx_word' id='word_1_370' title='bbox 3005 2697 3354 2765; x_wconf 65' lang='lat' dir='ltr'><strong>evangelista</strong></span> 
     </span>
    </p>
   </div>
   <div class='ocr_carea' id='block_1_57' title="bbox 1786 2779 3347 2855">
    <p class='ocr_par' dir='ltr' id='par_1_57' title="bbox 1786 2779 3347 2855">
     <span class='ocr_line' id='line_1_58' title="bbox 1786 2779 3347 2855; baseline 0.006 -21"><span class='ocrx_word' id='word_1_371' title='bbox 1786 2787 1871 2834; x_wconf 88' lang='lat' dir='ltr'><strong>est</strong></span> <span class='ocrx_word' id='word_1_372' title='bbox 1913 2779 2117 2832; x_wconf 89' lang='lat' dir='ltr'><strong>malum</strong></span> <span class='ocrx_word' id='word_1_373' title='bbox 2152 2782 2445 2848; x_wconf 86' lang='lat' dir='ltr'><strong>sustinere,</strong></span> <span class='ocrx_word' id='word_1_374' title='bbox 2497 2791 2610 2837; x_wconf 90' lang='lat' dir='ltr'><strong>tum</strong></span> <span class='ocrx_word' id='word_1_375' title='bbox 2641 2800 2668 2837; x_wconf 90' lang='lat' dir='ltr'><strong>a</strong></span> <span class='ocrx_word' id='word_1_376' title='bbox 2702 2787 2902 2855; x_wconf 87' lang='lat' dir='ltr'><strong>seipso,</strong></span> <span class='ocrx_word' id='word_1_377' title='bbox 2947 2793 3058 2839; x_wconf 92' lang='lat' dir='ltr'><strong>tum</strong></span> <span class='ocrx_word' id='word_1_378' title='bbox 3105 2789 3173 2841; x_wconf 90' lang='lat' dir='ltr'><strong>ab</strong></span> <span class='ocrx_word' id='word_1_379' title='bbox 3222 2789 3347 2843; x_wconf 86' lang='lat' dir='ltr'><strong>aliis</strong></span> 
     </span>
    </p>
   </div>
   <div class='ocr_carea' id='block_1_58' title="bbox 1785 2869 2214 2940">
    <p class='ocr_par' dir='ltr' id='par_1_58' title="bbox 1785 2869 2214 2940">
     <span class='ocr_line' id='line_1_59' title="bbox 1785 2869 2214 2940; baseline 0 -16"><span class='ocrx_word' id='word_1_380' title='bbox 1785 2872 1875 2940; x_wconf 91' lang='lat' dir='ltr'><strong>qui</strong></span> <span class='ocrx_word' id='word_1_381' title='bbox 1908 2869 2039 2924; x_wconf 79' lang='lat' dir='ltr'><strong>foris</strong></span> <span class='ocrx_word' id='word_1_382' title='bbox 2067 2880 2214 2924; x_wconf 87' lang='lat' dir='ltr'><strong>sunt.</strong></span> 
     </span>
    </p>
   </div>
   <div class='ocr_carea' id='block_1_59' title="bbox 1860 2962 3347 3036">
    <p class='ocr_par' dir='ltr' id='par_1_59' title="bbox 1860 2962 3347 3036">
     <span class='ocr_line' id='line_1_60' title="bbox 1860 2962 3347 3036; baseline 0.005 -20"><span class='ocrx_word' id='word_1_383' title='bbox 1860 2962 2220 3016; x_wconf 78' lang='lat' dir='ltr'><strong>Ministerium</strong></span> <span class='ocrx_word' id='word_1_384' title='bbox 2267 2974 2412 3017; x_wconf 83' lang='lat' dir='ltr'><strong>tuum</strong></span> <span class='ocrx_word' id='word_1_385' title='bbox 2455 2966 2628 3033; x_wconf 76' lang='lat' dir='ltr'><strong>imple.</strong></span> <span class='ocrx_word' id='word_1_386' title='bbox 2684 2966 2739 3021; x_wconf 92' lang='lat' dir='ltr'><strong>Id</strong></span> <span class='ocrx_word' id='word_1_387' title='bbox 2781 2977 2881 3032; x_wconf 90' lang='lat' dir='ltr'><strong>est,</strong></span> <span class='ocrx_word' id='word_1_388' title='bbox 2934 2969 3164 3036; x_wconf 87' lang='lat' dir='ltr'><strong>comple.</strong></span> <span class='ocrx_word' id='word_1_389' title='bbox 3208 2969 3347 3024; x_wconf 86' lang='lat' dir='ltr'><strong>Tum</strong></span> 
     </span>
    </p>
   </div>
   <div class='ocr_carea' id='block_1_60' title="bbox 1786 3053 3352 3128">
    <p class='ocr_par' dir='ltr' id='par_1_60' title="bbox 1786 3053 3352 3128">
     <span class='ocr_line' id='line_1_61' title="bbox 1786 3053 3352 3128; baseline 0.006 -21"><span class='ocrx_word' id='word_1_390' title='bbox 1786 3054 1971 3122; x_wconf 87' lang='lat' dir='ltr'><strong>itaque</strong></span> <span class='ocrx_word' id='word_1_391' title='bbox 2008 3053 2375 3109; x_wconf 87' lang='lat' dir='ltr'><strong>ministerium</strong></span> <span class='ocrx_word' id='word_1_392' title='bbox 2404 3058 2729 3127; x_wconf 90' lang='lat' dir='ltr'><strong>completur,</strong></span> <span class='ocrx_word' id='word_1_393' title='bbox 2762 3074 2884 3113; x_wconf 90' lang='lat' dir='ltr'><strong>cum</strong></span> <span class='ocrx_word' id='word_1_394' title='bbox 2920 3059 3118 3128; x_wconf 81' lang='lat' dir='ltr'><strong>aliquis</strong></span> <span class='ocrx_word' id='word_1_395' title='bbox 3149 3061 3352 3116; x_wconf 77' lang='lat' dir='ltr'><strong>malunt</strong></span> 
     </span>
    </p>
   </div>
   <div class='ocr_carea' id='block_1_61' title="bbox 1789 3143 2045 3198">
    <p class='ocr_par' dir='ltr' id='par_1_61' title="bbox 1789 3143 2045 3198">
     <span class='ocr_line' id='line_1_62' title="bbox 1789 3143 2045 3198; baseline -0.004 0"><span class='ocrx_word' id='word_1_396' title='bbox 1789 3143 2045 3198; x_wconf 78' lang='lat' dir='ltr'><strong>sustinet.</strong></span> 
     </span>
    </p>
   </div>
   <div class='ocr_carea' id='block_1_62' title="bbox 208 3204 1692 3310">
    <p class='ocr_par' dir='ltr' id='par_1_62' title="bbox 208 3204 1680 3310">
     <span class='ocr_line' id='line_1_63' title="bbox 208 3204 1680 3310; baseline -0.002 -16"><span class='ocrx_word' id='word_1_397' title='bbox 208 3241 346 3310; x_wconf 67' lang='grc' dir='ltr'><strong>Ἐγὼ</strong></span> <span class='ocrx_word' id='word_1_398' title='bbox 377 3204 633 3310; x_wconf 73' lang='grc' dir='ltr'>γὰρ”ἥδη</span> <span class='ocrx_word' id='word_1_399' title='bbox 685 3241 1040 3309; x_wconf 80' lang='grc' dir='ltr'>σπένδομαι,</span> <span class='ocrx_word' id='word_1_400' title='bbox 1089 3239 1188 3295; x_wconf 80' lang='grc' dir='ltr'><strong>καὶ</strong></span> <span class='ocrx_word' id='word_1_401' title='bbox 1229 3241 1262 3292; x_wconf 76' lang='grc' dir='ltr'><em>δ</em></span> <span class='ocrx_word' id='word_1_402' title='bbox 1319 3238 1520 3306; x_wconf 84' lang='grc' dir='ltr'>καιρὸς</span> <span class='ocrx_word' id='word_1_403' title='bbox 1573 3237 1680 3306; x_wconf 78' lang='grc' dir='ltr'>τῆς</span> 
     </span>
    </p>
   </div>
   <div class='ocr_carea' id='block_1_63' title="bbox 1790 3204 3351 3310">
    <p class='ocr_par' dir='ltr' id='par_1_63' title="bbox 1855 3234 3351 3306">
     <span class='ocr_line' id='line_1_64' title="bbox 1855 3234 3351 3306; baseline 0.005 -20"><span class='ocrx_word' id='word_1_404' title='bbox 1855 3234 2018 3289; x_wconf 77' lang='lat' dir='ltr'><strong>Vens.</strong></span> <span class='ocrx_word' id='word_1_405' title='bbox 2061 3234 2114 3289; x_wconf 87' lang='lat'><strong>6.</strong></span> <span class='ocrx_word' id='word_1_406' title='bbox 2159 3234 2270 3304; x_wconf 84' lang='lat' dir='ltr'><strong>Ego</strong></span> <span class='ocrx_word' id='word_1_407' title='bbox 2299 3237 2437 3289; x_wconf 77' lang='lat' dir='ltr'><strong>enim</strong></span> <span class='ocrx_word' id='word_1_408' title='bbox 2459 3236 2576 3303; x_wconf 85' lang='lat' dir='ltr'><strong>jam</strong></span> <span class='ocrx_word' id='word_1_409' title='bbox 2615 3238 2837 3302; x_wconf 81' lang='lat' dir='ltr'><strong>detibor,</strong></span> <span class='ocrx_word' id='word_1_410' title='bbox 2884 3255 2945 3291; x_wconf 85' lang='lat' dir='ltr'><strong>ac</strong></span> <span class='ocrx_word' id='word_1_411' title='bbox 2979 3249 3177 3306; x_wconf 73' lang='lat' dir='ltr'><strong>tempus</strong></span> <span class='ocrx_word' id='word_1_412' title='bbox 3207 3257 3351 3294; x_wconf 82' lang='lat' dir='ltr'><strong>reso-</strong></span> 
     </span>
    </p>
   </div>
   <div class='ocr_carea' id='block_1_64' title="bbox 136 3322 1682 3398">
    <p class='ocr_par' dir='ltr' id='par_1_64' title="bbox 136 3322 1682 3398">
     <span class='ocr_line' id='line_1_65' title="bbox 136 3322 1682 3398; baseline -0.003 -19"><span class='ocrx_word' id='word_1_413' title='bbox 136 3327 270 3396; x_wconf 73' lang='grc' dir='ltr'><strong>ὲμῆς</strong></span> <span class='ocrx_word' id='word_1_414' title='bbox 288 3331 647 3395; x_wconf 71' lang='grc' dir='ltr'>ἀναλύσεως</span> <span class='ocrx_word' id='word_1_415' title='bbox 698 3329 1052 3398; x_wconf 70' lang='grc' dir='ltr'><strong>ἐφέστηκεν.</strong></span> <span class='ocrx_word' id='word_1_416' title='bbox 1104 3327 1216 3378; x_wconf 83' lang='grc' dir='ltr'><strong>Οὐκ</strong></span> <span class='ocrx_word' id='word_1_417' title='bbox 1264 3322 1404 3388; x_wconf 87' lang='grc' dir='ltr'>εἷπε,</span> <span class='ocrx_word' id='word_1_418' title='bbox 1451 3326 1682 3392; x_wconf 82' lang='grc' dir='ltr'>Θύομαι,</span> 
     </span>
    </p>
   </div>
   <div class='ocr_carea' id='block_1_65' title="bbox 132 3414 1683 3487">
    <p class='ocr_par' dir='ltr' id='par_1_65' title="bbox 132 3414 1683 3487">
     <span class='ocr_line' id='line_1_66' title="bbox 132 3414 1683 3487; baseline -0.003 -15"><span class='ocrx_word' id='word_1_419' title='bbox 132 3420 251 3472; x_wconf 79' lang='grc' dir='ltr'><strong>ἀλλὰ</strong></span> <span class='ocrx_word' id='word_1_420' title='bbox 278 3421 342 3472; x_wconf 81' lang='grc' dir='ltr'><strong>τὸ</strong></span> <span class='ocrx_word' id='word_1_421' title='bbox 373 3420 691 3487; x_wconf 56' lang='grc' dir='ltr'>πλέονίΤῆς</span> <span class='ocrx_word' id='word_1_422' title='bbox 717 3419 814 3486; x_wconf 74' lang='grc' dir='ltr'>μὲν</span> <span class='ocrx_word' id='word_1_423' title='bbox 849 3418 959 3484; x_wconf 85' lang='grc' dir='ltr'><strong>γὰρ</strong></span> <span class='ocrx_word' id='word_1_424' title='bbox 983 3417 1173 3476; x_wconf 85' lang='grc' dir='ltr'>θυσίας</span> <span class='ocrx_word' id='word_1_425' title='bbox 1202 3416 1264 3466; x_wconf 86' lang='grc' dir='ltr'>οὑ</span> <span class='ocrx_word' id='word_1_426' title='bbox 1296 3414 1356 3466; x_wconf 70' lang='grc' dir='ltr'>τὸ</span> <span class='ocrx_word' id='word_1_427' title='bbox 1402 3415 1509 3466; x_wconf 82' lang='grc' dir='ltr'><strong>πᾶν</strong></span> <span class='ocrx_word' id='word_1_428' title='bbox 1551 3415 1683 3467; x_wconf 83' lang='grc' dir='ltr'>ἀνα-</span> 
     </span>
    </p>
   </div>
   <div class='ocr_carea' id='block_1_66' title="bbox 133 3489 1367 3582">
    <p class='ocr_par' dir='ltr' id='par_1_66' title="bbox 133 3489 1367 3582">
     <span class='ocr_line' id='line_1_67' title="bbox 133 3489 1367 3582; baseline -0.004 -17"><span class='ocrx_word' id='word_1_429' title='bbox 133 3515 339 3582; x_wconf 76' lang='grc' dir='ltr'>φέρεται</span> <span class='ocrx_word' id='word_1_430' title='bbox 360 3512 439 3580; x_wconf 79' lang='grc' dir='ltr'><strong>τῷ</strong></span> <span class='ocrx_word' id='word_1_431' title='bbox 476 3489 615 3578; x_wconf 63' lang='lat' dir='ltr'><strong>acip,</strong></span> <span class='ocrx_word' id='word_1_432' title='bbox 649 3509 748 3580; x_wconf 82' lang='grc' dir='ltr'>τῆς</span> <span class='ocrx_word' id='word_1_433' title='bbox 783 3509 840 3560; x_wconf 75' lang='grc' dir='ltr'>δὲ</span> <span class='ocrx_word' id='word_1_434' title='bbox 873 3507 1108 3576; x_wconf 74' lang='grc' dir='ltr'>σπονδῆς</span> <span class='ocrx_word' id='word_1_435' title='bbox 1138 3507 1199 3557; x_wconf 81' lang='grc' dir='ltr'><strong>τὸ</strong></span> <span class='ocrx_word' id='word_1_436' title='bbox 1227 3506 1367 3560; x_wconf 85' lang='grc' dir='ltr'>ὅλον.</span> 
     </span>
    </p>
   </div>
   <div class='ocr_carea' id='block_1_67' title="bbox 201 3597 1686 3676">
    <p class='ocr_par' dir='ltr' id='par_1_67' title="bbox 201 3597 1686 3676">
     <span class='ocr_line' id='line_1_68' title="bbox 201 3597 1686 3676; baseline -0.001 -23"><span class='ocrx_word' id='word_1_437' title='bbox 201 3598 305 3654; x_wconf 80' lang='grc' dir='ltr'><strong>Τὸν</strong></span> <span class='ocrx_word' id='word_1_438' title='bbox 337 3599 541 3668; x_wconf 72' lang='grc' dir='ltr'>ἀγῶνα</span> <span class='ocrx_word' id='word_1_439' title='bbox 569 3598 677 3651; x_wconf 78' lang='grc' dir='ltr'><strong>τὸν</strong></span> <span class='ocrx_word' id='word_1_440' title='bbox 694 3598 888 3676; x_wconf 50' lang='grc' dir='ltr'>καλὸν</span> <span class='ocrx_word' id='word_1_441' title='bbox 940 3597 1294 3666; x_wconf 77' lang='grc' dir='ltr'>ἠγώνισμαι.</span> <span class='ocrx_word' id='word_1_442' title='bbox 1335 3597 1490 3659; x_wconf 84' lang='grc' dir='ltr'>Τίνος</span> <span class='ocrx_word' id='word_1_443' title='bbox 1524 3598 1686 3651; x_wconf 76' lang='grc' dir='ltr'>ἕνεκα</span> 
     </span>
    </p>
   </div>
   <div class='ocr_carea' id='block_1_68' title="bbox 135 3689 1682 3759">
    <p class='ocr_par' dir='ltr' id='par_1_68' title="bbox 135 3689 1682 3759">
     <span class='ocr_line' id='line_1_69' title="bbox 135 3689 1682 3759; baseline -0.003 -14"><span class='ocrx_word' id='word_1_444' title='bbox 135 3691 327 3755; x_wconf 76' lang='grc' dir='ltr'>Παῦλος</span> <span class='ocrx_word' id='word_1_445' title='bbox 362 3691 459 3744; x_wconf 89' lang='grc' dir='ltr'><strong>νῦν</strong></span> <span class='ocrx_word' id='word_1_446' title='bbox 484 3691 660 3743; x_wconf 85' lang='grc' dir='ltr'>ταῦτα</span> <span class='ocrx_word' id='word_1_447' title='bbox 695 3689 1064 3759; x_wconf 83' lang='grc' dir='ltr'>μεγαληγορεῖ</span> <span class='ocrx_word' id='word_1_448' title='bbox 1096 3705 1111 3751; x_wconf 76' lang='grc' dir='ltr'><strong>ς</strong></span> <span class='ocrx_word' id='word_1_449' title='bbox 1162 3689 1236 3745; x_wconf 87' lang='grc' dir='ltr'><strong>Οὐ</strong></span> <span class='ocrx_word' id='word_1_450' title='bbox 1299 3690 1682 3759; x_wconf 81' lang='grc' dir='ltr'>μεγαληγορεί,</span> 
     </span>
    </p>
   </div>
   <div class='ocr_carea' id='block_1_69' title="bbox 131 3778 1684 3850">
    <p class='ocr_par' dir='ltr' id='par_1_69' title="bbox 131 3778 1684 3850">
     <span class='ocr_line' id='line_1_70' title="bbox 131 3778 1684 3850; baseline -0.002 -17"><span class='ocrx_word' id='word_1_451' title='bbox 131 3780 254 3833; x_wconf 74' lang='grc' dir='ltr'>ἀλλὰ</span> <span class='ocrx_word' id='word_1_452' title='bbox 296 3780 710 3850; x_wconf 83' lang='grc' dir='ltr'>παραμυθεῖται</span> <span class='ocrx_word' id='word_1_453' title='bbox 741 3779 832 3833; x_wconf 79' lang='grc' dir='ltr'>τὸν</span> <span class='ocrx_word' id='word_1_454' title='bbox 870 3778 1144 3849; x_wconf 79' lang='grc' dir='ltr'>μαθητὴν,</span> <span class='ocrx_word' id='word_1_455' title='bbox 1177 3779 1254 3840; x_wconf 82' lang='grc' dir='ltr'>ὡς</span> <span class='ocrx_word' id='word_1_456' title='bbox 1287 3778 1353 3830; x_wconf 86' lang='grc' dir='ltr'><strong>ἂν</strong></span> <span class='ocrx_word' id='word_1_457' title='bbox 1413 3779 1487 3847; x_wconf 82' lang='grc' dir='ltr'>μὴ</span> <span class='ocrx_word' id='word_1_458' title='bbox 1543 3779 1684 3844; x_wconf 77' lang='grc' dir='ltr'>ἀλγῇ</span> 
     </span>
    </p>
   </div>
   <div class='ocr_carea' id='block_1_70' title="bbox 135 3866 1686 3940">
    <p class='ocr_par' dir='ltr' id='par_1_70' title="bbox 135 3866 1686 3940">
     <span class='ocr_line' id='line_1_71' title="bbox 135 3866 1686 3940; baseline -0.005 -16"><span class='ocrx_word' id='word_1_459' title='bbox 135 3873 261 3940; x_wconf 78' lang='grc' dir='ltr'>ὑπὲρ</span> <span class='ocrx_word' id='word_1_460' title='bbox 285 3872 475 3935; x_wconf 81' lang='grc' dir='ltr'>αὐτοῦ,</span> <span class='ocrx_word' id='word_1_461' title='bbox 506 3873 616 3939; x_wconf 21' lang='grc' dir='ltr'>ᾶτε,</span> <span class='ocrx_word' id='word_1_462' title='bbox 651 3870 821 3940; x_wconf 82' lang='grc' dir='ltr'>καλῆς</span> <span class='ocrx_word' id='word_1_463' title='bbox 849 3870 1200 3937; x_wconf 72' lang='grc' dir='ltr'>ἐπιτυχόντος</span> <span class='ocrx_word' id='word_1_464' title='bbox 1260 3866 1534 3933; x_wconf 80' lang='grc' dir='ltr'>τελευτῆς,</span> <span class='ocrx_word' id='word_1_465' title='bbox 1591 3871 1686 3920; x_wconf 77' lang='grc' dir='ltr'>καὶ</span> 
     </span>
    </p>
   </div>
   <div class='ocr_carea' id='block_1_71' title="bbox 135 3953 1685 4030">
    <p class='ocr_par' dir='ltr' id='par_1_71' title="bbox 135 3953 1685 4030">
     <span class='ocr_line' id='line_1_72' title="bbox 135 3953 1685 4030; baseline -0.006 -17"><span class='ocrx_word' id='word_1_466' title='bbox 135 3963 261 4030; x_wconf 83' lang='grc' dir='ltr'>πρὸς</span> <span class='ocrx_word' id='word_1_467' title='bbox 284 3961 584 4028; x_wconf 78' lang='grc' dir='ltr'>στεφάνους</span> <span class='ocrx_word' id='word_1_468' title='bbox 628 3959 906 4020; x_wconf 83' lang='grc' dir='ltr'>ἀπιόντος.</span> <span class='ocrx_word' id='word_1_469' title='bbox 944 3955 1267 4025; x_wconf 80' lang='grc' dir='ltr'>Ὠσπερανεὶ</span> <span class='ocrx_word' id='word_1_470' title='bbox 1316 3953 1496 4024; x_wconf 79' lang='grc' dir='ltr'>πατὴρ</span> <span class='ocrx_word' id='word_1_471' title='bbox 1553 3955 1685 4008; x_wconf 81' lang='grc' dir='ltr'>ἁπο-</span> 
     </span>
    </p>
   </div>
   <div class='ocr_carea' id='block_1_72' title="bbox 137 4044 1686 4126">
    <p class='ocr_par' dir='ltr' id='par_1_72' title="bbox 137 4044 1686 4126">
     <span class='ocr_line' id='line_1_73' title="bbox 137 4044 1686 4126; baseline -0.001 -28"><span class='ocrx_word' id='word_1_472' title='bbox 137 4046 396 4114; x_wconf 74' lang='grc' dir='ltr'>θνήσκων,</span> <span class='ocrx_word' id='word_1_473' title='bbox 433 4045 932 4116; x_wconf 81' lang='grc' dir='ltr'>παραμυθούμενος</span> <span class='ocrx_word' id='word_1_474' title='bbox 959 4044 1021 4098; x_wconf 75' lang='grc' dir='ltr'><strong>τὸ</strong></span> <span class='ocrx_word' id='word_1_475' title='bbox 1045 4045 1253 4098; x_wconf 85' lang='grc' dir='ltr'>παιδίον</span> <span class='ocrx_word' id='word_1_476' title='bbox 1292 4045 1582 4114; x_wconf 83' lang='grc' dir='ltr'>παρακοιθὴ</span> <span class='ocrx_word' id='word_1_477' title='bbox 1595 4061 1686 4126; x_wconf 55' lang='grc' dir='ltr'>μετ-</span> 
     </span>
    </p>
   </div>
   <div class='ocr_carea' id='block_1_73' title="bbox 136 4133 1712 4209">
    <p class='ocr_par' dir='ltr' id='par_1_73' title="bbox 136 4133 1712 4209">
     <span class='ocr_line' id='line_1_74' title="bbox 136 4133 1712 4209; baseline -0.004 -14"><span class='ocrx_word' id='word_1_478' title='bbox 136 4155 217 4195; x_wconf 75' lang='grc' dir='ltr'><strong>νον</strong></span> <span class='ocrx_word' id='word_1_479' title='bbox 246 4142 336 4193; x_wconf 77' lang='grc' dir='ltr'>καὶ</span> <span class='ocrx_word' id='word_1_480' title='bbox 360 4139 562 4204; x_wconf 74' lang='grc' dir='ltr'>κλαῖον,</span> <span class='ocrx_word' id='word_1_481' title='bbox 591 4137 726 4209; x_wconf 74' lang='grc' dir='ltr'><strong>λέγῃ</strong></span> <span class='ocrx_word' id='word_1_482' title='bbox 748 4154 761 4169; x_wconf 78' lang='grc' dir='ltr'><strong>ο</strong></span> <span class='ocrx_word' id='word_1_483' title='bbox 781 4138 1003 4202; x_wconf 85' lang='grc' dir='ltr'>Τέκνον,</span> <span class='ocrx_word' id='word_1_484' title='bbox 1049 4137 1126 4206; x_wconf 82' lang='grc' dir='ltr'>μὴ</span> <span class='ocrx_word' id='word_1_485' title='bbox 1191 4137 1364 4201; x_wconf 77' lang='grc' dir='ltr'>κλαῖε,</span> <span class='ocrx_word' id='word_1_486' title='bbox 1405 4133 1712 4207; x_wconf 71' lang='grc' dir='ltr'>ἐζήσαμεν’</span> 
     </span>
    </p>
   </div>
   <div class='ocr_carea' id='block_1_74' title="bbox 137 4220 1682 4304">
    <p class='ocr_par' dir='ltr' id='par_1_74' title="bbox 137 4220 1682 4304">
     <span class='ocr_line' id='line_1_75' title="bbox 137 4220 1682 4304; baseline -0.001 -20"><span class='ocrx_word' id='word_1_487' title='bbox 137 4232 579 4303; x_wconf 48' lang='grc' dir='ltr'>κὰλῶςβρὸπαια</span> <span class='ocrx_word' id='word_1_488' title='bbox 605 4230 939 4304; x_wconf 71' lang='grc' dir='ltr'>ἐστήσαμεν,</span> <span class='ocrx_word' id='word_1_489' title='bbox 1004 4229 1244 4299; x_wconf 79' lang='grc' dir='ltr'>μεγάλας</span> <span class='ocrx_word' id='word_1_490' title='bbox 1288 4220 1420 4298; x_wconf 78' lang='grc' dir='ltr'>ἡμῖν</span> <span class='ocrx_word' id='word_1_491' title='bbox 1489 4225 1629 4281; x_wconf 81' lang='grc' dir='ltr'>οἶδεν</span> <span class='ocrx_word' id='word_1_492' title='bbox 1655 4231 1682 4282; x_wconf 83' lang='grc' dir='ltr'><strong>ὁ</strong></span> 
     </span>
    </p>
   </div>
   <div class='ocr_carea' id='block_1_75' title="bbox 143 4312 1687 4394">
    <p class='ocr_par' dir='ltr' id='par_1_75' title="bbox 143 4312 1687 4394">
     <span class='ocr_line' id='line_1_76' title="bbox 143 4312 1687 4394; baseline -0.003 -19"><span class='ocrx_word' id='word_1_493' title='bbox 143 4324 378 4391; x_wconf 70' lang='grc' dir='ltr'>βασιλεὺς</span> <span class='ocrx_word' id='word_1_494' title='bbox 430 4324 528 4387; x_wconf 77' lang='grc' dir='ltr'>τὰς</span> <span class='ocrx_word' id='word_1_495' title='bbox 567 4323 816 4394; x_wconf 82' lang='grc' dir='ltr'>χάριτας,</span> <span class='ocrx_word' id='word_1_496' title='bbox 849 4320 994 4392; x_wconf 77' lang='grc' dir='ltr'>ἔχεις</span> <span class='ocrx_word' id='word_1_497' title='bbox 1061 4321 1156 4374; x_wconf 77' lang='grc' dir='ltr'>καὶ</span> <span class='ocrx_word' id='word_1_498' title='bbox 1207 4312 1272 4372; x_wconf 77' lang='grc' dir='ltr'><strong>σὺ</strong></span> <span class='ocrx_word' id='word_1_499' title='bbox 1312 4319 1687 4388; x_wconf 77' lang='grc' dir='ltr'>Θαυμάζεσθαι</span> 
     </span>
    </p>
   </div>
   <div class='ocr_carea' id='block_1_76' title="bbox 141 4409 1686 4485">
    <p class='ocr_par' dir='ltr' id='par_1_76' title="bbox 141 4409 1686 4485">
     <span class='ocr_line' id='line_1_77' title="bbox 141 4409 1686 4485; baseline -0.005 -17"><span class='ocrx_word' id='word_1_500' title='bbox 141 4415 226 4468; x_wconf 67' lang='grc' dir='ltr'><strong>ἐπὶ</strong></span> <span class='ocrx_word' id='word_1_501' title='bbox 257 4415 359 4469; x_wconf 84' lang='grc' dir='ltr'><strong>τῶν</strong></span> <span class='ocrx_word' id='word_1_502' title='bbox 387 4417 516 4485; x_wconf 77' lang='grc' dir='ltr'>ἡμῖν</span> <span class='ocrx_word' id='word_1_503' title='bbox 549 4413 975 4484; x_wconf 79' lang='grc' dir='ltr'>πεπραγμένων.</span> <span class='ocrx_word' id='word_1_504' title='bbox 1024 4413 1193 4482; x_wconf 79' lang='grc' dir='ltr'>Δῆλον</span> <span class='ocrx_word' id='word_1_505' title='bbox 1244 4411 1353 4481; x_wconf 87' lang='grc' dir='ltr'>γὰρ</span> <span class='ocrx_word' id='word_1_506' title='bbox 1398 4411 1480 4462; x_wconf 83' lang='grc' dir='ltr'><strong>ὅτι</strong></span> <span class='ocrx_word' id='word_1_507' title='bbox 1515 4409 1686 4462; x_wconf 86' lang='grc' dir='ltr'>ταῦτα</span> 
     </span>
    </p>
   </div>
   <div class='ocr_carea' id='block_1_77' title="bbox 141 4499 1760 4590">
    <p class='ocr_par' dir='ltr' id='par_1_77' title="bbox 141 4499 1760 4590">
     <span class='ocr_line' id='line_1_78' title="bbox 141 4499 1760 4590; baseline -0.002 -33"><span class='ocrx_word' id='word_1_508' title='bbox 141 4506 321 4572; x_wconf 77' lang='grc' dir='ltr'>λέγειὸ</span> <span class='ocrx_word' id='word_1_509' title='bbox 349 4507 556 4575; x_wconf 80' lang='grc' dir='ltr'>πατὴρ,</span> <span class='ocrx_word' id='word_1_510' title='bbox 599 4506 826 4568; x_wconf 80' lang='grc' dir='ltr'>ἀνιστὰς</span> <span class='ocrx_word' id='word_1_511' title='bbox 875 4505 967 4558; x_wconf 80' lang='grc' dir='ltr'>τὸν</span> <span class='ocrx_word' id='word_1_512' title='bbox 1018 4505 1181 4556; x_wconf 86' lang='grc' dir='ltr'>παῖδα</span> <span class='ocrx_word' id='word_1_513' title='bbox 1231 4504 1344 4564; x_wconf 87' lang='grc' dir='ltr'>τοῖς</span> <span class='ocrx_word' id='word_1_514' title='bbox 1393 4499 1684 4570; x_wconf 74' lang='grc' dir='ltr'>ἐγκωμίοις</span> 
     </span>
    </p>
   </div>
   <div class='ocr_carea' id='block_1_78' title="bbox 143 4591 1685 4668">
    <p class='ocr_par' dir='ltr' id='par_1_78' title="bbox 143 4591 1685 4668">
     <span class='ocr_line' id='line_1_79' title="bbox 143 4591 1685 4668; baseline -0.005 -18"><span class='ocrx_word' id='word_1_515' title='bbox 143 4600 269 4668; x_wconf 70' lang='grc' dir='ltr'>πρὸς</span> <span class='ocrx_word' id='word_1_516' title='bbox 311 4597 370 4650; x_wconf 85' lang='grc' dir='ltr'><strong>τδ</strong></span> <span class='ocrx_word' id='word_1_517' title='bbox 403 4596 620 4664; x_wconf 78' lang='grc' dir='ltr'>κούφως</span> <span class='ocrx_word' id='word_1_518' title='bbox 682 4596 870 4664; x_wconf 77' lang='grc' dir='ltr'>φέρειν</span> <span class='ocrx_word' id='word_1_519' title='bbox 916 4596 1007 4648; x_wconf 80' lang='grc' dir='ltr'>τὸν</span> <span class='ocrx_word' id='word_1_520' title='bbox 1057 4594 1354 4664; x_wconf 83' lang='grc' dir='ltr'>χωρισμόν.</span> <span class='ocrx_word' id='word_1_521' title='bbox 1398 4591 1553 4645; x_wconf 78' lang='grc' dir='ltr'>Οῦτω</span> <span class='ocrx_word' id='word_1_522' title='bbox 1591 4592 1685 4644; x_wconf 73' lang='grc' dir='ltr'>καὶ</span> 
     </span>
    </p>
   </div>
   <div class='ocr_carea' id='block_1_79' title="bbox 146 4681 1686 4756">
    <p class='ocr_par' dir='ltr' id='par_1_79' title="bbox 146 4681 1686 4756">
     <span class='ocr_line' id='line_1_80' title="bbox 146 4681 1686 4756; baseline -0.007 -13"><span class='ocrx_word' id='word_1_523' title='bbox 146 4689 339 4753; x_wconf 83' lang='grc' dir='ltr'>Παῦλος</span> <span class='ocrx_word' id='word_1_524' title='bbox 393 4687 629 4742; x_wconf 74' lang='grc' dir='ltr'>ἐνταῦθα</span> <span class='ocrx_word' id='word_1_525' title='bbox 677 4685 1086 4756; x_wconf 81' lang='grc' dir='ltr'>παραμυθεῖται</span> <span class='ocrx_word' id='word_1_526' title='bbox 1139 4683 1425 4751; x_wconf 74' lang='grc' dir='ltr'>Τιμόθεον,</span> <span class='ocrx_word' id='word_1_527' title='bbox 1487 4681 1686 4735; x_wconf 73' lang='grc' dir='ltr'>ὡσανεὶ</span> 
     </span>
    </p>
   </div>
   <div class='ocr_carea' id='block_1_80' title="bbox 143 4774 1685 4858">
    <p class='ocr_par' dir='ltr' id='par_1_80' title="bbox 143 4774 1685 4858">
     <span class='ocr_line' id='line_1_81' title="bbox 143 4774 1685 4858; baseline -0.01 -18"><span class='ocrx_word' id='word_1_528' title='bbox 143 4787 391 4858; x_wconf 79' lang='grc' dir='ltr'>διαθήκην</span> <span class='ocrx_word' id='word_1_529' title='bbox 424 4783 702 4847; x_wconf 74' lang='grc' dir='ltr'>συντιθεὶς</span> <span class='ocrx_word' id='word_1_530' title='bbox 732 4783 830 4853; x_wconf 84' lang='grc' dir='ltr'>τὴν</span> <span class='ocrx_word' id='word_1_531' title='bbox 884 4779 1193 4848; x_wconf 80' lang='grc' dir='ltr'>ἐπιστολήν.</span> <span class='ocrx_word' id='word_1_532' title='bbox 1213 4776 1316 4830; x_wconf 83' lang='grc' dir='ltr'><strong>Τὸν</strong></span> <span class='ocrx_word' id='word_1_533' title='bbox 1364 4775 1549 4842; x_wconf 83' lang='grc' dir='ltr'>ἀγῶνα</span> <span class='ocrx_word' id='word_1_534' title='bbox 1594 4774 1685 4826; x_wconf 85' lang='grc' dir='ltr'>τὸν</span> 
     </span>
    </p>
   </div>
   <div class='ocr_carea' id='block_1_81' title="bbox 147 4864 1681 4949">
    <p class='ocr_par' dir='ltr' id='par_1_81' title="bbox 147 4864 1681 4949">
     <span class='ocr_line' id='line_1_82' title="bbox 147 4864 1681 4949; baseline -0.01 -18"><span class='ocrx_word' id='word_1_535' title='bbox 147 4879 294 4932; x_wconf 71' lang='grc' dir='ltr'>καλὸν</span> <span class='ocrx_word' id='word_1_536' title='bbox 323 4877 666 4949; x_wconf 55' lang='grc' dir='ltr'><strong>⁴ιπγὼνισμαι·</strong></span> <span class='ocrx_word' id='word_1_537' title='bbox 703 4872 900 4929; x_wconf 84' lang='grc' dir='ltr'>οὐκοῦν</span> <span class='ocrx_word' id='word_1_538' title='bbox 933 4872 1028 4926; x_wconf 75' lang='grc' dir='ltr'>καὶ</span> <span class='ocrx_word' id='word_1_539' title='bbox 1072 4871 1136 4923; x_wconf 79' lang='grc' dir='ltr'><strong>σὺ</strong></span> <span class='ocrx_word' id='word_1_540' title='bbox 1194 4866 1358 4922; x_wconf 80' lang='grc' dir='ltr'>αὑτοῦ</span> <span class='ocrx_word' id='word_1_541' title='bbox 1404 4864 1681 4918; x_wconf 77' lang='grc' dir='ltr'>ἐπιλαϐοῦ.</span> 
     </span>
    </p>
   </div>
   <div class='ocr_carea' id='block_1_82' title="bbox 153 4951 1690 5034">
    <p class='ocr_par' dir='ltr' id='par_1_82' title="bbox 153 4951 1690 5034">
     <span class='ocr_line' id='line_1_83' title="bbox 153 4951 1690 5034; baseline -0.008 -13"><span class='ocrx_word' id='word_1_542' title='bbox 153 4969 308 5024; x_wconf 80' lang='grc' dir='ltr'>Ἔνθα</span> <span class='ocrx_word' id='word_1_543' title='bbox 332 4967 426 5022; x_wconf 83' lang='grc' dir='ltr'><strong>οὖν</strong></span> <span class='ocrx_word' id='word_1_544' title='bbox 449 4968 663 5030; x_wconf 67' lang='grc' dir='ltr'>ἅλυσις,</span> <span class='ocrx_word' id='word_1_545' title='bbox 684 4965 810 5020; x_wconf 72' lang='grc' dir='ltr'>ἔνθα</span> <span class='ocrx_word' id='word_1_546' title='bbox 834 4963 1027 5034; x_wconf 81' lang='grc' dir='ltr'>δεσμὰ,</span> <span class='ocrx_word' id='word_1_547' title='bbox 1055 4955 1101 5015; x_wconf 80' lang='grc' dir='ltr'>ὦ</span> <span class='ocrx_word' id='word_1_548' title='bbox 1126 4959 1324 5024; x_wconf 86' lang='grc' dir='ltr'>Παῦλε,</span> <span class='ocrx_word' id='word_1_549' title='bbox 1355 4951 1508 5018; x_wconf 73' lang='grc' dir='ltr'>οὗτος</span> <span class='ocrx_word' id='word_1_550' title='bbox 1540 4955 1690 5026; x_wconf 89' lang='grc' dir='ltr'>ἀγὼν</span> 
     </span>
    </p>
   </div>
   <div class='ocr_carea' id='block_1_83' title="bbox 151 5048 1692 5127">
    <p class='ocr_par' dir='ltr' id='par_1_83' title="bbox 151 5048 1692 5127">
     <span class='ocr_line' id='line_1_84' title="bbox 151 5048 1692 5127; baseline -0.009 -14"><span class='ocrx_word' id='word_1_551' title='bbox 151 5059 296 5124; x_wconf 78' lang='grc' dir='ltr'>καλός</span> <span class='ocrx_word' id='word_1_552' title='bbox 319 5062 480 5127; x_wconf 71' lang='grc' dir='ltr'>ςΝαὶ,</span> <span class='ocrx_word' id='word_1_553' title='bbox 515 5059 581 5112; x_wconf 86' lang='grc' dir='ltr'>δι’</span> <span class='ocrx_word' id='word_1_554' title='bbox 609 5058 741 5112; x_wconf 79' lang='grc' dir='ltr'>αὐτὸ</span> <span class='ocrx_word' id='word_1_555' title='bbox 773 5056 952 5119; x_wconf 83' lang='grc' dir='ltr'>τοῦτο,</span> <span class='ocrx_word' id='word_1_556' title='bbox 987 5053 1128 5124; x_wconf 81' lang='grc' dir='ltr'>ὑπὲρ</span> <span class='ocrx_word' id='word_1_557' title='bbox 1153 5051 1260 5120; x_wconf 82' lang='grc' dir='ltr'>γὰρ</span> <span class='ocrx_word' id='word_1_558' title='bbox 1282 5048 1518 5120; x_wconf 82' lang='grc' dir='ltr'>Χριστοῦ</span> <span class='ocrx_word' id='word_1_559' title='bbox 1548 5048 1692 5116; x_wconf 73' lang='grc' dir='ltr'>γίνε-</span> 
     </span>
    </p>
   </div>
   <div class='ocr_carea' id='block_1_84' title="bbox 151 5141 1690 5216">
    <p class='ocr_par' dir='ltr' id='par_1_84' title="bbox 151 5141 1690 5216">
     <span class='ocr_line' id='line_1_85' title="bbox 151 5141 1690 5216; baseline -0.006 -16"><span class='ocrx_word' id='word_1_560' title='bbox 151 5165 232 5202; x_wconf 82' lang='grc' dir='ltr'><strong>ται</strong></span> <span class='ocrx_word' id='word_1_561' title='bbox 259 5152 442 5206; x_wconf 81' lang='grc' dir='ltr'>ταῦτα.</span> <span class='ocrx_word' id='word_1_562' title='bbox 489 5151 582 5204; x_wconf 84' lang='grc' dir='ltr'>Ἐν</span> <span class='ocrx_word' id='word_1_563' title='bbox 608 5152 721 5212; x_wconf 82' lang='grc' dir='ltr'>τοῖς</span> <span class='ocrx_word' id='word_1_564' title='bbox 749 5150 852 5216; x_wconf 76' lang='grc' dir='ltr'>ἔξω</span> <span class='ocrx_word' id='word_1_565' title='bbox 890 5142 1292 5216; x_wconf 25' lang='grc' dir='ltr'>ἁγῶτιίπολλὰς</span> <span class='ocrx_word' id='word_1_566' title='bbox 1335 5141 1550 5211; x_wconf 80' lang='grc' dir='ltr'>ἡμέρας</span> <span class='ocrx_word' id='word_1_567' title='bbox 1593 5156 1690 5191; x_wconf 81' lang='grc' dir='ltr'>πο-</span> 
     </span>
    </p>
   </div>
   <div class='ocr_carea' id='block_1_85' title="bbox 153 5234 1688 5311">
    <p class='ocr_par' dir='ltr' id='par_1_85' title="bbox 153 5234 1688 5311">
     <span class='ocr_line' id='line_1_86' title="bbox 153 5234 1688 5311; baseline -0.005 -19"><span class='ocrx_word' id='word_1_568' title='bbox 153 5238 316 5292; x_wconf 85' lang='grc' dir='ltr'>νοῦσιν</span> <span class='ocrx_word' id='word_1_569' title='bbox 343 5241 387 5273; x_wconf 75' lang='lat'><strong>&quot;</strong></span> <span class='ocrx_word' id='word_1_570' title='bbox 429 5244 477 5295; x_wconf 80' lang='grc' dir='ltr'><strong>οί</strong></span> <span class='ocrx_word' id='word_1_571' title='bbox 504 5242 807 5311; x_wconf 77' lang='grc' dir='ltr'>ἄνθρωποι,</span> <span class='ocrx_word' id='word_1_572' title='bbox 830 5239 924 5292; x_wconf 71' lang='grc' dir='ltr'><strong>καλ</strong></span> <span class='ocrx_word' id='word_1_573' title='bbox 949 5239 1007 5291; x_wconf 71' lang='grc' dir='ltr'>ὲν</span> <span class='ocrx_word' id='word_1_574' title='bbox 1031 5235 1148 5305; x_wconf 77' lang='grc' dir='ltr'>ὥρᾳ</span> <span class='ocrx_word' id='word_1_575' title='bbox 1191 5234 1288 5303; x_wconf 80' lang='grc' dir='ltr'>μιᾷ</span> <span class='ocrx_word' id='word_1_576' title='bbox 1306 5235 1394 5284; x_wconf 68' lang='grc' dir='ltr'><strong>τδιν</strong></span> <span class='ocrx_word' id='word_1_577' title='bbox 1426 5235 1688 5300; x_wconf 80' lang='grc' dir='ltr'>στέφανον</span> 
     </span>
    </p>
   </div>
   <div class='ocr_carea' id='block_1_86' title="bbox 152 5324 1683 5401">
    <p class='ocr_par' dir='ltr' id='par_1_86' title="bbox 152 5324 1683 5401">
     <span class='ocr_line' id='line_1_87' title="bbox 152 5324 1683 5401; baseline -0.007 -17"><span class='ocrx_word' id='word_1_578' title='bbox 152 5331 527 5401; x_wconf 74' lang='grc' dir='ltr'>λαμϐάνουσιν·</span> <span class='ocrx_word' id='word_1_579' title='bbox 582 5331 815 5386; x_wconf 75' lang='grc' dir='ltr'>ἐνταῦθα</span> <span class='ocrx_word' id='word_1_580' title='bbox 844 5330 900 5384; x_wconf 82' lang='grc' dir='ltr'>δὲ</span> <span class='ocrx_word' id='word_1_581' title='bbox 929 5328 1220 5387; x_wconf 83' lang='grc' dir='ltr'>διαπαντὸς</span> <span class='ocrx_word' id='word_1_582' title='bbox 1273 5327 1305 5393; x_wconf 81' lang='grc' dir='ltr'>ἡ</span> <span class='ocrx_word' id='word_1_583' title='bbox 1363 5324 1683 5395; x_wconf 81' lang='grc' dir='ltr'>λαμπρότης</span> 
     </span>
    </p>
   </div>
   <div class='ocr_carea' id='block_1_87' title="bbox 217 5477 1299 5570">
    <p class='ocr_par' dir='ltr' id='par_1_87' title="bbox 217 5477 1299 5570">
     <span class='ocr_line' id='line_1_88' title="bbox 217 5477 1299 5570; baseline -0.01 -7"><span class='ocrx_word' id='word_1_584' title='bbox 217 5504 462 5562; x_wconf 66' lang='lat' dir='ltr'><strong>&quot;Matth.</strong></span> <span class='ocrx_word' id='word_1_585' title='bbox 501 5521 556 5570; x_wconf 72' lang='grc' dir='ltr'><strong>ι,</strong></span> <span class='ocrx_word' id='word_1_586' title='bbox 579 5504 688 5563; x_wconf 77' lang='grc'><strong>,17.</strong></span> <span class='ocrx_word' id='word_1_587' title='bbox 763 5505 810 5535; x_wconf 78' lang='grc'><strong>⁸⁸</strong></span> <span class='ocrx_word' id='word_1_588' title='bbox 842 5505 964 5557; x_wconf 81' lang='lat' dir='ltr'><strong>Aet.</strong></span> <span class='ocrx_word' id='word_1_589' title='bbox 1017 5500 1173 5563; x_wconf 73' lang='lat' dir='ltr'><strong>nm,</strong></span> <span class='ocrx_word' id='word_1_590' title='bbox 1201 5477 1299 5552; x_wconf 62' lang='grc' dir='ltr'><strong>ἐς.</strong></span> 
     </span>
    </p>
   </div>
   <div class='ocr_carea' id='block_1_88' title="bbox 1787 3324 3350 3400">
    <p class='ocr_par' dir='ltr' id='par_1_88' title="bbox 1787 3324 3350 3400">
     <span class='ocr_line' id='line_1_89' title="bbox 1787 3324 3350 3400; baseline 0.006 -24"><span class='ocrx_word' id='word_1_591' title='bbox 1787 3324 2003 3376; x_wconf 80' lang='lat' dir='ltr'><strong>lutionis</strong></span> <span class='ocrx_word' id='word_1_592' title='bbox 2039 3341 2163 3376; x_wconf 72' lang='lat' dir='ltr'><strong>mea:</strong></span> <span class='ocrx_word' id='word_1_593' title='bbox 2201 3326 2386 3377; x_wconf 77' lang='lat' dir='ltr'><strong>instat.</strong></span> <span class='ocrx_word' id='word_1_594' title='bbox 2419 3324 2534 3377; x_wconf 82' lang='lat' dir='ltr'><strong>Non</strong></span> <span class='ocrx_word' id='word_1_595' title='bbox 2570 3325 2727 3387; x_wconf 72' lang='lat' dir='ltr'><strong>dixit,</strong></span> <span class='ocrx_word' id='word_1_596' title='bbox 2758 3326 3050 3392; x_wconf 82' lang='lat' dir='ltr'><strong>sacriﬁcor,</strong></span> <span class='ocrx_word' id='word_1_597' title='bbox 3083 3330 3178 3384; x_wconf 86' lang='lat' dir='ltr'><strong>sed</strong></span> <span class='ocrx_word' id='word_1_598' title='bbox 3207 3333 3350 3400; x_wconf 88' lang='lat' dir='ltr'><strong>quod</strong></span> 
     </span>
    </p>
   </div>
   <div class='ocr_carea' id='block_1_89' title="bbox 1787 3413 3350 3487">
    <p class='ocr_par' dir='ltr' id='par_1_89' title="bbox 1787 3413 3350 3487">
     <span class='ocr_line' id='line_1_90' title="bbox 1787 3413 3350 3487; baseline 0.006 -23"><span class='ocrx_word' id='word_1_599' title='bbox 1787 3414 1963 3481; x_wconf 87' lang='lat' dir='ltr'><strong>majus</strong></span> <span class='ocrx_word' id='word_1_600' title='bbox 1991 3423 2094 3467; x_wconf 87' lang='lat' dir='ltr'><strong>est.</strong></span> <span class='ocrx_word' id='word_1_601' title='bbox 2139 3413 2254 3467; x_wconf 87' lang='lat' dir='ltr'><strong>Non</strong></span> <span class='ocrx_word' id='word_1_602' title='bbox 2279 3415 2425 3468; x_wconf 89' lang='lat' dir='ltr'><strong>enim</strong></span> <span class='ocrx_word' id='word_1_603' title='bbox 2461 3423 2572 3468; x_wconf 86' lang='lat' dir='ltr'><strong>tota</strong></span> <span class='ocrx_word' id='word_1_604' title='bbox 2615 3416 2832 3469; x_wconf 85' lang='lat' dir='ltr'><strong>victima</strong></span> <span class='ocrx_word' id='word_1_605' title='bbox 2869 3418 2978 3472; x_wconf 91' lang='lat' dir='ltr'><strong>Deo</strong></span> <span class='ocrx_word' id='word_1_606' title='bbox 3009 3418 3253 3487; x_wconf 77' lang='lat' dir='ltr'><strong>oﬂertur,</strong></span> <span class='ocrx_word' id='word_1_607' title='bbox 3287 3423 3350 3476; x_wconf 93' lang='lat' dir='ltr'><strong>li-</strong></span> 
     </span>
    </p>
   </div>
   <div class='ocr_carea' id='block_1_90' title="bbox 1786 3491 2825 3558">
    <p class='ocr_par' dir='ltr' id='par_1_90' title="bbox 1786 3491 2825 3558">
     <span class='ocr_line' id='line_1_91' title="bbox 1786 3491 2825 3558; baseline 0.003 -2"><span class='ocrx_word' id='word_1_608' title='bbox 1786 3503 1976 3557; x_wconf 88' lang='lat' dir='ltr'><strong>bamen</strong></span> <span class='ocrx_word' id='word_1_609' title='bbox 2012 3521 2139 3557; x_wconf 87' lang='lat' dir='ltr'><strong>vero</strong></span> <span class='ocrx_word' id='word_1_610' title='bbox 2177 3512 2372 3558; x_wconf 89' lang='lat' dir='ltr'><strong>totum.</strong></span> <span class='ocrx_word' id='word_1_611' title='bbox 2812 3491 2825 3506; x_wconf 53' lang='grc'><strong>⁸</strong></span> 
     </span>
    </p>
   </div>
   <div class='ocr_carea' id='block_1_91' title="bbox 1861 3591 3350 3668">
    <p class='ocr_par' dir='ltr' id='par_1_91' title="bbox 1861 3591 3350 3668">
     <span class='ocr_line' id='line_1_92' title="bbox 1861 3591 3350 3668; baseline 0.007 -23"><span class='ocrx_word' id='word_1_612' title='bbox 1861 3591 2024 3648; x_wconf 73' lang='lat' dir='ltr'><strong>Vens.</strong></span> <span class='ocrx_word' id='word_1_613' title='bbox 2063 3594 2115 3648; x_wconf 87' lang='lat'><strong>7.</strong></span> <span class='ocrx_word' id='word_1_614' title='bbox 2159 3594 2363 3648; x_wconf 85' lang='lat' dir='ltr'><strong>Bonum</strong></span> <span class='ocrx_word' id='word_1_615' title='bbox 2407 3607 2668 3649; x_wconf 74' lang='lat' dir='ltr'><strong>certamen</strong></span> <span class='ocrx_word' id='word_1_616' title='bbox 2692 3599 2902 3652; x_wconf 77' lang='lat' dir='ltr'><strong>certari.</strong></span> <span class='ocrx_word' id='word_1_617' title='bbox 2935 3597 3045 3652; x_wconf 89' lang='lat' dir='ltr'><strong>Cur</strong></span> <span class='ocrx_word' id='word_1_618' title='bbox 3072 3600 3178 3668; x_wconf 88' lang='lat' dir='ltr'><strong>jam</strong></span> <span class='ocrx_word' id='word_1_619' title='bbox 3209 3599 3350 3655; x_wconf 85' lang='lat' dir='ltr'><strong>Pau-</strong></span> 
     </span>
    </p>
   </div>
   <div class='ocr_carea' id='block_1_92' title="bbox 1787 3683 3349 3760">
    <p class='ocr_par' dir='ltr' id='par_1_92' title="bbox 1787 3683 3349 3760">
     <span class='ocr_line' id='line_1_93' title="bbox 1787 3683 3349 3760; baseline 0.006 -25"><span class='ocrx_word' id='word_1_620' title='bbox 1787 3683 1872 3737; x_wconf 89' lang='lat' dir='ltr'><strong>lus</strong></span> <span class='ocrx_word' id='word_1_621' title='bbox 1911 3684 2030 3739; x_wconf 87' lang='lat' dir='ltr'><strong>istis</strong></span> <span class='ocrx_word' id='word_1_622' title='bbox 2064 3685 2511 3754; x_wconf 83' lang='lat' dir='ltr'><strong>gloriatur?Non</strong></span> <span class='ocrx_word' id='word_1_623' title='bbox 2547 3687 2841 3756; x_wconf 66' lang='lat' dir='ltr'><strong>gloriatur,</strong></span> <span class='ocrx_word' id='word_1_624' title='bbox 2882 3704 3067 3743; x_wconf 83' lang='lat' dir='ltr'><strong>verum</strong></span> <span class='ocrx_word' id='word_1_625' title='bbox 3111 3689 3349 3760; x_wconf 75' lang='lat' dir='ltr'><strong>discipu~</strong></span> 
     </span>
    </p>
   </div>
   <div class='ocr_carea' id='block_1_93' title="bbox 1787 3769 3430 3851">
    <p class='ocr_par' dir='ltr' id='par_1_93' title="bbox 1787 3769 3430 3851">
     <span class='ocr_line' id='line_1_94' title="bbox 1787 3769 3430 3851; baseline 0.005 -23"><span class='ocrx_word' id='word_1_626' title='bbox 1787 3775 1897 3828; x_wconf 92' lang='lat' dir='ltr'><strong>lum</strong></span> <span class='ocrx_word' id='word_1_627' title='bbox 1936 3792 2092 3829; x_wconf 89' lang='lat' dir='ltr'><strong>suum</strong></span> <span class='ocrx_word' id='word_1_628' title='bbox 2127 3778 2463 3842; x_wconf 88' lang='lat' dir='ltr'><strong>consolatur,</strong></span> <span class='ocrx_word' id='word_1_629' title='bbox 2491 3793 2554 3832; x_wconf 91' lang='lat' dir='ltr'><strong>nc</strong></span> <span class='ocrx_word' id='word_1_630' title='bbox 2577 3778 2755 3832; x_wconf 82' lang='lat' dir='ltr'><strong>doleat</strong></span> <span class='ocrx_word' id='word_1_631' title='bbox 2785 3795 2947 3848; x_wconf 87' lang='lat' dir='ltr'><strong>super</strong></span> <span class='ocrx_word' id='word_1_632' title='bbox 2981 3782 3117 3850; x_wconf 90' lang='lat' dir='ltr'><strong>ipso,</strong></span> <span class='ocrx_word' id='word_1_633' title='bbox 3154 3783 3352 3851; x_wconf 85' lang='lat' dir='ltr'><strong>quippe</strong></span> <span class='ocrx_word' id='word_1_634' title='bbox 3421 3769 3430 3782; x_wconf 50' lang='grc'><em>“</em></span> 
     </span>
    </p>
   </div>
   <div class='ocr_carea' id='block_1_94' title="bbox 1787 3863 3350 3933">
    <p class='ocr_par' dir='ltr' id='par_1_94' title="bbox 1787 3863 3350 3933">
     <span class='ocr_line' id='line_1_95' title="bbox 1787 3863 3350 3933; baseline 0.008 -19"><span class='ocrx_word' id='word_1_635' title='bbox 1787 3865 1878 3930; x_wconf 89' lang='lat' dir='ltr'><strong>qui</strong></span> <span class='ocrx_word' id='word_1_636' title='bbox 1909 3863 2068 3917; x_wconf 85' lang='lat' dir='ltr'><strong>ﬁnem</strong></span> <span class='ocrx_word' id='word_1_637' title='bbox 2097 3864 2208 3930; x_wconf 87' lang='lat' dir='ltr'><strong>jam</strong></span> <span class='ocrx_word' id='word_1_638' title='bbox 2246 3867 2765 3922; x_wconf 87' lang='lat' dir='ltr'><strong>honumassecutus</strong></span> <span class='ocrx_word' id='word_1_639' title='bbox 2809 3871 2899 3933; x_wconf 90' lang='lat' dir='ltr'><strong>sit,</strong></span> <span class='ocrx_word' id='word_1_640' title='bbox 2944 3881 2995 3924; x_wconf 90' lang='lat' dir='ltr'><strong>et</strong></span> <span class='ocrx_word' id='word_1_641' title='bbox 3023 3874 3088 3922; x_wconf 87' lang='lat' dir='ltr'><strong>ad</strong></span> <span class='ocrx_word' id='word_1_642' title='bbox 3120 3888 3350 3927; x_wconf 86' lang='lat' dir='ltr'><strong>coronas</strong></span> 
     </span>
    </p>
   </div>
   <div class='ocr_carea' id='block_1_95' title="bbox 1786 3938 3350 4024">
    <p class='ocr_par' dir='ltr' id='par_1_95' title="bbox 1786 3938 3350 4024">
     <span class='ocr_line' id='line_1_96' title="bbox 1786 3938 3350 4024; baseline 0.006 -18"><span class='ocrx_word' id='word_1_643' title='bbox 1786 3953 1966 4006; x_wconf 88' lang='lat' dir='ltr'><strong>abeat.</strong></span> <span class='ocrx_word' id='word_1_644' title='bbox 1996 3938 2469 4016; x_wconf 82' lang='lat' dir='ltr'><strong>Quemadmodum</strong></span> <span class='ocrx_word' id='word_1_645' title='bbox 2503 3957 2546 4009; x_wconf 91' lang='lat' dir='ltr'><strong>si</strong></span> <span class='ocrx_word' id='word_1_646' title='bbox 2579 3965 2734 4024; x_wconf 86' lang='lat' dir='ltr'><strong>pater</strong></span> <span class='ocrx_word' id='word_1_647' title='bbox 2759 3960 3117 4014; x_wconf 88' lang='lat' dir='ltr'><strong>moribundus</strong></span> <span class='ocrx_word' id='word_1_648' title='bbox 3154 3977 3350 4017; x_wconf 60' lang='lat' dir='ltr'><strong>conso.</strong></span> 
     </span>
    </p>
   </div>
   <div class='ocr_carea' id='block_1_96' title="bbox 1786 4043 3348 4117">
    <p class='ocr_par' dir='ltr' id='par_1_96' title="bbox 1786 4043 3348 4117">
     <span class='ocr_line' id='line_1_97' title="bbox 1786 4043 3348 4117; baseline 0.006 -19"><span class='ocrx_word' id='word_1_649' title='bbox 1786 4044 1925 4098; x_wconf 90' lang='lat' dir='ltr'><strong>letur</strong></span> <span class='ocrx_word' id='word_1_650' title='bbox 1958 4043 2126 4098; x_wconf 82' lang='lat' dir='ltr'><strong>ﬁlium</strong></span> <span class='ocrx_word' id='word_1_651' title='bbox 2181 4045 2510 4099; x_wconf 82' lang='lat' dir='ltr'><strong>assidentem</strong></span> <span class='ocrx_word' id='word_1_652' title='bbox 2567 4048 2694 4110; x_wconf 88' lang='lat' dir='ltr'><strong>sihi,</strong></span> <span class='ocrx_word' id='word_1_653' title='bbox 2736 4057 2897 4116; x_wconf 85' lang='lat' dir='ltr'><strong>atque</strong></span> <span class='ocrx_word' id='word_1_654' title='bbox 2941 4050 3259 4117; x_wconf 85' lang='lat' dir='ltr'><strong>plorantem,</strong></span> <span class='ocrx_word' id='word_1_655' title='bbox 3294 4060 3348 4107; x_wconf 85' lang='lat' dir='ltr'><strong>et</strong></span> 
     </span>
    </p>
   </div>
   <div class='ocr_carea' id='block_1_97' title="bbox 1787 4133 3348 4213">
    <p class='ocr_par' dir='ltr' id='par_1_97' title="bbox 1787 4133 3348 4213">
     <span class='ocr_line' id='line_1_98' title="bbox 1787 4133 3348 4213; baseline 0.005 -24"><span class='ocrx_word' id='word_1_656' title='bbox 1787 4135 1964 4190; x_wconf 89' lang='lat' dir='ltr'><strong>dicat:</strong></span> <span class='ocrx_word' id='word_1_657' title='bbox 1999 4133 2096 4188; x_wconf 85' lang='lat' dir='ltr'><strong>Fili</strong></span> <span class='ocrx_word' id='word_1_658' title='bbox 2144 4136 2238 4201; x_wconf 90' lang='lat' dir='ltr'><strong>mi,</strong></span> <span class='ocrx_word' id='word_1_659' title='bbox 2268 4137 2482 4204; x_wconf 88' lang='lat' dir='ltr'><strong>plorare</strong></span> <span class='ocrx_word' id='word_1_660' title='bbox 2527 4137 2661 4205; x_wconf 87' lang='lat' dir='ltr'><strong>noli,</strong></span> <span class='ocrx_word' id='word_1_661' title='bbox 2704 4139 2841 4194; x_wconf 86' lang='lat' dir='ltr'><strong>bene</strong></span> <span class='ocrx_word' id='word_1_662' title='bbox 2866 4140 3118 4208; x_wconf 83' lang='lat' dir='ltr'><strong>viximus,</strong></span> <span class='ocrx_word' id='word_1_663' title='bbox 3149 4152 3348 4213; x_wconf 74' lang='lat' dir='ltr'><strong>lman</strong></span> 
     </span>
    </p>
   </div>
   <div class='ocr_carea' id='block_1_98' title="bbox 1787 4229 3346 4303">
    <p class='ocr_par' dir='ltr' id='par_1_98' title="bbox 1787 4229 3346 4303">
     <span class='ocr_line' id='line_1_99' title="bbox 1787 4229 3346 4303; baseline 0.004 -20"><span class='ocrx_word' id='word_1_664' title='bbox 1787 4229 2085 4294; x_wconf 77' lang='lat' dir='ltr'><strong>ereximus,</strong></span> <span class='ocrx_word' id='word_1_665' title='bbox 2127 4245 2222 4282; x_wconf 81' lang='lat' dir='ltr'><strong>rex</strong></span> <span class='ocrx_word' id='word_1_666' title='bbox 2276 4237 2463 4284; x_wconf 89' lang='lat' dir='ltr'><strong>noster</strong></span> <span class='ocrx_word' id='word_1_667' title='bbox 2506 4245 2729 4300; x_wconf 80' lang='lat' dir='ltr'><strong>magnas</strong></span> <span class='ocrx_word' id='word_1_668' title='bbox 2769 4231 2879 4301; x_wconf 79' lang='lat' dir='ltr'><strong>agit</strong></span> <span class='ocrx_word' id='word_1_669' title='bbox 2916 4232 3071 4286; x_wconf 88' lang='lat' dir='ltr'><strong>nobis</strong></span> <span class='ocrx_word' id='word_1_670' title='bbox 3124 4235 3346 4303; x_wconf 77' lang='lat' dir='ltr'><strong>gratias,</strong></span> 
     </span>
    </p>
   </div>
   <div class='ocr_carea' id='block_1_99' title="bbox 1789 4320 3351 4386">
    <p class='ocr_par' dir='ltr' id='par_1_99' title="bbox 1789 4320 3351 4386">
     <span class='ocr_line' id='line_1_100' title="bbox 1789 4320 3351 4386; baseline 0.006 -16"><span class='ocrx_word' id='word_1_671' title='bbox 1789 4321 1993 4386; x_wconf 89' lang='lat' dir='ltr'><strong>poteris</strong></span> <span class='ocrx_word' id='word_1_672' title='bbox 2023 4321 2186 4374; x_wconf 88' lang='lat' dir='ltr'><strong>etiam</strong></span> <span class='ocrx_word' id='word_1_673' title='bbox 2221 4331 2276 4374; x_wconf 90' lang='lat' dir='ltr'><strong>tu</strong></span> <span class='ocrx_word' id='word_1_674' title='bbox 2308 4320 2654 4374; x_wconf 88' lang='lat' dir='ltr'><strong>admirationi</strong></span> <span class='ocrx_word' id='word_1_675' title='bbox 2688 4338 2808 4376; x_wconf 82' lang='lat' dir='ltr'><strong>esse</strong></span> <span class='ocrx_word' id='word_1_676' title='bbox 2838 4331 2893 4376; x_wconf 88' lang='lat' dir='ltr'><strong>et</strong></span> <span class='ocrx_word' id='word_1_677' title='bbox 2920 4325 3130 4378; x_wconf 83' lang='lat' dir='ltr'><strong>laudari</strong></span> <span class='ocrx_word' id='word_1_678' title='bbox 3165 4326 3234 4379; x_wconf 87' lang='lat' dir='ltr'><strong>ob</strong></span> <span class='ocrx_word' id='word_1_679' title='bbox 3262 4342 3351 4380; x_wconf 87' lang='lat' dir='ltr'><strong>res</strong></span> 
     </span>
    </p>
   </div>
   <div class='ocr_carea' id='block_1_100' title="bbox 1787 4408 3353 4481">
    <p class='ocr_par' dir='ltr' id='par_1_100' title="bbox 1787 4408 3353 4481">
     <span class='ocr_line' id='line_1_101' title="bbox 1787 4408 3353 4481; baseline 0.006 -23"><span class='ocrx_word' id='word_1_680' title='bbox 1787 4421 1816 4458; x_wconf 90' lang='lat' dir='ltr'><strong>a</strong></span> <span class='ocrx_word' id='word_1_681' title='bbox 1861 4408 2018 4461; x_wconf 89' lang='lat' dir='ltr'><strong>nobis</strong></span> <span class='ocrx_word' id='word_1_682' title='bbox 2053 4418 2255 4476; x_wconf 78' lang='lat' dir='ltr'><strong>gestas.</strong></span> <span class='ocrx_word' id='word_1_683' title='bbox 2296 4408 2390 4462; x_wconf 88' lang='lat' dir='ltr'><strong>Est</strong></span> <span class='ocrx_word' id='word_1_684' title='bbox 2430 4411 2572 4463; x_wconf 87' lang='lat' dir='ltr'><strong>enim</strong></span> <span class='ocrx_word' id='word_1_685' title='bbox 2604 4412 2822 4478; x_wconf 83' lang='lat' dir='ltr'><strong>planum</strong></span> <span class='ocrx_word' id='word_1_686' title='bbox 2877 4415 3021 4481; x_wconf 92' lang='lat' dir='ltr'><strong>quod</strong></span> <span class='ocrx_word' id='word_1_687' title='bbox 3063 4415 3176 4467; x_wconf 73' lang='lat' dir='ltr'><strong>lucc</strong></span> <span class='ocrx_word' id='word_1_688' title='bbox 3205 4415 3353 4469; x_wconf 88' lang='lat' dir='ltr'><strong>dicat</strong></span> 
     </span>
    </p>
   </div>
   <div class='ocr_carea' id='block_1_101' title="bbox 1792 4501 3354 4569">
    <p class='ocr_par' dir='ltr' id='par_1_101' title="bbox 1792 4501 3354 4569">
     <span class='ocr_line' id='line_1_102' title="bbox 1792 4501 3354 4569; baseline 0.006 -19"><span class='ocrx_word' id='word_1_689' title='bbox 1792 4508 1966 4566; x_wconf 85' lang='lat' dir='ltr'><strong>pater,</strong></span> <span class='ocrx_word' id='word_1_690' title='bbox 2002 4509 2226 4569; x_wconf 75' lang='lat' dir='ltr'><strong>gnatum</strong></span> <span class='ocrx_word' id='word_1_691' title='bbox 2270 4516 2428 4553; x_wconf 90' lang='lat' dir='ltr'><strong>suum</strong></span> <span class='ocrx_word' id='word_1_692' title='bbox 2476 4501 2730 4555; x_wconf 86' lang='lat' dir='ltr'><strong>laudibus</strong></span> <span class='ocrx_word' id='word_1_693' title='bbox 2758 4503 3002 4557; x_wconf 83' lang='lat' dir='ltr'><strong>excitans</strong></span> <span class='ocrx_word' id='word_1_694' title='bbox 3042 4506 3114 4556; x_wconf 87' lang='lat' dir='ltr'><strong>ad</strong></span> <span class='ocrx_word' id='word_1_695' title='bbox 3145 4504 3354 4560; x_wconf 88' lang='lat' dir='ltr'><strong>disces-</strong></span> 
     </span>
    </p>
   </div>
   <div class='ocr_carea' id='block_1_102' title="bbox 1793 4592 3351 4664">
    <p class='ocr_par' dir='ltr' id='par_1_102' title="bbox 1793 4592 3351 4664">
     <span class='ocr_line' id='line_1_103' title="bbox 1793 4592 3351 4664; baseline 0.002 -19"><span class='ocrx_word' id='word_1_696' title='bbox 1793 4606 1914 4645; x_wconf 89' lang='lat' dir='ltr'><strong>sum</strong></span> <span class='ocrx_word' id='word_1_697' title='bbox 1948 4606 2108 4645; x_wconf 90' lang='lat' dir='ltr'><strong>suum</strong></span> <span class='ocrx_word' id='word_1_698' title='bbox 2155 4592 2344 4646; x_wconf 90' lang='lat' dir='ltr'><strong>leviter</strong></span> <span class='ocrx_word' id='word_1_699' title='bbox 2381 4593 2683 4646; x_wconf 81' lang='lat' dir='ltr'><strong>ferendum.</strong></span> <span class='ocrx_word' id='word_1_700' title='bbox 2715 4592 3064 4648; x_wconf 85' lang='lat' dir='ltr'><strong>Consimilem</strong></span> <span class='ocrx_word' id='word_1_701' title='bbox 3090 4594 3250 4664; x_wconf 76' lang='lat'><strong>615</strong></span> <span class='ocrx_word' id='word_1_702' title='bbox 3284 4597 3351 4648; x_wconf 90' lang='lat' dir='ltr'><strong>ad</strong></span> 
     </span>
    </p>
   </div>
   <div class='ocr_carea' id='block_1_103' title="bbox 1793 4680 3354 4745">
    <p class='ocr_par' dir='ltr' id='par_1_103' title="bbox 1793 4680 3354 4745">
     <span class='ocr_line' id='line_1_104' title="bbox 1793 4680 3354 4745; baseline 0.002 -12"><span class='ocrx_word' id='word_1_703' title='bbox 1793 4682 2058 4735; x_wconf 79' lang='lat' dir='ltr'><strong>rationem</strong></span> <span class='ocrx_word' id='word_1_704' title='bbox 2092 4681 2302 4736; x_wconf 87' lang='lat' dir='ltr'><strong>&#39;Paulus</strong></span> <span class='ocrx_word' id='word_1_705' title='bbox 2332 4681 2420 4738; x_wconf 86' lang='lat' dir='ltr'><strong>hic</strong></span> <span class='ocrx_word' id='word_1_706' title='bbox 2454 4680 2799 4736; x_wconf 85' lang='lat' dir='ltr'><strong>Timotheum</strong></span> <span class='ocrx_word' id='word_1_707' title='bbox 2833 4683 3169 4745; x_wconf 88' lang='lat' dir='ltr'><strong>consolatur,</strong></span> <span class='ocrx_word' id='word_1_708' title='bbox 3213 4686 3354 4736; x_wconf 83' lang='lat' dir='ltr'><strong>hanc</strong></span> 
     </span>
    </p>
   </div>
   <div class='ocr_carea' id='block_1_104' title="bbox 1793 4770 3347 4840">
    <p class='ocr_par' dir='ltr' id='par_1_104' title="bbox 1793 4770 3347 4840">
     <span class='ocr_line' id='line_1_105' title="bbox 1793 4770 3347 4840; baseline 0 -17"><span class='ocrx_word' id='word_1_709' title='bbox 1793 4770 1958 4824; x_wconf 89' lang='lat' dir='ltr'><strong>veluti</strong></span> <span class='ocrx_word' id='word_1_710' title='bbox 1990 4780 2375 4827; x_wconf 85' lang='lat' dir='ltr'><strong>testamentum</strong></span> <span class='ocrx_word' id='word_1_711' title='bbox 2408 4773 2650 4826; x_wconf 88' lang='lat' dir='ltr'><strong>condens</strong></span> <span class='ocrx_word' id='word_1_712' title='bbox 2684 4772 3002 4840; x_wconf 79' lang='lat' dir='ltr'><strong>Epistulam.</strong></span> <span class='ocrx_word' id='word_1_713' title='bbox 3042 4771 3347 4836; x_wconf 87' lang='lat' dir='ltr'><strong>Certamen,</strong></span> 
     </span>
    </p>
   </div>
   <div class='ocr_carea' id='block_1_105' title="bbox 1794 4859 3351 4929">
    <p class='ocr_par' dir='ltr' id='par_1_105' title="bbox 1794 4859 3351 4929">
     <span class='ocr_line' id='line_1_106' title="bbox 1794 4859 3351 4929; baseline 0.001 -17"><span class='ocrx_word' id='word_1_714' title='bbox 1794 4860 1995 4927; x_wconf 90' lang='lat' dir='ltr'><strong>inquit,</strong></span> <span class='ocrx_word' id='word_1_715' title='bbox 2039 4861 2241 4915; x_wconf 88' lang='lat' dir='ltr'><strong>bonum</strong></span> <span class='ocrx_word' id='word_1_716' title='bbox 2280 4865 2524 4916; x_wconf 88' lang='lat' dir='ltr'><strong>certavi:</strong></span> <span class='ocrx_word' id='word_1_717' title='bbox 2561 4861 2786 4929; x_wconf 89' lang='lat' dir='ltr'><strong>proinde</strong></span> <span class='ocrx_word' id='word_1_718' title='bbox 2833 4870 2884 4913; x_wconf 94' lang='lat' dir='ltr'><strong>tu</strong></span> <span class='ocrx_word' id='word_1_719' title='bbox 2939 4864 3124 4922; x_wconf 88' lang='lat' dir='ltr'><strong>etiam,</strong></span> <span class='ocrx_word' id='word_1_720' title='bbox 3164 4859 3351 4914; x_wconf 89' lang='lat' dir='ltr'><strong>Timo-</strong></span> 
     </span>
    </p>
   </div>
   <div class='ocr_carea' id='block_1_106' title="bbox 1787 4947 3352 5018">
    <p class='ocr_par' dir='ltr' id='par_1_106' title="bbox 1787 4947 3352 5018">
     <span class='ocr_line' id='line_1_107' title="bbox 1787 4947 3352 5018; baseline 0.003 -18"><span class='ocrx_word' id='word_1_721' title='bbox 1787 4947 1932 5011; x_wconf 86' lang='lat' dir='ltr'><strong>thee,</strong></span> <span class='ocrx_word' id='word_1_722' title='bbox 1963 4949 2103 5002; x_wconf 80' lang='lat' dir='ltr'><strong>idem</strong></span> <span class='ocrx_word' id='word_1_723' title='bbox 2133 4951 2498 5018; x_wconf 82' lang='lat' dir='ltr'><strong>apprehende.</strong></span> <span class='ocrx_word' id='word_1_724' title='bbox 2537 4950 2702 5017; x_wconf 86' lang='lat' dir='ltr'><strong>Atqui</strong></span> <span class='ocrx_word' id='word_1_725' title='bbox 2739 4950 2829 5003; x_wconf 90' lang='lat' dir='ltr'><strong>ubi</strong></span> <span class='ocrx_word' id='word_1_726' title='bbox 2866 4958 3082 5013; x_wconf 88' lang='lat' dir='ltr'><strong>catena,</strong></span> <span class='ocrx_word' id='word_1_727' title='bbox 3118 4951 3207 5004; x_wconf 89' lang='lat' dir='ltr'><strong>ubi</strong></span> <span class='ocrx_word' id='word_1_728' title='bbox 3236 4953 3352 5005; x_wconf 88' lang='lat' dir='ltr'><strong>vin-</strong></span> 
     </span>
    </p>
   </div>
   <div class='ocr_carea' id='block_1_107' title="bbox 1786 5039 3353 5104">
    <p class='ocr_par' dir='ltr' id='par_1_107' title="bbox 1786 5039 3353 5104">
     <span class='ocr_line' id='line_1_108' title="bbox 1786 5039 3353 5104; baseline 0.001 -11"><span class='ocrx_word' id='word_1_729' title='bbox 1786 5040 1928 5103; x_wconf 90' lang='lat' dir='ltr'><strong>cula,</strong></span> <span class='ocrx_word' id='word_1_730' title='bbox 1967 5039 2243 5094; x_wconf 88' lang='lat' dir='ltr'><strong>bonumne</strong></span> <span class='ocrx_word' id='word_1_731' title='bbox 2275 5041 2324 5094; x_wconf 92' lang='lat' dir='ltr'><strong>id</strong></span> <span class='ocrx_word' id='word_1_732' title='bbox 2369 5047 2648 5095; x_wconf 87' lang='lat' dir='ltr'><strong>certamen</strong></span> <span class='ocrx_word' id='word_1_733' title='bbox 2689 5050 2793 5104; x_wconf 89' lang='lat' dir='ltr'><strong>est,</strong></span> <span class='ocrx_word' id='word_1_734' title='bbox 2825 5057 2858 5095; x_wconf 92' lang='lat' dir='ltr'><strong>o</strong></span> <span class='ocrx_word' id='word_1_735' title='bbox 2891 5042 3098 5098; x_wconf 86' lang='lat' dir='ltr'><strong>Paule?</strong></span> <span class='ocrx_word' id='word_1_736' title='bbox 3126 5040 3237 5103; x_wconf 74' lang='lat' dir='ltr'><strong>Nm,</strong></span> <span class='ocrx_word' id='word_1_737' title='bbox 3277 5043 3353 5094; x_wconf 91' lang='lat' dir='ltr'><strong>in-</strong></span> 
     </span>
    </p>
   </div>
   <div class='ocr_carea' id='block_1_108' title="bbox 1786 5132 3349 5204">
    <p class='ocr_par' dir='ltr' id='par_1_108' title="bbox 1786 5132 3349 5204">
     <span class='ocr_line' id='line_1_109' title="bbox 1786 5132 3349 5204; baseline -0.001 -18"><span class='ocrx_word' id='word_1_738' title='bbox 1786 5133 1924 5201; x_wconf 86' lang='lat' dir='ltr'><strong>quit,</strong></span> <span class='ocrx_word' id='word_1_739' title='bbox 1957 5140 2176 5201; x_wconf 88' lang='lat' dir='ltr'><strong>propter</strong></span> <span class='ocrx_word' id='word_1_740' title='bbox 2218 5134 2321 5187; x_wconf 89' lang='lat' dir='ltr'><strong>hoe</strong></span> <span class='ocrx_word' id='word_1_741' title='bbox 2365 5134 2586 5204; x_wconf 88' lang='lat' dir='ltr'><strong>ipsum:</strong></span> <span class='ocrx_word' id='word_1_742' title='bbox 2629 5142 2850 5204; x_wconf 87' lang='lat' dir='ltr'><strong>propter</strong></span> <span class='ocrx_word' id='word_1_743' title='bbox 2887 5132 3162 5187; x_wconf 85' lang='lat' dir='ltr'><strong>Christum</strong></span> <span class='ocrx_word' id='word_1_744' title='bbox 3202 5132 3349 5186; x_wconf 88' lang='lat' dir='ltr'><strong>enim</strong></span> 
     </span>
    </p>
   </div>
   <div class='ocr_carea' id='block_1_109' title="bbox 1790 5223 3352 5281">
    <p class='ocr_par' dir='ltr' id='par_1_109' title="bbox 1790 5223 3352 5281">
     <span class='ocr_line' id='line_1_110' title="bbox 1790 5223 3352 5281; baseline -0.001 -4"><span class='ocrx_word' id='word_1_745' title='bbox 1790 5225 1904 5279; x_wconf 65' lang='lat' dir='ltr'><strong>haec</strong></span> <span class='ocrx_word' id='word_1_746' title='bbox 1957 5224 2112 5280; x_wconf 74' lang='lat' dir='ltr'><strong>fiunt.</strong></span> <span class='ocrx_word' id='word_1_747' title='bbox 2168 5225 2222 5279; x_wconf 93' lang='lat' dir='ltr'><strong>In</strong></span> <span class='ocrx_word' id='word_1_748' title='bbox 2278 5227 2669 5281; x_wconf 85' lang='lat' dir='ltr'><strong>certaminibus</strong></span> <span class='ocrx_word' id='word_1_749' title='bbox 2715 5223 2952 5279; x_wconf 79' lang='lat' dir='ltr'><strong>externis</strong></span> <span class='ocrx_word' id='word_1_750' title='bbox 2998 5223 3194 5276; x_wconf 89' lang='lat' dir='ltr'><strong>multos</strong></span> <span class='ocrx_word' id='word_1_751' title='bbox 3233 5223 3352 5276; x_wconf 89' lang='lat' dir='ltr'><strong>dies</strong></span> 
     </span>
    </p>
   </div>
   <div class='ocr_carea' id='block_1_110' title="bbox 1784 5313 3353 5387">
    <p class='ocr_par' dir='ltr' id='par_1_110' title="bbox 1784 5313 3353 5387">
     <span class='ocr_line' id='line_1_111' title="bbox 1784 5313 3353 5387; baseline -0.002 -19"><span class='ocrx_word' id='word_1_752' title='bbox 1784 5316 2035 5372; x_wconf 88' lang='lat' dir='ltr'><strong>homines</strong></span> <span class='ocrx_word' id='word_1_753' title='bbox 2069 5317 2344 5387; x_wconf 73' lang='lat' dir='ltr'><strong>laborant,</strong></span> <span class='ocrx_word' id='word_1_754' title='bbox 2381 5326 2434 5373; x_wconf 91' lang='lat' dir='ltr'><strong>et</strong></span> <span class='ocrx_word' id='word_1_755' title='bbox 2482 5317 2535 5371; x_wconf 90' lang='lat' dir='ltr'><strong>in</strong></span> <span class='ocrx_word' id='word_1_756' title='bbox 2586 5329 2689 5370; x_wconf 91' lang='lat' dir='ltr'><strong>una</strong></span> <span class='ocrx_word' id='word_1_757' title='bbox 2725 5315 2854 5368; x_wconf 89' lang='lat' dir='ltr'><strong>hora</strong></span> <span class='ocrx_word' id='word_1_758' title='bbox 2903 5327 3164 5368; x_wconf 84' lang='lat' dir='ltr'><strong>coronam</strong></span> <span class='ocrx_word' id='word_1_759' title='bbox 3206 5313 3353 5367; x_wconf 86' lang='lat' dir='ltr'><strong>acci-</strong></span> 
     </span>
    </p>
   </div>
   <div class='ocr_carea' id='block_1_111' title="bbox 1461 5656 2029 5718">
    <p class='ocr_par' dir='ltr' id='par_1_111' title="bbox 1461 5656 2029 5718">
     <span class='ocr_line' id='line_1_112' title="bbox 1461 5656 2029 5718; baseline -0.009 0"><span class='ocrx_word' id='word_1_760' title='bbox 1461 5657 1662 5718; x_wconf 77' lang='lat' dir='ltr'><strong>V&#39;arite</strong></span> <span class='ocrx_word' id='word_1_761' title='bbox 1709 5656 2029 5718; x_wconf 84' lang='lat' dir='ltr'><strong>lcetiones.</strong></span> 
     </span>
    </p>
   </div>
   <div class='ocr_carea' id='block_1_112' title="bbox 219 5765 2276 5872">
    <p class='ocr_par' dir='ltr' id='par_1_112' title="bbox 219 5765 2276 5872">
     <span class='ocr_line' id='line_1_113' title="bbox 219 5765 2276 5872; baseline -0.014 -17"><span class='ocrx_word' id='word_1_762' title='bbox 219 5798 264 5836; x_wconf 81' lang='grc'><strong><em>⁵⁸</em></strong></span> <span class='ocrx_word' id='word_1_763' title='bbox 295 5799 582 5872; x_wconf 75' lang='grc' dir='ltr'>πράγματα</span> <span class='ocrx_word' id='word_1_764' title='bbox 616 5808 668 5848; x_wconf 91' lang='lat'><strong>0.</strong></span> <span class='ocrx_word' id='word_1_765' title='bbox 746 5789 788 5822; x_wconf 78' lang='lat'><strong>&quot;</strong></span> <span class='ocrx_word' id='word_1_766' title='bbox 821 5765 979 5859; x_wconf 76' lang='grc' dir='ltr'>ἔργον</span> <span class='ocrx_word' id='word_1_767' title='bbox 1013 5785 1240 5855; x_wconf 78' lang='grc' dir='ltr'>ποίησον</span> <span class='ocrx_word' id='word_1_768' title='bbox 1287 5779 1671 5850; x_wconf 83' lang='grc' dir='ltr'>εὐαγγελιστοῦ</span> <span class='ocrx_word' id='word_1_769' title='bbox 1705 5796 1776 5833; x_wconf 92' lang='lat' dir='ltr'><strong>m.</strong></span> <span class='ocrx_word' id='word_1_770' title='bbox 1870 5777 1915 5808; x_wconf 75' lang='lat'><strong>&quot;</strong></span> <span class='ocrx_word' id='word_1_771' title='bbox 1945 5772 2186 5828; x_wconf 75' lang='grc' dir='ltr'>ποιοῦσιν</span> <span class='ocrx_word' id='word_1_772' title='bbox 2213 5782 2276 5827; x_wconf 63' lang='grc' dir='ltr'><strong><em>ω</em></strong></span> 
     </span>
    </p>
   </div>
  </div>
