4060 6326
665 357 770 422 135
1476 349 2049 409 THEOPHYLACTI
2093 347 2222 413 BU‘I

2325 347 2497 406 ΑΗΕ
2534 348 2733 407 ARCII
2747 349 2884 409 [ΕΡ.
3782 350 3860 413 136

657 459 1007 519 consentiant
1037 455 1341 526 suppliciis,
1367 454 1471 508 boc
1489 469 1519 507 a
1547 442 1669 508 divo
1691 452 1860 506 Paulo
1884 451 2087 505 dictum
2109 458 2191 504 est
2217 466 2222 513 ς

2337 450 2446 520 Οὐχ
2477 450 2551 513 ὡς
2576 450 2689 505 τῶν
2717 453 2884 519 ἁγίων
2928 452 2985 505 δὲ
3014 454 3131 515 ταῖς
3155 452 3447 522 τιμωρίαις
3475 451 3861 524 ὲπιτρέχόντιιη,

658 566 850 608 verum
882 547 1026 618 quod
1062 546 1213 599 verbi
1248 544 1564 614 praedicatio
1599 557 1789 596 eorum
1822 543 1914 611 qui
1941 543 2040 610 ipsi
2068 549 2222 595 erant

2327 542 2485 594 τοῦτο
2515 543 2732 612 εἴρηται
2757 545 2905 611 παρὰ
2956 544 3052 596 τοῦ
3104 546 3343 611 Παύλου,
3363 546 3478 599 ἀλλ’
3503 547 3578 610 ὡς
3604 548 3699 600 τοῦ
3721 552 3864 621 κηρύ-

656 641 1049 712 impediniento
1101 636 1451 704 repressione
1515 649 1654 703 opus
1707 633 1917 698 habuit,
1973 642 2027 685 et
2077 629 2222 701 quod

2327 649 2535 701 γματος
2555 634 2812 702 δεομένου
2831 636 2929 705 τῆς
2957 636 3064 688 τῶν
3097 637 3497 705 ἐμποδιζόντων
3522 638 3675 708 αὑτῷ
3706 658 3864 696 συστο-

658 731 1042 787 imbeciiliores
1066 727 1228 782 etiam
1255 727 1382 781 hinc
1404 728 1643 780 maxime
1681 725 2115 779 consolarentur.

2327 723 2443 791 λῆς,
2470 724 2605 777 ἀλλά
2632 726 2725 777 καὶ
2744 727 2851 778 τῶν
2879 726 3279 797 ἀσθενεστέρων
3309 730 3374 781 ὲκ
3396 728 3603 783 τούτου
3634 748 3864 802 παραμυ-

618 814 623 817 ’
880 834 891 838 τ
2328 814 2600 883 θουμένων
2636 815 2705 869 τὰ
2752 816 3000 885 μέγιστα.

2404 907 2510 957 Ὃν
2540 906 2741 959 καὶσὺ
2766 906 3118 975 φυλάσσου.
3159 909 3276 962 Οὐκ
3336 906 3480 976 εἷπε,
3539 912 3860 982 Τιμὼρησον,

2300 982 2554 1047 ’κόλασον
2608 995 2871 1065 (καίτοιγε
2924 996 3048 1066 ἐνῆν
3091 998 3179 1051 διὰ
3221 999 3318 1067 τῆς
3350 1000 3568 1071 χάριτος
3596 1003 3691 1055 τοῦ
3720 1002 3863 1055 Ilvati-

2330 1104 2498 1155 ματος
2526 1086 2697 1140 ταῦτα
2731 1088 3114 1157 ἐργάσασθαι),
3144 1088 3277 1142 ἀλλὰ
3311 1089 3703 1158 φυλάσσεσθαι,
3736 1111 3863 1146 τουτ-

2330 1180 2477 1233 έστιν
2544 1179 2832 1241 ἐκκλίνειν,
2888 1181 3189 1250 ἀναχωρεῖν
3232 1182 3327 1235 ἀπ’
3352 1182 3517 1237 αὐτοῦ
3547 1186 3774 1250 κελεύει,
3799 1186 3864 1253 τῷ

2326 1268 2444 1338 Θεῴ
2475 1266 2909 1338 παραχωροῦντα
2941 1268 3041 1337 τῆς
3062 1272 3355 1338 τιμωρίας.

2397 1361 2546 1413 Δίαν
2595 1359 2704 1428 γὰρ
2744 1358 3079 1425 ἀνθέστηκε
3133 1360 3257 1426 τοῖς
3307 1363 3612 1433 ἡμετέροις
3666 1366 3863 1433 λόγοις.

726 912 894 967 Vsus.
933 909 1019 964 15.
1063 908 1229 972 Quem
1258 916 1307 962 et
1340 916 1395 960 tu
1420 908 1613 961 devita.
1638 904 1756 961 Non
1781 906 1918 959 dixit
1958 924 1972 960 :
2006 900 2225 975 Suppli-

658 1005 750 1059 cio
784 1001 956 1063 allice,
988 1007 1084 1053 aut
1116 997 1245 1067 puni
1309 997 1547 1068 (etiamsi
1592 996 1791 1049 licebat
1850 1010 1946 1063 per
1994 994 2223 1064 gratiam

656 1094 894 1164 Spiritus
922 1095 1034 1144 haec
1075 1087 1308 1157 facere),
1346 1086 1442 1142 sed
1471 1087 1730 1151 devitare,
1763 1085 1865 1139 hoc
1927 1094 2032 1148 est,
2058 1086 2227 1139 decli-

656 1200 791 1240 nare
830 1193 880 1237 et
909 1182 1167 1238 secedere
1196 1180 1263 1235 ab
1291 1196 1357 1235 eo
1381 1180 1555 1250 jubet,
1594 1194 1659 1232 ac
1686 1178 1796 1231 Deo
1817 1176 2112 1231 vindictam
2142 1192 2227 1230 re-

654 1277 923 1343 linquere.

739 1365 905 1418 Valde
949 1378 1172 1431 namque
1224 1362 1415 1416 restitit
1452 1377 1619 1415 vernis
1672 1360 1890 1413 nostris.
1955 1358 2070 1414 I-loc
2120 1368 2221 1425 est,

654 1463 863 1525 pugnat
886 1453 1172 1508 adversum
1206 1468 1313 1515 me,
1366 1461 1530 1521 atque
1573 1450 1849 1519 Evangelii
1906 1451 2085 1506 verbis
2127 1451 2226 1505 ad-

652 1554 921 1600 VCI'SMIH'.

2325 1542 2438 1593 λίου
2476 1541 2520 1571 ⁸⁸
2544 1540 2743 1608 λόγοις.

723 1634 889 1688 Vens.
916 1634 1000 1689 16.
1032 1632 1098 1686 In
1122 1634 1295 1701 prima
1324 1649 1440 1686 mea
1470 1634 1934 1702 defensionenemo
1977 1635 2104 1687 mihi
2129 1634 2222 1685 ad-

2410 1629 2605 1699 Ἐν·τῇ
2630 1630 2825 1699 πρώτῃ
2869 1651 2988 1701 μου
3039 1633 3333 1702 ἀπολογίᾳ
3387 1633 3587 1700 οὐδείς
3608 1652 3707 1703 μοι
3730 1636 3869 1702 ’συμ-

654 1726 778 1795 fuit,
820 1727 909 1780 sed
959 1742 1138 1778 omnes
1173 1742 1253 1778 me
1321 1724 1728 1794 dereliquerunt.
1796 1725 2032 1779 Rursum
2087 1724 2222 1777 alias

2326 1719 2700 1789 παρεγένετο,
2737 1722 2897 1775 ἀλλὰ
2922 1722 3145 1788 πάντες
3168 1741 3246 1793 με
3270 1725 3682 1809 ἐγκατέλιπον.
3725 1727 3869 1781 Πάλιν

656 1816 995 1870 tentationes
1017 1826 1260 1879 enarrat,
1291 1831 1401 1883 quo
1432 1817 1605 1885 magis
1634 1815 1963 1885 discipulum
2006 1816 2070 1871 ad
2102 1832 2222 1883 cer-

2327 1809 2544 1880 ὲτέρους
2590 1812 2925 1880 πειρασμοὺς
2950 1812 3239 1881 διηγεῖται,
3267 1814 3353 1865 ἴνα
3390 1814 3590 1882 μᾶλλον
3623 1815 3807 1884 ἀλείφῃ
3831 1815 3866 1847 δ’

654 1918 839 1961 tamen
864 1907 1084 1962 excitet.
1122 1905 1361 1959 Primam
1394 1914 1575 1959 autem
1614 1907 1982 1961 defensionem
2013 1908 2222 1975 qualem

2329 1900 2421 1953 τὸν
2454 1901 2720 1972 μαθητήν.
2759 1902 2987 1973 Πρώτην
3048 1904 3103 1955 δὲ
3153 1904 3447 1972 ἀπολογίαν
3496 1908 3657 1959 ποίαν
3707 1907 3869 1974 λέγεις

656 1998 793 2052 dicit
823 1999 846 2051 Ἰ
882 1996 1190 2051 Sistebatur
1221 1999 1457 2067 primum
1486 1994 1713 2061 Neroni,
1750 2003 1806 2051 et
1856 1996 2042 2067 cﬂugit
2083 2013 2222 2050 inor—

2331 1988 2583 2058 Παρέστη
2611 1991 2874 2059 πρότερον
2903 1991 2981 2061 τῷ
3028 1992 3263 2062 Νέρωνι,
3301 1994 3395 2046 καὶ
3430 1995 3653 2062 διέφυγε
3684 1996 3770 2048 τὸν
3793 1995 3871 2049 θά-

655 2098 790 2153 tem,
825 2088 961 2142 adeo
990 2096 1049 2140 ut
1071 2089 1139 2142 ab
1178 2102 1243 2141 eo
1285 2088 1450 2141 etiam
1486 2094 1727 2157 tempore
1750 2089 2071 2159 prmdicaret
2104 2105 2227 2144 ver-

649 2180 805 2232 bum.
845 2178 1141 2249 Postquam
1168 2194 1295 2233 vero
1320 2180 1641 2249 pincernam
1689 2180 1809 2249 ejus
1842 2181 1895 2235 in
1942 2180 2043 2233 fide
2072 2181 2227 2236 insti-

652 2270 883 2331 tuisset,
915 2271 1131 2324 insania
1161 2281 1473 2326 exaestuans
1503 2272 1648 2326 Nero
1676 2273 2025 2327 obtruncavit
2081 2288 2225 2331 eum.

650 2359 1156 2415 Tristitiamautem
1185 2362 1388 2417 indicat
1433 2364 1577 2433 quod
1610 2366 1687 2417 ait
1731 2381 1744 2417 :
1781 2364 1973 2419 Omnes
2016 2381 2095 2417 me
2142 2366 2229 2417 de—

654 2450 1020 2518 reliqueruut:
1053 2451 1277 2518 perinde
1304 2452 1651 2525 quasidicat,
1687 2452 1980 2505 DomeStici
2014 2455 2112 2506 mei
2144 2468 2230 2507 me

652 2528 1042 2609 prodiderunt,
1066 2542 1327 2610 omnique
1352 2544 1727 2597 consolatione
1763 2543 2058 2599 destitutus
2082 2560 2225 2598 sum.

651 2629 919 2695 Quocirca
949 2638 1002 2683 et
1034 2638 1092 2683 tu
1123 2632 1173 2685 in
1207 2631 1463 2701 periculis
1484 2633 1777 2689 destitutus
1804 2650 1889 2692 me
1922 2636 2225 2705 exemplum

656 2719 758 2775 tibi
791 2718 944 2775 sume
976 2720 1043 2774 ad
1076 2722 1532 2777 consolationem.
1571 2776 1577 2781 .

724 2811 847 2867 Non
903 2814 1189 2882 imputetur
1265 2814 1416 2882 ipsis.
1498 2815 1904 2869 Animadvertis
1957 2816 2228 2885 quomodo

652 2912 847 2971 pareat
880 2906 996 2959 suis
1022 2906 1043 2957 ?
1069 2905 1232 2974 Atqui
1286 2921 1396 2959 rem
1433 2921 1649 2975 gravem
1690 2906 2025 2961 admiserunt
2073 2907 2222 2982 fami.

2332 2905 2582 2969 οίκείων;
2618 2905 2795 2957 καίτοι
2830 2906 2989 2975 ἔργον
3032 2906 3357 2976 εἰργάσαντο
3397 2908 3568 2961 δεινὸν
3610 2909 3657 2961 οἱ
3708 2910 3879 2961 οἰκεῖοι

654 2993 819 3047 liares
845 3004 1009 3062 atque
1034 2995 1319 3048 domestici
1345 2995 1490 3063 ejus,
1520 2997 1766 3063 adeoque
1822 3007 2222 3067 cooperatores,

2333 2997 2382 3047 οί
2428 2998 2696 3063 συνεργοὶ,
2745 2995 3205 3064 ἐγκαταλιπόντες
3249 2999 3428 3052 αὐτόν.
3481 3000 3555 3051 Οὐ
3603 3000 3708 3069 γάρ
3746 3001 3879 3051 ἐστιν

651 3096 776 3134 eum
807 3081 1165 3137 deseruerunt
1192 3097 1336 3134 eum.
1380 3082 1496 3136 Non
1533 3085 1677 3137 enim
1734 3087 1944 3152 aequale
1969 3088 2221 3149 habetur,

2332 3080 2448 3138 ἴσον
2495 3086 2642 3155 παρᾶ
2669 3087 2778 3137 τῶν
2846 3086 3044 3149 ἔξωθεν
3089 3087 3586 3157 καταφρονηθῆναι,
3621 3091 3710 3141 καὶ
3745 3088 3881 3158 παρὰ

2327 1450 2607 1514 Τουτέστι,
2644 1452 2869 1519 πολεμεῖ
2898 1452 2989 1503 καὶ
3015 1451 3350 1507 ἐναντιοῦται
3377 1457 3487 1518 τοῖς
3522 1455 3617 1508 τοῦ
3642 1456 3863 1523 Euan:-

2331 2173 2450 2243 χέον
2478 2173 2642 2226 αὐτοῦ
2672 2175 2976 2244 κατήχησε,
3000 2176 3118 2227 τότε
3144 2175 3451 2244 ὑπερζέσας
3473 2177 3665 2246 Νέρων
3690 2180 3752 2248 τῇ
3784 2193 3873 2244 μα-

2330 2263 2452 2332 νία,
2492 2262 2765 2332 ἀπέτεμεν
2828 2263 3015 2318 αὐτόν.
3080 2264 3341 2335 ’Δθυμίαν
3384 2264 3439 2318 δὲ
3498 2267 3748 2335 ἐμφαίνει
3801 2265 3874 2329 τδ,

2330 2354 2561 2420 Πάντες
2595 2373 2671 2423 με
2722 2353 3114 2424 ἐγκατέλιπον
3132 2372 3146 2387 ο
3173 2357 3373 2409 ὡσανεὶ
3418 2356 3569 2425 ἔλεγε
3588 2374 3599 2389 ·
3627 2358 3735 2411 Καὶ
3755 2358 3797 2409 οἱ
3816 2360 3875 2408 ol-

2331 2446 2466 2496 κεῖοί
2510 2462 2600 2514 μοι
2637 2447 2971 2515 προέδωκαν,
3012 2447 3108 2499 καὶ
3160 2447 3341 2515 πάσης
3385 2447 3685 2517 ἐστερήθην
3718 2464 3874 2517 παρα-

2336 2536 2551 2605 μυθίας.
2580 2537 2742 2590 Ὥστε
2798 2522 2892 2589 καὶ
2946 2539 3013 2590 σὺ
3046 2540 3105 2591 ἐν
3149 2538 3342 2600 δεινοῖς
3386 2538 3763 2609 καταλειφθεὶς
3798 2539 3875 2613 ἔχε

2333 2627 2685 2697 παραμυθίαν
2704 2629 2770 2681 τὶ
2796 2630 2916 2681 κατ’
2947 2629 3068 2699 ἐμέ.

2403 2812 2496 2880 Μὴ
2528 2812 2730 2877 αὐτοῖς
2777 2814 3106 2881 λογισθείη.
3153 2812 3315 2883 Ὁρᾷς
3364 2815 3480 2885 πῶς
3522 2816 3759 2884 φείδεται
3784 2816 3877 2869 τῶν

2330 2098 2509 2145 νατον,
2539 2081 2678 2134 ὥστε
2708 2084 2802 2135 καὶ
2830 2083 3128 2153 κηρύσσειν
3154 2084 3342 2137 ἔκτοτε
3362 2101 3376 2114 ·
3409 2085 3530 2138 ἐπεὶ
3560 2086 3617 2138 δὲ
3641 2087 3730 2140 τὸν
3755 2089 3870 2139 οἰνο·
3964 2100 3967 2103 ‘

652 3171 721 3225 ab
749 3173 997 3226 externis
1049 3173 1322 3226 contemni
1359 3180 1411 3226 et
1466 3174 1534 3227 ab
1569 3175 1780 3229 amicis.
1813 3176 2064 3228 Attamen
2108 3191 2221 3244 pre-

654 3270 815 3335 catur
839 3276 908 3316 ne
945 3263 1092 3317 istud
1124 3264 1426 3330 imputetur
1449 3264 1551 3326 eis,
1585 3265 1727 3332 apud
1754 3264 1919 3319 Deum
1952 3266 2221 3329 videlicet,

650 3367 773 3404 cum
806 3352 939 3406 alias
963 3370 1247 3423 peeca.um
1277 3355 1347 3429 sit
1377 3356 1591 3423 ingens,
1614 3369 1677 3408 ac
1708 3356 1927 3424 dignum
1955 3359 2097 3426 quod
2120 3357 2222 3411 im-

658 3451 900 3509 putetur.

724 3529 889 3582 Vrsns.
929 3531 1017 3605 ii.
1054 3530 1316 3585 Dominus
1346 3543 1520 3586 autem
1559 3534 1688 3587 mihi
1714 3536 1907 3589 astitit.
1945 3536 2224 3606 Discipulo

655 3617 803 3671 istud
846 3633 1040 3673 rursus
1064 3629 1146 3674 est
1172 3621 1369 3677 solatio
1397 3639 1409 3675 :
1441 3623 1682 3687 ostendit
1710 3626 1855 3678 enim
1897 3629 2039 3696 quod
2085 3630 2223 3682 Deus

655 3720 765 3758 non
795 3709 1090 3761 sinateum
1124 3711 1309 3778 gravia
1369 3713 1612 3781 pericula
1673 3718 1966 3784 sustinere,
2014 3719 2105 3787 qui
2157 3719 2225 3773 ab

650 3796 966 3852 hominibus
984 3799 1404 3872 derelinquitur.

720 3884 787 3939 Et
809 3888 1128 3959 confortavit
1160 3909 1258 3947 me.
1298 3894 1418 3949 Hoc
1442 3902 1547 3964 est,
1595 3876 1847 3954 fiduciam
1921 3902 2089 3967 dedit,
2124 3918 2223 3957 nec

653 3980 909 4047 permisit
937 3998 1021 4035 me
1045 3986 1427 4041 succumbere.

715 4070 884 4137 618
922 4070 988 4123 Ut
1014 4089 1102 4138 per
1130 4090 1210 4125 me
1233 4077 1549 4141 pra'dicatio
1605 4080 1909 4145 impleatur.
1977 4082 2221 4138 Observa

647 4162 918 4222 ingentem
944 4159 1073 4227 ejus
1110 4162 1498 4222 humilitatem.
1529 4165 1646 4219 Non
1679 4170 1822 4222 enim
1848 4173 1992 4237 quod
2027 4175 2222 4241 dignus

646 4247 750 4298 sint
843 4246 962 4314 ejus
1030 4248 1196 4314 dono,
1286 4255 1619 4310 confortavit
1712 4276 1817 4325 me,
1875 4263 2071 4332 inquit,
2128 4268 2220 4321 sed

646 4343 705 4387 ut
736 4334 1046 4401 prwdicatio
1081 4356 1171 4407 per
1198 4358 1274 4395 me
1296 4344 1601 4412 impleatur,
1625 4349 1725 4403 hoc
1751 4361 1853 4415 est,
1886 4356 2217 4422 staluiliatur,

2327 3175 2437 3227 τῶν
2463 3176 2698 3227 οἰκείων.
2743 3172 3065 3244 Ἀλκμόᾖως
3088 3176 3303 3246 εὔχεται
3338 3179 3411 3247 μὴ
3453 3178 3763 3249 λογισθῆναι
3794 3179 3877 3231 αὑ-

2325 3263 2434 3322 τοῖς
2458 3260 2633 3323 τοῦτο,
2675 3262 2821 3332 παρὰ
2857 3263 2975 3332 Θεῷ
3020 3263 3241 3335 δηλαδὴ,
3275 3265 3451 3329 ἄλλως
3502 3266 3797 3339 ἁμάρτημα
3828 3266 3879 3319 ὃν

2328 3350 2492 3421 μέγα,
2529 3352 2624 3406 καὶ
2653 3352 2803 3417 ἄξιον
2832 3355 3165 3423 λογίζεσθαι.

2409 3512 2569 3586 Ἀλλ’
2622 3534 2653 3584 ό
2705 3534 2919 3599 Κύριός
2965 3551 3063 3601 μοι
3119 3538 3410 3607 παρέστη.
3461 3512 3631 3593 Τοῦτο
3660 3538 3707 3574 ⁸⁸
3728 3538 3874 3594 πάλιν

2328 3624 2654 3694 παραμυθία
2679 3626 2755 3693 τῷ
2787 3626 2999 3695 μαθητῇ
3026 3643 3038 3655 ’
3076 3626 3313 3680 δείκνυσι
3345 3630 3474 3698 γὰρ,
3508 3630 3591 3681 ὅτι
3626 3632 3715 3683 τὶν
3739 3632 3876 3701 παρὰ

2326 3716 2624 3785 ἀνθρώπων
2667 3716 3211 3787 ἐγκαταλειπόμενον
3261 3719 3591 3789 οὑκριφίησί
3629 3737 3681 3774 τι
3721 3722 3878 3774 δεινὸν

2326 3807 2517 3861 παθεῖν
2558 3809 2584 3860 ὁ
2622 3807 2773 3871 Θεός.
3762 3882 3769 3885 _

2391 3900 2496 3954 Kal
2520 3899 2935 3969 ἐνεδυνάμωσέ
2946 3884 3040 3969 με.
3068 3902 3344 3966 Τευτέστι,
3366 3902 3680 3974 παρρησίαν
3705 3884 3878 3973 ἐχαρί-

2330 4007 2480 4055 σατο,
2514 3992 2614 4041 οὐκ
2654 3990 2832 4059 ἀφῆκε
2869 3994 3217 4045 καταπεσεῖν.

2397 4083 2517 4132 Ἵνα
2539 4080 2612 4131 δι’
2635 4080 2783 4149 ἐμοῦ
2818 4080 2883 4131 τὸ
2941 4074 3212 4146 κήρὺγμα
3246 4083 3696 4151 πληροφορηθῇ.
3748 4083 3875 4153 Ὀρα

2326 4170 2421 4239 τὴν
2448 4170 2646 4239 πολλὴν
2708 4170 2874 4221 αὑτοῦ
2926 4174 3448 4241 ταπεινοφροσύνην.
3496 4175 3610 4243 Οὐχ
3645 4176 3714 4237 ὡς
3741 4175 3889 4240 ἄξιον

2325 4260 2453 4328 γὰρ,
2483 4261 2636 4327 φησι,
2664 4263 2843 4327 τυχεῖν
2865 4260 2963 4328 τῆς
2986 4260 3195 4329 δωρεᾶς
3241 4262 3613 4332 ὲνεδννάμωσέ
3650 4282 3734 4335 με,
3765 4263 3875 4318 ἀλλ’

2326 4352 2424 4402 ἵνα
2472 4351 2537 4402 τὸ
2572 4349 2840 4417 κήρυγμα
2860 4350 2938 4400 ’δι’
2963 4351 3109 4417 ἐμοῦ
3170 4355 3621 4423 πληροφορηθῇ,
3650 4358 3875 4410 τουτέστι

646 4422 730 4475 vel
779 4424 846 4476 ad
885 4426 1041 4479 linem
1075 4432 1355 4496 perveniat
1413 4444 1466 4487 et
1502 4437 1792 4505 impleatur
1824 4458 1835 4492 :
1869 4446 2218 4509 quemadmo—

2329 4442 2623 4511 βεϐαιωθῇ.
2655 4442 2685 4509 ἧ
2715 4442 2792 4503 είς
2813 4442 2981 4511 πέρας
3005 4442 3129 4511 ἕ).οῃ
3157 4444 3251 4494 καὶ
3282 4422 3579 4517 πληρωθῇέ
3609 4449 3789 4519 ὥσπερ
3818 4449 3875 4501 ἂν

648 4510 777 4564 dum
817 4514 861 4567 si
912 4515 1035 4582 quis
1063 4534 1356 4587 purpuram
1398 4538 1459 4577 ac
1482 4523 1728 4582 diadema
1794 4533 1994 4600 legium
2032 4548 2223 4605 gestet,

649 4616 712 4654 ac
742 4613 965 4673 propter
1002 4609 1113 4659 laec
1151 4619 1422 4663 servetur.

718 4691 1031 4747 litaudimtt
1060 4713 1239 4751 omnes
1280 4712 1477 4771 gentes.
1524 4702 1639 4758 Hoc
1684 4715 1783 4770 est,
1825 4719 1881 4763 ut
1936 4715 2219 4785 perspicua

652 4783 743 4836 fiat
774 4796 827 4837 et
859 4784 1007 4840 vetbi
1041 4787 1234 4856 gloria,
1268 4799 1321 4843 et
1356 4792 1553 4848 divinae
1606 4798 1960 4865 providentia:
2013 4783 2079 4857 de
2136 4821 2220 4861 me

640 4886 792 4925 cura.

714 4966 789 5015 At:
814 4963 1056 5018 liberabit
1090 4983 1167 5020 me
1192 4985 1257 5022 ex
1313 4989 1402 5026 ore
1430 4975 1614 5031 leonis.
1648 4979 1759 5036 Hoc
1808 4996 1911 5049 est,
1957 4986 2206 5041 Neronis.

646 5052 810 5106 lsuun
836 5058 983 5109 enim
1012 5057 1223 5112 leonem
1256 5064 1511 5129 appellat,
1558 5080 1779 5137 propter
1839 5076 2049 5142 imperii
2091 5079 2211 5145 ejus

645 5142 877 5195 mburet
914 5148 1144 5203 invictas
1176 5149 1343 5205 vires.
1380 5151 1510 5207 Vide
1535 5166 1716 5211 autem
1750 5176 1912 5229 quam
1956 5142 2147 5232 parum
2181 5181 2209 5219 a

647 5237 817 5282 morte
850 5232 1102 5303 abfuerit,
1136 5256 1261 5296 cum
1296 5242 1350 5297 in
1379 5242 1556 5299 leonis
1592 5245 1778 5303 fauces
1827 5252 2099 5307 inciderit.

712 5400 876 5455 Vens.
909 5404 995 5460 18.
1028 5405 1094 5460 Et
1130 5411 1369 5479 liberabit
1394 5434 1472 5471 me
1499 5417 1760 5476 Dominus
1788 5422 1852 5475 ab
1889 5426 2031 5477 omni
2060 5441 2212 5493 opere

2329 4532 2461 4593 είτις
2492 4531 2782 4602 ἁλουργίδα
2811 4532 2904 4584 καὶ
2929 4532 3163 4604 διάδημα
3195 4534 3470 4604 βαστάζω,
3493 4540 3689 4593 καὶδιὰ
3716 4538 3874 4590 ταῦτα

2328 4622 2576 4686 σώζοιτο.
2719 4633 2732 4639 ’

2394 4712 2500 4767 Καὶ
2524 4700 2758 4781 ἀκούσῃ
2788 4711 2983 4769 πάντα
3008 4714 3078 4769 τὰ
3097 4715 3261 4781 ἔθνη.
3282 4714 3593 4781 Τουτέστιν,
3614 4717 3697 4770 ἵνα
3718 4716 3876 4771 κατὰ·

2322 4802 2479 4870 δηλος
2501 4796 2642 4855 πᾶσι
2692 4802 2918 4871 γένηται
2976 4804 3071 4857 καὶ
3122 4804 3215 4857 τοῦ
3266 4804 3627 4873 κηρύγματος
3667 4807 3699 4876 ὴ
3734 4806 3869 4873 δόξα,

2323 4893 2537 4958 καὶτῆς
2566 4909 2631 4944 πε
2644 4894 2695 4962 ρί
2718 4893 2818 4961 ἐμὲ
2849 4893 3103 4961 προνοίας
3134 4895 3166 4963 ἡ
3195 4893 3508 4960 κηδεμονία.

2390 4978 2493 5031 Καὶ
2526 4981 2823 5047 ἐρρύσατό
2852 4998 2928 5049 με
2963 4982 3030 5035 ἐκ
3072 4986 3367 5051 στόματος
3414 4982 3677 5051 λέοντος.
3717 4986 3872 5039 Taur-

2319 5068 2433 5119 ἐστι
2499 5071 2590 5121 τοῦ
2638 5072 2907 5139 Νέρωνος.
2952 5074 3159 5147 ίΛέοντα
3194 5072 3302 5142 γὰρ
3321 5068 3508 5127 τοῦτον
3536 5093 3683 5147 φησι,
3706 5079 3790 5133 διὰ
3816 5079 3871 5132 τὸ

2320 5152 2538 5227 ἰσχυρὸν
2598 5160 2762 5212 αὐτοῦ
2808 5162 2905 5229 τῆς
2971 5146 3246 5231 βασιλείας
3306 5162 3398 5215 καὶ
3442 5146 3865 5238 ἀκατάπληκτον.

2322 5248 2460 5316 Ὅρα
2489 5248 2543 5300 δὲ
2569 5249 2685 5312 πῶς
2710 5251 2861 5319 παρὰ
2904 5253 3099 5322 μικρὸν
3150 5246 3311 5319 ἦλθεν
3337 5252 3647 5326 ἀποθανεῖν,
3677 5262 3754 5322 είς
3782 5259 3868 5311 αὑ-

2318 5339 2407 5391 τὸν
2436 5341 2527 5393 τὸν
2560 5342 2815 5411 φάρυγγα
2854 5343 2947 5395 τοῦ
2984 5343 3196 5405 λέοντος
3226 5345 3503 5414 ἐμπεσών.

2388 5431 2494 5485 Kal
2536 5434 2787 5499 ῥύσεταί
2841 5452 2913 5503 με
2948 5422 3003 5489 id
3049 5436 3261 5505 Κύριος
3299 5439 3415 5494 ἀπὸ
3463 5442 3680 5509 παντὸς
3701 5443 3867 5510 ἔργου

2033 5603 2235 5666 Variae
2267 5603 2589 5670 lectiones.

704 5679 748 5711 "
774 5680 1125 5752 κηρύγματος
1150 5699 1201 5740 ο.
1280 5686 1325 5721 ⁸⁷
1354 5690 1514 5763 dlian
1546 5712 1619 5752 ιη.
1727 5700 1774 5733 ⁸⁸
1801 5702 1907 5757 ἰδοὺ
1961 5719 2018 5762 0.

4010 712 4017 811 ἓ
