4068 6324
273 299 390 398 ~ma

982 320 1385 424 exposmo
1417 337 1498 398 IN
1537 322 1902 400 trusum
1942 340 2336 405 HEBR/EOS.
2371 371 2439 382 —
2480 345 2639 408 CAP.
2678 346 2726 407 Ι.

3402 344 3509 413 ιω

284 429 640 519 μεγαλειότης
689 449 1069 520 ενοεωρεϊται,
1113 447 1363 517 οὐδαμοῦ⁵
1389 448 1561 516 αὑτῆς
1610 447 1830 518 ὑπερπίε

1946 463 2066 504 esse
2093 449 2238 505 Patri
2264 453 2544 521 aequalem.
2569 453 2626 507 In
2665 449 2844 507 forma'
2867 452 3009 507 enim
3039 451 3221 509 Patris
3255 453 3512 523 maiestas

257 555 490 592 ·πτουσα
515 555 529 569 ·
560 534 597 608 ἦ
651 539 759 611 γὰρ
785 538 850 592 ἂν
875 540 1119 609 ἄμορφον
1172 538 1256 606 εἴη
1284 537 1376 590 καὶ
1403 536 1634 598 ἀκαλλὲς
1656 535 1717 588 τὸ
1742 534 1844 600 ἔξω

277 626 381 694 τῆς
420 624 636 698 μορφῆς
675 627 891 693 πίπτον,
925 628 1064 698 ὅπερ
1092 624 1294 698 ᾄτοπον
1330 625 1459 695 περὶ
1492 625 1588 678 τοῦ
1634 622 1844 694 nam

278 719 504 774 ἑννοεϊν.Δ
561 721 623 773 Et
677 721 732 773 δὲ
777 719 1013 782 τοσαύτη
1067 717 1214 771 ἐστὶν
1261 719 1294 787 ἡ
1338 718 1697 788 μεγαλειότης
1745 717 1845 786 τοῦ,

277 808 512 878 Πατρδς,
545 811 644 880 ὅση
666 811 759 863 καὶ
780 812 822 881 η,
848 807 1051 880 μορφὴ,
1083 810 1113 861 ό
1143 807 1208 861 δὲ
1234 807 1517 879 χαρακτὴρ
1559 810 1844 878 ίσόμετρος

276 901 344 968 τῇ
382 902 561 971 μορφῇ
589 915 606 932 ο
631 899 745 969 ἔχοι
793 901 859 954 ἂν
903 900 1000 952 καὶ
1041 901 1069 952 ό
1123 899 1406 968 χαρακτὴρ
1444 899 1711 968 τοσαύτην
1744 901 1843 968 τὴν

279 991 693 1062 μεγαλειότητα,
741 993 840 1062 ὅση
872 993 952 1064 τῇ
998 994 1182 1069 μορφῇ
1227 990 1322 1049 τοῦ
1368 991 1505 1055 θεοῦ
1555 994 1842 1063 ἑνθεωριῖ-

273 1095 391 1135 -.ἰι.
966 1105 981 1110 ··
1654 1112 1655 1115 ‘
1703 1113 1708 1117 ·

345 1171 548 1239 «σέ-οων
587 1189 652 1228 τε
688 1173 761 1228 τά
787 1174 982 1240 πάντα
1017 1177 1097 1242 τῷ
1118 1245 1125 1255 ⁸
1136 1179 1360 1248 ῥήματι
1392 1177 1504 1250 τῆς
1530 1177 1841 1246 δυνάμεως

274 1263 486 1316 αὑτοῦ.
525 1264 586 1315 '0
631 1263 823 1333 πρώην
859 1265 1326 1338 ὑποδραττόμενος
1375 1267 1493 1330 τοῦ,
1560 1269 1635 1320 δι’
1669 1264 1742 1323 οὗ
1775 1269 1838 1342 ’,⁸.

275 1351 377 1405 καὶ
406 1353 480 1415 ώς
528 1353 800 1424 ὑπουργὸν
830 1354 992 1408 αὑτὸν
1023 1357 1193 1421 τιθεὶς
1212 1399 1226 1424 ,
1262 1357 1428 1412 ἄκουε
1450 1359 1565 1420 νῦν.
1602 1360 1650 1411 εί
1683 1358 1841 1436 δύνα-

279 1459 372 1495 σαι
398 1445 657 1508 συνεῖναι,
683 1444 798 1506 πῶς
823 1445 1056 1500 ἐνταῦθα
1083 1448 1298 1501 δίδωσιν
1323 1450 1351 1502 ό
1382 1449 1594 1512 Παῦλος
1626 1449 1702 1518 τῷ
1724 1449 1840 1518 Υίῷ

272 1532 376 1601 τὴν
434 1533 742 1586 αὑθεντίαν.
784 1535 899 1588 Οὑκ
949 1533 1070 1592 εἷπε
1123 1538 1204 1601 δὲ,
1258 1539 1444 1607 Φέρων
1486 1541 1553 1609 τῇ
1589 1538 1836 1608 δυνάμει,

273 1617 431 1689 ἀλλά,
470 1622 550 1688 τῷ
565 1623 784 1692 ῥήματι
814 1625 925 1694 τῆς
957 1626 1287 1697 δυνάμεως,
1318 1630 1585 1694 τουτέστι,
1641 1629 1719 1700 τῷ
1746 1630 1838 1698 γά·

281 1729 438 1780 μοντι
501 1711 892 1785 δυνάμεωςτῷ
919 1706 1142 1770 δυνατὸν
1199 1718 1362 1778 αὑτὸν
1415 1718 1702 1778 δεικνύντι.
1739 1719 1834 1786 ⁴Ὧς

274 1803 384 1871 γὰρ
414 1802 592 1869 λέγεις
613 1805 707 1856 καὶ
738 1805 829 1858 τὸν
847 1807 1066 1881 Πατέρα
1099 1809 1277 1863 εἰπεῖν
1297 1810 1656 1882 ’,Γενηθήτω
1683 1808 1829 1879 φῶς,

275 1895 372 1946 καί
400 1885 635 1962 ἐγένετο
658 1894 784 1964 φῶς
803 1911 816 1925 ·
849 1896 991 1952 οὑτω
1021 1902 1115 1953 καὶ
1141 1901 1170 1954 ό
1195 1900 1326 1965 Υἱὸς
1352 1902 1558 1972 ῥήματι
1588 1903 1743 1972 φέρει
1765 1902 1832 1956 τά

276 1985 477 2047 πάντα,
510 1986 780 2050 τουτέστι,
817 1986 1075 2060 κυϐερνᾷ,
1116 1993 1495 2063 συγκρατεϊη.
1533 1993 1748 2046 Μᾶλλον
1775 1993 1830 2046 δὲ

277 2077 466 2144 μεῖξον
483 2075 575 2129 τοῦ
604 2081 948 2147 παραγαγεῖν
973 2081 1042 2133 τὰ
1068 2081 1264 2146 πάντα,
1279 2082 1340 2137 τὸ
1361 2082 1830 2149 διαστασιάζοντα,

273 2166 367 2217 καὶ
389 2168 471 2228 είς
499 2167 562 2219 τδ
592 2167 694 2238 μὴ·
721 2164 858 2222 εἶναι
893 2171 1152 2240 μέλλοντα
1196 2173 1548 2243 προχωρῆσαι
1594 2167 1848 2245 συγκραέ

273 2258 405 2313 τεῖν.
455 2257 568 2308 Καὶ
625 2259 723 2310 οὑκ
774 2255 916 2321 εἷπε,
959 2260 1271 2330 κυϐερνῶν,
1302 2262 1458 2328 ἀλλὰ,
1514 2263 1724 2332 φέρων,
1769 2268 1833 2317 ὲκ

276 2346 596 2413 μεταφορᾶς
639 2346 747 2398 τῶν
800 2347 1046 2420 δακτύλῳ
1080 2368 1132 2403 τι
1160 2353 1514 2406 ποιούντων¹³
1567 2355 1831 2415 κινεῖσθαι

275 2437 368 2488 καὶ
421 2435 841 2505 μεταφέρεσθαι.
905 2440 1007 2492 Τὸν
1053 2440 1158 2512 γὰρ
1187 2442 1499 2511 τηλικοῦτον
1526 2444 1686 2512 ὄγκον
1737 2447 1834 2516 τῆς

275 2524 504 2586 κτίσεως
532 2526 624 2579 τὸν
660 2528 998 2600 ὑπέρμεγαν,
1024 2530 1100 2595 ὼς
1130 2533 1280 2587 οὐδὲν
1301 2535 1462 2598 αὑτὸς
1483 2535 1833 2602 διαϐαστάζει

274 2615 366 2668 καὶ
393 2615 538 2684 λόγῳ
565 2616 713 2689 μόνῳ
741 2619 916 2672 πάντα
953 2621 1271 2694 δυναμένῳ..
1298 2625 1372 2678 Οὑ
1408 2626 1516 2694 γὰρ
1554 2627 1710 2698 ψιλὸν
1741 2630 1835 2688 ἐπὶ

275 2700 408 2755 Θεοῦ
437 2705 498 2756 τὸ
517 2706 693 2775 ῥῆμα,
718 2709 792 2772 ὡς
812 2709 896 2778 ἐφ’
923 2712 1097 2780 ἡμῶν.
1120 2707 1249 2785 Εἶτα
1279 2715 1545 2772 τοσούτων
1569 2718 1833 2786 αἱρέσεων

278 2791 732 2862 ἀνατρεπομένων
756 2800 812 2850 ὲν
843 2801 1142 2870 προοιμίοις
1161 2803 1321 2865 εὐθὺς
1346 2805 1445 2873 τῆς
1492 2807 1831 2875 Ἐπιστολῆς,

227 2901 230 2903 λ
277 2880 389 2943 πῶς
417 2883 659 2952 τολμῶσί
681 2903 819 2948 τινες
847 2889 1059 2942 ἀθετεῖν
1094 2892 1285 2962 αὑτὴν,
1316 2893 1393 2957 ὡς
1424 2895 1498 2965 μὴ
1535 2896 1614 2966 τῷ
1638 2897 1834 2969 Παύλῳ

277 2975 678 3044 προσήκουσαν,
709 2981 1004 3049 τεκμήριον
1028 2981 1118 3034 τὸν
1148 2985 1472 3054 χαρακτῆρα
1493 2987 1590 3058 τῆς
1618 2989 1831 3061 γραφῆς

1946 541 2418 607 animadvertitur,
2434 533 2770 612 nequaquam
2797 544 2966 612 ipsam
2984 558 3352 620 exsuperans:
3378 546 3512 600 alio-

1943 633 2036 702 qui
2067 634 2300 692 informe
2323 645 2490 701 esset,
2526 648 2579 693 et
2603 638 3013 708 pulchritudine
3038 649 3256 694 vacaret
3287 641 3338 694 id
3366 639 3512 710 quod

1944 723 2173 778 formam
2202 727 2510 793 excederet,
2543 727 2594 780 id
2622 714 2767 796 quod
2789 728 2856 782 de
2873 728 3031 783 Patre
3055 730 3291 798 cogitare
3317 730 3514 782 absur-

1943 816 2068 868 dum
2099 824 2203 870 est.
2238 815 2293 870 Si
2326 825 2504 872 autem
2531 827 2674 872 tanta
2699 825 2783 872 est
2808 819 3070 887 majestas
3091 817 3288 883 Patris,
3310 829 3512 888 quanta

1941 912 2001 958 et
2054 906 2224 959 forma
2272 914 2376 970 est,
2431 908 2716 962 character
2760 917 2941 962 autem
2990 911 3220 979 aequalis
3267 920 3351 964 est
3393 911 3513 979 ipsi

1942 993 2130 1051 formae
2204 1014 2216 1057 :
2287 996 2511 1058 habebit
2581 1000 2746 1053 etiam
2827 1008 3031 1054 tantam
3102 1000 3513 1071 amplitudinem

1940 1084 2243 1146 character,
2274 1096 2474 1154 quanta
2505 1087 2558 1142 in
2591 1087 2683 1143 Dei
2716 1088 2890 1142 forma
2921 1088 3043 1144 esse
3083 1090 3440 1159 conspicitur.

2010 1170 2245 1230 Portam
2269 1177 2449 1229 omnia
2487 1176 2640 1230 verba
2676 1179 2920 1245 potentia:
2949 1194 3082 1232 suae.
3121 1176 3204 1234 Tu
3239 1180 3347 1248 ‘qui
3401 1193 3511 1233 non

1942 1265 2018 1319 ita
2051 1266 2264 1335 pridem
2295 1267 2707 1337 apprehendens
2743 1267 2915 1333 Istud,
2944 1267 3048 1321 Per
3091 1283 3264 1337 quem,
3328 1266 3509 1337 ipsum

1906 1362 2199 1430 tanquam
2233 1356 2553 1434 ministrum
2592 1358 2998 1422 constitu‘ebas,
3024 1357 3147 1416 andi
3195 1357 3304 1424 jam
3341 1373 3510 1423 nunc,

1939 1447 1986 1500 si
2015 1447 2317 1517 intelligere
2336 1434 2526 1517 "potes,
2557 1443 2834 1517 quomodo
2855 1449 2944 1503 hic
2963 1448 3104 1507 Filio
3131 1452 3511 1510 auctoritatem

1940 1537 2168 1595 tribuat.
2203 1537 2319 1592 Non
2342 1538 2480 1594 dixit
2514 1547 2719 1602 autem,
2784 1539 3017 1599 Portans
3066 1542 3332 1610 potentia,
3391 1541 3512 1606 sed,

1937 1629 2087 1687 verba
2099 1633 2366 1696 potentiae,
2394 1630 2495 1687 hoc
2523 1641 2627 1697 est,
2659 1634 2801 1702 quod
2834 1633 3096 1687 refertum
3128 1645 3212 1688 est
3245 1632 3511 1704 potentia,

1938 1722 2084 1790 quod
2118 1722 2292 1791 ipsum
2325 1731 2601 1793 potentem
2637 1739 2760 1779 esse
2789 1726 2988 1795 arguit.
3023 1725 3254 1780 Perinde
3272 1721 3507 1796 namque

1940 1823 1998 1867 ut
2032 1815 2112 1869 ais
2148 1813 2362 1868 Patrem
2395 1815 2601 1870 dixisse
2638 1834 2650 1870 :
2691 1798 2819 1871 ιέεηι
2853 1818 2966 1881 lux,
3004 1827 3052 1872 et
3087 1817 3231 1884 facta
3256 1827 3334 1874 est
3365 1817 3460 1870 tua.
3486 1833 3505 1871 :

1913 1903 2016 1962 sic
2053 1913 2107 1958 et
2131 1903 2306 1962 Filius
2335 1905 2503 1960 verbo
2525 1913 2699 1975 gestat
2735 1907 2939 1970 omnia,
2981 1907 3032 1960 id
3063 1915 3166 1973 est,
3218 1907 3509 1980 gubernat,

1935 1997 2213 2048 continet:
2247 1996 2355 2050 imo
2387 1997 2565 2064 majus
2596 2005 2702 2063 est,
2763 1996 3112 2060 dissidentia,
3164 2006 3219 2052 ot
3269 1998 3337 2051 ad
3397 2014 3512 2055 non

1933 2087 2324 2150 essewabitura,
2355 2089 2641 2143 continere
2677 2098 2731 2142 et
2760 2103 3110 2154 conservare,
3139 2103 3301 2158 quant
3325 2091 3511 2148 omnia

1935 2178 2259 2245 producere.
2298 2178 2408 2233 Nec
2471 2179 2630 2242 dixit,
2690 2179 3036 2245 Guhernans,
3098 2181 3216 2244 sed,
3272 2191 3509 2249 portans,

1935 2280 2147 2333 sumpta
2180 2269 2498 2335 metaphora
2526 2271 2594 2324 ab
2615 2271 2683 2324 iis
2713 2273 2805 2339 qui
2834 2273 3006 2344 digito
3038 2271 3246 2326 faciunt
3268 2283 3325 2326 ut
3352 2273 3508 2341 quid-

1934 2371 2100 2427 quam
2176 2367 2461 2412 moveatur
2517 2359 3016 2430 transferaturquc.
3091 2362 3220 2415 Tale
3275 2377 3510 2435 namque

1939 2456 2265 2519 tantumque
2291 2451 2505 2519 pondus
2536 2461 2914 2506 creaturarum
2942 2454 3104 2507 veluti
3169 2454 3306 2506 nihil
3337 2437 3508 2520 esset,

1935 2540 2053 2610 ipse
2076 2541 2158 2595 vel
2183 2542 2300 2596 solo
2330 2541 2492 2596 verbo
2523 2543 2666 2611 quod
2690 2544 2871 2596 omnia
2899 2554 3099 2613 potest,
3122 2545 3328 2615 bajnlat
3346 2585 3360 2600 .
3393 2545 3509 2599 Non

1933 2631 2076 2685 enim
2101 2630 2323 2701 perinde
2338 2633 2531 2701 exigua
2562 2644 2650 2689 res
2671 2642 2755 2688 est
2777 2636 2828 2689 in
2851 2634 2960 2690 Deo
2988 2637 3298 2700 verhnm,ut
3330 2638 3382 2690 in
3412 2653 3511 2690 no-

1934 2720 2040 2775 bis.
2107 2723 2177 2775 At
2220 2724 2440 2776 interim
2486 2738 2610 2777 cum
2660 2732 2736 2778 tot
2790 2725 3022 2781 haereses
3058 2727 3112 2783 in
3145 2727 3371 2781 exordio
3400 2736 3512 2780 sta-

1933 2811 2030 2863 tim
2055 2811 2220 2880 hujus
2243 2810 2505 2882 Epistola:
2524 2815 2636 2870 sint
2676 2831 2904 2878 ενοι-δῖε,
2940 2818 3219 2886 quomodo
3259 2821 3509 2874 nonnulli

1936 2900 2078 2959 hanc
2100 2901 2430 2971 Epistolam,
2450 2913 2709 2975 tanquam
2737 2904 2906 2961 Paulo
2936 2923 3045 2962 non
3068 2912 3506 2980 convenientem,

1934 2991 2165 3058 rejieere
2215 2993 2442 3058 audent,
2511 2995 2743 3064 hujusce
2801 2999 2879 3053 rei
2935 2999 3194 3054 indicium
3248 3001 3509 3064 facientes

277 3067 591 3134 ποιούμενοι
620 3067 1074 3139 παρηλλαγμένον
1103 3073 1194 3126 τοῦ
1225 3076 1334 3129 τῶν
1362 3078 1538 3140 άλλων
1579 3081 1829 3136 Ἐπιστον

1936 3090 2059 3158 styli
2095 3089 2495 3156 characterem,
2532 3099 2721 3160 utpote
2753 3108 2782 3146 a
2805 3094 3021 3159 caeteris
3053 3096 3226 3165 ipsius
3246 3096 3507 3166 Epistolis

276 3154 416 3222 λῶν;
455 3157 605 3215 Ἔδει
630 3159 739 3230 γὰρ
765 3161 961 3228 αὐτοὺς
990 3155 1238 3227 συνιδεῖν,
1273 3167 1354 3220 ὅτι
1392 3168 1454 3220 τὸ
1482 3171 1764 3239 μεγαλεῖον
1787 3174 1830 3206 ¹⁴

1932 3179 2206 3234 diversum
2238 3180 2261 3232 ?
2314 3179 2463 3235 Istud
2502 3182 2647 3236 enim
2679 3185 3154 3241 eos-considerare
3197 3188 3505 3255 oportebat,

275 3245 380 3298 τῶν
411 3250 724 3318 νοημάτων,
762 3253 857 3305 καὶ
887 3254 921 3322 ἡ
962 3254 1354 3330 άναντίρρητος
1373 3259 1423 3290 ¹⁸
1442 3262 1622 3314 αὐτῶν
1655 3264 1829 3332 ίσχὺς,

275 3339 416 3402 τίνος
446 3341 613 3394 ἄλλου
637 3332 936 3411 Παύλου,
980 3347 1073 3400 τοῦ
1104 3349 1193 3407 τὸν
1229 3350 1465 3418 Χριστὸν
1491 3351 1706 3419 ἔχοντος
1744 3355 1833 3406 λα.

277 3429 469 3484 λοῦ-ιτα
499 3434 556 3484 ἐν
588 3434 806 3501 ἑαυτῷ,
839 3435 901 3513 Εἰ
927 3436 986 3513 δξ
1016 3436 1108 3488 τὸν
1156 3440 1480 3506 χαρακτῆρα
1534 3442 1831 3512 σκάνδαλον

275 3519 528 3582 τίθενται,
559 3510 880 3588 μαθέτωσαν
904 3510 986 3577 δτί
1012 3526 1219 3590 Παῦλος
1242 3529 1598 3602 μὲνἙῦραϊδι
1618 3510 1831 3608 γλώττῃ

273 3609 368 3672 τὴν
387 3609 710 3680 Ἐπιστολὴν
740 3613 1129 3685 ὑπηγόρευσεν,
1152 3615 1246 3671 ἁτε
1269 3620 1404 3690 πρὸς
1433 3623 1714 3695 Ἐϐραίους
1741 3627 1831 3682 τὸν

238 3763 245 3771 _
274 3695 428 3764 λόγον
453 3702 777 3770 ποιούμενος
798 3720 812 3738 ν
846 3705 924 3768 είς
953 3705 1010 3759 δὲ
1041 3707 1140 3778 τὴν
1169 3706 1398 3767 Ἐλλάδα
1423 3715 1718 3784 μετετέθη,
1754 3717 1830 3780 ὡς

276 3788 370 3856 μέν
396 3806 560 3855 τινες,
587 3792 693 3844 ὑπὸ
718 3793 937 3873 Δουκᾶ,
957 3795 1032 3860 ὡς
1072 3797 1130 3850 δὲ
1157 3798 1289 3853 ἔνιοί
1324 3819 1510 3870 φασιν,
1548 3805 1653 3857 ὑπὸ
1678 3807 1828 3873 Κλή-

277 3893 486 3945 μεντος,
551 3875 613 3934 οὗ
659 3881 722 3950 δὴ
765 3875 872 3934 Δκαὶ.
921 3871 1124 3950 μᾶλλον
1168 3888 1330 3952 σώζει
1361 3890 1454 3942 τὸν
1481 3871 1826 3962 χαρακτῆρα.

277 3970 500 4034 Ὅμοιον
531 3968 625 4022 οὖν
651 3987 702 4021 τι
731 3972 1167 4041 πλημμελοῦσιν,
1204 3975 1279 4037 ὡς
1313 3978 1510 4042 εἰπεῖν,
1546 3983 1595 4033 oi
1619 3982 1827 4050 ταύτην

271 4057 668 4126 ἀφαιρούμενοι
682 4057 1123 4136 Παύλου,ιιῖ›σπερ
1140 4061 1205 4114 ἂν
1225 4063 1271 4114 εἱ
1292 4063 1502 4120 Παῦλον
1521 4054 1829 4144 ἀφῃροῦντο

273 4144 536 4211 Χριστοῦ.
737 4203 739 4206 ρ
1001 4151 1004 4154 ’
1197 4200 1201 4204 ,
1717 4167 1721 4172 '

355 4321 435 4372 Δι’
506 4320 724 4400 ἑαυτοῦ
797 4326 1165 4396 καθαρισμὸν
1202 4296 1642 4402 ’ποιησάμενος
1701 4337 1824 4394 τῶν

1931 3270 2074 3336 quod
2108 3279 2465 3338 conceptuum
2485 3271 2646 3339 652
2664 3273 2940 3343 majestas,
2973 3277 3323 3342 ipsorumque
3339 3277 3506 3330 robur

1932 3359 2017 3411 cui
2062 3359 2369 3413 contradici
2405 3376 2513 3413 non
2546 3361 2736 3427 possit,
2783 3378 2891 3415 non
2919 3378 3040 3417 esse
3063 3366 3287 3420 alterius
3341 3383 3502 3436 quam
3590 3393 3596 3396 υ

1932 3447 2104 3511 Pauli,
2167 3447 2443 3502 Christum
2499 3451 2554 3503 in
2641 3466 2761 3506 sese
2846 3453 3154 3521 loquentem
3229 3457 3501 3514 habentis.

1931 3536 2084 3601 Quod
2151 3539 2197 3592 si
2255 3540 2480 3593 omnino
2538 3541 2700 3609 hujus
2726 3541 2980 3609 Epistolas
3016 3544 3254 3599 dictione
3328 3546 3503 3601 olli-n-

1930 3628 2149 3693 dantur,
2203 3632 2455 3685 noverint
2513 3632 2806 3702 Epistolam
2883 3637 3023 3691 hanc
3082 3655 3113 3692 a
3195 3641 3364 3694 Paulo
3394 3641 3504 3702 lle—

1933 3719 2114 3774 braica
2149 3719 2329 3790 lingua
2364 3724 2743 3777 eoncinnatam
2775 3740 2919 3790 esse,
2954 3737 3014 3782 ut
3044 3732 3135 3798 qui
3164 3732 3407 3786 Hebraeis
3447 3735 3499 3790 in

1933 3809 2032 3862 hac
2055 3809 2171 3876 ipsa
2204 3811 2518 3878 loqueretur
2549 3831 2561 3866 :
2592 3813 2644 3866 in
2693 3813 2937 3870 Gratum
3004 3833 3134 3874 vero
3200 3821 3438 3890 linguam
3469 3839 3497 3874 η

1929 3894 2547 3968 Lnra,ut.quibusdam
2579 3903 2777 3971 placet,
2855 3910 3223 3971 translatam;
3279 3913 3382 3974 vel,
3441 3924 3501 3968 ut

1927 3988 2016 4040 alii
2049 3989 2309 4051 sentiunt,
2336 4003 2366 4042 a
2401 3990 2700 4054 Clemente,
2733 3995 2898 4065 cujus
2948 3998 3148 4068 stylum
3171 3999 3351 4067 potius
3406 4017 3497 4057 rc-

1928 4077 2085 4131 tinet.
2124 4077 2311 4134 Simile
2343 4080 2512 4150 igitur
2539 4083 2807 4152 quiddam
2848 4088 3195 4158 delinqunnt,
3227 4101 3284 4146 ut
3313 4093 3385 4147 ita
3409 4095 3496 4148 di-

1926 4183 2068 4232 cam,
2101 4170 2195 4239 qui
2227 4171 2368 4227 hanc
2408 4173 2710 4244 Epistolam
2742 4179 2914 4233 Paulo
2962 4181 3240 4250 auferunt,
3272 4188 3498 4254 perinde

1925 4273 1989 4313 ac
2011 4259 2056 4314 si
2087 4258 2315 4316 Paulum
2356 4277 2387 4315 a
2420 4261 2641 4320 Christo
2661 4265 3002 4327 divellerent.

1995 4347 2101 4400 Per
2129 4352 2358 4417 seipaunt
2377 4355 2738 4421 purgationem
2766 4358 2965 4425 faciens
3012 4374 3344 4428 peccatorum
3390 4368 3495 4419 ἠο-

267 4409 565 4498 ἀμορτιῶν
591 4410 776 4479 ἡμῶν.
826 4413 1008 4466 Εἰπὼν
1057 4418 1187 4517 περὶ
1240 4420 1333 4473 τοῦ
1385 4425 1670 4498 μεγαλείου
1728 4429 1824 4495 τῆς

1931 4447 2175 4490 urorum.
2206 4437 2344 4493 Cum
2374 4438 2590 4495 locutus
2614 4445 2760 4499 esset
2786 4445 2854 4499 de
2911 4450 3200 4517 majestate
3247 4445 3499 4510 divinita-

271 4493 520 4568 θεότητος
553 4500 653 4552 τοῦ
679 4502 877 4567 Λόγου,
922 4503 1070 4576 λέγει
1099 4496 1282 4561 λοιπὸν
1333 4513 1426 4565 καὶ
1611 4517 1706 4585 τῆς
1738 4493 1826 4569 διὰ

269 4591 466 4658 σαρκὸς
496 4594 581 4653 εἰς
612 4590 930 4661 ἀνθρώπους
964 4596 1128 4648 αὑτοῦ
1169 4601 1495 4668 κηδεμονίας
1517 4621 1533 4636 ·
1584 4605 1612 4659 ὃ
1645 4607 1824 4674 πολλῷ

271 4680 449 4747 μεῖζον
469 4679 576 4739 τοῦ
600 4690 786 4750 φερειν
805 4683 874 4736 τὰ
901 4683 1216 4744 πάντα.Δύο
1240 4688 1296 4739 δὲ
1325 4689 1535 4759 τίθησιν
1553 4679 1820 4759 ἐνταῦθα,

262 4773 323 4824 τό
345 4789 402 4824 τε
447 4771 750 4844 καθαρίσαι
796 4773 906 4828 τῶν
943 4774 1223 4845 ἁμαρτιῶν
1269 4780 1435 4848 ἡμᾶς,
1489 4782 1582 4834 καὶ
1620 4783 1700 4848 τὸ,
1753 4786 1822 4837 δι’

267 4858 456 4913 ἑαυτοῦ
495 4860 660 4914 τοῦτο
685 4856 946 4936 ποιῆσαι·
996 4863 1090 4921 καὶ
1118 4865 1381 4942 πολλαχοῦ
1423 4871 1481 4922 ὲν
1516 4871 1690 4941 τούτῳ
1729 4890 1817 4926 σε-

268 4950 522 5018 μνύνεται
564 4950 646 5021 τῷ
694 4950 762 5003 δι’
797 4953 964 5010 αὑτοῦ
1011 4958 1103 5011 τοῦ
1148 4959 1276 5011 Υίοῦ
1327 4960 1484 5034 τοῦτο
1542 4965 1814 5034 γενέσθαι.

266 5040 356 5092 Διὰ
382 5042 476 5094 τοῦ
507 5040 761 5109 σταυροῦ,
791 5044 914 5111 γὰρ.
954 5048 1056 5106 καὶ.
1093 5047 1188 5101 τοῦ
1244 5049 1496 5117 θανάτου,
1544 5046 1605 5105 οὗ
1655 5056 1817 5119 αὐτὸς

270 5129 496 5202 ὑπέστη,
547 5132 875 5206 ἐκαθάρισεν
905 5137 1073 5208 ἡμᾶς,
1126 5140 1186 5200 οὑ
1232 5140 1391 5209 μόνον
1432 5141 1505 5205 ὡς
1532 5143 1817 5200 ἀποθανὼν

269 5219 400 5291 ὑπὲρ
433 5226 535 5294 τῆς
565 5225 725 5299 ἡμῶν
754 5227 1028 5298 ἁμαρτίας
1055 5231 1082 5282 6
1119 5230 1522 5302 ἀναμάρτητος,
1572 5237 1666 5288 καὶ
1696 5239 1816 5302 δοὺς

268 5310 435 5380 δίκην,
466 5315 538 5383 ἢν
563 5315 664 5366 οὐκ
692 5315 923 5384 ὤφειλεν
959 5320 1142 5386 αὑτὸς,
1174 5323 1268 5375 καὶ
1304 5323 1469 5387 λύσας
1513 5325 1611 5395 τὴν
1651 5329 1814 5395 φύσιν

268 5401 444 5467 ἁπλῶς
483 5403 586 5473 τῆς
629 5405 720 5455 ἐπὶ
754 5409 820 5477 τῇ
860 5408 956 5467 τοῦ
1007 5412 1173 5483 ’Δδὰμ
1206 5415 1450 5486 ἁμαρτίᾳ
1479 5420 1809 5489 καταδίκης’

330 5617 369 5701 11⁸
401 5617 466 5669 δι’
493 5613 785 5701 Υίοὺηιαὶ,
805 5617 897 5701 τοῦ
928 5620 1054 5678 Υἱοῦ
1076 5641 1127 5681 o.
1165 5649 1170 5653 ·
1209 5629 1250 5660 ¹²
1280 5645 1536 5701 συγκροτε

274 5681 314 5719 ⁸⁸
336 5686 800 5756 ἀνανταγώνιστος
829 5700 884 5740 0.

1923 4525 1994 4580 tis
2029 4523 2215 4590 Verbi,
2258 4528 2516 4598 deinceps
2556 4532 2622 4585 de
2660 4546 2795 4587 cura
2834 4535 3007 4604 ipsius
3062 4555 3225 4609 quam
3278 4543 3332 4598 in
3399 4546 3497 4601 hoe

1923 4615 2098 4670 mines
2157 4632 2252 4685 pcr
2312 4633 2533 4673 carnem
2603 4623 2765 4691 gerit,
2815 4625 3058 4691 disserit,
3113 4633 3257 4700 quod
3321 4639 3494 4690 multo

1924 4705 2100 4773 majus
2131 4716 2233 4768 est,
2274 4724 2436 4775 quam
2485 4711 2629 4777 quod
2651 4713 2832 4765 omnia
2880 4719 3173 4772 sustineat.
3237 4720 3353 4773 Duo
3387 4738 3490 4775 au-

1921 4801 2027 4846 tem
2058 4795 2146 4848 hic
2180 4799 2352 4864 ponit,
2387 4808 2497 4854 tum
2535 4802 2678 4869 quod
2718 4804 2991 4857 mundarit
3031 4823 3130 4862 nos
3160 4823 3190 4860 a
3227 4815 3489 4876 peccatis,

1926 4892 2038 4935 tum
2064 4885 2208 4953 quod
2239 4902 2332 4951 per
2365 4891 2606 4956 seipsum
2641 4893 2742 4944 hoc
2777 4892 2966 4946 fecerit
2995 4913 3008 4948 :
3033 4905 3087 4951 et
3141 4901 3328 4956 multis
3355 4904 3489 4961 locis

1925 4972 1997 5033 in,
2032 4974 2134 5027 hoe
2161 4977 2429 5044 gloriatur
2455 4982 2601 5047 quod
2632 4997 2726 5050 per
2757 4983 2954 5039 Filium
2982 4989 3160 5058 ipsum
3203 4992 3349 5047 istud
3397 4997 3482 5049 fa-

1924 5073 2071 5118 ctum
2097 5066 2188 5124 sit.
2223 5065 2356 5122 Nam
2391 5084 2488 5138 per
2540 5086 2756 5128 crucem
2793 5084 2848 5131 et
2875 5088 3104 5135 mortem
3151 5098 3313 5150 quam
3371 5084 3486 5153 ipse

1923 5157 2205 5222 sustinuit,
2237 5163 2486 5230 purgavit
2511 5179 2632 5231 nos,
2680 5183 2786 5222 non
2818 5169 2990 5223 solum
3031 5171 3171 5239 quod
3235 5186 3484 5233 mortuus

1923 5248 1995 5300 sit
2046 5263 2144 5316 pro
2171 5262 2392 5318 peccato
2428 5264 2634 5320 nostro,
2667 5273 2835 5326 quum
2889 5261 3001 5326 ipse
3055 5261 3199 5315 οηιηὶ
3259 5280 3421 5333 pecra
3449 5289 3481 5321 υ

1917 5349 2159 5402 vacaret,
2191 5340 2448 5410 quodque
2484 5359 2675 5412 poenas
2728 5349 2892 5402 luerit
2941 5350 3142 5416 quibus
3199 5354 3313 5422 ipse
3371 5373 3478 5411 non

1916 5437 2035 5481 erat
2062 5430 2351 5496 obnoxius,
2381 5449 2443 5489 ac
2478 5438 2710 5491 solveret
2738 5446 2988 5494 naturam
3046 5461 3162 5513 qua:
3215 5449 3480 5517 simplici-

1537 5599 1544 5603 _
1606 5535 1802 5598 Variae
1841 5539 2178 5605 lectiones.

1542 5637 1634 5697 i0.
1696 5637 1758 5674 1”
1787 5642 2075 5698 κινούντων
2107 5646 2197 5700 καὶ
2230 5650 2524 5706 ποιούντων
2548 5657 2934 5728 περιφέρεσθαι
2961 5679 3011 5717 0.
3092 5666 3132 5702 ¹δ
3171 5665 3392 5734 μέγεθος
3417 5684 3471 5725 0.
