4068 6324
215 406 310 472 191

916 404 1319 463 EXPOSITIO
1342 403 1422 463 IN
1462 405 1696 463 EPIST.
1733 407 1830 464 AD
1853 406 2240 466 ΙΙΕΒΒίΕΟΞ.
2278 432 2345 442 -
2384 409 2539 470 CAP.
2586 410 2634 470 Ι.

3312 418 3334 482 ι
3347 422 3415 483 98

208 514 465 584 ληφθεῖσα
514 515 674 580 φύσις
728 515 806 576 τὸ,
842 513 986 575 Υἱὸς,
1023 513 1191 580 ὸνομα
1223 511 1283 564 τὸ
1339 514 1580 581 γνήσιον,
1641 514 1672 565 δ’
1725 516 1743 565 ὁ

1855 517 2145 584 genuinum
2178 516 2297 570 Filii
2324 532 2544 580 nomen,
2577 519 2719 588 quod
2755 519 2984 600 Verbum
3044 524 3147 592 ipsi
3200 533 3401 582 natura

209 603 419 664 ὲνωθεὶς
452 603 590 672 αὐτῇ
652 602 826 667 Λόγος
852 599 1019 670 εἶχεν,
1057 601 1517 670 ἐκληρονόμησεν,
1573 601 1665 653 ἆτε
1697 604 1752 653 ἐν

205 693 394 759 ἐκείνῳ
415 691 698 742 ὑποστᾶσα
721 706 732 717 ·
758 690 890 742 καθὸ
924 691 1014 741 καὶ
1044 692 1071 742 ὁ
1103 689 1330 772 ἄγγελος
1356 685 1476 741 εἷπε
1503 706 1515 719 ·
1550 692 1654 742 Καὶ
1685 690 1749 741 τὸ

206 782 574 850 γεννώμενον
617 780 1220 848 ἅγιον,οκληθήσεται
1269 781 1410 845 Υἱός
1443 780 1587 860 Θεοῦ
1610 795 1622 807 °
1659 782 1749 831 καὶ

207 872 362 922 πάλιν
382 888 396 898 ·
432 874 640 922 Ἔσται
665 870 732 920 δὲ
747 868 954 936 μέγας,
979 869 1076 923 καὶ
1116 869 1257 934 Υἱὸς
1299 869 1356 920 ’Υ
1355 872 1576 936 ψηὶγτου
1606 872 1751 932 κληο

207 961 467 1024 θήσεται.
510 960 685 1010 Τοῦτο
702 959 763 1029 ,δὲ
795 960 968 1017 οὺδεὶς
995 959 1104 1010 τῶν
1133 959 1395 1024 ἀγγέλων.
1454 958 1519 1010 Εἰ
1571 957 1625 1008 δὲ
1659 957 1750 1008 καί

193 1068 343 1111 ,τινες
403 1050 510 1102 τῶν
573 1049 796 1101 δικαίων
834 1049 937 1099 υἱοὶ
987 1047 1120 1099 θεοῦ
1146 1087 1160 1110 ,
1192 1047 1324 1098 ἀλλὰ
1351 1047 1549 1114 χάριτι·
1583 1048 1672 1096 ἐπὶ
1694 1045 1750 1096 δὲ

205 1140 292 1189 τοῦ
319 1132 553 1204 Χριστοῦ
585 1138 699 1205 οὐχΔ
721 1137 909 1198 οῦτως,
949 1135 1063 1188 ἀλλ’
1092 1137 1425 1204 ὑποστατικῇ
1463 1135 1747 1200 ταυτότητι

207 1231 238 1297 η
259 1229 452 1297 Υίότης
480 1226 557 1295 τῷ
581 1221 986 1295 προσλήμματιᾴ

276 1430 459 1481 Ὅταν
484 1428 552 1480 δὲ
572 1428 755 1480 πάλιν
780 1427 1067 1493 εἰσαγάγῃ
1110 1426 1214 1477 τὸν
1252 1426 1628 1492 Πρωτότοκον
1663 1425 1766 1486 sior
1802 1425 1803 1428 “

211 1520 317 1584 τὴν
344 1518 700 1585 οἰκουμένην
722 1557 737 1580 ,
768 1515 948 1583 λέγει.
1011 1514 1068 1567 Ὀ
1113 1515 1210 1583 μὲν
1239 1513 1471 1581 Χριστὸς
1513 1514 1612 1581 τὴν
1661 1513 1750 1563 ἓν·

210 1619 405 1672 σαρκον
433 1602 600 1656 αὑτοῦ
622 1602 921 1671 παρουσίαν
951 1601 1125 1664 ἔξοδον
1149 1603 1321 1664 καλεῖ,
1337 1601 1409 1660 ὡς
1435 1602 1558 1653 ὅταν
1580 1601 1745 1666 λέγει·

221 1693 498 1758 Ἐξῆλθεν
543 1696 578 1745 ό
630 1692 892 1756 σπείρων
920 1692 1024 1744 τοῦ
1051 1692 1353 1758 σπείρειν·
1399 1693 1490 1742 καὶ
1547 1691 1706 1740 πάλιν
1729 1705 1744 1718 ο

220 1782 358 1850 ἐγὼ
378 1785 446 1835 ἐκ
469 1784 573 1835 τοῦ
592 1783 818 1848 Πατρός
835 1783 1112 1851 ἐξῆλθον.
1137 1784 1242 1834 Καὶ
1266 1783 1326 1849 δὴ
1355 1779 1749 1874 είκότωςζἜξω
1781 1817 1819 1874 Β

206 1871 308 1941 γὰρ
337 1869 479 1940 ἦμεν
529 1871 624 1924 τοῦ
675 1871 832 1934 Θεοῦ,
883 1875 975 1925 καὶ
1029 1869 1262 1936 ἐξελθὼν
1309 1870 1439 1940 πρὸς
1474 1870 1619 1937 ἡμᾶς
1671 1868 1746 1929 ὼς

209 1960 463 2024 πρέσσυς,
503 1962 596 2013 καὶ
619 1963 904 2031 ὁμιλήσας,
952 1966 1045 2014 καὶ
1076 1963 1402 2032 καθαρίσας,
1434 1959 1744 2028 ἀποκατήλ-

207 2047 324 2112 λαεε
350 2048 429 2118 τῷ
461 2050 696 2103 Βασιλεῖ.
738 2051 795 2104 '0
819 2050 873 2102 δὲ
907 2051 1114 2113 Παῦλος
1151 2050 1352 2104 εἴσοδον
1400 2049 1598 2118 ταύτην
1651 2046 1744 2101 νῦν

206 2137 471 2203 ὀνομάζει,
507 2140 616 2191 ἀπὸ
649 2143 958 2208 μεταφορᾶς
986 2141 1094 2194 τῶν
1121 2141 1599 2220 κληρονομούντων
1647 2140 1744 2192 καὶ

206 2227 363 2294 νομὴν
391 2227 923 2295 παραλαμϐανόντων
951 2231 1045 2280 καὶ
1086 2229 1278 2296 κτῆσίν
1307 2245 1444 2280 τινα.
1491 2227 1564 2292 Τὸ
1596 2227 1740 2296 γὰρ,

205 2313 510 2380 εἰσαγάγῃ.
539 2314 694 2367 τοῦτο
726 2316 1001 2383 σημαίνει,
1047 2318 1175 2369 ὅταν
1218 2317 1498 2385 ἐγχειρίσῃ
1523 2316 1600 2384 τῷ
1627 2315 1741 2384 Υἱῷ

206 2403 297 2471 τὴν
327 2404 655 2474 οἰκουμένην
679 2408 706 2457 ὁ
734 2407 940 2476 Πατήρ.
974 2408 1106 2459 Τότε
1135 2407 1242 2476 γὰρ
1289 2409 1554 2476 ἐκτήσατο
1574 2406 1743 2476 αὐτὴν

208 2491 458 2555 ἑκουσίως
491 2494 875 2561 ὖποταγεῖσαν,
900 2496 986 2548 ὅτε
1021 2497 1113 2547 καὶ
1147 2494 1414 2562 ἐγνώσθη.
1449 2496 1741 2563 Εἰσάγεται

205 2579 259 2630 δὲ
287 2581 380 2632 οὐκ
407 2581 604 2649 ἄλλως,
629 2583 744 2634 ἀλλ’
777 2585 834 2636 ἐν
864 2583 1048 2655 σαρκί.
1078 2583 1166 2646 Ὠς
1193 2585 1300 2654 γὰρ
1323 2583 1455 2648 Θεὸς
1489 2587 1660 2652 Λόγος
1685 2588 1742 2639 ἐν

209 2667 279 2736 τῷ
305 2671 495 2740 κόσμῳ
525 2666 612 2740 ἦν,
660 2674 751 2725 καὶ
783 2674 810 2726 ὁ
839 2674 1039 2743 κόσμος
1088 2673 1155 2726 δι’
1181 2673 1343 2726 αὑτοῦ
1366 2674 1597 2742 ἐγένετο.
1642 2675 1744 2727 Τὸν

208 2759 415 2826 Πατέρα
441 2762 498 2812 δὲ
519 2766 664 2814 ποεεῖ
683 2766 1048 2833 εἰσαγαγόντα
1079 2765 1169 2818 τὸν
1201 2766 1351 2831 Υιὸν,
1383 2767 1745 2835 ἴναέῦπςιρά-

205 2848 386 2902 δεκτόν
416 2853 622 2924 ποιήσῃ
653 2855 742 2907 τὸν
779 2855 954 2922 λόγον.
999 2857 1056 2908 '0
1086 2858 1144 2909 δὲ
1173 2858 1391 2927 Νύσσης
1422 2860 1740 2928 Γρηγόριος,

207 2939 293 2989 καὶ
321 2939 349 2991 ὁ
380 2941 438 2991 ἐν
486 2941 662 3008 ἁγίοις
706 2943 969 3016 Κύριλλος
1021 2944 1193 3006 οὕτως
1231 2946 1458 3013 ἐνόησαν
1505 2946 1586 3009 τὸ,
1621 2947 1742 2997 εἰσ-

205 3030 456 3096 αγαγεῖν,
495 3031 578 3083 ὅτι
613 3032 715 3100 πρὸ
763 3032 862 3101 μὲν
895 3034 993 3101 τῆς
1027 3034 1353 3106 σαρκώσεως
1386 3034 1534 3086 οὐδὲν
1563 3036 1740 3093 κοινὸν

1855 605 2064 656 unitum
2094 605 2342 668 habebat,
2377 607 2734 674 Itzereditavit,
2791 611 2993 679 quippe
3024 628 3146 682 quae
3199 614 3252 668 in
3314 617 3371 670 ill

1841 692 2112 746 subsistat
2153 711 2167 748 :
2206 695 2658 762 quemadmodum
2715 710 2768 751 et
2821 703 3046 769 angelus
3091 703 3228 756 dixit
3272 723 3286 758 :
3345 706 3416 761 .'..

1851 781 1987 848 quod
2013 793 2257 837 nascetur
2308 797 2567 849 sanctum,
2593 789 2863 840 vocabitur
2913 781 3084 844 Filius
3138 793 3333 859 Dei“;
3362 809 3417 851 et

1855 869 2049 921 iterum
2081 888 2092 921 :
2123 870 2238 921 Erit
2261 881 2434 924 autem
2463 891 2704 943 magnus,
2734 887 2782 929 et
2820 876 2996 931 Filius
3019 879 3289 935 ,Altissimi
3322 902 3414 937 vo-

1852 957 2074 1010 cabitur.
2127 959 2237 1012 Hoc
2272 973 2449 1014 autem
2501 965 2700 1018 nemini
2758 969 3074 1034 angelorum
3136 976 3411 1029 convenit.

1854 1044 2071 1100 Etiamsi
2132 1060 2309 1102 autem
2352 1041 2656 1117 justorunr
2692 1057 2908 1122 quidam
2960 1069 3086 1112 sunt
3152 1063 3240 1114 lilii
3292 1063 3408 1129 Dei,

1853 1135 2018 1202 gratia
2052 1146 2226 1188 tamen
2256 1148 2384 1191 sunt
2415 1157 2429 1203 ;
2467 1154 2519 1192 at
2557 1158 2682 1195 vero
2707 1160 2827 1198 cum
2868 1147 3085 1203 Christo
3146 1166 3266 1204 sese
3327 1169 3414 1208 rt-s

1852 1226 2006 1279 aliter
2032 1226 2192 1278 habet
2220 1265 2234 1289 ,
2267 1228 2356 1282 sed
2391 1230 2440 1280 in
2468 1230 2800 1298 liypostatica
2824 1235 3120 1300 idenlilale,
3152 1237 3270 1292 Filii
3310 1257 3411 1294 no-

1853 1329 1972 1364 men
2004 1316 2156 1366 carni
2206 1328 2497 1390 assumptae
2530 1321 2756 1373 inditum
2779 1335 2880 1376 est.

1922 1402 2083 1456 Vens.
2107 1405 2157 1457 6.
2191 1404 2388 1458 Iterum
2409 1419 2580 1464 autem
2614 1428 2732 1464 cum
2759 1413 3056 1471 introduxit
3083 1420 3406 1491 Primogeni-

1853 1505 1960 1548 tum
1993 1498 2045 1548 in
2077 1499 2247 1553 orbem
2270 1485 2447 1564 terra”,
2465 1501 2614 1554 dicit.
2649 1505 2902 1561 Christus
2937 1525 3067 1564 sane
3094 1502 3410 1581 adventum

1850 1601 2008 1639 suum
2042 1587 2093 1639 in
2119 1603 2286 1642 carne
2316 1582 2520 1643 exitum
2583 1603 2757 1656 vocat,
2803 1606 2859 1648 ut
2905 1614 3025 1651 eum
3091 1602 3166 1653 ait
3201 1619 3214 1654 :
3256 1606 3406 1656 Exiit

1848 1675 1940 1742 qui
1965 1675 2208 1740 seminat,
2240 1678 2495 1730 seminare
2527 1679 2592 1742 ⁸⁵,
2629 1690 2681 1734 et
2715 1682 2910 1736 iterum
2946 1704 2959 1738 :
3016 1681 3125 1755 Ego
3176 1707 3207 1741 a
3252 1691 3414 1746 Patre

1850 1765 2004 1816 exivi.
2033 1764 2198 1831 quue
2223 1781 2330 1819 non
2362 1767 2674 1826 immerito:
2712 1783 3013 1830 namcxtra
3061 1777 3227 1834 Deum
3284 1796 3411 1834 era-

1849 1868 1988 1915 mus,
2022 1868 2085 1906 ac
2112 1870 2362 1922 egressus
2387 1858 2450 1910 ad
2479 1875 2575 1913 nos
2609 1863 2769 1914 veluti
2833 1865 3065 1933 legatus,
3108 1879 3163 1922 et
3225 1871 3413 1925 nobis-

1846 1956 1968 1994 cum
2008 1955 2383 2017 conversatus,
2425 1965 2636 2018 nosque
2673 1955 2969 2019 mundans,
3030 1962 3410 2029 reconciliavit

1801 2059 1812 2062 -
1848 2027 2001 2099 Regi.
2046 2030 2114 2085 At
2138 2048 2265 2086 vero
2293 2035 2495 2088 Paulus
2523 2039 2769 2092 eumdem
2826 2027 3107 2098 introitum
3137 2063 3282 2101 nunc
3311 2063 3410 2102 no-

1844 2122 2038 2187 minat,
2073 2139 2168 2192 per
2202 2127 2572 2194 metaphoram
2607 2139 2872 2197 sunzptam
2902 2135 2970 2186 ab
3004 2135 3070 2188 iis
3110 2137 3204 2204 qui
3239 2137 3396 2192 luere-

1844 2202 2327 2286 ditatem'adeunt,
2371 2226 2475 2270 aut
2507 2219 2688 2275 dotem
2722 2223 2970 2289 aliquam.
3019 2202 3140 2279 sive
3185 2242 3410 2296 posses-

1841 2300 2048 2355 sionem
2077 2305 2373 2380 aceipiunt.
2399 2306 2513 2359 Hoc
2536 2311 2678 2362 cnim
2737 2302 3027 2388 signiﬁcat,
3086 2318 3408 2384 introduxit,

1841 2390 2058 2456 quando
2102 2390 2262 2445 Pater
2298 2381 2560 2450 terrarum
2611 2399 2794 2452 orbem
2833 2383 2968 2475 Filio
3021 2381 3409 2463 tradidihTuui

1842 2480 1982 2533 enim
2021 2480 2196 2550 ipsum
2229 2486 2489 2551 possedit,
2543 2490 2840 2543 voluntarie
2863 2492 3029 2565 655,
3080 2497 3406 2565 subjectum,

1842 2572 2056 2640 quando
2075 2587 2127 2627 et
2159 2577 2376 2643 agnitus
2405 2579 2922 2635 erat.lntrodueitur
2952 2593 3132 2639 autem
3166 2602 3275 2641 non
3307 2587 3410 2640 ali.

1849 2671 1931 2716 ter
1959 2679 2118 2732 quam
2146 2667 2201 2719 in
2228 2677 2409 2727 carn‘e.
2442 2667 2575 2722 Nam
2607 2681 2662 2724 ut
2689 2671 2828 2725 Deus
2860 2671 3097 2729 Verbum
3127 2677 3180 2731 in
3206 2682 3411 2736 mundo

1842 2763 1978 2813 erat,
2007 2763 2059 2805 et
2085 2756 2321 2813 mundus
2341 2772 2436 2825 per
2462 2759 2637 2827 ipsum
2662 2761 2837 2816 factus
2859 2775 2963 2818 est.
2987 2764 3198 2821 Patrem
3228 2777 3407 2824 autem

1840 2840 1970 2893 facit
2027 2844 2371 2898 introducere
2414 2845 2610 2900 Filium
2646 2889 2661 2913 ,
2689 2857 2747 2902 ut
2775 2863 2985 2921 gratum
3014 2854 3176 2909 iaciat
3197 2871 3408 2910 SCI'llIO-i

1844 2944 1992 2983 nem.
2025 2930 2318 3000 Gregorius
2349 2946 2528 2989 autem
2560 2937 2837 3008 Nyssenus
2862 2957 2926 2996 ac
2981 2945 3140 3000 dirus
3169 2946 3408 3018 Cyrillus

1841 3019 1940 3083 sie,
1976 3020 2327 3086 introducere,
2355 3025 2764 3092 intellexerunt,
2789 3045 2980 3102 nempe
3001 3034 3147 3103 quod
3175 3044 3300 3090 ante
3324 3037 3408 3090 in-

205 3115 307 3184 εἷχε
331 3121 464 3189 πρὸς
492 3122 590 3190 τὴν
617 3107 810 3184 κτίσιν,
837 3122 931 3176 ἅτε
970 3124 1100 3193 Θεὸς
1155 3123 1230 3175 ὢν
1263 3124 1500 3193 ἄσαρκος
1528 3142 1540 3155 ·
1563 3126 1651 3177 ὅτε
1688 3126 1743 3178 δὲ

1846 3110 2215 3164 carnationem
2241 3113 2376 3166 nihil
2405 3127 2698 3171 commune
2731 3118 3105 3176 habebatequ
3133 3133 3403 3192 creatura,

204 3210 502 3279 ὲσαρκὼθη,
553 3213 671 3264 τότε
725 3215 1057 3284 κοινωνήσας
1108 3217 1172 3283 τῇ
1228 3215 1423 3279 κτίσει,
1482 3216 1616 3268 καθὸ
1677 3219 1737 3270 τὸ

205 3300 406 3352 κτιττὸν
431 3302 641 3369 ἥνωσεν
684 3302 885 3374 ἑαυτῷ,
941 3304 1259 3374 εἰσαχθῆναι
1283 3306 1499 3376 λέγεται
1533 3309 1611 3369 εις
1639 3308 1736 3378 τὴν

202 3405 382 3446 κτισιν.

263 3565 362 3617 Καὶ
401 3568 1000 3632 προσκυνησάτωσαν
1027 3565 1187 3631 αὐτῷ
1233 3568 1451 3632 πάντες
1496 3568 1734 3636 ἄγγελοι

202 3656 454 3726 Θεοῦ.Τῷ
484 3657 622 3726 μετὰ
643 3658 841 3727 σαρκὸς
864 3657 1080 3727 δηλαδή.
1107 3656 1355 3710 Δείκνυσι
1381 3657 1435 3708 δὲ
1461 3657 1734 3712 κάνταῦθα

200 3745 297 3814 ὅσῳ
322 3749 607 3816 κρείττων,
638 3750 730 3801 καὶ
757 3749 837 3801 ὅτι
862 3749 970 3817 ὅσῳ
1000 3748 1264 3816 δεσπότης
1296 3747 1523 3799 δούλων·
1557 3749 1630 3809 ὼς
1669 3748 1732 3800 ἂν

199 3838 342 3897 εἴτις
370 3841 448 3900 εἰς
484 3840 660 3890 οὶκίαν
690 3842 997 3907 εἰσαγαγών
1040 3856 1190 3900 τινα,
1222 3841 1348 3901 τοὺς
1389 3841 1731 3909 προεστῶτας

197 3928 350 3995 αὐτῆς
381 3927 585 3989 εὐθέως
617 3928 830 3981 κελεύει
860 3931 1184 3997 προσκυνεῖν
1213 3929 1381 3996 αὐτῷ.

259 4104 358 4157 Καὶ
394 4103 546 4171 πρὸς
581 4104 697 4170 μὲν
725 4102 865 4167 τοὺς
903 4101 1195 4170 ἀγγέλους
1226 4102 1385 4172 λέγει
1412 4119 1426 4133 ο
1471 4105 1524 4157 '0
1549 4106 1731 4159 ποιῶν

194 4194 324 4255 τοὺς
369 4193 665 4261 ἀγγέλους
717 4192 901 4245 αὐτοῦ
941 4193 1268 4259 πνεύματα,
1295 4193 1395 4245 καὶ
1444 4193 1584 4254 τοὺς
1610 4199 1751 4252 λειο,

195 4281 465 4352 τουργοὺς
522 4283 705 4337 αὐτοῦ
755 4284 943 4352 πυρὸς
991 4286 1204 4351 φλόγα.
1241 4283 1367 4336 Ἰδοὺ
1412 4285 1447 4351 ἡ
1501 4285 1728 4352 μεγίστη

196 4372 433 4442 διαφορὰ,
462 4376 562 4453 ὅτε
579 4376 626 4427 oi
664 4374 760 4441 μὲν
791 4375 1018 4438 κτιστοὶ,
1049 4377 1076 4425 ό
1101 4374 1157 4425 δὲ
1184 4373 1456 4432 ἄκτιστος.
1492 4375 1563 4424 Τὸ
1596 4375 1724 4444 γὰρ,

1845 3204 1905 3250 ut
1939 3199 2031 3267 qui
2069 3199 2208 3256 Deus
2245 3212 2389 3258 esset
2410 3219 2573 3261 carne
2594 3223 2832 3275 vacans;
2865 3213 3084 3280 quando
3122 3229 3252 3270 vero
3282 3230 3406 3270 car-

1845 3279 1968 3341 nem
2009 3295 2324 3361 assumpsit,
2368 3291 2921 3353 tumcommunicans
2939 3312 3226 3369 creaturas,
3265 3321 3403 3374 qua-

1844 3379 2074 3432 tenusid
2101 3383 2245 3448 quod
2290 3394 2535 3439 ‘creatum
2579 3398 2696 3442 erat
2753 3382 2855 3444 sibi
2908 3393 3107 3460 univit,
3159 3395 3404 3451 introdu-

1842 3474 1962 3520 ctus
1988 3469 2185 3523 essein
2218 3484 2524 3547 creaturam
2557 3477 2786 3533 dicitur.

1912 3557 1979 3612 Et
2018 3559 2236 3614 adorent
2257 3579 2372 3615 eum
2405 3582 2579 3620 omnes
2609 3571 2778 3639 angeli
2804 3568 2902 3624 Dei
2932 3571 3002 3626 ⁸⁸.
3034 3574 3164 3629 Eum
3197 3575 3400 3635 scilicet

1777 3656 1781 3659 ‘
1840 3648 1932 3715 qui
1962 3662 2180 3703 carnem
2210 3657 2528 3724 assutnpsit.
2561 3657 2767 3713 indicat
2815 3671 2996 3718 autem
3057 3666 3145 3720 hic
3197 3680 3402 3737 quanto

1839 3740 1908 3790 sit
1958 3739 2092 3806 ipsis
2153 3745 2523 3808 praestantior,
2582 3758 2786 3816 quanto
2834 3753 3083 3808 videlicet
3140 3756 3401 3814 Dominus

1838 3829 2011 3882 servis
2043 3839 2124 3882 est
2162 3833 2373 3899 potior:
2401 3837 2564 3888 veluti
2592 3843 2635 3891 si
2668 3841 2791 3907 quis
2817 3843 2867 3894 in
2897 3845 3116 3898 domum
3149 3849 3399 3904 introdu-

1841 3931 1970 3970 eens
2001 3923 2331 3989 quempiam,
2357 3928 2616 3992 praesides
2677 3931 2796 3997 ejus
2835 3933 2984 3987 illico
3031 3937 3219 4003 jubeat
3267 3941 3399 3995 ado-

1833 4022 1955 4060 rare
1987 4009 2184 4075 ipsum.

1904 4095 2067 4153 Vens.
2094 4098 2142 4153 7.
2201 4101 2268 4154 Et
2299 4102 2368 4154 ad
2387 4106 2596 4174 angelos
2644 4110 2849 4177 quidem
2879 4114 3004 4167 dicit
3040 4130 3062 4168 :
3101 4117 3204 4182 Qui
3262 4119 3394 4188 facit

1835 4191 2047 4257 angelos
2092 4208 2213 4245 suos
2272 4197 2512 4263 spiritus,
2575 4211 2624 4252 et
2673 4203 2939 4258 ministros
2972 4223 3093 4260 suos
3121 4209 3392 4276 ﬂammam

1834 4281 1966 4348 ignis
1999 4283 2064 4336 ⁸⁷.
2100 4285 2174 4337 En
2207 4290 2500 4342 maximum
2531 4291 2852 4362 discrimen,
2886 4301 3142 4366 quoniam
3166 4303 3241 4356 illi
3272 4289 3394 4373 quis

1833 4373 1952 4424 dem
1994 4385 2122 4427 sunt
2169 4381 2356 4443 creati,
2391 4381 2479 4434 hic
2532 4399 2660 4436 vero
2716 4388 3010 4444 increatus.
3061 4390 3196 4445 Nam
3247 4398 3390 4460 quod

197 4462 383 4525 ποιῶν,
413 4464 514 4530 τὴν
543 4452 606 4514 ἐκ
630 4462 726 4513 τοῦ
752 4463 826 4532 μὴ
855 4463 1008 4524 δντος
1031 4464 1110 4524 εἰς
1149 4460 1208 4511 τὸ
1228 4456 1367 4513 εἶναι
1392 4463 1727 4551 παραγωγὴν

1839 4463 1908 4513 ait
1946 4501 1960 4525 ,
2024 4463 2127 4527 Qui
2149 4465 2300 4531 facit,
2341 4470 2613 4540 signiﬁcat
2637 4489 2701 4525 ex
2732 4491 2838 4527 non
2869 4492 2990 4531 esse
3020 4481 3086 4531 ad
3115 4496 3237 4534 esse
3261 4499 3391 4551 pro-

197 4549 359 4616 anm.
396 4550 470 4601 Οὐ
508 4549 647 4616 πρὸς
689 4550 951 4615 ἀγγέλους
999 4550 1054 4600 δὲ
1103 4550 1297 4619 μόνους
1349 4549 1410 4601 τὸ
1455 4549 1727 4620 ὶξαίρετον

196 4637 459 4706 ἔχει,ἁλλὰ
486 4639 582 4689 καὶ
611 4637 745 4706 πρὸς
770 4638 946 4688 πᾶσαν
966 4638 1064 4706 τὴν
1087 4638 1459 4708 λειτουργικὴν
1480 4640 1724 4710 δύναμιν.

196 4730 293 4782 Οὐκ
323 4727 441 4782 εἷπε
465 4730 548 4794 δὲ,
577 4730 838 4794 Ποιήσας,
868 4727 1023 4789 ἀλλὰ,
1052 4728 1267 4804 ποιῶν,
1297 4733 1562 4794 τουτέστι,
1589 4751 1713 4786 συν-

194 4821 356 4889 τηρῶν
381 4823 460 4890 τῷ
488 4821 657 4888 λόγῳ,
699 4819 818 4870 καθ’
849 4818 907 4870 ὃν
940 4820 1204 4884 ἐγένοντο.
1243 4820 1492 4874 Τοιοῦτον
1529 4824 1622 4875 καὶ
1661 4825 1722 4876 τὸ

195 4897 421 4978 παρᾶλτῷ
446 4905 765 4976 Εὑαγγελίῳ
782 4921 797 4937 ’
831 4907 892 4959 ὐ
919 4908 1118 4986 Πατήρ
1135 4926 1252 4977 μου
1272 4909 1380 4976 ἕως
1400 4911 1526 4978 ἄρτι
1555 4913 1720 4982 ἐργὰ.

196 4995 348 5061 (stat,
387 5000 660 5059 τουτέστι,
689 4999 900 5067 συνέχει
927 4998 995 5049 τὰ
1022 5000 1362 5068 γεγενημένα
1411 5005 1500 5053 καὶ
1547 5004 1719 5073 ἐξειρ-

194 5088 422 5154 γασμένα
455 5090 580 5157 ήδη,
614 5089 709 5140 καὶ
733 5088 1015 5158 φυλάσσει,
1045 5088 1120 5150 ὡς
1148 5087 1594 5159 ἐξειργάσϐησαν.

254 5262 398 5328 Πρὸς
431 5262 501 5314 δὲ
529 5263 640 5313 τὸν
679 5265 842 5322 Υιόν⁹
883 5262 945 5314 '0
970 5264 1180 5329 θρόνος
1213 5276 1352 5325 σου,
1389 5266 1421 5316 ό
1447 5266 1608 5329 Θεὸς,
1633 5248 1726 5333 ἐἰς

1802 4755 1804 4758 ν
1837 4733 2236 4812 ministrantem
2271 4739 2547 4796 virtutem.
2577 4741 2691 4795 Non
2722 4746 2862 4799 dixit
2887 4758 3065 4803 autem

1833 4552 2165 4608 ductionem.
2225 4555 2342 4609 Non
2431 4570 2609 4613 autem
2662 4565 2837 4630 quoad
2895 4570 3113 4638 angelos
3176 4580 3387 4634 tantum

1833 4646 2202 4700 excellentiam
2241 4651 2420 4710 habet.
2477 4670 2662 4708 verum
2716 4660 2878 4712 etiam
2939 4664 3114 4730 quoad
3172 4681 3386 4721 omnem

3106 4769 3120 4804 :
3172 4753 3272 4816 Qui
3311 4756 3386 4806 ic-

1831 4823 2089 4886 cit:sed,
2169 4827 2273 4890 Qui
2299 4829 2450 4896 facit,
2505 4834 2604 4887 hoc
2663 4844 2766 4897 est,
2829 4852 3160 4893 conservans
3214 4845 3382 4896 verbo

1825 4923 1922 4976 per
1978 4913 2120 4978 quod
2161 4915 2288 4968 facti
2345 4928 2490 4972 sunt.
2538 4921 2856 4990 Hujusmodi
2890 4937 2974 4979 est
3025 4931 3168 4995 quod
3216 4941 3271 4984 et
3328 4934 3381 4989 in

1827 4996 2116 5068 Evangelia
2151 5004 2326 5057 dicit:
2393 5007 2556 5061 Pater
2607 5027 2750 5064 mcus
2791 5030 2951 5082 usque
3001 5019 3153 5072 modo
3193 5037 3380 5088 opera-

1826 5098 1913 5140 tur
1940 5089 1985 5120 ⁸³
2020 5131 2033 5153 ,
2068 5093 2169 5146 hoc
2193 5103 2295 5159 est,
2328 5100 2567 5151 continet
2596 5116 2718 5168 qua:
2754 5102 2892 5156 facta
2915 5117 3064 5170 sunt,
3087 5116 3140 5161 et
3165 5109 3375 5173 ell‘ecta,

1824 5188 1878 5233 et
1904 5184 2142 5237 custodit
2169 5187 2388 5254 perinde
2422 5204 2484 5241 ac
2511 5191 2646 5244 facta
2673 5203 2817 5247 sunt.

1892 5271 2053 5326 Vsus.
2083 5275 2133 5328 8.
2178 5278 2258 5329 Ad
2286 5278 2477 5330 Filium
2513 5291 2685 5333 autem
2719 5299 2735 5334 :
2764 5284 2999 5334 Tltromts
3033 5294 3181 5349 tuus,
3211 5287 3372 5352 Deus,

193 5351 284 5402 τὸν
310 5350 488 5404 αἰῶνα
511 5353 622 5404 τοῦ
645 5352 876 5416 αἰῶνος.
900 5354 962 5404 Oi
994 5353 1094 5420 μὲν
1133 5352 1371 5441 ᾅγγελοι,
1414 5358 1565 5422 φησὶ,
1607 5358 1724 5407 κτί-

1842 5362 2149 5423 nsa'culum
2200 5365 2614 5436 sa'culi.Angeli
2674 5370 2915 5436 quidem,
2971 5373 3170 5441 inquit.
3222 5350 3374 5430 crea;

194 5454 354 5505 σματα
385 5440 480 5491 καὶ
508 5441 791 5507 ποιήματα
813 5439 984 5510 ’,περὶ
1013 5440 1190 5492 αὐτῶν
1238 5442 1342 5510 γὰρ
1369 5442 1582 5509 εἴρηται
1637 5445 1718 5508 τὸ,

202 5526 467 5583 Ὁκοιῶν.
510 5528 573 5581 '0
607 5527 667 5578 δὲ
701 5527 921 5597 Υἱὸςίοῦ
954 5528 1158 5595 κτίσμα
1204 5529 1347 5582 ἐστίν
1369 5546 1382 5559 ο
1430 5532 1551 5583 οὐδὲ
1614 5534 1722 5604 γὰρ

617 5713 685 5731 ρι’

255 5711 295 5744 ⁸⁵
343 5712 471 5767 LUC.
514 5731 551 5775 1.
616 5713 704 5766 35'}.

1822 5455 1954 5499 tura:
1979 5459 2105 5500 sunt
2137 5456 2190 5501 et
2218 5466 2380 5517 opera
2413 5470 2425 5506 :
2485 5453 2552 5507 de
2603 5455 2735 5521 ipsis
2789 5460 2933 5510 enim
2994 5461 3198 5515 dictum
3237 5475 3317 5515 est
3355 5485 3368 5522 ι

1831 5536 1935 5600 Qui
1962 5538 2110 5604 facit.
2145 5538 2312 5594 Filius
2373 5555 2549 5596 autem
2577 5560 2709 5597 .non
2778 5557 2860 5603 est
2904 5564 3188 5608 creatura:
3256 5572 3365 5615 non

781 5715 825 5778 9³
852 5716 1032 5770 Matth.
1060 5734 1174 5784 xm,
1212 5718 1263 5770 5.
1339 5721 1384 5752 ⁸⁸
1416 5723 1560 5776 Psal.
1607 5737 1743 5787 xcvi,

1911 5726 1952 5757 ⁸⁷
1988 5723 2128 5780 Psal.
2180 5743 2296 5794 cui,
2341 5732 2392 5784 4.
2470 5732 2514 5764 ⁸⁸
2539 5730 2696 5786 Joau.
2742 5748 2792 5797 ν,
2830 5737 2908 5788 l7.
