  <div class='ocr_page' id='page_1' title='image "/cluster/home/n/w/nwhite01/storage/ocr_20150623/125/pst.000005714407/124.png"; bbox 0 0 4068 6324; ppageno 0'>
   <div class='ocr_carea' id='block_1_1' title="bbox 208 412 306 477">
    <p class='ocr_par' dir='ltr' id='par_1_1' title="bbox 208 412 306 477">
     <span class='ocr_line' id='line_1_1' title="bbox 208 412 306 477; baseline 0.031 -3"><span class='ocrx_word' id='word_1_1' title='bbox 208 412 306 477; x_wconf 75' lang='lat'><strong>201</strong></span> 
     </span>
    </p>
   </div>
   <div class='ocr_carea' id='block_1_2' title="bbox 952 399 2680 467">
    <p class='ocr_par' dir='ltr' id='par_1_2' title="bbox 952 399 2680 467">
     <span class='ocr_line' id='line_1_2' title="bbox 952 399 2680 467; baseline -0.002 0"><span class='ocrx_word' id='word_1_2' title='bbox 952 401 1359 467; x_wconf 77' lang='lat' dir='ltr'><strong>EXPOSITIO</strong></span> <span class='ocrx_word' id='word_1_3' title='bbox 1389 400 1470 462; x_wconf 85' lang='lat' dir='ltr'><strong>IN</strong></span> <span class='ocrx_word' id='word_1_4' title='bbox 1503 399 1739 460; x_wconf 83' lang='lat' dir='ltr'><strong>EPIST.</strong></span> <span class='ocrx_word' id='word_1_5' title='bbox 1773 400 1870 458; x_wconf 84' lang='lat' dir='ltr'><strong>AD</strong></span> <span class='ocrx_word' id='word_1_6' title='bbox 1895 399 2285 461; x_wconf 49' lang='lat' dir='ltr'><strong>HEBREEOS.</strong></span> <span class='ocrx_word' id='word_1_7' title='bbox 2334 427 2394 436; x_wconf 87' lang='lat'><em>-</em></span> <span class='ocrx_word' id='word_1_8' title='bbox 2423 402 2584 462; x_wconf 85' lang='lat' dir='ltr'><strong>CAP.</strong></span> <span class='ocrx_word' id='word_1_9' title='bbox 2629 401 2680 464; x_wconf 89' lang='grc' dir='ltr'><strong>Ι.</strong></span> 
     </span>
    </p>
   </div>
   <div class='ocr_carea' id='block_1_3' title="bbox 3345 405 3451 469">
    <p class='ocr_par' dir='ltr' id='par_1_3' title="bbox 3345 405 3451 469">
     <span class='ocr_line' id='line_1_3' title="bbox 3345 405 3451 469; baseline 0.038 -5"><span class='ocrx_word' id='word_1_10' title='bbox 3345 405 3451 469; x_wconf 63' lang='grc' dir='ltr'>Ωιιε</span> 
     </span>
    </p>
   </div>
   <div class='ocr_carea' id='block_1_4' title="bbox 206 513 1772 594">
    <p class='ocr_par' dir='ltr' id='par_1_4' title="bbox 206 516 1769 585">
     <span class='ocr_line' id='line_1_4' title="bbox 206 516 1769 585; baseline -0.009 -6"><span class='ocrx_word' id='word_1_11' title='bbox 206 525 426 580; x_wconf 73' lang='grc' dir='ltr'>ἄνωθεν.</span> <span class='ocrx_word' id='word_1_12' title='bbox 458 521 627 577; x_wconf 82' lang='grc' dir='ltr'>Τοῦτο</span> <span class='ocrx_word' id='word_1_13' title='bbox 652 521 709 574; x_wconf 83' lang='grc' dir='ltr'>δὲ</span> <span class='ocrx_word' id='word_1_14' title='bbox 736 522 825 574; x_wconf 83' lang='grc' dir='ltr'>καὶ</span> <span class='ocrx_word' id='word_1_15' title='bbox 853 520 1009 574; x_wconf 69' lang='grc' dir='ltr'>κατὰ</span> <span class='ocrx_word' id='word_1_16' title='bbox 1027 518 1241 572; x_wconf 79' lang='grc' dir='ltr'>Παύλου</span> <span class='ocrx_word' id='word_1_17' title='bbox 1261 517 1355 569; x_wconf 80' lang='grc' dir='ltr'>τοῦ</span> <span class='ocrx_word' id='word_1_18' title='bbox 1385 516 1769 585; x_wconf 77' lang='grc' dir='ltr'>Σαμοσατέως,</span> 
     </span>
    </p>
   </div>
   <div class='ocr_carea' id='block_1_5' title="bbox 1884 513 3444 594">
    <p class='ocr_par' dir='ltr' id='par_1_5' title="bbox 1884 513 3444 594">
     <span class='ocr_line' id='line_1_5' title="bbox 1884 513 3444 594; baseline 0.004 -29"><span class='ocrx_word' id='word_1_19' title='bbox 1884 515 2201 568; x_wconf 79' lang='lat' dir='ltr'><strong>novissimis</strong></span> <span class='ocrx_word' id='word_1_20' title='bbox 2230 516 2589 583; x_wconf 90' lang='lat' dir='ltr'><strong>temporibus,</strong></span> <span class='ocrx_word' id='word_1_21' title='bbox 2624 516 2718 570; x_wconf 87' lang='lat' dir='ltr'><strong>sed</strong></span> <span class='ocrx_word' id='word_1_22' title='bbox 2740 515 2850 582; x_wconf 87' lang='lat' dir='ltr'><strong>jam</strong></span> <span class='ocrx_word' id='word_1_23' title='bbox 2903 516 3032 570; x_wconf 90' lang='lat' dir='ltr'><strong>olim</strong></span> <span class='ocrx_word' id='word_1_24' title='bbox 3076 532 3104 571; x_wconf 82' lang='lat' dir='ltr'><strong>a</strong></span> <span class='ocrx_word' id='word_1_25' title='bbox 3154 513 3444 594; x_wconf 82' lang='lat' dir='ltr'><strong>principio.</strong></span> 
     </span>
    </p>
   </div>
   <div class='ocr_carea' id='block_1_6' title="bbox 209 607 1769 686">
    <p class='ocr_par' dir='ltr' id='par_1_6' title="bbox 209 607 1769 686">
     <span class='ocr_line' id='line_1_6' title="bbox 209 607 1769 686; baseline -0.008 -18"><span class='ocrx_word' id='word_1_26' title='bbox 209 615 480 686; x_wconf 85' lang='grc' dir='ltr'>παριστῶν</span> <span class='ocrx_word' id='word_1_27' title='bbox 516 614 593 677; x_wconf 84' lang='grc' dir='ltr'><strong>ὡς</strong></span> <span class='ocrx_word' id='word_1_28' title='bbox 615 613 709 665; x_wconf 53' lang='grc' dir='ltr'><strong>καὶ⁵</strong></span> <span class='ocrx_word' id='word_1_29' title='bbox 741 613 848 683; x_wconf 73' lang='grc' dir='ltr'>πρὸ</span> <span class='ocrx_word' id='word_1_30' title='bbox 881 612 980 681; x_wconf 81' lang='grc' dir='ltr'>τῆς</span> <span class='ocrx_word' id='word_1_31' title='bbox 1021 610 1239 677; x_wconf 78' lang='grc' dir='ltr'><strong>Μαρίας</strong></span> <span class='ocrx_word' id='word_1_32' title='bbox 1276 610 1304 661; x_wconf 87' lang='grc' dir='ltr'><strong>ὁ</strong></span> <span class='ocrx_word' id='word_1_33' title='bbox 1335 607 1586 679; x_wconf 61' lang='grc' dir='ltr'>Χριστὸς,</span> <span class='ocrx_word' id='word_1_34' title='bbox 1618 607 1675 669; x_wconf 83' lang='grc' dir='ltr'>ὃς</span> <span class='ocrx_word' id='word_1_35' title='bbox 1706 623 1769 673; x_wconf 88' lang='grc' dir='ltr'><strong>γε</strong></span> 
     </span>
    </p>
   </div>
   <div class='ocr_carea' id='block_1_7' title="bbox 205 697 1764 775">
    <p class='ocr_par' dir='ltr' id='par_1_7' title="bbox 205 697 1764 775">
     <span class='ocr_line' id='line_1_7' title="bbox 205 697 1764 775; baseline -0.008 -16"><span class='ocrx_word' id='word_1_36' title='bbox 205 708 299 759; x_wconf 76' lang='grc' dir='ltr'>καὶ</span> <span class='ocrx_word' id='word_1_37' title='bbox 328 705 663 775; x_wconf 81' lang='grc' dir='ltr'>Δημιουργὸς</span> <span class='ocrx_word' id='word_1_38' title='bbox 683 705 782 772; x_wconf 77' lang='grc' dir='ltr'>τῆς</span> <span class='ocrx_word' id='word_1_39' title='bbox 811 701 1039 774; x_wconf 81' lang='grc' dir='ltr'>κτίσεώς</span> <span class='ocrx_word' id='word_1_40' title='bbox 1057 703 1174 754; x_wconf 78' lang='grc' dir='ltr'>ἐστι</span> <span class='ocrx_word' id='word_1_41' title='bbox 1195 717 1207 731; x_wconf 92' lang='grc'><strong>·</strong></span> <span class='ocrx_word' id='word_1_42' title='bbox 1237 700 1330 751; x_wconf 71' lang='grc' dir='ltr'>καὶ</span> <span class='ocrx_word' id='word_1_43' title='bbox 1353 699 1494 751; x_wconf 76' lang='grc' dir='ltr'>κατὰ</span> <span class='ocrx_word' id='word_1_44' title='bbox 1531 697 1764 765; x_wconf 82' lang='grc' dir='ltr'><strong>Ἀρείου,</strong></span> 
     </span>
    </p>
   </div>
   <div class='ocr_carea' id='block_1_8' title="bbox 204 785 1768 864">
    <p class='ocr_par' dir='ltr' id='par_1_8' title="bbox 204 785 1768 864">
     <span class='ocr_line' id='line_1_8' title="bbox 204 785 1768 864; baseline -0.006 -16"><span class='ocrx_word' id='word_1_45' title='bbox 204 797 297 847; x_wconf 77' lang='grc' dir='ltr'>τοῦ</span> <span class='ocrx_word' id='word_1_46' title='bbox 354 796 624 864; x_wconf 71' lang='grc' dir='ltr'>ὑπουργὸν</span> <span class='ocrx_word' id='word_1_47' title='bbox 647 793 829 855; x_wconf 81' lang='grc' dir='ltr'>αὑτὸν,</span> <span class='ocrx_word' id='word_1_48' title='bbox 866 791 1063 860; x_wconf 83' lang='grc' dir='ltr'>μᾶλλον</span> <span class='ocrx_word' id='word_1_49' title='bbox 1091 790 1147 842; x_wconf 84' lang='grc' dir='ltr'>δὲ</span> <span class='ocrx_word' id='word_1_50' title='bbox 1177 789 1406 862; x_wconf 75' lang='grc' dir='ltr'>ὄργανον</span> <span class='ocrx_word' id='word_1_51' title='bbox 1468 785 1768 852; x_wconf 84' lang='grc' dir='ltr'>ποιοῦντος,</span> 
     </span>
    </p>
   </div>
   <div class='ocr_carea' id='block_1_9' title="bbox 204 877 1771 954">
    <p class='ocr_par' dir='ltr' id='par_1_9' title="bbox 204 877 1771 954">
     <span class='ocr_line' id='line_1_9' title="bbox 204 877 1771 954; baseline -0.006 -15"><span class='ocrx_word' id='word_1_52' title='bbox 204 887 336 939; x_wconf 80' lang='grc' dir='ltr'>διότι</span> <span class='ocrx_word' id='word_1_53' title='bbox 388 885 641 954; x_wconf 79' lang='grc' dir='ltr'><strong>ἀνωτέρω</strong></span> <span class='ocrx_word' id='word_1_54' title='bbox 686 884 917 954; x_wconf 73' lang='grc' dir='ltr'>ἐλέχθη·</span> <span class='ocrx_word' id='word_1_55' title='bbox 972 883 1051 935; x_wconf 86' lang='grc' dir='ltr'><strong>Δι’</strong></span> <span class='ocrx_word' id='word_1_56' title='bbox 1081 877 1153 937; x_wconf 84' lang='grc' dir='ltr'>οὗ</span> <span class='ocrx_word' id='word_1_57' title='bbox 1209 880 1307 939; x_wconf 70' lang='grc' dir='ltr'><strong>καί</strong></span> <span class='ocrx_word' id='word_1_58' title='bbox 1364 880 1500 944; x_wconf 80' lang='grc' dir='ltr'>τοὺς</span> <span class='ocrx_word' id='word_1_59' title='bbox 1551 879 1771 944; x_wconf 84' lang='grc' dir='ltr'>αίὼνας</span> 
     </span>
    </p>
   </div>
   <div class='ocr_carea' id='block_1_10' title="bbox 206 969 1766 1045">
    <p class='ocr_par' dir='ltr' id='par_1_10' title="bbox 206 969 1766 1045">
     <span class='ocr_line' id='line_1_10' title="bbox 206 969 1766 1045; baseline -0.006 -17"><span class='ocrx_word' id='word_1_60' title='bbox 206 979 510 1044; x_wconf 74' lang='grc' dir='ltr'>ἐποίησεν.</span> <span class='ocrx_word' id='word_1_61' title='bbox 536 975 682 1033; x_wconf 68' lang='grc' dir='ltr'>,Ἰδοὺ</span> <span class='ocrx_word' id='word_1_62' title='bbox 708 975 815 1045; x_wconf 74' lang='grc' dir='ltr'><strong>γὰρ</strong></span> <span class='ocrx_word' id='word_1_63' title='bbox 847 973 1082 1027; x_wconf 78' lang='grc' dir='ltr'>ἐνταῦθα</span> <span class='ocrx_word' id='word_1_64' title='bbox 1111 972 1269 1034; x_wconf 75' lang='grc' dir='ltr'>αὐτὸς</span> <span class='ocrx_word' id='word_1_65' title='bbox 1299 970 1522 1038; x_wconf 81' lang='grc' dir='ltr'><strong>κτίστης</strong></span> <span class='ocrx_word' id='word_1_66' title='bbox 1550 969 1766 1035; x_wconf 76' lang='grc' dir='ltr'>εἰσάγε-</span> 
     </span>
    </p>
   </div>
   <div class='ocr_carea' id='block_1_11' title="bbox 204 1051 1767 1136">
    <p class='ocr_par' dir='ltr' id='par_1_11' title="bbox 204 1051 1767 1136">
     <span class='ocr_line' id='line_1_11' title="bbox 204 1051 1767 1136; baseline -0.005 -18"><span class='ocrx_word' id='word_1_67' title='bbox 204 1084 318 1122; x_wconf 86' lang='grc' dir='ltr'>ται.</span> <span class='ocrx_word' id='word_1_68' title='bbox 343 1067 481 1136; x_wconf 87' lang='grc' dir='ltr'>Ὅρα</span> <span class='ocrx_word' id='word_1_69' title='bbox 500 1064 556 1118; x_wconf 84' lang='grc' dir='ltr'>δὲ</span> <span class='ocrx_word' id='word_1_70' title='bbox 579 1066 694 1128; x_wconf 82' lang='grc' dir='ltr'><strong>πῶς</strong></span> <span class='ocrx_word' id='word_1_71' title='bbox 727 1051 1131 1134; x_wconf 65' lang='grc' dir='ltr'><strong>συμπλέκονται</strong></span> <span class='ocrx_word' id='word_1_72' title='bbox 1161 1064 1189 1114; x_wconf 85' lang='grc' dir='ltr'>ὁ</span> <span class='ocrx_word' id='word_1_73' title='bbox 1213 1063 1342 1131; x_wconf 84' lang='grc' dir='ltr'>περὶ</span> <span class='ocrx_word' id='word_1_74' title='bbox 1372 1059 1474 1128; x_wconf 82' lang='grc' dir='ltr'>τῆς</span> <span class='ocrx_word' id='word_1_75' title='bbox 1510 1059 1767 1111; x_wconf 84' lang='grc' dir='ltr'>ἁκτίστου</span> 
     </span>
    </p>
   </div>
   <div class='ocr_carea' id='block_1_12' title="bbox 204 1137 1771 1225">
    <p class='ocr_par' dir='ltr' id='par_1_12' title="bbox 204 1137 1771 1225">
     <span class='ocr_line' id='line_1_12' title="bbox 204 1137 1771 1225; baseline -0.006 -15"><span class='ocrx_word' id='word_1_76' title='bbox 204 1137 419 1224; x_wconf 67' lang='grc' dir='ltr'>φύσεως</span> <span class='ocrx_word' id='word_1_77' title='bbox 445 1166 448 1167; x_wconf 66' lang='grc'><strong><em>⁷</em></strong></span> <span class='ocrx_word' id='word_1_78' title='bbox 478 1157 654 1224; x_wconf 79' lang='grc' dir='ltr'>λόγος,</span> <span class='ocrx_word' id='word_1_79' title='bbox 687 1159 831 1210; x_wconf 82' lang='grc' dir='ltr'>καὶὸ</span> <span class='ocrx_word' id='word_1_80' title='bbox 852 1157 949 1225; x_wconf 84' lang='grc' dir='ltr'>τῆς</span> <span class='ocrx_word' id='word_1_81' title='bbox 985 1139 1320 1223; x_wconf 77' lang='grc' dir='ltr'>οἰκονομίας,</span> <span class='ocrx_word' id='word_1_82' title='bbox 1361 1152 1456 1204; x_wconf 71' lang='grc' dir='ltr'><strong>καὶ</strong></span> <span class='ocrx_word' id='word_1_83' title='bbox 1486 1150 1618 1202; x_wconf 82' lang='grc' dir='ltr'>ποτὲ</span> <span class='ocrx_word' id='word_1_84' title='bbox 1673 1149 1771 1219; x_wconf 81' lang='grc' dir='ltr'>μὲν</span> 
     </span>
    </p>
   </div>
   <div class='ocr_carea' id='block_1_13' title="bbox 198 1230 1596 1319">
    <p class='ocr_par' dir='ltr' id='par_1_13' title="bbox 198 1230 1596 1319">
     <span class='ocr_line' id='line_1_13' title="bbox 198 1230 1596 1319; baseline -0.002 -19"><span class='ocrx_word' id='word_1_85' title='bbox 198 1247 379 1318; x_wconf 71' lang='grc' dir='ltr'>ὑψηλὰ</span> <span class='ocrx_word' id='word_1_86' title='bbox 403 1249 468 1300; x_wconf 86' lang='grc' dir='ltr'><strong>δι’</strong></span> <span class='ocrx_word' id='word_1_87' title='bbox 497 1249 733 1319; x_wconf 78' lang='grc' dir='ltr'>ἐκείνην,</span> <span class='ocrx_word' id='word_1_88' title='bbox 755 1230 885 1302; x_wconf 84' lang='grc' dir='ltr'>ποτὲ</span> <span class='ocrx_word' id='word_1_89' title='bbox 919 1249 975 1300; x_wconf 87' lang='grc' dir='ltr'>δὲ</span> <span class='ocrx_word' id='word_1_90' title='bbox 1004 1245 1234 1309; x_wconf 80' lang='grc' dir='ltr'>ταπεινὰ</span> <span class='ocrx_word' id='word_1_91' title='bbox 1254 1245 1340 1297; x_wconf 76' lang='grc' dir='ltr'>διὰ</span> <span class='ocrx_word' id='word_1_92' title='bbox 1369 1243 1596 1312; x_wconf 83' lang='grc' dir='ltr'>ταύτην.</span> 
     </span>
    </p>
   </div>
   <div class='ocr_carea' id='block_1_14' title="bbox 1880 606 3444 674">
    <p class='ocr_par' dir='ltr' id='par_1_14' title="bbox 1880 606 3444 674">
     <span class='ocr_line' id='line_1_14' title="bbox 1880 606 3444 674; baseline 0.01 -18"><span class='ocrx_word' id='word_1_93' title='bbox 1880 606 2057 674; x_wconf 82' lang='lat' dir='ltr'><strong>Atque</strong></span> <span class='ocrx_word' id='word_1_94' title='bbox 2087 607 2232 660; x_wconf 92' lang='lat' dir='ltr'><strong>istud</strong></span> <span class='ocrx_word' id='word_1_95' title='bbox 2263 607 2424 660; x_wconf 84' lang='lat' dir='ltr'><strong>etiam</strong></span> <span class='ocrx_word' id='word_1_96' title='bbox 2452 617 2535 662; x_wconf 91' lang='lat' dir='ltr'><strong>est</strong></span> <span class='ocrx_word' id='word_1_97' title='bbox 2562 617 2754 663; x_wconf 82' lang='lat' dir='ltr'><strong>contra</strong></span> <span class='ocrx_word' id='word_1_98' title='bbox 2799 607 3025 662; x_wconf 85' lang='lat' dir='ltr'><strong>Paulum</strong></span> <span class='ocrx_word' id='word_1_99' title='bbox 3087 612 3444 671; x_wconf 59' lang='lat' dir='ltr'><strong>Samosateuc</strong></span> 
     </span>
    </p>
   </div>
   <div class='ocr_carea' id='block_1_15' title="bbox 1882 696 3446 771">
    <p class='ocr_par' dir='ltr' id='par_1_15' title="bbox 1882 696 3446 771">
     <span class='ocr_line' id='line_1_15' title="bbox 1882 696 3446 771; baseline 0.008 -22"><span class='ocrx_word' id='word_1_100' title='bbox 1882 711 2016 749; x_wconf 89' lang='lat' dir='ltr'><strong>sem.</strong></span> <span class='ocrx_word' id='word_1_101' title='bbox 2042 696 2287 751; x_wconf 78' lang='lat' dir='ltr'><strong>Mlirmat</strong></span> <span class='ocrx_word' id='word_1_102' title='bbox 2308 699 2452 752; x_wconf 90' lang='lat' dir='ltr'><strong>enim</strong></span> <span class='ocrx_word' id='word_1_103' title='bbox 2475 698 2752 753; x_wconf 89' lang='lat' dir='ltr'><strong>Christum</strong></span> <span class='ocrx_word' id='word_1_104' title='bbox 2777 708 2901 754; x_wconf 78' lang='lat' dir='ltr'><strong>ante</strong></span> <span class='ocrx_word' id='word_1_105' title='bbox 2926 700 3193 771; x_wconf 77' lang='lat' dir='ltr'><strong>Virginem</strong></span> <span class='ocrx_word' id='word_1_106' title='bbox 3221 703 3446 762; x_wconf 79' lang='lat' dir='ltr'><strong>Mariam</strong></span> 
     </span>
    </p>
   </div>
   <div class='ocr_carea' id='block_1_16' title="bbox 1883 789 3445 861">
    <p class='ocr_par' dir='ltr' id='par_1_16' title="bbox 1883 789 3445 861">
     <span class='ocr_line' id='line_1_16' title="bbox 1883 789 3445 861; baseline 0.008 -21"><span class='ocrx_word' id='word_1_107' title='bbox 1883 789 2074 851; x_wconf 80' lang='lat' dir='ltr'><strong>fuisse,</strong></span> <span class='ocrx_word' id='word_1_108' title='bbox 2109 791 2313 859; x_wconf 85' lang='lat' dir='ltr'><strong>quippe</strong></span> <span class='ocrx_word' id='word_1_109' title='bbox 2343 790 2434 860; x_wconf 89' lang='lat' dir='ltr'><strong>qui</strong></span> <span class='ocrx_word' id='word_1_110' title='bbox 2496 804 2761 845; x_wconf 84' lang='lat' dir='ltr'><strong>creaturae</strong></span> <span class='ocrx_word' id='word_1_111' title='bbox 2819 794 2889 847; x_wconf 90' lang='lat' dir='ltr'><strong>sit</strong></span> <span class='ocrx_word' id='word_1_112' title='bbox 2950 793 3174 861; x_wconf 69' lang='lat' dir='ltr'><strong>Opit‘ex:</strong></span> <span class='ocrx_word' id='word_1_113' title='bbox 3233 813 3445 852; x_wconf 89' lang='lat' dir='ltr'><strong>necnon</strong></span> 
     </span>
    </p>
   </div>
   <div class='ocr_carea' id='block_1_17' title="bbox 1882 884 3446 958">
    <p class='ocr_par' dir='ltr' id='par_1_17' title="bbox 1882 884 3446 958">
     <span class='ocr_line' id='line_1_17' title="bbox 1882 884 3446 958; baseline 0.007 -24"><span class='ocrx_word' id='word_1_114' title='bbox 1882 891 2071 935; x_wconf 89' lang='lat' dir='ltr'><strong>contra</strong></span> <span class='ocrx_word' id='word_1_115' title='bbox 2110 884 2326 944; x_wconf 81' lang='lat' dir='ltr'><strong>Arium,</strong></span> <span class='ocrx_word' id='word_1_116' title='bbox 2357 884 2449 949; x_wconf 88' lang='lat' dir='ltr'><strong>qui</strong></span> <span class='ocrx_word' id='word_1_117' title='bbox 2500 886 2672 951; x_wconf 87' lang='lat' dir='ltr'><strong>ipsum</strong></span> <span class='ocrx_word' id='word_1_118' title='bbox 2729 885 3065 948; x_wconf 88' lang='lat' dir='ltr'><strong>ministrum,</strong></span> <span class='ocrx_word' id='word_1_119' title='bbox 3124 889 3205 941; x_wconf 80' lang='lat' dir='ltr'><strong>vel</strong></span> <span class='ocrx_word' id='word_1_120' title='bbox 3267 891 3446 958; x_wconf 83' lang='lat' dir='ltr'><strong>potius</strong></span> 
     </span>
    </p>
   </div>
   <div class='ocr_carea' id='block_1_18' title="bbox 1885 971 3442 1044">
    <p class='ocr_par' dir='ltr' id='par_1_18' title="bbox 1885 971 3442 1044">
     <span class='ocr_line' id='line_1_18' title="bbox 1885 971 3442 1044; baseline 0.01 -23"><span class='ocrx_word' id='word_1_121' title='bbox 1885 971 2305 1027; x_wconf 69' lang='lat' dir='ltr'><strong>instrumentum</strong></span> <span class='ocrx_word' id='word_1_122' title='bbox 2364 974 2618 1036; x_wconf 79' lang='lat' dir='ltr'><strong>faciebat,</strong></span> <span class='ocrx_word' id='word_1_123' title='bbox 2678 990 2742 1027; x_wconf 93' lang='lat' dir='ltr'><strong>eo</strong></span> <span class='ocrx_word' id='word_1_124' title='bbox 2778 976 2921 1042; x_wconf 90' lang='lat' dir='ltr'><strong>quod</strong></span> <span class='ocrx_word' id='word_1_125' title='bbox 2964 992 3128 1044; x_wconf 90' lang='lat' dir='ltr'><strong>supra</strong></span> <span class='ocrx_word' id='word_1_126' title='bbox 3195 982 3442 1037; x_wconf 76' lang='lat' dir='ltr'><strong>dixerat:</strong></span> 
     </span>
    </p>
   </div>
   <div class='ocr_carea' id='block_1_19' title="bbox 1884 1059 3450 1131">
    <p class='ocr_par' dir='ltr' id='par_1_19' title="bbox 1884 1059 3450 1131">
     <span class='ocr_line' id='line_1_19' title="bbox 1884 1059 3450 1131; baseline 0.009 -19"><span class='ocrx_word' id='word_1_127' title='bbox 1884 1059 1986 1113; x_wconf 81' lang='lat' dir='ltr'><strong>Per</strong></span> <span class='ocrx_word' id='word_1_128' title='bbox 2016 1078 2164 1131; x_wconf 82' lang='lat' dir='ltr'><strong>quem</strong></span> <span class='ocrx_word' id='word_1_129' title='bbox 2195 1072 2244 1114; x_wconf 88' lang='lat' dir='ltr'><strong>et</strong></span> <span class='ocrx_word' id='word_1_130' title='bbox 2275 1063 2471 1116; x_wconf 72' lang='lat' dir='ltr'><strong>swcula</strong></span> <span class='ocrx_word' id='word_1_131' title='bbox 2498 1061 2642 1130; x_wconf 82' lang='lat' dir='ltr'><strong>fecit.</strong></span> <span class='ocrx_word' id='word_1_132' title='bbox 2669 1062 2805 1118; x_wconf 85' lang='lat' dir='ltr'><strong>Ecce</strong></span> <span class='ocrx_word' id='word_1_133' title='bbox 2824 1065 2966 1117; x_wconf 87' lang='lat' dir='ltr'><strong>enim</strong></span> <span class='ocrx_word' id='word_1_134' title='bbox 2994 1066 3080 1119; x_wconf 91' lang='lat' dir='ltr'><strong>hic</strong></span> <span class='ocrx_word' id='word_1_135' title='bbox 3103 1085 3197 1122; x_wconf 87' lang='lat' dir='ltr'><strong>ceu</strong></span> <span class='ocrx_word' id='word_1_136' title='bbox 3233 1083 3450 1128; x_wconf 85' lang='lat' dir='ltr'><strong>creator</strong></span> 
     </span>
    </p>
   </div>
   <div class='ocr_carea' id='block_1_20' title="bbox 1884 1151 3448 1222">
    <p class='ocr_par' dir='ltr' id='par_1_20' title="bbox 1884 1151 3448 1222">
     <span class='ocr_line' id='line_1_20' title="bbox 1884 1151 3448 1222; baseline 0.008 -21"><span class='ocrx_word' id='word_1_137' title='bbox 1884 1151 2273 1206; x_wconf 83' lang='lat' dir='ltr'><strong>introducitur.</strong></span> <span class='ocrx_word' id='word_1_138' title='bbox 2327 1152 2568 1207; x_wconf 81' lang='lat' dir='ltr'><strong>Observa</strong></span> <span class='ocrx_word' id='word_1_139' title='bbox 2602 1162 2784 1206; x_wconf 89' lang='lat' dir='ltr'><strong>autem</strong></span> <span class='ocrx_word' id='word_1_140' title='bbox 2837 1159 3108 1222; x_wconf 86' lang='lat' dir='ltr'><strong>quomodo</strong></span> <span class='ocrx_word' id='word_1_141' title='bbox 3156 1174 3336 1217; x_wconf 90' lang='lat' dir='ltr'><strong>sermo</strong></span> <span class='ocrx_word' id='word_1_142' title='bbox 3379 1168 3448 1217; x_wconf 79' lang='lat' dir='ltr'><strong>de</strong></span> 
     </span>
    </p>
   </div>
   <div class='ocr_carea' id='block_1_21' title="bbox 1885 1245 3447 1312">
    <p class='ocr_par' dir='ltr' id='par_1_21' title="bbox 1885 1245 3447 1312">
     <span class='ocr_line' id='line_1_21' title="bbox 1885 1245 3447 1312; baseline 0.01 -20"><span class='ocrx_word' id='word_1_143' title='bbox 1885 1245 2123 1297; x_wconf 84' lang='lat' dir='ltr'><strong>iucreata</strong></span> <span class='ocrx_word' id='word_1_144' title='bbox 2158 1253 2376 1309; x_wconf 87' lang='lat' dir='ltr'><strong>natura,</strong></span> <span class='ocrx_word' id='word_1_145' title='bbox 2411 1255 2463 1298; x_wconf 93' lang='lat' dir='ltr'><strong>et</strong></span> <span class='ocrx_word' id='word_1_146' title='bbox 2493 1246 2559 1298; x_wconf 85' lang='lat' dir='ltr'><strong>de</strong></span> <span class='ocrx_word' id='word_1_147' title='bbox 2587 1245 2998 1312; x_wconf 82' lang='lat' dir='ltr'><strong>dispensatione</strong></span> <span class='ocrx_word' id='word_1_148' title='bbox 3051 1262 3234 1303; x_wconf 86' lang='lat' dir='ltr'><strong>mutuo</strong></span> <span class='ocrx_word' id='word_1_149' title='bbox 3291 1267 3447 1308; x_wconf 88' lang='lat' dir='ltr'><strong>com-</strong></span> 
     </span>
    </p>
   </div>
   <div class='ocr_carea' id='block_1_22' title="bbox 200 1334 3448 1416">
    <p class='ocr_par' dir='ltr' id='par_1_22' title="bbox 200 1334 3448 1416">
     <span class='ocr_line' id='line_1_22' title="bbox 200 1334 3448 1416; baseline 0.002 -23"><span class='ocrx_word' id='word_1_150' title='bbox 200 1343 454 1410; x_wconf 83' lang='lat' dir='ltr'><strong>plicetur,</strong></span> <span class='ocrx_word' id='word_1_151' title='bbox 481 1352 644 1414; x_wconf 82' lang='lat' dir='ltr'><strong>atque</strong></span> <span class='ocrx_word' id='word_1_152' title='bbox 670 1342 748 1395; x_wconf 89' lang='lat' dir='ltr'><strong>uti</strong></span> <span class='ocrx_word' id='word_1_153' title='bbox 780 1341 916 1395; x_wconf 76' lang='lat' dir='ltr'><strong>alias</strong></span> <span class='ocrx_word' id='word_1_154' title='bbox 959 1339 1217 1396; x_wconf 89' lang='lat' dir='ltr'><strong>sublimia</strong></span> <span class='ocrx_word' id='word_1_155' title='bbox 1267 1336 1492 1407; x_wconf 79' lang='lat' dir='ltr'><strong>propter</strong></span> <span class='ocrx_word' id='word_1_156' title='bbox 1515 1334 1878 1396; x_wconf 72' lang='lat' dir='ltr'><strong>divinitatem,</strong></span> <span class='ocrx_word' id='word_1_157' title='bbox 1924 1336 2060 1388; x_wconf 86' lang='lat' dir='ltr'><strong>alias</strong></span> <span class='ocrx_word' id='word_1_158' title='bbox 2119 1353 2244 1391; x_wconf 74' lang='lat' dir='ltr'><strong>vero</strong></span> <span class='ocrx_word' id='word_1_159' title='bbox 2304 1337 2532 1392; x_wconf 85' lang='lat' dir='ltr'><strong>humilia</strong></span> <span class='ocrx_word' id='word_1_160' title='bbox 2588 1351 2810 1411; x_wconf 86' lang='lat' dir='ltr'><strong>pr0pter</strong></span> <span class='ocrx_word' id='word_1_161' title='bbox 2869 1343 3262 1398; x_wconf 77' lang='lat' dir='ltr'><strong>humanitatem</strong></span> <span class='ocrx_word' id='word_1_162' title='bbox 3318 1360 3448 1416; x_wconf 84' lang='lat' dir='ltr'><strong>pro-</strong></span> 
     </span>
    </p>
   </div>
   <div class='ocr_carea' id='block_1_23' title="bbox 200 1436 477 1490">
    <p class='ocr_par' dir='ltr' id='par_1_23' title="bbox 200 1436 477 1490">
     <span class='ocr_line' id='line_1_23' title="bbox 200 1436 477 1490; baseline 0.007 -2"><span class='ocrx_word' id='word_1_163' title='bbox 200 1436 477 1490; x_wconf 80' lang='lat' dir='ltr'><strong>feruntur.</strong></span> 
     </span>
    </p>
   </div>
   <div class='ocr_carea' id='block_1_24' title="bbox 261 1528 1770 1599">
    <p class='ocr_par' dir='ltr' id='par_1_24' title="bbox 261 1528 1770 1599">
     <span class='ocr_line' id='line_1_24' title="bbox 261 1528 1770 1599; baseline -0.002 -16"><span class='ocrx_word' id='word_1_164' title='bbox 261 1531 438 1584; x_wconf 76' lang='grc' dir='ltr'>Αὐτοί</span> <span class='ocrx_word' id='word_1_165' title='bbox 465 1531 950 1596; x_wconf 75' lang='grc' dir='ltr'>ἁπολοῦνται,σὺ</span> <span class='ocrx_word' id='word_1_166' title='bbox 973 1529 1040 1582; x_wconf 84' lang='grc' dir='ltr'>δὲ</span> <span class='ocrx_word' id='word_1_167' title='bbox 1070 1529 1388 1599; x_wconf 80' lang='grc' dir='ltr'><strong>διαμένεις,</strong></span> <span class='ocrx_word' id='word_1_168' title='bbox 1419 1528 1516 1582; x_wconf 77' lang='grc' dir='ltr'>καὶ</span> <span class='ocrx_word' id='word_1_169' title='bbox 1546 1528 1657 1581; x_wconf 61' lang='grc' dir='ltr'>πᾶν</span> <span class='ocrx_word' id='word_1_170' title='bbox 1672 1542 1770 1591; x_wconf 78' lang='grc' dir='ltr'><strong>τες</strong></span> 
     </span>
    </p>
   </div>
   <div class='ocr_carea' id='block_1_25' title="bbox 197 1619 1773 1689">
    <p class='ocr_par' dir='ltr' id='par_1_25' title="bbox 197 1619 1773 1689">
     <span class='ocr_line' id='line_1_25' title="bbox 197 1619 1773 1689; baseline -0.003 -14"><span class='ocrx_word' id='word_1_171' title='bbox 197 1623 280 1687; x_wconf 83' lang='grc' dir='ltr'>ὡς</span> <span class='ocrx_word' id='word_1_172' title='bbox 316 1622 544 1687; x_wconf 74' lang='grc' dir='ltr'>Ιμὰτιον</span> <span class='ocrx_word' id='word_1_173' title='bbox 608 1621 1131 1689; x_wconf 74' lang='grc' dir='ltr'><strong>παλαιωθήσονται</strong></span> <span class='ocrx_word' id='word_1_174' title='bbox 1160 1637 1175 1652; x_wconf 87' lang='grc'><strong>·</strong></span> <span class='ocrx_word' id='word_1_175' title='bbox 1220 1620 1318 1674; x_wconf 79' lang='grc' dir='ltr'><strong>καί</strong></span> <span class='ocrx_word' id='word_1_176' title='bbox 1351 1621 1495 1673; x_wconf 78' lang='grc' dir='ltr'>ὡσεὶ</span> <span class='ocrx_word' id='word_1_177' title='bbox 1545 1619 1773 1687; x_wconf 77' lang='grc' dir='ltr'>περιϐό-</span> 
     </span>
    </p>
   </div>
   <div class='ocr_carea' id='block_1_26' title="bbox 199 1706 1768 1778">
    <p class='ocr_par' dir='ltr' id='par_1_26' title="bbox 199 1706 1768 1778">
     <span class='ocr_line' id='line_1_26' title="bbox 199 1706 1768 1778; baseline -0.004 -13"><span class='ocrx_word' id='word_1_178' title='bbox 199 1716 379 1765; x_wconf 59' lang='grc' dir='ltr'>λαιον</span> <span class='ocrx_word' id='word_1_179' title='bbox 404 1711 626 1777; x_wconf 73' lang='grc' dir='ltr'>ἑλίξεις</span> <span class='ocrx_word' id='word_1_180' title='bbox 685 1712 930 1778; x_wconf 84' lang='grc' dir='ltr'>αὐτοὺς,</span> <span class='ocrx_word' id='word_1_181' title='bbox 967 1710 1095 1764; x_wconf 75' lang='lat' dir='ltr'><strong>.xat</strong></span> <span class='ocrx_word' id='word_1_182' title='bbox 1139 1709 1655 1778; x_wconf 60' lang='grc' dir='ltr'><strong>ἁλαῖαγήοόνταιδε</strong></span> <span class='ocrx_word' id='word_1_183' title='bbox 1686 1706 1768 1760; x_wconf 85' lang='grc' dir='ltr'>σὺ</span> 
     </span>
    </p>
   </div>
   <div class='ocr_carea' id='block_1_27' title="bbox 199 1798 1765 1869">
    <p class='ocr_par' dir='ltr' id='par_1_27' title="bbox 199 1798 1765 1869">
     <span class='ocr_line' id='line_1_27' title="bbox 199 1798 1765 1869; baseline -0.003 -15"><span class='ocrx_word' id='word_1_184' title='bbox 199 1803 270 1855; x_wconf 80' lang='grc' dir='ltr'>δὲ</span> <span class='ocrx_word' id='word_1_185' title='bbox 302 1805 334 1855; x_wconf 83' lang='grc' dir='ltr'><strong><em>ό</em></strong></span> <span class='ocrx_word' id='word_1_186' title='bbox 362 1802 544 1869; x_wconf 82' lang='grc' dir='ltr'>αὐτὸς</span> <span class='ocrx_word' id='word_1_187' title='bbox 583 1798 660 1867; x_wconf 83' lang='grc' dir='ltr'><strong>εἶ,</strong></span> <span class='ocrx_word' id='word_1_188' title='bbox 708 1804 808 1856; x_wconf 83' lang='grc' dir='ltr'><strong>καί</strong></span> <span class='ocrx_word' id='word_1_189' title='bbox 858 1802 929 1855; x_wconf 84' lang='grc' dir='ltr'>τὰ</span> <span class='ocrx_word' id='word_1_190' title='bbox 954 1802 1057 1868; x_wconf 77' lang='grc' dir='ltr'>ἐτη</span> <span class='ocrx_word' id='word_1_191' title='bbox 1089 1819 1206 1856; x_wconf 75' lang='grc' dir='ltr'>στου</span> <span class='ocrx_word' id='word_1_192' title='bbox 1246 1802 1359 1853; x_wconf 82' lang='grc' dir='ltr'>οὐκ</span> <span class='ocrx_word' id='word_1_193' title='bbox 1386 1800 1765 1866; x_wconf 74' lang='grc' dir='ltr'>ἐκλείψουσι.</span> 
     </span>
    </p>
   </div>
   <div class='ocr_carea' id='block_1_28' title="bbox 1957 1511 3443 1596">
    <p class='ocr_par' dir='ltr' id='par_1_28' title="bbox 1957 1511 3443 1596">
     <span class='ocr_line' id='line_1_28' title="bbox 1957 1511 3443 1596; baseline 0.005 -21"><span class='ocrx_word' id='word_1_194' title='bbox 1957 1522 2117 1577; x_wconf 68' lang='lat' dir='ltr'><strong>Vens.</strong></span> <span class='ocrx_word' id='word_1_195' title='bbox 2152 1525 2240 1587; x_wconf 82' lang='grc'>11,</span> <span class='ocrx_word' id='word_1_196' title='bbox 2274 1524 2359 1577; x_wconf 69' lang='grc' dir='ltr'>η.</span> <span class='ocrx_word' id='word_1_197' title='bbox 2401 1525 2515 1595; x_wconf 82' lang='lat' dir='ltr'><strong>Ipsi</strong></span> <span class='ocrx_word' id='word_1_198' title='bbox 2546 1511 2806 1594; x_wconf 83' lang='lat' dir='ltr'><strong>peribunt,</strong></span> <span class='ocrx_word' id='word_1_199' title='bbox 2845 1538 2900 1581; x_wconf 87' lang='lat' dir='ltr'><strong>tu</strong></span> <span class='ocrx_word' id='word_1_200' title='bbox 2944 1539 3116 1583; x_wconf 88' lang='lat' dir='ltr'><strong>autem</strong></span> <span class='ocrx_word' id='word_1_201' title='bbox 3153 1545 3443 1596; x_wconf 73' lang='lat' dir='ltr'><strong>permancs,</strong></span> 
     </span>
    </p>
   </div>
   <div class='ocr_carea' id='block_1_29' title="bbox 1880 1617 3442 1677">
    <p class='ocr_par' dir='ltr' id='par_1_29' title="bbox 1880 1617 3442 1677">
     <span class='ocr_line' id='line_1_29' title="bbox 1880 1617 3442 1677; baseline 0.005 -8"><span class='ocrx_word' id='word_1_202' title='bbox 1880 1626 1926 1669; x_wconf 86' lang='lat' dir='ltr'><strong>et</strong></span> <span class='ocrx_word' id='word_1_203' title='bbox 1999 1632 2174 1668; x_wconf 84' lang='lat' dir='ltr'><strong>omnes</strong></span> <span class='ocrx_word' id='word_1_204' title='bbox 2239 1617 2304 1668; x_wconf 80' lang='lat' dir='ltr'><strong>ut</strong></span> <span class='ocrx_word' id='word_1_205' title='bbox 2352 1619 2712 1671; x_wconf 79' lang='lat' dir='ltr'><strong>vestimentum</strong></span> <span class='ocrx_word' id='word_1_206' title='bbox 2767 1630 3080 1673; x_wconf 81' lang='lat' dir='ltr'><strong>veterascent</strong></span> <span class='ocrx_word' id='word_1_207' title='bbox 3124 1637 3141 1672; x_wconf 90' lang='lat'><strong><em>:</em></strong></span> <span class='ocrx_word' id='word_1_208' title='bbox 3202 1633 3252 1676; x_wconf 87' lang='lat' dir='ltr'><strong>et</strong></span> <span class='ocrx_word' id='word_1_209' title='bbox 3306 1627 3442 1677; x_wconf 67' lang='lat' dir='ltr'><strong>velut</strong></span> 
     </span>
    </p>
   </div>
   <div class='ocr_carea' id='block_1_30' title="bbox 1879 1707 3443 1770">
    <p class='ocr_par' dir='ltr' id='par_1_30' title="bbox 1879 1707 3443 1770">
     <span class='ocr_line' id='line_1_30' title="bbox 1879 1707 3443 1770; baseline 0.005 -13"><span class='ocrx_word' id='word_1_210' title='bbox 1879 1707 2130 1758; x_wconf 81' lang='lat' dir='ltr'><strong>amictum</strong></span> <span class='ocrx_word' id='word_1_211' title='bbox 2151 1715 2313 1759; x_wconf 67' lang='lat' dir='ltr'><strong>verte:</strong></span> <span class='ocrx_word' id='word_1_212' title='bbox 2341 1724 2449 1770; x_wconf 83' lang='lat' dir='ltr'><strong>eos,</strong></span> <span class='ocrx_word' id='word_1_213' title='bbox 2474 1717 2523 1761; x_wconf 85' lang='lat' dir='ltr'><strong>et</strong></span> <span class='ocrx_word' id='word_1_214' title='bbox 2575 1710 2949 1762; x_wconf 84' lang='lat' dir='ltr'><strong>mutabuntur:</strong></span> <span class='ocrx_word' id='word_1_215' title='bbox 3001 1721 3058 1763; x_wconf 76' lang='lat' dir='ltr'><strong>tu</strong></span> <span class='ocrx_word' id='word_1_216' title='bbox 3091 1722 3262 1764; x_wconf 84' lang='lat' dir='ltr'><strong>autem</strong></span> <span class='ocrx_word' id='word_1_217' title='bbox 3311 1716 3443 1769; x_wconf 78' lang='lat' dir='ltr'><strong>idem</strong></span> 
     </span>
    </p>
   </div>
   <div class='ocr_carea' id='block_1_31' title="bbox 1879 1799 3445 1872">
    <p class='ocr_par' dir='ltr' id='par_1_31' title="bbox 1879 1799 3445 1872">
     <span class='ocr_line' id='line_1_31' title="bbox 1879 1799 3445 1872; baseline 0.008 -24"><span class='ocrx_word' id='word_1_218' title='bbox 1879 1799 1984 1864; x_wconf 82' lang='lat' dir='ltr'><strong>ipse</strong></span> <span class='ocrx_word' id='word_1_219' title='bbox 2009 1815 2086 1861; x_wconf 75' lang='lat' dir='ltr'><strong>es,</strong></span> <span class='ocrx_word' id='word_1_220' title='bbox 2137 1807 2186 1851; x_wconf 87' lang='lat' dir='ltr'><strong>et</strong></span> <span class='ocrx_word' id='word_1_221' title='bbox 2225 1801 2352 1850; x_wconf 86' lang='lat' dir='ltr'><strong>anni</strong></span> <span class='ocrx_word' id='word_1_222' title='bbox 2393 1802 2468 1850; x_wconf 85' lang='lat' dir='ltr'><strong>tui</strong></span> <span class='ocrx_word' id='word_1_223' title='bbox 2521 1813 2623 1852; x_wconf 84' lang='lat' dir='ltr'><strong>non</strong></span> <span class='ocrx_word' id='word_1_224' title='bbox 2681 1801 2940 1869; x_wconf 83' lang='lat' dir='ltr'><strong>deﬁcient.</strong></span> <span class='ocrx_word' id='word_1_225' title='bbox 2984 1805 3154 1871; x_wconf 69' lang='lat' dir='ltr'><strong>Maius</strong></span> <span class='ocrx_word' id='word_1_226' title='bbox 3187 1805 3445 1872; x_wconf 79' lang='lat' dir='ltr'><strong>quiddam</strong></span> 
     </span>
    </p>
   </div>
   <div class='ocr_carea' id='block_1_32' title="bbox 174 1873 1772 1966">
    <p class='ocr_par' dir='ltr' id='par_1_32' title="bbox 174 1890 1772 1963">
     <span class='ocr_line' id='line_1_32' title="bbox 174 1890 1772 1963; baseline -0.003 -17"><span class='ocrx_word' id='word_1_227' title='bbox 174 1890 402 1956; x_wconf 63' lang='grc' dir='ltr'>’Μεῖζον</span> <span class='ocrx_word' id='word_1_228' title='bbox 433 1911 486 1946; x_wconf 90' lang='grc' dir='ltr'><strong>τι</strong></span> <span class='ocrx_word' id='word_1_229' title='bbox 515 1893 614 1963; x_wconf 84' lang='grc' dir='ltr'>τῆς</span> <span class='ocrx_word' id='word_1_230' title='bbox 669 1892 1032 1963; x_wconf 74' lang='grc' dir='ltr'><strong>δημιουργίας</strong></span> <span class='ocrx_word' id='word_1_231' title='bbox 1072 1891 1312 1962; x_wconf 78' lang='grc' dir='ltr'>ᾐνίξατο,</span> <span class='ocrx_word' id='word_1_232' title='bbox 1343 1891 1442 1960; x_wconf 83' lang='grc' dir='ltr'>τὴν</span> <span class='ocrx_word' id='word_1_233' title='bbox 1500 1905 1772 1959; x_wconf 84' lang='grc' dir='ltr'>μετασχη-</span> 
     </span>
    </p>
   </div>
   <div class='ocr_carea' id='block_1_33' title="bbox 1884 1873 3445 1966">
    <p class='ocr_par' dir='ltr' id='par_1_33' title="bbox 1884 1890 3445 1966">
     <span class='ocr_line' id='line_1_33' title="bbox 1884 1890 3445 1966; baseline 0.006 -25"><span class='ocrx_word' id='word_1_234' title='bbox 1884 1905 2040 1959; x_wconf 85' lang='lat' dir='ltr'><strong>quam</strong></span> <span class='ocrx_word' id='word_1_235' title='bbox 2073 1890 2143 1942; x_wconf 87' lang='lat' dir='ltr'><strong>sit</strong></span> <span class='ocrx_word' id='word_1_236' title='bbox 2173 1891 2399 1954; x_wconf 84' lang='lat' dir='ltr'><strong>creatio,</strong></span> <span class='ocrx_word' id='word_1_237' title='bbox 2431 1891 2518 1943; x_wconf 92' lang='lat' dir='ltr'><strong>hic</strong></span> <span class='ocrx_word' id='word_1_238' title='bbox 2542 1893 2718 1946; x_wconf 82' lang='lat' dir='ltr'><strong>innuit</strong></span> <span class='ocrx_word' id='word_1_239' title='bbox 2746 1897 3060 1962; x_wconf 82' lang='lat' dir='ltr'><strong>Apostolus,</strong></span> <span class='ocrx_word' id='word_1_240' title='bbox 3094 1897 3445 1966; x_wconf 72' lang='lat' dir='ltr'><strong>transfigura-</strong></span> 
     </span>
    </p>
   </div>
   <div class='ocr_carea' id='block_1_34' title="bbox 206 1981 1772 2054">
    <p class='ocr_par' dir='ltr' id='par_1_34' title="bbox 206 1981 1772 2054">
     <span class='ocr_line' id='line_1_34' title="bbox 206 1981 1772 2054; baseline -0.004 -16"><span class='ocrx_word' id='word_1_241' title='bbox 206 1985 424 2052; x_wconf 83' lang='grc' dir='ltr'>μάτισιν</span> <span class='ocrx_word' id='word_1_242' title='bbox 451 1985 545 2038; x_wconf 84' lang='grc' dir='ltr'>τοῦ</span> <span class='ocrx_word' id='word_1_243' title='bbox 578 1984 805 2054; x_wconf 82' lang='grc' dir='ltr'>κόσμου.</span> <span class='ocrx_word' id='word_1_244' title='bbox 846 1984 1270 2054; x_wconf 85' lang='grc' dir='ltr'>’Δλλαγήσονται</span> <span class='ocrx_word' id='word_1_245' title='bbox 1306 1983 1419 2051; x_wconf 79' lang='lat' dir='ltr'><strong>7&amp;pt</strong></span> <span class='ocrx_word' id='word_1_246' title='bbox 1453 1982 1630 2034; x_wconf 81' lang='grc' dir='ltr'>πάντα</span> <span class='ocrx_word' id='word_1_247' title='bbox 1664 1981 1772 2033; x_wconf 78' lang='grc' dir='ltr'><strong>ἀπὸ</strong></span> 
     </span>
    </p>
   </div>
   <div class='ocr_carea' id='block_1_35' title="bbox 202 2071 1770 2148">
    <p class='ocr_par' dir='ltr' id='par_1_35' title="bbox 202 2071 1770 2148">
     <span class='ocr_line' id='line_1_35' title="bbox 202 2071 1770 2148; baseline 0.001 -19"><span class='ocrx_word' id='word_1_248' title='bbox 202 2079 298 2147; x_wconf 81' lang='grc' dir='ltr'>τῆς</span> <span class='ocrx_word' id='word_1_249' title='bbox 359 2078 564 2148; x_wconf 76' lang='grc' dir='ltr'>φθορᾶς</span> <span class='ocrx_word' id='word_1_250' title='bbox 625 2079 703 2139; x_wconf 79' lang='grc' dir='ltr'><strong>εἰς</strong></span> <span class='ocrx_word' id='word_1_251' title='bbox 758 2075 1090 2148; x_wconf 81' lang='grc' dir='ltr'>ἀφθαρτίαν,</span> <span class='ocrx_word' id='word_1_252' title='bbox 1155 2077 1249 2128; x_wconf 71' lang='grc' dir='ltr'>καὶ</span> <span class='ocrx_word' id='word_1_253' title='bbox 1301 2074 1473 2136; x_wconf 78' lang='grc' dir='ltr'>οὕτως</span> <span class='ocrx_word' id='word_1_254' title='bbox 1514 2071 1770 2137; x_wconf 80' lang='grc' dir='ltr'>εὐκόλως.</span> 
     </span>
    </p>
   </div>
   <div class='ocr_carea' id='block_1_36' title="bbox 1875 1982 3436 2045">
    <p class='ocr_par' dir='ltr' id='par_1_36' title="bbox 1875 1982 3436 2045">
     <span class='ocr_line' id='line_1_36' title="bbox 1875 1982 3436 2045; baseline 0.006 -10"><span class='ocrx_word' id='word_1_255' title='bbox 1875 1984 2077 2036; x_wconf 86' lang='lat' dir='ltr'><strong>tionem</strong></span> <span class='ocrx_word' id='word_1_256' title='bbox 2106 1982 2358 2036; x_wconf 72' lang='lat' dir='ltr'><strong>videlicet</strong></span> <span class='ocrx_word' id='word_1_257' title='bbox 2390 1983 2598 2036; x_wconf 90' lang='lat' dir='ltr'><strong>mundi.</strong></span> <span class='ocrx_word' id='word_1_258' title='bbox 2640 1984 2993 2040; x_wconf 83' lang='lat' dir='ltr'><strong>Mutabuntur</strong></span> <span class='ocrx_word' id='word_1_259' title='bbox 3045 1989 3190 2040; x_wconf 89' lang='lat' dir='ltr'><strong>enim</strong></span> <span class='ocrx_word' id='word_1_260' title='bbox 3248 1990 3436 2045; x_wconf 68' lang='lat' dir='ltr'><strong>omnia</strong></span> 
     </span>
    </p>
   </div>
   <div class='ocr_carea' id='block_1_37' title="bbox 1879 2071 3442 2142">
    <p class='ocr_par' dir='ltr' id='par_1_37' title="bbox 1879 2071 3442 2142">
     <span class='ocr_line' id='line_1_37' title="bbox 1879 2071 3442 2142; baseline 0.004 -16"><span class='ocrx_word' id='word_1_261' title='bbox 1879 2088 1907 2125; x_wconf 89' lang='lat' dir='ltr'><strong>a</strong></span> <span class='ocrx_word' id='word_1_262' title='bbox 1969 2071 2328 2139; x_wconf 88' lang='lat' dir='ltr'><strong>corruptione</strong></span> <span class='ocrx_word' id='word_1_263' title='bbox 2385 2072 2436 2124; x_wconf 88' lang='lat' dir='ltr'><strong>in</strong></span> <span class='ocrx_word' id='word_1_264' title='bbox 2507 2073 3136 2142; x_wconf 79' lang='lat' dir='ltr'><strong>inem&#39;ruptihilitatem:</strong></span> <span class='ocrx_word' id='word_1_265' title='bbox 3191 2088 3245 2132; x_wconf 89' lang='lat' dir='ltr'><strong>et</strong></span> <span class='ocrx_word' id='word_1_266' title='bbox 3298 2078 3442 2134; x_wconf 81' lang='lat' dir='ltr'><strong>adeo</strong></span> 
     </span>
    </p>
   </div>
   <div class='ocr_carea' id='block_1_38' title="bbox 201 2164 1772 2244">
    <p class='ocr_par' dir='ltr' id='par_1_38' title="bbox 201 2166 1772 2244">
     <span class='ocr_line' id='line_1_38' title="bbox 201 2166 1772 2244; baseline -0.004 -21"><span class='ocrx_word' id='word_1_267' title='bbox 201 2170 386 2236; x_wconf 80' lang='grc' dir='ltr'>ὥσπερ</span> <span class='ocrx_word' id='word_1_268' title='bbox 420 2171 486 2223; x_wconf 85' lang='grc' dir='ltr'>ἂν</span> <span class='ocrx_word' id='word_1_269' title='bbox 521 2170 574 2222; x_wconf 78' lang='grc' dir='ltr'>εἴ</span> <span class='ocrx_word' id='word_1_270' title='bbox 604 2187 684 2232; x_wconf 87' lang='grc' dir='ltr'><strong>τις</strong></span> <span class='ocrx_word' id='word_1_271' title='bbox 709 2169 1056 2240; x_wconf 75' lang='grc' dir='ltr'>περιϐόλαιον</span> <span class='ocrx_word' id='word_1_272' title='bbox 1118 2168 1306 2233; x_wconf 76' lang='grc' dir='ltr'>ἑλίξει.</span> <span class='ocrx_word' id='word_1_273' title='bbox 1367 2169 1429 2221; x_wconf 85' lang='grc' dir='ltr'><strong>Εἰ</strong></span> <span class='ocrx_word' id='word_1_274' title='bbox 1460 2166 1515 2219; x_wconf 77' lang='grc' dir='ltr'>δὲ</span> <span class='ocrx_word' id='word_1_275' title='bbox 1547 2167 1646 2236; x_wconf 79' lang='grc' dir='ltr'>τὴν</span> <span class='ocrx_word' id='word_1_276' title='bbox 1677 2166 1772 2244; x_wconf 67' lang='grc' dir='ltr'><strong>ἐπὶ</strong></span> 
     </span>
    </p>
   </div>
   <div class='ocr_carea' id='block_1_39' title="bbox 1884 2164 3438 2244">
    <p class='ocr_par' dir='ltr' id='par_1_39' title="bbox 1884 2164 3438 2242">
     <span class='ocr_line' id='line_1_39' title="bbox 1884 2164 3438 2242; baseline 0.003 -24"><span class='ocrx_word' id='word_1_277' title='bbox 1884 2166 2054 2231; x_wconf 78' lang='lat' dir='ltr'><strong>iacile,</strong></span> <span class='ocrx_word' id='word_1_278' title='bbox 2105 2164 2230 2218; x_wconf 90' lang='lat' dir='ltr'><strong>utsi</strong></span> <span class='ocrx_word' id='word_1_279' title='bbox 2270 2165 2395 2242; x_wconf 82' lang='lat' dir='ltr'><strong>quis</strong></span> <span class='ocrx_word' id='word_1_280' title='bbox 2428 2165 2716 2217; x_wconf 62' lang='lat' dir='ltr'><strong>amictunr</strong></span> <span class='ocrx_word' id='word_1_281' title='bbox 2744 2166 3157 2222; x_wconf 80' lang='lat' dir='ltr'><strong>circuutvolvat.</strong></span> <span class='ocrx_word' id='word_1_282' title='bbox 3209 2170 3364 2234; x_wconf 83' lang='lat' dir='ltr'><strong>Quod</strong></span> <span class='ocrx_word' id='word_1_283' title='bbox 3393 2174 3438 2227; x_wconf 84' lang='lat' dir='ltr'><strong>si</strong></span> 
     </span>
    </p>
   </div>
   <div class='ocr_carea' id='block_1_40' title="bbox 202 2255 1772 2330">
    <p class='ocr_par' dir='ltr' id='par_1_40' title="bbox 202 2255 1772 2330">
     <span class='ocr_line' id='line_1_40' title="bbox 202 2255 1772 2330; baseline -0.001 -18"><span class='ocrx_word' id='word_1_284' title='bbox 202 2261 260 2312; x_wconf 67' lang='grc' dir='ltr'>τὸ</span> <span class='ocrx_word' id='word_1_285' title='bbox 295 2260 507 2328; x_wconf 78' lang='grc' dir='ltr'>βέλτιον</span> <span class='ocrx_word' id='word_1_286' title='bbox 546 2255 1022 2330; x_wconf 75' lang='grc' dir='ltr'>μεταᾱχημὰτισιν</span> <span class='ocrx_word' id='word_1_287' title='bbox 1047 2260 1143 2313; x_wconf 73' lang='grc' dir='ltr'>καὶ</span> <span class='ocrx_word' id='word_1_288' title='bbox 1189 2259 1552 2329; x_wconf 76' lang='grc' dir='ltr'><strong>δημιουργίαν</strong></span> <span class='ocrx_word' id='word_1_289' title='bbox 1597 2257 1772 2319; x_wconf 81' lang='grc' dir='ltr'>οὕτως</span> 
     </span>
    </p>
   </div>
   <div class='ocr_carea' id='block_1_41' title="bbox 203 2349 1764 2420">
    <p class='ocr_par' dir='ltr' id='par_1_41' title="bbox 203 2349 1764 2420">
     <span class='ocr_line' id='line_1_41' title="bbox 203 2349 1764 2420; baseline -0.001 -18"><span class='ocrx_word' id='word_1_290' title='bbox 203 2351 432 2412; x_wconf 76' lang='grc' dir='ltr'><strong>εὐκόλως</strong></span> <span class='ocrx_word' id='word_1_291' title='bbox 485 2350 801 2420; x_wconf 74' lang='grc' dir='ltr'>ἐργάζεται,</span> <span class='ocrx_word' id='word_1_292' title='bbox 838 2351 931 2403; x_wconf 72' lang='grc' dir='ltr'><strong>ἐπὶ</strong></span> <span class='ocrx_word' id='word_1_293' title='bbox 962 2351 1061 2420; x_wconf 81' lang='grc' dir='ltr'><strong>τῆς</strong></span> <span class='ocrx_word' id='word_1_294' title='bbox 1086 2350 1369 2412; x_wconf 75' lang='grc' dir='ltr'>ἐλάττονος</span> <span class='ocrx_word' id='word_1_295' title='bbox 1402 2349 1764 2420; x_wconf 73' lang='grc' dir='ltr'>δημιουργίας</span> 
     </span>
    </p>
   </div>
   <div class='ocr_carea' id='block_1_42' title="bbox 205 2439 1772 2513">
    <p class='ocr_par' dir='ltr' id='par_1_42' title="bbox 205 2439 1772 2513">
     <span class='ocr_line' id='line_1_42' title="bbox 205 2439 1772 2513; baseline -0.001 -21"><span class='ocrx_word' id='word_1_296' title='bbox 205 2441 388 2510; x_wconf 76' lang='grc' dir='ltr'>ἑτέρου</span> <span class='ocrx_word' id='word_1_297' title='bbox 410 2441 622 2508; x_wconf 80' lang='grc' dir='ltr'>ὲδεῖτο;</span> <span class='ocrx_word' id='word_1_298' title='bbox 657 2439 986 2513; x_wconf 77' lang='grc' dir='ltr'>Παραμυθξα</span> <span class='ocrx_word' id='word_1_299' title='bbox 1011 2440 1068 2493; x_wconf 78' lang='grc' dir='ltr'>δὲ</span> <span class='ocrx_word' id='word_1_300' title='bbox 1089 2440 1151 2492; x_wconf 81' lang='grc' dir='ltr'>οὐ</span> <span class='ocrx_word' id='word_1_301' title='bbox 1181 2456 1356 2511; x_wconf 79' lang='grc' dir='ltr'>μικρα</span> <span class='ocrx_word' id='word_1_302' title='bbox 1393 2442 1505 2501; x_wconf 68' lang='grc' dir='ltr'>τοῖς</span> <span class='ocrx_word' id='word_1_303' title='bbox 1537 2439 1772 2492; x_wconf 72' lang='grc' dir='ltr'>ἐνταῦθα</span> 
     </span>
    </p>
   </div>
   <div class='ocr_carea' id='block_1_43' title="bbox 205 2529 1774 2602">
    <p class='ocr_par' dir='ltr' id='par_1_43' title="bbox 205 2529 1774 2602">
     <span class='ocr_line' id='line_1_43' title="bbox 205 2529 1774 2602; baseline -0.001 -18"><span class='ocrx_word' id='word_1_304' title='bbox 205 2534 559 2602; x_wconf 75' lang='grc' dir='ltr'>κακουμένοις</span> <span class='ocrx_word' id='word_1_305' title='bbox 598 2536 831 2597; x_wconf 72' lang='grc' dir='ltr'>πιστοῖς,</span> <span class='ocrx_word' id='word_1_306' title='bbox 861 2531 923 2584; x_wconf 79' lang='grc' dir='ltr'>τὸ</span> <span class='ocrx_word' id='word_1_307' title='bbox 954 2531 1158 2600; x_wconf 82' lang='grc' dir='ltr'>γνῶναι</span> <span class='ocrx_word' id='word_1_308' title='bbox 1193 2532 1273 2585; x_wconf 88' lang='grc' dir='ltr'>ὃτι</span> <span class='ocrx_word' id='word_1_309' title='bbox 1314 2531 1414 2585; x_wconf 76' lang='grc' dir='ltr'>οὐκ</span> <span class='ocrx_word' id='word_1_310' title='bbox 1441 2531 1593 2584; x_wconf 77' lang='grc' dir='ltr'>ἔσται</span> <span class='ocrx_word' id='word_1_311' title='bbox 1631 2529 1774 2583; x_wconf 73' lang='grc' dir='ltr'>οὕτω</span> 
     </span>
    </p>
   </div>
   <div class='ocr_carea' id='block_1_44' title="bbox 205 2605 1771 2696">
    <p class='ocr_par' dir='ltr' id='par_1_44' title="bbox 205 2605 1771 2696">
     <span class='ocr_line' id='line_1_44' title="bbox 205 2605 1771 2696; baseline -0.001 -19"><span class='ocrx_word' id='word_1_312' title='bbox 205 2625 267 2677; x_wconf 76' lang='grc' dir='ltr'>τὰ</span> <span class='ocrx_word' id='word_1_313' title='bbox 291 2627 621 2696; x_wconf 77' lang='grc' dir='ltr'>πράγματα,</span> <span class='ocrx_word' id='word_1_314' title='bbox 655 2605 790 2680; x_wconf 59' lang='grc' dir='ltr'>ἀλλὰ</span> <span class='ocrx_word' id='word_1_315' title='bbox 819 2606 1122 2695; x_wconf 79' lang='grc' dir='ltr'>μεταϐολὴν</span> <span class='ocrx_word' id='word_1_316' title='bbox 1144 2624 1397 2694; x_wconf 69' lang='grc' dir='ltr'>λήψεται.</span> <span class='ocrx_word' id='word_1_317' title='bbox 1433 2625 1545 2677; x_wconf 75' lang='grc' dir='ltr'><strong>Καὶ</strong></span> <span class='ocrx_word' id='word_1_318' title='bbox 1565 2624 1648 2676; x_wconf 83' lang='grc' dir='ltr'>ὅτι</span> <span class='ocrx_word' id='word_1_319' title='bbox 1678 2623 1771 2676; x_wconf 82' lang='grc' dir='ltr'><strong>ὑπ’</strong></span> 
     </span>
    </p>
   </div>
   <div class='ocr_carea' id='block_1_45' title="bbox 207 2713 1775 2787">
    <p class='ocr_par' dir='ltr' id='par_1_45' title="bbox 207 2713 1775 2787">
     <span class='ocr_line' id='line_1_45' title="bbox 207 2713 1775 2787; baseline 0.001 -22"><span class='ocrx_word' id='word_1_320' title='bbox 207 2715 384 2770; x_wconf 80' lang='grc' dir='ltr'>αὐτῶν</span> <span class='ocrx_word' id='word_1_321' title='bbox 409 2718 844 2787; x_wconf 73' lang='grc' dir='ltr'>θεραπευόμενος</span> <span class='ocrx_word' id='word_1_322' title='bbox 874 2717 1026 2786; x_wconf 80' lang='grc' dir='ltr'>μένει</span> <span class='ocrx_word' id='word_1_323' title='bbox 1063 2713 1172 2783; x_wconf 76' lang='grc' dir='ltr'><strong>ζῶν</strong></span> <span class='ocrx_word' id='word_1_324' title='bbox 1211 2714 1304 2775; x_wconf 71' lang='grc' dir='ltr'><strong>καὶ</strong></span> <span class='ocrx_word' id='word_1_325' title='bbox 1349 2714 1660 2776; x_wconf 81' lang='grc' dir='ltr'>διαπαντός.</span> <span class='ocrx_word' id='word_1_326' title='bbox 1701 2714 1775 2766; x_wconf 81' lang='grc' dir='ltr'><em>Τὰ</em></span> 
     </span>
    </p>
   </div>
   <div class='ocr_carea' id='block_1_46' title="bbox 207 2808 1138 2888">
    <p class='ocr_par' dir='ltr' id='par_1_46' title="bbox 207 2808 1138 2888">
     <span class='ocr_line' id='line_1_46' title="bbox 207 2808 1138 2888; baseline -0.001 -27"><span class='ocrx_word' id='word_1_327' title='bbox 207 2808 309 2879; x_wconf 84' lang='grc' dir='ltr'>γὰρ</span> <span class='ocrx_word' id='word_1_328' title='bbox 336 2810 444 2878; x_wconf 71' lang='grc' dir='ltr'>ἐτη</span> <span class='ocrx_word' id='word_1_329' title='bbox 474 2827 588 2864; x_wconf 90' lang='grc' dir='ltr'><strong>σου</strong></span> <span class='ocrx_word' id='word_1_330' title='bbox 622 2815 733 2865; x_wconf 76' lang='grc' dir='ltr'>οὐκ</span> <span class='ocrx_word' id='word_1_331' title='bbox 759 2811 1138 2888; x_wconf 47' lang='lat' dir='ltr'><strong>euelli-ovat.</strong></span> 
     </span>
    </p>
   </div>
   <div class='ocr_carea' id='block_1_47' title="bbox 275 2983 1772 3056">
    <p class='ocr_par' dir='ltr' id='par_1_47' title="bbox 275 2983 1772 3056">
     <span class='ocr_line' id='line_1_47' title="bbox 275 2983 1772 3056; baseline 0 -17"><span class='ocrx_word' id='word_1_332' title='bbox 275 2987 429 3054; x_wconf 81' lang='grc' dir='ltr'>Πρὸς</span> <span class='ocrx_word' id='word_1_333' title='bbox 462 2987 598 3039; x_wconf 82' lang='grc' dir='ltr'>τίνα</span> <span class='ocrx_word' id='word_1_334' title='bbox 622 2984 696 3037; x_wconf 82' lang='grc' dir='ltr'>δὲ</span> <span class='ocrx_word' id='word_1_335' title='bbox 713 2983 832 3038; x_wconf 76' lang='grc' dir='ltr'><strong>τῶν</strong></span> <span class='ocrx_word' id='word_1_336' title='bbox 885 2985 1156 3056; x_wconf 67' lang='grc' dir='ltr'>ἀγγέλων</span> <span class='ocrx_word' id='word_1_337' title='bbox 1201 2984 1408 3056; x_wconf 80' lang='grc' dir='ltr'>ειρηκέ</span> <span class='ocrx_word' id='word_1_338' title='bbox 1439 2999 1582 3039; x_wconf 78' lang='grc' dir='ltr'>ποτε</span> <span class='ocrx_word' id='word_1_339' title='bbox 1606 3001 1618 3013; x_wconf 91' lang='grc'><strong>·</strong></span> <span class='ocrx_word' id='word_1_340' title='bbox 1655 2984 1772 3039; x_wconf 82' lang='grc' dir='ltr'><strong>Κά-</strong></span> 
     </span>
    </p>
   </div>
   <div class='ocr_carea' id='block_1_48' title="bbox 211 3076 1773 3148">
    <p class='ocr_par' dir='ltr' id='par_1_48' title="bbox 211 3076 1773 3148">
     <span class='ocr_line' id='line_1_48' title="bbox 211 3076 1773 3148; baseline 0.001 -18"><span class='ocrx_word' id='word_1_341' title='bbox 211 3079 314 3131; x_wconf 86' lang='grc' dir='ltr'><strong>θου</strong></span> <span class='ocrx_word' id='word_1_342' title='bbox 344 3078 411 3131; x_wconf 79' lang='grc' dir='ltr'>ἐκ</span> <span class='ocrx_word' id='word_1_343' title='bbox 436 3076 650 3142; x_wconf 79' lang='grc' dir='ltr'><strong>δεξιῶν</strong></span> <span class='ocrx_word' id='word_1_344' title='bbox 690 3095 830 3147; x_wconf 76' lang='grc' dir='ltr'>μου,</span> <span class='ocrx_word' id='word_1_345' title='bbox 859 3078 968 3145; x_wconf 75' lang='grc' dir='ltr'><strong>ἕως</strong></span> <span class='ocrx_word' id='word_1_346' title='bbox 999 3078 1073 3131; x_wconf 79' lang='grc' dir='ltr'>ἂν</span> <span class='ocrx_word' id='word_1_347' title='bbox 1100 3077 1182 3132; x_wconf 85' lang='grc' dir='ltr'>θῶ</span> <span class='ocrx_word' id='word_1_348' title='bbox 1206 3078 1346 3144; x_wconf 86' lang='grc' dir='ltr'>τοὺς</span> <span class='ocrx_word' id='word_1_349' title='bbox 1372 3078 1626 3148; x_wconf 77' lang='grc' dir='ltr'>ἐχθρούς</span> <span class='ocrx_word' id='word_1_350' title='bbox 1655 3095 1773 3131; x_wconf 81' lang='grc' dir='ltr'><strong>σου</strong></span> 
     </span>
    </p>
   </div>
   <div class='ocr_carea' id='block_1_49' title="bbox 212 3168 1774 3234">
    <p class='ocr_par' dir='ltr' id='par_1_49' title="bbox 212 3168 1774 3234">
     <span class='ocr_line' id='line_1_49' title="bbox 212 3168 1774 3234; baseline -0.001 -11"><span class='ocrx_word' id='word_1_351' title='bbox 212 3169 542 3223; x_wconf 72' lang='grc' dir='ltr'>ὑποπόδιον</span> <span class='ocrx_word' id='word_1_352' title='bbox 580 3169 701 3224; x_wconf 77' lang='grc' dir='ltr'><strong>τῶν</strong></span> <span class='ocrx_word' id='word_1_353' title='bbox 756 3168 959 3224; x_wconf 71' lang='grc' dir='ltr'>ποδῶν</span> <span class='ocrx_word' id='word_1_354' title='bbox 1013 3186 1162 3234; x_wconf 82' lang='grc' dir='ltr'>σου;</span> <span class='ocrx_word' id='word_1_355' title='bbox 1199 3169 1329 3224; x_wconf 77' lang='grc' dir='ltr'>Ἰδοὺ</span> <span class='ocrx_word' id='word_1_356' title='bbox 1384 3172 1546 3224; x_wconf 85' lang='grc' dir='ltr'>πάλιν</span> <span class='ocrx_word' id='word_1_357' title='bbox 1579 3170 1774 3233; x_wconf 82' lang='grc' dir='ltr'>αὐτοὺς</span> 
     </span>
    </p>
   </div>
   <div class='ocr_carea' id='block_1_50' title="bbox 212 3258 1770 3332">
    <p class='ocr_par' dir='ltr' id='par_1_50' title="bbox 212 3258 1770 3332">
     <span class='ocr_line' id='line_1_50' title="bbox 212 3258 1770 3332; baseline 0 -21"><span class='ocrx_word' id='word_1_358' title='bbox 212 3261 613 3332; x_wconf 77' lang='grc' dir='ltr'>παραθαρρὑει</span> <span class='ocrx_word' id='word_1_359' title='bbox 635 3278 649 3294; x_wconf 81' lang='grc'><strong><em>⁸</em></strong></span> <span class='ocrx_word' id='word_1_360' title='bbox 682 3263 798 3329; x_wconf 75' lang='grc' dir='ltr'>εἴγε</span> <span class='ocrx_word' id='word_1_361' title='bbox 840 3258 1084 3332; x_wconf 70' lang='grc' dir='ltr'>μέλλοιεν</span> <span class='ocrx_word' id='word_1_362' title='bbox 1103 3262 1364 3332; x_wconf 69' lang='grc' dir='ltr'><strong>οίὲχθρώ⁸</strong></span> <span class='ocrx_word' id='word_1_363' title='bbox 1387 3262 1565 3314; x_wconf 81' lang='grc' dir='ltr'>αὐτῶν</span> <span class='ocrx_word' id='word_1_364' title='bbox 1600 3263 1770 3331; x_wconf 76' lang='grc' dir='ltr'>ἡττη-</span> 
     </span>
    </p>
   </div>
   <div class='ocr_carea' id='block_1_51' title="bbox 211 3346 1768 3422">
    <p class='ocr_par' dir='ltr' id='par_1_51' title="bbox 211 3346 1768 3422">
     <span class='ocr_line' id='line_1_51' title="bbox 211 3346 1768 3422; baseline 0.001 -22"><span class='ocrx_word' id='word_1_365' title='bbox 211 3347 485 3418; x_wconf 68' lang='grc' dir='ltr'>θήσεσθαι,</span> <span class='ocrx_word' id='word_1_366' title='bbox 514 3351 610 3404; x_wconf 81' lang='grc' dir='ltr'>καὶ</span> <span class='ocrx_word' id='word_1_367' title='bbox 638 3353 688 3403; x_wconf 91' lang='grc' dir='ltr'><strong>οί</strong></span> <span class='ocrx_word' id='word_1_368' title='bbox 711 3350 899 3422; x_wconf 78' lang='grc' dir='ltr'>ἐχθροὶ</span> <span class='ocrx_word' id='word_1_369' title='bbox 942 3351 1121 3406; x_wconf 77' lang='grc' dir='ltr'>αὐτῶν</span> <span class='ocrx_word' id='word_1_370' title='bbox 1172 3354 1220 3403; x_wconf 83' lang='grc' dir='ltr'>οἱ</span> <span class='ocrx_word' id='word_1_371' title='bbox 1267 3352 1418 3402; x_wconf 72' lang='grc' dir='ltr'>αὐτοὶ</span> <span class='ocrx_word' id='word_1_372' title='bbox 1443 3346 1574 3404; x_wconf 83' lang='grc' dir='ltr'>ὦσιν</span> <span class='ocrx_word' id='word_1_373' title='bbox 1596 3354 1643 3403; x_wconf 74' lang='lat' dir='ltr'><strong>oi</strong></span> <span class='ocrx_word' id='word_1_374' title='bbox 1676 3353 1768 3402; x_wconf 72' lang='grc' dir='ltr'>καὶ</span> 
     </span>
    </p>
   </div>
   <div class='ocr_carea' id='block_1_52' title="bbox 211 3440 1770 3512">
    <p class='ocr_par' dir='ltr' id='par_1_52' title="bbox 211 3440 1770 3512">
     <span class='ocr_line' id='line_1_52' title="bbox 211 3440 1770 3512; baseline -0.001 -17"><span class='ocrx_word' id='word_1_375' title='bbox 211 3443 349 3496; x_wconf 77' lang='grc' dir='ltr'>κατὰ</span> <span class='ocrx_word' id='word_1_376' title='bbox 396 3443 489 3496; x_wconf 80' lang='grc' dir='ltr'>τοῦ</span> <span class='ocrx_word' id='word_1_377' title='bbox 538 3442 801 3512; x_wconf 77' lang='grc' dir='ltr'><strong>Χριστοῦ.</strong></span> <span class='ocrx_word' id='word_1_378' title='bbox 831 3443 945 3512; x_wconf 85' lang='grc' dir='ltr'><strong>Οὐχ</strong></span> <span class='ocrx_word' id='word_1_379' title='bbox 966 3442 1042 3505; x_wconf 79' lang='grc' dir='ltr'><strong>ὡς</strong></span> <span class='ocrx_word' id='word_1_380' title='bbox 1081 3441 1173 3494; x_wconf 80' lang='grc' dir='ltr'>τοῦ</span> <span class='ocrx_word' id='word_1_381' title='bbox 1207 3441 1337 3493; x_wconf 88' lang='grc' dir='ltr'>Υίοῦ</span> <span class='ocrx_word' id='word_1_382' title='bbox 1364 3442 1419 3494; x_wconf 81' lang='grc' dir='ltr'>δὲ</span> <span class='ocrx_word' id='word_1_383' title='bbox 1449 3440 1770 3494; x_wconf 76' lang='grc' dir='ltr'>ἀδυνατοῦν-</span> 
     </span>
    </p>
   </div>
   <div class='ocr_carea' id='block_1_53' title="bbox 211 3520 1770 3602">
    <p class='ocr_par' dir='ltr' id='par_1_53' title="bbox 211 3520 1770 3602">
     <span class='ocr_line' id='line_1_53' title="bbox 211 3520 1770 3602; baseline -0.001 -17"><span class='ocrx_word' id='word_1_384' title='bbox 211 3549 322 3596; x_wconf 88' lang='grc' dir='ltr'>τος,</span> <span class='ocrx_word' id='word_1_385' title='bbox 359 3535 387 3585; x_wconf 78' lang='grc' dir='ltr'>ὁ</span> <span class='ocrx_word' id='word_1_386' title='bbox 412 3520 599 3602; x_wconf 82' lang='grc' dir='ltr'>Πατὴρ</span> <span class='ocrx_word' id='word_1_387' title='bbox 645 3532 865 3600; x_wconf 82' lang='grc' dir='ltr'>λέγεται</span> <span class='ocrx_word' id='word_1_388' title='bbox 895 3531 1218 3586; x_wconf 80' lang='grc' dir='ltr'><strong>ὑποτάττειν</strong></span> <span class='ocrx_word' id='word_1_389' title='bbox 1249 3532 1371 3594; x_wconf 75' lang='grc' dir='ltr'>τοὺς</span> <span class='ocrx_word' id='word_1_390' title='bbox 1431 3531 1660 3600; x_wconf 79' lang='grc' dir='ltr'>ἐχθρούς</span> <span class='ocrx_word' id='word_1_391' title='bbox 1686 3546 1701 3562; x_wconf 78' lang='grc'><strong><em>⁸</em></strong></span> <span class='ocrx_word' id='word_1_392' title='bbox 1740 3532 1770 3583; x_wconf 82' lang='grc' dir='ltr'>ὀ</span> 
     </span>
    </p>
   </div>
   <div class='ocr_carea' id='block_1_54' title="bbox 214 3616 1773 3696">
    <p class='ocr_par' dir='ltr' id='par_1_54' title="bbox 214 3616 1773 3696">
     <span class='ocr_line' id='line_1_54' title="bbox 214 3616 1773 3696; baseline -0.001 -20"><span class='ocrx_word' id='word_1_393' title='bbox 214 3625 320 3695; x_wconf 79' lang='grc' dir='ltr'><strong>γὰρ</strong></span> <span class='ocrx_word' id='word_1_394' title='bbox 354 3625 559 3694; x_wconf 79' lang='grc' dir='ltr'>μέλλων</span> <span class='ocrx_word' id='word_1_395' title='bbox 598 3626 714 3678; x_wconf 71' lang='grc' dir='ltr'>ἐκεῖ</span> <span class='ocrx_word' id='word_1_396' title='bbox 747 3626 953 3696; x_wconf 85' lang='grc' dir='ltr'>κρίνειν</span> <span class='ocrx_word' id='word_1_397' title='bbox 999 3625 1151 3690; x_wconf 79' lang='grc' dir='ltr'>Υἱὸς,</span> <span class='ocrx_word' id='word_1_398' title='bbox 1184 3622 1363 3694; x_wconf 80' lang='grc' dir='ltr'>πολλῷ</span> <span class='ocrx_word' id='word_1_399' title='bbox 1420 3623 1620 3695; x_wconf 79' lang='grc' dir='ltr'>μᾶλλον</span> <span class='ocrx_word' id='word_1_400' title='bbox 1669 3616 1773 3676; x_wconf 77' lang='grc' dir='ltr'>ὧδε</span> 
     </span>
    </p>
   </div>
   <div class='ocr_carea' id='block_1_55' title="bbox 215 3713 1773 3786">
    <p class='ocr_par' dir='ltr' id='par_1_55' title="bbox 215 3713 1773 3786">
     <span class='ocr_line' id='line_1_55' title="bbox 215 3713 1773 3786; baseline 0.001 -20"><span class='ocrx_word' id='word_1_401' title='bbox 215 3713 279 3766; x_wconf 80' lang='grc' dir='ltr'>ἂν</span> <span class='ocrx_word' id='word_1_402' title='bbox 304 3715 672 3768; x_wconf 82' lang='grc' dir='ltr'>ἀνταπέδωκεν</span> <span class='ocrx_word' id='word_1_403' title='bbox 706 3715 889 3778; x_wconf 84' lang='grc' dir='ltr'>αὐτοῖς</span> <span class='ocrx_word' id='word_1_404' title='bbox 913 3731 927 3745; x_wconf 74' lang='grc' dir='ltr'><strong>ο</strong></span> <span class='ocrx_word' id='word_1_405' title='bbox 963 3715 1077 3767; x_wconf 78' lang='grc' dir='ltr'><strong>ἀλλ’</strong></span> <span class='ocrx_word' id='word_1_406' title='bbox 1105 3715 1191 3768; x_wconf 83' lang='grc' dir='ltr'>ἵνα</span> <span class='ocrx_word' id='word_1_407' title='bbox 1220 3715 1317 3786; x_wconf 84' lang='grc' dir='ltr'>τὴν</span> <span class='ocrx_word' id='word_1_408' title='bbox 1347 3715 1511 3784; x_wconf 79' lang='grc' dir='ltr'>τιμὴν</span> <span class='ocrx_word' id='word_1_409' title='bbox 1535 3715 1626 3766; x_wconf 84' lang='grc' dir='ltr'>τοῦ</span> <span class='ocrx_word' id='word_1_410' title='bbox 1658 3715 1773 3767; x_wconf 82' lang='grc' dir='ltr'>Πα-</span> 
     </span>
    </p>
   </div>
   <div class='ocr_carea' id='block_1_56' title="bbox 211 3804 1774 3876">
    <p class='ocr_par' dir='ltr' id='par_1_56' title="bbox 211 3804 1774 3876">
     <span class='ocr_line' id='line_1_56' title="bbox 211 3804 1774 3876; baseline -0.001 -20"><span class='ocrx_word' id='word_1_411' title='bbox 211 3804 334 3875; x_wconf 77' lang='grc' dir='ltr'>τρὺς</span> <span class='ocrx_word' id='word_1_412' title='bbox 366 3807 497 3876; x_wconf 69' lang='grc' dir='ltr'>πρὸς</span> <span class='ocrx_word' id='word_1_413' title='bbox 525 3805 618 3858; x_wconf 71' lang='grc' dir='ltr'>τὸν</span> <span class='ocrx_word' id='word_1_414' title='bbox 647 3806 774 3860; x_wconf 80' lang='grc' dir='ltr'>Υίὸν</span> <span class='ocrx_word' id='word_1_415' title='bbox 809 3806 975 3876; x_wconf 77' lang='grc' dir='ltr'>δείξῃ.</span> <span class='ocrx_word' id='word_1_416' title='bbox 1016 3807 1089 3859; x_wconf 83' lang='grc' dir='ltr'><strong>Τὸ</strong></span> <span class='ocrx_word' id='word_1_417' title='bbox 1111 3807 1220 3875; x_wconf 83' lang='grc' dir='ltr'><strong>γὰρ</strong></span> <span class='ocrx_word' id='word_1_418' title='bbox 1246 3806 1337 3858; x_wconf 83' lang='grc' dir='ltr'>τὸν</span> <span class='ocrx_word' id='word_1_419' title='bbox 1383 3806 1600 3873; x_wconf 78' lang='grc' dir='ltr'>Πατέρα</span> <span class='ocrx_word' id='word_1_420' title='bbox 1622 3804 1774 3874; x_wconf 83' lang='grc' dir='ltr'>ὀργί-</span> 
     </span>
    </p>
   </div>
   <div class='ocr_carea' id='block_1_57' title="bbox 215 3894 1773 3967">
    <p class='ocr_par' dir='ltr' id='par_1_57' title="bbox 215 3894 1773 3967">
     <span class='ocr_line' id='line_1_57' title="bbox 215 3894 1773 3967; baseline 0 -21"><span class='ocrx_word' id='word_1_421' title='bbox 215 3894 394 3958; x_wconf 79' lang='grc' dir='ltr'>ζεσθαι</span> <span class='ocrx_word' id='word_1_422' title='bbox 435 3898 548 3961; x_wconf 76' lang='grc' dir='ltr'>τοῖς</span> <span class='ocrx_word' id='word_1_423' title='bbox 596 3896 808 3967; x_wconf 71' lang='grc' dir='ltr'>ἐχθροῖς</span> <span class='ocrx_word' id='word_1_424' title='bbox 829 3897 924 3948; x_wconf 86' lang='grc' dir='ltr'><strong>τοῦ</strong></span> <span class='ocrx_word' id='word_1_425' title='bbox 976 3897 1128 3960; x_wconf 84' lang='grc' dir='ltr'><strong>Υίοῦ,</strong></span> <span class='ocrx_word' id='word_1_426' title='bbox 1167 3896 1283 3957; x_wconf 81' lang='grc' dir='ltr'><strong>πῶς</strong></span> <span class='ocrx_word' id='word_1_427' title='bbox 1307 3894 1366 3946; x_wconf 76' lang='grc' dir='ltr'>οὐ</span> <span class='ocrx_word' id='word_1_428' title='bbox 1411 3895 1615 3964; x_wconf 78' lang='grc' dir='ltr'>τιμῆςς</span> <span class='ocrx_word' id='word_1_429' title='bbox 1657 3895 1773 3956; x_wconf 87' lang='grc' dir='ltr'><strong>πῶς</strong></span> 
     </span>
    </p>
   </div>
   <div class='ocr_carea' id='block_1_58' title="bbox 213 3983 1774 4058">
    <p class='ocr_par' dir='ltr' id='par_1_58' title="bbox 213 3983 1774 4058">
     <span class='ocr_line' id='line_1_58' title="bbox 213 3983 1774 4058; baseline 0.001 -21"><span class='ocrx_word' id='word_1_430' title='bbox 213 3987 276 4038; x_wconf 76' lang='grc' dir='ltr'>οὐ</span> <span class='ocrx_word' id='word_1_431' title='bbox 309 3987 498 4057; x_wconf 80' lang='grc' dir='ltr'>πολλῆς</span> <span class='ocrx_word' id='word_1_432' title='bbox 558 3989 694 4058; x_wconf 75' lang='grc' dir='ltr'>πρὸς</span> <span class='ocrx_word' id='word_1_433' title='bbox 749 3988 841 4038; x_wconf 76' lang='grc' dir='ltr'><strong>τὸν</strong></span> <span class='ocrx_word' id='word_1_434' title='bbox 879 3987 1003 4039; x_wconf 77' lang='grc' dir='ltr'>Υίὸν</span> <span class='ocrx_word' id='word_1_435' title='bbox 1045 3987 1301 4056; x_wconf 83' lang='grc' dir='ltr'>ἀγάπης;</span> <span class='ocrx_word' id='word_1_436' title='bbox 1335 3983 1562 4056; x_wconf 78' lang='grc' dir='ltr'>Εἴρηται</span> <span class='ocrx_word' id='word_1_437' title='bbox 1593 3985 1648 4037; x_wconf 82' lang='grc' dir='ltr'>δὲ</span> <span class='ocrx_word' id='word_1_438' title='bbox 1679 3989 1774 4038; x_wconf 77' lang='grc' dir='ltr'>καὶ</span> 
     </span>
    </p>
   </div>
   <div class='ocr_carea' id='block_1_59' title="bbox 217 4065 1776 4150">
    <p class='ocr_par' dir='ltr' id='par_1_59' title="bbox 217 4065 1776 4150">
     <span class='ocr_line' id='line_1_59' title="bbox 217 4065 1776 4150; baseline 0.001 -24"><span class='ocrx_word' id='word_1_439' title='bbox 217 4075 277 4127; x_wconf 75' lang='grc' dir='ltr'>ἐν</span> <span class='ocrx_word' id='word_1_440' title='bbox 323 4065 578 4149; x_wconf 63' lang='grc' dir='ltr'>τῇττρὺς</span> <span class='ocrx_word' id='word_1_441' title='bbox 649 4076 971 4147; x_wconf 80' lang='grc' dir='ltr'>Κορινθίους</span> <span class='ocrx_word' id='word_1_442' title='bbox 1015 4077 1209 4150; x_wconf 80' lang='grc' dir='ltr'>πρώτῃ</span> <span class='ocrx_word' id='word_1_443' title='bbox 1260 4076 1594 4148; x_wconf 84' lang='grc' dir='ltr'>πλατύτερον</span> <span class='ocrx_word' id='word_1_444' title='bbox 1644 4075 1776 4146; x_wconf 78' lang='grc' dir='ltr'>περὶ</span> 
     </span>
    </p>
   </div>
   <div class='ocr_carea' id='block_1_60' title="bbox 217 4167 1775 4241">
    <p class='ocr_par' dir='ltr' id='par_1_60' title="bbox 217 4167 1775 4241">
     <span class='ocr_line' id='line_1_60' title="bbox 217 4167 1775 4241; baseline 0.001 -21"><span class='ocrx_word' id='word_1_445' title='bbox 217 4167 408 4239; x_wconf 80' lang='grc' dir='ltr'>ταύτης</span> <span class='ocrx_word' id='word_1_446' title='bbox 433 4170 533 4240; x_wconf 80' lang='grc' dir='ltr'>τῆς</span> <span class='ocrx_word' id='word_1_447' title='bbox 554 4170 868 4241; x_wconf 72' lang='grc' dir='ltr'>περικοπῆς</span> <span class='ocrx_word' id='word_1_448' title='bbox 893 4186 907 4202; x_wconf 78' lang='grc' dir='ltr'><strong>ο</strong></span> <span class='ocrx_word' id='word_1_449' title='bbox 941 4171 1036 4224; x_wconf 75' lang='grc' dir='ltr'>καὶ</span> <span class='ocrx_word' id='word_1_450' title='bbox 1068 4169 1222 4241; x_wconf 77' lang='grc' dir='ltr'>ζήτει</span> <span class='ocrx_word' id='word_1_451' title='bbox 1259 4172 1326 4224; x_wconf 75' lang='grc' dir='ltr'>τὰ</span> <span class='ocrx_word' id='word_1_452' title='bbox 1352 4173 1467 4225; x_wconf 70' lang='grc' dir='ltr'>ἐκεῖ</span> <span class='ocrx_word' id='word_1_453' title='bbox 1487 4187 1775 4240; x_wconf 82' lang='grc' dir='ltr'>παραγρα-</span> 
     </span>
    </p>
   </div>
   <div class='ocr_carea' id='block_1_61' title="bbox 220 4258 398 4327">
    <p class='ocr_par' dir='ltr' id='par_1_61' title="bbox 220 4258 398 4327">
     <span class='ocr_line' id='line_1_61' title="bbox 220 4258 398 4327; baseline 0.022 -16"><span class='ocrx_word' id='word_1_454' title='bbox 220 4258 398 4327; x_wconf 75' lang='grc' dir='ltr'>φέντα.</span> 
     </span>
    </p>
   </div>
   <div class='ocr_carea' id='block_1_62' title="bbox 292 4422 1772 4499">
    <p class='ocr_par' dir='ltr' id='par_1_62' title="bbox 292 4422 1772 4499">
     <span class='ocr_line' id='line_1_62' title="bbox 292 4422 1772 4499; baseline 0.002 -21"><span class='ocrx_word' id='word_1_455' title='bbox 292 4427 428 4495; x_wconf 76' lang='grc' dir='ltr'><strong>Οὐχί</strong></span> <span class='ocrx_word' id='word_1_456' title='bbox 454 4429 680 4496; x_wconf 77' lang='grc' dir='ltr'>πάντες</span> <span class='ocrx_word' id='word_1_457' title='bbox 702 4431 820 4484; x_wconf 74' lang='grc' dir='ltr'>εισι</span> <span class='ocrx_word' id='word_1_458' title='bbox 845 4425 1222 4499; x_wconf 56' lang='grc' dir='ltr'>λειτουργικὰ</span> <span class='ocrx_word' id='word_1_459' title='bbox 1238 4422 1546 4499; x_wconf 62' lang='grc' dir='ltr'>ξενοῦμαι-α</span> <span class='ocrx_word' id='word_1_460' title='bbox 1571 4430 1772 4496; x_wconf 61' lang='lat' dir='ltr'><strong>apag&quot;</strong></span> 
     </span>
    </p>
   </div>
   <div class='ocr_carea' id='block_1_63' title="bbox 1878 2249 3444 2321">
    <p class='ocr_par' dir='ltr' id='par_1_63' title="bbox 1878 2249 3444 2321">
     <span class='ocr_line' id='line_1_63' title="bbox 1878 2249 3444 2321; baseline 0.004 -19"><span class='ocrx_word' id='word_1_461' title='bbox 1878 2249 2330 2318; x_wconf 82' lang='lat' dir='ltr'><strong>permutationem</strong></span> <span class='ocrx_word' id='word_1_462' title='bbox 2380 2249 2523 2302; x_wconf 86' lang='lat' dir='ltr'><strong>illam</strong></span> <span class='ocrx_word' id='word_1_463' title='bbox 2568 2251 2622 2302; x_wconf 90' lang='lat' dir='ltr'><strong>in</strong></span> <span class='ocrx_word' id='word_1_464' title='bbox 2683 2251 2848 2321; x_wconf 78' lang='lat'><strong>656</strong></span> <span class='ocrx_word' id='word_1_465' title='bbox 2902 2254 3118 2319; x_wconf 89' lang='lat' dir='ltr'><strong>melius,</strong></span> <span class='ocrx_word' id='word_1_466' title='bbox 3155 2266 3210 2309; x_wconf 88' lang='lat' dir='ltr'><strong>et</strong></span> <span class='ocrx_word' id='word_1_467' title='bbox 3252 2260 3444 2318; x_wconf 79' lang='lat' dir='ltr'><strong>mundi</strong></span> 
     </span>
    </p>
   </div>
   <div class='ocr_carea' id='block_1_64' title="bbox 1877 2336 3443 2415">
    <p class='ocr_par' dir='ltr' id='par_1_64' title="bbox 1877 2336 3443 2415">
     <span class='ocr_line' id='line_1_64' title="bbox 1877 2336 3443 2415; baseline 0.005 -24"><span class='ocrx_word' id='word_1_468' title='bbox 1877 2339 2208 2393; x_wconf 85' lang='lat' dir='ltr'><strong>creationem</strong></span> <span class='ocrx_word' id='word_1_469' title='bbox 2243 2339 2378 2391; x_wconf 87' lang='lat' dir='ltr'><strong>adeo</strong></span> <span class='ocrx_word' id='word_1_470' title='bbox 2419 2336 2575 2390; x_wconf 79' lang='lat' dir='ltr'><strong>facile</strong></span> <span class='ocrx_word' id='word_1_471' title='bbox 2607 2348 2899 2406; x_wconf 85' lang='lat' dir='ltr'><strong>Operatur,</strong></span> <span class='ocrx_word' id='word_1_472' title='bbox 2951 2343 3004 2393; x_wconf 91' lang='lat' dir='ltr'><strong>iu</strong></span> <span class='ocrx_word' id='word_1_473' title='bbox 3057 2341 3253 2398; x_wconf 88' lang='lat' dir='ltr'><strong>minori</strong></span> <span class='ocrx_word' id='word_1_474' title='bbox 3279 2361 3443 2415; x_wconf 85' lang='lat' dir='ltr'><strong>opere</strong></span> 
     </span>
    </p>
   </div>
   <div class='ocr_carea' id='block_1_65' title="bbox 1876 2430 3442 2502">
    <p class='ocr_par' dir='ltr' id='par_1_65' title="bbox 1876 2430 3442 2502">
     <span class='ocr_line' id='line_1_65' title="bbox 1876 2430 3442 2502; baseline 0.006 -19"><span class='ocrx_word' id='word_1_475' title='bbox 1876 2432 2102 2485; x_wconf 83' lang='lat' dir='ltr'><strong>alterius</strong></span> <span class='ocrx_word' id='word_1_476' title='bbox 2133 2430 2446 2498; x_wconf 73' lang='lat' dir='ltr'><strong>indigebat?</strong></span> <span class='ocrx_word' id='word_1_477' title='bbox 2499 2430 2667 2486; x_wconf 89' lang='lat' dir='ltr'><strong>Porro</strong></span> <span class='ocrx_word' id='word_1_478' title='bbox 2722 2431 2867 2484; x_wconf 86' lang='lat' dir='ltr'><strong>haud</strong></span> <span class='ocrx_word' id='word_1_479' title='bbox 2920 2449 3110 2502; x_wconf 87' lang='lat' dir='ltr'><strong>parum</strong></span> <span class='ocrx_word' id='word_1_480' title='bbox 3159 2437 3442 2493; x_wconf 78' lang='lat' dir='ltr'><strong>SOiumitliS</strong></span> 
     </span>
    </p>
   </div>
   <div class='ocr_carea' id='block_1_66' title="bbox 1878 2523 3444 2595">
    <p class='ocr_par' dir='ltr' id='par_1_66' title="bbox 1878 2523 3444 2595">
     <span class='ocr_line' id='line_1_66' title="bbox 1878 2523 3444 2595; baseline 0.004 -19"><span class='ocrx_word' id='word_1_481' title='bbox 1878 2526 2080 2595; x_wconf 62' lang='lat' dir='ltr'><strong>praelet</strong></span> <span class='ocrx_word' id='word_1_482' title='bbox 2117 2523 2369 2578; x_wconf 74' lang='lat' dir='ltr'><strong>ﬁdelibus</strong></span> <span class='ocrx_word' id='word_1_483' title='bbox 2405 2525 2457 2590; x_wconf 88' lang='lat' dir='ltr'><strong>in</strong></span> <span class='ocrx_word' id='word_1_484' title='bbox 2489 2524 2594 2580; x_wconf 94' lang='lat' dir='ltr'><strong>hoc</strong></span> <span class='ocrx_word' id='word_1_485' title='bbox 2651 2526 2851 2579; x_wconf 87' lang='lat' dir='ltr'><strong>mundo</strong></span> <span class='ocrx_word' id='word_1_486' title='bbox 2894 2528 3192 2595; x_wconf 86' lang='lat' dir='ltr'><strong>oppressis,</strong></span> <span class='ocrx_word' id='word_1_487' title='bbox 3228 2529 3444 2583; x_wconf 83' lang='lat' dir='ltr'><strong>novisse</strong></span> 
     </span>
    </p>
   </div>
   <div class='ocr_carea' id='block_1_67' title="bbox 1879 2617 3444 2690">
    <p class='ocr_par' dir='ltr' id='par_1_67' title="bbox 1879 2617 3444 2690">
     <span class='ocr_line' id='line_1_67' title="bbox 1879 2617 3444 2690; baseline 0.001 -21"><span class='ocrx_word' id='word_1_488' title='bbox 1879 2633 1964 2671; x_wconf 82' lang='lat' dir='ltr'><strong>res</strong></span> <span class='ocrx_word' id='word_1_489' title='bbox 2000 2632 2103 2670; x_wconf 90' lang='lat' dir='ltr'><strong>non</strong></span> <span class='ocrx_word' id='word_1_490' title='bbox 2140 2617 2214 2669; x_wconf 89' lang='lat' dir='ltr'><strong>ita</strong></span> <span class='ocrx_word' id='word_1_491' title='bbox 2252 2625 2523 2686; x_wconf 88' lang='lat' dir='ltr'><strong>perpetuo</strong></span> <span class='ocrx_word' id='word_1_492' title='bbox 2553 2617 2869 2684; x_wconf 76' lang='lat' dir='ltr'><strong>duraturus,</strong></span> <span class='ocrx_word' id='word_1_493' title='bbox 2904 2629 3157 2673; x_wconf 65' lang='lat' dir='ltr'><strong>caeterum</strong></span> <span class='ocrx_word' id='word_1_494' title='bbox 3186 2630 3444 2690; x_wconf 69' lang='lat' dir='ltr'><strong>accepte-</strong></span> 
     </span>
    </p>
   </div>
   <div class='ocr_carea' id='block_1_68' title="bbox 1878 2709 3440 2790">
    <p class='ocr_par' dir='ltr' id='par_1_68' title="bbox 1878 2709 3440 2790">
     <span class='ocr_line' id='line_1_68' title="bbox 1878 2709 3440 2790; baseline 0.003 -30"><span class='ocrx_word' id='word_1_495' title='bbox 1878 2724 1966 2782; x_wconf 80' lang='lat' dir='ltr'><strong>ras</strong></span> <span class='ocrx_word' id='word_1_496' title='bbox 1998 2709 2396 2763; x_wconf 88' lang='lat' dir='ltr'><strong>mutationem:</strong></span> <span class='ocrx_word' id='word_1_497' title='bbox 2432 2716 2485 2763; x_wconf 91' lang='lat' dir='ltr'><strong>et</strong></span> <span class='ocrx_word' id='word_1_498' title='bbox 2512 2711 2658 2778; x_wconf 91' lang='lat' dir='ltr'><strong>quod</strong></span> <span class='ocrx_word' id='word_1_499' title='bbox 2687 2711 2926 2790; x_wconf 33' lang='lat' dir='ltr'><strong>isiquem</strong></span> <span class='ocrx_word' id='word_1_500' title='bbox 2984 2710 3085 2778; x_wconf 92' lang='lat' dir='ltr'><strong>ipsi</strong></span> <span class='ocrx_word' id='word_1_501' title='bbox 3131 2712 3341 2774; x_wconf 83' lang='lat' dir='ltr'><strong>Colunt,</strong></span> <span class='ocrx_word' id='word_1_502' title='bbox 3385 2713 3440 2765; x_wconf 92' lang='lat' dir='ltr'><strong>in</strong></span> 
     </span>
    </p>
   </div>
   <div class='ocr_carea' id='block_1_69' title="bbox 1881 2799 3444 2870">
    <p class='ocr_par' dir='ltr' id='par_1_69' title="bbox 1881 2799 3444 2870">
     <span class='ocr_line' id='line_1_69' title="bbox 1881 2799 3444 2870; baseline 0.003 -18"><span class='ocrx_word' id='word_1_503' title='bbox 1881 2799 2273 2867; x_wconf 85' lang='lat' dir='ltr'><strong>sempiternum</strong></span> <span class='ocrx_word' id='word_1_504' title='bbox 2329 2809 2649 2867; x_wconf 87' lang='lat' dir='ltr'><strong>permanet,</strong></span> <span class='ocrx_word' id='word_1_505' title='bbox 2716 2815 3041 2870; x_wconf 86' lang='lat' dir='ltr'><strong>semperque</strong></span> <span class='ocrx_word' id='word_1_506' title='bbox 3101 2801 3251 2855; x_wconf 79' lang='lat' dir='ltr'><strong>vivit.</strong></span> <span class='ocrx_word' id='word_1_507' title='bbox 3300 2803 3444 2856; x_wconf 74' lang='lat' dir='ltr'><strong>Anni</strong></span> 
     </span>
    </p>
   </div>
   <div class='ocr_carea' id='block_1_70' title="bbox 1877 2890 2542 2959">
    <p class='ocr_par' dir='ltr' id='par_1_70' title="bbox 1877 2890 2542 2959">
     <span class='ocr_line' id='line_1_70' title="bbox 1877 2890 2542 2959; baseline -0.002 -16"><span class='ocrx_word' id='word_1_508' title='bbox 1877 2890 2020 2943; x_wconf 87' lang='lat' dir='ltr'><strong>enim</strong></span> <span class='ocrx_word' id='word_1_509' title='bbox 2048 2892 2122 2943; x_wconf 85' lang='lat' dir='ltr'><strong>tui</strong></span> <span class='ocrx_word' id='word_1_510' title='bbox 2154 2906 2254 2943; x_wconf 86' lang='lat' dir='ltr'><strong>non</strong></span> <span class='ocrx_word' id='word_1_511' title='bbox 2283 2891 2542 2959; x_wconf 82' lang='lat' dir='ltr'><strong>deﬁcient.</strong></span> 
     </span>
    </p>
   </div>
   <div class='ocr_carea' id='block_1_71' title="bbox 1949 2977 3443 3052">
    <p class='ocr_par' dir='ltr' id='par_1_71' title="bbox 1949 2977 3443 3052">
     <span class='ocr_line' id='line_1_71' title="bbox 1949 2977 3443 3052; baseline 0.005 -22"><span class='ocrx_word' id='word_1_512' title='bbox 1949 2977 2114 3034; x_wconf 66' lang='lat' dir='ltr'><strong>Vens.</strong></span> <span class='ocrx_word' id='word_1_513' title='bbox 2175 2982 2259 3034; x_wconf 84' lang='grc'><strong>15.</strong></span> <span class='ocrx_word' id='word_1_514' title='bbox 2331 2980 2412 3032; x_wconf 82' lang='lat' dir='ltr'><strong>Ad</strong></span> <span class='ocrx_word' id='word_1_515' title='bbox 2466 2997 2614 3050; x_wconf 85' lang='lat' dir='ltr'><strong>quem</strong></span> <span class='ocrx_word' id='word_1_516' title='bbox 2691 2991 2866 3035; x_wconf 85' lang='lat' dir='ltr'><strong>autem</strong></span> <span class='ocrx_word' id='word_1_517' title='bbox 2936 2985 3244 3052; x_wconf 78' lang='lat' dir='ltr'><strong>angelorum</strong></span> <span class='ocrx_word' id='word_1_518' title='bbox 3303 2986 3443 3039; x_wconf 68' lang='lat' dir='ltr'><strong>dixit</strong></span> 
     </span>
    </p>
   </div>
   <div class='ocr_carea' id='block_1_72' title="bbox 1881 3070 3445 3147">
    <p class='ocr_par' dir='ltr' id='par_1_72' title="bbox 1881 3070 3445 3147">
     <span class='ocr_line' id='line_1_72' title="bbox 1881 3070 3445 3147; baseline 0.006 -27"><span class='ocrx_word' id='word_1_519' title='bbox 1881 3070 2206 3139; x_wconf 71' lang='lat' dir='ltr'><strong>aliquando:</strong></span> <span class='ocrx_word' id='word_1_520' title='bbox 2243 3070 2375 3125; x_wconf 86' lang='lat' dir='ltr'><strong>Sede</strong></span> <span class='ocrx_word' id='word_1_521' title='bbox 2399 3089 2431 3124; x_wconf 84' lang='grc' dir='ltr'><strong>ιι</strong></span> <span class='ocrx_word' id='word_1_522' title='bbox 2463 3073 2661 3125; x_wconf 70' lang='lat' dir='ltr'><strong>dextris</strong></span> <span class='ocrx_word' id='word_1_523' title='bbox 2690 3074 2839 3138; x_wconf 81' lang='lat' dir='ltr'><strong>meis,</strong></span> <span class='ocrx_word' id='word_1_524' title='bbox 2863 3075 3036 3143; x_wconf 84' lang='lat' dir='ltr'><strong>quoad</strong></span> <span class='ocrx_word' id='word_1_525' title='bbox 3070 3092 3226 3147; x_wconf 78' lang='lat' dir='ltr'><strong>usque</strong></span> <span class='ocrx_word' id='word_1_526' title='bbox 3253 3093 3445 3144; x_wconf 85' lang='lat' dir='ltr'><strong>ponam</strong></span> 
     </span>
    </p>
   </div>
   <div class='ocr_carea' id='block_1_73' title="bbox 1882 3163 3442 3232">
    <p class='ocr_par' dir='ltr' id='par_1_73' title="bbox 1882 3163 3442 3232">
     <span class='ocr_line' id='line_1_73' title="bbox 1882 3163 3442 3232; baseline 0.006 -20"><span class='ocrx_word' id='word_1_527' title='bbox 1882 3163 2124 3216; x_wconf 81' lang='lat' dir='ltr'><strong>inimicos</strong></span> <span class='ocrx_word' id='word_1_528' title='bbox 2163 3173 2277 3216; x_wconf 70' lang='lat' dir='ltr'><strong>tuo:</strong></span> <span class='ocrx_word' id='word_1_529' title='bbox 2308 3163 2595 3216; x_wconf 77' lang='lat' dir='ltr'><strong>scabellum</strong></span> <span class='ocrx_word' id='word_1_530' title='bbox 2622 3165 2812 3232; x_wconf 87' lang='lat' dir='ltr'><strong>pedum</strong></span> <span class='ocrx_word' id='word_1_531' title='bbox 2863 3169 3180 3219; x_wconf 70' lang='lat' dir='ltr'><strong>tuorum“?</strong></span> <span class='ocrx_word' id='word_1_532' title='bbox 3219 3169 3293 3221; x_wconf 82' lang='lat' dir='ltr'><strong>En</strong></span> <span class='ocrx_word' id='word_1_533' title='bbox 3319 3185 3442 3222; x_wconf 84' lang='lat' dir='ltr'><strong>rur-</strong></span> 
     </span>
    </p>
   </div>
   <div class='ocr_carea' id='block_1_74' title="bbox 1887 3257 3444 3326">
    <p class='ocr_par' dir='ltr' id='par_1_74' title="bbox 1887 3257 3444 3326">
     <span class='ocr_line' id='line_1_74' title="bbox 1887 3257 3444 3326; baseline 0.004 -20"><span class='ocrx_word' id='word_1_534' title='bbox 1887 3269 1982 3307; x_wconf 88' lang='lat' dir='ltr'><strong>sus</strong></span> <span class='ocrx_word' id='word_1_535' title='bbox 2018 3257 2260 3308; x_wconf 86' lang='lat' dir='ltr'><strong>animum</strong></span> <span class='ocrx_word' id='word_1_536' title='bbox 2296 3257 2402 3310; x_wconf 91' lang='lat' dir='ltr'><strong>illis</strong></span> <span class='ocrx_word' id='word_1_537' title='bbox 2432 3257 2610 3310; x_wconf 86' lang='lat' dir='ltr'><strong>addit:</strong></span> <span class='ocrx_word' id='word_1_538' title='bbox 2645 3258 2910 3326; x_wconf 78' lang='lat' dir='ltr'><strong>siquidem</strong></span> <span class='ocrx_word' id='word_1_539' title='bbox 2956 3260 3193 3312; x_wconf 78' lang='lat' dir='ltr'><strong>futurum</strong></span> <span class='ocrx_word' id='word_1_540' title='bbox 3233 3270 3350 3314; x_wconf 85' lang='lat' dir='ltr'><strong>erat</strong></span> <span class='ocrx_word' id='word_1_541' title='bbox 3385 3260 3444 3315; x_wconf 82' lang='lat' dir='ltr'><strong>tit</strong></span> 
     </span>
    </p>
   </div>
   <div class='ocr_carea' id='block_1_75' title="bbox 1882 3335 3440 3418">
    <p class='ocr_par' dir='ltr' id='par_1_75' title="bbox 1882 3335 3440 3418">
     <span class='ocr_line' id='line_1_75' title="bbox 1882 3335 3440 3418; baseline 0.006 -21"><span class='ocrx_word' id='word_1_542' title='bbox 1882 3346 2118 3414; x_wconf 89' lang='lat' dir='ltr'><strong>ipsorum</strong></span> <span class='ocrx_word' id='word_1_543' title='bbox 2155 3348 2339 3400; x_wconf 87' lang='lat' dir='ltr'><strong>hostes</strong></span> <span class='ocrx_word' id='word_1_544' title='bbox 2374 3335 2873 3415; x_wconf 79' lang='lat' dir='ltr'><strong>prosternereutur,</strong></span> <span class='ocrx_word' id='word_1_545' title='bbox 2898 3358 2950 3402; x_wconf 90' lang='lat' dir='ltr'><strong>et</strong></span> <span class='ocrx_word' id='word_1_546' title='bbox 2980 3350 3219 3418; x_wconf 90' lang='lat' dir='ltr'><strong>ipsorum</strong></span> <span class='ocrx_word' id='word_1_547' title='bbox 3254 3352 3440 3407; x_wconf 85' lang='lat' dir='ltr'><strong>hostes</strong></span> 
     </span>
    </p>
   </div>
   <div class='ocr_carea' id='block_1_76' title="bbox 1883 3437 3445 3518">
    <p class='ocr_par' dir='ltr' id='par_1_76' title="bbox 1883 3437 3445 3518">
     <span class='ocr_line' id='line_1_76' title="bbox 1883 3437 3445 3518; baseline 0.006 -29"><span class='ocrx_word' id='word_1_548' title='bbox 1883 3437 2046 3490; x_wconf 89' lang='lat' dir='ltr'><strong>iidem</strong></span> <span class='ocrx_word' id='word_1_549' title='bbox 2086 3446 2269 3518; x_wconf 71' lang='lat' dir='ltr'><strong>essent</strong></span> <span class='ocrx_word' id='word_1_550' title='bbox 2328 3440 2421 3507; x_wconf 88' lang='lat' dir='ltr'><strong>qui</strong></span> <span class='ocrx_word' id='word_1_551' title='bbox 2491 3449 2543 3492; x_wconf 89' lang='lat' dir='ltr'><strong>et</strong></span> <span class='ocrx_word' id='word_1_552' title='bbox 2599 3438 2816 3494; x_wconf 86' lang='lat' dir='ltr'><strong>Christo</strong></span> <span class='ocrx_word' id='word_1_553' title='bbox 2874 3441 3317 3498; x_wconf 80' lang='lat' dir='ltr'><strong>adversarentur.</strong></span> <span class='ocrx_word' id='word_1_554' title='bbox 3376 3448 3445 3498; x_wconf 84' lang='lat' dir='ltr'><strong>At</strong></span> 
     </span>
    </p>
   </div>
   <div class='ocr_carea' id='block_1_77' title="bbox 1881 3527 3442 3596">
    <p class='ocr_par' dir='ltr' id='par_1_77' title="bbox 1881 3527 3442 3596">
     <span class='ocr_line' id='line_1_77' title="bbox 1881 3527 3442 3596; baseline 0.008 -20"><span class='ocrx_word' id='word_1_555' title='bbox 1881 3540 2012 3579; x_wconf 87' lang='lat' dir='ltr'><strong>vero</strong></span> <span class='ocrx_word' id='word_1_556' title='bbox 2046 3542 2156 3580; x_wconf 91' lang='lat' dir='ltr'><strong>non</strong></span> <span class='ocrx_word' id='word_1_557' title='bbox 2191 3537 2453 3596; x_wconf 88' lang='lat' dir='ltr'><strong>tanquam</strong></span> <span class='ocrx_word' id='word_1_558' title='bbox 2493 3527 2664 3594; x_wconf 85' lang='lat' dir='ltr'><strong>Filius</strong></span> <span class='ocrx_word' id='word_1_559' title='bbox 2719 3531 3042 3585; x_wconf 85' lang='lat' dir='ltr'><strong>imbecillior</strong></span> <span class='ocrx_word' id='word_1_560' title='bbox 3091 3543 3255 3595; x_wconf 85' lang='lat' dir='ltr'><strong>esset,</strong></span> <span class='ocrx_word' id='word_1_561' title='bbox 3290 3534 3442 3588; x_wconf 89' lang='lat' dir='ltr'><strong>ideo-</strong></span> 
     </span>
    </p>
   </div>
   <div class='ocr_carea' id='block_1_78' title="bbox 1883 3619 3437 3694">
    <p class='ocr_par' dir='ltr' id='par_1_78' title="bbox 1883 3619 3437 3694">
     <span class='ocr_line' id='line_1_78' title="bbox 1883 3619 3437 3694; baseline 0.005 -25"><span class='ocrx_word' id='word_1_562' title='bbox 1883 3633 1986 3686; x_wconf 90' lang='lat' dir='ltr'><strong>que</strong></span> <span class='ocrx_word' id='word_1_563' title='bbox 2045 3619 2145 3672; x_wconf 91' lang='lat' dir='ltr'><strong>hoe</strong></span> <span class='ocrx_word' id='word_1_564' title='bbox 2205 3636 2311 3673; x_wconf 92' lang='lat' dir='ltr'><strong>nou</strong></span> <span class='ocrx_word' id='word_1_565' title='bbox 2384 3623 2600 3688; x_wconf 86' lang='lat' dir='ltr'><strong>possit,</strong></span> <span class='ocrx_word' id='word_1_566' title='bbox 2657 3620 2818 3675; x_wconf 81' lang='lat' dir='ltr'><strong>Pater</strong></span> <span class='ocrx_word' id='word_1_567' title='bbox 2889 3624 3092 3677; x_wconf 89' lang='lat' dir='ltr'><strong>dicitur</strong></span> <span class='ocrx_word' id='word_1_568' title='bbox 3165 3626 3437 3694; x_wconf 70' lang='lat' dir='ltr'><strong>subjicere</strong></span> 
     </span>
    </p>
   </div>
   <div class='ocr_carea' id='block_1_79' title="bbox 1885 3708 3445 3782">
    <p class='ocr_par' dir='ltr' id='par_1_79' title="bbox 1885 3708 3445 3782">
     <span class='ocr_line' id='line_1_79' title="bbox 1885 3708 3445 3782; baseline 0.004 -20"><span class='ocrx_word' id='word_1_569' title='bbox 1885 3710 2068 3762; x_wconf 87' lang='lat' dir='ltr'><strong>hostes</strong></span> <span class='ocrx_word' id='word_1_570' title='bbox 2107 3728 2118 3762; x_wconf 90' lang='lat'><strong>:</strong></span> <span class='ocrx_word' id='word_1_571' title='bbox 2167 3708 2338 3763; x_wconf 81' lang='lat' dir='ltr'><strong>Filius</strong></span> <span class='ocrx_word' id='word_1_572' title='bbox 2374 3714 2518 3764; x_wconf 85' lang='lat' dir='ltr'><strong>enim</strong></span> <span class='ocrx_word' id='word_1_573' title='bbox 2543 3713 2636 3782; x_wconf 88' lang='lat' dir='ltr'><strong>qut</strong></span> <span class='ocrx_word' id='word_1_574' title='bbox 2665 3713 2736 3766; x_wconf 84' lang='lat' dir='ltr'><strong>ibi</strong></span> <span class='ocrx_word' id='word_1_575' title='bbox 2766 3713 3110 3782; x_wconf 71' lang='lat' dir='ltr'><strong>iudicaturus</strong></span> <span class='ocrx_word' id='word_1_576' title='bbox 3140 3725 3239 3778; x_wconf 89' lang='lat' dir='ltr'><strong>est,</strong></span> <span class='ocrx_word' id='word_1_577' title='bbox 3275 3717 3445 3770; x_wconf 91' lang='lat' dir='ltr'><strong>multo</strong></span> 
     </span>
    </p>
   </div>
   <div class='ocr_carea' id='block_1_80' title="bbox 1884 3801 3441 3876">
    <p class='ocr_par' dir='ltr' id='par_1_80' title="bbox 1884 3801 3441 3876">
     <span class='ocr_line' id='line_1_80' title="bbox 1884 3801 3441 3876; baseline 0.005 -24"><span class='ocrx_word' id='word_1_578' title='bbox 1884 3803 2060 3868; x_wconf 79' lang='lat' dir='ltr'><strong>magis</strong></span> <span class='ocrx_word' id='word_1_579' title='bbox 2094 3801 2180 3854; x_wconf 91' lang='lat' dir='ltr'><strong>hic</strong></span> <span class='ocrx_word' id='word_1_580' title='bbox 2215 3803 2346 3871; x_wconf 90' lang='lat' dir='ltr'><strong>ipsis</strong></span> <span class='ocrx_word' id='word_1_581' title='bbox 2375 3805 2667 3871; x_wconf 85' lang='lat' dir='ltr'><strong>retribuet,</strong></span> <span class='ocrx_word' id='word_1_582' title='bbox 2699 3820 2889 3860; x_wconf 84' lang='lat' dir='ltr'><strong>verum</strong></span> <span class='ocrx_word' id='word_1_583' title='bbox 2939 3815 2998 3860; x_wconf 92' lang='lat' dir='ltr'><strong>ut</strong></span> <span class='ocrx_word' id='word_1_584' title='bbox 3034 3809 3297 3862; x_wconf 68' lang='lat' dir='ltr'><strong>ostendat</strong></span> <span class='ocrx_word' id='word_1_585' title='bbox 3331 3825 3441 3876; x_wconf 90' lang='lat' dir='ltr'><strong>quo</strong></span> 
     </span>
    </p>
   </div>
   <div class='ocr_carea' id='block_1_81' title="bbox 1884 3891 3444 3964">
    <p class='ocr_par' dir='ltr' id='par_1_81' title="bbox 1884 3891 3444 3964">
     <span class='ocr_line' id='line_1_81' title="bbox 1884 3891 3444 3964; baseline 0.006 -22"><span class='ocrx_word' id='word_1_586' title='bbox 1884 3891 2089 3944; x_wconf 91' lang='lat' dir='ltr'><strong>honore</strong></span> <span class='ocrx_word' id='word_1_587' title='bbox 2125 3891 2285 3944; x_wconf 82' lang='lat' dir='ltr'><strong>Pater</strong></span> <span class='ocrx_word' id='word_1_588' title='bbox 2336 3893 2531 3945; x_wconf 89' lang='lat' dir='ltr'><strong>Filium</strong></span> <span class='ocrx_word' id='word_1_589' title='bbox 2589 3907 2973 3964; x_wconf 89' lang='lat' dir='ltr'><strong>prosequatur.</strong></span> <span class='ocrx_word' id='word_1_590' title='bbox 3032 3895 3247 3951; x_wconf 88' lang='lat' dir='ltr'><strong>Patrem</strong></span> <span class='ocrx_word' id='word_1_591' title='bbox 3301 3901 3444 3953; x_wconf 87' lang='lat' dir='ltr'><strong>enim</strong></span> 
     </span>
    </p>
   </div>
   <div class='ocr_carea' id='block_1_82' title="bbox 1886 3981 3442 4057">
    <p class='ocr_par' dir='ltr' id='par_1_82' title="bbox 1886 3981 3442 4057">
     <span class='ocr_line' id='line_1_82' title="bbox 1886 3981 3442 4057; baseline 0.007 -25"><span class='ocrx_word' id='word_1_592' title='bbox 1886 3982 2044 4033; x_wconf 90' lang='lat' dir='ltr'><strong>irasci</strong></span> <span class='ocrx_word' id='word_1_593' title='bbox 2079 3981 2327 4035; x_wconf 85' lang='lat' dir='ltr'><strong>hostibus</strong></span> <span class='ocrx_word' id='word_1_594' title='bbox 2357 3981 2503 4047; x_wconf 86' lang='lat' dir='ltr'><strong>Filii,</strong></span> <span class='ocrx_word' id='word_1_595' title='bbox 2537 3983 2810 4053; x_wconf 78' lang='lat' dir='ltr'><strong>quomodo</strong></span> <span class='ocrx_word' id='word_1_596' title='bbox 2860 4003 2967 4040; x_wconf 92' lang='lat' dir='ltr'><strong>non</strong></span> <span class='ocrx_word' id='word_1_597' title='bbox 3021 3991 3179 4040; x_wconf 87' lang='lat' dir='ltr'><strong>cedat</strong></span> <span class='ocrx_word' id='word_1_598' title='bbox 3237 3992 3288 4040; x_wconf 91' lang='lat' dir='ltr'><strong>in</strong></span> <span class='ocrx_word' id='word_1_599' title='bbox 3324 3995 3442 4057; x_wconf 84' lang='lat' dir='ltr'><strong>glo-</strong></span> 
     </span>
    </p>
   </div>
   <div class='ocr_carea' id='block_1_83' title="bbox 1887 4071 3441 4146">
    <p class='ocr_par' dir='ltr' id='par_1_83' title="bbox 1887 4071 3441 4146">
     <span class='ocr_line' id='line_1_83' title="bbox 1887 4071 3441 4146; baseline 0.005 -21"><span class='ocrx_word' id='word_1_600' title='bbox 1887 4074 2022 4125; x_wconf 90' lang='lat' dir='ltr'><strong>riam</strong></span> <span class='ocrx_word' id='word_1_601' title='bbox 2050 4071 2214 4125; x_wconf 86' lang='lat' dir='ltr'><strong>Filii?</strong></span> <span class='ocrx_word' id='word_1_602' title='bbox 2265 4075 2537 4142; x_wconf 88' lang='lat' dir='ltr'><strong>quomodo</strong></span> <span class='ocrx_word' id='word_1_603' title='bbox 2599 4092 2706 4128; x_wconf 93' lang='lat' dir='ltr'><strong>non</strong></span> <span class='ocrx_word' id='word_1_604' title='bbox 2769 4079 2838 4131; x_wconf 90' lang='lat' dir='ltr'><strong>sit</strong></span> <span class='ocrx_word' id='word_1_605' title='bbox 2873 4093 3081 4146; x_wconf 77' lang='lat' dir='ltr'><strong>magna:</strong></span> <span class='ocrx_word' id='word_1_606' title='bbox 3135 4080 3188 4131; x_wconf 92' lang='lat' dir='ltr'><strong>in</strong></span> <span class='ocrx_word' id='word_1_607' title='bbox 3245 4079 3441 4133; x_wconf 87' lang='lat' dir='ltr'><strong>Filiuut</strong></span> 
     </span>
    </p>
   </div>
   <div class='ocr_carea' id='block_1_84' title="bbox 1884 4164 3448 4235">
    <p class='ocr_par' dir='ltr' id='par_1_84' title="bbox 1884 4164 3448 4235">
     <span class='ocr_line' id='line_1_84' title="bbox 1884 4164 3448 4235; baseline 0.006 -18"><span class='ocrx_word' id='word_1_608' title='bbox 1884 4164 2198 4218; x_wconf 79' lang='lat' dir='ltr'><strong>dilectionis</strong></span> <span class='ocrx_word' id='word_1_609' title='bbox 2246 4165 2596 4235; x_wconf 86' lang='lat' dir='ltr'><strong>symbolum?</strong></span> <span class='ocrx_word' id='word_1_610' title='bbox 2659 4165 2872 4220; x_wconf 87' lang='lat' dir='ltr'><strong>Dictum</strong></span> <span class='ocrx_word' id='word_1_611' title='bbox 2922 4177 3101 4223; x_wconf 86' lang='lat' dir='ltr'><strong>autem</strong></span> <span class='ocrx_word' id='word_1_612' title='bbox 3135 4177 3216 4223; x_wconf 90' lang='lat' dir='ltr'><strong>est</strong></span> <span class='ocrx_word' id='word_1_613' title='bbox 3274 4171 3448 4227; x_wconf 72' lang='lat' dir='ltr'><strong>fusius</strong></span> 
     </span>
    </p>
   </div>
   <div class='ocr_carea' id='block_1_85' title="bbox 1889 4255 3447 4336">
    <p class='ocr_par' dir='ltr' id='par_1_85' title="bbox 1889 4255 3447 4336">
     <span class='ocr_line' id='line_1_85' title="bbox 1889 4255 3447 4336; baseline 0.007 -30"><span class='ocrx_word' id='word_1_614' title='bbox 1889 4259 1990 4308; x_wconf 85' lang='lat' dir='ltr'><strong>hac</strong></span> <span class='ocrx_word' id='word_1_615' title='bbox 2019 4257 2084 4309; x_wconf 90' lang='lat' dir='ltr'><strong>de</strong></span> <span class='ocrx_word' id='word_1_616' title='bbox 2119 4272 2176 4309; x_wconf 90' lang='lat' dir='ltr'><strong>re</strong></span> <span class='ocrx_word' id='word_1_617' title='bbox 2203 4257 2256 4309; x_wconf 91' lang='lat' dir='ltr'><strong>in</strong></span> <span class='ocrx_word' id='word_1_618' title='bbox 2286 4257 2468 4325; x_wconf 89' lang='lat' dir='ltr'><strong>priore</strong></span> <span class='ocrx_word' id='word_1_619' title='bbox 2493 4258 2558 4310; x_wconf 88' lang='lat' dir='ltr'><strong>ad</strong></span> <span class='ocrx_word' id='word_1_620' title='bbox 2609 4259 2958 4321; x_wconf 71' lang='lat' dir='ltr'><strong>Corinthios:</strong></span> <span class='ocrx_word' id='word_1_621' title='bbox 3002 4255 3122 4332; x_wconf 80' lang='lat' dir='ltr'><strong>qua:</strong></span> <span class='ocrx_word' id='word_1_622' title='bbox 3175 4263 3286 4316; x_wconf 89' lang='lat' dir='ltr'><strong>illic</strong></span> <span class='ocrx_word' id='word_1_623' title='bbox 3317 4280 3447 4336; x_wconf 74' lang='lat' dir='ltr'><strong>ergo</strong></span> 
     </span>
    </p>
   </div>
   <div class='ocr_carea' id='block_1_86' title="bbox 1874 4344 2587 4410">
    <p class='ocr_par' dir='ltr' id='par_1_86' title="bbox 1874 4344 2587 4410">
     <span class='ocr_line' id='line_1_86' title="bbox 1874 4344 2587 4410; baseline 0.013 -21"><span class='ocrx_word' id='word_1_624' title='bbox 1874 4349 2140 4404; x_wconf 82' lang='lat' dir='ltr'><strong>annotata</strong></span> <span class='ocrx_word' id='word_1_625' title='bbox 2165 4351 2312 4406; x_wconf 83' lang='lat' dir='ltr'><strong>Sunt,</strong></span> <span class='ocrx_word' id='word_1_626' title='bbox 2347 4344 2587 4410; x_wconf 74' lang='lat' dir='ltr'><strong>require.</strong></span> 
     </span>
    </p>
   </div>
   <div class='ocr_carea' id='block_1_87' title="bbox 1959 4430 3528 4510">
    <p class='ocr_par' dir='ltr' id='par_1_87' title="bbox 1959 4430 3528 4510">
     <span class='ocr_line' id='line_1_87' title="bbox 1959 4430 3528 4510; baseline 0.008 -28"><span class='ocrx_word' id='word_1_627' title='bbox 1959 4430 2124 4482; x_wconf 67' lang='lat' dir='ltr'><strong>Vens.</strong></span> <span class='ocrx_word' id='word_1_628' title='bbox 2159 4432 2241 4484; x_wconf 80' lang='grc'><strong>14.</strong></span> <span class='ocrx_word' id='word_1_629' title='bbox 2285 4430 2474 4484; x_wconf 81' lang='lat' dir='ltr'><strong>Nonne</strong></span> <span class='ocrx_word' id='word_1_630' title='bbox 2501 4449 2677 4486; x_wconf 80' lang='lat' dir='ltr'><strong>omnes</strong></span> <span class='ocrx_word' id='word_1_631' title='bbox 2712 4443 2834 4487; x_wconf 80' lang='lat' dir='ltr'><strong>sunt</strong></span> <span class='ocrx_word' id='word_1_632' title='bbox 2862 4436 3305 4490; x_wconf 66' lang='lat' dir='ltr'><strong>administrator-ii</strong></span> <span class='ocrx_word' id='word_1_633' title='bbox 3332 4442 3444 4510; x_wconf 72' lang='grc' dir='ltr'><strong>ερὶτ-</strong></span> <span class='ocrx_word' id='word_1_634' title='bbox 3521 4489 3528 4495; x_wconf 83' lang='grc'><strong>.</strong></span> 
     </span>
    </p>
   </div>
   <div class='ocr_carea' id='block_1_88' title="bbox 219 4515 1772 4619">
    <p class='ocr_par' dir='ltr' id='par_1_88' title="bbox 219 4515 1772 4592">
     <span class='ocr_line' id='line_1_88' title="bbox 219 4515 1772 4592; baseline 0.003 -24"><span class='ocrx_word' id='word_1_635' title='bbox 219 4515 537 4584; x_wconf 76' lang='grc' dir='ltr'>διακονίαν,</span> <span class='ocrx_word' id='word_1_636' title='bbox 573 4521 1074 4592; x_wconf 73' lang='grc' dir='ltr'><strong>ἀποστελλόμενα</strong></span> <span class='ocrx_word' id='word_1_637' title='bbox 1105 4522 1203 4575; x_wconf 85' lang='grc' dir='ltr'>διὰ</span> <span class='ocrx_word' id='word_1_638' title='bbox 1262 4521 1402 4587; x_wconf 87' lang='grc' dir='ltr'>τοὺς</span> <span class='ocrx_word' id='word_1_639' title='bbox 1437 4521 1772 4590; x_wconf 78' lang='grc' dir='ltr'>μέλλοντας</span> 
     </span>
    </p>
   </div>
   <div class='ocr_carea' id='block_1_89' title="bbox 1884 4515 3416 4619">
    <p class='ocr_par' dir='ltr' id='par_1_89' title="bbox 1886 4521 3416 4602">
     <span class='ocr_line' id='line_1_89' title="bbox 1886 4521 3416 4602; baseline 0.008 -31"><span class='ocrx_word' id='word_1_640' title='bbox 1886 4521 2041 4583; x_wconf 78' lang='lat' dir='ltr'><strong>ritus,</strong></span> <span class='ocrx_word' id='word_1_641' title='bbox 2074 4522 2496 4574; x_wconf 65' lang='lat' dir='ltr'><strong>inministerimn</strong></span> <span class='ocrx_word' id='word_1_642' title='bbox 2546 4525 2705 4602; x_wconf 62' lang='grc' dir='ltr'>πιἰωὶ</span> <span class='ocrx_word' id='word_1_643' title='bbox 2750 4536 2961 4593; x_wconf 86' lang='lat' dir='ltr'><strong>propter</strong></span> <span class='ocrx_word' id='word_1_644' title='bbox 3002 4543 3089 4581; x_wconf 74' lang='lat' dir='ltr'><strong>eos</strong></span> <span class='ocrx_word' id='word_1_645' title='bbox 3139 4530 3228 4596; x_wconf 83' lang='lat' dir='ltr'><strong>qui</strong></span> <span class='ocrx_word' id='word_1_646' title='bbox 3276 4529 3416 4584; x_wconf 78' lang='lat' dir='ltr'><strong>luere</strong></span> 
     </span>
    </p>
   </div>
   <div class='ocr_carea' id='block_1_90' title="bbox 204 4609 1774 4684">
    <p class='ocr_par' dir='ltr' id='par_1_90' title="bbox 204 4609 1774 4684">
     <span class='ocr_line' id='line_1_90' title="bbox 204 4609 1774 4684; baseline 0.004 -25"><span class='ocrx_word' id='word_1_647' title='bbox 204 4609 609 4679; x_wconf 59' lang='grc' dir='ltr'>κληρονομεῖν</span> <span class='ocrx_word' id='word_1_648' title='bbox 660 4614 1002 4680; x_wconf 66' lang='grc' dir='ltr'>σωτηρίαν-ς</span> <span class='ocrx_word' id='word_1_649' title='bbox 1043 4615 1290 4683; x_wconf 83' lang='grc' dir='ltr'>Ἐπαίρει</span> <span class='ocrx_word' id='word_1_650' title='bbox 1337 4615 1405 4666; x_wconf 74' lang='grc' dir='ltr'><strong>τὰ</strong></span> <span class='ocrx_word' id='word_1_651' title='bbox 1455 4615 1774 4684; x_wconf 74' lang='grc' dir='ltr'>φρονήματα</span> 
     </span>
    </p>
   </div>
   <div class='ocr_carea' id='block_1_91' title="bbox 224 4697 1773 4774">
    <p class='ocr_par' dir='ltr' id='par_1_91' title="bbox 224 4697 1773 4774">
     <span class='ocr_line' id='line_1_91' title="bbox 224 4697 1773 4774; baseline 0.004 -24"><span class='ocrx_word' id='word_1_652' title='bbox 224 4700 328 4754; x_wconf 80' lang='grc' dir='ltr'>τῶν</span> <span class='ocrx_word' id='word_1_653' title='bbox 355 4701 658 4774; x_wconf 81' lang='grc' dir='ltr'>ἀκροατῶν,</span> <span class='ocrx_word' id='word_1_654' title='bbox 689 4701 901 4766; x_wconf 80' lang='grc' dir='ltr'>δεικνὺς</span> <span class='ocrx_word' id='word_1_655' title='bbox 933 4703 1134 4771; x_wconf 84' lang='grc' dir='ltr'>πολλὴν</span> <span class='ocrx_word' id='word_1_656' title='bbox 1175 4704 1305 4772; x_wconf 79' lang='grc' dir='ltr'>περὶ</span> <span class='ocrx_word' id='word_1_657' title='bbox 1339 4705 1484 4771; x_wconf 78' lang='grc' dir='ltr'>ἡμᾶς</span> <span class='ocrx_word' id='word_1_658' title='bbox 1517 4705 1609 4755; x_wconf 78' lang='grc' dir='ltr'>τοῦ</span> <span class='ocrx_word' id='word_1_659' title='bbox 1638 4697 1773 4756; x_wconf 65' lang='grc' dir='ltr'>Θεοῦ</span> 
     </span>
    </p>
   </div>
   <div class='ocr_carea' id='block_1_92' title="bbox 227 4785 1778 4864">
    <p class='ocr_par' dir='ltr' id='par_1_92' title="bbox 227 4785 1778 4864">
     <span class='ocr_line' id='line_1_92' title="bbox 227 4785 1778 4864; baseline 0.001 -20"><span class='ocrx_word' id='word_1_660' title='bbox 227 4790 319 4860; x_wconf 72' lang='grc' dir='ltr'>τὴν</span> <span class='ocrx_word' id='word_1_661' title='bbox 346 4785 688 4864; x_wconf 58' lang='grc' dir='ltr'>κηδεμονίαν</span> <span class='ocrx_word' id='word_1_662' title='bbox 707 4794 823 4863; x_wconf 73' lang='grc' dir='ltr'>εἴγε</span> <span class='ocrx_word' id='word_1_663' title='bbox 851 4793 944 4846; x_wconf 72' lang='grc' dir='ltr'>καὶ</span> <span class='ocrx_word' id='word_1_664' title='bbox 973 4794 1236 4862; x_wconf 76' lang='grc' dir='ltr'>ἀγγέλους</span> <span class='ocrx_word' id='word_1_665' title='bbox 1259 4793 1386 4854; x_wconf 83' lang='grc' dir='ltr'>τοὺς</span> <span class='ocrx_word' id='word_1_666' title='bbox 1410 4793 1778 4862; x_wconf 75' lang='grc' dir='ltr'>ὑπερέχοντας</span> 
     </span>
    </p>
   </div>
   <div class='ocr_carea' id='block_1_93' title="bbox 231 4880 1782 4956">
    <p class='ocr_par' dir='ltr' id='par_1_93' title="bbox 231 4880 1782 4956">
     <span class='ocr_line' id='line_1_93' title="bbox 231 4880 1782 4956; baseline 0.017 -24"><span class='ocrx_word' id='word_1_667' title='bbox 231 4880 375 4948; x_wconf 80' lang='grc' dir='ltr'>ἡμῶν</span> <span class='ocrx_word' id='word_1_668' title='bbox 402 4883 557 4948; x_wconf 72' lang='grc' dir='ltr'>ἔταξε</span> <span class='ocrx_word' id='word_1_669' title='bbox 579 4884 847 4938; x_wconf 77' lang='grc' dir='ltr'>διακονεῖν</span> <span class='ocrx_word' id='word_1_670' title='bbox 875 4885 944 4937; x_wconf 83' lang='grc' dir='ltr'>τὰ</span> <span class='ocrx_word' id='word_1_671' title='bbox 969 4885 1105 4956; x_wconf 71' lang='grc' dir='ltr'>πρὸς</span> <span class='ocrx_word' id='word_1_672' title='bbox 1125 4885 1398 4953; x_wconf 79' lang='grc' dir='ltr'>σωτηρίαν</span> <span class='ocrx_word' id='word_1_673' title='bbox 1419 4883 1596 4952; x_wconf 68' lang='grc' dir='ltr'><strong>ἡμῶν·</strong></span> <span class='ocrx_word' id='word_1_674' title='bbox 1623 4887 1782 4938; x_wconf 72' lang='grc' dir='ltr'>Δοκεῖ</span> 
     </span>
    </p>
   </div>
   <div class='ocr_carea' id='block_1_94' title="bbox 230 4971 1778 5047">
    <p class='ocr_par' dir='ltr' id='par_1_94' title="bbox 230 4971 1778 5047">
     <span class='ocr_line' id='line_1_94' title="bbox 230 4971 1778 5047; baseline 0.003 -24"><span class='ocrx_word' id='word_1_675' title='bbox 230 4971 286 5023; x_wconf 74' lang='grc' dir='ltr'>δὲ</span> <span class='ocrx_word' id='word_1_676' title='bbox 319 4975 407 5026; x_wconf 73' lang='grc' dir='ltr'>καὶ</span> <span class='ocrx_word' id='word_1_677' title='bbox 438 4977 574 5046; x_wconf 87' lang='grc' dir='ltr'>πρός</span> <span class='ocrx_word' id='word_1_678' title='bbox 606 4977 1170 5040; x_wconf 29' lang='grc' dir='ltr'>τιναςάποητείνεσθαι</span> <span class='ocrx_word' id='word_1_679' title='bbox 1196 4980 1308 5040; x_wconf 88' lang='grc' dir='ltr'>τοῖς</span> <span class='ocrx_word' id='word_1_680' title='bbox 1333 4979 1581 5044; x_wconf 82' lang='grc' dir='ltr'>ἀγγέλοις</span> <span class='ocrx_word' id='word_1_681' title='bbox 1607 4995 1778 5047; x_wconf 88' lang='grc' dir='ltr'>προσ-</span> 
     </span>
    </p>
   </div>
   <div class='ocr_carea' id='block_1_95' title="bbox 233 5054 1780 5136">
    <p class='ocr_par' dir='ltr' id='par_1_95' title="bbox 233 5054 1780 5136">
     <span class='ocr_line' id='line_1_95' title="bbox 233 5054 1780 5136; baseline 0.003 -23"><span class='ocrx_word' id='word_1_682' title='bbox 233 5058 436 5128; x_wconf 79' lang='grc' dir='ltr'>έχοντας</span> <span class='ocrx_word' id='word_1_683' title='bbox 465 5081 480 5136; x_wconf 68' lang='grc' dir='ltr'><em>ς</em></span> <span class='ocrx_word' id='word_1_684' title='bbox 515 5067 754 5135; x_wconf 76' lang='grc' dir='ltr'>μάλιστα</span> <span class='ocrx_word' id='word_1_685' title='bbox 792 5066 853 5119; x_wconf 83' lang='grc' dir='ltr'>δὲ</span> <span class='ocrx_word' id='word_1_686' title='bbox 887 5068 984 5120; x_wconf 82' lang='grc' dir='ltr'>καὶ</span> <span class='ocrx_word' id='word_1_687' title='bbox 1026 5054 1163 5136; x_wconf 60' lang='grc' dir='ltr'>(πρὸς</span> <span class='ocrx_word' id='word_1_688' title='bbox 1197 5067 1391 5130; x_wconf 83' lang='grc' dir='ltr'>αὐτοὺς</span> <span class='ocrx_word' id='word_1_689' title='bbox 1427 5067 1633 5128; x_wconf 80' lang='grc' dir='ltr'>πάντας</span> <span class='ocrx_word' id='word_1_690' title='bbox 1654 5067 1780 5128; x_wconf 81' lang='grc' dir='ltr'>τοὺς</span> 
     </span>
    </p>
   </div>
   <div class='ocr_carea' id='block_1_96' title="bbox 248 5149 1779 5230">
    <p class='ocr_par' dir='ltr' id='par_1_96' title="bbox 248 5149 1779 5230">
     <span class='ocr_line' id='line_1_96' title="bbox 248 5149 1779 5230; baseline 0.006 -28"><span class='ocrx_word' id='word_1_691' title='bbox 248 5149 535 5223; x_wconf 81' lang='grc' dir='ltr'>Ἐϐραίους,</span> <span class='ocrx_word' id='word_1_692' title='bbox 594 5160 1033 5230; x_wconf 80' lang='grc' dir='ltr'>προστετηκότας</span> <span class='ocrx_word' id='word_1_693' title='bbox 1066 5159 1143 5228; x_wconf 85' lang='grc' dir='ltr'>τῷ</span> <span class='ocrx_word' id='word_1_694' title='bbox 1184 5161 1254 5211; x_wconf 83' lang='grc' dir='ltr'>δι’</span> <span class='ocrx_word' id='word_1_695' title='bbox 1276 5159 1522 5226; x_wconf 82' lang='grc' dir='ltr'>ἀγγέλων</span> <span class='ocrx_word' id='word_1_696' title='bbox 1572 5157 1779 5211; x_wconf 82' lang='grc' dir='ltr'>δοθέντι</span> 
     </span>
    </p>
   </div>
   <div class='ocr_carea' id='block_1_97' title="bbox 236 5241 1780 5318">
    <p class='ocr_par' dir='ltr' id='par_1_97' title="bbox 236 5241 1780 5318">
     <span class='ocr_line' id='line_1_97' title="bbox 236 5241 1780 5318; baseline 0.003 -26"><span class='ocrx_word' id='word_1_697' title='bbox 236 5241 389 5312; x_wconf 74' lang='grc' dir='ltr'>νόμῳ,</span> <span class='ocrx_word' id='word_1_698' title='bbox 426 5249 518 5298; x_wconf 75' lang='grc' dir='ltr'>καὶ</span> <span class='ocrx_word' id='word_1_699' title='bbox 564 5251 688 5312; x_wconf 79' lang='grc' dir='ltr'>ταῖς</span> <span class='ocrx_word' id='word_1_700' title='bbox 734 5250 794 5301; x_wconf 83' lang='grc' dir='ltr'>ὲν</span> <span class='ocrx_word' id='word_1_701' title='bbox 845 5251 1023 5318; x_wconf 74' lang='grc' dir='ltr'>τούτῳ</span> <span class='ocrx_word' id='word_1_702' title='bbox 1065 5249 1244 5302; x_wconf 75' lang='grc' dir='ltr'>αὐτῶν</span> <span class='ocrx_word' id='word_1_703' title='bbox 1309 5246 1625 5310; x_wconf 83' lang='grc' dir='ltr'>διακονίαις,</span> <span class='ocrx_word' id='word_1_704' title='bbox 1685 5247 1780 5299; x_wconf 62' lang='grc' dir='ltr'><strong>καὶ¹</strong></span> 
     </span>
    </p>
   </div>
   <div class='ocr_carea' id='block_1_98' title="bbox 241 5329 1777 5412">
    <p class='ocr_par' dir='ltr' id='par_1_98' title="bbox 241 5329 1777 5412">
     <span class='ocr_line' id='line_1_98' title="bbox 241 5329 1777 5412; baseline 0.004 -29"><span class='ocrx_word' id='word_1_705' title='bbox 241 5336 570 5401; x_wconf 75' lang='grc' dir='ltr'>προτιθέντας</span> <span class='ocrx_word' id='word_1_706' title='bbox 620 5329 843 5403; x_wconf 78' lang='grc' dir='ltr'>τούτους</span> <span class='ocrx_word' id='word_1_707' title='bbox 893 5339 1153 5409; x_wconf 82' lang='grc' dir='ltr'>Χριστοῦ.</span> <span class='ocrx_word' id='word_1_708' title='bbox 1197 5341 1289 5412; x_wconf 82' lang='grc' dir='ltr'><strong>Μὴ</strong></span> <span class='ocrx_word' id='word_1_709' title='bbox 1338 5336 1433 5392; x_wconf 84' lang='grc' dir='ltr'>οὖν</span> <span class='ocrx_word' id='word_1_710' title='bbox 1480 5339 1777 5410; x_wconf 83' lang='grc' dir='ltr'>προσέχετε</span> 
     </span>
    </p>
   </div>
   <div class='ocr_carea' id='block_1_99' title="bbox 234 5423 1777 5502">
    <p class='ocr_par' dir='ltr' id='par_1_99' title="bbox 234 5423 1777 5502">
     <span class='ocr_line' id='line_1_99' title="bbox 234 5423 1777 5502; baseline 0.005 -27"><span class='ocrx_word' id='word_1_711' title='bbox 234 5423 447 5493; x_wconf 75' lang='grc' dir='ltr'>τούτοις,</span> <span class='ocrx_word' id='word_1_712' title='bbox 477 5427 660 5497; x_wconf 61' lang='grc' dir='ltr'>φησίν</span> <span class='ocrx_word' id='word_1_713' title='bbox 684 5431 836 5483; x_wconf 76' lang='grc' dir='ltr'>αὐτοὶ</span> <span class='ocrx_word' id='word_1_714' title='bbox 858 5430 970 5501; x_wconf 68' lang='grc' dir='ltr'>,γὰρ</span> <span class='ocrx_word' id='word_1_715' title='bbox 983 5431 1304 5500; x_wconf 75' lang='grc' dir='ltr'>ὁμόδουλοιή</span> <span class='ocrx_word' id='word_1_716' title='bbox 1314 5430 1429 5502; x_wconf 84' lang='grc' dir='ltr'><strong>μῶν</strong></span> <span class='ocrx_word' id='word_1_717' title='bbox 1453 5433 1608 5484; x_wconf 82' lang='grc' dir='ltr'>είσιν.</span> <span class='ocrx_word' id='word_1_718' title='bbox 1633 5429 1777 5499; x_wconf 77' lang='grc' dir='ltr'>Ὅρα</span> 
     </span>
    </p>
   </div>
   <div class='ocr_carea' id='block_1_100' title="bbox 344 5612 770 5681">
    <p class='ocr_par' dir='ltr' id='par_1_100' title="bbox 344 5612 770 5681">
     <span class='ocr_line' id='line_1_100' title="bbox 344 5612 770 5681; baseline 0 -15"><span class='ocrx_word' id='word_1_719' title='bbox 344 5612 384 5644; x_wconf 78' lang='grc'><strong>⁹¹</strong></span> <span class='ocrx_word' id='word_1_720' title='bbox 416 5613 552 5671; x_wconf 74' lang='lat' dir='ltr'><strong>Psal.</strong></span> <span class='ocrx_word' id='word_1_721' title='bbox 579 5629 689 5681; x_wconf 74' lang='grc' dir='ltr'>οη,</span> <span class='ocrx_word' id='word_1_722' title='bbox 716 5613 770 5667; x_wconf 84' lang='lat'><strong>8.</strong></span> 
     </span>
    </p>
   </div>
   <div class='ocr_carea' id='block_1_101' title="bbox 1879 4613 3446 4690">
    <p class='ocr_par' dir='ltr' id='par_1_101' title="bbox 1879 4613 3446 4690">
     <span class='ocr_line' id='line_1_101' title="bbox 1879 4613 3446 4690; baseline 0.009 -29"><span class='ocrx_word' id='word_1_723' title='bbox 1879 4613 2100 4664; x_wconf 78' lang='lat' dir='ltr'><strong>ditatem</strong></span> <span class='ocrx_word' id='word_1_724' title='bbox 2127 4614 2332 4680; x_wconf 84' lang='lat' dir='ltr'><strong>capient</strong></span> <span class='ocrx_word' id='word_1_725' title='bbox 2362 4614 2592 4667; x_wconf 72' lang='lat' dir='ltr'><strong>salutis?</strong></span> <span class='ocrx_word' id='word_1_726' title='bbox 2639 4617 2962 4671; x_wconf 84' lang='lat' dir='ltr'><strong>Auditorum</strong></span> <span class='ocrx_word' id='word_1_727' title='bbox 3006 4626 3216 4674; x_wconf 81' lang='lat' dir='ltr'><strong>mentes</strong></span> <span class='ocrx_word' id='word_1_728' title='bbox 3263 4624 3446 4690; x_wconf 74' lang='lat' dir='ltr'><strong>erigit,</strong></span> 
     </span>
    </p>
   </div>
   <div class='ocr_carea' id='block_1_102' title="bbox 1888 4704 3442 4778">
    <p class='ocr_par' dir='ltr' id='par_1_102' title="bbox 1888 4704 3442 4778">
     <span class='ocr_line' id='line_1_102' title="bbox 1888 4704 3442 4778; baseline 0.005 -21"><span class='ocrx_word' id='word_1_729' title='bbox 1888 4706 2164 4773; x_wconf 80' lang='lat' dir='ltr'><strong>ingentem</strong></span> <span class='ocrx_word' id='word_1_730' title='bbox 2192 4704 2287 4758; x_wconf 85' lang='lat' dir='ltr'><strong>Dei</strong></span> <span class='ocrx_word' id='word_1_731' title='bbox 2311 4722 2435 4775; x_wconf 79' lang='lat' dir='ltr'><strong>erga</strong></span> <span class='ocrx_word' id='word_1_732' title='bbox 2463 4722 2561 4760; x_wconf 89' lang='lat' dir='ltr'><strong>nos</strong></span> <span class='ocrx_word' id='word_1_733' title='bbox 2592 4723 2779 4761; x_wconf 86' lang='lat' dir='ltr'><strong>curam</strong></span> <span class='ocrx_word' id='word_1_734' title='bbox 2812 4710 2865 4762; x_wconf 89' lang='lat' dir='ltr'><strong>in</strong></span> <span class='ocrx_word' id='word_1_735' title='bbox 2895 4711 3130 4764; x_wconf 87' lang='lat' dir='ltr'><strong>medium</strong></span> <span class='ocrx_word' id='word_1_736' title='bbox 3157 4727 3442 4778; x_wconf 71' lang='lat' dir='ltr'><strong>promens:</strong></span> 
     </span>
    </p>
   </div>
   <div class='ocr_carea' id='block_1_103' title="bbox 1885 4796 3446 4867">
    <p class='ocr_par' dir='ltr' id='par_1_103' title="bbox 1885 4796 3446 4867">
     <span class='ocr_line' id='line_1_103' title="bbox 1885 4796 3446 4867; baseline 0.006 -22"><span class='ocrx_word' id='word_1_737' title='bbox 1885 4796 2324 4865; x_wconf 71' lang='lat' dir='ltr'><strong>quandoquidem</strong></span> <span class='ocrx_word' id='word_1_738' title='bbox 2357 4799 2579 4867; x_wconf 76' lang='lat' dir='ltr'><strong>angelos</strong></span> <span class='ocrx_word' id='word_1_739' title='bbox 2610 4801 2767 4854; x_wconf 87' lang='lat' dir='ltr'><strong>nobis</strong></span> <span class='ocrx_word' id='word_1_740' title='bbox 2791 4801 3204 4853; x_wconf 70' lang='lat' dir='ltr'><strong>CXCt‘iieltllOI‘CS</strong></span> <span class='ocrx_word' id='word_1_741' title='bbox 3225 4801 3446 4855; x_wconf 88' lang='lat' dir='ltr'><strong>ordina-</strong></span> 
     </span>
    </p>
   </div>
   <div class='ocr_carea' id='block_1_104' title="bbox 1887 4886 3446 4949">
    <p class='ocr_par' dir='ltr' id='par_1_104' title="bbox 1887 4886 3446 4949">
     <span class='ocr_line' id='line_1_104' title="bbox 1887 4886 3446 4949; baseline 0.004 -11"><span class='ocrx_word' id='word_1_742' title='bbox 1887 4888 1976 4949; x_wconf 87' lang='lat' dir='ltr'><strong>rit,</strong></span> <span class='ocrx_word' id='word_1_743' title='bbox 2007 4894 2064 4937; x_wconf 92' lang='lat' dir='ltr'><strong>ut</strong></span> <span class='ocrx_word' id='word_1_744' title='bbox 2090 4886 2391 4938; x_wconf 78' lang='lat' dir='ltr'><strong>inserviunt</strong></span> <span class='ocrx_word' id='word_1_745' title='bbox 2416 4888 2570 4939; x_wconf 86' lang='lat' dir='ltr'><strong>nobis</strong></span> <span class='ocrx_word' id='word_1_746' title='bbox 2599 4887 2650 4938; x_wconf 93' lang='lat' dir='ltr'><strong>in</strong></span> <span class='ocrx_word' id='word_1_747' title='bbox 2678 4889 2838 4940; x_wconf 86' lang='lat' dir='ltr'><strong>rebus</strong></span> <span class='ocrx_word' id='word_1_748' title='bbox 2867 4888 2932 4937; x_wconf 85' lang='lat' dir='ltr'><strong>ad</strong></span> <span class='ocrx_word' id='word_1_749' title='bbox 2953 4890 3180 4941; x_wconf 89' lang='lat' dir='ltr'><strong>salutem</strong></span> <span class='ocrx_word' id='word_1_750' title='bbox 3208 4902 3446 4945; x_wconf 87' lang='lat' dir='ltr'><strong>nostram</strong></span> 
     </span>
    </p>
   </div>
   <div class='ocr_carea' id='block_1_105' title="bbox 1883 4975 3446 5049">
    <p class='ocr_par' dir='ltr' id='par_1_105' title="bbox 1883 4975 3446 5049">
     <span class='ocr_line' id='line_1_105' title="bbox 1883 4975 3446 5049; baseline 0.004 -21"><span class='ocrx_word' id='word_1_751' title='bbox 1883 4975 2304 5045; x_wconf 88' lang='lat' dir='ltr'><strong>pertinentibus.</strong></span> <span class='ocrx_word' id='word_1_752' title='bbox 2363 4976 2588 5028; x_wconf 87' lang='lat' dir='ltr'><strong>Videtur</strong></span> <span class='ocrx_word' id='word_1_753' title='bbox 2625 4987 2803 5029; x_wconf 88' lang='lat' dir='ltr'><strong>autem</strong></span> <span class='ocrx_word' id='word_1_754' title='bbox 2863 4981 3125 5047; x_wconf 91' lang='lat' dir='ltr'><strong>quosdam</strong></span> <span class='ocrx_word' id='word_1_755' title='bbox 3175 4984 3446 5049; x_wconf 84' lang='lat' dir='ltr'><strong>perstrin-</strong></span> 
     </span>
    </p>
   </div>
   <div class='ocr_carea' id='block_1_106' title="bbox 1884 5067 3445 5140">
    <p class='ocr_par' dir='ltr' id='par_1_106' title="bbox 1884 5067 3445 5140">
     <span class='ocr_line' id='line_1_106' title="bbox 1884 5067 3445 5140; baseline 0.004 -20"><span class='ocrx_word' id='word_1_756' title='bbox 1884 5083 2032 5136; x_wconf 79' lang='lat' dir='ltr'><strong>gere,</strong></span> <span class='ocrx_word' id='word_1_757' title='bbox 2070 5067 2162 5135; x_wconf 87' lang='lat' dir='ltr'><strong>qui</strong></span> <span class='ocrx_word' id='word_1_758' title='bbox 2202 5067 2410 5136; x_wconf 76' lang='lat' dir='ltr'><strong>angelis</strong></span> <span class='ocrx_word' id='word_1_759' title='bbox 2440 5068 2627 5121; x_wconf 90' lang='lat' dir='ltr'><strong>intenti</strong></span> <span class='ocrx_word' id='word_1_760' title='bbox 2688 5080 2867 5135; x_wconf 86' lang='lat' dir='ltr'><strong>erant,</strong></span> <span class='ocrx_word' id='word_1_761' title='bbox 2921 5073 3262 5140; x_wconf 80' lang='lat' dir='ltr'><strong>potissimum</strong></span> <span class='ocrx_word' id='word_1_762' title='bbox 3317 5090 3445 5127; x_wconf 72' lang='lat' dir='ltr'><strong>vero</strong></span> 
     </span>
    </p>
   </div>
   <div class='ocr_carea' id='block_1_107' title="bbox 1885 5155 3442 5234">
    <p class='ocr_par' dir='ltr' id='par_1_107' title="bbox 1885 5155 3442 5234">
     <span class='ocr_line' id='line_1_107' title="bbox 1885 5155 3442 5234; baseline 0.006 -27"><span class='ocrx_word' id='word_1_763' title='bbox 1885 5157 2033 5224; x_wconf 87' lang='lat' dir='ltr'><strong>ipsos</strong></span> <span class='ocrx_word' id='word_1_764' title='bbox 2096 5155 2349 5211; x_wconf 71' lang='lat' dir='ltr'><strong>llebrteus</strong></span> <span class='ocrx_word' id='word_1_765' title='bbox 2406 5159 2458 5210; x_wconf 91' lang='lat' dir='ltr'><strong>in</strong></span> <span class='ocrx_word' id='word_1_766' title='bbox 2531 5158 2848 5214; x_wconf 70' lang='lat' dir='ltr'><strong>universum</strong></span> <span class='ocrx_word' id='word_1_767' title='bbox 2906 5177 3118 5224; x_wconf 85' lang='lat' dir='ltr'><strong>omnes,</strong></span> <span class='ocrx_word' id='word_1_768' title='bbox 3171 5166 3258 5230; x_wconf 85' lang='lat' dir='ltr'><strong>qui</strong></span> <span class='ocrx_word' id='word_1_769' title='bbox 3303 5165 3442 5234; x_wconf 60' lang='lat' dir='ltr'><strong>legi,</strong></span> 
     </span>
    </p>
   </div>
   <div class='ocr_carea' id='block_1_108' title="bbox 1888 5248 3442 5317">
    <p class='ocr_par' dir='ltr' id='par_1_108' title="bbox 1888 5248 3442 5317">
     <span class='ocr_line' id='line_1_108' title="bbox 1888 5248 3442 5317; baseline 0.007 -20"><span class='ocrx_word' id='word_1_770' title='bbox 1888 5254 2079 5314; x_wconf 90' lang='lat' dir='ltr'><strong>utpote</strong></span> <span class='ocrx_word' id='word_1_771' title='bbox 2128 5262 2225 5314; x_wconf 89' lang='lat' dir='ltr'><strong>per</strong></span> <span class='ocrx_word' id='word_1_772' title='bbox 2271 5248 2493 5314; x_wconf 79' lang='lat' dir='ltr'><strong>angelus-</strong></span> <span class='ocrx_word' id='word_1_773' title='bbox 2547 5249 2800 5311; x_wconf 74' lang='lat' dir='ltr'><strong>traditae,</strong></span> <span class='ocrx_word' id='word_1_774' title='bbox 2867 5264 3165 5317; x_wconf 88' lang='lat' dir='ltr'><strong>eorumque</strong></span> <span class='ocrx_word' id='word_1_775' title='bbox 3232 5253 3283 5305; x_wconf 89' lang='lat' dir='ltr'><strong>in</strong></span> <span class='ocrx_word' id='word_1_776' title='bbox 3341 5254 3442 5308; x_wconf 85' lang='lat' dir='ltr'><strong>ista</strong></span> 
     </span>
    </p>
   </div>
   <div class='ocr_carea' id='block_1_109' title="bbox 1886 5339 3448 5406">
    <p class='ocr_par' dir='ltr' id='par_1_109' title="bbox 1886 5339 3448 5406">
     <span class='ocr_line' id='line_1_109' title="bbox 1886 5339 3448 5406; baseline 0.004 -14"><span class='ocrx_word' id='word_1_777' title='bbox 1886 5339 2203 5393; x_wconf 87' lang='lat' dir='ltr'><strong>ministeriis</strong></span> <span class='ocrx_word' id='word_1_778' title='bbox 2236 5340 2593 5406; x_wconf 73' lang='lat' dir='ltr'><strong>inluerebaut,</strong></span> <span class='ocrx_word' id='word_1_779' title='bbox 2628 5342 2763 5395; x_wconf 88' lang='lat' dir='ltr'><strong>adeo</strong></span> <span class='ocrx_word' id='word_1_780' title='bbox 2793 5349 2851 5394; x_wconf 88' lang='lat' dir='ltr'><strong>ut</strong></span> <span class='ocrx_word' id='word_1_781' title='bbox 2890 5341 2989 5396; x_wconf 86' lang='lat' dir='ltr'><strong>hos</strong></span> <span class='ocrx_word' id='word_1_782' title='bbox 3015 5343 3177 5396; x_wconf 87' lang='lat' dir='ltr'><strong>etiam</strong></span> <span class='ocrx_word' id='word_1_783' title='bbox 3231 5346 3448 5399; x_wconf 77' lang='lat' dir='ltr'><strong>Chi-isto</strong></span> 
     </span>
    </p>
   </div>
   <div class='ocr_carea' id='block_1_110' title="bbox 1889 5431 3440 5504">
    <p class='ocr_par' dir='ltr' id='par_1_110' title="bbox 1889 5431 3440 5504">
     <span class='ocr_line' id='line_1_110' title="bbox 1889 5431 3440 5504; baseline 0.005 -21"><span class='ocrx_word' id='word_1_784' title='bbox 1889 5431 2203 5500; x_wconf 53' lang='lat' dir='ltr'><strong>praferaut.</strong></span> <span class='ocrx_word' id='word_1_785' title='bbox 2247 5431 2320 5486; x_wconf 78' lang='lat' dir='ltr'><strong>Nc</strong></span> <span class='ocrx_word' id='word_1_786' title='bbox 2365 5432 2529 5502; x_wconf 75' lang='lat' dir='ltr'><strong>igitur</strong></span> <span class='ocrx_word' id='word_1_787' title='bbox 2577 5433 2729 5500; x_wconf 77' lang='lat' dir='ltr'><strong>ipsis,</strong></span> <span class='ocrx_word' id='word_1_788' title='bbox 2780 5432 2978 5504; x_wconf 86' lang='lat' dir='ltr'><strong>inquit,</strong></span> <span class='ocrx_word' id='word_1_789' title='bbox 3031 5437 3221 5492; x_wconf 82' lang='lat' dir='ltr'><strong>intenti</strong></span> <span class='ocrx_word' id='word_1_790' title='bbox 3287 5439 3440 5490; x_wconf 78' lang='lat' dir='ltr'><strong>sitis:</strong></span> 
     </span>
    </p>
   </div>
   <div class='ocr_carea' id='block_1_111' title="bbox 1612 5703 2180 5770">
    <p class='ocr_par' dir='ltr' id='par_1_111' title="bbox 1612 5703 2180 5770">
     <span class='ocr_line' id='line_1_111' title="bbox 1612 5703 2180 5770; baseline 0.007 -3"><span class='ocrx_word' id='word_1_791' title='bbox 1612 5703 1811 5768; x_wconf 67' lang='lat' dir='ltr'><strong>Variae</strong></span> <span class='ocrx_word' id='word_1_792' title='bbox 1853 5703 2180 5770; x_wconf 85' lang='lat' dir='ltr'><strong>lectiones.</strong></span> 
     </span>
    </p>
   </div>
   <div class='ocr_carea' id='block_1_112' title="bbox 321 5806 527 5876">
    <p class='ocr_par' dir='ltr' id='par_1_112' title="bbox 321 5806 527 5876">
     <span class='ocr_line' id='line_1_112' title="bbox 321 5806 527 5876; baseline 0.029 -15"><span class='ocrx_word' id='word_1_793' title='bbox 321 5806 358 5840; x_wconf 66' lang='grc' dir='ltr'>υ</span> <span class='ocrx_word' id='word_1_794' title='bbox 378 5811 449 5876; x_wconf 82' lang='grc' dir='ltr'><strong>είς</strong></span> <span class='ocrx_word' id='word_1_795' title='bbox 477 5827 527 5866; x_wconf 93' lang='lat' dir='ltr'><strong>o.</strong></span> 
     </span>
    </p>
   </div>
   <div class='ocr_carea' id='block_1_113' title="bbox 533 5900 1246 6000">
    <p class='ocr_par' dir='ltr' id='par_1_113' title="bbox 533 5900 1246 6000">
     <span class='ocr_line' id='line_1_113' title="bbox 533 5900 1246 6000; baseline -0.007 -35"><span class='ocrx_word' id='word_1_796' title='bbox 533 5905 807 5965; x_wconf 57' lang='lat' dir='ltr'><strong>Parno-L.</strong></span> <span class='ocrx_word' id='word_1_797' title='bbox 841 5903 956 5965; x_wconf 78' lang='lat' dir='ltr'><strong>Gn.</strong></span> <span class='ocrx_word' id='word_1_798' title='bbox 997 5900 1246 6000; x_wconf 56' lang='lat' dir='ltr'><strong>cxsv.</strong></span> 
     </span>
    </p>
   </div>
  </div>
