4068 6324
161 347 272 409 205

939 341 1334 428 Exposmo
1361 340 1440 402 IN
1463 339 1700 401 EPIST.
1727 336 1827 398 AD
1852 338 2053 398 HEBR
2064 315 2314 416 Διοςς-
2339 338 2494 398 CAP.
2537 338 2622 398 II.

3291 341 3396 405 206

163 436 260 510 τοῦ
313 454 601 527 ὀνόματος,
643 454 757 508 ἀλλ’
804 453 865 506 οὐ
908 451 1182 524 φροντίζει
1232 451 1430 516 λέξεων
1481 452 1511 504 δ
1573 447 1770 508 Ἀπό..

1851 445 1939 509 lat,
1966 446 2068 503 etsi
2098 446 2424 501 vocabulum
2473 445 2868 514 μισθαποδοσία
2891 443 2945 499 in
2969 446 3162 502 bonam
3187 458 3393 520 partem

167 548 382 612 στολος.

234 724 377 790 Πῶς
408 723 576 793 ἡμεῖς
621 722 1063 792 ἐκφευξώμεθα,
1109 721 1472 790 τηλικαύτης
1520 717 1741 788 ἀμελήσ

166 831 400 882 σαντες
421 818 753 883 σωτηρίας;
791 816 938 868 Ἐκεῖ
970 813 1148 882 λόγος,
1200 812 1432 866 ἐνταῦθα
1473 811 1737 880 σωτηρία.

170 909 231 960 Εἰ
266 909 330 961 δὲ
351 910 470 960 ἐκεῖ
527 907 790 977 σωτηρία,
824 907 936 960 ἀλλ’
969 906 1028 961 οὐ
1064 905 1273 975 μεγάλη
1297 915 1315 931 ’
1348 906 1412 956 ὲκ
1465 901 1741 972 πολεμίων

170 999 281 1068 γὰρ
307 1014 312 1018 ‘
339 998 680 1061 διεσώζοντο,
723 999 816 1051 xui.
847 999 912 1050 τὰ
937 997 1117 1064 ἀγαθά
1173 998 1272 1066 τῆς
1299 995 1402 1064 γῆς
1447 993 1693 1063 ἐδέχοντο
1726 1007 1740 1023 ⁸

168 1086 413 1141 ἐνταῦθα
442 1087 498 1140 δὲ
531 1088 738 1157 σφόδρα
778 1087 1010 1157 μεγάλη.
1055 1085 1153 1139 Διὰ
1184 1086 1343 1138 τοῦτο
1399 1080 1542 1144 εἶπε,
1577 1086 1744 1150 τηλι-

171 1181 430 1246 καύτης.
486 1178 728 1231 Θανάτου
760 1178 867 1248 γάρ
918 1176 1252 1241 κατάλυσις,
1315 1176 1410 1228 καὶ
1463 1174 1734 1249 δαιμὸνων

170 1269 446 1330 ἁπιὶιλεια,
490 1271 583 1322 καὶ
635 1269 878 1338 οὐρανῶν
933 1267 1199 1337 βασιλεία,
1258 1260 1471 1320 ἅπαντα
1518 1266 1604 1318 διὰ
1633 1263 1742 1316 τῶν

172 1363 276 1416 ὐπὸ
306 1363 402 1414 τοῦ
443 1361 638 1415 Tim?"
666 1360 1004 1430 λαληθέντων
1035 1361 1164 1428 ὑμῖν
1196 1359 1553 1429 περιγίνεται.
1672 1338 1676 1348 ³

242 1544 417 1608 Ἦτις
443 1542 640 1610 ἀρχὴν
673 1541 946 1596 λαϐοῦσα
978 1541 1291 1595 λαλεῖσθαι
1348 1539 1443 1594 διὰ
1490 1540 1596 1594 τοῦ
1631 1543 1744 1593 Κυ⁴

165 1638 330 1706 ρίου,
357 1633 478 1688 ὑπὸ
511 1631 630 1686 τῶν
656 1631 1051 1687 ἀκουσάντων
1083 1634 1171 1697 είς
1206 1632 1364 1700 ἡμᾶς
1407 1631 1740 1698 ἐϐεϐαιώθη.

1844 537 2183 607 accipiatur:
2238 544 2293 591 at
2339 551 2446 591 non
2489 535 2715 606 perinde
2763 552 2958 594 vocum
3012 555 3197 612 curam
3252 543 3392 613 gerit

1839 628 2163 700 Apostolus.
2270 656 2292 666 ί
2631 625 2642 633 ’
3383 685 3386 687 Α

1918 719 2080 775 Vsus.
2131 723 2186 779 3.
2252 719 2523 785 Quomodo
2574 738 2668 775 nos
2719 717 3052 793 eﬁ‘ugiemus,
3102 722 3150 779 si
3198 735 3396 780 tantam

1842 798 2224 880 negletrerimus
2285 811 2556 866 salutem?
2595 814 2707 868 illic
2748 830 2950 869 sermo
2975 826 3082 883 est,
3140 815 3230 872 hic
3270 806 3398 874 vero

1844 902 2013 955 salus.
2035 900 2190 966 Quod
2213 901 2256 955 si
2288 902 2398 956 illic
2423 904 2570 971 salus
2611 903 2794 967 fuerit,
2840 920 2944 959 non
2979 913 3158 960 tamen
3198 923 3396 976 magna

1843 1000 1994 1057 erat;
2035 992 2304 1060 siquidem
2334 993 2401 1045 ab
2435 992 2757 1048 adversariis
2803 993 3196 1061 liberabantur,
3228 999 3398 1052 bona-

1842 1101 1947 1153 que
1977 1092 2138 1139 terra:
2193 1084 2572 1154 accipiebant:
2609 1085 2698 1138 bic
2757 1094 2888 1141 vero
2934 1101 3124 1157 magna
3175 1105 3400 1157 prorsus

1844 1185 1924 1229 est
1949 1192 1963 1242 ;
1999 1182 2284 1244 propterea
2312 1174 2468 1241 dixit,
2517 1184 2739 1228 tantam.
2769 1174 2958 1229 Mortis
2982 1176 3123 1230 enim
3155 1178 3404 1235 destruc-

1845 1269 1942 1329 tio,
1999 1265 2308 1320 daemonum
2367 1265 2648 1324 interitus.
2713 1280 2776 1318 ac
2836 1266 3098 1320 ccelorum
3150 1281 3397 1339 regnum.

1845 1356 2181 1422 omniatbatc
2215 1370 2398 1421 perea
2441 1370 2561 1419 qum
2596 1354 2767 1425 Filius
2816 1357 3034 1412 locutus
3083 1368 3189 1425 est,
3240 1362 3399 1414 nobis

1847 1448 2125 1505 eveniunt.

1917 1539 2046 1606 Qua:
2136 1556 2253 1594 cum
2329 1541 2539 1593 initium
2633 1539 2916 1606 accepisset
2989 1544 3232 1596 enarrari
3312 1558 3404 1612 per

1844 1621 2011 1703 658
2051 1630 2356 1695 Dominum,
2396 1633 2460 1684 ab
2500 1631 2576 1684 eis
2619 1631 2707 1701 qui
2734 1631 3035 1697 audierunt,
3053 1633 3106 1684 in
3138 1649 3232 1686 nos
3272 1649 3398 1689 con-

173 1726 243 1780 Τδ
274 1723 596 1789 ἀξιόπιστον
627 1724 850 1791 ἐπάγων
888 1723 1072 1792 φησῖν,
1121 1723 1203 1775 ὅτι
1236 1722 1300 1775 Ἢ
1334 1722 1573 1790 σωτηρία
1608 1720 1743 1789 αὐτη

1851 1723 2064 1789 ﬁrmata
2095 1710 2200 1776 est.
2223 1720 2410 1777 Fidem
2454 1721 2635 1776 verbis
2683 1723 2800 1776 suis
2833 1724 3168 1778 concilians:
3220 1724 3404 1789 Salus.

172 1818 227 1868 οὐ
256 1816 350 1868 διὰ
378 1813 725 1884 προφητῶνῆ
756 1812 1006 1880 ἀγγέλων
1031 1811 1288 1882 ἐλαλήθη,
1316 1811 1430 1865 ἀλλ’
1451 1811 1542 1863 ὐπ’
1566 1811 1732 1864 αὐτοῦ

173 1906 266 1959 τοῦ
297 1906 572 1959 Δεσπότου
599 1905 839 1970 πάντων,
862 1891 958 1958 ἄπ’
984 1904 1158 1974 αὐτῆς
1172 1905 1269 1974 τῆς
1291 1903 1468 1977 πηγῆς
1497 1904 1621 1973 ἔσχε
1641 1903 1742 1974 τὴν

174 1997 352 2066 ἀρχὴν
377 2011 393 2025 ο
426 1993 541 2048 εἶτα
569 1993 966 2066 διεπορθμεύθη
993 1995 1085 2047 καὶ
1114 1996 1192 2057 είς
1215 1995 1358 2063 ἡμᾶς
1400 1994 1629 2065 βεϐαίοις
1653 1994 1744 2046 καὶ

191 2088 403 2150 πιστῶς
426 2088 494 2140 δι’
523 2086 701 2140 αὐτῶν
727 2087 835 2142 τῶν
859 2086 1138 2139 αὐτοπτῶν
1156 2085 1250 2138 τοῦ
1277 2085 1452 2153 Λόγου
1486 2087 1580 2138 καὶ
1607 2073 1762 2152 ὐπηέ

178 2179 371 2248 ρετῶν.
401 2180 466 2232 '0
487 2178 579 2232 καὶ
607 2180 636 2232 ὁ
663 2179 878 2239 Λουκᾶς
924 2194 1109 2248 φησιν.
1163 2178 1327 2229 Αὐτοὶ
1356 2178 1465 2247 γὰρ
1511 2175 1743 2245 βεϐαίως

175 2269 324 2336 ἡμᾶς
384 2253 858 2338 ἑπληροφὸρησαν.
909 2266 1032 2328 Πῶς
1076 2262 1169 2319 οὖν
1209 2265 1443 2337 ἀλλαχοῦ
1499 2267 1597 2318 οὐκ
1644 2265 1736 2317 ἀπ’

176 2357 485 2429 ἀνθρώπων
516 2357 684 2427 φησὶν
713 2357 945 2411 ἀκοῦσαι
971 2373 987 2422 ;
1031 2357 1176 2410 Διότι
1207 2357 1327 2411 ἐκεῖ
1355 2356 1455 2426 μὲν
1481 2356 1624 2426 μέγα
1649 2356 1744 2408 καὶ

175 2452 482 2520 ἀναγκαῖον
510 2446 578 2523 ἦν
615 2449 678 2503 τὸ
715 2453 1044 2520 κατεπεῖγον
1095 2450 1258 2504 αὐτὸν
1320 2449 1604 2521 συστῆσαι,
1658 2449 1742 2501 ὅτι

175 2545 275 2598 οὐκ
324 2542 632 2614 ἀνθρώπων
684 2544 802 2597 laet
849 2544 1140 2615 μαθητὴς.
1178 2543 1500 2597 Διεϐάλλετο
1531 2544 1640 2614 γὰρ
1669 2540 1746 2604 ὡς

181 2635 254 2704 μὴ
281 2626 382 2688 τοῦ
430 2633 636 2705 Κυρίου
697 2634 936 2699 ἀκούσας
961 2651 974 2666 ⁸
1000 2637 1096 2689 καὶ
1127 2635 1214 2689 διά
1242 2635 1399 2688 τοῦτο
1439 2633 1744 2688 ἐκινδύνευε

177 2727 236 2778 τὸ
259 2725 433 2779 αὐτοῦ
449 2726 714 2796 κήρυγμα
742 2724 894 2794 παρὰ
914 2727 1025 2788 τοῖς
1041 2725 1310 2795 μαθηταῖς
1327 2721 1490 2777 αὐτοῦ
1514 2725 1746 2790 ἁπιστη·

181 2816 361 2885 θῆναι.
415 2814 532 2868 Νῦν
557 2815 614 2867 δὲ
646 2816 708 2869 οὐ
736 2815 970 2886 τοσαύτη
1019 2815 1175 2885 χρεία
1222 2814 1436 2868 τούτου.
1467 2812 1604 2866 Οὔτε
1636 2814 1746 2883 γὰρ

189 2907 465 2973 Ἑϐραίοις
519 2904 807 2977 ἐκήρυξεν,
841 2903 965 2959 οὐτε
999 2903 1305 2958 διεϐάλλετο
1327 2903 1467 2974 πρὸς
1500 2902 1742 2966 τούτους,

178 2999 251 3063 ὡς
281 2997 588 3070 ἀνθρώπων
645 2998 912 3070 μαθητὴς,
967 2999 1062 3050 καὶ
1092 2997 1214 3065 οὐχὶ
1242 2994 1512 3067 Χριστοῦ.
1553 2995 1623 3047 Ἦ
1663 2995 1746 3046 ὃτι

1847 1814 2050 1882 inquit,
2084 1815 2195 1867 bzec
2233 1829 2342 1868 nou
2402 1826 2497 1882 per
2547 1813 2843 1882 pr0pbetas
2896 1822 2990 1867 aut
3038 1815 3261 1882 angelos
3320 1826 3406 1871 est

1847 1905 2209 1973 promulgata,
2245 1919 2434 1956 verum
2478 1904 2546 1957 ab
2605 1905 2727 1974 ipso
2759 1903 3004 1957 omnium
3056 1903 3304 1968 Domino,
3338 1906 3408 1963 ab

1847 1995 2076 2065 ipsoque
2108 1995 2259 2049 fonte
2290 1995 2618 2065 principium
2650 1997 2885 2065 sumpsit
2911 2015 2924 2049 :
2964 1996 3158 2053 deinde
3186 1997 3408 2053 transiit

1848 2085 1914 2139 ad
1953 2100 2052 2140 nos
2101 2084 2332 2139 ﬁrmiter
2356 2095 2518 2156 atque
2551 2085 2780 2140 ﬁdeliter
2843 2101 2941 2156 per
3000 2101 3096 2143 eos
3156 2089 3248 2158 qui
3305 2089 3420 2158 ipa-

1848 2175 2001 2230 {uere
2021 2174 2181 2231 Verbi
2206 2185 2539 2244 spectatores
2553 2178 2888 2242 et‘ministri,
2910 2177 2962 2232 id
2989 2179 3131 2247 quod
3155 2188 3208 2234 et
3231 2178 3407 2246 Lucas

1848 2267 1945 2319 ait.
1977 2257 2107 2321 Nam
2143 2268 2244 2338 ipsi
2295 2261 2408 2323 nos,
2440 2276 2620 2322 certos
2676 2269 3051 2324 reddiderunt.
3114 2270 3400 2336 Quomodo

1847 2360 2013 2430 igitur
2044 2361 2152 2414 alio
2193 2360 2245 2413 in
2290 2360 2409 2414 loco
2472 2375 2593 2415 sese
2627 2376 2736 2414 non
2772 2361 2840 2414 ab
2896 2361 3208 2417 hominibus
3251 2364 3406 2417 audi-

1847 2450 1993 2505 visse
2014 2449 2193 2504 dicit?
2217 2448 2352 2515 Quia
2386 2448 2496 2503 illic
2521 2449 2753 2504 arduum
2780 2459 2898 2504 erat
2929 2459 2982 2508 et
3005 2451 3400 2515 necessarium,

1848 2556 1958 2610 quo
1987 2539 2309 2611 urgebatur,
2366 2555 2582 2611 nempe,
2641 2540 2968 2596 conﬁrmare
3009 2556 3068 2597 se
3114 2558 3223 2598 non
3281 2558 3404 2598 esse

1848 2633 2128 2687 hominum
2156 2632 2508 2701 discipulum.
2557 2629 3042 2686 Calumniabantur
3078 2633 3223 2686 enim
3252 2648 3400 2697 eum,

1846 2740 1946 2780 ceu
1989 2723 2276 2778 Dominum
2333 2737 2442 2777 non
2492 2721 2812 2777 audivisset.
2870 2721 3051 2786 Quare
3102 2722 3401 2793 periculum

1845 2822 1964 2870 erat
1995 2829 2063 2869 ne
2094 2812 2471 2884 praedicatioui
2501 2812 2620 2882 ejus
2643 2811 2784 2882 apud
2808 2811 3111 2882 discipulos
3132 2827 3262 2867 suos
3297 2828 3400 2867 non

1847 2907 2199 2962 adhiberetur
2228 2905 2383 2960 ﬁdes.
2415 2904 2570 2960 Nunc
2595 2912 2778 2958 autem
2804 2919 2915 2958 non
2968 2911 3053 2959 est
3096 2911 3246 2957 tanta
3271 2918 3406 2959 con-

1849 2996 2176 3052 ﬁrmationis
2211 2997 2533 3050 necessitas.
2590 2993 2779 3066 Neque
2809 2997 2952 3050 enim
2992 2994 3233 3050 Hebraeis
3265 3009 3406 3063 prte-

179 3089 273 3141 καὶ
332 3087 569 3142 ἐνταῦθα
616 3087 837 3156 ἐπάγων
866 3104 881 3119 ·
913 3087 1584 3158 Συνεπιμαρτυροῦντος
1640 3084 1746 3139 τοῦ

1851 3086 2074 3151 dicavit,
2111 3102 2291 3156 neque
2331 3088 2472 3156 apud
2504 3087 2641 3143 istos
2680 3087 2821 3142 male
2848 3085 3122 3148 audiebat,
3146 3096 3403 3170 tanquam

180 3179 331 3236 Θεοῦ
383 3180 657 3248 σημείοις
700 3179 800 3233 καὶ
841 3181 1065 3249 τέρασι,
1098 3181 1368 3233 δείκνυσιν
1399 3179 1602 3232 ὅτιούκ
1651 3177 1747 3230 ἀπ’

180 3271 510 3344 ἀνθρώπων,
539 3272 654 3327 ἀλλ’
683 3274 749 3326 ὲκ
775 3273 907 3326 Θεοῦ
940 3274 1216 3344 παρέλαϐε
1250 3275 1440 3326 ταῦτα.

250 3533 921 3606 Συγεπιμαρτυροῦντος
973 3539 1080 3593 τοῦ
1133 3539 1281 3594 Θεοῦ
1334 3541 1602 3609 σημείοις
1656 3540 1755 3593 καὶ

179 3629 411 3699 τέρασι.
466 3631 649 3684 Εἰπὼν
686 3631 768 3683 ὅτι
794 3629 1130 3699 ἐϐεϐαιώθη,
1183 3631 1421 3684 δείκνυσι
1455 3632 1590 3694 πῶς.
1641 3633 1756 3685 Ἱνα

179 3724 294 3792 ,γὰρ
325 3723 489 3792 μήτις
506 3722 655 3793 εἴπῃ,
685 3721 767 3775 ὅτι
788 3723 849 3775 Oi
867 3723 1197 3784 ἀκούσαντες
1220 3721 1457 3776 ἔπλασαν
1479 3740 1490 3753 ·
1512 3723 1570 3775 '0
1599 3722 1751 3786 Θεὸς,

182 3817 342 3883 φησι,
396 3817 861 3885 συνεπιμαρτυρεῖ
883 3830 900 3846 ο
951 3815 1052 3867 οὐκ
1077 3815 1144 3867 ἂν
1171 3815 1228 3867 δὲ
1260 3813 1660 3882 δπεμαρτύρει,
1700 3814 1750 3864 εί

185 3907 489 3973 πλάσματα
509 3900 673 3972 ἦσαν.
707 3903 1080 3974 Μαρτυροῦσι,
1109 3906 1296 3972 φησιν,
1329 3904 1504 3968 αὐτοὶ,
1531 3919 1756 3956 συνεπι-

187 3998 458 4067 μαρτυρεῖ
493 3995 552 4048 δὲ
587 3995 685 4047 καὶ
705 3995 734 4046 ὁ
755 3994 908 4056 Θεὸς,
940 3996 1000 4046 οὐ
1041 3987 1225 4064 φωνὴν
1253 3993 1454 4060 ἀφιεὶς,
1504 3993 1637 4047 ἀλλὰ
1667 3993 1756 4046 διὰ

188 4084 438 4154 σημείων
463 4085 561 4137 καὶ
585 4082 825 4153 τεράτων
848 4081 1144 4160 βεϐαιῶνδᾶ
1159 4082 1428 4152 λέγουσιν.
1455 4077 1615 4136 Ὥστε
1642 4082 1758 4155 Θεῷ

185 4176 543 4245 πιστεύομεν,
572 4176 674 4229 οὐκ
703 4174 1031 4246 ἀνθρώποις.
1076 4236 1080 4240 _

1853 3181 2134 3234 hominum
2196 3180 2498 3248 discipulus
2549 3187 2715 3246 esset,
2744 3185 2800 3232 et
2866 3194 2970 3230 non
3021 3177 3248 3232 Christi.
3305 3165 3405 3230 Vri

1849 3273 1972 3340 quia
2006 3271 2092 3325 hic
2121 3269 2287 3323 infert
2315 3286 2330 3321 :
2364 3269 2699 3322 Cantertante
2730 3267 2835 3321 Deo
2859 3268 3020 3336 signis
3044 3277 3090 3321 et
3131 3268 3404 3336 portentis,

1851 3361 2034 3414 innuit
2079 3359 2228 3430 quod
2283 3375 2391 3413 nou
2427 3360 2494 3413 ab
2526 3358 2841 3413 bominibus
2903 3359 3038 3423 btec,
3091 3358 3188 3414 sed
3240 3358 3408 3414 aDeo

1852 3453 2149 3522 acceperit.

1922 3545 2089 3610 Vens.
2127 3546 2177 3599 4.
2205 3544 2550 3600 Contestaute
2578 3543 2684 3599 Deo
2714 3546 2877 3614 signis
2895 3556 2943 3599 et
2975 3545 3246 3613 portentis.
3273 3543 3407 3599 Cum

1853 3636 2086 3692 dixisset
2123 3628 2454 3704 Cori/innata
2503 3643 2602 3699 est,
2632 3634 2835 3688 indicat
2856 3636 2968 3703 jam
3000 3649 3234 3706 quanam
3263 3635 3406 3689 istud

1855 3725 2070 3780 ratione
2099 3724 2303 3779 factum
2342 3725 2432 3780 sit.
2463 3724 2540 3779 Ne
2602 3725 2747 3780 enim
2810 3724 2956 3779 dicat
3005 3727 3244 3796 aliquis,
3307 3725 3409 3791 Qui

1855 3815 2208 3877 audiverunt,
2254 3816 2568 3868 ﬁnxerunt:
2606 3814 2772 3877 Deus,
2803 3815 3000 3884 inquit,
3040 3813 3408 3870 testimonium

1855 3905 2016 3960 simul
2053 3906 2248 3958 reddit.
2275 3903 2390 3957 Non
2416 3905 2557 3957 enim
2590 3905 2961 3958 testimonium
3022 3907 3196 3968 daret,
3241 3906 3285 3960 si
3319 3904 3412 3976 ﬁg-

1855 4004 2036 4049 menta
2070 3994 2327 4049 fuissent.
2356 3992 2685 4058 Testantur,
2711 3995 2905 4064 inquit,
2951 3994 3077 4065 ipsi,
3110 3993 3249 4051 Deus
3282 4012 3413 4052 vero

1857 4085 2020 4139 simul
2053 4083 2426 4139 testimonium
2479 4082 2590 4137 illis
2621 4083 2862 4148 exhibet,
2918 4098 3025 4137 uou
3087 4098 3272 4138 vocem
3311 4085 3412 4138 ali-

1856 4191 2018 4243 quam
2044 4175 2235 4238 ede'ns,
2272 4174 2366 4229 sed
2398 4189 2493 4244 per
2528 4173 2682 4244 signa
2713 4181 2767 4229 et
2789 4175 3038 4246 prodigia
3081 4174 3414 4230 conﬁrmans

1859 4275 2025 4336 atque
2056 4266 2338 4321 stabiliens
2371 4281 2492 4333 quae
2521 4265 2729 4319 dicunt.
2767 4265 2876 4320 Deo
2907 4267 3089 4336 itaque
3117 4267 3410 4333 credimus,

1859 4372 1968 4413 non
2000 4355 2338 4409 hominibus.
2658 4364 2669 4371 ‘

257 4441 370 4495 Kal
394 4441 700 4505 ποικίλαις
727 4440 1045 4510 δυνάμεσι.
1083 4442 1196 4512 Τὴν
1228 4442 1491 4511 ἀφθονίαν
1514 4443 1622 4495 τῶν
1656 4452 1753 4512 χαέ

1929 4445 2190 4500 Ειναι-ἱίε
2217 4443 2956 4500 virtutibus.'Cbarismatum
3007 4449 3220 4518 copiam
3264 4450 3409 4506 indi-

189 4531 475 4602 ρισμᾶτων
502 4528 697 4599 δηλῶν,
726 4525 846 4581 εἷπε
867 4531 950 4593 τὸ,
977 4532 1298 4597 ποικίλαις.
1343 4531 1613 4584 Οὐδέποτε
1644 4532 1752 4602 γὰρ

186 4621 431 4675 τοσαῦτα
480 4622 684 4690 σημεῖα
742 4620 838 4675 καὶ
913 4619 1058 4673 οὕτω
1112 4620 1345 4690 διάφορα
1412 4624 1750 4690 γεγένηνται.

201 4713 432 4781 Ἐπειδὴ
483 4712 580 4765 καὶ
611 4715 660 4764 οί
685 4711 878 4784 γόητες
920 4710 1133 4765 ποιοῦσι
1170 4711 1361 4774 πολλὰ,
1390 4707 1510 4763 εἷπε
1538 4712 1618 4772 τὸ,
1645 4712 1752 4765 δυ-

191 4807 473 4872 νάμεσιν.
514 4805 728 4857 Ἐκεῖνα
755 4803 862 4874 γὰρ
891 4804 952 4857 οὐ
982 4803 1260 4873 δυνάμεις,
1315 4801 1429 4854 ἀλλ’
1473 4800 1750 4868 ἀσθένεια,

193 4901 288 4946 καὶ
318 4894 612 4962 φαντασία,
649 4895 744 4946 καὶ
768 4893 990 4947 διάκενα
1017 4895 1335 4964 πράγματα.

181 5023 184 5025 μ
260 4987 376 5039 Καὶ
404 4987 748 5054 Πνεύματος
760 4986 930 5053 ἀτίου
953 4980 1268 5054 μερισμοῖς
1287 5027 1301 5050 ,
1338 4983 1485 5038 κατὰ
1511 4983 1626 5050 τὴν
1653 4985 1760 5038 αὺ-

195 5078 301 5129 τοῦ
332 5077 606 5144 θέλησιν.
649 5077 764 5131 Καὶ
801 5078 957 5130 τοῦτο
988 5079 1075 5130 διὰ
1093 5081 1192 5148 τὴν
1217 5064 1387 5148 αὐτὴν
1414 5077 1594 5131 αἰτίαν
1620 5077 1756 5144 ἐπή-

194 5185 360 5234 γαγε.
380 5168 458 5221 Τὰ
483 5170 591 5238 γὰρ
616 5170 728 5221 τῶν
755 5169 967 5238 γοηιῶν
990 5171 1048 5222 οὐ
1073 5170 1212 5223 Πνεύ
1221 5187 1387 5239 ματος
1415 5169 1568 5237 ἁγίου
1599 5169 1757 5230 εἰσὶν,

198 5257 315 5309 ἀλλ’
381 5259 700 5330 ἀκαθάρτων
721 5261 1010 5331 δαιμόνων,
1029 5262 1256 5328 ἀπάται.
1287 5264 1597 5318 Αἱνίττεται
1630 5263 1686 5317 δέ
1708 5280 1759 5316 τι

198 5348 294 5402 καὶ
353 5347 558 5417 ἕτερον.
614 5348 774 5412 Εἰκὸς
803 5351 923 5420 γάρ’
951 5351 1026 5420 μὴ
1054 5351 1192 5406 εἶναι
1244 5354 1470 5415 πολλοὺς
1512 5355 1631 5407 ἐκεῖ
1665 5370 1762 5422 χα-

206 5439 452 5511 ρίσματα
505 5436 750 5508 ἔχοντας,
805 5440 1172 5502 ἐκλελοιπέναι
1217 5444 1472 5497 δὲταῦτα
1535 5445 1621 5496 διὰ
1663 5444 1761 5513 τὴν

1860 4551 2018 4601 cans,
2047 4535 2213 4602 dixit,
2249 4536 2436 4592 rariis.
2499 4535 2788 4606 Nunquam
2827 4538 2971 4592 enim
3011 4548 3158 4594 tanta
3219 4551 3273 4596 et
3302 4550 3411 4597 tam

1863 4629 2012 4683 varia
2043 4628 2198 4697 signa
2226 4627 2367 4682 facta
2403 4636 2552 4682 sunt.
2580 4626 2848 4692 Quoniam
2877 4639 3058 4682 autem
3114 4641 3166 4682 et
3199 4635 3413 4698 prasti‘

1861 4721 2100 4789 giatores
2127 4720 2296 4771 multa
2322 4719 2510 4782 edunt,
2538 4717 2739 4785 adjecit
2783 4718 3084 4770 virtutibus.
3133 4701 3222 4771 Illa
3265 4722 3410 4773 enim

1863 4821 1972 4860 non
2005 4816 2134 4862 sunt
2163 4807 2414 4872 virtutes,
2444 4807 2538 4860 sed
2573 4807 2940 4870 imbecillitas,
2988 4815 3042 4859 et
3073 4807 3412 4875 imaginatio.

1861 4907 1916 4952 et
1954 4913 2040 4953 res
2073 4898 2282 4952 inanes.

1936 4986 2004 5039 Et
2059 4985 2290 5056 Spiritus
2341 4987 2511 5041 sancti
2563 4986 3020 5041 distributionibus
3051 5029 3065 5051 ,
3127 4988 3412 5044 secundum

1863 5093 2014 5129 suam
2046 5078 2391 5132 voluntatem.
2424 5079 2603 5147 Atque
2629 5078 2732 5134 hoc
2766 5085 2984 5146 propter
3011 5075 3253 5129 eamdem
3285 5091 3414 5132 cau-

1865 5182 1979 5219 sam
2034 5169 2235 5222 intulit.
2287 5168 2417 5235 Quae
2441 5154 2584 5224 enim
2621 5168 3068 5237 praestigiatorum
3123 5175 3274 5232 sunt,
3303 5183 3414 5225 non

1867 5259 2103 5329 Spiritus
2134 5263 2309 5317 sancti
2342 5269 2490 5327 sunt,
2523 5275 2707 5316 verum
2766 5257 3168 5314 immundorum
3214 5260 3415 5314 demo-

1871 5369 2000 5406 num
2036 5356 2368 5424 impostune.
2425 5355 2618 5415 Porro,
2687 5349 2864 5405 aliud
2897 5351 3154 5420 quiddam
3216 5351 3411 5405 innuit.

1869 5442 2179 5500 Verisimile
2211 5446 2354 5499 enim
2387 5451 2508 5499 erat
2541 5442 2741 5497 multos
2791 5455 2913 5497 esse
2973 5441 3109 5512 apud
3141 5439 3414 5509 Hebmos,

1540 5629 1736 5689 Variae
1767 5627 2090 5691 lectiones.

288 5717 337 5748 “
375 5708 509 5769 Θεού
539 5729 596 5771 0.
