4068 6324
588 313 693 374 215
1487 327 2056 386 THEOPHYLACTI
2097 329 2506 391 BUI.GARI.E
2530 333 2882 396 ARCHIEP.
3727 339 3837 401 916

590 425 816 496 primam
883 429 1025 482 illam
1130 431 1550 488 inobedientiam
1613 438 1863 493 homines
1934 456 2196 509 peccare,

2227 483 2234 500 .
2277 444 2495 516 Ἐπειδὴ
2531 447 2638 516 γάρ
2671 449 3005 519 ἁμαρτάνειν
3055 451 3226 503 ἐποίει
3269 453 3395 515 τοὺς
3418 452 3737 520 ἀνθρώπους
3767 457 3833 506 ὲκ

590 518 737 582 fecit,
791 520 902 588 ipse
955 522 1054 575 fuit
1089 524 1183 590 qui
1239 533 1465 578 mortem
1515 528 1780 595 condidit,
1837 531 1951 597 ipsa
1991 533 2154 584 veluti

2259 537 2356 605 τῆς
2409 539 2634 608 πρώτης
2690 518 2906 612 ἐκείνης
2958 546 3263 613 παρακοῆς,
3305 543 3466 604 αὐτὸς
3521 518 3591 612 ἦν
3652 546 3683 596 ὁ
3739 545 3836 596 τὸν

590 610 755 664 milite
828 628 890 665 ac
963 613 1192 669 fortibus
1265 618 1429 671 armis
1533 620 1795 674 adversus
1860 623 2152 674 humanam

2260 626 2490 680 θάνατον
2524 628 2958 700 δημιουργήσας,
2989 633 3180 701 ὥσπερ
3208 633 3313 683 τινὶ
3348 634 3652 704 στρατιώτῃ
3681 632 3833 701 αὐτῷ

591 713 834 756 naturam
902 715 1079 758 utens.
1118 706 1228 762 llac
1282 709 1396 778 ipsa
1456 712 1619 779 igitur
1681 712 1934 768 Christus
1989 715 2150 768 etiam

2261 719 2354 771 καὶ
2397 719 2548 790 ὅπλῳ
2583 723 2788 792 ξσχυρῷ
2820 724 3099 792 χρώμενος
3155 723 3296 775 κατὰ
3338 724 3435 792 τῆς
3483 725 3834 792 ἀνθρωπίνης

589 810 717 849 usus
782 804 866 848 est
934 798 1197 851 adversus
1261 799 1434 852 illum.
1505 801 1658 867 Quod
1721 817 1906 857 revera
1974 805 2154 857 multa:

2262 811 2498 878 φύσεως.
2541 813 2729 883 Τούτῳ
2757 814 2850 866 οῦν
2881 814 3030 883 αὐτῷ
3055 817 3082 866 ὀ
3133 814 3366 885 Χριστὸς
3406 817 3680 885 ἐχρήσατο
3709 817 3836 868 κατ’

587 887 838 966 potentbe
893 902 954 939 ac
1029 890 1303 956 Sapientia:
1377 891 1512 952 fuit,
1603 892 1853 962 jugulare
1942 880 2150 948 hostem

2257 903 2449 956 αὑτοῦ.
2494 905 2558 954 Ὃ
2611 880 2712 956 καὶ.
2741 903 2818 972 τῷ
2874 880 3229 973 δντινπολλῐγς
3266 880 3550 975 summa;
3601 907 3696 959 καὶ
3745 923 3836 957 σο-

590 978 654 1030 iis
728 980 913 1042 armis,
965 980 1162 1047 quibus
1229 982 1347 1049 ipse
1417 984 1616 1038 multos
1678 985 2152 1053 jugulabat.Quio

2260 993 2411 1060 φίας,
2446 993 2510 1045 τὸ·
2539 994 2740 1062 σφάξαι
2769 996 2859 1047 τὸν
2888 993 3079 1063 ἐχθρὸν
3111 994 3200 1045 διὰ
3231 993 3324 1046 τοῦ
3354 994 3520 1046 ὅπλου
3547 987 3591 1060 ᾧ
3622 994 3834 1052 ἐκεῖνος

589 1073 710 1122 dam
759 1080 936 1126 autem
986 1075 1064 1126 sic
1110 1075 1538 1130 intellexerunt:
1600 1077 1733 1130 Eum
1781 1079 1871 1146 qui
1924 1078 2155 1133 habebat

2259 1071 2489 1146 πολλοὺς
2544 1083 2837 1152 ἕσφαττεν.
2888 1085 3049 1146 Τινὲς
3101 1085 3158 1137 δὲ
3211 1084 3381 1148 οὕτως
3415 1086 3641 1155 ἐνόησαν
3673 1102 3689 1116 ο
3727 1085 3838 1135 Τὸν

589 1178 888 1234 peccatum,
921 1169 1193 1237 inquiunt,
1227 1169 1329 1224 hoc
1380 1179 1486 1238 est,
1518 1172 1794 1226 diabolum
1831 1191 1842 1226 :
1871 1183 2152 1241 peccatum

2259 1175 2545 1244 ἐχοντα,³¹,
2587 1177 2741 1244 φασὶ,
2774 1178 2872 1242 τὴν
2917 1177 3216 1246 ἁμαρτίαν,
3265 1175 3548 1238 τουτέστι,
3579 1175 3668 1227 τὸν
3711 1175 3835 1227 διά-

585 1256 726 1308 enim
768 1268 848 1311 est
879 1257 1142 1311 fortitudo
1183 1259 1457 1328 roburque
1491 1263 1702 1315 mortis.

2258 1265 2437 1327 ϐολον,
2466 1266 2588 1334 ἦτις
2617 1266 2735 1317 ἐστὶ
2768 1267 2968 1336 κράτος
3001 1269 3097 1319 καὶ.
3128 1268 3280 1334 ίσχὺς
3305 1265 3396 1317 τοῦ
3433 1265 3683 1318 Θανάτου.

656 1347 816 1403 Vens.
857 1350 940 1402 15.
989 1350 1054 1401 Et
1092 1351 1334 1405 liberaret
1368 1369 1452 1405 eos
1478 1354 1567 1421 qui
1609 1355 1792 1406 timore
1823 1357 2008 1408 mortis
2064 1371 2154 1421 per

2327 1355 2435 1408 Καὶ
2483 1355 2808 1423 ἀπαλλάξῃ
2865 1358 3112 1420 τούτους
3173 1356 3305 1409 ὅσοι
3369 1355 3528 1421 φόϐῳ
3567 1352 3836 1406 θανάτου

584 1435 751 1492 totam
805 1441 965 1493 vitam
1004 1442 1220 1494 obnoxii
1285 1453 1436 1495 erant
1488 1445 1747 1500 srrviluli.
1792 1443 1906 1497 lloc
1932 1456 2034 1509 cst,
2095 1453 2155 1498 ut

2257 1445 2353 1498 διὰ
2417 1446 2641 1511 παντὸς
2695 1447 2801 1500 τοῦ
2869 1445 2974 1515 ζῇν
3036 1448 3237 1513 ἔνοχοι
3297 1441 3461 1514 ἦσαν
3517 1443 3834 1507 δουλείας.

582 1531 841 1587 liberaret
869 1533 1138 1594 homines,
1173 1535 1265 1603 qui
1299 1522 1634 1589 servi-erant
1694 1539 1902 1601 mortis,
1937 1546 2148 1592 metue-

2258 1534 2569 1597 Τουτέστιν,
2625 1536 2710 1588 ἵνα
2762 1536 3105 1606 ἐλευθερώσῃ
3159 1539 3286 1598 τοὺς
3319 1533 3662 1603 ἀνθρώπους,
3710 1535 3835 1586 ὅσοι

587 1624 827 1692 bautque
861 1625 962 1678 sibi
999 1625 1065 1678 ab
1098 1640 1185 1692 ea,
1223 1626 1410 1695 illique
1443 1627 1663 1681 obnoxii
1691 1635 1867 1692 erant,
1910 1629 2012 1682 hoc
2042 1640 2149 1694 est,

2256 1621 2434 1673 δοῦλοι
2466 1617 2604 1690 ἦσαν
2643 1624 2738 1675 τοῦ
2779 1623 3034 1692 θανάτου,
3069 1625 3161 1676 καὶ
3193 1606 3484 1691 ἐφοϐοῦντο
3509 1623 3696 1682 αὐτὸν,
3737 1624 3838 1673 καὶ

580 1713 784 1790 detenti
812 1700 1219 1787 servitute-qua
1241 1719 1343 1770 sub
1365 1718 1480 1786 ipsa
1507 1725 1645 1777 erat,
1674 1727 1730 1770 ut
1765 1733 1882 1786 quac
1908 1721 2145 1775 nondum
2181 1779 2186 1790 ‘

2259 1712 2432 1781 ἔνοχοι
2479 1714 2630 1783 αὐτῷ
2656 1711 2815 1784 ἦσαν,
2847 1716 3151 1781 τουτέστιν,
3186 1717 3609 1784 ἐγκατεχόμενοι
3634 1717 3701 1782 τῇ
3737 1713 3837 1764 ὑπ’

581 1812 700 1856 erat
743 1805 1023 1859 destructa
1064 1825 1078 1860 :
1125 1807 1209 1860 vel
1242 1807 1371 1871 quia
1406 1809 1460 1860 in
1484 1808 1681 1862 timore
1715 1809 1974 1864 continuo
2006 1810 2149 1865 vive-
2181 1779 2187 1830 1

2255 1779 2418 1856 αὺτδν
2464 1779 2700 1879 δουλείᾳ,
2761 1807 2855 1873 ᾇτε
2917 1779 3144 1876 μηδέπω
3215 1779 3609 1860 καταλῦθέντι·
3754 1805 3837 1859 ὅτι

583 1895 715 1950 bant
757 1898 921 1965 prisci
958 1899 1234 1963 mortales,
1267 1915 1481 1969 semper
1510 1915 1630 1954 sese
1680 1917 1803 1956 mox
1856 1889 2150 1960 morituros

2255 1897 2406 1966 φόϐῳ
2458 1898 2698 1966 διηνεκεί
2750 1901 2990 1964 συνέζων
3039 1903 3088 1953 οἱ
3160 1900 3324 1952 πάλαι
3377 1898 3699 1968 ἄνθρωποι,
3749 1898 3837 1949 ἀεὶ

582 1997 983 2058 exspectantes.
1048 2006 1111 2046 ac
1170 2008 1279 2060 prae
1339 1993 1444 2048 ista
1477 1993 1768 2050 formidine
1817 1997 2022 2051 nullius
2057 2013 2152 2051 vo-

2253 1987 2610 2055 τεθνήξεσθαι
2650 1990 3083 2057 προσδοκῶντες,
3134 1991 3226 2042 καὶ
3265 1990 3354 2041 διὰ
3383 1992 3475 2041 τὸν
3509 1988 3673 2055 φόϐον
3707 1987 3835 2038 τοῦ-

586 2080 808 2145 luptatis
869 2095 1092 2134 sensum
1149 2081 1398 2150 accipere
1466 2091 1783 2151 potuerunt.
1841 2084 1950 2137 lloc
2005 2087 2149 2140 enim

2251 2093 2342 2128 τον
2399 2079 2652 2146 οὐδεμιᾶς
2718 2080 2911 2148 ἡδονῆς
2969 2080 3222 2149 αἴσθησιν
3289 2079 3474 2132 λαϐεῖν
3542 2078 3833 2146 ἠδύναντο.

583 2169 953 2236 adumbravit,
988 2187 1112 2226 cum
1145 2173 1282 2226 dixit
1316 2191 1329 2226 :
1368 2171 1472 2227 Per
1510 2184 1675 2227 totam
1705 2177 1888 2229 vitam.
1921 2175 2152 2232 Obnoxii

2259 2166 2429 2218 Τοῦτο
2466 2167 2575 2236 γὰρ
2639 2167 2879 2238 ᾐνίξατο,
2942 2168 3041 2228 διὰ
3075 2167 3298 2234 παντὸς
3341 2168 3447 2222 τοῦ
3476 2166 3601 2234 ζεῖν,
3634 2168 3833 2218 εἰπών.

584 2261 774 2332 itaque
826 2271 985 2316 erant
1019 2265 1290 2329 servituti,
1323 2266 1429 2320 hoc
1459 2277 1562 2329 est.
1600 2282 1814 2337 semper
1866 2269 2148 2332 timebant,

2257 2243 2472 2328 Ἕνοχόι
2504 2259 2597 2312 οὖν
2628 2256 2769 2330 ἦσαν
2799 2259 3072 2324 δουλείας,
3125 2259 3433 2323 τουτέστιν,
3461 2259 3547 2312 ἀεὶ
3574 2258 3835 2327 ἔτρεμον,

584 2367 682 2406 reu
737 2355 878 2408 servi
910 2355 1190 2408 domi-um
1219 2371 1494 2425 asperum,
1523 2357 1698 2426 ipsam
1745 2367 1995 2421 mortem,
2029 2359 2152 2411 nul-

2252 2351 2352 2414 ὡς·
2384 2351 2558 2405 δοῦλοι
2608 2352 2875 2419 δεσπότην
2930 2352 3148 2424 πικρὸν,
3187 2351 3276 2403 τὸν
3313 2351 3563 2413 Θάνατον,
3609 2350 3836 2411 οὐδενὸς

585 2445 692 2497 iam
728 2447 885 2513 plane
907 2447 1236 2515 voluptatem
1272 2465 1302 2502 e
1327 2465 1386 2502 re
1407 2450 1587 2517 aliqua
1610 2451 1983 2518 percipieutes.
2012 2450 2152 2504 Hine

2253 2444 2616 2504 ἀπολαύοντες
2645 2442 2904 2511 τερπνοῦ.
2940 2444 3220 2509 Συνάγα-γε
3253 2443 3299 2475 ⁸³
3327 2435 3400 2495 δὲ’
3428 2440 3706 2505 ἐντεῦθεν,
3751 2441 3838 2494 ὅτι

588 2549 717 2586 vero
754 2535 966 2603 collige,
1021 2539 1164 2604 quod
1207 2539 1254 2591 is
1290 2539 1383 2606 qui
1428 2548 1656 2592 mortem
1687 2541 1898 2604 metuit,
1961 2556 2154 2609 expers

2254 2535 2281 2584 ὀ
2313 2534 2540 2586 θάνατον
2593 2533 2866 2597 δεδοικὼς,
2920 2533 3273 2602 ἀνελεύθερος
3305 2533 3398 2584 καὶ
3439 2531 3656 2584 πάντων
3711 2530 3840 2582 δοῦ-

587 2633 672 2680 cst
701 2625 968 2680 libertatis
999 2629 1353 2696 omniumque
1379 2644 1589 2683 servus.
1632 2631 1821 2687 Porro.
1848 2633 1992 2685 istud
2023 2632 2155 2686 fide-

2253 2626 2363 2689 λος.
2427 2626 2781 2695 Παράκλησις
2831 2625 3130 2689 καὶ-τοῦτο
3188 2627 3300 2687 τοῖς
3347 2623 3690 2692 θλιϐομένοις
3741 2640 3837 2674 πι-

588 2716 734 2770 libus
781 2712 994 2773 aﬂlictis
1053 2727 1138 2770 est
1191 2718 1428 2781 solatio:
1487 2718 1757 2787 siquidem
1801 2719 1876 2772 illi
1940 2721 2044 2773 acti
2099 2729 2153 2774 et

2257 2719 2424 2779 στοῖς,
2477 2717 2590 2784 εἴγε
2637 2719 2684 2768 0i
2733 2718 3083 2786 ἐλαυνόμενοι
3140 2717 3234 2770 νῦν
3291 2716 3390 2768 καὶ
3443 2714 3839 2784 δεσμούμενοι,

588 2812 900 2865 carceribus
952 2815 1248 2884 mancipati
1286 2814 1512 2868 liberius
1549 2829 1611 2868 ac
1645 2815 1941 2883 jucundius
1966 2817 2154 2869 vivunt

2255 2804 2695 2875 ἐλευθερώτερον·
2729 2806 2977 2872 διάγουσι
3023 2806 3118 2858 καὶ
3168 2805 3316 2875 ἥδιον
3344 2805 3454 2857 τῶν
3499 2804 3672 2857 πάλαι
3705 2821 3843 2872 τρυ-

588 2894 753 2966 quam
795 2900 965 2968 ii,qui
1003 2904 1130 2955 olim
1166 2904 1410 2957 summis.
1432 2905 1482 2957 iu
1515 2904 1728 2960 deliciis
1761 2907 1925 2960 vitam
1954 2907 2155 2976 ducere

2257 2900 2363 2968 φᾷν
2387 2899 2703 2960 δοκούντων,
2741 2899 2830 2951 ’ὁτε
2867 2899 3050 2968 ἴσχυεν
3083 2899 3112 2950 ὁ
3145 2895 3398 2968 θάνατος.
3454 2895 3693 2948 Ἐκεῖνοι
3732 2896 3843 2963 μὲν

587 2989 944 3057 videbantur,
1002 2995 1220 3060 quando
1265 2997 1476 3062 vigebat
1533 3014 1678 3052 mors
1725 2977 1780 3052 et
1816 3001 1960 3052 vires
2027 2979 2156 3052 su'as

2257 2990 2364 3058 γὰρ
2396 2988 2471 3056 τῷ
2508 2989 2655 3058 φόϐῳ
2697 2989 2792 3042 τοῦ
2847 2990 3093 3066 θανάτου,
3139 2988 3585 3058 κατασειόμενοι,
3645 2985 3836 3040 δοῦλοι

593 3080 894 3136 obtinebat.
948 3081 1083 3135 Nam
1143 3083 1217 3137 illi
1262 3084 1453 3137 mortis
1505 3094 1652 3138 metu
1697 3086 1980 3143 concussi.
2040 3101 2199 3154 sere.

1731 3086 1980 3143 oucussi,
2040 3101 2158 3137 ser.
2187 3102 2230 3158 C
2260 3074 2400 3148 ἦσαν
2421 3094 2432 3106 ⁸
2465 3081 2620 3148 ὑμεῖς
2650 3081 2706 3132 δὲ
2738 3080 2927 3133 τούτου
2959 3081 3333 3150 ἀπηλλάγητε.

593 3175 643 3229 vi
716 3183 872 3230 erant
940 3192 954 3227 :
1027 3190 1123 3234 vos
1194 3183 1377 3231 autem
1464 3175 1532 3228 ab
1586 3191 1648 3230 eo
1726 3185 1874 3230 metu
1942 3176 2156 3229 liberati

571 3249 744 3321 nostis.
3465 3318 3472 3320 ,

671 3353 828 3410 VEns.
893 3355 978 3412 16.
1033 3353 1311 3425 Nusquam
1348 3355 1486 3408 enim
1533 3355 1745 3424 angelos
1795 3357 2153 3424 apprehendit.

2367 3355 2449 3406 Οὐ
2529 3352 2636 3421 γὰρ
2723 3351 2922 3416 δήπου
2995 3351 3264 3420 ἀγγέλων
3348 3348 3843 3416 ἐπιλαμϐάνεται.

595 3446 706 3500 Hoc
761 3455 864 3507 est,
913 3462 1018 3499 nou
1048 3446 1363 3514 angelorum
1401 3455 1650 3499 naturam
1701 3450 2020 3521 assumpsit,
2062 3463 2157 3499 nc—

2263 3445 2568 3516 Τουτέστιν,
2601 3445 2661 3497 οὐ
2698 3445 2795 3513 τῆς
2844 3444 2953 3496 τῶν
3006 3446 3256 3510 ἀγγέλων
3287 3441 3499 3511 φύσεως
3541 3439 3844 3507 ἐδράξατο,

594 3548 700 3600 que
728 3548 846 3586 eam
888 3535 1137 3600 gestavit.
1185 3534 1297 3587 lloc
1341 3545 1520 3586 autem
1550 3537 1773 3587 multam
1801 3552 1924 3604 erga
1970 3539 2160 3588 buma-

2261 3535 2380 3585 οὺδέ
2409 3534 2611 3602 ταύτην
2646 3537 2892 3603 ἐφόρεσε.
2943 3535 3112 3586 Τοῦτο
3145 3533 3200 3586 δὲ
3233 3534 3330 3602 τὴν
3362 3532 3561 3599 πολλὴν
3599 3529 3740 3596 πρξς
3785 3527 3849 3579 τὸ

597 3635 728 3672 ιιιιιιι
795 3637 966 3689 genus
1013 3622 1334 3675 cbaritatem
1389 3621 1481 3674 Dei
1523 3622 1745 3677 indicat.
1798 3624 1950 3687 Quod
2016 3626 2157 3677 enim

2263 3623 2597 3690 ἀνθρώπινον
2630 3624 2785 3688 γένος
2839 3625 3061 3690 ἀγάπην
3091 3623 3185 3674 τοῦ
3233 3623 3367 3672 Θεοῦ
3420 3621 3718 3671 δείκνυσιν.
3772 3620 3845 3669 Ὃ

596 3713 843 3782 angelis,
915 3714 1124 3781 inquit,
1190 3730 1294 3768 non
1393 3716 1653 3774 donavit,
1739 3718 1839 3771 boc
1922 3717 2160 3770 homini-

2263 3715 2371 3784 γάρ
2409 3715 2682 3780 ἀγγέλοις,
2698 3714 2880 3786 φησὶν,
2897 3714 2994 3764 οὐκ
3012 3715 3327 3780 ἐχαρίσατο,
3348 3710 3505 3761 τοῦτο
3525 3707 3848 3775 ἀνθρώποις

597 3807 699 3856 lms
761 3803 930 3866 dedit,
1003 3812 1060 3856 ut
1119 3819 1182 3857 ex
1245 3807 1488 3874 ipsorum
1537 3811 1736 3860 natura
1809 3823 2030 3860 carnem
2083 3822 2162 3860 as-

1945 3823 2030 3860 em
2083 3822 2162 3860 as-
2263 3807 2483 3871 δὲδωκε,
2507 3808 2588 3868 τὸ,
2616 3805 2676 3869 ἐξ
2701 3805 2880 3856 αὐτῶν
2916 3804 3094 3874 σάρκα
3123 3802 3546 3873 προσλαϐέσθαι.

595 3904 852 3948 sumeret.
1055 3888 1059 3894 ’

664 3986 767 4043 Sed
798 4005 969 4042 semen
1008 3989 1233 4043 Abraba:
1265 3988 1608 4055 reprehendit.
1641 3989 1756 4042 Non
1785 3990 1941 4054 dixit,
1975 4005 2158 4045 susce-

2347 3987 2519 4039 Ἀλλὰ
2593 3989 2932 4054 σπέρματος
3025 3986 3278 4052 Ἀϐραὰμ
3347 3981 3845 4050 ἐπιλαμϐάνεται.

595 4079 693 4147 pit.
742 4076 837 4131 sed
869 4077 1313 4142 apprehehdit,ut
1352 4076 1608 4128 ostendat
1655 4076 1810 4142 quod
1865 4076 2158 4146 fugientem

2266 4077 2380 4130 Οὐκ
2398 4073 2568 4138 εἶπεν,
2590 4077 3044 4139 ἀνέλαϐεν,Ἀλλ’,
3064 4074 3549 4144 ἐπιλαμϐάνεται,
3571 4074 3660 4126 ῐνα
3686 4073 3854 4144 δείξῃ

596 4174 842 4220 naturam
885 4175 1148 4226 nostram,
1193 4173 1245 4216 et
1311 4165 1526 4232 longius
1572 4175 1835 4216 remotam
1878 4167 2160 4219 insecutus

2266 4170 2348 4220 ὅτι
2383 4168 2692 4233 φεύγουσαν
2726 4169 2824 4235 τὴν
2858 4168 3018 4236 φύσιν
3053 4168 3208 4236 ἡμῶν
3234 4207 3250 4231 ,
3303 4163 3853 4232 καὶμακρυνθεῖσαν

597 4256 690 4318 δῖε,
724 4263 777 4306 et
839 4261 1184 4306 antevertens
1237 4251 1674 4319 apprehenderit,
1733 4254 2162 4322 complexusque

2268 4257 2454 4321 ἐδίωξε
2482 4273 2494 4285 ·
2551 4259 2645 4308 καὶ
2701 4257 2912 4324 φθάσας
2957 4257 3253 4308 ἐπελάϐετο
3296 4255 3486 4322 αὐτῆς,
3521 4254 3618 4305 καὶ
3652 4269 3855 4322 περιε-

601 4345 692 4410 sit,
729 4343 831 4397 sibi
868 4343 1084 4404 uuiens,
1121 4356 1183 4394 ac
1214 4342 1412 4395 sistens
1469 4341 1642 4410 ipsam
1673 4357 1701 4394 a
1743 4341 1867 4411 fuga
1915 4359 2020 4412 qua
2080 4344 2147 4396 ab

2268 4349 2450 4417 πλάκη
2483 4347 2687 4409 ἐνώσας
2727 4347 2941 4414 ἐαυτῷ,
2997 4348 3092 4398 καὶ
3129 4348 3332 4414 στήσας
3376 4345 3543 4415 αὐτὴν
3593 4345 3696 4414 τῆς
3750 4345 3856 4398 ἀπ’

597 4436 718 4502 ipso
764 4432 1027 4502 fugiebat.
1078 4430 1194 4485 Non
1233 4431 1369 4483 dixit
1438 4441 1638 4494 autem,
1693 4439 1941 4484 naturam
1989 4432 2203 4487 bomi-t

2271 4440 2437 4493 αὑτοῦ
2505 4442 2702 4507 φυγῆς.
2775 4440 2892 4493 Οὐκ
2937 4436 3057 4492 εἷπε
3113 4440 3205 4502 δέ,
3247 4439 3466 4502 Φύσεως
3510 4437 3853 4508 ἀνθρώπων,

599 4541 753 4593 num,
782 4526 878 4580 sed
933 4541 1103 4578 semen
1156 4524 1426 4576 Abrahae:
1455 4524 1650 4591 partim
1690 4525 1904 4590 quidem
1935 4525 2162 4592 cupiens

2265 4533 2420 4595 ἀλλὰ,
2455 4531 2794 4599 σπέρματος
2837 4531 3142 4600 Ἀὄρίιὰμρ
3197 4531 3314 4600 ἄμα
3363 4517 3852 4600 μὲν-βουλόμενος

595 4635 693 4677 eos
763 4617 1037 4675 attollere,
1101 4629 1163 4666 ac
1210 4615 1426 4682 generis
1489 4614 1728 4682 ipsorum
1819 4615 2161 4683 splendorem

2266 4624 2461 4685 αὐτοὺς
2496 4625 2719 4692 ἐπᾶραι,
2764 4625 2854 4675 καὶ
2903 4624 3074 4688 δεῖξαι
3118 4625 3180 4676 τὸ
3217 4628 3375 4692 γένος
3417 4623 3595 4676 αὐτῶν
3630 4624 3852 4690 τίμιον,

595 4716 1050 4767 commonstrare,
1084 4704 1305 4772 etquod
1346 4705 1398 4757 in
1459 4703 1562 4757 hoc
1594 4705 1700 4758 sint
1756 4706 2011 4772 gentibus
2065 4721 2161 4758 cx-

2267 4717 2362 4770 καὶ
2394 4719 2474 4769 ὅτι
2503 4716 2661 4768 πλέον
2691 4716 2874 4785 ἔχουσι
2904 4718 3011 4769 τῶν
3047 4716 3274 4770 ἐθνικῶν
3305 4718 3364 4768 ἐν
3401 4715 3598 4780 τούτῳ,
3632 4712 3784 4765 καθὸ
3807 4713 3855 4746 ³⁸

595 4800 964 4862 «τυιιοιιιίοτοε.
1002 4807 1278 4866 quatenus
1307 4810 1367 4847 ex
1407 4795 1540 4863 ipsis
1580 4803 1664 4848 est
1693 4793 1978 4850 Dominus.
2006 4795 2165 4850 Sem—

2268 4808 2327 4872 ἐξ
2377 4809 2556 4860 αὐτῶν
2593 4811 2620 4860 ὀ
2652 4807 2854 4878 Κύριος
2879 4824 2892 4836 ο
2936 4808 3024 4860 ἀεὶ
3052 4808 3156 4873 γὰρ
3185 4805 3466 4874 χαρίζεται
3514 4803 3751 4862 αὐτοῖς..
3793 4804 3857 4855 ἐν

596 4891 858 4958 porenim
891 4890 1048 4957 ipsis,
1089 4890 1180 4942 ubi
1238 4889 1374 4940 citra
1426 4886 1688 4939 oll‘ensam
1747 4887 1892 4953 licet,
1953 4888 2161 4958 gratifi-

2270 4893 2350 4960 οἷς
2374 4897 2912 4970 οὺδεὶςβλάπτεταν
2952 4894 3069 4963 ἅμα
3113 4894 3171 4946 δὲ
3221 4893 3314 4946 καὶ
3353 4891 3452 4958 τῆς
3501 4890 3857 4955 ἐπαγγελίας

596 4989 756 5039 catur
789 4999 802 5034 :
832 4982 1026 5050 partim
1085 4998 1212 5035 vero
1290 4981 1711 5049 promissionem
1742 4982 1821 5036 eis
1845 4983 1923 5036 ad
1951 4999 2160 5037 memo-

2275 4991 2706 5064 ἀναμιμνήσκων
2739 4987 2953 5046 αὐτοὺς,
3005 4984 3088 5034 ὅτι
3137 4981 3235 5035 Σοὶ
3283 4981 3380 5033 καὶ
3409 4977 3490 5043 τῷ
3536 4979 3856 5050 σπέρματί

597 5074 733 5128 riam
783 5085 1089 5126 revocans:
1125 5070 1234 5122 Tibi
1299 5072 1576 5124 etsemini
1624 5083 1712 5125 tuo
1765 5072 1900 5125 dabo
1967 5084 2162 5128 (errant

1988 5091 2162 5128 errant
2269 5081 2584 5138 σουνδώσω
2614 5077 2727 5144 τὴν
2765 5075 2880 5143 γῆν
2910 5074 3156 5140 ταύτην.
3575 5072 3589 5078 ’

598 5166 728 5240 Iianc
744 5166 809 5217 ".

669 5254 1008 5325 miluus.
1044 5253 1130 5305 17.
1169 5248 1314 5304 Unde
1336 5249 1550 5302 debebat
1570 5265 1660 5318 per
1691 5251 1867 5302 omnia
1902 5247 2159 5319 fratribus

2346 5257 2522 5307 Ὅθεν
2543 5255 2756 5322 ὤφειλε
2781 5252 2934 5306 κατὰ
2961 5252 3156 5304 πάντα
3189 5249 3310 5314 τοῖς
3343 5249 3626 5319 ἀδελφοῖς
3679 5255 3863 5321 ὁμοί-

600 5348 906 5399 assiinitari.
940 5345 1076 5410 Quia
1109 5343 1308 5412 placuit
1348 5342 1395 5396 ei
1460 5341 1624 5395 semel
1663 5351 1904 5394 nostram
1963 5358 2158 5410 appre-

2274 5346 2514 5412 ωοῆναι.
2587 5347 2838 5415 Ἐπειδὴ,
2901 5345 3100 5415 φησιν,
3164 5343 3309 5406 ἆπαξ
3367 5343 3699 5408 κατεδέξατο
3751 5347 3860 5416 τῆς

706 5530 748 5558 ⁹⁹
781 5527 913 5583 Cen.
948 5545 1067 5590 xm,
1107 5533 1186 5585 15.

1949 5625 2145 5689 Varia:
2183 5624 2510 5685 lectiones.

672 5720 690 5750 ι
758 5719 953 5790 ὲιορδν
985 5736 1036 5773 ο,
1118 5719 1160 5753 ³³
1184 5720 1332 5783 σύπς
1365 5739 1414 5774 o.
1493 5725 1534 5755 3"
1567 5727 1752 5778 καθότι
1781 5741 1832 5780 ο.
