4068 6324
171 376 278 440 ἳῗῖ3

911 378 1312 439 EXPOSITIO
1352 375 1434 440 ΙΝ
1467 377 1708 442 EPIST.
1740 378 1840 439 AD
1866 376 2254 438 HEBREOS.
2293 399 2359 412 -·
2394 375 2556 437 CAP.
2588 375 2687 439 IV.

3303 377 3406 444 234

172 489 471 554 τάπαυσιν,
501 487 688 542 λοιπὸν
717 489 1084 560 προτρέπεται
1115 491 1311 556 αὐτοὺς
1352 490 1616 545 εἰσελθεῖν
1667 491 1736 553 εἰς

1853 488 2114 557 requiem,
2159 486 2416 555 deinceps
2463 484 2713 538 hortatur
2761 499 2876 548 eos,
2912 491 2970 538 ut
3024 485 3078 540 in
3130 485 3272 541 illam
3327 491 3410 544 in-

172 580 371 650 αὐτήν.
405 579 601 643 Καλῶς
624 580 682 633 δὲ
712 567 833 633 εἷπε
863 580 947 642 τὸ,
971 580 1431 650 σπουδάσωμεν.
1474 582 1549 633 Οὐ
1574 581 1683 652 γὰρ
1715 582 1747 650 ἠ

171 675 358 736 πίστις
399 671 534 740 αὐτὴ
587 670 712 726 καθ’
751 670 918 741 αὐτὴν
943 671 1102 742 ἀρκεῖ
1145 673 1456 750 εἰσαγαγεῖν
1483 672 1563 736 είς
1602 673 1746 726 ἐκεί-

171 781 295 835 νην,
325 767 375 816 εί
413 764 488 838 μὴ
520 763 883 827 καὶπολιτεία
909 766 1119 833 χρηστὴ
1145 766 1430 835 συμπαρῇ.

244 849 376 908 ,ιώ
399 853 482 921 μὴ
505 854 572 905 έν
598 851 679 918 τῷ
704 852 865 917 αὐτῷ
888 871 978 918 τις
1012 851 1399 923 ὑποδείγματι
1441 853 1602 921 πέσῃ
1641 852 1747 920 τῆς

170 944 498 1008 ἀπειθείας.
551 943 638 994 Ἐν
673 942 750 1010 τῷ
777 942 925 1010 αὐτῷ
962 944 1072 1006 τοῖς
1117 942 1500 1013 Ἰσραηλίταις.
1536 944 1745 1014 Ὥσπερ

170 1034 280 1102 γὰρ
301 1027 454 1085 οὗτοι
492 1031 552 1083 τὸ
576 1030 740 1082 πλέον
772 1031 873 1098 τῆς
911 1031 1032 1085 ὀδοῦ
1061 1031 1360 1094 ἀνύσαντες
1426 1033 1523 1086 καὶ
1575 1049 1744 1087 κακο-

171 1123 543 1200 παθήσαντες,
566 1123 714 1191 ὅμως
736 1123 824 1175 διὰ
849 1122 947 1193 τὴν
973 1123 1235 1177 ἀπιστίαν
1264 1122 1522 1187 ἐξέπεσον
1544 1139 1561 1155 ο
1601 1123 1746 1184 οὓτω

169 1216 266 1266 καὶ
319 1217 482 1284 ὑμεῖς
537 1216 702 1285 ὅρατε
754 1216 949 1288 μήπως
1009 1215 1146 1284 μετά
1177 1213 1464 1288 τοσούτους
1503 1214 1598 1279 οῦς
1641 1216 1745 1268 ὕπ-

172 1304 368 1373 έστητε
399 1303 639 1371 ἀγῶνας,
675 1286 901 1374 πέσητε,
931 1305 1007 1366 ὡς
1042 1305 1202 1374 μέχρι
1228 1286 1414 1367 τὲλους
1452 1305 1528 1376 μὴ
1556 1306 1746 1375 ἀνδρι-

173 1394 425 1457 σάμενοι·
457 1385 622 1446 τοῦτο’
648 1393 759 1462 γάρ
794 1395 909 1445 ἐστι
931 1393 990 1445 τὸ
1009 1393 1178 1456 ὅντως
1211 1395 1416 1447 πεσεῖν.

240 1567 376 1623 ιῶν
403 1570 514 1638 γὰρ
545 1572 581 1625 ό
608 1571 788 1640 λόγος
818 1569 926 1624 τοῦ
970 1572 1118 1626 Θεοῦ
1157 1572 1257 1625 καί
1315 1565 1586 1641 ἐνεργὴς,
1641 1575 1741 1626 καί

170 1660 500 1730 τομώτερος
515 1660 665 1728 ὑπὲρ
682 1659 1196 1730 πᾶσανμάχαιραν
1208 1662 1515 1731 δίστομον.
1535 1664 1704 1715 Ὠσπε
1713 1679 1744 1733 ρ

167 1752 313 1818 τότε,
367 1753 552 1822 φησὶν,
607 1751 668 1804 οὐ
699 1751 952 1821 πόλεμος,
980 1753 1040 1804 ού
1083 1754 1325 1824 μάχαιρα
1363 1749 1605 1816 ἐκείνους
1636 1754 1742 1808 ἀπ-

1856 585 2086 633 troeant.
2142 575 2373 630 Pulchre
2409 583 2587 629 autem
2629 575 2800 642 dixit,
2862 575 3209 636 Festiaemua.
3256 577 3416 637 Fides

1852 670 1998 724 enim
2030 668 2143 738 ipsa
2177 683 2273 737 per
2300 682 2358 720 se
2396 667 2447 720 in
2489 667 2636 721 illam
2685 668 3033 724 introducere
3059 673 3165 726 no‘n
3197 670 3411 740 sullicit,

1854 759 1958 814 nisi
1983 769 2038 813 et
2063 759 2230 827 proba
2257 758 2597 812 conversatio
2621 757 2782 812 simul
2809 758 3059 815 adfuerit.

1928 848 2011 903 Ne
2040 851 2096 902 in
2127 849 2264 902 idem
2292 850 2405 918 quis
2439 847 2635 900 incidat
2675 847 3062 904 incredulitatis
3095 845 3410 924 exemplum.

1855 943 1910 995 In
1958 941 2096 996 idem
2147 955 2272 994 cum
2314 938 2593 995 lsraelitis.
2627 938 3092 1007 Quemadmodum
3145 945 3287 999 enim
3332 946 3409 1001 illi

1852 1033 2143 1100 plurimum
2190 1031 2401 1085 itineris
2437 1031 2665 1095 emensi,
2699 1040 2752 1084 et
2806 1029 2970 1084 multa
3024 1049 3156 1088 sane
3185 1035 3411 1092 adversa

1853 1122 2119 1192 perpessi,
2155 1129 2376 1190 prapter
2398 1119 2827 1174 incredulitatem
2852 1130 3030 1175 tamen
3057 1126 3406 1182 exciderunt:

1852 1213 1933 1265 sic
1964 1219 2017 1264 et
2049 1226 2144 1265 vos
2179 1211 2359 1264 videte
2410 1225 2478 1264 ne
2515 1224 2624 1292 quo
2662 1210 2822 1264 modo
2869 1219 2992 1280 post
3043 1220 3120 1266 tot
3155 1229 3408 1286 perpessa

1851 1299 2438 1368 certamina,‘cadatis,
2490 1297 2687 1368 quippe
2729 1300 2871 1368 quod
2921 1300 2986 1354 ad
3041 1301 3201 1358 ﬁnem
3239 1322 3411 1376 usque

1852 1408 1958 1447 non
1999 1408 2094 1447 vos
2140 1394 2283 1448 viros
2328 1393 2494 1449 fortes
2532 1395 2828 1466 gesseritis.
2865 1393 2977 1452 Hoc
3014 1399 3155 1454 enim
3202 1410 3285 1456 est
3320 1415 3413 1456 res
3443 1414 3460 1438 ·

1851 1498 1976 1536 vera
2010 1483 2228 1538 cadere.
2331 1547 2333 1549 ι

1921 1571 2083 1628 Vens.
2113 1574 2198 1628 l2.
2261 1574 2411 1628 i'ivus
2439 1583 2514 1629 eat
2537 1577 2673 1630 enim
2704 1593 2875 1632 sermo
2901 1577 2998 1632 Dei
3026 1589 3077 1634 et
3127 1582 3326 1652 emcax.
3359 1594 3408 1638 et

1848 1664 2219 1731 penetrabilior
2252 1667 2395 1719 omni
2447 1666 2627 1737 gladio
2657 1670 2899 1738 ancipiti.
2942 1670 3410 1738 Quemadmodum

1851 1765 1987 1819 tum,
2027 1755 2222 1825 inquit,
2277 1773 2383 1812 non
2424 1757 2648 1824 bellum,
2705 1775 2812 1814 non
2846 1760 2996 1816 ensis
3030 1777 3124 1817 eos
3156 1765 3408 1833 perdidit,

169 1842 392 1907 ὤλεσεν,
427 1841 543 1895 ἀλλ’
573 1841 600 1892 ὁ
620 1840 715 1894 τοῦ
753 1841 888 1894 Θεοῦ
919 1841 1076 1910 λόγος
1095 1858 1112 1874 ’
1143 1843 1440 1913 αὐτόματοι
1468 1844 1576 1914 γὰρ
1608 1861 1736 1897 κατ·

1851 1843 1942 1896 sed
1973 1842 2074 1897 Dei
2104 1845 2328 1897 verbum
2365 1864 2377 1899 :
2410 1862 2507 1915 per
2549 1864 2608 1903 se
2637 1850 2802 1914 cnim,
2830 1849 2946 1904 sine
2971 1853 3019 1904 vi
3067 1853 3409 1910 extrinsecus

170 1933 406 1986 έπιπτον
435 1948 451 1962 ο
486 1931 628 1986 οὕτω
667 1933 765 1986 καὶ
808 1934 893 2001 ἐφ’
923 1932 1055 2002 ἡμῖν
1101 1932 1274 1988 ἔσται.
1340 1931 1399 1986 ’0
1429 1933 1536 2006 γὰρ
1580 1934 1736 1997 αὐτὸς

1848 1927 1992 1980 illata
2042 1928 2363 1984 decidebant
2414 1951 2427 1986 :

169 2022 325 2089 λόγος
363 2022 460 2074 καὶ
487 2021 727 2084 ἐκείνους
754 2021 979 2074 ἐκόλασε
1039 2021 1133 2075 καὶ
1178 2023 1324 2092 ἡμᾶς
1373 2024 1616 2077 κολάσει.
1663 2026 1740 2096 Ζῇ

168 2116 273 2184 γὰρ
297 2112 410 2176 ἀεὶ,
435 2113 531 2167 καὶ
552 2114 652 2166 οὐκ
670 2112 943 2168 ἔσϐεσται.
973 2115 1083 2168 Καὶ
1149 2110 1325 2177 ἄλλως
1371 2114 1426 2168 δέ
1487 2112 1610 2169 εἷπε
1657 2117 1740 2182 τὸ,

168 2203 275 2265 ζὶῦν
297 2220 312 2234 ·
353 2205 439 2257 ἴνα
470 2204 546 2274 μὴ
573 2204 730 2272 λόγον
760 2203 1019 2269 ἀκούσας,
1050 2207 1117 2275 pf;
1127 2223 1203 2277 μα
1245 2206 1620 2260 ἀνυπόστατον
1651 2224 1741 2262 νο-

172 2294 354 2366 μίσῃς,
380 2293 498 2346 Ζῶν
529 2292 669 2356 ἐστὶ,
698 2293 852 2364 φησὶ,
877 2294 1180 2358 τουτέστιν,
1203 2283 1472 2361 uecordi;
1515 2292 1611 2347 καὶ
1657 2296 1742 2347 ἐνο

169 2386 355 2455 εργὴς,
377 2388 472 2439 καὶ
512 2386 592 2447 είς
619 2389 683 2454 ἢν
701 2386 767 2436 ἂν
795 2385 1010 2455 ἐμπέσῃ
1038 2384 1237 2453 ψυχὴν,
1270 2383 1483 2452 πληγὰς
1514 2383 1742 2454 ἐργάζεο

169 2493 252 2528 ται
295 2475 565 2543 χαλεπάς.
606 2475 747 2542 Ὅρα
781 2475 837 2526 δέ
863 2474 1291 2541 συγκατάῦασιν,
1320 2475 1437 2534 πῶς
1463 2473 1739 2543 μαχαίρας

171 2568 261 2618 καὶ
287 2566 463 2635 τομῆς
491 2564 760 2634 ἐμνήσθη,
811 2566 920 2618 τῶν
950 2566 1193 2635 συνήθων
1239 2566 1334 2619 καὶ
1387 2566 1520 2635 ἡμῖν
1567 2567 1739 2633 ἐγνωο

174 2657 404 2724 σμὲνων,
437 2657 524 2710 ίνα
544 2655 692 2729 δείξῃ
722 2656 829 2710 ἀπὸ
850 2655 1052 2712 τούτων
1072 2656 1133 2710 τὸ
1155 2656 1421 2728 ὑπερέχον
1449 2660 1548 2728 τῆς
1577 2658 1738 2712 ﬁuvi-

175 2765 334 2817 μεως.

239 3017 343 3071 Καὶ
393 3018 805 3085 διικνούμενος
861 3019 1001 3085 ἄχρι
1034 3018 1352 3086 ,μερισμοῦ
1389 3015 1595 3085 ψυχῆς
1637 3015 1737 3068 καὶ

174 3109 526 3175 πνεύματος.
561 3107 790 3175 Φοδερόν
819 3125 871 3160 τι
899 3099 1066 3176 λέγει,
1103 3108 1135 3176 ἢ
1163 3108 1246 3160 ὅτι
1266 3108 1325 3160 τὸ
1353 3106 1569 3176 πνεῦμα
1597 3108 1736 3160 διαι-

2485 1934 2565 1990 sic
2621 1936 2906 1992 nobiscum
2961 1939 3123 1993 etiam
3175 1943 3407 1997 eveniet.

1845 2013 1986 2068 idem
2018 2030 2254 2086 namque
2284 2019 2504 2073 verbum
2537 2021 2678 2089 quod
2713 2039 2806 2078 eos
2841 2026 3069 2094 punivit,
3090 2036 3145 2081 et
3167 2043 3265 2082 nos
3296 2028 3411 2083 am-

1841 2105 1950 2160 ciet
1987 2109 2258 2176 supplicio
2305 2128 2318 2163 :
2364 2112 2495 2164 vivit
2541 2114 2688 2168 enim
2744 2129 2979 2185 semper,
3034 2128 3087 2172 et
3131 2136 3408 2190 nunquam

1841 2198 2220 2267 exstinguitur.
2244 2201 2388 2256 Dixit
2416 2205 2579 2257 etiam
2611 2205 2771 2259 aliam
2809 2206 2879 2261 ob
2911 2209 3192 2275 rationem,
3224 2212 3366 2266 vivus
3389 2227 3409 2266 :

1799 2283 1806 2289 ’
1844 2301 1909 2339 ne
1941 2301 2064 2356 cum
2112 2291 2336 2345 verbum
2391 2293 2570 2358 audis,
2609 2298 2828 2351 verbum
2859 2298 3002 2366 quod
3057 2301 3408 2357 subsistentia

1841 2385 1989 2431 caret
2017 2380 2316 2446 existimes,
2348 2377 2536 2438 Vivum
2587 2396 2688 2450 est,
2722 2387 2917 2456 inquit,
2961 2388 3061 2442 hoc
3092 2401 3194 2455 est,
3229 2390 3409 2446 subsi-

1841 2470 1934 2523 stit
1955 2480 2007 2522 et
2035 2468 2223 2524 eﬂicax
2247 2479 2350 2533 est,
2372 2481 2426 2526 et
2455 2474 2504 2526 in
2529 2488 2686 2542 quam
2712 2475 2960 2531 inciderit
2983 2479 3242 2544 animam,
3263 2481 3318 2535 in
3341 2495 3406 2535 ca

1840 2560 2020 2628 gravia
2063 2561 2284 2615 vulnera
2309 2561 2491 2616 emcit.
2513 2563 2896 2621 Animadverte
2927 2577 3106 2623 autem
3133 2571 3406 2638 quomodo

1840 2663 1898 2704 se
1931 2651 2108 2719 captui
2150 2660 2339 2706 nostro
2365 2662 2705 2723 atteniperet.
2738 2654 2871 2709 Nam
2896 2659 3044 2713 ensis
3068 2667 3119 2714 et
3148 2663 3404 2718 sectionis

1841 2742 2109 2806 meminit,
2138 2759 2259 2812 qua:
2285 2743 2443 2799 nobis
2467 2752 2594 2798 sunt
2622 2756 2883 2802 consueta
2906 2749 3067 2820 673
3089 2760 3140 2805 et
3166 2753 3403 2822 cognita,
3430 2795 3441 2805 .

1840 2841 1896 2886 ut
1951 2847 2013 2886 ex
2075 2831 2228 2888 hisce
2261 2834 2610 2891 excellentem
2669 2838 2788 2908 ejus
2835 2841 3128 2907 potentiam
3175 2841 3401 2897 demon-

1839 2933 1994 2978 stret.

1909 3012 1980 3066 Et
2017 3017 2315 3085 pertingens
2347 3032 2511 3092 usque
2541 3017 2610 3071 ad
2639 3020 2948 3074 divisionem
2985 3024 3176 3077 animae
3205 3035 3254 3077 ει
3286 3027 3398 3095 spi-

1838 3105 1992 3160 ritus.
2028 3103 2369 3161 Horrendum
2393 3108 2648 3178 quiddam
2679 3110 2830 3176 dicit,
2865 3112 2950 3166 vel
2974 3113 3116 3181 quod
3147 3115 3396 3184 spiritum

181 3203 256 3268 psi
283 3201 390 3252 ἀτιὴ
420 3199 521 3268 τῆς
548 3200 747 3269 ψυχῆς,
776 3200 872 3253 καὶ
895 3199 1365 3268 ἐγκαταλιμπάνει
1395 3198 1563 3270 αὐτὴν
1590 3197 1731 3269 ἕρη-

1839 3195 1907 3248 ab
1934 3196 2114 3249 anima
2138 3195 2350 3262 dividit,
2385 3197 2636 3269 illamque
2667 3200 2824 3257 istius
2850 3203 3279 3261 sanctificatione
3305 3222 3398 3261 or-

178 3309 270 3360 μον
301 3291 402 3358 τῆς
424 3293 489 3344 ἐκ
515 3291 701 3343 τούτου
733 3291 1067 3361 ἁγιωσύνης,
1127 3293 1194 3362 ἢν
1235 3293 1263 3343 ό
1310 3290 1513 3360 Κύριος
1562 3291 1621 3344 ἐν
1657 3290 1736 3360 τῷ

178 3382 485 3450 Εὑαγγελίῳ
519 3382 830 3451 διχοτομίαν
864 3381 1170 3451 ὠνόμασεν.
1207 3382 1421 3452 ’Ὠσπερ
1445 3385 1554 3452 γὰρ
1583 3382 1736 3452 βασι-

175 3474 290 3534 λεὺς
326 3474 586 3543 ἄρχοντος
634 3473 969 3542 ἁμαρτόντος
1009 3471 1108 3542 τὴν
1165 3472 1344 3540 ζώνην
1397 3473 1729 3540 ἀφαιρεῖται,

177 3565 262 3614 καὶ
289 3563 349 3614 τὸ
369 3564 589 3630 ἀξίωμα
625 3563 912 3631 πρότερον,
945 3560 1040 3612 καὶ
1084 3559 1205 3612 τότε
1267 3556 1484 3619 κολάζει
1527 3573 1542 3588 ο
1592 3555 1734 3607 οὕτω

176 3653 446 3705 κάνταῦθα
473 3652 566 3704 τοῦ
621 3649 1006 3719 πνευματικοῦ·
1047 3646 1357 3717 ἀξιώματος
1400 3648 1671 3716 στερεῖται
1704 3646 1733 3697 ὀ

175 3741 471 3808 ἄνθρωπος,
501 3734 620 3792 εἶτα
649 3737 956 3803 κολάζεται.
977 3740 1047 3792 Ἢ
1075 3739 1165 3792 ὅτι
1183 3737 1276 3791 καὶ
1298 3736 1405 3790 τῶν
1425 3735 1734 3805 ἀσωμάτων

177 3831 346 3882 αὐτῶν
375 3828 732 3883 καθικνεῖται.
770 3830 926 3893 Τινὲς
971 3829 1028 3882 δέ
1080 3828 1253 3892 οὕτως
1297 3827 1604 3895 ἐξεδέξαντο
1643 3828 1732 3881 τὸν

174 3920 341 3988 λόγον,
383 3921 508 3990 ἐμοὶ
536 3920 733 3988 δοκεῖν,
771 3921 872 3975 οὐκ
913 3920 1222 3983 ἀκολούθως
1265 3922 1342 3990 τῷ
1392 3919 1733 3988 ἁποστολικῷ

179 4011 355 4081 σκοπῷ
373 4026 388 4039 ’
415 4011 501 4063 ὅτι
520 4012 548 4062 ὁ
567 4009 660 4063 τοῦ
681 4008 817 4072 Θεοῦ
841 4009 996 4077 λόγος
1035 4008 1293 4062 εἰσελθὼν
1313 4011 1392 4071 είς
1418 4011 1516 4077 τὴν
1534 4008 1728 4076 ψυχὴν,

175 4101 362 4171 διαιρεῖ
386 4101 481 4154 καὶ
505 4101 718 4169 μερίζει
745 4101 816 4153 τὰ
833 4088 1036 4168 ταύτης
1065 4099 1231 4169 μέρη,
1282 4099 1538 4167 δεκτικὴν
1565 4097 1732 4169 αὐτὴν

179 4192 335 4244 ποιῶν
379 4191 476 4243 καὶ
501 4189 811 4258 χωρητικὴν
863 4187 957 4240 τοῦ
1002 4187 1322 4259 μυστηρίου.
1378 4188 1586 4259 Ὠσπερ
1622 4187 1730 4259 γὰρ

178 4286 230 4336 τὺ
253 4283 401 4352 βέλος
423 4281 667 4351 διαιροῦν
695 4280 792 4352 τὴν
815 4282 1011 4352 σάρκα,
1055 4280 1229 4346 οὕτως
1278 4281 1362 4344 είς
1405 4280 1579 4352 αὐτὴν
1619 4281 1731 4347 eto-

179 4372 366 4426 δύεται⁶
399 4372 544 4425 οὕτω
569 4371 709 4425 καὶὸ
739 4372 916 4440 λόγος,
939 4371 1035 4427 ἐὰν
1061 4371 1141 4444 μὴ
1164 4372 1233 4425 τὰ
1259 4372 1731 4442 συμπεφραγμένα

178 4465 264 4533 τῆς
291 4465 469 4534 ψυχῆς
498 4464 640 4536 μέρη
669 4464 841 4538 διέλῃ,
869 4463 973 4517 οὐκ
994 4464 1061 4518 ἂν
1094 4465 1174 4528 εἰς
1202 4464 1371 4536 αὐτὴν
1408 4462 1656 4518 εἰσέλθοι.

1835 3287 2013 3340 batam
2048 3285 2400 3357 derelinquit,
2437 3303 2598 3358 quam
2631 3289 2890 3346 Dominus
2918 3293 2972 3346 in
2995 3291 3284 3364 Evangelio
3318 3296 3400 3350 di-

1833 3378 2099 3433 visionem
2138 3380 2457 3436 nominavit.
2496 3365 2728 3436 Perinde
2757 3398 2994 3451 namque
3026 3393 3083 3437 ut
3115 3399 3209 3438 rex
3240 3386 3393 3455 pria-

1833 3469 1939 3536 cipi
1968 3467 2198 3538 cuipiam
2236 3470 2478 3537 peccanti
2509 3471 2785 3539 cingulum
2814 3471 3024 3539 adimit,
3060 3489 3123 3527 ac
3151 3475 3390 3544 priorem

1832 3558 2170 3627 dignitatem,
2209 3565 2431 3628 tumque
2493 3560 2681 3628 punit:
2735 3561 2879 3615 hunc
2937 3561 3002 3615 ad
3035 3563 3257 3616 modum
3302 3564 3393 3619 bic

1832 3644 2100 3721 spirituali
2129 3645 2361 3714 primum
2397 3646 2659 3718 dignitate
2709 3649 2950 3718 privatur
2984 3650 3166 3716 homo,
3197 3652 3393 3708 deinde

1833 3733 2099 3803 supplicio
2134 3733 2404 3802 afficitur;
2442 3737 2527 3790 vel
2553 3738 2716 3792 etiam
2749 3740 2892 3808 quod
2925 3741 3239 3810 incorporea
3277 3744 3398 3811 ipsa

1832 3825 1974 3880 ferit.
2009 3823 2270 3880 Nonnulli
2303 3838 2482 3882 autem
2517 3829 2596 3883 sic
2640 3837 2969 3898 acceperunt
3000 3830 3146 3886 hunc
3185 3845 3392 3887 sermo-

1832 3931 1977 3980 nem,
2015 3917 2292 3971 sententia
2333 3925 2507 3982 certe,
2545 3932 2666 3974 meo
2699 3919 2936 3988 judicio,
2984 3921 3064 3977 ab;
3099 3921 3394 3992 apostoiieo

1832 4021 2005 4075 scopo
2054 4007 2196 4060 haud
2254 4008 2588 4063 aberrante:
2638 4011 2862 4065 verbum
2917 4012 3010 4066 Dei
3042 4013 3394 4083 simulatque

1831 4095 2070 4149 animam
2121 4096 2432 4166 ingressum
2485 4097 2671 4162 fuerit,
2702 4107 2882 4167 partes
2918 4101 3039 4168 ejus
3077 4101 3293 4168 dividit,
3331 4112 3391 4156 ut

1831 4187 1946 4255 ipsa
1990 4187 2296 4256 suscepti-ix
2340 4197 2392 4244 et
2423 4202 2592 4258 capax
2625 4189 2717 4242 liat
2749 4190 3009 4261 mysterii.
3047 4189 3202 4247 Sicut
3241 4195 3390 4249 enim

1833 4279 2030 4348 sagitta
2061 4291 2280 4333 carnem
2307 4278 2576 4344 dividens,
2616 4281 2694 4335 sic
2724 4280 2786 4335 in-
2799 4296 2917 4336 eam
2944 4284 3244 4354 ingreditur
3269 4304 3282 4340 :
3314 4297 3387 4341 tta

1833 4376 1887 4424 et
1935 4368 2187 4432 Verbum,
2233 4370 2342 4425 nisi
2381 4370 2747 4426 communitas
2767 4373 2960 4426 animm
3004 4381 3184 4445 partes
3215 4375 3390 4432 disse-

1834 4462 2029 4529 cuerit,
2062 4463 2206 4517 haud
2232 4470 2378 4519 certe
2412 4465 2466 4518 in
2514 4464 2684 4534 ipsam
2717 4463 3050 4532 ingredietur

167 4579 173 4614 ε
499 4526 696 4608 ’τεκαὶ
728 4526 989 4622 adsidua
1022 4526 1166 4608 ἰναη-
1188 4554 1266 4625 μὴ
1305 4526 1375 4608 τὰ
1411 4555 1510 4622 τῆς
1552 4553 1728 4626 ψυχῆς

1912 4526 2234 4622 Compagum
2282 4569 2486 4623 quoque
2509 4526 2573 4606 ac
2605 4526 2973 4607 indutiarum.
3001 4552 3078 4608 Ne
3105 4553 3386 4609 audientes

181 4644 496 4706 ἀκούσαντες
530 4645 936 4712 ρᾳθυμήσωσιν,
967 4645 1043 4709 ὠς
1077 4645 1274 4713 ἀδήλου
1296 4645 1461 4716 οὔσης
1485 4645 1584 4715 τῆς
1634 4661 1728 4698 κο-

183 4733 395 4801 λάσεως,
421 4733 714 4802 προτίθησι
737 4737 830 4786 καὶ
863 4736 931 4788 τὰ
957 4735 1053 4789 τοῦ
1075 4735 1346 4805 σώματος.
1379 4736 1461 4790 Τὰ
1486 4737 1597 4809 γὰρ
1623 4738 1724 4806 ἐμ·

185 4825 498 4895 φανέστερα,
538 4826 737 4895 μᾶλλον
762 4824 1150 4895 καταπλήττει.

243 5000 344 5054 Καὶ
369 5001 636 5069 κριτικὸς
661 5002 1048 5073 ἐνθυμήσεων
1071 5005 1168 5059 καὶ
1189 5005 1437 5060 ἐννοιῶν
1461 4998 1570 5074 τῆς
1591 5023 1728 5075 καρ-

187 5087 322 5156 δίας.
349 5093 461 5163 Τὴν
493 5093 722 5164 θεότητα
753 5097 988 5150 ἐνταῦθα
1015 5097 1164 5167 δηλοῖ
1203 5097 1297 5151 τοῦ
1341 5097 1536 5166 Λόγου.
1586 5096 1724 5150 Θεοῦ

189 5181 280 5250 γὰρ
304 5184 362 5234 τὸ
381 5185 719 5254 ἀνακρίνειν,
750 5187 1048 5253 τουτέστιν,
1070 5188 1282 5253 ἑτάζειν
1313 5190 1357 5220 ⁷⁸
1387 5188 1479 5241 καὶ
1523 5187 1724 5242 ειδέναι.

189 5270 272 5333 τὰς
296 5271 643 5343 ἐνθυμήσεις.
673 5274 924 5337 Ἒτάζων
968 5279 1096 5348 γὰρ,
1129 5279 1281 5349 φησὶ,
1326 5277 1571 5347 καρδίας
1627 5277 1725 5330 καὶ

192 5365 427 5429 νεφροὺς
454 5370 488 5419 ὀ
523 5367 686 5431 ϐιός.

249 5548 268 5578 ⁸
291 5545 430 5602 Paal.
451 5561 551 5612 m,
574 5545 664 5600 10.

1836 4647 2030 4701 anime
2061 4647 2149 4701 hic
2179 4647 2507 4701 mentimth
2548 4644 2687 4711 fieri,
2731 4653 3003 4716 torpeant,
3040 4661 3387 4716 ceupmnam

1835 4743 2098 4796 incertam
2122 4750 2245 4791 esse
2273 4737 2574 4804 cogitantes
2593 4777 2607 4800 ,
2648 4737 2908 4805 proponit
2931 4735 3089 4790 etiam
3115 4750 3233 4805 quae
3259 4745 3386 4792 sunt

1837 4826 2102 4895 corporis.
2142 4825 2272 4891 Qua:
2304 4826 2448 4881 enim
2492 4825 2870 4880 manifestiora
2901 4836 3046 4892 sunt,
3097 4828 3268 4894 magis
3309 4825 3387 4879 ίον

1838 4911 2004 4965 riunt.
2038 4902 2043 4909 ’

1909 4997 1980 5052 Et
2019 5000 2276 5056 diceretur
2307 5003 2682 5070 cogitationum
2722 5013 2769 5056 at
2800 5001 3140 5056 intentionem
3188 5001 3380 5055 cordia.

1833 5084 2178 5141 Divinitatem
2205 5087 2364 5144 Verbi
2396 5088 2480 5142 hic
2510 5088 2703 5142 innuit.
2733 5087 2824 5142 Dei
2851 5090 2993 5141 enim
3026 5087 3380 5156 eatjudioare.

1835 5179 1935 5234 hoc
1967 5193 2078 5246 est,
2103 5181 2390 5251 explorare
2417 5197 2494 5245 ac,
2525 5181 2742 5238 novisse
2790 5180 3168 5252 cogitationes.
3222 5178 3378 5232 Scru-

1839 5276 1956 5325 taris
1983 5273 2149 5339 enim,
2185 5271 2569 5344 inquit,corda
2589 5283 2638 5329 et
2663 5289 2809 5330 renes
2839 5271 2998 5329 Beas.

1497 5645 1699 5707 Varia
1724 5645 2052 5709 lectiones.

249 5748 290 5780 "
318 5745 587 5811 ἐξετάζειν
611 5741 689 5798 it.

455 5841 732 5902 ΡΑτιιοι..
783 5833 896 5893 Gn.
942 5832 1187 5893 CXXV.
