4068 6324
649 367 759 431 ’2⁸⁸1

1536 323 2111 421 meorumue”
2153 353 2564 415 sumsum
2589 356 2946 420 ARCHIEP.

3759 350 3864 416 258

667 471 882 558 "Vens.
917 479 1004 534 12.
1063 478 1269 533 Etenim
1332 493 1446 533 eum
1503 477 1753 549 deberetis
1804 459 1919 528 esse
1973 469 2210 521 doctores

2387 469 2496 522 Kal
2528 469 2637 536 τὰρ
2683 468 3025 537 ὀφείλοντες
3061 468 3215 523 εἶναι
3255 466 3608 524 διδάσκαλοι
3640 464 3740 521 διὰ
3778 465 3882 558 τὸν

657 555 865 634 proliter
897 579 1117 638 tempus.
1150 568 1567 623 Accusationem
1621 563 1872 619 encomio
1902 560 2112 621 miscet,
2138 558 2220 610 in-
2256 555 2259 558 ’

657 667 888 733 quiens:
951 663 1194 717 Aliorum
1255 676 1352 716 vos
1429 658 1711 714 debebatis
1759 669 1882 710 esse
1944 651 2217 705 doctores.

644 751 904 812 Ostendit
931 756 1074 810 enim
1105 755 1218 824 jam
1252 753 1380 806 olim
1416 752 1540 806 illos
1567 747 1888 810 credidisse,
1913 754 2220 810 arcanaque

661 846 938 924 religionis
960 844 1225 901 audiisse.
1257 843 1434 897 Ambo
1464 850 1642 895 autem
1682 839 1796 892 hzec
1848 835 2008 919 laude
2031 834 2218 924 digna,

660 922 712 987 si
741 932 900 987 modo
930 935 994 986 ad
1026 934 1334 1008 socordiam
1366 946 1472 985 non
1497 933 1500 936 ’
1530 938 1708 986 essent
1759 926 2014 999 prolapsi.
2057 922 2219 977 Tem-

665 1039 790 1092 pus,
824 1024 1020 1094 inquit,
1043 1023 1296 1078 fortiores
1331 1021 1554 1077 reddit:
1620 1035 1720 1074 vos
1781 1033 1908 1074 vero
1965 1013 2216 1072 dissoluti

661 1113 767 1167 hoc
797 1113 998 1166 frustra
1027 1112 1180 1166 abusi
1223 1112 1376 1167 estis.
1593 1179 1598 1183 '

732 1204 933 1258 Rursus
985 1203 1230 1274 indigetis
1271 1212 1326 1256 ut
1374 1219 1462 1257 vos
1521 1201 1815 1255 doceamini
1839 1196 2217 1268 quwsuntele-

661 1305 830 1348 menta
854 1293 1058 1348 exordii
1105 1311 1403 1349 sermonum
1439 1293 1558 1348 Dei.
1611 1293 1909 1354 Elementa,
1976 1304 2038 1346 ea
2097 1303 2217 1357 qua:

660 1393 789 1436 sunt
821 1384 887 1439 de
914 1375 1252 1439 humanitate
1279 1383 1485 1438 Christi
1519 1391 1698 1438 vocat.
1734 1380 1803 1436 Ut
1859 1380 2004 1436 enim
2039 1380 2096 1434 in
2122 1393 2217 1433 ex-

659 1473 832 1528 ternis
864 1472 1060 1528 litteris
1081 1475 1252 1542 prima
1280 1474 1548 1528 elementa
1597 1470 1857 1527 discenda
1889 1477 2037 1532 sunt,
2072 1469 2216 1522 hunc

662 1556 726 1615 ad
752 1566 967 1618 modum
1010 1565 1096 1619 hic
1151 1566 1382 1635 primum
1422 1564 1605 1618 doceri
1638 1571 1852 1632 oportet
1911 1561 1978 1614 de
2023 1560 2214 1614 imma-

660 1655 832 1708 nitate
878 1655 1109 1717 Christi,
1171 1663 1338 1724 atque
1403 1653 1705 1709 humilibus
1766 1650 2216 1714 assuescendum,

661 1741 856 1795 deinde
885 1743 1253 1796 accedendum
1282 1752 1365 1797 est
1407 1741 1475 1796 ad
1521 1755 1583 1797 ea
1625 1755 1746 1812 que
1785 1746 1912 1796 sunt
1963 1738 2213 1802 Deitatis,

662 1845 783 1900 qua!
809 1832 1117 1901 perfectiori
1153 1832 1457 1888 intellectus
1485 1847 1628 1901 opus
1661 1832 1881 1888 habent.
1928 1829 2069 1886 Ecce
2099 1829 2211 1900 jam

663 1923 734 1977 ab
769 1925 885 1996 ipso
913 1923 1083 1981 Paulo
1123 1925 1414 1982 manifeste
1447 1926 1715 1992 didicisti,
1737 1939 1898 1994 quam
1954 1924 2024 1979 ob
2084 1937 2214 1978 cau-

662 2027 778 2065 sam
829 2015 882 2066 in
937 2015 1238 2069 humilibus
1295 2015 1644 2070 sermonibus
1698 2014 2040 2076 immoratur,
2091 2027 2215 2068 raro

658 2112 838 2158 autem
879 2107 1106 2160 sublime
1139 2107 1339 2177 aliquid
1376 2107 1636 2177 loquitur,
1666 2112 1717 2158 et
1751 2104 1895 2173 quod
1942 2103 2010 2158 ob
2061 2103 2216 2157 infir-

658 2195 899 2250 mitatem
933 2197 1241 2251 auditorum
1278 2198 1378 2252 ista
1419 2199 1600 2252 faciat.
1633 2196 1770 2250 Ecce
1815 2197 1981 2267 igitur
2019 2203 2074 2250 et
2103 2197 2217 2252 haec

662 2281 904 2352 Epistola
948 2287 1244 2343 humilibus
1272 2296 1356 2342 est
1405 2285 1625 2341 referta.
1657 2283 1714 2339 Si
1772 2293 1954 2340 autem
2009 2285 2214 2356 aliquid

659 2375 891 2430 sublime
915 2377 1097 2442 habet,
1122 2378 1224 2432 hoc
1237 2378 1427 2447 paucis
1454 2377 1793 2448 transigitur.

553 2522 565 2526 _
719 2462 782 2515 Et
819 2465 949 2531 [acti
980 2470 1104 2536 estis
1135 2468 1324 2535 quibus
1365 2468 1498 2520 lacte
1555 2484 1682 2537 opus
1735 2469 1826 2528 sit,
1884 2484 1989 2523 non
2014 2468 2214 2526 isolido

569 2597 572 2600 .
656 2552 792 2607 cibo.
815 2551 932 2608 Non
968 2556 1125 2623 dixit,
1164 2555 1311 2626 Opus
1343 2557 1578 2621 habetis,
1616 2557 1732 2624 sed,
1755 2557 1885 2627 facti
1911 2561 2056 2623 estis,
2113 2559 2215 2614 hoc

657 2653 765 2706 est,
788 2646 991 2715 vosipsi
1017 2649 1267 2717 vosipsos
1306 2663 1371 2703 eo
1427 2650 1778 2718 perduxistis,
1811 2659 1987 2706 vestra
2023 2660 2217 2720 sponte

660 2733 971 2792 talesfacti.
1008 2736 1113 2792 Lac
1137 2747 1342 2802 autem,
1380 2741 1632 2794 humilem
1668 2742 1967 2797 orationem
2033 2745 2216 2814 appel-

657 2820 736 2876 lat
767 2825 949 2888 ethic,
982 2834 1036 2880 et
1065 2829 1117 2880 in
1157 2827 1396 2898 Epistula
1458 2831 1521 2883 ad
1575 2829 1925 2886 Corinthios:
1979 2832 2210 2886 solidum

659 2931 789 2970 vero
813 2916 1024 2980 cibum,
1056 2923 1380 2989 perfectiora
1406 2932 1460 2976 et
1497 2923 1712 2976 altiora.
1760 2923 1877 2979 Non
1934 2928 2215 2993 oportebat

658 3005 844 3074 igitur,
873 3008 1068 3075 inquit,
1105 3024 1248 3062 nunc
1278 3010 1618 3064 introducere
1648 3012 1856 3078 legalia,
1907 3021 1959 3065 et
1990 3012 2057 3065 ab
2094 3014 2216 3067 istis

2319 558 2559 625 χρόνον.
2603 556 2893 626 Ἐγκωμίῳ
2933 557 3148 626 μίγνυσι
3181 555 3280 628 τὴν
3311 554 3663 624 κατηγορίαν,
3692 549 3878 614 είπὼν,

2319 646 2422 713 ὅτι,
2460 647 2571 700 Καὶ
2612 646 2792 708 ἄλλοις
2829 646 2935 699 εδει
2973 646 3116 716 ὑμᾶς
3160 641 3299 699 εῖναι
3331 643 3699 703 διδασκάλους.
3737 639 3882 692 Δείκ-

2319 753 2438 791 νυσι
2464 737 2570 808 γὰρ
2599 738 2662 813 ὲκ
2688 735 2881 789 πολλοῦ
2907 735 3334 797 πεπιστευκότας
3360 733 3575 795 αὐτοὺς,
3623 730 3717 783 καὶ
3788 744 3882 796 μυ-

2320 829 2554 900 στηρίων
2590 828 2945 890 ἀκούσαντας’
2986 827 3153 897 ἄμφω
3195 825 3250 881 δὲ
3278 823 3458 884 ταῦτα
3492 823 3710 876 ἐπαίνου
3739 818 3878 883 ἄξια,

2286 927 2289 930 ‘
2318 920 2475 989 εἴπερ
2503 919 2655 973 αὐτοὶ
2687 919 2762 988 μὴ
2789 917 3202 989 ὲρρᾳθύμησαν.
3245 916 3304 967 '0
3333 915 3542 984 χρόνος,
3568 913 3722 981 φησι,
3752 909 3882 978 μᾶλ-

2316 1010 2407 1062 λον
2441 1009 2688 1078 ἰσχυροὺς
2715 1010 2871 1060 ποιεῖ’
2900 1009 3053 1077 ὑμεῖς
3081 1006 3135 1058 δὲ
3163 1005 3340 1079 μάτην
3399 1002 3567 1072 τούτῳ
3618 997 3883 1068 κατεχρή-

2319 1092 2484 1152 σασθε
2523 1098 2856 1161 ἐκλυθέντες.

2387 1187 2581 1243 Πάλιν
2604 1187 2814 1256 χρείαν
2847 1187 3014 1255 ἔχετε
3040 1187 3144 1240 τοῦ
3193 1184 3502 1237 διδάσκειν
3552 1180 3706 1247 ὑμᾶς
3752 1180 3884 1232 τίνα

2316 1281 2388 1334 τὰ
2433 1278 2701 1348 στοιχεῖα
2757 1276 2868 1344 τῆς
2923 1275 3114 1345 ἀρχῆς
3160 1275 3277 1329 τῶν
3318 1274 3539 1346 λογίων
3568 1272 3671 1325 τοῦ
3715 1270 3881 1325 Θεοῦ.

2317 1371 2582 1441 Στοιχεῖα,
2625 1370 2692 1422 τὰ
2737 1369 2866 1437 περὶ
2907 1367 3007 1437 τῆς
3047 1365 3458 1436 ἅνθρωπότητος
3507 1362 3601 1415 τοῦ
3648 1358 3882 1430 Χριστοῦ

2317 1477 2501 1532 φησιν.
2537 1460 2747 1529 Ὥσπερ
2776 1460 2885 1530 γὰρ
2913 1458 3004 1510 ἐπὶ
3035 1456 3142 1510 τῶν
3189 1455 3385 1521 ἔξωθεν
3403 1480 3407 1481 ν
3426 1451 3766 1522 γραμμάτων
3793 1447 3881 1532 Ϋτὰ

2319 1531 2556 1619 στοιχεῖα
2605 1532 2830 1617 πρῶτον
2859 1545 2941 1598 δεῖ
2993 1543 3205 1614 μαθεῖν,
3257 1539 3400 1594 οὕτω
3431 1539 3495 1610 δὴ
3527 1537 3621 1590 καὶ
3654 1531 3884 1588 ἐνταῦθα

2316 1639 2534 1709 πρῶτον
2562 1637 2690 1706 περὶ
2722 1637 2819 1705 τῆς
2849 1635 3266 1704 ἀνθρωπότητος
3296 1630 3404 1682 ἔδει
3431 1626 3761 1696 διδαχθῆναι,
3793 1621 3881 1675 καὶ

2319 1732 2432 1792 τοῖς
2455 1729 2728 1790 ταπεινοῖς
2769 1725 3130 1798 ὲνεθισθῆναι,
3174 1718 3292 1777 εἶτα
3335 1722 3448 1784 τοῖς
3497 1719 3594 1787 τῆς
3637 1716 3881 1780 θεότητος

2324 1821 2649 1890 προσϐῆναι,
2689 1818 3026 1887 τελειοτέρας
3054 1814 3288 1876 διανοίας
3313 1811 3607 1881 δεομένοιςι
3655 1807 3790 1861 Ἰδοὺ
3827 1804 3884 1856 ἁ-

2323 1914 2552 1985 ριδήλως
2585 1909 2786 1978 ἔμαθες
2825 1909 2955 1978 παρ’
2983 1907 3147 1959 αὑτοῦ
3189 1906 3282 1958 τοῦ
3316 1903 3551 1965 Παύλου,
3596 1899 3740 1960 τίνος
3771 1895 3881 1948 ῑνε-

2320 2021 2416 2057 κεν
2443 2006 2554 2065 τοῖς
2592 2002 2687 2069 μὲν
2718 2001 2994 2062 ταπεινοῖς
3022 1998 3202 2065 λόγοις
3230 1993 3574 2064 ἐνδιατρίϐει,
3605 1986 3885 2046 σπανιάκις

2321 2095 2379 2146 δὲ
2409 2091 2608 2161 ὑψηλόν
2633 2109 2685 2144 τι
2713 2089 2882 2158 λέγει,
2913 2090 3005 2142 καὶ
3028 2089 3108 2141 ὅτι
3126 2087 3229 2154 τῆς
3257 2083 3533 2143 ἀσθενείας
3575 2079 3683 2132 τῶν
3731 2075 3884 2130 ἀκου-

2322 2185 2489 2237 όντων
2545 2183 2703 2235 τοῦτο
2742 2183 2902 2252 χάριν
2954 2181 3116 2234 ποιεῖ.
3191 2178 3321 2230 Ἰδοὺ
3377 2174 3507 2242 γοῦν
3540 2171 3634 2224 καὶ
3675 2167 3813 2234 αῦτη
3853 2165 3882 2233 ἡ

2333 2274 2619 2344 Ἐπιστολὴ
2645 2273 2752 2326 τῶν
2785 2274 2883 2342 μὲν
2915 2269 3186 2323 ταπεινῶν
3216 2267 3462 2336 γέμεινθ.
3499 2263 3560 2315 Ei
3594 2261 3649 2313 δέ
3696 2276 3750 2311 τι
3795 2255 3880 2308 καὶ

2322 2365 2522 2436 ὑψηλὸν
2563 2365 2696 2435 ἔχει,
2745 2363 2916 2433 βραχὺ
2943 2364 3118 2416 τοῦτο.

2358 2452 2467 2508 Καὶ
2502 2455 2783 2521 γεγόνατε
2816 2453 3023 2520 χρείαν
3057 2451 3298 2518 ἔχοντες
3321 2447 3633 2513 γάλακτος,
3676 2441 3774 2493 καί
3817 2439 3879 2492 οὐ

2322 2542 2572 2612 στερεᾶς
2594 2542 2839 2612 τροφῆς.
2857 2542 2970 2596 Οὐκ
2993 2538 3166 2606 εἶπεν,
3189 2541 3291 2602 ὃτι,
3317 2537 3520 2609 Χρείαν
3541 2537 3709 2604 ἔχετε,
3733 2529 3880 2594 ἀλλὰ,

2324 2636 2625 2706 γεγόνατε,
2662 2635 2957 2698 τουτέστιν,
2992 2634 3149 2702 ὑμεῖς
3181 2632 3333 2684 αὐτοὶ
3376 2629 3598 2688 ἑαυτοὺς
3629 2628 3705 2687 είς
3736 2621 3881 2676 τοῦτο

2322 2729 2711 2794 κατεστήσατε,
2773 2727 2835 2777 ὲκ
2885 2724 3255 2794 προαιρέσεως
3305 2721 3535 2773 τοιοῦτοι
3587 2713 3878 2783 γεγονότες.

2321 2819 2467 2874 Γάλα
2503 2820 2560 2872 δὲ
2588 2819 2677 2870 τὸν
2711 2818 2965 2871 ταπεινὸν
2995 2817 3149 2884 λόγον
3182 2814 3335 2867 καλεῖ
3366 2814 3460 2866 καὶ
3496 2808 3746 2871 ἐνταῦθα,
3797 2803 3878 2857 καὶ

2323 2914 2379 2965 ἐν
2418 2914 2484 2983 τῇ
2524 2911 2659 2982 πρὸς
2702 2909 3042 2978 Κορινθίους
3089 2908 3314 2978 στερεὰν
3348 2906 3404 2958 δὲ
3440 2902 3662 2975 τροφὴν.
3693 2898 3760 2950 τὰ
3802 2911 3873 2948 τε·

2323 3003 2567 3071 λειότερα
2587 3001 2679 3052 καὶ
2695 3000 2921 3067 ὑψηλότε
2932 3014 3017 3068 ρα.
3036 2987 3148 3048 Οὐκ
3165 2995 3273 3048 ἔδει
3291 2993 3404 3060 οὖν,
3428 2994 3581 3060 φησι,
3595 2988 3688 3040 νῦν
3707 2988 3878 3039 ἔπεισι

657 3096 1120 3162 comparationem
1154 3097 1333 3152 facere
1395 3099 1837 3168 incomparabilis
1878 3100 2100 3163 Christi,
2132 3090 2214 3156 ni-

2326 3094 2477 3159 ἀγειν
2515 3091 2582 3142 τὰ
2608 3088 2825 3155 νομικὰ,
2847 3088 2940 3137 καὶ
2980 3086 3086 3138 ἀπὸ
3113 3086 3317 3136 τούτων
3347 3081 3613 3134 ποιεῖσθαι
3641 3078 3734 3147 τὴν
3761 3075 3872 3140 σύγ.

656 3185 851 3254 mirum
878 3188 1020 3256 quod
1050 3189 1121 3243 sit
1150 3187 1415 3253 Pontifex,
1435 3165 1817 3258 quod-sacrum
1845 3190 2050 3250 fecerit.
2070 3193 2213 3262 quod

2321 3198 2501 3251 κρισιν
2537 3177 2630 3232 τοῦ
2675 3176 3008 3246 ἀσυγκρίτου
3053 3174 3310 3244 Χριστοῦ,
3350 3174 3429 3224 ὅτι
3458 3188 3515 3222 τε
3558 3165 3874 3237 Ἀρχιερεὺς,

657 3287 783 3328 cum
819 3275 1055 3355 clamore
1088 3292 1342 3347 precatus
1378 3284 1469 3342 sit,
1504 3296 1570 3336 ac
1600 3282 2020 3348 supplicationes
2074 3283 2216 3338 fece-

655 3361 732 3418 t'it
762 3379 775 3415 :
807 3371 1043 3419 attamen
1065 3368 1192 3435 quia
1223 3382 1318 3421 vos
1351 3369 1499 3423 hisce
1530 3371 1761 3435 alimini,
1795 3387 2046 3440 praepono
2078 3373 2214 3428 haec.

659 3447 900 3506 Observa
928 3463 1106 3532 autem
1147 3459 1290 3524 quod
1324 3471 1443 3525 qua:
1488 3474 1634 3511 nunc
1687 3459 1844 3514 nobis
1900 3461 2120 3526 adsunt,
2154 3479 2215 3516 ea

660 3554 775 3597 tum
816 3544 1036 3596 alebant
1070 3544 1214 3610 illos,
1255 3556 1309 3599 et
1335 3547 1480 3616 quod
1516 3563 1699 3602 verum
1741 3557 1869 3603 sunt
1901 3551 2215 3607 alimentum

659 3631 873 3700 eloquia
907 3631 1019 3687 Dei.
1044 3633 1189 3688 Dabo
1212 3636 1379 3701 enim,
1410 3637 1605 3707 inquit,
1621 3637 1812 3705 [amem
1839 3639 1946 3693 illis
1969 3640 2218 3695 audiendi

656 3720 866 3775 uerbum
886 3722 1116 3781 Domini.
1573 3775 1600 3800 2

728 3814 894 3870 Vens.
927 3818 1011 3872 15.
1060 3816 1243 3871 Omnis
1267 3820 1403 3872 ettiut
1459 3821 1548 3889 qui
1605 3820 1758 3874 lactis
1802 3830 1881 3877 est
1934 3821 2217 3890 particeps,

658 3910 956 3977 inexpertus
990 3919 1066 3963 est
1097 3912 1353 3964 sermonis
1409 3911 1638 3980 justitia:
1665 3927 1685 3966 :
1749 3911 1910 3983 681
1967 3912 2217 3978 paruulus

657 4002 796 4053 enim
829 4013 925 4055 est.
965 4000 1264 4066 Justitiam,
1295 4003 1382 4057 hic
1413 4003 1492 4056 vel
1551 4014 1797 4058 exactam
1858 4002 2076 4056 vivendi
2134 4017 2220 4055 ra-

660 4093 860 4144 tionem
905 4095 1157 4161 appellat,
1185 4103 1440 4162 tanquam
1497 4095 1600 4148 hoc
1653 4094 1862 4156 dicens,
1920 4094 2066 4162 qvod
2122 4094 2221 4145 im-

660 4182 965 4251 perfectus,
1029 4185 1345 4252 inexpertus
1402 4190 1485 4238 est
1539 4198 1790 4252 superna:
1836 4182 2217 4252 philosOphite,

661 4286 763 4324 nec
799 4281 972 4340 potest
1018 4274 1261 4343 recipere
1309 4287 1578 4327 summam
1631 4281 1686 4327 et
1728 4279 1970 4326 exactam
2027 4275 2216 4338 vitam;

659 4363 814 4433 quod
840 4374 892 4416 et
919 4363 1165 4418 Christus
1200 4365 1467 4434 exigebat,
1525 4358 1711 4420 dicens
1741 4382 1753 4417 :
1810 4365 1934 4418 Nisi
1982 4364 2219 4418 abunda-

2318 3276 2411 3328 καὶ
2436 3275 2517 3325 ὅτι
2551 3273 2730 3334 ἔθυσε,
2760 3270 2853 3322 καὶ
2883 3269 2963 3321 ὅτι
3002 3267 3139 3336 μετὰ
3177 3263 3423 3335 κραυγῆς
3448 3260 3638 3330 ἐδεήθη
3667 3259 3755 3310 καὶ
3781 3257 3856 3307 ἷκε

2316 3367 2533 3435 τηρίαςθ
2576 3364 2689 3418 ἀλλ’
2726 3364 2874 3432 ὅμως
2917 3359 3105 3426 ἐπειδὴ
3151 3355 3412 3427 τρέψεσθε
3457 3352 3667 3412 τούτοις
3708 3344 3873 3417 ὑμεῖς,

2320 3458 2615 3528 προτίθημι
2664 3456 2756 3508 καὶ
2799 3451 2992 3507 ταῦτα.
3043 3449 3356 3519 Σημείωοαι
3394 3447 3451 3499 δὲ
3491 3446 3574 3498 ὅτι
3608 3442 3644 3496 ἃ
3669 3440 3714 3474 ⁸⁸
3756 3439 3870 3508 qua

2321 3549 2677 3616 προσίσταται
2729 3545 2846 3606 νῦν,
2892 3542 3132 3601 ἐκείνους
3175 3538 3296 3590 τότε
3323 3537 3367 3570 ⁸¹
3416 3536 3632 3605 ἔτρεφε.
3665 3532 3774 3585 καὶ·
3800 3529 3873 3580 ὅτι

2317 3637 2490 3707 τροφὴ
2521 3633 2723 3704 ἀληθὴς
2769 3632 2836 3685 τὰ
2864 3632 3022 3696 λόγια
3047 3628 3141 3680 τοῦ
3171 3627 3327 3680 Θεοῦ.
3361 3626 3535 3678 Δώσω
3563 3624 3692 3691 γὰρ,
3731 3621 3871 3688 φησὶ,

2318 3728 2497 3796 λιμὸν
2523 3726 2724 3790 αὐτοῖς
2749 3723 2854 3779 τοῦ
2880 3721 3135 3776 ἀκοῦσαι
3159 3721 3344 3786 λόγον
3368 3715 3606 3782 Κυρίου.

2392 3817 2515 3884 Πᾶς
2561 3816 2671 3886 γὰρ
2709 3820 2742 3870 o'
2781 3813 3050 3884 μετέχων
3083 3811 3385 3880 γάλακτος,
3418 3809 3658 3874 ἄπειρος
3700 3803 3871 3882 λόγοι]

2318 3911 2726 3977 δικαιοσύνης·
2773 3906 2990 3973 νήπιος
3031 3903 3142 3974 γάρ
3194 3905 3342 3956 ἐστι.
3396 3895 3744 3964 Δικαιοσύνην
3795 3893 3872 3944 ιν-

2322 4000 2562 4070 ταῦθαῆ
2601 4000 2692 4052 τὸν
2740 3999 2852 4068 βίον
2897 3998 2989 4049 τὸν
3026 3994 3401 4067 ἠκριϐωμὲνον
3455 3991 3639 4059 φησιν,
3688 3984 3871 4038 ὡσανεὶ

2321 4093 2478 4146 τοῦτο
2498 4091 2692 4158 λέγων,
2709 4091 2812 4152 ὅτι,
2828 4091 2889 4142 '0
2907 4089 3098 4156 ἀτελὴς
3119 4086 3340 4152 ἄπειρός
3364 4086 3478 4136 ἐστι
3493 4081 3589 4147 τῆς
3603 4079 3713 4131 ἄνω
3735 4074 3870 4144 φιλο-

2325 4184 2536 4253 σοφίας,
2581 4183 2677 4235 καὶ¹
2720 4181 2781 4233 οὐ
2825 4180 3045 4232 δύναται
3078 4173 3477 4243 παραδέξασθαι
3519 4170 3629 4238 βίον
3674 4169 3865 4236 ἄκρον·

2319 4277 2456 4345 ὅπερ
2486 4275 2582 4328 καὶ
2614 4277 2641 4327 ὁ
2667 4271 2896 4342 Χριστὸς
2923 4270 3138 4339 ἀπῄτει,
3175 4267 3366 4331 λέγων’
3410 4263 3552 4315 Ἐὰν
3574 4259 3658 4330 μὴ
3683 4270 3870 4326 περισο

2320 4369 2516 4435 σπύσῃ
2563 4366 2602 4433 ἡ
2636 4362 2986 4427 δικαιοσύνη
3033 4357 3192 4428 ὑμῶν
3237 4355 3428 4410 πλέον
3467 4351 3586 4405 τῶν
3615 4353 3867 4419 Γραμμα-

660 4454 1017 4521 veritjustitia
1056 4465 1224 4507 vestra
1255 4455 1372 4521 plus
1401 4470 1557 4521 quam
1589 4455 1891 4509 Scribarum
1942 4467 1990 4509 et
2027 4455 2217 4509 Phari-

2323 4458 2471 4512 τέων
2497 4455 2592 4508 καί
2617 4451 2953 4521 Φαρισαίων
2976 4465 2990 4478 ’
3024 4449 3058 4518 ἢ
3087 4444 3477 4512 δικα-ιοσύνηνμ
3497 4441 3604 4494 τὸν
3629 4436 3868 4508 Χριστόν

657 4563 883 4601 “eorum
922 4548 997 4612 ‘3;
1032 4545 1110 4598 vel
1141 4545 1434 4612 justitiam,
1475 4546 1652 4614 ipsum
1721 4546 1982 4599 Christum
2037 4562 2215 4613 vocat,

661 4637 764 4689 hoc
797 4640 1022 4696 dicens:
1062 4638 1162 4704 Qui
1225 4637 1499 4707 particeps
1556 4641 1639 4690 est
1675 4635 1959 4688 humilium
2015 4636 2080 4689 de
2139 4638 2220 4689 in-

662 4729 976 4781 carnatione
998 4744 1336 4793 sermonum,
1381 4726 1544 4782 verba
1575 4726 1829 4782 sublimia
1892 4724 2220 4793 Christoque

659 4815 821 4884 digna
848 4832 950 4868 non
990 4820 1247 4882 admittit,
1305 4827 1491 4890 utpote
1534 4817 1626 4888 qui
1685 4817 1862 4871 infans
1896 4824 1996 4882 est,
2059 4823 2221 4885 atque

659 4909 763 4961 ista
782 4922 973 4978 capere
999 4915 1200 4978 nequit.

731 5000 899 5058 Vens.
936 5001 1021 5059 14.
1061 5000 1423 5071 Perfectorum
1483 5012 1656 5058 autem
1704 5013 1775 5056 est
1832 5004 2031 5056 solidus
2053 5001 2219 5055 cibus.

663 5095 775 5149 lioc
805 5108 909 5160 cst,
948 5095 1213 5150 sublimes
1241 5093 1617 5148 institutiones
1649 5094 1715 5146 de
1744 5094 2028 5147 divinitate
2060 5091 2219 5146 Chri-

665 5187 750 5238 sti.
795 5186 956 5242 Vides
985 5187 1269 5242 infantiam
1309 5185 1532 5244 alteram
1613 5197 1733 5251 qua:
1779 5191 1830 5234 et
1883 5183 1936 5234 in
1979 5181 2218 5251 grandae-

662 5276 745 5329 vis
779 5287 881 5340 est,
914 5280 1108 5335 mentis
1138 5278 1386 5334 videlicet
1412 5295 1425 5331 :
1449 5290 1513 5330 ac
1545 5271 1951 5345 perfectionem,
1973 5285 2133 5337 quam
2169 5283 2224 5325 et

663 5367 889 5436 juvenes
925 5368 1125 5423 habere
1155 5370 1292 5424 nihil
1323 5367 1567 5439 impedit.

732 5458 837 5525 Qui
853 5474 946 5524 pro
974 5460 1084 5525 ipsa
1115 5461 1482 5516 consuetudine
1507 5459 1815 5515 exercitatos
1842 5454 2221 5508 habentsensus

738 5573 779 5604 ’⁵
810 5571 998 5626 Matth.
1033 5588 1084 5634 ν,
1111 5572 1199 5624 9.0.

2326 4566 2491 4617 φησιν
2528 4548 2712 4609 αὐτὸν,
2743 4543 2902 4596 τοῦτο
2933 4541 3130 4607 λέγων,
3171 4539 3253 4589 ὅτι
3294 4535 3354 4588 '0
3390 4533 3630 4601 μετέχων
3654 4530 3760 4582 τῶν
3782 4541 3867 4617 ται

2325 4615 2524 4689 πεινῶν
2566 4637 2658 4687 καὶ
2696 4632 2948 4702 περὶτῆς
2979 4626 3306 4696 σαρκώσεως
3348 4621 3541 4686 λόγων,
3586 4615 3868 4702 τοὺςγῦψη-

2326 4727 2449 4788 λοὺς
2481 4727 2574 4776 καὶ
2605 4701 2784 4785 ἀξίους
2811 4715 3045 4786 Χριστοῦ
3074 4715 3264 4779 λόγους
3297 4711 3356 4761 οὐ
3401 4708 3634 4777 δέχεται,
3677 4701 3762 4757 οἷα
3790 4704 3865 4770 νή-

2327 4833 2447 4878 πιος
2477 4813 2570 4867 καὶ
2612 4810 2813 4863 τούτων
2839 4803 3235 4874 ἁπαράδεκτος.

2405 4997 2654 5052 Τελοίων
2681 4991 2749 5047 δέ
2796 4991 2969 5045 ἐστιν
2996 4988 3036 5056 ἠ
3088 4984 3302 5054 στερεὰ
3344 4981 3553 5051 τροφή.
3599 4979 3863 5041 Τουτέστι,

2327 5082 2600 5158 τᾶὗψηλὰ
2646 5085 2914 5153 δόγματα,
2949 5078 3016 5133 τὰ
3046 5079 3173 5147 περὶ
3214 5075 3312 5144 τῆς
3338 5073 3586 5143 θεότητος
3618 5071 3711 5125 τοῦ
3746 5069 3864 5138 Χριο

2332 5181 2480 5236 στοῦ.
2524 5178 2686 5248 Ὁρᾷς
2728 5172 3029 5243 νηπιότητα
3079 5168 3310 5238 ἑτέραν,
3361 5164 3427 5234 ἢν
3485 5165 3578 5217 καὶ
3629 5164 3862 5234 γέροντες

2331 5278 2536 5345 ἐχουσι,
2585 5271 2685 5338 τὴν
2735 5266 2842 5322 τῶν
2876 5263 3122 5335 φρενῶν·
3160 5261 3254 5316 καὶ
3300 5259 3633 5331 τελειότητα,
3669 5256 3736 5330 ἢν
3782 5250 3862 5305 καὶ

2329 5366 2483 5424 νέους
2507 5361 2651 5427 ἔχειν
2690 5355 2841 5408 οὐδὲν
2874 5352 3174 5421 ἐμποδίζει.
3251 5360 3256 5364 ’

2408 5453 2528 5507 Τῶν
2550 5449 2646 5503 διὰ
2686 5447 2795 5518 τὴν
2823 5446 2954 5512 ἕξιν
2993 5444 3066 5500 τὰ
3109 5442 3460 5514 αἰσθητήρια
3489 5445 3750 5513 ἐχόντων
3784 5447 3860 5505 1*-

1955 5629 2150 5689 Varia?
2186 5625 2511 5711 lectiones.

732 5748 774 5780 "
811 5747 1079 5818 μέμνηται
1112 5760 1162 5800 ο.
1239 5745 1284 5776 ⁸⁸
1314 5748 1341 5798 ὁ
1368 5761 1399 5800 ο
1515 5747 1557 5778 ⁸¹
1591 5747 1742 5803 τοῦτο
1773 5763 1826 5801 o.
