4068 6324
155 389 261 457 Ξ49

867 390 1271 458 EXPOSITIO
1316 395 1397 456 IN
1426 394 1806 460 EPIST..AD
1838 399 2228 464 HEBR/EOS.
2255 421 2327 440 -
2359 401 2517 464 CAP.
2542 405 2660 463 'VI.
2681 395 2690 406 ⁸
2749 474 2755 478 _

3186 402 3188 404 ⁷
3264 405 3373 472 ἳδθ

157 501 547 571 run-(rapere
574 502 723 574 πρὸς
747 502 1047 572 διάκρισιν
1067 505 1257 560 καλοῦ
1280 522 1344 559 τε
1374 507 1473 560 καί
1503 510 1712 576 κακοῦ.

1816 514 1886 564 ad
1915 512 2276 570 discretionem
2303 515 2424 572 boui
2472 525 2522 570 et
2553 515 2702 570 mali.
2748 488 3227 582 Consuetudinem,
3285 520 3375 575 hic

157 594 334 658 Ἐξεν,
366 593 464 662 τὴν
493 591 808 663 τελειότητα
839 596 937 663 καῖ
963 595 1269 667 πμγιότητα
1299 596 1409 650 τῶν
1435 597 1583 668 ἠθῶν
1612 617 1720 669 φη-

159 703 262 739 σιν.
309 684 367 737 '0
389 684 567 744 τοίνυν
600 685 796 753 πάγιος
820 687 880 740 τὸ
915 680 1069 754 ἦθος,
1099 680 1255 750 οὗτος
1288 688 1383 756 καὶ
1422 689 1492 742 τὰ
1531 689 1724 761 αἰσθη-

155 777 325 846 τήρια
380 775 480 845 τῆς
541 776 721 846 ψυχῆς
775 777 887 849 ἔχει
929 780 1353 848 γεγυμνασμένα
1390 782 1510 846 ταῖς
1549 781 1722 849 θείαις

156 869 421 938 Γραφαῖς,
457 868 595 940 πρὸς
626 867 898 938 διάκρισιν
933 869 1220 939 δογμάτων
1246 871 1467 942 ὑψηλῶν
1506 875 1600 937 καὶ
1626 891 1723 927 τα-

157 958 380 1022 πεινῶν,
413 959 584 1027 ὑγιῶν
613 960 708 1014 καὶ
730 958 1163 1032 διεφθαρμένων.
1197 961 1270 1016 οὐ
1305 962 1414 1034 γὰρ
1444 964 1574 1033 περὶ
1603 963 1719 1034 βίου

159 1050 394 1109 ἐνταῦθα
422 1067 588 1122 φησι·
617 1051 808 1107 τοῦτον
832 1054 941 1121 γὰρ
971 1053 1081 1116 πᾶς
1117 1052 1408 1124 διακρίνει,
1445 1055 1554 1108 καὶ
1580 1051 1720 1110 οἶδεν

157 1142 236 1194 δτι
267 1141 475 1210 φαῦλον
507 1143 541 1212 ή
570 1143 762 1208 κακία,
805 1143 901 1196 καὶ
942 1142 1204 1215 ἀγαθδνή
1236 1144 1430 1216 ἀρετή.
1479 1146 1626 1218 Ὅρα
1662 1148 1718 1202 δὲ

155 1233 234 1284 δτι
261 1232 573 1300 γυμνασίας
613 1232 792 1302 χρεία,
829 1234 925 1287 καὶ
957 1234 1261 1306 ἀσκήσεως,
1297 1237 1392 1290 καὶ
1427 1238 1718 1307 ἐμπειρίας

155 1319 262 1374 τῶν
283 1321 542 1391 Γραφῶν,
572 1325 620 1375 εί
655 1323 944 1394 μέλλοιμεν
969 1324 1266 1398 διακρίνειν
1288 1326 1412 1380 τίνα
1437 1313 1541 1380 τῶν
1566 1329 1718 1398 αίρε-

155 1408 340 1473 πικῶν,
373 1411 470 1462 καὶ
489 1409 610 1463 τίνα
629 1407 691 1463 οὗ
709 1426 724 1443 ο
751 1413 846 1466 καὶ
865 1411 911 1445 ⁸¹
945 1413 1021 1484 μὴ
1052 1413 1239 1476 ἁπλῶς
1266 1416 1431 1468 πᾶσιν
1455 1414 1719 1470 ἐκδιδόναι

155 1500 220 1554 τὰ
245 1497 379 1554 ὦτα.
406 1501 630 1571 Αάρυγξ
685 1503 787 1573 μὶν
821 1503 933 1576 γὰρ
987 1506 1108 1559 σῖτα
1155 1504 1412 1574 γεύεται·
1464 1505 1610 1578 ψυχὴ
1659 1506 1718 1561 δὲ

155 1589 440 1658 δοκιμάζει
470 1590 684 1659 λόγους.

741 1819 992 1878 ΚΕΦΔΛ.
1036 1823 1127 1888 ς’.

1824 608 2346 662 consummationem
2369 616 2424 662 et
2479 607 2787 663 firmitatem
2843 622 3054 662 morum
3104 610 3372 667 nominat.

1822 694 1923 762 Qui
1943 696 2108 767 igitur
2143 700 2384 755 moribus
2433 700 2654 767 vitaque
2707 699 2897 758 firmus
2945 709 3051 763 est,
3109 700 3156 756 is
3204 701 3371 757 etiam

1821 791 2015 846 animae
2042 790 2294 846 sensoria
2324 791 2488 846 habet
2542 793 2839 847 exercitata
2870 794 2922 846 in
2959 791 3162 847 divinis
3219 791 3372 847 Scri-

1821 881 2016 949 pturis,
2039 880 2106 934 ad
2163 880 2608 949 dijudieationem
2665 882 2945 937 humilium
2971 891 3025 937 et
3061 883 3372 937 sublimium

1819 972 2151 1043 dOgmatnm,
2186 986 2447 1027 sanorum
2505 973 2632 1030 item
2680 981 2736 1026 et
2794 980 3197 1043 corruptorum.
3257 972 3374 1029 Non
3425 960 3429 962 ’

1819 1063 1961 1116 enim
1996 1062 2063 1118 de
2089 1062 2196 1118 vita
2236 1062 2324 1117 hic
2355 1063 2637 1132 loquitur:
2670 1077 2790 1119 eam
2819 1065 2963 1119 enim
2994 1065 3375 1134 unusquisque

1820 1151 2112 1222 diiudicat,
2138 1168 2204 1207 ac
2241 1155 2392 1208 novit
2424 1153 2568 1223 quod
2597 1167 2688 1208 res
2746 1167 2912 1224 prava
2940 1154 3009 1210 sit
3039 1155 3269 1217 malitia,
3321 1163 3376 1210 et

1820 1256 1909 1297 res
1938 1243 2079 1298 bona
2131 1243 2329 1299 virtus.
2395 1242 2780 1299 Animadverte
2823 1253 3002 1299 autem
3056 1260 3194 1315 opus
3250 1260 3375 1300 esse

1817 1323 2228 1400 exercitatione,
2259 1344 2314 1390 et
2343 1335 2718 1400 meditatione,
2751 1345 2805 1392 et
2832 1338 3028 1408 peritia
3058 1335 3374 1407 Scriptura-

1819 1439 1963 1492 rum,
1995 1425 2042 1480 si
2065 1424 2416 1494 dijudicaturi
2436 1425 2610 1481 simus
2655 1441 2902 1496 quanam
2955 1427 3069 1482 sint
3096 1428 3374 1492 haeretica,

1815 1523 1872 1570 et
1922 1531 2205 1593 quaanon,
2244 1524 2299 1571 et
2329 1530 2436 1570 non
2485 1517 2801 1587 simpliciter
2844 1518 3099 1573 omnibus
3155 1531 3377 1571 accom-

1816 1594 2038 1659 moda/re
2066 1619 2251 1659 aures.
2281 1604 2480 1660 Guttur
2503 1605 2648 1660 enim
2699 1606 2878 1661 cibum
2919 1613 3150 1677 gustat:
3197 1606 3374 1660 anima

1819 1710 1950 1750 vero
1977 1708 2259 1751 sermones
2290 1695 2504 1764 probat.

2379 1830 2609 1888 CAPUT
2661 1829 2750 1886 VI.

217 1940 312 1993 Διὸ
329 1938 582 2009 ἀφέντες
606 1937 715 1992 τὸν
742 1938 852 2005 τῆς
872 1937 1065 2008 ἀρχῆς
1097 1939 1205 1998 τοῦ
1225 1937 1484 2008 Χριστοῦ
1501 1944 1708 2013 λόγον,

1867 1945 2064 2002 VensJ
2078 1987 2091 2001 .
2112 1945 2442 2015 Quapropter
2454 1947 2846 2012 intermittentes
2865 1945 3208 2001 inrhoationis
3224 1947 3379 2003 Chri-

157 2029 249 2085 ᾶκί
280 2031 403 2102 τὴν·
423 2026 769 2098 τελειότήτα
795 2029 1117 2100 φερώμεθα.
1151 2027 1318 2085 Εἶπεν
1346 2032 1604 2104 ἀνωτέρω
1632 2035 1712 2087 ὅτι

157 2122 346 2193 νωθροὶ
406 2123 685 2190 γεγόνατε,
745 2122 840 2174 καὶ
871 2123 954 2175 ὅτι
1004 2123 1224 2194 νήπιοι,
1254 2125 1347 2177 καὶ
1400 2125 1481 2187 είς
1524 2126 1714 2195 χρείαν

159 2215 454 2286 ωτέστητε
482 2215 575 2272 τοῦ
608 2213 769 2268 πάλιν
785 2215 853 2267 τὰ
878 2214 1070 2285 πρῶτα
1101 2218 1335 2285 στοιχεῖα
1351 2217 1450 2286 τῆς
1479 2219 1713 2282 πίστεως

163 2305 448 2374 μανθάνειν
468 2323 483 2338 ⁸
510 2307 603 2359 καὶ
640 2305 735 2359 νῦν
757 2303 851 2359 οὗν
884 2323 1068 2376 φησιν,
1095 2307 1200 2371 ὅτι,
1228 2308 1320 2360 Δεῖ
1342 2309 1484 2378 ὑμᾶς
1513 2310 1587 2372 ὡς
1625 2327 1714 2362 τε-

160 2393 329 2458 λείους
355 2396 541 2448 λοιπὸν
571 2398 812 2468 φρονεῖν,
843 2397 936 2449 καὶ
965 2397 1269 2471 ύπερϐἦναι
1291 2398 1382 2452 τὸν
1414 2399 1512 2468 τῆς
1531 2403 1715 2471 οάρχῆς

160 2483 248 2537 τοῦ
279 2486 512 2555 Χριστοῦ
546 2463 721 2552 λόγον,
743 2463 1010 2552 τουτίστί,
1039 2463 1138 2549 τας
1167 2463 1387 2557 πρώτας
1415 2463 1595 2559 ἀρχὰς.
1769 2479 1772 2484 ’

164 2576 412 2638 πίστεως.
469 2576 562 2628 καὶ
613 2577 703 2627 ἐπὶ
733 2576 831 2646 τὴν
882 2577 1195 2645 τελειότητα
1246 2578 1526 2648 φέρεσθαι,
1557 2597 1713 2644 ,τουτ-

162 2668 290 2731 ἐστι,
320 2667 430 2720 τῶν
452 2666 795 2738 ὑψηλοτέρων
832 2661 967 2721 εἶναι
997 2668 1293 2732 δεκτικοὺς.
1328 2671 1397 2722 Ἢ
1447 2673 1538 2723 καὶ
1574 2671 1715 2724 οὕτω

162 2758 312 2812 τοῦτο
353 2761 602 2829 νοήσεις·
635 2761 718 2813 ὅτι
765 2759 954 2830 ἐπειδὴ
991 2760 1249 2830 χωλεύειν
1283 2765 1409 2832 περὶ
1443 2764 1542 2833 τὴν
1568 2764 1716 2817 πολι-

163 2850 303 2908 τείαν
334 2850 406 2887 ⁸³³
430 2842 576 2905 οὗτοι
600 2850 837 2912 ὲδόκουν,
864 2851 1019 2919 λέγει
1057 2851 1154 2904 νῦν
1195 2853 1378 2916 αὐτοῖς
1426 2856 1553 2924 περὶ
1598 2857 1714 2926 βίου

165 2942 557 3009 ἁνεπιλήπτου,
628 2940 830 2994 ὡσανεὶ
896 2941 1054 2995 τοῦτο
1105 2943 1320 3010 λέγων,
1355 2945 1457 3008 ὅτι,
1511 2948 1585 3000 Οὐ
1637 2949 1717 3000 δεῖ

167 3029 296 3098 ὑμᾶς
322 3031 366 3063 ⁸³
413 3031 501 3082 ἀεὶ
537 3030 664 3098 περὶ
697 3029 798 3101 τὴν
843 3029 1017 3102 ἀρχὴν
1047 3031 1395 3100 στρέφεσθαι,
1449 3036 1712 3099 τουτέστι,

168 3125 289 3192 περὶ
345 3122 586 3187 πίστεως
627 3123 1015 3193 διδάσκεσθαι,
1070 3126 1261 3198 ὥσπερ
1322 3131 1718 3200 είσαγωγικούς

1815 2039 1887 2094 ut
1900 2054 2212 2101 sermonem,
2243 2036 2311 2090 ad
2333 2036 2701 2105 perfectionem
2725 2036 2978 2105 feramur.
3005 2037 3180 2106 Supra
3193 2038 3330 2092 dixit
3358 2056 3372 2092 :

1815 2116 2022 2200 δοεηεέ
2052 2129 2178 2184 facti
2206 2130 2362 2194 estis,
2398 2138 2451 2184 et
2482 2127 2740 2191 infantes,
2791 2135 2953 2198 atque
3008 2132 3074 2183 ad
3105 2143 3222 2184 eam
3244 2130 3375 2183 ada-

1813 2221 1885 2275 cti
1915 2221 2044 2276 estis
2081 2221 2482 2287 necessitatem,
2511 2230 2569 2273 ut
2598 2220 2730 2288 jam'.
2750 2220 2871 2276 sitis
2893 2221 2948 2275 in
2982 2220 3104 2274 ﬁdei
3135 2222 3374 2275 elemen-

1813 2311 1886 2366 tis
1925 2311 2277 2375 instituendi;
2323 2327 2470 2366 nunc
2527 2326 2681 2377 vero,
2741 2312 2989 2382 Oportet,
3046 2299 3242 2381 inquit.
3278 2313 3374 2367 vos

1812 2401 2069 2471 deinceps
2111 2416 2208 2455 ceu
2246 2399 2520 2470 perfectos
2575 2414 2790 2469 sapere,
2846 2415 2911 2454 ac
2976 2402 3368 2456 transcendere

1814 2507 2118 2550 sertnonem
2150 2487 2428 2562 primordii
2470 2491 2696 2557 Christi,
2723 2491 2825 2547 hoc
2871 2499 2977 2556 est,
3031 2492 3202 2561 prima
3245 2493 3368 2547 ﬁdei
3436 2493 3447 2540 ,'

1814 2581 2140 2647 rudimenta,
2166 2592 2220 2636 et
2247 2583 2313 2635 ad
2350 2583 2746 2651 perfectionem
2777 2581 2930 2647 ferri,
2953 2582 3055 2636 hoc
3076 2591 3177 2645 est,
3219 2583 3376 2636 altio-

1815 2687 1934 2724 rum
1961 2687 2079 2726 esse
2105 2687 2353 2740 capaces.
2391 2669 2483 2725 Vel
2517 2671 2658 2724 hunc
2679 2671 2744 2724 ad
2774 2671 2994 2724 modum
3023 2671 3166 2724 hunc
3191 2672 3371 2724 locum

1817 2751 2122 2831 intelligere
2151 2747 2390 2831 poteris:
2423 2761 2561 2826 Quia
2600 2762 2676 2814 illi
2719 2763 2770 2813 in
2807 2762 2930 2814 vitae
2962 2761 3375 2814 conversatione

1814 2855 2120 2906 claudicare
2165 2831 2510 2922 videbimtur,
2543 2852 2707 2905 verba
2738 2851 2844 2918 iam
2895 2851 2976 2906 eis
3011 2853 3137 2905 facit
3164 2852 3230 2906 de
3265 2853 3372 2904 vita

1817 2942 2296 3011 irreprchensibili,
2325 2927 2546 3011 perinde
2562 2942 2714 3010 quasi
2745 2940 2845 2994 hoc
2870 2939 3049 2994 dicat:
3080 2939 3193 2992 Non
3213 2953 3375 3007 oporo

1819 3041 1894 3086 tet
1917 3049 2012 3088 vos
2045 3049 2258 3102 semper
2284 3003 2427 3087 circa
2457 3032 2719 3100 principia
2775 3031 3005 3094 versari,
3040 3032 3140 3084 hoc
3171 3037 3276 3094 est,
3306 3029 3374 3083 de

1818 3125 1920 3179 fide
1942 3125 2148 3187 doceri,
2173 3135 2428 3192 tanquam
2459 3123 2694 3179 novitios
2714 3123 3010 3192 quosdam;
3037 3122 3129 3177 sed
3157 3122 3223 3176 ad
3252 3137 3375 3191 per-

168 3231 326 3277 τινας.
356 3213 491 3268 ἀλλὰ
520 3215 616 3267 καὶ
649 3216 742 3268 ἐπὶ
774 3215 874 3285 τὴν
904 3217 1215 3285 τελειότητα
1239 3219 1518 3288 φέρεσθαι,
1564 3239 1712 3277 τουτ-

1818 3213 2104 3268 fectiOuem
2128 3214 2289 3267 etiam
2315 3221 2396 3268 est
2413 3212 2762 3283 pergendum,
2781 3211 2885 3265 hoc
2906 3223 3011 3275 est,
3027 3211 3092 3264 ad
3114 3212 3372 3280 optimam

168 3305 324 3376 ἐστιν,
353 3307 444 3363 ἐπὶ
467 3307 562 3359 τὸν
594 3307 818 3376 ἄριστον
848 3307 982 3376 βίον.
1011 3307 1228 3369 Τέλειος
1261 3309 1368 3378 γὰρ
1400 3311 1626 3375 ἐκεῖνος,
1652 3312 1712 3374 ὃς

168 3399 292 3465 μετὰ
315 3402 411 3467 τῆς
445 3398 681 3458 πίστεως
726 3398 821 3450 καὶ
853 3395 971 3466 βίον
1011 3397 1123 3466 ἔχει
1170 3397 1352 3468 ὀρθόν.
1402 3399 1568 3469 Ἀρχή
1612 3401 1710 3469 μὲν

162 3487 260 3556 γὰρ
294 3486 389 3541 καὶ
434 3486 683 3556 θεμέλιος
723 3487 757 3556 ἠ
798 3487 1000 3550 πίστις,
1037 3489 1131 3541 καὶ
1159 3487 1288 3541 ἄνευ
1331 3489 1534 3560 ταύτης
1561 3492 1710 3544 οὐδὲν

164 3575 564 3646 ὶδραοθήσεται,
589 3576 780 3646 ὥσπερ
815 3577 934 3631 οὐδὲ
957 3577 1086 3631 ἄνευ
1112 3580 1392 3649 στοιχείων
1422 3581 1617 3648 γένοιτ’
1645 3582 1712 3636 ἄν

164 3683 240 3729 τις
276 3667 540 3742 ἔμπειρος
579 3669 949 3740 γραμμάτων.
985 3669 1137 3742 Πλὴν
1179 3670 1304 3724 οὕτε
1356 3673 1442 3726 ἀεὶ
1486 3674 1712 3743 περὶτὰ

163 3761 385 3830 στοιχεῖα
435 3759 767 3831 στρέφεσθαι
813 3760 912 3826 δεῖ,
949 3757 1074 3813 οὔτε
1120 3761 1208 3814 ἀεὶ
1237 3762 1313 3825 ὡς
1341 3764 1568 3832 νηπίους
1616 3765 1710 3817 καὶ

163 3849 354 3915 ἀτελεῖς
433 3853 563 3920 περὶ
637 3851 873 3912 πίστεως
925 3851 1299 3906 διδάσκεσθαι.
1356 3853 1442 3906 .Εί
1527 3855 1585 3907 δέ
1624 3871 1708 3918 τις

163 3939 250 4010 τὴν
279 3940 376 4008 μὲν
429 3939 708 4010 προτέραν
747 3939 972 4009 ἐκδοχὴν
1017 3942 1396 4015 παραδέχοιτο,
1424 3944 1628 4016 ταύτην
1651 3947 1710 4003 δὲ

164 4030 536 4101 ἀποδοκιμάζει
589 4031 666 4094 ὡς
709 4032 1068 4086 ἀνακόλουθον
1099 4033 1275 4089 οὖσαν
1319 4039 1429 4101 τοῖς
1461 4041 1708 4108 προρῤη-

162 4123 318 4187 θεῖσιν
346 4125 453 4182 ὑπὸ
485 4125 578 4180 τοῦ
615 4124 854 4191 Παύλου,
883 4127 1135 4184 ίννοείτω
1159 4128 1232 4191 ὡς
1262 4129 1382 4192 ἔθος
1410 4131 1558 4199 αὐτῷ
1591 4133 1708 4184 ἔστι

163 4219 277 4288 περῖ
300 4219 480 4278 ἄλλων
517 4218 734 4287 λέγοντι
776 4219 858 4280 είς
890 4218 1025 4273 ἄλλα
1055 4220 1378 4289 μεταπηδᾷν
1397 4238 1410 4252 ·
1437 4221 1601 4294 ὠςιὲν
1639 4227 1704 4295 τῇ

163 4308 284 4375 πρὸς
327 4310 669 4380 Κορινθίους,
699 4311 830 4380 περὶ
860 4309 970 4362 τῶν
997 4311 1228 4365 δείπνων
1272 4312 1465 4380 λέγων,
1497 4314 1575 4378 είς
1616 4315 1707 4370 τὸν

165 4399 275 4465 περὶ
307 4401 410 4455 τῶν
439 4401 760 4471 μυστηρίων
784 4401 942 4469 λόγον
965 4401 1240 4457 ἐνέϐαλεν.
1275 4402 1460 4466 Οὕτως
1491 4401 1583 4458 οὖν
1613 4407 1707 4458 καὶ

164 4485 244 4540 νῦν
272 4489 542 4552 ὀνειδίζων
573 4491 632 4548 ὲν
659 4491 799 4560 ἀρχῇ
832 4491 1041 4555 τούτοις
1078 4493 1394 4563 νωθρότητα
1421 4497 1515 4548 καὶ
1543 4496 1705 4549 ἀσθέ-

1818 3304 2007 3359 vitam.
2040 3301 2315 3357 Perfectus
2344 3305 2488 3357 enim
2522 3303 2611 3356 ille
2633 3312 2733 3368 est,
2762 3303 2854 3373 qui
2904 3316 3028 3357 cum
3062 3303 3166 3357 fide
3206 3302 3374 3356 vitam

1814 3403 2019 3448 rectam
2049 3394 2230 3449 habet.
2296 3393 2425 3452 Nam
2481 3392 2807 3463 principium
2860 3400 2916 3447 et
2964 3393 3374 3446 fundamentum

1817 3488 1950 3542 fides
1975 3495 2080 3548 est,
2109 3487 2245 3540 citra
2275 3501 2436 3556 quam
2470 3486 2606 3540 nihil
2640 3485 2744 3540 erit
2764 3485 3022 3549 solidum,
3055 3484 3280 3554 perinde
3310 3497 3375 3537 ac

1814 3593 1990 3646 neque
2012 3578 2128 3632 sine
2145 3577 2426 3637 elementis
2439 3578 2705 3646 quispiam
2718 3592 2921 3646 gnarus
2941 3577 3031 3630 fiat
3049 3561 3374 3630 litterarum.

1811 3669 1974 3740 682
2007 3669 2170 3737 Atqui
2195 3685 2303 3723 non
2325 3684 2539 3737 semper
2570 3669 2716 3723 circa
2769 3668 3036 3724 elementa
3096 3683 3196 3723 nos
3253 3683 3376 3720 ver-

1813 3759 1931 3812 sari
1968 3765 2204 3827 oportet,
2243 3773 2419 3826 neque
2449 3772 2661 3826 semper
2685 3755 2862 3813 infide
2891 3757 3122 3823 institui,
3183 3764 3242 3809 ut
3293 3757 3378 3810 in-

1813 3849 1987 3904 fantes
2017 3858 2071 3904 et
2102 3850 2264 3919 imper
2279 3849 2470 3906 fectus.
2516 3848 2611 3903 Sin
2650 3863 2781 3905 vero
2809 3849 3097 3919 quisquam
3135 3847 3370 3916 priorem

1811 3941 2136 3996 sententiam
2175 3941 2418 4009 recipere
2462 3940 2634 4002 malit,
2670 3940 2814 3995 hanc
2852 3955 2981 3994 vero
3035 3938 3265 4008 rejiciat,
3313 3948 3373 3993 ut

1809 4049 1931 4102 quae
1959 4033 2029 4087 sit
2061 4032 2468 4101 inconsequens
2512 4032 2580 4087 iis
2603 4047 2723 4101 qua
2765 4048 2795 4086 a
2850 4032 3018 4086 Paulo
3056 4046 3371 4099 praememo-

1811 4135 1923 4177 rata
1948 4134 2095 4187 sunt,
2139 4125 2352 4177 noverit
2374 4128 2518 4192 quod
2551 4124 2641 4178 ille
2665 4124 2792 4178 dum
2821 4122 2888 4176 de
2923 4136 3030 4175 uno
3053 4121 3236 4189 aliquo
3262 4119 3375 4173 dis-

1809 4217 1960 4280 serit,
1989 4215 2183 4275 adalia
2221 4216 2496 4272 transilire
2527 4215 2706 4271 solet:
2762 4222 2822 4268 ut
2875 4214 2931 4267 in
2983 4212 3229 4283 Epistola
3285 4212 3358 4266 ad

1807 4307 2141 4370 Corinthios,
2173 4307 2241 4362 de
2260 4307 2433 4363 omnis
2453 4317 2510 4362 et
2535 4306 2803 4362 conviviis
2831 4306 3084 4373 loquens,
3143 4304 3199 4356 in
3254 4317 3372 4357 ser-

1808 4413 2023 4453 monem
2069 4399 2135 4452 de
2164 4398 2438 4466 mysteriis
2480 4397 2699 4452 incidit.
2761 4394 2911 4448 llanc
2974 4395 3041 4447 ad
3103 4393 3366 4448 rationem

1808 4491 1969 4543 etiam
2005 4504 2151 4542 nunc
2180 4493 2233 4542 in
2267 4487 2538 4558 principio
2587 4487 2853 4556 objicient;
2882 4486 2963 4542 eis
2995 4487 3282 4556 segnitiem
3317 4498 3369 4541 et

164 4593 296 4635 νειιιν
344 4581 478 4650 πρὸς
522 4578 592 4633 τὰ
618 4578 926 4649 τελειότερα
955 4583 1388 4650 παραδέξασθαι,
1435 4586 1707 4638 εἰσϐάλλει

1815 4578 2244 4633 imbecillitatem
2297 4580 2352 4632 in
2407 4578 2832 4647 perfectiorihus
2913 4577 3260 4645 recipiendis.
3312 4575 3367 4628 in

163 4670 231 4730 είς
278 4670 364 4724 τὸν
403 4669 537 4740 περὶ
580 4670 681 4738 τῆς
726 4669 1003 4733 πολιτείας
1057 4671 1236 4737 λόγον,
1266 4672 1478 4736 ἀτελεῖς
1519 4674 1700 4728 καλῶν

164 4760 356 4824 αὐτοὺς,
383 4761 482 4818 καὶ
499 4759 588 4819 διὰ
617 4758 795 4826 τοῦτο,
837 4761 919 4814 ὅτι
948 4760 1022 4832 μὴ
1056 4761 1234 4820 πίστει
1263 4763 1358 4817 τὸν
1386 4763 1499 4834 βίον
1531 4782 1700 4836 προσ-

169 4848 358 4910 ίθισαν.
785 4886 788 4888 ~

225 4941 307 5006 Μὴ
332 4941 517 5000 πάλιν
542 4941 819 5010 θεμέλιον
846 4946 1357 5014 καταϐαλλόμενοι
1382 4950 1701 5017 μετανοίας

167 5028 264 5080 ἀπὸ
288 5035 514 5102 νεκρῶν
539 5035 747 5106 ἔργων,
788 5034 886 5088 καί
913 5035 1170 5099 πίστεως
1206 5037 1303 5089 ἐπὶ
1335 5040 1501 5095 Θεόν.
1532 5043 1702 5094 Τουτ-

170 5113 288 5179 itm,
337 5121 408 5191 μὴ
458 5125 625 5182 πάλιν
673 5125 739 5189 ἑξ
773 5125 946 5194 ἀρχῆς
991 5125 1561 5194 τοιαῦταποιοῦντες,
1617 5127 1702 5185 οἵα

169 5203 372 5259 ίποιεῖτε
413 5215 657 5282 ὁπηνίκα
709 5215 964 5284 ἐμέλλετε
1016 5214 1402 5280 βαπτίζεσθαι,
1449 5213 1560 5272 οἷον
1601 5223 1700 5291 τὴν

168 5291 257 5355 ἀΰ
275 5301 472 5369 νεκρῶν
502 5303 682 5371 ἔργων
717 5306 1029 5376 μετάνοιαν,
1054 5305 1323 5368 τουτέστι,
1354 5305 1452 5375 τὴν
1494 5309 1698 5362 ἀποτα-

170 5385 254 5457 γὴν
277 5388 376 5453 τῶν
407 5391 588 5462 ῑργων
607 5392 704 5446 τοῦ
735 5393 967 5452 Σατανᾶ..
1032 5397 1091 5448 '0
1129 5396 1238 5464 γὰρ
1266 5398 1697 5467 προσερχόμενος

170 5478 234 5548 τῷ
257 5481 482 5555 Χριστῷ,
521 5483 786 5554 πρόδηλον
814 5487 896 5539 ὅτι
922 5488 1199 5556 μετανοῶν
1222 5488 1315 5540 ἐπὶ
1341 5488 1418 5560 τῷ
1449 5489 1701 5560 προτέρῳ

1808 4685 2116 4724 sermonem
2150 4671 2217 4723 de
2250 4670 2493 4726 moribus
2511 4682 2563 4724 et
2588 4671 3009 4724 conversatione
3038 4668 3228 4725 fertur,
3270 4670 3369 4719 im-

1809 4760 2075 4830 perfectos
2101 4775 2195 4816 eos
2221 4776 2441 4826 vocans,
2471 4771 2752 4830 propterea
2771 4759 2912 4827 quod
2936 4759 3053 4812 ﬁdei
3073 4775 3184 4813 sure
3207 4761 3374 4813 vitam

1810 4868 1915 4908 non
1946 4853 2272 4921 adjecerint.

1879 4944 1999 4998 Non
2019 4959 2227 4997 rursum
2251 4943 2504 5010 facientes
2529 4941 2925 5010 fundamentum
2955 4942 3265 5009 pmuitentire
3300 4940 3390 4992 ab"

1807 5038 2043 5104 operibus
2067 5036 2307 5101 mortuis,
2337 5042 2388 5086 et
2443 5034 2566 5103 ﬁdei
2594 5033 2662 5095 ad
2691 5032 2874 5088 Dem.
2914 5033 3040 5088 ‘Hoc
3095 5042 3204 5102 est,
3256 5035 3366 5086 non"

1806 5141 2088 5180 rursusex
2119 5126 2329 5196 integro
2361 5124 2628 5180 facientes
2657 5142 2776 5196 qua:
2802 5124 3087 5179 faciebatis
3146 5126 3362 5191 quando

1803 5219 2127 5287 baptismate
2161 5220 2414 5274 abluendi
2447 5220 2634 5282 cratis,
2675 5231 2866 5287 nempe
2923 5218 3298 5288 pcenitcntiam
3330 5233 3360 5271 e

1807 5309 2036 5364 mortuis
2062 5310 2343 5379 Operibus,
2377 5310 2482 5365 hoc
2511 5317 2616 5374 est,
2644 5306 3104 5363 renuntiationem
3137 5321 3358 5373 cperunt

1804 5397 2036 5455 Satanae.
2064 5400 2167 5466 Qui
2199 5403 2344 5456 enim
2368 5401 2590 5457 Christo
2606 5399 2842 5466 accedit,
2870 5401 3086 5469 planum
3109 5405 3190 5453 est
3215 5401 3361 5468 quod
3420 5429 3425 5436 ~

1807 5492 2124 5558 prerdtentia
2155 5493 2353 5566 prioris
2390 5490 2661 5562 dogmatis
2719 5501 2774 5550 et
2832 5490 2954 5548 vita:
3002 5488 3221 5556 ductus,
3278 5488 3361 5546 sic

1439 5668 1639 5734 Varia
1685 5664 2009 5735 lectiOnes.

244 5759 284 5791 ⁸³
309 5762 435 5818 ἀλλὰ
453 5781 507 5820 o.
579 5761 653 5796 “'
679 5761 856 5819 πίστιν
892 5777 945 5818 o.
1021 5761 1066 5794 ⁸³
1096 5762 1238 5832 ἡμᾶς
1259 5780 1312 5819 o.
