4068 6324
721 400 822 467 251
1625 365 2194 475 miserorum
2228 397 2634 460 BULGARLE
2667 396 3022 461 ARCHIEP.
3728 446 3740 452 -
3835 405 3929 469 252

720 515 942 568 accedat
977 532 989 567 :
1024 512 1129 567 nisi
1181 511 1325 568 enim
1385 512 1764 567 condemnarit
1829 513 2089 582 priorem,
2141 525 2275 580 quo-

2384 509 2470 560 xa‘.
2501 508 2734 577 δόγματι
2777 510 2871 563 καὶ
2909 510 3034 582 βίῳ,
3070 509 3213 563 οὕτω
3261 510 3580 580 πρόσεισιν·
3628 512 3677 564 εί
3709 515 3782 581 μὴ
3833 519 3928 585 γὰρ

723 604 887 655 modo
921 618 1114 656 novam
1156 605 1318 656 vitam
1344 603 1637 657 ordietur?
1671 603 1800 657 Eam
1860 604 1931 656 ob
1955 617 2065 656 rem
2097 600 2281 666 infert,

2387 598 2638 668 καταγνῷ
2675 597 2771 650 τοῦ
2810 600 3098 672 προτέρου,
3131 600 3250 663 πῶς
3289 600 3383 654 τοῦ
3415 600 3674 671 δευτέρου
3716 603 3928 671 adstat;

719 704 768 746 et
797 694 921 760 ﬁdei
973 694 1026 745 in
1086 692 1269 747 Deum.
1332 694 1712 748 Paenitentiam
1763 694 1904 748 enim
1963 709 1993 747 a
2051 692 2281 746 mortuis

2384 691 2475 744 Διὸ
2502 687 2715 760 ἐπάγει,
2741 692 2838 744 καὶ
2881 693 3140 758 πίστεως
3172 694 3273 746 ἐπὶ
3305 695 3474 750 Θεόκ.
3530 694 3686 748 Μετὰ
3709 695 3814 764 γὰρ
3845 697 3929 765 τὴν

625 775 631 782 ’
720 785 978 850 operibus
1005 782 1136 837 fides
1167 785 1438 852 sequitur.
1493 784 1583 837 Ait
1630 785 1835 853 itaque,
1894 782 2014 837 Non
2071 789 2281 851 oportet

2385 783 2475 835 ἐπὶ
2520 785 2633 846 τοῖς
2677 785 2888 853 νεκροῖς
2923 783 3106 854 ἔργοις
3154 785 3466 853 μετάνοιαν,
3503 785 3627 838 τότε
3658 788 3692 855 ἡ
3741 789 3927 848 πίστις.

717 876 828 942 jam
863 890 958 927 vos
986 875 1038 928 in
1068 876 1170 929 [ide
1195 876 1424 934 institui.
1459 884 1718 946 tanquam
1747 877 1858 943 jam
1915 877 2145 946 primum
2199 875 2280 928 in-

2384 875 2551 945 Φησὶν
2578 872 2690 939 οὖν,
2723 877 2826 940 ὅτι,
2869 877 2944 929 Οὐ
2979 877 3060 928 δεῖ
3088 876 3234 945 ὑμᾶς
3261 877 3387 943 περὶ⁵
3415 877 3652 938 πίστεως
3675 877 3931 930 διδάσκειν

723 963 977 1031 ciperetis
1011 965 1371 1035 :Jampridem
1421 968 1564 1022 enim
1630 970 1963 1024 credidistis.
2027 965 2131 1020 Per
2171 967 2281 1019 lucc

2384 967 2457 1027 ὡς
2493 968 2862 1036 ἀρχομένουςο
2911 968 3010 1038 ἤδη
3058 967 3166 1037 γὰρ
3204 967 3586 1023 ἐπιστεύσατε.
3643 969 3930 1021 Δίνίττεται

720 1065 899 1107 autem
931 1057 1129 1120 innuit,
1154 1059 1294 1126 quod
1353 1059 1832 1122 concutiebantur,
1883 1074 1948 1113 ac
1995 1066 2280 1128 propterea

2384 1057 2438 1109 δὲ
2478 1057 2565 1110 διὰ
2594 1057 2818 1120 τούτοιν,
2871 1059 2953 1111 ὃτι
2998 1058 3094 1112 καὶ
3140 1056 3480 1122 ὲσαλεύοντο,
3513 1057 3615 1111 καὶ
3662 1058 3746 1112 διὰ
3785 1058 3933 1112 τοῦτο

721 1143 1074 1202 fundamento
1107 1149 1445 1218 indigebant.

2384 1149 2592 1201 ἐδέοντο
2624 1148 2898 1217 θεμελίου.

773 1259 936 1315 Vens.
961 1262 1015 1314 2.
1082 1262 1409 1330 Baptismum
1437 1265 1713 1319 doctrinm.
1777 1265 1892 1318 Non
1943 1282 2043 1324 ceu
2115 1267 2280 1317 multa

2450 1263 2810 1331 Βαπτισμῶν
2835 1262 3107 1331 διδαχῆς.
3142 1265 3252 1333 Οὐχ
3285 1264 3358 1328 ὡς
3398 1264 3608 1317 πολλῶν
3638 1265 3805 1317 ὄντων
3833 1264 3933 1318 τῶν

719 1349 828 1400 sint
859 1349 1205 1418 baptismate,
1248 1354 1299 1405 iu
1343 1354 1538 1420 plurali
1574 1369 1800 1408 numero
1831 1356 1932 1408 hoc
1963 1353 2168 1408 Paulus
2193 1355 2279 1408 di-

2384 1356 2705 1426 βαπτισμῶν
2743 1356 3115 1425 πληθυντικῶς
3145 1357 3304 1410 τοῦτο
3343 1353 3494 1410 εἶπεν
3525 1358 3553 1410 ὁ
3599 1354 3842 1418 Παῦλος⁶
3878 1355 3932 1408 ιν

719 1438 797 1490 xit
829 1455 842 1501 ;
869 1456 1035 1493 unum
1063 1442 1207 1495 enim
1240 1453 1321 1496 est
1355 1443 1621 1512 baptisma
1649 1446 1692 1476 "
1723 1463 1736 1497 :
1795 1445 1888 1498 sed
1957 1445 2096 1512 quod
2137 1446 2281 1499 vi-lut

2384 1449 2487 1518 γάρ
2519 1453 2633 1501 ἐστι
2665 1449 2948 1518 βάπτισμα
2970 1463 2984 1476 ⁸
3008 1447 3124 1501 ἀλλ’
3156 1449 3232 1511 ὡς
3260 1449 3325 1502 ὲκ
3344 1448 3439 1503 τοῦ
3462 1447 3759 1502 ἀκολούθου
3782 1446 3932 1502 τοῦτο

720 1543 784 1581 ex
818 1534 1179 1600 consequenti
1219 1533 1321 1586 hoc
1351 1536 1655 1604 contingat.
1684 1535 1738 1587 Si
1776 1534 1919 1590 enim
1953 1536 2146 1589 iterum
2188 1552 2281 1591 eos

2385 1539 2702 1607 συμϐαῖνον.
2742 1541 2801 1592 Εἰ
2833 1541 2940 1610 γὰρ
2979 1539 3140 1593 πάλιν
3179 1541 3429 1609 κατήχει,
3464 1541 3558 1594 καὶ
3604 1540 3763 1592 πάλιν
3810 1537 3930 1591 i66-

721 1619 775 1672 in
803 1622 1115 1687 primordiis
1182 1627 1460 1696 religionis
1524 1627 1853 1686 institueret,
1925 1643 2118 1684 rursus
2185 1628 2281 1680 ba-

2385 1630 2539 1692 πτιζε
2562 1649 2572 1659 ·
2603 1633 2694 1683 καὶ
2725 1630 2884 1683 πάλιν
2907 1631 3326 1700 παραπεσόντας
3354 1630 3612 1692 ὲδάπτιζε
3629 1649 3643 1661 ·
3665 1630 3756 1683 καὶ
3783 1627 3932 1681 πάλιν

719 1712 948 1778 ptizaret
979 1723 1068 1779 ;et
1091 1728 1374 1786 postquam
1406 1719 1542 1786 lapsi
1588 1727 1771 1772 essent
1818 1720 2143 1787 baptizaret,
2198 1728 2280 1773 at-

2384 1722 2566 1775 πολλοὶ
2591 1724 2641 1774 οἱ
2676 1722 2975 1790 βαπτισμοὶ
3004 1722 3318 1789 ἀναγκαίως
3338 1737 3352 1750 ·
3383 1721 3518 1774 ἀλλὰ
3539 1720 3700 1773 τοῦτο
3725 1719 3929 1773 ἄτοπον.

717 1819 822 1870 que
855 1805 1075 1868 iterum,
1110 1822 1204 1873 per
1233 1807 1543 1876 hujusmodi
1588 1808 1986 1865 reiterationetn
2024 1825 2276 1864 necessa-

2384 1812 2495 1879 Ούχ
2549 1811 2654 1880 ἄρα
2687 1811 2767 1863 δεῖ
2819 1810 3212 1874 ἀναϐατιτίζειν
3263 1811 3428 1880 ὑμᾶς,
3455 1810 3594 1863 ἀλλὰ
3627 1810 3808 1880 μένειν
3849 1808 3931 1859 ἐπὶ

716 1894 798 1946 rio
817 1905 1000 1950 essent
1018 1897 1267 1968 baptismi
1294 1900 1444 1954 multi
1475 1917 1698 1954 :vernm
1727 1902 1828 1955 hoc
1853 1909 1938 1954 est
1956 1903 2280 1957 absurdum.

2384 1899 2473 1952 τοῦ
2503 1901 2769 1968 προτέρου
2797 1898 3192 1969 βαπτίσματος.
3222 1900 3382 1964 Ἴσως
3396 1902 3460 1932 ⁸³⁸
3485 1899 3544 1952 δὲ
3572 1893 3721 1954 οὗτοι
3743 1899 3820 1962 ὡς
3858 1898 3930 1950 ἔτι

716 1982 832 2039 Non
861 1998 1072 2056 oportet
1098 1991 1259 2059 igitur
1286 2007 1380 2045 vos
1430 1994 1691 2045 reiterare
1741 1992 2034 2061 baptisma,
2086 1994 2179 2046 sed
2224 1994 2278 2048 in

2384 1988 2473 2042 τοῦ
2522 1989 2712 2072 νόμου.
2741 1989 3089 2059 ἀντεχόμενοι
3140 1990 3368 2052 πολλοὺς
3415 1990 3756 2058 βαπτισμοὺς
3809 1988 3932 2039 ’1ου-

717 2078 885 2144 priori
929 2080 1251 2146 baptismate
1277 2097 1648 2150 perseverare.
1700 2082 1957 2140 Fortasse
2012 2094 2190 2139 autem
2226 2095 2280 2138 ct

2384 2079 2580 2143 δαϊκῶς
2617 2083 2711 2134 καὶ
2753 2081 2815 2133 ὲν
2859 2083 2922 2150 τῇ
2968 2081 3150 2152 χάριτι
3187 2079 3540 2150 ἐπρέσϐευον.
3573 2079 3716 2149 Ὅρα
3761 2077 3817 2130 δὲ
3857 2079 3930 2130 ὅτι

716 2167 814 2230 iiii,
851 2171 1016 2238 utqui
1049 2171 1146 2241 legi
1171 2173 1348 2227 adhuc
1368 2172 1505 2226 affixi
1539 2184 1714 2237 erant,
1741 2177 1942 2231 multos
1976 2178 2280 2247 baptismos

2384 2174 2519 2240 μετὰ
2567 2173 2665 2243 τὴν
2707 2173 2998 2242 μετάνοιαν
3048 2173 3110 2226 τὸ
3161 2172 3465 2242 βάπτισμα.
3517 2168 3734 2239 Ἐπειδὴ
3768 2169 3930 2240 γάρὴ

712 2259 944 2316 Judaico
975 2278 1123 2318 more
1150 2265 1307 2318 etiam
1363 2267 1467 2320 sub
1501 2269 1670 2336 gratia
1725 2269 2112 2338 prmdicabant.
2167 2268 2278 2324 Ob-

2384 2263 2640 2330 μετάνοια
2674 2263 2811 2332 αὐτὴ
2865 2263 2984 2316 καθ’
3015 2263 3187 2332 αὐτὴν
3239 2263 3339 2315 οὐκ
3390 2264 3618 2331 ὲπίσχυε
3671 2259 3929 2330 καθαροὺς

718 2363 872 2399 serva
905 2359 1085 2403 autem
1113 2352 1256 2420 quod
1285 2357 1660 2421 pmnttcntiam
1691 2356 1995 2426 baptismus
2040 2359 2281 2427 excipieo

2384 2353 2570 2418 δεῖξαι,
2597 2353 2686 2406 διὰ
2723 2353 2878 2405 τοῦτο
2909 2353 3302 2423 βαπτιζόμεθα,
3329 2356 3413 2407 ἵνα
3438 2354 3538 2423 τῆς
3564 2353 3660 2406 τοῦ
3707 2352 3931 2422 Χριστοῦ

603 2451 609 2458 ·
715 2440 826 2493 bat.
859 2441 1130 2505 Quoniam
1149 2446 1298 2498 enim
1330 2449 1652 2515 poenitentia
1707 2450 1821 2517 ipsa
1876 2465 1971 2518 per
2008 2466 2128 2504 sese
2169 2467 2292 2504 non.

714 2529 886 2597 possit
924 2545 1089 2598 puros
1113 2532 1360 2595 reddere,
1427 2544 1714 2603 propterea
1800 2537 2160 2608 baptizamur,
2221 2547 2284 2592 ut

715 2621 1028 2674 universum
1085 2621 1155 2676 sit
1183 2625 1370 2692 gratia:
1402 2626 1629 2682 Christi.

785 2708 1142 2777 Impositionis
1168 2731 1367 2783 quoque
1396 2734 1671 2772 manuum.
1709 2718 1811 2774 Per
1831 2738 1970 2790 quas
2008 2722 2276 2792 Spiritum

711 2801 1078 2869 accipiebant,
1119 2816 1175 2858 ut
1208 2807 1606 2876 prophetarent
1643 2819 1697 2865 ct
1746 2815 2007 2878 miracula
2035 2815 2275 2868 ederent.

712 2892 849 2945 Nam
881 2909 1002 2946 cum
1039 2895 1388 2963 imposuisset
1416 2901 1523 2952 illis
1551 2917 1745 2957 manus
1791 2902 2019 2969 Paulus,
2054 2922 2280 2972 accepe-

711 2991 859 3047 runt,
895 2984 1089 3053 inquit,
1116 2986 1374 3055 Spiritum
1403 3000 1675 3046 sanetum.

781 3095 847 3148 Et
872 3101 1264 3153 resurrectionis
1297 3112 1642 3159 moratorum.
1676 3103 1786 3160 Hoc
1812 3108 1955 3161 enim
2012 3109 2062 3162 in
2099 3110 2279 3179 bapti—

2379 2443 2597 2511 χάριτος
2615 2443 2676 2494 τὸ
2710 2445 2812 2495 πᾶν

2453 2722 2807 2792 Ἐπιθέσεὼς
2833 2743 2898 2780 τε
2937 2724 3171 2795 χειρῶν.
3221 2727 3298 2778 Δι’
3328 2721 3403 2779 ὧν
3431 2727 3492 2778 τὸ
3521 2725 3750 2795 Πνεῦμα
3775 2723 3931 2793 ὲλάμ·

2381 2818 2566 2878 δανον,
2594 2817 2735 2871 ὥστε
2767 2818 3152 2889 προφητεύειν,
3180 2818 3274 2872 καὶ
3297 2818 3548 2888 θαύματα
3569 2819 3763 2871 ποιεῖν.
3794 2816 3930 2869 Ἐπι-

2380 2907 2564 2970 θέντος
2596 2908 2725 2977 γὰρ,
2761 2909 2947 2977 φησὶν,
2975 2909 3161 2970 αὐτοῖς
3195 2907 3408 2987 Παύλου
3445 2909 3542 2971 τὰς
3576 2909 3784 2978 χεῖρας,
3821 2905 3933 2958 [λα-

2381 2997 2472 3050 ϐον
2495 2998 2718 3064 Πνεῦμα
2751 3001 2926 3065 ἆγιον.

2468 3109 2882 3174 Ἀγαστάσεώς
2914 3126 2977 3162 τε
3020 3108 3266 3176 νεκρῶν.
3300 3108 3472 3162 Τοῦτο
3499 3109 3608 3178 γὰρ
3637 3110 3729 3162 καὶ
3768 3111 3826 3162 ἐν
3859 3107 3926 3176 τῷ

713 3187 885 3244 amate
916 3190 1147 3244 efficitur
1177 3209 1273 3262 per
1302 3195 1530 3261 figuram
1575 3198 1943 3255 immersionis
1969 3202 2022 3256 in
2049 3218 2271 3272 aquam,

2384 3199 2716 3270 βαπτίσματι
2761 3201 2976 3269 γίνεται
3019 3199 3105 3252 διὰ
3138 3198 3232 3252 τοῦ
3269 3201 3546 3270 σχήματος
3596 3197 3700 3267 τῆς
3751 3199 3928 3252 ἀναδύ-

715 3278 843 3332 etin
864 3279 1211 3338 confessione
1231 3285 1588 3341 continuatur
1611 3307 1624 3342 :
1651 3289 1970 3344 confitemur
1990 3296 2132 3346 enim
2156 3308 2278 3347 cre-

713 3367 844 3420 dere
875 3375 1328 3428 resurrectionem
1353 3388 1712 3433 mortuorum.

782 3460 946 3529 683
976 3461 1038 3514 Et
1059 3464 1253 3530 judicii
1283 3469 1486 3520 wterm’.
1515 3468 1628 3523 Hoc
1653 3479 1761 3531 est,
1793 3472 1937 3538 quod
1989 3475 2278 3542 sempiter-

713 3567 784 3605 na
813 3553 924 3607 sive
954 3552 1120 3616 bona,
1166 3556 1280 3609 sive
1308 3558 1573 3626 supplicia
1598 3561 1843 3629 largitur.
1925 3560 2046 3616 Haec
2099 3573 2278 3616 autem

716 3640 900 3696 dicere
951 3642 1182 3710 videtur,
1233 3648 1359 3715 quia
1425 3650 1722 3726 verisimile
1768 3662 1885 3706 erat
1917 3669 2013 3707 eos
2035 3655 2280 3717 concuti,

703 3734 928 3788 etiamsi
982 3735 1094 3803 jam
1153 3738 1282 3793 olim
1337 3728 1703 3805 crediderant,
1762 3743 1844 3796 vel
1880 3745 2101 3798 minime
2126 3744 2283 3798 Chri-

713 3826 888 3882 stiane
923 3827 1119 3894 vivere,
1153 3845 1216 3883 ac
1239 3831 1484 3902 signiter,
1549 3833 1799 3905 Vigilate,
1826 3835 2103 3905 inquiens.
2162 3836 2279 3892 Non

713 3919 856 3973 enim
883 3921 1156 3976 affirmare
1189 3923 1335 3988 licet,
1365 3925 1508 3994 quod
1541 3929 1585 3979 si
1617 3929 1854 3997 segniter
1882 3929 2153 3995 vivamus,
2188 3941 2282 3985 aut

715 4008 820 4061 fide
845 4011 1182 4076 excidatnus,
1216 4013 1537 4084 rebaptizari
1569 4016 1726 4070 nobis
1771 4017 2008 4083 dab'itur,
2040 4030 2130 4072 aut
2162 4034 2284 4088 pec-

714 4107 832 4151 cata
869 4102 1049 4154 denuo
1075 4104 1296 4157 abluere
1329 4108 1652 4174 poterimus,
1678 4123 1741 4163 ac
1780 4109 1966 4163 eadem
2016 4112 2277 4179 consequi

714 4204 834 4259 qua:
859 4192 1031 4256 prius.
1063 4191 1272 4248 Erratis
1301 4196 1444 4248 enim
1470 4197 1587 4250 lucc
1609 4199 2000 4252 existimantes.

788 4364 952 4422 Vens.
983 4369 1035 4421 3.
1074 4367 1143 4421 Et
1203 4372 1301 4424 hoc
1359 4372 1636 4439 faciemus,
1683 4376 1729 4428 si
1756 4375 1964 4446 quidem
1993 4377 2285 4443 permiserit

2382 3307 2541 3356 σεως,
2577 3290 2673 3343 καὶ
2706 3291 2763 3342 ὲν
2805 3293 2870 3362 τῇ
2899 3290 3160 3362 ὁμολογίᾳ
3209 3289 3546 3360 βεϐαιοῦται,
3575 3288 3928 3359 ὁμολογοῦμεν

2381 3382 2488 3452 γὰρ
2518 3383 2798 3436 πιστεύειν
2826 3382 3125 3436 ἀνάστασιν
3163 3383 3393 3453 νεκρῶν.

2451 3472 2563 3526 Καὶ
2613 3473 2864 3539 κρίσεως
2893 3472 2942 3504 ⁸⁵
2970 3473 3232 3527 αιωγίου.
3267 3472 3550 3538 Τουτέστι,
3581 3471 3682 3539 τῆς
3711 3471 3927 3542 κρίσεως

2381 3562 2479 3630 τῆς
2508 3563 2732 3614 αἰνὼνια
2761 3561 3004 3630 διδούσης
3053 3562 3085 3631 ἢ
3142 3562 3324 3629 ἀγαθὰ
3365 3563 3398 3630 ἢ
3445 3564 3714 3625 κολάσεις.
3759 3561 3930 3614 Ταῦτα

2382 3651 2530 3703 δοκεῖ
2581 3650 2785 3719 λέγειν,
2826 3651 3013 3718 ἐπειδὴ
3057 3651 3202 3712 sino;
3243 3647 3310 3720 ἦν
3347 3653 3542 3714 αὐτοὺς
3571 3650 3927 3723 παρασαλεύε·

2386 3741 2530 3808 σθαι,
2564 3742 2741 3794 καίτοι
2763 3741 2862 3812 ἠδη
2890 3741 3340 3808 πεπιστευκότας,
3368 3741 3402 3811 ἢ
3427 3741 3612 3805 κακῶς
3646 3741 3816 3811 βιοῦν,
3844 3740 3928 3793 καὶ

2384 3833 2665 3904 ῥᾳθύμως,
2711 3834 2956 3905 Νήψατε,
3011 3833 3206 3901 λέγων.
3263 3833 3376 3887 Οὐκ
3407 3833 3554 3887 ἔστιν
3606 3832 3806 3897 εἰπεῖν,
3855 3832 3928 3886 δτι

2383 3925 2475 3978 ἐὰν
2507 3924 2764 3995 ῥᾳθύμως
2797 3925 3070 3995 ζήσωμεν,
3114 3926 3146 3996 ἢ
3183 3925 3284 3996 τῆς
3321 3926 3558 3991 πίστεως
3593 3929 3920 3996 ἐκπέσωμεν,

2384 4015 2544 4070 πάλιν
2574 4015 3070 4084 βαπτισθησόμεθα,
3088 4016 3250 4071 πάλιν
3279 4015 3619 4086 δυνησόμεθα
3665 4017 3736 4069 τὰ
3756 4017 3926 4084 ἁμαρο

2383 4107 2603 4175 τήματα
2645 4105 3068 4184 ἀπολούσιξσθαι,
3124 4107 3220 4160 καὶ
3259 4107 3367 4158 τῶν
3412 4105 3595 4159 αὐτῶν
3639 4107 3818 4174 τυχεῖν
3858 4096 3926 4155 ὧν

2385 4192 2478 4244 καὶ
2519 4193 2803 4262 πρότερον.
2861 4191 3166 4260 Σφάλλεσθε
3211 4191 3341 4260 γὰρ,
3381 4190 3534 4260 φησι,
3572 4190 3746 4243 ταῦτα
3788 4185 3929 4258 vopi-

2387 4282 2590 4343 ζοντες.

2459 4374 2564 4426 Καὶ
2593 4371 2768 4425 τοῦτο
2789 4372 3140 4441 ποιήσομεν,
3166 4372 3386 4442 ἐάνπερ
3413 4359 3698 4442 ἐπιτρέπῃ
3720 4375 3753 4428 δ
3778 4370 3925 4433 aede.

721 4458 880 4511 Deus.
940 4457 1050 4512 Hoc
1105 4461 1395 4515 faciemus:
1447 4464 1747 4532 quale?Ut
1801 4467 1867 4520 ad
1893 4467 2279 4537 perfectionem

2389 4463 2558 4517 Τοῦτο
2585 4464 2883 4534 ποιήσομεν
2903 4482 2916 4497 ο
2955 4467 3140 4532 ποῖον;
3169 4465 3229 4518 τὸ
3252 4465 3345 4519 ἐπὶ
3367 4464 3482 4536 ’τὴν
3507 4465 3817 4536 τελειότητα
3845 4462 3929 4530 φέ-

719 4547 985 4608 1“ει·;ιιιιιιι·,
1049 4547 1094 4600 si
1129 4547 1269 4601 Deus
1305 4550 1457 4604 velit.
1481 4550 1595 4604 Hoc
1627 4561 1804 4606 autem
1837 4556 1994 4617 dixit,
2032 4572 2140 4608 non
2164 4564 2286 4610 tan-

717 4648 879 4702 quam
922 4634 1063 4688 Deus
1102 4636 1216 4690 hinc
1241 4654 1348 4691 non
1381 4641 1734 4708 permitteret,
1761 4659 1944 4697 vermn
1975 4647 2198 4714 perinde
2225 4662 2290 4701 ac

715 4723 906 4795 Idicerc
942 4727 1178 4781 solemus
1219 4747 1231 4783 :
1273 4728 1328 4782 Si
1361 4727 1500 4785 Deus
1528 4732 1676 4798 velit,
1709 4733 1811 4790 hoc
1839 4734 2056 4790 faciam.
2112 4739 2286 4792 Simul

721 4823 899 4865 autem
927 4815 1051 4867 hinc
1075 4819 1233 4873 docet
1257 4838 1376 4887 nos,
1410 4839 1623 4878 omnem
1656 4842 1768 4880 rem
1796 4844 1860 4882 ex
1891 4827 2065 4898 ipsius
2089 4831 2286 4884 volun-

723 4914 831 4958 tate
859 4905 1186 4976 dependere,
1249 4929 1423 4980 neque
1449 4919 1611 4971 etiam
1654 4919 1706 4972 in
1770 4922 2040 4978 confessis
2104 4925 2282 4990 bonis,

724 4998 942 5062 proprio
977 4997 1140 5052 ﬁdere
1157 4999 1366 5069 judicio
1411 5016 1573 5075 atque
1596 5015 1895 5080 potentia.
1926 5016 2072 5072 -lloc
2100 5015 2282 5072 autem

721 5097 902 5152 aperte
932 5089 1047 5159 ipse
1072 5094 1236 5146 etiam
1268 5092 1446 5149 Judas
1478 5103 1759 5166 ap0stolus
1793 5109 2064 5162 admonet.

792 5256 953 5315 Vens.
981 5265 1032 5318 ι.
1057 5267 1531 5336 Impontbiteenim
1549 5287 1723 5332 esteos
1742 5281 1829 5348 qui
1851 5283 2007 5334 semel
2024 5294 2143 5333 sunt
2167 5283 2285 5333 illu-

722 5349 931 5403 minari.
954 5352 1068 5408 Non
1099 5359 1252 5427 dixit,
1272 5364 1462 5423 inutile
1491 5385 1554 5424 ac
1571 5369 1904 5436 indecormn,
1931 5374 2044 5437 sed,
2074 5373 2280 5440 impos-

795 5533 836 5564 “
881 5534 1077 5605 Ephcs.
1136 5554 1208 5603 tv,
1256 5541 1307 5594 5.

2388 4556 2599 4627 ρεσθαι,
2626 4556 2722 4608 ἐὰν
2753 4558 2843 4610 καὶ
2863 4557 2892 4608 ὁ
2917 4555 3049 4620 Θεὸς
3073 4557 3223 4629 θέλῃ.
3259 4555 3431 4611 Τοῦτο
3460 4558 3519 4611 δὲ
3545 4552 3721 4620 εἴπεν,
3751 4556 3842 4623 οὐχ
3861 4551 3927 4611 ὡς

2384 4647 2477 4700 τοῦ
2513 4647 2647 4701 Θεοῦ
2677 4648 2752 4720 μὴ
2787 4649 3174 4718 ἐπιτρέποντος
3203 4647 3394 4711 ταῦτα,
3431 4646 3545 4699 ἀλλ’
3577 4646 3653 4706 ὡς
3675 4642 3924 4710 εἰώθαμεν

2383 4738 2581 4807 λέγειν,
2625 4742 2730 4804 ὁτι,
2771 4739 2899 4792 Ἐὰν
2945 4739 3039 4790 καὶ
3083 4741 3111 4790 ὁ
3147 4738 3279 4800 Θεὸς
3331 4737 3482 4806 θέλῃ,
3523 4735 3644 4788 τόδε
3685 4734 3924 4803 βούλομαι

2384 4833 2608 4902 ποιῆσαι
2628 4832 2784 4902 «ripa
2802 4833 2856 4884 δὲ
2885 4833 2978 4883 καὶ
3001 4830 3247 4882 διδάσκει¹
3276 4829 3422 4896 ἡμᾶς
3451 4825 3720 4888 ἐντεῦθεν,
3750 4825 3806 4878 τὸ
3829 4823 3923 4875 πᾶν

2383 4923 2484 4992 τῆς
2525 4913 2746 4974 ¹ίιετιείνου
2794 4920 3028 4988 ὲξαρτᾷν
3074 4916 3364 4985 Θελήσεως,
3405 4916 3500 4967 xui.
3528 4913 3664 4983 μηδὲ
3702 4913 3792 4965 ἐπὶ
3831 4908 3925 4960 τῶν

2385 5013 2831 5082 ὁμολογουμένως
2867 5007 3046 5062 καλῶν
3083 5009 3150 5075 τῇ
3190 5005 3365 5075 οἰκείᾳ
3396 5005 3615 5075 θκαρῤεἶν
3647 5004 3740 5056 καὶ
3765 5000 3927 5071 κρίσει

2389 5104 2482 5155 καὶ
2508 5104 2758 5171 δυνάμει.
2788 5100 2958 5152 Τοῦτο
2984 5099 3041 5151 δὲ
3073 5095 3251 5166 ῥητῶς
3295 5096 3387 5149 καὶ
3415 5095 3444 5148 ὀ
3482 5094 3772 5158 ἀπόστολος
3807 5089 3925 5146 Ἰού-

2387 5193 2482 5252 δας
2513 5193 2557 5221 ⁸⁵
2585 5208 2660 5242 πα
2669 5193 2862 5260 ραινεϊ.

2473 5285 2798 5342 Ἀδύνατον
2834 5284 2942 5351 γὰρ
2972 5285 3113 5346 τοὺς
3155 5280 3318 5344 ἅπαξ
3359 5281 3780 5348 φωτισθέντας.
3820 5275 3920 5329 Οὐκ

2389 5374 2541 5428 εἶπεν
2591 5379 2669 5429 ὅτι
2707 5377 3038 5443 ἀσύμφορον,
3081 5373 3112 5443 ἢ
3157 5374 3423 5443 ἀπρεπὲς,
3457 5374 3616 5440 ἀλλὰ,
3655 5373 3916 5430 woman

2021 5672 2218 5734 Variae
2248 5669 2580 5735 lectiones.

792 5783 859 5814 “‘
893 5784 1062 5839 ἰστέον
1092 5801 1142 5841 ο.
1221 5786 1265 5818 ⁸⁸
1289 5786 1550 5857 κρίματος
1590 5806 1642 5842 ο.
1722 5794 1764 5824 ⁸⁸
1818 5795 2068 5860 Ἰάκωϐος
2101 5813 2153 5851 ο.
