4068 6324
197 357 286 420 257

962 358 1364 422 KXPOSITIO
1393 359 1474 421 IN
1502 359 1740 421 EPIST.
1776 356 2290 449 ΑΒἮΕΒΒᾹΞΟΞ,
2313 388 2380 399 -
2414 364 2571 429 CAP.
2603 368 2704 432 VI.
2729 406 2734 412 -

3298 377 3405 446 256

267 466 580 536 Ἀδόκιμος
605 466 704 522 καί
732 465 987 536 κατάρας
1025 468 1223 538 ἐγγύς.
1264 467 1376 538 Τὴν
1413 467 1513 538 μὲν
1543 467 1747 538 ἀγαθὴν

1927 467 2163 538 Reproba
2184 481 2284 535 est,
2303 482 2351 526 et
2383 473 2663 532 maledicto
2688 481 2952 550 proxima.
2982 485 3183 541 Bonam
3207 498 3402 545 terram

195 558 292 626 γῆν
318 557 663 624 εὐλογεῖσθαι
687 559 792 630 ἔφη
811 559 916 612 ὑπὸ
943 557 1078 612 Θεοῦ
1097 575 1111 590 ’
1141 559 1240 629 τὴν
1268 557 1324 611 δὲ
1350 558 1621 631 ἄκαρπον,
1652 560 1752 614 οὐκ

190 643 344 701 εἶπεν
389 649 580 715 ἁπλῶς
634 648 1086 718 ἐπικατὰρατογ,
1118 648 1231 703 ἀλλ’
1256 651 1426 718 ἐγγυς
1480 650 1747 721 κατάρας,

189 736 274 791 ινα
328 738 405 810 μὴ
468 739 960 811 ἁπογινὼσκωμεν.
1001 739 1059 794 '0
1105 739 1215 810 γὰρ
1263 739 1430 809 ἐγγὺς
1481 741 1748 811 κατάρας,

188 824 475 897 δυνήσεται
505 829 600 883 καί⁵
629 829 852 900 μακρὰν
878 827 1158 897 γενέσθαι.
1308 893 1314 899 _

259 911 383 986 'Hc
434 919 502 973 τὸ
552 918 727 987 τέλος
758 921 844 985 εις
879 903 1120 973 καῦσιν.
1176 919 1286 971 Καὶ
1336 917 1512 983 τοῦτο,
1551 919 1638 972 ἶνα
1678 919 1753 988 μὴ

188 1010 682 1080 ἀπογινώσκωμεν.
715 1010 789 1062 Οὐ
821 1008 929 1080 γὰρ
959 1004 1132 1074 εἶπεν,
1157 1008 1279 1077 ἥτις
1322 1010 1752 1077 κατακαήσεται,

189 1101 329 1166 arar,
349 1096 422 1171 ἧς
453 1101 518 1153 τὸ
549 1100 722 1167 τέλος
741 1103 828 1166 είς
854 1100 1104 1155 καῦσιν·
1139 1100 1434 1164 τουτέστιν,
1468 1099 1561 1153 ἐὰν
1594 1099 1754 1169 μέχρι

186 1189 372 1243 τέλους
411 1190 669 1261 ὲπιμείνῃ
692 1193 757 1262 τῇ
781 1191 1049 1261 ἀκαρπίᾳ.
1069 1189 1231 1242 Ὥστε
1256 1188 1476 1243 δύναται
1511 1188 1753 1257 ἀποστῆ-

186 1299 273 1334 ναι
302 1285 401 1352 τῆς
432 1283 730 1352 ἀκαρπίας,
761 1283 856 1335 καὶ
890 1282 1302 1336 καταπαῦσαιη
1333 1282 1432 1351 μὲν
1454 1280 1553 1343 τὰς
1584 1280 1755 1334 ἀκάν-

187 1375 308 1438 θας,
337 1373 562 1444 δόκιμος
587 1372 642 1426 δὲ
671 1373 947 1442 γενέσθαι,
997 1373 1090 1425 καὶ⁸
1149 1370 1401 1441 εὐλογίας
1441 1375 1750 1443 μετασχεῖν.

254 1586 634 1655 Πεπείσμεθα
661 1584 729 1639 δὲ
749 1583 882 1654 περί
907 1583 1095 1655 ὑμῶν,
1121 1584 1441 1654 ἀγαπητοί,
1464 1585 1535 1640 τὰ
1568 1584 1755 1653 κρείτ-

184 1695 328 1732 τονα
355 1675 456 1732 καί
484 1677 743 1746 ἐχόμενα
774 1675 1091 1743 σωτηρίας,
1119 1679 1174 1730 εί
1221 1677 1320 1731 καί
1352 1677 1505 1730 οὕτω
1532 1676 1754 1731 λαλοῦ-

181 1785 312 1837 μεν.
374 1767 777 1837 Καθαψάμενος
841 1765 1021 1818 αὐτῶν
1076 1764 1276 1827 ίκανῶς
1333 1764 1429 1832 καὶ
1487 1764 1748 1834 φοὸήσας,

187 1840 477 1929 θεραπεύει
511 1859 692 1925 πάλιν,
729 1859 815 1912 ίνα
839 1858 916 1930 μὴ
961 1857 1142 1925 πάντη
1177 1856 1398 1920 ὑπτίους
1427 1857 1749 1928 ἐργάσηται.

189 1948 286 2001 Τὸν
325 1949 435 2018 γὰρ
462 1948 668 2019 νωθρὸν
697 1947 728 1999 ὁ
756 1948 896 2028 πάνυ
922 1947 1194 2017 πλήττων,
1228 1945 1563 2015 νωθρότερον
1583 1947 1749 2016 ἐργά-

1854 560 2101 650 benedici
2138 563 2277 618 dixit
2325 579 2354 619 a
2409 566 2582 650 Deo:_
2618 569 2996 643 inlrugil‘eiam
3051 585 3230 632 autem
3293 595 3402 637 non

1852 649 1988 704 dixit
2046 651 2364 721 simpliciter
2450 649 2786 716 exsecratam
2830 703 2848 730 ,
2911 667 3005 721 sed
3037 661 3406 726 “exsecrationi

1852 739 2117 834 vicinam,
2175 752 2234 797 ut
2281 760 2391 800 non
2439 746 2810 818 desperemus.
2882 756 3015 813 Nam
3068 763 3170 831 ‘qui
3237 778 3406 834 prope

1853 833 2282 889 exsecrationem
2312 845 2418 899 est,
2449 843 2646 908 poterit
2671 854 2725 898 et
2760 846 2917 918 longe
2948 852 3231 908 removeri.

1925 919 2090 990 Cujus
2125 930 2508 982 consummatio
2542 932 2602 984 in
2621 935 3054 994 combustioncm.
3089 939 3201 998 Hoc
3242 943 3405 1000 etiam

1854 1010 2071 1080 adjecit,
2097 1030 2161 1069 ne
2179 1015 2552 1086 desperemus.
2593 1023 2710 1079 Non
2737 1028 2881 1081 enim
2913 1031 3071 1095 dixit,
3117 1049 3237 1102 qua:
3258 1049 3399 1089 com-

1853 1103 2102 1172 buretur,
2134 1109 2249 1172 sed,
2293 1112 2445 1180 cujus
2502 1116 2627 1184 ﬁnis
2685 1119 2751 1172 ad
2806 1123 3261 1182 combustionem:
3306 1106 3407 1182 hoc

1853 1205 1958 1259 est,
1996 1198 2040 1251 si
2077 1198 2142 1252 ad
2175 1202 2333 1254 linem
2370 1199 2627 1275 usqueiin
2675 1214 2960 1269 sterilitate
3018 1219 3406 1285 perseverarit.

1835 1286 2034 1372 .Potest
2061 1288 2242 1359 itaque
2276 1293 2539 1352 desistere
2573 1314 2604 1352 a
2658 1302 2962 1368 sterilitate,
3005 1314 3168 1374 atque
3217 1307 3408 1376 spinas

1791 1457 1794 1460 ῃ
1853 1392 2222 1448 compescere,
2255 1387 2481 1453 probata
2513 1389 2640 1446 item
2678 1393 2850 1460 reddi,
2875 1405 3037 1466 atque
3066 1398 3404 1455 benedictio-

1854 1468 1942 1524 nis
1978 1471 2271 1543 particeps.

1926 1579 2091 1638 Vsus.
2147 1585 2201 1639 9.
2251 1587 2577 1656 Conﬁdimus
2634 1603 2810 1651 autem
2861 1599 2926 1654 de
2983 1601 3149 1668 vobis,
3207 1603 3402 1671 dilecti,

1854 1671 2098 1738 meliora,
2136 1685 2185 1728 et
2220 1678 2473 1733 viciniora
2499 1681 2683 1748 saluti,
2729 1690 2940 1742 tametsi
2990 1677 3069 1745 ita
3121 1693 3402 1761 loquimur.
3503 1754 3508 1759 ,

1853 1777 1978 1818 cum
2042 1781 2139 1823 eos
2191 1769 2406 1826 abunde
2435 1771 2570 1829 satis
2622 1779 2918 1846 carpsisset
2977 1796 3042 1836 ac
3079 1785 3427 1852 perterrefe-.

1851 1853 2044 1919 cisset,
2067 1872 2260 1912 rursus
2292 1860 2556 1930 medetur,
2605 1881 2672 1921 ne
2709 1871 2933 1924 omnino
2979 1874 3204 1940 supinos
3229 1874 3406 1931 laxos-

1850 1960 1958 2013 que
2009 1947 2220 2002 reddat.
2271 1949 2405 2007 Nam
2466 1956 2560 2024 qui
2618 1973 2839 2030 segnem
2912 1963 3076 2018 nimis
3127 1965 3402 2035 obiurgat,

188 2036 354 2101 ζεται.
407 2039 580 2109 Φησὶν
610 2033 736 2099 -οὗν,
770 2038 876 2102 ὅτι,
926 2036 1134 2108 Οὑχὼς
1179 2035 1538 2104 κατεγνωκὼς
1599 2037 1747 2107 ὑμῶν

1849 2036 2155 2104 segniorem
2179 2040 2378 2096 reddit.
2418 2041 2510 2097 Ait
2537 2059 2701 2114 ergo:
2735 2046 2850 2103 Non
2876 2051 3028 2118 quasi
3060 2067 3155 2107 vos
3181 2033 3402 2107 damna-

189 2127 353 2181 ταῦτα
399 2128 565 2196 λέγω,
601 2128 723 2181 οὐδὲ
752 2125 826 2191 ὥς
858 2127 1097 2197 νομίζων
1131 2127 1276 2196 ὑμᾶς
1309 2126 1559 2180 ἀκανθῶν
1615 2127 1747 2197 πλή-

1850 2124 1952 2178 rim
1981 2127 2087 2180 ista
2114 2127 2258 2191 dico,
2312 2146 2488 2200 neque
2540 2136 2684 2202 quod
2745 2154 2840 2193 vos
2884 2141 3161 2208 spinarum
3215 2144 3402 2210 plenos

195 2237 323 2290 ρεις,
371 2221 507 2273 ἀλλὰ
543 2218 796 2274 δεδοικὼς
817 2219 909 2273 ἵνα
936 2219 1012 2289 μὴ
1041 2218 1197 2271 τοῦτο
1238 2219 1480 2287 γένηται.
1507 2219 1616 2273 Καὶ
1649 2219 1747 2273 οὐκ

1848 2232 1972 2272 esse
2002 2221 2251 2285 sentiam,
2286 2222 2380 2278 sed
2414 2225 2661 2282 metuens
2711 2243 2780 2284 ne
2810 2230 2911 2284 hoc
2945 2231 3055 2285 fiat.
3107 2230 3215 2286 Nec
3243 2233 3400 2297 dixit,

190 2306 326 2376 εἷπε,
361 2311 754 2380 Προσδοκῶμεν
789 2311 921 2378 περὶ
952 2310 1138 2378 ὑμῶν,
1162 2309 1318 2374 ἀλλὰ,
1351 2311 1747 2377 Πεπείσμεθα,

1847 2307 1928 2362 De
1958 2310 2126 2379 686
2157 2312 2302 2367 vobis
2347 2325 2760 2384 exspectamus:
2825 2321 2941 2386 sed,
2973 2320 3318 2390 Conﬁdimus,
3349 2324 3402 2377 id

187 2402 480 2465 τουτέστιν,
515 2405 571 2453 ὲν
606 2401 910 2469 βεϐαιότητί
943 2403 1112 2470 ἐσμεν
1167 2402 1297 2467 περὶ
1327 2401 1503 2469 ὑμῶν,
1532 2402 1614 2453 ὅτι
1644 2402 1743 2469 οὐχ

1846 2406 1952 2456 est.
1977 2401 2124 2453 .certi
2149 2415 2211 2454 ac
2250 2402 2447 2455 ﬁrmati
2483 2420 2674 2461 sumus
2703 2409 2848 2476 quod
2881 2425 2988 2464 non
3032 2412 3111 2462 sic
3165 2411 3400 2471 habetis.

188 2492 350 2554 οὕτως
402 2494 579 2561 ἔχετε,
608 2490 743 2543 ἀλλὰ
790 2491 1136 2562 κρειττόνως,
1168 2491 1260 2544 καὶ
1290 2491 1372 2542 ὅτι
1402 2490 1501 2559 τῆς
1539 2491 1747 2543 ἑαυτῶν

1847 2490 1942 2542 sed
1973 2491 2188 2555 melius,
2224 2503 2278 2545 et
2307 2495 2454 2562 quod
2485 2498 2649 2551 vestri
2681 2499 2922 2568 ipsorum
2963 2501 3156 2555 salutis
3214 2516 3400 2555 curam

189 2582 454 2650 σωτηρίας
488 2580 822 2649 φροντίζετε,
867 2579 968 2634 κᾶν
1008 2579 1180 2642 οὓτως
1228 2579 1571 2648 ἐλαλήσαμεν
1605 2581 1746 2648 πλη-

1847 2581 2058 2648 geritis,
2087 2584 2301 2637 etiamsi
2331 2601 2431 2640 nos
2462 2598 2569 2641 tam
2599 2603 2791 2658 aspere
2833 2591 2998 2645 locuti
3042 2575 3256 2648 sumus.
3307 2593 3402 2648 Vel

191 2675 404 2738 κτικῶς.
437 2676 505 2727 Ἥ
535 2669 625 2726 οὖν
648 2672 776 2741 περὶ
808 2673 904 2741 τῆς
945 2671 1218 2732 πολιτείας
1245 2672 1422 2724 αὐτῶν
1450 2673 1604 2724 τοῦτό
1655 2690 1747 2742 φη-

1849 2671 2016 2739 igitur
2052 2673 2119 2727 de
2175 2679 2598 2734 conversatione
2638 2690 2688 2734 et
2739 2682 2984 2736 moribus
3046 2698 3232 2737 eorum
3292 2685 3404 2740 haec

191 2781 287 2828 σιν,
309 2769 412 2832 ὃτι,
449 2766 561 2820 Οὐκ
592 2765 715 2818 sint
739 2765 893 2833 ὑμεῖς
923 2763 1154 2816 τοιοῦτοι
1175 2761 1524 2825 ἀκανθώδεις·
1555 2765 1586 2830 ἦ
1623 2765 1747 2832 περὶ

1848 2761 2001 2826 dicit,
2032 2765 2174 2831 quod
2209 2763 2318 2820 Vos
2348 2782 2454 2822 non
2484 2770 2616 2824 estis
2671 2771 2982 2840 hujusmodi
3039 2775 3277 2843 spinosi:
3323 2778 3404 2829 vel

195 2855 530 2919 ἀντιδόσεως,
552 2854 655 2918 ὅτι,
683 2853 798 2906 Οὐκ
827 2853 946 2906 ὲστὲ
975 2851 1218 2918 κατάρας
1247 2852 1434 2918 ἐγγὺς,
1460 2851 1580 2903 οὐδὲ
1615 2852 1748 2919 πρὸς

195 2943 400 3010 καῦσιν,
454 2944 590 2997 ἀλλά
626 2961 710 3005 τις
739 2943 870 3012 ἄλλη
905 2941 1222 3011 ἀντιμισθία
1254 2939 1381 3009 ὑμῖν
1434 2940 1744 2992 ἀπόκειται.

193 3035 324 3108 Ὅρα
347 3036 402 3090 δὲ
439 3037 536 3089 καὶ
553 3035 614 3087 τὸ
637 3034 993 3102 ἐπαγόμενον.

1848 2850 1914 2904 de
1933 2853 2304 2919 retributione,
2325 2857 2468 2924 quod
2490 2857 2606 2912 Non
2627 2862 2756 2914 estis
2774 2864 3129 2916 exsecrationi
3150 2865 3402 2930 proximi,

1848 2957 2023 3007 neque
2053 2944 2106 2996 in
2155 2946 2611 3014 combustionem,
2656 2951 2748 3003 sed
2801 2952 2902 3004 alia
2937 2953 3182 3020 quaedam
3247 2956 3403 3008 vobis

1851 3047 2062 3088 meroes
2102 3043 2185 3089 est
2220 3037 2481 3107 reposita.
2512 3037 2770 3110 Expende
2813 3051 2990 3098 autem
3025 3044 3165 3114 quod
3221 3047 3404 3116 sequi-

1772 3138 1814 3194 c
1850 3132 1956 3178 tur.

260 3246 336 3298 Οὐ
359 3244 468 3312 γὰρ
498 3229 706 3306 ἄδικος
741 3240 774 3293 ὁ
821 3231 964 3303 Θεὸς
1006 3236 1393 3289 ἐπιλαθέσθαι
1440 3234 1543 3286 τοῦ
1570 3234 1744 3301 ἔργου

193 3334 361 3403 ὑμῶν.
397 3334 504 3386 Ἴδε
542 3332 659 3394 πῶς
689 3331 887 3392 αὐτοὺς
917 3329 1256 3396 ἀνεκτήσατο
1303 3325 1397 3378 καὶ
1450 3323 1741 3394 ἀνέρρωσε

195 3426 319 3495 πρὸς
347 3425 408 3478 τὸ
437 3423 683 3488 ἐλπίζειν
727 3421 796 3474 τὰ
841 3421 1052 3489 βελτίω,
1070 3416 1388 3486 ἀναμνήσας
1420 3414 1615 3475 αὐτοὺς
1639 3415 1748 3464 τῶν

197 3515 490 3585 προτέρων,
539 3512 634 3567 καὶ
670 3512 781 3580 τῆς
818 3508 1161 3575 δικαιοσύνης
1193 3506 1287 3558 τοῦ
1329 3504 1467 3556 Θεοῦ
1489 3519 1502 3532 °
1556 3506 1605 3555 εί
1637 3503 1745 3571 γὰρ

195 3605 382 3666 δίκαιος
432 3605 462 3654 ὁ
501 3600 650 3665 Θεὸς,
704 3600 806 3651 οὐκ
843 3596 1155 3666 ἐπιλήσεται
1211 3595 1328 3661 τοῦ⁹
1355 3591 1516 3662 ἔργου
1569 3592 1742 3660 ὑμῶν.

197 3693 446 3756 τουτέστι,
487 3691 586 3761 τῆς
615 3688 1034 3757 εὐσπλαγχνίας,
1067 3686 1164 3754 τῆς
1196 3683 1576 3752 φιλαδελφίας,
1629 3681 1743 3734 ἀλλ’

198 3783 464 3839 ἀντιδώσει
515 3783 664 3852 ὑμῖν.
714 3781 839 3833 Ὠτε
871 3779 946 3850 μὴ
987 3774 1394 3848 μικροψυχεῖτε,
1433 3773 1566 3827 ἀλλὰ
1611 3773 1772 3832 πάντ

195 3895 292 3940 τως
309 3877 556 3940 ἐλπίζετε
588 3874 656 3929 τὰ
691 3871 904 3944 βελτίω,
944 3869 1130 3937 ἐπειδὴ
1169 3871 1264 3921 καὶ
1314 3867 1528 3928 πάντως
1553 3866 1582 3914 ό
1615 3864 1746 3926 Θεὸς

194 3968 404 4030 δίκαιος.
466 3965 679 4020 Οὐκοῦν
718 3965 846 4033 περὶ
877 3961 1028 4030 ὑμῶν
1057 3957 1211 4012 εἶπον
1247 3961 1284 4013 ἃ
1308 3956 1480 4021 εἷπον,
1511 3956 1739 4026 πληκτι-

197 4058 322 4121 κὼςο
353 4053 470 4110 οἶδα
497 4056 608 4126 γὰρ
632 4055 715 4107 ὅτι
753 4053 814 4105 οὐ
844 4050 1089 4120 κατάρας
1117 4047 1259 4112 ἄξιοι
1288 4048 1464 4117 ὑμεῖς.

259 4264 356 4318 Kal
386 4260 491 4316 τοῦ
521 4259 714 4313 κόπου
749 4255 861 4326 τῆς
881 4251 1118 4324 ἀγάπης
1143 4245 1219 4322 ἧς
1244 4248 1626 4312 ἐνεδείξασθε
1661 4249 1746 4313 εἷς

199 4355 258 4411 τὸ
281 4357 461 4424 ὄνομα
491 4348 700 4414 αὐτοῦ,
726 4345 1196 4412 διακονήσαντες
1234 4343 1357 4410 τοῖς
1406 4342 1614 4412 ἁγίοις.
1648 4340 1745 4393 καί

1922 3238 2087 3295 νεεδ.
2132 3242 2217 3294 l0.
2254 3241 2375 3295 Non
2399 3245 2536 3296 enim
2562 3245 2792 3313 injustus
2817 3245 3046 3312 Deus,ut
3071 3249 3406 3304 obliviscatur

1847 3332 2016 3396 operis
2052 3333 2228 3386 vestri.
2267 3329 2648 3388 Animadverte
2673 3337 2944 3403 quomodo
2985 3339 3131 3406 ipsos
3173 3343 3403 3393 erexerit

1847 3427 1899 3470 et
1928 3419 2256 3472 confortarlt
2287 3431 2344 3474 ut
2378 3429 2599 3489 sperent
2628 3423 2871 3487 meliora,
2918 3438 3181 3478 revocans
3229 3425 3308 3478 eis
3336 3425 3402 3478 ad

1801 3547 1809 3559 .
1847 3508 2162 3560 memoriam
2189 3509 2391 3576 priora.
2424 3523 2485 3562 ac
2515 3509 2777 3577 justitiam
2818 3509 2931 3564 Dei.
2970 3508 3024 3563 Si
3049 3515 3192 3565 enim
3220 3511 3401 3580 justus

1847 3607 1930 3651 est
1952 3596 2114 3661 Deus,
2145 3614 2252 3653 non
2288 3600 2642 3654 obliviscetur
2700 3600 2880 3668 Operis
2914 3602 3103 3656 vestri.
3162 3603 3263 3656 hoc
3290 3613 3396 3667 est,

1849 3689 2259 3754 misericordiae,
2303 3690 2554 3745 fraterna:
2598 3690 2929 3756 dilectionis,
2992 3693 3082 3746 sed
3138 3692 3398 3747 retribuet

1849 3779 2024 3832 vobis.
2088 3777 2321 3833 Proinde
2380 3795 2446 3832 ne
2506 3779 2890 3849 despondeatis
2952 3781 3230 3847 aniumml,
3305 3785 3398 3836 sed

1850 3871 2074 3924 omnino
2107 3872 2329 3924 meliora
2360 3881 2593 3940 sperate,
2660 3871 3098 3940 quandoquidem
3157 3884 3210 3926 et
3261 3872 3401 3926 Deus

1849 3961 2075 4013 omnino
2102 3961 2405 4028 justusest.
2430 3961 2546 4015 Non
2594 3962 2762 4031 igitur
2799 3962 2866 4016 de
2925 3963 3076 4016 vobis
3105 3963 3235 4025 dixi,
3281 3977 3400 4030 quae

1847 4049 1980 4111 dixi,
2017 4057 2072 4100 ut
2106 4050 2344 4102 animum
2392 4060 2625 4102 vestrum
2683 4053 3013 4118 percellam:
3073 4053 3196 4104 novi
3253 4053 3396 4105 enim

1847 4137 1990 4204 quod
2020 4154 2112 4191 vos
2144 4152 2250 4191 non
2283 4138 2404 4191 sitis
2430 4138 2577 4208 digni
2601 4142 2993 4192 exsecratione.

1916 4251 1992 4304 Ac
2042 4251 2332 4304 dilectionis
2378 4267 2535 4320 quam
2580 4252 2881 4305 ostendistis
2914 4251 2968 4304 in
3007 4251 3213 4304 nomine
3263 4251 3396 4320 ejus,

1849 4344 1939 4411 qui
1968 4341 2311 4396 ministrastis
2343 4340 2564 4408 sanctis,
2599 4353 2645 4396 ct
2701 4343 3042 4394 ministratis.
3099 4340 3286 4412 Magna
3319 4343 3397 4397 eis

199 4446 626 4510 διακονοῦντες.
653 4440 887 4512 Μεγάλα
932 4439 1114 4500 αὐτοῖς
1144 4434 1448 4506 μαρτυρεῖ·
1478 4434 1578 4486 οὐκ
1607 4427 1745 4502 ἔργα

1850 4435 2062 4498 tribuit,
2095 4450 2203 4488 non
2233 4435 2406 4489 solum
2456 4450 2642 4505 opera,
2676 4435 3032 4489 verumetiam
3081 4446 3246 4500 Opera
3276 4447 3399 4494 cum

203 4539 363 4608 μόνον,
400 4537 539 4592 ἀλλὰ
597 4534 693 4588 καὶ
758 4532 898 4604 μετὰ
953 4527 1264 4602 προθυμίας
1334 4526 1490 4596 ἔργα.
1523 4526 1596 4577 Τὸ
1633 4524 1743 4593 γὰρ

1847 4525 2153 4580 alacritate.
2186 4525 2497 4579 Ministrare
2542 4539 2775 4593 namque
2823 4523 3265 4592 promptitudinis
3314 4532 3398 4580 est

198 4630 443 4683 διακονεῖν
491 4624 802 4697 προθυμίας
849 4620 1204 4694 σημαντικόν.
1242 4619 1492 4686 ’Δγάπην
1520 4617 1614 4669 καὶ
1641 4615 1742 4685 τὴν

1845 4611 2131 4666 Indicium.
2189 4611 2293 4665 Per
2352 4611 2696 4665 dilectionem
2756 4622 2936 4666 autem
2995 4613 3395 4684 eleemusynam

201 4719 553 4791 ὶλεημοσύνην
598 4715 785 4786 φησὶν,
817 4714 884 4782 ἢν
943 4709 1308 4773 ἀπεδείξαντο,
1340 4707 1440 4760 οὐκ
1489 4707 1566 4769 είς
1617 4705 1743 4767 τοὺς

1843 4702 2112 4775 intelligit,
2147 4718 2309 4774 quam
2358 4703 2753 4772 impertierunt,
2782 4717 2886 4755 non
2939 4703 2991 4756 in
3052 4703 3271 4776 fratres,
3301 4708 3394 4759 sed

203 4811 464 4880 ἀδελφοὺς,
492 4807 611 4863 ἀλλ’
655 4805 734 4870 είς
772 4803 832 4856 τδ
888 4801 1058 4870 ὄνομα
1085 4796 1179 4851 τοῦ
1216 4795 1375 4849 Θεοῦ.
1406 4795 1549 4865 Ὅρα
1588 4794 1746 4864 μεγί-

1845 4796 1899 4850 in
1937 4811 2133 4851 nomen
2157 4793 2271 4850 Dei.
2337 4793 2719 4854 Animadverte
2749 4796 3040 4848 maximam
3069 4795 3390 4850 consolatio-

205 4917 318 4970 στην
343 4900 707 4973 παράκλησιν,
741 4896 822 4950 ὅτι
841 4894 941 4948 οὐκ
969 4889 1273 4960 ἀνθρώποις
1300 4885 1578 4957 ποιοῦμεν,
1610 4885 1745 4939 ἀλλὰ

1845 4902 1990 4953 nem,
2024 4886 2166 4957 quod
2207 4901 2312 4940 non
2338 4884 2670 4949 hominibus,
2699 4884 2792 4938 sed
2826 4882 2933 4936 Deo
2990 4881 3220 4935 lacimus
3252 4880 3390 4935 elec-

205 4991 332 5061 Θιῷο
365 4992 439 5057 ὡς
471 4991 570 5044 καὶ
607 4991 635 5043 ὁ
663 4986 898 5057 Χριστὸς
951 4985 1008 5035 ἐν
1057 4980 1134 5050 τῷ
1187 4977 1535 5048 Εὑαγγελίῳ·
1579 4976 1734 5046 Ἐμοὶ

1846 4993 2162 5048 mosynam.
2234 4976 2460 5046 perinde
2513 4988 2576 5027 ac
2647 4973 2896 5027 Christus
2962 4963 3046 5022 ini
3097 4969 3388 5040 Evangelio

205 5060 528 5150 ἐποιήσατε,
559 5080 747 5151 φησιν.
792 5076 853 5131 ⁸0
907 5074 1015 5146 γὰρ
1044 5073 1129 5126 διὰ
1181 5072 1242 5124 τὸ
1295 5070 1465 5140 ὄνομα
1485 5069 1578 5123 τοῦ
1603 5065 1736 5123 Θεοῦ

1845 5068 2048 5135 inquit:
2082 5063 2215 5117 Mihi
2246 5065 2464 5132 fecistis.
2499 5065 2600 5127 Qui
2628 5063 2770 5115 enim
2794 5069 3011 5130 propter
3046 5075 3240 5115 nomen
3298 5060 3384 5113 Dei

207 5147 434 5241 mpsim
477 5147 587 5227 τίιν⁷
622 5147 810 5224 ἄδικον
829 5165 896 5230 ⁸⁸,
925 5165 1000 5234 τῷ
1042 5163 1159 5232 Θεῷ
1199 5161 1356 5216 τοῦτο
1402 5163 1564 5217 ποιεῖ.
1607 5158 1733 5226 Τοῖς

1845 5155 2044 5223 iniusto
2074 5153 2362 5225 prospicit,
2399 5148 2509 5204 Deo
2543 5149 2685 5203 lstud
2713 5149 2857 5205 facit.
2893 5147 3122 5210 Sanctis,
3159 5150 3259 5201 boc
3281 5158 3381 5206 t'al,

207 5240 374 5331 ἀξίοις
403 5263 480 5330 ει,
520 5259 791 5324 τουτέστι,
828 5257 941 5318 τοῖς
991 5255 1220 5315 πιστοῖς.
1252 5253 1365 5315 Πᾶς
1393 5251 1498 5320 γὰρ
1540 5248 1737 5308 πιστὸς

1841 5241 2110 5296 ﬁdelibus.
2145 5241 2333 5294 Omnis
2359 5239 2501 5292 enim
2540 5234 2713 5295 ﬁdelis
2749 5246 2971 5292 sanctus
3026 5245 3130 5294 est,
3167 5235 3384 5286 etiamsi

208 5324 375 5420 litos,
424 5324 526 5409 κάν
574 5350 837 5424 κοσμικδς
862 5345 1259 5422 Ἦγίασται
1309 5343 1440 5412 γὰρ,
1480 5342 1667 5409 φησὶν,
1707 5341 1740 5391 ό

1845 5334 1894 5386 in
1929 5331 2133 5385 mundo
2183 5331 2370 5386 lucrit.
2410 5329 2784 5398 Sanctiﬁcatus
2839 5339 2915 5378 est
2970 5325 3126 5382 enim,
3188 5324 3381 5391 inquit,

207 5416 340 5513 ἀνὴρ
360 5416 403 5500 τό
437 5416 696 5511 ἄπιστοί
739 5443 810 5498 ἐν
856 5416 931 5508 τῇ
970 5433 1227 5506 γυναικί,
1261 5432 1360 5489 καὶ
1393 5432 1667 5501 ἡγίασται
1692 5429 1730 5495 ἡ

1845 5426 1919 5479 vir
1951 5424 2182 5494 inﬁdelis
2221 5425 2273 5478 in
2305 5437 2488 5486 uxore,
2515 5429 2565 5474 et
2597 5416 2926 5486 sanctiﬁcata
2974 5425 3047 5468 est
3079 5430 3214 5468 uxor
3259 5416 3381 5485 inﬁ-

1481 5605 1674 5666 Variae
1701 5602 2028 5669 lectiones.

268 5746 306 5777 "
330 5742 660 5798 κατακαῦσαι
695 5754 774 5794 m.
847 5737 892 5770 ⁸³
924 5733 1149 5804 ἀδελφόν
1184 5747 1258 5788 m.
