4068 6324
720 391 829 456 2‘3

1661 373 2237 440 THEOPHYLACTI
2269 373 2679 439 BULGARIE
2708 371 3044 437 ARCHIEP

3833 374 3934 440 ΞΜ

723 479 894 563 tolum
926 501 1030 557 hoc
1069 515 1176 556 non
1211 495 1475 562 effecerit,
1517 496 1610 552 sed
1644 497 1808 551 etiam
1865 494 2269 565 longanimitas.

2376 509 2465 546 ται
2495 493 2528 562 ἡ
2564 488 2866 558 ἐπαγγελία
2894 488 2962 542 δι’
2988 485 3338 564 όλιγοψυχίας
3359 486 3428 540 ⁸³.
3465 485 3577 540 Καὶ
3634 484 3794 540 τοῦτο
3824 503 3932 542 συν.

723 595 820 650 llic
853 599 1033 647 autem
1067 591 1229 645 etiam
1266 595 1432 644 terret
1481 601 1595 650 eos,
1637 601 1702 640 ex
1754 586 2032 640 contrario
2063 583 2275 654 signiﬁ-

720 702 853 743 cans
884 682 1303 753 promissionem
1331 676 1578 733 absclndi
1610 691 1707 745 per
1753 675 2274 744 pusillanimitatem.

720 778 894 844 Atque
927 774 1029 826 hoc
1056 770 1279 840 contigit
1313 767 1510 838 p0pulo
1542 765 1669 820 olim
1695 765 1768 819 in,
1802 763 2043 833 deserto,
2072 763 2163 832 qui
2218 761 2272 816 in

723 863 1222 936 pusillanimitatem
1255 859 1412 927 lapsi,
1436 858 1582 911 nulla
1618 856 1831 910 ratione
1878 866 2007 908 sunt
2039 853 2273 908 assecuti

724 953 1163 1025 promissionem.
1203 949 1354 1003 Dicat
1408 949 1570 1018 igitur
1622 947 1931 1017 quispiam:
1992 943 2276 1011 Quomodo

723 1055 914 1097 autem.
967 1041 1139 1095 sancti
1196 1039 1413 1094 etiamsi
1470 1038 1806 1109 Ionganlmes
1860 1036 2114 1101 fuerunt,
2165 1051 2274 1089 non

2387 579 2488 648 έϐη
2521 577 2597 648 τῷ
2631 593 2689 631 εν
2715 581 2783 648 τῇ
2827 578 3018 647 ἐρήμῳ
3065 575 3233 630 πάλαι
3267 574 3402 646 λαῷ,
3435 576 3485 628 οἳ
3522 574 3931 644 ὀλιγοψυχήσαν-

2382 687 2474 733 τες
2501 671 2602 722 οὐκ
2631 669 2822 738 ἔτυχον
2853 669 2954 738 τῆς
2983 666 3318 734 ἐπαγγελίας
3359 667 3520 729 ὅλως.
3571 665 3730 719 Είποι
3755 661 3845 721 οὖν
3873 669 3928 722 ἄν

2381 777 2482 826 τις·
2545 762 2655 815 Καὶ
2683 743 2797 824 πῶς
2821 761 2870 814 οί
2903 760 3049 828 ἆγιοι
3081 759 3257 812 καίτοι
3308 759 3824 830 μακροθυμήσαντες
3843 761 3928 814 οὐκ

2381 854 2592 924 ἔτυχον,
2643 852 2720 914 ὡς
2777 855 2912 923 πρὸς
2945 850 3021 921 τῷ
3055 851 3194 904 τέλει
3227 851 3422 921 φησίν;
3463 849 3624 903 Ἀλλὰ
3667 850 3923 914 τεύξονται

2383 942 2621 1006 παντως.
2657 945 2720 996 Ol
2752 943 2810 996 δὲ
2855 941 2950 996 τοῦ
2984 934 3115 995 λαοῦ
3163 938 3464 1009 γογγυσταί
3479 939 3526 973 ⁵⁸
3573 938 3702 995 οὔτε
3737 941 3921 1011 ἔτυχον,

2380 1035 2503 1087 οὔτε
2531 1029 2828 1099 τεύξονται.

722 1150 900 1193 tamen
934 1146 1059 1194 sunt
1086 1135 1345 1198 assecuti,
1375 1142 1434 1188 ut
1475 1133 1574 1187 sub
1610 1131 1861 1202 Epistulae
1898 1129 2058 1186 linem
2091 1129 2261 1184 dicit?
2319 1131 2388 1183 At
2425 1144 2554 1184 vero
2601 1138 2962 1198 assequentur
2987 1127 3154 1200 689
3186 1126 3430 1202 omnino,
3483 1142 3670 1202 verum
3729 1128 3820 1197 qui
3866 1141 3922 1181 ex

636 1263 642 1271 -
722 1232 917 1300 populo
945 1209 1376 1288 murmurarunt,
1401 1239 1572 1291 neque
1611 1222 1849 1277 assecuti
1907 1229 2055 1286 sunt,
2095 1236 2268 1290 neque
2290 1231 2668 1291 assequentur.

795 1322 958 1376 Vnus.
997 1321 1082 1372 l6.
1131 1313 1377 1372 "omines
1419 1315 1565 1370 enim
1593 1333 1684 1385 per
1714 1317 1966 1384 majorem
1996 1315 2197 1381 iurant,
2229 1329 2276 1370 et

723 1415 890 1468 omnis
921 1411 1282 1464 controversiis
1309 1409 1436 1477 ipsis
1466 1409 1589 1476 linis
1619 1417 1692 1461 est
1721 1407 1788 1460 ad
1819 1406 2277 1475 conﬁrmationem

723 1507 1098 1568 iuramentum.
1157 1501 1269 1556 Hoc
1320 1509 1406 1557 est
1456 1515 1552 1571 per
1613 1494 1985 1571 juramentnm
2048 1500 2280 1553 solvitur

722 1596 900 1650 omnis
936 1593 1306 1648 contentionis
1347 1591 1741 1646 controversia.
1779 1587 1983 1643 Etenim
2022 1588 2279 1643 dicuntur

721 1684 940 1755 quidem
1005 1682 1196 1748 multa,
1247 1689 1300 1735 et
1353 1679 1805 1735 contradicuntur
1857 1677 2134 1748 utrinque,
2182 1677 2276 1733 sed

720 1774 865 1826 enim
921 1772 1302 1840 jusjurandum
1355 1775 1632 1840 postremo
1677 1769 2063 1836 accedens,iac
2106 1768 2279 1823 stabi-

721 1863 882 1926 liens,
915 1871 1111 1914 cuncta
1139 1853 1304 1914 dubia
1339 1859 1521 1914 solvit.

789 1949 956 2004 Vens.
986 1949 1069 2003 i7.
1106 1948 1170 2003 In
1201 1965 1299 2019 quo
1331 1949 1686 2003 abundantius
1729 1948 1903 2002 volens
1935 1947 2070 2001 Deus
2102 1956 2280 2000 osten-

715 2041 839 2094 dere
866 2042 1268 2109 pollicitationis
1299 2041 1593 2096 lueredibus
1630 2039 2048 2093 immobilitatent
2073 2039 2282 2093 consilii

721 2134 825 2196 sui,
861 2133 1168 2200 juramento
1196 2132 1471 2186 stabilivit.
1507 2131 1620 2187 Hoc
1651 2141 1754 2197 est,
1793 2139 2079 2201 propterea
2112 2130 2278 2200 quod,

719 2225 1158 2294 quandoquidem
1192 2224 1264 2277 ita
1302 2239 1361 2278 se
1385 2239 1472 2278 res
1495 2223 1677 2288 habet,
1711 2231 1771 2276 ut
1797 2221 2278 2290 hominibusjura-

720 2323 962 2370 mentum
1005 2331 1220 2369 omnem
1253 2313 1408 2369 tidem
1455 2313 1664 2380 aﬂ‘erat,
1695 2314 1765 2369 ob
1807 2329 1926 2367 eam
1973 2328 2086 2367 rem
2140 2315 2282 2367 Deus

722 2409 885 2462 etiam
915 2407 1080 2477 iurat.
1113 2406 1226 2472 νει,
1257 2407 1309 2459 in
1337 2423 1460 2477 quo,
1495 2407 1597 2463 hoc
1639 2415 1744 2469 est,
1774 2407 1908 2476 .quia
1938 2405 2143 2476 juravit
2185 2420 2280 2474 per

721 2498 960 2567 seipsum
981 2497 1140 2561 Deus,
1159 2513 1223 2550 ex
1257 2495 1556 2550 abundanti
1582 2497 1907 2551 monstravit
1931 2495 2112 2559 nobis,
2135 2495 2277 2564 quod

715 2588 940 2640 omnino
963 2597 1015 2640 et
1049 2587 1557 2655 impermutabililer
1587 2587 1831 2641 facturus
1863 2588 1936 2641 sit
1959 2602 2080 2656 quae
2122 2587 2278 2642 nobis

715 2678 1047 2746 promiserit.
1084 2678 1220 2730 Nam
1254 2677 1363 2730 Deo
1415 2677 1580 2730 etiam
1619 2678 1736 2731 sine
1778 2677 2093 2745 juramcnto
2143 2679 2276 2732 lides

716 2767 1019 2822 adhibenda
1052 2775 1191 2828 erat,
1220 2766 1447 2836 propter
1493 2783 1593 2823 nos
1621 2777 1800 2821 tamen
1849 2768 2084 2822 demittit
2134 2783 2274 2833 sese,

715 2872 815 2912 nec
843 2874 994 2913 suam
1013 2859 1326 2927 dignitatem
1359 2860 1784 2929 contemplatur,
1816 2875 1999 2916 verum
2034 2867 2092 2915 ut
2117 2861 2274 2915 nobis

714 2948 1060 3015 persuadeat,
1098 2947 1320 3017 indigna
1355 2950 1517 3002 etiam
1555 2951 1622 3004 de
1672 2951 1851 3019 seipso
1901 2949 2008 3003 dici
2049 2949 2270 3018 patitur.

712 3037 824 3090 Nos
850 3037 993 3090 euim
1034 3037 1220 3090 ﬁdeles
1251 3037 1632 3105 promissionis
1667 3053 1857 3112 sumus
1886 3038 2150 3102 haeredes,
2176 3037 2269 3106 qui

3228 1192 3237 1237 ί

2454 1317 2776 1382 Ἄνθρωποι
2801 1315 2918 1384 μὲν
2950 1332 3060 1382 τηρ
3089 1313 3238 1367 κατὰ
3266 1313 3372 1368 τοῦ
3398 1311 3664 1384 μείζονος
3696 1313 3928 1382 ὀμνύου·

2376 1424 2462 1472 σι,
2493 1408 2591 1462 καὶ
2623 1406 2825 1475 πάσης
2870 1408 3074 1472 αὐτοῖς
3105 1408 3450 1477 ἀντιλογίας
3495 1405 3680 1475 πέρας
3724 1409 3805 1472 είς
3831 1408 3926 1471 βαι

2383 1504 2632 1557 ὕαίωσιν
2665 1501 2860 1570 ὅρκος.
2919 1502 3234 1566 Τουτέστιν,
3281 1503 3346 1554 ὲκ
3395 1501 3491 1554 τοῦ
3544 1501 3707 1569 ὅρκου
3763 1501 3927 1554 λύεται

2386 1592 2566 1661 πάσης
2599 1590 2908 1657 ἀντιλογίας
2947 1587 3380 1658 ἁμφισὸήτησις.
3422 1588 3532 1642 Καὶ
3559 1589 3668 1654 γὰρ
3703 1586 3929 1651 λέγονται

2389 1684 2488 1752 μὲν
2517 1681 2709 1747 πολλὰ,
2740 1680 2835 1736 καὶ
2867 1681 3243 1749 ἀντιλέγονται
3279 1677 3337 1743 ἐξ
3365 1679 3625 1748 ἑκατέρου
3662 1678 3870 1748 μέρους,
3905 1677 3930 1728 ὁ

2385 1774 2440 1826 δὲ
2473 1773 2631 1843 ὅρκος
2655 1768 2932 1836 τελευταῖς
2961 1769 3216 1825 ἐπεισιὼν
3256 1769 3350 1824 καὶ
3395 1767 3648 1839 βεόαιῶν,
3679 1767 3750 1821 τά
3776 1766 3928 1837 ἀμφι

2315 1835 2356 1890 Β
2385 1863 2512 1915 σολα
2545 1861 2660 1916 λύει
2687 1862 2882 1918 πάντα.

2458 1955 2562 2009 οἙν
2580 1945 2628 2021 ᾧ
2649 1950 3080 2024 περισσότερον
3100 1952 3481 2022 βουλόμενος
3512 1953 3545 2004 d
3569 1950 3712 2016 Θεὸς
3735 1949 3928 2004 ἐπιδεί-

2384 2045 2602 2110 ξασθαι
2664 2046 2791 2112 τοῖς
2849 2045 3247 2113 κληρονόμοις
3305 2041 3417 2111 τῆς
3472 2042 3828 2110 ἐπαγγελίας
3870 2040 3927 2093 τὸ

2386 2135 2744 2204 ἀμετάθετον
2796 2134 2905 2201 τῆς
2953 2131 3193 2201 ,βουλῆς
3253 2131 3478 2196 αὑτοῦ,
3531 2129 3928 2184 ἐϐεϐαίωσεν-’⁸

2385 2225 2556 2294 ὅρκῳ.
2593 2226 2877 2290 Τουτέστι’,
2904 2225 3008 2287 διὸ,
3043 2221 3235 2293 ἐπειδὴ
3279 2220 3374 2275 καὶ
3423 2221 3535 2284 τοῖς
3582 2219 3876 2288 ἀνθρώποις
3903 2219 3928 2270 ό

2383 2319 2542 2387 ὅρκος
2582 2319 2765 2370 πᾶσαν
2814 2316 2997 2369 πίστιν
3025 2313 3296 2383 ἐπιφέρει,
3345 2311 3431 2366 διὰ
3459 2309 3617 2365 τοῦτο
3648 2311 3743 2364 καὶ
3766 2313 3792 2364 ό
3815 2309 3930 2371 θεὸς

2381 2410 2626 2477 ὄμνυσιν.
2660 2409 2754 2470 Ἦ,
2788 2409 2856 2461 ἐν
2885 2402 3102 2474 (In/avsi
3133 2403 3249 2469 τοῦ,
3300 2403 3359 2458 ἐν
3398 2400 3475 2473 τῷ
3521 2402 3738 2472 ὀμόσαι,
3789 2402 3925 2471 φησὶ,

2381 2500 2503 2553 καθ’
2537 2499 2730 2552 ἑαυτοῦ
2756 2504 2782 2552 ὁ
2809 2499 2962 2562 Θεὸς,
2999 2501 3064 2552 ὲκ
3111 2497 3426 2566 περιουσίας
3447 2494 3648 2558 ἔδειξεν
3681 2495 3830 2562 ἡμῖν,
3856 2493 3928 2544 ὃτι

2383 2592 2599 2654 πάντως
2648 2591 2741 2643 καὶ
2789 2588 3141 2660 ἀμεταθέτως
3187 2589 3404 2654 ποιήσει
3455 2585 3491 2640 ἃ
3552 2584 3923 2652 ἐπηγγείλατο.

2385 2683 2532 2735 Ἔδει
2593 2682 2693 2752 μὲν
2744 2682 2852 2752 γὰρ
2891 2680 2985 2736 καὶ
3039 2682 3206 2752 χωρὶς
3249 2680 3415 2750 ὅρκου
3464 2676 3814 2730 πιστεύεσθαι
3847 2675 3926 2726 τὸν

2378 2772 2532 2838 Θεὸν,
2591 2773 2705 2826 ἀλλ’
2759 2773 2910 2842 ὅμως
2957 2771 3024 2824 δι’
3063 2770 3208 2840 ἡμᾶς
3265 2768 3602 2838 συγκάτεισι,
3631 2767 3723 2818 καὶ
3759 2764 3818 2817 ού
3841 2764 3928 2831 τὴν

2377 2863 2540 2918 αὐτοῦ
2579 2863 2735 2928 ἀξίαν
2764 2864 2976 2926 σκοπεῖ,
3005 2859 3119 2914 ἀλλ’
3140 2860 3288 2923 ὅπως
3331 2858 3479 2927 ἡμᾶς
3530 2856 3713 2926 πείσῃ,
3748 2852 3926 2917 ἀνάξια

2377 2955 2506 3023 περὶ
2551 2953 2715 3005 αὑτοῦ
2744 2952 2996 3022 ἀνέχεται
3017 2949 3291 3018 λέγεσθαι.
3341 2943 3530 3016 Ἡμεῖς
3549 2943 3655 3016 γὰρ
3680 2945 3729 2997 οἱ
3760 2940 3927 2995 πιστοὶ

2377 3049 2474 3116 τῆς
2524 3045 2859 3114 ἐπαγγελίας
2907 3041 3078 3111 ὲσμὲν
3111 3038 3474 3111 κληρονόμοι,
3501 3038 3550 3090 ot
3576 3039 3635 3088 ὲν
3671 3034 3749 3104 τῷ
3774 3034 3925 3104 σπέρο

713 3125 766 3179 in
804 3126 1014 3180 semine
1044 3127 1180 3196 ejus,
1205 3127 1296 3197 qui
1329 3127 1585 3185 Christus
1615 3140 1718 3196 est,
1751 3128 2025 3184 benedicti
2054 3144 2268 3185 sumus.

2380 3153 2506 3206 ματι
2533 3135 2719 3200 αὑτοῦ,
2781 3135 2839 3198 ὃς
2877 3133 2995 3186 ἐστι
3051 3130 3306 3202 Χριστὸς,
3359 3127 3764 3197 εύλογηθέντες.
3796 3125 3924 3195 Ὅρα

709 3214 1093 3270 Animadverte
1116 3227 1295 3271 autem
1319 3219 1591 3286 quomodo
1619 3220 1782 3274 etiam
1824 3229 1936 3273 tum
1966 3219 2160 3274 Filium
2186 3219 2270 3275 di-

709 3311 798 3359 cat
857 3305 1208 3360 mediatorem
1253 3306 1348 3362 Dei
1406 3317 1461 3364 et
1518 3310 1799 3364 hominum
1856 3310 2024 3366 luisse
2090 3328 2104 3366 :
2175 3328 2272 3382 per

712 3397 886 3464 ipsum
935 3398 1082 3451 enim
1144 3405 1399 3469 tanquam
1467 3399 1701 3456 Verbum
1755 3403 1960 3470 juravit
2018 3402 2162 3460 Deus
2216 3412 2270 3459 et

710 3489 892 3542 Pater.

782 3577 947 3632 Vsus.
981 3578 1068 3632 l8.
1106 3576 1173 3631 Ut
1203 3595 1294 3648 per
1344 3581 1476 3632 duas
1510 3596 1590 3634 res
1643 3579 1953 3646 immobiles,
1990 3583 2044 3635 in
2083 3584 2267 3651 quibus

709 3669 1032 3734 impossibile
1083 3671 1291 3722 mentiri
1350 3669 1532 3723 Deum.
1568 3672 1768 3736 Quales
1812 3683 1865 3726 et
1919 3675 2271 3742 cujusmodi?

709 3755 864 3823 Quod
893 3757 1210 3828 simpliciter
1237 3759 1440 3814 diceret
1486 3775 1549 3814 ac
1584 3763 1938 3830 promitteret,
1977 3771 2088 3817 tum
2122 3765 2264 3834 quod

705 3848 1084 3914 jusjurandum
1105 3851 1454 3924 promissioni
1475 3863 1789 3920 apponeret.
1815 3853 2084 3920 Quoniam
2119 3857 2264 3910 enim

710 3937 850 4004 apud
882 3941 1130 3994 h0miues
1179 3941 1281 3994 hoc
1321 3941 1536 3995 videtur
1577 3958 1700 3998 esse
1731 3944 2268 4016 ﬂrmius,jusjuran-

709 4027 836 4080 dum
879 4029 1485 4100 videlicet,'propterea
1535 4033 1652 4102 ipse
1703 4034 1832 4089 illud
1884 4038 2155 4105 apposuit.
2201 4040 2268 4092 In

707 4119 1049 4185 quibus,pro,
1073 4134 1138 4174 ex
1170 4121 1368 4189 quibus
1398 4123 1482 4178 bis
1502 4123 1715 4179 duabus
1747 4126 1930 4193 rebus,
1958 4130 2264 4186 certissima

709 4208 1117 4264 demonstratur
1146 4213 1455 4279 promissio,
1482 4229 1547 4269 ac
1572 4215 1916 4284 impossibile
1943 4228 2026 4274 est
2046 4224 2262 4276 mentiri

709 4297 897 4352 Deum.
935 4300 1403 4363 Quemadmodum
1453 4305 1618 4374 igitur
1646 4306 1850 4376 juravit
1878 4320 2100 4379 propter
2139 4326 2262 4376 nos,

709 4389 813 4443 etsi
861 4389 1140 4460 indignum
1200 4402 1317 4446 erat
1354 4395 1706 4462 ipsojurare,
1748 4400 1820 4452 ita
1859 4401 2024 4466 istud,
2079 4403 2262 4456 didicit

2375 3227 2490 3289 πῶς
2518 3227 2614 3280 καὶ
2649 3227 2769 3302 τότε
2809 3225 2958 3294 λέγει
2992 3223 3082 3276 τὸν
3113 3221 3242 3275 Υίδν
3291 3221 3516 3291 μεσίτην
3555 3217 3689 3272 Θεοῦ
3724 3219 3816 3270 καὶ
3843 3219 3923 3270 ἀν-

2370 3317 2603 3387 Θρὼπων
2633 3316 2936 3385 γεγονέναι.
2965 3314 3044 3374 At?
3073 3311 3240 3367 αὐτοῦ
3273 3312 3382 3383 γὰρ
3408 3312 3484 3375 ὡς
3513 3311 3685 3380 Λόγου
3720 3309 3921 3382 ὤμνυεν

2366 3411 2395 3463 ό
2425 3407 2558 3471 Θεὸς
2589 3408 2683 3461 καὶ
2712 3407 2924 3478 Πατήρ.

2441 3587 2574 3642 Ἵνα
2619 3586 2718 3640 διὰ
2768 3571 2878 3641 δύο
2926 3583 3288 3662 ,πραγμάτων
3317 3580 3711 3652 ἀμεταθέτων,
3737 3581 3807 3633 ἐν·
3841 3573 3920 3645 οἷς

2365 3677 2668 3731 ἀδύνατον
2709 3678 3051 3744 ψεύσασθαι
3097 3676 3262 3730 Θεόν.
3299 3676 3459 3728 Ποίου
3489 3676 3582 3727 καὶ
3616 3675 3766 3728 ποίου
3788 3691 3800 3739 ;
3825 3671 3916 3726 Τοῦ

2367 3783 2425 3818 τε
2451 3767 2633 3830 ἁπλῶς
2655 3770 2827 3822 είπείν
2854 3769 2946 3822 καὶ
2965 3768 3317 3837 ὑποσχέσθαι,
3342 3769 3435 3822 καὶ
3463 3765 3552 3819 τοῦ
3580 3766 3743 3837 ὅρκον
3771 3779 3919 3835 προσ-

2367 3857 2540 3909 θεῖναι
2598 3861 2664 3926 τῇ
2698 3849 3015 3928 ὑποσχέσει.
3048 3858 3271 3928 Ἐπειδὴ
3305 3856 3413 3927 γὰρ
3443 3855 3598 3926 παρὰ
3625 3854 3917 3925 ἀνθρώποις

2366 3948 2521 4002 τοῦτο
2550 3948 2701 4002 δοκεῖ
2733 3951 3073 4019 πιστότερον,
3098 3949 3159 4002 τὸ
3188 3947 3282 4002 τοῖο⁹
3315 3949 3504 4017 ὅρκου,
3525 3946 3614 4000 διὰ
3651 3945 3808 4000 τοῦτο
3834 3944 3916 4000 καὶ

2366 4040 2526 4101 αὐτὸς
2565 4040 2722 4094 τοῦτο
2753 4041 3116 4110 προσέθηκεν.
3173 4040 3276 4093 Ἕν
3305 4033 3416 4105 οἷς,
3448 4039 3569 4093 ἀντὶ
3602 4038 3717 4102 τοῦ,
3750 4037 3811 4103 ἐξ
3832 4031 3912 4099 ὧν,

2364 4129 2568 4182 τούτων
2597 4129 2707 4181 τῶν
2739 4129 2852 4194 δύο,
2887 4128 3184 4198 πιστοτάτη
3212 4127 3486 4182 δείκνυται
3523 4129 3555 4198 ἠ
3605 4126 3912 4196 ιπαγγελίσ,

2365 4219 2460 4272 καὶ
2485 4219 2747 4272 ἀδύνατον
2774 4217 3075 4287 ψεύσασθαι
3095 4218 3186 4271 τὸν
3210 4217 3577 4288 Θεόν.“οσπερ
3597 4215 3688 4270 οὖν
3707 4216 3910 4287 ὦμνυσε

2362 4309 2430 4362 δι’
2467 4310 2637 4380 ἡμᾶς,
2668 4310 2847 4363 καίτοι
2871 4310 3092 4376 ἀνάξιον
3113 4308 3277 4363 αὐτοῦ
3303 4308 3363 4362 τδ
3387 4308 3637 4379 ὀμνύναι,
3658 4305 3806 4364 οὕτω
3831 4306 3913 4360 καὶ

2362 4398 2444 4464 τὸ,
2479 4399 2699 4468 ἔμαθεν
2726 4399 2796 4464 ἐξ
2823 4392 2910 4453 ὧν
2933 4401 3136 4464 ἔπαθε,
3170 4398 3300 4455 νόει.
3328 4397 3440 4452 Καὶ
3487 4401 3594 4470 γὰρ
3630 4400 3677 4452 ot
3717 4382 3927 4469 ἇνθρωί

708 4495 773 4534 ra:
804 4481 992 4548 quibus
1017 4497 1205 4550 passus
1240 4495 1337 4550 est,
1369 4486 1626 4559 intellige.
1661 4487 1872 4545 Etenim
1927 4493 2174 4550 homines
2206 4495 2260 4550 id

2374 4506 2456 4542 ποι
2494 4489 2652 4543 τοῦτο
2703 4492 3014 4561 νομίζουσιν
3063 4489 3527 4561 ἀξιοπιστότερον,
3578 4489 3640 4544 τὸ
3679 4489 3776 4545 διὰ
3823 4487 3906 4558 τῆς

708 4571 1026 4626 existimant
1057 4589 1178 4629 esse
1215 4575 1531 4634 credibilius
1562 4587 1615 4634 et
1658 4581 1883 4648 certius,
1908 4584 2052 4654 quod
2092 4601 2259 4656 expe~

712 4660 905 4713 rientia
933 4666 1336 4734 comprobatum
1372 4676 1474 4723 cst.

779 4749 1146 4806 Fortissimum
1178 4757 1424 4808 solatium
1456 4759 1762 4824 habeamus,
1808 4762 1897 4828 qui
1928 4764 2257 4834 confugimus

709 4844 776 4894 ad
827 4845 1098 4898 tenendam
1145 4849 1463 4914 propositam
1510 4866 1666 4918 spem.
1696 4851 1808 4907 Hoc
1869 4863 1972 4914 est.
2004 4871 2254 4926 magnam

708 4935 1129 4992 admonitionem
1157 4947 1210 4993 et
1232 4939 1691 4997 adhortationem.
1745 4942 1860 4998 Non
1908 4948 2051 4999 enim
2086 4949 2258 5017 magis

708 5035 923 5094 propter
960 5028 1347 5110 Abrahamum,
1379 5047 1538 5100 quam
1565 5044 1785 5103 propter
1806 5051 1904 5088 nos
1934 5037 2033 5090 hoc
2053 5038 2256 5091 dictum

705 5127 808 5174 cst,
846 5116 934 5180 qui
969 5119 1310 5184 confugimus
1341 5121 1409 5174 ad
1447 5137 1589 5186 eum,
1632 5125 1734 5180 hoc
1761 5133 1865 5190 est,
1897 5127 2253 5196 speravimus.

707 5203 972 5263 Quorsum
1015 5213 1196 5259 autem
1240 5207 1499 5264 lnbemus
1541 5213 2012 5270 adhortationem?
2042 5217 2107 5270 ad
2149 5218 2254 5271 hoc

708 5301 766 5343 nt
795 5302 1074 5353 teneamus
1108 5299 1439 5366 propositam
1467 5317 1640 5371 spem,
1662 5304 1762 5358 hoe
1798 5313 1901 5370 est,
1950 5317 2008 5361 ut
2045 5310 2112 5362 ab
2149 5310 2254 5364 illis

705 5394 826 5447 qua:
852 5392 979 5434 sunt
1011 5384 1323 5442 Abrahamo
1346 5389 1490 5451 data,
1526 5389 1593 5444 de
1623 5391 1691 5446 iis
1720 5394 1883 5447 etiam
1915 5409 2035 5464 quae
2061 5398 2126 5450 ad
2152 5413 2252 5453 nos

685 5467 974 5538 pertinent
1001 5477 1256 5534 certiores
1275 5481 1586 5548 reddantur,
1620 5498 1793 5554 neque
1820 5489 2111 5559 quidquam
2142 5505 2251 5544 am-

2368 4579 2560 4650 πείρας
2585 4582 2779 4634 ἐλθεῖν.

2448 4760 2732 4832 Ἰσχυρὰν
2745 4763 3132 4832 παράκλησιν
3147 4765 3394 4834 ἕλωμεν,
3410 4767 3466 4821 οί
3480 4766 3898 4836 καταφυγόντες

2363 4854 2653 4923 κρατῆσαι
2681 4856 3076 4926 προκειμένης
3119 4856 3387 4925 ἐλπίδος.
3417 4859 3694 4923 Τουτέστι,
3727 4855 3902 4924 παραί-

2363 4967 2510 5003 νεσιν
2555 4952 2794 5021 μεγάλην
2845 4955 2937 5006 καὶ
2985 4955 3324 5028 προτροπὴν.
3352 4954 3427 5008 Οὐ
3457 4956 3654 5028 μᾶλλον
3699 4957 3804 5026 γὰρ
3826 4953 3901 5006 διὰ

2365 5041 2456 5094 τὸν
2491 5042 2762 5112 Ἀϐρααμ,
2789 5045 2821 5112 ἢ
2849 5045 2918 5097 δι’
2944 5045 3090 5115 ἡμᾶς
3142 5044 3301 5099 τοῦτο
3333 5043 3567 5120 εἴρηται,
3597 5049 3722 5112 τοὺς
3753 5061 3892 5100 κατα·

2365 5132 2634 5200 φυγόντας
2683 5132 2776 5186 ἐπ’
2803 5136 2962 5196 αὑτὸν
2984 5135 3049 5202 ⁸⁵,
3082 5138 3377 5206 τουτέστιν,
3426 5140 3739 5210 ὴλπικότας.
3800 5128 3896 5187 Ποῦ

2362 5224 2418 5275 δὲ
2455 5223 2649 5293 ἔχομεν
2702 5227 2800 5295 τὴν
2855 5230 3200 5299 προτροπήν;
3246 5229 3339 5294 El;
3375 5233 3434 5286 τὸ
3481 5230 3749 5304 κρατῆσαι
3810 5229 3893 5294 τῆς

2357 5317 2725 5386 προκειμένης
2771 5308 3020 5382 ἐλπίδος’
3073 5322 3371 5387 τουτέστιν,
3425 5325 3511 5378 τνα
3547 5324 3644 5377 ἀπ’
3691 5323 3893 5377 ἐκείνων

2362 5402 2469 5456 τῶν
2498 5404 2577 5474 τῷ
2621 5405 2870 5477 Ἀϐραὰμ
2891 5409 3172 5476 δοθέντων,
3197 5413 3292 5467 καὶ
3319 5414 3446 5483 περὶ
3480 5408 3590 5468 τῶν
3620 5414 3738 5468 καθ’
3761 5413 3888 5484 ἡμᾶς

2359 5495 2881 5568 πληροφορηθῶμεν,
2948 5502 3045 5556 καὶ
3100 5504 3176 5572 μὴ
3228 5503 3565 5577 διστάζωμεν
3624 5508 3750 5578 περὶ
3796 5503 3889 5557 τῶν

2027 5672 2225 5734 Varias
2251 5671 2575 5736 lectiones;

782 5758 828 5790 ⁸⁸
850 5759 1134 5826 ὀλιγωρίας
1173 5781 1225 5819 o.
1302 5766 1348 5799 ”
1376 5768 1724 5836 γογγύζοντες
1747 5787 1798 5826 o.
1877 5775 1920 5806 ”
1950 5777 2299 5846 ἐμεσίτευσεν
2318 5793 2373 5834 ο.
2447 5781 2493 5811 ’⁸
2531 5781 2700 5852 αὑτήν
2725 5799 2776 5835 o.
