4068 6324
173 386 278 446 $3

887 329 1317 470 ~EXPOSITIQ
1347 378 1425 437 ΙΝ
1457 375 1697 436 EPIST.
1737 374 1838 433 AD
1875 372 2265 433 ΗΕΒΙὶίΕΟΒ.
2301 385 2370 408 -‘-
2398 374 2560 434 CAP.
2597 377 2670 436 Χ.

3233 431 3237 434 ,
3307 364 3419 434 334

168 504 462 569 ἁκουσίωῖ,
492 501 611 555 ἐστι
641 518 726 564 τις
778 499 975 571 μετρία
1025 492 1349 563 συγγνώμη.
1384 494 1524 555 Ὅρα
1543 490 1598 544 δὲ
1634 489 1746 552 πῶς

1853 488 1997 542 niam
2036 489 2294 543 dan:lam.
2329 489 2420 544 Ait
2464 489 2646 555 enim,
2696 489 2995 544 voluntarie
3043 492 3418 559 peccantibus;

169 596 267 646 οὐκ
301 588 478 657 εἶπεν,
517 591 894 662 ἁμαρτόντων.
949 586 1087 654 ἀλλ’,
1120 583 1564 657 ἁμαρτανόντων,
1599 598 1748 634 τουτ-

171 687 338 748 έστιν,
373 683 679 754 ὲμενόντων
707 685 772 752 τῇ
809 681 1055 751 ἁμαρτίᾳ
1086 677 1496 748 ἁμετανοήτως.
1545 675 1630 735 Ὠς
1656 673 1748 728 ὲάν

168 794 227 841 γε
278 776 354 845 μὴ
383 771 799 845 ἐπιμμένωμεν,
853 772 989 826 ἀλλὰ
1023 772 1314 840 μετάνοιαν
1365 765 1747 836 ἐνδειξώμεθα,

170 866 322 920 ἔσται
349 864 682 935 συγγνώμη.
719 862 831 917 Ποῦ
852 862 946 916 οῦν
977 865 1026 916 οἱ
1064 862 1162 930 τὴν
1191 859 1476 932 μετάνοιαν
1507 858 1748 928 ἀναιρεῖ·-

1851 580 1986 635 adeo
2015 589 2073 634 ut
2104 581 2276 636 invito
2308 583 2659 651 peccantibus
2695 582 2872 637 facilis
2903 591 3091 653 parata
3122 593 3205 639 est
3237 586 3414 639 venia.

1850 671 2152 728 Considera
2182 683 2386 737 autem,
2415 676 2560 743 quod
2592 691 2698 729 non
2730 675 2888 743 dixit,
2947 676 3016 732 lis
3066 676 3160 746 qui
3224 694 3412 748 pecea-

1854 771 2000 828 runt,
2028 763 2146 830 sed,
2180 765 2535 834 peccantibus,
2588 767 2690 821 hoc
2726 776 2830 831 est,
2857 767 2911 821 in
2936 776 3158 837 peccato
3184 768 3302 824 sine
3332 783 3420 823 re-

1852 851 2171 921 sipiscentia
2203 852 2672 922 permanentibus.
2716 853 2850 908 Nam
2875 855 3056 910 si'non
3091 871 3414 925 permanea-

1855 958 1999 1008 mus,
2067 944 2160 998 scd
2212 931 2557 1011 paenitentia:
2635 946 2910 1014 specimen
2980 951 3415 1014 exhibuerimus.

1853 1037 2025 1090 venia:
2047 1046 2193 1092 certe
2220 1037 2376 1092 locus
2411 1041 2534 1111 erit.
2553 1023 2556 1030 “
2575 1038 2678 1096 Ubi
2705 1054 2832 1097 sunt
2864 1043 3031 1113 igitur
3053 1044 3144 1114 qui
3175 1044 3264 1099 hic
3293 1061 3414 1117 pm—

1853 1129 2135 1183 nitentiam
2155 1131 2268 1184 tolli
2311 1132 2550 1186 clamant
2571 1132 2591 1185 3

1921 1220 2049 1286 Ροει
2081 1231 2352 1291 acceptant
2386 1224 2630 1277 notitiam
2651 1228 2908 1282 veritatis.
2948 1226 3047 1280 Vel
3075 1227 3172 1282 Ch.
3191 1229 3304 1293 isti,
3329 1231 3430 1285 vel'

1851 1314 2094 1366 omnium
2130 1312 2467 1383 dogmatum.

170 960 289 1011 σθαι
315 958 554 1012 ἐνταῦθα
592 957 841 1025 λέγοντες
864 974 881 1022 ;

235 1236 404 1289 Μετὰ
474 1235 537 1290 τὸ
588 1235 798 1290 λαϐεῖν
833 1233 968 1300 ’τὴν
1035 1232 1362 1300 ἐπίγνωσιν
1417 1231 1526 1299 τῆς
1596 1232 1747 1296 ἀλη-

167 1327 348 1391 θείας.
397 1328 470 1379 ’Ἦ
526 1325 621 1379 τοῦ
682 1324 920 1397 Χριστοῦ
949 1363 964 1387 ,
1021 1324 1055 1394 ἦ
1120 1323 1338 1377 πάντων
1386 1322 1494 1375 τῶν
1547 1319 1748 1390 δογμά-

168 1435 298 1471 των.

232 1510 452 1565 Οὐκέτι
489 1509 620 1580 περὶ
669 1507 971 1579 ἁμαρτιῶν
1002 1489 1388 1564 ἀπολείπεται
1420 1500 1622 1562 θυσία.
1671 1507 1745 1560 Οὐ

1931 1493 2060 1547 Jam
2093 1512 2196 1548 non
2230 1497 2546 1565 relinquitur
2570 1513 2665 1568 pro
2691 1500 2919 1568 peccatis
2973 1500 3165 1560 hostia.
3201 1502 3320 1560 Non
3359 1515 3420 1562 ut

171 1597 268 1667 τὴν
297 1599 595 1667 μετάνοιαν
628 1598 868 1667 ἀναιρῶν
891 1597 1040 1666 λέγει
1081 1596 1274 1664 ταῦτα,
1308 1595 1380 1661 ὦς
1413 1612 1558 1658 τινες
1606 1613 1746 1666 παρ-

1853 1585 2228 1656 paenitentiam
2262 1586 2496 1654 auferat,
2526 1588 2639 1644 haec
2664 1589 2818 1656 dicit,
2856 1598 2917 1646 ut
2962 1592 3179 1662 quidam
3226 1610 3435 1668 perpes.

175 1689 414 1759 ενὸησαν
435 1691 506 1757 ³³,
538 1683 675 1743 ἀλλᾶ
711 1691 1019 1753 δείκνυσιν,
1072 1692 1154 1744 ὅτι
1206 1690 1308 1742 οὐκ
1331 1687 1446 1742 ἐστι
1496 1687 1746 1759 δεύτερον

1854 1697 1966 1736 ram
1994 1682 2431 1739 intellexerunt:
2469 1685 2563 1740 sed
2598 1687 2840 1744 ostendit
2896 1703 3003 1743 non
3062 1693 3194 1747 esse
3237 1687 3416 1750 locum

171 1781 490 1850 βάπτισμα’
521 1781 602 1847 διὸ
649 1782 769 1835 οὐδὲ
807 1780 1059 1852 δεύτερος
1095 1781 1326 1844 θάνατος
1360 1778 1454 1833 τοῦ
1485 1780 1740 1849 Χριστοῦ.

1851 1773 2096 1828 secundo
2134 1774 2475 1844 baptismati,
2529 1776 2760 1848 ideoque
2809 1794 2907 1835 nec
2959 1784 3214 1840 secundae
3260 1773 3421 1843 morti

169 1848 388 1926 Θυσίαν
419 1872 528 1942 γὰρ
561 1871 752 1927 τοῦτον
793 1848 980 1938 καλεῖ,
1008 1873 1084 1937 ώς
1117 1875 1212 1927 καὶ
1246 1874 1308 1926 ὲν
1329 1874 1456 1935 τοῖς
1489 1848 1740 1927 κατόπιν.

1847 1863 2069 1920 Christi.
2088 1863 2335 1920 Hostiam
2352 1868 2496 1921 enim
2519 1881 2637 1921 eam
2667 1871 2921 1939 appellat,
2947 1876 3246 1944 utposmac
3274 1877 3424 1936 vidc-
3457 1953 3462 1958 ‘

169 1962 283 2031 Μιᾷ
312 1961 426 2031 γὰρ
455 1962 618 2034 θυσίᾳ.
655 1963 1003 2019 τετελείωκεν
1037 1967 1117 2025 εἰς
1145 1965 1206 2018 τὸ
1236 1960 1515 2035 διηνεκές’
1547 1963 1608 2017 τδ
1637 1964 1742 2034 γὰρ

1847 1951 2042 2009 bimus.
2071 1952 2189 2010 Una
2207 1969 2353 2010 enim
2376 1954 2553 2012 hostia
2579 1962 2975 2016 consummavit
3000 1966 3053 2019 in
3079 1976 3420 2038 perpetuum.
3451 1965 3456 1974 ’

169 2050 460 2124 βάπτισμα
503 2055 660 2126 ἡμῶν
688 2055 778 2109 τὸν
811 2056 1043 2110 θάνατον
1061 2056 1317 2120 είκονίζει
1354 2055 1740 2125 τοῦ,Χριστοῦ.

1847 2045 2107 2102 Nostrum
2139 2049 2286 2103 enim
2317 2047 2588 2121 baptisma
2620 2061 2849 2108 mortem
2885 2053 3089 2112 Christi
3120 2059 3424 2131 represen-

169 2143 388 2216 Ὠσπερ
415 2141 511 2198 οὖν
540 2146 746 2210 ἐκεῖνος
775 2143 877 2210 εἷς,
907 2146 1050 2202 οὕτω
1086 2148 1178 2200 καὶ
1221 2147 1378 2199 τοῦτο
1417 2145 1496 2199 ἓν.
1538 2145 1602 2197 Τί
1635 2145 1746 2198 τοί-

1849 2146 1951 2192 tat.
1989 2139 2057 2193 Ut
2087 2138 2271 2210 igitur:
2307 2148 2455 2196 mors
2502 2140 2707 2199 Christi
2741 2142 2869 2212 una,
2915 2147 2995 2202 sic
3046 2156 3100 2204 et
3149 2150 3422 2222 baptisma

171 2253 261 2288 νυν
291 2237 634 2308 ἁμαρτάνεις
663 2236 839 2302 οὕτως
882 2237 1076 2303 ἀδεῶς,
1116 2239 1192 2310 μὴ
1223 2237 1391 2305 οὔσης
1420 2236 1633 2299 ἐλπίδος
1662 2238 1746 2290 ὅτι

1850 2243 2044 2296 unum.
2073 2229 2214 2294 Quid
2249 2231 2417 2301 igitur
2469 2233 2608 2289 adeo
2668 2236 2938 2306 intrepide
2989 2240 3149 2310 727
3200 2258 3416 2313 peccas,

167 2325 254 2377 διὰ
300 2326 399 2379 τοῦ
453 2326 830 2398 βαπτίσματος
883 2327 1284 2398 ἀταλαιπώρως
1321 2327 1630 2398 ἀπαλείψῃς
1679 2327 1746 2381 τὰ

1848 2333 1972 2372 cum
2003 2333 2110 2372 non
2140 2321 2212 2375 sit
2233 2335 2374 2392 spes
2412 2325 2648 2392 amplius
2703 2334 2756 2381 te
2787 2342 2886 2396 per
2939 2328 3206 2398 baptisma
3235 2333 3438 2392 denuo

169 2417 579 2488 ἁμαρτήματα;
614 2413 810 2472 Καλᾶἱν
838 2418 932 2472 οῦν
960 2419 1136 2488 ἔργων
1165 2417 1465 2472 ἁντιποιοῦ.

241 2602 474 2668 Φοϐερὰ
512 2600 577 2654 δέ
604 2619 691 2667 τις
726 2603 949 2672 ἐκδοχὴ
995 2604 1266 2671 κρίσεως,
1307 2603 1406 2655 καί
1436 2602 1625 2671 πυρὸς
1655 2601 1750 2672 ξῆ-

168 2689 297 2752 νιοις,
330 2689 565 2744 ἐσθίειν
603 2690 938 2759 μέλλοντος
985 2693 1126 2758 τοὺς
1157 2693 1572 2758 ὑπεναντίους.
1607 2694 1749 2762 Ὅρα

175 2780 289 2841 ruit;
351 2775 466 2834 οἷον
510 2781 756 2852 ἑψύχωσε
808 2783 869 2836 τὸ
921 2783 1055 2854 πῦρ.
1105 2784 1370 2852 Καθάπερ
1415 2786 1524 2854 γὰρ
1564 2784 1750 2853 θηρίον

172 2872 615 2942 παροξυνόμενον
658 2874 716 2925 οὐ
758 2874 990 2928 παύεται
1025 2874 1130 2937 ἓως
1190 2868 1252 2928 οὗ
1297 2874 1436 2947 λάϐῃ
1478 2876 1616 2940 τινὰ,
1655 2877 1751 2929 καὶ

173 2965 500 3030 καταφαγδν
521 2965 722 3035 κορέσῃ
752 2963 844 3016 τὸν
874 2965 1044 3034 θυμόν
1064 2982 1078 2996 ·
1115 2965 1259 3019 οὓτω
1289 2967 1512 3019 κάκεῖνο
1533 2967 1593 3019 τὸ
1616 2967 1748 3038 πῦρ,

173 3056 372 3123 ζηλοῦν
425 3057 565 3127 ὑπὲρ
606 3059 715 3111 τῶν
747 3058 840 3112 τοῦ
881 3058 1016 3112 Θεοῦ
1056 3060 1286 3113 ἐντολῶν
1335 3060 1446 3114 τῶν
1493 3061 1748 3131 παραϐα-

174 3146 392 3212 θεισῶν,
424 3150 520 3206 καὶ
548 3151 832 3220 ἀγριαίνον
862 3151 1000 3221 ὑπὲρ
1034 3152 1281 3215 ἐκείνων,
1306 3152 1364 3206 ὃν
1391 3153 1456 3207 ἂν
1482 3154 1742 3225 συλλάϐῃ.
1774 3183 1817 3246 C

172 3240 415 3293 τοιοῦτον
466 3240 857 3313 διαὸιόρώσκει
906 3242 1014 3296 ἀεί.
1070 3243 1147 3300 Οὐ
1199 3243 1306 3314 γὰρ
1358 3241 1501 3312 εἷπε,
1555 3248 1747 3314 φαγεῖν

175 3330 393 3406 μὲὶλον,
425 3332 560 3398 ἀλλ’,
597 3333 820 3399 ἐσθίειν,
865 3334 1050 3397 ἀῖδὶως
1099 3333 1320 3404 δηλαδή.
1363 3334 1746 3396 ’Υπεναντίους

169 3417 246 3483 δὲ,
283 3422 358 3473 -οὑ
412 3423 573 3491 μόνον
602 3423 728 3484 τοὺς
756 3423 1039 3485 ἀπίστους,
1076 3421 1213 3474 ἀλλὰ
1240 3420 1334 3473 καὶ
1361 3423 1486 3484 τοὺς
1521 3417 1746 3484 πιστοὺς

177 3511 295 3578 μὲν,
332 3513 402 3566 τὰ
431 3495 655 3567 ἐναντία
674 3513 730 3566 δὲ
757 3513 864 3566 τῶν
890 3511 1120 3566 ἐντολῶν
1139 3513 1236 3566 τοῦ
1273 3513 1406 3566 Θεοῦ
1439 3513 1746 3583 ἐργαζομέ-

171 3616 312 3665 νους.

254 3787 310 3840 Ἀ
325 3785 588 3853 θετήσας
619 3803 710 3853 τις
742 3790 934 3856 νόμον
963 3788 1250 3853 Μωσέως.
1304 3788 1436 3841 Ἀπὸ
1463 3789 1556 3842 τοῦ
1587 3790 1744 3843 ἐλάτ-

172 3869 324 3940 τονος
377 3878 619 3931 δείκνυσι
649 3878 874 3942 δικαίως
914 3881 1287 3950 γενησομένην
1321 3881 1418 3949 τὴν
1450 3883 1742 3952 τιμωρίαν,

174 3969 261 4021 ἶνα
325 3971 423 4021 καὶ
471 3962 1034 4040 μᾶλλον-πιστότερος
1072 3973 1098 4024 ὁ
1151 3971 1305 4039 λόγος
1459 3972 1641 4042 Νόμον
1687 3974 1744 4027 δὲ

169 4060 454 4122 κωῦσὲως
484 4059 648 4127 λέγει,
683 4060 816 4113 διότι
847 4060 1016 4115 πολλὰ
1043 4062 1205 4126 αὐτὸς
1234 4063 1537 4127 διετάξατο.
1683 4085 1688 4089 ·

237 4153 434 4218 Χωρὶς
467 4139 800 4222 οἰκτιρμῶν,
846 4154 946 4206 ἐπὶ
981 4153 1164 4207 δυσὶν
1193 4154 1231 4221 ἢ
1262 4153 1417 4221 τρισί
1445 4153 1746 4221 μάρτυσιν

169 4242 572 4317 αποᾷνῆσκει.
613 4243 678 4295 Ἦ
731 4243 983 4308 σύνταξις
1034 4243 1235 4306 οὕτως’
1313 4246 1608 4317 Ἀθετήσας
1655 4265 1745 4312 τις

169 4335 335 4402 νόμον
389 4335 657 4396 Μωσέως,
710 4335 806 4388 ἐπὶ
845 4335 998 4388 δυσὶν
1045 4334 1078 4405 ἥ
1115 4337 1262 4406 τρισὶ
1295 4319 1530 4406 μάρτυσι
1579 4341 1744 4410 χωρὶς

171 4424 483 4493 οἰκτιρμῶν
516 4423 886 4494 ἀποθνήσκειι
939 4426 1236 4493 τουτέστιν,
1299 4429 1394 4483 ἐὰν
1438 4431 1743 4506 ὁμολογηθῇ

1849 2409 1968 2463 sine
1987 2411 2170 2465 labore
2195 2423 2418 2481 peccata
2443 2415 2624 2470 delere
2649 2432 2808 2488 posse
2832 2420 2856 2473 ἲ
2890 2419 3037 2475 Bona
3067 2422 3229 2493 igitur
3254 2441 3420 2497 opera

1850 2501 1943 2554 tibi
1981 2502 2228 2557 vendica.

1921 2590 2086 2646 Vens.
2114 2592 2205 2645 27.
2227 2592 2332 2648 Sed
2353 2584 2605 2653 terribilis
2645 2591 2888 2669 quadam
2919 2607 3209 2672 expectatio
3221 2608 3419 2677 judicii

1849 2695 1897 2737 et
1939 2684 2072 2753 ignis
2104 2688 2397 2752 amtutatio,
2432 2704 2546 2758 qua:
2566 2703 2945 2762 consumptum
2966 2706 3041 2750 est
3060 2697 3415 2774 aduersarios.

1831 2773 2239 2843 Animadverte
2253 2777 2527 2844 quomodo
2560 2779 2759 2848 ignem,
2784 2784 3225 2849 quasianimatus
3247 2800 3415 2854 esset,

1851 2863 2082 2918 inducit.
2146 2865 2379 2920 Perinde
2430 2868 2576 2923 enim
2621 2879 2680 2925 ut
2738 2872 2915 2928 bellua
2946 2879 3269 2934 exacerbata
3308 2898 3415 2938 non

1853 2954 2072 3010 desistit
2133 2959 2399 3028 tantisper
2426 2960 2554 3015 dum
2605 2965 3026 3033 appreltenderit
3081 2973 3414 3043 quempiam,

1853 3061 1961 3116 quo
1991 3049 2254 3104 devorato
2280 3060 2560 3110 exsaturet
2602 3056 2954 3128 cupiditatem
2985 3076 3141 3118 suam
3171 3081 3187 3119 :
3229 3067 3311 3122 sic
3362 3082 3417 3125 et

1855 3140 1942 3195 ille
1969 3143 2110 3211 ignis
2136 3157 2233 3213 pro
2282 3148 2714 3216 transgressione
2743 3153 3120 3211 mandatorum
3166 3159 3416 3227 saeviens,

1850 3245 1914 3282 ac
1947 3241 2166 3300 propter
2220 3234 2312 3288 illa
2342 3236 2621 3303 eﬂ‘eratus,
2666 3255 3051 3314 quemcunque
3110 3250 3416 3318 apprchen-

1848 3321 2009 3387 derit,
2031 3324 2258 3377 devorat
2287 3341 2520 3397 semper.
2551 3327 2671 3384 Non
2695 3333 2840 3385 enim
2871 3333 3029 3399 dixit,
3063 3337 3417 3399 Mauducatu-

1848 3431 1926 3484 ra,
1993 3419 2110 3484 sed,
2181 3419 2533 3489 Devoratura,
2588 3425 2642 3480 in
2706 3429 3097 3498 sempiternum
3135 3434 3411 3495 videlicet.

1846 3499 2206 3568 Adversarius
2274 3524 2479 3582 autem,
2513 3532 2623 3573 non
2691 3520 2837 3576 solos
2893 3522 3162 3591 inﬁdeles,
3219 3506 3408 3586 verum

1848 3601 1997 3671 ipsos
2039 3604 2202 3659 etiam
2235 3601 2424 3663 ﬁdeles
2450 3609 2695 3679 quidem,
2726 3611 2946 3684 indigna
2979 3622 3159 3672 tamen
3183 3621 3412 3677 manda-

1849 3693 1918 3746 tis
1941 3691 2032 3746 Dci
2069 3703 2370 3763 patranles.

1922 3787 2086 3840 Vens.
2121 3789 2212 3841 28.
2244 3788 2466 3843 Irritam
2533 3793 2650 3861 quis
2680 3793 2879 3861 faciens
2905 3797 3065 3867 legem
3117 3800 3304 3857 Hosis.
3363 3805 3435 3860 A'

1849 3877 2043 3929 minori
2067 3877 2307 3931 ostendit
2332 3883 2528 3933 merito
2553 3883 2794 3938 futurum
2825 3889 3180 3956 supplicium,
3207 3902 3262 3945 ut
3289 3893 3413 3962 plus

1847 3964 1968 4019 ﬁdei
2001 3965 2234 4020 orationi
2286 3983 2399 4022 sua!
2428 3971 2705 4025 conciliet.
2764 3972 2962 4044 Legem
3031 3987 3211 4033 autem
3245 3980 3414 4037 Mosis

1846 4058 1998 4118 dicit,
2029 4058 2470 4130 quandoquidem
2509 4063 2682 4116 multa
2731 4063 2811 4120 eis
2843 4065 2955 4134 ipse
2985 4067 3301 4136 injunserit.

1921 4150 2046 4204 Sine
2078 4149 2191 4203 ulla
2221 4152 2584 4229 miseratione,
2616 4155 2820 4211 duobus
2875 4167 2966 4210 aut
2999 4160 3164 4215 tribus
3193 4159 3410 4218 testibus

1851 4241 2097 4294 moritur.
2159 4241 2507 4298 Constructio
2565 4253 2650 4300 est
2725 4245 3093 4316 hujnsmodi:
3170 4248 3226 4302 Si
3287 4253 3412 4321 quis

1849 4336 2020 4404 legem
2073 4333 2367 4388 Mosaicam
2398 4334 2703 4403 reiecisset,
2750 4338 2852 4392 sub
2883 4339 3095 4394 duobus
3117 4349 3209 4396 aut
3235 4344 3413 4399 tribus

1845 4425 2076 4480 testibus
2109 4426 2226 4480 sine
2254 4426 2363 4480 ulla
2388 4418 2739 4483 miseratione
2767 4432 3032 4486 moritur:
3060 4432 3163 4487 hoc
3202 4445 3308 4501 est,
3362 4439 3412 4490 si

171 4515 274 4565 ὑπὸ
327 4514 424 4567 δύο
474 4513 512 4585 ἢ
562 4514 732 4586 τριῶν
788 4517 1102 4589 μαρτύρων,
1149 4519 1231 4572 ὅτι
1281 4522 1496 4592 παρέϐη
1539 4524 1628 4576 τὸν
1655 4527 1743 4578 νό-

1848 4517 2167 4572 confessum
2195 4516 2360 4572 fuerit
2383 4531 2412 4571 a
2444 4519 2660 4574 duobus
2692 4522 2936 4577 tribusve
2986 4524 3216 4580 testibus
3263 4529 3409 4594 quod

173 4621 291 4673 μον.
670 4656 673 4658 .
881 4673 884 4675 λ

239 4697 424 4773 Πόσῳ
461 4695 688 4750 δοκεῖτε
725 4698 995 4766 χείρονος
1031 4698 1349 4763 ἀξιοῦσθαι
1386 4705 1677 4771 τιμωρίας,
1709 4709 1742 4759 ὁ

165 4790 271 4844 τὸν
312 4793 454 4846 my
501 4793 608 4849 τοῦ
654 4795 801 4849 Θεοῦ
847 4795 1296 4865 καταπατήσας,
1350 4797 1448 4849 καὶ
1488 4797 1555 4851 τὸ
1597 4795 1740 4869 αᾷια

165 4881 272 4949 τῆς
317 4880 616 4951 Διαθήκης
667 4887 875 4940 κοινὸν
927 4885 1348 4957 ἡγησάμενος;
1398 4887 1508 4957 Τὴν
1559 4889 1740 4959 κρίσιν

168 4974 353 5037 αὐτοῖς
409 4971 730 5045 ἐπιτρεπειο
760 4997 762 4999 δ
788 4979 925 5048 ὅπερ
965 4979 1239 5049 εἰώθαμεν
1283 4982 1454 5033 ποιεῖν
1504 4980 1596 5031 ἐπὶ
1630 4980 1741 5035 τῶν

169 5063 378 5132 σφόδρα
430 5066 920 5138 ὁμολογουμένων,
979 5071 1104 5134 τοὺς
1159 5071 1452 5143 ἀκροατὰς
1481 5062 1738 5136 δικαστὰς

169 5152 490 5216 ποιοῦντες.
529 5157 596 5210 Τί
659 5158 718 5211 δέ
769 5161 884 5212 ἐστι
944 5161 1035 5224 τὺ,
1088 5163 1555 5229 καταπατήσαω
1596 5161 1739 5214 τοῦτ’

170 5247 784 5325 ἐστι,ικαταφρονήσας.
823 5255 1032 5325 Ὠσπερ
1078 5257 1188 5327 γὰρ
1233 5258 1346 5312 τῶν
1394 5275 1757 5320 καταπατουοη

171 5338 349 5404 μένων
376 5333 572 5393 οὐδένα
602 5341 762 5410 λόγον
807 5343 1028 5415 ἔχομεν,
1062 5346 1204 5399 οὓτω
1237 5346 1332 5402 καὶ
1372 5348 1465 5402 τοῦ
1498 5348 1734 5419 Χριστοῦ

169 5428 376 5497 μηδένα
403 5427 560 5498 λόγον
587 5429 823 5511 ἔχοντες,
865 5434 1037 5499 οὕτως
1061 5436 1156 5490 ἐπὶ
1183 5437 1244 5490 τὸ
1279 5439 1614 5511 ᾁμαρτάνειν
1641 5438 1733 5506 ὲρ-

168 5515 392 5583 κάμεθα-
425 5515 534 5570 Καὶ
552 5512 625 5575 ’τὸ
652 5510 795 5588 alita
823 5519 930 5589 τῆς
954 5523 1246 5592 Amarian
1272 5510 1478 5580 κοινὸν
1499 5523 1730 5594 ἡγησά-

1847 4607 2237 4675 praevaricatus
2268 4610 2340 4660 sit
2365 4608 2560 4676 legem.

1919 4694 2084 4750 Vens.
2111 4695 2201 4749 29.
2228 4696 2440 4762 Quanto
2491 4699 2655 4769 magis
2673 4701 2872 4768 putatis
2905 4701 3166 4757 deteriora
3216 4708 3407 4760 mereri

1843 4785 2122 4854 supplicia,
2173 4788 2263 4856 qui
2321 4788 2520 4842 Filium
2545 4789 2639 4844 Dei
2663 4792 3064 4859 conculcaverit,
3092 4788 3142 4848 et
3181 4799 3402 4866 sangui-

1845 4893 1959 4931 nem
1998 4875 2321 4932 Testamenti
2369 4881 2630 4950 pollutum
2676 4883 2920 4937 duxerit?
2955 4883 3092 4954 Ipsis
3142 4886 3405 4957 judicium

1846 4970 2142 5039 permittit:
2179 4972 2323 5039 quod
2374 4973 2428 5024 in
2461 4973 2617 5026 valde
2637 4979 2851 5043 apertis
2900 4975 3081 5032 facere
3140 4980 3400 5046 solemus,

1841 5069 1962 5114 eum
1991 5062 2268 5116 auditores
2292 5062 2533 5120 arbitros
2563 5063 2853 5123 iaciamus.
2895 5067 3036 5135 Quid
3073 5079 3252 5125 autem
3291 5081 3400 5133 est,

1839 5155 1943 5221 Qui
1967 5156 2530 5215 canculcaveritthoc
2585 5163 2690 5228 est,
2723 5165 2814 5234 qui
2862 5165 3269 5232 contempserit.
3330 5165 3399 5219 Ut

1839 5249 1985 5302 enim
2040 5249 2488 5307 coneulcatorum
2553 5256 2758 5308 nullam
2790 5257 3054 5308 rationem
3110 5254 3394 5322 habemus,

1841 5342 1919 5394 ita
1971 5341 2180 5398 Christi
2240 5344 2389 5399 nulla
2439 5347 2651 5400 ratione
2697 5345 2882 5399 habita
2939 5345 3007 5399 ad
3063 5347 3395 5414 peccandum

1843 5430 2109 5484 venimus.
2137 5429 2205 5483 Et
2229 5432 2533 5501 sanguinem
2551 5431 2876 5503 ‘Testamenti
2889 5433 3145 5504 pollutum
3164 5435 3400 5505 duxerit,

1840 5522 1946 5578 hoc
1973 5532 2077 5590 est,
2104 5524 2240 5580 nihil
2266 5525 2334 5579 ab
2359 5525 2466 5580 alio
2514 5539 2712 5580 cruore
2742 5525 2959 5584 diﬂ'erre
3008 5530 3234 5598 putarit.
3297 5530 3398 5584 Te-

1526 5703 1732 5765 Variaa
1764 5702 2090 5766 lectiones.

244 5793 289 5824 ⁸⁸
325 5796 634 5868 ὑπενόησαν
665 5813 722 5856 0.
