4056 6340
701 414 806 476 339

1572 413 2149 475 TIIEOPHYLACTI
2182 417 2244 475 BI

2349 417 2591 480 ἓΑΙὶΙίΕ
2633 425 2991 485 ARClIiEP.
3807 420 3902 486 310

696 535 842 586 tione
875 539 924 583 et
953 529 1273 584 munitione.
1318 528 1593 584 Fiduciam
1629 540 1809 585 autem
1834 531 1992 594 dixit,
2023 546 2087 585 eo
2109 532 2244 601 quod

2361 535 2724 607 ἀσφαλισμοῦ.
2761 539 3080 611 Παρῤησέαν
3108 537 3163 592 δὲ
3193 533 3338 600 εἷπε,
3370 538 3519 614 διότι.
3539 538 3586 590 oi
3620 540 3685 591 τὰ
3707 540 3907 592 τοιαῦτα

692 618 784 688 qui
819 617 943 670 talia
977 629 1194 686 pr0pter
1218 619 1379 672 Deum
1417 619 1687 688 patienter
1720 621 1965 687 tulerint,
2003 619 2253 693 magnam

692 710 892 764 habent
920 709 1324 764 confidentiam.

763 799 894 865 ριιτυ
932 817 1177 870 magnam
1205 800 1368 854 habet
1415 803 1909 857 remunerationem.
1952 801 2060 857 Vos
2111 803 2253 857 enim

688 891 824 944 estis
860 900 1048 954 testes,
1092 894 1509 962 quiagnovistis
1561 897 1936 964 praestantiora
1968 912 2065 950 vos
2117 896 2254 949 bona

691 983 888 1037 habere
920 983 972 1037 in
1000 986 1174 1040 caelis.

761 1071 923 1128 Vitas.
953 1075 1043 1129 36.
1087 1075 1360 1129 Patientia
1411 1078 1551 1130 enim
1597 1079 1738 1132 vobis
1797 1083 2099 1135 necessaria
2153 1093 2252 1136 est.

689 1162 850 1233 730
894 1165 1049 1220 Nulla
1108 1183 1164 1223 re
1213 1183 1374 1236 porro
1443 1169 1699 1238 indigetis
1725 1171 1853 1235 alia,
1891 1181 2251 1241 praeterquam

688 1258 802 1308 sola
831 1259 1126 1326 patientia:
1166 1269 1362 1315 caetera
1412 1260 1623 1317 habetis
1654 1263 1871 1329 omnia,
1897 1279 2073 1334 neque
2115 1281 2253 1334 Opus

685 1355 768 1402 est
806 1349 1099 1418 quidquam
1138 1351 1356 1407 addere.

761 1438 830 1492 Ut
862 1442 1183 1496 uoluntatem
1218 1444 1313 1500 Dei
1339 1447 1611 1515 facientes,
1642 1452 1918 1520 reportetis
1942 1454 2254 1521 promissio-

688 1526 824 1586 nem.
863 1532 1123 1592 Voluntas
1179 1537 1268 1593 Dei
1315 1549 1422 1604 est,
1458 1551 1514 1594 ut
1546 1543 1611 1596 ad
1656 1542 1814 1597 tinem
1852 1560 2028 1612 usque
2084 1547 2252 1599 susti-

655 1630 933 1680 ‘ncamus.
974 1626 1080 1692 Qui
1124 1629 1284 1695 enim,
1329 1631 1529 1701 inquit,
1568 1634 1973 1702 perseveraverit
2018 1635 2252 1706 adusque

682 1716 861 1784 linem,
888 1718 970 1773 hic
1001 1720 1178 1775 salvus
1198 1725 1296 1776 erit
1327 1723 1392 1777 “.
1425 1723 1530 1777 Ista
1558 1733 1738 1778 autem
1761 1725 2085 1780 adhortatur
2108 1730 2244 1796 Apo-

680 1811 873 1875 stolus,
907 1814 1151 1881 .pcrinde
1181 1830 1244 1868 ac
1282 1815 1327 1868 si
1364 1817 1487 1884 quis
1540 1831 1776 1872 cernens
1823 1819 2112 1882 athletam,
2154 1822 2245 1889 qui

2361 628 2482 695 μεθ’
2513 629 2788 700 ὑπομονῆς
2817 632 3130 700 ἐνεγκόντες
3161 630 3247 684 διὰ
3277 630 3433 695 Θεὸν,
3469 628 3711 700 μεγάλην
3739 630 3906 698 ἔχοντι

2359 721 2694 790 παρῤησέαν.

2413 812 2597 876 ,ἽΙτις
2617 813 2740 881 ἔχει
2762 813 3249 880 μισθαποδοσίαν
3272 810 3567 881 μεγάλην.
3606 809 3790 878 ’Υμεῖς
3813 813 3905 877 γὰρ

2361 900 2650 968 μάρτυρες,
2694 901 2743 952 οἶ
2775 902 3048 969 ἐπέγνωτε
3099 902 3382 971 κρείττονα
3413 901 3557 970 ἔχειν
3604 898 3829 969 ὓπαρξιν
3859 904 3903 950 ἐν

2357 990 2413 1040 οὑ
2426 993 2625 1060 ρανοῖς.

2435 1082 2762 1150 ’Υπομονῆς
2791 1081 2899 1151 γὰρ
2943 1083 3110 1152 ἔχετε
3151 1083 3379 1152 χρείαν.
3429 1065 3624 1134 Ἀλλου
3677 1082 3810 1144 τινὸς
3851 1082 3902 1134 οὖ

2354 1171 2434 1226 δεῖ
2467 1174 2613 1242 ὑμῖν,
2641 1174 2754 1226 ἀλλ’
2786 1175 3068 1244 ὑπομονῆς
3108 1176 3274 1246 μόνης
3293 1190 3306 1204 ⁶
3343 1175 3522 1228 πάντα
3551 1173 3716 1227 τᾶλλα
3745 1174 3902 1244 ἔχετε,

2355 1266 2503 1320 οὐδὲν
2532 1267 2612 1320 δεῖ
2639 1267 2974 1338 προσθεῖναι.

2425 1452 2548 1505 Ἵνα
2572 1452 2639 1504 τὸ
2667 1451 2894 1518 θέλημα
2921 1450 3026 1503 τοῦ
3059 1449 3206 1503 Θεοῦ
3240 1449 3630 1515 ποιήσαντες,
3669 1449 3902 1516 κομίση-

2353 1544 2462 1595 σθε
2491 1542 2605 1608 τὴν
2636 1541 3016 1608 ἐπαγγελίαν.
3046 1540 3272 1608 Θέλημα
3301 1538 3463 1599 Θεοῦ,
3495 1538 3554 1590 τὸ
3586 1537 3712 1607 ἄχρι
3736 1539 3902 1598 τέλους

2312 1706 2316 1710 ι
2353 1633 2661 1702 ὑπομεῖναι.
2705 1634 2767 1684 '0
2803 1633 3132 1700 ὑπομείνας
3173 1632 3304 1700 γὰρ,
3357 1629 3542 1698 φησὶν,
3587 1631 3675 1695 είς
3723 1629 3898 1693 τέλος,

2351 1719 2529 1788 οὗτος
2575 1721 2931 1787 σωθήσεται.
2989 1722 3252 1790 Παραινεῖ
3298 1721 3354 1773 δὲ
3421 1719 3594 1772 ταῦτα
3637 1719 3833 1781 τούτοις
3876 1720 3902 1771 6

2365 1815 2708 1877 ’Δπόστολος,
2739 1814 2928 1884 ὥσπερ
2967 1813 3033 1866 ἂν
3061 1813 3216 1876 εἴτις
3243 1811 3385 1882 ὀρῶν
3426 1811 3667 1880 ἀθλητὴν
3713 1811 3901 1871 πάντας

679 1919 873 1957 omnes
917 1904 1262 1961 adversarios
1297 1905 1670 1973 debellaverit,
1701 1923 1765 1964 ac
1813 1912 2078 1966 certando
2101 1911 2244 1966 vice-

2358 1907 2454 1976 μὲν
2502 1906 3015 1974 καταγωνισάμενον
3063 1905 3188 1968 τοὺς
3228 1902 3656 1971 ἀνταγωνιστὰς,
3692 1897 3802 1953 εἶτα
3835 1901 3900 1968 μὴ

680 1993 773 2056 rit,
809 1993 1004 2048 deinde
1041 2011 1205 2050 morae
1239 1997 1636 2068 impatientem,
1667 2016 1792 2054 cum
1823 2002 2005 2056 videat
2037 2018 2132 2058 eos
2155 2006 2244 2074 qui

681 2079 921 2135 victoria:
968 2097 1197 2139 coronas
1252 2085 1579 2156 largiuntur,
1639 2097 1854 2158 tempus
1906 2093 2242 2159 protrahere,

682 2173 931 2229 meditari
971 2174 1173 2245 fugam,
1211 2191 1277 2232 eo
1306 2177 1450 2247 quod
1506 2179 1714 2234 diutius
1757 2181 1906 2235 sitim
1953 2197 2016 2236 ae
2054 2192 2244 2236 a‘sttun

680 2266 827 2321 ferre
883 2265 1036 2328 nolit,
1101 2283 1226 2323 eum
1278 2269 1362 2324 his
1427 2273 1612 2328 verbis
1654 2274 2006 2344 alloquatnr:
2049 2275 2243 2329 Omnia

679 2359 928 2423 gnaviter
972 2361 1312 2431 transegtsti,
1341 2371 1567 2432 expecta
1607 2365 1906 2434 paulisper,
1944 2381 2007 2418 ac
2039 2351 2244 2420 referes

679 2461 930 2505 coronas.
957 2450 1119 2507 Certa
1163 2452 1327 2507 etiam
1367 2455 1630 2508 adversus
1685 2454 1854 2523 ipsam
1913 2471 2242 2512 coronarum

681 2539 1018 2606 dilationem,
1045 2545 1183 2598 hanc
1212 2559 1428 2613 quoque
1451 2545 1710 2614 patientia
1741 2549 1919 2600 vince.

753 2632 917 2688 Vens.
950 2635 1039 2688 37.
1071 2635 1256 2689 Adhuc
1288 2638 1426 2689 enim
1449 2637 1708 2689 modicum
1733 2637 2244 2709 aliquantulumque,

679 2736 728 2779 et
761 2727 852 2796 qui
877 2736 1122 2782 venturus
1155 2737 1234 2781 est
1267 2729 1453 2792 veniet,
1480 2737 1530 2781 et
1555 2745 1656 2782 non
1697 2729 1952 2782 tardabit.
1987 2731 2247 2785 Producit

679 2819 1000 2886 prophetam
1022 2819 1281 2875 Habacuc
1303 2819 1570 2876 dicentem
1590 2820 1734 2890 quod
1767 2836 1933 2890 prope
1962 2822 2032 2876 sit
2052 2823 2242 2898 judex,

678 2909 776 2975 qui
809 2910 1120 2966 redditurus
1140 2919 1223 2967 est
1246 2911 1573 2966 mercedem.
1595 2910 1806 2976 Quodsi
1841 2911 2095 2966 llahacue
2117 2921 2245 2966 tunc

683 3000 925 3054 dicebat:
949 3000 1221 3055 Modicum
1244 3004 1655 3074 aliquantulum,
1681 3013 1730 3057 et
1775 3004 1868 3072 qui
1894 3015 2142 3057 venturus
2167 3015 2244 3058 est

680 3092 885 3145 ueniet:
932 3093 1284 3147 manifestum
1339 3103 1423 3149 est
1469 3096 1613 3163 quod
1663 3111 1809 3150 nunc
1853 3104 1938 3150 est
1986 3097 2241 3151 vicinior.

679 3182 837 3251 Quod
866 3198 995 3238 vero
1018 3184 1095 3238 ait
1126 3185 1252 3237 ὅσον
1278 3185 1421 3249 ὅσον,
1451 3186 1609 3239 valde
1642 3201 1831 3254 parum
1861 3186 2154 3252 signiﬁcat.
2251 3185 2254 3187 ’

753 3274 917 3331 Vens.
949 3275 1038 3331 38.
1066 3275 1256 3330 Justus
1283 3286 1550 3349 antem.e:c
1576 3277 1679 3345 ﬁde
1699 3277 1847 3330 vivet.
1883 3279 2034 3341 Quod
2053 3280 2100 3332 si
2121 3279 2247 3333 sub-

680 3369 906 3424 traa'erit
944 3385 1090 3432 sese,
1131 3385 1236 3422 non
1285 3369 1578 3423 oblectatur
1626 3386 1806 3421 anima
1848 3387 1962 3423 mea
2014 3371 2068 3424 in
2109 3373 2241 3442 ipso.

679 3461 903 3528 Oportet
935 3459 1102 3529 igitur
1137 3475 1240 3514 nos
1291 3461 1535 3522 credere,
1570 3460 1616 3514 si
1656 3459 1791 3526 justi
1839 3459 2003 3515 futtiri
2046 3465 2242 3518 sitnus.

681 3550 779 3604 Sin
808 3559 990 3606 autem
1038 3553 1374 3605 subtraxerit
1403 3568 1459 3606 se
1491 3552 1700 3620 justus,
1735 3553 1787 3606 id
1821 3561 1924 3616 est,
1975 3547 2246 3623 ambigui-

680 3651 846 3696 tatem
869 3642 1158 3712 quamdam
1185 3644 1421 3712 patiatur
1444 3645 1526 3698 vel
1553 3645 1947 3698 hatsitationem
1973 3662 1987 3708 ;
2017 3647 2100 3698 vel
2117 3648 2242 3700 sub-

681 3737 929 3800 traxerit,
948 3735 1000 3790 id
1035 3745 1118 3791 est
1147 3735 1538 3792 tentationibns
1551 3736 1925 3798 succubuerit,
1954 3751 2062 3791 non
2084 3737 2245 3792 habet

679 3828 1100 3883 oblectationem
1129 3827 1182 3882 in
1214 3841 1280 3881 eo
1312 3826 1490 3881 anima
1523 3842 1668 3898 mea,
1695 3825 1864 3895 Cujus
1892 3835 2069 3880 autem
2105 3828 2227 3880 ani-

677 3937 764 3975 ma
811 3920 967 3974 mea?
998 3919 1112 3984 Dei,
1159 3920 1312 3990 juxta
1353 3910 1570 3972 modum
1633 3918 1888 3987 loquendi
1948 3918 2244 3990 Scriptura:

573 4021 582 4029 '
677 4014 935 4067 usitatum
962 4032 974 4067 :
1011 4020 1069 4068 ut
1101 4011 1154 4066 in
1188 4026 1275 4073 eo.
1297 4007 1484 4066 Furias
1513 4018 1723 4089 vestras
1752 4011 1866 4065 odit
1893 4010 2071 4066 anima
2101 4025 2242 4069 mea.

680 4104 774 4157 Vel
804 4104 879 4158 Cb
888 4105 1024 4160 risti.
1558 4121 1569 4132 "

752 4194 865 4248 Nos
896 4207 1068 4246 autem
1099 4211 1197 4248 non
1244 4212 1423 4256 sumus
1472 4195 1850 4249 subtractionis
1891 4198 1947 4246 in
1983 4197 2242 4262 perditio-

678 4301 815 4345 nem,
854 4285 943 4337 sed
989 4285 1122 4351 ιριίοὶ
1166 4286 1217 4336 in
1261 4285 1659 4352 acquisitionem
1690 4284 1900 4337 animm.
1945 4283 2085 4349 Quia
2120 4300 2242 4353 per-

677 4373 1030 4428 iei-refecerat
1057 4389 1150 4428 eos
1181 4388 1303 4427 eum
1334 4374 1539 4428 diceret
1560 4393 1574 4428 :
1599 4375 1788 4427 Anima
1815 4390 1926 4428 mea
1959 4391 2060 4429 non
2089 4375 2242 4429 habet

678 4467 1078 4518 oblectationem
1104 4466 1157 4518 in
1174 4466 1538 4531 ipso:asserit
1569 4466 1678 4532 jam
1716 4480 1817 4520 nos
1853 4481 1959 4519 non
2007 4474 2130 4520 eSSe
2175 4482 2241 4522 ex

2358 1998 2584 2066 μένοντα
2654 1999 2779 2059 τοὺς
2847 1996 3294 2063 στεφανώσαντας
3358 1997 3744 2066 βραδύνοντας,
3783 1992 3902 2044 ἀλλὰ

2356 2089 2678 2157 βουλόμενον
2712 2087 3010 2156 ἀποδράναι
3043 2087 3132 2140 διὰ
3156 2089 3218 2138 τὺ
3250 2087 3448 2154 μηκέτι
3484 2086 3672 2155 φέρειν
3693 2084 3748 2135 τὸ
3768 2082 3902 2151 δίψος

2355 2180 2448 2232 καὶ
2485 2179 2572 2232 τὸν
2599 2179 2858 2247 φλογμὸν,
2895 2178 3034 2246 λέγει
3083 2179 3219 2248 πρὸς
3252 2177 3445 2230 αὐτόν·
3480 2177 3664 2229 Πάντα
3703 2175 3901 2243 κατώρα

2355 2270 2556 2335 θωσας,
2597 2271 2792 2340 μικρὸν
2820 2271 3110 2340 ἀνάμεινον
3159 2270 3256 2323 καὶ
3296 2268 3499 2339 κομίσῃ
3544 2269 3670 2331 τοὺς
3722 2267 3902 2333 στεφα·

2353 2379 2496 2423 νους.
2539 2360 2930 2430 Ἀνταγώνισαι
2955 2362 3048 2413 καὶ
3073 2361 3209 2432 πρὸς
3236 2361 3336 2430 τὴν
3379 2353 3644 2428 ἀναϐολὴν
3672 2359 3774 2411 τῶν
3798 2372 3903 2409 cm-

2357 2455 2564 2522 φάνων,
2596 2455 2820 2526 νίκησον
2852 2453 2944 2506 καὶ
2977 2454 3182 2522 ταύτην
3209 2455 3274 2522 τῇ
3304 2452 3569 2521 ὑπομονῇ.

2427 2639 2552 2692 Ἔτι
2597 2640 2706 2707 γὰρ
2734 2636 2950 2705 μικρὸν
2984 2635 3135 2687 ὅσον⁹
3165 2634 3315 2686 ὅσον
3344 2636 3377 2687 δ
3409 2633 3732 2700 ἐρχόμενος
3765 2631 3900 2698 ἣξει,

2354 2731 2452 2784 καὶ
2481 2732 2551 2784 οὑ
2597 2728 2841 2797 χρονιεῖ.
2889 2727 3135 2796 Παράγει
3181 2726 3272 2779 τὸν
3319 2727 3603 2794 προφήτην
3646 2723 3905 2791 Ἀϐακοὺμ

2353 2824 2598 2887 λέγοντα,
2638 2821 2718 2873 ὅτι
2747 2821 2911 2888 ἐγγὺς
2938 2821 2966 2872 6
2993 2818 3182 2890 κριτὴς
3222 2819 3249 2870 6
3284 2818 3492 2888 μέλλων
3515 2816 3822 2871 ἀποδοῦναι.
3849 2816 3904 2867 Εἰ

2351 2915 2407 2968 δὲ
2441 2914 2532 2968 καὶ
2565 2915 2593 2966 6
2632 2913 2912 2983 Ἀὗακοὺμ
2938 2912 3057 2964 τότε
3087 2910 3260 2979 ἔλεγε,
3279 2910 3496 2978 μικρὸν
3519 2909 3672 2962 ὅσον
3701 2908 3842 2963 ὅσον
3875 2910 3904 2960 ὁ

2353 3008 2673 3077 ἐρχόμενος
2706 3006 2858 3072 ἡξει,
2893 3005 3050 3073 δῆλον
3087 3005 3167 3056 ὅτι
3213 3002 3308 3055 νῦν
3346 3001 3640 3072 ἐγγύτερός
3672 3004 3802 3055 ἐστι.
3840 3001 3906 3053 T6

2351 3099 2405 3150 δὲ
2437 3100 2558 3151 ὅσον
2585 3099 2729 3152 ὅσον.
2756 3099 2815 3150 τὸ
2847 3097 2985 3149 πάνυ
3019 3097 3213 3167 μικρὸν
3240 3097 3408 3167 δηλοῖ.

2431 3282 2492 3334 '0
2531 3280 2598 3332 δὲ
2639 3279 2872 3347 δίκαιος
2913 3281 2981 3332 ἐκ
3025 3281 3283 3346 πίστεως
3333 3277 3602 3346 ζήσεται·
3661 3279 3757 3333 καὶ
3809 3278 3908 3331 ἐὰν·

2350 3374 2800 3438 ὑποστείληται,
2830 3375 2940 3428 οὐκ
2971 3373 3211 3428 εὐδοκεῖ
3232 3374 3268 3440 ἡ
3299 3371 3469 3440 ψυχή
3499 3390 3618 3441 μου
3645 3373 3714 3426 ἐν
3734 3369 3903 3432 αὐτῷ.

2349 3470 2440 3520 Δεῖ
2463 3463 2554 3521 οὖν
2579 3467 2874 3528 πιστεύειν,
2908 3467 3020 3535 εῖγε
3055 3467 3341 3537 μέλλοιμεν
3369 3464 3566 3518 δίκαιοι
3595 3460 3751 3518 εἶναι.
3791 3465 3904 3515 Ἐὰν

2347 3559 2401 3611 δὲ
2462 3557 2846 3626 ὑποστείληται
2888 3559 2916 3610 6
2962 3557 3189 3621 δίκαιος,
3240 3556 3539 3622 τουτέστιν,
3586 3554 3904 3622 ἀμφιὸολῖαν

2347 3645 2469 3698 τινὰ
2497 3645 2646 3715 πάθῃ
2677 3646 2771 3697 καὶ
2793 3645 3087 3713 δισταγμόν
3109 3660 3123 3674 ο
3149 3645 3180 3715 ἢ
3212 3645 3294 3708 τὸ,
3317 3647 3774 3712 ὑποστείληται,
3795 3643 3908 3695 ἀντὶ

2348 3735 2463 3798 τοῦ,
2520 3733 2933 3803 ὑποταπεινωθῇ
2973 3738 3086 3796 τοῖς
3129 3737 3482 3804 πειρασμοῖς,
3531 3735 3630 3786 οὑκ
3679 3735 3901 3799 εὐδοκεῖ,

2347 3824 2645 3891 τουτέστιν,
2672 3825 2770 3876 οὑκ
2797 3825 3080 3894 εὑαρεστεῖ
3105 3811 3138 3894 ἦ
3343 3843 3443 3894 μου
3478 3827 3536 3878 ὲν
3559 3826 3729 3894 αὑτῷ.
3757 3826 3904 3886 Τίνος

2345 3916 2403 3970 δὲ
2436 3916 2616 3987 ψυχῆς
2652 3915 2746 3969 τοῦ
2779 3917 2937 3982 Θεοῦ,
2970 3917 3114 3970 κατὰ
3151 3919 3212 3970 τὸ
3260 3919 3457 3988 ῖδίωμα
3508 3919 3608 3986 τῆς
3655 3917 3866 3989 Γραφῆς
3889 3932 3904 3950 ⁶

2347 4010 2422 4071 ὡς
2448 4009 2541 4074 τὸ,
2574 4008 2683 4073 Τὰς
2719 4011 2909 4080 ἑορτὰς
2944 4009 3097 4080 ὑμῶν
3127 4012 3278 4078 μισεῖ
3305 4011 3340 4081 ἡ
3371 4010 3517 4081 ψυχή
3554 4028 3680 4080 μου.
3714 4011 3776 4064 Ἢ
3817 4009 3903 4062 τοῦ

2347 4102 2608 4172 Χριστοῦ.

2431 4191 2628 4258 Ἡμεῖς
2652 4191 2695 4222 ⁸³
2729 4190 2797 4242 δὲ
2827 4192 2936 4244 οὐκ
2967 4190 3154 4260 ἐσμὲν
3172 4191 3220 4230 ⁸⁸
3262 4191 3615 4258 ὑποστολῆς
3645 4192 3729 4255 εἰς
3751 4189 3903 4243 ἀπώ-

2346 4283 2540 4343 λειαν,
2591 4281 2754 4333 ἀλλὰ
2807 4281 3067 4346 πίστεως
3115 4284 3202 4346 είς
3252 4282 3636 4347 περιποίησιν
3682 4280 3902 4348 ψυχῆς.

2359 4370 2577 4439 Ἐπειδὴ
2610 4371 2877 4438 ἐφόϐησεν
2908 4372 2964 4422 ὲν
2993 4369 3068 4439 τῷ
3116 4373 3322 4423 εἰπεῖν’
3375 4372 3496 4423 Ὅτι
3530 4371 3642 4423 οὐκ
3681 4370 3912 4425 εὐδοκεῖ

2347 4464 2384 4532 ὴ
2416 4462 2585 4532 ψυχή
2619 4479 2739 4531 μου
2762 4479 2775 4492 °
2815 4463 2978 4532 φησὶν
3006 4463 3088 4514 ὅτι
3113 4464 3271 4531 ἡμεῖς
3298 4463 3396 4514 οὑκ
3427 4462 3590 4531 ἐσμὲν
3617 4462 3722 4514 τῶν
3747 4464 3905 4516 61:0).-

675 4567 866 4606 corum
894 4565 1127 4605 numero
1172 4552 1264 4620 qui
1303 4559 1526 4618 pereant
1565 4559 1784 4620 propter
1814 4552 2238 4608 subtractionem

2350 4557 2593 4626 λυμένων
2645 4557 2733 4609 διὰ
2760 4556 2819 4608 τὸ
2853 4556 3272 4609 ὑποστέλλεσθαι
3313 4556 3408 4608 καὶ
3436 4556 3850 4627 ἁπορῤᾳθυμείν
3877 4558 3901 4622 ἦ

661 4655 770 4699 aut
803 4651 1023 4712 propter
1053 4640 1296 4696 acediam
1326 4640 1409 4697 vel
1460 4641 1870 4705 haesitationem,
1906 4645 1998 4698 sed
2050 4660 2238 4700 eorum

674 4733 766 4803 qui
798 4723 853 4788 in
882 4733 984 4789 lide
1006 4732 1230 4789 stabiles
1274 4731 1594 4800 persistunt,
1651 4739 1708 4784 ut
1758 4733 2044 4800 acquirant
2111 4750 2241 4790 suas

675 4823 918 4891 ipsorum
937 4825 1168 4886 animas,
1193 4823 1298 4877 hoc
1321 4831 1406 4878 est
1443 4822 1781 4893 possideant,
1827 4822 2157 4890 custodiant,
2189 4833 2244 4879 et

677 4902 915 4968 servent.
951 4915 1254 4986 Acquisitio
1273 4915 1415 4970 enim
1449 4924 1533 4970 est
1564 4907 1860 4985 possessio;
1893 4914 2192 4983 peculium.

1270 5003 1500 5060 CAPUT
1547 5003 1638 5059 XI.

751 5089 846 5143 Est
882 5101 1055 5142 autem
1097 5091 1224 5157 ﬁdes
1279 5097 1663 5160 sperandarum
1705 5098 2007 5151 substantia
2039 5112 2236 5152 rerum.

2345 4649 2637 4714 διστάζειν,
2695 4649 2832 4702 ἀλλὰ
2863 4649 2970 4701 τῶν
3024 4651 3080 4701 ἐν
3126 4651 3192 4720 τῇ
3241 4649 3422 4701 πίστει
3466 4648 3718 4722 βεϐαίων,
3768 4647 3902 4702 ὥστε

2347 4742 2697 4812 περιποιῆσαι
2752 4740 2850 4802 τὰς
2899 4738 3353 4807 ὲαυτῶν’ψυχᾶς,
3401 4737 3646 4789 τουτέστι
3709 4739 3904 4800 κτήσα-

2347 4832 2493 4892 σθαι,
2553 4831 2827 4898 φυλάξαι,
2909 4833 3002 4882 καὶ
3060 4830 3251 4881 σῶσαι.
3316 4827 3668 4896 Περιποιησις
3713 4825 3824 4895 γὰρ
3875 4830 3902 4893 ἡ

2347 4923 2704 4991 πρόσκτησις,
2735 4924 2763 4973 6
2802 4919 3234 4989 προσπορισμός.
3430 4923 3433 4926 ’

2927 5009 3175 5060 ΚΕΦΑΛ.
3213 5003 3319 5062 lA'.

2413 5102 2588 5155 Ἔστι
2616 5097 2684 5151 δὲ
2713 5098 2916 5164 πίστις
2945 5095 3344 5164 ἐλπιζομένων
3375 5097 3730 5162 ὑπόστασις.
3774 5097 3902 5152 Λοι..

675 5181 947 5237 Describit
1001 5181 1159 5236 nobis
1221 5183 1450 5250 posthac
1494 5185 1675 5251 Iidem,
1729 5188 2012 5257 inquiens:
2078 5185 2240 5267 Fides

2349 5192 2440 5246 πὺν
2487 5192 2864 5263 ὑπογράφεται
2916 5190 3046 5259 ἡμῖν
3093 5187 3190 5258 τὴν
3235 5187 3440 5252 πίστιν,
3492 5191 3587 5240 καί
3620 5204 3779 5259 φησιν
3830 5191 3900 5242 ὅτι

677 5281 760 5326 est
786 5273 1026 5328 essentia
1057 5288 1246 5330 eorum
1280 5288 1403 5343 quae
1433 5275 1675 5332 modum
1726 5289 1874 5342 sunt,
1932 5280 2239 5334 substantia

2349 5285 2592 5347 οὑσίωσῐς
2644 5287 2758 5336 ἐστι
2789 5282 2895 5334 τῶν
2945 5281 3112 5350 μήπω
3143 5281 3314 5332 ὄντων
3347 5281 3440 5333 καὶ
3471 5279 3764 5342 ὑπόστασις
3792 5281 3898 5333 τῶν

677 5379 862 5418 eorum
890 5381 1009 5436 quae
1036 5379 1144 5420 non
1187 5366 1531 5422 subsistunt:
1559 5368 1791 5435 exempli
1818 5370 2016 5436 gratia,
2049 5385 2232 5423 resur-

676 5457 844 5509 rectio
890 5459 1128 5513 nondum
1194 5459 1464 5522 subsistit,
1514 5459 1608 5513 scd
1660 5457 1794 5514 fides
1843 5462 2035 5513 statuit
2092 5475 2248 5525 eam,

677 5553 840 5614 atque
873 5549 942 5600 ob
966 5552 1155 5605 oculos
1180 5553 1336 5607 nobis
1361 5553 1531 5622 ponit.

740 5658 786 5688 ιδ
819 5659 1007 5713 Matth.
1037 5679 1090 5729 ι,
1121 5665 1212 5720 se.
1246 5705 1249 5708 .

2343 5371 2419 5441 μὴ
2449 5369 2770 5438 ὑφεστώτων
2791 5385 2806 5398 '
2840 5364 2952 5422 οἷον
2995 5370 3028 5438 ἡ
3071 5368 3362 5432 ἀνάστασις
3390 5367 3544 5422 οὔπω
3573 5369 3897 5438 ὑφέστηκεν,

2339 5462 2454 5514 ἀλλ’
2504 5462 2760 5530 ἡπίστις
2823 5461 3021 5531 ὑφιστᾷ
3067 5461 3256 5532 αὑτὴν,
3308 5449 3402 5515 καὶ
3459 5461 3564 5532 πρὸ
3613 5457 3898 5531 ὀφθαλμῶν

2346 5553 2476 5620 ἡμῖν
2511 5551 2709 5622 τίθησι.

2038 5738 2238 5802 Variae
2262 5736 2591 5801 lectiones.

746 5835 788 5865 ³³
821 5839 1008 5906 Ὑμεῖς
1043 5852 1093 5889 ο.
1173 5837 1216 5868 ⁸⁷⁵
1245 5839 1366 5892 ἐστέ
1401 5856 1450 5892 0.
