4056 6340
176 415 285 479 341

935 423 1332 485 EXPOSITIO
1371 427 1448 484 IN
1481 426 1715 486 EPIST.
1751 427 1847 484 AD
1877 422 2260 483 nummos.
2291 409 2356 457 —’-
2391 424 2545 482 me.
2579 425 2681 483 Μ.

3316 419 3418 455 ⁸21ἴῆ

3315 452 3418 482 ύλίάἰ

257 526 624 595 Πρατμάτων
654 527 892 597 ἔλεγχοι,
931 533 1003 582 οὐ
1026 531 1438 599 βλεπομένων.
1475 532 1750 601 Ἔλεγχος,

1930 533 2305 600 Argumentum
2368 545 2472 585 non
2547 531 2931 598 apparentium.
3000 529 3414 597 Argumentum,

171 617 470 679 τουτέστι,
521 616 720 682 δεῖξις,
788 619 1092 686 φανέρωσις
1145 621 1355 689 ἀδήλων
1389 621 1748 690 πραγμάτων.

179 707 345 758 Ποιεῖ
362 707 472 776 γὰρ
493 707 666 759 ταῦτα
696 707 986 776 βλέπεσθαι
1012 709 1088 779 τῷ
1114 709 1188 779 νῷ
1209 711 1365 780 ἡμῶν
1391 712 1464 773 ὡς
1487 710 1746 779 παρόντα.

177 799 247 850 ΕΞ
284 799 467 851 τοίνυν
512 800 735 853 τοιαῦτα
764 801 986 854 δύναται
1020 803 1052 871 ἡ
1099 802 1298 867 πίστις,
1351 805 1400 855 τί
1438 805 1592 871 ὑμεῖς
1628 803 1751 872 βού-

173 889 350 942 λεσθε
398 890 536 943 αὐτὰ
585 892 902 960 πρακτικῶς
927 893 971 924 ⁸³
1027 893 1176 958 ίδεῖν,
1213 894 1300 947 ἵνα
1338 894 1604 963 ἐκπέσητε
1654 895 1752 962 τῆς

177 981 462 1045 πίστεωςς
518 981 687 1033 Τοῦτο
728 983 783 1035 δὲ
837 983 989 1035 οὐδὲν
1037 983 1165 1036 ἄλλο
1211 984 1450 1055 Enimn
1500 985 1753 1036 ἐκπεσεῖν

176 1072 300 1122 ἀπὸ
353 1072 449 1123 τοῦ
494 1073 689 1126 δίκαιοι
737 1071 895 1128 εἶναι.
937 1075 996 1128 '0
1038 1075 1143 1145 γὰρ
1181 1075 1386 1138 δίκαιος
1426 1077 1490 1128 ὲκ
1521 1075 1754 1138 πίστεως

177 1160 446 1229 ζήσεται.
569 1157 575 1163 ’

254 1252 357 1304 Ἑν
389 1253 544 1322 αὐτῇ
574 1254 682 1323 γὰρ
705 1255 1202 1323 ἐμαρτυρήθησαν
1239 1261 1292 1311 οἱ
1344 1258 1751 1324 πρεσϐύτεροι.

174 1340 502 1404 Τουτὲστιν,
523 1345 579 1394 ὲν
607 1343 742 1412 αὐτῇ
772 1347 837 1413 τῇ
881 1345 1062 1396 πίστει
1113 1345 1574 1414 ἐμαρτυρήθησαν
1605 1343 1754 1410 παρὰ

173 1431 284 1484 τοῦ
329 1432 467 1485 Θεοῦ
533 1434 582 1484 oi
636 1433 853 1485 παλαιοὶ
902 1436 1134 1498 πάντες
1164 1435 1622 1504 ιὼμολογήθησαν
1674 1437 1755 1487 ὅτι

176 1521 563 1589 ἑθεράπευσαν
593 1524 775 1577 αὐτόν.

257 1614 470 1666 Πίστει
503 1614 760 1684 νοοῦμεν
809 1619 1194 1686 κατηρτίσθαι
1230 1619 1370 1683 τοὺς
1393 1619 1612 1684 αίῶνας
1633 1622 1757 1686 ῥή-

171 1721 327 1770 ματι
359 1706 528 1768 Θεοῦ,
557 1709 643 1770 είς
674 1709 740 1761 τό
767 1710 848 1776 μὴ
872 1710 939 1761 ἐκ
978 1709 1357 1777 φαινομένων
1413 1711 1484 1762 τὰ
1529 1710 1756 1772 βλεπόο

172 1813 341 1861 μενα
367 1797 695 1865 γεγονέναι.
733 1799 950 1869 Ἐπειδὴ
974 1802 1005 1870 ἡ
1031 1802 1212 1862 πίστις
1238 1801 1580 1853 διαϐάλλεται
1608 1802 1756 1869 παρὰ

1858 621 2012 691 731
2051 621 2153 675 hoc
2175 629 2274 683 est,
2304 601 2702 674 demonstratio.
2738 629 2791 672 et
2832 619 3197 674 mauifestatio
3233 635 3415 672 rerum

1857 727 1976 780 quae
2008 726 2113 763 non
2135 700 2262 764 sunt
2297 709 2624 779 conspicuae.
2656 709 2806 762 Facit
2839 708 2982 761 enim
3012 716 3068 761 ut
3101 709 3212 761 ista
3237 719 3415 761 mente

1860 810 2046 854 nostra
2089 816 2399 864 cernamus,
2447 800 2591 853 haud
2631 815 2790 854 secus
2821 815 2884 853 ac
2915 799 2961 852 si
2998 800 3283 867 praesentia
3333 815 3418 853 es-

1860 901 1998 944 sent.
2029 891 2084 943 Si
2118 890 2283 958 igitur
2314 891 2440 943 talia
2464 897 2642 959 potest
2673 889 2828 951 ﬁdes,
2857 889 2984 956 quid
3022 905 3115 942 vos
3148 904 3206 940 ea
3235 899 3417 942 acuta.

1862 983 1983 1036 liter
2011 983 2193 1036 videre
2231 981 2425 1046 velitis,
2458 989 2518 1034 ut
2543 980 2806 1035 excidatis
2857 997 2885 1034 a
2927 981 3068 1035 ﬁde?
3098 979 3248 1046 Quod
3290 997 3422 1034 sane

1861 1075 1996 1128 nihil
2042 1082 2125 1128 est
2177 1073 2321 1126 aliud
2363 1087 2524 1141 quam
2585 1072 2836 1126 excidere
2881 1086 2912 1126 ε
2947 1072 3182 1140 justitia.
3231 1070 3421 1125 Justus

1860 1166 2003 1219 enim
2035 1181 2098 1219 ex
2137 1165 2239 1219 ﬁde
2273 1165 2434 1217 vivet.

1931 1255 2098 1311 Vens.
2133 1257 2188 1309 Ξ.
2228 1257 2287 1309 In
2320 1257 2435 1322 ipsa
2461 1257 2599 1307 enim
2624 1253 2980 1306 testimonium
3010 1252 3273 1304 consecuti
3298 1261 3420 1301 sunt

1861 1349 2116 1401 seniores.
2149 1347 2263 1401 Hoc
2285 1354 2387 1410 est,
2417 1347 2470 1400 in
2500 1347 2615 1414 ipsa
2652 1345 2755 1397 ﬁde
2779 1343 3152 1397 testimonium
3186 1343 3420 1395 assecuti

1831 1446 2196 1492 .suntomnes
2240 1446 2450 1490 veteres
2480 1452 2508 1489 a
2547 1435 2676 1500 Deo,
2716 1448 2778 1487 ac
2819 1431 3062 1487 confessi
3104 1440 3231 1484 sunt
3277 1432 3421 1499 quod

1863 1542 1986 1581 eum
2012 1527 2300 1579 coluerint.

1934 1617 2168 1672 VERS.5.
2195 1617 2323 1671 Fide
2353 1618 2694 1685 intelligimus
2717 1626 2899 1684 aptata
2921 1633 3030 1668 esse
3052 1615 3244 1667 sa'cula
3274 1612 3424 1664 verbo

1863 1706 1980 1769 Dei,
2017 1717 2074 1759 ut
2119 1723 2184 1761 ex
2233 1708 2585 1761 inuisibilibus
2615 1706 2842 1760 visibilia
2872 1707 3079 1773 fierent.
3109 1704 3248 1769 Quia
3295 1703 3425 1756 ﬁdes

1866 1798 2284 1866 reprehenditur
2317 1814 2380 1852 ac
2415 1798 2481 1852 iis
2509 1799 2602 1868 qui
2641 1798 2935 1866 potentiam
2973 1797 3089 1865 ejus
3121 1811 3228 1848 non
3268 1795 3424 1845 intel~

179 1889 304 1947 τοῖς
346 1887 422 1954 μὴ
448 1886 628 1942 νοοῦσι
661 1890 756 1959 τὴν
789 1890 1017 1959 δύναμιν
1067 1893 1259 1961 αὐτῆς,
1307 1894 1538 1960 πρᾶγμα
1557 1893 1754 1946 ἀναπό-

1864 1887 2053 1956 ligunt,
2079 1890 2169 1955 qui
2205 1898 2519 1942 asseverant
2558 1903 2676 1942 eam
2727 1902 2849 1942 esse
2882 1902 2993 1939 rem
3026 1887 3425 1939 indemonstra-

175 1978 403 2049 δεικτον
437 1978 605 2047 αὐτὴν
627 1979 843 2047 λέγουσι
865 2022 877 2042 ,
908 1982 1002 2033 καὶ
1038 1977 1254 2051 ἀπάτην
1293 1981 1593 2052 πρόδηλον¹,
1654 1980 1759 2034 δεί-

181 2085 404 2133 κνυσιν,
433 2071 514 2122 ὅτι
543 2069 612 2120 τὰ
647 2070 888 2141 μέγισταξ
909 2071 996 2125 διὰ
1027 2073 1291 2137 πίστεως,
1329 2073 1421 2124 καὶ
1447 2072 1506 2124 οὐ
1536 2070 1625 2123 διὰ
1671 2070 1758 2122 λοι

179 2159 410 2227 γισμῶν
450 2159 828 2229 κατορθοῦται.
864 2161 972 2212 Καὶ
1017 2162 1125 2232 γὰρ
1157 2163 1236 2214 ὅτι
1281 2165 1308 2214 ό
1341 2162 1469 2222 Θεὸς
1499 2161 1640 2230 λόγῳ
1689 2161 1759 2212 τὰ.

179 2249 320 2301 ὄντα
371 2250 436 2301 ἐκ
490 2250 564 2319 μὴ
607 2250 775 2302 ὄντων
832 2251 1074 2320 ἐποίησε,
1136 2253 1262 2305 ποία
1321 2253 1593 2318 ἀπόδειξις
1632 2253 1757 2320 ἡμῖν

180 2341 573 2408 παρέστησεν;
603 2341 848 2410 οὐδεμία,
874 2343 1008 2397 ἀλλὰ
1039 2345 1219 2407 πίστις
1252 2346 1409 2413 μόνη.
1448 2346 1633 2397 Πίστει
1665 2339 1757 2397 οὖν

179 2431 451 2497 νοοῦμεν
480 2433 862 2499 κατηρτίσθαι
896 2434 1034 2530 τοξνς
1059 2433 1296 2498 αἰῶνας,
1319 2435 1580 2497 τουτέστι,
1609 2434 1758 2500 γενέ-

185 2520 316 2571 σθαι
339 2522 544 2588 ῥήματι
568 2522 723 2577 Θεοῦ.
750 2523 846 2576 Διὰ
879 2525 931 2576 τί
965 2520 1188 2588 idem;
1225 2524 1358 2575 διότι
1389 2525 1452 2575 ὲκ
1507 2523 1581 2592 μὴ
1641 2540 1758 2589 φαι-

185 2612 439 2679 νομένων
465 2613 530 2664 τὰ
561 2612 865 2682 βλεπόμενα
897 2616 1118 2682 γέγονεν
1141 2631 1159 2648 ο
1189 2615 1218 2667 ὃ
1278 2617 1512 2678 πίστεως
1558 2616 1753 2669 δεῖται.

182 2700 258 2751 Ἦ
314 2699 412 2752 καὶ
490 2700 629 2754 οὕτω
663 2719 676 2733 ο
744 2704 973 2772 Ῥήματι
1016 2704 1147 2757 Θεοῦ
1212 2707 1484 2775 γενομένῳ
1553 2705 1638 2758 διὰ
1697 2707 1756 2758 τὸ

186 2793 538 2861 προαχθῆναι
576 2793 644 2846 τὰ
695 2795 821 2848 ὄντα
844 2797 906 2848 ἐκ
932 2797 1006 2865 μὴ
1045 2797 1234 2850 ὅντων.
1267 2791 1476 2855 Αξῶνας
1500 2798 1554 2848 δὲ
1591 2798 1754 2849 ἀκού-

182 2899 283 2946 ων,
328 2885 421 2936 καὶ
438 2887 504 2936 τὰ
526 2888 960 2957 ἐμπεριεχόμενα
983 2889 1193 2952 τούτοις
1223 2890 1416 2942 αἰώνια
1436 2890 1479 2920 ⁸⁸
1511 2891 1640 2953 νόει,
1665 2889 1753 2942 ναὶ

188 2971 300 3041 μὴν
339 2974 432 3024 καὶ
461 2973 684 3040 χρόνους
717 2977 809 3029 καὶ
835 2979 1014 3031 πάντα
1057 2979 1125 3031 τὰ
1177 2980 1426 3050 ἔγχρονα,
1474 3000 1754 3053 καταχρη-

97 3063 109 3074 “
186 3063 524 3133 στικώτερον
558 3066 664 3116 τῶν
702 3067 915 3119 αίώνων
941 3070 1034 3120 καὶ
1086 3070 1213 3132 τοὺς
1264 3071 1486 3139 χρόνους
1532 3073 1753 3142 δηλούν-

183 3169 293 3205 των
319 3170 332 3184 ο
365 3156 488 3205 ἐπεὶ
512 3155 540 3205 ό
571 3156 771 3225 κυρίως
797 3159 952 3226 αἰὼν,
982 3157 1111 3213 ἄλλο
1149 3178 1203 3213 τι
1234 3162 1386 3232 παρὰ
1407 3163 1498 3215 τὸν
1542 3165 1749 3234 χρόνον,

186 3247 283 3294 καὶ
309 3240 412 3310 εἷς,
443 3245 504 3296 οὐ
536 3245 741 3300 πολλοί.

259 3519 467 3571 Πίστει
497 3518 746 3572 πλείονα
774 3520 994 3574 θυσίαν
1022 3522 1200 3576 Ἅϐελ
1227 3523 1386 3589 παρὰ
1407 3523 1555 3579 ΚάΙν
1573 3542 1757 3592 προσ·

183 3605 410 3674 ήνετκε
431 3606 512 3671 τῷ
554 3605 696 3672 Θεῷ.
729 3607 946 3679 Ἐπειδὴ
982 3610 1127 3679 μέγα
1169 3613 1201 3681 ἡ
1243 3612 1449 3674 πίστις,
1489 3614 1583 3665 καὶ
1642 3630 1758 3680 γεν-

185 3697 348 3760 ναίας
375 3697 760 3768 δεῖταιψυχῆς.
792 3701 843 3752 οἱ
896 3699 954 3752 δὲ
1011 3701 1255 3768 Ἑϐραῖοι
1295 3702 1479 3755 πιστοὶ
1538 3703 1760 3773 ἐξησθέ-

183 3805 386 3855 νησαν,
421 3788 516 3840 καὶ
541 3791 664 3841 κατ’
687 3790 860 3860 ἀρχὴν
891 3791 990 3860 μὲν
1010 3791 1196 3845 πίστιν
1221 3793 1576 3859 ἐνεδείξαντο,
1598 3793 1756 3847 ὓστε-

185 3860 282 3945 ρον
318 3878 377 3929 δὲ
406 3877 514 3930 ἀπὸ
557 3879 656 3946 τῆς
717 3880 999 3949 συνεχείας
1045 3881 1156 3932 τῶν
1204 3882 1438 3950 θλίψεων
1494 3882 1758 3950 ὠλιγοψύ-

182 3984 342 4038 χουν,
371 3967 714 4035 παρεκάλεσε
743 3969 842 4037 μὲν
877 3971 1074 4034 αὐτοὺς
1102 3971 1210 4024 ἀπὸ
1237 3973 1346 4024 τῶν
1385 3973 1757 4042 κατορθωθέν-

183 4077 296 4113 των
317 4059 521 4122 αὑτοῖς,
559 4058 649 4111 καὶ
678 4059 785 4112 ἀπὸ
811 4061 910 4128 τῆς
948 4061 1194 4130 Γραφῆς,
1224 4063 1393 4117 είπὼν
1417 4080 1430 4094 °
1467 4065 1590 4116 Ὀτι
1621 4064 1648 4115 ὁ
1679 4064 1756 4116 δί-

183 4169 346 4215 καιος
375 4155 437 4204 ὲκ
470 4153 701 4215 πίστεως
719 4152 974 4222 ζήσεται·
1035 4156 1130 4208 καὶ
1179 4155 1288 4208 ἀπὸ
1342 4157 1636 4229 λογισμῶν,
1681 4159 1759 4209 εί-

146 4307 152 4312 _
184 4242 334 4292 πώνο
355 4242 525 4293 Ἔστι
551 4240 618 4293 δὲ
641 4242 840 4307 πίστις
861 4241 1252 4312 ἐλπιζομένων
1279 4247 1633 4315 ὑπόστασιςο
1664 4253 1758 4308 νῦν

183 4332 241 4383 δὲ
257 4333 370 4384 ἀπὸ
400 4333 506 4385 τῶν
525 4333 780 4402 μεγάλων
810 4335 900 4387 καὶ
926 4336 1170 4389 παλαιῶν
1194 4339 1417 4406 ἀνδρῶν.
1446 4341 1612 4396 Ὅταν
1650 4346 1757 4416 γὰρ

185 4421 325 4490 εὕρῃ
381 4423 408 4472 ό
437 4421 724 4490 ἄνθρωπος
754 4425 1038 4487 κοινωνοὺς
1062 4425 1269 4489 πιθῶν,
1299 4428 1636 4484 ἀναπαύεται
1663 4435 1756 4485 καὶ

184 4510 437 4564 ἀναπνεῖ.
461 4510 701 4577 Παρὰγει
728 4508 818 4560 οὖν
847 4511 939 4562 τὸν
971 4514 1153 4578 Ἅϐελ,
1177 4516 1269 4567 καί
1295 4534 1460 4587 φησιν
1481 4520 1560 4572 ὅτι
1579 4521 1756 4575 πίστει

1863 1977 2028 2030 bilem
2059 1978 2303 2046 adeoque
2344 1978 2685 2034 manifestam
2729 1981 3138 2048 imposturam;
3184 1979 3425 2031 ostendit

1865 2068 2006 2134 quod
2037 2067 2265 2120 maxima
2315 2083 2540 2136 quaeque
2597 2083 2692 2138 per
2727 2068 2884 2123 ﬁdem
2932 2069 3322 2137 transigantur,
3371 2077 3425 2121 et

1865 2169 1970 2208 non
2005 2172 2100 2223 per
2125 2157 2591 2212 ratiocinationes.
2627 2156 2761 2210 Nam
2794 2158 2935 2226 quod
2968 2158 3110 2211 Deus
3149 2159 3333 2221 verbo,
3361 2173 3425 2211 ea

1863 2262 1980 2315 quae
2011 2255 2158 2312 sunt,
2187 2264 2250 2303 ex
2291 2249 2359 2304 iis
2406 2265 2526 2318 qua:
2556 2264 2661 2303 non
2687 2260 2835 2315 sunt,
2881 2251 3112 2312 creavit,
3158 2266 3277 2318 qua:
3324 2253 3421 2306 de-

1865 2342 2187 2395 monstratio
2221 2342 2380 2397 nobis
2424 2342 2710 2396 exhibuit?
2748 2341 2904 2396 Nulla
2954 2359 3109 2404 sane.
3157 2343 3253 2398 scd
3308 2345 3420 2399 sola

1865 2428 2018 2482 fides.
2052 2427 2184 2483 Fide
2223 2431 2386 2498 igitur
2422 2431 2765 2498 intelligimus
2812 2440 2998 2498 aptata
3041 2446 3152 2484 esse
3203 2433 3441 2496 saecula”

1863 2517 1966 2572 hoc
2021 2530 2123 2584 est,
2163 2519 2305 2574 facta
2351 2536 2473 2576 esse
2523 2522 2688 2575 verbo
2739 2521 2854 2575 Dei.
2892 2520 3004 2575 Cur
3055 2523 3196 2576 ﬁde?
3227 2523 3425 2591 quippe

1863 2609 2007 2678 quod
2038 2626 2104 2665 ex
2137 2611 2525 2677 invisibilibus,
2559 2619 2613 2667 et
2641 2628 2706 2667 ex
2744 2614 2810 2667 iis
2861 2629 2983 2683 qua:
3022 2630 3126 2668 non
3153 2614 3423 2673 videntur,

1866 2698 2006 2752 facta
2034 2701 2283 2770 sinuqua'.
2309 2703 2597 2758 videntur:
2633 2705 2778 2774 quod
2813 2706 2915 2759 ﬁde
2938 2722 3076 2774 opus
3112 2706 3292 2760 habet.
3328 2705 3424 2759 Vel

1861 2791 1974 2845 sic:
2011 2792 2188 2847 Verbo
2219 2792 2335 2866 Dei,
2377 2809 2486 2863 quo
2529 2795 2854 2852 factumest
2897 2805 2958 2850 ut
2992 2797 3426 2866 producerentur

1861 2894 1926 2933 ex
1968 2880 2034 2933 iis
2082 2895 2202 2948 qua:
2405 2890 2553 2945 sunt,
2583 2899 2646 2937 ea
2697 2899 2816 2953 quae
2864 2894 3009 2939 sunt.
3057 2884 3190 2938 Cum
3241 2893 3422 2939 autem

1862 2969 2036 3033 audis,
2067 2971 2285 3032 sarcula.
2323 2955 2387 3060 ὁρ
2428 2971 2593 3026 simul
2625 2973 2865 3044 intellige
2902 2984 3106 3029 aeterna
3141 2991 3259 3045 qua:
3306 2976 3422 3032 istis

1861 3062 2230 3128 continentur,
2285 3064 2394 3119 imo
2442 3082 2569 3121 vero
2613 3075 2878 3136 tempora,
2922 3069 3168 3136 adeoque
3223 3077 3419 3123 cuncta

1863 3158 2208 3226 temporaria,
2276 3157 2620 3214 inusitatiore
2675 3160 2932 3228 loquendi
2993 3162 3155 3216 modo
3207 3164 3422 3218 sarculis

1781 3262 1823 3320 ο
1859 3247 2020 3300 etiam
2068 3259 2309 3316 tempora
2352 3249 2802 3318 signiﬁcantibus.
2841 3251 2974 3324 Nam
3017 3253 3234 3322 proprie
3255 3269 3425 3308 saecu-

1860 3335 1969 3388 lum
2003 3336 2150 3390 aliud
2191 3337 2487 3407 quidquam
2531 3353 2695 3408 quam
2740 3347 2955 3408 tempus
2995 3347 3100 3406 est,
3145 3350 3200 3396 et
3228 3357 3423 3410 unum,

1859 3443 1965 3482 non
1999 3429 2190 3482 multa.

1930 3519 2099 3573 Vens.
2139 3519 2193 3572 4.
2246 3517 2378 3573 Fide
2413 3521 2761 3588 copiosiorem
2809 3523 3038 3576 hostiam
3095 3524 3227 3578 Abel
3265 3541 3421 3592 quant

1858 3609 1990 3664 Cain
2023 3613 2214 3664 obtulit
2236 3611 2365 3668 Deo.
2387 3611 2524 3678 Quia
2551 3628 2637 3668 res
2665 3628 2859 3684 magna
2895 3625 2980 3670 est
3001 3616 3153 3682 ﬁdes,
3185 3626 3238 3672 et
3265 3633 3420 3686 gene-

1861 3717 1983 3755 rosa
2028 3702 2206 3756 anima
2259 3703 2482 3772 indiget,
2522 3703 2728 3758 llehraai
2755 3714 2933 3760 autem
2995 3707 3177 3762 ﬁdeles
3220 3710 3420 3761 inﬁrmi

1858 3803 2030 3852 erant,
2072 3809 2136 3846 ac
2180 3796 2414 3862 primum
2467 3795 2686 3862 quidem
2740 3795 2896 3850 ﬁdem
2929 3798 3420 3866 demonstrarunt,

1861 3883 2114 3952 deinceps
2146 3901 2273 3938 vero
2307 3885 2378 3940 ob
2405 3883 2760 3942 afﬁiclionum
2807 3888 3167 3958 frequentiam
3195 3893 3421 3961 pusilla-

1858 3977 2032 4030 nimes
2061 3977 2445 4042 reddebantur,
2473 3978 2796 4034 adhortatus
2831 3989 2915 4034 est
2943 3997 3038 4035 eos
3067 3997 3095 4034 a
3135 3985 3297 4038 rebus
3322 4000 3418 4052 per

1857 4082 1950 4120 eos
1997 4067 2252 4134 prazelare
2301 4067 2489 4136 gestis,
2533 4078 2585 4123 et
2615 4084 2646 4124 a
2677 4071 2982 4140 Scriptura,
3025 4071 3237 4136 dicens,
3273 4077 3417 4142 quod

1855 4158 2035 4226 juStus
2070 4175 2133 4214 ex
2162 4159 2264 4214 [ide
2297 4161 2368 4215 sit
2416 4161 2694 4217 victurus:
2744 4170 2798 4216 et
2828 4179 2858 4217 a
2883 4163 3414 4232 ratiocinationibus,

1861 4252 2141 4319 inquiens:
2179 4250 2338 4306 Fides
2375 4263 2649 4308 esteorum
2676 4271 2792 4324 qua:
2824 4266 3106 4324 sperantur
3129 4257 3420 4312 subsisten-

1861 4343 1969 4394 tia:
2006 4358 2151 4396 nunc
2183 4359 2308 4397 vero
2339 4357 2367 4394 a
2395 4347 2604 4414 magnis
2635 4354 2686 4398 et
2729 4347 2925 4415 priscis
2956 4348 3084 4401 viris
3109 4349 3275 4401 etiam
3326 4365 3416 4403 ar-

1859 4441 2113 4500 gumenta
2147 4433 2365 4501 profert.
2389 4435 2522 4487 Cum
2565 4437 2706 4488 enim
2736 4437 2898 4491 homo
2933 4437 3201 4490 invenerit
3251 4441 3419 4506 parti-

1860 4523 2005 4590 cipes
2036 4523 2448 4587 adversitatum,
2479 4535 2754 4580 recreatur
2782 4541 2844 4582 ac
2873 4530 3130 4597 respirat.
3157 4529 3418 4584 Producit

185 4602 536 4673 προσήνεγκε
566 4601 756 4653 θυσίαν
811 4603 1054 4666 πλείονα,
1096 4585 1365 4670 τουτέστι,
1422 4614 1754 4683 τιμιωτέραν

1861 4611 2020 4681 igitur
2039 4613 2288 4676 Abelum,
2312 4615 2594 4684 inquiens:
2629 4615 2756 4670 Fide
2785 4585 3269 4674 obtulitvictimam
3305 4637 3417 4673 ma-

184 4697 341 4765 παρᾶ
364 4695 463 4765 τὴν
492 4694 584 4745 τοῦ
629 4694 876 4759 ἀδελφοῦ.
908 4695 1040 4747 Τίνα
1079 4697 1188 4765 γὰρ
1239 4695 1377 4750 εἶδεν
1435 4702 1592 4754 ἄλλον
1645 4707 1752 4776 πρὸ

184 4785 392 4850 αὐτοῦ;
422 4785 513 4837 τὸν
558 4785 785 4853 πατέρα,
816 4786 847 4855 ἦ
888 4787 984 4858 τὴν
1025 4790 1236 4857 μητέρα
1262 4830 1277 4854 ,
1309 4792 1403 4841 καὶ
1438 4791 1546 4862 μὴν
1584 4784 1752 4865 προσ-

185 4879 462 4946 ἔκρουσαν
487 4878 562 4947 τῷ
585 4879 725 4948 Θεῷ·
759 4880 894 4932 ἀλλὰ
925 4880 1014 4932 τὸν
1038 4881 1264 4949 ἀδελφόν
1287 4898 1300 4947 ;
1335 4883 1428 4934 καὶ
1457 4877 1612 4947 οὗτος
1636 4887 1750 4956 ἠτί-

187 4984 351 5036 μασε.
379 4969 563 5022 Πίστει
591 4968 682 5022 οὖν
715 4970 853 5040 μόνῃ
881 4970 1140 5042 ὡδηγήθη
1165 4976 1243 5036 είς
1271 4972 1331 5025 τὸ
1361 4978 1750 5045 προσενεγκεῖν

185 5053 257 5110 ῶν
285 5054 401 5126 εἶχε
431 5061 499 5112 τὰ
555 5063 859 5132 κρείττονα,
923 5063 1243 5130 πιστεύσας,
1296 5065 1376 5118 ὅτι
1427 5065 1517 5118 τὸν
1564 5066 1755 5133 μισθὸν

181 5148 430 5218 λήψεται.

249 5241 336 5292 Δι’
365 5235 443 5308 ἧς
481 5240 861 5311 ἐμαρτυρήθη
904 5241 1056 5299 εἶναι
1077 5246 1326 5313 δίκαιος,
1374 5251 1749 5317 μαρτιφοῦνν

1849 4704 2047 4770 jorcm,
2095 4705 2197 4758 hoc
2239 4715 2321 4759 est
2355 4707 2752 4773 pretiosiorem,
2799 4724 2962 4776 quam
3016 4710 3199 4764 frater.
3242 4713 3413 4774 Quem

1852 4794 1995 4847 enim
2015 4794 2227 4848 videbat
2254 4797 2418 4849 alium
2441 4808 2567 4850 ante
2596 4809 2653 4849 se
2674 4797 2696 4848 ?
2719 4805 2998 4866 patremue
3027 4807 3121 4851 aut
3148 4784 3416 4852 matrem?

1853 4890 1908 4934 at
1943 4883 2016 4935 illi
2050 4884 2389 4954 itnpegerant
2415 4886 2682 4957 adversus
2710 4886 2900 4940 Deum.
2933 4887 2999 4940 At
3037 4889 3301 4944 fratrem?
3326 4909 3414 4946 ve-

1855 4988 1974 5026 rum
2009 4981 2062 5028 et
2095 4974 2140 5027 is
2176 4974 2340 5028 Deum
2375 4989 2482 5027 non
2510 4975 2770 5028 coluerat.
2802 4975 2932 5030 Fide
2959 4994 3088 5048 ergo
3140 4981 3253 5034 sola
3288 4997 3410 5048 per-

1859 5062 2059 5119 ductus
2090 5073 2174 5118 est
2205 5075 2262 5117 ut
2299 5063 2518 5117 offerret
2548 5065 2656 5118 Deo
2696 5082 2761 5120 ex
2807 5069 3122 5124 melioribus
3161 5085 3279 5138 qua:
3313 5071 3412 5122 ha~

1856 5153 2038 5214 bebat,
2069 5152 2297 5206 credens
2324 5168 2382 5206 se
2413 5157 2713 5211 mercedem
2757 5167 3127 5226 accepturum.

1926 5243 2029 5298 Per
2059 5262 2216 5313 quant
2243 5247 2596 5301 testimonium
2632 5261 2937 5302 consecutus
2967 5259 3066 5314 est,
3106 5251 3244 5321 quod
3279 5261 3408 5304 esset

179 5348 279 5395 τος
315 5329 412 5380 ἐπὶ
444 5327 566 5393 τοῖς
597 5328 806 5396 δάφοις
836 5334 1025 5387 αὑτοῦ
1054 5334 1160 5387 τοῦ
1184 5335 1351 5389 Θεοῦ.
1389 5336 1447 5388 ’0
1483 5335 1589 5404 γὰρ
1612 5337 1746 5404 πρὸς

1857 5338 2040 5402 iustus,
2071 5341 2426 5394 testimonium
2455 5343 2750 5407 per/libente
2777 5341 2882 5395 Deo
2912 5359 3066 5411 super
3088 5346 3238 5396 donis
3269 5345 3405 5410 ejus.

180 5422 266 5474 τὸν
293 5423 436 5480 Κάῖν
464 5420 702 5491 εἰρηκὼς
729 5423 880 5489 θεὺξ,
917 5428 1031 5480 Οὐκ
1087 5428 1154 5480 ἂν
1198 5429 1370 5496 ὀρθῶς
1419 5429 1514 5498 μὲν
1570 5447 1739 5498 προσ-

179 5516 430 5584 ενέγκῃς,
457 5513 630 5584 ὀρθῶς
647 5512 701 5565 δὲ
729 5513 804 5584 μὴ
833 5515 1013 5588 διέλῃς
1033 5535 1046 5549 ·
1073 5520 1420 5591 ἐμαρτύρησε
1451 5521 1523 5591 τῷ
1550 5521 1736 5588 Ἅϐελ,

1848 5429 1982 5484 Cum
2015 5432 2160 5484 enim
2200 5433 2264 5487 ad
2316 5433 2473 5501 732
2507 5433 2739 5485 Caluum
2791 5434 3016 5489 dixisset
3061 5431 3202 5488 Deus
3236 5451 3249 5487 :
3289 5433 3407 5490 Non

1849 5529 1995 5577 recte
2024 5522 2206 5590 oﬂ‘ers,
2239 5539 2336 5579 nec
2364 5532 2509 5578 recte
2550 5523 2783 5581 dLVidis:
2816 5525 3187 5581 testiinonium
3217 5527 3402 5598 perhi-

1527 5700 1726 5761 Varize
1765 5699 2096 5761 lectiones.

251 5802 296 5828 ⁸³
321 5799 712 5868 πραγματικῶς
738 5819 792 5854 υ.
873 5800 914 5830 ⁸⁴
940 5798 1107 5851 πάνυ
1140 5816 1191 5851 U-
