  <div class='ocr_page' id='page_1' title='image "/cluster/home/n/w/nwhite01/storage/ocr_20150623/125/pst.000005714407/199.png"; bbox 0 0 4056 6340; ppageno 0'>
   <div class='ocr_carea' id='block_1_1' title="bbox 1884 262 1901 287">
    <p class='ocr_par' dir='ltr' id='par_1_1' title="bbox 1884 262 1901 287">
     <span class='ocr_line' id='line_1_1' title="bbox 1884 262 1901 287; baseline 0 0"><span class='ocrx_word' id='word_1_1' title='bbox 1884 262 1901 287; x_wconf 84' lang='grc' dir='ltr'><strong><em>Ι</em></strong></span> 
     </span>
    </p>
   </div>
   <div class='ocr_carea' id='block_1_2' title="bbox 677 405 781 473">
    <p class='ocr_par' dir='ltr' id='par_1_2' title="bbox 677 405 781 473">
     <span class='ocr_line' id='line_1_2' title="bbox 677 405 781 473; baseline -0.038 -1"><span class='ocrx_word' id='word_1_2' title='bbox 677 405 781 473; x_wconf 62' lang='grc'><strong>34⁸1</strong></span> 
     </span>
    </p>
   </div>
   <div class='ocr_carea' id='block_1_3' title="bbox 1561 409 2976 480">
    <p class='ocr_par' dir='ltr' id='par_1_3' title="bbox 1561 409 2976 480">
     <span class='ocr_line' id='line_1_3' title="bbox 1561 409 2976 480; baseline 0.008 -11"><span class='ocrx_word' id='word_1_3' title='bbox 1561 409 2132 473; x_wconf 62' lang='grc' dir='ltr'><strong>ΤΗΕΟΡΗΥΕᾹΟΤΙ</strong></span> <span class='ocrx_word' id='word_1_4' title='bbox 2174 412 2581 475; x_wconf 69' lang='lat' dir='ltr'><strong>BULGAHLE</strong></span> <span class='ocrx_word' id='word_1_5' title='bbox 2626 417 2976 480; x_wconf 78' lang='lat' dir='ltr'><strong>AllCHIEP.</strong></span> 
     </span>
    </p>
   </div>
   <div class='ocr_carea' id='block_1_4' title="bbox 3780 417 3917 482">
    <p class='ocr_par' dir='ltr' id='par_1_4' title="bbox 3780 417 3917 482">
     <span class='ocr_line' id='line_1_4' title="bbox 3780 417 3917 482; baseline 0.015 -2"><span class='ocrx_word' id='word_1_6' title='bbox 3780 417 3868 482; x_wconf 62' lang='grc' dir='ltr'><strong>διε</strong></span> <span class='ocrx_word' id='word_1_7' title='bbox 3909 434 3917 453; x_wconf 86' lang='grc'><strong><em>⁸</em></strong></span> 
     </span>
    </p>
   </div>
   <div class='ocr_carea' id='block_1_5' title="bbox 750 523 2248 610">
    <p class='ocr_par' dir='ltr' id='par_1_5' title="bbox 750 523 2238 595">
     <span class='ocr_line' id='line_1_5' title="bbox 750 523 2238 595; baseline 0.003 -16"><span class='ocrx_word' id='word_1_8' title='bbox 750 523 884 579; x_wconf 88' lang='lat' dir='ltr'><strong>Cum</strong></span> <span class='ocrx_word' id='word_1_9' title='bbox 940 524 1101 579; x_wconf 81' lang='lat' dir='ltr'><strong>Isaac</strong></span> <span class='ocrx_word' id='word_1_10' title='bbox 1151 534 1199 578; x_wconf 88' lang='lat' dir='ltr'><strong>et</strong></span> <span class='ocrx_word' id='word_1_11' title='bbox 1245 524 1407 578; x_wconf 85' lang='lat' dir='ltr'><strong>Ja&#39;cob</strong></span> <span class='ocrx_word' id='word_1_12' title='bbox 1464 526 1814 581; x_wconf 74' lang='lat' dir='ltr'><strong>cohmredibus</strong></span> <span class='ocrx_word' id='word_1_13' title='bbox 1877 528 2238 595; x_wconf 77' lang='lat' dir='ltr'><strong>promissionis</strong></span> 
     </span>
    </p>
   </div>
   <div class='ocr_carea' id='block_1_6' title="bbox 2347 523 3874 610">
    <p class='ocr_par' dir='ltr' id='par_1_6' title="bbox 2410 529 3874 603">
     <span class='ocr_line' id='line_1_6' title="bbox 2410 529 3874 603; baseline 0.002 -18"><span class='ocrx_word' id='word_1_14' title='bbox 2410 533 2571 586; x_wconf 82' lang='grc' dir='ltr'><em>Μετὰ</em></span> <span class='ocrx_word' id='word_1_15' title='bbox 2632 534 2838 589; x_wconf 80' lang='grc' dir='ltr'>Ἰσαὰκ</span> <span class='ocrx_word' id='word_1_16' title='bbox 2874 529 2973 587; x_wconf 71' lang='grc' dir='ltr'><strong>καί</strong></span> <span class='ocrx_word' id='word_1_17' title='bbox 3022 532 3221 588; x_wconf 73' lang='grc' dir='ltr'>Ἰακὼϐ</span> <span class='ocrx_word' id='word_1_18' title='bbox 3244 533 3361 587; x_wconf 83' lang='grc' dir='ltr'><strong>τῶν</strong></span> <span class='ocrx_word' id='word_1_19' title='bbox 3388 537 3874 603; x_wconf 58' lang='grc' dir='ltr'>συγ-κληρονόμων</span> 
     </span>
    </p>
   </div>
   <div class='ocr_carea' id='block_1_7' title="bbox 674 606 2239 690">
    <p class='ocr_par' dir='ltr' id='par_1_7' title="bbox 674 606 2239 690">
     <span class='ocr_line' id='line_1_7' title="bbox 674 606 2239 690; baseline 0.002 -15"><span class='ocrx_word' id='word_1_20' title='bbox 674 620 929 689; x_wconf 76' lang='lat' dir='ltr'><strong>ejusdem.</strong></span> <span class='ocrx_word' id='word_1_21' title='bbox 963 606 1134 685; x_wconf 84' lang='lat' dir='ltr'><strong>Isaac,</strong></span> <span class='ocrx_word' id='word_1_22' title='bbox 1194 619 1388 686; x_wconf 79' lang='lat' dir='ltr'><strong>inquit,</strong></span> <span class='ocrx_word' id='word_1_23' title='bbox 1416 628 1478 673; x_wconf 78' lang='lat' dir='ltr'><strong>&#39;et</strong></span> <span class='ocrx_word' id='word_1_24' title='bbox 1506 620 1673 676; x_wconf 83' lang='lat' dir='ltr'><strong>Jacob</strong></span> <span class='ocrx_word' id='word_1_25' title='bbox 1709 623 1930 690; x_wconf 87' lang='lat' dir='ltr'><strong>perinde</strong></span> <span class='ocrx_word' id='word_1_26' title='bbox 1996 606 2239 678; x_wconf 78' lang='lat' dir='ltr'><strong>incolue-</strong></span> 
     </span>
    </p>
   </div>
   <div class='ocr_carea' id='block_1_8' title="bbox 677 690 2237 778">
    <p class='ocr_par' dir='ltr' id='par_1_8' title="bbox 677 690 2237 778">
     <span class='ocr_line' id='line_1_8' title="bbox 677 690 2237 778; baseline 0.001 -11"><span class='ocrx_word' id='word_1_27' title='bbox 677 723 805 767; x_wconf 87' lang='lat' dir='ltr'><strong>runt</strong></span> <span class='ocrx_word' id='word_1_28' title='bbox 837 728 978 773; x_wconf 88' lang='lat' dir='ltr'><strong>eam.</strong></span> <span class='ocrx_word' id='word_1_29' title='bbox 1013 721 1071 766; x_wconf 92' lang='lat' dir='ltr'><strong>ut</strong></span> <span class='ocrx_word' id='word_1_30' title='bbox 1114 713 1367 766; x_wconf 87' lang='lat' dir='ltr'><strong>alienam.</strong></span> <span class='ocrx_word' id='word_1_31' title='bbox 1398 711 1655 767; x_wconf 76' lang='lat' dir='ltr'><strong>Pliilista-i</strong></span> <span class='ocrx_word' id='word_1_32' title='bbox 1685 714 1869 770; x_wconf 87' lang='lat' dir='ltr'><strong>lsaaeo</strong></span> <span class='ocrx_word' id='word_1_33' title='bbox 1905 690 2237 778; x_wconf 76' lang='lat' dir='ltr'><strong>invidebant,</strong></span> 
     </span>
    </p>
   </div>
   <div class='ocr_carea' id='block_1_9' title="bbox 676 804 2240 878">
    <p class='ocr_par' dir='ltr' id='par_1_9' title="bbox 676 804 2240 878">
     <span class='ocr_line' id='line_1_9' title="bbox 676 804 2240 878; baseline 0.002 -20"><span class='ocrx_word' id='word_1_34' title='bbox 676 811 728 858; x_wconf 88' lang='lat' dir='ltr'><strong>et</strong></span> <span class='ocrx_word' id='word_1_35' title='bbox 777 804 1082 858; x_wconf 69' lang='lat' dir='ltr'><strong>Abiinelecli</strong></span> <span class='ocrx_word' id='word_1_36' title='bbox 1136 814 1325 871; x_wconf 79' lang='lat' dir='ltr'><strong>puteos</strong></span> <span class='ocrx_word' id='word_1_37' title='bbox 1350 805 1469 873; x_wconf 85' lang='lat' dir='ltr'><strong>ejus</strong></span> <span class='ocrx_word' id='word_1_38' title='bbox 1525 806 1807 861; x_wconf 75' lang='lat' dir='ltr'><strong>auferebat</strong></span> <span class='ocrx_word' id='word_1_39' title='bbox 1851 817 1902 862; x_wconf 86' lang='lat' dir='ltr'><strong>et</strong></span> <span class='ocrx_word' id='word_1_40' title='bbox 1958 808 2240 878; x_wconf 73' lang='lat' dir='ltr'><strong>coniugem</strong></span> 
     </span>
    </p>
   </div>
   <div class='ocr_carea' id='block_1_10' title="bbox 678 894 2241 969">
    <p class='ocr_par' dir='ltr' id='par_1_10' title="bbox 678 894 2241 969">
     <span class='ocr_line' id='line_1_10' title="bbox 678 894 2241 969; baseline 0.006 -22"><span class='ocrx_word' id='word_1_41' title='bbox 678 894 872 965; x_wconf 69' lang='lat' dir='ltr'><strong>ipsam,</strong></span> <span class='ocrx_word' id='word_1_42' title='bbox 912 905 965 950; x_wconf 86' lang='lat' dir='ltr'><strong>et</strong></span> <span class='ocrx_word' id='word_1_43' title='bbox 995 898 1228 952; x_wconf 88' lang='lat' dir='ltr'><strong>subinde</strong></span> <span class='ocrx_word' id='word_1_44' title='bbox 1252 898 1316 951; x_wconf 91' lang='lat' dir='ltr'><strong>ad</strong></span> <span class='ocrx_word' id='word_1_45' title='bbox 1356 899 1518 952; x_wconf 87' lang='lat' dir='ltr'><strong>alium</strong></span> <span class='ocrx_word' id='word_1_46' title='bbox 1552 910 1713 969; x_wconf 88' lang='lat' dir='ltr'><strong>atque</strong></span> <span class='ocrx_word' id='word_1_47' title='bbox 1749 902 1914 954; x_wconf 87' lang='lat' dir='ltr'><strong>alium</strong></span> <span class='ocrx_word' id='word_1_48' title='bbox 1974 904 2241 957; x_wconf 85' lang='lat' dir='ltr'><strong>transibat</strong></span> 
     </span>
    </p>
   </div>
   <div class='ocr_carea' id='block_1_11' title="bbox 680 973 2239 1063">
    <p class='ocr_par' dir='ltr' id='par_1_11' title="bbox 680 973 2239 1063">
     <span class='ocr_line' id='line_1_11' title="bbox 680 973 2239 1063; baseline 0.006 -24"><span class='ocrx_word' id='word_1_49' title='bbox 680 973 877 1042; x_wconf 73' lang='lat' dir='ltr'><strong>locum.</strong></span> <span class='ocrx_word' id='word_1_50' title='bbox 913 988 1081 1044; x_wconf 75' lang='lat' dir='ltr'><strong>Jacob</strong></span> <span class='ocrx_word' id='word_1_51' title='bbox 1129 998 1308 1044; x_wconf 86' lang='lat' dir='ltr'><strong>autem</strong></span> <span class='ocrx_word' id='word_1_52' title='bbox 1346 1008 1450 1043; x_wconf 89' lang='lat' dir='ltr'><strong>non</strong></span> <span class='ocrx_word' id='word_1_53' title='bbox 1483 993 1656 1045; x_wconf 89' lang='lat' dir='ltr'><strong>solum</strong></span> <span class='ocrx_word' id='word_1_54' title='bbox 1687 1009 1716 1046; x_wconf 86' lang='lat' dir='ltr'><strong>a</strong></span> <span class='ocrx_word' id='word_1_55' title='bbox 1748 995 1911 1048; x_wconf 86' lang='lat' dir='ltr'><strong>fratre</strong></span> <span class='ocrx_word' id='word_1_56' title='bbox 1946 993 2083 1049; x_wconf 85' lang='lat' dir='ltr'><strong>Esau</strong></span> <span class='ocrx_word' id='word_1_57' title='bbox 2117 1011 2239 1063; x_wconf 83' lang='lat' dir='ltr'><strong>per-</strong></span> 
     </span>
    </p>
   </div>
   <div class='ocr_carea' id='block_1_12' title="bbox 675 1082 2241 1153">
    <p class='ocr_par' dir='ltr' id='par_1_12' title="bbox 675 1082 2241 1153">
     <span class='ocr_line' id='line_1_12' title="bbox 675 1082 2241 1153; baseline 0.003 -17"><span class='ocrx_word' id='word_1_58' title='bbox 675 1082 1010 1136; x_wconf 82' lang='lat' dir='ltr'><strong>secutionem</strong></span> <span class='ocrx_word' id='word_1_59' title='bbox 1052 1082 1261 1153; x_wconf 71' lang='lat' dir='ltr'><strong>patiens</strong></span> <span class='ocrx_word' id='word_1_60' title='bbox 1294 1082 1407 1136; x_wconf 77' lang='lat' dir='ltr'><strong>sibi</strong></span> <span class='ocrx_word' id='word_1_61' title='bbox 1438 1083 1727 1143; x_wconf 72' lang='lat' dir='ltr'><strong>metuelnt.</strong></span> <span class='ocrx_word' id='word_1_62' title='bbox 1758 1100 1941 1138; x_wconf 82' lang='lat' dir='ltr'><strong>verum</strong></span> <span class='ocrx_word' id='word_1_63' title='bbox 1986 1087 2146 1139; x_wconf 84' lang='lat' dir='ltr'><strong>etiam</strong></span> <span class='ocrx_word' id='word_1_64' title='bbox 2176 1102 2241 1141; x_wconf 80' lang='lat' dir='ltr'><strong>ex</strong></span> 
     </span>
    </p>
   </div>
   <div class='ocr_carea' id='block_1_13' title="bbox 677 1170 2243 1246">
    <p class='ocr_par' dir='ltr' id='par_1_13' title="bbox 677 1170 2243 1246">
     <span class='ocr_line' id='line_1_13' title="bbox 677 1170 2243 1246; baseline 0.004 -22"><span class='ocrx_word' id='word_1_65' title='bbox 677 1170 1064 1241; x_wconf 71' lang='lat' dir='ltr'><strong>Mesopotamia</strong></span> <span class='ocrx_word' id='word_1_66' title='bbox 1112 1189 1384 1238; x_wconf 81' lang='lat' dir='ltr'><strong>reversus,</strong></span> <span class='ocrx_word' id='word_1_67' title='bbox 1437 1174 1567 1227; x_wconf 87' lang='lat' dir='ltr'><strong>emit</strong></span> <span class='ocrx_word' id='word_1_68' title='bbox 1609 1174 1812 1237; x_wconf 86' lang='lat' dir='ltr'><strong>locum,</strong></span> <span class='ocrx_word' id='word_1_69' title='bbox 1851 1177 1904 1229; x_wconf 93' lang='lat' dir='ltr'><strong>in</strong></span> <span class='ocrx_word' id='word_1_70' title='bbox 1965 1192 2071 1246; x_wconf 90' lang='lat' dir='ltr'><strong>quo</strong></span> <span class='ocrx_word' id='word_1_71' title='bbox 2130 1178 2243 1231; x_wconf 84' lang='lat' dir='ltr'><strong>fixit</strong></span> 
     </span>
    </p>
   </div>
   <div class='ocr_carea' id='block_1_14' title="bbox 675 1255 2242 1338">
    <p class='ocr_par' dir='ltr' id='par_1_14' title="bbox 675 1255 2242 1338">
     <span class='ocr_line' id='line_1_14' title="bbox 675 1255 2242 1338; baseline 0.006 -22"><span class='ocrx_word' id='word_1_72' title='bbox 675 1264 1110 1320; x_wconf 75' lang='lat' dir='ltr'><strong>tabernaculum.</strong></span> <span class='ocrx_word' id='word_1_73' title='bbox 1150 1265 1212 1316; x_wconf 84' lang='lat' dir='ltr'><strong>Et</strong></span> <span class='ocrx_word' id='word_1_74' title='bbox 1229 1264 1341 1331; x_wconf 79' lang='lat' dir='ltr'><strong>jam</strong></span> <span class='ocrx_word' id='word_1_75' title='bbox 1389 1266 1607 1332; x_wconf 81' lang='lat' dir='ltr'><strong>quidem</strong></span> <span class='ocrx_word' id='word_1_76' title='bbox 1641 1268 1693 1321; x_wconf 93' lang='lat' dir='ltr'><strong>in</strong></span> <span class='ocrx_word' id='word_1_77' title='bbox 1726 1255 1932 1333; x_wconf 70' lang='grc' dir='ltr'>Βθιιιέςι,</span> <span class='ocrx_word' id='word_1_78' title='bbox 1965 1273 2075 1338; x_wconf 85' lang='lat' dir='ltr'><strong>jam</strong></span> <span class='ocrx_word' id='word_1_79' title='bbox 2118 1286 2242 1325; x_wconf 73' lang='lat' dir='ltr'><strong>vero</strong></span> 
     </span>
    </p>
   </div>
   <div class='ocr_carea' id='block_1_15' title="bbox 675 1354 2243 1425">
    <p class='ocr_par' dir='ltr' id='par_1_15' title="bbox 675 1354 2243 1425">
     <span class='ocr_line' id='line_1_15' title="bbox 675 1354 2243 1425; baseline 0.004 -17"><span class='ocrx_word' id='word_1_80' title='bbox 675 1354 732 1408; x_wconf 91' lang='lat' dir='ltr'><strong>in</strong></span> <span class='ocrx_word' id='word_1_81' title='bbox 768 1354 1004 1423; x_wconf 82' lang='lat' dir='ltr'><strong>Ephrata</strong></span> <span class='ocrx_word' id='word_1_82' title='bbox 1035 1354 1323 1423; x_wconf 83' lang='lat' dir='ltr'><strong>migrabat,</strong></span> <span class='ocrx_word' id='word_1_83' title='bbox 1355 1358 1504 1409; x_wconf 89' lang='lat' dir='ltr'><strong>nullo</strong></span> <span class='ocrx_word' id='word_1_84' title='bbox 1528 1359 1647 1412; x_wconf 90' lang='lat' dir='ltr'><strong>loco</strong></span> <span class='ocrx_word' id='word_1_85' title='bbox 1672 1370 1853 1415; x_wconf 89' lang='lat' dir='ltr'><strong>certus</strong></span> <span class='ocrx_word' id='word_1_86' title='bbox 1881 1377 2126 1425; x_wconf 89' lang='lat' dir='ltr'><strong>manens,</strong></span> <span class='ocrx_word' id='word_1_87' title='bbox 2161 1362 2243 1414; x_wconf 85' lang='lat' dir='ltr'><strong>in-</strong></span> 
     </span>
    </p>
   </div>
   <div class='ocr_carea' id='block_1_16' title="bbox 675 1444 2243 1522">
    <p class='ocr_par' dir='ltr' id='par_1_16' title="bbox 675 1444 2243 1522">
     <span class='ocr_line' id='line_1_16' title="bbox 675 1444 2243 1522; baseline 0.003 -20"><span class='ocrx_word' id='word_1_88' title='bbox 675 1453 794 1502; x_wconf 80' lang='lat' dir='ltr'><strong>star</strong></span> <span class='ocrx_word' id='word_1_89' title='bbox 835 1445 1077 1500; x_wconf 67' lang='lat' dir='ltr'><strong>advenae.</strong></span> <span class='ocrx_word' id='word_1_90' title='bbox 1124 1444 1349 1501; x_wconf 82' lang='lat' dir='ltr'><strong>Interim</strong></span> <span class='ocrx_word' id='word_1_91' title='bbox 1388 1456 1565 1503; x_wconf 84' lang='lat' dir='ltr'><strong>tamen</strong></span> <span class='ocrx_word' id='word_1_92' title='bbox 1593 1460 1646 1504; x_wconf 86' lang='lat' dir='ltr'><strong>et</strong></span> <span class='ocrx_word' id='word_1_93' title='bbox 1694 1450 1796 1520; x_wconf 90' lang='lat' dir='ltr'><strong>ipsi</strong></span> <span class='ocrx_word' id='word_1_94' title='bbox 1856 1454 2243 1522; x_wconf 86' lang='lat' dir='ltr'><strong>promissionis</strong></span> 
     </span>
    </p>
   </div>
   <div class='ocr_carea' id='block_1_17' title="bbox 671 1526 2239 1611">
    <p class='ocr_par' dir='ltr' id='par_1_17' title="bbox 671 1526 2239 1611">
     <span class='ocr_line' id='line_1_17' title="bbox 671 1526 2239 1611; baseline 0.004 -21"><span class='ocrx_word' id='word_1_95' title='bbox 671 1537 915 1591; x_wconf 64' lang='lat' dir='ltr'><strong>hmredes</strong></span> <span class='ocrx_word' id='word_1_96' title='bbox 940 1526 1182 1600; x_wconf 79' lang='lat' dir='ltr'><strong>fuerunt,</strong></span> <span class='ocrx_word' id='word_1_97' title='bbox 1217 1547 1270 1589; x_wconf 91' lang='lat' dir='ltr'><strong>ut</strong></span> <span class='ocrx_word' id='word_1_98' title='bbox 1306 1547 1476 1606; x_wconf 79' lang='lat' dir='ltr'><strong>pater.</strong></span> <span class='ocrx_word' id='word_1_99' title='bbox 1512 1539 1630 1594; x_wconf 84' lang='lat' dir='ltr'><strong>Tibi</strong></span> <span class='ocrx_word' id='word_1_100' title='bbox 1666 1544 1807 1597; x_wconf 89' lang='lat' dir='ltr'><strong>enim</strong></span> <span class='ocrx_word' id='word_1_101' title='bbox 1845 1543 2008 1606; x_wconf 79' lang='lat' dir='ltr'><strong>dabo,</strong></span> <span class='ocrx_word' id='word_1_102' title='bbox 2045 1544 2239 1611; x_wconf 79' lang='lat' dir='ltr'><strong>inquit,</strong></span> 
     </span>
    </p>
   </div>
   <div class='ocr_carea' id='block_1_18' title="bbox 672 1628 2116 1685">
    <p class='ocr_par' dir='ltr' id='par_1_18' title="bbox 672 1628 2116 1685">
     <span class='ocr_line' id='line_1_18' title="bbox 672 1628 2116 1685; baseline 0.003 -4"><span class='ocrx_word' id='word_1_103' title='bbox 672 1637 728 1681; x_wconf 87' lang='lat' dir='ltr'><strong>et</strong></span> <span class='ocrx_word' id='word_1_104' title='bbox 756 1628 948 1683; x_wconf 88' lang='lat' dir='ltr'><strong>semini</strong></span> <span class='ocrx_word' id='word_1_105' title='bbox 986 1638 1098 1680; x_wconf 88' lang='lat' dir='ltr'><strong>tuo.</strong></span> <span class='ocrx_word' id='word_1_106' title='bbox 1140 1628 1391 1683; x_wconf 83' lang='lat' dir='ltr'><strong>Attamen</strong></span> <span class='ocrx_word' id='word_1_107' title='bbox 1430 1631 1695 1685; x_wconf 81' lang='lat' dir='ltr'><strong>increduli</strong></span> <span class='ocrx_word' id='word_1_108' title='bbox 1734 1649 1841 1685; x_wconf 90' lang='lat' dir='ltr'><strong>non</strong></span> <span class='ocrx_word' id='word_1_109' title='bbox 1877 1632 2116 1685; x_wconf 84' lang='lat' dir='ltr'><strong>fuerunt.</strong></span> 
     </span>
    </p>
   </div>
   <div class='ocr_carea' id='block_1_19' title="bbox 744 1821 2317 1918">
    <p class='ocr_par' dir='ltr' id='par_1_19' title="bbox 744 1821 2317 1918">
     <span class='ocr_line' id='line_1_19' title="bbox 744 1821 2317 1918; baseline 0.004 -41"><span class='ocrx_word' id='word_1_110' title='bbox 744 1821 910 1879; x_wconf 76' lang='lat' dir='ltr'><strong>Vens.</strong></span> <span class='ocrx_word' id='word_1_111' title='bbox 950 1824 1033 1878; x_wconf 75' lang='grc'><strong>10.</strong></span> <span class='ocrx_word' id='word_1_112' title='bbox 1064 1824 1410 1885; x_wconf 72' lang='lat' dir='ltr'><strong>Exspectabat</strong></span> <span class='ocrx_word' id='word_1_113' title='bbox 1443 1828 1578 1881; x_wconf 85' lang='lat' dir='ltr'><strong>enim</strong></span> <span class='ocrx_word' id='word_1_114' title='bbox 1598 1829 1946 1897; x_wconf 77' lang='lat' dir='ltr'><strong>fundamenta</strong></span> <span class='ocrx_word' id='word_1_115' title='bbox 1968 1832 2239 1885; x_wconf 76' lang='lat' dir='ltr'><strong>habentem</strong></span> <span class='ocrx_word' id='word_1_116' title='bbox 2272 1860 2317 1918; x_wconf 79' lang='grc' dir='ltr'>Β</span> 
     </span>
    </p>
   </div>
   <div class='ocr_carea' id='block_1_20' title="bbox 673 1904 2243 1987">
    <p class='ocr_par' dir='ltr' id='par_1_20' title="bbox 673 1904 2243 1987">
     <span class='ocr_line' id='line_1_20' title="bbox 673 1904 2243 1987; baseline 0.006 -19"><span class='ocrx_word' id='word_1_117' title='bbox 673 1904 957 1970; x_wconf 77' lang='lat' dir='ltr'><strong>civitatem.</strong></span> <span class='ocrx_word' id='word_1_118' title='bbox 988 1916 1120 1968; x_wconf 87' lang='lat' dir='ltr'><strong>Eam</strong></span> <span class='ocrx_word' id='word_1_119' title='bbox 1176 1917 1247 1969; x_wconf 90' lang='lat' dir='ltr'><strong>ob</strong></span> <span class='ocrx_word' id='word_1_120' title='bbox 1287 1933 1420 1979; x_wconf 89' lang='lat' dir='ltr'><strong>rem,</strong></span> <span class='ocrx_word' id='word_1_121' title='bbox 1447 1918 1644 1987; x_wconf 87' lang='lat' dir='ltr'><strong>inquit,</strong></span> <span class='ocrx_word' id='word_1_122' title='bbox 1673 1931 1831 1974; x_wconf 86' lang='lat' dir='ltr'><strong>erant</strong></span> <span class='ocrx_word' id='word_1_123' title='bbox 1892 1923 2135 1985; x_wconf 79' lang='lat' dir='ltr'><strong>advenae,</strong></span> <span class='ocrx_word' id='word_1_124' title='bbox 2189 1937 2243 1977; x_wconf 89' lang='lat' dir='ltr'><strong>et</strong></span> 
     </span>
    </p>
   </div>
   <div class='ocr_carea' id='block_1_21' title="bbox 682 2008 2241 2070">
    <p class='ocr_par' dir='ltr' id='par_1_21' title="bbox 682 2008 2241 2070">
     <span class='ocr_line' id='line_1_21' title="bbox 682 2008 2241 2070; baseline 0.005 -8"><span class='ocrx_word' id='word_1_125' title='bbox 682 2008 1166 2062; x_wconf 89' lang='lat' dir='ltr'><strong>commorabantur</strong></span> <span class='ocrx_word' id='word_1_126' title='bbox 1198 2008 1250 2062; x_wconf 92' lang='lat' dir='ltr'><strong>in</strong></span> <span class='ocrx_word' id='word_1_127' title='bbox 1282 2010 1655 2065; x_wconf 82' lang='lat' dir='ltr'><strong>tabernaculis</strong></span> <span class='ocrx_word' id='word_1_128' title='bbox 1686 2013 2099 2069; x_wconf 72' lang='lat' dir='ltr'><strong>fundamentum</strong></span> <span class='ocrx_word' id='word_1_129' title='bbox 2136 2032 2241 2070; x_wconf 86' lang='lat' dir='ltr'><strong>non</strong></span> 
     </span>
    </p>
   </div>
   <div class='ocr_carea' id='block_1_22' title="bbox 675 2097 2245 2174">
    <p class='ocr_par' dir='ltr' id='par_1_22' title="bbox 675 2097 2245 2174">
     <span class='ocr_line' id='line_1_22' title="bbox 675 2097 2245 2174; baseline 0.003 -22"><span class='ocrx_word' id='word_1_130' title='bbox 675 2098 1019 2163; x_wconf 79' lang='lat' dir='ltr'><strong>habentibus,</strong></span> <span class='ocrx_word' id='word_1_131' title='bbox 1036 2097 1178 2166; x_wconf 86' lang='lat' dir='ltr'><strong>quod</strong></span> <span class='ocrx_word' id='word_1_132' title='bbox 1197 2102 1585 2168; x_wconf 66' lang='lat' dir='ltr'><strong>eXSpectabant</strong></span> <span class='ocrx_word' id='word_1_133' title='bbox 1598 2104 1874 2157; x_wconf 72' lang='lat' dir='ltr'><strong>ctelestem</strong></span> <span class='ocrx_word' id='word_1_134' title='bbox 1896 2105 2109 2165; x_wconf 78' lang='lat' dir='ltr'><strong>urbem,</strong></span> <span class='ocrx_word' id='word_1_135' title='bbox 2126 2120 2245 2174; x_wconf 66' lang='lat' dir='ltr'><strong>qum</strong></span> 
     </span>
    </p>
   </div>
   <div class='ocr_carea' id='block_1_23' title="bbox 671 2189 2243 2262">
    <p class='ocr_par' dir='ltr' id='par_1_23' title="bbox 671 2189 2243 2262">
     <span class='ocr_line' id='line_1_23' title="bbox 671 2189 2243 2262; baseline 0.004 -19"><span class='ocrx_word' id='word_1_136' title='bbox 671 2204 803 2245; x_wconf 72' lang='lat' dir='ltr'><strong>vera</strong></span> <span class='ocrx_word' id='word_1_137' title='bbox 849 2189 1197 2247; x_wconf 85' lang='lat' dir='ltr'><strong>fundamenta</strong></span> <span class='ocrx_word' id='word_1_138' title='bbox 1236 2190 1453 2255; x_wconf 86' lang='lat' dir='ltr'><strong>habeat,</strong></span> <span class='ocrx_word' id='word_1_139' title='bbox 1485 2207 1607 2260; x_wconf 63' lang='lat' dir='ltr'><strong>quae</strong></span> <span class='ocrx_word' id='word_1_140' title='bbox 1648 2196 1862 2262; x_wconf 86' lang='lat' dir='ltr'><strong>semper</strong></span> <span class='ocrx_word' id='word_1_141' title='bbox 1916 2197 2243 2262; x_wconf 85' lang='lat' dir='ltr'><strong>consistant,</strong></span> 
     </span>
    </p>
   </div>
   <div class='ocr_carea' id='block_1_24' title="bbox 675 2280 2245 2353">
    <p class='ocr_par' dir='ltr' id='par_1_24' title="bbox 675 2280 2245 2353">
     <span class='ocr_line' id='line_1_24' title="bbox 675 2280 2245 2353; baseline 0.003 -18"><span class='ocrx_word' id='word_1_142' title='bbox 675 2296 858 2350; x_wconf 80' lang='lat' dir='ltr'><strong>neque</strong></span> <span class='ocrx_word' id='word_1_143' title='bbox 890 2295 1126 2349; x_wconf 86' lang='lat' dir='ltr'><strong>unquam</strong></span> <span class='ocrx_word' id='word_1_144' title='bbox 1178 2280 1419 2335; x_wconf 88' lang='lat' dir='ltr'><strong>marcida</strong></span> <span class='ocrx_word' id='word_1_145' title='bbox 1469 2280 1788 2336; x_wconf 85' lang='lat' dir='ltr'><strong>reddantur.</strong></span> <span class='ocrx_word' id='word_1_146' title='bbox 1862 2281 2151 2353; x_wconf 76' lang='lat' dir='ltr'><strong>Propterea</strong></span> <span class='ocrx_word' id='word_1_147' title='bbox 2192 2295 2245 2340; x_wconf 89' lang='lat' dir='ltr'><strong>et</strong></span> 
     </span>
    </p>
   </div>
   <div class='ocr_carea' id='block_1_25' title="bbox 672 2373 2235 2447">
    <p class='ocr_par' dir='ltr' id='par_1_25' title="bbox 672 2373 2235 2447">
     <span class='ocr_line' id='line_1_25' title="bbox 672 2373 2235 2447; baseline 0.002 -18"><span class='ocrx_word' id='word_1_148' title='bbox 672 2373 816 2430; x_wconf 79' lang='lat' dir='ltr'><strong>Deus</strong></span> <span class='ocrx_word' id='word_1_149' title='bbox 848 2373 1283 2429; x_wconf 87' lang='lat' dir='ltr'><strong>animadvertens</strong></span> <span class='ocrx_word' id='word_1_150' title='bbox 1322 2390 1417 2431; x_wconf 87' lang='lat' dir='ltr'><strong>eos</strong></span> <span class='ocrx_word' id='word_1_151' title='bbox 1484 2378 1767 2445; x_wconf 87' lang='lat' dir='ltr'><strong>aspernari</strong></span> <span class='ocrx_word' id='word_1_152' title='bbox 1803 2385 2047 2432; x_wconf 88' lang='lat' dir='ltr'><strong>terrenas</strong></span> <span class='ocrx_word' id='word_1_153' title='bbox 2100 2394 2235 2447; x_wconf 83' lang='lat' dir='ltr'><strong>pro-</strong></span> 
     </span>
    </p>
   </div>
   <div class='ocr_carea' id='block_1_26' title="bbox 672 2468 2212 2539">
    <p class='ocr_par' dir='ltr' id='par_1_26' title="bbox 672 2468 2212 2539">
     <span class='ocr_line' id='line_1_26' title="bbox 672 2468 2212 2539; baseline 0.002 -17"><span class='ocrx_word' id='word_1_154' title='bbox 672 2468 983 2529; x_wconf 83' lang='lat' dir='ltr'><strong>Iuissiones.</strong></span> <span class='ocrx_word' id='word_1_155' title='bbox 1016 2468 1231 2523; x_wconf 87' lang='lat' dir='ltr'><strong>distulit</strong></span> <span class='ocrx_word' id='word_1_156' title='bbox 1276 2483 1391 2531; x_wconf 89' lang='lat' dir='ltr'><strong>eas,</strong></span> <span class='ocrx_word' id='word_1_157' title='bbox 1438 2469 1675 2535; x_wconf 83' lang='lat' dir='ltr'><strong>majores</strong></span> <span class='ocrx_word' id='word_1_158' title='bbox 1708 2471 1845 2539; x_wconf 87' lang='lat' dir='ltr'><strong>ipsis</strong></span> <span class='ocrx_word' id='word_1_159' title='bbox 1898 2485 2212 2539; x_wconf 57' lang='lat' dir='ltr'><strong>praeparans</strong></span> 
     </span>
    </p>
   </div>
   <div class='ocr_carea' id='block_1_27' title="bbox 671 2557 2243 2629">
    <p class='ocr_par' dir='ltr' id='par_1_27' title="bbox 671 2557 2243 2629">
     <span class='ocr_line' id='line_1_27' title="bbox 671 2557 2243 2629; baseline 0.002 -18"><span class='ocrx_word' id='word_1_160' title='bbox 671 2567 861 2626; x_wconf 85' lang='lat' dir='ltr'><strong>utpote</strong></span> <span class='ocrx_word' id='word_1_161' title='bbox 907 2559 998 2627; x_wconf 89' lang='lat' dir='ltr'><strong>qui</strong></span> <span class='ocrx_word' id='word_1_162' title='bbox 1023 2558 1131 2612; x_wconf 88' lang='lat' dir='ltr'><strong>illis</strong></span> <span class='ocrx_word' id='word_1_163' title='bbox 1161 2557 1309 2627; x_wconf 80' lang='lat' dir='ltr'><strong>digni</strong></span> <span class='ocrx_word' id='word_1_164' title='bbox 1341 2568 1531 2623; x_wconf 89' lang='lat' dir='ltr'><strong>erant,</strong></span> <span class='ocrx_word' id='word_1_165' title='bbox 1595 2576 1715 2629; x_wconf 72' lang='lat' dir='ltr'><strong>qua:</strong></span> <span class='ocrx_word' id='word_1_166' title='bbox 1742 2561 1950 2615; x_wconf 79' lang='lat' dir='ltr'><strong>scilicet</strong></span> <span class='ocrx_word' id='word_1_167' title='bbox 1984 2561 2049 2613; x_wconf 89' lang='lat' dir='ltr'><strong>de</strong></span> <span class='ocrx_word' id='word_1_168' title='bbox 2081 2560 2243 2615; x_wconf 83' lang='lat' dir='ltr'><strong>rebus</strong></span> 
     </span>
    </p>
   </div>
   <div class='ocr_carea' id='block_1_28' title="bbox 671 2648 2241 2721">
    <p class='ocr_par' dir='ltr' id='par_1_28' title="bbox 671 2648 2241 2721">
     <span class='ocr_line' id='line_1_28' title="bbox 671 2648 2241 2721; baseline 0.001 -19"><span class='ocrx_word' id='word_1_169' title='bbox 671 2648 1029 2703; x_wconf 75' lang='lat' dir='ltr'><strong>terrestribus</strong></span> <span class='ocrx_word' id='word_1_170' title='bbox 1062 2663 1173 2703; x_wconf 90' lang='lat' dir='ltr'><strong>non</strong></span> <span class='ocrx_word' id='word_1_171' title='bbox 1228 2656 1404 2703; x_wconf 88' lang='lat' dir='ltr'><strong>erant.</strong></span> <span class='ocrx_word' id='word_1_172' title='bbox 1434 2648 1639 2704; x_wconf 84' lang='lat' dir='ltr'><strong>Deinde</strong></span> <span class='ocrx_word' id='word_1_173' title='bbox 1697 2651 1773 2704; x_wconf 83' lang='lat' dir='ltr'><strong>illi</strong></span> <span class='ocrx_word' id='word_1_174' title='bbox 1825 2652 2241 2721; x_wconf 85' lang='lat' dir='ltr'><strong>promissionem</strong></span> 
     </span>
    </p>
   </div>
   <div class='ocr_carea' id='block_1_29' title="bbox 670 2738 2242 2807">
    <p class='ocr_par' dir='ltr' id='par_1_29' title="bbox 670 2738 2242 2807">
     <span class='ocr_line' id='line_1_29' title="bbox 670 2738 2242 2807; baseline 0.003 -17"><span class='ocrx_word' id='word_1_175' title='bbox 670 2738 1012 2807; x_wconf 84' lang='lat' dir='ltr'><strong>terrestrium</strong></span> <span class='ocrx_word' id='word_1_176' title='bbox 1038 2738 1385 2805; x_wconf 85' lang='lat' dir='ltr'><strong>accipientes,</strong></span> <span class='ocrx_word' id='word_1_177' title='bbox 1417 2753 1534 2791; x_wconf 86' lang='lat' dir='ltr'><strong>eam</strong></span> <span class='ocrx_word' id='word_1_178' title='bbox 1576 2743 2021 2804; x_wconf 86' lang='lat' dir='ltr'><strong>contemnebant,</strong></span> <span class='ocrx_word' id='word_1_179' title='bbox 2049 2756 2111 2794; x_wconf 90' lang='lat' dir='ltr'><strong>ac</strong></span> <span class='ocrx_word' id='word_1_180' title='bbox 2133 2756 2242 2795; x_wconf 72' lang='lat' dir='ltr'><strong>cm-</strong></span> 
     </span>
    </p>
   </div>
   <div class='ocr_carea' id='block_1_30' title="bbox 672 2826 2241 2895">
    <p class='ocr_par' dir='ltr' id='par_1_30' title="bbox 672 2826 2241 2895">
     <span class='ocr_line' id='line_1_30' title="bbox 672 2826 2241 2895; baseline 0.004 -16"><span class='ocrx_word' id='word_1_181' title='bbox 672 2826 784 2879; x_wconf 87' lang='lat' dir='ltr'><strong>lmn</strong></span> <span class='ocrx_word' id='word_1_182' title='bbox 839 2826 1182 2895; x_wconf 82' lang='lat' dir='ltr'><strong>expetebant.</strong></span> <span class='ocrx_word' id='word_1_183' title='bbox 1251 2826 1358 2883; x_wconf 88' lang='lat' dir='ltr'><strong>Vos</strong></span> <span class='ocrx_word' id='word_1_184' title='bbox 1397 2838 1600 2893; x_wconf 85' lang='lat' dir='ltr'><strong>autem,</strong></span> <span class='ocrx_word' id='word_1_185' title='bbox 1662 2846 1692 2886; x_wconf 88' lang='grc' dir='ltr'>ο</span> <span class='ocrx_word' id='word_1_186' title='bbox 1744 2832 1947 2895; x_wconf 82' lang='lat' dir='ltr'><strong>fideles,</strong></span> <span class='ocrx_word' id='word_1_187' title='bbox 2025 2834 2241 2887; x_wconf 77' lang='lat' dir='ltr'><strong>caelesti</strong></span> 
     </span>
    </p>
   </div>
   <div class='ocr_carea' id='block_1_31' title="bbox 673 2916 2243 2993">
    <p class='ocr_par' dir='ltr' id='par_1_31' title="bbox 673 2916 2243 2993">
     <span class='ocr_line' id='line_1_31' title="bbox 673 2916 2243 2993; baseline 0.004 -23"><span class='ocrx_word' id='word_1_188' title='bbox 673 2916 1032 2983; x_wconf 86' lang='lat' dir='ltr'><strong>promissione</strong></span> <span class='ocrx_word' id='word_1_189' title='bbox 1126 2928 1369 2988; x_wconf 87' lang='lat' dir='ltr'><strong>accepta,</strong></span> <span class='ocrx_word' id='word_1_190' title='bbox 1450 2930 1649 2976; x_wconf 87' lang='lat' dir='ltr'><strong>terram</strong></span> <span class='ocrx_word' id='word_1_191' title='bbox 1728 2924 2027 2992; x_wconf 84' lang='lat' dir='ltr'><strong>expetitis:</strong></span> <span class='ocrx_word' id='word_1_192' title='bbox 2084 2924 2243 2993; x_wconf 84' lang='lat' dir='ltr'><strong>ecqui</strong></span> 
     </span>
    </p>
   </div>
   <div class='ocr_carea' id='block_1_32' title="bbox 671 3007 1291 3077">
    <p class='ocr_par' dir='ltr' id='par_1_32' title="bbox 671 3007 1291 3077">
     <span class='ocr_line' id='line_1_32' title="bbox 671 3007 1291 3077; baseline 0.008 -18"><span class='ocrx_word' id='word_1_193' title='bbox 671 3021 779 3059; x_wconf 78' lang='lat' dir='ltr'><strong>non</strong></span> <span class='ocrx_word' id='word_1_194' title='bbox 814 3007 933 3076; x_wconf 86' lang='lat' dir='ltr'><strong>ejus</strong></span> <span class='ocrx_word' id='word_1_195' title='bbox 960 3022 1057 3061; x_wconf 84' lang='lat' dir='ltr'><strong>vos</strong></span> <span class='ocrx_word' id='word_1_196' title='bbox 1086 3010 1291 3077; x_wconf 81' lang='lat' dir='ltr'><strong>pudet?</strong></span> 
     </span>
    </p>
   </div>
   <div class='ocr_carea' id='block_1_33' title="bbox 739 3092 2239 3189">
    <p class='ocr_par' dir='ltr' id='par_1_33' title="bbox 739 3092 2239 3189">
     <span class='ocr_line' id='line_1_33' title="bbox 739 3092 2239 3189; baseline 0.001 -17"><span class='ocrx_word' id='word_1_197' title='bbox 739 3116 905 3185; x_wconf 83' lang='lat' dir='ltr'><strong>Cujus</strong></span> <span class='ocrx_word' id='word_1_198' title='bbox 932 3118 1129 3186; x_wconf 74' lang='lat' dir='ltr'><strong>artifex</strong></span> <span class='ocrx_word' id='word_1_199' title='bbox 1153 3092 1493 3181; x_wconf 26' lang='lat' dir='ltr'><strong>et‘conditor</strong></span> <span class='ocrx_word' id='word_1_200' title='bbox 1554 3118 1712 3173; x_wconf 81' lang='lat' dir='ltr'><strong>Deus.</strong></span> <span class='ocrx_word' id='word_1_201' title='bbox 1761 3100 1937 3187; x_wconf 61' lang='lat' dir='ltr'><strong>Papae,</strong></span> <span class='ocrx_word' id='word_1_202' title='bbox 1977 3131 2239 3189; x_wconf 87' lang='lat' dir='ltr'><strong>quantum</strong></span> 
     </span>
    </p>
   </div>
   <div class='ocr_carea' id='block_1_34' title="bbox 2343 623 3872 694">
    <p class='ocr_par' dir='ltr' id='par_1_34' title="bbox 2343 623 3872 694">
     <span class='ocr_line' id='line_1_34' title="bbox 2343 623 3872 694; baseline 0.001 -19"><span class='ocrx_word' id='word_1_203' title='bbox 2343 623 2453 691; x_wconf 77' lang='grc' dir='ltr'>τῆς</span> <span class='ocrx_word' id='word_1_204' title='bbox 2484 625 2844 692; x_wconf 75' lang='grc' dir='ltr'><strong>ἐπαγγελίας</strong></span> <span class='ocrx_word' id='word_1_205' title='bbox 2870 626 2979 693; x_wconf 82' lang='grc' dir='ltr'>τῆς</span> <span class='ocrx_word' id='word_1_206' title='bbox 3006 626 3218 692; x_wconf 80' lang='grc' dir='ltr'>αὐτῆς.</span> <span class='ocrx_word' id='word_1_207' title='bbox 3278 627 3387 679; x_wconf 68' lang='grc' dir='ltr'><strong>Καὶ</strong></span> <span class='ocrx_word' id='word_1_208' title='bbox 3417 629 3446 680; x_wconf 83' lang='grc' dir='ltr'>ὁ</span> <span class='ocrx_word' id='word_1_209' title='bbox 3487 626 3694 691; x_wconf 73' lang='grc' dir='ltr'>Ἰσαὰκ,</span> <span class='ocrx_word' id='word_1_210' title='bbox 3740 630 3872 694; x_wconf 65' lang='grc' dir='ltr'>φησὶ,</span> 
     </span>
    </p>
   </div>
   <div class='ocr_carea' id='block_1_35' title="bbox 2342 714 3872 788">
    <p class='ocr_par' dir='ltr' id='par_1_35' title="bbox 2342 714 3872 788">
     <span class='ocr_line' id='line_1_35' title="bbox 2342 714 3872 788; baseline 0.002 -22"><span class='ocrx_word' id='word_1_211' title='bbox 2342 716 2434 766; x_wconf 50' lang='grc' dir='ltr'><strong>καὶ⁹</strong></span> <span class='ocrx_word' id='word_1_212' title='bbox 2462 715 2698 769; x_wconf 82' lang='grc' dir='ltr'><strong>ὁΊακὼϐ</strong></span> <span class='ocrx_word' id='word_1_213' title='bbox 2727 715 2868 770; x_wconf 77' lang='grc' dir='ltr'><strong>οὕτω</strong></span> <span class='ocrx_word' id='word_1_214' title='bbox 2900 718 3102 786; x_wconf 83' lang='grc' dir='ltr'>ταύτην</span> <span class='ocrx_word' id='word_1_215' title='bbox 3135 718 3464 788; x_wconf 85' lang='grc' dir='ltr'><strong>κατῴκησαν</strong></span> <span class='ocrx_word' id='word_1_216' title='bbox 3486 714 3559 780; x_wconf 67' lang='grc' dir='ltr'>ὡς</span> <span class='ocrx_word' id='word_1_217' title='bbox 3591 719 3872 788; x_wconf 79' lang='grc' dir='ltr'>ἀλλοτρίαν.</span> 
     </span>
    </p>
   </div>
   <div class='ocr_carea' id='block_1_36' title="bbox 2354 805 3875 878">
    <p class='ocr_par' dir='ltr' id='par_1_36' title="bbox 2354 805 3875 878">
     <span class='ocr_line' id='line_1_36' title="bbox 2354 805 3875 878; baseline 0.003 -22"><span class='ocrx_word' id='word_1_218' title='bbox 2354 805 2413 856; x_wconf 79' lang='grc'><strong>’0</strong></span> <span class='ocrx_word' id='word_1_219' title='bbox 2448 806 2747 872; x_wconf 75' lang='grc' dir='ltr'>μὲνἸσαὰκ</span> <span class='ocrx_word' id='word_1_220' title='bbox 2783 808 3144 878; x_wconf 74' lang='grc' dir='ltr'><strong>φθονούμενος</strong></span> <span class='ocrx_word' id='word_1_221' title='bbox 3177 811 3280 861; x_wconf 69' lang='grc' dir='ltr'><strong>ὑπὸ</strong></span> <span class='ocrx_word' id='word_1_222' title='bbox 3304 810 3411 862; x_wconf 83' lang='grc' dir='ltr'>τῶν</span> <span class='ocrx_word' id='word_1_223' title='bbox 3434 810 3770 872; x_wconf 80' lang='grc' dir='ltr'>Φιλισταίων,</span> <span class='ocrx_word' id='word_1_224' title='bbox 3799 810 3875 861; x_wconf 76' lang='grc' dir='ltr'>καὶ</span> 
     </span>
    </p>
   </div>
   <div class='ocr_carea' id='block_1_37' title="bbox 2326 898 3873 969">
    <p class='ocr_par' dir='ltr' id='par_1_37' title="bbox 2326 898 3873 969">
     <span class='ocr_line' id='line_1_37' title="bbox 2326 898 3873 969; baseline 0.001 -21"><span class='ocrx_word' id='word_1_225' title='bbox 2326 898 2741 967; x_wconf 60' lang='grc' dir='ltr'>ἀφαιρούμενος</span> <span class='ocrx_word' id='word_1_226' title='bbox 2772 900 2839 951; x_wconf 82' lang='grc' dir='ltr'>τὰ</span> <span class='ocrx_word' id='word_1_227' title='bbox 2870 901 3089 969; x_wconf 61' lang='grc' dir='ltr'>φρέατα»</span> <span class='ocrx_word' id='word_1_228' title='bbox 3126 900 3230 953; x_wconf 79' lang='grc' dir='ltr'><strong>ὑπὸ</strong></span> <span class='ocrx_word' id='word_1_229' title='bbox 3281 900 3389 953; x_wconf 83' lang='grc' dir='ltr'>τῶν</span> <span class='ocrx_word' id='word_1_230' title='bbox 3419 903 3547 969; x_wconf 76' lang='grc' dir='ltr'>περὶ</span> <span class='ocrx_word' id='word_1_231' title='bbox 3593 900 3873 968; x_wconf 72' lang='grc' dir='ltr'><strong>’Λῦιμὲ).εχ,</strong></span> 
     </span>
    </p>
   </div>
   <div class='ocr_carea' id='block_1_38' title="bbox 2345 987 3877 1059">
    <p class='ocr_par' dir='ltr' id='par_1_38' title="bbox 2345 987 3877 1059">
     <span class='ocr_line' id='line_1_38' title="bbox 2345 987 3877 1059; baseline 0.002 -21"><span class='ocrx_word' id='word_1_232' title='bbox 2345 987 2436 1038; x_wconf 79' lang='grc' dir='ltr'>καὶ</span> <span class='ocrx_word' id='word_1_233' title='bbox 2466 988 2564 1055; x_wconf 76' lang='grc' dir='ltr'>τὴν</span> <span class='ocrx_word' id='word_1_234' title='bbox 2595 991 2827 1054; x_wconf 74' lang='grc' dir='ltr'>γυναῖκα</span> <span class='ocrx_word' id='word_1_235' title='bbox 2858 990 3048 1059; x_wconf 83' lang='grc' dir='ltr'>αὐτὴν,</span> <span class='ocrx_word' id='word_1_236' title='bbox 3087 990 3180 1043; x_wconf 74' lang='grc' dir='ltr'>καὶ</span> <span class='ocrx_word' id='word_1_237' title='bbox 3232 991 3420 1044; x_wconf 80' lang='grc' dir='ltr'>ἄλλοτε</span> <span class='ocrx_word' id='word_1_238' title='bbox 3447 993 3526 1051; x_wconf 79' lang='grc' dir='ltr'><strong>είς</strong></span> <span class='ocrx_word' id='word_1_239' title='bbox 3559 990 3715 1043; x_wconf 78' lang='grc' dir='ltr'>ἄλλον</span> <span class='ocrx_word' id='word_1_240' title='bbox 3737 991 3877 1042; x_wconf 79' lang='grc' dir='ltr'>τόπον</span> 
     </span>
    </p>
   </div>
   <div class='ocr_carea' id='block_1_39' title="bbox 2345 1062 3879 1148">
    <p class='ocr_par' dir='ltr' id='par_1_39' title="bbox 2345 1062 3879 1148">
     <span class='ocr_line' id='line_1_39' title="bbox 2345 1062 3879 1148; baseline 0.004 -22"><span class='ocrx_word' id='word_1_241' title='bbox 2345 1062 2706 1143; x_wconf 55' lang='grc' dir='ltr'>μεταϐαίνων,</span> <span class='ocrx_word' id='word_1_242' title='bbox 2726 1077 2784 1128; x_wconf 87' lang='lat'><strong>&#39;0</strong></span> <span class='ocrx_word' id='word_1_243' title='bbox 2810 1077 2866 1129; x_wconf 83' lang='grc' dir='ltr'>δὲ</span> <span class='ocrx_word' id='word_1_244' title='bbox 2904 1078 3122 1145; x_wconf 81' lang='grc' dir='ltr'>Ἰακὼ6,</span> <span class='ocrx_word' id='word_1_245' title='bbox 3163 1080 3224 1131; x_wconf 85' lang='grc' dir='ltr'>οὐ</span> <span class='ocrx_word' id='word_1_246' title='bbox 3260 1080 3415 1144; x_wconf 74' lang='grc' dir='ltr'>μόνον</span> <span class='ocrx_word' id='word_1_247' title='bbox 3443 1080 3517 1143; x_wconf 84' lang='grc' dir='ltr'>ὡς</span> <span class='ocrx_word' id='word_1_248' title='bbox 3551 1080 3879 1148; x_wconf 73' lang='grc' dir='ltr'><strong>ἐλαυνόμενος</strong></span> 
     </span>
    </p>
   </div>
   <div class='ocr_carea' id='block_1_40' title="bbox 2318 1165 3880 1244">
    <p class='ocr_par' dir='ltr' id='par_1_40' title="bbox 2318 1165 3880 1244">
     <span class='ocr_line' id='line_1_40' title="bbox 2318 1165 3880 1244; baseline 0.004 -29"><span class='ocrx_word' id='word_1_249' title='bbox 2318 1165 2446 1244; x_wconf 35' lang='grc' dir='ltr'>,ὑπὸ</span> <span class='ocrx_word' id='word_1_250' title='bbox 2474 1166 2566 1218; x_wconf 83' lang='grc' dir='ltr'>τοῦ</span> <span class='ocrx_word' id='word_1_251' title='bbox 2604 1166 2769 1235; x_wconf 76' lang='grc' dir='ltr'>φόϐου</span> <span class='ocrx_word' id='word_1_252' title='bbox 2827 1168 2919 1220; x_wconf 82' lang='grc' dir='ltr'>τοῦ</span> <span class='ocrx_word' id='word_1_253' title='bbox 2960 1169 3154 1231; x_wconf 77' lang='grc' dir='ltr'>Ἠσαῦ,</span> <span class='ocrx_word' id='word_1_254' title='bbox 3213 1169 3327 1221; x_wconf 81' lang='grc' dir='ltr'>ἀλλ’</span> <span class='ocrx_word' id='word_1_255' title='bbox 3382 1170 3463 1222; x_wconf 84' lang='grc' dir='ltr'>ὅτι</span> <span class='ocrx_word' id='word_1_256' title='bbox 3525 1173 3620 1223; x_wconf 71' lang='grc' dir='ltr'>καὶ</span> <span class='ocrx_word' id='word_1_257' title='bbox 3673 1171 3771 1221; x_wconf 75' lang='grc' dir='ltr'><strong>ἀπὸ</strong></span> <span class='ocrx_word' id='word_1_258' title='bbox 3796 1170 3880 1237; x_wconf 80' lang='grc' dir='ltr'>τῆς</span> 
     </span>
    </p>
   </div>
   <div class='ocr_carea' id='block_1_41' title="bbox 2345 1258 3883 1329">
    <p class='ocr_par' dir='ltr' id='par_1_41' title="bbox 2345 1258 3883 1329">
     <span class='ocr_line' id='line_1_41' title="bbox 2345 1258 3883 1329; baseline 0.002 -20"><span class='ocrx_word' id='word_1_259' title='bbox 2345 1259 2773 1328; x_wconf 76' lang='grc' dir='ltr'>Μεσοποταμίας</span> <span class='ocrx_word' id='word_1_260' title='bbox 2808 1258 3068 1320; x_wconf 85' lang='grc' dir='ltr'>ἀνελθὼν.</span> <span class='ocrx_word' id='word_1_261' title='bbox 3105 1260 3416 1329; x_wconf 78' lang='grc' dir='ltr'><strong>ἐξωνήσατο</strong></span> <span class='ocrx_word' id='word_1_262' title='bbox 3441 1260 3533 1314; x_wconf 79' lang='grc' dir='ltr'>τὸν</span> <span class='ocrx_word' id='word_1_263' title='bbox 3559 1261 3740 1322; x_wconf 83' lang='grc' dir='ltr'>τόπον,</span> <span class='ocrx_word' id='word_1_264' title='bbox 3772 1260 3883 1313; x_wconf 76' lang='grc' dir='ltr'>ἔνθα</span> 
     </span>
    </p>
   </div>
   <div class='ocr_carea' id='block_1_42' title="bbox 2347 1347 3885 1420">
    <p class='ocr_par' dir='ltr' id='par_1_42' title="bbox 2347 1347 3885 1420">
     <span class='ocr_line' id='line_1_42' title="bbox 2347 1347 3885 1420; baseline 0.001 -22"><span class='ocrx_word' id='word_1_265' title='bbox 2347 1347 2540 1416; x_wconf 79' lang='grc' dir='ltr'>ἔστησε</span> <span class='ocrx_word' id='word_1_266' title='bbox 2568 1348 2663 1417; x_wconf 86' lang='grc' dir='ltr'>τὴν</span> <span class='ocrx_word' id='word_1_267' title='bbox 2696 1351 2899 1420; x_wconf 84' lang='grc' dir='ltr'>σκηνήν</span> <span class='ocrx_word' id='word_1_268' title='bbox 2920 1364 2936 1381; x_wconf 85' lang='lat'><strong><em>°</em></strong></span> <span class='ocrx_word' id='word_1_269' title='bbox 2971 1351 3065 1403; x_wconf 77' lang='grc' dir='ltr'>καὶ</span> <span class='ocrx_word' id='word_1_270' title='bbox 3098 1348 3191 1403; x_wconf 84' lang='grc' dir='ltr'>νῦν</span> <span class='ocrx_word' id='word_1_271' title='bbox 3219 1351 3317 1419; x_wconf 76' lang='grc' dir='ltr'>μὲν</span> <span class='ocrx_word' id='word_1_272' title='bbox 3355 1351 3434 1413; x_wconf 82' lang='grc' dir='ltr'><strong>είς</strong></span> <span class='ocrx_word' id='word_1_273' title='bbox 3458 1349 3685 1419; x_wconf 82' lang='grc' dir='ltr'>Βαιθὴλ,</span> <span class='ocrx_word' id='word_1_274' title='bbox 3719 1348 3804 1400; x_wconf 77' lang='grc' dir='ltr'><strong>νῦν</strong></span> <span class='ocrx_word' id='word_1_275' title='bbox 3831 1348 3885 1400; x_wconf 67' lang='grc' dir='ltr'><strong>δέ</strong></span> 
     </span>
    </p>
   </div>
   <div class='ocr_carea' id='block_1_43' title="bbox 2344 1438 3883 1510">
    <p class='ocr_par' dir='ltr' id='par_1_43' title="bbox 2344 1438 3883 1510">
     <span class='ocr_line' id='line_1_43' title="bbox 2344 1438 3883 1510; baseline 0.003 -22"><span class='ocrx_word' id='word_1_276' title='bbox 2344 1440 2421 1498; x_wconf 82' lang='grc' dir='ltr'><strong>είς</strong></span> <span class='ocrx_word' id='word_1_277' title='bbox 2490 1438 2732 1508; x_wconf 77' lang='grc' dir='ltr'>Ἐιρραθὰ</span> <span class='ocrx_word' id='word_1_278' title='bbox 2794 1440 3155 1510; x_wconf 78' lang='grc' dir='ltr'>μετέϐαινεν,</span> <span class='ocrx_word' id='word_1_279' title='bbox 3212 1439 3459 1493; x_wconf 80' lang='grc' dir='ltr'>ἀστατῶν</span> <span class='ocrx_word' id='word_1_280' title='bbox 3498 1439 3573 1501; x_wconf 85' lang='grc' dir='ltr'>ὡς</span> <span class='ocrx_word' id='word_1_281' title='bbox 3626 1439 3883 1509; x_wconf 67' lang='grc' dir='ltr'>πάροικος.</span> 
     </span>
    </p>
   </div>
   <div class='ocr_carea' id='block_1_44' title="bbox 2345 1526 3887 1600">
    <p class='ocr_par' dir='ltr' id='par_1_44' title="bbox 2345 1526 3887 1600">
     <span class='ocr_line' id='line_1_44' title="bbox 2345 1526 3887 1600; baseline 0.001 -21"><span class='ocrx_word' id='word_1_282' title='bbox 2345 1528 2605 1596; x_wconf 79' lang='grc' dir='ltr'>Καίτοιγε</span> <span class='ocrx_word' id='word_1_283' title='bbox 2659 1532 2753 1583; x_wconf 79' lang='grc' dir='ltr'>καὶ</span> <span class='ocrx_word' id='word_1_284' title='bbox 2798 1531 2962 1583; x_wconf 72' lang='grc' dir='ltr'>αὐτοὶ</span> <span class='ocrx_word' id='word_1_285' title='bbox 2999 1530 3325 1600; x_wconf 83' lang='grc' dir='ltr'>κληρονόμοι</span> <span class='ocrx_word' id='word_1_286' title='bbox 3364 1526 3505 1599; x_wconf 82' lang='grc' dir='ltr'>ἦσαν</span> <span class='ocrx_word' id='word_1_287' title='bbox 3538 1530 3637 1596; x_wconf 77' lang='grc' dir='ltr'>τῆς</span> <span class='ocrx_word' id='word_1_288' title='bbox 3667 1532 3887 1597; x_wconf 81' lang='grc' dir='ltr'>ἐπαγγε-</span> 
     </span>
    </p>
   </div>
   <div class='ocr_carea' id='block_1_45' title="bbox 2343 1618 3889 1692">
    <p class='ocr_par' dir='ltr' id='par_1_45' title="bbox 2343 1618 3889 1692">
     <span class='ocr_line' id='line_1_45' title="bbox 2343 1618 3889 1692; baseline 0 -20"><span class='ocrx_word' id='word_1_289' title='bbox 2343 1620 2481 1686; x_wconf 85' lang='grc' dir='ltr'>λίας,</span> <span class='ocrx_word' id='word_1_290' title='bbox 2518 1621 2593 1681; x_wconf 78' lang='grc' dir='ltr'>ὠς</span> <span class='ocrx_word' id='word_1_291' title='bbox 2618 1624 2710 1673; x_wconf 76' lang='grc' dir='ltr'>καὶ</span> <span class='ocrx_word' id='word_1_292' title='bbox 2746 1622 2773 1672; x_wconf 84' lang='grc' dir='ltr'>ὁ</span> <span class='ocrx_word' id='word_1_293' title='bbox 2806 1625 3005 1692; x_wconf 81' lang='grc' dir='ltr'>πατήρ.</span> <span class='ocrx_word' id='word_1_294' title='bbox 3035 1623 3125 1675; x_wconf 73' lang='grc' dir='ltr'><strong>Σοὶ</strong></span> <span class='ocrx_word' id='word_1_295' title='bbox 3163 1622 3272 1690; x_wconf 80' lang='grc' dir='ltr'>γὰρ</span> <span class='ocrx_word' id='word_1_296' title='bbox 3298 1621 3456 1674; x_wconf 81' lang='grc' dir='ltr'>δώσω</span> <span class='ocrx_word' id='word_1_297' title='bbox 3482 1621 3680 1690; x_wconf 78' lang='grc' dir='ltr'>αὐτὴν,</span> <span class='ocrx_word' id='word_1_298' title='bbox 3713 1620 3799 1674; x_wconf 77' lang='grc' dir='ltr'>καὶ</span> <span class='ocrx_word' id='word_1_299' title='bbox 3818 1618 3889 1689; x_wconf 73' lang='grc' dir='ltr'>τῷ</span> 
     </span>
    </p>
   </div>
   <div class='ocr_carea' id='block_1_46' title="bbox 2346 1713 3628 1783">
    <p class='ocr_par' dir='ltr' id='par_1_46' title="bbox 2346 1713 3628 1783">
     <span class='ocr_line' id='line_1_46' title="bbox 2346 1713 3628 1783; baseline -0.001 -17"><span class='ocrx_word' id='word_1_300' title='bbox 2346 1713 2618 1783; x_wconf 77' lang='grc' dir='ltr'>σπέρματί</span> <span class='ocrx_word' id='word_1_301' title='bbox 2651 1731 2766 1768; x_wconf 90' lang='grc' dir='ltr'>σου.</span> <span class='ocrx_word' id='word_1_302' title='bbox 2814 1713 2956 1765; x_wconf 82' lang='grc' dir='ltr'>Ἀλλ’</span> <span class='ocrx_word' id='word_1_303' title='bbox 2987 1714 3134 1783; x_wconf 81' lang='grc' dir='ltr'>ὅμως</span> <span class='ocrx_word' id='word_1_304' title='bbox 3165 1714 3265 1766; x_wconf 81' lang='grc' dir='ltr'><strong>οὐκ</strong></span> <span class='ocrx_word' id='word_1_305' title='bbox 3296 1713 3628 1783; x_wconf 70' lang='grc' dir='ltr'>ἠπίστησαν.</span> 
     </span>
    </p>
   </div>
   <div class='ocr_carea' id='block_1_47' title="bbox 2430 1823 3893 1897">
    <p class='ocr_par' dir='ltr' id='par_1_47' title="bbox 2430 1823 3893 1897">
     <span class='ocr_line' id='line_1_47' title="bbox 2430 1823 3893 1897; baseline 0.002 -23"><span class='ocrx_word' id='word_1_306' title='bbox 2430 1823 2770 1891; x_wconf 78' lang='grc' dir='ltr'><strong>Ἐξεδέχετο</strong></span> <span class='ocrx_word' id='word_1_307' title='bbox 2821 1825 2930 1897; x_wconf 77' lang='grc' dir='ltr'><strong>γὰρ</strong></span> <span class='ocrx_word' id='word_1_308' title='bbox 2961 1825 3075 1891; x_wconf 77' lang='grc' dir='ltr'><strong>τὴν</strong></span> <span class='ocrx_word' id='word_1_309' title='bbox 3120 1824 3263 1890; x_wconf 85' lang='grc' dir='ltr'>τοὺς</span> <span class='ocrx_word' id='word_1_310' title='bbox 3294 1828 3611 1895; x_wconf 69' lang='grc' dir='ltr'>θεμελίους</span> <span class='ocrx_word' id='word_1_311' title='bbox 3642 1826 3893 1895; x_wconf 76' lang='grc' dir='ltr'>ἔχουσαν</span> 
     </span>
    </p>
   </div>
   <div class='ocr_carea' id='block_1_48' title="bbox 2344 1911 3892 1982">
    <p class='ocr_par' dir='ltr' id='par_1_48' title="bbox 2344 1911 3892 1982">
     <span class='ocr_line' id='line_1_48' title="bbox 2344 1911 3892 1982; baseline 0.001 -20"><span class='ocrx_word' id='word_1_312' title='bbox 2344 1912 2542 1965; x_wconf 73' lang='grc' dir='ltr'>πόλιν.</span> <span class='ocrx_word' id='word_1_313' title='bbox 2580 1913 2677 1963; x_wconf 78' lang='grc' dir='ltr'>Διὰ</span> <span class='ocrx_word' id='word_1_314' title='bbox 2702 1911 2877 1978; x_wconf 77' lang='grc' dir='ltr'>τοῦτο,</span> <span class='ocrx_word' id='word_1_315' title='bbox 2911 1916 3066 1982; x_wconf 78' lang='grc' dir='ltr'>φησὶ,</span> <span class='ocrx_word' id='word_1_316' title='bbox 3103 1914 3203 1982; x_wconf 83' lang='grc' dir='ltr'>τὴν</span> <span class='ocrx_word' id='word_1_317' title='bbox 3225 1914 3329 1982; x_wconf 83' lang='grc' dir='ltr'>γῆν</span> <span class='ocrx_word' id='word_1_318' title='bbox 3357 1913 3651 1981; x_wconf 80' lang='grc' dir='ltr'>παρῴκουν</span> <span class='ocrx_word' id='word_1_319' title='bbox 3685 1915 3739 1965; x_wconf 88' lang='grc' dir='ltr'><strong>ἐν</strong></span> <span class='ocrx_word' id='word_1_320' title='bbox 3768 1926 3892 1979; x_wconf 79' lang='grc' dir='ltr'><strong>σκη-</strong></span> 
     </span>
    </p>
   </div>
   <div class='ocr_carea' id='block_1_49' title="bbox 2343 1998 3894 2069">
    <p class='ocr_par' dir='ltr' id='par_1_49' title="bbox 2343 1998 3894 2069">
     <span class='ocr_line' id='line_1_49' title="bbox 2343 1998 3894 2069; baseline 0.001 -19"><span class='ocrx_word' id='word_1_321' title='bbox 2343 2002 2482 2061; x_wconf 88' lang='grc' dir='ltr'>ναῖς,</span> <span class='ocrx_word' id='word_1_322' title='bbox 2514 1999 2567 2049; x_wconf 84' lang='grc' dir='ltr'>αἳ</span> <span class='ocrx_word' id='word_1_323' title='bbox 2598 1998 2844 2066; x_wconf 79' lang='grc' dir='ltr'>θεμέλιον</span> <span class='ocrx_word' id='word_1_324' title='bbox 2874 2002 2973 2052; x_wconf 86' lang='grc' dir='ltr'>οὐκ</span> <span class='ocrx_word' id='word_1_325' title='bbox 3006 2000 3187 2068; x_wconf 80' lang='grc' dir='ltr'>ἔχουσι</span> <span class='ocrx_word' id='word_1_326' title='bbox 3208 2002 3250 2033; x_wconf 86' lang='grc'>⁸¹</span> <span class='ocrx_word' id='word_1_327' title='bbox 3278 2041 3292 2065; x_wconf 88' lang='grc'><strong>,</strong></span> <span class='ocrx_word' id='word_1_328' title='bbox 3316 2001 3450 2067; x_wconf 74' lang='grc' dir='ltr'>διότι</span> <span class='ocrx_word' id='word_1_329' title='bbox 3484 2000 3781 2069; x_wconf 78' lang='grc' dir='ltr'>ἐξεδέχοντο</span> <span class='ocrx_word' id='word_1_330' title='bbox 3802 2000 3894 2068; x_wconf 78' lang='grc' dir='ltr'>τὴν</span> 
     </span>
    </p>
   </div>
   <div class='ocr_carea' id='block_1_50' title="bbox 2286 2087 3889 2159">
    <p class='ocr_par' dir='ltr' id='par_1_50' title="bbox 2286 2087 3889 2159">
     <span class='ocr_line' id='line_1_50' title="bbox 2286 2087 3889 2159; baseline 0.001 -20"><span class='ocrx_word' id='word_1_331' title='bbox 2286 2112 2290 2117; x_wconf 91' lang='grc'>·</span> <span class='ocrx_word' id='word_1_332' title='bbox 2326 2088 2593 2155; x_wconf 75' lang='grc' dir='ltr'>οὐράνιον</span> <span class='ocrx_word' id='word_1_333' title='bbox 2624 2087 2797 2152; x_wconf 75' lang='grc' dir='ltr'>πόλιν,</span> <span class='ocrx_word' id='word_1_334' title='bbox 2826 2089 2950 2158; x_wconf 75' lang='grc' dir='ltr'>ἥτις</span> <span class='ocrx_word' id='word_1_335' title='bbox 2981 2089 3266 2159; x_wconf 81' lang='grc' dir='ltr'>ἀληθινοὺς</span> <span class='ocrx_word' id='word_1_336' title='bbox 3302 2088 3417 2158; x_wconf 74' lang='grc' dir='ltr'>ἔχει</span> <span class='ocrx_word' id='word_1_337' title='bbox 3463 2089 3763 2158; x_wconf 77' lang='grc' dir='ltr'><strong>θεμελίους,</strong></span> <span class='ocrx_word' id='word_1_338' title='bbox 3813 2090 3889 2141; x_wconf 54' lang='lat' dir='ltr'><strong>hei</strong></span> 
     </span>
    </p>
   </div>
   <div class='ocr_carea' id='block_1_51' title="bbox 2343 2179 3895 2250">
    <p class='ocr_par' dir='ltr' id='par_1_51' title="bbox 2343 2179 3895 2250">
     <span class='ocr_line' id='line_1_51' title="bbox 2343 2179 3895 2250; baseline 0.003 -21"><span class='ocrx_word' id='word_1_339' title='bbox 2343 2179 2606 2241; x_wconf 79' lang='grc' dir='ltr'><strong>ἑστῶτας,</strong></span> <span class='ocrx_word' id='word_1_340' title='bbox 2657 2179 2752 2233; x_wconf 70' lang='grc' dir='ltr'>καῖ</span> <span class='ocrx_word' id='word_1_341' title='bbox 2815 2180 3085 2250; x_wconf 86' lang='grc' dir='ltr'>μηδέποτε</span> <span class='ocrx_word' id='word_1_342' title='bbox 3138 2179 3564 2250; x_wconf 84' lang='grc' dir='ltr'>σαθρουμένους.</span> <span class='ocrx_word' id='word_1_343' title='bbox 3599 2181 3689 2232; x_wconf 73' lang='grc' dir='ltr'>Διδ</span> <span class='ocrx_word' id='word_1_344' title='bbox 3724 2180 3811 2233; x_wconf 75' lang='grc' dir='ltr'>καὶ</span> <span class='ocrx_word' id='word_1_345' title='bbox 3868 2182 3895 2233; x_wconf 83' lang='grc' dir='ltr'>ὁ</span> 
     </span>
    </p>
   </div>
   <div class='ocr_carea' id='block_1_52' title="bbox 2342 2268 3895 2341">
    <p class='ocr_par' dir='ltr' id='par_1_52' title="bbox 2342 2268 3895 2341">
     <span class='ocr_line' id='line_1_52' title="bbox 2342 2268 3895 2341; baseline 0.001 -20"><span class='ocrx_word' id='word_1_346' title='bbox 2342 2269 2475 2331; x_wconf 74' lang='grc' dir='ltr'>Θεὸς</span> <span class='ocrx_word' id='word_1_347' title='bbox 2511 2268 2653 2339; x_wconf 87' lang='grc' dir='ltr'>ὀρῶν</span> <span class='ocrx_word' id='word_1_348' title='bbox 2695 2269 2893 2332; x_wconf 79' lang='grc' dir='ltr'>αὐτοὺς</span> <span class='ocrx_word' id='word_1_349' title='bbox 2927 2270 3402 2340; x_wconf 81' lang='grc' dir='ltr'><strong>καταφρονοῦντας</strong></span> <span class='ocrx_word' id='word_1_350' title='bbox 3438 2270 3548 2323; x_wconf 86' lang='grc' dir='ltr'>τῶν</span> <span class='ocrx_word' id='word_1_351' title='bbox 3574 2272 3781 2341; x_wconf 77' lang='grc' dir='ltr'>γηΐνων</span> <span class='ocrx_word' id='word_1_352' title='bbox 3808 2273 3895 2322; x_wconf 84' lang='grc' dir='ltr'>ἐπ-</span> 
     </span>
    </p>
   </div>
   <div class='ocr_carea' id='block_1_53' title="bbox 2350 2362 3895 2433">
    <p class='ocr_par' dir='ltr' id='par_1_53' title="bbox 2350 2362 3895 2433">
     <span class='ocr_line' id='line_1_53' title="bbox 2350 2362 3895 2433; baseline 0 -16"><span class='ocrx_word' id='word_1_353' title='bbox 2350 2362 2637 2430; x_wconf 81' lang='grc' dir='ltr'>αγγελιῶν,</span> <span class='ocrx_word' id='word_1_354' title='bbox 2691 2364 2984 2417; x_wconf 78' lang='grc' dir='ltr'>ἀνεϐάλετο</span> <span class='ocrx_word' id='word_1_355' title='bbox 3031 2363 3252 2429; x_wconf 80' lang='grc' dir='ltr'>ταύτας,</span> <span class='ocrx_word' id='word_1_356' title='bbox 3282 2365 3382 2426; x_wconf 82' lang='grc' dir='ltr'>τὰς</span> <span class='ocrx_word' id='word_1_357' title='bbox 3416 2364 3637 2433; x_wconf 76' lang='grc' dir='ltr'>μείζους</span> <span class='ocrx_word' id='word_1_358' title='bbox 3668 2364 3895 2426; x_wconf 60' lang='lat' dir='ltr'><strong>comic“</strong></span> 
     </span>
    </p>
   </div>
   <div class='ocr_carea' id='block_1_54' title="bbox 2346 2454 3892 2526">
    <p class='ocr_par' dir='ltr' id='par_1_54' title="bbox 2346 2454 3892 2526">
     <span class='ocr_line' id='line_1_54' title="bbox 2346 2454 3892 2526; baseline 0.002 -21"><span class='ocrx_word' id='word_1_359' title='bbox 2346 2454 2671 2523; x_wconf 76' lang='grc' dir='ltr'>ἐτοιμάζων,</span> <span class='ocrx_word' id='word_1_360' title='bbox 2726 2455 2801 2516; x_wconf 85' lang='grc' dir='ltr'>ὼς</span> <span class='ocrx_word' id='word_1_361' title='bbox 2845 2455 3069 2507; x_wconf 77' lang='grc' dir='ltr'>ἐκείνων</span> <span class='ocrx_word' id='word_1_362' title='bbox 3130 2456 3322 2521; x_wconf 72' lang='grc' dir='ltr'>ἀξίοις,</span> <span class='ocrx_word' id='word_1_363' title='bbox 3376 2457 3436 2509; x_wconf 85' lang='grc' dir='ltr'>οὐ</span> <span class='ocrx_word' id='word_1_364' title='bbox 3507 2458 3616 2508; x_wconf 80' lang='grc' dir='ltr'>τῶν</span> <span class='ocrx_word' id='word_1_365' title='bbox 3659 2458 3754 2526; x_wconf 76' lang='grc' dir='ltr'>τῆς</span> <span class='ocrx_word' id='word_1_366' title='bbox 3778 2454 3892 2523; x_wconf 85' lang='grc' dir='ltr'>γῆς.</span> 
     </span>
    </p>
   </div>
   <div class='ocr_carea' id='block_1_55' title="bbox 2345 2540 3897 2617">
    <p class='ocr_par' dir='ltr' id='par_1_55' title="bbox 2345 2540 3897 2617">
     <span class='ocr_line' id='line_1_55' title="bbox 2345 2540 3897 2617; baseline 0.001 -22"><span class='ocrx_word' id='word_1_367' title='bbox 2345 2540 2478 2596; x_wconf 84' lang='grc' dir='ltr'>Εἶτα</span> <span class='ocrx_word' id='word_1_368' title='bbox 2526 2546 2723 2596; x_wconf 81' lang='grc' dir='ltr'>ἐκεῖνοι</span> <span class='ocrx_word' id='word_1_369' title='bbox 2782 2546 2883 2612; x_wconf 84' lang='grc' dir='ltr'><strong>γῆς</strong></span> <span class='ocrx_word' id='word_1_370' title='bbox 2937 2546 3270 2613; x_wconf 79' lang='grc' dir='ltr'>ἐπαγγελίαν</span> <span class='ocrx_word' id='word_1_371' title='bbox 3329 2547 3720 2617; x_wconf 76' lang='grc' dir='ltr'>λαμϐάνοντες,</span> <span class='ocrx_word' id='word_1_372' title='bbox 3775 2564 3897 2600; x_wconf 84' lang='grc' dir='ltr'>κατ-</span> 
     </span>
    </p>
   </div>
   <div class='ocr_carea' id='block_1_56' title="bbox 2343 2636 3897 2707">
    <p class='ocr_par' dir='ltr' id='par_1_56' title="bbox 2343 2636 3897 2707">
     <span class='ocr_line' id='line_1_56' title="bbox 2343 2636 3897 2707; baseline -0.001 -17"><span class='ocrx_word' id='word_1_373' title='bbox 2343 2637 2623 2707; x_wconf 78' lang='grc' dir='ltr'>ἐφρόνουν,</span> <span class='ocrx_word' id='word_1_374' title='bbox 2678 2637 2771 2690; x_wconf 75' lang='grc' dir='ltr'>καὶ</span> <span class='ocrx_word' id='word_1_375' title='bbox 2807 2637 2901 2690; x_wconf 80' lang='grc' dir='ltr'><strong>τοῦ</strong></span> <span class='ocrx_word' id='word_1_376' title='bbox 2944 2636 3181 2707; x_wconf 81' lang='grc' dir='ltr'>οὐρανοῦ</span> <span class='ocrx_word' id='word_1_377' title='bbox 3249 2637 3482 2705; x_wconf 72' lang='grc' dir='ltr'>ἐφίενιο.</span> <span class='ocrx_word' id='word_1_378' title='bbox 3518 2638 3706 2707; x_wconf 79' lang='grc' dir='ltr'>Ὑμεῖς</span> <span class='ocrx_word' id='word_1_379' title='bbox 3753 2638 3825 2702; x_wconf 88' lang='grc' dir='ltr'><strong>δέ,</strong></span> <span class='ocrx_word' id='word_1_380' title='bbox 3857 2654 3897 2689; x_wconf 91' lang='grc' dir='ltr'><em>ω</em></span> 
     </span>
    </p>
   </div>
   <div class='ocr_carea' id='block_1_57' title="bbox 2344 2728 3899 2800">
    <p class='ocr_par' dir='ltr' id='par_1_57' title="bbox 2344 2728 3899 2800">
     <span class='ocr_line' id='line_1_57' title="bbox 2344 2728 3899 2800; baseline 0.001 -19"><span class='ocrx_word' id='word_1_381' title='bbox 2344 2731 2547 2795; x_wconf 64' lang='grc' dir='ltr'>πιστοὶ,</span> <span class='ocrx_word' id='word_1_382' title='bbox 2601 2729 2853 2800; x_wconf 85' lang='grc' dir='ltr'>οὐράνιον</span> <span class='ocrx_word' id='word_1_383' title='bbox 2895 2729 3233 2796; x_wconf 77' lang='grc' dir='ltr'>ἐπαγγελίαν</span> <span class='ocrx_word' id='word_1_384' title='bbox 3266 2728 3541 2795; x_wconf 79' lang='grc' dir='ltr'>λαϐόντες,</span> <span class='ocrx_word' id='word_1_385' title='bbox 3574 2731 3677 2799; x_wconf 79' lang='grc' dir='ltr'>γῆς</span> <span class='ocrx_word' id='word_1_386' title='bbox 3726 2730 3899 2783; x_wconf 77' lang='grc' dir='ltr'>ἐπιθυ-</span> 
     </span>
    </p>
   </div>
   <div class='ocr_carea' id='block_1_58' title="bbox 2347 2821 3310 2893">
    <p class='ocr_par' dir='ltr' id='par_1_58' title="bbox 2347 2821 3310 2893">
     <span class='ocr_line' id='line_1_58' title="bbox 2347 2821 3310 2893; baseline 0.001 -19"><span class='ocrx_word' id='word_1_387' title='bbox 2347 2825 2523 2893; x_wconf 85' lang='grc' dir='ltr'>μεῖτε,</span> <span class='ocrx_word' id='word_1_388' title='bbox 2555 2824 2654 2877; x_wconf 78' lang='grc' dir='ltr'>καὶ</span> <span class='ocrx_word' id='word_1_389' title='bbox 2682 2822 2798 2885; x_wconf 84' lang='grc' dir='ltr'>πῶς</span> <span class='ocrx_word' id='word_1_390' title='bbox 2826 2822 2926 2876; x_wconf 80' lang='grc' dir='ltr'><strong>οὐκ</strong></span> <span class='ocrx_word' id='word_1_391' title='bbox 2950 2821 3310 2892; x_wconf 79' lang='grc' dir='ltr'>αἰσχύνεσθε;</span> 
     </span>
    </p>
   </div>
   <div class='ocr_carea' id='block_1_59' title="bbox 2411 3110 3897 3185">
    <p class='ocr_par' dir='ltr' id='par_1_59' title="bbox 2411 3110 3897 3185">
     <span class='ocr_line' id='line_1_59' title="bbox 2411 3110 3897 3185; baseline -0.004 -15"><span class='ocrx_word' id='word_1_392' title='bbox 2411 3110 2522 3180; x_wconf 61' lang='grc' dir='ltr'>*Ης</span> <span class='ocrx_word' id='word_1_393' title='bbox 2564 3117 2843 3185; x_wconf 81' lang='grc' dir='ltr'>τεχνίτης</span> <span class='ocrx_word' id='word_1_394' title='bbox 2901 3116 2998 3169; x_wconf 81' lang='grc' dir='ltr'>καὶ</span> <span class='ocrx_word' id='word_1_395' title='bbox 3040 3115 3400 3184; x_wconf 82' lang='grc' dir='ltr'>δημιουργὸς</span> <span class='ocrx_word' id='word_1_396' title='bbox 3444 3117 3478 3168; x_wconf 84' lang='grc' dir='ltr'><em>ὀ</em></span> <span class='ocrx_word' id='word_1_397' title='bbox 3512 3114 3676 3180; x_wconf 77' lang='grc' dir='ltr'><strong>Θεός.</strong></span> <span class='ocrx_word' id='word_1_398' title='bbox 3712 3113 3897 3175; x_wconf 76' lang='grc' dir='ltr'>Βαῦαὶ,</span> 
     </span>
    </p>
   </div>
   <div class='ocr_carea' id='block_1_60' title="bbox 669 3192 2248 3276">
    <p class='ocr_par' dir='ltr' id='par_1_60' title="bbox 669 3208 2248 3275">
     <span class='ocr_line' id='line_1_60' title="bbox 669 3208 2248 3275; baseline 0.001 -12"><span class='ocrx_word' id='word_1_399' title='bbox 669 3215 755 3263; x_wconf 88' lang='lat' dir='ltr'><strong>est</strong></span> <span class='ocrx_word' id='word_1_400' title='bbox 814 3208 967 3263; x_wconf 87' lang='lat' dir='ltr'><strong>urbis</strong></span> <span class='ocrx_word' id='word_1_401' title='bbox 1024 3208 1184 3263; x_wconf 89' lang='lat' dir='ltr'><strong>istius</strong></span> <span class='ocrx_word' id='word_1_402' title='bbox 1224 3209 1575 3275; x_wconf 90' lang='lat' dir='ltr'><strong>encomium,</strong></span> <span class='ocrx_word' id='word_1_403' title='bbox 1626 3209 1982 3264; x_wconf 83' lang='lat' dir='ltr'><strong>architectqu</strong></span> <span class='ocrx_word' id='word_1_404' title='bbox 2050 3210 2248 3265; x_wconf 87' lang='lat' dir='ltr'><strong>habere</strong></span> 
     </span>
    </p>
   </div>
   <div class='ocr_carea' id='block_1_61' title="bbox 2347 3192 3898 3276">
    <p class='ocr_par' dir='ltr' id='par_1_61' title="bbox 2347 3198 3898 3276">
     <span class='ocr_line' id='line_1_61' title="bbox 2347 3198 3898 3276; baseline -0.001 -19"><span class='ocrx_word' id='word_1_405' title='bbox 2347 3199 2458 3259; x_wconf 76' lang='grc' dir='ltr'>οἷον</span> <span class='ocrx_word' id='word_1_406' title='bbox 2504 3205 2564 3257; x_wconf 81' lang='grc' dir='ltr'>τὸ</span> <span class='ocrx_word' id='word_1_407' title='bbox 2593 3209 2690 3275; x_wconf 82' lang='grc' dir='ltr'>τῆς</span> <span class='ocrx_word' id='word_1_408' title='bbox 2736 3207 2954 3271; x_wconf 32' lang='grc' dir='ltr'>πόλεως.</span> <span class='ocrx_word' id='word_1_409' title='bbox 2996 3206 3210 3275; x_wconf 76' lang='grc' dir='ltr'>ἐκείνης</span> <span class='ocrx_word' id='word_1_410' title='bbox 3249 3204 3550 3276; x_wconf 83' lang='grc' dir='ltr'>ἐγκώμιον,</span> <span class='ocrx_word' id='word_1_411' title='bbox 3581 3198 3659 3257; x_wconf 53' lang='lat' dir='ltr'><strong>3e.</strong></span> <span class='ocrx_word' id='word_1_412' title='bbox 3692 3204 3898 3276; x_wconf 79' lang='grc' dir='ltr'>ἀρχιτέ-</span> 
     </span>
    </p>
   </div>
   <div class='ocr_carea' id='block_1_62' title="bbox 670 3297 873 3354">
    <p class='ocr_par' dir='ltr' id='par_1_62' title="bbox 670 3297 873 3354">
     <span class='ocr_line' id='line_1_62' title="bbox 670 3297 873 3354; baseline -0.015 -1"><span class='ocrx_word' id='word_1_413' title='bbox 670 3297 840 3354; x_wconf 88' lang='lat' dir='ltr'><strong>Deum</strong></span> <span class='ocrx_word' id='word_1_414' title='bbox 860 3299 873 3351; x_wconf 76' lang='grc' dir='ltr'><strong>Ι</strong></span> 
     </span>
    </p>
   </div>
   <div class='ocr_carea' id='block_1_63' title="bbox 745 3408 2303 3478">
    <p class='ocr_par' dir='ltr' id='par_1_63' title="bbox 745 3408 2303 3478">
     <span class='ocr_line' id='line_1_63' title="bbox 745 3408 2303 3478; baseline 0.001 -12"><span class='ocrx_word' id='word_1_415' title='bbox 745 3408 910 3466; x_wconf 70' lang='lat' dir='ltr'><strong>Vens.</strong></span> <span class='ocrx_word' id='word_1_416' title='bbox 939 3410 1026 3464; x_wconf 79' lang='lat' dir='ltr'><strong>ll.</strong></span> <span class='ocrx_word' id='word_1_417' title='bbox 1062 3408 1199 3464; x_wconf 84' lang='lat' dir='ltr'><strong>Fide</strong></span> <span class='ocrx_word' id='word_1_418' title='bbox 1224 3419 1272 3464; x_wconf 83' lang='lat' dir='ltr'><strong>et</strong></span> <span class='ocrx_word' id='word_1_419' title='bbox 1313 3411 1431 3478; x_wconf 86' lang='lat' dir='ltr'><strong>ipsa</strong></span> <span class='ocrx_word' id='word_1_420' title='bbox 1463 3410 1689 3477; x_wconf 77' lang='lat' dir='ltr'><strong>Sorr/ta,</strong></span> <span class='ocrx_word' id='word_1_421' title='bbox 1726 3414 1923 3466; x_wconf 77' lang='lat' dir='ltr'><strong>sterilis</strong></span> <span class='ocrx_word' id='word_1_422' title='bbox 1949 3431 2065 3467; x_wconf 87' lang='lat' dir='ltr'><strong>cum</strong></span> <span class='ocrx_word' id='word_1_423' title='bbox 2091 3423 2242 3469; x_wconf 81' lang='lat' dir='ltr'><strong>esset.</strong></span> <span class='ocrx_word' id='word_1_424' title='bbox 2296 3410 2303 3419; x_wconf 80' lang='grc'><em>’</em></span> 
     </span>
    </p>
   </div>
   <div class='ocr_carea' id='block_1_64' title="bbox 669 3500 2248 3573">
    <p class='ocr_par' dir='ltr' id='par_1_64' title="bbox 669 3500 2248 3573">
     <span class='ocr_line' id='line_1_64' title="bbox 669 3500 2248 3573; baseline 0.002 -17"><span class='ocrx_word' id='word_1_425' title='bbox 669 3502 1005 3557; x_wconf 84' lang='lat' dir='ltr'><strong>Pudefacere</strong></span> <span class='ocrx_word' id='word_1_426' title='bbox 1047 3502 1208 3564; x_wconf 82' lang='lat' dir='ltr'><strong>valet.</strong></span> <span class='ocrx_word' id='word_1_427' title='bbox 1282 3501 1425 3568; x_wconf 89' lang='lat' dir='ltr'><strong>quod</strong></span> <span class='ocrx_word' id='word_1_428' title='bbox 1456 3503 1561 3565; x_wconf 83' lang='lat' dir='ltr'><strong>ait,</strong></span> <span class='ocrx_word' id='word_1_429' title='bbox 1597 3500 1663 3553; x_wconf 86' lang='lat' dir='ltr'><strong>Et</strong></span> <span class='ocrx_word' id='word_1_430' title='bbox 1722 3504 1836 3570; x_wconf 84' lang='lat' dir='ltr'><strong>ipsa</strong></span> <span class='ocrx_word' id='word_1_431' title='bbox 1874 3504 2098 3568; x_wconf 70' lang='lat' dir='ltr'><strong>Sarr/aa,</strong></span> <span class='ocrx_word' id='word_1_432' title='bbox 2128 3520 2248 3573; x_wconf 82' lang='lat' dir='ltr'><strong>per—</strong></span> 
     </span>
    </p>
   </div>
   <div class='ocr_carea' id='block_1_65' title="bbox 674 3590 2246 3655">
    <p class='ocr_par' dir='ltr' id='par_1_65' title="bbox 674 3590 2246 3655">
     <span class='ocr_line' id='line_1_65' title="bbox 674 3590 2246 3655; baseline -0.001 -6"><span class='ocrx_word' id='word_1_433' title='bbox 674 3597 802 3649; x_wconf 89' lang='lat' dir='ltr'><strong>inde</strong></span> <span class='ocrx_word' id='word_1_434' title='bbox 857 3609 919 3647; x_wconf 89' lang='lat' dir='ltr'><strong>ac</strong></span> <span class='ocrx_word' id='word_1_435' title='bbox 953 3593 999 3647; x_wconf 89' lang='lat' dir='ltr'><strong>si</strong></span> <span class='ocrx_word' id='word_1_436' title='bbox 1033 3592 1179 3646; x_wconf 86' lang='lat' dir='ltr'><strong>dicat</strong></span> <span class='ocrx_word' id='word_1_437' title='bbox 1220 3592 1241 3646; x_wconf 77' lang='lat'><strong>:&#39;</strong></span> <span class='ocrx_word' id='word_1_438' title='bbox 1258 3590 1483 3644; x_wconf 84' lang='lat' dir='ltr'><strong>Femina</strong></span> <span class='ocrx_word' id='word_1_439' title='bbox 1506 3592 1759 3655; x_wconf 87' lang='lat' dir='ltr'><strong>credidit,</strong></span> <span class='ocrx_word' id='word_1_440' title='bbox 1790 3602 1844 3647; x_wconf 87' lang='lat' dir='ltr'><strong>et</strong></span> <span class='ocrx_word' id='word_1_441' title='bbox 1871 3610 1966 3648; x_wconf 80' lang='lat' dir='ltr'><strong>vos</strong></span> <span class='ocrx_word' id='word_1_442' title='bbox 1993 3610 2097 3648; x_wconf 89' lang='lat' dir='ltr'><strong>non</strong></span> <span class='ocrx_word' id='word_1_443' title='bbox 2120 3611 2246 3648; x_wconf 88' lang='lat' dir='ltr'><strong>eru-</strong></span> 
     </span>
    </p>
   </div>
   <div class='ocr_carea' id='block_1_66' title="bbox 671 3680 2243 3750">
    <p class='ocr_par' dir='ltr' id='par_1_66' title="bbox 671 3680 2243 3750">
     <span class='ocr_line' id='line_1_66' title="bbox 671 3680 2243 3750; baseline -0.001 -12"><span class='ocrx_word' id='word_1_444' title='bbox 671 3681 920 3746; x_wconf 83' lang='lat' dir='ltr'><strong>bescitis,</strong></span> <span class='ocrx_word' id='word_1_445' title='bbox 944 3681 989 3736; x_wconf 90' lang='lat' dir='ltr'><strong>si</strong></span> <span class='ocrx_word' id='word_1_446' title='bbox 1017 3680 1245 3735; x_wconf 88' lang='lat' dir='ltr'><strong>muliere</strong></span> <span class='ocrx_word' id='word_1_447' title='bbox 1284 3680 1336 3732; x_wconf 91' lang='lat' dir='ltr'><strong>in</strong></span> <span class='ocrx_word' id='word_1_448' title='bbox 1387 3681 1555 3733; x_wconf 87' lang='lat' dir='ltr'><strong>animi</strong></span> <span class='ocrx_word' id='word_1_449' title='bbox 1602 3683 1978 3750; x_wconf 77' lang='lat' dir='ltr'><strong>magnitudine</strong></span> <span class='ocrx_word' id='word_1_450' title='bbox 2008 3683 2243 3737; x_wconf 87' lang='lat' dir='ltr'><strong>inferio-</strong></span> 
     </span>
    </p>
   </div>
   <div class='ocr_carea' id='block_1_67' title="bbox 670 3769 2250 3846">
    <p class='ocr_par' dir='ltr' id='par_1_67' title="bbox 670 3769 2250 3846">
     <span class='ocr_line' id='line_1_67' title="bbox 670 3769 2250 3846; baseline 0.001 -19"><span class='ocrx_word' id='word_1_451' title='bbox 670 3788 763 3828; x_wconf 86' lang='lat' dir='ltr'><strong>res</strong></span> <span class='ocrx_word' id='word_1_452' title='bbox 789 3770 1313 3842; x_wconf 86' lang='lat' dir='ltr'><strong>deprehendamini?</strong></span> <span class='ocrx_word' id='word_1_453' title='bbox 1348 3769 1453 3836; x_wconf 87' lang='lat' dir='ltr'><strong>Qui</strong></span> <span class='ocrx_word' id='word_1_454' title='bbox 1504 3787 1634 3826; x_wconf 82' lang='lat' dir='ltr'><strong>vero</strong></span> <span class='ocrx_word' id='word_1_455' title='bbox 1671 3774 1906 3828; x_wconf 88' lang='lat' dir='ltr'><strong>credidit</strong></span> <span class='ocrx_word' id='word_1_456' title='bbox 1937 3790 2059 3846; x_wconf 70' lang='lat' dir='ltr'><strong>qua:</strong></span> <span class='ocrx_word' id='word_1_457' title='bbox 2095 3775 2250 3829; x_wconf 88' lang='lat' dir='ltr'><strong>risit?</strong></span> 
     </span>
    </p>
   </div>
   <div class='ocr_carea' id='block_1_68' title="bbox 670 3862 2243 3947">
    <p class='ocr_par' dir='ltr' id='par_1_68' title="bbox 670 3862 2243 3947">
     <span class='ocr_line' id='line_1_68' title="bbox 670 3862 2243 3947; baseline 0.001 -26"><span class='ocrx_word' id='word_1_458' title='bbox 670 3864 927 3922; x_wconf 85' lang='lat' dir='ltr'><strong>Profecto</strong></span> <span class='ocrx_word' id='word_1_459' title='bbox 958 3862 1209 3930; x_wconf 83' lang='lat' dir='ltr'><strong>credidit,</strong></span> <span class='ocrx_word' id='word_1_460' title='bbox 1247 3863 1463 3918; x_wconf 88' lang='lat' dir='ltr'><strong>etiamsi</strong></span> <span class='ocrx_word' id='word_1_461' title='bbox 1510 3865 1697 3947; x_wconf 66' lang='lat' dir='ltr'><strong>riserit</strong></span> <span class='ocrx_word' id='word_1_462' title='bbox 1721 3884 1735 3920; x_wconf 86' lang='lat'>:</span> <span class='ocrx_word' id='word_1_463' title='bbox 1760 3876 1947 3937; x_wconf 86' lang='lat' dir='ltr'><strong>postea</strong></span> <span class='ocrx_word' id='word_1_464' title='bbox 1978 3869 2119 3921; x_wconf 90' lang='lat' dir='ltr'><strong>enim</strong></span> <span class='ocrx_word' id='word_1_465' title='bbox 2156 3883 2243 3922; x_wconf 86' lang='lat' dir='ltr'><strong>re-</strong></span> 
     </span>
    </p>
   </div>
   <div class='ocr_carea' id='block_1_69' title="bbox 670 3957 2249 4029">
    <p class='ocr_par' dir='ltr' id='par_1_69' title="bbox 670 3957 2249 4029">
     <span class='ocr_line' id='line_1_69' title="bbox 670 3957 2249 4029; baseline 0.002 -18"><span class='ocrx_word' id='word_1_466' title='bbox 670 3961 941 4029; x_wconf 84' lang='lat' dir='ltr'><strong>prehensa</strong></span> <span class='ocrx_word' id='word_1_467' title='bbox 986 3957 1368 4028; x_wconf 83' lang='lat' dir='ltr'><strong>perterrefacta</strong></span> <span class='ocrx_word' id='word_1_468' title='bbox 1391 3963 1520 4012; x_wconf 78' lang='lat' dir='ltr'><strong>eSt:</strong></span> <span class='ocrx_word' id='word_1_469' title='bbox 1593 3958 1740 4029; x_wconf 89' lang='lat' dir='ltr'><strong>quod</strong></span> <span class='ocrx_word' id='word_1_470' title='bbox 1793 3958 1914 4014; x_wconf 82' lang='lat' dir='ltr'><strong>fidei</strong></span> <span class='ocrx_word' id='word_1_471' title='bbox 1969 3968 2085 4015; x_wconf 89' lang='lat' dir='ltr'><strong>erat</strong></span> <span class='ocrx_word' id='word_1_472' title='bbox 2110 3960 2249 4014; x_wconf 89' lang='lat' dir='ltr'><strong>indi-</strong></span> 
     </span>
    </p>
   </div>
   <div class='ocr_carea' id='block_1_70' title="bbox 668 4048 2248 4121">
    <p class='ocr_par' dir='ltr' id='par_1_70' title="bbox 668 4048 2248 4121">
     <span class='ocr_line' id='line_1_70' title="bbox 668 4048 2248 4121; baseline -0.002 -11"><span class='ocrx_word' id='word_1_473' title='bbox 668 4058 835 4110; x_wconf 76' lang='lat' dir='ltr'><strong>cium.</strong></span> <span class='ocrx_word' id='word_1_474' title='bbox 869 4053 1093 4106; x_wconf 80' lang='lat' dir='ltr'><strong>Planum</strong></span> <span class='ocrx_word' id='word_1_475' title='bbox 1143 4054 1286 4106; x_wconf 89' lang='lat' dir='ltr'><strong>enim</strong></span> <span class='ocrx_word' id='word_1_476' title='bbox 1313 4060 1399 4106; x_wconf 88' lang='lat' dir='ltr'><strong>est</strong></span> <span class='ocrx_word' id='word_1_477' title='bbox 1442 4048 1589 4121; x_wconf 86' lang='lat' dir='ltr'><strong>quod</strong></span> <span class='ocrx_word' id='word_1_478' title='bbox 1650 4065 1904 4121; x_wconf 76' lang='lat' dir='ltr'><strong>magnum</strong></span> <span class='ocrx_word' id='word_1_479' title='bbox 1962 4052 2248 4120; x_wconf 88' lang='lat' dir='ltr'><strong>quemdam</strong></span> 
     </span>
    </p>
   </div>
   <div class='ocr_carea' id='block_1_71' title="bbox 670 4142 2249 4211">
    <p class='ocr_par' dir='ltr' id='par_1_71' title="bbox 670 4142 2249 4211">
     <span class='ocr_line' id='line_1_71' title="bbox 670 4142 2249 4211; baseline 0.001 -14"><span class='ocrx_word' id='word_1_480' title='bbox 670 4143 1329 4209; x_wconf 83' lang='lat' dir='ltr'><strong>arbitraretur,adeoque</strong></span> <span class='ocrx_word' id='word_1_481' title='bbox 1362 4158 1535 4211; x_wconf 84' lang='lat' dir='ltr'><strong>supra.</strong></span> <span class='ocrx_word' id='word_1_482' title='bbox 1586 4142 1825 4199; x_wconf 81' lang='lat' dir='ltr'><strong>hominis</strong></span> <span class='ocrx_word' id='word_1_483' title='bbox 1898 4158 2023 4199; x_wconf 85' lang='lat' dir='ltr'><strong>esse</strong></span> <span class='ocrx_word' id='word_1_484' title='bbox 2088 4153 2249 4199; x_wconf 84' lang='lat' dir='ltr'><strong>natu-</strong></span> 
     </span>
    </p>
   </div>
   <div class='ocr_carea' id='block_1_72' title="bbox 671 4236 1671 4305">
    <p class='ocr_par' dir='ltr' id='par_1_72' title="bbox 671 4236 1671 4305">
     <span class='ocr_line' id='line_1_72' title="bbox 671 4236 1671 4305; baseline -0.004 -13"><span class='ocrx_word' id='word_1_485' title='bbox 671 4252 791 4292; x_wconf 74' lang='lat' dir='ltr'><strong>rain</strong></span> <span class='ocrx_word' id='word_1_486' title='bbox 824 4252 971 4301; x_wconf 90' lang='lat' dir='ltr'><strong>eum,</strong></span> <span class='ocrx_word' id='word_1_487' title='bbox 1002 4238 1092 4305; x_wconf 89' lang='lat' dir='ltr'><strong>qui</strong></span> <span class='ocrx_word' id='word_1_488' title='bbox 1125 4252 1308 4290; x_wconf 88' lang='lat' dir='ltr'><strong>secum</strong></span> <span class='ocrx_word' id='word_1_489' title='bbox 1338 4236 1671 4302; x_wconf 81' lang='lat' dir='ltr'><strong>loqueretur.</strong></span> 
     </span>
    </p>
   </div>
   <div class='ocr_carea' id='block_1_73' title="bbox 758 4344 2252 4419">
    <p class='ocr_par' dir='ltr' id='par_1_73' title="bbox 758 4344 2252 4419">
     <span class='ocr_line' id='line_1_73' title="bbox 758 4344 2252 4419; baseline -0.004 -13"><span class='ocrx_word' id='word_1_490' title='bbox 758 4352 1010 4406; x_wconf 82' lang='lat' dir='ltr'><strong>Virtutem</strong></span> <span class='ocrx_word' id='word_1_491' title='bbox 1053 4357 1120 4403; x_wconf 75' lang='lat' dir='ltr'><strong>ad</strong></span> <span class='ocrx_word' id='word_1_492' title='bbox 1188 4352 1575 4419; x_wconf 86' lang='lat' dir='ltr'><strong>conceptionem</strong></span> <span class='ocrx_word' id='word_1_493' title='bbox 1622 4349 1837 4402; x_wconf 82' lang='lat' dir='ltr'><strong>seminis</strong></span> <span class='ocrx_word' id='word_1_494' title='bbox 1870 4348 2085 4416; x_wconf 83' lang='lat' dir='ltr'><strong>accepit.</strong></span> <span class='ocrx_word' id='word_1_495' title='bbox 2140 4344 2252 4400; x_wconf 84' lang='lat' dir='ltr'><strong>Hoc</strong></span> 
     </span>
    </p>
   </div>
   <div class='ocr_carea' id='block_1_74' title="bbox 676 4438 2249 4533">
    <p class='ocr_par' dir='ltr' id='par_1_74' title="bbox 676 4438 2249 4533">
     <span class='ocr_line' id='line_1_74' title="bbox 676 4438 2249 4533; baseline -0.005 -34"><span class='ocrx_word' id='word_1_496' title='bbox 676 4454 782 4505; x_wconf 84' lang='lat' dir='ltr'><strong>cst.</strong></span> <span class='ocrx_word' id='word_1_497' title='bbox 807 4446 1111 4498; x_wconf 85' lang='lat' dir='ltr'><strong>confortata</strong></span> <span class='ocrx_word' id='word_1_498' title='bbox 1142 4455 1226 4498; x_wconf 81' lang='lat' dir='ltr'><strong>est</strong></span> <span class='ocrx_word' id='word_1_499' title='bbox 1257 4451 1314 4496; x_wconf 90' lang='lat' dir='ltr'><strong>ut</strong></span> <span class='ocrx_word' id='word_1_500' title='bbox 1336 4443 1605 4512; x_wconf 86' lang='lat' dir='ltr'><strong>reciperet</strong></span> <span class='ocrx_word' id='word_1_501' title='bbox 1637 4456 1700 4495; x_wconf 89' lang='lat' dir='ltr'><strong>ac</strong></span> <span class='ocrx_word' id='word_1_502' title='bbox 1722 4440 2032 4494; x_wconf 89' lang='lat' dir='ltr'><strong>contineret</strong></span> <span class='ocrx_word' id='word_1_503' title='bbox 2067 4438 2249 4533; x_wconf 52' lang='grc' dir='ltr'><strong>ἀοίνο-</strong></span> 
     </span>
    </p>
   </div>
   <div class='ocr_carea' id='block_1_75' title="bbox 2350 3295 3019 3365">
    <p class='ocr_par' dir='ltr' id='par_1_75' title="bbox 2350 3295 3019 3365">
     <span class='ocr_line' id='line_1_75' title="bbox 2350 3295 3019 3365; baseline 0 -17"><span class='ocrx_word' id='word_1_504' title='bbox 2350 3312 2512 3348; x_wconf 87' lang='grc' dir='ltr'>κτονα</span> <span class='ocrx_word' id='word_1_505' title='bbox 2543 3297 2691 3365; x_wconf 84' lang='grc' dir='ltr'>σχεῖν</span> <span class='ocrx_word' id='word_1_506' title='bbox 2724 3296 2814 3348; x_wconf 79' lang='grc' dir='ltr'>τὸν</span> <span class='ocrx_word' id='word_1_507' title='bbox 2846 3295 3019 3362; x_wconf 75' lang='grc' dir='ltr'>Θεόνς</span> 
     </span>
    </p>
   </div>
   <div class='ocr_carea' id='block_1_76' title="bbox 2418 3408 3901 3479">
    <p class='ocr_par' dir='ltr' id='par_1_76' title="bbox 2418 3408 3901 3479">
     <span class='ocr_line' id='line_1_76' title="bbox 2418 3408 3901 3479; baseline -0.001 -14"><span class='ocrx_word' id='word_1_508' title='bbox 2418 3412 2623 3465; x_wconf 78' lang='grc' dir='ltr'><strong>Πίστει</strong></span> <span class='ocrx_word' id='word_1_509' title='bbox 2681 3411 2782 3465; x_wconf 79' lang='grc' dir='ltr'><strong>καί</strong></span> <span class='ocrx_word' id='word_1_510' title='bbox 2844 3411 2998 3478; x_wconf 81' lang='grc' dir='ltr'>αὑτὴ</span> <span class='ocrx_word' id='word_1_511' title='bbox 3056 3411 3255 3479; x_wconf 80' lang='grc' dir='ltr'><strong>Σάρῤα</strong></span> <span class='ocrx_word' id='word_1_512' title='bbox 3309 3410 3518 3478; x_wconf 78' lang='grc' dir='ltr'>στεῖρα</span> <span class='ocrx_word' id='word_1_513' title='bbox 3564 3408 3745 3467; x_wconf 71' lang='grc' dir='ltr'>οὖσα.</span> <span class='ocrx_word' id='word_1_514' title='bbox 3797 3411 3901 3463; x_wconf 82' lang='grc' dir='ltr'><strong>Ἐν-</strong></span> 
     </span>
    </p>
   </div>
   <div class='ocr_carea' id='block_1_77' title="bbox 2354 3502 3897 3573">
    <p class='ocr_par' dir='ltr' id='par_1_77' title="bbox 2354 3502 3897 3573">
     <span class='ocr_line' id='line_1_77' title="bbox 2354 3502 3897 3573; baseline -0.001 -17"><span class='ocrx_word' id='word_1_515' title='bbox 2354 3502 2648 3570; x_wconf 82' lang='grc' dir='ltr'>τρεπτικόν</span> <span class='ocrx_word' id='word_1_516' title='bbox 2694 3503 2831 3567; x_wconf 88' lang='grc' dir='ltr'>ἐστι,</span> <span class='ocrx_word' id='word_1_517' title='bbox 2866 3503 2976 3556; x_wconf 77' lang='grc' dir='ltr'><strong>Καὶ</strong></span> <span class='ocrx_word' id='word_1_518' title='bbox 3004 3504 3157 3573; x_wconf 81' lang='grc' dir='ltr'>αὑτὴ</span> <span class='ocrx_word' id='word_1_519' title='bbox 3189 3503 3405 3573; x_wconf 80' lang='grc' dir='ltr'>Σὰρῤα,</span> <span class='ocrx_word' id='word_1_520' title='bbox 3457 3503 3659 3556; x_wconf 54' lang='grc' dir='ltr'><strong>ὡσανεὶ⁸</strong></span> <span class='ocrx_word' id='word_1_521' title='bbox 3694 3503 3897 3571; x_wconf 78' lang='grc' dir='ltr'>ἔλεγεν·</span> 
     </span>
    </p>
   </div>
   <div class='ocr_carea' id='block_1_78' title="bbox 2356 3592 3901 3667">
    <p class='ocr_par' dir='ltr' id='par_1_78' title="bbox 2356 3592 3901 3667">
     <span class='ocr_line' id='line_1_78' title="bbox 2356 3592 3901 3667; baseline 0 -21"><span class='ocrx_word' id='word_1_522' title='bbox 2356 3592 2421 3646; x_wconf 87' lang='grc' dir='ltr'><strong>Ἦ</strong></span> <span class='ocrx_word' id='word_1_523' title='bbox 2467 3595 2601 3664; x_wconf 80' lang='grc' dir='ltr'>γυνὴ</span> <span class='ocrx_word' id='word_1_524' title='bbox 2657 3595 2968 3658; x_wconf 83' lang='grc' dir='ltr'>ἐπίστευσε,</span> <span class='ocrx_word' id='word_1_525' title='bbox 3002 3597 3095 3648; x_wconf 75' lang='grc' dir='ltr'>καὶ</span> <span class='ocrx_word' id='word_1_526' title='bbox 3125 3596 3284 3666; x_wconf 82' lang='grc' dir='ltr'>ὑμεῖς</span> <span class='ocrx_word' id='word_1_527' title='bbox 3336 3597 3437 3650; x_wconf 82' lang='grc' dir='ltr'>οὐκ</span> <span class='ocrx_word' id='word_1_528' title='bbox 3483 3597 3824 3667; x_wconf 75' lang='grc' dir='ltr'>αἰσχύνεσθε,</span> <span class='ocrx_word' id='word_1_529' title='bbox 3858 3595 3901 3647; x_wconf 84' lang='grc' dir='ltr'><strong>εί</strong></span> 
     </span>
    </p>
   </div>
   <div class='ocr_carea' id='block_1_79' title="bbox 2349 3684 3903 3756">
    <p class='ocr_par' dir='ltr' id='par_1_79' title="bbox 2349 3684 3903 3756">
     <span class='ocr_line' id='line_1_79' title="bbox 2349 3684 3903 3756; baseline 0.005 -23"><span class='ocrx_word' id='word_1_530' title='bbox 2349 3684 2607 3749; x_wconf 71' lang='grc' dir='ltr'>γυναικὸς</span> <span class='ocrx_word' id='word_1_531' title='bbox 2664 3686 3114 3756; x_wconf 58' lang='grc' dir='ltr'>μικροψυχὼεροι</span> <span class='ocrx_word' id='word_1_532' title='bbox 3142 3686 3462 3755; x_wconf 76' lang='grc' dir='ltr'><strong>εὑρίσκεσθε</strong></span> <span class='ocrx_word' id='word_1_533' title='bbox 3504 3705 3518 3753; x_wconf 89' lang='grc'><strong>;</strong></span> <span class='ocrx_word' id='word_1_534' title='bbox 3563 3689 3688 3750; x_wconf 83' lang='grc' dir='ltr'>Πῶς</span> <span class='ocrx_word' id='word_1_535' title='bbox 3714 3690 3770 3741; x_wconf 79' lang='grc' dir='ltr'><strong>δέ</strong></span> <span class='ocrx_word' id='word_1_536' title='bbox 3791 3689 3903 3740; x_wconf 85' lang='grc' dir='ltr'>ἐπί-</span> 
     </span>
    </p>
   </div>
   <div class='ocr_carea' id='block_1_80' title="bbox 2352 3773 3905 3851">
    <p class='ocr_par' dir='ltr' id='par_1_80' title="bbox 2352 3773 3905 3851">
     <span class='ocr_line' id='line_1_80' title="bbox 2352 3773 3905 3851; baseline 0.003 -26"><span class='ocrx_word' id='word_1_537' title='bbox 2352 3788 2575 3825; x_wconf 87' lang='grc' dir='ltr'>στευσεν</span> <span class='ocrx_word' id='word_1_538' title='bbox 2614 3774 2645 3841; x_wconf 82' lang='grc' dir='ltr'>ὴ</span> <span class='ocrx_word' id='word_1_539' title='bbox 2678 3773 2998 3840; x_wconf 79' lang='grc' dir='ltr'>γελάσασας</span> <span class='ocrx_word' id='word_1_540' title='bbox 3047 3775 3156 3851; x_wconf 65' lang='grc' dir='ltr'>Ναὶ</span> <span class='ocrx_word' id='word_1_541' title='bbox 3207 3778 3550 3837; x_wconf 84' lang='grc' dir='ltr'>ἐπίστευσεν,</span> <span class='ocrx_word' id='word_1_542' title='bbox 3587 3779 3635 3828; x_wconf 87' lang='grc' dir='ltr'><strong>εί</strong></span> <span class='ocrx_word' id='word_1_543' title='bbox 3668 3778 3763 3828; x_wconf 75' lang='grc' dir='ltr'>καὶ</span> <span class='ocrx_word' id='word_1_544' title='bbox 3797 3778 3905 3844; x_wconf 82' lang='grc' dir='ltr'>ἐγέ-</span> 
     </span>
    </p>
   </div>
   <div class='ocr_carea' id='block_1_81' title="bbox 2349 3863 3903 3939">
    <p class='ocr_par' dir='ltr' id='par_1_81' title="bbox 2349 3863 3903 3939">
     <span class='ocr_line' id='line_1_81' title="bbox 2349 3863 3903 3939; baseline 0.005 -25"><span class='ocrx_word' id='word_1_545' title='bbox 2349 3863 2511 3916; x_wconf 86' lang='grc' dir='ltr'>λασεν</span> <span class='ocrx_word' id='word_1_546' title='bbox 2531 3878 2545 3893; x_wconf 77' lang='grc' dir='ltr'><strong>ο</strong></span> <span class='ocrx_word' id='word_1_547' title='bbox 2594 3865 2686 3915; x_wconf 79' lang='grc' dir='ltr'><strong>καὶ</strong></span> <span class='ocrx_word' id='word_1_548' title='bbox 2720 3865 2827 3933; x_wconf 73' lang='grc' dir='ltr'>γὰρ</span> <span class='ocrx_word' id='word_1_549' title='bbox 2858 3864 3084 3936; x_wconf 83' lang='grc' dir='ltr'>ὕστερον</span> <span class='ocrx_word' id='word_1_550' title='bbox 3115 3866 3442 3937; x_wconf 83' lang='grc' dir='ltr'>ἐλεγχθεῖσα</span> <span class='ocrx_word' id='word_1_551' title='bbox 3471 3867 3709 3939; x_wconf 81' lang='grc' dir='ltr'><strong>ἐφοσήθη</strong></span> <span class='ocrx_word' id='word_1_552' title='bbox 3733 3885 3750 3901; x_wconf 88' lang='grc'><strong>·</strong></span> <span class='ocrx_word' id='word_1_553' title='bbox 3781 3871 3903 3937; x_wconf 83' lang='grc' dir='ltr'>ὅπερ</span> 
     </span>
    </p>
   </div>
   <div class='ocr_carea' id='block_1_82' title="bbox 2351 3950 3903 4033">
    <p class='ocr_par' dir='ltr' id='par_1_82' title="bbox 2351 3950 3903 4033">
     <span class='ocr_line' id='line_1_82' title="bbox 2351 3950 3903 4033; baseline 0.005 -25"><span class='ocrx_word' id='word_1_554' title='bbox 2351 3954 2588 4020; x_wconf 83' lang='grc' dir='ltr'>πίστεως</span> <span class='ocrx_word' id='word_1_555' title='bbox 2642 3950 2730 4024; x_wconf 78' lang='grc' dir='ltr'><strong>ἦν.</strong></span> <span class='ocrx_word' id='word_1_556' title='bbox 2765 3955 2936 4025; x_wconf 84' lang='grc' dir='ltr'>Δῆλον</span> <span class='ocrx_word' id='word_1_557' title='bbox 2967 3957 3076 4028; x_wconf 84' lang='grc' dir='ltr'><strong>γὰρ</strong></span> <span class='ocrx_word' id='word_1_558' title='bbox 3120 3958 3203 4011; x_wconf 85' lang='grc' dir='ltr'>ὅτι</span> <span class='ocrx_word' id='word_1_559' title='bbox 3235 3960 3409 4030; x_wconf 86' lang='grc' dir='ltr'>μέγαν</span> <span class='ocrx_word' id='word_1_560' title='bbox 3451 3962 3576 4015; x_wconf 72' lang='grc' dir='ltr'>,τινὰ</span> <span class='ocrx_word' id='word_1_561' title='bbox 3634 3965 3727 4016; x_wconf 78' lang='grc' dir='ltr'>καὶ</span> <span class='ocrx_word' id='word_1_562' title='bbox 3780 3964 3903 4033; x_wconf 79' lang='grc' dir='ltr'><strong>ὑπὲρ</strong></span> 
     </span>
    </p>
   </div>
   <div class='ocr_carea' id='block_1_83' title="bbox 2349 4045 3841 4123">
    <p class='ocr_par' dir='ltr' id='par_1_83' title="bbox 2349 4045 3841 4123">
     <span class='ocr_line' id='line_1_83' title="bbox 2349 4045 3841 4123; baseline 0.007 -24"><span class='ocrx_word' id='word_1_563' title='bbox 2349 4045 2635 4117; x_wconf 81' lang='grc' dir='ltr'>ἄνθρωπον</span> <span class='ocrx_word' id='word_1_564' title='bbox 2655 4046 2980 4102; x_wconf 86' lang='grc' dir='ltr'>ἐπίστευσεν</span> <span class='ocrx_word' id='word_1_565' title='bbox 3005 4046 3143 4103; x_wconf 75' lang='grc' dir='ltr'>εἶναι</span> <span class='ocrx_word' id='word_1_566' title='bbox 3174 4050 3265 4104; x_wconf 74' lang='grc' dir='ltr'>τὸν</span> <span class='ocrx_word' id='word_1_567' title='bbox 3299 4054 3841 4123; x_wconf 84' lang='grc' dir='ltr'>προσδιαλεγόμενον.</span> 
     </span>
    </p>
   </div>
   <div class='ocr_carea' id='block_1_84' title="bbox 2422 4338 3901 4408">
    <p class='ocr_par' dir='ltr' id='par_1_84' title="bbox 2422 4338 3901 4408">
     <span class='ocr_line' id='line_1_84' title="bbox 2422 4338 3901 4408; baseline 0.001 -19"><span class='ocrx_word' id='word_1_568' title='bbox 2422 4338 2682 4406; x_wconf 54' lang='lat' dir='ltr'><strong>duratur</strong></span> <span class='ocrx_word' id='word_1_569' title='bbox 2749 4339 2837 4404; x_wconf 85' lang='grc' dir='ltr'><strong>είς</strong></span> <span class='ocrx_word' id='word_1_570' title='bbox 2901 4338 3278 4406; x_wconf 34' lang='grc' dir='ltr'>καταϐολὴν,</span> <span class='ocrx_word' id='word_1_571' title='bbox 3316 4338 3659 4408; x_wconf 79' lang='grc' dir='ltr'>σπέρματος</span> <span class='ocrx_word' id='word_1_572' title='bbox 3724 4340 3901 4393; x_wconf 70' lang='grc' dir='ltr'>ἔλασε.</span> 
     </span>
    </p>
   </div>
   <div class='ocr_carea' id='block_1_85' title="bbox 2354 4424 3906 4494">
    <p class='ocr_par' dir='ltr' id='par_1_85' title="bbox 2354 4424 3906 4494">
     <span class='ocr_line' id='line_1_85' title="bbox 2354 4424 3906 4494; baseline 0.002 -18"><span class='ocrx_word' id='word_1_573' title='bbox 2354 4424 2661 4490; x_wconf 85' lang='grc' dir='ltr'>Τουτέστιν,</span> <span class='ocrx_word' id='word_1_574' title='bbox 2721 4425 3099 4494; x_wconf 83' lang='grc' dir='ltr'>ἐνεδυναμώθη</span> <span class='ocrx_word' id='word_1_575' title='bbox 3162 4429 3242 4485; x_wconf 77' lang='grc' dir='ltr'>εἰς</span> <span class='ocrx_word' id='word_1_576' title='bbox 3294 4427 3355 4480; x_wconf 81' lang='grc' dir='ltr'>τὸ</span> <span class='ocrx_word' id='word_1_577' title='bbox 3410 4428 3771 4493; x_wconf 75' lang='grc' dir='ltr'>ὑποδέξασθαι</span> <span class='ocrx_word' id='word_1_578' title='bbox 3825 4427 3906 4480; x_wconf 76' lang='grc' dir='ltr'>καὶ</span> 
     </span>
    </p>
   </div>
   <div class='ocr_carea' id='block_1_86' title="bbox 675 4515 2248 4606">
    <p class='ocr_par' dir='ltr' id='par_1_86' title="bbox 675 4515 2247 4606">
     <span class='ocr_line' id='line_1_86' title="bbox 675 4515 2247 4606; baseline -0.006 -15"><span class='ocrx_word' id='word_1_579' title='bbox 675 4550 793 4593; x_wconf 89' lang='lat' dir='ltr'><strong>tum</strong></span> <span class='ocrx_word' id='word_1_580' title='bbox 830 4539 883 4590; x_wconf 89' lang='lat' dir='ltr'><strong>in</strong></span> <span class='ocrx_word' id='word_1_581' title='bbox 918 4538 1089 4606; x_wconf 86' lang='lat' dir='ltr'><strong>ipsam</strong></span> <span class='ocrx_word' id='word_1_582' title='bbox 1122 4551 1311 4589; x_wconf 83' lang='lat' dir='ltr'><strong>semen</strong></span> <span class='ocrx_word' id='word_1_583' title='bbox 1344 4531 1665 4586; x_wconf 77' lang='lat' dir='ltr'><strong>Abraliami.</strong></span> <span class='ocrx_word' id='word_1_584' title='bbox 1688 4532 1784 4587; x_wconf 79' lang='lat' dir='ltr'><strong>Vel</strong></span> <span class='ocrx_word' id='word_1_585' title='bbox 1832 4532 1961 4599; x_wconf 91' lang='lat' dir='ltr'><strong>quia</strong></span> <span class='ocrx_word' id='word_1_586' title='bbox 2017 4515 2247 4585; x_wconf 57' lang='lat' dir='ltr'><strong>istar’um</strong></span> 
     </span>
    </p>
   </div>
   <div class='ocr_carea' id='block_1_87' title="bbox 2347 4515 3903 4606">
    <p class='ocr_par' dir='ltr' id='par_1_87' title="bbox 2358 4515 3903 4590">
     <span class='ocr_line' id='line_1_87' title="bbox 2358 4515 3903 4590; baseline 0.001 -22"><span class='ocrx_word' id='word_1_587' title='bbox 2358 4515 2629 4583; x_wconf 77' lang='grc' dir='ltr'>κρατῆσαι</span> <span class='ocrx_word' id='word_1_588' title='bbox 2677 4515 2742 4566; x_wconf 81' lang='grc' dir='ltr'><strong>τὸ</strong></span> <span class='ocrx_word' id='word_1_589' title='bbox 2802 4516 3144 4585; x_wconf 77' lang='grc' dir='ltr'>καταϐληθὲν</span> <span class='ocrx_word' id='word_1_590' title='bbox 3196 4520 3278 4582; x_wconf 86' lang='grc' dir='ltr'><strong>είς</strong></span> <span class='ocrx_word' id='word_1_591' title='bbox 3324 4519 3497 4590; x_wconf 78' lang='grc' dir='ltr'>αὐτὴν</span> <span class='ocrx_word' id='word_1_592' title='bbox 3552 4520 3775 4590; x_wconf 82' lang='grc' dir='ltr'>σπέρμα</span> <span class='ocrx_word' id='word_1_593' title='bbox 3819 4516 3903 4571; x_wconf 84' lang='grc' dir='ltr'>τοῦ</span> 
     </span>
    </p>
   </div>
   <div class='ocr_carea' id='block_1_88' title="bbox 678 4621 2250 4693">
    <p class='ocr_par' dir='ltr' id='par_1_88' title="bbox 678 4621 2250 4693">
     <span class='ocr_line' id='line_1_88' title="bbox 678 4621 2250 4693; baseline -0.008 -8"><span class='ocrx_word' id='word_1_594' title='bbox 678 4646 862 4686; x_wconf 87' lang='lat' dir='ltr'><strong>rerum</strong></span> <span class='ocrx_word' id='word_1_595' title='bbox 921 4627 1159 4683; x_wconf 85' lang='lat' dir='ltr'><strong>studiosi</strong></span> <span class='ocrx_word' id='word_1_596' title='bbox 1236 4625 1588 4693; x_wconf 81' lang='lat' dir='ltr'><strong>indagatores</strong></span> <span class='ocrx_word' id='word_1_597' title='bbox 1653 4631 1927 4686; x_wconf 89' lang='lat' dir='ltr'><strong>asserunt,</strong></span> <span class='ocrx_word' id='word_1_598' title='bbox 1969 4621 2250 4674; x_wconf 87' lang='lat' dir='ltr'><strong>mulierem</strong></span> 
     </span>
    </p>
   </div>
   <div class='ocr_carea' id='block_1_89' title="bbox 680 4712 2253 4790">
    <p class='ocr_par' dir='ltr' id='par_1_89' title="bbox 680 4712 2253 4790">
     <span class='ocr_line' id='line_1_89' title="bbox 680 4712 2253 4790; baseline -0.008 -14"><span class='ocrx_word' id='word_1_599' title='bbox 680 4719 842 4790; x_wconf 80' lang='lat'><strong>735</strong></span> <span class='ocrx_word' id='word_1_600' title='bbox 873 4722 1038 4775; x_wconf 88' lang='lat' dir='ltr'><strong>etiam</strong></span> <span class='ocrx_word' id='word_1_601' title='bbox 1090 4718 1255 4771; x_wconf 78' lang='lat' dir='ltr'><strong>veluti</strong></span> <span class='ocrx_word' id='word_1_602' title='bbox 1310 4730 1496 4771; x_wconf 86' lang='lat' dir='ltr'><strong>semen</strong></span> <span class='ocrx_word' id='word_1_603' title='bbox 1549 4712 1825 4781; x_wconf 82' lang='lat' dir='ltr'><strong>quoddam</strong></span> <span class='ocrx_word' id='word_1_604' title='bbox 1859 4728 1887 4764; x_wconf 89' lang='lat' dir='ltr'><strong>a</strong></span> <span class='ocrx_word' id='word_1_605' title='bbox 1941 4727 2061 4767; x_wconf 85' lang='lat' dir='ltr'><strong>sese</strong></span> <span class='ocrx_word' id='word_1_606' title='bbox 2118 4726 2253 4765; x_wconf 91' lang='lat' dir='ltr'><strong>con-</strong></span> 
     </span>
    </p>
   </div>
   <div class='ocr_carea' id='block_1_90' title="bbox 682 4802 2255 4876">
    <p class='ocr_par' dir='ltr' id='par_1_90' title="bbox 682 4802 2255 4876">
     <span class='ocr_line' id='line_1_90' title="bbox 682 4802 2255 4876; baseline -0.007 -12"><span class='ocrx_word' id='word_1_607' title='bbox 682 4805 847 4873; x_wconf 80' lang='lat' dir='ltr'><strong>ferre,</strong></span> <span class='ocrx_word' id='word_1_608' title='bbox 881 4812 1064 4864; x_wconf 77' lang='lat' dir='ltr'><strong>forSan</strong></span> <span class='ocrx_word' id='word_1_609' title='bbox 1098 4811 1178 4865; x_wconf 87' lang='lat' dir='ltr'><strong>sic</strong></span> <span class='ocrx_word' id='word_1_610' title='bbox 1235 4806 1614 4876; x_wconf 77' lang='lat' dir='ltr'><strong>accipiendum</strong></span> <span class='ocrx_word' id='word_1_611' title='bbox 1652 4812 1756 4867; x_wconf 91' lang='lat' dir='ltr'><strong>est,</strong></span> <span class='ocrx_word' id='word_1_612' title='bbox 1785 4802 1853 4857; x_wconf 89' lang='lat' dir='ltr'><strong>ad</strong></span> <span class='ocrx_word' id='word_1_613' title='bbox 1876 4804 2255 4871; x_wconf 83' lang='lat' dir='ltr'><strong>conceptionem</strong></span> 
     </span>
    </p>
   </div>
   <div class='ocr_carea' id='block_1_91' title="bbox 679 4895 2258 4971">
    <p class='ocr_par' dir='ltr' id='par_1_91' title="bbox 679 4895 2258 4971">
     <span class='ocr_line' id='line_1_91' title="bbox 679 4895 2258 4971; baseline -0.006 -16"><span class='ocrx_word' id='word_1_614' title='bbox 679 4902 919 4965; x_wconf 82' lang='lat' dir='ltr'><strong>seminis,</strong></span> <span class='ocrx_word' id='word_1_615' title='bbox 952 4917 1049 4968; x_wconf 86' lang='lat' dir='ltr'><strong>pro</strong></span> <span class='ocrx_word' id='word_1_616' title='bbox 1071 4918 1137 4956; x_wconf 89' lang='lat' dir='ltr'><strong>eo</strong></span> <span class='ocrx_word' id='word_1_617' title='bbox 1162 4902 1308 4971; x_wconf 83' lang='lat' dir='ltr'><strong>quod</strong></span> <span class='ocrx_word' id='word_1_618' title='bbox 1343 4909 1449 4965; x_wconf 88' lang='lat' dir='ltr'><strong>est,</strong></span> <span class='ocrx_word' id='word_1_619' title='bbox 1484 4906 1542 4952; x_wconf 93' lang='lat' dir='ltr'><strong>ut</strong></span> <span class='ocrx_word' id='word_1_620' title='bbox 1565 4907 1619 4953; x_wconf 90' lang='lat' dir='ltr'><strong>et</strong></span> <span class='ocrx_word' id='word_1_621' title='bbox 1664 4899 1780 4967; x_wconf 83' lang='lat' dir='ltr'><strong>ipsa</strong></span> <span class='ocrx_word' id='word_1_622' title='bbox 1814 4895 2258 4951; x_wconf 88' lang='lat' dir='ltr'><strong>subministraret</strong></span> 
     </span>
    </p>
   </div>
   <div class='ocr_carea' id='block_1_92' title="bbox 680 5009 1505 5050">
    <p class='ocr_par' dir='ltr' id='par_1_92' title="bbox 680 5009 1505 5050">
     <span class='ocr_line' id='line_1_92' title="bbox 680 5009 1505 5050; baseline -0.001 0"><span class='ocrx_word' id='word_1_623' title='bbox 680 5009 891 5050; x_wconf 83' lang='lat' dir='ltr'><strong>semen.</strong></span> <span class='ocrx_word' id='word_1_624' title='bbox 1499 5042 1505 5049; x_wconf 90' lang='lat'><strong>.</strong></span> 
     </span>
    </p>
   </div>
   <div class='ocr_carea' id='block_1_93' title="bbox 754 5083 2247 5155">
    <p class='ocr_par' dir='ltr' id='par_1_93' title="bbox 754 5083 2247 5155">
     <span class='ocr_line' id='line_1_93' title="bbox 754 5083 2247 5155; baseline -0.007 -13"><span class='ocrx_word' id='word_1_625' title='bbox 754 5091 828 5142; x_wconf 83' lang='lat' dir='ltr'><strong>Ac</strong></span> <span class='ocrx_word' id='word_1_626' title='bbox 856 5096 1047 5155; x_wconf 71' lang='lat' dir='ltr'><strong>prazter</strong></span> <span class='ocrx_word' id='word_1_627' title='bbox 1073 5085 1248 5139; x_wconf 67' lang='lat' dir='ltr'><strong>artatis</strong></span> <span class='ocrx_word' id='word_1_628' title='bbox 1280 5092 1478 5149; x_wconf 81' lang='lat' dir='ltr'><strong>tempus</strong></span> <span class='ocrx_word' id='word_1_629' title='bbox 1510 5085 1729 5152; x_wconf 84' lang='lat' dir='ltr'><strong>peperit.</strong></span> <span class='ocrx_word' id='word_1_630' title='bbox 1757 5083 1927 5137; x_wconf 79' lang='lat' dir='ltr'><strong>Paulo</strong></span> <span class='ocrx_word' id='word_1_631' title='bbox 1965 5092 2090 5135; x_wconf 83' lang='lat' dir='ltr'><strong>ante</strong></span> <span class='ocrx_word' id='word_1_632' title='bbox 2126 5094 2247 5134; x_wconf 88' lang='lat' dir='ltr'><strong>eam</strong></span> 
     </span>
    </p>
   </div>
   <div class='ocr_carea' id='block_1_94' title="bbox 686 5174 2260 5243">
    <p class='ocr_par' dir='ltr' id='par_1_94' title="bbox 686 5174 2260 5243">
     <span class='ocr_line' id='line_1_94' title="bbox 686 5174 2260 5243; baseline -0.005 -10"><span class='ocrx_word' id='word_1_633' title='bbox 686 5180 924 5234; x_wconf 73' lang='lat' dir='ltr'><strong>sterilem</strong></span> <span class='ocrx_word' id='word_1_634' title='bbox 1006 5178 1141 5232; x_wconf 79' lang='lat' dir='ltr'><strong>dixit</strong></span> <span class='ocrx_word' id='word_1_635' title='bbox 1177 5194 1189 5230; x_wconf 79' lang='grc' dir='ltr'><strong>ι</strong></span> <span class='ocrx_word' id='word_1_636' title='bbox 1226 5190 1374 5229; x_wconf 89' lang='lat' dir='ltr'><strong>nunc</strong></span> <span class='ocrx_word' id='word_1_637' title='bbox 1401 5174 1475 5226; x_wconf 88' lang='lat' dir='ltr'><strong>ait</strong></span> <span class='ocrx_word' id='word_1_638' title='bbox 1508 5175 1652 5241; x_wconf 88' lang='lat' dir='ltr'><strong>quod</strong></span> <span class='ocrx_word' id='word_1_639' title='bbox 1678 5182 1731 5226; x_wconf 89' lang='lat' dir='ltr'><strong>et</strong></span> <span class='ocrx_word' id='word_1_640' title='bbox 1793 5182 1989 5241; x_wconf 83' lang='lat' dir='ltr'><strong>praeter</strong></span> <span class='ocrx_word' id='word_1_641' title='bbox 2047 5182 2260 5243; x_wconf 79' lang='lat' dir='ltr'><strong>tempus</strong></span> 
     </span>
    </p>
   </div>
   <div class='ocr_carea' id='block_1_95' title="bbox 684 5262 2281 5340">
    <p class='ocr_par' dir='ltr' id='par_1_95' title="bbox 684 5262 2281 5340">
     <span class='ocr_line' id='line_1_95' title="bbox 684 5262 2281 5340; baseline -0.009 -17"><span class='ocrx_word' id='word_1_642' title='bbox 684 5273 865 5325; x_wconf 60' lang='lat' dir='ltr'><strong>aetatis</strong></span> <span class='ocrx_word' id='word_1_643' title='bbox 895 5271 1123 5340; x_wconf 85' lang='lat' dir='ltr'><strong>peperit.</strong></span> <span class='ocrx_word' id='word_1_644' title='bbox 1164 5269 1353 5337; x_wconf 86' lang='lat' dir='ltr'><strong>Itaque</strong></span> <span class='ocrx_word' id='word_1_645' title='bbox 1374 5263 1649 5335; x_wconf 82' lang='lat' dir='ltr'><strong>duplicem</strong></span> <span class='ocrx_word' id='word_1_646' title='bbox 1692 5263 1925 5316; x_wconf 87' lang='lat' dir='ltr'><strong>habebat</strong></span> <span class='ocrx_word' id='word_1_647' title='bbox 1966 5262 2281 5324; x_wconf 69' lang='lat' dir='ltr'><strong>defectum,</strong></span> 
     </span>
    </p>
   </div>
   <div class='ocr_carea' id='block_1_96' title="bbox 690 5350 2262 5427">
    <p class='ocr_par' dir='ltr' id='par_1_96' title="bbox 690 5350 2262 5427">
     <span class='ocr_line' id='line_1_96' title="bbox 690 5350 2262 5427; baseline -0.006 -18"><span class='ocrx_word' id='word_1_648' title='bbox 690 5372 859 5409; x_wconf 77' lang='lat' dir='ltr'><strong>unum</strong></span> <span class='ocrx_word' id='word_1_649' title='bbox 893 5367 1117 5421; x_wconf 64' lang='lat' dir='ltr'><strong>naturae,</strong></span> <span class='ocrx_word' id='word_1_650' title='bbox 1139 5357 1282 5427; x_wconf 91' lang='lat' dir='ltr'><strong>quod</strong></span> <span class='ocrx_word' id='word_1_651' title='bbox 1308 5354 1512 5411; x_wconf 88' lang='lat' dir='ltr'><strong>sterilis</strong></span> <span class='ocrx_word' id='word_1_652' title='bbox 1541 5361 1664 5408; x_wconf 89' lang='lat' dir='ltr'><strong>erat</strong></span> <span class='ocrx_word' id='word_1_653' title='bbox 1695 5369 1709 5405; x_wconf 92' lang='lat'>:</span> <span class='ocrx_word' id='word_1_654' title='bbox 1740 5350 1974 5404; x_wconf 87' lang='lat' dir='ltr'><strong>alterum</strong></span> <span class='ocrx_word' id='word_1_655' title='bbox 2004 5359 2262 5403; x_wconf 81' lang='lat' dir='ltr'><strong>senectu-</strong></span> 
     </span>
    </p>
   </div>
   <div class='ocr_carea' id='block_1_97' title="bbox 672 5446 785 5504">
    <p class='ocr_par' dir='ltr' id='par_1_97' title="bbox 672 5446 785 5504">
     <span class='ocr_line' id='line_1_97' title="bbox 672 5446 785 5504; baseline 0 -6"><span class='ocrx_word' id='word_1_656' title='bbox 672 5446 785 5504; x_wconf 8' lang='lat' dir='ltr'><strong>etis.</strong></span> 
     </span>
    </p>
   </div>
   <div class='ocr_carea' id='block_1_98' title="bbox 765 5528 2263 5607">
    <p class='ocr_par' dir='ltr' id='par_1_98' title="bbox 765 5528 2263 5607">
     <span class='ocr_line' id='line_1_98' title="bbox 765 5528 2263 5607; baseline -0.004 -18"><span class='ocrx_word' id='word_1_657' title='bbox 765 5537 905 5604; x_wconf 83' lang='lat' dir='ltr'><strong>Quia</strong></span> <span class='ocrx_word' id='word_1_658' title='bbox 946 5536 1150 5604; x_wconf 78' lang='lat' dir='ltr'><strong>ﬁdelem</strong></span> <span class='ocrx_word' id='word_1_659' title='bbox 1178 5537 1400 5592; x_wconf 83' lang='lat' dir='ltr'><strong>credidit</strong></span> <span class='ocrx_word' id='word_1_660' title='bbox 1436 5553 1555 5592; x_wconf 87' lang='lat' dir='ltr'><strong>eum</strong></span> <span class='ocrx_word' id='word_1_661' title='bbox 1598 5533 2041 5607; x_wconf 80' lang='lat' dir='ltr'><strong>quipromiserat.</strong></span> <span class='ocrx_word' id='word_1_662' title='bbox 2097 5528 2263 5584; x_wconf 83' lang='lat' dir='ltr'><strong>Fide-</strong></span> 
     </span>
    </p>
   </div>
   <div class='ocr_carea' id='block_1_99' title="bbox 2373 4606 3903 4681">
    <p class='ocr_par' dir='ltr' id='par_1_99' title="bbox 2373 4606 3903 4681">
     <span class='ocr_line' id='line_1_99' title="bbox 2373 4606 3903 4681; baseline 0.007 -23"><span class='ocrx_word' id='word_1_663' title='bbox 2373 4606 2646 4677; x_wconf 79' lang='grc' dir='ltr'><strong>Ἀϐραάμ.</strong></span> <span class='ocrx_word' id='word_1_664' title='bbox 2670 4607 2741 4660; x_wconf 87' lang='grc' dir='ltr'><em>Ἢ</em></span> <span class='ocrx_word' id='word_1_665' title='bbox 2770 4609 2954 4679; x_wconf 81' lang='grc' dir='ltr'>ἐπειδή</span> <span class='ocrx_word' id='word_1_666' title='bbox 2987 4627 3148 4678; x_wconf 67' lang='grc' dir='ltr'>φασιν</span> <span class='ocrx_word' id='word_1_667' title='bbox 3174 4612 3223 4664; x_wconf 83' lang='lat' dir='ltr'><strong>oi</strong></span> <span class='ocrx_word' id='word_1_668' title='bbox 3251 4611 3423 4665; x_wconf 82' lang='grc' dir='ltr'>ταῦτα</span> <span class='ocrx_word' id='word_1_669' title='bbox 3451 4612 3903 4681; x_wconf 76' lang='grc' dir='ltr'>ἀκριϐωσάμτνοιο</span> 
     </span>
    </p>
   </div>
   <div class='ocr_carea' id='block_1_100' title="bbox 2361 4694 3903 4779">
    <p class='ocr_par' dir='ltr' id='par_1_100' title="bbox 2361 4694 3903 4779">
     <span class='ocr_line' id='line_1_100' title="bbox 2361 4694 3903 4779; baseline -0.002 -28"><span class='ocrx_word' id='word_1_670' title='bbox 2361 4699 2454 4753; x_wconf 73' lang='grc' dir='ltr'><strong>καὶ</strong></span> <span class='ocrx_word' id='word_1_671' title='bbox 2482 4698 2580 4769; x_wconf 81' lang='grc' dir='ltr'>τὴν</span> <span class='ocrx_word' id='word_1_672' title='bbox 2606 4702 2838 4768; x_wconf 83' lang='grc' dir='ltr'>γυναῖκα</span> <span class='ocrx_word' id='word_1_673' title='bbox 2868 4694 2975 4753; x_wconf 76' lang='grc' dir='ltr'><strong>οἷόν</strong></span> <span class='ocrx_word' id='word_1_674' title='bbox 3018 4718 3069 4753; x_wconf 84' lang='grc' dir='ltr'><strong>τι</strong></span> <span class='ocrx_word' id='word_1_675' title='bbox 3107 4704 3329 4772; x_wconf 84' lang='grc' dir='ltr'>σπέρμα</span> <span class='ocrx_word' id='word_1_676' title='bbox 3362 4704 3455 4769; x_wconf 80' lang='grc' dir='ltr'><strong>ἀφ’</strong></span> <span class='ocrx_word' id='word_1_677' title='bbox 3478 4703 3685 4779; x_wconf 7' lang='grc' dir='ltr'>,ἑαυτῆς</span> <span class='ocrx_word' id='word_1_678' title='bbox 3713 4713 3903 4753; x_wconf 82' lang='grc' dir='ltr'>συνεισ-</span> 
     </span>
    </p>
   </div>
   <div class='ocr_carea' id='block_1_101' title="bbox 2362 4778 3906 4863">
    <p class='ocr_par' dir='ltr' id='par_1_101' title="bbox 2362 4778 3906 4863">
     <span class='ocr_line' id='line_1_101' title="bbox 2362 4778 3906 4863; baseline -0.005 -19"><span class='ocrx_word' id='word_1_679' title='bbox 2362 4791 2534 4857; x_wconf 84' lang='grc' dir='ltr'>ἀγειν,</span> <span class='ocrx_word' id='word_1_680' title='bbox 2564 4794 2774 4863; x_wconf 83' lang='grc' dir='ltr'>μήποτε</span> <span class='ocrx_word' id='word_1_681' title='bbox 2803 4792 2977 4856; x_wconf 76' lang='grc' dir='ltr'>οὕτως</span> <span class='ocrx_word' id='word_1_682' title='bbox 3009 4778 3310 4862; x_wconf 77' lang='grc' dir='ltr'>ἐκληπτέον</span> <span class='ocrx_word' id='word_1_683' title='bbox 3337 4792 3399 4845; x_wconf 76' lang='grc' dir='ltr'>τὸ</span> <span class='ocrx_word' id='word_1_684' title='bbox 3422 4833 3436 4858; x_wconf 91' lang='grc'><strong>,</strong></span> <span class='ocrx_word' id='word_1_685' title='bbox 3461 4795 3546 4857; x_wconf 85' lang='grc' dir='ltr'><strong>εὶς</strong></span> <span class='ocrx_word' id='word_1_686' title='bbox 3586 4788 3906 4852; x_wconf 66' lang='grc' dir='ltr'>καταϐολὴν</span> 
     </span>
    </p>
   </div>
   <div class='ocr_carea' id='block_1_102' title="bbox 2364 4868 3907 4953">
    <p class='ocr_par' dir='ltr' id='par_1_102' title="bbox 2364 4868 3907 4953">
     <span class='ocr_line' id='line_1_102' title="bbox 2364 4868 3907 4953; baseline -0.003 -18"><span class='ocrx_word' id='word_1_687' title='bbox 2364 4877 2724 4953; x_wconf 66' lang='grc' dir='ltr'>σπέρματος-ξ</span> <span class='ocrx_word' id='word_1_688' title='bbox 2759 4886 2881 4939; x_wconf 75' lang='lat' dir='ltr'><strong>dmi.</strong></span> <span class='ocrx_word' id='word_1_689' title='bbox 2935 4868 3049 4946; x_wconf 83' lang='grc' dir='ltr'>τοῦ,</span> <span class='ocrx_word' id='word_1_690' title='bbox 3091 4883 3169 4944; x_wconf 87' lang='grc' dir='ltr'><strong>είς</strong></span> <span class='ocrx_word' id='word_1_691' title='bbox 3215 4883 3276 4935; x_wconf 85' lang='grc' dir='ltr'><strong>τὺ</strong></span> <span class='ocrx_word' id='word_1_692' title='bbox 3314 4881 3639 4941; x_wconf 78' lang='grc' dir='ltr'>καταϐαλεῖν</span> <span class='ocrx_word' id='word_1_693' title='bbox 3666 4884 3757 4935; x_wconf 85' lang='grc' dir='ltr'><strong>καί</strong></span> <span class='ocrx_word' id='word_1_694' title='bbox 3789 4878 3907 4949; x_wconf 75' lang='grc' dir='ltr'>αὐτὴ</span> 
     </span>
    </p>
   </div>
   <div class='ocr_carea' id='block_1_103' title="bbox 2367 4960 3937 5046">
    <p class='ocr_par' dir='ltr' id='par_1_103' title="bbox 2367 4960 3937 5046">
     <span class='ocr_line' id='line_1_103' title="bbox 2367 4960 3937 5046; baseline 0.003 -18"><span class='ocrx_word' id='word_1_695' title='bbox 2367 4976 2607 5046; x_wconf 80' lang='grc' dir='ltr'>σπέρμα.</span> <span class='ocrx_word' id='word_1_696' title='bbox 2832 4960 2837 4967; x_wconf 15' lang='grc' dir='ltr'><em>κ</em></span> <span class='ocrx_word' id='word_1_697' title='bbox 3560 5012 3561 5015; x_wconf 61' lang='grc' dir='ltr'><strong>η</strong></span> <span class='ocrx_word' id='word_1_698' title='bbox 3930 4962 3937 4967; x_wconf 31' lang='lat'><em>.</em></span> 
     </span>
    </p>
   </div>
   <div class='ocr_carea' id='block_1_104' title="bbox 2431 5062 3909 5137">
    <p class='ocr_par' dir='ltr' id='par_1_104' title="bbox 2431 5062 3909 5137">
     <span class='ocr_line' id='line_1_104' title="bbox 2431 5062 3909 5137; baseline -0.006 -14"><span class='ocrx_word' id='word_1_699' title='bbox 2431 5070 2539 5123; x_wconf 83' lang='lat' dir='ltr'><strong>Kal</strong></span> <span class='ocrx_word' id='word_1_700' title='bbox 2563 5068 2719 5137; x_wconf 78' lang='grc' dir='ltr'>παρὰ</span> <span class='ocrx_word' id='word_1_701' title='bbox 2742 5067 2953 5135; x_wconf 78' lang='grc' dir='ltr'>καιρὸν</span> <span class='ocrx_word' id='word_1_702' title='bbox 2974 5066 3212 5134; x_wconf 71' lang='grc' dir='ltr'>ἡλικίας</span> <span class='ocrx_word' id='word_1_703' title='bbox 3235 5067 3462 5120; x_wconf 74' lang='grc' dir='ltr'>ἔτεκεν.</span> <span class='ocrx_word' id='word_1_704' title='bbox 3488 5062 3660 5121; x_wconf 79' lang='grc' dir='ltr'>Εἶπεν</span> <span class='ocrx_word' id='word_1_705' title='bbox 3693 5068 3815 5128; x_wconf 78' lang='grc' dir='ltr'>ἄνω,</span> <span class='ocrx_word' id='word_1_706' title='bbox 3838 5066 3909 5118; x_wconf 77' lang='grc' dir='ltr'>ὅτι</span> 
     </span>
    </p>
   </div>
   <div class='ocr_carea' id='block_1_105' title="bbox 2366 5157 3903 5232">
    <p class='ocr_par' dir='ltr' id='par_1_105' title="bbox 2366 5157 3903 5232">
     <span class='ocr_line' id='line_1_105' title="bbox 2366 5157 3903 5232; baseline -0.002 -19"><span class='ocrx_word' id='word_1_707' title='bbox 2366 5163 2551 5230; x_wconf 84' lang='grc' dir='ltr'>στεῖρα</span> <span class='ocrx_word' id='word_1_708' title='bbox 2588 5157 2657 5231; x_wconf 82' lang='grc' dir='ltr'>ἦν</span> <span class='ocrx_word' id='word_1_709' title='bbox 2685 5178 2697 5191; x_wconf 86' lang='grc'>·</span> <span class='ocrx_word' id='word_1_710' title='bbox 2728 5160 2823 5213; x_wconf 82' lang='grc' dir='ltr'>νῦν</span> <span class='ocrx_word' id='word_1_711' title='bbox 2858 5159 3034 5228; x_wconf 80' lang='grc' dir='ltr'>λέγει,</span> <span class='ocrx_word' id='word_1_712' title='bbox 3060 5159 3146 5219; x_wconf 78' lang='grc' dir='ltr'>ὅτι</span> <span class='ocrx_word' id='word_1_713' title='bbox 3184 5160 3278 5213; x_wconf 72' lang='grc' dir='ltr'>καὶ</span> <span class='ocrx_word' id='word_1_714' title='bbox 3304 5158 3455 5230; x_wconf 84' lang='grc' dir='ltr'>παρὰ</span> <span class='ocrx_word' id='word_1_715' title='bbox 3482 5160 3676 5232; x_wconf 74' lang='grc' dir='ltr'>καιρὸν</span> <span class='ocrx_word' id='word_1_716' title='bbox 3709 5159 3903 5231; x_wconf 78' lang='grc' dir='ltr'>ἡλικίας</span> 
     </span>
    </p>
   </div>
   <div class='ocr_carea' id='block_1_106' title="bbox 2364 5248 3911 5323">
    <p class='ocr_par' dir='ltr' id='par_1_106' title="bbox 2364 5248 3911 5323">
     <span class='ocr_line' id='line_1_106' title="bbox 2364 5248 3911 5323; baseline -0.002 -20"><span class='ocrx_word' id='word_1_717' title='bbox 2364 5254 2570 5305; x_wconf 76' lang='grc' dir='ltr'>ἔτεκεν.</span> <span class='ocrx_word' id='word_1_718' title='bbox 2599 5254 2762 5305; x_wconf 83' lang='grc' dir='ltr'>Ὥστε</span> <span class='ocrx_word' id='word_1_719' title='bbox 2797 5251 2990 5321; x_wconf 85' lang='grc' dir='ltr'>διπλὴν</span> <span class='ocrx_word' id='word_1_720' title='bbox 3022 5248 3143 5321; x_wconf 56' lang='grc' dir='ltr'>εἶχεν</span> <span class='ocrx_word' id='word_1_721' title='bbox 3166 5252 3415 5322; x_wconf 85' lang='grc' dir='ltr'>πήρωσιν</span> <span class='ocrx_word' id='word_1_722' title='bbox 3436 5252 3506 5319; x_wconf 82' lang='grc'><strong>⁸⁸,</strong></span> <span class='ocrx_word' id='word_1_723' title='bbox 3565 5254 3669 5323; x_wconf 79' lang='grc' dir='ltr'>τήν</span> <span class='ocrx_word' id='word_1_724' title='bbox 3717 5271 3774 5306; x_wconf 86' lang='grc' dir='ltr'><strong>τε</strong></span> <span class='ocrx_word' id='word_1_725' title='bbox 3820 5248 3911 5303; x_wconf 73' lang='grc' dir='ltr'>ἀπὸ</span> 
     </span>
    </p>
   </div>
   <div class='ocr_carea' id='block_1_107' title="bbox 2365 5336 3787 5415">
    <p class='ocr_par' dir='ltr' id='par_1_107' title="bbox 2365 5336 3787 5415">
     <span class='ocr_line' id='line_1_107' title="bbox 2365 5336 3787 5415; baseline 0.004 -25"><span class='ocrx_word' id='word_1_726' title='bbox 2365 5340 2600 5407; x_wconf 78' lang='grc' dir='ltr'>φύσεως,</span> <span class='ocrx_word' id='word_1_727' title='bbox 2632 5341 2715 5393; x_wconf 84' lang='grc' dir='ltr'>ὅτι</span> <span class='ocrx_word' id='word_1_728' title='bbox 2743 5343 2933 5409; x_wconf 80' lang='grc' dir='ltr'>στεῖρα</span> <span class='ocrx_word' id='word_1_729' title='bbox 2962 5336 3049 5410; x_wconf 80' lang='grc' dir='ltr'>ἦν,</span> <span class='ocrx_word' id='word_1_730' title='bbox 3077 5343 3169 5393; x_wconf 73' lang='grc' dir='ltr'>καὶ</span> <span class='ocrx_word' id='word_1_731' title='bbox 3196 5341 3298 5412; x_wconf 81' lang='grc' dir='ltr'>τὴν</span> <span class='ocrx_word' id='word_1_732' title='bbox 3327 5341 3435 5396; x_wconf 76' lang='grc' dir='ltr'><strong>ἀπὸ</strong></span> <span class='ocrx_word' id='word_1_733' title='bbox 3456 5343 3549 5396; x_wconf 75' lang='grc' dir='ltr'>τοῦ</span> <span class='ocrx_word' id='word_1_734' title='bbox 3579 5345 3787 5415; x_wconf 82' lang='grc' dir='ltr'><strong>γήρως.</strong></span> 
     </span>
    </p>
   </div>
   <div class='ocr_carea' id='block_1_108' title="bbox 2454 5516 3906 5603">
    <p class='ocr_par' dir='ltr' id='par_1_108' title="bbox 2454 5516 3906 5603">
     <span class='ocr_line' id='line_1_108' title="bbox 2454 5516 3906 5603; baseline 0.011 -31"><span class='ocrx_word' id='word_1_735' title='bbox 2454 5519 2618 5574; x_wconf 76' lang='grc' dir='ltr'>Ἐπεὶ</span> <span class='ocrx_word' id='word_1_736' title='bbox 2688 5522 2906 5574; x_wconf 73' lang='grc' dir='ltr'>πιστὸν</span> <span class='ocrx_word' id='word_1_737' title='bbox 2976 5522 3250 5593; x_wconf 74' lang='grc' dir='ltr'>ἡγήσατο</span> <span class='ocrx_word' id='word_1_738' title='bbox 3324 5527 3432 5582; x_wconf 82' lang='grc' dir='ltr'><strong>τὸν</strong></span> <span class='ocrx_word' id='word_1_739' title='bbox 3498 5516 3906 5603; x_wconf 61' lang='grc' dir='ltr'><strong>ἑπαγτειιάμε·</strong></span> 
     </span>
    </p>
   </div>
   <div class='ocr_carea' id='block_1_109' title="bbox 2061 5702 2637 5770">
    <p class='ocr_par' dir='ltr' id='par_1_109' title="bbox 2061 5702 2637 5770">
     <span class='ocr_line' id='line_1_109' title="bbox 2061 5702 2637 5770; baseline -0.002 -2"><span class='ocrx_word' id='word_1_740' title='bbox 2061 5706 2270 5770; x_wconf 64' lang='lat' dir='ltr'><strong>Variae</strong></span> <span class='ocrx_word' id='word_1_741' title='bbox 2302 5702 2637 5768; x_wconf 87' lang='lat' dir='ltr'><strong>lectiones.</strong></span> 
     </span>
    </p>
   </div>
   <div class='ocr_carea' id='block_1_110' title="bbox 784 5811 2472 5887">
    <p class='ocr_par' dir='ltr' id='par_1_110' title="bbox 784 5811 2472 5887">
     <span class='ocr_line' id='line_1_110' title="bbox 784 5811 2472 5887; baseline -0.007 -13"><span class='ocrx_word' id='word_1_742' title='bbox 784 5822 827 5850; x_wconf 81' lang='lat'>&quot;</span> <span class='ocrx_word' id='word_1_743' title='bbox 862 5818 987 5887; x_wconf 87' lang='grc' dir='ltr'>Οεμ.</span> <span class='ocrx_word' id='word_1_744' title='bbox 1027 5815 1128 5870; x_wconf 85' lang='grc' dir='ltr'>οὐκ</span> <span class='ocrx_word' id='word_1_745' title='bbox 1165 5814 1418 5886; x_wconf 66' lang='grc' dir='ltr'>ἐχούσαις</span> <span class='ocrx_word' id='word_1_746' title='bbox 1450 5829 1502 5871; x_wconf 92' lang='lat' dir='ltr'><strong>o.</strong></span> <span class='ocrx_word' id='word_1_747' title='bbox 1579 5817 1623 5846; x_wconf 82' lang='grc'><strong>⁵⁸</strong></span> <span class='ocrx_word' id='word_1_748' title='bbox 1655 5812 1883 5878; x_wconf 74' lang='grc' dir='ltr'>ἐκείνοις</span> <span class='ocrx_word' id='word_1_749' title='bbox 1914 5832 1967 5869; x_wconf 86' lang='grc' dir='ltr'><strong>ο.</strong></span> <span class='ocrx_word' id='word_1_750' title='bbox 2044 5814 2088 5846; x_wconf 84' lang='grc'><strong>⁸³</strong></span> <span class='ocrx_word' id='word_1_751' title='bbox 2112 5811 2395 5880; x_wconf 74' lang='grc' dir='ltr'>οτείρωσιν</span> <span class='ocrx_word' id='word_1_752' title='bbox 2421 5826 2472 5864; x_wconf 88' lang='grc' dir='ltr'>υ.</span> 
     </span>
    </p>
   </div>
  </div>
