4056 6340
163 376 284 439 3.9

893 377 1297 441 EXPOSITIO
1335 381 1417 442 IN
1445 382 1688 447 EPIST.
1725 385 1825 445 AD
1854 386 2248 448 IIEBRAEOS.
2275 413 2343 422 —
2376 388 2535 450 CAP.
2565 377 2672 450 ΧΓ.

3318 399 3424 466 350.

165 503 313 541 νον.
349 485 573 552 Πιστδν,
626 493 904 540 τουτέστιν
949 487 1163 558 ἀληθῆ,
1206 489 1569 559 ἐπηγγείλατο
1600 491 1708 557 γάρ
1734 507 1747 520 ο

1858 491 1982 555 lem,
2017 493 2065 545 id
2097 503 2179 548 est
2225 509 2407 547 verum
2441 513 2456 556 ;
2515 497 2839 565 promiserat
2886 500 3028 553 cnim
3057 518 3070 554 :
3103 500 3257 556 Circa
3285 505 3421 559 illud

167 580 344 632 Κατὰ
366 581 476 633 τὸν
495 579 705 647 καιρὸν
729 579 943 632 τοῦτον
973 580 1322 648 ἐλεύσομαι,
1355 581 1451 634 καὶ
1478 581 1650 634 ἔσται
1680 580 1752 649 τῇ

166 673 382 741 saepe
411 675 560 737 υιός.
1233 693 1236 696 ~
1630 741 1636 744 ν

241 767 348 818 Διὸ
374 765 473 818 καὶ
500 765 599 833 ἀφ’
624 767 671 797 ⁵⁸
698 765 720 814 ἐ
730 763 838 829 νὸς
859 764 1296 833 ἐγεννήθησαν,
1323 763 1420 816 καί
1455 763 1638 816 ταῦτα
1669 780 1756 815 νε-

165 857 586 924 νεκρωμένου,
642 854 836 921 καθὼς
888 857 961 908 τὰ
1013 855 1206 921 ἄστρα
1251 854 1356 907 τοῦ
1386 856 1644 922 οὐρανοῦ
1677 857 1755 920 τῷ

167 950 426 1014 πλήρει,
457 950 555 1004 καὶ
589 951 668 1014 ὡς
712 951 749 1016 ἠ
773 947 984 1021 ,ἅμμος
1030 949 1069 1015 ἠ
1109 947 1267 1015 παρὰ
1298 949 1363 1000 τὸ
1411 947 1611 1016 χείὶος
1648 949 1761 1013 τῆς,

167 1043 537 1106 θαλάσσης,
569 1041 607 1108 ἡ
634 1040 1055 1107 ἀναρίθμητος.
1092 1039 1163 1090 Οὐ
1193 1038 1348 1090 τοῦτο
1383 1039 1538 1106 μόνον
1568 1040 1751 1108 ἐποίη-

167 1149 267 1184 σεν
317 1133 354 1202 ή
389 1133 597 1195 πίστις,
645 1131 706 1181 τὸ
751 1131 1033 1199 γεννῆσαι,
1090 1128 1307 1180 ἀλλ’ὅτι
1335 1129 1425 1182 καὶ
1447 1129 1753 1194 τοσούτους,

165 1223 344 1286 ἰσους
372 1222 493 1274 οὐδὲ
522 1223 578 1273 al.
610 1219 831 1290 εὕφοροι
865 1222 1139 1286 γυναῖκες.
1160 1220 1322 1271 Ὥστε
1363 1219 1455 1271 δύο
1480 1219 1754 1286 θαύματα.

168 1316 307 1368 Ιιῖτ
361 1315 419 1368 δὲ
483 1310 627 1385 ἦσαν
691 1313 1092 1383 ἀναρίθμητοις
1167 1312 1584 1382 Ἥριθμήθησαν
1647 1313 1755 1381 γὰρ

168 1405 466 1468 πολλάκις.
531 1406 685 1457 Ἤτοι
753 1402 882 1470 γοῦν
938 1401 1311 1473 ὑπερϐολικῶς
1396 1403 1554 1454 τοῦτο
1609 1402 1757 1471 εἴρη-

166 1515 263 1548 ττι
319 1498 466 1550 κατὰ
518 1497 616 1567 τὴν
678 1496 964 1566 συνήθειαν
1031 1495 1132 1566 τῆς
1211 1494 1456 1565 Γραφῆς,
1513 1495 1587 1558 ὼς
1650 1498 1752 1547 τό·

171 1587 222 1641 Ε
230 1591 248 1625 7
252 1589 445 1658 δομεν
465 1591 674 1652 πόλεις
704 1588 840 1656 ἄχρι
864 1590 970 1642 τοῦ
993 1588 1252 1656 οὐρα-νοῦ
1278 1605 1291 1617 ·
1324 1588 1357 1658 ἢ
1382 1587 1470 1641 διὰ
1497 1589 1623 1651 τοὺς
1671 1590 1756 1641 ἀεὶ

171 1682 597 1749 ἐπιγινομένους
629 1677 748 1733 εἶπε
773 1681 834 1733 τὸ
855 1682 1247 1751 ἀναρίθμητον.

243 1773 417 1826 Κατὰ
455 1774 663 1826 πίστιν
709 1757 1014 1826 ἀπέθανον
1063 1769 1228 1827 οὗτοι
1262 1772 1502 1838 πάντες,
1535 1774 1621 1841 μὴ
1659 1792 1754 1826 κο-

162 1865 500 1932 μισάμενοι
521 1868 566 1898 ⁵⁸
597 1866 704 1930 τὰς
742 1850 1121 1934 ἐπαγγελίας.
1162 1867 1264 1918 Δύο
1293 1866 1528 1918 ἐνταῦθα
1560 1866 1746 1934 ζητεῖ-

167 1971 265 2021 ται
292 1973 306 1985 ·
336 1955 456 2019 πῶς
489 1955 658 2009 εἰπὼν
689 1955 816 2026 περὶ
849 1956 942 2008 τοῦ
975 1956 1163 2026 Ἑνὼχ,
1191 1957 1294 2021 ὅτι,
1329 1956 1620 2023 Μετετέθη
1648 1958 1752 2010 τοῦ

164 2047 256 2116 μὴ
312 2047 464 2101 ἰδεῖν
507 2048 799 2111 θάνατον·
851 2048 947 2101 νῦν
989 2049 1156 2116 λέγει,
1205 2048 1534 2102 Ἀπέθανον
1588 2044 1752 2103 οὗτοι

171 2138 450 2205 adv-rec;
480 2141 587 2193 Καὶ
613 2140 800 2205 πάλιν,
846 2141 962 2204 πῶς
1000 2137 1118 2193 εἶπε
1165 2141 1279 2203 νῦν,
1321 2141 1401 2193 ὅτι
1433 2142 1533 2192 οὐκ
1563 2140 1754 2192 ἔλαϐον

169 2228 274 2291 τὰς
304 2230 664 2297 ἐπαγγελίας,
695 2230 938 2296 καίτοιγε
969 2230 1060 2283 τὸν
1095 2229 1261 2282 Ἀὀελ
1289 2230 1368 2282 ἔτι
1401 2230 1580 2282 λαλεῖν
1607 2226 1748 2292 εἷπε,

170 2316 264 2370 διὰ
329 2319 426 2370 τοῦ
463 2321 612 2390 παρὰ
665 2322 803 2373 πᾶσι
855 2319 1212 2385 δοξάζεσθαις
1283 2321 1392 2374 Καὶ
1454 2321 1543 2373 τὸν
1584 2322 1752 2390 Ἑνὼχ

173 2411 573 2481 μετατεθῆναι,
601 2413 691 2467 τὸν
727 2413 850 2466 Νῶε
908 2414 1098 2488 μισθῷν
1128 2414 1334 2478 λαϐεῖν,
1405 2415 1465 2467 τδ
1511 2400 1751 2484 σωθῆναι

175 2503 322 2572 μετά
356 2503 450 2557 τοῦ
486 2505 636 2558 οίκου
691 2504 879 2571 αὐτοῦ,
939 2507 1032 2558 καὶ
1073 2506 1133 2559 τὸ
1200 2506 1404 2558 δίκαιον
1451 2507 1750 2575 κληθῆναιο

176 2597 273 2648 καὶ
328 2600 420 2650 τὸν
457 2597 707 2668 Ἀϐραὰμ
739 2599 1124 2668 παιδοποιῆσαι
1155 2602 1218 2653 ἐκ
1264 2600 1363 2669 τῆς
1411 2601 1648 2670 Σάρρας.
1681 2602 1752 2653 Τὸ

177 2684 280 2752 μὲν
321 2682 416 2739 οὖν
440 2704 454 2718 ⁸
498 2689 819 2742 Ἀπέθανον
842 2684 1006 2742 οὗτοι
1031 2689 1270 2754 πάντες,
1300 2691 1448 2756 δέξαι
1474 2692 1595 2748 ἀντὶ
1623 2691 1715 2743 τοῦ
1733 2708 1748 2724 ·

177 2781 239 2830 υἱ
261 2778 612 2849 τεθνηκότες,
646 2778 1063 2850 ὑπεξῃρημένου
1097 2781 1294 2850 δηλαδὴ
1320 2781 1412 2833 τοῦ
1449 2783 1521 2851 μὴ
1557 2783 1752 2844 ίόὁντος

179 2870 438 2925 θάνατον.
471 2872 543 2924 Τὸ
575 2872 631 2924 δὲ
681 2873 758 2940 μὴ
792 2873 980 2925 λαϐεῖν
1014 2873 1114 2936 τὰς
1149 2874 1501 2941 ἐπαγγελίας,
1553 2873 1752 2940 ἀληθὲς

178 2965 312 3031 περὶ
349 2964 566 3016 πάντων
593 2962 907 3032 λεγόμενον.
939 2966 1014 3018 Οὑ
1045 2965 1151 3033 γὰρ
1187 2966 1277 3017 ἐπὶ
1310 2963 1518 3026 τούτοις
1572 2966 1753 3032 μόνοις

176 3055 204 3106 ὁ
235 3057 625 3126 μεγαλόδωρος
654 3055 785 3117 Θεὸς
836 3041 1045 3109 διέλυσε
1080 3057 1205 3118 τοὺς
1235 3056 1461 3125 μισθοὺς
1496 3057 1603 3108 τῶν
1654 3075 1750 3125 με·

1858 591 2056 650 tempus
2105 587 2325 651 veniam,
2347 598 2394 640 et
2413 590 2512 641 erit
2541 587 2754 643 Sarrlia:
2780 591 2942 658 ﬁlius.

1929 763 2088 818 Vens.
2128 765 2212 819 12.
2252 766 2475 832 Propter
2512 768 2650 836 quod
2678 778 2726 821 et
2777 770 2840 822 ab
2891 788 2993 824 uno
3025 774 3124 825 orti
3154 787 3294 840 sunt,
3335 794 3423 828 eo-

1856 873 1952 925 que
1973 867 2224 922 emortuo,
2250 870 2497 928 tanquam
2525 863 2698 914 sidera
2723 865 2839 916 ειείὶ
2868 867 2917 918 in
2946 867 3348 933 multitudinem,
3373 883 3421 926 et

1857 950 1990 1002 sicut
2013 967 2173 1002 arena
2201 969 2310 1018 qua'
2331 962 2406 1004 est
2426 953 2493 1004 ad
2512 971 2657 1006 oram
2679 959 2837 1009 maris
2867 959 3283 1015 innumerabilis.
3307 962 3420 1016 Non

1861 1043 1961 1093 hoc
1991 1049 2200 1094 tantum
2225 1043 2399 1096 ell'ecit
2427 1045 2556 1100 ﬁdes
2589 1057 2643 1099 ut
2679 1049 2868 1114 pariat,
2917 1065 3104 1103 verum
3150 1053 3308 1105 etiam
3368 1065 3423 1105 ιιι

1860 1139 1937 1184 tot
1975 1143 2108 1202 quot
2144 1150 2208 1188 ne
2253 1135 2495 1190 fecunda:
2529 1139 2746 1206 quidem
2781 1141 3053 1195 mulieres.
3082 1141 3266 1211 Itaque
3319 1144 3425 1197 duo

1858 1223 1947 1275 hic
1973 1233 2099 1276 sunt
2152 1227 2436 1281 miracula.
2472 1229 2752 1294 Quomodo
2803 1242 2979 1286 autem
3014 1234 3231 1289 luerunt
3266 1238 3426 1290 innu-

1859 1317 2341 1372 mcrahiles?Nam
2419 1322 2558 1375 haud
2653 1338 2775 1376 raro
2835 1330 3420 1383 numerabantur.Aut

1860 1409 2025 1476 igitur
2057 1410 2157 1462 hoc
2185 1412 2530 1480 hyperbolice
2554 1413 2757 1467 dictum
2793 1425 2899 1478 est,
2925 1417 3077 1484 juxta
3133 1419 3428 1488 Scriptura:

1859 1502 2327 1561 consuetuditmm.
2362 1512 2416 1555 ut
2450 1503 2577 1557 illud
2623 1523 2635 1558 :
2686 1505 2918 1560 Vidimus
2962 1511 3111 1562 urbes
3150 1516 3217 1562 ad
3243 1511 3434 1564 caelum'

1859 1606 2020 1655 usque
2079 1588 2292 1643 eductus
2340 1590 2436 1643 M’:
2492 1601 2584 1644 aut
2648 1593 2791 1660 quod
2846 1610 3059 1664 semper
3133 1611 3429 1652 nascantur

1858 1682 1969 1742 alii,
2006 1681 2126 1734 idco
2163 1682 2556 1736 iunumerabile
2579 1683 2730 1736 dixit.

1935 1772 2093 1826 Vens.
2137 1773 2222 1826 15.
2261 1772 2429 1826 Juxta
2460 1774 2615 1841 [idem
2656 1775 2886 1843 defuncti
2929 1786 3046 1829 sunt
3098 1794 3275 1829 sumes
3317 1781 3429 1841 isti,

1857 1880 1958 1915 non
1989 1865 2210 1931 acceptis
2247 1867 2752 1931 repromissionibus.
2806 1867 2922 1919 Duo
2960 1869 3044 1921 hic
3066 1856 3424 1935 qn:eruntut":

1855 1953 2137 2020 Quomodo
2161 1971 2283 2008 cum
2311 1955 2375 2009 de
2415 1955 2594 2010 Enoch
2627 1957 2887 2011 dixisset:
2929 1956 3239 2012 Translatus
3265 1971 3340 2012 est
3371 1976 3431 2013 ne

1854 2049 2046 2102 videret
2105 2059 2346 2113 mortem,
2389 2065 2534 2102 nunc
2568 2048 2734 2110 dicat,
2788 2049 2987 2100 Μονιαί
3021 2057 3142 2101 sunt
3199 2050 3288 2101 isti
3321 2066 3432 2100 om-

1854 2140 1980 2192 nes?
2005 2138 2080 2192 Ac
2112 2155 2323 2204 rursus,
2359 2140 2449 2208 qui
2482 2139 2682 2193 dixerit
2711 2156 2876 2202 nunc,
2900 2157 2993 2196 eos
3022 2157 3127 2194 non
3157 2143 3432 2210 aCCepisse

1854 2231 2265 2300 promissiones,
2305 2248 2426 2286 cum
2454 2233 2684 2285 Abelum
2739 2243 2918 2286 tamen
2970 2235 3148 2286 adhuc
3181 2233 3326 2300 loqui
3356 2233 3434 2286 af-

1854 2324 2101 2389 ﬁrmarit,
2161 2320 2600 2394 quandoquidem
2650 2324 2788 2391 apud
2835 2335 3060 2378 cunctos
3091 2324 3433 2378 celebretur?

1853 2416 2060 2472 Deinde
2106 2417 2282 2486 ipsum
2322 2415 2503 2470 Enoch
2534 2417 2855 2470 translatum
2884 2432 3023 2480 esse,
3051 2431 3112 2470 ac
3141 2415 3250 2470 Noe
3293 2432 3435 2470 mer-

1854 2508 2040 2564 cedem
2095 2508 2389 2573 accepisse.
2433 2517 2489 2560 ut
2519 2517 2935 2561 conservaretur
2972 2508 3088 2576 ipse
3125 2521 3246 2560 cum
3271 2506 3434 2560 domo

1857 2619 1974 2667 sua,
2015 2611 2069 2655 et
2135 2613 2192 2654 ut
2221 2603 2404 2667 justus
2441 2609 2735 2653 vocaretur
2771 2617 2785 2653 :
2846 2601 3216 2653 Abrahamum
3269 2599 3430 2653 etiam

1856 2695 2055 2747 liberos
2080 2693 2396 2764 procreass‘e
2448 2707 2510 2745 ex
2545 2690 2764 2743 Sarrha.
2806 2689 3037 2744 Proinde
3071 2689 3253 2755 istud;
3289 2688 3436 2743 Mor-

1855 2787 1930 2839 tui
1958 2795 2074 2837 sunt
2127 2785 2216 2838 isti
2246 2776 2445 2846 omnes,
2525 2783 2711 2851 accipe
2765 2798 2902 2850 pro:
2967 2781 3156 2834 Mortui
3213 2781 3428 2849 quidem

1855 2887 2001 2942 sunt,
2046 2889 2270 2946 excepto
2329 2867 2536 2948 co\qui
2594 2867 2820 2926 mortem
2859 2889 2966 2926 non
3005 2875 3156 2927 νίειίι.
3191 2875 3259 2926 At
3301 2889 3431 2926 vero

1853 2969 1995 3038 quod
2040 2985 2142 3021 uou
2174 2951 2485 3035 acceperint
2549 2964 2967 3033 promissiones,
2997 2980 3122 3017 vere
3157 2963 3224 3017 de
3253 2963 3433 3017 omni-

1853 3060 1953 3112 bus
1979 3059 2178 3110 dictum
2232 3067 2332 3110 est.
2363 3054 2479 3109 Non
2511 3055 2656 3108 enim
2704 3069 2804 3122 per
2831 3054 2943 3107 lucc
2974 3063 3181 3106 tantum
3213 3055 3430 3108 monili.

177 3148 366 3212 γάΛων
398 3149 662 3215 καμάτων
690 3147 788 3214 τῆς
820 3148 1084 3211 πίστεως,
1117 3147 1196 3216 τῷ
1234 3148 1333 3217 μὲν
1371 3148 1536 3200 Ἀὀελ
1569 3150 1659 3199 ἐπὶ
1686 3151 1747 3216 τῇ

1858 3149 2230 3206 centisssimus
2251 3148 2389 3201 Deus
2413 3146 2673 3216 persolvit
2693 3161 3005 3213 magnorum
3044 3147 3162 3198 lidei
3190 3147 3432 3199 laborum

179 3239 313 3305 παρ’
345 3236 657 3306 ἀνθρώποις
688 3238 836 3309 δόξῃ,
857 3238 935 3308 τῷ
964 3240 1019 3292 δὲ
1035 3238 1206 3309 Ἑνὼχ
1235 3239 1328 3292 ἐπὶ
1353 3243 1416 3308 τῇ
1445 3231 1775 3307 μεταθέσει,-

178 3326 256 3396 τῷ
280 3326 338 3379 δὲ
362 3328 484 3380 Νῶε
519 3327 612 3380 ἐπὶ
641 3331 706 3399 τῇ
735 3331 798 3382 ἐκ
826 3329 918 3381 τοῦ
948 3329 1337 3397 κατακλυσμοῦ
1371 3329 1637 3397 σωτηρία,
1659 3331 1754 3380 καὶ

180 3419 261 3489 τῷ
297 3420 553 3492 ’Δϐραάμ
609 3422 702 3473 ἐπὶ
760 3423 824 3489 τῇ
875 3421 1189 3490 παιδοποιῒᾳ
1220 3439 1231 3450 ·
1268 3420 1404 3472 ἀλλά
1465 3420 1646 3488 δῆλον,
1680 3421 1756 3481 ὡς

183 3511 358 3563 ταῦτα
391 3511 489 3579 μὲν
518 3509 768 3578 γεύματα
813 3510 906 3562 καὶ
935 3509 1256 3581 aegaeon;
1287 3512 1392 3562 είσι
1437 3510 1545 3560 τῶν
1567 3509 1755 3576 ἀληθι-

179 3599 285 3651 νῶν
335 3599 702 3666 ἐπαγγελιῶν,
735 3600 825 3652 διὰ
856 3601 984 3662 τοὺς
1045 3598 1417 3668 μικροψύχους
1464 3598 1617 3666 ἡμᾶς
1641 3601 1754 3660 τοῖς

178 3691 360 3758 ἁγίοις
389 3691 770 3762 προδιδόμενα,
808 3691 894 3742 ἵνα
923 3690 1031 3742 ἀπὸ
1080 3687 1284 3742 τούτων
1319 3688 1412 3740 καὶ
1443 3704 1571 3757 περι
1606 3689 1750 3740 ὲκεί-

182 3801 290 3836 νων
315 3783 682 3853 πιστεύωμεν.
718 3782 887 3836 Ἀλλα
915 3781 971 3834 δέ
1004 3799 1126 3834 τινα
1175 3779 1406 3849 μεγάλα,
1457 3781 1551 3831 καὶ
1600 3779 1635 3832 ὃ.
1662 3780 1754 3830 ἐπὶ

181 3875 413 3943 καρδίαν
445 3873 734 3944 ἀνθρώπου
761 3873 860 3926 οὐκ
899 3872 1087 3940 ἀνέδη,
1121 3870 1449 3942 ἡτοίμασται
1480 3869 1684 3933 αὐτοῖς,
1721 3867 1756 3921 ἃ

181 3966 335 4019 οὔπω
359 3966 570 4026 ἔλαϐον,
605 3965 794 4033 ὥσπερ
823 3967 919 4017 καὶ
950 3967 977 4016 δ
1024 3963 1229 4032 Κύριός
1258 3978 1426 4029 φησιν
1455 3963 1511 4012 ὲν
1537 3960 1615 4030 τῷ
1648 3962 1753 4012 Εὐ-

181 4057 446 4124 αγγελίῳ,
499 4056 557 4110 ὲν
585 4053 662 4122 τῷ
692 4054 787 4108 νῦν
819 4053 1553 4120 αἱῶνιηέκατονταπλασίονα
1593 4052 1753 4120 λήψε-

185 4146 308 4200 σθαι
344 4147 436 4200 τὸν
463 4145 900 4218 ἀποταξάμενον,
931 4145 1027 4200 καὶ
1081 4145 1140 4198 ὲν
1176 4143 1253 4215 τῷ
1311 4143 1560 4214 μέλλοντι
1611 4144 1754 4215 ζωὴν

183 4239 421 4293 αἰώνιον.

263 4418 453 4472 Ἀλλὰ
500 4417 804 4486 πόρῤωθεν
831 4414 1020 4481 αὑτὰς
1055 4414 1288 4478 ίδόντες
1317 4413 1418 4468 καί
1463 4414 1754 4469 ἀσπασά-

1859 3240 2155 3299 mercedes.
2195 3240 2364 3291 Ahelo
2397 3237 2616 3305 quidem
2671 3251 2763 3304 per
2795 3237 3024 3305 gloriam
3079 3236 3221 3304 apud
3259 3237 3434 3290 lio-isi-

1857 3348 1974 3393 nes,
2001 3331 2181 3382 Enocb
2215 3344 2344 3382 vero
2393 3343 2488 3397 per
2537 3326 2972 3388 translationem,
3012 3336 3124 3380 tum
3177 3326 3288 3380 Noe
3331 3326 3434 3394 ipsi

1857 3437 1951 3489 per
1989 3421 2467 3475 conservationem
2503 3435 2569 3472 ex
2597 3418 2826 3476 diluvio,
2852 3417 3049 3470 deinde
3081 3418 3312 3490 Abrahae
3343 3433 3437 3485 per

1857 3511 1948 3562 lilii
2000 3509 2433 3578 procreationem
2480 3525 2493 3561 :
2554 3521 2742 3559 verum
2796 3505 3148 3574 perspicuum
3181 3514 3264 3558 est
3317 3504 3433 3559 haec

1855 3616 1976 3655 esse
2006 3600 2172 3653 veluti
2197 3608 2393 3668 gustus
2425 3597 2694 3667 quosdam
2732 3606 2785 3649 ct
2815 3594 3149 3648 arrhabones
3183 3608 3433 3646 verarum

1858 3695 2310 3764 promissionum,
2374 3700 2597 3760 pr0pler
2645 3690 3148 3758 pusillanintilatmn
3186 3696 3436 3739 nostram

1854 3785 2057 3838 sanctis
2085 3783 2236 3852 prius
2261 3781 2481 3843 tradita,
2518 3789 2576 3843 ut
2609 3780 2676 3832 ab
2712 3779 2796 3832 his
2831 3777 3000 3842 docti,
3032 3777 3098 3831 de
3130 3776 3234 3829 illis
3269 3776 3432 3829 etiam

1856 3877 1910 3930 in
1947 3876 2048 3930 (ide
2070 3876 2369 3929 lit-tuemur.
2399 3874 2516 3928 Alia
2549 3886 2714 3942 porro
2787 3870 3034 3940 quaedam
3091 3869 3351 3938 ingentia,
3383 3875 3439 3920 et

1855 3985 1975 4037 qtue
2022 3953 2074 4020 in
2128 3983 2223 4020 cor
2247 3968 2481 4019 hominis
2553 3981 2662 4017 non
2722 3961 3202 4019 conscenderunt,
3248 3967 3436 4026 parata

1855 4067 1984 4114 sunt
2017 4060 2120 4132 eis,
2158 4073 2278 4124 qua:
2310 4055 2548 4109 nondum
2595 4058 2952 4120 acceperunt,
2996 4051 3138 4103 sicut
3172 4057 3226 4102 et
3251 4048 3437 4101 Domi-

1858 4168 1959 4204 nus
1988 4151 2125 4204 dixit
2150 4151 2204 4204 in
2233 4142 2544 4216 Evangelio,
2581 4146 2694 4199 fore
2725 4155 2782 4198 ut
2814 4145 2859 4198 is
2938 4142 3031 4209 qui
3079 4139 3331 4194 omnibus
3359 4155 3441 4194 rc-

1857 4246 2181 4307 nuutiasset,
2215 4241 2524 4309 centuplum
2560 4238 2614 4291 in
2676 4237 2781 4291 hoc
2846 4234 3047 4290 saeculo
3073 4234 3339 4300 reciperet
3370 4230 3440 4297 "’,

1857 4349 1911 4392 et
1935 4337 2096 4389 vitam
2120 4347 2374 4389 aeternam
2405 4333 2457 4386 in
2496 4330 2697 4384 futuro.

1925 4427 2029 4483 Sed
2063 4445 2098 4481 α
2140 4428 2288 4496 longe
2314 4443 2403 4478 eas
2454 4424 2758 4490 aspicientes
2809 4432 2857 4473 et
2903 4421 3220 4473 salutantes.
3261 4414 3431 4485 736

181 4525 369 4575 μενοι.
425 4509 686 4560 Ἐνταῦθα
745 4508 1042 4562 αἰνίττεται
1101 4508 1300 4570 αὐτοὺς
1343 4507 1412 4560 τά
1462 4510 1589 4576 περὶ
1653 4509 1750 4577 τῆς

1859 4519 1958 4573 Hic
1987 4519 2167 4580 innuit
2207 4531 2301 4568 eos
2361 4516 2427 4567 de
2499 4528 2662 4581 regno
2720 4512 3008 4573 caelorum,
3067 4517 3121 4563 et
3153 4522 3438 4561 resurrec-

189 4598 467 4667 βασιλείας
493 4598 602 4650 τῶν
632 4599 897 4665 οὐρανῶν,
961 4599 1057 4650 καὶ
1101 4601 1202 4666 τῆς
1237 4597 1604 4661 ἀναστάσεως,
1657 4598 1755 4649 καὶ

187 4691 298 4742 τῶν
345 4690 606 4762 ἀρρήτων
665 4688 889 4757 ἀγαθῶν
929 4690 1206 4760 μυρτήρια
1262 4689 1358 4741 καὶ
1421 4689 1630 4751 ἰδόντας
1658 4689 1755 4742 καὶ

188 4782 628 4850 ἀσπασαμένους,
657 4780 934 4834 τουτέστιν
963 4780 1250 4852 ῂσθέντας,
1300 4779 1408 4834 ἀπὸ
1443 4783 1756 4851 μεταφορᾶς

189 4874 295 4927 τῶν
319 4873 612 4935 πλεόντων,
638 4873 732 4927 καὶ
761 4871 1043 4944 πόρρωθεν
1065 4871 1318 4943 ὁρώντων
1343 4874 1528 4935 πόλεις
1561 4875 1758 4927 ποθου-

194 4967 378 5033 μένας,
410 4965 476 5028 ἃς
502 4965 689 5036 πρὶνῇ
719 4965 985 5018 εἰσελθεῖν
1013 4967 1093 5028 είς
1123 4964 1312 5030 αὑτὰς,
1348 4965 1755 5033 προφθάνοντες

192 5060 512 5114 οἰκειοῦνται
537 5064 602 5132 τῇ
626 5062 1028 5133 προσρήσει.“Η
1057 5060 1151 5113 καὶ
1173 5062 1299 5123 τοὺς
1331 5059 1458 5130 περὶ
1503 5059 1758 5130 Ἀϐραάμ

193 5167 372 5218 φησιν,
405 5153 486 5204 δτι
519 5154 672 5206 αὐτοὶ
695 5153 796 5223 μὶν
829 5155 930 5206 οὐκ
956 5151 1146 5205 ἔλαϐον
1177 5152 1275 5216 τὰς
1296 5151 1631 5218 ἐπαγγελίας
1654 5151 1755 5214 τὰς

193 5241 316 5315 περὶ
353 5242 456 5310 τῆς
482 5247 610 5314 γῆς,
639 5244 924 5317 πόρρωθεν
974 5245 1030 5297 δὲ
1084 5246 1331 5315 προεῖδον
1365 5243 1556 5306 αὐτάς,
1595 5260 1755 5294 τουτ-

195 5334 325 5397 έστι,
351 5332 459 5404 πρὸ
489 5336 772 5405 τεσσάρων
798 5337 1002 5406 γενεῶν
1020 5351 1037 5368 ⁶
1065 5338 1147 5390 ὅτι
1169 5339 1218 5390 οί
1243 5337 1454 5404 ἔκγονοι
1487 5335 1667 5389 αὐτῶν
1699 5335 1756 5401 ἐξ

197 5425 469 5495 Αἰγύπτου
492 5426 736 5489 ἀνιόντες
761 5429 1231 5500 κληρονομήσουσι
1259 5428 1483 5491 ταύτας.
1517 5426 1669 5496 Mm;
1697 5426 1757 5477 δὲ

301 5607 344 5638 ³⁸
371 5602 531 5659 Num.
553 5619 674 5673 xm,
694 5604 784 5660 29.
859 5607 904 5639 "
928 5605 1117 5663 Matth.
1145 5623 1258 5675 xu,
1287 5607 1378 5664 29.

1859 4611 2025 4672 tione,
2058 4616 2110 4662 et
2133 4606 2492 4661 inelI-abilibus
2554 4605 2711 4680 bonis
2764 4605 3016 4673 mysteria
3084 4609 3197 4654 tum
3234 4599 3430 4652 vidisse

1870 4711 1985 4755 tum
2020 4700 2312 4763 salutasse,
2379 4699 2482 4753 hoc
2533 4707 2616 4753 cst
2681 4697 2938 4758 sensisse,
2991 4701 3204 4759 sumpta
3264 4701 3438 4742 meta-

1864 4793 2035 4862 phora
2081 4807 2110 4844 a
2165 4791 2551 4857 navigantibus
2585 4799 2638 4840 ct
2671 4785 2858 4855 procul
2890 4782 3248 4837 cernentibus
3278 4780 3442 4834 urbes

1866 4885 2222 4948 desideratas,
2248 4897 2402 4950 quas,
2439 4881 2758 4947 priusquam
2812 4875 3192 4944 ingrediantur
3239 4873 3291 4926 in
3323 4888 3438 4933 eas,

1868 4975 2261 5047 prtevenientes
2320 4969 2662 5022 familiariter
2717 4967 2983 5020 salutant.
3043 4965 3136 5018 Vel
3192 4961 3436 5015 Abraha-

1867 5081 2014 5121 mum
2044 5080 2168 5118 cum
2191 5079 2282 5116 sua
2317 5062 2506 5116 sobole
2552 5075 2650 5114 sua
2717 5059 2991 5128 intelligit,
3050 5056 3303 5125 quoniam
3333 5052 3436 5119 ipsi

1865 5171 1971 5210 non
1997 5165 2318 5222 acceperunt
2341 5151 2732 5222 promissiones
2772 5151 2839 5204 de
2899 5161 3059 5211 terra,
3093 5161 3122 5198 a
3156 5145 3315 5213 longe
3341 5157 3435 5192 au.

1865 5255 1970 5301 tem
2005 5244 2369 5314 prmvideruut
2397 5259 2510 5307 eas,
2551 5245 2652 5297 hoc
2694 5251 2798 5301 est,
2856 5246 2982 5293 ante
3017 5245 3252 5307 quatuor
3274 5245 3426 5300 gene-

1862 5337 2102 5391 rationes
2140 5351 2153 5387 :
2190 5333 2334 5404 quod
2370 5332 2572 5403 posteri
2612 5345 2799 5385 eorum
2849 5344 2912 5383 ex
2969 5327 3200 5397 [Egypto
3235 5336 3439 5376 ascen—

1871 5429 2087 5492 dentes,
2151 5427 2519 5482 haareditatem
2570 5437 2756 5478 eurum
2787 5421 3022 5476 adirent.
3074 5417 3201 5471 llam
3257 5422 3441 5470 autem

1551 5697 1750 5760 Variae
1784 5697 2112 5790 lectiones.

264 5799 309 5833 “
337 5800 396 5867 ἐξ
429 5816 480 5857 ο.
558 5801 606 5836 ³⁸
630 5797 884 5862 λαὸὁντες
913 5816 968 5854 o.
1006 5798 1022 5806 '
