4056 6340
556 344 662 407 355
1138 355 1140 357 ’
1424 333 2006 396 THEOPHYLACTI
2050 331 2459 391 BULGARIIE
2508 332 2865 406 ARCHIEP.
3551 408 3555 412 ,
3629 337 3771 400 »3δῆ

558 463 739 510 autem
771 449 1060 505 adoravit?
1115 449 1179 502 ad
1213 447 1581 503 summitatem
1622 448 1786 516 virga:
1816 446 1955 516 ejus,
2009 445 2112 497 hoc

2244 444 2588 512 εροσκύνησιν
2621 445 2814 514 δηλῶν.
2857 445 2978 506 Πῶς
3019 444 3075 498 δέ
3100 447 3561 518 ,προσεκύνησε-ις
3600 449 3688 500 ἐπὶ
3725 447 3784 499 τὸ

558 555 666 610 est,
743 537 998 597 innixus'
1043 543 1208 612 virga:
1292 542 1363 594 ob
1427 548 1785 594 senectutem.
1860 534 2116 591 Nonnulli

2244 536 2393 602 ἱκρον
2433 537 2531 604 τῆς
2575 535 2772 605 ῥάϐδου
2817 533 2981 588 αὐτοῦ
3001 537 3070 598 “,
3109 539 3406 604 τουτέστιν,
3451 541 3785 609 ἐπερεισθεὶς

558 655 688 693 vero
743 638 1014 704 inquiunt,
1047 633 1112 687 ad
1159 635 1514 688 summitatem
1574 632 1732 699 eirgz
1778 627 1970 695 Ioseph
1996 626 2124 679 ada-

2323 627 2501 695 ῥάϐδῳ
2530 627 2616 679 διὰ
2643 628 2718 678 τὶν
2733 627 2930 696 γῆρας.
2959 628 3113 691 Τινὲς
3140 629 3217 694 δὲ,
3247 630 3346 682 ἐπὶ
3376 629 3442 683 τὸ
3473 631 3657 698 ἀκρον
3679 630 3788 697 τῆς

561 732 735 792 ravit,
787 729 938 798 regni
1006 736 1279 795 sceptrum
1350 741 1444 794 per
1515 724 1722 790 virgam
1787 718 2121 772 adorandum

2244 716 2444 770 διὶὸδου
2471 716 2579 769 τοῦ
2607 715 2852 784 Ἰωσὴφ,
2886 720 3036 784 φασὶ,
3073 720 3471 790 προσεκύνησε,
3505 722 3785 790 σημαίνων

561 822 899 892 signiﬁcans.

2244 808 2287 858 τὸ
2317 809 2413 876 τῆς
2450 807 2724 877 βασιλείας
2759 810 3036 879 σκῆπτρον
3065 810 3152 863 διὰ
3184 810 3282 878 τῆς
3316 812 3512 880 ῥάϐδου
3549 829 3788 880 προσκυ-

2226 898 2558 966 νηοήσεσθαι
2594 899 2806 967 μέλλον.

633 991 797 1046 Vens.
826 993 914 1046 ‘32.
952 991 1080 1044 Fide
1143 988 1336 1058 Ioseph
1367 988 1592 1042 moriens
1629 991 1694 1039 de
1718 986 1862 1038 exitu
1894 984 2125 1052 ﬁliorum

564 1087 741 1140 Israel
773 1094 1089 1138 memoratus
1110 1091 1209 1146 est,
1252 1099 1314 1134 ae
1355 1081 1417 1134 de
1440 1079 1647 1133 ossibus
1681 1079 1789 1130 suis
1830 1076 2122 1129 maudatit.

563 1180 734 1240 Adeo,
784 1177 981 1244 inquit,
1019 1174 1252 1228 credidit
1309 1171 1580 1227 lsraelitas
1620 1185 1685 1223 ex
1732 1166 2118 1237 Egyptolilie-

568 1268 791 1330 randos,
828 1276 886 1317 ut
914 1271 967 1316 et
1031 1263 1296 1331 adiurarit
1349 1261 1496 1332 ipsos
1547 1270 1607 1312 ut
1638 1274 1764 1313 ossa
1807 1273 1904 1313 sua
1940 1272 2126 1312 secum

567 1364 934 1425 asportarent.
968 1356 1082 1409 Hoc
1114 1365 1292 1408 autem
1323 1353 1471 1416 fecit,
1527 1367 1630 1405 non
1678 1351 1823 1420 quod
1885 1351 2121 1420 sepulcri

567 1463 701 1501 cura
726 1448 1036 1505 duceretur.
1069 1447 1160 1512 qui
1196 1445 1338 1498 enim
1372 1443 1506 1496 adeo
1557 1443 1774 1512 sapiens
1829 1442 2132 1510 ignorasset

569 1537 788 1590 Domini
823 1551 943 1597 esse
973 1543 1173 1588 terram
1205 1535 1228 1586 ?
1259 1550 1444 1588 verum
1482 1543 1540 1587 ut
1576 1533 1872 1609 perfectam
1903 1532 2130 1585 certitu-

568 1627 754 1680 (linem
805 1628 1006 1695 populo
1053 1626 1229 1690 daret,
1259 1625 1404 1694 quod
1435 1625 1726 1694 promissio
1765 1624 1855 1678 Dei
1911 1625 2132 1677 omnino

569 1717 807 1781 eveniet,
838 1725 1000 1786 atque
1033 1716 1382 1786 egredientnr
1424 1733 1436 1767 :
1463 1724 1515 1769 et
1545 1715 1687 1785 quod
1717 1723 1998 1782 tantopere
2025 1711 2131 1768 Deo

568 1811 801 1878 placeat,
833 1807 976 1878 quod
1039 1808 1094 1861 in
1144 1807 1378 1878 Egypto
1436 1807 1537 1874 ipsi
1600 1823 1708 1862 non
1779 1816 2131 1876 permaneant
2164 1791 2205 1846 Β

569 1910 794 1968 prapter
844 1899 950 1953 loci
1013 1899 1377 1968 impietatem,
1455 1909 1513 1952 ut
1590 1914 1657 1953 ne
1723 1898 1825 1967 ipsi
1914 1899 2132 1962 quidem

578 1991 851 2058 placuerit
898 1997 957 2043 ut
1005 1991 1086 2045 vel
1140 2005 1268 2045 ossa
1327 1991 1446 2060 ejus
1493 1991 1548 2044 in
1578 1988 1808 2062 Egypto
1870 1990 2135 2045 reconde-

528 2116 530 2118 τ
572 2091 784 2134 rentur.

647 2170 811 2227 Vens.
843 2171 935 2226 ‘25.
973 2170 1108 2224 Fide
1151 2171 1324 2227 Moses
1364 2181 1541 2236 natus,
1574 2172 1864 2225 occultatus
1883 2180 1958 2226 est
1987 2189 2134 2225 men-

574 2262 718 2315 sibus
785 2264 952 2314 tribus
1012 2280 1044 2315 a
1084 2264 1391 2330 parentibus
1423 2263 1554 2328 suis,
1595 2280 1654 2317 eo
1703 2265 1840 2332 quod
1888 2265 2135 2319 vidissent

575 2353 857 2423 elegantem
889 2353 1168 2421 infantem,
1208 2365 1386 2408 etnon
1411 2355 1691 2408 timuerunt
1715 2357 1848 2425 regis
1888 2357 2135 2411 edictum.

581 2444 946 2498 Enumeratis‘
981 2447 1190 2514 magnis
1223 2446 1357 2500 viris
1390 2445 1482 2514 qui
1523 2446 1626 2499 tide
1660 2449 2026 2517 transegerint
2073 2462 2137 2501 ea

586 2547 709 2600 quae
742 2531 991 2596 fecerint,
1026 2532 1090 2585 de
1115 2533 1432 2601 parentibus
1459 2535 1623 2586 etiam
1671 2531 1837 2588 Musis
1887 2535 2140 2590 obscuris

580 2624 906 2691 quibusdam
961 2625 1222 2692 loquitur,
1291 2623 1541 2678 ruborem
1627 2625 1852 2678 eliciens
1910 2625 2141 2681 inﬁrmis

581 2714 709 2779 illis,
754 2724 806 2768 et
847 2716 1043 2784 pusillo
1078 2715 1259 2768 animo
1308 2715 2004 2785 imbutis,quandoquidem
2047 2718 2147 2771 hu-

576 2806 812 2876 jusmodi
864 2808 997 2861 viris
1041 2807 1327 2861 inferiores
1355 2809 1484 2862 sint.
1536 2807 1594 2861 lu
1645 2823 1933 2878 progressu
1990 2824 2143 2865 scor-

585 2907 763 2954 torum
805 2896 968 2950 etiam
1017 2898 1346 2951 mentionem
1403 2897 1552 2961 l'acit,
1589 2905 1646 2949 ut
1689 2897 1946 2965 pudorem
1974 2900 2146 2968 majo-

584 3002 699 3042 rem
723 2987 964 3040 iuducat.
1001 2987 1316 3057 Aitigitur:
1355 2987 1528 3053 Quam
1573 2988 1642 3041 ob
1667 3002 1887 3041 causam
1925 2989 2145 3044 abdide-

2295 993 2496 1043 Πίστει
2528 990 2748 1059 Ἰωσὴφ
2781 990 3074 1044 τελευτῶν
3105 991 3236 1060 περὶ
3264 989 3374 1058 τῆς
3431 992 3646 1057 ἐξόδου
3674 993 3794 1046 τῶν

2228 1079 2373 1133 υἱῶν
2401 1080 2646 1147 Ἰσραὴλ
2674 1082 3104 1149 ἐμνημόνευσε,
3130 1081 3229 1134 καί
3253 1081 3386 1149 περι
3424 1080 3543 1133 τῶν
3569 1083 3795 1136 ὀστέων

2232 1170 2420 1225 αὑτοῦ
2449 1171 2803 1224 ἐνετείλατο.
2831 1169 3118 1234 Τοσοῦτον,
3151 1171 3337 1240 φησὶν,
3365 1171 3684 1222 ἐπίστευσεν
3709 1173 3793 1223 ὅτι

2233 1262 2756 1333 ἐλευθερωθήσονται
2783 1263 2832 1314 οἱ
2861 1262 3188 1332 Ἰσραηλῖται
3213 1261 3310 1331 τῆς
3332 1261 3632 1328 Αἰγύπτου,
3658 1261 3798 1314 ὥστε

2233 1357 2325 1408 καὶ
2368 1354 2626 1422 ὥρκωσεν
2671 1353 2901 1416 αὐτοὺς,
2952 1354 3039 1407 ἵνα
3077 1354 3147 1407 τὰ
3215 1354 3348 1407 ὀστᾶ
3391 1353 3557 1406 αὐτοῦ
3601 1371 3797 1405 συναν-

2233 1444 2516 1509 ενέγκωσι.
2541 1443 2707 1495 Τοῦτο
2728 1444 2782 1496 δὲ
2802 1444 3076 1512 ἐποίησεν,
3099 1444 3197 1514 οὐχ
3213 1445 3295 1496 ὃτι
3319 1442 3421 1514 μνη
3431 1444 3596 1513 μείων
3613 1446 3802 1513 ἐφρόν-

2232 1533 2364 1598 τιζε’
2393 1533 2508 1595 πῶς
2535 1535 2642 1604 γὰρ
2667 1537 2696 1587 δ
2721 1534 2861 1586 οὔτω
2891 1533 3050 1602 σοφὸς
3077 1534 3175 1586 οὐκ
3203 1535 3316 1604 ᾔδει
3346 1535 3427 1586 ὅτι
3466 1533 3562 1586 τοῦ
3594 1535 3800 1604 Κυρίου

2233 1627 2267 1693 ὴ
2301 1626 2404 1693 γῆς
2436 1624 2550 1677 ἀλλ’
2576 1625 2660 1677 ἵνα
2690 1625 2900 1678 τελείαν
2934 1625 3304 1695 πληροφορίαν
3334 1623 3411 1694 τῷ
3444 1624 3559 1693 λαῷ
3591 1625 3686 1695 δῷ,
3717 1625 3804 1676 ὃτι

2237 1715 2452 1778 πάντως
2490 1717 2524 1785 ἠ
2563 1716 2864 1783 ἐπαγγελία
2893 1716 2988 1769 τοῦ
3050 1715 3186 1768 Θεοῦ
3229 1715 3544 1786 ἐκϐήσεται,
3582 1716 3674 1768 καὶ
3711 1716 3805 1780 ἐξ·

2235 1809 2559 1863 ελεύσονται.
2589 1808 2700 1861 Καὶ
2729 1811 2812 1862 ὅτι
2851 1807 3106 1862 τοσοῦτόν
3142 1810 3258 1862 ἐστι
3301 1808 3590 1879 θεὰρεστον
3626 1807 3684 1861 τδ
3726 1807 3806 1877 μὴ

2235 1900 2582 1968 ἐναπομεῖναι
2621 1899 2818 1961 αὐτοὺς
2853 1901 2920 1970 τῇ
2958 1899 3218 1970 Αἰγύπτῳ
3255 1898 3342 1953 διὰ
3375 1899 3476 1968 τὴν
3514 1899 3632 1951 ἐκεῖ
3669 1897 3803 1951 asi-

2236 1989 2408 2052 δειαν,
2451 1988 2592 2042 ὥστε
2636 1989 2754 2042 οὐδὲ
2795 1988 2944 2059 αύτῷ
2984 1989 3190 2060 ἀρεστὴ
3231 1991 3265 2059 ἠ
3309 1990 3368 2042 ἐν
3404 1987 3667 2057 Αἰγύπτῳ
3692 1986 3807 2041 τῶν

2235 2080 2406 2132 ὀστῶν
2437 2081 2744 2142 κατάθεσις.

2306 2173 2510 2225 Πίστει
2560 2172 2779 2241 Μωσῆς
2808 2172 3114 2241 γεννηθείς
3140 2171 3356 2238 ἐκρύϐη
3381 2171 3666 2240 τρίμηνον
3685 2172 3806 2226 ὑπὸ

2237 2265 2351 2316 τῶν
2381 2266 2648 2332 πατέρων
2674 2263 2858 2317 αὐτοῦ
2875 2304 2891 2327 ,
2919 2263 3067 2316 διότι
3100 2260 3264 2316 εἶδον
3290 2261 3536 2316 ἀστεῖον
3562 2261 3629 2314 τὸ
3659 2277 3798 2314 παι-

2237 2355 2388 2415 δίον,
2416 2355 2513 2407 καί
2539 2357 2647 2408 οὐκ
2675 2355 3061 2422 ἐφοϐήθησαν
3084 2355 3150 2407 τὸ
3178 2354 3466 2423 διάταγμα
3493 2353 3598 2407 τοῦ
3617 2355 3801 2418 βασε-

2237 2448 2404 2510 λέως.
2445 2447 2757 2511 Καταλέξας
2786 2445 2987 2516 ἄνδρας
3021 2447 3306 2515 μεγάλους,
3342 2447 3521 2498 πίστει
3557 2447 3808 2514 ἐργασα-

2245 2540 2437 2608 μένους
2477 2538 2510 2591 ἃ
2549 2540 2832 2605 ἐποίησαν,
2867 2537 3013 2605 λέγει
3051 2539 3144 2591 καὶ
3187 2537 3456 2607 περὶτῶν
3487 2538 3688 2604 γονέων
3715 2536 3815 2590 τοῦ

2241 2629 2534 2690 Μωῡσέως,
2578 2629 2806 2699 ἀσήμων
2847 2627 3029 2690 τινῶν,
3075 2628 3348 2698 ἐντρέπων
3392 2629 3516 2690 τοὺς
3559 2627 3817 2696 ὀλιγοῲυ-

2241 2718 2466 2789 χοῦντας
2503 2720 2773 2784 ἐκείνους,
2807 2719 2922 2786 εἴγε
2955 2718 3212 2772 τοιούτων
3248 2719 3454 2790 ἀνδρῶν
3485 2719 3555 2771 τὰ
3585 2719 3839 2788 δεύτερα

2243 2808 2517 2877 φέρονται.
2554 2807 2763 2879 Προϊὼν
2797 2810 2886 2873 δὲ,
2925 2809 3020 2862 καὶ
3065 2810 3266 2890 πόρνας
3308 2811 3388 2871 εἰς
3435 2805 3598 2877 μέσον
3632 2808 3819 2876 παρά-

2243 2915 2327 2966 γει
2350 2900 2415 2963 ⁸⁸,
2461 2900 2547 2951 ἵνα
2587 2899 2748 2952 πλέον
2787 2900 3043 2971 ἐντρέῲῃ.
3079 2901 3247 2970 Φησὶν
3287 2901 3402 2960 οὖν,
3447 2901 3590 2962 τίνος
3626 2900 3820 2952 ἐνεκεν

2245 2991 2485 3062 ἔκρυψαν
2506 2993 2790 3062 τρίμηνον,
2810 2992 3116 3057 καὶταῦτα,
3137 2994 3552 3062 προστάγματος
3571 2992 3722 3056 δντος
3744 2992 3820 3046 τὰ

586 3087 714 3130 runt
738 3091 860 3129 eum
892 3077 958 3129 ad
1001 3077 1274 3132 trimestre
1333 3078 1597 3146 Spatium,
1659 3092 1782 3130 cum
1829 3072 2143 3132 mandatum

2247 3083 2451 3153 ἄρρενα
2479 3081 2827 3150 φονεύεσθαι;
2859 3083 2980 3145 Πῶς
3005 3083 3105 3136 οὐκ
3133 3080 3605 3155 tcpo6r'10qcav;'l;l
3633 3085 3821 3152 δῆλον,

586 3171 732 3239 regis
763 3170 1097 3240 publicatum
1129 3179 1294 3237 esset,
1322 3170 1594 3224 masculos
1637 3168 1890 3224 Hebraeos
1920 3186 1949 3224 e
1971 3171 2143 3226 medio

2247 3172 2322 3235 ὡς
2353 3173 2682 3225 ἐπίστευσαν
2710 3174 2792 3224 ὅτι
2829 3173 3162 3243 σωθήσεται.
3195 3174 3364 3227 Πόθεν
3395 3175 3450 3228 δὲ
3485 3175 3824 3228 ἐπίστευσαν

591 3261 1109 3328 tollendos‘lQuare
1157 3277 1264 3317 non
1340 3261 1698 3315 metuerunt!
1754 3259 2143 3325 Planumsane

2244 3266 2325 3318 ὅτι
2361 3264 2691 3334 σωθήσεται;
2726 3264 2806 3316 ὅτι
2840 3260 2976 3317 εἶδον
3007 3264 3068 3316 τὸ
3100 3265 3312 3317 παιδίον
3369 3267 3613 3329 ἀστεῖον,
3646 3282 3818 3318 τουτ-

599 3364 684 3410 est
732 3355 1030 3409 credidisse
1059 3367 1203 3409 eosa
1245 3351 1474 3408 Domino
1526 3367 1754 3421 puerum
1813 3367 2137 3408 conservan-

2245 3357 2392 3408 ἐστιν
2423 3355 2638 3425 ὡραῖον,
2674 3359 2738 3426 τῇ
2760 3355 2882 3425 ὄψει
2944 3357 3155 3427 χαρίεν,
3190 3357 3284 3408 καὶ
3313 3355 3635 3409 ἐπίστευσαν
3668 3356 3748 3408 ὅτι
3793 3360 3828 3410 δ

588 3445 739 3500 dum.
779 3445 936 3499 Unde
988 3459 1116 3498 vero
1138 3443 1483 3497 crediderunt
1503 3440 1647 3511 quod
1677 3442 2143 3497 servanduserat!

2248 3446 2379 3506 Θεὸς
2421 3447 2754 3515 ἐχαρίτωσεν
2794 3447 2939 3497 αὐτὸ
2968 3447 3132 3510 εὐθὺς
3180 3449 3238 3500 ἐν
3283 3446 3634 3516 σπαργάνοις.
3679 3441 3830 3498 Φασὶ

588 3534 857 3600 Quoniam
909 3543 1314 3603 conspexerunt
1371 3548 1598 3602 puerqu
1657 3519 1980 3602 elegantem,
2051 3535 2143 3587 hoc

2250 3537 2360 3605 γάρ
2389 3554 2492 3599 τοι,
2523 3538 2605 3589 ὅτι
2637 3522 2730 3589 καί
2761 3536 2984 3606 ἔμελλον
3021 3538 3168 3607 ῥίψαι
3199 3539 3352 3604 αὐτὸ,
3381 3537 3518 3590 ἀλλὰ
3551 3552 3830 3608 προσμει-

589 3625 752 3697 739
778 3635 859 3678 est
905 3624 1217 3692 pulchrum,
1247 3633 1468 3691 aspectu
1525 3622 1846 3690 gratiosum,
1906 3625 2143 3678 credide-

2247 3629 2440 3682 διάσαν
2469 3629 2607 3698 μετὰ
2635 3629 2858 3699 χάριτος
2886 3629 3127 3699 ἀφῆκαν·
3157 3627 3328 3694 οὓτως
3357 3625 3496 3699 ἦσαν
3521 3629 3668 3700 αὐτῷ
3697 3628 3832 3680 θεία

589 3720 828 3779 ruutque
880 3725 1000 3764 eum
1044 3710 1149 3763 ista
1171 3708 1504 3762 amabilitate
1541 3707 1608 3760 ab
1652 3707 1782 3776 ipsis
1835 3707 2018 3762 statim
2057 3709 2145 3764 in-
2249 3720 2446 3772 πάντα.

589 3805 858 3860 cunabilis
889 3801 1048 3856 aDeo
1078 3801 1356 3856 donatum.
1378 3797 1538 3862 Nam,
1573 3806 1631 3852 ut
1661 3798 1835 3862 aiunt,
1873 3798 2136 3868 abjecturi
2174 3820 2297 3860 eum
2338 3816 2491 3862 erant
2525 3824 2542 3871 ;
2581 3815 2833 3862 caeterum
2893 3821 3016 3861 cum
3060 3807 3257 3862 blande
3301 3808 3596 3872 arrisisset,
3657 3807 3834 3864 dimi-

594 3903 782 3951 serunt
818 3913 830 3947 :
868 3895 1000 3949 adeo
1030 3893 1212 3946 omnia
1234 3893 1337 3961 ipsi
1364 3893 1547 3946 divina
1577 3901 1753 3945 erant.

665 3985 950 4041 \’£ns.25.
994 3983 1129 4038 Fide
1184 3983 1357 4038 Moses
1407 3982 1626 4054 grandis
1685 3983 1880 4052 factus,
1939 3987 2141 4054 negavit

2327 3984 2534 4037 Πίστει
2589 3982 2812 4048 Μωσῆς
2885 3982 3071 4053 μέγας
3120 3985 3467 4053 γενόμενος,
3515 3985 3836 4052 ἠρνήσατο

589 4095 643 4132 se
673 4093 782 4130 esse
823 4076 994 4145 ﬁlium
1048 4076 1174 4142 filiae
1209 4074 1533 4134 Pharaonis.
1567 4075 1936 4144 magiseligens
1980 4077 2143 4143 potiut

2259 4061 2545 4144 λέγεσθαι
2585 4075 2713 4139 Υίὸς
2748 4075 3034 4142 θυγατρὸς
3071 4074 3305 4143 Φαραὼ,
3339 4073 3580 4143 μᾶλλον
3610 4076 3836 4144 ἐλόμε-

595 4171 751 4238 afﬂigi
782 4186 895 4221 cum
938 4169 1128 4235 populo
1181 4167 1298 4229 Dei,
1332 4183 1490 4232 quam
1543 4171 1915 4234 temporariam
1955 4159 2143 4236 peccat:

2263 4187 2370 4233 νος
2398 4165 2940 4234 συγκακουχεῖσθαι
2969 4163 3048 4228 τῷ
3075 4156 3202 4228 λαῷ
3227 4165 3333 4218 τοῦ
3363 4164 3542 4236 Θεοῦ,
3568 4165 3607 4233 ἢ
3638 4167 3838 4233 πρόσ-

592 4261 783 4314 habere
822 4259 1229 4326 jucuuditatem.
1266 4256 1522 4312 Pervenit
1558 4257 1625 4310 ad
1668 4259 1976 4325 exemplum
2025 4257 2143 4324 ipsi:

2263 4275 2475 4326 καιρον
2506 4258 2661 4324 ἔχειν
2703 4256 2990 4324 ἁμαρτίας
3022 4255 3387 4307 ἀπόλαυσιν.
3409 4250 3609 4306 Ἦλθεν
3643 4257 3734 4307 ἐπὶ
3765 4257 3838 4308 τὸ

597 4351 1111 4411 lamiliarissimum,
1165 4346 1350 4402 Mosen
1387 4346 1670 4401 Videlicet:
1725 4356 2012 4416 propterea
2057 4347 2143 4400 im-

2269 4351 2502 4420 μάλιστα
2543 4348 2872 4400 οἰκειότατον
2904 4347 3083 4408 αὐτοῖς
3126 4346 3432 4415 ὑπόδειγμα
3465 4346 3556 4398 τὸν
3587 4349 3832 4416 Μωσῆν,

601 4458 866 4508 moratur,
907 4443 1084 4497 fusius
1117 4441 1248 4496 illud
1281 4448 1540 4493 tractans.
1584 4439 1934 4492 Constructio
1979 4447 2143 4492 auten

2264 4439 2344 4491 διὸ
2367 4439 2461 4492 καὶ
2489 4438 2738 4507 ἐπιμένει
2768 4433 3049 4490 πλατύνων
3072 4433 3141 4487 τὰ
3161 4435 3377 4489 τούτου.
3403 4436 3468 4488 Ἡ
3491 4436 3546 4488 δὲ
3574 4438 3837 4504 σύνταξις

597 4545 682 4593 est
706 4535 1055 4603 hujusmodi:
1091 4533 1224 4586 Fide
1264 4531 1442 4585 Moses
1480 4530 1658 4584 renuit
1704 4530 1810 4584 dici
1847 4530 1986 4583 ﬁlius
2035 4530 2143 4585 lilia

2261 4530 2423 4583 οὕτωσ
2458 4530 2644 4580 Πίστει
2673 4525 2878 4594 Μωσῆς
2909 4525 3184 4595 ἠρνήσατο
3215 4526 3467 4596 λέγεσθαι
3499 4527 3620 4592 Υίὸς
3651 4527 3835 4594 θυγα-

599 4629 918 4683 Pharaonis.
964 4622 1239 4689 Quando?
1278 4637 1507 4691 magnus
1525 4623 1721 4686 laetus,
1776 4621 1876 4675 ltoc
1899 4630 2001 4685 est,
2033 4635 2143 4674 cun

2263 4621 2390 4692 τρὸς
2432 4619 2650 4689 Φαραώ.
2699 4617 2866 4682 Dcite;
2914 4617 3104 4686 Μέγας
3167 4620 3489 4691 γενόμενος,
3537 4620 3825 4674 τουτέστιν

603 4720 656 4769 in
689 4717 860 4769 virum
895 4713 1006 4781 jam
1037 4712 1315 4765 crevisset.
1354 4708 1704 4778 Perspicuum
1731 4711 1874 4765 enim
1907 4721 1991 4765 est
2035 4724 2143 4764 eun

2264 4712 2554 4780 ἀνδρωθεὶς
2576 4710 2696 4780 ήδη.
2726 4709 2996 4780 Πρόδηλον
3023 4710 3132 4780 γὰρ
3161 4704 3242 4763 ὅτι
3263 4711 3486 4780 μείζονά
3501 4728 3620 4762 τινα
3651 4717 3835 4779 προσ-

603 4801 805 4874 majora
826 4816 1139 4874 expectasse
1167 4811 1514 4872 accepturum
1541 4815 1681 4854 sese.
1701 4797 1936 4855 Verbum
1955 4809 2157 4864 autem,

602 4897 840 4964 negavit,
901 4897 1174 4949 intensum
1238 4895 1418 4947 odium
1475 4890 1763 4962 signiﬁcat,
1818 4886 1880 4944 ac
1926 4907 2158 4960 propen-

606 5002 718 5039 sam
745 4986 862 5054 ejus
893 4999 922 5038 a
949 4987 1116 5055 magia
1159 4983 1464 5038 Pharaonis
1508 4983 1981 5037 abalienationem.
2028 4982 2159 5033 Ani-

606 5033 718 5039 __---
749 5033 861 5054 ηπ
894 5033 922 5038 _
973 5033 1116 5055 “om
1159 5033 1460 5038 _--__-7---__
1510 5033 1754 5037 παπ-γρ
1887 5033 1900 5036 -
1972 5033 1979 5034 κ

603 5075 878 5130 madverte
906 5033 1055 5156 vlzro,
1089 5076 1362 5143 quomodo
1394 5085 1672 5149 peccatum
1712 5073 2020 5142 nominarit,
2057 5085 2159 5122 non

603 5166 762 5236 aﬂligi
799 5181 903 5218 una
926 5183 1040 5219 cum
1068 5165 1350 5234 fratribus.
1379 5167 1490 5219 Hoc
1513 5180 1607 5233 per
1637 5157 1930 5233 prophetas
1972 5162 2162 5230 objicit

606 5257 793 5310 Deus:
850 5254 1000 5308 Nihil
1049 5259 1386 5325 patiebantur
1425 5268 1579 5322 super
1639 5247 1949 5306 contritione
2000 5249 2156 5305 Jose-

601 5346 688 5412 Ρίιὶ
713 5348 782 5409 ⁸⁸.
803 5358 856 5402 et
874 5362 1066 5401 rursus
1095 5365 1108 5399 :
1163 5347 1285 5402 Non
1346 5357 1422 5402 est
1454 5362 1660 5415 egressa
1692 5345 1758 5399 ad
1814 5344 2162 5418 plangendum

675 5524 722 5552 “
756 5521 922 5575 Amos
953 5520 1115 5585 v1.46.

2263 4803 2422 4856 εδόκα
2445 4800 2776 4854 ἀντιλαϐεῖν.
2801 4799 2875 4851 Τὸ
2913 4801 2995 4864 δὲ,
3014 4802 3312 4869 ἠρνήσατο,
3352 4801 3412 4881 τὸ
3437 4802 3837 4870 ἐπιτεταμένον

2267 4896 2420 4962 μῖσος
2461 4891 2628 4960 δηλοῖ,
2671 4891 2766 4942 καὶ
2809 4889 2909 4958 τὴν
2951 4889 3255 4944 ἐνδιάθετον
3297 4891 3434 4962 πρὸς
3470 4891 3542 4946 τὰ
3581 4891 3837 4961 βασίλεια

2265 4981 2797 5053 ἀλλοτρίωσιν.,⁹ορα
2823 4979 2878 5031 δέ
2906 4979 3022 5042 πῶς
3053 4979 3325 5050 ἆμαρτίαν
3378 4979 3630 5050 ὀνομάζει
3654 4983 3716 5032 τὸ
3734 4982 3833 5051 μὴ

2266 5069 2813 5141 συγκακουχεῖσθαι
2859 5069 2983 5135 τοῖς
3032 5070 3337 5139 ἀδελφοῖς.
3383 5070 3551 5132 Τοῦτο
3596 5069 3690 5122 καὶ
3734 5071 3858 5125 διὰ

2265 5163 2373 5215 τῶν
2404 5161 2697 5231 προφητῶν
2728 5143 2974 5224 ὀνειδίζει
3004 5162 3032 5214 ὁ
3064 5161 3195 5223 Θεός
3217 5179 3230 5192 ·
3269 5163 3389 5214 Οὐκ
3419 5160 3693 5230 ἔπασχον
3721 5164 3833 5215 οὐ-

2265 5249 2372 5303 δὲν
2395 5250 2494 5303 ἐπὶ
2517 5249 2592 5318 τῇ
2621 5247 2910 5316 συντριϐῇ
2936 5250 3041 5303 τοῦ
3072 5248 3303 5317 Ἰωσήφ.
3334 5249 3442 5302 Καὶ
3470 5252 3630 5304 πάλιν
3653 5264 3668 5278 ⁸
3702 5252 3836 5304 Οὐκ

2265 5340 2521 5410 ἐξῆλθεν
2545 5339 2964 5407 ἀνακόψασθαι
2988 5337 3154 5397 οἶκον
3173 5339 3463 5411 ἐχόμενον
3483 5339 3692 5410 αὐτῆς.
3720 5342 3836 5394 Καὶ

1937 5607 2139 5671 Variae
2173 5608 2500 5672 lectiones.

678 5711 721 5742 "
745 5707 840 5762 τοῦ
885 5709 1081 5779 Ἰωσήφ
1111 5723 1164 5763 0.
1239 5711 1281 5742 ⁶²
1305 5709 1534 5781 παράξει
1569 5725 1619 5761 o.
