4056 6340
183 353 278 415 357

803 343 1201 404 EXPOSITIO
1226 341 1304 401 1N
1327 341 1562 402 EPIST.
1594 341 1692 398 AD
1722 333 2107 407 l—lEBR/EOS.
2145 358 2213 367 —
2245 315 2400 390 CAP.
2441 328 2550 389 Xl.

3255 320 3389 382 353

182 461 270 512 ἐπὶ
305 457 399 528 μὲν
428 456 552 517 τοὺς
587 453 1084 516 καταστενάζοντας
1118 452 1175 501 ἐν
1202 451 1278 519 τῷ
1314 449 1572 516 Ἰεζεκιὴλ
1604 446 1739 499 δίδο-

1857 445 2062 496 iicinam
2089 440 2320 492 domum.
2350 437 2428 491 Ac
2465 450 2633 505 super
2688 432 3112 503 ingemiscentes
3162 427 3217 483 in
3259 428 3392 482 Eze-

181 568 268 603 ται
294 549 352 600 τὸ
388 547 609 616 σημεῖον
632 562 647 576 ο
683 545 808 607 τοὺς
839 544 895 596 δὲ
928 543 1097 612 μηδὲν
1142 541 1376 593 τοιοῦτον
1431 541 1736 608 πάσχοντας

183 641 398 692 κόπτειν
431 635 738 690 κελεύονται
780 634 828 685 οί
878 633 1112 700 ἄγγελοι.
1152 633 1211 683 El
1236 631 1292 682 δὲ
1329 632 1378 682 οί
1424 630 1496 699 μὴ
1534 643 1738 694 συγκα-

182 727 529 797 κουχούμενοι
583 724 796 786 ἑκόντες
843 726 954 784 τοῖς
1006 720 1431 785 κακοπαθοῦσιν,
1485 716 1737 788 ἁμαρτά-

184 837 326 872 γουσι
342 859 362 883 ,
414 817 465 869 τί
518 814 795 884 λογιστέον
846 813 974 880 περὶ
1024 813 1132 863 τῶν
1187 810 1595 880 κακουχούντων
1648 807 1739 860 καὶ

185 908 648 971 κακοποιούντων;
697 904 1071 971 Πρόσκαιρον
1115 899 1228 956 οὖν
1275 901 1560 969 ἁμαρτίας
1603 899 1738 951 ἁπό-

184 1005 367 1054 λαυσιν
393 1001 489 1070 τὴν
517 998 614 1067 τῆς
647 995 920 1066 βασιλείας
947 996 1154 1064 τρυφῆς
1191 991 1484 1062 μετουσίαν
1512 991 1737 1045 διε-λοῖυ.

251 1255 502 1313 Με’ζύνα
556 1251 823 1304 πλοῦτον
872 1246 1256 1316 ἡγησάμενος
1300 1242 1420 1296 τῶν
1442 1243 1741 1312 Αἰγύπτου

187 1345 502 1414 θησαυρῶν
525 1345 639 1409 τὴν
665 1339 1004 1408 ὀνειδισμὸν
1028 1339 1133 1393 τοῦ
1159 1336 1437 1405 Χριστοῦ.
1464 1336 1575 1388 Οὐκ
1600 1331 1741 1414 sine,

186 1409 253 1490 τά
277 1441 333 1489 ὲν
356 1409 603 1505 οὐρανοῖς
629 1432 964 1500 ἀποκείμενα
989 1428 1189 1496 ἀγαθὰ,
1215 1427 1350 1481 ἀλλά
1376 1425 1470 1480 καὶ
1490 1423 1587 1495 τὴν
1618 1409 1746 1494 ἀρε-

187 1528 281 1596 τὴν
314 1525 523 1578 ἐκείνου
555 1521 797 1586 δεικνὺς,
832 1521 925 1571 καὶ
959 1519 1155 1580 αὐτοὺς
1190 1515 1603 1586 ἀνακτώμενος,
1639 1515 1747 1568 τὸν

189 1614 528 1681 ὀνειδισμὸν
559 1611 666 1664 τοῦ
703 1609 956 1676 Χριστοῦ
990 1606 1161 1660 εἶπεν.
1198 1607 1407 1674 Ὥσπερ
1440 1603 1549 1672 γὰρ
1583 1602 1745 1654 ὓστε-

193 1727 282 1779 ρον
309 1708 400 1758 τδν
427 1702 658 1772 Χριστὸν
687 1697 958 1761 ὠνείδιζον
987 1699 1036 1750 oi
1070 1698 1198 1766 παρ’
1223 1696 1384 1749 αὑτοῦ
1419 1693 1740 1765 εὐεργετού-

1839 535 2012 590 chiele
2056 533 2240 586 datum
2289 539 2369 585 est
2410 531 2664 599 signum:
2695 542 2788 581 eos
2842 540 2968 579 vero
2995 525 3087 593 qui
3136 522 3268 577 nihil
3298 523 3395 573 hu-

1833 624 2082 697 jusmodi'
2140 629 2474 691 paterentur.
2525 618 2698 686 angeli
2743 616 3002 684 jubentur
3056 611 3397 666 exscindere.

1843 714 1998 779 Quod
2039 714 2086 766 si
2139 714 2172 765 ii
2217 713 2310 781 qui
2356 709 2658 764 voluntarie
2717 721 2826 762 una
2876 720 2998 759 eum
3048 705 3255 757 amictis
3292 719 3398 756 nou

1841 805 2172 874 afﬂiguntur,
2205 809 2466 871 peccant;
2499 799 2657 868 quid,
2695 811 2899 866 qua‘so,
2938 797 3005 849 de
3035 796 3104 849 iis
3151 795 3401 862 Cogitan-

1842 895 1967 948 dum
2025 882 2134 954 est,
2167 892 2256 959 qui
2303 890 2441 941 male
2491 895 2726 952 tractant
2779 875 2939 945 alios,
2986 890 3038 935 et
3095 882 3194 951 ipsi
3262 880 3401 933 male

1843 981 2093 1037 faciunt?
2127 981 2268 1048 Ergo
2334 994 2430 1048 per
2460 976 2828 1043 temporariam
2863 974 3060 1041 peccati
3097 973 3405 1040 jucundita-

1845 1069 1942 1126 rem
2003 1073 2268 1139 regiarum
2305 1068 2634 1134 deliciarum
2719 1062 3187 1132 participationem
3235 1063 3403 1131 signi-

1843 1163 1988 1216 fient.
2844 1220 2849 1226 _

1919 1253 2074 1304 Vens.
2130 1248 2220 1303 26.
2281 1247 2792 1315 Maiores-diuitias
2837 1247 3144 1300 existimans
3183 1242 3403 1310 IEgypli

1845 1340 2106 1394 thesauris
2146 1338 2513 1406 improperium
2565 1335 2784 1392 Christi.
2817 1336 2932 1390 Non
2999 1336 3155 1396 dixit,
3202 1350 3320 1403 qtae
3351 1336 3402 1384 in

1851 1433 2009 1487 ctelis
2054 1431 2292 1499 reposita
2359 1436 2485 1482 sunt
2530 1428 2690 1491 bona,
2757 1434 2941 1480 verum
2988 1429 3238 1480 virtutem
3288 1426 3406 1494 ejus

1846 1525 2257 1583 demonstrans,
2292 1526 2345 1573 et
2383 1519 2505 1571 illos
2554 1516 2802 1572 refovens
2829 1528 2989 1586 atque
3038 1518 3272 1585 erigens,
3307 1517 3404 1567 im-

1844 1614 2146 1682 properium
2186 1610 2405 1675 Christi,
2436 1610 2592 1661 dixit.
2624 1607 3086 1673 Quemadmodum
3113 1607 3256 1660 enim
3279 1621 3403 1674 pos-

1850 1715 1934 1768 tca
1966 1705 2239 1756 Christum
2276 1700 2606 1754 contumelia
2646 1698 2970 1762 aliieiehant,
3011 1699 3102 1766 qui
3135 1699 3202 1750 ab
3229 1685 3405 1751 cobe-

194 1810 364 1865 μενοι,
393 1794 484 1845 καὶ
508 1790 810 1843 τελευταῖον
835 1787 1180 1855 ἐσταύρωσαν
1203 1801 1216 1814 ·
1248 1783 1404 1839 obrui,
1419 1784 1514 1835 καὶ
1543 1782 1738 1853 πρότε-

1857 1794 2034 1849 ueﬁcia
2066 1801 2407 1860 acceperant,
2432 1805 2495 1843 ac
2525 1789 2741 1842 tandem
2767 1790 2920 1842 cruci
2956 1788 3278 1842 alﬁxcrunt:
3323 1789 3402 1840 sic

190 1905 279 1958 ρον
307 1885 512 1952 Μωσῆν
537 1883 585 1934 ot
612 1879 741 1951 παρ’
765 1877 925 1932 αὐτοῦ
955 1867 1418 1948 εὐεργετούμενοι.
1451 1875 1510 1928 'U
1539 1877 1647 1943 γὰρ
1669 1875 1740 1928 ἐκ

189 1976 276 2029 τοῦ
307 1973 602 2042 Αἰγυπτίου
637 1970 850 2040 ρυσθεὶς
887 1968 988 2021 ὑπὸ
1019 1967 1259 2030 Μωσέως
1291 1966 1561 2037 Ἐϐραῖος,
1583 1963 1740 2025 αὐτὸς

191 2067 394 2125 ἐκεῖνος
422 2062 607 2131 αὔριον
632 2056 784 2113 εἶπεν
811 2060 992 2130 αὐτῷ’
1028 2061 1121 2123 Τίς
1148 2075 1221 2112 σε
1249 2057 1620 2122 κατέστησεν
1643 2055 1743 2122 ἄρ-

193 2173 375 2224 χοντα
404 2155 500 2207 καὶ
533 2151 828 2218 δικαστὴν
854 2151 944 2218 ἐφ’
970 2149 1126 2219 ἡμᾶς
1142 2165 1162 2212 ;
1188 2148 1272 2216 μὴ
1301 2147 1538 2202 ἀνελεῖν
1560 2163 1636 2213 με
1663 2145 1744 2198 σὺ

194 2246 406 2308 θέλεις,
440 2241 512 2295 ὃν
555 2241 776 2308 τρόπον
804 2237 1040 2302 ἀνεῖλες
1068 2237 1174 2291 τὸν
1195 2236 1548 2305 Αίγύπτιον;
1592 2235 1742 2286 Καθ-

192 2331 314 2385 όλου
353 2331 462 2400 γὰρ
492 2330 552 2382 τὸ
577 2327 727 2398 παρὰ
758 2326 866 2378 τῶν
905 2325 1118 2378 οἰκείων
1140 2324 1234 2378 καὶ
1275 2323 1746 2392 εὐεργετουμένων

195 2420 547 2485 ὀνειδίζεσθαι
594 2419 626 2489 ἦ
677 2416 1086 2486 κακουχεῖσθαι,
1135 2415 1599 2482 ὀνειδισμόςίὲστι
1650 2413 1745 2465 τοῦ

196 2509 452 2579 Χριστοῦ.
482 2507 589 2560 Καὶ
614 2507 722 2567 πᾶς
749 2505 777 2556 ὀ
804 2505 888 2556 διὰ
914 2505 974 2556 τὸ
1003 2503 1164 2556 καλὸν
1195 2502 1335 2555 κατὰ
1359 2501 1452 2554 τοῦ
1482 2502 1748 2572 πράττον-

198 2617 286 2660 τος
323 2598 455 2650 αὐτὸ
485 2594 765 2665 γινόμενος
799 2593 1095 2662 ὀνειδισμὸς
1115 2633 1130 2654 ,
1166 2593 1258 2645 καὶ
1289 2591 1474 2653 ἀπλῶς
1506 2593 1537 2661 ἠ
1576 2591 1750 2658 μάτην

200 2688 463 2750 ἐπίθεσις,
485 2685 780 2752 όνειδισμός
803 2686 919 2736 ἐστι
943 2683 1035 2734 τοῦ
1063 2682 1319 2750 Χριστοῦ.
1345 2679 1500 2732 Οὕτω
1523 2681 1630 2748 γὰρ
1657 2680 1751 2733 καὶ

200 2779 228 2827 ὁ
265 2776 468 2844 Κύριος
507 2772 882 2840 ὲδυσφημείτο,
925 2770 1073 2836 φίλος
1113 2768 1354 2819 τελώνων
1392 2767 1623 2830 ἀκούων,
1663 2767 1691 2820 δ

202 2866 262 2916 τὸ
302 2863 598 2916 συνεσθίειν
637 2860 863 2922 ἐκείνοις
901 2860 992 2910 ἐπὶ
1034 2858 1274 2926 σωτηρίᾳ
1317 2856 1512 2908 αὐτῶν.
1542 2857 1702 2910 Ὥσπι

204 2951 292 3006 οὖν
323 2957 356 3023 ἡ
390 2954 601 3016 ἄνεσις,
635 2953 731 3020 τῆς
766 2949 1036 3020 ἁμαρτίας
1069 2951 1245 3013 ἐστὶν,
1309 2946 1479 3008 οὕτως
1508 2949 1540 3000 ὁ
1564 2946 1701 3000 ὀνειδ

1787 3027 1796 3042 Χ
1822 2982 1836 3017 \
1858 2967 1939 3013 ret
1985 2967 2202 3028 propter
2263 2970 2451 3010 eorum

1844 1894 1897 1939 et
1944 1892 2100 1937 antea
2147 1880 2327 1935 Mosen
2399 1878 2690 1949 ignominia
2758 1879 3024 1932 notabant
3073 1879 3107 1930 ii
3153 1879 3206 1930 in
3267 1893 3407 1945 quos

1848 1973 2107 2027 beneﬁcia
2139 1971 2458 2025 contulerat.
2487 1969 2588 2033 Qui
2630 1969 2772 2021 enim
2804 1970 2870 2020 ab
2895 1962 3148 2037 Egyptio
3182 1968 3404 2036 perMo-

1851 2080 1945 2119 sen
1979 2063 2241 2116 liberatus
2289 2068 2406 2114 erat
2440 2053 2720 2121 θείη-τρυε,
2781 2043 2869 2110 ille
2908 2058 3020 2125 ipse
3061 2065 3276 2125 postero
3317 2058 3405 2110 die

1850 2155 1985 2208 dixit
2021 2154 2067 2207 ei
2100 2149 2130 2202 ς’
2156 2152 2286 2214 Qui:
2313 2159 2361 2202 te
2384 2150 2654 2201 constituit
2679 2147 2961 2215 principem
2988 2156 3036 2199 et
3057 2145 3286 2214 judicent
3314 2162 3406 2198 sn-

1850 2259 1940 2311 per
1971 2241 2106 2294 nos?
2137 2238 2386 2307 numquid
2425 2252 2505 2288 me
2535 2236 2764 2288 occidere
2800 2235 2896 2298 vis,
2949 2235 3158 2301 perinde
3199 2249 3260 2284 ac
3321 2234 3407 2284 in-

1802 2355 1816 2364 -
1855 2332 2103 2401 terfecisti
2148 2329 2454 2398 Egyptian:
2479 2328 2562 2381 ιιι
2590 2326 2823 2380 Omnino
2850 2325 2991 2377 enim
3017 2339 3046 2375 a
3096 2324 3408 2376 dentestieis

1854 2433 1906 2477 et
1934 2423 2194 2476 beneficio
2246 2419 2453 2474 atfectis
2501 2410 2828 2473 contumelia
2888 2415 3022 2469 allici
3085 2415 3168 2468 vel
3223 2413 3406 2483 atlligi,

1855 2513 2050 2568 Christi
2091 2520 2172 2566 est
2200 2511 2574 2580 opprobrium.
2609 2491 2917 2574 Quinetiam
2979 2509 3158 2559 omnis
3209 2513 3408 2559 contu-

1857 2604 2016 2658 melia
2071 2603 2330 2657 adversus
2359 2617 2482 2655 eum
2514 2601 2605 2669 qui
2636 2601 2834 2652 bonum
2863 2598 3013 2660 facit,
3059 2611 3121 2649 ac
3150 2594 3413 2669 simplici-

1859 2704 1941 2746 ter
1976 2694 2179 2745 molitio
2197 2694 2395 2744 frustra
2425 2702 2698 2758 suscepta,
2713 2689 2916 2742 Christi
2936 2696 3017 2741 est
3035 2667 3410 2754 opprobrium.

1861 2780 2136 2848 Sic\enitn
2178 2789 2231 2831 et
2281 2777 2540 2830 Dominus
2579 2775 2978 2837 dimunabatur,
3025 2773 3413 2838 dicebaturque

1859 2868 2264 2942 publicanorum
2291 2865 2518 2929 amicus,
2554 2864 2697 2933 quod
2736 2878 2868 2936 cun;
2897 2863 2998 2915 illis
3028 2861 3206 2914 cibum
3235 2875 3395 2927 cape-

2528 2957 2777 3010 salutem.
2863 2952 2931 3007 Ut
2985 2952 3146 3020 igitur
3209 2950 3416 3004 deliciae

207 3045 338 3113 σμὸς
358 3044 449 3096 τοῦ
475 3043 729 3111 Χριστοῦ.
750 3044 840 3110 Μὴ
862 3043 1035 3095 τοίνυν
1055 3043 1404 3109 ἀγανακτεῖτε
1427 3041 1581 3110 ὑμεῖς
1604 3056 1752 3108 παριι

1859 3054 1986 3101 sunt
2028 3045 2253 3116 peccati,
2284 3044 2363 3097 sic
2399 3043 2780 3111 improperium
2824 3049 2908 3095 est
2949 3041 3171 3094 Christi.
3204 3038 3282 3093 Ne
3312 3040 3414 3109 igi-

205 3136 312 3187 τῶν
356 3135 712 3204 συμφυλετῶν
752 3133 1076 3202 θλιϐόμενοι,
1112 3135 1251 3204 πρὸς
1291 3134 1383 3186 τὸν
1421 3133 1626 3201 Μωσῆν
1664 3131 1755 3184 τὸν

209 3225 376 3286 οὕτως
427 3224 634 3287 ἔνδοξον
681 3223 1111 3286 ἀποϐλέποντες,
1157 3222 1252 3275 καὶ
1297 3222 1358 3273 τὸ
1409 3221 1624 3292 μεῖζον,
1669 3220 1760 3272 τὸν

209 3314 457 3382 Χριστόν.
488 3311 816 3380 Ὀνειδισμὸς
847 3311 940 3362 τοῦ
975 3311 1208 3380 Χριστοῦ
1243 3313 1336 3361 καὶ
1372 3311 1399 3360 ὁ
1435 3311 1528 3360 ἐπὶ
1561 3310 1623 3377 τῇ
1664 3308 1760 3358 πέ-

208 3419 311 3471 τρᾳ
349 3403 485 3453 κατὰ
524 3401 761 3461 Μωσέως
800 3399 1126 3467 γογγυσμός.
1159 3399 1389 3467 Χριστὸς
1427 3396 1600 3465 γὰρ⁸⁶
1628 3392 1694 3466 ἦν
1726 3396 1760 3464 ἠ

215 3493 407 3560 πέτρα.

290 3669 614 3722 ’Λπέϐλεπε
657 3667 765 3735 γὰρ
796 3668 896 3732 ⁸είς
940 3665 1056 3734 τὴν
1089 3664 1593 3735 μισθαποδοσίαν.
1640 3664 1762 3726 Τοῖς

214 3761 308 3830 τῆς
341 3763 572 3823 πίστεως
601 3761 798 3830 δηλαδὴ
827 3760 1143 3830 ὀφθαλμοῖς.

280 3852 484 3903 Πίστει
525 3850 845 3902 κατέλιπεν
873 3850 1196 3916 ΑΖτ-υπτον,
1227 3845 1312 3914 μὴ
1350 3843 1626 3912 φοϐηθεὶς
1659 3844 1763 3896 τὸν

215 3941 402 4006 θυμὸν
440 3939 545 3990 τοῦ
584 3937 906 4001 βασιλέως.
949 3938 1013 3989 Τί
1057 3938 1271 4002 λέγειςς
1315 3935 1406 3986 καὶ
1456 3934 1562 4002 μὴν
1603 3922 1764 4001 ἐν’τῇ

225 4025 416 4092 Ἐξὸδῳ
443 4025 777 4094 γέγραπται·
805 4023 1089 4091 Ἐφοὸήθη
1117 4023 1184 4074 δὲ
1207 4019 1443 4087 Μωσῆς,
1473 4020 1560 4073 ὅτι
1586 4020 1768 4088 ἐμφα-

215 4114 316 4178 νὲς
349 4113 584 4180 ἐγένετο
615 4113 676 4164 τὸ
702 4111 885 4181 ῥῆμα.
922 4112 1080 4165 Ἀλλά
1107 4112 1195 4174 τὸ,
1223 4111 1308 4179 μὴ
1343 4109 1649 4178 φοϐηθείς,
1669 4111 1769 4160 .ὲν-

215 4205 387 4259 ταῦθα
427 4205 595 4269 δέξαι,
627 4203 699 4265 ὼς
736 4203 870 4273 πρὸς
898 4203 959 4255 τὸ
1001 4202 1162 4256 πάλιν
1195 4201 1481 4269 ἐπιστῆναι
1511 4202 1576 4268 τῇ
1608 4197 1770 4265 Atrii-

219 4315 354 4366 πτῳ,
390 4299 482 4349 καὶ
513 4295 870 4361 ἀναδέξασθαι
900 4295 994 4363 τὴν
1023 4293 1316 4363 ἡγεμονίαν
1345 4290 1453 4343 τῶν
1479 4289 1765 4358 Ἐϐραίων.

216 4385 550 4455 Φοόουμὲνου
600 4386 696 4454 μὲν
745 4384 852 4452 γὰρ
899 4379 967 4453 ἦν
1010 4385 1072 4434 τὸ
1126 4381 1362 4452 μηδόλως
1415 4379 1768 4455 ὑποστρέψαι,
1807 4408 1831 4455 r-

223 4474 352 4543 μηδὲ
382 4453 680 4541 ἐγχειρίσαι
710 4470 789 4536 οἷς
821 4477 914 4524 καὶ
946 4472 1154 4541 πρώην.
1213 4472 1363 4524 Ἐπεὶ
1389 4471 1446 4524 δὲ
1478 4453 1640 4523 πάλιν
1671 4469 1770 4521 ὐπ-

222 4562 509 4631 ἐστρεψεν,
541 4560 738 4624 ἔδειξεν
764 4562 844 4612 ὃτι
877 4561 1121 4612 πιστεύει
1150 4560 1227 4627 τῷ
1245 4561 1382 4628 Θεῷ.
1415 4561 1537 4621 Πῶς
1553 4556 1644 4613 οὗν
1674 4562 1771 4612 οὐκ

221 4651 433 4721 ἔμεινεν
465 4651 523 4701 ἑν
555 4648 844 4717 Αἰγύπτῳ,
878 4648 1013 4699 ἀλλὰ
1035 4649 1308 4716 ,κατέλιπε
1341 4648 1438 4715 τὴν
1469 4648 1771 4714 Αἴγυπτον,

222 4741 334 4806 εἴγε
385 4739 484 4791 οὐκ
531 4736 805 4806 ὲφοδείτος
830 4737 952 4789 Ὀτι
994 4735 1056 4788 τὸ
1098 4736 1176 4797 είς
1222 4736 1493 4805 πρόοπτον
1535 4735 1777 4788 κίνδυνον

224 4831 568 4899 ὲπιῤῥίπτειν
603 4819 815 4893 ἑαυτὸν,
851 4827 945 4880 καὶ
983 4827 1189 4892 λέγειν,
1227 4829 1275 4878 εί
1307 4826 1414 4895 ἄρα
1451 4825 1612 4877 σώσει
1651 4843 1717 4895 με
1753 4828 1781 4878 ό

224 4921 352 4982 Θεὸς
372 4961 388 4986 ,
421 4918 839 4988 ἐκπειράζοντός
867 4919 981 4968 ἐστι
1009 4919 1100 4970 τὸν
1129 4917 1284 4979 Θεὸν,
1318 4916 1410 4967 καὶ
1439 4914 1741 4968 διαϐολικόν
1765 4934 1779 4949 ο

226 5010 437 5079 Ὠσπερ
462 5012 555 5062 καὶ
579 5012 608 5062 ὁ
631 5008 872 5070 διάϐολος
893 5008 973 5076 τῷ
1003 5010 1188 5078 Κυρίῳ
1215 5009 1363 5074 ἔλεγε
1380 5023 1396 5039 ⁸
1421 4995 1504 5060 Bai
1515 5010 1576 5060 λε
1599 5022 1781 5061 σεαυ-

223 5099 325 5148 τὸν
350 5101 531 5158 κάτω.
555 5101 623 5152 Ἦ
651 5099 734 5172 τὸ,
767 5100 848 5151 Οὐ
878 5101 1154 5166 φοϐηθείς
1180 5101 1287 5153 τὸν
1327 5100 1515 5169 θυμὸν
1540 5100 1645 5153 τοῦ
1667 5101 1781 5164 ,ϐα-

225 5187 466 5250 σιλέως,
494 5188 638 5241 οὕτω
663 5188 875 5257 νόησον,
907 5188 987 5238 ὅτι
1015 5187 1180 5254 ἔφυγε
1210 5193 1522 5254 πιστεύσας,
1553 5190 1636 5241 ὅτι
1662 5189 1777 5242 δια-

203 5270 434 5344 ’δράσει,
474 5278 568 5327 καὶ
606 5277 705 5330 οὐκ
747 5275 1086 5339 ὲπιὸιώξεται
1125 5278 1287 5331 αὑτὸν
1325 5273 1664 5348 ιδ’-βασιλεὺς,
1702 5279 1778 5343 ὡς

228 5364 567 5437 θυμούμενος
592 5368 711 5420 κατ’
733 5368 919 5434 αὐτοῦ,
946 5368 1064 5421 οὐδὲ
1092 5370 1143 5420 εί
1172 5370 1267 5422 καὶ
1296 5370 1586 5438 ὲπιδιὼξει,
1614 5387 1780 5422 κατα-

333 5485 379 5516 ⁸³
425 5483 595 5549 Exod.
619 5499 681 5551 ιι,
715 5485 802 5540 ﬂ.
878 5486 923 5519 -"
963 5485 1151 5544 Matth.
1177 5506 1251 5558 ιν,
1285 5490 1337 5545 6.

1860 3151 1949 3195 tur
1969 3153 2109 3208 argre
2149 3135 2334 3190 feratis
2359 3149 2475 3198 vos,
2506 3136 2552 3188 si
2608 3148 2636 3185 a
2671 3131 3066 3203 contribulihus
3084 3131 3416 3198 aﬂligamini,

1859 3233 1924 3283 ad
1948 3229 2132 3281 Mosen
2168 3225 2347 3278 virum
2405 3231 2514 3275 tam
2544 3222 2810 3275 celebrem
2840 3230 2892 3272 et
2950 3222 3210 3288 inclytum
3250 3220 3415 3286 respi-

1857 3319 2083 3377 cientes,
2117 3321 2171 3366 et
2200 3312 2344 3380 quod
2396 3310 2570 3378 majus
2601 3317 2703 3370 est,
2761 3309 2818 3360 in
2850 3309 3025 3375 ipsum
3073 3306 3233 3377 740
3257 3308 3416 3361 Chri-

1857 3413 2018 3458 stum.
2083 3402 2193 3466 Sic.
2215 3400 2538 3453 contumelia
2583 3403 2700 3451 erat
2756 3395 2955 3450 Christi
2991 3410 3240 3449 murmur
3266 3398 3412 3466 apud

1858 3489 2064 3565 petram
2095 3500 2286 3547 contra
2307 3489 2492 3544 Mosen
2525 3488 2749 3542 factum.
2784 3483 2914 3538 Nam
2941 3495 3090 3553 petra
3113 3495 3231 3539 erat
3257 3487 3415 3541 Clu-i-

1859 3595 1996 3641 ειιιε.

1935 3673 2375 3744 Aspiciebatenim
2400 3673 2467 3725 ad
2489 3670 2976 3724 remunerationem.
2991 3663 3141 3720 Fidei
3162 3666 3414 3722 nimirum

1861 3766 2054 3818 oculis.

1936 3851 2098 3903 Vens.
2131 3850 2220 3902 27.
2252 3850 2386 3901 Fide
2415 3849 2624 3916 refiqnit
2645 3847 2956 3917 Afgyptum,
2979 3866 3088 3903 non
3110 3851 3305 3903 veritus
3339 3849 3424 3900 in-

1868 3940 2221 4008 dignationem
2258 3939 2414 4006 rcgis.
2459 3937 2664 4003 Ecquid
2719 3939 2836 3991 ais?
2893 3937 2950 3990 In
3006 3938 3193 3989 Exodo
3240 3948 3421 3987 tamen

1867 4031 2123 4097 seriplum
2156 4036 2238 4082 est
2266 4047 2278 4080 :
2320 4027 2735 4094 Perterrefactus
2762 4034 2837 4077 est
2875 4034 3045 4078 autent
3073 4023 3268 4087 Moses,
3297 4025 3423 4088 quia

1870 4137 1946 4172 res
1975 4121 2150 4171 ist/ia'c
2179 4117 2447 4185 patefacta
2470 4125 2606 4169 erat.
2631 4117 2915 4178 Caeterum,
2949 4133 3051 4167 non
3092 4117 3309 4177 veritas,
3335 4112 3425 4167 hic

1872 4215 2076 4283 accipe,
2114 4215 2269 4281 quasi
2330 4212 2578 4275 dixisset,
2631 4208 2862 4280 Egypto
2917 4225 3110 4263 rursus
3171 4221 3424 4277 praeesse.

1872 4314 2034 4370 atque
2094 4292 2438 4356 Hebraeorum
2493 4297 2875 4368 prmfect'uram
2936 4302 3236 4369 suscipere.
3293 4296 3430 4350 Nam

1875 4408 1978 4444 non
2011 4392 2236 4444 omnino
2285 4393 2480 4444 reverti
2527 4409 2700 4460 neque
2730 4409 2791 4445 ea
2824 4408 2944 4462 quae
2978 4395 3130 4461 prius
3187 4375 3429 4459 aggredi,

1876 4483 2166 4536 metuentis
2202 4489 2339 4535 erat.
2382 4481 2517 4544 Quia
2541 4497 2668 4535 vero
2699 4497 2953 4537 reversus
3012 4485 3117 4547 est,
3172 4481 3435 4534 indicavit

1879 4587 1938 4628 se
1969 4572 2124 4627 fidem
2160 4572 2414 4626 adhibere
2445 4570 2574 4627 Deo.
2616 4572 2794 4638 Quare
2820 4574 2989 4642 igitur
3019 4589 3127 4628 non
3162 4573 3434 4625 mansitin

1880 4661 2133 4731 Egypto,
2168 4661 2265 4716 sed
2307 4662 2529 4731 reliquit
2559 4679 2675 4718 eam
2725 4665 2769 4717 si
2821 4679 2927 4716 non
2961 4662 3437 4724 metuebattouo-

1879 4751 2024 4803 niam
2089 4753 2144 4804 in
2173 4750 2517 4804 manifestum
2542 4753 2838 4820 perieulum
2873 4751 3114 4821 seipsum
3139 4749 3435 4817 conjicere,

1881 4853 1945 4894 ac
1971 4840 2177 4904 dicere,
2216 4838 2476 4892 Fortasse
2539 4855 2626 4893 me
2666 4842 2903 4894 servabit
2965 4842 3130 4905 Deus,
3177 4841 3439 4893 tentantis

1880 4935 1961 4980 est
1999 4925 2189 4990 Deum,
2243 4940 2304 4978 ac
2329 4926 2484 4996 plane
2527 4928 2854 4983 diabolicum
2886 4949 2899 4985 :
2934 4931 3076 4985 sicut
3116 4941 3170 4985 et
3203 4929 3438 4985 Satanas

1885 5018 2111 5074 Domino
2165 5020 2379 5082 dicebat
2425 5020 2624 5077 :Mitte
2676 5032 2722 5077 te
2786 5024 3028 5079 deorsum
3062 5027 3132 5077 ".
3185 5023 3301 5086 Vel,
3338 5043 3440 5077 non

1879 5111 2071 5164 veritus
2102 5113 2516 5182 indignationem
2571 5116 2731 5184 regis,
2776 5116 2921 5169 hunc
2970 5115 3038 5167 ad
3084 5116 3303 5172 modum
3357 5117 3442 5168 in—

1877 5202 2076 5271 telllge,
2133 5218 2324 5272 nempe
2407 5205 2551 5274 quod
2621 5207 2817 5274 fugerit
2875 5205 3106 5259 credens
3160 5205 3306 5273 quod
3365 5198 3460 5260 sit

1881 5306 2159 5372 ονεειιτυε,
2209 5309 2382 5364 neque
2437 5307 2844 5364 persecuturum
2927 5311 3131 5370 regem,
3182 5305 3440 5368 tanquam

1886 5394 2294 5451 suc-censentem
2325 5385 2450 5454 ipsi.
2497 5400 2592 5439 nec
2615 5386 2827 5441 etiamsi
2879 5397 3319 5459 persequeretur,
3349 5407 3442 5462 ap-

1573 5596 1772 5667 νοτία)
1802 5596 2125 5662 lectiones.

299 5681 344 5712 “
362 5681 514 5749 λέγει
539 5695 593 5735 ο.
668 5679 713 5711 ⁸³
735 5680 792 5733 δέ
815 5695 867 5734 ο.
