4056 6340
117 341 215 404 365

861 335 1262 418 EXPOSI'MO
1302 337 1382 396 ΙΝ
1425 335 1656 396 EPIST.
1697 336 1794 395 AD
1833 337 2218 396 HEBil.EOS.
2256 363 2317 371 -
2353 339 2635 398 CAP.X[.

3255 337 3363 403 3‘66

99 497 104 499 -
133 455 216 519 Ὠς
242 455 295 507 οῖ
331 457 460 526 περὶ
507 455 719 519 Ἠλίαν,
748 455 919 518 οὕτως
941 451 1080 525 ἦσαν
1108 455 1434 524 ἀκτήμονες.
1471 452 1685 519 Ἐπειδὴ

1812 451 2022 519 Ciias,et
2045 454 2136 522 qui
2161 469 2281 508 eum
2312 469 2377 508 eo
2407 465 2561 510 erant
2588 471 2603 521 ;
2641 454 2776 509 adeo
2809 469 2986 509 rerum
3018 455 3364 524 possessione

119 547 222 617 γὰρ
261 547 414 602 οὔπω
471 548 744 619 τοσαύτην
793 545 937 618 εἶχον
967 547 1235 615 ὑπόληψιν
1267 546 1393 613 περὶ
1422 543 1690 603 τῶνάπο-

124 641 342 703 στόλων,
383 641 518 708 μετὰ
551 641 611 694 τὸ
642 641 865 694 ἐκείνων
928 640 1258 710 μνησθῆναι,
1314 637 1408 690 ἐπὶ
1435 637 1525 689 τὸν
1554 652 1688 706 προ-

123 731 297 798 φήτην
349 729 442 782 τὸν
493 729 699 793 ἔνδοξον
758 729 852 782 καὶ
908 728 1288 798 ἀναληφθέντα
1317 729 1464 797 ⁴ἥκει.
1500 727 1572 778 Τὸ
1611 726 1688 787 δὲ,

124 818 477 887 Περιῆλθον,
503 821 563 872 τὺ
588 820 882 874 διώκεσθαι
948 821 1148 881 αὐτοὺς
1207 818 1361 889 δηλοῖ
1403 820 1498 870 καὶ
1522 818 1692 870 ἀστα-

124 913 254 964 τεῖν.
288 912 528 983 Μηλωτὴ
557 913 636 978 δὲ,
662 913 723 966 τὸ
748 912 854 966 τοῦ
879 911 1103 982 μήλου,
1141 911 1261 981 ἦτοι
1289 909 1385 963 τοῦ
1420 909 1691 980 προϐάτου

123 1005 317 1075 δέρμα.

194 1189 687 1257 ⁸Υστερούμεγοι.
725 1189 811 1250 Ὠς
843 1189 1005 1252 αὐτὸς
1040 1185 1398 1250 οὗτοςίὶλίας
1422 1186 1698 1239 καὶἘλισ-

125 1283 289 1340 σαῖος.
324 1280 585 1341 Γυναῖκες
617 1280 727 1348 γὰρ
753 1280 950 1342 αὐτοὺς
984 1281 1229 1347 ἔτρεφον.

187 1369 590 1437 Θλιὸόμενοι,
642 1372 1143 1438 κακουχούμενοι.
1207 1370 1280 1421 Οὐ
1352 1369 1523 1438 μικρὰ
1588 1369 1695 1436 γὰρ

127 1461 309 1512 Ἠλίαν
341 1461 574 1524 Ἰεζάϐελ
615 1462 792 1515 ἓθλιϐε
823 1463 1112 1516 διώκουσα.

187 1544 308 1603 1r.Qr'
349 1555 461 1605 οὐκ
490 1549 570 1621 ἦν
614 1553 784 1618 ἆξιίς
814 1557 846 1608 ὁ
877 1557 1124 1622 κόσμος.
1158 1555 1272 1606 Ούκ
1306 1553 1476 1622 ἔχετε,
1514 1552 1695 1620 φησὶν,

126 1643 298 1694 εἰπεῖν
362 1645 444 1696 ὅτι
511 1645 824 1714 ἁμαρτω).οὶ
895 1645 1067 1710 ὄντες,
1114 1646 1337 1698 τοιαῦτα
1361 1647 1403 1676 ⁶⁹
1436 1643 1695 1711 ἔπασχον,

128 1733 263 1786 ἀλλὰ
310 1736 562 1802 τοιοῦτοι,
626 1731 729 1788 οἷοι
754 1737 848 1789 καὶ
878 1735 973 1788 τοῦ
996 1737 1203 1806 κόσμου
1236 1733 1402 1789 αὐτοῦ
1439 1732 1696 1804 τιμιώτε-

131 1843 206 1891 ροι
240 1822 402 1878 εἶναι.
436 1827 653 1896 Κόσμον
679 1827 755 1892 δὲ,
787 1828 883 1880 καὶ
914 1827 972 1880 τὺ
1012 1827 1220 1896 πλῆθος
1251 1827 1346 1880 καὶ
1382 1825 1488 1896 τὴν
1523 1825 1699 1878 κτίσιν

130 1918 296 1988 αὐτήν
352 1937 518 1988 φησιν
551 1921 583 1989 ἡ
619 1920 833 1990 Γραφή.
895 1916 1338 1975 Κὰεθταῠθακοῦν
1387 1919 1696 1990 ἀμφότερα.

142 2008 262 2061 Ἐὰν
298 2011 483 2063 πᾶσαν
505 2007 616 2074 οὖν,
648 2012 800 2080 φησὶ,
829 2011 928 2081 τὴν
964 2013 1139 2064 κτίσιν
1167 2012 1304 2082 μετὰ
1329 2012 1436 2066 τῶν
1471 2013 1528 2064 ὲν
1563 2012 1699 2080 αὐτῇ

132 2099 436 2170 ἀνθρώπων
466 2104 792 2174 ἁντιστήσῃς
824 2106 1057 2167 τούτοις,
1084 2105 1236 2157 οὐδὲν
1267 2102 1512 2169 ἀντάξιον
1539 2102 1703 2173 εὑρή-

136 2210 240 2254 σεις
263 2195 492 2262 τούτων.
563 2194 824 2256 Ἐνταῦθα
880 2195 935 2248 δὲ
982 2196 1316 2264 διανίστησιν
1370 2195 1549 2248 αὐτῶν
1606 2194 1703 2256 τὰς

136 2285 382 2354 καρδίας,
419 2283 559 2336 ὥστε
605 2285 770 2354 μηδὲν
822 2285 1006 2355 ζητεῖν
1028 2287 1134 2339 τῶν
1163 2287 1220 2338 ἐν
1243 2285 1320 2353 τῷ
1348 2285 1558 2352 κόσμῳ,
1591 2283 1704 2349 εἴγε

136 2377 162 2426 ὁ
191 2375 394 2444 κόσμος
452 2376 551 2428 οὐκ
620 2374 766 2429 ἔστιν
796 2377 944 2440 ἄξιος
993 2377 1102 2430 τῶν
1158 2377 1352 2444 ἁγίων.
1379 2375 1578 2444 ’Ύϐρις
1598 2375 1706 2442 γάρ

141 2486 226 2520 σου
263 2468 435 2531 ἐστὶν,
495 2469 588 2520 ἐὰν
641 2468 873 2522 ἐνταῦθα
917 2468 1086 2540 λάϐῃς
1112 2469 1202 2521 τὸν
1243 2466 1454 2534 μισθόν·
1498 2466 1708 2531 ἔδειξας

142 2563 243 2634 γὰρ
272 2565 472 2618 σαυτὸν
515 2563 824 2633 ούδαμινῶν
855 2563 984 2616 ὄντα
1008 2563 1178 2626 ἄξιον.
1225 2561 1289 2614 Et
1324 2561 1430 2624 πᾶς
1457 2561 1484 2613 ὁ
1506 2562 1707 2630 κόσμος

140 2657 235 2708 οὐκ
261 2657 412 2712 ἔστιν
438 2656 587 2720 ἄξιος
613 2656 732 2718 ἑνὸς
763 2655 945 2722 ἁγίου,
980 2655 1032 2707 τί
1071 2656 1236 2725 μέρος
1267 2654 1483 2726 ζητεῖς;

218 2938 317 2990 ἐν
354 2936 622 3005 ἐρημίαις
651 2934 1050 3004 πλανώμενοι,
1077 2934 1176 2987 καὶ
1221 2934 1408 3000 ὄρεσι,
1433 2931 1531 2985 καί
1552 2945 1710 2997 σπη-

144 3029 360 3094 λαίοις,
400 3027 498 3081 καί
526 3026 656 3092 ταῖς
681 3025 857 3090 ὀπαῖς
885 3025 996 3092 τῆς
1017 3025 1150 3095 γῆς.
1185 3025 1274 3088 Ὠς
1303 3025 1519 3089 Ἠλίας,
1543 3025 1636 3076 καὶ
1661 3025 1710 3075 οί

1797 545 2072 598 carebunt.
2099 545 2234 610 Quia
2270 545 2413 598 enim
2469 545 2709 598 nondum
2747 554 2954 600 tantam
2986 545 3053 599 de
3101 547 3363 616 apostolis

1792 637 2103 703 Opinionem
2150 647 2553 707 conceperunt,
2611 646 2900 706 postquam
2949 638 3165 701 illorum
3210 635 3363 693 men-

1795 730 1992 782 tionem
2021 730 2260 797 fecisset,
2282 730 2348 784 ad
2383 731 2642 800 inclytum
2675 731 2991 800 prophetam
3033 733 3128 800 qui
3159 731 3212 784 in
3251 749 3363 787 ea:-

1795 820 1904 872 lum
1937 822 2204 882 sublatus.
2226 822 2390 876 venit.
2420 823 2572 888 Quod
2602 831 2780 875 autem
2803 823 2916 875 ait:
2952 824 3360 886 Circumieruni,

1794 925 1886 962 eos
1930 912 2364 978 persecutionem
2409 928 2528 967 esse
2586 928 2778 990 passos
2811 908 3039 982 indicat,
3084 925 3136 968 et
3166 917 3220 969 in
3253 934 3365 972 uno

1797 1002 1913 1055 loco
1934 1018 2042 1055 non
2082 1006 2327 1072 potuisse
2359 1005 2564 1065 morari
2598 1024 2610 1058 :
2658 1003 2848 1058 Melete
2889 1015 3092 1070 autem,
3132 1007 3249 1061 ovis
3283 1010 3365 1061 vel

1797 1095 2017 1164 pecudis
2058 1108 2141 1149 est
2179 1097 2355 1166 pellis.

1865 1186 2109 1256 Egenles.
2150 1187 2218 1241 Ut
2256 1189 2342 1242 ille
2396 1187 2513 1258 ipse
2562 1189 2705 1244 [ﬁlias
2732 1197 2785 1244 et
2818 1188 3066 1246 Eliszus.
3111 1192 3364 1249 Mulieres

1797 1278 1939 1331 enim
1971 1293 2064 1332 eos
2101 1279 2339 1332 alebant.

1869 1370 2193 1437 Angustiati,
2258 1372 2456 1440 afﬂicti.
2511 1369 2662 1424 [laud
2736 1387 2928 1441 parum
2983 1375 3125 1427 enim
3192 1375 3362 1430 Etiam

1799 1459 2014 1514 Jezahel
2049 1465 2426 1528 persecutione
2457 1479 2554 1516 sua
2581 1463 2789 1518 amisit.

1876 1551 2038 1606 Visus.
2074 1553 2161 1606 58.
2218 1553 2420 1618 Quibus
2465 1554 2651 1622 dignus
2682 1571 2782 1608 non
2821 1567 2934 1609 erat
2969 1559 3216 1626 mundus.
3247 1559 3365 1614 Non

1802 1643 2029 1713 potestis
2048 1645 2250 1704 dicere,
2274 1632 2468 1713 inquit,
2492 1646 2636 1714 quod
2665 1645 2979 1714 peccatores
3014 1665 3135 1703 cum
3163 1665 3368 1714 essent,

1807 1736 1920 1789 haec
1966 1736 2074 1788 sint
2118 1737 2263 1804 pa~ssi
2303 1753 2315 1788 :
2366 1752 2551 1791 verum
2606 1739 2741 1794 tales
2785 1739 3025 1804 fuerunt,
3061 1751 3118 1794 ut
3165 1753 3216 1796 et
3251 1744 3372 1812 ipso

1806 1828 2008 1880 mundo
2065 1827 2441 1882 honoratiores
2503 1837 2708 1883 essent.
2773 1829 3030 1884 Mundum
3085 1841 3264 1887 autem
3316 1845 3372 1888 et

1805 1919 2088 1972 hominum
2161 1919 2610 1985 multitudinem,
2672 1928 2726 1974 et
2787 1922 2990 1975 mundi.
3034 1933 3369 1979 structuram

1806 2011 2088 2080 Scriptura
2122 2009 2648 2080 appellat..Utraque
2672 2020 2852 2066 autem
2885 2014 2973 2067 hic
3004 2017 3370 2085 accipiuntur.

1808 2099 1866 2154 Si
1899 2102 2080 2169 itaque
2108 2100 2436 2165 universam,
2471 2101 2665 2170 inquit,
2685 2103 2870 2162 mundi
2900 2111 3223 2159 structuram
3249 2121 3372 2160 cum

1810 2192 2120 2245 hominibus
2149 2191 2242 2260 qui
2272 2192 2324 2243 in
2355 2206 2421 2243 eo
2450 2199 2725 2246 suntcum
2767 2192 2887 2247 istis
2926 2195 3196 2259 conferas,
3239 2198 3374 2252 nihil

1808 2282 2054 2350 invenies
2080 2283 2222 2351 quod
2251 2281 2357 2334 illis
2389 2280 2652 2350 dignitate
2682 2283 3030 2351 respondeat.
3067 2284 3165 2338 llic
3193 2296 3371 2340 autem

1807 2376 2004 2430 excitat
2057 2391 2245 2430 eorum
2299 2373 2464 2446 7M
2517 2374 2820 2439 corda,‘ut
2865 2377 2997 2430 nihil
3039 2379 3372 2433 mundanum

1810 2478 2056 2534 quaerant
2089 2485 2101 2520 :
2139 2466 2410 2535 siquidem
2442 2467 2677 2523 mundus
2708 2477 2792 2523 est
2841 2468 3098 2539 indiguus
3132 2472 3374 2526 'sanetis.

1811 2556 2014 2624 lujuriu
2041 2555 2186 2610 enim
2223 2565 2314 2610 tua
2356 2564 2462 2622 est,
2508 2556 2553 2610 si
2599 2556 2690 2610 hic
2733 2559 3009 2626 acceperis
3051 2560 3376 2618 mercedem.

1813 2645 2127 2702 Monstrasti
2180 2647 2326 2702 enim
2376 2647 2608 2716 teipsum
2662 2649 2867 2704 nullius
2921 2637 3071 2704 esse
3109 2653 3290 2719 pretii.
3319 2651 3375 2707 Si

1815 2738 2103 2792 universus
2144 2737 2378 2790 nuindus
2398 2752 2505 2790 non
2535 2747 2615 2791 est
2644 2737 2839 2806 dignus
2872 2754 2980 2793 uno
3009 2749 3220 2806 sancto,
3247 2743 3375 2809 quid

1813 2841 2018 2899 partem
2049 2815 2346 2900 quaeritas?

1885 2921 1953 2974 In
1993 2919 2368 2975 solitudinibus
2402 2928 2654 2984 errantes,
2678 2929 2726 2973 et
2747 2921 3028 2988 montibus,
3054 2931 3100 2977 et
3120 2925 3379 2992 speluncis

1815 3023 1862 3066 et
1905 3012 2140 3066 cavernis
2172 3018 2343 3064 terror.
2372 3010 2441 3065 Ut
2474 3011 2646 3074 Elius,
2683 3019 2738 3064 et
2773 3003 3069 3083 prophetae,
3107 3017 3198 3085 qui
3231 3019 3382 3072 clun-

147 3123 419 3192 προφῆται
450 3119 506 3174 δὲ
545 3121 594 3174 οἱ
638 3119 744 3172 ὑπὸ
814 3119 1024 3173 Ἀὅδίου
1080 3118 1407 3189 τρεφόμενοι
1459 3117 1702 3187 κρύϐδην

1816 3106 1996 3160 culum
2023 3104 2092 3159 ab
2133 3104 2302 3158 Abdia
2324 3105 2375 3157 in
2410 3106 2669 3174 spelunca
2696 3105 3000 3160 alebantur.
3033 3106 3216 3192 Neque
3248 3112 3381 3164 soli-

147 3218 200 3268 ἐν
225 3215 304 3284 τῷ
336 3212 756 3284 σπηλαίῳ.οὐδὲ
777 3213 876 3283 τὴν
906 3212 1336 3282 ὲρημίαν,φησὶ,
1360 3210 1499 3278 μετὰ
1529 3209 1712 3272 ἁδείας
1761 3262 1764 3264 ,

147 3309 312 3360 οἰκεῖν
361 3305 785 3376 συνεχωροῦντο,
849 3303 987 3356 ἀλλὰ
1022 3302 1283 3356 κάκεῖθεν
1316 3301 1616 3370 ἠλαύνοντο
1632 3299 1716 3369 ιτῷ

149 3399 315 3468 φόϐῳ,
377 3400 471 3453 καὶ
529 3397 716 3451 ἄλλοτε
746 3395 983 3470 ἀλλαχοῦ
1010 3392 1342 3446 ἐπλανῶντο.
1391 3391 1532 3444 Ἀλλ’
1567 3391 1717 3459 ὅμως

149 3488 428 3540 ἐπίστευον
456 3485 802 3556 παράκλησιν
833 3485 1054 3538 αἰώνιον
1075 3483 1340 3552 λήψεσθαι
1373 3481 1521 3552 παρὰ
1559 3480 1714 3546 Θεοῦ,

151 3580 237 3629 καὶ
279 3578 550 3647 ὑπέμενον
590 3576 778 3630 ταῦτα.

217 3670 323 3725 Καὶ
395 3666 561 3726 οὗτοι
638 3669 862 3735 πάντες
921 3669 1404 3738 μαρτυρηθέντες
1449 3668 1548 3721 διὰ
1605 3669 1714 3736 τῆς

155 3765 412 3828 πίστεως
463 3765 575 3818 οὐκ
615 3763 978 3832 ἐκομίσαντο
1027 3763 1141 3830 τὴν
1191 3762 1573 3832 ἐπαγγελίαν.
1629 3761 1716 3824 Τί,

156 3858 306 3926 φησὶ,
360 3856 768 3926 μικροψυχεῖτε,
819 3855 984 3908 ὅτιὲν
1012 3856 1090 3923 τῷ
1149 3855 1323 3920 ἀγῶνι
1367 3854 1518 3916 ὄντες
1566 3851 1720 3903 οὔπω

155 3950 249 4011 τὰς
273 3948 506 4017 ἀμοιϐὰς
541 3930 825 4010 ἐδέξασθε;
862 3946 924 3997 Ol
953 3945 1233 4013 εἰρημένοι
1294 3943 1494 4005 πάντες
1551 3943 1717 4009 ἅγιοι,

156 4041 331 4093 καίτοι
351 4039 449 4109 ἤδη
476 4037 916 4108 μαρτυρηθέντες
939 4036 1026 4089 διὰ
1045 4036 1143 4105 τῆς
1166 4035 1401 4098 πίστεως
1427 4035 1723 4105 εύηρεστη-

158 4135 333 4201 κέναι,
393 4132 546 4187 οὔπω
596 4133 934 4203 τετυχήκασι
959 4131 1066 4184 τῶν
1105 4134 1164 4185 ἐν
1196 4131 1449 4203 οὐρανοῖς
1481 4132 1723 4200 ἐπαγ-γε-

156 4226 304 4281 λιῶν.
337 4227 457 4281 Τῶν
522 4227 630 4297 γὰρ
685 4227 834 4280 κάτω
880 4227 1320 4295 τινὲς-ἐπέτυχον
1348 4225 1721 4293 ἐπαγγελιῶν.

161 4316 232 4379 ὡς
264 4321 293 4370 ὁ
321 4318 502 4372 Δαόίδ.
551 4318 690 4369 Ἀλλ’
721 4318 782 4370 ού
816 4317 973 4370 τοῦτο
1003 4318 1064 4370 τὸ
1096 4317 1458 4388 ζητούμενον·
1493 4317 1561 4368 τὰ
1589 4315 1645 4367 δὲ
1669 4317 1725 4367 ὲν

160 4412 427 4479 οὐρανοῖς,
462 4408 638 4463 ταῦτά
662 4412 804 4464 εἰσιν
831 4409 1000 4472 ὅντως
1026 4409 1372 4479 ἐπαγγελίαι.
1419 4445 1424 4450 ς

233 4680 347 4737 Τοῦ
380 4680 530 4735 Θεοῦ
577 4678 704 4746 περί
733 4677 904 4745 ἡμῶν
934 4676 1202 4744 κρεῖττόν
1229 4691 1282 4727 τι
1311 4677 1729 4743 προϐλεψαμέ-

163 4788 294 4834 νου,
329 4773 427 4826 ἵνα
452 4770 540 4840 μὴ
572 4767 750 4838 χωρίς
801 4767 973 4838 ἡμῶν
1012 4764 1423 4820 τελειωθῶσιν.
1471 4765 1732 4834 Κρεῖττόν

167 4881 238 4928 τι,
271 4863 544 4926 τουτέστι,
573 4861 711 4932 πρὸς
743 4863 914 4930 τιμὴν
937 4859 1117 4929 ἡμῶν.
1146 4860 1263 4911 Ἵνα
1295 4858 1402 4927 γὰρ
1437 4857 1511 4926 μὴ
1533 4855 1732 4911 δοκῶσι

168 4954 506 5007 πλεονεκτεῖν
565 4952 722 5023 ἡμῶν
751 4950 829 5022 τῷ
863 4951 1116 5022 πρώτους
1170 4947 1592 5017 στεφανοῦσθαι,
1634 4947 1730 5000 ἕνα

173 5046 304 5098 πᾶσι
334 5047 523 5114 καιρὸν
586 5043 753 5115 ὥρισε
779 5043 888 5096 τῶν
923 5042 1224 5110 στεφάνων.
1262 5040 1373 5093 Καὶ
1419 5037 1518 5090 οὐκ
1555 5033 1730 5103 εἶπεν,

173 5136 303 5190 ἰνα
321 5134 406 5203 μὴ
429 5133 916 5204 στεφανωθῶσιν,
933 5133 1201 5196 ἀλλ,’⁴ινα
1220 5131 1301 5200 μὴ
1323 5127 1731 5183 τελειωθῶσιν.

172 5227 331 5279 Ὥστε
393 5225 486 5278 καὶ
544 5226 892 5279 τίλειοιτότε
952 5213 1256 5292 φαίνονται.
1295 5220 1505 5281 Ἀλλως
1526 5237 1586 5271 τε
1637 5218 1732 5272 νῦν

172 5316 492 5388 ἀρραϐῶνας
513 5315 694 5384 ἔχουσι
728 5315 828 5385 τῆς
868 5316 1057 5384 τιμῆς.
1101 5313 1270 5366 Πόθεν
1321 5312 1428 5381 γὰρ
1484 5311 1664 5373 αὐτοῖς
1699 5312 1732 5380 ἡ

171 5412 248 5472 είς
270 5409 331 5462 τὸ
361 5407 570 5477 βοηθεῖν
617 5407 730 5468 τοῖς
755 5405 1206 5475 ἐπικαλουμένοις
1230 5405 1424 5464 αὐτοὺς
1454 5401 1682 5468 δύναμις
1715 5418 1728 5465 ;

173 5499 337 5555 πύθεν
363 5499 422 5552 τὸ
447 5495 762 5568 παρρησίαν
803 5495 950 5565 ἒχειν
988 5497 1068 5559 είς
1097 5495 1158 5548 τὸ
1190 5491 1510 5564 πρεσϐεύειν
1539 5509 1554 5556 ;
1586 5491 1648 5541 τὸ
1675 5490 1732 5542 δὲ

1824 3197 2090 3257 tudinem,
2130 3197 2326 3264 inquit,
2359 3197 2478 3250 sine
2511 3197 2966 3255 timorejncolere
2991 3187 3390 3266 permittebam

1820 3297 1928 3352 tur,
1957 3302 2144 3340 rerum
2177 3287 2302 3339 inde
2331 3286 2490 3338 etiam
2527 3295 2672 3339 metu
2712 3286 3089 3355 abigebantur,
3143 3301 3198 3343 et
3238 3309 3404 3347 nune

1818 3379 1926 3443 hic,
1956 3394 2100 3432 nunc
2144 3379 2256 3432 illic
2287 3376 2633 3431 oberrabant.
2665 3377 2912 3432 Attamen
2939 3381 3229 3434 credebant
3260 3400 3382 3440 sese

1819 3472 2247 3528 consolationem
2282 3479 2541 3524 aeternam
2571 3477 2890 3538 accepturos
2922 3459 2949 3523 ἐι
2985 3472 3111 3538 Deo,
3155 3474 3382 3544 ideoque

1820 3565 1935 3619 hinc
1964 3565 2328 3632 patiebantur.

1892 3655 2059 3709 Vens.
2085 3655 2174 3709 59.
2195 3653 2255 3706 Et
2279 3654 2332 3706 Ιιὶ
2350 3671 2547 3718 omnes,
2576 3654 2866 3707 testimonio
2893 3655 3398 3722 [irlciprobatimen

1821 3760 2126 3817 acceperunt
2159 3748 2632 3814 rapi-amissionem.
2668 3745 2825 3811 Quid,
2858 3750 3052 3818 inquit.
3101 3753 3384 3819 pusillani-

1823 3855 1938 3892 mes
1966 3840 2116 3900 estis,
2158 3837 2302 3906 quod
2349 3853 2472 3888 cum
2521 3838 2574 3889 in
2616 3839 2914 3892 certamine
2953 3842 3095 3902 sitis,
3143 3844 3382 3914 umidum

1824 3929 2143 3997 acceperitis
2194 3928 2527 3996 praemium?
2580 3927 2822 3981 Pracdicti
2902 3944 3094 3985 omnes
3153 3919 3329 3986 sancti
3367 3973 3382 3992 .

1823 4021 2039 4075 etiamsi
2069 4020 2438 4074 testimonium
2479 4018 2737 4072 haberent
2768 4023 2911 4089 qurid
2955 4023 3061 4076 Deo
3102 4039 3196 4092 per
3228 4027 3385 4080 [idem

1826 4112 2128 4182 placebant,
2159 4109 2398 4163 nondum
2432 4117 2610 4163 tamen
2642 4113 2877 4165 assecuti
2921 4125 3048 4166 sum
3087 4118 3388 4171 (m'estium

1752 4230 1767 4236 κ
1827 4208 2096 4262 bonorum
2151 4203 2565 4273 promissiones.
2628 4203 2833 4258 lnferas
2883 4207 3096 4272 quidem
3147 4207 3388 4278 adeoiiue

1829 4305 2118 4351 terrestres
2166 4294 2557 4362 promissicnes
2609 4295 2854 4371 nonnulli
2910 4297 3087 4364 adepti
3132 4311 3278 4364 sunt,
3333 4318 3391 4355 υι

1830 4386 2018 4439 David.
2065 4384 2332 4438 Caeterum
2385 4383 2438 4436 id
2496 4397 2606 4435 non
2658 4391 2775 4436 erat
2819 4385 2960 4452 quod
2993 4389 3338 4453 qmerebatur
3371 4410 3388 4444 :
3477 4442 3481 4445 _

1760 4469 1808 4525 Ι)
1833 4481 1927 4534 sed
1963 4494 2082 4548 quae
2107 4479 2161 4534 in
2193 4477 2345 4532 caelis
2377 4483 2525 4540 sunt,
2558 4475 2660 4530 ista
2683 4490 2869 4529 revera
2913 4488 3040 4551 sunt
3076 4483 3394 4548 promissio-

1826 4584 1941 4625 nes.

1901 4661 2068 4718 Vens.
2110 4662 2199 4716 40.
2229 4661 2337 4715 Deo
2365 4663 2430 4715 de
2453 4662 2598 4716 nobis
2630 4662 2813 4715 melius
2843 4661 3045 4729 aliquid
3067 4663 3388 4728 providente,

1832 4765 1888 4808 ut
1922 4771 2026 4809 non
2063 4757 2174 4808 sine
2203 4754 2352 4808 nobis
2387 4760 2891 4806 consummat-eatur.
2935 4749 3122 4804 Melius
3163 4751 3388 4820 aliquid,
3483 4806 3494 4820 I

1792 4864 1795 4865 ν
1837 4847 1941 4902 hoc
1970 4856 2077 4909 est,
2105 4847 2170 4899 ad
2202 4847 2464 4899 honorem
2501 4850 2768 4896 nostrum.
2807 4840 2881 4895 Ne
2926 4839 3214 4896 videantur
3244 4845 3392 4898 eiiim

1835 4940 1996 4993 nobis
2033 4952 2154 4990 esse
2204 4926 2440 5003 potiores
2472 4934 2518 4987 si
2559 4933 2719 5002 primi
2749 4946 3176 4999 coronarentur,
3226 4951 3392 4992 unum

1833 5029 2087 5084 omnibus
2107 5026 2445 5087 coronarum
2492 5035 2705 5094 tempus
2735 5027 2942 5080 statuit.
2996 5028 3106 5081 Nec
3135 5027 3290 5088 dixit,
3325 5025 3394 5079 Ut

1836 5135 1941 5174 non
1975 5125 2390 5181 coronarentur,
2443 5113 2566 5181 Sed,
2612 5120 2674 5174 (It
2729 5136 2830 5172 non
2885 5128 3391 5173 consummarentur.
3444 5166 3446 5169 .

1887 5211 2122 5266 Proinde
2174 5219 2304 5265 tunc
2338 5209 2561 5278 perfecti
2595 5211 2938 5264 videbuntur.
2969 5208 3252 5272 Praeterea,
3281 5207 3392 5277 jam

1835 5318 1984 5358 nunc
2025 5302 2384 5354 arrhabonem
2419 5307 2472 5355 et
2504 5301 2697 5368 pignus
2729 5298 2950 5352 honoris
2985 5299 3200 5352 habent.
3241 5296 3393 5352 Unde

1839 5394 1984 5448 enim
2049 5392 2128 5446 eis
2191 5401 2434 5460 potestas
2501 5387 2797 5442 auxiliandi
2855 5388 3234 5444 invocantibus
3285 5391 3397 5446 se?

1843 5483 1998 5540 Unde
2027 5483 2159 5551 ipsis
2189 5482 2385 5538 ﬁducia
2413 5479 2782 5536 intercedendi
2822 5480 2844 5534 ?
2877 5478 3268 5538 Perfectionem
3298 5492 3407 5536 λιιι-ί

1501 5666 1700 5729 Variae
1725 5663 2048 5727 lectiones.

268 5780 320 5815 ”
336 5777 510 5834 ταῦτα
533 5796 586 5836 o.
