4056 6340
650 351 772 415 .Ilfi‘i
1577 353 1678 413 ΤΗ
1688 351 2152 414 EOPHYLACTI
2176 351 2208 412 Ε

2313 351 2590 417 ,ΘΑῙΠΒ
2615 355 2970 420 ARCHIEP.

3690 422 3694 426 ,
3755 359 3857 429 ,3ίὸ

671 474 779 518 teni
820 473 870 518 ct
903 461 1423 518 ('OltSUIIIDialiOI’lCIII
1458 472 1570 516 tum
1601 463 1889 532 accipient.
1912 461 2100 517 Nonne
2124 461 2208 532 ἰείη

2326 464 2530 520 τέλειον
2581 469 2703 522 τότε
2750 468 3140 543 ἀπολήψονται.
3174 461 3319 540 ’Δρα
3367 462 3462 522 οὖν
3503 469 3606 522 οὐκ
3645 467 3857 525 άδικεῐὸ

669 560 760 606 tur
812 550 1045 620 iujustus
1097 558 1178 605 est
1229 551 1333 604 illis
1393 550 1557 614 Deus.
1603 550 1646 604 si
1690 565 1792 606 nos
1839 552 2228 605 anteverterint

672 641 968 704 laboribus,
997 643 1050 695 in
1084 643 1302 696 coronis
1329 650 1505 698 autem
1532 659 1632 698 nos
1663 651 1984 713 exspectent
2009 643 2032 696 ἲ
2071 642 2225 697 Mini-

669 747 754 784 me
789 749 801 782 :
832 747 952 785 nam
980 743 1031 786 et
1059 733 1164 787 illis
1199 733 1298 786 hoc
1327 742 1539 803 gratum
1569 743 1671 797 est,
1697 745 1755 787 ut
1805 748 1927 786 cum
1965 732 2225 787 fratribus

667 832 1128 875 consummentur.
1157 820 1367 891 Corpus
1393 838 1558 876 unum
1591 837 1779 877 omnes
1808 837 2018 877 sumus.
2051 821 2222 892 Majo-

670 926 779 964 rem
821 911 986 980 igitur
1025 912 1241 979 corpori
1275 911 1600 981 voluptatem
1637 913 1857 982 praebet,
1890 913 1934 967 si
1975 926 2223 965 commu~

668 1001 810 1055 niter
863 1001 1158 1055 secundum
1219 1002 1400 1056 omnia
1450 1004 1690 1057 membra
1749 1018 1846 1057 sua
1904 1009 2217 1057 coronetur.

667 1089 806 1146 Deus
845 1100 929 1146 est
953 1089 1112 1146 Pater
1135 1091 1427 1145 liberorum
1447 1092 1873 1157 amantissimus,
1909 1096 2004 1162 qui
2045 1094 2222 1147 varios

667 1183 823 1238 habet
848 1183 986 1239 ﬁlios
1024 1202 1039 1250 ;
1083 1184 1172 1237 alii
1203 1185 1441 1253 quidem,
1489 1183 1744 1253 perfectis
1781 1185 2038 1255 operibus
2079 1186 2216 1248 suis,

663 1288 726 1327 ex
759 1276 906 1340 agris
940 1277 1174 1330 celerius
1201 1275 1447 1336 redeunt,
1489 1275 1579 1329 alii
1613 1290 1738 1330 vero
1775 1276 2089 1332 laborantes
2121 1279 2216 1332 ad‘

665 1365 1193 1434 hucibipersistunt.
1214 1365 1371 1420 Dedit
1407 1366 1471 1421 iis
1499 1367 1588 1436 qui
1625 1367 1855 1436 primum
1877 1368 2215 1434 laborarunt,

663 1457 1132 1526 prasgustationem
1167 1459 1480 1528 quamdam,
1516 1459 1701 1512 dicens
1729 1450 1796 1512 ac
1820 1459 2083 1514 mandans
2115 1461 2215 1527 eis,

662 1557 722 1600 ut
771 1547 836 1601 ad
895 1548 1195 1617 perfectum
1232 1563 1402 1616 usque
1444 1548 1752 1602 convivium
1811 1548 2004 1604 fratres
2025 1565 2218 1619 exspe—

658 1648 806 1693 ctent
842 1658 853 1691 :
905 1643 1017 1708 qui.
1073 1639 1292 1693 humani
1315 1655 1437 1693 cum
1469 1639 1602 1705 sint,
1650 1640 1756 1696 laeti
1787 1651 2126 1712 exspectant,
2160 1650 2216 1695 ut

659 1733 712 1786 in
748 1746 1034 1786 commune
1064 1732 1455 1786 exhilarentur.

1247 1822 1472 1877 CAPUT
1517 1823 1633 1876 XII.

725 1914 883 1985 745
909 1913 1069 1969 Vens.
1092 1915 1141 1979 l,
1178 1913 1403 1984 Ideoque
1423 1927 1470 1969 et
1509 1933 1604 1971 nos
1634 1923 1832 1968 tantum
1852 1916 2094 1970 habentes
2114 1918 2216 1970 cir-

656 2013 998 2078 cumpositum
1017 2011 1199 2067 nubem
1213 2011 1438 2064 testium.
1459 2009 2019 2072 Nondixit,elevatam
2051 2024 2216 2080 super

656 2117 778 2164 nos,
815 2102 928 2164 sed,
955 2102 1396 2169 circumpositum,
1427 2101 1528 2154 hoc
1545 2109 1648 2167 est,
1683 2101 1920 2170 undique
1953 2115 2054 2154 nos
2106 2115 2214 2153 am-

659 2189 914 2244 bientem.
935 2189 1127 2244 Testes
1149 2198 1327 2243 autem
1358 2208 1463 2244 non
1481 2206 1572 2246 eos
1587 2201 1795 2246 tantum
1815 2191 2212 2260 vocat|quisunt

656 2280 711 2332 in
744 2277 889 2332 Novo
926 2279 1293 2342 Testamento,
1332 2280 1422 2333 sed
1452 2281 1541 2348 qui
1567 2281 1619 2333 in
1649 2278 1828 2334 Veteri
1861 2282 2042 2334 etiam.
2076 2279 2208 2333 Nam

655 2377 708 2421 et
735 2368 836 2436 ipsi
868 2367 1238 2421 testimonium
1269 2369 1614 2436 prasbuerunt
1649 2367 1742 2422 Dei
1775 2369 2210 2437 magnificentizr,

658 2458 736 2510 uti
791 2467 900 2512 tres
953 2459 1128 2528 pueri,
1180 2458 1364 2513 Daniel
1413 2470 1465 2512 ct
1511 2474 1704 2514 omnes
1745 2460 2040 2529 prophetae.
2089 2459 2208 2513 Non

652 2547 787 2600 dixit
845 2555 1050 2612 autem,
1111 2547 1529 2612 blultitudinem,
1575 2547 1668 2601 sed
1726 2549 1945 2611 Nubem,
1993 2549 2210 2616 proprio

654 2642 888 2695 maxime
933 2657 1064 2696 usus
1101 2641 1366 2695 vocabulo
1413 2641 1478 2694 ad
1527 2657 1764 2710 prasens
1808 2653 2208 2711 argumentum.

650 2736 915 2800 Quoniam
944 2737 1088 2788 enim
1121 2734 1223 2802 ipsi
1251 2733 1604 2786 amictionum
1635 2741 1771 2786 aestu
1804 2733 2206 2800 premebantur.

649 2825 911 2890 Tt-stium,
935 2827 1129 2894 inquit,
1147 2825 1402 2878 memoria
1429 2825 1598 2877 instar
1629 2823 1908 2878 nubecula:
1925 2823 2205 2892 cujusdam

651 2918 885 2987 undique
924 2916 1212 2970 ambientis
1246 2930 1339 2969 vos
1371 2913 1715 2969 refocillabit.

726 3009 1039 3077 Deponentes
1087 3023 1235 3060 omne
1272 3005 1492 3073 pondus.
1544 3006 1659 3060 Hoc
1711 3015 1812 3069 est,
1867 3010 2205 3060 terrestrium

652 3100 993 3168 negotiorum
1036 3099 1324 3162 sai-tinam,
1356 3106 1408 3151 et
1432 3111 1592 3151 curas
1625 3096 1731 3151 illis
1751 3083 2030 3151 admistas.
2064 3098 2204 3152 Nihil

648 3191 790 3244 enim
826 3189 970 3243 aliud
1015 3201 1143 3243 sunt
1180 3203 1340 3258 quam
1393 3202 1528 3240 vana
1578 3189 1817 3243 sarcina.
1867 3189 2212 3260 Quid_igitur

649 3297 788 3351 :rgrc
815 3281 963 3333 fertis
997 3281 1060 3334 ab
1088 3281 1207 3335 istis
1249 3279 1514 3334 liberari?

721 3448 785 3500 Et
826 3450 982 3516 facile
1023 3451 1370 3502 circumstans
1409 3459 1694 3515 peccatum.
1737 3447 1831 3502 Vel
1868 3449 2014 3518 quod
2049 3450 2209 3505 facile

649 3557 748 3594 no»~
779 3542 1114 3605 circumstet,
1173 3539 1252 3591 vel
1303 3540 1444 3607 quod
1478 3540 1632 3593 facile
1688 3539 2046 3594 devictionem
2100 3542 2208 3609 pati

649 3630 820 3699 possit
853 3648 864 3681 :
901 3631 1056 3684 facile
1102 3629 1245 3683 enim
1287 3637 1391 3695 est,
1431 3629 1474 3682 si
1521 3628 1680 3682 modo
1705 3628 1954 3694 velimus,
1994 3630 2208 3687 vincere

648 3733 950 3791 peccatum.
985 3721 1077 3774 νει
1101 3729 1320 3791 propter
1345 3722 1487 3789 quod
1526 3721 1680 3781 facile
1708 3723 1994 3791 quisquam
2033 3723 2084 3775 in
2115 3738 2208 3792 pe-

648 3813 817 3866 ricula
845 3813 1030 3866 incidit
1055 3827 1068 3864 :
1110 3812 1241 3865 nihil
1268 3811 1408 3866 enim
1433 3811 1568 3866 adeo
1597 3813 1960 3881 periculosum
1993 3821 2050 3864 ut
2080 3829 2206 3881 pec-

645 3910 848 3956 catum.

721 3992 822 4045 l’er
856 3993 1161 4060 patientiam
1193 4007 1468 4044 curramus
1489 3993 1813 4060 propositum
1856 3994 2000 4047 nobis
2035 4005 2201 4048 certa-

646 4100 779 4137 men.
815 4083 930 4136 Non
981 4085 1137 4144 dixit,
1193 4080 1499 4152 Pugilatutn
1535 4099 1881 4139 exerceamus
1917 4096 2008 4140 aut
2037 4088 2206 4144 lucte-

644 4190 788 4235 mur,
825 4172 919 4227 sed
951 4175 1093 4241 quod
1128 4174 1371 4225 omnium
1419 4171 1734 4226 facillimum
1785 4183 1922 4236 erat,
1955 4178 2100 4244 quod
2134 4178 2199 4230 ad

643 4277 866 4316 cursum
919 4268 1153 4329 spectat,
1195 4259 1339 4312 istud
1377 4259 1430 4312 in
1474 4260 1708 4315 medium
1751 4261 1977 4330 profert.
2019 4262 2204 4333 Neque

639 4351 816 4405 dixit:
845 4351 1120 4404 Addamus
1138 4351 1358 4413 cursui;
1391 4365 1602 4412 verum,
1634 4348 1690 4403 In
1716 4351 1808 4403 illo
1835 4352 1952 4422 ipso
1983 4370 2198 4423 perma-

2327 556 2458 618 Θεὸς
2476 559 2736 626 ἐκείνους,
2766 559 2881 625 εἴτε
2905 555 3206 629 προέλαϐον
3238 560 3336 628 μὲν
3362 560 3420 612 ὲν
3446 561 3558 622 τοῖς
3596 561 3855 629 καμάτοις.

2328 649 2384 699 ὲν
2417 647 2472 700 δὲ
2505 651 2616 710 τοῖς
2675 650 2956 716 στεφάνοις
2977 651 3126 719 ἡμᾶς
3164 650 3588 720 περιμένουσινς
3625 651 3752 704 ἀλλὰ
3776 655 3848 705 xi-

2329 739 2531 802 κείνοις
2587 741 2745 792 τοῦτο
2800 741 3096 803 ἄσπαστον,
3128 740 3189 793 τὸ
3221 741 3357 809 μετά
3395 741 3501 794 τῶν
3526 742 3768 810 ἀδελφῶν
3789 761 3852 796 τε·

2324 827 2633 897 λειωθῆναι.
2691 829 2855 894 Σῶμα
2891 829 2948 882 ἓν
2976 831 3242 891 01mins;
3297 831 3496 900 ἐσμέν·
3558 832 3756 901 μείζων
3795 836 3854 901 τῷ

2325 918 2537 989 σώματι
2567 919 2728 991 ἡδονὴ
2755 922 2883 973 ὅταν
2917 922 3070 990 κοινῇ
3107 923 3462 990 στεφανῶται.
3500 923 3686 993 Πατὴρ
3716 924 3854 993 φιλό-

2325 1027 2549 1078 στοργος
2585 1013 2614 1063 ὁ
2640 1010 2792 1077 Θεὸς,
2825 1011 3112 1080 διαφόρους
3147 1011 3284 1081 ἔχων
3313 1013 3482 1078 υίούςο
3508 1013 3560 1066 οἱ
3589 1014 3688 1082 μὲν
3707 1014 3853 1066 επαν-

2321 1100 2484 1168 ἦλθον
2530 1102 2594 1152 ὲκ
2628 1101 2736 1154 τῶν
2775 1101 2962 1171 ἀγρῶν
2988 1101 3192 1170 τάχιον,
3216 1101 3284 1154 τὰ
3321 1101 3458 1172 ἔργα
3480 1101 3788 1164 ἀνύσαντες,
3815 1106 3854 1154 οἱ

2321 1192 2377 1245 δὲ
2415 1191 2494 1246 ἔτι
2524 1194 2776 1263 μένουσιν
2803 1195 2918 1246 ἐκεῖ
2954 1182 3332 1262 ἐργαζόμενοι.
3357 1193 3569 1246 Δέδοικε
3596 1196 3706 1257 τοῖς
3736 1211 3851 1262 πρι-

2321 1283 2558 1352 καμοῦσι
2604 1284 2891 1354 πρόγευμά
2934 1302 3004 1344 τι.
3051 1282 3220 1336 εἰπὼν
3273 1283 3590 1354 περιμένειν
3643 1285 3722 1347 εἰς
3773 1286 3854 1350 τὴν

2317 1375 2528 1427 τελείαν
2556 1375 2785 1444 εὐωχίαν
2808 1375 2932 1438 τοὺς
2965 1373 3227 1443 ἀδελφούς
3247 1390 3260 1404 ’
3285 1375 3334 1427 oi
3355 1373 3411 1426 δὲ
3443 1373 3802 1442 φιλάνθρωποι
3817 1373 3852 1402 ⁸⁸

2317 1463 2467 1527 ὄντες
2499 1463 2775 1535 χαίροντες
2798 1463 3180 1533 ἀναμένουσιν,
3206 1462 3294 1517 ἵνα
3325 1464 3418 1516 καὶ
3446 1464 3600 1533 κοινῇ
3639 1462 3852 1531 εὐφραν-

2321 1553 2472 1605 θῶσι.

2902 1821 3148 1875 ΚΕΦΑΛ.
3198 1820 3294 1877 IB‘.

2399 1913 2714 1982 Τοιγαροῦν
2758 1912 2854 1966 καί
2889 1913 3058 1981 ἡμεῖς
3095 1911 3384 1967 τοσοῦτον
3429 1913 3670 1982 ἔχοντες
3717 1925 3852 1978 περι-

2322 2008 2596 2075 κείμενον
2647 2003 2825 2074 νέφος
2870 2006 3206 2073 μαρτύρων.
3280 2006 3393 2056 Οὐκ
3429 2000 3604 2069 εἶπεν,
3648 2005 3852 2072 ὑπεραι-

2323 2099 2586 2169 ρούμενον
2645 2098 2803 2166 ἡμων
2829 2135 2843 2158 ,
2893 2096 3030 2149 ἀλλὰ
3056 2137 3070 2161 ,
3111 2096 3518 2163 περικείμενον
3542 2135 3557 2158 ,
3605 2095 3850 2157 τουτέστι,

2320 2189 2584 2243 πάντοθεν
2618 2190 2763 2259 ἡμᾶς
2792 2189 3064 2259 περιέχον.
3123 2187 3419 2256 Μάρτυρας
3447 2185 3525 2250 δὲ,
3575 2187 3638 2238 οὐ
3665 2187 3779 2248 τους
3805 2186 3852 2236 ἐν

2319 2283 2382 2348 τῇ
2418 2280 2589 2346 Καινῇ
2621 2276 2774 2329 καλεῖ
2815 2275 2993 2344 μόνον,
3028 2275 3163 2328 ἀλλὰ
3196 2274 3438 2337 καὶτοὺς
3461 2274 3518 2325 ὲν
3548 2275 3613 2343 τῇ
3645 2273 3849 2342 Παλαιᾷ.

2319 2371 2427 2424 Καὶ
2467 2369 2572 2438 γὰρ
2606 2369 2701 2420 καὶ
2727 2368 2879 2420 αὐτοὶ
2906 2365 3292 2435 ἐμαρτύρησαν
3325 2369 3390 2434 τῇ
3417 2363 3510 2418 τοῦ
3541 2363 3674 2417 Θεοῦ
3708 2379 3850 2433 μετα·

2318 2463 2573 2527 λειότητι,
2602 2462 2675 2523 ὼς
2692 2462 2740 2513 οἱ
2761 2461 2907 2529 τρεῖς
2938 2457 3144 2519 παῖδες,
3180 2456 3272 2508 καὶ
3300 2455 3515 2526 Δανιὴλ,
3547 2456 3641 2508 καὶ
3676 2453 3854 2513 πάντες

2316 2555 2363 2604 oi
2397 2550 2690 2624 προφῆται.
2744 2551 2856 2602 Οὐκ
2908 2544 3026 2600 εἷπε
3070 2548 3146 2610 δὲ,
3203 2545 3427 2616 πλῆθος,
3471 2545 3629 2610 ἀλλὰ,
3666 2545 3850 2614 νέφος,

2315 2645 2618 2697 οἰκειότατα
2658 2643 2791 2713 πρὸς
2819 2643 2918 2712 τὴν
2943 2640 3221 2710 παροῦσαν
3249 2639 3523 2694 ὑπόθεσιν.
3589 2639 3739 2693 Ἐπεὶ
3757 2637 3852 2706 γὰρ

2316 2734 2568 2788 καύσωνα
2599 2729 2741 2801 εἶχον
2789 2730 2943 2788 αὐτοὶ
2972 2729 3078 2780 τῶν
3117 2727 3369 2797 θλίψεων,
3414 2727 3602 2797 ὥσπερ
3653 2743 3732 2789 τις
3778 2740 3853 2775 νεο

2315 2825 2472 2893 φέλη,
2542 2823 2728 2892 φησιν,
2787 2823 2820 2890 ἡ
2867 2821 3055 2889 μνήμη
3107 2819 3214 2871 τῶν
3268 2817 3558 2889 μαρτύρων
3609 2814 3849 2884 ἀναψύξει

2316 2916 2457 2984 ὑμᾶς
2489 2913 2748 2966 πάντοθεν
2788 2911 3134 2981 περιέχουσα.

2389 3007 2608 3074 "Opiter
2629 3002 2979 3071 ἀποθέμενοι
3008 2999 3221 3056 πάντα.
3286 2999 3566 3060 Τουτὲστι,
3611 2997 3670 3051 τὸ
3704 2996 3852 3066 βάρος

2313 3096 2421 3148 τῶν
2455 3097 2656 3163 γηΐνων
2683 3094 3020 3162 πραγμάτων
3069 3093 3165 3143 καὶ
3193 3090 3298 3142 τῶν
3329 3091 3413 3142 ἐπ’
3448 3091 3630 3153 αὐτοῖς
3651 3088 3853 3160 φροντί-

2313 3182 2436 3235 δων.
2498 3183 2662 3235 Οὐδὲν
2710 3181 2840 3250 γὰρ,
2883 3179 3064 3248 φησὶν,
3127 3178 3252 3230 ἄλλο
3285 3179 3487 3248 είσὶνῆ
3547 3179 3704 3248 ὄγκος
3754 3176 3854 3245 μά-

2313 3289 2480 3333 ταιος.
2538 3271 2600 3322 Τί
2657 3265 2749 3324 οὖν
2807 3271 2898 3322 ἐπὶ
2960 3272 3027 3340 τῇ
3083 3267 3372 3337 ἀπαλλαγῇ
3421 3268 3625 3321 τούτων
3677 3269 3852 3336 δυσχε-

2316 3359 2520 3428 ραίνετε
2546 3377 2562 3424 ς

2383 3450 2488 3505 Καὶ
2527 3451 2640 3516 τὴν
2675 3451 3103 3516 εὐπερίστατον
3132 3449 3440 3518 ἁμαρτίαν.
3480 3449 3552 3502 Ἦ
3586 3447 3681 3519 τὴν
3709 3447 3854 3500 εὐκό-

2311 3541 2416 3603 λως
2452 3535 2876 3610 περιισταμένην
2901 3543 3066 3612 ἡμᾶς.
3094 3541 3124 3611 ἢ
3153 3541 3251 3612 τὴν
3287 3541 3522 3605 εὐκόλως
3549 3539 3853 3611 περίστασιν

2313 3631 2503 3685 παθεῖν
2535 3632 2856 3701 δυναμένην.
2904 3632 3110 3702 Ῥᾴδιον
3139 3633 3267 3700 γὰρ,
3294 3633 3389 3684 ὲάν
3420 3632 3685 3701 θέλωμεν,
3711 3647 3855 3698 περι-

2311 3721 2562 3791 γενέσθαι
2594 3721 2690 3788 τῆς
2728 3721 3022 3789 ἁμαρτίας.
3081 3719 3148 3772 "ll
3194 3720 3260 3771 δι’
3296 3721 3362 3789 ἡν
3392 3719 3629 3780 εὐκόλως
3667 3735 3748 3780 τις
3776 3717 3852 3778 είς

2311 3813 2655 3884 περιστάσεις
2688 3811 2972 3882 ἐμπίπτει,
3025 3810 3174 3864 οὐδὲν
3219 3810 3327 3879 γὰρ
3359 3808 3500 3863 οὕτω
3547 3809 3852 3871 κινδυνῶδες

2309 3904 2380 3967 ὡς
2417 3901 2677 3972 ἁμαρτία.

2378 3995 2457 4048 Δι’
2521 3991 2835 4060 ὑπομονῆς
2899 3992 3196 4060 τρέχωμεν
3259 3991 3366 4044 τόν
3428 3987 3855 4058 προσκείμενον

2307 4087 2450 4156 ἡμῖν
2493 4085 2712 4154 ἀγῶνα.
2737 4069 2877 4136 Ὀὐκ
2922 4080 3065 4146 εἶπε,
3104 4082 3486 4151 Πυκτεύωμεν,
3515 4080 3634 4135 οὐδὲ
3665 4078 3854 4132 παλαί-

2306 4195 2476 4247 ωμεν,
2507 4176 2617 4228 ἀλλ’
2649 4176 2676 4227 ὃ
2723 4175 2942 4228 πάντων
2975 4175 3303 4244 κουφότερον
3333 4170 3399 4245 ἦν
3424 4173 3484 4226 τὸ
3510 4173 3602 4225 τοῦ
3632 4172 3848 4241 δρόμου,

2305 4267 2464 4320 τοῦτο
2514 4270 2593 4330 εἰς
2650 4267 2812 4336 μέσον
2854 4266 3113 4319 τέθεικεν.
3153 4266 3286 4317 Οὐδὲ
3335 4259 3478 4324 εἷπε,
3525 4263 3849 4333 Προσθῶμεν

2301 4358 2380 4429 τῷ
2409 4359 2613 4428 δρόμῳ,
2641 4355 2776 4421 ἀλλ’,
2805 4356 2891 4408 Ἐν
2912 4354 3056 4422 αὑτῷ
3074 4353 3247 4420 τούτῳ
3269 4336 3851 4418 ὑπομείνωμεν.’Λλλοι

641 4457 886 4496 neamus.
926 4443 1027 4494 Alii
1055 4443 1197 4494 enim
1233 4457 1327 4509 per
1352 4440 1770 4506 continentiam,
1806 4444 1895 4496 alii
1923 4461 2019 4513 per
2051 4446 2197 4500 elee-

2313 4451 2403 4518 μὲν
2456 4449 2563 4514 γὰρ
2610 4447 2676 4497 δι’
2730 4445 3097 4513 ἐγκρατείας,
3132 4443 3281 4495 ἄλλοι
3335 4441 3405 4494 δι’
3463 4441 3847 4510 ὲλεημοσὺνης.

638 4545 945 4600 ἰῐιοεγιιοιιι,
976 4532 1065 4582 alii
1112 4547 1206 4598 per
1237 4532 1396 4582 aliam
1423 4531 1678 4584 virtutem
1719 4548 1937 4586 currere
1960 4537 2156 4587 debent
2183 4552 2196 4597 ;

639 4635 736 4672 vos
772 4633 898 4672 vero
938 4634 1030 4686 per
1062 4619 1375 4684 patientiam
1413 4635 1426 4672 :
1473 4618 1629 4673 vobis
1663 4621 1804 4673 enim
1849 4623 2023 4676 isthac
2060 4639 2196 4692 opus

637 4721 741 4770 est.
773 4711 847 4763 uti
873 4726 1034 4778 supra
1067 4711 1270 4763 dictum
1307 4722 1408 4766 est.

707 4799 872 4854 Vens.
903 4801 956 4853 2.
993 4802 1312 4868 Aspicientes
1348 4804 1400 4857 in
1447 4815 1709 4858 auctorem
1733 4806 1856 4872 ﬁdei
1877 4817 1925 4859 et
1957 4823 2194 4860 consum-

633 4901 887 4943 matorem
915 4891 1114 4946 Iesum.
1154 4892 1264 4947 Hoc
1296 4903 1400 4956 est,
1453 4897 1498 4950 si
1547 4899 1777 4951 velimus
1815 4897 2026 4953 discere
2057 4914 2191 4967 quo-

639 4983 798 5035 modo
822 4998 913 5046 per
949 4987 1260 5050 patientiam
1303 4989 1374 5041 sit
1411 4990 1769 5055 currendum,
1806 4989 1872 5042 ad
1906 4989 2184 5044 Christum

639 5059 1039 5144 respiciamus,
1093 5079 1546 5143 quemadmodum
1597 5081 1689 5146 qui
1741 5091 1884 5134 artes
1946 5080 2185 5142 discunt,

635 5175 993 5233 prmccptores
1037 5182 1166 5220 suos
1216 5169 1516 5232 intuentur,
1560 5172 1703 5238 quod
1739 5182 1788 5225 ct
1831 5173 1944 5240 ipse
2001 5172 2181 5225 dixit:

2304 4538 2452 4592 ἄλλοι
2489 4538 2555 4590 δι’
2603 4536 2766 4606 ἄλλης
2825 4535 3026 4604 ἀρετῆς
3073 4532 3342 4600 ὀφείλουσι
3394 4532 3646 4603 τρέχεινο
3701 4533 3850 4599 ὑμεῖς

2301 4629 2358 4682 δὲ
2397 4630 2462 4681 δι’
2510 4629 2808 4698 ὑπομονῆς.
2857 4626 3073 4696 Ταύτης
3121 4626 3229 4698 γὰρ
3260 4625 3388 4694 ὑμῖν
3421 4623 3597 4695 χρεία,
3656 4623 3730 4684 ὡς
3759 4622 3850 4673 καὶ

2300 4719 2555 4789 ἀνωτέρω
2582 4710 2923 4788 προείρηται.

2381 4810 2732 4878 Ἀφορῶντες
2779 4812 2864 4873 είς
2894 4808 3000 4859 τὸν
3033 4803 3139 4871 τῆς
3163 4805 3419 4865 πίστεως
3458 4799 3726 4868 ἀρχηγὸν
3752 4800 3846 4850 καὶ

2299 4897 2615 4963 τελειωτὴν
2645 4895 2904 4961 Ἰησοῦν.
2937 4896 3240 4954 Τουτὲστιν,
3273 4893 3367 4944 ἐὰν
3393 4889 3632 4957 θέλωμεν
3663 4890 3847 4956 μαθεῖν

2297 4991 2354 5042 τὸ
2383 4989 2591 5059 τρέχειν
2613 4988 2656 5019 ⁷⁸
2685 4987 2752 5040 δι’
2775 4988 3069 5058 ὑπομονῆς,
3103 4984 3235 5052 πρὸς
3255 4982 3346 5035 τδν
3380 4979 3612 5051 Χριστὸν
3639 4980 3856 5050 ἀφορῶ·.

2298 5097 2417 5149 μεν,
2449 5079 2636 5148 ὥσπερ
2679 5081 2726 5130 οἱ
2756 5081 2948 5148 τέχνας
2979 5076 3338 5145 μανθάνοντες
3368 5073 3503 5142 πρὸς
3539 5073 3667 5136 τοὺς
3702 5072 3842 5125 διδαο

2296 5171 2521 5234 σκάλους
2547 5188 2560 5201 ο
2599 5168 2866 5237 ὅπεροῦν
2901 5166 2995 5219 καὶ
3037 5165 3196 5227 αὐτὸς
3231 5164 3384 5231 ἔλεγε
3419 5179 3432 5193 ⁸
3484 5163 3714 5217 Μάυετε
3742 5161 3841 5216 ἀπ’

636 5253 836 5308 Discite
859 5273 889 5308 α
922 5275 998 5310 me
1014 5259 1091 5323 ";
1129 5271 1180 5312 ct
1206 5277 1394 5315 rursus
1425 5280 1438 5314 :
1473 5263 1624 5328 Quod
1672 5265 1717 5316 si
1745 5264 2184 5332 patremfamilias

2313 5263 2433 5330 ὲμοῦ
2473 5280 2485 5291 ·
2537 5263 2630 5314 καὶ
2670 5260 2834 5312 πάλιν
2856 5273 2869 5286 ·
2913 5261 2980 5312 El
3013 5257 3117 5310 τὸν
3147 5253 3581 5320 οικοδεσπότην
3612 5250 3841 5310 898.1(3-

638 5342 923 5396 Beelzebub
949 5348 1298 5414 appellarunt,
1329 5362 1526 5418 quanto
1555 5354 1728 5418 potius
1760 5369 1844 5408 ros
1866 5351 2179 5406 domesticos

713 5519 755 5549 “
785 5518 965 5574 Matth.
1001 5537 1078 5583 XI,
1123 5521 1212 5575 29.

2290 5354 2435 5406 ϐοὺλ
2493 5353 2818 5415 ἐκάλεσαν,
2867 5351 3036 5413 πόσῳ
3080 5344 3318 5416 μᾶλλον
3358 5346 3498 5412 τοὺς
3538 5342 3842 5406 οἰκιακοὺς

1949 5616 2147 5678 Variae
2174 5615 2500 5677 lectiones.

705 5719 754 5750 τ’
773 5715 1079 5786 φιλάδελφοι
1121 5734 1191 5770 In.
1267 5718 1308 5747 ⁷³
1335 5715 1518 5786 φέρειν
1555 5733 1627 5769 ηι.

4007 945 4017 1290 '1

4011 1295 4017 1352 Ξ
