4056 6340
139 284 250 343 ὃςει

813 290 1213 350 ΕΧΡΟΞΙΤΙΟ
1257 291 1329 349 IN-
1377 291 1612 352 EPIS’I‘.
1651 295 1715 353 ΛΙ

1814 295 2160 356 lEBR/EOS.
2200 320 2257 332 ·-
2302 299 2456 359 CAP.
2491 303 2662 364 XIII.

3296 307 3401 372 39‘)

209 393 320 446 Διὰ
359 397 583 462 ταύτης
612 399 719 467 γὰρ
757 399 979 454 ἔλαθόν
1030 417 1190 464 τινες
1246 403 1597 468 ξενίσαντες
1623 403 1715 470 ἀγ-

1902 405 2009 459 Per
2038 408 2170 460 hanc
2200 411 2334 461 en’nt
2367 410 2631 466 latuerunt
2664 415 2875 484 quidam
2904 417 3101 488 angelis
3178 420 3401 489 hospiti)

137 489 397 552 Τέλους.
438 491 593 543 Οὕτω
641 493 783 562 μέγα
831 495 864 563 ἠ
923 495 1220 562 φιλοξενία,
1279 497 1372 548 καὶ
1433 497 1492 548 τὸ
1525 498 1736 558 πάντας

135 574 333 638 ἁπλῶς
384 580 766 650 ὑποδέχεσθαι,
815 587 910 635 καὶ
969 586 1044 652 μὴ
1111 585 1455 655 φυλοκρινεῖν
1477 587 1541 650 ⁸³,
1597 586 1736 639 ὥστε

139 667 233 717 καὶ
265 667 353 736 τῷ
394 670 643 741 Ἀϐραὰμ
672 674 766 724 καὶ
799 674 877 743 τῷ
907 675 1027 727 Λὼτ
1063 678 1337 747 πρόφασις
1362 678 1575 744 ἐγένετο
1597 678 1733 746 αὕτη

141 757 279 825 πρὸς
305 761 376 811 τὸ
405 761 761 826 ὑποδέξασθαι
795 766 1079 834 ἀγγέλους.
1110 768 1182 820 Τὸ
1204 769 1279 830 δὲ,
1309 770 1587 833 Ἕλαθον,
1613 769 1733 820 ἀντὶ

140 847 256 908 τοῦ,
305 850 590 920 ἠγνόησαν
620 853 702 904 ὅτι
734 853 958 921 ἄγγελοι
996 850 1136 924 ἦσαν
1159 857 1207 906 οῖ
1255 856 1607 926 ξενιζόμενοι,
1641 859 1732 908 καὶ

138 935 290 1004 ὅμως
326 940 628 1009 φιλοτίμως
681 946 878 1005 αὐτοὺς
932 946 1211 1010 ἑξένισαν·
1248 947 1275 998 ὃ
1311 947 1405 998 καὶ
1461 948 1730 1015 μεγάλους

140 1031 343 1094 aia-.0);
386 1037 570 1097 ποιεῖ,
605 1036 678 1098 ὡς
713 1038 826 1104 εῖγε
859 1037 1099 1108 ᾔδεισαν,
1136 1039 1284 1090 οὐδὲν
1317 1041 1460 1108 μέγα
1488 1040 1724 1092 ἐποίουν.

207 1316 647 1383 Μιμνήσκεσθε
686 1318 806 1371 τῶν
845 1319 1130 1388 δεσμίων,
1170 1320 1250 1384 ὡς
1281 1321 1722 1390 συνδεδεμένοι.

148 1407 206 1456 ’0
239 1409 354 1476 γὰρ
398 1409 777 1480 συνδεδεμένος
840 1413 969 1478 τινὶ,
1007 1413 1111 1466 κᾶν
1165 1415 1294 1485 θέλῃ
1341 1414 1719 1478 ἐπιλαθέσθαι,

138 1515 163 1547 O
176 1521 196 1546 J
223 1515 483 1551 ουναται.

214 1588 919 1665 Τώνμακουχουμένων,
962 1595 1040 1658 ὼς
1086 1595 1182 1648 καὶ
1231 1595 1395 1648 αὐτοὶ
1448 1597 1617 1662 ὄντες
1654 1601 1724 1650 ἐν

138 1679 395 1746 σώματι.
431 1683 552 1734 Τῶν
608 1687 1130 1758 κακουχουμένωνῆ
1162 1690 1219 1739 ὲν
1250 1689 1537 1754 φυλακαῖς,
1586 1691 1617 1759 ἦ
1663 1694 1720 1742 ἐν

138 1768 302 1839 λιμῷ,
342 1773 379 1841 ἢ
428 1773 562 1844 ἄλλῃ
595 1775 789 1847 θλίψει.
834 1778 892 1832 Ὀ
922 1781 1030 1848 γὰρ
1080 1779 1444 1849 λογιζόμενος,
1491 1783 1569 1833 ὃτι
1607 1758 1720 1833 καὶ
1753 1758 1790 1809 Β

139 1861 302 1924 αὐτὸς
335 1866 692 1932 ὁμοιοπαθὲς
723 1870 1030 1940 περίκειται
1083 1870 1263 1939 σῶμα,
1313 1873 1718 1942 ἀντιποιήσεται

139 1953 372 2017 τούτων,
412 1958 501 2012 διὰ
530 1977 587 2011 τε
632 1961 730 2027 τὴν
765 1963 1132 2031 συμπάθειαν,
1167 1967 1259 2016 καὶ
1283 1965 1369 2018 διὰ
1384 1946 1456 2016 \tb
1484 1966 1721 2034 φοϐηθῆ-

140 2063 245 2104 ut,
278 2049 359 2116 μὴ
396 2055 489 2103 καὶ
525 2051 686 2116 αὐτὸς
743 2055 856 2116 τοῖς
894 2044 1102 2122 ὁμοίοις
1144 2061 1463 2124 περιπεσεῖν
1510 2075 1721 2125 συγχω-

143 2136 278 2206 ρηθῇ
315 2139 403 2192 διὰ
435 2142 495 2192 τὸ
525 2143 966 2214 ἀφιλάνθρωπον.
1225 2165 1228 2168 ’

215 2229 414 2295 Τίμιος
446 2234 478 2283 ὁ
509 2233 694 2300 γάμος
717 2234 787 2286 ἐν
816 2232 986 2298 πᾶσι,
1017 2235 1112 2289 καὶ
1140 2236 1176 2301 ἡ
1212 2236 1378 2302 κοίτη
1413 2224 1715 2305 ιῖμ.”ιιντος.

145 2317 286 2386 Ὀρα
319 2321 483 2383 πόσος
516 2325 642 2392 περὶ
678 2323 1030 2394 σωφροσύνης
1064 2325 1212 2394 αὑτῴ
1260 2326 1437 2394 λόγος.
1478 2329 1586 2379 Καὶ
1609 2329 1716 2397 γὰρ

144 2411 232 2459 καὶ
286 2410 546 2491 ἀνωτέρω
592 2416 866 2483 ἁγιασμοῦ
928 2415 1304 2485 μνημονεύων,
1363 2419 1489 2488 περὶ
1517 2419 1718 2490 ταύτης

143 2498 315 2566 ἔλεγε,
353 2505 448 2555 καὶ
478 2504 638 2558 πάλιν
687 2509 822 2575 μετὰ
873 2506 1046 2560 ταῦτα
1072 2509 1189 2578 ἐρεῖ
1219 2509 1346 2578 περὶ
1382 2512 1593 2580 πύρνων
1624 2515 1719 2565 καὶ

148 2594 366 2662 μοιχῶν.
421 2596 523 2649 Ἐν
554 2596 743 2652 πᾶσιν
782 2598 896 2664 οὖν,
947 2600 1022 2670 μὴ
1074 2600 1132 2652 ἐν
1190 2601 1304 2663 τοῖς
1352 2601 1717 2671 προὸεόηκόσι

149 2686 262 2752 μὲν,
295 2687 354 2738 ὲν
395 2687 451 2740 δὲ
481 2691 594 2752 τοῖς
628 2689 770 2754 νέοις
801 2689 859 2744 οὔ
897 2706 910 2720 ⁸
943 2690 1058 2744 ἀλλ’
1104 2693 1163 2745 ὲν
1217 2693 1404 2745 πᾶσιν.
1440 2695 1506 2744 ’Ἡ
1538 2695 1632 2745 καὶ
1661 2695 1718 2746 ἐν

148 2775 278 2826 πᾶσι
304 2777 548 2843 τρόποις,
583 2779 676 2831 καὶ
710 2780 770 2832 ὲν
801 2781 936 2833 πᾶσι
989 2781 1222 2850 καιροῖς.
1285 2783 1376 2851 Μὴ
1438 2783 1494 2832 ὲν
1543 2783 1717 2850 θλίψει

151 2864 263 2929 μὲν,
295 2867 353 2916 ὲν
404 2868 588 2920 ἀνέσει
630 2868 688 2921 δὲ
733 2867 796 2923 οὗ
824 2885 838 2899 ·
877 2871 952 2940 μὴ
985 2871 1043 2923 έν
1074 2868 1252 2940 τούτῳ
1305 2871 1406 2938 μὲν
1459 2871 1533 2940 τῷ
1559 2872 1715 2941 μέρει

148 2954 342 3023 τίμιος,
386 2958 444 3011 ὲν
481 2957 628 3028 ἄλλῳ
682 2959 742 3013 δὲ
789 2958 886 3012 οὕο
919 2960 1038 3014 ἀλλ’
1073 2960 1194 3024 ὅλος
1242 2961 1311 3014 δι’
1359 2961 1480 3014 ὅλου
1536 2963 1716 3032 τίμιος

1839 500 2078 566 receptis.
2126 501 2275 553 Adeo
2325 505 2582 571 pra-clara
2645 522 2733 561 res
2778 515 2861 563 est
2922 509 3285 579 hospitalitas,
3338 527 3401 566 ac

1837 592 2062 658 quosvis
2097 593 2419 658 simpliciter
2443 599 2754 667 suscipere,
2790 617 2889 654 nec
2940 603 3160 658 curiose
3200 604 3266 658 de
3295 622 3400 674 qua

1836 683 2108 751 quispiam
2144 686 2342 737 familia
2368 688 2436 739 sit
2459 690 2769 756 explorare,
2818 700 2876 744 ut
2906 701 2959 748 et
2991 695 3303 748 Abrahamo
3345 708 3401 750 et

1833 773 1934 828 Lot
1960 791 2021 828 ea
2053 775 2149 827 fuit
2179 779 2396 832 occasio
2444 789 2499 831 ιιι
2531 784 2751 850 angelus
2776 787 3090 853 exceperint
3136 789 3395 856 hospitio.

1832 860 2122 916 Latuerunt
2147 874 2353 928 autem,
2386 877 2466 920 est
2502 883 2615 936 pro,
2650 868 3008 925 Nesciverunt
3041 889 3133 927 eos
3174 878 3395 943 angelus

1830 969 1969 1020 esse,
2022 971 2159 1032 quos
2219 957 2451 1022 hospitio
2515 970 2848 1028 receperant,
2911 973 3144 1019 attamen
3202 982 3394 1019 antan-

1831 1057 1909 1100 ter
1969 1056 2023 1101 et
2083 1048 2381 1102 honorifice
2437 1064 2531 1103 eos
2575 1058 2911 1109 tractarunt.
2967 1054 3098 1119 Quae
3147 1070 3232 1108 res
3282 1070 3395 1108 ma-

1828 1152 1961 1206 gnos
1987 1153 2079 1192 eos
2110 1138 2259 1193 facit.
2290 1137 2422 1192 Nam
2457 1140 2500 1195 si
2532 1141 2840 1207 scivissem,
2867 1145 3001 1198 nihil
3036 1146 3211 1216 magni
3239 1146 3395 1199 fecis-

1826 1235 1964 1280 seut.

1897 1321 2061 1375 Vens.
2122 1322 2173 1374 5.
2223 1321 2537 1378 Mementote
2565 1325 2878 1391 vinctorum,
2938 1337 3185 1396 tanquam
3232 1325 3391 1378 simul

1827 1414 2004 1467 vincti.
2043 1414 2144 1479 Qui
2170 1417 2313 1468 enim
2349 1418 2510 1470 alicui
2539 1421 2790 1490 alligatus
2824 1429 2928 1486 est,
2975 1421 3182 1474 etiamsi
3247 1421 3388 1471 obli-

1825 1503 1956 1555 visci
1994 1505 2134 1567 velit,
2171 1505 2312 1560 haud
2346 1517 2539 1575 potest.

1895 1596 2242 1665 Aﬂlictorum,
2269 1608 2513 1667 tanquam
2547 1609 2596 1653 et
2621 1601 2724 1668 ipsi
2756 1603 2806 1653 in
2838 1618 3054 1670 corpore
3099 1613 3384 1656 morantes.

1831 1686 2198 1753 Amictorum,
2231 1691 2314 1742 vel
2341 1706 2579 1754 carcere,
2605 1693 2687 1746 vel
2711 1694 2872 1754 fame,
2897 1695 2979 1746 vel
3009 1695 3111 1746 alia
3135 1678 3409 1763 quapiam.

1820 1779 2157 1833 calamitate.
2195 1780 2296 1844 Qui
2325 1783 2467 1834 enim
2503 1798 2688 1836 secum
2733 1792 2969 1852 reputat,
3015 1799 3074 1838 se
3129 1787 3382 1837 vestitum

1822 1883 1942 1921 esse.
1973 1885 2198 1937 corpore
2241 1872 2433 1925 iisdem
2491 1873 2880 1929 afﬂictionibus
2943 1875 3202 1937 obnoxio,
3261 1875 3384 1926 illus

1821 1958 2100 2024 defendet,
2137 1970 2248 2014 tum
2274 1962 2419 2031 quod
2449 1965 2824 2029 condolescat,
2854 1975 2965 2020 tum
2991 1967 3131 2034 quod
3157 1975 3384 2026 metuat,

1821 2067 1888 2104 ne
1914 2061 1963 2104 ct
1994 2053 2105 2121 ipse
2139 2052 2191 2106 in
2233 2054 2427 2108 similia
2453 2055 2590 2109 mala
2629 2056 3234 2126 incidercpermittatnr
3259 2072 3387 2125 pro-

1822 2149 1940 2207 pter
1977 2143 2433 2197 inhmnanitatem
2463 2161 2640 2199 suam.

1893 2230 2057 2285 Vens.
2110 2232 2162 2285 4.
2202 2233 2527 2288 Honorabile
2574 2237 2894 2290 connubium
2933 2238 2988 2289 in
3019 2237 3279 2300 omnibus,
3334 2247 3384 2290 et

1821 2322 2003 2376 tltorus
2062 2315 2459 2379 immaculata}.
2513 2324 2767 2394 Expende
2803 2336 3005 2396 quanta
3055 2327 3124 2379 sit
3153 2328 3200 2380 ci
3246 2329 3382 2377 ratio

1820 2417 2189 2481 temperantia:
2211 2421 2264 2466 et
2305 2415 2671 2469 continentiae.
2709 2415 2842 2469 Nam
2874 2432 3036 2486 supra
3092 2418 3384 2470 sanctimo-

1819 2505 1922 2559 nize
1947 2506 2278 2559 mentionem
2316 2504 2545 2571 faciens,
2578 2507 2643 2560 de
2674 2508 2775 2560 hac
2806 2508 3041 2572 dicebat,
3082 2523 3147 2560 ac
3192 2522 3382 2560 rursus

1820 2597 2090 2664 posthaec
2132 2596 2202 2652 de
2241 2596 2671 2652 fornicatoribus
2703 2608 2756 2652 et
2807 2599 3030 2653 mmchis
3087 2599 3247 2652 dicet.
3318 2598 3382 2650 In

1818 2688 2057 2764 omnibus
2085 2688 2281 2758 igitur:
2315 2704 2419 2743 non
2452 2690 2503 2743 in
2534 2690 2667 2745 solis
2702 2691 3056 2758 Provectiuris
3079 2691 3252 2743 anatis
3282 2690 3382 2740 ho-

1815 2774 2076 2840 minibus,
2110 2779 2164 2830 in
2196 2778 2492 2847 juvenibus
2525 2793 2703 2835 autem
2749 2798 2857 2835 nun
2910 2782 3060 2843 item,
3101 2796 3286 2833 verum
3323 2781 3377 2831 iu

1817 2869 2090 2922 omnibus.
2128 2868 2220 2924 Vel
2257 2871 2510 2924 omnibus
2545 2871 2720 2926 modis
2769 2866 2856 2925 ae
2889 2872 3038 2924 omni
3090 2882 3331 2940 tempore
3361 2887 3376 2923 :

1817 2976 1926 3013 non
1954 2961 2008 3014 in
2036 2960 2326 3016 afﬂictione
2356 2964 2597 3032 quidem,
2648 2963 2700 3018 in
2758 2963 3155 3031 tranquillitate
3192 2971 3376 3016 autem

147 3043 303 3098 ἔστιν.
342 3047 601 3101 Ἐνταῦθα
638 3049 694 3103 δὲ
747 3050 1100 3121 ἐντρέπονται
1138 3051 1188 3104 οἱ
1248 3051 1340 3104 τὸν
1392 3053 1567 3121 γάμον
1599 3053 1712 3105 διας

1819 3067 1926 3106 non
1973 3052 2099 3105 item
2130 3071 2143 3107 :
2185 3069 2291 3107 non
2325 3055 2376 3107 in
2415 3055 2514 3108 hac
2545 3055 2762 3124 quidem
2799 3064 2950 3123 parte
2998 3055 3294 3123 pretiosum
3326 3062 3382 3107 et

149 3137 423 3201 Βάλλοντες
461 3141 752 3211 αἱρετικοι.
796 3141 926 3197 Ἰδοὺ
977 3142 1087 3214 γὰρ
1127 3142 1308 3214 τίμιος
1354 3143 1705 3214 ὀνομάζεται,

148 3230 222 3282 ὅτι
255 3233 313 3283 ἐν
346 3235 672 3304 σωφροσύνῃ
703 3237 883 3304 τηρεῖ.

1817 3145 2166 3207 honoratum,
2207 3143 2262 3196 in
2307 3144 2393 3197 illa
2425 3161 2551 3198 vero
2590 3160 2789 3206 secus;
2817 3144 2910 3197 scd
2943 3153 3111 3197 telum
3150 3157 3379 3209 pero:n-.-

1818 3236 1907 3286 nia
1973 3234 2271 3302 pretiosum
2335 3235 2429 3287 sit.
2491 3234 2588 3288 Hic
2635 3233 2914 3308 pudetiunt
2965 3232 3226 3294 hairetici,
3282 3231 3374 3300 qui

149 3322 548 3378 matrimonium
596 3323 1019 3378 calumniantur.
1075 3324 1214 3378 Ecce
1263 3323 1411 3377 enim
1467 3323 1782 3377 honorabile
1811 3322 2032 3387 dicitur,
2061 3338 2125 3376 eo
2153 3321 2298 3392 quod
2365 3323 2420 3376 in
2487 3324 2847 3393 temperantia
2909 3321 3185 3390 hominem
3242 3335 3376 3376 cou-

148 3426 338 3470 εει-νει.

214 3512 474 3576 Πόρνους
512 3507 581 3560 δὲ
617 3506 716 3561 καὶ
762 3505 1018 3575 μοιχοὺς
1078 3505 1271 3573 κρινεῖ
1303 3508 1335 3559 ό
1369 3507 1533 3571 Θεός.
1587 3506 1696 3557 Kal.

150 3601 372 3677 ἐνταῦθα
421 3603 559 3671 μετὰ
603 3600 899 3672 ἐπιτιμίων
933 3598 1362 3670 ἡὰπαγόρευσις
1421 3600 1517 3668 τῆς
1570 3614 1701 3665 πορ-

150 3693 309 3755 νείας.
341 3693 542 3762 Κρινεῖ
566 3693 678 3762 γὰρ
730 3694 764 3746 ό
816 3692 985 3758 Θεὸς,
1019 3692 1138 3743 ἀντὶ
1188 3690 1306 3754 τοῦ,
1355 3690 1698 3758 κατακρινεῖ.

151 3785 250 3835 Καὶ
284 3784 525 3846 εἰκότως.
565 3783 632 3838 Εἰ
684 3782 794 3853 γὰρ
846 3783 875 3834 ὁ
926 3782 1103 3850 γάμος
1151 3779 1586 3848 συγκεχώρηται,
1624 3778 1702 3828 δι-

150 3875 306 3936 καίως
328 3878 352 3928 ὁ
377 3875 573 3944 πόρνος
597 3873 689 3926 καὶ
713 3875 742 3924 ὁ
768 3872 952 3941 μοιχὸς
975 3870 1310 3934 κολάζονται.

223 4057 637 4126 ’Λριλάργυρος
683 4057 714 4108 ό
749 4054 985 4122 τρόπος.
1030 4052 1142 4104 Οὐκ
1189 4047 1344 4114 εἷπε,
1375 4051 1556 4120 Μηδὲν
1610 4049 1702 4103 κέ-

152 4150 336 4218 κτησθε
359 4150 425 4211 ’°,
457 4148 592 4200 ἀλλὰ
615 4189 630 4212 ,
662 4145 776 4200 Κᾶν
810 4145 988 4215 ἔχητε,
1019 4145 1093 4213 μὴ
1144 4139 1242 4213 ἦτε
1297 4141 1698 4212 δεδουλωμένοι,

151 4239 256 4290 ἀλλ’
281 4237 594 4309 ἐλευθερίως
631 4235 818 4299 ταῦτα,
851 4236 1023 4307 ἔχετε,
1054 4233 1200 4292 ὥστε,
1227 4232 1326 4286 κᾶν
1359 4250 1486 4286 ποτε
1533 4233 1701 4285 ὲκπέ⁴

1881 3503 2466 3559 Fornicntores'antem
2525 3511 2573 3557 et
2609 3502 2829 3558 mwcltos
2880 3502 3144 3572 judicabit
3211 3504 3370 3557 Deus.

1808 3597 1904 3652 llic
1935 3599 2094 3652 etiam
2130 3613 2249 3652 cmn
2284 3598 2536 3665 adjuncta
2591 3598 2785 3658 multa,
2841 3595 3234 3650 fornicationis
3287 3588 3371 3650 est

1804 3691 2122 3758 prohibitio.
2159 3687 2428 3742 Judicabit
2455 3688 2598 3742 enim
2641 3688 2802 3753 Deus,
2844 3688 2944 3742 hoc
2971 3698 3075 3751 est,
3108 3690 3374 3742 condetu-

1808 3779 1982 3832 nabit.
2011 3777 2121 3834 Nec
2153 3779 2424 3831 immerito
2457 3793 2470 3830 :
2497 3779 2544 3831 si
2571 3778 2714 3831 enim
2770 3778 3174 3833 matrimonium
3210 3778 3369 3848 757

1744 3916 1751 3920 _
1809 3877 1890 3921 est
1921 3868 2271 3938 permissum,
2309 3867 2606 3920 fornicator
2637 3874 2689 3921 et
2721 3867 2969 3922 mcechus
3028 3867 3222 3921 merito
3275 3883 3366 3934 pu-

1807 3955 2053 4008 ninntur.

1882 4049 2044 4102 Vens.
2187 4045 2309 4100 Sint
2362 4059 2528 4098 mores
2577 4044 2689 4098 sine
2735 4039 2986 4099 abaritia.
3035 4043 3153 4098 Non
3203 4044 3363 4111 dixit,

1807 4140 1950 4193 Nihil
1993 4137 2352 4208 possitleatis;
2393 4136 2510 4201 sed,
2551 4133 2606 4189 Si
2645 4134 2944 4190 habueritis
2971 4134 3269 4201 facultates,
3300 4153 3366 4189 nc

1779 4226 2125 4300 ’redigatttini
2182 4231 2235 4282 in
2285 4243 2472 4281 earum
2532 4226 2990 4290 servitutem,scd
3045 4228 3213 4281 libere
3272 4244 3364 4282 eas

157 4352 272 4402 εητε
302 4336 519 4397 τοῦτων,
565 4333 638 4401 μὴ
670 4332 1075 4403 δυσχεραίνειν·
1118 4332 1252 4400 ὅπερ
1304 4332 1397 4381 καὶ
1449 4329 1700 4397 ἀνωτέρω

1814 4323 2020 4382 habete,
2065 4331 2122 4372 ut
2153 4320 2196 4373 si
2245 4319 2463 4387 quando
2496 4320 2772 4386 contingat
2828 4333 2924 4372 vos
2968 4334 3064 4372 eas
3092 4317 3364 4379 amittere,

153 4423 307 4488 εἶπεν,
337 4425 412 4476 ὅτι
472 4423 588 4490 Τὴν
618 4421 896 4489 ἁρπαγὴν
941 4421 1058 4474 τῶν
1093 4421 1486 4489 ὑπαρχόντων
1531 4418 1698 4495 ὑμῶν

151 4514 282 4579 μετὰ
309 4513 490 4588 χαρᾶς
539 4513 1009 4582 προσεδέξασθε.
1043 4514 1153 4564 Καὶ
1194 4513 1368 4573 ἄλλως
1411 4512 1490 4571 δὲ,
1513 4510 1696 4578 ἐπειδὴ

157 4605 321 4658 πολλοὶ
351 4606 486 4676 μετὰ
523 4606 584 4656 τὸ
612 4603 849 4657 κενῶσαι
884 4603 951 4654 τὰ
984 4604 1318 4670 ὑπάρχοντα,
1371 4599 1698 4662 σπουδάζου-

160 4714 231 4750 σιν
280 4697 612 4752 ἀνακτᾶσθαι
660 4697 845 4758 πὰλιν,
897 4696 1168 4763 προφάσει
1223 4692 1314 4746 τοῦ
1345 4693 1455 4744 δεῖν
1505 4692 1693 4755 ἐλεεῖν,

158 4790 320 4856 φησιν’
364 4781 790 4859 Ἀφιλάργυρος
815 4790 847 4842 ό
871 4787 1107 4856 τρόπος.
1134 4785 1222 4837 Διὸ
1241 4785 1335 4838 καὶ
1371 4783 1586 4851 ἐπάγει·

228 4953 595 5042 Ἀρκούμενοιί
641 4971 764 5036 τοῖς
828 4967 1148 5037 παροῦσιν.
1203 4968 1451 5018 Δείκνυσι
1484 4966 1598 5031 πῶς
1630 4966 1696 5020 ἂν

159 5062 488 5135 ἁφιλὰργυροι
521 5065 730 5133 εἴημεν.
775 5062 901 5114 Ἐὰν
932 5057 1249 5130 ἀρκούμεθα
1274 5059 1383 5125 τοῖς
1411 5058 1693 5128 παροῦσιν,

159 5153 238 5204 ἐὰν
275 5154 427 5223 μηδὲν
456 5155 618 5208 πλέον
642 5153 898 5223 ζητῶμεν
929 5153 1028 5220 τῆς
1049 5152 1236 5222 χρείας
1266 5149 1362 5202 καὶ
1398 5152 1504 5204 τῶν
1531 5152 1696 5217 ἀναγ-

161 5238 329 5290 καίων.
374 5238 431 5291 '0
463 5240 574 5308 γὰρ
601 5241 763 5295 πλέον
814 5235 889 5295 ὧν
924 5239 1061 5310 ἔχει,
1092 5239 1291 5310 ζητῶν,
1323 5238 1583 5309 πρόδηλον
1616 5238 1691 5302 ὡς

162 5330 476 5401 φιλάργυρος.

218 5424 393 5488 Αὐτὸς
427 5425 537 5495 τὰρ,
562 5425 805 5492 εἵρηκεν
839 5441 857 5458 ο
895 5428 978 5480 oo
1022 5425 1214 5496 μήὶγε
1249 5425 1390 5492 ἀνῶ,
1427 5425 1566 5478 οὐδὲ
1614 5426 1685 5478 οὺ

1808 4432 1916 4469 non
1962 4429 2106 4482 ωςτο
2165 4414 2347 4466 animo
2407 4411 2626 4464 feratis:
2681 4410 2826 4479 quod
2863 4418 2918 4463 et
2971 4424 3135 4480 Supra
3197 4409 3362 4463 dixit:

1805 4508 2067 4576 Rapina'm
2097 4507 2483 4575 possessionum
2532 4513 2824 4556 vestrarum
2852 4518 2968 4553 cum
3000 4501 3364 4554 fictilia-exce-

1803 4600 1977 4667 pistis.
2013 4598 2216 4651 Deinde
2243 4597 2370 4665 quia
2401 4595 2543 4646 haud
2579 4593 2738 4661 pauci
2774 4601 3064 4660 postquam
3109 4605 3196 4642 res
3234 4604 3366 4642 suas

1805 4689 2110 4750 amiserint,
2177 4701 2270 4739 eas
2329 4697 2654 4750 recuperare
2712 4681 3039 4743 moliuntur,
3097 4686 3360 4746 praetextu

1803 4781 2163 4848 eleemosynae
2193 4777 2245 4829 in
2273 4775 2409 4828 alios
2433 4772 2794 4838 conferendae,
2831 4771 2997 4825 dicit:
3044 4768 3162 4824 Sint
3192 4785 3360 4824 mores

1803 4875 1912 4926 sine
1945 4870 2197 4922 avaritia.
2229 4866 2521 4933 Propterea
2553 4866 2716 4919 etiam
2760 4865 2960 4918 infert:

1874 4963 2120 5018 Contenti
2175 4961 2540 5029 prwsentibus.
2601 4958 2849 5013 Ostendit
2903 4957 3356 5029 quemadmodum

1796 5059 1864 5110 ab
1899 5054 2125 5109 avaritia
2155 5052 2318 5106 alieni
2371 5067 2491 5107 esse
2526 5054 2802 5121 possimus
2826 5093 2841 5119 ,
2891 5067 3104 5120 nempe,
3149 5050 3195 5103 si
3225 5065 3356 5102 con-

1796 5145 1931 5200 tenti
1961 5145 2135 5198 simus
2166 5143 2552 5212 praesentibus,
2611 5144 2653 5195 si
2703 5143 2834 5195 nilnl
2870 5149 3066 5209 praeter
3110 5153 3263 5191 usum
3299 5147 3354 5190 ct

1799 5239 2180 5292 necessitatem
2243 5237 2604 5305 inquirautus.
2665 5234 2766 5298 Qui
2808 5233 2952 5285 enim
3003 5232 3156 5299 plura
3182 5247 3343 5302 quam

1802 5330 2210 5400 habetvquzerit,
2258 5328 2475 5397 planum
2517 5335 2598 5380 est
2637 5340 2760 5378 eum
2804 5339 3025 5379 avarum
3066 5336 3207 5401 esse.

1874 5424 1991 5492 Ipse
2021 5423 2159 5476 enim
2190 5420 2327 5473 dixit
2347 5437 2365 5474 :
2403 5416 2523 5472 Non
2553 5428 2600 5470 te
2632 5417 2888 5482 deseram,
2929 5432 3087 5485 neque
3125 5425 3174 5470 te
3199 5414 3351 5470 derc-

1455 5601 1648 5662 Varizn
1684 5601 2007 5663 lectiones.

223 5699 261 5733 "
293 5702 603 5774 φιλοκρινεϊν
631 5719 685 5757 ο.
765 5703 811 5735 9°
847 5701 1060 5774 ἔχοντες
1099 5718 1151 5756 o.
