4056 6340
779 417 1314 427 ._—.~._-.—————-—

783 575 1883 797 BONIFACII
2075 624 2944 800 FINETTI

415 1179 575 1293 11v
698 1095 1371 1298 TERTIUM.
1466 1143 2097 1300 TOMUM“
2216 1189 3324 1311 THEOPHYLACTI

1526 1445 2226 1540 PRJEFATI‘Or

1821 1673 1889 1686 -ὰ

321 1796 381 1856 1ἷ
423 1796 581 1857 Cum
623 1797 737 1860 viri
775 1804 1164 1879 gravissimi,
1199 1819 1479 1881 quorum
1511 1801 1891 1864 auctoritate

1887 1828 1891 1856 ν
1943 1809 2329 1868 commoveri
2374 1812 2950 1892 nte‘aiquissiznum
2997 1825 3149 1888 erat,
3205 1817 3489 1892 impense.

236 1905 478 1973 Optare
508 1916 578 1960 se
616 1900 771 1961 mihi
806 1903 1300 1979 signiﬁcassent,
1343 1911 1409 1964 ut
1443 1902 1610 1964 tertii
1655 1901 1846 1980 hujus
1875 1904 2106 1965 edendi
2145 1909 2293 1967 tomi
2323 1910 2385 1970 in
2426 1929 2523 1972 me
2563 1931 2775 1976 curant
2812 1915 3184 1992 reciperem,
3218 1919 3496 1981 laborent

238 1998 430 2089 hunc
489 2001 975 2063 detrectandam
1030 2003 1184 2065 mihi
1233 2003 1500 2064 minime
1550 2004 1804 2076 censui,
1848 2007 2197 2080 praesertim
2250 2027 2394 2069 cum
2425 2010 2495 2083 ii,
2539 2013 2648 2090 qui
2693 2030 2813 2073 suo
2867 2031 2967 2074 me
3006 2033 3168 2092 pene
3223 2017 3497 2096 imperio

235 2097 642 2176 compellere
674 2103 1063 2178 potuissent.
1104 2120 1217 2182 pro
1249 2103 1485 2164 eximia
1533 2103 1926 2166 humanitate
1958 2122 2074 2167 sua
2104 2108 2179 2167 ad
2216 2109 2276 2168 id
2329 2112 2616 2172 muneris
2666 2112 3076 2176 subeundum
3114 2121 3498 2194 persuadere

242 2199 498 2261 ratione
526 2198 913 2275 maluerint;
942 2204 1261 2264 neminem
1311 2204 1559 2265 aientes
1594 2203 1656 2264 id
1689 2205 1893 2283 magis
1927 2206 2177 2277 tle-cere;
2239 2226 2428 2286 quam
2461 2228 2580 2283 me,
2625 2215 2739 2290 Qui
2784 2213 3020 2276 inedita
3047 2217 3498 2296 'I‘heOphj'lacti

241 2301 492 2374 Opera,
527 2302 766 2380 quibus
801 2303 1181 2364 tomi-istius
1217 2320 1357 2380 pars
1399 2304 1684 2366 maxima
1702 2312 1971 2377 constat,
1995 2307 2223 2381 Latine
2259 2311 2560 2371 vertenda
2602 2311 3063 2390 suscepissem.
3113 2316 3267 2376 Cum
3308 2318 3502 2396 igitur

243 2399 320 2457 ad
369 2399 670 2476 id,.qnod
705 2402 849 2464 sine
884 2397 1136 2479 piat.qu
1177 2419 1474 2466 recusare
1512 2404 1622 2463 vir
1652 2413 1954 2481 poteram,
1993 2407 2517 2484 aggrediendum,
2543 2412 2828 2472 animum
2859 2408 3282 2491 appulissem,
3317 2396 3502 2478 facile

248 2497 582 2574 intellexi,
615 2504 933 2581 assumpti
963 2512 1201 2582 partem
1230 2505 1449 2584 cperis
1482 2522 1626 2567 esse
1654 2505 1963 2567 nonnulla
1999 2507 2062 2567 in
2097 2514 2340 2569 tomum
2395 2511 2692 2570 cnmdem
2736 2512 3010 2589 praefari,
3059 2515 3301 2592 quibus
3349 2533 3502 2594 npu-

247 2622 425 2674 rum,
460 2623 606 2683 quae
657 2610 969 2679 continuet,
1015 2609 1647 2700 laborisqueiquem
1678 2609 1744 2672 in
1791 2611 2018 2673 eodem
2070 2612 2416 2690 insumpsi,
2461 2615 2774 2676 rationem
2819 2616 3101 2696 aliquam
3159 2603 3502 2684 lectoribus:

249 2703 620 2766 redde-rem.
652 2708 790 2780 Qua
820 2708 880 2770 in
920 2727 983 2769 re
1013 2709 1169 2771 illud
1205 2709 1494 2769 omnium
1530 2710 1735 2787 primo
1762 2710 2162 2788 purgandum
2188 2703 2542 2786 videretur,
2568 2714 2736 2791 quod
2765 2713 2991 2775 tertius
3017 2715 3138 2775 iste
3167 2717 3498 2794 TheOphj-

252 2805 402 2867 lacti
439 2814 649 2880 tomus
683 2812 885 2874 multo
913 2812 1183 2873 fortasse
1217 2813 1453 2884 serius,
1495 2828 1684 2889 quem
1719 2828 1866 2887 spes
1898 2811 2057 2873 facta
2088 2812 2348 2886 fuisset,
2371 2814 2453 2896 \in
2492 2814 2698 2874 lucem
2741 2833 2912 2877 IIlIIIC
2937 2816 3194 2877 demum
3231 2817 3499 2895 profera-

253 2913 400 2981 tur;
457 2907 581 2969 nisi
624 2927 770 2986 qua)
810 2911 1081 2974 dicenda
1115 2911 1390 2974 inferius
1425 2911 1583 2972 mihi
1617 2919 1792 2986 sunt,
1845 2912 2060 2974 labore
2113 2930 2214 2973 me
2252 2899 2401 2974 isto‘
2427 2913 2732 2975 levarent.
2770 2917 2856 2975 Ex
2898 2915 2979 2975 iis
3015 2916 3188 2976 enim
3248 2917 3502 2995 planum
3539 2923 3543 2928 ’

248 3016 791 3086 compertumque
824 3009 953 3080 (iet,
975 3009 1227 3070 nullius
1249 3010 1528 3084 incuria,
1555 3010 1668 3071 sed
1702 3010 1792 3072 rei
1824 3010 2057 3073 melius
2084 3012 2380 3090 gerenda).
2412 3013 2632 3073 studio
2666 3030 2902 3074 moram
2937 3021 3169 3076 tantam
3212 3017 3504 3096 injectum

249 3109 492 3170 fuisse.
534 3111 689 3170 Cum
728 3127 1004 3190 namque
1039 3113 1343 3192 pleraque
1373 3131 1567 3191 Opera
1599 3132 1742 3193 quae
1775 3116 2076 3177 volumen
2111 3114 2284 3176 istud
2321 3112 2791 3192 complet-titur,
2826 3123 2935 3173 aut
2965 3115 3308 3177 admodum
3343 3136 3502 3192 rara,

258 3221 372 3270 aut
410 3209 601 3289 plane
643 3214 880 3274 inedita
923 3211 1155 3288 forent,
1189 3231 1260 3276 ac
1292 3218 1581 3296 qntedam
1620 3216 1808 3278 etiam
1843 3200 2088 3280 detecta
2146 3217 2614 3289 recentissimo,
2669 3216 2729 3274 in
2765 3214 2847 3275 iis
2880 3214 3268 3297 colligendis
3307 3218 3501 3299 (quod

256 3315 524 3377 nonnisi
569 3316 778 3378 aliena
816 3327 1008 3396 Opera
1043 3318 1328 3396 prmstari
1365 3320 1657 3398 poterat),
1698 3321 1760 3382 in
1811 3321 2194 3400 eisdemque
2225 3321 2298 3381 ad
2357 3320 2605 3399 prelum
2662 3321 2960 3397 parandis
3004 3323 3150 3400 plus
3197 3325 3502 3401 temporis

255 3417 507 3479 insumi
542 3420 826 3496 oportuit
859 3437 1049 3498 quam
1099 3421 1463 3498 putabatur.
1509 3424 1780 3485 Necesse
1819 3425 2036 3503 itaque
2075 3422 2198 3485 fuit
2249 3433 2516 3501 emptam
2565 3421 2716 3482 torni
2768 3421 2959 3497 hujus
3013 3423 3501 3500 impressionem

255 3516 650 3598 aliquandiu
683 3520 1134 3583 intermittere.
1175 3525 1413 3583 Verum
1455 3541 1531 3583 ne
1575 3523 1833 3583 interim
1864 3542 1966 3584 res
1997 3524 2262 3584 omnino
2299 3533 2360 3582 et
2391 3524 2819 3600 undequaque
2854 3539 3169 3599 suspensa
3200 3534 3500 3589 maneret.

254 3624 321 3683 et
361 3634 446 3678 ne
487 3617 632 3695 plus
661 3635 849 3697 teque
881 3621 1324 3682 studiosorum
1358 3621 1690 3684 hominum
1725 3623 2120 3699 exSpectatio
2156 3610 2644 3700 produceretur,
2681 3625 2948 3683 solet-tes
2979 3622 3281 3682 editionis
3315 3623 3500 3700 hujus

202 3745 212 3752 -
257 3724 600 3784 curatores
639 3726 880 3782 tomum
915 3731 1242 3800 quartum,
1271 3727 1386 3805 qui
1420 3734 1480 3787 et
1522 3728 1793 3788 ultimus
1831 3728 1993 3797 erit,
2032 3727 2208 3804 prelo
2234 3728 2711 3807 subjiciendum
2747 3735 3072 3796 rurarunt,
3131 3733 3197 3784 ut
3235 3740 3362 3810 quo
3397 3742 3500 3783 se-

260 3832 403 3892 rius
436 3830 714 3892 studiosi
743 3832 1009 3894 tertium
1037 3833 1233 3895 ist-um
1266 3832 1618 3912 accipiunt,
1647 3849 1725 3892 eo
1755 3831 2072 3893 maturius
2107 3826 2235 3891 sint
2271 3839 2509 3892 tomum
2547 3833 2844 3891 uitimnm
2871 3827 3211 3903 .accepturi
3252 3849 3264 3884 :
3315 3829 3501 3905 cujm

259 3950 411 3993 cum
442 3932 790 4007 impressio
825 3937 1096 3996 multum
1128 3951 1463 4014 progressa
1482 3934 1617 4011 jam
1649 3933 1756 4002 sit,
1788 3931 2075 4008 polliceri
2116 3940 2289 3992 certo
2323 3948 2689 4007 possumus,
2741 3946 2889 3991 eum
2962 3926 3184 4007 paucis
3237 3929 3502 4004 poslhuc

264 4032 608 4106 mensibus
641 4033 1048 4109 proditurum
1095 4033 1162 4095 in
1196 4035 1428 4095 lucem.
1468 4035 1672 4117 Quam
1706 4049 1859 4094 sane
1892 4031 2149 4092 brevem
2188 4031 2562 4092 dilationem
2601 4049 2677 4092 eo
2713 4033 2995 4110 mquiore
3027 4028 3241 4088 animo
3265 4027 3496 4117 tolera-

263 4132 358 4192 bit
391 4130 746 4192 benevolus
770 4130 1004 4204 lector,
1049 4149 1180 4205 quo
1224 4130 1528 4212 majorem
1557 4116 1652 4194 est
1689 4150 1766 4194 ex
1802 4131 1993 4212 hujus
2028 4130 2381 4193 voluminis
2414 4130 2701 4192 lectione-
2735 4131 3121 4216 voluptatem
3166 4116 3498 4206 perceptu-

264 4251 379 4296 rus
436 4253 585 4299 cum
636 4243 719 4298 ob
765 4235 1069 4299 eximiam
1119 4252 1390 4315 operum
1442 4236 1504 4296 in
1557 4254 1635 4298 eo
1689 4241 2138 4297 contentorum
2201 4231 2649 4310 praestantiam,
2701 4215 2831 4294 tum
2885 4240 3139 4311 propter
3179 4215 3498 4310 insignem

263 4322 1076 4404 edrnmdemVarietatem,
1112 4352 1234 4412 qua
1270 4335 1617 4410 prtesertitn
1654 4336 1761 4404 iis,
1802 4335 1912 4412 qui
1946 4333 2076 4410 jam
2111 4335 2266 4394 editi
2316 4342 2488 4401 sunt,
2544 4342 2752 4393 tomus
2791 4335 2907 4394 iste
2961 4333 3285 4410 praecellit.
3341 4335 3496 4393 Cum

265 4433 440 4493 enim
475 4438 792 4513 exegetica
825 4437 922 4498 illi
957 4444 1198 4496 tantum
1235 4452 1425 4512 Opera
1457 4436 1824 4504 exhibeant,
1889 4433 1991 4494 hic
2019 4444 2078 4493 et
2119 4437 2456 4511 exegctt’cu,
2494 4442 2550 4494 ct
2584 4434 2886 4498 oratoria,
2929 4438 2988 4491 et
3017 4449 3221 4502 sacra,
3249 4439 3307 4492 et
3344 4451 3497 4510 pro-

265 4539 444 4616 fana,
479 4545 540 4598 et
571 4537 902 4608 historica,
929 4537 1311 4616 etpolitica,
1341 4543 1402 4596 et
1432 4536 1787 4614 dogmatica
1820 4536 1983 4599 haud
2018 4534 2371 4613 injucunda
2404 4551 2556 4594 sane
2589 4531 3002 4610 permistione
3033 4534 3498 4608 complectitur,

269 4644 337 4697 ut
374 4635 984 4711 patetex-ipsorunt
1019 4649 1286 4708 Operum
1323 4633 1634 4712 catalogo.
1670 4635 1786 4713 qui
1818 4653 1871 4696 se

1894 4650 2099 4713 quens
2139 4641 2258 4695 est.
2292 4635 2334 4692 Ι.
2373 4632 2868 4700 Commentarius
2901 4632 2966 4690 in
2994 4630 3150 4690 Acta
3179 4631 3496 4708 apostolo-

264 4755 433 4808 rum,
467 4735 683 4797 editus
715 4735 874 4815 olim
911 4751 942 4795 a
977 4732 1218 4794 Sifnno.
1243 4732 1325 4793 II.
1358 4733 1536 4794 Alter
1567 4733 1632 4793 in
1669 4736 1891 4796 eadem
1932 4738 2078 4796 Acta
2111 4735 2604 4796 Commentariun
2638 4749 2860 4792 recens
2891 4739 3113 4793 erutus
3151 4749 3227 4793 ex
3263 4732 3496 4794 biblio-

271 4837 808 4900 thecaVaucana.
845 4836 955 4897 IlI.
982 4835 1480 4896 Commentarius
1506 4836 1573 4896 in
1602 4836 1928 4915 Epistolas
1967 4837 2345 4898 Catholicas.
2383 4836 2487 4894 IV.
2517 4831 2738 4894 Oratio
2777 4835 2844 4894 in
2892 4831 3324 4895 adorationem
3351 4851 3498 4893 cru-

268 4940 387 4999 cis.
421 4940 496 5000 V.
536 4938 758 5000 Oratio
796 4937 864 4998 in
894 4935 1440 5016 prasentationem
1469 4937 1541 4998 Β.
1582 4938 1804 4998 Marice-
1843 4937 2149 5013 Virginis.
2187 4937 2292 4996 Vl.
2327 4935 2711 5011 Martyrium
2742 4932 3094 5012 quindecim
3128 4944 3495 5012 martyrum,

270 5037 383 5115 qui
420 5040 593 5115 passi
627 5045 776 5100 sunt
806 5037 1160 5116 imperante
1179 5037 1215 5095 -J
1231 5035 1452 5097 uliano
1489 5040 1812 5115 Apostata.
1844 5038 1981 5098 VII.
2015 5035 2332 5098 Allocutio
2364 5037 2437 5097 de
2469 5038 2546 5099 iis
2570 5038 2641 5098 in
2673 5035 2895 5115 quibus
2927 5035 3142 5098 Latini
3168 5037 3494 5114 reprehen-

271 5139 514 5200 duntur
545 5157 585 5197 a
613 5139 874 5199 Graecis.
909 5138 1078 5199 VIII.
1110 5135 1443 5198 Institutio
1475 5138 1650 5214 regia
1700 5135 1784 5194 ad
1813 5137 2301 5198 Constantinum
2330 5137 2968 5216 Porphyrogenitum.
3001 5138 3107 5194 IX.
3134 5134 3497 5192 Encomium

270 5244 338 5303 in
380 5239 822 5318 imperatorem
852 5240 1147 5302 Aletriu'm
1177 5241 1575 5303 Comncnum.
1609 5242 1692 5302 X.
1727 5241 2037 5317 Epistola:
2060 5243 2291 5321 viginti
2317 5260 2543 5304 recens
2571 5250 2770 5303 eruta}
2809 5258 2882 5301 ex
2915 5237 3296 5298 bibliotheca
3339 5238 3494 5296 ιάιί-

276 5364 454 5407 rana.
487 5343 598 5403 XI.
636 5344 934 5404 Extrema
978 5362 1117 5421 pars
1147 5346 1420 5407 homiliae
1446 5345 1806 5406 undecima:
1842 5344 1906 5405 in
1941 5347 2504 5407 Resurrectionem.
2541 5347 2681 5406 ΧΙΙ.
2715 5340 3204 5405 Commentarius
3247 5340 3310 5399 in
3349 5339 3496 5395 Arta

271 5444 706 5524 apostolorum
732 5457 811 5501 ex
845 5441 1228 5519 bibliotheca
1273 5445 1642 5509 Florentino
1676 5430 1980 5507 Medicea.
2017 5449 2192 5508 XIII.
2237 5437 2538 5526 Episton
2565 5465 2603 5504 a
2637 5443 2913 5507 Meursio
2951 5449 3006 5501 et
3038 5440 3250 5500 Lamio
3298 5436 3491 5496 editur.

271 5546 591 5621 Quoniam
627 5538 892 5604 vero‘de
925 5545 1230 5608 omnibus
1265 5549 1363 5608 his
1393 5547 1609 5626 aliqua
1641 5549 2087 5624 prmn'uonenda
2119 5555 2290 5619 sunt,
2326 5562 2455 5624 quo
2479 5545 2759 5623 quisque
2789 5543 2861 5604 ad
2898 5557 3120 5602 eorum
3156 5535 3495 5596 let-tionem

279 5648 524 5709 accedat
557 5643 851 5730 paratior,
886 5643 1327 5718 P-rmfationetn
1367 5629 1621 5727 hancin
1661 5645 1925 5709 totidem
1959 5655 2115 5726 quot
2162 5653 2365 5722 partes
2399 5643 2548 5703 torni
2589 5641 2779 5720 hujus
2815 5650 2984 5711 sunt,
3034 5635 3310 5697 dividant
3352 5653 3491 5698 scc-

329 5793 351 5870 i‘
376 5792 616 5842 Editionis
640 5792 844 5845 Venetae
863 5801 1006 5858 quam
1030 5785 1298 5856 sequimur.
