4056 6340
163 364 272 431 tos
962 380 1064 474 Ix
1098 381 1554 462 SEQUENTIA.
1583 389 1765 450 τηε(

1804 391 2165 456 ΡΙΙΥΙΑΕΤΙ
2217 397 2558 462 StIRlP'l‘A.
3300 405 3406 469 410

162 478 264 538 sin
297 481 568 543 omnino
587 485 844 558 sustuli,
881 488 1100 548 saltem
1130 501 1458 570 utmnquo
1498 497 1734 572 sopivi.
1767 494 1934 571 Quid
1969 518 2115 560 eum
2150 503 2522 565 excitaverit
2554 505 2794 581 denuo,
2827 525 2902 574 ex
2936 527 3078 573 mox
3112 510 3404 575 dicendis

164 582 585 655 perSpiruutn
623 585 746 646 ﬁet.
1075 599 1080 602 ’

1586 719 1862 782 SECTIO
1912 723 1986 782 ll.

444 858 532 921 De
565 849 1025 928 Commentario
1059 847 1125 928 iu
1155 869 1305 929 Arta
1332 873 1759 947 apostolorum
1802 894 2017 936 recens
2050 884 2229 946 erulo
2279 889 2358 940 ex
2389 881 2760 944 bibliotheca
2804 886 3119 947 Vaticana.

244 1005 357 1100 IV.
404 1008 822 1075 Pimcedentis
866 1015 1317 1080 Commentarii
1372 1022 1722 1098 impressio
1767 1026 1841 1086 ad
1895 1025 2266 1089 umbilicum
2313 1028 2514 1093 ferme
2574 1041 2977 1110 pervenerat,
3011 1051 3156 1095 cum
3203 1026 3400 1095 Roma

159 1097 350 1168 allata
375 1118 527 1171 sunt
560 1113 679 1174 tria
709 1112 859 1176 folia
897 1116 1168 1178 alterius
1203 1097 1660 1181 Commentarii
1707 1125 1770 1184 in
1818 1126 2039 1186 eadem
2088 1130 2526 1204 apostolorum
2556 1097 2732 1203 dcta,
2763 1132 2875 1209 qui
2924 1131 2987 1192 in
3024 1132 3248 1192 codice
3297 1134 3396 1192 bi-

163 1201 510 1297 bliotheca;
551 1210 873 1276 Vaticanus
918 1206 1472 1295 'l‘beOphylactum
1521 1219 1765 1296 praefert

1806 1201 2154 1287 auctorem.
2202 1228 2385 1290 Facta
2429 1228 2774 1291 collatione
2822 1231 3392 1307 deprehendi-mus,

165 1294 522 1373 Romanum
549 1330 581 1374 a
613 1309 939 1379 Sil'aniano
969 1336 1116 1380 cum
1151 1319 1217 1380 in
1241 1319 1413 1394 aliis,
1449 1327 1581 1386 tum
1615 1326 1962 1400 przesertim
1997 1325 2302 1390 brevitate
2350 1330 2750 1410 discrepare.
2802 1333 2937 1393 Hoc
2972 1348 3122 1392 vero
3164 1334 3396 1394 nedum

165 1407 450 1484 priorem
486 1407 952 1479 dubitationem
982 1420 1147 1482 circa
1181 1421 1544 1500 genuinum
1579 1418 1765 1486 illius
1798 1427 2254 1489 Commentarii
2293 1407 2614 1492 auctorem
2664 1433 2876 1492 denuo
2925 1434 3248 1502 excitavit,
3283 1437 3395 1494 sed

165 1508 356 1570 etiam
405 1513 689 1576 animum
743 1534 823 1579 eo
866 1520 1228 1594 inclinavit,
1281 1532 1350 1585 ut
1388 1527 1739 1599 crederem,
1789 1528 1959 1590 hunc
2010 1530 2224 1608 potius
2283 1540 2504 1592 recens
2559 1534 2900 1603 detectum,
2955 1549 3145 1611 quam
3200 1533 3387 1592 illum

164 1607 648 1705 Theolthylacto
676 1621 918 1681 auctori
947 1623 1402 1684 ascribendum
1434 1642 1576 1685 esse
1607 1636 1622 1686 ':
1667 1630 2016 1703 praesertim
2071 1630 2240 1708 qtmd
2295 1630 2549 1692 brevior
2589 1632 2791 1692 multo
2839 1632 2944 1702 sit,
2977 1607 3284 1707 adeoque
3318 1635 3392 1692 ad

163 1695 744 1792 TheOphylacteam
777 1722 1250 1806 cennnentandi
1297 1722 1607 1786 rationem
1644 1727 1906 1804 prepius
1932 1695 2235 1792 accedere
2267 1732 2578 1792 videatur.
2610 1732 2932 1822 Nonnulla
2960 1730 3085 1792 alia
3117 1731 3396 1792 subinde

163 1811 356 1874 ltoma
389 1820 642 1893 accepta
670 1820 820 1883 folia
854 1840 979 1883 non
1015 1824 1223 1885 solum
1269 1820 1428 1887 hanc
1455 1826 1610 1888 mihi
1644 1829 2083 1907 sttspicionem
2110 1833 2460 1906 ﬁrmarunt,
2500 1832 2610 1894 sed
2642 1817 2832 1894 etiam
2866 1832 3174 1895 editionis
3203 1832 3396 1911 hujus

159 1917 573 1980 curatoribus
604 1922 951 1984 consilium
988 1924 1375 2003 injeceruut,
1419 1927 1589 1987 hunc
1635 1937 1898 2009 quoque
1945 1923 2480 1994 Commentarium
2535 1929 2594 1994 in
2646 1933 2854 1996 lucem
2905 1931 3284 2004 emittendi;
3330 1941 3398 1993 ut

161 2037 351 2098 quem
387 2023 684 2100 aequalis,
719 2027 915 2087 unius
951 2044 1181 2106 nempe
1214 2032 1484 2100 codicis,
1518 2035 1860 2096 auctoritas
1908 2029 2086 2097 Velut
2120 2034 2580 2114 TheOphylacti
2621 2034 2840 2096 fretum
2891 2035 3393 2103 commendaret,

163 2125 216 2187 is
243 2125 437 2187 etiam
471 2129 700 2206 requali
739 2133 1015 2218 [meum
1048 2132 1211 2195 lucis
1247 2134 1488 2195 honore
1517 2137 1864 2199 frueretur.
1906 2137 2194 2200 Consilio
2223 2126 2400 2204 huic.
2433 2147 2804 2218 quanquam
2842 2137 2977 2214 ipse
3007 2143 3225 2197 auctor
3249 2152 3394 2197 esse

164 2149 216 2187 is
243 2149 437 2187 euam
471 2149 700 2206 multa”
739 2150 772 2208 p
831 2149 1015 2194 uncta
1050 2149 1211 2195 lllCIS
1247 2149 1488 2195 nouere
1517 2149 1864 2199 Irueretur.
1906 2149 2194 2200 Consum
2223 2149 2400 2204 hinc.
2433 2149 2804 2218 quanquam
2842 2153 2977 2214 Ipse
3007 2149 3225 2197 auctor
3249 2152 3392 2197 esse

164 2224 508 2296 hol'tirrim,
542 2149 1032 2308 repuganiudum
1074 2239 1284 2294 tamen
1327 2233 1482 2293 mihi
1540 2253 1680 2296 esse
1716 2254 1839 2300 non
1892 2225 2145 2309 consul,
2178 2236 2419 2312 Quippe
2467 2238 2578 2329 qui
2620 2243 3022 2314 perspectum
3070 2233 3392 2304 haberem,

164 2326 455 2386 eruditos
483 2325 778 2390 homines
813 2329 1052 2391 nedum
1104 2339 1300 2403 certa,
1340 2332 1450 2392 sed
1492 2342 1553 2392 et
1587 2335 1780 2396 dubia
1828 2352 2018 2413 opera
2053 2339 2276 2398 eodem
2327 2325 2658 2397 volumine
2705 2337 2895 2396 edere
2945 2333 3388 2395 consuevisse.

164 2422 311 2485 Haec
345 2424 833 2507 quidemopera
858 2430 936 2492 ad
973 2431 1208 2494 calcem
1247 2434 1591 2517 voluminis
1631 2438 2005 2516 plerumque
2041 2437 2424 2515 rejiciuntur
2455 2459 2470 2497 :
2500 2446 2560 2498 at
2591 2437 2760 2515 quod
2797 2433 2914 2497 hoc
2954 2434 3150 2496 istum
3187 2435 3391 2495 locum

165 2527 434 2604 teneret,
464 2533 531 2594 in
561 2551 748 2596 causa
779 2525 1071 2615 fuitjam
1103 2536 1398 2600 absoluta
1430 2541 1887 2602 Commentarii
1922 2544 2342 2621 praecedentis
2380 2533 2747 2620 impressio.
2776 2537 3182 2610 Censuerunt
3216 2537 3390 2596 enim

166 2633 472 2706 editores,
512 2637 1046 2711 Commentarios,
1080 2641 1192 2719 qui
1223 2640 1389 2704 circa
1424 2643 1712 2715 eamdem
1739 2655 2146 2708 versarentur
2182 2647 2537 2721 materiem,
2572 2648 2928 2721 eodemque
2956 2640 3154 2705 ferme
3197 2639 3394 2701 dubio

165 2734 548 2811 laborarent,
585 2741 720 2804 loco
745 2742 1184 2821 sejungendos
1215 2759 1343 2806 non
1379 2755 1548 2807 esse.
1580 2746 1766 2818 Hinc,
1800 2749 2047 2811 caeteris
2073 2749 2335 2812 interim
2367 2747 2835 2828 praetermissis,
2858 2762 3001 2825 quae
3031 2763 3155 2822 prae
3187 2744 3393 2803 mani-

164 2825 280 2896 bus
325 2838 655 2912 habebam,
706 2840 903 2919 hujus
953 2842 1180 2905 Latine
1228 2843 1521 2905 vertendi
1578 2842 1856 2908 laborem
1905 2864 2248 2926 aggressus
2287 2825 2454 2936 sum.
2504 2847 2690 2921 Quod
2744 2848 2898 2908 dum
2936 2862 3281 2922 exsequor,
3332 2857 3392 2907 et

165 2937 709 3002 Commentarium
743 2942 960 3019 ipsum
996 2946 1263 3023 propius
1289 2946 1731 3024 attentiusque
1762 2948 2113 3026 perspicio,
2151 2950 2214 3010 in
2250 2919 2569 3029 p‘rioribus
2605 2948 2873 3029 quidem
2911 2965 3024 3009 sex
3075 2945 3392 3023 capitibus

160 3045 222 3099 εἴ
253 3058 345 3114 set
374 3041 508 3103 timi
542 3045 808 3108 dimidia
833 3046 1034 3110 ferme
1070 3058 1245 3128 parte
1282 3067 1600 3131 perpauca
1633 3051 1776 3118 esse
1809 3027 2417 3134 deprehendo,quze
2443 3055 2503 3114 in
2547 3027 3016 3116 Commentario
3063 3049 3390 3112 Sil‘aniano

165 3147 286 3204 'non
326 3144 638 3219 inessent,
683 3165 753 3209 ac
785 3148 987 3210 ferme
1020 3151 1230 3214 solum
1279 3153 1346 3214 in
1386 3171 1464 3216 eo
1510 3157 1900 3234 discrepare,
1935 3159 2106 3234 quod
2149 3154 2255 3215 ille
2299 3155 2503 3217 multo
2553 3155 2865 3233 prolixior
2895 3153 3004 3227 sit,
3033 3170 3152 3214 seu
3189 3154 3388 3216 multo

169 3242 341 3320 plura
378 3244 726 3308 contineat.
760 3247 1033 3326 Insuper
1063 3248 1197 3311 fere
1229 3255 1442 3313 omnia
1480 3271 1624 3328 quae
1654 3255 1916 3333 utrique
1948 3253 2313 3317 communia
2342 3261 2519 3331 sunt,
2549 3256 2707 3318 adeo
2740 3273 2882 3317 cum
2921 3255 3136 3318 verbis
3183 3254 3389 3334 Chry-

166 3345 426 3405 sostomi
460 3362 841 3424 congruere,
872 3356 942 3410 ut
969 3349 1224 3412 deliniri
1265 3353 1365 3413 vix
1398 3362 1505 3414 aut
1535 3357 1804 3416 omnino
1838 3374 1964 3418 non
2002 3364 2216 3434 queat,
2251 3364 2466 3419 utrum
2500 3374 2642 3433 qua:
2671 3358 3011 3418 Vaticanus
3044 3358 3282 3418 Commi
3312 3375 3385 3417 n-

165 3445 360 3506 tarius
398 3447 460 3506 in
499 3447 818 3525 prredicti's
850 3451 1170 3524 capitibus
1221 3453 1432 3526 habet,
1473 3472 1552 3516 ex
1597 3458 1950 3529 Sifaniano,
1991 3459 2111 3535 vel,
2140 3458 2340 3519 simili
2371 3458 2594 3536 aliquo
2622 3457 2998 3535 exemplari,
3034 3476 3111 3520 an
3159 3459 3388 3520 imme~

167 3546 327 3606 diate
351 3565 430 3607 ex
464 3548 605 3621 ipso
646 3548 1098 3624 (Ihrj'sostomo
1119 3553 1462 3633 desumpta
1487 3556 1754 3618 fuerint.
1795 3558 1954 3619 Illud
1989 3567 2233 3620 certum
2257 3558 2536 3632 videtur,
2560 3575 2632 3620 ea
2667 3559 2732 3620 in
2774 3569 2942 3634 parte
2966 3560 3132 3649 adeo
3157 3577 3386 3634 purum

167 3659 390 3724 putum
424 3651 719 3714 exhiberi
775 3654 1334 3734 Chrysostomum,
1389 3667 1458 3720 ut
1497 3658 1600 3722 hic
1628 3661 1726 3722 illi
1767 3662 1998 3724 titulus
2045 3662 2274 3724 merito
2309 3665 2509 3741 aptari
2544 3668 2757 3740 posset
2789 3684 2804 3725 :
2834 3662 3086 3723 Scholia
3131 3663 3199 3722 in
3229 3661 3388 3721 Λεία

163 3755 585 3832 apostolorum
608 3776 688 3817 ea:
717 3757 1178 3836 Chrysostomo.
1215 3761 1354 3822 Alia
1387 3775 1724 3842 perpauca,
1753 3777 1896 3843 qua;
1920 3765 1977 3827 ei
2013 3767 2233 3828 insunt
2273 3781 2353 3827 ex
2393 3763 2523 3828 alio
2553 3781 2729 3842 penu
2749 3764 3147 3841 deprompta,
3184 3765 3372 3824 Com-

169 3859 472 3920 mentario
494 3857 624 3936 jam
653 3854 942 3922 confecto
968 3864 1322 3941 supet‘addi
1354 3863 1560 3926 aliena
1596 3881 1786 3926 manu
1814 3875 2101 3942 potuere.

242 3959 314 4017 V.
352 3959 471 4019 Sed
528 3959 689 4021 illud
727 3959 845 4020 hoc
898 3961 1034 4022 loco
1065 3962 1704 4025 animadvertendum
1748 3971 1866 4035 est,
1910 3965 2109 4042 quod,
2148 3975 2293 4026 eum
2343 3955 2843 4042 Ch'rysostomus
2885 3961 2947 4022 in
2982 3960 3268 4039 qualibet
3309 3978 3382 4019 ex

158 4057 290 4121 illis
320 4059 609 4123 homiliis
651 4062 1057 4140 prepositum
1101 4064 1286 4124 Luem
1328 4073 1573 4127 textum
1610 4067 1707 4128 bis
1751 4075 2117 4145 percurrat;
2149 4083 2265 4128 seu
2294 4072 2439 4144 post
2469 4065 2762 4144 primam,
2807 4062 3382 4170 eamquebrevcm

165 4167 496 4227 verborum
533 4163 1077 4242 explanationem,
1105 4163 1294 4225 aliam
1320 4184 1502 4245 teque
1533 4167 1790 4229 brevem
1829 4175 1892 4250 et
1928 4168 2320 4248 quandque
2353 4160 2744 4233 breviorem,
2781 4163 2881 4222 his
2907 4172 3015 4222 aut
3056 4158 3386 4218 similibus

167 4266 368 4327 verbis
401 4264 771 4344 praemissis,
818 4265 1154 4325 subuectat
1205 4279 1219 4322 :
1264 4265 1402 4321 Ἀλλ’
1433 4267 1629 4336 ἴδωμεν
1659 4267 1769 4322 ἄνω

1782 4265 1864 4320 θεν
1897 4266 1966 4321 τὰ
1995 4265 2281 4338 εἰρημένα,
2303 4260 2413 4322 sed
2450 4262 2741 4340 superius
2785 4259 2954 4323 dicta
3000 4267 3384 4338 repetamus,

163 4370 378 4427 auctor
407 4367 624 4441 istius,
663 4365 968 4446 quisquis
1015 4366 1273 4428 demum
1328 4362 1440 4426 ille
1489 4362 1709 4437 fuerit,
1750 4363 2204 4425 Commentarii
2240 4363 2430 4425 modo
2464 4380 2543 4425 ex
2590 4365 2814 4469 prima,
2861 4361 3163 4469 modo-ex.
3193 4361 3386 4423 altera

167 4452 622 4541 Explanatione
675 4456 876 4529 verba
924 4461 1277 4546 depromit;
1332 4469 1394 4526 et
1433 4464 1696 4540 quidem
1749 4465 2131 4542 plerumque
2181 4471 2249 4525 ut
2301 4462 2368 4524 in
2425 4471 2600 4524 textu
2649 4461 3083 4539 Chrysostomi
3131 4459 3386 4537 jacent:

143 4565 368 4626 solum
413 4567 704 4640 mutatis,
750 4567 1013 4641 additis,
1054 4565 1154 4629 vel
1196 4565 1499 4643 demptis,
1549 4563 1808 4642 majoris
1857 4564 2161 4624 claritatis
2209 4565 2304 4624 vel
2357 4562 2689 4623 brevitatis
2722 4563 2946 4641 gratia,
3000 4560 3388 4641 quibusdam

167 4667 548 4746 otiand‘oque
585 4667 820 4739 verbis,
856 4668 1060 4746 utqui
1097 4685 1224 4731 non
1257 4674 1381 4728 tam
1415 4666 1494 4727 de
1529 4663 1992 4762 verbis,_quam
2038 4662 2117 4726 de
2149 4678 2344 4724 sensu
2392 4662 2830 4738 Chrysostomi
2885 4663 3219 4769 laboraret.
3250 4661 3386 4769 Qua

167 4737 365 4827 tamen
402 4737 468 4827 iu
509 4782 601 4839 re,
634 4764 715 4837 si,
749 4737 925 4843 quod
957 4737 1114 4826 mihi
1143 4766 1369 4828 videor
1397 4754 1813 4840 comperisse,
1847 4759 2119 4822 candide
2152 4760 2335 4824 fateri
2359 4761 2570 4836 liceat,
2605 4779 2732 4823 non
2773 4777 3024 4838 semper
3057 4760 3214 4820 satis
3247 4759 3387 4819 fctio

166 4868 311 4929 citer
334 4886 458 4930 suo
496 4868 610 4930 ille
643 4866 987 4930 defunctus
1020 4874 1420 4929 est‘munere
1454 4889 1469 4928 :
1504 4864 1828 4928 interdum
1864 4863 2035 4925 enim
2068 4871 2176 4926 aut
2207 4864 2552 4944 supprimit
2585 4865 2797 4934 verba,
2830 4881 2974 4943 quae
3004 4862 3386 4940 perﬁciendo

173 4969 384 5032 sensui
415 4969 777 5033 necessaria
808 4959 988 5032 erant
1032 4990 1048 5029 :
1086 4974 1194 5033 aut
1233 4969 1587 5046 superflua,
1627 4979 1771 5047 quin
1801 4977 2064 5030 sensum
2111 4966 2539 5029 interturbent
2580 4967 2793 5044 potius
2815 4982 3006 5046 quam
3047 4965 3384 5027 clariorem

167 5067 446 5136 reddant,
478 5069 806 5147 adjungit;
840 5067 938 5129 vel
980 5063 1486 5146 invscholiorum
1521 5061 2402 5170 delectu.prmteribmeliora.
2432 5063 2635 5172 Quam
2668 5062 2771 5172 ob.
2802 5080 2933 5172 rem
2977 5064 3378 5172 Commenta:

167 5166 294 5226 rius
324 5168 448 5228 iste
487 5167 991 5245 TheOphylaeto,
1031 5165 1169 5226 viro
1195 5160 1484 5224 doctrina
1518 5170 1576 5222 et
1602 5154 1832 5241 judicii
1883 5158 2240 5222 maturitate
2275 5159 2622 5238 prmstanti,
2673 5161 3141 5240 ahjudicandus
3178 5161 3376 5222 videri

157 5265 290 5341 jure
327 5277 571 5343 posset,
611 5268 736 5327 nisi
768 5267 901 5328 hzec
941 5268 1157 5329 omnia
1205 5264 1271 5325 in
1312 5263 1850 5340 subsequentiqu
1903 5259 2324 5349 librariorum
2347 5263 2771 5333 oscilantiam,
2823 5263 2916 5323 vel
2968 5261 3379 5339 imperitiam,

164 5388 224 5432 ac
247 5370 481 5447 saepius
516 5374 941 5432 temeritatem
978 5370 1320 5432 retundere
1356 5375 1697 5446 proastaret.
1731 5365 1890 5438 Illud
1929 5365 2088 5426 mihi
2121 5367 2543 5443 exploratum,
2574 5365 2921 5440 exemplar,
2956 5365 3127 5442 quod
3167 5366 3380 5470 Latine

163 5470 526 5533 vertendum
562 5469 804 5545 accepi,
839 5469 1091 5529 mendis
1122 5467 1398 5546 aliisque
1430 5464 1786 5527 defectibus
1827 5482 1969 5526 esse
2004 5478 2420 5542 respersum:
2453 5465 2638 5543 cujus
2669 5464 2756 5525 rei
2798 5465 2981 5542 culpa
3013 5481 3136 5526 non
3171 5467 3228 5526 ei
3267 5464 3375 5545 (υιὶ

164 5572 362 5646 ipsum
421 5567 725 5637 exaravit,
777 5569 886 5646 qui
937 5570 1089 5629 satis
1125 5569 1477 5648 diligentia:
1511 5565 1636 5646 prae
1663 5585 1731 5628 se
1758 5567 1902 5638 fert,
1952 5570 2061 5628 sed
2096 5567 2660 5629 Vaticanocodici-
2705 5567 3040 5628 tribuenda
3095 5569 3376 5630 videtur.

165 5671 487 5750 Quidquid
525 5664 674 5732 vero
709 5668 823 5730 hac
855 5669 934 5728 de
963 5679 1033 5729 ‘re
1064 5670 1170 5742 sit,
1204 5686 1283 5732 eo
1315 5682 1483 5733 certe
1521 5671 1718 5748 major
1751 5669 1906 5730 mihi
1943 5669 2006 5765 in
2045 5668 2258 5729 Latina
2302 5667 2740 5729 concinnanda
2785 5668 3080 5729 versione
3114 5667 3377 5765 impen-

167 5773 405 5834 dendus
443 5755 557 5831 fuit
589 5770 786 5841 labore,
823 5783 955 5845 quo
987 5765 1394 5844 frequentius
1419 5781 1682 5832 necesse
1720 5768 1911 5830 habui
1950 5755 2091 5830 eum
2134 5765 2571 5844 ChrysostOmi
2629 5767 2804 5831 fonte
2850 5766 3014 5832 illud
3043 5763 3370 5832 conferre;
