  <div class='ocr_page' id='page_1' title='image "/cluster/home/n/w/nwhite01/storage/ocr_20150623/125/pst.000005714407/231.png"; bbox 0 0 4056 6340; ppageno 0'>
   <div class='ocr_carea' id='block_1_1' title="bbox 711 358 3920 478">
    <p class='ocr_par' dir='ltr' id='par_1_1' title="bbox 711 358 3920 478">
     <span class='ocr_line' id='line_1_1' title="bbox 711 358 3920 478; baseline -0.002 -11"><span class='ocrx_word' id='word_1_1' title='bbox 711 401 809 472; x_wconf 78' lang='lat' dir='ltr'><strong>nt</strong></span> <span class='ocrx_word' id='word_1_2' title='bbox 845 380 848 383; x_wconf 51' lang='grc'>“</span> <span class='ocrx_word' id='word_1_3' title='bbox 1753 391 2134 458; x_wconf 62' lang='lat' dir='ltr'><strong>nomnen</strong></span> <span class='ocrx_word' id='word_1_4' title='bbox 2171 397 2485 472; x_wconf 16' lang='lat' dir='ltr'><strong>,FlNETTI</strong></span> <span class='ocrx_word' id='word_1_5' title='bbox 2521 401 2942 463; x_wconf 48' lang='lat' dir='ltr'><strong>litterario,</strong></span> <span class='ocrx_word' id='word_1_6' title='bbox 3362 358 3363 361; x_wconf 4' lang='grc' dir='ltr'>γ</span> <span class='ocrx_word' id='word_1_7' title='bbox 3672 458 3677 462; x_wconf 79' lang='lat'><strong>.</strong></span> <span class='ocrx_word' id='word_1_8' title='bbox 3837 410 3920 478; x_wconf 60' lang='lat' dir='ltr'><strong>tu</strong></span> 
     </span>
    </p>
   </div>
   <div class='ocr_carea' id='block_1_2' title="bbox 696 508 3917 606">
    <p class='ocr_par' dir='ltr' id='par_1_2' title="bbox 696 508 3917 606">
     <span class='ocr_line' id='line_1_2' title="bbox 696 508 3917 606; baseline 0.003 -25"><span class='ocrx_word' id='word_1_9' title='bbox 696 533 784 582; x_wconf 83' lang='lat' dir='ltr'><strong>-ut</strong></span> <span class='ocrx_word' id='word_1_10' title='bbox 817 526 877 583; x_wconf 89' lang='lat' dir='ltr'><strong>et</strong></span> <span class='ocrx_word' id='word_1_11' title='bbox 915 518 1053 606; x_wconf 62' lang='lat' dir='ltr'><strong>ejus</strong></span> <span class='ocrx_word' id='word_1_12' title='bbox 1085 515 1317 579; x_wconf 86' lang='lat' dir='ltr'><strong>menda</strong></span> <span class='ocrx_word' id='word_1_13' title='bbox 1343 512 1756 592; x_wconf 86' lang='lat' dir='ltr'><strong>corrigerem,</strong></span> <span class='ocrx_word' id='word_1_14' title='bbox 1791 518 1876 586; x_wconf 87' lang='lat' dir='ltr'><strong>et,</strong></span> <span class='ocrx_word' id='word_1_15' title='bbox 1910 511 2018 573; x_wconf 88' lang='lat' dir='ltr'><strong>ubi</strong></span> <span class='ocrx_word' id='word_1_16' title='bbox 2051 515 2302 574; x_wconf 85' lang='lat' dir='ltr'><strong>deesset</strong></span> <span class='ocrx_word' id='word_1_17' title='bbox 2331 515 2606 594; x_wconf 63' lang='lat' dir='ltr'><strong>aliquid,</strong></span> <span class='ocrx_word' id='word_1_18' title='bbox 2638 508 3030 597; x_wconf 68' lang='lat' dir='ltr'><strong>srrpplerem.</strong></span> <span class='ocrx_word' id='word_1_19' title='bbox 3076 522 3143 583; x_wconf 88' lang='lat' dir='ltr'><strong>lu</strong></span> <span class='ocrx_word' id='word_1_20' title='bbox 3192 523 3273 592; x_wconf 83' lang='lat' dir='ltr'><strong>iis</strong></span> <span class='ocrx_word' id='word_1_21' title='bbox 3315 539 3483 597; x_wconf 84' lang='lat' dir='ltr'><strong>vero,</strong></span> <span class='ocrx_word' id='word_1_22' title='bbox 3518 515 3665 604; x_wconf 61' lang='lat' dir='ltr'><strong>quin</strong></span> <span class='ocrx_word' id='word_1_23' title='bbox 3707 543 3778 588; x_wconf 77' lang='lat' dir='ltr'><strong>ex</strong></span> <span class='ocrx_word' id='word_1_24' title='bbox 3811 530 3917 592; x_wconf 86' lang='lat' dir='ltr'><strong>alio</strong></span> 
     </span>
    </p>
   </div>
   <div class='ocr_carea' id='block_1_3' title="bbox 707 613 3915 703">
    <p class='ocr_par' dir='ltr' id='par_1_3' title="bbox 707 613 3915 703">
     <span class='ocr_line' id='line_1_3' title="bbox 707 613 3915 703; baseline 0.002 -22"><span class='ocrx_word' id='word_1_25' title='bbox 707 617 887 682; x_wconf 85' lang='lat' dir='ltr'><strong>fonte</strong></span> <span class='ocrx_word' id='word_1_26' title='bbox 928 618 1149 680; x_wconf 89' lang='lat' dir='ltr'><strong>hausta</strong></span> <span class='ocrx_word' id='word_1_27' title='bbox 1196 623 1374 689; x_wconf 90' lang='lat' dir='ltr'><strong>sunt,</strong></span> <span class='ocrx_word' id='word_1_28' title='bbox 1406 632 1548 676; x_wconf 88' lang='lat' dir='ltr'><strong>cum</strong></span> <span class='ocrx_word' id='word_1_29' title='bbox 1579 613 1907 675; x_wconf 79' lang='lat' dir='ltr'><strong>Sifani&#39;atto</strong></span> <span class='ocrx_word' id='word_1_30' title='bbox 1937 615 2431 690; x_wconf 75' lang='lat' dir='ltr'><strong>Commentario,</strong></span> <span class='ocrx_word' id='word_1_31' title='bbox 2464 626 2522 676; x_wconf 88' lang='lat' dir='ltr'><strong>et</strong></span> <span class='ocrx_word' id='word_1_32' title='bbox 2547 620 2911 698; x_wconf 55' lang='lat' dir='ltr'><strong>apogra‘pho</strong></span> <span class='ocrx_word' id='word_1_33' title='bbox 2941 622 3442 698; x_wconf 86' lang='lat' dir='ltr'><strong>Florentino,&#39;de</strong></span> <span class='ocrx_word' id='word_1_34' title='bbox 3474 642 3609 703; x_wconf 86' lang='lat' dir='ltr'><strong>quo</strong></span> <span class='ocrx_word' id='word_1_35' title='bbox 3633 625 3915 696; x_wconf 81' lang='lat' dir='ltr'><strong>inferius,</strong></span> 
     </span>
    </p>
   </div>
   <div class='ocr_carea' id='block_1_4' title="bbox 709 719 3919 800">
    <p class='ocr_par' dir='ltr' id='par_1_4' title="bbox 709 719 3919 800">
     <span class='ocr_line' id='line_1_4' title="bbox 709 719 3919 800; baseline 0 -12"><span class='ocrx_word' id='word_1_36' title='bbox 709 724 1008 788; x_wconf 89' lang='lat' dir='ltr'><strong>eumdem</strong></span> <span class='ocrx_word' id='word_1_37' title='bbox 1042 723 1110 783; x_wconf 89' lang='lat' dir='ltr'><strong>in</strong></span> <span class='ocrx_word' id='word_1_38' title='bbox 1150 719 1610 782; x_wconf 85' lang='lat' dir='ltr'><strong>finemcoutuli</strong></span> <span class='ocrx_word' id='word_1_39' title='bbox 1650 742 1664 778; x_wconf 90' lang='lat'><strong>:</strong></span> <span class='ocrx_word' id='word_1_40' title='bbox 1713 719 1893 797; x_wconf 87' lang='lat' dir='ltr'><strong>plura</strong></span> <span class='ocrx_word' id='word_1_41' title='bbox 1925 719 2099 780; x_wconf 88' lang='lat' dir='ltr'><strong>enim</strong></span> <span class='ocrx_word' id='word_1_42' title='bbox 2132 719 2411 800; x_wconf 81' lang='lat' dir='ltr'><strong>singulis</strong></span> <span class='ocrx_word' id='word_1_43' title='bbox 2449 720 2624 783; x_wconf 87' lang='lat' dir='ltr'><strong>hisce</strong></span> <span class='ocrx_word' id='word_1_44' title='bbox 2655 725 3131 788; x_wconf 87' lang='lat' dir='ltr'><strong>commentariis</strong></span> <span class='ocrx_word' id='word_1_45' title='bbox 3159 727 3527 792; x_wconf 85' lang='lat' dir='ltr'><strong>communia</strong></span> <span class='ocrx_word' id='word_1_46' title='bbox 3571 736 3747 799; x_wconf 87' lang='lat' dir='ltr'><strong>sunt,</strong></span> <span class='ocrx_word' id='word_1_47' title='bbox 3774 729 3919 789; x_wconf 76' lang='lat' dir='ltr'><strong>adeo</strong></span> 
     </span>
    </p>
   </div>
   <div class='ocr_carea' id='block_1_5' title="bbox 709 813 3923 910">
    <p class='ocr_par' dir='ltr' id='par_1_5' title="bbox 709 813 3923 910">
     <span class='ocr_line' id='line_1_5' title="bbox 709 813 3923 910; baseline -0.001 -20"><span class='ocrx_word' id='word_1_48' title='bbox 709 839 785 890; x_wconf 91' lang='lat' dir='ltr'><strong>ut-</strong></span> <span class='ocrx_word' id='word_1_49' title='bbox 803 826 971 889; x_wconf 91' lang='lat' dir='ltr'><strong>alius</strong></span> <span class='ocrx_word' id='word_1_50' title='bbox 1009 822 1087 888; x_wconf 69' lang='lat' dir='ltr'><strong>ex</strong></span> <span class='ocrx_word' id='word_1_51' title='bbox 1118 827 1243 889; x_wconf 90' lang='lat' dir='ltr'><strong>alio</strong></span> <span class='ocrx_word' id='word_1_52' title='bbox 1276 825 1601 886; x_wconf 88' lang='lat' dir='ltr'><strong>emendari</strong></span> <span class='ocrx_word' id='word_1_53' title='bbox 1633 826 2022 904; x_wconf 80' lang='lat' dir='ltr'><strong>quandoque</strong></span> <span class='ocrx_word' id='word_1_54' title='bbox 2058 813 2508 904; x_wconf 61' lang='lat' dir='ltr'><strong>possm-atque</strong></span> <span class='ocrx_word' id='word_1_55' title='bbox 2539 827 2854 906; x_wconf 88' lang='lat' dir='ltr'><strong>suppleri.</strong></span> <span class='ocrx_word' id='word_1_56' title='bbox 2887 828 3209 903; x_wconf 88' lang='lat' dir='ltr'><strong>Quantum</strong></span> <span class='ocrx_word' id='word_1_57' title='bbox 3246 829 3613 910; x_wconf 89' lang='lat' dir='ltr'><strong>hujusmodi</strong></span> <span class='ocrx_word' id='word_1_58' title='bbox 3647 828 3923 890; x_wconf 60' lang='lat' dir='ltr'><strong>collatioo.</strong></span> 
     </span>
    </p>
   </div>
   <div class='ocr_carea' id='block_1_6' title="bbox 710 917 3921 1011">
    <p class='ocr_par' dir='ltr' id='par_1_6' title="bbox 710 917 3921 1011">
     <span class='ocr_line' id='line_1_6' title="bbox 710 917 3921 1011; baseline 0 -22"><span class='ocrx_word' id='word_1_59' title='bbox 710 927 906 989; x_wconf 83' lang='lat' dir='ltr'><strong>nibus</strong></span> <span class='ocrx_word' id='word_1_60' title='bbox 938 927 1420 1000; x_wconf 90' lang='lat' dir='ltr'><strong>Commentarii,</strong></span> <span class='ocrx_word' id='word_1_61' title='bbox 1455 943 1586 1006; x_wconf 93' lang='lat' dir='ltr'><strong>quo</strong></span> <span class='ocrx_word' id='word_1_62' title='bbox 1621 928 1702 988; x_wconf 89' lang='lat' dir='ltr'><strong>de</strong></span> <span class='ocrx_word' id='word_1_63' title='bbox 1751 926 2004 1005; x_wconf 91' lang='lat' dir='ltr'><strong>loquor,</strong></span> <span class='ocrx_word' id='word_1_64' title='bbox 2063 933 2309 988; x_wconf 83' lang='lat' dir='ltr'><strong>textum</strong></span> <span class='ocrx_word' id='word_1_65' title='bbox 2349 942 2467 1004; x_wconf 88' lang='lat' dir='ltr'><strong>ego</strong></span> <span class='ocrx_word' id='word_1_66' title='bbox 2519 925 2919 1011; x_wconf 82' lang='lat' dir='ltr'><strong>perfecerim,</strong></span> <span class='ocrx_word' id='word_1_67' title='bbox 2952 917 3378 1008; x_wconf 65' lang='lat' dir='ltr'><strong>compertum,</strong></span> <span class='ocrx_word' id='word_1_68' title='bbox 3403 929 3921 1007; x_wconf 75' lang='lat' dir='ltr'><strong>exploratumque</strong></span> 
     </span>
    </p>
   </div>
   <div class='ocr_carea' id='block_1_7' title="bbox 669 1028 3921 1116">
    <p class='ocr_par' dir='ltr' id='par_1_7' title="bbox 669 1028 3921 1116">
     <span class='ocr_line' id='line_1_7' title="bbox 669 1028 3921 1116; baseline 0.001 -29"><span class='ocrx_word' id='word_1_69' title='bbox 669 1028 672 1030; x_wconf 74' lang='grc'><em>’</em></span> <span class='ocrx_word' id='word_1_70' title='bbox 703 1029 914 1090; x_wconf 88' lang='lat' dir='ltr'><strong>lector</strong></span> <span class='ocrx_word' id='word_1_71' title='bbox 969 1030 1253 1102; x_wconf 81' lang='lat' dir='ltr'><strong>habebit,</strong></span> <span class='ocrx_word' id='word_1_72' title='bbox 1289 1030 1344 1090; x_wconf 91' lang='lat' dir='ltr'><strong>si</strong></span> <span class='ocrx_word' id='word_1_73' title='bbox 1385 1029 1695 1104; x_wconf 84' lang='lat' dir='ltr'><strong>advertat,</strong></span> <span class='ocrx_word' id='word_1_74' title='bbox 1732 1029 1921 1091; x_wconf 86' lang='lat' dir='ltr'><strong>verba</strong></span> <span class='ocrx_word' id='word_1_75' title='bbox 1960 1047 1993 1090; x_wconf 86' lang='lat' dir='ltr'><strong>a</strong></span> <span class='ocrx_word' id='word_1_76' title='bbox 2022 1028 2126 1090; x_wconf 90' lang='lat' dir='ltr'><strong>me</strong></span> <span class='ocrx_word' id='word_1_77' title='bbox 2161 1046 2239 1090; x_wconf 78' lang='lat' dir='ltr'><strong>ex</strong></span> <span class='ocrx_word' id='word_1_78' title='bbox 2275 1030 2464 1091; x_wconf 86' lang='lat' dir='ltr'><strong>dictis</strong></span> <span class='ocrx_word' id='word_1_79' title='bbox 2507 1029 2796 1093; x_wconf 85' lang='lat' dir='ltr'><strong>fontibus</strong></span> <span class='ocrx_word' id='word_1_80' title='bbox 2831 1032 3250 1095; x_wconf 81' lang='lat' dir='ltr'><strong>addita-hisce</strong></span> <span class='ocrx_word' id='word_1_81' title='bbox 3287 1032 3494 1116; x_wconf 85' lang='lat' dir='ltr'><strong>signis</strong></span> <span class='ocrx_word' id='word_1_82' title='bbox 3534 1035 3555 1108; x_wconf 95' lang='lat'>[</span> <span class='ocrx_word' id='word_1_83' title='bbox 3637 1034 3653 1105; x_wconf 95' lang='lat'><strong>]</strong></span> <span class='ocrx_word' id='word_1_84' title='bbox 3690 1029 3921 1100; x_wconf 86' lang='lat' dir='ltr'><strong>inclusa</strong></span> 
     </span>
    </p>
   </div>
   <div class='ocr_carea' id='block_1_8' title="bbox 709 1130 3924 1213">
    <p class='ocr_par' dir='ltr' id='par_1_8' title="bbox 709 1130 3924 1213">
     <span class='ocr_line' id='line_1_8' title="bbox 709 1130 3924 1213; baseline 0.001 -25"><span class='ocrx_word' id='word_1_85' title='bbox 709 1145 876 1188; x_wconf 90' lang='lat' dir='ltr'><strong>esse.</strong></span> <span class='ocrx_word' id='word_1_86' title='bbox 927 1131 1018 1190; x_wconf 86' lang='lat' dir='ltr'><strong>Ad</strong></span> <span class='ocrx_word' id='word_1_87' title='bbox 1050 1130 1404 1207; x_wconf 79' lang='lat' dir='ltr'><strong>marginem</strong></span> <span class='ocrx_word' id='word_1_88' title='bbox 1444 1147 1594 1192; x_wconf 92' lang='lat' dir='ltr'><strong>vero</strong></span> <span class='ocrx_word' id='word_1_89' title='bbox 1626 1130 1949 1192; x_wconf 87' lang='lat' dir='ltr'><strong>lateralem</strong></span> <span class='ocrx_word' id='word_1_90' title='bbox 1982 1131 2289 1207; x_wconf 85' lang='lat' dir='ltr'><strong>ascriplas</strong></span> <span class='ocrx_word' id='word_1_91' title='bbox 2320 1132 2597 1210; x_wconf 82' lang='lat' dir='ltr'><strong>reperiet</strong></span> <span class='ocrx_word' id='word_1_92' title='bbox 2628 1135 2948 1196; x_wconf 79' lang='lat' dir='ltr'><strong>variantes</strong></span> <span class='ocrx_word' id='word_1_93' title='bbox 3001 1134 3363 1213; x_wconf 75' lang='lat' dir='ltr'><strong>lectiones,“</strong></span> <span class='ocrx_word' id='word_1_94' title='bbox 3385 1147 3514 1193; x_wconf 90' lang='lat' dir='ltr'><strong>non</strong></span> <span class='ocrx_word' id='word_1_95' title='bbox 3545 1139 3751 1193; x_wconf 85' lang='lat' dir='ltr'><strong>tamen</strong></span> <span class='ocrx_word' id='word_1_96' title='bbox 3795 1147 3924 1190; x_wconf 84' lang='lat' dir='ltr'><strong>om-</strong></span> 
     </span>
    </p>
   </div>
   <div class='ocr_carea' id='block_1_9' title="bbox 707 1231 3916 1314">
    <p class='ocr_par' dir='ltr' id='par_1_9' title="bbox 707 1231 3916 1314">
     <span class='ocr_line' id='line_1_9' title="bbox 707 1231 3916 1314; baseline -0.001 -23"><span class='ocrx_word' id='word_1_97' title='bbox 707 1249 864 1298; x_wconf 82' lang='lat' dir='ltr'><strong>nes;</strong></span> <span class='ocrx_word' id='word_1_98' title='bbox 898 1249 1042 1292; x_wconf 91' lang='lat' dir='ltr'><strong>cum</strong></span> <span class='ocrx_word' id='word_1_99' title='bbox 1077 1231 1482 1310; x_wconf 84' lang='lat' dir='ltr'><strong>superﬂuum</strong></span> <span class='ocrx_word' id='word_1_100' title='bbox 1511 1241 1572 1295; x_wconf 89' lang='lat' dir='ltr'><strong>et</strong></span> <span class='ocrx_word' id='word_1_101' title='bbox 1601 1233 1834 1295; x_wconf 80' lang='lat' dir='ltr'><strong>inutile</strong></span> <span class='ocrx_word' id='word_1_102' title='bbox 1858 1232 2066 1293; x_wconf 85' lang='lat' dir='ltr'><strong>visum</strong></span> <span class='ocrx_word' id='word_1_103' title='bbox 2103 1232 2259 1295; x_wconf 86' lang='lat' dir='ltr'><strong>mihi</strong></span> <span class='ocrx_word' id='word_1_104' title='bbox 2309 1234 2526 1308; x_wconf 86' lang='lat' dir='ltr'><strong>fuerit,</strong></span> <span class='ocrx_word' id='word_1_105' title='bbox 2575 1234 2833 1314; x_wconf 89' lang='lat' dir='ltr'><strong>quoties</strong></span> <span class='ocrx_word' id='word_1_106' title='bbox 2863 1234 3275 1310; x_wconf 85' lang='lat' dir='ltr'><strong>manifestum</strong></span> <span class='ocrx_word' id='word_1_107' title='bbox 3311 1233 3576 1313; x_wconf 81' lang='lat' dir='ltr'><strong>aliquod</strong></span> <span class='ocrx_word' id='word_1_108' title='bbox 3625 1232 3916 1291; x_wconf 84' lang='lat' dir='ltr'><strong>mendum</strong></span> 
     </span>
    </p>
   </div>
   <div class='ocr_carea' id='block_1_10' title="bbox 709 1330 3912 1420">
    <p class='ocr_par' dir='ltr' id='par_1_10' title="bbox 709 1330 3912 1420">
     <span class='ocr_line' id='line_1_10' title="bbox 709 1330 3912 1420; baseline -0.002 -26"><span class='ocrx_word' id='word_1_109' title='bbox 709 1333 1219 1420; x_wconf 72' lang='lat' dir='ltr'><strong>expungendum</strong></span> <span class='ocrx_word' id='word_1_110' title='bbox 1260 1333 1403 1407; x_wconf 89' lang='lat' dir='ltr'><strong>fuit,</strong></span> <span class='ocrx_word' id='word_1_111' title='bbox 1437 1334 1624 1396; x_wconf 79' lang='lat' dir='ltr'><strong>toties</strong></span> <span class='ocrx_word' id='word_1_112' title='bbox 1657 1342 1807 1395; x_wconf 83' lang='lat' dir='ltr'><strong>nota</strong></span> <span class='ocrx_word' id='word_1_113' title='bbox 1840 1334 2060 1414; x_wconf 35' lang='lat' dir='ltr'><strong>aliqua:</strong></span> <span class='ocrx_word' id='word_1_114' title='bbox 2091 1335 2419 1414; x_wconf 85' lang='lat' dir='ltr'><strong>marginali</strong></span> <span class='ocrx_word' id='word_1_115' title='bbox 2464 1338 2786 1398; x_wconf 88' lang='lat' dir='ltr'><strong>Lectorem</strong></span> <span class='ocrx_word' id='word_1_116' title='bbox 2820 1354 3100 1409; x_wconf 91' lang='lat' dir='ltr'><strong>monere,</strong></span> <span class='ocrx_word' id='word_1_117' title='bbox 3138 1345 3205 1398; x_wconf 90' lang='lat' dir='ltr'><strong>ut</strong></span> <span class='ocrx_word' id='word_1_118' title='bbox 3235 1335 3389 1397; x_wconf 89' lang='lat' dir='ltr'><strong>alias</strong></span> <span class='ocrx_word' id='word_1_119' title='bbox 3420 1334 3568 1395; x_wconf 87' lang='lat' dir='ltr'><strong>fecit</strong></span> <span class='ocrx_word' id='word_1_120' title='bbox 3615 1330 3912 1392; x_wconf 79' lang='lat' dir='ltr'><strong>Sifanus:</strong></span> 
     </span>
    </p>
   </div>
   <div class='ocr_carea' id='block_1_11' title="bbox 705 1432 3919 1515">
    <p class='ocr_par' dir='ltr' id='par_1_11' title="bbox 705 1432 3919 1515">
     <span class='ocr_line' id='line_1_11' title="bbox 705 1432 3919 1515; baseline -0.008 -2"><span class='ocrx_word' id='word_1_121' title='bbox 705 1435 788 1512; x_wconf 61' lang='grc'><strong>0³)</strong></span> <span class='ocrx_word' id='word_1_122' title='bbox 826 1452 1014 1512; x_wconf 66' lang='lat' dir='ltr'><strong>quam</strong></span> <span class='ocrx_word' id='word_1_123' title='bbox 1051 1432 1181 1496; x_wconf 59' lang='grc' dir='ltr'><strong>νοω</strong></span> <span class='ocrx_word' id='word_1_124' title='bbox 1217 1446 1425 1498; x_wconf 63' lang='lat' dir='ltr'><strong>tamen</strong></span> <span class='ocrx_word' id='word_1_125' title='bbox 1458 1453 1605 1496; x_wconf 80' lang='lat' dir='ltr'><strong>cum</strong></span> <span class='ocrx_word' id='word_1_126' title='bbox 1641 1435 2245 1514; x_wconf 83' lang='lat' dir='ltr'><strong>reprehendendum</strong></span> <span class='ocrx_word' id='word_1_127' title='bbox 2278 1453 2403 1497; x_wconf 87' lang='lat' dir='ltr'><strong>non</strong></span> <span class='ocrx_word' id='word_1_128' title='bbox 2436 1446 2613 1514; x_wconf 88' lang='lat' dir='ltr'><strong>puto,</strong></span> <span class='ocrx_word' id='word_1_129' title='bbox 2648 1457 2790 1498; x_wconf 78' lang='lat' dir='ltr'><strong>cum</strong></span> <span class='ocrx_word' id='word_1_130' title='bbox 2824 1444 2949 1499; x_wconf 85' lang='lat' dir='ltr'><strong>non</strong></span> <span class='ocrx_word' id='word_1_131' title='bbox 2975 1440 3048 1500; x_wconf 85' lang='lat' dir='ltr'><strong>ad</strong></span> <span class='ocrx_word' id='word_1_132' title='bbox 3078 1438 3477 1515; x_wconf 78' lang='lat' dir='ltr'><strong>diligentiam</strong></span> <span class='ocrx_word' id='word_1_133' title='bbox 3506 1435 3604 1496; x_wconf 85' lang='lat' dir='ltr'><strong>vel</strong></span> <span class='ocrx_word' id='word_1_134' title='bbox 3641 1433 3919 1512; x_wconf 84' lang='lat' dir='ltr'><strong>peritiam</strong></span> 
     </span>
    </p>
   </div>
   <div class='ocr_carea' id='block_1_12' title="bbox 705 1528 3921 1616">
    <p class='ocr_par' dir='ltr' id='par_1_12' title="bbox 705 1528 3921 1616">
     <span class='ocr_line' id='line_1_12' title="bbox 705 1528 3921 1616; baseline -0.001 -24"><span class='ocrx_word' id='word_1_135' title='bbox 705 1549 886 1594; x_wconf 91' lang='lat' dir='ltr'><strong>suam</strong></span> <span class='ocrx_word' id='word_1_136' title='bbox 938 1537 1408 1610; x_wconf 77' lang='lat' dir='ltr'><strong>ostentandam,</strong></span> <span class='ocrx_word' id='word_1_137' title='bbox 1455 1537 1567 1598; x_wconf 76' lang='lat' dir='ltr'><strong>Sed</strong></span> <span class='ocrx_word' id='word_1_138' title='bbox 1615 1538 1690 1598; x_wconf 87' lang='lat' dir='ltr'><strong>ad</strong></span> <span class='ocrx_word' id='word_1_139' title='bbox 1729 1529 1984 1599; x_wconf 86' lang='lat' dir='ltr'><strong>omnem</strong></span> <span class='ocrx_word' id='word_1_140' title='bbox 2039 1537 2431 1598; x_wconf 85' lang='lat' dir='ltr'><strong>inﬁdelitatis</strong></span> <span class='ocrx_word' id='word_1_141' title='bbox 2484 1539 2896 1601; x_wconf 84' lang='lat' dir='ltr'><strong>aiuovendam</strong></span> <span class='ocrx_word' id='word_1_142' title='bbox 2933 1538 3366 1616; x_wconf 65' lang='lat' dir='ltr'><strong>suspicionem</strong></span> <span class='ocrx_word' id='word_1_143' title='bbox 3413 1536 3475 1597; x_wconf 94' lang='lat' dir='ltr'><strong>id</strong></span> <span class='ocrx_word' id='word_1_144' title='bbox 3509 1528 3921 1613; x_wconf 24' lang='lat' dir='ltr'><strong>egisse‘facile</strong></span> 
     </span>
    </p>
   </div>
   <div class='ocr_carea' id='block_1_13' title="bbox 703 1636 980 1699">
    <p class='ocr_par' dir='ltr' id='par_1_13' title="bbox 703 1636 980 1699">
     <span class='ocr_line' id='line_1_13' title="bbox 703 1636 980 1699; baseline 0.007 -3"><span class='ocrx_word' id='word_1_145' title='bbox 703 1636 980 1699; x_wconf 86' lang='lat' dir='ltr'><strong>credam.</strong></span> 
     </span>
    </p>
   </div>
   <div class='ocr_carea' id='block_1_14' title="bbox 707 1757 3920 1849">
    <p class='ocr_par' dir='ltr' id='par_1_14' title="bbox 707 1757 3920 1849">
     <span class='ocr_line' id='line_1_14' title="bbox 707 1757 3920 1849; baseline 0.004 -25"><span class='ocrx_word' id='word_1_146' title='bbox 707 1788 710 1790; x_wconf 90' lang='grc'><strong>·</strong></span> <span class='ocrx_word' id='word_1_147' title='bbox 790 1764 899 1824; x_wconf 87' lang='lat' dir='ltr'><strong>Vl.</strong></span> <span class='ocrx_word' id='word_1_148' title='bbox 931 1765 1119 1825; x_wconf 78' lang='lat' dir='ltr'><strong>Hunc</strong></span> <span class='ocrx_word' id='word_1_149' title='bbox 1150 1765 1522 1828; x_wconf 79' lang='lat' dir='ltr'><strong>conferendi</strong></span> <span class='ocrx_word' id='word_1_150' title='bbox 1565 1766 1871 1840; x_wconf 79' lang='lat' dir='ltr'><strong>laborem,</strong></span> <span class='ocrx_word' id='word_1_151' title='bbox 1911 1766 2301 1846; x_wconf 79' lang='lat' dir='ltr'><strong>exemplaris</strong></span> <span class='ocrx_word' id='word_1_152' title='bbox 2336 1769 2723 1830; x_wconf 83' lang='lat' dir='ltr'><strong>emendandi</strong></span> <span class='ocrx_word' id='word_1_153' title='bbox 2757 1767 3190 1849; x_wconf 68' lang='lat' dir='ltr'><strong>suppl’cndive</strong></span> <span class='ocrx_word' id='word_1_154' title='bbox 3218 1783 3430 1838; x_wconf 69' lang='lat' dir='ltr'><strong>causa.</strong></span> <span class='ocrx_word' id='word_1_155' title='bbox 3464 1780 3590 1830; x_wconf 76' lang='grc' dir='ltr'>ῐιοιι</span> <span class='ocrx_word' id='word_1_156' title='bbox 3628 1761 3840 1822; x_wconf 76' lang='grc' dir='ltr'><strong>50¹υω</strong></span> <span class='ocrx_word' id='word_1_157' title='bbox 3868 1757 3920 1816; x_wconf 74' lang='grc' dir='ltr'><strong>ίτ¹</strong></span> 
     </span>
    </p>
   </div>
   <div class='ocr_carea' id='block_1_15' title="bbox 706 1859 3923 1952">
    <p class='ocr_par' dir='ltr' id='par_1_15' title="bbox 706 1859 3923 1952">
     <span class='ocr_line' id='line_1_15' title="bbox 706 1859 3923 1952; baseline -0.002 -26"><span class='ocrx_word' id='word_1_158' title='bbox 706 1866 1061 1943; x_wconf 84' lang='lat' dir='ltr'><strong>prioribus,</strong></span> <span class='ocrx_word' id='word_1_159' title='bbox 1105 1859 1328 1946; x_wconf 53' lang='lat' dir='ltr'><strong>ut&#39;jam</strong></span> <span class='ocrx_word' id='word_1_160' title='bbox 1365 1869 1578 1942; x_wconf 90' lang='lat' dir='ltr'><strong>innui,</strong></span> <span class='ocrx_word' id='word_1_161' title='bbox 1622 1870 1965 1948; x_wconf 85' lang='lat' dir='ltr'><strong>capitibus,</strong></span> <span class='ocrx_word' id='word_1_162' title='bbox 1999 1875 2108 1933; x_wconf 92' lang='lat' dir='ltr'><strong>sed</strong></span> <span class='ocrx_word' id='word_1_163' title='bbox 2139 1873 2200 1933; x_wconf 90' lang='lat' dir='ltr'><strong>iu</strong></span> <span class='ocrx_word' id='word_1_164' title='bbox 2237 1873 2520 1952; x_wconf 86' lang='lat' dir='ltr'><strong>qualibet</strong></span> <span class='ocrx_word' id='word_1_165' title='bbox 2553 1874 2786 1950; x_wconf 31' lang='lat' dir='ltr'><strong>ipsiusr</strong></span> <span class='ocrx_word' id='word_1_166' title='bbox 2808 1880 2980 1952; x_wconf 84' lang='lat' dir='ltr'><strong>parte</strong></span> <span class='ocrx_word' id='word_1_167' title='bbox 3015 1873 3255 1936; x_wconf 87' lang='lat' dir='ltr'><strong>subivi.</strong></span> <span class='ocrx_word' id='word_1_168' title='bbox 3307 1871 3808 1948; x_wconf 60' lang='lat' dir='ltr'><strong>Chrysostomus</strong></span> <span class='ocrx_word' id='word_1_169' title='bbox 3844 1871 3923 1921; x_wconf 87' lang='lat' dir='ltr'><strong>ta-</strong></span> 
     </span>
    </p>
   </div>
   <div class='ocr_carea' id='block_1_16' title="bbox 710 1957 3926 2057">
    <p class='ocr_par' dir='ltr' id='par_1_16' title="bbox 710 1957 3926 2057">
     <span class='ocr_line' id='line_1_16' title="bbox 710 1957 3926 2057; baseline -0 -33"><span class='ocrx_word' id='word_1_170' title='bbox 710 1983 851 2026; x_wconf 88' lang='lat' dir='ltr'><strong>men</strong></span> <span class='ocrx_word' id='word_1_171' title='bbox 889 1983 1016 2028; x_wconf 90' lang='lat' dir='ltr'><strong>non</strong></span> <span class='ocrx_word' id='word_1_172' title='bbox 1043 1966 1132 2048; x_wconf 88' lang='lat' dir='ltr'><strong>ita</strong></span> <span class='ocrx_word' id='word_1_173' title='bbox 1162 1957 1535 2044; x_wconf 85' lang='lat' dir='ltr'><strong>frequenter</strong></span> <span class='ocrx_word' id='word_1_174' title='bbox 1565 1968 1938 2057; x_wconf 20' lang='lat' dir='ltr'><strong>adire‘opus</strong></span> <span class='ocrx_word' id='word_1_175' title='bbox 1973 1971 2128 2030; x_wconf 89' lang='lat' dir='ltr'><strong>mihi</strong></span> <span class='ocrx_word' id='word_1_176' title='bbox 2162 1971 2308 2044; x_wconf 87' lang='lat' dir='ltr'><strong>fuit,</strong></span> <span class='ocrx_word' id='word_1_177' title='bbox 2344 1991 2486 2034; x_wconf 90' lang='lat' dir='ltr'><strong>cum</strong></span> <span class='ocrx_word' id='word_1_178' title='bbox 2513 1990 2546 2033; x_wconf 88' lang='lat' dir='ltr'><strong>a</strong></span> <span class='ocrx_word' id='word_1_179' title='bbox 2579 1975 2791 2034; x_wconf 86' lang='lat' dir='ltr'><strong>medio</strong></span> <span class='ocrx_word' id='word_1_180' title='bbox 2827 1975 3082 2034; x_wconf 82' lang='lat' dir='ltr'><strong>circiter</strong></span> <span class='ocrx_word' id='word_1_181' title='bbox 3114 1973 3386 2050; x_wconf 82' lang='lat' dir='ltr'><strong>septimo</strong></span> <span class='ocrx_word' id='word_1_182' title='bbox 3419 1970 3626 2046; x_wconf 77' lang='lat' dir='ltr'><strong>capite</strong></span> <span class='ocrx_word' id='word_1_183' title='bbox 3664 1985 3694 2026; x_wconf 90' lang='lat' dir='ltr'><strong>a</strong></span> <span class='ocrx_word' id='word_1_184' title='bbox 3741 1965 3926 2045; x_wconf 65' lang='lat' dir='ltr'><strong>Chry-</strong></span> 
     </span>
    </p>
   </div>
   <div class='ocr_carea' id='block_1_17' title="bbox 707 2062 3924 2152">
    <p class='ocr_par' dir='ltr' id='par_1_17' title="bbox 707 2062 3924 2152">
     <span class='ocr_line' id='line_1_17' title="bbox 707 2062 3924 2152; baseline -0.002 -26"><span class='ocrx_word' id='word_1_185' title='bbox 707 2073 993 2126; x_wconf 86' lang='lat' dir='ltr'><strong>sostomo</strong></span> <span class='ocrx_word' id='word_1_186' title='bbox 1029 2065 1227 2145; x_wconf 84' lang='lat' dir='ltr'><strong>magis</strong></span> <span class='ocrx_word' id='word_1_187' title='bbox 1268 2067 1628 2140; x_wconf 85' lang='lat' dir='ltr'><strong>discedere,</strong></span> <span class='ocrx_word' id='word_1_188' title='bbox 1661 2075 1723 2146; x_wconf 72' lang='lat' dir='ltr'><strong>et</strong></span> <span class='ocrx_word' id='word_1_189' title='bbox 1761 2068 2233 2132; x_wconf 89' lang='lat' dir='ltr'><strong>Commentario</strong></span> <span class='ocrx_word' id='word_1_190' title='bbox 2289 2073 2349 2132; x_wconf 90' lang='lat' dir='ltr'><strong>in</strong></span> <span class='ocrx_word' id='word_1_191' title='bbox 2387 2075 2534 2134; x_wconf 72' lang='lat' dir='ltr'><strong>Acta</strong></span> <span class='ocrx_word' id='word_1_192' title='bbox 2570 2075 3007 2152; x_wconf 84' lang='lat' dir='ltr'><strong>apostolorum</strong></span> <span class='ocrx_word' id='word_1_193' title='bbox 3057 2073 3177 2133; x_wconf 88' lang='lat' dir='ltr'><strong>sub</strong></span> <span class='ocrx_word' id='word_1_194' title='bbox 3225 2070 3484 2132; x_wconf 89' lang='lat' dir='ltr'><strong>nomine</strong></span> <span class='ocrx_word' id='word_1_195' title='bbox 3553 2062 3924 2129; x_wconf 74' lang='lat' dir='ltr'><strong>OEcumeuii</strong></span> 
     </span>
    </p>
   </div>
   <div class='ocr_carea' id='block_1_18' title="bbox 698 2165 3924 2263">
    <p class='ocr_par' dir='ltr' id='par_1_18' title="bbox 698 2165 3924 2263">
     <span class='ocr_line' id='line_1_18' title="bbox 698 2165 3924 2263; baseline -0.001 -38"><span class='ocrx_word' id='word_1_196' title='bbox 698 2183 831 2263; x_wconf 67' lang='lat' dir='ltr'><strong>jam</strong></span> <span class='ocrx_word' id='word_1_197' title='bbox 866 2167 1109 2229; x_wconf 91' lang='lat' dir='ltr'><strong>dudum</strong></span> <span class='ocrx_word' id='word_1_198' title='bbox 1147 2171 1402 2248; x_wconf 90' lang='lat' dir='ltr'><strong>vulgato</strong></span> <span class='ocrx_word' id='word_1_199' title='bbox 1435 2170 1512 2230; x_wconf 90' lang='lat' dir='ltr'><strong>ad</strong></span> <span class='ocrx_word' id='word_1_200' title='bbox 1545 2171 1865 2254; x_wconf 81' lang='lat' dir='ltr'><strong>amussim</strong></span> <span class='ocrx_word' id='word_1_201' title='bbox 1893 2172 2024 2230; x_wconf 84' lang='lat' dir='ltr'><strong>fere</strong></span> <span class='ocrx_word' id='word_1_202' title='bbox 2059 2165 2402 2246; x_wconf 81' lang='lat' dir='ltr'><strong>convenire</strong></span> <span class='ocrx_word' id='word_1_203' title='bbox 2428 2175 2988 2253; x_wconf 77' lang='lat' dir='ltr'><strong>deprehenderim.</strong></span> <span class='ocrx_word' id='word_1_204' title='bbox 3039 2169 3130 2234; x_wconf 82' lang='lat' dir='ltr'><strong>En</strong></span> <span class='ocrx_word' id='word_1_205' title='bbox 3157 2183 3363 2234; x_wconf 86' lang='lat' dir='ltr'><strong>tamen</strong></span> <span class='ocrx_word' id='word_1_206' title='bbox 3407 2168 3612 2230; x_wconf 89' lang='lat' dir='ltr'><strong>multo</strong></span> <span class='ocrx_word' id='word_1_207' title='bbox 3647 2173 3744 2226; x_wconf 80' lang='lat' dir='ltr'><strong>est</strong></span> <span class='ocrx_word' id='word_1_208' title='bbox 3793 2166 3924 2225; x_wconf 87' lang='lat' dir='ltr'><strong>bre-</strong></span> 
     </span>
    </p>
   </div>
   <div class='ocr_carea' id='block_1_19' title="bbox 706 2263 3925 2351">
    <p class='ocr_par' dir='ltr' id='par_1_19' title="bbox 706 2263 3925 2351">
     <span class='ocr_line' id='line_1_19' title="bbox 706 2263 3925 2351; baseline -0.002 -25"><span class='ocrx_word' id='word_1_209' title='bbox 706 2265 868 2342; x_wconf 88' lang='lat' dir='ltr'><strong>vior,</strong></span> <span class='ocrx_word' id='word_1_210' title='bbox 903 2268 1055 2345; x_wconf 87' lang='lat' dir='ltr'><strong>quia</strong></span> <span class='ocrx_word' id='word_1_211' title='bbox 1107 2263 1322 2348; x_wconf 87' lang='lat' dir='ltr'><strong>plures</strong></span> <span class='ocrx_word' id='word_1_212' title='bbox 1357 2269 1813 2348; x_wconf 80' lang='lat' dir='ltr'><strong>longioresque</strong></span> <span class='ocrx_word' id='word_1_213' title='bbox 1847 2269 1911 2330; x_wconf 93' lang='lat' dir='ltr'><strong>in</strong></span> <span class='ocrx_word' id='word_1_214' title='bbox 1948 2269 2056 2328; x_wconf 89' lang='lat' dir='ltr'><strong>illo</strong></span> <span class='ocrx_word' id='word_1_215' title='bbox 2096 2277 2423 2333; x_wconf 89' lang='lat' dir='ltr'><strong>contentas</strong></span> <span class='ocrx_word' id='word_1_216' title='bbox 2461 2273 2925 2351; x_wconf 72' lang='lat' dir='ltr'><strong>EXPOSillODCS,</strong></span> <span class='ocrx_word' id='word_1_217' title='bbox 2969 2289 3112 2350; x_wconf 70' lang='lat' dir='ltr'><strong>quae</strong></span> <span class='ocrx_word' id='word_1_218' title='bbox 3157 2267 3426 2330; x_wconf 84' lang='lat' dir='ltr'><strong>fortasse</strong></span> <span class='ocrx_word' id='word_1_219' title='bbox 3474 2282 3645 2326; x_wconf 84' lang='lat' dir='ltr'><strong>mera</strong></span> <span class='ocrx_word' id='word_1_220' title='bbox 3689 2263 3925 2324; x_wconf 79' lang='lat' dir='ltr'><strong>addita-</strong></span> 
     </span>
    </p>
   </div>
   <div class='ocr_carea' id='block_1_20' title="bbox 703 2363 3928 2450">
    <p class='ocr_par' dir='ltr' id='par_1_20' title="bbox 703 2363 3928 2450">
     <span class='ocr_line' id='line_1_20' title="bbox 703 2363 3928 2450; baseline -0.003 -22"><span class='ocrx_word' id='word_1_221' title='bbox 703 2376 916 2428; x_wconf 88' lang='lat' dir='ltr'><strong>menta</strong></span> <span class='ocrx_word' id='word_1_222' title='bbox 950 2376 1123 2442; x_wconf 91' lang='lat' dir='ltr'><strong>sunt,</strong></span> <span class='ocrx_word' id='word_1_223' title='bbox 1164 2371 1605 2448; x_wconf 65' lang='lat' dir='ltr'><strong>praetermittit.</strong></span> <span class='ocrx_word' id='word_1_224' title='bbox 1643 2371 1762 2432; x_wconf 86' lang='lat' dir='ltr'><strong>Sed</strong></span> <span class='ocrx_word' id='word_1_225' title='bbox 1799 2387 1895 2430; x_wconf 91' lang='lat' dir='ltr'><strong>me</strong></span> <span class='ocrx_word' id='word_1_226' title='bbox 1926 2370 2195 2432; x_wconf 83' lang='lat' dir='ltr'><strong>fortasse</strong></span> <span class='ocrx_word' id='word_1_227' title='bbox 2229 2370 2329 2432; x_wconf 89' lang='lat' dir='ltr'><strong>hic</strong></span> <span class='ocrx_word' id='word_1_228' title='bbox 2361 2372 2704 2450; x_wconf 84' lang='lat' dir='ltr'><strong>quisquam</strong></span> <span class='ocrx_word' id='word_1_229' title='bbox 2743 2370 3176 2447; x_wconf 90' lang='lat' dir='ltr'><strong>interpellabit</strong></span> <span class='ocrx_word' id='word_1_230' title='bbox 3210 2384 3439 2446; x_wconf 83' lang='lat' dir='ltr'><strong>rogans</strong></span> <span class='ocrx_word' id='word_1_231' title='bbox 3475 2388 3497 2428; x_wconf 75' lang='grc' dir='ltr'><strong>ε,</strong></span> <span class='ocrx_word' id='word_1_232' title='bbox 3523 2368 3707 2426; x_wconf 83' lang='lat' dir='ltr'><strong>Tune</strong></span> <span class='ocrx_word' id='word_1_233' title='bbox 3749 2363 3928 2440; x_wconf 84' lang='lat' dir='ltr'><strong>igitur</strong></span> 
     </span>
    </p>
   </div>
   <div class='ocr_carea' id='block_1_21' title="bbox 701 2462 3926 2546">
    <p class='ocr_par' dir='ltr' id='par_1_21' title="bbox 701 2462 3926 2546">
     <span class='ocr_line' id='line_1_21' title="bbox 701 2462 3926 2546; baseline -0.001 -20"><span class='ocrx_word' id='word_1_234' title='bbox 701 2467 1081 2528; x_wconf 74' lang='lat' dir='ltr'><strong>OEcumeuii</strong></span> <span class='ocrx_word' id='word_1_235' title='bbox 1141 2468 1684 2529; x_wconf 85' lang='lat' dir='ltr'><strong>Commentarium</strong></span> <span class='ocrx_word' id='word_1_236' title='bbox 1733 2468 1799 2528; x_wconf 92' lang='lat' dir='ltr'><strong>in</strong></span> <span class='ocrx_word' id='word_1_237' title='bbox 1842 2467 2305 2546; x_wconf 79' lang='lat' dir='ltr'><strong>&#39;I‘heOphylacti</strong></span> <span class='ocrx_word' id='word_1_238' title='bbox 2356 2467 2644 2531; x_wconf 88' lang='lat' dir='ltr'><strong>editione</strong></span> <span class='ocrx_word' id='word_1_239' title='bbox 2696 2468 2882 2541; x_wconf 85' lang='lat' dir='ltr'><strong>nobis</strong></span> <span class='ocrx_word' id='word_1_240' title='bbox 2931 2467 3249 2536; x_wconf 77' lang='lat' dir='ltr'><strong>exhibes?</strong></span> <span class='ocrx_word' id='word_1_241' title='bbox 3287 2465 3555 2525; x_wconf 78' lang='lat' dir='ltr'><strong>Minime</strong></span> <span class='ocrx_word' id='word_1_242' title='bbox 3603 2479 3776 2530; x_wconf 78' lang='lat' dir='ltr'><strong>veto.</strong></span> <span class='ocrx_word' id='word_1_243' title='bbox 3817 2462 3926 2520; x_wconf 77' lang='lat' dir='ltr'><strong>Sed</strong></span> 
     </span>
    </p>
   </div>
   <div class='ocr_carea' id='block_1_22' title="bbox 703 2562 3927 2651">
    <p class='ocr_par' dir='ltr' id='par_1_22' title="bbox 703 2562 3927 2651">
     <span class='ocr_line' id='line_1_22' title="bbox 703 2562 3927 2651; baseline -0.002 -24"><span class='ocrx_word' id='word_1_244' title='bbox 703 2566 1248 2651; x_wconf 86' lang='lat' dir='ltr'><strong>Commentarium</strong></span> <span class='ocrx_word' id='word_1_245' title='bbox 1281 2566 1762 2645; x_wconf 83' lang='lat' dir='ltr'><strong>&#39;l‘heOphylacto</strong></span> <span class='ocrx_word' id='word_1_246' title='bbox 1787 2576 2104 2644; x_wconf 86' lang='lat' dir='ltr'><strong>ereptum,</strong></span> <span class='ocrx_word' id='word_1_247' title='bbox 2143 2569 2443 2628; x_wconf 78' lang='lat' dir='ltr'><strong>Vaticano</strong></span> <span class='ocrx_word' id='word_1_248' title='bbox 2472 2568 2689 2629; x_wconf 84' lang='lat' dir='ltr'><strong>codice</strong></span> <span class='ocrx_word' id='word_1_249' title='bbox 2721 2569 3104 2629; x_wconf 88' lang='lat' dir='ltr'><strong>sententiam</strong></span> <span class='ocrx_word' id='word_1_250' title='bbox 3138 2582 3249 2644; x_wconf 88' lang='lat' dir='ltr'><strong>pro</strong></span> <span class='ocrx_word' id='word_1_251' title='bbox 3284 2565 3396 2625; x_wconf 84' lang='lat' dir='ltr'><strong>illo</strong></span> <span class='ocrx_word' id='word_1_252' title='bbox 3430 2563 3698 2632; x_wconf 80' lang='lat' dir='ltr'><strong>ferente,</strong></span> <span class='ocrx_word' id='word_1_253' title='bbox 3729 2562 3927 2622; x_wconf 75' lang='lat' dir='ltr'><strong>eidem</strong></span> 
     </span>
    </p>
   </div>
   <div class='ocr_carea' id='block_1_23' title="bbox 706 2660 3928 2744">
    <p class='ocr_par' dir='ltr' id='par_1_23' title="bbox 706 2660 3928 2744">
     <span class='ocr_line' id='line_1_23' title="bbox 706 2660 3928 2744; baseline -0.002 -18"><span class='ocrx_word' id='word_1_254' title='bbox 706 2664 1188 2744; x_wconf 83' lang='lat' dir='ltr'><strong>TheOphylacto</strong></span> <span class='ocrx_word' id='word_1_255' title='bbox 1220 2664 1727 2744; x_wconf 81' lang='lat' dir='ltr'><strong>restituo;.quod</strong></span> <span class='ocrx_word' id='word_1_256' title='bbox 1783 2664 1846 2724; x_wconf 87' lang='lat' dir='ltr'><strong>in</strong></span> <span class='ocrx_word' id='word_1_257' title='bbox 1881 2665 2009 2726; x_wconf 88' lang='lat' dir='ltr'><strong>alio</strong></span> <span class='ocrx_word' id='word_1_258' title='bbox 2041 2666 2328 2744; x_wconf 81' lang='lat' dir='ltr'><strong>ejusdem</strong></span> <span class='ocrx_word' id='word_1_259' title='bbox 2361 2666 2822 2726; x_wconf 74' lang='lat' dir='ltr'><strong>conmentario</strong></span> <span class='ocrx_word' id='word_1_260' title='bbox 2870 2664 3137 2743; x_wconf 82' lang='lat' dir='ltr'><strong>contigit</strong></span> <span class='ocrx_word' id='word_1_261' title='bbox 3176 2660 3282 2741; x_wconf 80' lang='grc' dir='ltr'><strong>(α).</strong></span> <span class='ocrx_word' id='word_1_262' title='bbox 3332 2665 3555 2737; x_wconf 84' lang='lat' dir='ltr'><strong>Neque</strong></span> <span class='ocrx_word' id='word_1_263' title='bbox 3595 2661 3928 2738; x_wconf 82' lang='lat' dir='ltr'><strong>quisquam</strong></span> 
     </span>
    </p>
   </div>
   <div class='ocr_carea' id='block_1_24' title="bbox 707 2761 3930 2848">
    <p class='ocr_par' dir='ltr' id='par_1_24' title="bbox 707 2761 3930 2848">
     <span class='ocr_line' id='line_1_24' title="bbox 707 2761 3930 2848; baseline -0.002 -20"><span class='ocrx_word' id='word_1_264' title='bbox 707 2766 814 2828; x_wconf 88' lang='lat' dir='ltr'><strong>hic</strong></span> <span class='ocrx_word' id='word_1_265' title='bbox 842 2765 996 2828; x_wconf 88' lang='lat' dir='ltr'><strong>mihi</strong></span> <span class='ocrx_word' id='word_1_266' title='bbox 1032 2769 1458 2831; x_wconf 89' lang='lat' dir='ltr'><strong>ducentorum</strong></span> <span class='ocrx_word' id='word_1_267' title='bbox 1490 2761 1742 2829; x_wconf 85' lang='lat' dir='ltr'><strong>circiter</strong></span> <span class='ocrx_word' id='word_1_268' title='bbox 1768 2785 2081 2829; x_wconf 86' lang='lat' dir='ltr'><strong>annorum</strong></span> <span class='ocrx_word' id='word_1_269' title='bbox 2117 2769 2591 2846; x_wconf 90' lang='lat' dir='ltr'><strong>possessionem</strong></span> <span class='ocrx_word' id='word_1_270' title='bbox 2625 2787 2740 2848; x_wconf 91' lang='lat' dir='ltr'><strong>pro</strong></span> <span class='ocrx_word' id='word_1_271' title='bbox 2770 2767 3171 2848; x_wconf 79' lang='lat' dir='ltr'><strong>OEcumenio</strong></span> <span class='ocrx_word' id='word_1_272' title='bbox 3202 2767 3516 2827; x_wconf 91' lang='lat' dir='ltr'><strong>obtrudat.</strong></span> <span class='ocrx_word' id='word_1_273' title='bbox 3549 2770 3700 2828; x_wconf 84' lang='lat' dir='ltr'><strong>Nam</strong></span> <span class='ocrx_word' id='word_1_274' title='bbox 3732 2781 3930 2840; x_wconf 86' lang='lat' dir='ltr'><strong>prom-</strong></span> 
     </span>
    </p>
   </div>
   <div class='ocr_carea' id='block_1_25' title="bbox 708 2867 3929 2950">
    <p class='ocr_par' dir='ltr' id='par_1_25' title="bbox 708 2867 3929 2950">
     <span class='ocr_line' id='line_1_25' title="bbox 708 2867 3929 2950; baseline -0.002 -21"><span class='ocrx_word' id='word_1_275' title='bbox 708 2875 883 2944; x_wconf 85' lang='lat' dir='ltr'><strong>ptum</strong></span> <span class='ocrx_word' id='word_1_276' title='bbox 919 2878 1015 2931; x_wconf 90' lang='lat' dir='ltr'><strong>est</strong></span> <span class='ocrx_word' id='word_1_277' title='bbox 1049 2887 1371 2950; x_wconf 83' lang='lat' dir='ltr'><strong>regerere,</strong></span> <span class='ocrx_word' id='word_1_278' title='bbox 1406 2884 1546 2947; x_wconf 83' lang='lat' dir='ltr'><strong>eam</strong></span> <span class='ocrx_word' id='word_1_279' title='bbox 1578 2870 1842 2948; x_wconf 89' lang='lat' dir='ltr'><strong>quidem</strong></span> <span class='ocrx_word' id='word_1_280' title='bbox 1883 2871 1956 2931; x_wconf 85' lang='lat' dir='ltr'><strong>ad</strong></span> <span class='ocrx_word' id='word_1_281' title='bbox 1986 2872 2129 2931; x_wconf 90' lang='lat' dir='ltr'><strong>lites</strong></span> <span class='ocrx_word' id='word_1_282' title='bbox 2160 2872 2237 2931; x_wconf 93' lang='lat' dir='ltr'><strong>de</strong></span> <span class='ocrx_word' id='word_1_283' title='bbox 2274 2870 2652 2947; x_wconf 66' lang='lat' dir='ltr'><strong>praediorum</strong></span> <span class='ocrx_word' id='word_1_284' title='bbox 2688 2867 3118 2948; x_wconf 81' lang='lat' dir='ltr'><strong>possessione,</strong></span> <span class='ocrx_word' id='word_1_285' title='bbox 3155 2885 3280 2928; x_wconf 88' lang='lat' dir='ltr'><strong>non</strong></span> <span class='ocrx_word' id='word_1_286' title='bbox 3311 2885 3462 2928; x_wconf 83' lang='lat' dir='ltr'><strong>vero</strong></span> <span class='ocrx_word' id='word_1_287' title='bbox 3487 2869 3565 2929; x_wconf 91' lang='lat' dir='ltr'><strong>de</strong></span> <span class='ocrx_word' id='word_1_288' title='bbox 3609 2876 3929 2926; x_wconf 86' lang='lat' dir='ltr'><strong>auctorum</strong></span> 
     </span>
    </p>
   </div>
   <div class='ocr_carea' id='block_1_26' title="bbox 703 2950 3931 3050">
    <p class='ocr_par' dir='ltr' id='par_1_26' title="bbox 703 2950 3931 3050">
     <span class='ocr_line' id='line_1_26' title="bbox 703 2950 3931 3050; baseline -0.001 -24"><span class='ocrx_word' id='word_1_289' title='bbox 703 2968 1123 3044; x_wconf 85' lang='lat' dir='ltr'><strong>germanitate</strong></span> <span class='ocrx_word' id='word_1_290' title='bbox 1154 2967 1554 3050; x_wconf 79' lang='lat' dir='ltr'><strong>dirimendas</strong></span> <span class='ocrx_word' id='word_1_291' title='bbox 1585 2967 1822 3029; x_wconf 83' lang='lat' dir='ltr'><strong>valere.</strong></span> <span class='ocrx_word' id='word_1_292' title='bbox 1858 2968 1922 3027; x_wconf 91' lang='lat' dir='ltr'><strong>Si</strong></span> <span class='ocrx_word' id='word_1_293' title='bbox 1982 2968 2151 3028; x_wconf 89' lang='lat' dir='ltr'><strong>enim</strong></span> <span class='ocrx_word' id='word_1_294' title='bbox 2207 2950 2854 3048; x_wconf 52' lang='lat' dir='ltr'><strong>legitimus°alicujus</strong></span> <span class='ocrx_word' id='word_1_295' title='bbox 2883 2969 3099 3049; x_wconf 74' lang='lat' dir='ltr'><strong>oneris</strong></span> <span class='ocrx_word' id='word_1_296' title='bbox 3150 2974 3372 3030; x_wconf 87' lang='lat' dir='ltr'><strong>auctor</strong></span> <span class='ocrx_word' id='word_1_297' title='bbox 3412 2967 3649 3029; x_wconf 89' lang='lat' dir='ltr'><strong>vetusti</strong></span> <span class='ocrx_word' id='word_1_298' title='bbox 3696 2963 3931 3027; x_wconf 77' lang='lat' dir='ltr'><strong>codicis</strong></span> 
     </span>
    </p>
   </div>
   <div class='ocr_carea' id='block_1_27' title="bbox 701 3063 3930 3146">
    <p class='ocr_par' dir='ltr' id='par_1_27' title="bbox 701 3063 3930 3146">
     <span class='ocr_line' id='line_1_27' title="bbox 701 3063 3930 3146; baseline -0.002 -19"><span class='ocrx_word' id='word_1_299' title='bbox 701 3067 1080 3133; x_wconf 79' lang='lat' dir='ltr'><strong>auctoritate</strong></span> <span class='ocrx_word' id='word_1_300' title='bbox 1111 3067 1468 3144; x_wconf 86' lang='lat' dir='ltr'><strong>detegatur,</strong></span> <span class='ocrx_word' id='word_1_301' title='bbox 1505 3064 1600 3126; x_wconf 90' lang='lat' dir='ltr'><strong>illi</strong></span> <span class='ocrx_word' id='word_1_302' title='bbox 1625 3064 1925 3143; x_wconf 84' lang='lat' dir='ltr'><strong>profecto</strong></span> <span class='ocrx_word' id='word_1_303' title='bbox 1957 3065 2428 3125; x_wconf 86' lang='lat' dir='ltr'><strong>restituendum</strong></span> <span class='ocrx_word' id='word_1_304' title='bbox 2460 3067 2633 3142; x_wconf 92' lang='lat' dir='ltr'><strong>quod</strong></span> <span class='ocrx_word' id='word_1_305' title='bbox 2669 3069 2998 3144; x_wconf 85' lang='lat' dir='ltr'><strong>proprium</strong></span> <span class='ocrx_word' id='word_1_306' title='bbox 3051 3067 3262 3146; x_wconf 88' lang='lat' dir='ltr'><strong>ipsius</strong></span> <span class='ocrx_word' id='word_1_307' title='bbox 3309 3083 3451 3136; x_wconf 87' lang='lat' dir='ltr'><strong>esse</strong></span> <span class='ocrx_word' id='word_1_308' title='bbox 3501 3063 3930 3144; x_wconf 85' lang='lat' dir='ltr'><strong>cognoscitur,</strong></span> 
     </span>
    </p>
   </div>
   <div class='ocr_carea' id='block_1_28' title="bbox 702 3159 4056 3249">
    <p class='ocr_par' dir='ltr' id='par_1_28' title="bbox 702 3159 4056 3249">
     <span class='ocr_line' id='line_1_28' title="bbox 702 3159 4056 3249; baseline -0.004 -19"><span class='ocrx_word' id='word_1_309' title='bbox 702 3167 876 3230; x_wconf 88' lang='lat' dir='ltr'><strong>nulla</strong></span> <span class='ocrx_word' id='word_1_310' title='bbox 912 3164 1125 3228; x_wconf 83' lang='lat' dir='ltr'><strong>habita</strong></span> <span class='ocrx_word' id='word_1_311' title='bbox 1166 3168 1412 3227; x_wconf 86' lang='lat' dir='ltr'><strong>ratione</strong></span> <span class='ocrx_word' id='word_1_312' title='bbox 1443 3164 1757 3242; x_wconf 85' lang='lat' dir='ltr'><strong>temporis</strong></span> <span class='ocrx_word' id='word_1_313' title='bbox 1784 3163 1880 3225; x_wconf 90' lang='lat' dir='ltr'><strong>vel</strong></span> <span class='ocrx_word' id='word_1_314' title='bbox 1926 3162 2398 3241; x_wconf 83' lang='lat' dir='ltr'><strong>posseSsionis;</strong></span> <span class='ocrx_word' id='word_1_315' title='bbox 2440 3164 2790 3239; x_wconf 73' lang='lat' dir='ltr'><strong>prtesertim</strong></span> <span class='ocrx_word' id='word_1_316' title='bbox 2823 3166 2874 3224; x_wconf 87' lang='lat' dir='ltr'><strong>si</strong></span> <span class='ocrx_word' id='word_1_317' title='bbox 2917 3164 3049 3226; x_wconf 62' lang='lat' dir='ltr'><strong>hac</strong></span> <span class='ocrx_word' id='word_1_318' title='bbox 3079 3163 3220 3228; x_wconf 85' lang='lat' dir='ltr'><strong>sine</strong></span> <span class='ocrx_word' id='word_1_319' title='bbox 3255 3162 3459 3249; x_wconf 83' lang='lat' dir='ltr'><strong>justo,</strong></span> <span class='ocrx_word' id='word_1_320' title='bbox 3497 3171 3564 3223; x_wconf 91' lang='lat' dir='ltr'><strong>ut</strong></span> <span class='ocrx_word' id='word_1_321' title='bbox 3597 3162 3722 3222; x_wconf 87' lang='lat' dir='ltr'><strong>dici</strong></span> <span class='ocrx_word' id='word_1_322' title='bbox 3751 3159 3955 3248; x_wconf 26' lang='lat' dir='ltr'><strong>solet,‘</strong></span> 
     </span>
    </p>
   </div>
   <div class='ocr_carea' id='block_1_29' title="bbox 700 3251 3938 3344">
    <p class='ocr_par' dir='ltr' id='par_1_29' title="bbox 700 3251 3938 3344">
     <span class='ocr_line' id='line_1_29' title="bbox 700 3251 3938 3344; baseline -0.003 -19"><span class='ocrx_word' id='word_1_323' title='bbox 700 3251 893 3329; x_wconf 83' lang='lat' dir='ltr'><strong>titulo</strong></span> <span class='ocrx_word' id='word_1_324' title='bbox 937 3264 1262 3344; x_wconf 76' lang='lat' dir='ltr'><strong>acquisita</strong></span> <span class='ocrx_word' id='word_1_325' title='bbox 1311 3264 1421 3335; x_wconf 92' lang='lat' dir='ltr'><strong>sit,</strong></span> <span class='ocrx_word' id='word_1_326' title='bbox 1461 3274 1532 3326; x_wconf 92' lang='lat' dir='ltr'><strong>ut</strong></span> <span class='ocrx_word' id='word_1_327' title='bbox 1589 3264 1654 3324; x_wconf 93' lang='lat' dir='ltr'><strong>in</strong></span> <span class='ocrx_word' id='word_1_328' title='bbox 1701 3263 2034 3340; x_wconf 53' lang='lat' dir='ltr'><strong>praesentia</strong></span> <span class='ocrx_word' id='word_1_329' title='bbox 2075 3260 2346 3320; x_wconf 84' lang='lat' dir='ltr'><strong>arbitror</strong></span> <span class='ocrx_word' id='word_1_330' title='bbox 2404 3259 2777 3338; x_wconf 84' lang='lat' dir='ltr'><strong>contigisse.</strong></span> <span class='ocrx_word' id='word_1_331' title='bbox 2829 3262 2982 3322; x_wconf 87' lang='lat' dir='ltr'><strong>Nam</strong></span> <span class='ocrx_word' id='word_1_332' title='bbox 3025 3262 3308 3320; x_wconf 83' lang='lat' dir='ltr'><strong>Donatus</strong></span> <span class='ocrx_word' id='word_1_333' title='bbox 3346 3258 3775 3326; x_wconf 82' lang='lat' dir='ltr'><strong>Veronensis,</strong></span> <span class='ocrx_word' id='word_1_334' title='bbox 3829 3255 3938 3334; x_wconf 88' lang='lat' dir='ltr'><strong>qui</strong></span> 
     </span>
    </p>
   </div>
   <div class='ocr_carea' id='block_1_30' title="bbox 701 3345 3935 3439">
    <p class='ocr_par' dir='ltr' id='par_1_30' title="bbox 701 3345 3935 3439">
     <span class='ocr_line' id='line_1_30' title="bbox 701 3345 3935 3439; baseline -0.004 -13"><span class='ocrx_word' id='word_1_335' title='bbox 701 3345 1246 3426; x_wconf 83' lang='lat' dir='ltr'><strong>Commentarium</strong></span> <span class='ocrx_word' id='word_1_336' title='bbox 1290 3361 1919 3426; x_wconf 80' lang='lat' dir='ltr'><strong>illum.OEcumenio</strong></span> <span class='ocrx_word' id='word_1_337' title='bbox 1967 3359 2374 3437; x_wconf 88' lang='lat' dir='ltr'><strong>inscriptum,</strong></span> <span class='ocrx_word' id='word_1_338' title='bbox 2429 3361 2672 3422; x_wconf 59' lang='lat' dir='ltr'><strong>Graece“</strong></span> <span class='ocrx_word' id='word_1_339' title='bbox 2698 3366 2971 3432; x_wconf 88' lang='lat' dir='ltr'><strong>tantum,</strong></span> <span class='ocrx_word' id='word_1_340' title='bbox 3013 3358 3301 3439; x_wconf 79' lang='lat' dir='ltr'><strong>vulgavit</strong></span> <span class='ocrx_word' id='word_1_341' title='bbox 3332 3358 3619 3428; x_wconf 80' lang='lat' dir='ltr'><strong>omnium</strong></span> <span class='ocrx_word' id='word_1_342' title='bbox 3670 3357 3935 3434; x_wconf 71' lang='lat' dir='ltr'><strong>primus,</strong></span> 
     </span>
    </p>
   </div>
   <div class='ocr_carea' id='block_1_31' title="bbox 700 3443 3938 3546">
    <p class='ocr_par' dir='ltr' id='par_1_31' title="bbox 700 3443 3938 3546">
     <span class='ocr_line' id='line_1_31' title="bbox 700 3443 3938 3546; baseline -0.001 -25"><span class='ocrx_word' id='word_1_343' title='bbox 700 3453 984 3532; x_wconf 86' lang='lat' dir='ltr'><strong>nullum,</strong></span> <span class='ocrx_word' id='word_1_344' title='bbox 1036 3479 1150 3546; x_wconf 88' lang='lat' dir='ltr'><strong>cur</strong></span> <span class='ocrx_word' id='word_1_345' title='bbox 1197 3462 1257 3523; x_wconf 88' lang='lat' dir='ltr'><strong>ei</strong></span> <span class='ocrx_word' id='word_1_346' title='bbox 1304 3461 1687 3522; x_wconf 83' lang='lat' dir='ltr'><strong>tribuendus</strong></span> <span class='ocrx_word' id='word_1_347' title='bbox 1736 3460 1839 3533; x_wconf 90' lang='lat' dir='ltr'><strong>sit,</strong></span> <span class='ocrx_word' id='word_1_348' title='bbox 1885 3458 2380 3522; x_wconf 84' lang='lat' dir='ltr'><strong>fundamentum</strong></span> <span class='ocrx_word' id='word_1_349' title='bbox 2432 3467 2540 3521; x_wconf 86' lang='lat' dir='ltr'><strong>aut</strong></span> <span class='ocrx_word' id='word_1_350' title='bbox 2591 3444 2849 3521; x_wconf 85' lang='lat' dir='ltr'><strong>titulum</strong></span> <span class='ocrx_word' id='word_1_351' title='bbox 2893 3443 3120 3530; x_wconf 75' lang='lat' dir='ltr'><strong>affert;</strong></span> <span class='ocrx_word' id='word_1_352' title='bbox 3175 3459 3539 3522; x_wconf 69' lang='lat' dir='ltr'><strong>Hent&#39;enius</strong></span> <span class='ocrx_word' id='word_1_353' title='bbox 3592 3475 3766 3529; x_wconf 90' lang='lat' dir='ltr'><strong>vero,</strong></span> <span class='ocrx_word' id='word_1_354' title='bbox 3827 3458 3938 3537; x_wconf 88' lang='lat' dir='ltr'><strong>qui</strong></span> 
     </span>
    </p>
   </div>
   <div class='ocr_carea' id='block_1_32' title="bbox 701 3551 3934 3647">
    <p class='ocr_par' dir='ltr' id='par_1_32' title="bbox 701 3551 3934 3647">
     <span class='ocr_line' id='line_1_32' title="bbox 701 3551 3934 3647; baseline -0.002 -23"><span class='ocrx_word' id='word_1_355' title='bbox 701 3551 1003 3624; x_wconf 86' lang='lat' dir='ltr'><strong>eumdem</strong></span> <span class='ocrx_word' id='word_1_356' title='bbox 1046 3563 1266 3647; x_wconf 88' lang='lat' dir='ltr'><strong>Latine</strong></span> <span class='ocrx_word' id='word_1_357' title='bbox 1305 3563 1373 3622; x_wconf 89' lang='lat' dir='ltr'><strong>in</strong></span> <span class='ocrx_word' id='word_1_358' title='bbox 1408 3562 1619 3622; x_wconf 89' lang='lat' dir='ltr'><strong>lucem</strong></span> <span class='ocrx_word' id='word_1_359' title='bbox 1670 3563 1910 3637; x_wconf 89' lang='lat' dir='ltr'><strong>emisit,</strong></span> <span class='ocrx_word' id='word_1_360' title='bbox 1943 3564 2011 3623; x_wconf 90' lang='lat' dir='ltr'><strong>in</strong></span> <span class='ocrx_word' id='word_1_361' title='bbox 2045 3562 2429 3627; x_wconf 79' lang='lat' dir='ltr'><strong>OEcumeuii</strong></span> <span class='ocrx_word' id='word_1_362' title='bbox 2471 3561 2751 3624; x_wconf 87' lang='lat' dir='ltr'><strong>favorem</strong></span> <span class='ocrx_word' id='word_1_363' title='bbox 2784 3562 2984 3624; x_wconf 86' lang='lat' dir='ltr'><strong>solam</strong></span> <span class='ocrx_word' id='word_1_364' title='bbox 3014 3562 3196 3646; x_wconf 67' lang='lat' dir='ltr'><strong>affert</strong></span> <span class='ocrx_word' id='word_1_365' title='bbox 3242 3560 3392 3641; x_wconf 71' lang='lat' dir='ltr'><strong>styli</strong></span> <span class='ocrx_word' id='word_1_366' title='bbox 3437 3559 3934 3624; x_wconf 81' lang='lat' dir='ltr'><strong>similitudinem</strong></span> 
     </span>
    </p>
   </div>
   <div class='ocr_carea' id='block_1_33' title="bbox 698 3661 3939 3744">
    <p class='ocr_par' dir='ltr' id='par_1_33' title="bbox 698 3661 3939 3744">
     <span class='ocr_line' id='line_1_33' title="bbox 698 3661 3939 3744; baseline -0.002 -17"><span class='ocrx_word' id='word_1_367' title='bbox 698 3681 846 3727; x_wconf 89' lang='lat' dir='ltr'><strong>cum</strong></span> <span class='ocrx_word' id='word_1_368' title='bbox 878 3664 1009 3726; x_wconf 91' lang='lat' dir='ltr'><strong>alio</strong></span> <span class='ocrx_word' id='word_1_369' title='bbox 1040 3661 1520 3726; x_wconf 88' lang='lat' dir='ltr'><strong>Commentario</strong></span> <span class='ocrx_word' id='word_1_370' title='bbox 1552 3682 1746 3743; x_wconf 86' lang='lat' dir='ltr'><strong>quem</strong></span> <span class='ocrx_word' id='word_1_371' title='bbox 1779 3665 2166 3724; x_wconf 85' lang='lat' dir='ltr'><strong>OEcumeuii</strong></span> <span class='ocrx_word' id='word_1_372' title='bbox 2202 3682 2343 3725; x_wconf 90' lang='lat' dir='ltr'><strong>esse</strong></span> <span class='ocrx_word' id='word_1_373' title='bbox 2369 3663 2518 3742; x_wconf 90' lang='lat' dir='ltr'><strong>jure</strong></span> <span class='ocrx_word' id='word_1_374' title='bbox 2543 3664 2824 3744; x_wconf 85' lang='lat' dir='ltr'><strong>dubitari</strong></span> <span class='ocrx_word' id='word_1_375' title='bbox 2857 3680 2986 3726; x_wconf 86' lang='lat' dir='ltr'><strong>non</strong></span> <span class='ocrx_word' id='word_1_376' title='bbox 3013 3671 3245 3742; x_wconf 83' lang='lat' dir='ltr'><strong>potest.</strong></span> <span class='ocrx_word' id='word_1_377' title='bbox 3279 3663 3399 3724; x_wconf 86' lang='lat' dir='ltr'><strong>Sed</strong></span> <span class='ocrx_word' id='word_1_378' title='bbox 3433 3662 3552 3723; x_wconf 90' lang='lat' dir='ltr'><strong>hoc</strong></span> <span class='ocrx_word' id='word_1_379' title='bbox 3599 3677 3939 3739; x_wconf 81' lang='lat' dir='ltr'><strong>argumen-</strong></span> 
     </span>
    </p>
   </div>
   <div class='ocr_carea' id='block_1_34' title="bbox 685 3750 3934 3847">
    <p class='ocr_par' dir='ltr' id='par_1_34' title="bbox 685 3750 3934 3847">
     <span class='ocr_line' id='line_1_34' title="bbox 685 3750 3934 3847; baseline -0.001 -21"><span class='ocrx_word' id='word_1_380' title='bbox 685 3771 864 3837; x_wconf 87' lang='lat' dir='ltr'><strong>tum,</strong></span> <span class='ocrx_word' id='word_1_381' title='bbox 902 3780 1047 3826; x_wconf 90' lang='lat' dir='ltr'><strong>cum</strong></span> <span class='ocrx_word' id='word_1_382' title='bbox 1087 3750 1468 3843; x_wconf 88' lang='lat' dir='ltr'><strong>plerumque</strong></span> <span class='ocrx_word' id='word_1_383' title='bbox 1501 3763 1926 3838; x_wconf 88' lang='lat' dir='ltr'><strong>imbecillum,</strong></span> <span class='ocrx_word' id='word_1_384' title='bbox 1970 3771 2102 3825; x_wconf 89' lang='lat' dir='ltr'><strong>tum</strong></span> <span class='ocrx_word' id='word_1_385' title='bbox 2131 3764 2198 3825; x_wconf 87' lang='lat' dir='ltr'><strong>iu</strong></span> <span class='ocrx_word' id='word_1_386' title='bbox 2232 3763 2354 3824; x_wconf 90' lang='lat' dir='ltr'><strong>hoc</strong></span> <span class='ocrx_word' id='word_1_387' title='bbox 2396 3781 2663 3843; x_wconf 90' lang='lat' dir='ltr'><strong>operum</strong></span> <span class='ocrx_word' id='word_1_388' title='bbox 2715 3783 2954 3842; x_wconf 87' lang='lat' dir='ltr'><strong>genere</strong></span> <span class='ocrx_word' id='word_1_389' title='bbox 2991 3765 3237 3847; x_wconf 86' lang='lat' dir='ltr'><strong>nullius</strong></span> <span class='ocrx_word' id='word_1_390' title='bbox 3285 3765 3472 3842; x_wconf 90' lang='lat' dir='ltr'><strong>plane</strong></span> <span class='ocrx_word' id='word_1_391' title='bbox 3506 3767 3759 3826; x_wconf 88' lang='lat' dir='ltr'><strong>roboris</strong></span> <span class='ocrx_word' id='word_1_392' title='bbox 3791 3775 3887 3825; x_wconf 58' lang='lat' dir='ltr'><strong>ert</strong></span> <span class='ocrx_word' id='word_1_393' title='bbox 3921 3786 3934 3823; x_wconf 90' lang='lat'><strong>:</strong></span> 
     </span>
    </p>
   </div>
   <div class='ocr_carea' id='block_1_35' title="bbox 702 3865 3932 3946">
    <p class='ocr_par' dir='ltr' id='par_1_35' title="bbox 702 3865 3932 3946">
     <span class='ocr_line' id='line_1_35' title="bbox 702 3865 3932 3946; baseline -0.001 -20"><span class='ocrx_word' id='word_1_394' title='bbox 702 3866 836 3926; x_wconf 69' lang='lat' dir='ltr'><strong>haec</strong></span> <span class='ocrx_word' id='word_1_395' title='bbox 863 3865 1064 3940; x_wconf 89' lang='lat' dir='ltr'><strong>enim,</strong></span> <span class='ocrx_word' id='word_1_396' title='bbox 1096 3883 1241 3929; x_wconf 90' lang='lat' dir='ltr'><strong>cum</strong></span> <span class='ocrx_word' id='word_1_397' title='bbox 1266 3865 1502 3928; x_wconf 91' lang='lat' dir='ltr'><strong>alienis</strong></span> <span class='ocrx_word' id='word_1_398' title='bbox 1530 3866 1933 3946; x_wconf 88' lang='lat' dir='ltr'><strong>&quot;plerumque</strong></span> <span class='ocrx_word' id='word_1_399' title='bbox 1966 3872 2259 3927; x_wconf 82' lang='lat' dir='ltr'><strong>contexta</strong></span> <span class='ocrx_word' id='word_1_400' title='bbox 2296 3866 2425 3934; x_wconf 82' lang='lat' dir='ltr'><strong>sint</strong></span> <span class='ocrx_word' id='word_1_401' title='bbox 2477 3865 2708 3938; x_wconf 86' lang='lat' dir='ltr'><strong>verbis,</strong></span> <span class='ocrx_word' id='word_1_402' title='bbox 2753 3881 2955 3927; x_wconf 91' lang='lat' dir='ltr'><strong>unum</strong></span> <span class='ocrx_word' id='word_1_403' title='bbox 2989 3866 3423 3944; x_wconf 86' lang='lat' dir='ltr'><strong>eumdemque</strong></span> <span class='ocrx_word' id='word_1_404' title='bbox 3456 3866 3695 3944; x_wconf 82' lang='lat' dir='ltr'><strong>stylum</strong></span> <span class='ocrx_word' id='word_1_405' title='bbox 3727 3867 3932 3924; x_wconf 86' lang='lat' dir='ltr'><strong>conti-</strong></span> 
     </span>
    </p>
   </div>
   <div class='ocr_carea' id='block_1_36' title="bbox 701 3969 3939 4050">
    <p class='ocr_par' dir='ltr' id='par_1_36' title="bbox 701 3969 3939 4050">
     <span class='ocr_line' id='line_1_36' title="bbox 701 3969 3939 4050; baseline -0.002 -20"><span class='ocrx_word' id='word_1_406' title='bbox 701 3978 933 4033; x_wconf 89' lang='lat' dir='ltr'><strong>nenter</strong></span> <span class='ocrx_word' id='word_1_407' title='bbox 966 3989 1091 4050; x_wconf 50' lang='lat' dir='ltr'><strong>pra)</strong></span> <span class='ocrx_word' id='word_1_408' title='bbox 1113 3990 1182 4034; x_wconf 90' lang='lat' dir='ltr'><strong>se</strong></span> <span class='ocrx_word' id='word_1_409' title='bbox 1206 3971 1371 4035; x_wconf 85' lang='lat' dir='ltr'><strong>ferre</strong></span> <span class='ocrx_word' id='word_1_410' title='bbox 1395 3988 1520 4033; x_wconf 93' lang='lat' dir='ltr'><strong>non</strong></span> <span class='ocrx_word' id='word_1_411' title='bbox 1558 3979 1851 4050; x_wconf 91' lang='lat' dir='ltr'><strong>possunt.</strong></span> <span class='ocrx_word' id='word_1_412' title='bbox 1875 3971 1950 4032; x_wconf 90' lang='lat' dir='ltr'><strong>Et</strong></span> <span class='ocrx_word' id='word_1_413' title='bbox 1979 3988 2132 4032; x_wconf 84' lang='lat' dir='ltr'><strong>sane</strong></span> <span class='ocrx_word' id='word_1_414' title='bbox 2158 3971 2222 4032; x_wconf 92' lang='lat' dir='ltr'><strong>in</strong></span> <span class='ocrx_word' id='word_1_415' title='bbox 2256 3971 2375 4033; x_wconf 89' lang='lat' dir='ltr'><strong>hoc</strong></span> <span class='ocrx_word' id='word_1_416' title='bbox 2403 3971 2870 4034; x_wconf 86' lang='lat' dir='ltr'><strong>Commentario</strong></span> <span class='ocrx_word' id='word_1_417' title='bbox 2910 3971 3210 4050; x_wconf 88' lang='lat' dir='ltr'><strong>pleraque</strong></span> <span class='ocrx_word' id='word_1_418' title='bbox 3241 3988 3315 4045; x_wconf 60' lang='lat' dir='ltr'><strong>ex</strong></span> <span class='ocrx_word' id='word_1_419' title='bbox 3351 3969 3832 4048; x_wconf 75' lang='lat' dir='ltr'><strong>Chrysostomo,</strong></span> <span class='ocrx_word' id='word_1_420' title='bbox 3873 3971 3939 4025; x_wconf 84' lang='lat' dir='ltr'><strong>i&#39;-</strong></span> 
     </span>
    </p>
   </div>
   <div class='ocr_carea' id='block_1_37' title="bbox 702 4071 3932 4153">
    <p class='ocr_par' dir='ltr' id='par_1_37' title="bbox 702 4071 3932 4153">
     <span class='ocr_line' id='line_1_37' title="bbox 702 4071 3932 4153; baseline 0 -23"><span class='ocrx_word' id='word_1_421' title='bbox 702 4071 831 4133; x_wconf 89' lang='lat' dir='ltr'><strong>lius</strong></span> <span class='ocrx_word' id='word_1_422' title='bbox 869 4089 1131 4153; x_wconf 90' lang='lat' dir='ltr'><strong>quoque</strong></span> <span class='ocrx_word' id='word_1_423' title='bbox 1168 4075 1381 4135; x_wconf 80' lang='lat' dir='ltr'><strong>verbis</strong></span> <span class='ocrx_word' id='word_1_424' title='bbox 1417 4073 1799 4152; x_wconf 88' lang='lat' dir='ltr'><strong>plerumque</strong></span> <span class='ocrx_word' id='word_1_425' title='bbox 1841 4072 2127 4144; x_wconf 86' lang='lat' dir='ltr'><strong>retentis,</strong></span> <span class='ocrx_word' id='word_1_426' title='bbox 2186 4080 2467 4135; x_wconf 85' lang='lat' dir='ltr'><strong>mutuata</strong></span> <span class='ocrx_word' id='word_1_427' title='bbox 2507 4072 2840 4142; x_wconf 86' lang='lat' dir='ltr'><strong>sunt;&#39;alia</strong></span> <span class='ocrx_word' id='word_1_428' title='bbox 2887 4089 2963 4133; x_wconf 82' lang='lat' dir='ltr'><strong>ex</strong></span> <span class='ocrx_word' id='word_1_429' title='bbox 2996 4072 3146 4134; x_wconf 89' lang='lat' dir='ltr'><strong>aliis</strong></span> <span class='ocrx_word' id='word_1_430' title='bbox 3179 4071 3472 4134; x_wconf 79' lang='lat' dir='ltr'><strong>Patribus</strong></span> <span class='ocrx_word' id='word_1_431' title='bbox 3517 4118 3532 4132; x_wconf 91' lang='lat'><strong>.</strong></span> <span class='ocrx_word' id='word_1_432' title='bbox 3571 4071 3744 4149; x_wconf 85' lang='lat' dir='ltr'><strong>quod</strong></span> <span class='ocrx_word' id='word_1_433' title='bbox 3786 4071 3932 4148; x_wconf 51' lang='lat' dir='ltr'><strong>qui-</strong></span> 
     </span>
    </p>
   </div>
   <div class='ocr_carea' id='block_1_38' title="bbox 701 4171 3938 4257">
    <p class='ocr_par' dir='ltr' id='par_1_38' title="bbox 701 4171 3938 4257">
     <span class='ocr_line' id='line_1_38' title="bbox 701 4171 3938 4257; baseline -0.002 -22"><span class='ocrx_word' id='word_1_434' title='bbox 701 4176 846 4236; x_wconf 90' lang='lat' dir='ltr'><strong>dem</strong></span> <span class='ocrx_word' id='word_1_435' title='bbox 884 4185 1127 4238; x_wconf 85' lang='lat' dir='ltr'><strong>constat</strong></span> <span class='ocrx_word' id='word_1_436' title='bbox 1157 4193 1234 4236; x_wconf 78' lang='lat' dir='ltr'><strong>ex</strong></span> <span class='ocrx_word' id='word_1_437' title='bbox 1269 4193 1346 4239; x_wconf 87' lang='lat' dir='ltr'><strong>eo</strong></span> <span class='ocrx_word' id='word_1_438' title='bbox 1377 4177 1549 4255; x_wconf 91' lang='lat' dir='ltr'><strong>quod</strong></span> <span class='ocrx_word' id='word_1_439' title='bbox 1593 4177 1776 4254; x_wconf 89' lang='lat' dir='ltr'><strong>plura</strong></span> <span class='ocrx_word' id='word_1_440' title='bbox 1809 4175 1873 4237; x_wconf 93' lang='lat' dir='ltr'><strong>in</strong></span> <span class='ocrx_word' id='word_1_441' title='bbox 1916 4177 2281 4240; x_wconf 68' lang='lat' dir='ltr'><strong>Grmcorum</strong></span> <span class='ocrx_word' id='word_1_442' title='bbox 2319 4175 2592 4247; x_wconf 80' lang='lat' dir='ltr'><strong>Catenis,</strong></span> <span class='ocrx_word' id='word_1_443' title='bbox 2634 4181 2700 4235; x_wconf 92' lang='lat' dir='ltr'><strong>ut</strong></span> <span class='ocrx_word' id='word_1_444' title='bbox 2729 4174 2930 4247; x_wconf 84' lang='lat' dir='ltr'><strong>aiunt,</strong></span> <span class='ocrx_word' id='word_1_445' title='bbox 2970 4175 3212 4257; x_wconf 85' lang='lat' dir='ltr'><strong>eisdem</strong></span> <span class='ocrx_word' id='word_1_446' title='bbox 3246 4173 3459 4234; x_wconf 86' lang='lat' dir='ltr'><strong>verbis</strong></span> <span class='ocrx_word' id='word_1_447' title='bbox 3502 4189 3807 4248; x_wconf 80' lang='lat' dir='ltr'><strong>expressa</strong></span> <span class='ocrx_word' id='word_1_448' title='bbox 3855 4171 3938 4230; x_wconf 92' lang='lat' dir='ltr'><strong>Ie-</strong></span> 
     </span>
    </p>
   </div>
   <div class='ocr_carea' id='block_1_39' title="bbox 701 4268 3934 4354">
    <p class='ocr_par' dir='ltr' id='par_1_39' title="bbox 701 4268 3934 4354">
     <span class='ocr_line' id='line_1_39' title="bbox 701 4268 3934 4354; baseline -0.002 -20"><span class='ocrx_word' id='word_1_449' title='bbox 701 4281 956 4350; x_wconf 86' lang='lat' dir='ltr'><strong>gantur.</strong></span> <span class='ocrx_word' id='word_1_450' title='bbox 984 4276 1252 4336; x_wconf 85' lang='lat' dir='ltr'><strong>Ubinam</strong></span> <span class='ocrx_word' id='word_1_451' title='bbox 1283 4294 1436 4354; x_wconf 88' lang='lat' dir='ltr'><strong>ergo</strong></span> <span class='ocrx_word' id='word_1_452' title='bbox 1467 4277 1849 4338; x_wconf 88' lang='lat' dir='ltr'><strong>OEcumeuii</strong></span> <span class='ocrx_word' id='word_1_453' title='bbox 1879 4278 2130 4353; x_wconf 78' lang='lat' dir='ltr'><strong>stylus?</strong></span> <span class='ocrx_word' id='word_1_454' title='bbox 2168 4278 2320 4336; x_wconf 83' lang='lat' dir='ltr'><strong>Cum</strong></span> <span class='ocrx_word' id='word_1_455' title='bbox 2351 4268 2722 4335; x_wconf 42' lang='lat' dir='ltr'><strong>hicnon‘de</strong></span> <span class='ocrx_word' id='word_1_456' title='bbox 2756 4282 3034 4351; x_wconf 88' lang='lat' dir='ltr'><strong>auctore.</strong></span> <span class='ocrx_word' id='word_1_457' title='bbox 3069 4273 3180 4333; x_wconf 90' lang='lat' dir='ltr'><strong>sed</strong></span> <span class='ocrx_word' id='word_1_458' title='bbox 3215 4275 3293 4333; x_wconf 89' lang='lat' dir='ltr'><strong>de</strong></span> <span class='ocrx_word' id='word_1_459' title='bbox 3325 4272 3664 4334; x_wconf 86' lang='lat' dir='ltr'><strong>collectore</strong></span> <span class='ocrx_word' id='word_1_460' title='bbox 3692 4277 3934 4347; x_wconf 82' lang='lat' dir='ltr'><strong>agatur,</strong></span> 
     </span>
    </p>
   </div>
   <div class='ocr_carea' id='block_1_40' title="bbox 701 4372 3935 4453">
    <p class='ocr_par' dir='ltr' id='par_1_40' title="bbox 701 4372 3935 4453">
     <span class='ocr_line' id='line_1_40' title="bbox 701 4372 3935 4453; baseline -0.001 -19"><span class='ocrx_word' id='word_1_461' title='bbox 701 4376 778 4434; x_wconf 90' lang='lat' dir='ltr'><strong>ad</strong></span> <span class='ocrx_word' id='word_1_462' title='bbox 809 4373 956 4448; x_wconf 89' lang='lat' dir='ltr'><strong>alia,</strong></span> <span class='ocrx_word' id='word_1_463' title='bbox 997 4373 1050 4434; x_wconf 88' lang='lat' dir='ltr'><strong>si</strong></span> <span class='ocrx_word' id='word_1_464' title='bbox 1097 4390 1242 4451; x_wconf 70' lang='lat' dir='ltr'><strong>quea</strong></span> <span class='ocrx_word' id='word_1_465' title='bbox 1289 4375 1442 4447; x_wconf 90' lang='lat' dir='ltr'><strong>sint,</strong></span> <span class='ocrx_word' id='word_1_466' title='bbox 1483 4384 1856 4451; x_wconf 86' lang='lat' dir='ltr'><strong>argumenta</strong></span> <span class='ocrx_word' id='word_1_467' title='bbox 1896 4374 2245 4453; x_wconf 86' lang='lat' dir='ltr'><strong>confugere</strong></span> <span class='ocrx_word' id='word_1_468' title='bbox 2278 4382 2550 4452; x_wconf 87' lang='lat' dir='ltr'><strong>oportet.</strong></span> <span class='ocrx_word' id='word_1_469' title='bbox 2601 4376 2678 4435; x_wconf 85' lang='lat' dir='ltr'><strong>At</strong></span> <span class='ocrx_word' id='word_1_470' title='bbox 2721 4373 2897 4435; x_wconf 90' lang='lat' dir='ltr'><strong>nulla</strong></span> <span class='ocrx_word' id='word_1_471' title='bbox 2952 4381 3302 4449; x_wconf 88' lang='lat' dir='ltr'><strong>suppetunt</strong></span> <span class='ocrx_word' id='word_1_472' title='bbox 3345 4389 3456 4451; x_wconf 91' lang='lat' dir='ltr'><strong>pro</strong></span> <span class='ocrx_word' id='word_1_473' title='bbox 3500 4372 3935 4434; x_wconf 78' lang='lat' dir='ltr'><strong>OEcumeniu.</strong></span> 
     </span>
    </p>
   </div>
   <div class='ocr_carea' id='block_1_41' title="bbox 700 4463 3940 4562">
    <p class='ocr_par' dir='ltr' id='par_1_41' title="bbox 700 4463 3940 4562">
     <span class='ocr_line' id='line_1_41' title="bbox 700 4463 3940 4562; baseline -0.001 -22"><span class='ocrx_word' id='word_1_474' title='bbox 700 4477 989 4540; x_wconf 84' lang='lat' dir='ltr'><strong>Donatus</strong></span> <span class='ocrx_word' id='word_1_475' title='bbox 1018 4479 1280 4557; x_wconf 88' lang='lat' dir='ltr'><strong>quidem</strong></span> <span class='ocrx_word' id='word_1_476' title='bbox 1321 4481 1720 4540; x_wconf 88' lang='lat' dir='ltr'><strong>Veronensis</strong></span> <span class='ocrx_word' id='word_1_477' title='bbox 1759 4463 1954 4557; x_wconf 77' lang='lat' dir='ltr'><strong>supra</strong></span> <span class='ocrx_word' id='word_1_478' title='bbox 2004 4478 2302 4541; x_wconf 90' lang='lat' dir='ltr'><strong>laudatus</strong></span> <span class='ocrx_word' id='word_1_479' title='bbox 2338 4478 2406 4538; x_wconf 92' lang='lat' dir='ltr'><strong>in</strong></span> <span class='ocrx_word' id='word_1_480' title='bbox 2453 4479 2667 4539; x_wconf 65' lang='lat' dir='ltr'><strong>Graeca</strong></span> <span class='ocrx_word' id='word_1_481' title='bbox 2701 4479 2778 4540; x_wconf 87' lang='lat' dir='ltr'><strong>ad</strong></span> <span class='ocrx_word' id='word_1_482' title='bbox 2817 4477 3119 4540; x_wconf 87' lang='lat' dir='ltr'><strong>lectorem</strong></span> <span class='ocrx_word' id='word_1_483' title='bbox 3168 4477 3451 4556; x_wconf 89' lang='lat' dir='ltr'><strong>Epistola</strong></span> <span class='ocrx_word' id='word_1_484' title='bbox 3499 4477 3770 4540; x_wconf 88' lang='lat' dir='ltr'><strong>editioni</strong></span> <span class='ocrx_word' id='word_1_485' title='bbox 3792 4496 3940 4562; x_wconf 71' lang='lat' dir='ltr'><strong>suas</strong></span> 
     </span>
    </p>
   </div>
   <div class='ocr_carea' id='block_1_42' title="bbox 701 4579 3937 4663">
    <p class='ocr_par' dir='ltr' id='par_1_42' title="bbox 701 4579 3937 4663">
     <span class='ocr_line' id='line_1_42' title="bbox 701 4579 3937 4663; baseline -0.002 -17"><span class='ocrx_word' id='word_1_486' title='bbox 701 4584 958 4663; x_wconf 65' lang='lat' dir='ltr'><strong>praeﬁxa</strong></span> <span class='ocrx_word' id='word_1_487' title='bbox 996 4581 1196 4643; x_wconf 80' lang='lat' dir='ltr'><strong>multa</strong></span> <span class='ocrx_word' id='word_1_488' title='bbox 1247 4582 1313 4642; x_wconf 88' lang='lat' dir='ltr'><strong>in</strong></span> <span class='ocrx_word' id='word_1_489' title='bbox 1364 4581 1424 4642; x_wconf 91' lang='lat' dir='ltr'><strong>id</strong></span> <span class='ocrx_word' id='word_1_490' title='bbox 1457 4591 1846 4659; x_wconf 75' lang='lat' dir='ltr'><strong>argumenta,</strong></span> <span class='ocrx_word' id='word_1_491' title='bbox 1884 4589 2056 4642; x_wconf 81' lang='grc' dir='ltr'>πολλὰ</span> <span class='ocrx_word' id='word_1_492' title='bbox 2086 4592 2358 4661; x_wconf 71' lang='grc' dir='ltr'><strong>τεκμήρια</strong></span> <span class='ocrx_word' id='word_1_493' title='bbox 2389 4581 2453 4642; x_wconf 90' lang='lat' dir='ltr'><strong>in</strong></span> <span class='ocrx_word' id='word_1_494' title='bbox 2494 4590 2789 4660; x_wconf 85' lang='lat' dir='ltr'><strong>promptu</strong></span> <span class='ocrx_word' id='word_1_495' title='bbox 2829 4598 2899 4642; x_wconf 85' lang='lat' dir='ltr'><strong>se</strong></span> <span class='ocrx_word' id='word_1_496' title='bbox 2934 4579 3165 4642; x_wconf 83' lang='lat' dir='ltr'><strong>habere</strong></span> <span class='ocrx_word' id='word_1_497' title='bbox 3202 4579 3467 4644; x_wconf 77' lang='lat' dir='ltr'><strong>afﬁrmat</strong></span> <span class='ocrx_word' id='word_1_498' title='bbox 3499 4598 3515 4643; x_wconf 91' lang='lat'><em>:</em></span> <span class='ocrx_word' id='word_1_499' title='bbox 3546 4595 3937 4663; x_wconf 72' lang='lat' dir='ltr'><strong>quwtamm,</strong></span> 
     </span>
    </p>
   </div>
   <div class='ocr_carea' id='block_1_43' title="bbox 703 4675 2305 4766">
    <p class='ocr_par' dir='ltr' id='par_1_43' title="bbox 703 4683 2305 4765">
     <span class='ocr_line' id='line_1_43' title="bbox 703 4683 2305 4765; baseline -0.001 -19"><span class='ocrx_word' id='word_1_500' title='bbox 703 4685 953 4765; x_wconf 79' lang='lat' dir='ltr'><strong>subdit,</strong></span> <span class='ocrx_word' id='word_1_501' title='bbox 987 4685 1116 4747; x_wconf 70' lang='lat' dir='ltr'><strong>itan</strong></span> <span class='ocrx_word' id='word_1_502' title='bbox 1136 4683 1362 4765; x_wconf 73' lang='lat' dir='ltr'><strong>a/fero,</strong></span> <span class='ocrx_word' id='word_1_503' title='bbox 1393 4702 1468 4744; x_wconf 74' lang='lat' dir='ltr'><strong>ne</strong></span> <span class='ocrx_word' id='word_1_504' title='bbox 1491 4683 1558 4744; x_wconf 77' lang='lat' dir='ltr'><strong>in</strong></span> <span class='ocrx_word' id='word_1_505' title='bbox 1579 4683 1781 4762; x_wconf 71' lang='lat' dir='ltr'><strong>specie</strong></span> <span class='ocrx_word' id='word_1_506' title='bbox 1809 4683 2134 4762; x_wconf 74' lang='lat' dir='ltr'><strong>Epistolw,</strong></span> <span class='ocrx_word' id='word_1_507' title='bbox 2169 4683 2305 4764; x_wconf 76' lang='lat' dir='ltr'><strong>plus</strong></span> 
     </span>
    </p>
   </div>
   <div class='ocr_carea' id='block_1_44' title="bbox 2336 4675 3938 4766">
    <p class='ocr_par' dir='ltr' id='par_1_44' title="bbox 2336 4675 3938 4766">
     <span class='ocr_line' id='line_1_44' title="bbox 2336 4675 3938 4766; baseline -0.002 -23"><span class='ocrx_word' id='word_1_508' title='bbox 2336 4703 2512 4766; x_wconf 88' lang='lat' dir='ltr'><strong>quam</strong></span> <span class='ocrx_word' id='word_1_509' title='bbox 2532 4683 2798 4749; x_wconf 77' lang='lat' dir='ltr'><strong>deceret,</strong></span> <span class='ocrx_word' id='word_1_510' title='bbox 2828 4681 3126 4761; x_wconf 72' lang='lat' dir='ltr'><strong>prolixus</strong></span> <span class='ocrx_word' id='word_1_511' title='bbox 3153 4675 3483 4755; x_wconf 57' lang='grc' dir='ltr'><strong>εεεθηηῖνα</strong></span> <span class='ocrx_word' id='word_1_512' title='bbox 3512 4691 3590 4761; x_wconf 80' lang='grc' dir='ltr'><strong>μὴ</strong></span> <span class='ocrx_word' id='word_1_513' title='bbox 3619 4693 3676 4743; x_wconf 77' lang='grc' dir='ltr'><strong>ὲν</strong></span> <span class='ocrx_word' id='word_1_514' title='bbox 3698 4684 3938 4760; x_wconf 76' lang='grc' dir='ltr'><strong>σχήματι</strong></span> 
     </span>
    </p>
   </div>
   <div class='ocr_carea' id='block_1_45' title="bbox 710 4783 2312 4870">
    <p class='ocr_par' dir='ltr' id='par_1_45' title="bbox 710 4790 2294 4870">
     <span class='ocr_line' id='line_1_45' title="bbox 710 4790 2294 4870; baseline -0.003 -18"><span class='ocrx_word' id='word_1_515' title='bbox 710 4799 1031 4870; x_wconf 81' lang='grc' dir='ltr'><strong>Ἐπιστολῆς</strong></span> <span class='ocrx_word' id='word_1_516' title='bbox 1061 4799 1238 4870; x_wconf 80' lang='grc' dir='ltr'>πέραν</span> <span class='ocrx_word' id='word_1_517' title='bbox 1253 4796 1347 4853; x_wconf 80' lang='grc' dir='ltr'><strong>τοῦ</strong></span> <span class='ocrx_word' id='word_1_518' title='bbox 1371 4797 1582 4861; x_wconf 79' lang='grc' dir='ltr'><strong>δέοντος</strong></span> <span class='ocrx_word' id='word_1_519' title='bbox 1601 4794 2018 4867; x_wconf 77' lang='grc' dir='ltr'><strong>μακρολογήσω.</strong></span> <span class='ocrx_word' id='word_1_520' title='bbox 2061 4790 2140 4848; x_wconf 78' lang='lat' dir='ltr'><strong>At</strong></span> <span class='ocrx_word' id='word_1_521' title='bbox 2175 4805 2294 4868; x_wconf 87' lang='lat' dir='ltr'><strong>ego</strong></span> 
     </span>
    </p>
   </div>
   <div class='ocr_carea' id='block_1_46' title="bbox 2339 4783 3941 4870">
    <p class='ocr_par' dir='ltr' id='par_1_46' title="bbox 2339 4783 3941 4866">
     <span class='ocr_line' id='line_1_46' title="bbox 2339 4783 3941 4866; baseline -0.003 -18"><span class='ocrx_word' id='word_1_522' title='bbox 2339 4785 2590 4866; x_wconf 82' lang='lat' dir='ltr'><strong>quidem</strong></span> <span class='ocrx_word' id='word_1_523' title='bbox 2626 4785 2921 4846; x_wconf 87' lang='lat' dir='ltr'><strong>lubenter</strong></span> <span class='ocrx_word' id='word_1_524' title='bbox 2968 4783 3146 4844; x_wconf 89' lang='lat' dir='ltr'><strong>illius</strong></span> <span class='ocrx_word' id='word_1_525' title='bbox 3180 4783 3609 4862; x_wconf 77' lang='lat' dir='ltr'><strong>prolixitatem</strong></span> <span class='ocrx_word' id='word_1_526' title='bbox 3648 4784 3941 4855; x_wconf 61' lang='lat' dir='ltr'><strong>epistola!</strong></span> 
     </span>
    </p>
   </div>
   <div class='ocr_carea' id='block_1_47' title="bbox 701 4877 3932 4972">
    <p class='ocr_par' dir='ltr' id='par_1_47' title="bbox 701 4877 3932 4972">
     <span class='ocr_line' id='line_1_47' title="bbox 701 4877 3932 4972; baseline -0.002 -20"><span class='ocrx_word' id='word_1_527' title='bbox 701 4892 1024 4965; x_wconf 88' lang='lat' dir='ltr'><strong>tulissem,</strong></span> <span class='ocrx_word' id='word_1_528' title='bbox 1069 4901 1136 4956; x_wconf 90' lang='lat' dir='ltr'><strong>ut</strong></span> <span class='ocrx_word' id='word_1_529' title='bbox 1166 4888 1538 4972; x_wconf 87' lang='lat' dir='ltr'><strong>hujusmodi</strong></span> <span class='ocrx_word' id='word_1_530' title='bbox 1570 4897 1965 4966; x_wconf 88' lang='lat' dir='ltr'><strong>argumenta,</strong></span> <span class='ocrx_word' id='word_1_531' title='bbox 2014 4906 2131 4950; x_wconf 85' lang='lat' dir='ltr'><strong>seu</strong></span> <span class='ocrx_word' id='word_1_532' title='bbox 2181 4890 2585 4967; x_wconf 87' lang='lat' dir='ltr'><strong>conjecturas</strong></span> <span class='ocrx_word' id='word_1_533' title='bbox 2627 4887 2694 4946; x_wconf 90' lang='lat' dir='ltr'><strong>in</strong></span> <span class='ocrx_word' id='word_1_534' title='bbox 2736 4892 2955 4962; x_wconf 87' lang='lat' dir='ltr'><strong>aperto</strong></span> <span class='ocrx_word' id='word_1_535' title='bbox 3003 4892 3272 4961; x_wconf 88' lang='lat' dir='ltr'><strong>poneret</strong></span> <span class='ocrx_word' id='word_1_536' title='bbox 3307 4900 3320 4944; x_wconf 90' lang='lat'><strong>:</strong></span> <span class='ocrx_word' id='word_1_537' title='bbox 3364 4877 3522 4958; x_wconf 88' lang='lat' dir='ltr'><strong>quin</strong></span> <span class='ocrx_word' id='word_1_538' title='bbox 3557 4892 3619 4944; x_wconf 85' lang='lat' dir='ltr'><strong>et</strong></span> <span class='ocrx_word' id='word_1_539' title='bbox 3650 4884 3932 4962; x_wconf 89' lang='lat' dir='ltr'><strong>simplici</strong></span> 
     </span>
    </p>
   </div>
   <div class='ocr_carea' id='block_1_48' title="bbox 701 4983 3941 5072">
    <p class='ocr_par' dir='ltr' id='par_1_48' title="bbox 701 4983 3941 5072">
     <span class='ocr_line' id='line_1_48' title="bbox 701 4983 3941 5072; baseline -0.002 -16"><span class='ocrx_word' id='word_1_540' title='bbox 701 4995 845 5072; x_wconf 85' lang='lat' dir='ltr'><strong>ejus</strong></span> <span class='ocrx_word' id='word_1_541' title='bbox 884 4993 1254 5054; x_wconf 77' lang='lat' dir='ltr'><strong>teatimonio</strong></span> <span class='ocrx_word' id='word_1_542' title='bbox 1287 4993 1472 5055; x_wconf 83' lang='lat' dir='ltr'><strong>ﬁdem</strong></span> <span class='ocrx_word' id='word_1_543' title='bbox 1498 5009 1625 5054; x_wconf 89' lang='lat' dir='ltr'><strong>non</strong></span> <span class='ocrx_word' id='word_1_544' title='bbox 1654 4992 2090 5065; x_wconf 90' lang='lat' dir='ltr'><strong>detrectarem,</strong></span> <span class='ocrx_word' id='word_1_545' title='bbox 2134 4990 2257 5052; x_wconf 89' lang='lat' dir='ltr'><strong>nisi</strong></span> <span class='ocrx_word' id='word_1_546' title='bbox 2293 4987 2581 5050; x_wconf 85' lang='lat' dir='ltr'><strong>Vaticani</strong></span> <span class='ocrx_word' id='word_1_547' title='bbox 2613 4986 2855 5048; x_wconf 89' lang='lat' dir='ltr'><strong>codicis</strong></span> <span class='ocrx_word' id='word_1_548' title='bbox 2885 4983 3230 5046; x_wconf 88' lang='lat' dir='ltr'><strong>auctoritas</strong></span> <span class='ocrx_word' id='word_1_549' title='bbox 3256 4983 3338 5043; x_wconf 90' lang='lat' dir='ltr'><strong>ab</strong></span> <span class='ocrx_word' id='word_1_550' title='bbox 3363 4983 3503 5060; x_wconf 90' lang='lat' dir='ltr'><strong>ejus</strong></span> <span class='ocrx_word' id='word_1_551' title='bbox 3533 5001 3636 5044; x_wconf 90' lang='lat' dir='ltr'><strong>me</strong></span> <span class='ocrx_word' id='word_1_552' title='bbox 3667 4996 3941 5049; x_wconf 90' lang='lat' dir='ltr'><strong>senten-</strong></span> 
     </span>
    </p>
   </div>
   <div class='ocr_carea' id='block_1_49' title="bbox 702 5083 3942 5171">
    <p class='ocr_par' dir='ltr' id='par_1_49' title="bbox 702 5083 3942 5171">
     <span class='ocr_line' id='line_1_49' title="bbox 702 5083 3942 5171; baseline -0.003 -12"><span class='ocrx_word' id='word_1_553' title='bbox 702 5097 790 5159; x_wconf 88' lang='lat' dir='ltr'><strong>tia</strong></span> <span class='ocrx_word' id='word_1_554' title='bbox 818 5100 1132 5157; x_wconf 87' lang='lat' dir='ltr'><strong>avocaret.</strong></span> <span class='ocrx_word' id='word_1_555' title='bbox 1165 5091 1569 5171; x_wconf 86' lang='lat' dir='ltr'><strong>Quanquam,</strong></span> <span class='ocrx_word' id='word_1_556' title='bbox 1601 5110 1682 5154; x_wconf 89' lang='lat' dir='ltr'><strong>ne</strong></span> <span class='ocrx_word' id='word_1_557' title='bbox 1711 5092 1869 5171; x_wconf 90' lang='lat' dir='ltr'><strong>quid</strong></span> <span class='ocrx_word' id='word_1_558' title='bbox 1901 5091 2338 5161; x_wconf 89' lang='lat' dir='ltr'><strong>dissimulem,</strong></span> <span class='ocrx_word' id='word_1_559' title='bbox 2363 5088 2757 5151; x_wconf 89' lang='lat' dir='ltr'><strong>diminutum</strong></span> <span class='ocrx_word' id='word_1_560' title='bbox 2783 5084 3077 5146; x_wconf 88' lang='lat' dir='ltr'><strong>nonnihil</strong></span> <span class='ocrx_word' id='word_1_561' title='bbox 3110 5083 3194 5144; x_wconf 91' lang='lat' dir='ltr'><strong>sit</strong></span> <span class='ocrx_word' id='word_1_562' title='bbox 3229 5083 3514 5146; x_wconf 85' lang='lat' dir='ltr'><strong>Vaticani</strong></span> <span class='ocrx_word' id='word_1_563' title='bbox 3548 5086 3792 5148; x_wconf 78' lang='lat' dir='ltr'><strong>codicis</strong></span> <span class='ocrx_word' id='word_1_564' title='bbox 3828 5088 3942 5150; x_wconf 83' lang='lat' dir='ltr'><strong>hac</strong></span> 
     </span>
    </p>
   </div>
   <div class='ocr_carea' id='block_1_50' title="bbox 701 5179 3939 5274">
    <p class='ocr_par' dir='ltr' id='par_1_50' title="bbox 701 5179 3939 5274">
     <span class='ocr_line' id='line_1_50' title="bbox 701 5179 3939 5274; baseline -0.003 -9"><span class='ocrx_word' id='word_1_565' title='bbox 701 5207 782 5265; x_wconf 91' lang='lat' dir='ltr'><strong>de</strong></span> <span class='ocrx_word' id='word_1_566' title='bbox 815 5219 880 5263; x_wconf 90' lang='lat' dir='ltr'><strong>re</strong></span> <span class='ocrx_word' id='word_1_567' title='bbox 905 5187 1378 5261; x_wconf 87' lang='lat' dir='ltr'><strong>testimonium.</strong></span> <span class='ocrx_word' id='word_1_568' title='bbox 1413 5197 1552 5256; x_wconf 87' lang='lat' dir='ltr'><strong>Non</strong></span> <span class='ocrx_word' id='word_1_569' title='bbox 1581 5198 1753 5257; x_wconf 88' lang='lat' dir='ltr'><strong>enim</strong></span> <span class='ocrx_word' id='word_1_570' title='bbox 1788 5189 2170 5274; x_wconf 81' lang='lat' dir='ltr'><strong>simpliciter</strong></span> <span class='ocrx_word' id='word_1_571' title='bbox 2201 5195 2322 5255; x_wconf 82' lang='lat' dir='ltr'><strong>hoc</strong></span> <span class='ocrx_word' id='word_1_572' title='bbox 2349 5210 2539 5272; x_wconf 83' lang='lat' dir='ltr'><strong>Opus,</strong></span> <span class='ocrx_word' id='word_1_573' title='bbox 2567 5199 2635 5253; x_wconf 90' lang='lat' dir='ltr'><strong>u-t</strong></span> <span class='ocrx_word' id='word_1_574' title='bbox 2662 5183 2784 5251; x_wconf 89' lang='lat' dir='ltr'><strong>fert</strong></span> <span class='ocrx_word' id='word_1_575' title='bbox 2815 5187 3244 5262; x_wconf 86' lang='lat' dir='ltr'><strong>consuetudo,</strong></span> <span class='ocrx_word' id='word_1_576' title='bbox 3268 5179 3647 5253; x_wconf 86' lang='lat' dir='ltr'><strong>inscribitur</strong></span> <span class='ocrx_word' id='word_1_577' title='bbox 3679 5202 3939 5272; x_wconf 67' lang='lat' dir='ltr'><strong>:Baoqau-</strong></span> 
     </span>
    </p>
   </div>
   <div class='ocr_carea' id='block_1_51' title="bbox 702 5292 2304 5379">
    <p class='ocr_par' dir='ltr' id='par_1_51' title="bbox 702 5294 2274 5379">
     <span class='ocr_line' id='line_1_51' title="bbox 702 5294 2274 5379; baseline -0.006 -16"><span class='ocrx_word' id='word_1_578' title='bbox 702 5307 1238 5379; x_wconf 75' lang='grc' dir='ltr'><strong>λὰκτουἘρμηνεια,</strong></span> <span class='ocrx_word' id='word_1_579' title='bbox 1275 5294 1723 5374; x_wconf 79' lang='lat' dir='ltr'><strong>Theophylacti</strong></span> <span class='ocrx_word' id='word_1_580' title='bbox 1754 5296 2274 5365; x_wconf 79' lang='lat' dir='ltr'><strong>Commentarius,</strong></span> 
     </span>
    </p>
   </div>
   <div class='ocr_carea' id='block_1_52' title="bbox 2337 5292 3939 5379">
    <p class='ocr_par' dir='ltr' id='par_1_52' title="bbox 2337 5292 3939 5374">
     <span class='ocr_line' id='line_1_52' title="bbox 2337 5292 3939 5374; baseline 0.007 -21"><span class='ocrx_word' id='word_1_581' title='bbox 2337 5294 2422 5354; x_wconf 79' lang='lat' dir='ltr'><strong>vel</strong></span> <span class='ocrx_word' id='word_1_582' title='bbox 2451 5292 2902 5374; x_wconf 78' lang='lat' dir='ltr'><strong>Interpretatt&#39;o</strong></span> <span class='ocrx_word' id='word_1_583' title='bbox 2920 5311 2939 5359; x_wconf 89' lang='grc'><em>;</em></span> <span class='ocrx_word' id='word_1_584' title='bbox 2967 5294 3078 5353; x_wconf 88' lang='lat' dir='ltr'><strong>sed</strong></span> <span class='ocrx_word' id='word_1_585' title='bbox 3114 5312 3131 5351; x_wconf 90' lang='lat'><strong>:</strong></span> <span class='ocrx_word' id='word_1_586' title='bbox 3170 5299 3470 5371; x_wconf 80' lang='grc' dir='ltr'><strong>Ἐρμηνεία</strong></span> <span class='ocrx_word' id='word_1_587' title='bbox 3493 5303 3603 5357; x_wconf 80' lang='grc' dir='ltr'><strong>ἀπὸ</strong></span> <span class='ocrx_word' id='word_1_588' title='bbox 3629 5303 3720 5372; x_wconf 72' lang='grc' dir='ltr'><strong>τῆς</strong></span> <span class='ocrx_word' id='word_1_589' title='bbox 3750 5303 3939 5372; x_wconf 77' lang='grc' dir='ltr'><strong>φωνῆς</strong></span> 
     </span>
    </p>
   </div>
   <div class='ocr_carea' id='block_1_53' title="bbox 709 5391 2311 5478">
    <p class='ocr_par' dir='ltr' id='par_1_53' title="bbox 709 5395 2311 5478">
     <span class='ocr_line' id='line_1_53' title="bbox 709 5395 2311 5478; baseline -0.003 -19"><span class='ocrx_word' id='word_1_590' title='bbox 709 5406 1112 5478; x_wconf 79' lang='grc' dir='ltr'><strong>Θεοφυ).άκτου.</strong></span> <span class='ocrx_word' id='word_1_591' title='bbox 1133 5425 1189 5467; x_wconf 82' lang='grc' dir='ltr'><strong>κ.</strong></span> <span class='ocrx_word' id='word_1_592' title='bbox 1214 5425 1265 5461; x_wconf 83' lang='grc' dir='ltr'><strong>τ.</strong></span> <span class='ocrx_word' id='word_1_593' title='bbox 1297 5405 1371 5471; x_wconf 79' lang='grc' dir='ltr'><strong>λ..</strong></span> <span class='ocrx_word' id='word_1_594' title='bbox 1406 5395 1910 5460; x_wconf 68' lang='grc' dir='ltr'><strong>σοηυηὲηεανὶηε</strong></span> <span class='ocrx_word' id='word_1_595' title='bbox 1943 5396 2039 5454; x_wconf 88' lang='lat' dir='ltr'><strong>vel</strong></span> <span class='ocrx_word' id='word_1_596' title='bbox 2075 5395 2311 5472; x_wconf 79' lang='lat' dir='ltr'><strong>Interpt</strong></span> 
     </span>
    </p>
   </div>
   <div class='ocr_carea' id='block_1_54' title="bbox 2336 5391 3938 5478">
    <p class='ocr_par' dir='ltr' id='par_1_54' title="bbox 2336 5391 3938 5472">
     <span class='ocr_line' id='line_1_54' title="bbox 2336 5391 3938 5472; baseline 0 -19"><span class='ocrx_word' id='word_1_597' title='bbox 2336 5395 2531 5454; x_wconf 47' lang='lat' dir='ltr'><strong>‘etutio</strong></span> <span class='ocrx_word' id='word_1_598' title='bbox 2560 5414 2642 5454; x_wconf 73' lang='lat' dir='ltr'><strong>ea:</strong></span> <span class='ocrx_word' id='word_1_599' title='bbox 2669 5412 2816 5455; x_wconf 73' lang='lat' dir='ltr'><strong>voce</strong></span> <span class='ocrx_word' id='word_1_600' title='bbox 2868 5391 3340 5472; x_wconf 80' lang='lat' dir='ltr'><strong>Theophylacti,</strong></span> <span class='ocrx_word' id='word_1_601' title='bbox 3391 5401 3512 5457; x_wconf 90' lang='lat' dir='ltr'><strong>etc.</strong></span> <span class='ocrx_word' id='word_1_602' title='bbox 3557 5398 3635 5456; x_wconf 84' lang='lat' dir='ltr'><strong>At</strong></span> <span class='ocrx_word' id='word_1_603' title='bbox 3667 5395 3824 5472; x_wconf 87' lang='lat' dir='ltr'><strong>quid</strong></span> <span class='ocrx_word' id='word_1_604' title='bbox 3863 5413 3938 5454; x_wconf 75' lang='lat' dir='ltr'><strong>ex</strong></span> 
     </span>
    </p>
   </div>
   <div class='ocr_carea' id='block_1_55' title="bbox 721 5483 3934 5588">
    <p class='ocr_par' dir='ltr' id='par_1_55' title="bbox 721 5483 3934 5588">
     <span class='ocr_line' id='line_1_55' title="bbox 721 5483 3934 5588; baseline -0.001 -32"><span class='ocrx_word' id='word_1_605' title='bbox 721 5493 1090 5574; x_wconf 86' lang='lat' dir='ltr'><strong>hujusmodi</strong></span> <span class='ocrx_word' id='word_1_606' title='bbox 1131 5490 1582 5580; x_wconf 85' lang='lat' dir='ltr'><strong>inscriptionis</strong></span> <span class='ocrx_word' id='word_1_607' title='bbox 1613 5493 1987 5557; x_wconf 88' lang='lat' dir='ltr'><strong>diversitate</strong></span> <span class='ocrx_word' id='word_1_608' title='bbox 2016 5491 2234 5570; x_wconf 86' lang='lat' dir='ltr'><strong>colligi</strong></span> <span class='ocrx_word' id='word_1_609' title='bbox 2266 5500 2481 5571; x_wconf 82' lang='lat' dir='ltr'><strong>queat,</strong></span> <span class='ocrx_word' id='word_1_610' title='bbox 2515 5483 2681 5556; x_wconf 83' lang='lat' dir='ltr'><strong>haud</strong></span> <span class='ocrx_word' id='word_1_611' title='bbox 2713 5492 3034 5572; x_wconf 85' lang='lat' dir='ltr'><strong>intelligo,</strong></span> <span class='ocrx_word' id='word_1_612' title='bbox 3069 5494 3220 5568; x_wconf 88' lang='lat' dir='ltr'><strong>nisi,</strong></span> <span class='ocrx_word' id='word_1_613' title='bbox 3258 5493 3358 5588; x_wconf 73' lang='lat' dir='ltr'><strong>vel</strong></span> <span class='ocrx_word' id='word_1_614' title='bbox 3388 5494 3559 5584; x_wconf 83' lang='lat' dir='ltr'><strong>hunc</strong></span> <span class='ocrx_word' id='word_1_615' title='bbox 3596 5496 3934 5557; x_wconf 80' lang='lat' dir='ltr'><strong>Commea-</strong></span> 
     </span>
    </p>
   </div>
   <div class='ocr_carea' id='block_1_56' title="bbox 786 5703 2388 5792">
    <p class='ocr_par' dir='ltr' id='par_1_56' title="bbox 786 5710 2380 5792">
     <span class='ocr_line' id='line_1_56' title="bbox 786 5710 2380 5792; baseline 0.001 -26"><span class='ocrx_word' id='word_1_616' title='bbox 786 5712 860 5792; x_wconf 70' lang='grc' dir='ltr'><strong>(ᾳ)</strong></span> <span class='ocrx_word' id='word_1_617' title='bbox 916 5712 1364 5778; x_wconf 71' lang='lat' dir='ltr'><strong>Commentarins</strong></span> <span class='ocrx_word' id='word_1_618' title='bbox 1434 5715 1826 5788; x_wconf 59' lang='lat' dir='ltr'><strong>.a.iicopliylacti</strong></span> <span class='ocrx_word' id='word_1_619' title='bbox 1889 5716 1942 5770; x_wconf 85' lang='lat' dir='ltr'><strong>in</strong></span> <span class='ocrx_word' id='word_1_620' title='bbox 1998 5713 2270 5783; x_wconf 75' lang='lat' dir='ltr'><strong>Epistolas</strong></span> <span class='ocrx_word' id='word_1_621' title='bbox 2311 5710 2380 5765; x_wconf 77' lang='lat' dir='ltr'><strong>Pa</strong></span> 
     </span>
    </p>
   </div>
   <div class='ocr_carea' id='block_1_57' title="bbox 2331 5703 3933 5792">
    <p class='ocr_par' dir='ltr' id='par_1_57' title="bbox 2331 5703 3933 5782">
     <span class='ocr_line' id='line_1_57' title="bbox 2331 5703 3933 5782; baseline -0.005 -17"><span class='ocrx_word' id='word_1_622' title='bbox 2331 5711 2458 5765; x_wconf 69' lang='lat' dir='ltr'><strong>‘auli</strong></span> <span class='ocrx_word' id='word_1_623' title='bbox 2493 5716 2665 5782; x_wconf 85' lang='lat' dir='ltr'><strong>primo</strong></span> <span class='ocrx_word' id='word_1_624' title='bbox 2695 5723 2873 5768; x_wconf 75' lang='lat' dir='ltr'><strong>cattus</strong></span> <span class='ocrx_word' id='word_1_625' title='bbox 2893 5717 3036 5769; x_wconf 74' lang='lat' dir='ltr'><strong>est‘a</strong></span> <span class='ocrx_word' id='word_1_626' title='bbox 3063 5712 3300 5769; x_wconf 77' lang='lat' dir='ltr'><strong>Porsena</strong></span> <span class='ocrx_word' id='word_1_627' title='bbox 3329 5711 3430 5767; x_wconf 85' lang='lat' dir='ltr'><strong>sub</strong></span> <span class='ocrx_word' id='word_1_628' title='bbox 3497 5708 3711 5764; x_wconf 84' lang='lat' dir='ltr'><strong>nomine</strong></span> <span class='ocrx_word' id='word_1_629' title='bbox 3778 5703 3933 5757; x_wconf 68' lang='lat' dir='ltr'><strong>Atha-</strong></span> 
     </span>
    </p>
   </div>
   <div class='ocr_carea' id='block_1_58' title="bbox 709 5797 870 5835">
    <p class='ocr_par' dir='ltr' id='par_1_58' title="bbox 709 5797 870 5835">
     <span class='ocr_line' id='line_1_58' title="bbox 709 5797 870 5835; baseline 0 0"><span class='ocrx_word' id='word_1_630' title='bbox 709 5797 870 5835; x_wconf 74' lang='grc' dir='ltr'><strong>ηαδη.</strong></span> 
     </span>
    </p>
   </div>
  </div>
