4056 6340
194 450 325 523 41³
1032 459 1116 519 ΙΝ
1158 458 1598 532 ΒΕΟΒΕΝΤΙΛ
1627 459 1796 521 ΤΗΕ(

1847 462 2211 526 PHYLACTI
2244 468 2381 528 SCR
2395 471 2410 528 I
2424 471 2582 530 PTA.
3351 474 3449 539 ιιι

199 567 458 631 ιιι-ἱππ)
488 586 570 632 ex
601 584 712 630 ore
745 567 952 645 ipsius
984 569 1472 648 Theophylacti,
1505 573 1657 633 dum
1685 575 1835 636 Acta
1865 576 2302 668 apostolorum
2347 585 2583 658 popn!o
2614 599 2734 644 suo
2760 587 3148 664 explanaret,
3184 606 3214 650 a
3246 591 3453 668 luela}-

206 670 472 748 grapho
500 671 722 751 aliquo
753 681 1090 750 exceptum
1123 688 1299 748 esse;
1342 673 1438 735 vel
1471 691 1549 735 ex
1579 675 1707 736 alio
1731 663 1974 742 fusiore
2007 681 2296 760 ejusdem
2338 683 2805 747 Commentario
2829 688 3296 766 depromptum.
3331 663 3449 752 δῖα

210 780 538 834 neutram
578 789 654 833 ex
701 770 805 832 his
841 772 1223 851 contigisse,
1258 789 1623 853 quanquam
1683 775 2062 839 alterutrum
2117 780 2190 839 ad
2232 795 2380 841 cum
2420 780 2897 861 Theophylacto
2951 787 3448 867 adjudicandum

199 869 567 944 δαῦκοι-ει,
613 879 1003 951 argumento
1033 881 1128 934 est
1179 872 1410 934 similis
1456 874 1791 951 inscriptio
1845 878 2105 955 prrefixa
2190 881 2502 943 Prommio
2547 885 2994 969 commentarii
3044 888 3334 967 ejusdem
3386 890 3451 964 in

202 977 508 1047 quatuor
540 970 923 1058 Evangelia,-
944 972 1116 1051 qued
1152 973 1358 1034 exstat-
1388 974 1452 1035 in
1486 974 1872 1039 bibliotheca
1909 975 2716 1045 Caesareo-Vindobonensi
2744 985 2962 1049 codice
2991 989 3131 1062 271,
3163 1008 3305 1068 quae
3337 991 3453 1052 hoc

203 1073 420 1134 modo
472 1091 542 1136 se
610 1073 799 1136 habet
860 1091 876 1135 Σ
949 1084 1248 1155 Ἕρμηνεία
1304 1083 1414 1138 τῶν
1471 1090 1752 1159 τεσσάρων
1789 1089 2136 1157 Εὑαγγε).ιῶν
2196 1091 2303 1144 ἀπὸ
2364 1089 2547 1164 φωνῆς
2592 1093 2970 1163 Θεοφυλάκτου
3023 1101 3453 1172 ἀρχιεπιπκὸπου

199 1179 583 1252 Βουλγαρίις,
616 1172 1067 1252 Interpretatio
1090 1187 1361 1253 quatuor
1380 1175 1867 1255 Evangeliorum
1886 1188 1963 1240 ed:
1990 1198 2134 1242 voce
2162 1183 2605 1263 Theophy'lacti
2620 1192 3082 1271 archiepiscopi
3098 1195 3412 1274 Bulgaria!
3435 1216 3453 1253 :

203 1281 273 1333 et
311 1287 527 1334 tamen
560 1273 735 1352 quod
774 1274 1015 1336 ibidem
1051 1275 1350 1352 sequitur
1378 1277 1757 1339 Praemium
1785 1281 1853 1340 in
1881 1291 2154 1357 quatuor
2182 1283 2526 1363 Evangelia
2557 1297 2652 1349 est
2684 1282 2849 1352 illud
2874 1292 3041 1353 idem
3063 1295 3232 1372 quod
3272 1295 3452 1357 codi-

201 1386 325 1432 ces
364 1372 411 1432 ii
463 1371 835 1450 preferunt,
871 1373 982 1453 qui
1017 1385 1328 1440 consueta
1361 1386 1794 1456 praenotantur

1867 1380 2190 1459 pigraphe,
2227 1385 2530 1448 nimirum
2569 1396 2988 1465 τΘεοφυλάκτου
3029 1401 3321 1470 Ἐρμηνεία
3377 1404 3457 1462 εἰς

197 1482 466 1554 escape
489 1484 814 1552 Εὐαγγέλια,
857 1476 1306 1556 Theophylacti
1337 1479 1790 1556 lnterprelatio
1816 1482 1883 1541 in
1914 1493 2188 1563 quatuor
2217 1485 2596 1564 Evangelia;
2630 1491 2924 1568 quamvis
2963 1492 3100 1570 ipse
3126 1493 3459 1556 Commen-

199 1576 425 1637 tarius
455 1577 519 1637 in
545 1577 736 1640 citato
765 1578 1017 1654 codice,
1055 1582 1275 1642 nescio
1308 1595 1432 1661 qua
1486 1587 1565 1643 de
1597 1601 1809 1659 causa,
1856 1593 1984 1646 non
2021 1598 2221 1649 exstet
2251 1604 2275 1650 τ’
2306 1596 2398 1650 est
2429 1591 2670 1670 quippe
2718 1595 3098 1667 Prommium
3139 1598 3216 1656 ab
3249 1596 3456 1672 ipsius

199 1673 678 1739 Commentarii
707 1695 973 1758 corpora
1003 1679 1322 1742 avulsum.
1359 1684 1653 1744 Fortasse
1688 1683 1792 1756 iis,
1829 1685 1938 1765 qui
1977 1687 2058 1746 ita
2111 1687 2520 1767 inscripsere,
2558 1701 2730 1771 φωνὴ,
2763 1704 2912 1766 vos},
2949 1696 3215 1772 perinde
3255 1705 3348 1755 est
3389 1714 3459 1757 ac

198 1773 616 1854 Expositio;
662 1794 795 1858 quo
823 1780 1017 1841 etiam
1050 1779 1116 1840 in
1153 1797 1347 1843 sensu
1375 1789 1616 1857 γλῶσσα,
1653 1782 1871 1862 lingua
1917 1785 2236 1848 interdum
2291 1799 2667 1866 usurpatur.
2698 1794 2842 1854 Hac
2879 1793 3210 1874 aliquanto
3249 1797 3457 1859 fusius

200 1883 595 1952 persecutus
623 1895 792 1950 sum,
836 1896 960 1944 non
1000 1887 1063 1943 ut
1099 1880 1266 1942 hunc
1298 1880 1838 1945 Commentarium
1871 1893 2045 1948 certo
2085 1887 2403 1950 vindicem
2447 1889 2948 1972 TheOpbylacto,
2981 1896 3152 1974 quod
3183 1914 3296 1958 nec
3325 1899 3453 1958 ﬁeri

205 1989 418 2051 posse
448 1990 793 2055 cognosco,
826 1996 969 2041 cum
1001 1980 1172 2042 alius
1203 1981 1399 2042 codex
1432 1994 1640 2060 aeque,
1670 1984 1771 2045 sin
1811 1985 2037 2063 magis,
2071 1995 2362 2050 Vetustas
2405 1987 2600 2051 alium
2634 1991 3089 2072 diversumque
3119 1995 3456 2058 Commen-

203 2075 454 2139 tariun
491 2079 557 2140 in
591 2079 814 2143 eadem
852 2081 1288 2161 apostolorum
1327 2086 1474 2145 Acta
1519 2085 2005 2167 Theophylacto
2050 2089 2293 2151 diserte
2325 2089 2586 2166 tribuat,
2637 2094 2689 2154 is
2744 2111 2996 2172 nempe,
3032 2096 3137 2175 qui
3173 2113 3202 2156 a
3245 2095 3458 2157 Sriano

199 2182 307 2238 eat
345 2177 641 2268 editus;\
670 2181 782 2243 sed
813 2189 1131 2245 ulcerum
1166 2185 1555 2268 sententiam,
1587 2186 1851 2247 minime
1892 2187 2374 2265 improbandam
2407 2193 2842 2266 ostenderem,
2877 2195 2985 2273 qui
3030 2211 3175 2255 cum
3228 2195 3288 2255 in
3326 2205 3475 2255 tcr-s

205 2279 307 2341 tio
342 2278 540 2358 hujus
572 2280 883 2345 editionis
919 2284 1250 2346 volumine
1276 2283 1485 2346 locum
1521 2284 1755 2375 habere
1788 2287 2159 2361 voluerunt,
2198 2292 2441 2351 tametsi
2469 2293 2738 2354 maxima
2773 2292 3048 2372 cx'part‘c
3077 2295 3490 2375 jampridcm'

200 2380 337 2442 sub
388 2380 772 2445 UEcumenii
819 2386 1106 2448 nomitne‘
1137 2386 1508 2464 prodiisset.
1540 2369 1679 2453 fSed
1729 2396 1800 2448 et
1828 2405 1904 2450 eo
1943 2389 2143 2468 magis
2192 2391 2348 2451 mihi
2391 2390 2523 2455 baar.
2562 2369 2938 2455 disserenda
2995 2369 3234 2473 putavi,
3283 2399 3463 2471 quod

202 2481 626 2546 OEcumenio
658 2484 852 2547 etiam
879 2473 1395 2549 Cnm‘mentarins
1444 2488 1799 2566 insequens
1837 2490 2168 2566 eripiatur.
2192 2491 2510 2569 .Quojure
2559 2493 2747 2577 paulo
2784 2503 2923 2572 post
2983 2496 3455 2566 demonstrabo,

203 2581 324 2642 ubi
367 2583 645 2660 primum
677 2585 1015 2650 absolvero
1045 2605 1116 2650 ea
1149 2606 1292 2666 quae
1322 2589 1400 2650 de
1436 2577 1629 2650 hocce
1664 2590 2139 2653 Commentario
2175 2593 2330 2682 mihi
2365 2592 2572 2655 adhuc
2602 2595 2870 2656 dicenda
2912 2607 3289 2675 supersunt.

287 2687 436 2748 VII.
475 2686 595 2749 Ubi
627 2689 1173 2754 Commentarium
1218 2692 1388 2754 hunc
1413 2709 1566 2754 cum
1601 2694 2118 2769 Oticumeniano,
2152 2695 2237 2757 ita
2261 2697 2408 2778 eam
2438 2696 2714 2773 appello,
2755 2697 2867 2777 qui
2899 2698 3042 2778 ejus
3073 2697 3458 2759 nominc'in-

205 2788 780 2879 scriptusprodiit,
814 2793 1002 2856 modo
1027 2811 1221 2873 supra
1262 2793 1435 2855 dicto
1462 2810 1818 2879 congruere
1874 2763 2613 2879 animadverti‘,\quoties
2646 2763 2860 2860 meum
2923 2763 3249 2870 exemplar
3291 2803 3465 2856 nien-

286 2849 289 2850 ν
347 2849 362 2866 .
430 2849 673 2868 κηη-
816 2849 997 2856 mu-
1027 2849 1221 2873 --,---
1267 2849 1428 2855 --νη-
1467 2849 1817 2873 π--ο--τη
1875 2849 2322 2870 “mu-"mu.
2360 2849 2611 2875 -ιυν---σ
2648 2849 2860 2860 -ςυι---
2926 2849 3235 2870 ν-υ-τν--η

207 2888 450 2951 dosum
497 2875 607 2956 aut
639 2893 960 2959 mutilum-
991 2915 1155 2974 esse,
1187 2899 1358 2978 quod
1421 2877 1794 2975 frequenter
1828 2899 2120 2978 contigit,
2200 2849 2598 2993 sustiicabar,
2648 2902 2857 2979 ipsum
2890 2903 3144 2976 adii,ut
3194 2901 3459 2962 detectis
3511 2981 3517 2991 .

206 2989 598 3053 medicinam
657 2994 1035 3058 vulneribus
1079 2997 1464 3073 reperirem;
1512 2998 1685 3076 quod
1744 2996 2127 3076 plerumque
2158 2989 2439 3062 feliciter
2495 3001 2919 3064 succedebat:
2959 3002 3279 3082 siquidem
3354 2992 3461 3061 ille

207 3101 291 3170 ex
332 3090 643 3153 nitidiore
707 3095 1040 3173 magisque
1100 3095 1351 3173 integro
1405 3096 1625 3156 codice
1660 3095 2042 3170 desumptus
2085 3112 2228 3158 esse
2285 3095 2565 3161 videtur.
2607 3099 2934 3159 Interdum
2981 3107 3189 3159 tamen
3243 3104 3510 3176 textus_
3560 3140 3562 3143 -

209 3197 491 3268 uterque
523 3203 860 3272 corruptus
882 3195 1041 3259 mihi
1078 3198 1254 3260 visus
1287 3207 1404 3272 est,
1437 3199 1607 3278 quod
1647 3207 1874 3261 neuter
1903 3181 2261 3278 congruum
2295 3217 2556 3261 sensum
2584 3200 2738 3261 mihi
2764 3199 3080 3263 funderet.
3120 3204 3278 3262 Tum
3317 3217 3466 3260 vero

212 3292 312 3356 vel
353 3294 432 3356 ad
465 3294 861 3360 Sifanianum
919 3300 1484 3374 Commentarium,
1521 3301 1616 3362 vel
1680 3304 1757 3362 ad
1800 3299 2237 3382 apographum
2285 3301 2760 3376 Florentinum,
2802 3301 2898 3363 vel
2957 3302 3033 3364 ad
3075 3303 3465 3381 prmcipuum

211 3398 508 3462 omnium
543 3397 782 3463 fontem
820 3401 1366 3483 Chrysostomum,
1404 3412 1462 3484 et
1494 3404 1880 3483 quandoque
1909 3403 1986 3465 ad
2043 3417 2271 3464 omnes
2295 3402 2444 3480 illos
2480 3400 2951 3483 confugiebam.
2986 3403 3305 3494 Nonnulla
3345 3404 3466 3464 bu-

197 3493 317 3570 ‘ius
353 3499 446 3561 rei
497 3500 877 3580 exemplain
913 3495 1221 3567 inferiore
1269 3505 1552 3584 margine
1608 3504 1975 3584 paginarum
2022 3507 2324 3566 adnotata
2361 3503 2558 3566 lector
2615 3505 2958 3566 observare
2997 3493 3250 3581 poterit.
3311 3506 3465 3566 Cum

215 3619 371 3666 vero
404 3608 573 3666 recte
603 3622 673 3668 se
697 3603 964 3669 habebat
993 3624 1253 3681 sensus,
1283 3609 1402 3672 etsi
1435 3608 1716 3670 viderem
1740 3609 2290 3688 Chrysostomum,
2323 3613 2433 3670 aut
2463 3607 2748 3686 aliquem
2784 3625 2858 3670 ex
2895 3609 3259 3670 memoratis
3290 3611 3469 3670 (:ezn.

216 3707 552 3790 mentariis
589 3711 684 3774 vel
713 3711 951 3785 verbis,
999 3710 1099 3776 vel
1131 3711 1356 3775 ordine
1397 3713 1790 3792 discrepare,
1824 3712 1987 3775 nihil
2018 3712 2084 3776 in
2123 3711 2474 3792 exemplari
2514 3726 2660 3774 meo
2693 3710 3161 3773 immutandum
3193 3712 3412 3773 censui
3452 3733 3466 3771 :
3521 3727 3527 3735 ·

217 3827 344 3877 non
390 3814 565 3876 enim
612 3814 774 3878 alios
812 3833 1238 3898 quoscunque
1297 3816 1844 3888 Commentarios,
1900 3814 2317 3897 quantumvis
2382 3811 2708 3876 interdum
2759 3813 2856 3875 vel
2899 3813 3107 3892 capia,
3171 3812 3266 3875 vel
3311 3831 3464 3875 con-

207 3906 528 3980 cinnitate
561 3915 1014 3996 praferendos,
1043 3918 1157 3981 sed
1201 3917 1372 3980 hunc
1403 3918 1708 3980 duntaxat
1745 3919 2127 3979 Vaticanum
2155 3915 2345 3978 edere
2398 3914 2556 3976 mihi
2589 3914 3012 3976 constitutum
3050 3921 3181 3975 erat
3205 3925 3221 3968 ξ
3248 3931 3467 3992 qnam-

217 4009 439 4078 obrem
505 4018 584 4079 da
641 4018 755 4081 illo
795 4018 1236 4081 tantummodo
1270 4017 1655 4095 corrigendo
1677 4025 1748 4078 et
1789 4034 1820 4077 a
1885 4017 2300 4079 librariorum
2349 4014 2612 4094 injuriis
2645 4014 3033 4076 vindicando
3088 4014 3242 4074 mihi
3295 4015 3465 4074 labo-

219 4123 497 4185 randum
529 4123 917 4186 existimavi.
950 4124 1116 4185 Hinc
1145 4123 1335 4186 etiam
1371 4123 1451 4184 ita
1491 4123 1677 4185 illum
1714 4108 2168 4187 excudendum
2216 4122 2462 4195 curavi,
2494 4129 2562 4183 ut
2591 4135 2722 4200 quo
2761 4118 3027 4214 propius
3063 4119 3193 4181 ﬁeri
3230 4127 3466 4198 posset,

221 4213 600 4287 Vaticanum
636 4225 848 4306 ipsum
881 4226 1167 4288 codicem
1201 4233 1710 4304 reprmsentaret.
1759 4228 1962 4302 Quam
1995 4226 2077 4288 ob
2104 4241 2386 4302 causam,
2419 4236 2563 4290 cum
2599 4222 3005 4286 in-Vaticano
3029 4221 3250 4283 codice
3283 4238 3471 4282 sacrm

217 4325 562 4406 Scriptura
602 4334 812 4392 textus
843 4327 908 4392 in
937 4329 1163 4403 varias,
1212 4346 1360 4410 qua:
1388 4345 1420 4390 a
1457 4327 1695 4391 Grmcis
1725 4328 1789 4391 in
1818 4345 1990 4391 sacra
2027 4327 2311 4408 liturgia,
2355 4326 2637 4389 Pasr-hali
2673 4332 2983 4404 tempore,
3029 4325 3465 4402 perlcguntUr,

223 4431 535 4495 lectiones
563 4431 940 4512 dispertitus
968 4432 1174 4511 primo
1212 4432 1615 4500 exhibeatur.
1649 4439 1711 4496 et
1753 4448 1884 4510 quo
1917 4447 2192 4511 quasque
2227 4430 2332 4492 die
2380 4429 2460 4492 ab
2494 4429 2740 4491 eisdem
2766 4425 3089 4489 recitanda
3122 4423 3229 4494 sit,
3281 4423 3469 4483 adno.

221 4540 391 4595 tetur
423 4553 441 4606 ι
473 4550 546 4595 ac
577 4541 874 4610 praterea
906 4532 1156 4612 integer
1186 4535 1460 4598 Actunm
1495 4533 1929 4613 apostolorum
1965 4532 2124 4593 liber
2171 4547 2296 4593 non
2332 4532 2395 4592 in
2440 4538 2582 4613 octo
2615 4544 2808 4608 supra
2860 4523 3114 4602 viginti,
3177 4531 3245 4584 ut
3302 4525 3467 4598 apud

223 4642 336 4696 nos
373 4627 762 4714 Grecosque
818 4636 1271 4708 communiter,
1315 4637 1430 4699 sed
1474 4637 1538 4697 in
1583 4623 2000 4714 quadra-ginta
2037 4635 2242 4712 capita
2297 4634 2665 4706 dividatur;
2717 4631 2836 4694 hoc
2869 4636 3072 4692 totum
3120 4627 3257 4703 ipse
3322 4623 3470 4686 reti-

221 4737 511 4801 nendum
544 4733 784 4816 putavi.
823 4713 1216 4799 Attamen'ut
1243 4713 1685 4798 studiosorum
1717 4737 2056 4798 commodo
2101 4741 2161 4798 et
2195 4735 2460 4799 utilitati
2489 4732 2922 4807 consulerem,
2961 4745 3104 4793 cum
3130 4727 3206 4788 ad
3250 4723 3465 4783 latera-

227 4844 348 4906 lem
382 4842 762 4922 marginem,
798 4847 933 4903 tum
962 4841 1028 4903 in
1057 4838 1268 4903 fronte
1318 4839 1693 4921 paginarum
1751 4840 2128 4904 eorumdem
2159 4840 2439 4920 capitum
2472 4849 2810 4901 numerum
2835 4833 3022 4911 juxta
3059 4827 3247 4940 nobis
3295 4825 3471 4940 Grai-

225 4946 454 5026 cisque
485 4951 848 5009 consuetam
885 4941 1293 5022 partitionem
1319 4933 1610 5024 adjunxi.
1644 4939 1810 5014 Quia
1845 4959 1994 5004 vero
2024 4942 2336 5020 prmdictm
2366 4937 2674 5043 lectiones
2707 4949 2833 5043 non
2872 4947 3035 5043 .sese
3068 4930 3208 4990 sine
3263 4925 3475 4989 medio

227 5039 589 5128 excipiunt,
618 5043 730 5108 sed
759 5041 949 5108 modo
987 5039 1190 5122 plura,
1229 5044 1417 5106 modo
1455 5043 1778 5122 pauciora,
1824 5058 1968 5120 quia
2007 5041 2072 5101 in
2131 5056 2308 5101 sacra
2340 5036 2602 5116 liturgia
2643 5034 3320 5140 perlegi-nequaquam
3355 5043 3471 5140 ,διξ-

213 5150 382 5226 Jent,
421 5139 759 5232 interjecta
787 5147 1142 5212 identidem
1173 5152 1351 5220 sunt,
1398 5146 1546 5209 ideo
1575 5145 1688 5225 qui
1727 5144 2106 5206 Vaticanum
2135 5143 2424 5206 codicem
2470 5139 2782 5212 exaravit,
2834 5137 2908 5199 ad
2943 5131 3309 5243 earumdem
3350 5131 3439 5243 ini
3506 5143 3516 5148 ·

231 5257 388 5318 tium
418 5229 900 5351 terminumque
928 5252 1376 5326 indicandum,
1401 5251 1468 5312 in
1523 5248 1834 5328 margine,
1870 5247 1970 5310 vel
1995 5248 2186 5311 etiam
2243 5248 2412 5311 intra
2445 5245 2694 5326 paginas
2721 5256 2956 5351 corpus
2996 5233 3321 5351 apposuit;
3359 5229 3469 5351 has

233 5377 420 5424 voces
455 5379 473 5419 :
513 5357 680 5432 ἀρχὴ.
707 5335 982 5433 initium,
1013 5360 1186 5432 τέλος,
1219 5357 1386 5437 ﬁnis.
1430 5357 1506 5416 Et
1533 5353 1685 5434 quia
1713 5369 1937 5416 omnes
1969 5353 2110 5417 ista:
2160 5354 2497 5427 lectiones,
2527 5343 3070 5430 quemadmodum
3113 5339 3468 5427 yrnostra,

233 5465 317 5541 ita
350 5464 425 5526 in
455 5462 822 5525 Grmcorum
849 5463 1110 5544 liturgia
1143 5463 1468 5546 incipiunt
1526 5460 1628 5522 his
1661 5458 1835 5522 verbi

1868 5478 1878 5520 ἰ
1921 5482 1936 5521 :
1987 5464 2077 5519 Ἐν
2105 5466 2342 5525 ἐκείναις
2377 5461 2636 5531 ἡμέραις,
2709 5453 2785 5512 1η
2819 5448 3034 5510 diebus
3095 5446 3266 5512 illis;
3307 5458 3470 5519 smpe

237 5571 420 5632 etiam
447 5559 662 5645 aliqua
693 5558 986 5628 verba'ad
1011 5552 1342 5648 clariorem
1396 5581 1630 5660 sensus
1665 5563 2145 5626 inchoationem
2188 5558 2512 5621 adduntur
2564 5555 2656 5616 vel
2682 5560 3097 5638 repetuntur;
3147 5548 3277 5660 haec
3306 5563 3479 5633 quo:

227 5658 356 5754 ευρ
387 5666 693 5734 librarius
740 5659 796 5730 θ’
827 5669 1091 5748 regione
1133 5649 1432 5751 ascripsit
1488 5670 1552 5732 in
1595 5668 1905 5748 margine.
1950 5671 2189 5731 Verum
2239 5678 2384 5722 cum
2436 5660 2566 5720 haec
2599 5659 2814 5720 minus
2857 5651 3212 5764 necessaria
3243 5650 3472 5764 forem.

236 5779 364 5842 imo
394 5774 675 5857 aliquam
701 5773 920 5852 parere
952 5773 1395 5837 confusionem
1458 5774 1804 5838 lectoribus
1845 5776 2126 5852 possent,
2154 5785 2232 5830 ex
2259 5765 2383 5828 alia
2416 5780 2564 5826 vero
2600 5774 2771 5842 parte
2818 5775 2944 5822 non
2968 5758 3124 5820 satis
3153 5761 3473 5873 .acctt't'titc

233 5875 526 5946 adnotata
583 5876 995 5958 repetissem,
1048 5879 1247 5942 satius
1288 5881 1440 5943 duxi
1483 5899 1554 5942 ea
1611 5897 1870 5957 prorsus
1905 5875 2245 5942 omittere:
2311 5871 2684 5950 praesertim,
2719 5884 2864 5930 cum
2897 5883 2975 5929 ex
3037 5863 3474 5927 ecclesiastico
