4056 6340
626 392 738 461 815
1674 400 2060 469 BONlF-ACII
2115 404 2419 465 FINETTI
2459 406 2871 469 PRI‘EFA'I‘IO-
3440 354 3445 361 ⁸
3782 414 3873 478 416

626 509 997 579 ﬂaucorum,
1032 499 1219 578 libro,
1253 505 1363 584 qui
1399 505 1739 587 Apostolus
1776 512 1968 590 vulgo
2004 514 2266 590 dicitur,
2299 518 2585 598 quisque
2626 517 2817 581 facile
2863 520 3099 583 rescire
3130 522 3356 599 possit,
3387 522 3546 603 quid
3583 541 3616 584 a
3655 529 3875 588 (ὶτωςίς

625 627 703 671 ex
737 609 998 669 Actibus
1021 607 1388 685 apostolicis
1424 611 1663 689 perlegi
1701 612 1766 674 in
1800 630 1973 678 sacra
1998 616 2260 697 liturgia
2296 618 2524 687 soleat.
2560 638 2631 681 ac
2654 638 2784 700 quo
2809 623 3013 699 capite
3044 639 3249 701 quove
3278 624 3506 702 capitis
3541 643 3726 685 versu
3755 631 3877 687 sin-

623 714 793 794 gulze
829 712 954 773 illa:
989 710 1293 774 lectiones
1327 719 1435 775 aut
1464 714 1770 793 incipiant
1800 727 1909 781 aut
1940 719 2259 783 desinant.
2295 724 2416 785 Sed
2452 724 2553 785 hic
2573 732 2914 802 antequam
2955 726 3116 787 ultra
3149 730 3558 804 progredior,
3592 730 3874 791 animad-

628 822 874 877 vertere
924 821 1173 891 praestat
1217 831 1357 893 pag.
1406 816 1527 878 216
1558 819 1860 881 mendum
1895 818 2239 900 irrepsisse
2296 824 2363 885 in
2396 824 2792 904 designanda
2849 827 3204 900 Dominica,
3236 830 3310 890 ad
3364 845 3554 906 quam
3608 831 3877 904 pertinet

633 910 840 980 lectio,
876 928 1019 991 quae
1046 911 1129 971 ibi
1171 913 1510 991 sequitur:
1551 933 1694 977 nam
1737 935 1850 996 pro
1893 919 2224 1004 Dominica
2265 924 2537 985 secunda
2564 934 2709 1003 post
2746 926 3011 997 Pascha,
3049 925 3391 1004 legendum
3416 936 3535 1001 est,
3564 929 3879 989 Dominira

628 1008 895 1069 secunda
926 1010 1179 1071 Pascha:
1211 1012 1319 1094 (a).
1355 1014 1695 1089 Caeterum,
1729 1018 1959 1094 posito,
2004 1026 2072 1081 ut
2105 1019 2417 1092 diximus,
2461 1023 2804 1105 Scriptum
2844 1035 3052 1097 textu,
3085 1027 3380 1104 sequitur
3416 1025 3481 1087 in
3506 1026 3730 1087 codice
3768 1042 3881 1086 no—

628 1123 758 1173 stro
790 1116 1324 1189 Connnentarius,
1356 1118 1546 1195 isque
1582 1122 1676 1182 vel
1718 1126 1986 1185 omnino
2015 1124 2221 1199 solus,
2258 1125 2375 1188 hoc
2398 1136 2518 1199 est,
2586 1146 2853 1206 prorsus
2896 1131 3161 1191 omissis
3202 1139 3413 1191 textus
3472 1130 3719 1199 verbis,
3790 1130 3878 1189 vel

632 1208 711 1269 iis
747 1214 1183 1281 ίειηιυιυιῐιοάο
1215 1218 1639 1294 compellatis,
1672 1240 1817 1301 qum
1846 1226 2344 1303 respondentem
2386 1224 2685 1288 inchoant
2734 1245 3010 1289 versum.
3052 1230 3186 1290 Hoc
3230 1245 3373 1289 cum
3408 1228 3878 1289 incommodum

632 1309 852 1371 lectori
886 1310 1177 1375 futurum
1216 1317 1818 1399 animadverterem,
1844 1327 2017 1404 quod
2049 1324 2197 1386 hinc
2223 1327 2677 1390 Commentarii
2708 1345 2941 1391 sensus
2984 1330 3322 1404 obscurior
3361 1328 3686 1411 interdum
3732 1330 3877 1389 red-

629 1417 910 1489 ιΙρῐὍῑυΓ,
948 1434 1066 1496 ego
1093 1420 1191 1482 sin
1233 1438 1508 1501 semper,
1546 1425 1919 1505 frequenter
1947 1437 2182 1501 tamen,
2219 1430 2453 1493 intacto
2522 1434 2783 1512 quidem
2836 1435 3051 1496 Gnaeo
3096 1443 3295 1507 textu,
3330 1434 3390 1494 in
3430 1435 3727 1495 versione
3779 1435 3882 1493 La-

631 1516 761 1576 tina
796 1518 1117 1594 paucailla
1142 1520 1489 1600 Scriptura)
1518 1525 1706 1587 verba
1754 1526 2002 1599 addidi,
2050 1544 2195 1606 quae
2258 1532 2331 1589 ad
2360 1530 2713 1593 faciliorem
2755 1532 3204 1594 Commentarii
3239 1533 3731 1608 intelligentia-in
3770 1551 3876 1589 ne-

631 1621 907 1681 cessaria
940 1622 1341 1687 videbantur.
1380 1628 1857 1707 Nonnunquam
1899 1628 2091 1690 etiam
2125 1648 2315 1692 uuam
2346 1631 2441 1693 vel
2476 1632 3174 1713 alteramparticulam,
3210 1632 3310 1696 vel
3353 1634 3665 1703 voculam,
3693 1650 3880 1711 quam

639 1732 847 1811 textus
880 1727 1134 1789 Grmcus
1175 1744 1300 1791 non
1349 1730 1629 1800 haberet,
1685 1731 1959 1808 inserui,
2014 1750 2146 1813 quo
2190 1734 2585 1797 commodior
2621 1738 2699 1797 de
2746 1754 2872 1799 una
2909 1737 2985 1798 ad
3011 1737 3270 1799 alteram
3319 1736 3883 1799 commentationis

635 1836 874 1909 partem
914 1831 1216 1894 transitus
1246 1834 1442 1895 tieret.
1483 1838 1553 1895 Et
1598 1835 1730 1899 hmo
1760 1837 2025 1917 quidem
2057 1837 2135 1900 de
2172 1838 2365 1900 hocce
2439 1841 2944 1919 Commentario.
3007 1858 3280 1921 meoque
3321 1842 3384 1901 in
3412 1832 3619 1900 illum
3646 1838 3883 1898 labore.

711 1936 883 1998 Vlll.
922 1938 1243 2015 Perpauca
1275 1955 1446 2002 nunc
1497 1942 1573 2003 de
1610 1942 1938 2013 ‘Vaticano
1964 1943 2211 2023 codice,
2246 1943 2312 2002 in
2352 1958 2482 2013 quo
2550 1943 2656 2002 ille
2702 1945 3093 2018 continetur,
3121 1944 3390 2006 dicenda
3443 1949 3727 2002 manent.
3779 1938 3889 1996 Co-

634 2035 758 2095 dex
795 2036 929 2114 ille,
980 2046 1055 2099 ‘ut
1083 2040 1276 2117 tipse,
1319 2042 1429 2121 qui
1461 2043 2007 2104 Commentariun)
2058 2044 2422 2122 descripsit,
2460 2045 2797 2106 certiorem
2832 2063 2931 2106 me
2961 2045 3131 2116 fecit,
3168 2046 3334 2105 inter
3394 2042 3734 2101 t'atieanos
3797 2042 3891 2094 est

635 2139 863 2201 ordine
903 2144 1416 2205 sexcentesimus
1449 2145 2035 2225 quinquagesimus
2073 2148 2429 2219 secundus,
2467 2147 2534 2210 in
2558 2148 2715 2211 folio
2748 2151 3034 2225 minore,
3068 2148 3426 2211 initialibus
3463 2143 3696 2205 litteris
3726 2139 3892 2217 Opti-

634 2258 739 2303 me
778 2240 1061 2320 ﬁguratis
1099 2236 1160 2301 et
1203 2242 1389 2318 pictis
1422 2249 1710 2305 ornatus.
1762 2247 1916 2305 Nota
1978 2247 2304 2323 temporis,
2338 2265 2468 2326 quo
2506 2248 2785 2327 scriptus
2807 2247 2952 2320 fuit,
2979 2261 3148 2311 caret
3176 2248 3334 2329 ;_sed
3366 2245 3620 2308 decimo
3666 2249 3889 2320 quarto

633 2343 890 2405 circiter
949 2342 1186 2406 saeculo
1223 2352 1517 2407 exaratus
1566 2362 1644 2407 ex
1708 2345 2089 2408 characteris
2147 2346 2394 2408 ratione
2444 2347 2811 2426 conjicitur.
2862 2350 3095 2409 Praeter
3147 2346 3306 2419 alia,’
3331 2344 3621 2408 continet
3687 2340 3890 2431 primo

636 2447 1205 2520 Commentarium,
1248 2465 1442 2527 quem
1469 2448 1752 2519 edimus,
1776 2450 1859 2533 in,
1885 2454 2029 2513 Acta
2057 2451 2499 2529 apostolorum
2535 2474 2549 2513 :
2585 2452 2690 2513 cui
2722 2452 3126 2531 praemittitur
3159 2451 3357 2511 Index
3393 2448 3671 2522 capitum
3709 2436 3891 2504 istius

640 2546 809 2621 libri,
836 2548 1108 2629 ejusque
1144 2553 1635 2629 Argumentum,
1669 2552 2045 2629 cujusmodi,
2087 2563 2359 2628 exstant,
2420 2556 2528 2616 ille
2562 2554 2828 2633 quidem
2878 2563 3024 2615 ante
3096 2551 3521 2619 Sil‘cniamnn,
3586 2547 3705 2607 hoc
3749 2554 3891 2605 ante

636 2649 1198 2712 OEcumenianum
1236 2650 1803 2735 Commentarium.
1864 2650 2138 2712 Exhibet
2173 2660 2475 2729 praeterea
2509 2654 3056 2730 Peregrinationes
3094 2651 3301 2721 Pauli,
3345 2656 3535 2724 prout
3568 2647 3629 2706 in
3664 2646 3893 2706 Miltia-

639 2766 717 2811 na
748 2749 902 2812 Novi
954 2751 1341 2813 Testamenti
1380 2751 1691 2822 editione,
1729 2757 1790 2812 et
1817 2752 1983 2826 apud
2015 2753 2497 2826 ,OEcumenium
2544 2752 2897 2820 habentur;
2962 2748 3082 2810 hoc
3130 2756 3222 2809 est
3260 2748 3449 2825 paulo
3478 2746 3667 2807 aliter
3719 2761 3791 2803 ac
3830 2744 3890 2803 in

640 2851 833 2913 Silani
875 2851 1160 2914 editione
1201 2852 1528 2931 leguntur,
1573 2860 1633 2915 et
1681 2870 1715 2913 a
1755 2853 1940 2916 nobis
1988 2853 2088 2914 hic
2131 2864 2270 2929 post
2329 2854 2531 2931 ipsius
2574 2852 2768 2915 Silani
2826 2851 3144 2928 Epistolas
3197 2860 3260 2911 ct
3309 2845 3699 2928 hypothesin
3749 2845 3891 2904 libri

642 2945 917 3010 Actuum
951 2949 1362 3028 proferuntur
1392 2949 1497 3031 (ὁ).

2040 3100 2324 3185 scene
2356 3102 2469 3161 ιιι.

1549 3247 1633 3306 De
1665 3244 2123 3307 Commentario
2158 3246 2225 3305 in
2262 3244 2585 3322 Epistolas
2614 3242 2992 3306 Catholicas.

724 3393 836 3457 IX.
876 3397 993 3457 Diu
1029 3396 1435 3474 multumque
1465 3394 1542 3455 ab
1590 3395 1783 3476 hujus
1829 3394 2135 3455 editionis
2172 3394 2574 3455 curatoribus
2624 3392 2973 3454 laboratum
3024 3400 3150 3464 est,
3188 3390 3566 3468 priusquam
3596 3387 3675 3443 de
3709 3383 3901 3440 home

637 3498 1115 3567 ’Conimcntario
1148 3498 1496 3559 omittendo
1532 3500 1597 3560 in
1638 3501 1841 3561 lucem
1890 3501 2337 3574 decernerent,
2390 3507 2502 3561 aut
2532 3500 2880 3561 decernere
2912 3516 2980 3559 se
3019 3498 3166 3575 jure
3201 3512 3387 3585 posse
3412 3494 3897 3554 arbitrarentur.

652 3596 923 3658 Polliciti
984 3599 1247 3675 quidem
1296 3598 1391 3659 illi
1460 3609 1660 3673 erant,
1706 3620 1848 3663 sese
1896 3604 2060 3663 inter
2091 3612 2316 3665 cmtcra
2376 3603 2569 3666 etiam
2620 3603 2936 3665 incditum
2989 3596 3524 3679 Theophylactiin
3576 3593 3900 3677 Epistolas

641 3702 1005 3765 Catholicas
1041 3704 1579 3765 Commentariun]
1640 3723 1783 3766 esse
1826 3708 2089 3767 daturos
2136 3728 2151 3766 :
2209 3709 2408 3786 idque
2440 3708 2593 3784 jure
2621 3706 2867 3783 Optimo
2903 3706 3196 3783 polliceri
3245 3712 3557 3782 poterant,
3593 3722 3735 3763 cum
3764 3702 3894 3779 jam

655 3805 1056 3885 possiderent
1090 3808 1377 3867 Grmcum
1413 3807 1948 3881 commentarium
1983 3825 2060 3869 ex
2094 3808 2315 3871 codice
2357 3806 2796 3871 celeberrimae
2823 3801 3224 3868 bibliotheca)
3256 3802 3906 3865 Ctesareo-Vimloho—

644 3908 877 3971 pensis
914 3906 1329 3983 descriptum,
1363 3924 1554 3985 quem
1594 3906 1687 3970 Cl.
1724 3908 2098 3971 Lambecius
2130 3907 2194 3970 in
2231 3905 2718 3971 Commentariis
2742 3892 3033 3985 ejusdem
3069 3904 3579 3990 bibliotheemad
3614 3902 3899 3963 codicem

646 4012 793 4082 220,
831 4009 1373 4087 quemadmodum
1427 4009 1613 4071 etiam
1652 4010 1982 4072 Nesselius
2019 4009 2310 4090 ejusdem
2363 4009 2767 4099 abbreviator
2818 4007 2903 4070 ita
2956 4007 3433 4099 TheOphylacto
3474 4005 3793 4075 tribuunt,
3838 4015 3902 4065 ut

656 4115 899 4175 nullam
943 4113 1022 4176 de
1066 4115 1351 4193 genuino
1394 4114 1535 4193 ejus
1582 4121 1838 4176 auctore
1874 4114 2167 4193 ingerunt
2196 4095 2661 4193 suspicionem;
2706 4095 3749 4191 nullamque‘cuilibetdubitandi
3785 4129 3899 4173 an-

650 4230 790 4276 sam
824 4215 1255 4292 suppeditent.
1298 4218 1559 4285 Verum,
1596 4233 1739 4276 cum
1768 4216 1927 4275 illud
1953 4216 2391 4299 apographum
2423 4200 2761 4293 Latinitate
2791 4214 3156 4275 donandum
3183 4212 3337 4273 mihi
3369 4210 3671 4271 traditum
3706 4221 3902 4277 esset.

662 4316 961 4377 versione
1000 4318 1103 4373 vix
1136 4314 1449 4386 inchoata,
1482 4316 1559 4376 de
1596 4316 1796 4391 ipsius
1816 4322 2074 4374 auctore
2113 4315 2279 4374 haud
2308 4314 2543 4392 exigua
2582 4313 2737 4373 mihi
2776 4320 2871 4373 est
2897 4313 3120 4372 oborta
3144 4310 3431 4388 suspicio
3467 4330 3482 4369 :
3516 4304 3903 4387 tantumque

662 4437 734 4482 ca
774 4431 1112 4496 prOgressu
1170 4415 1490 4475 versionis
1522 4413 1825 4487 excrevit,
1865 4424 1931 4474 ut
1973 4416 2190 4492 paucis
2230 4415 2406 4476 foliis
2438 4415 2659 4477 Latine
2691 4412 2976 4501 redditis,
3012 4412 3076 4473 i'n
3113 4430 3250 4472 eam
3282 4413 3668 4474 sententiam
3700 4415 3901 4476 deve—

658 4520 895 4591 nerim,
953 4516 1488 4577 Commentarium
1542 4514 1719 4575 illum
1776 4516 1882 4575 ‘vix
1922 4533 1991 4577 ac
2044 4533 2121 4576 ne
2171 4516 2275 4576 vix
2331 4515 2596 4595 quidem
2639 4532 2785 4576 esse
2830 4512 3307 4592 Theophylacto
3358 4514 3901 4594 adjudicandum;

666 4628 827 4685 adeo
858 4617 935 4680 ab
979 4616 1121 4696 ejus
1153 4614 1345 4694 genio
1377 4622 1566 4691 atque
1601 4631 1633 4674 a
1670 4632 1810 4675 vera
1850 4623 2286 4693 consuetaque
2334 4614 2805 4677 commentandi
2847 4616 3092 4675 ratione
3130 4614 3289 4675 mihi
3326 4616 3502 4679 visus
3538 4624 3633 4679 est
3677 4618 3907 4689 abhor-

671 4740 832 4785 rere.
868 4721 1320 4781 Verumtamen
1352 4734 1429 4778 ne
1475 4715 1729 4794 penitus
1764 4714 2054 4793 Opinioni
2094 4715 2242 4777 huic
2272 4715 2686 4789 adhaererem,
2720 4718 2785 4777 in
2816 4732 3004 4777 causa
3038 4724 3173 4778 erat
3204 4716 3536 4778 inaudisse
3573 4734 3705 4790 me,
3728 4722 3907 4779 codi-

659 4838 831 4889 cem,
884 4838 960 4880 ex
1013 4835 1144 4897 quo
1200 4817 1649 4897 depromptum
1704 4814 1909 4877 fuerat
1962 4815 2420 4895 apographum,
2466 4822 2782 4877 vetustate
2817 4832 3074 4893 usuque
3110 4816 3271 4877 adeo
3301 4816 3587 4877 attritum
3635 4834 3807 4889 esse,
3839 4838 3905 4878 ac

674 4921 1028 5001 perdillicili
1077 4921 1268 4984 etiam
1327 4920 1684 4983 charactere
1715 4930 2065 4993 exaratum,
2118 4930 2183 4981 ut
2232 4937 2265 4981 a
2317 4921 2713 4998 peritissimo
2746 4935 3007 4997 quoque
3060 4916 3165 4977 vix
3200 4905 3339 4995 legi.
3376 4917 3624 4994 integre
3665 4929 3905 4994 posset.

674 5018 1097 5094 Quamobrem
1117 5018 1431 5097 quidquid
1466 5021 1527 5081 in
1559 5036 1636 5082 eo
1660 5019 1995 5081 dissonum
2032 5018 2378 5097 minusque
2410 5027 2909 5080 consentaneum
2942 5024 3324 5090 occurreret,
3351 5015 3411 5077 id
3446 5018 3509 5079 in
3546 5034 3904 5081 amanuen-

668 5121 765 5183 sis
798 5114 1180 5191 imperitiam
1214 5116 1307 5175 vel
1339 5118 1772 5179 infidelitatem
1815 5117 2068 5197 refundi
2105 5134 2289 5196 posse
2319 5116 2693 5178 arbitrabar.
2728 5115 2802 5173 Ut
2840 5113 3013 5173 hunc.
3045 5114 3203 5174 mihi
3246 5116 3624 5193 scrupulum
3656 5118 3907 5180 exime-

680 5236 843 5290 rem,
873 5214 1089 5287 abiis,
1114 5231 1387 5295 quorum
1418 5216 1743 5289 intererat,
1776 5219 2129 5293 impetravi,
2168 5227 2233 5279 ut
2256 5218 2476 5278 saltem
2508 5233 2699 5294 pauca
2730 5214 2877 5273 folia
2911 5214 2988 5275 ab
3005 5214 3223 5294 aliquo
3250 5219 3635 5294 peritissimo
3656 5221 3797 5280 viro
3829 5237 3903 5280 ex

681 5316 905 5377 eodem
936 5316 1153 5379 codice
1186 5314 1401 5377 denuo
1422 5315 1839 5376 exscribenda
1874 5326 2192 5377 curarent.
2231 5317 2415 5388 Quod
2472 5332 2583 5392 pro
2620 5315 2861 5377 eximio
2909 5332 3028 5377 suo
3059 5315 3122 5377 in
3169 5334 3381 5381 sacras
3414 5320 3653 5381 litteras
3687 5319 3907 5380 studio

681 5429 972 5491 praestare.
1007 5418 1211 5482 voluit
1242 5418 1339 5483 vir
1370 5416 1763 5479 clarissimus
1795 5426 1856 5477 et
1892 5416 2257 5495 linguarum
2303 5416 2711 5479 orientalium
2742 5415 3183 5493 peritissimus
3211 5420 3491 5484 Adamus
3523 5419 3906 5482 Franciscus

753 5602 828 5671 (τι)
864 5603 935 5655 Ea
970 5606 1175 5668 Sj'ilieet
1228 5622 1347 5673 qua:
1395 5621 1423 5659 a
1480 5604 1639 5659 nobis
1696 5603 1966 5657 Dominica
2000 5604 2052 5654 in
2090 5603 2231 5655 Albis
2342 5604 2675 5659 llclidomaola
2713 5604 2956 5661 pllSt‘llllli
2995 5608 3281 5671 mediante,
3324 5605 3666 5673 respondeat.

683 5674 1002 5738 appellatur,
1042 5675 1209 5727 (ιι-(ικαὶ
1235 5694 1352 5729 eam
1390 5684 1579 5728 vorant
1624 5674 1903 5742 Κυριακὴν
1926 5674 2017 5725 τοῦ
2056 5676 2231 5725 ’Λιιτι-

2414 5677 2487 5743 (li)
2521 5673 2653 5729 Vide
2688 5676 2824 5728 infra
2863 5694 3013 5731 num.
3058 5677 3214 5741 XLV,
3255 5681 3341 5733 ubi
3387 5680 3453 5732 de
3499 5675 3905 5743 Commentario

683 5743 883 5807 πάσχει,
921 5743 1243 5795 Domimcnm
1284 5747 1610 5812 Antipnst'hw
1666 5761 1758 5797 seu
1801 5745 2232 5812 Cuntrupusr/m;
2345 5746 2395 5796 in
2441 5742 2571 5801 Arta
2632 5750 3001 5811 :Ipnstulm'uttl
3040 5765 3101 5802 ex
3138 5750 3466 5804 Iiibliotlicm
3505 5742 3907 5801 Mediceis-Flo-

683 5815 849 5881 q'wd,
914 5822 970 5865 ut
1023 5824 1171 5880 puto.
1237 5830 1421 5867 sancto
1480 5817 1580 5867 diei
1638 5816 1851 5868 l’asclm:
1911 5835 1937 5870 c
1993 5816 2227 5878 regione.

1160 5855 1171 5873 .
1237 5830 1421 5867 sancto
1480 5817 1580 5867 diei
1638 5816 1851 5868 l’asclui:
1911 5835 1937 5870 c
1993 5816 2227 5878 regione.
2340 5818 2545 5867 unum
2580 5824 2755 5873 mtto,
