  <div class='ocr_page' id='page_1' title='image "/cluster/home/n/w/nwhite01/storage/ocr_20150623/125/pst.000005714407/234.png"; bbox 0 0 4056 6340; ppageno 0'>
   <div class='ocr_carea' id='block_1_1' title="bbox 117 362 3485 440">
    <p class='ocr_par' dir='ltr' id='par_1_1' title="bbox 117 362 3485 440">
     <span class='ocr_line' id='line_1_1' title="bbox 117 362 3485 440; baseline 0.002 -13"><span class='ocrx_word' id='word_1_1' title='bbox 117 363 226 428; x_wconf 70' lang='grc'><strong>417</strong></span> <span class='ocrx_word' id='word_1_2' title='bbox 972 369 1054 429; x_wconf 86' lang='lat' dir='ltr'><strong>lN</strong></span> <span class='ocrx_word' id='word_1_3' title='bbox 1086 366 1517 439; x_wconf 74' lang='lat' dir='ltr'><strong>SEQUENTIA</strong></span> <span class='ocrx_word' id='word_1_4' title='bbox 1546 366 2127 432; x_wconf 76' lang='lat' dir='ltr'><strong>TIIEOPIIYI..\CTI</strong></span> <span class='ocrx_word' id='word_1_5' title='bbox 2172 362 2512 434; x_wconf 68' lang='lat' dir='ltr'><strong>SCRIT‘TA.</strong></span> <span class='ocrx_word' id='word_1_6' title='bbox 3276 378 3381 440; x_wconf 65' lang='grc' dir='ltr'><strong>Δις</strong></span> <span class='ocrx_word' id='word_1_7' title='bbox 3482 400 3485 403; x_wconf 52' lang='grc' dir='ltr'>ν</span> 
     </span>
    </p>
   </div>
   <div class='ocr_carea' id='block_1_2' title="bbox 121 504 3377 592">
    <p class='ocr_par' dir='ltr' id='par_1_2' title="bbox 121 504 3377 592">
     <span class='ocr_line' id='line_1_2' title="bbox 121 504 3377 592; baseline 0.003 -31"><span class='ocrx_word' id='word_1_8' title='bbox 121 504 207 565; x_wconf 91' lang='lat' dir='ltr'><strong>de</strong></span> <span class='ocrx_word' id='word_1_9' title='bbox 240 505 496 581; x_wconf 82' lang='lat' dir='ltr'><strong>Kollar,</strong></span> <span class='ocrx_word' id='word_1_10' title='bbox 545 504 811 567; x_wconf 78' lang='lat' dir='ltr'><strong>landatm</strong></span> <span class='ocrx_word' id='word_1_11' title='bbox 860 505 1258 567; x_wconf 61' lang='lat' dir='ltr'><strong>bibliothecae</strong></span> <span class='ocrx_word' id='word_1_12' title='bbox 1286 514 1500 567; x_wconf 86' lang='lat' dir='ltr'><strong>custos</strong></span> <span class='ocrx_word' id='word_1_13' title='bbox 1534 506 2009 581; x_wconf 85' lang='lat' dir='ltr'><strong>meritissimus.</strong></span> <span class='ocrx_word' id='word_1_14' title='bbox 2048 509 2222 569; x_wconf 67' lang='lat' dir='ltr'><strong>litem</strong></span> <span class='ocrx_word' id='word_1_15' title='bbox 2271 525 2419 569; x_wconf 88' lang='lat' dir='ltr'><strong>vero</strong></span> <span class='ocrx_word' id='word_1_16' title='bbox 2463 509 2524 571; x_wconf 90' lang='lat' dir='ltr'><strong>oi</strong></span> <span class='ocrx_word' id='word_1_17' title='bbox 2558 508 2974 583; x_wconf 69' lang='lat' dir='ltr'><strong>describenti,</strong></span> <span class='ocrx_word' id='word_1_18' title='bbox 3016 513 3188 592; x_wconf 77' lang='lat' dir='ltr'><strong>quod</strong></span> <span class='ocrx_word' id='word_1_19' title='bbox 3225 512 3377 572; x_wconf 82' lang='lat' dir='ltr'><strong>mihi</strong></span> 
     </span>
    </p>
   </div>
   <div class='ocr_carea' id='block_1_3' title="bbox 124 602 3382 687">
    <p class='ocr_par' dir='ltr' id='par_1_3' title="bbox 124 602 3382 687">
     <span class='ocr_line' id='line_1_3' title="bbox 124 602 3382 687; baseline 0.002 -25"><span class='ocrx_word' id='word_1_20' title='bbox 124 602 619 683; x_wconf 76' lang='lat' dir='ltr'><strong>interpretanti,</strong></span> <span class='ocrx_word' id='word_1_21' title='bbox 656 604 1191 667; x_wconf 90' lang='lat' dir='ltr'><strong>iuciditdubium.</strong></span> <span class='ocrx_word' id='word_1_22' title='bbox 1226 607 1344 666; x_wconf 86' lang='lat' dir='ltr'><strong>Sed</strong></span> <span class='ocrx_word' id='word_1_23' title='bbox 1389 604 1523 677; x_wconf 89' lang='lat' dir='ltr'><strong>ille,</strong></span> <span class='ocrx_word' id='word_1_24' title='bbox 1571 607 1743 683; x_wconf 89' lang='lat' dir='ltr'><strong>quod</strong></span> <span class='ocrx_word' id='word_1_25' title='bbox 1782 606 1941 668; x_wconf 87' lang='lat' dir='ltr'><strong>mihi</strong></span> <span class='ocrx_word' id='word_1_26' title='bbox 1976 610 2383 685; x_wconf 80' lang='lat' dir='ltr'><strong>suntmOpere</strong></span> <span class='ocrx_word' id='word_1_27' title='bbox 2425 608 2712 687; x_wconf 89' lang='lat' dir='ltr'><strong>cupienti</strong></span> <span class='ocrx_word' id='word_1_28' title='bbox 2739 608 2945 671; x_wconf 84' lang='lat' dir='ltr'><strong>facere</strong></span> <span class='ocrx_word' id='word_1_29' title='bbox 2970 626 3096 671; x_wconf 92' lang='lat' dir='ltr'><strong>non</strong></span> <span class='ocrx_word' id='word_1_30' title='bbox 3124 609 3382 685; x_wconf 84' lang='lat' dir='ltr'><strong>licebat,</strong></span> 
     </span>
    </p>
   </div>
   <div class='ocr_carea' id='block_1_4' title="bbox 127 704 3373 789">
    <p class='ocr_par' dir='ltr' id='par_1_4' title="bbox 127 704 3373 789">
     <span class='ocr_line' id='line_1_4' title="bbox 127 704 3373 789; baseline 0.002 -27"><span class='ocrx_word' id='word_1_31' title='bbox 127 705 551 769; x_wconf 81' lang='lat' dir='ltr'><strong>exsecutioni</strong></span> <span class='ocrx_word' id='word_1_32' title='bbox 599 706 940 766; x_wconf 80' lang='lat' dir='ltr'><strong>mandavit.</strong></span> <span class='ocrx_word' id='word_1_33' title='bbox 982 704 1345 769; x_wconf 84' lang='lat' dir='ltr'><strong>Consuluit</strong></span> <span class='ocrx_word' id='word_1_34' title='bbox 1399 704 1647 766; x_wconf 78' lang='lat' dir='ltr'><strong>scilicet</strong></span> <span class='ocrx_word' id='word_1_35' title='bbox 1698 706 1986 767; x_wconf 84' lang='lat' dir='ltr'><strong>codicem</strong></span> <span class='ocrx_word' id='word_1_36' title='bbox 2034 708 2178 779; x_wconf 76' lang='lat'><strong>222,</strong></span> <span class='ocrx_word' id='word_1_37' title='bbox 2243 708 2309 773; x_wconf 91' lang='lat' dir='ltr'><strong>in</strong></span> <span class='ocrx_word' id='word_1_38' title='bbox 2350 725 2478 785; x_wconf 82' lang='lat' dir='ltr'><strong>quo</strong></span> <span class='ocrx_word' id='word_1_39' title='bbox 2524 711 2757 786; x_wconf 90' lang='lat' dir='ltr'><strong>pariter</strong></span> <span class='ocrx_word' id='word_1_40' title='bbox 2808 706 3267 789; x_wconf 69' lang='lat' dir='ltr'><strong>&#39;l‘heOphylaCti</strong></span> <span class='ocrx_word' id='word_1_41' title='bbox 3310 709 3373 771; x_wconf 91' lang='lat' dir='ltr'><strong>in</strong></span> 
     </span>
    </p>
   </div>
   <div class='ocr_carea' id='block_1_5' title="bbox 130 805 3383 881">
    <p class='ocr_par' dir='ltr' id='par_1_5' title="bbox 130 805 3383 881">
     <span class='ocr_line' id='line_1_5' title="bbox 130 805 3383 881; baseline 0.003 -22"><span class='ocrx_word' id='word_1_42' title='bbox 130 806 472 881; x_wconf 71' lang='lat' dir='ltr'><strong>Epistolas</strong></span> <span class='ocrx_word' id='word_1_43' title='bbox 522 805 876 867; x_wconf 73' lang='lat' dir='ltr'><strong>Cathoiicas</strong></span> <span class='ocrx_word' id='word_1_44' title='bbox 929 806 1468 873; x_wconf 72' lang='lat' dir='ltr'><strong>Commentariun]</strong></span> <span class='ocrx_word' id='word_1_45' title='bbox 1517 805 1834 868; x_wconf 82' lang='lat' dir='ltr'><strong>contineri</strong></span> <span class='ocrx_word' id='word_1_46' title='bbox 1901 808 2276 872; x_wconf 75' lang='lat' dir='ltr'><strong>Lambecius</strong></span> <span class='ocrx_word' id='word_1_47' title='bbox 2322 818 2382 871; x_wconf 92' lang='lat' dir='ltr'><strong>et</strong></span> <span class='ocrx_word' id='word_1_48' title='bbox 2415 810 2744 871; x_wconf 75' lang='lat' dir='ltr'><strong>Nesselius</strong></span> <span class='ocrx_word' id='word_1_49' title='bbox 2785 809 3113 880; x_wconf 82' lang='lat' dir='ltr'><strong>allirmant,</strong></span> <span class='ocrx_word' id='word_1_50' title='bbox 3168 821 3231 871; x_wconf 92' lang='lat' dir='ltr'><strong>ut</strong></span> <span class='ocrx_word' id='word_1_51' title='bbox 3273 811 3383 872; x_wconf 72' lang='lat' dir='ltr'><strong>hac</strong></span> 
     </span>
    </p>
   </div>
   <div class='ocr_carea' id='block_1_6' title="bbox 130 908 3382 993">
    <p class='ocr_par' dir='ltr' id='par_1_6' title="bbox 130 908 3382 993">
     <span class='ocr_line' id='line_1_6' title="bbox 130 908 3382 993; baseline 0.001 -24"><span class='ocrx_word' id='word_1_52' title='bbox 130 910 494 985; x_wconf 86' lang='lat' dir='ltr'><strong>utriusque</strong></span> <span class='ocrx_word' id='word_1_53' title='bbox 524 908 769 974; x_wconf 72' lang='lat' dir='ltr'><strong>codicis</strong></span> <span class='ocrx_word' id='word_1_54' title='bbox 814 908 1229 973; x_wconf 89' lang='lat' dir='ltr'><strong>contentione</strong></span> <span class='ocrx_word' id='word_1_55' title='bbox 1262 912 1612 987; x_wconf 70' lang='lat' dir='ltr'><strong>detegeret,</strong></span> <span class='ocrx_word' id='word_1_56' title='bbox 1645 926 1723 972; x_wconf 90' lang='lat' dir='ltr'><strong>an</strong></span> <span class='ocrx_word' id='word_1_57' title='bbox 1756 911 1926 972; x_wconf 89' lang='lat' dir='ltr'><strong>idem</strong></span> <span class='ocrx_word' id='word_1_58' title='bbox 1962 912 2057 974; x_wconf 85' lang='lat' dir='ltr'><strong>vel</strong></span> <span class='ocrx_word' id='word_1_59' title='bbox 2093 912 2393 977; x_wconf 88' lang='lat' dir='ltr'><strong>diversus</strong></span> <span class='ocrx_word' id='word_1_60' title='bbox 2444 914 2509 976; x_wconf 91' lang='lat' dir='ltr'><strong>in</strong></span> <span class='ocrx_word' id='word_1_61' title='bbox 2570 922 2842 993; x_wconf 90' lang='lat' dir='ltr'><strong>utroque</strong></span> <span class='ocrx_word' id='word_1_62' title='bbox 2874 915 3382 976; x_wconf 83' lang='lat' dir='ltr'><strong>Commentarios</strong></span> 
     </span>
    </p>
   </div>
   <div class='ocr_carea' id='block_1_7' title="bbox 124 1010 3382 1105">
    <p class='ocr_par' dir='ltr' id='par_1_7' title="bbox 124 1010 3382 1105">
     <span class='ocr_line' id='line_1_7' title="bbox 124 1010 3382 1105; baseline 0.002 -36"><span class='ocrx_word' id='word_1_63' title='bbox 124 1012 635 1093; x_wconf 19' lang='lat' dir='ltr'><strong>esset..I{eperit</strong></span> <span class='ocrx_word' id='word_1_64' title='bbox 668 1019 880 1072; x_wconf 80' lang='lat' dir='ltr'><strong>autem</strong></span> <span class='ocrx_word' id='word_1_65' title='bbox 919 1028 1041 1072; x_wconf 92' lang='lat' dir='ltr'><strong>non</strong></span> <span class='ocrx_word' id='word_1_66' title='bbox 1073 1013 1215 1072; x_wconf 93' lang='lat' dir='ltr'><strong>siue</strong></span> <span class='ocrx_word' id='word_1_67' title='bbox 1247 1010 1672 1074; x_wconf 79' lang='lat' dir='ltr'><strong>admiratione</strong></span> <span class='ocrx_word' id='word_1_68' title='bbox 1716 1012 2083 1085; x_wconf 85' lang='lat' dir='ltr'><strong>diversum;</strong></span> <span class='ocrx_word' id='word_1_69' title='bbox 2117 1022 2177 1075; x_wconf 91' lang='lat' dir='ltr'><strong>et</strong></span> <span class='ocrx_word' id='word_1_70' title='bbox 2213 1023 2516 1092; x_wconf 75' lang='lat' dir='ltr'><strong>prmterea</strong></span> <span class='ocrx_word' id='word_1_71' title='bbox 2548 1017 2762 1105; x_wconf 80' lang='lat' dir='ltr'><strong>talem,</strong></span> <span class='ocrx_word' id='word_1_72' title='bbox 2811 1018 2921 1097; x_wconf 90' lang='lat' dir='ltr'><strong>qui</strong></span> <span class='ocrx_word' id='word_1_73' title='bbox 2960 1024 3135 1077; x_wconf 89' lang='lat' dir='ltr'><strong>tanto</strong></span> <span class='ocrx_word' id='word_1_74' title='bbox 3180 1017 3382 1093; x_wconf 64' lang='lat' dir='ltr'><strong>magis</strong></span> 
     </span>
    </p>
   </div>
   <div class='ocr_carea' id='block_1_8' title="bbox 129 1106 3484 1193">
    <p class='ocr_par' dir='ltr' id='par_1_8' title="bbox 129 1106 3484 1193">
     <span class='ocr_line' id='line_1_8' title="bbox 129 1106 3484 1193; baseline 0.002 -26"><span class='ocrx_word' id='word_1_75' title='bbox 129 1106 602 1186; x_wconf 80' lang='lat' dir='ltr'><strong>&#39;l‘lieOphylacti</strong></span> <span class='ocrx_word' id='word_1_76' title='bbox 640 1108 930 1186; x_wconf 78' lang='lat' dir='ltr'><strong>genium,</strong></span> <span class='ocrx_word' id='word_1_77' title='bbox 982 1107 1288 1177; x_wconf 87' lang='lat' dir='ltr'><strong>indolem,</strong></span> <span class='ocrx_word' id='word_1_78' title='bbox 1339 1108 1660 1180; x_wconf 84' lang='lat' dir='ltr'><strong>ordinent,</strong></span> <span class='ocrx_word' id='word_1_79' title='bbox 1709 1109 1974 1189; x_wconf 79' lang='lat' dir='ltr'><strong>stylum,</strong></span> <span class='ocrx_word' id='word_1_80' title='bbox 2006 1112 2425 1192; x_wconf 88' lang='lat' dir='ltr'><strong>suojudicio,</strong></span> <span class='ocrx_word' id='word_1_81' title='bbox 2463 1133 2587 1192; x_wconf 70' lang='lat' dir='ltr'><strong>pne</strong></span> <span class='ocrx_word' id='word_1_82' title='bbox 2610 1134 2677 1175; x_wconf 89' lang='lat' dir='ltr'><strong>se</strong></span> <span class='ocrx_word' id='word_1_83' title='bbox 2704 1115 2918 1189; x_wconf 80' lang='lat' dir='ltr'><strong>ferret,</strong></span> <span class='ocrx_word' id='word_1_84' title='bbox 2954 1128 3192 1193; x_wconf 86' lang='lat' dir='ltr'><strong>quanto</strong></span> <span class='ocrx_word' id='word_1_85' title='bbox 3223 1115 3383 1176; x_wconf 86' lang='lat' dir='ltr'><strong>alter</strong></span> <span class='ocrx_word' id='word_1_86' title='bbox 3478 1162 3484 1167; x_wconf 83' lang='lat'><strong>.</strong></span> 
     </span>
    </p>
   </div>
   <div class='ocr_carea' id='block_1_9' title="bbox 130 1206 3377 1293">
    <p class='ocr_par' dir='ltr' id='par_1_9' title="bbox 130 1206 3377 1293">
     <span class='ocr_line' id='line_1_9' title="bbox 130 1206 3377 1293; baseline 0.003 -26"><span class='ocrx_word' id='word_1_87' title='bbox 130 1210 209 1267; x_wconf 90' lang='lat' dir='ltr'><strong>ah</strong></span> <span class='ocrx_word' id='word_1_88' title='bbox 246 1209 354 1268; x_wconf 97' lang='lat' dir='ltr'><strong>his</strong></span> <span class='ocrx_word' id='word_1_89' title='bbox 398 1207 700 1272; x_wconf 87' lang='lat' dir='ltr'><strong>omnibus</strong></span> <span class='ocrx_word' id='word_1_90' title='bbox 735 1206 1065 1267; x_wconf 76' lang='lat' dir='ltr'><strong>videbatur</strong></span> <span class='ocrx_word' id='word_1_91' title='bbox 1097 1207 1220 1267; x_wconf 90' lang='lat' dir='ltr'><strong>sibi</strong></span> <span class='ocrx_word' id='word_1_92' title='bbox 1280 1206 1480 1285; x_wconf 81' lang='lat' dir='ltr'><strong>magis</strong></span> <span class='ocrx_word' id='word_1_93' title='bbox 1530 1208 1807 1271; x_wconf 91' lang='lat' dir='ltr'><strong>alienus.</strong></span> <span class='ocrx_word' id='word_1_94' title='bbox 1851 1213 2071 1288; x_wconf 88' lang='lat' dir='ltr'><strong>Neque</strong></span> <span class='ocrx_word' id='word_1_95' title='bbox 2127 1229 2276 1275; x_wconf 89' lang='lat' dir='ltr'><strong>vero</strong></span> <span class='ocrx_word' id='word_1_96' title='bbox 2323 1214 2424 1274; x_wconf 89' lang='lat' dir='ltr'><strong>hic</strong></span> <span class='ocrx_word' id='word_1_97' title='bbox 2469 1215 2750 1275; x_wconf 85' lang='lat' dir='ltr'><strong>substitit</strong></span> <span class='ocrx_word' id='word_1_98' title='bbox 2798 1216 2896 1276; x_wconf 78' lang='lat' dir='ltr'><strong>vir</strong></span> <span class='ocrx_word' id='word_1_99' title='bbox 2942 1216 3180 1293; x_wconf 78' lang='lat' dir='ltr'><strong>publici</strong></span> <span class='ocrx_word' id='word_1_100' title='bbox 3226 1216 3377 1284; x_wconf 75' lang='lat' dir='ltr'><strong>boni</strong></span> 
     </span>
    </p>
   </div>
   <div class='ocr_carea' id='block_1_10' title="bbox 131 1308 3391 1393">
    <p class='ocr_par' dir='ltr' id='par_1_10' title="bbox 131 1308 3391 1393">
     <span class='ocr_line' id='line_1_10' title="bbox 131 1308 3391 1393; baseline 0.002 -24"><span class='ocrx_word' id='word_1_101' title='bbox 131 1310 665 1371; x_wconf 73' lang='lat' dir='ltr'><strong>amantissimus:</strong></span> <span class='ocrx_word' id='word_1_102' title='bbox 696 1308 805 1369; x_wconf 89' lang='lat' dir='ltr'><strong>sed</strong></span> <span class='ocrx_word' id='word_1_103' title='bbox 854 1308 967 1369; x_wconf 87' lang='lat' dir='ltr'><strong>tria</strong></span> <span class='ocrx_word' id='word_1_104' title='bbox 1000 1310 1377 1387; x_wconf 82' lang='lat' dir='ltr'><strong>posterioris</strong></span> <span class='ocrx_word' id='word_1_105' title='bbox 1413 1308 1606 1388; x_wconf 85' lang='lat' dir='ltr'><strong>hujus</strong></span> <span class='ocrx_word' id='word_1_106' title='bbox 1643 1312 2096 1373; x_wconf 82' lang='lat' dir='ltr'><strong>Commentarii</strong></span> <span class='ocrx_word' id='word_1_107' title='bbox 2134 1312 2309 1387; x_wconf 72' lang='lat' dir='ltr'><strong>folia,</strong></span> <span class='ocrx_word' id='word_1_108' title='bbox 2357 1332 2499 1393; x_wconf 58' lang='lat' dir='ltr'><strong>quin</strong></span> <span class='ocrx_word' id='word_1_109' title='bbox 2554 1316 2929 1393; x_wconf 85' lang='lat' dir='ltr'><strong>speciminis</strong></span> <span class='ocrx_word' id='word_1_110' title='bbox 2963 1316 3103 1378; x_wconf 86' lang='lat' dir='ltr'><strong>loco</strong></span> <span class='ocrx_word' id='word_1_111' title='bbox 3136 1314 3391 1388; x_wconf 84' lang='lat' dir='ltr'><strong>essent,</strong></span> 
     </span>
    </p>
   </div>
   <div class='ocr_carea' id='block_1_11' title="bbox 131 1396 3379 1493">
    <p class='ocr_par' dir='ltr' id='par_1_11' title="bbox 131 1396 3379 1493">
     <span class='ocr_line' id='line_1_11' title="bbox 131 1396 3379 1493; baseline 0.001 -19"><span class='ocrx_word' id='word_1_112' title='bbox 131 1411 554 1474; x_wconf 72' lang='lat' dir='ltr'><strong>csseribendi</strong></span> <span class='ocrx_word' id='word_1_113' title='bbox 594 1409 869 1471; x_wconf 86' lang='lat' dir='ltr'><strong>laborem</strong></span> <span class='ocrx_word' id='word_1_114' title='bbox 894 1410 1062 1472; x_wconf 91' lang='lat' dir='ltr'><strong>ultro</strong></span> <span class='ocrx_word' id='word_1_115' title='bbox 1093 1409 1415 1487; x_wconf 88' lang='lat' dir='ltr'><strong>suscepit;</strong></span> <span class='ocrx_word' id='word_1_116' title='bbox 1447 1411 1820 1491; x_wconf 81' lang='lat' dir='ltr'><strong>eisdemque</strong></span> <span class='ocrx_word' id='word_1_117' title='bbox 1850 1411 2027 1472; x_wconf 82' lang='lat' dir='ltr'><strong>foliis</strong></span> <span class='ocrx_word' id='word_1_118' title='bbox 2050 1430 2193 1473; x_wconf 89' lang='lat' dir='ltr'><strong>cum</strong></span> <span class='ocrx_word' id='word_1_119' title='bbox 2226 1412 2371 1478; x_wconf 88' lang='lat' dir='ltr'><strong>aliis</strong></span> <span class='ocrx_word' id='word_1_120' title='bbox 2403 1414 2655 1475; x_wconf 84' lang='lat' dir='ltr'><strong>duobus</strong></span> <span class='ocrx_word' id='word_1_121' title='bbox 2692 1433 2766 1481; x_wconf 81' lang='lat' dir='ltr'><strong>ex</strong></span> <span class='ocrx_word' id='word_1_122' title='bbox 2804 1417 3012 1493; x_wconf 88' lang='lat' dir='ltr'><strong>priore</strong></span> <span class='ocrx_word' id='word_1_123' title='bbox 3041 1396 3379 1479; x_wconf 85' lang='lat' dir='ltr'><strong>Commen-</strong></span> 
     </span>
    </p>
   </div>
   <div class='ocr_carea' id='block_1_12' title="bbox 135 1509 3371 1595">
    <p class='ocr_par' dir='ltr' id='par_1_12' title="bbox 135 1509 3371 1595">
     <span class='ocr_line' id='line_1_12' title="bbox 135 1509 3371 1595; baseline 0.001 -22"><span class='ocrx_word' id='word_1_124' title='bbox 135 1515 301 1575; x_wconf 92' lang='lat' dir='ltr'><strong>tario</strong></span> <span class='ocrx_word' id='word_1_125' title='bbox 330 1514 411 1574; x_wconf 89' lang='lat' dir='ltr'><strong>ad</strong></span> <span class='ocrx_word' id='word_1_126' title='bbox 450 1512 726 1572; x_wconf 85' lang='lat' dir='ltr'><strong>editores</strong></span> <span class='ocrx_word' id='word_1_127' title='bbox 774 1510 1187 1581; x_wconf 87' lang='lat' dir='ltr'><strong>transmissis,</strong></span> <span class='ocrx_word' id='word_1_128' title='bbox 1224 1509 1301 1570; x_wconf 83' lang='lat' dir='ltr'><strong>de</strong></span> <span class='ocrx_word' id='word_1_129' title='bbox 1346 1527 1461 1572; x_wconf 83' lang='lat' dir='ltr'><strong>sua</strong></span> <span class='ocrx_word' id='word_1_130' title='bbox 1491 1511 1895 1574; x_wconf 87' lang='lat' dir='ltr'><strong>dubitatione</strong></span> <span class='ocrx_word' id='word_1_131' title='bbox 1928 1513 2235 1574; x_wconf 87' lang='lat' dir='ltr'><strong>certiores</strong></span> <span class='ocrx_word' id='word_1_132' title='bbox 2278 1530 2389 1575; x_wconf 93' lang='lat' dir='ltr'><strong>eos</strong></span> <span class='ocrx_word' id='word_1_133' title='bbox 2427 1514 2601 1587; x_wconf 75' lang='lat' dir='ltr'><strong>fecit,</strong></span> <span class='ocrx_word' id='word_1_134' title='bbox 2651 1531 3043 1595; x_wconf 82' lang='lat' dir='ltr'><strong>eperaiuque</strong></span> <span class='ocrx_word' id='word_1_135' title='bbox 3083 1532 3262 1575; x_wconf 86' lang='lat' dir='ltr'><strong>suam</strong></span> <span class='ocrx_word' id='word_1_136' title='bbox 3308 1516 3371 1576; x_wconf 89' lang='lat' dir='ltr'><strong>in</strong></span> 
     </span>
    </p>
   </div>
   <div class='ocr_carea' id='block_1_13' title="bbox 136 1616 3371 1696">
    <p class='ocr_par' dir='ltr' id='par_1_13' title="bbox 136 1616 3371 1696">
     <span class='ocr_line' id='line_1_13' title="bbox 136 1616 3371 1696; baseline -0.001 -16"><span class='ocrx_word' id='word_1_137' title='bbox 136 1637 274 1680; x_wconf 83' lang='lat' dir='ltr'><strong>rem</strong></span> <span class='ocrx_word' id='word_1_138' title='bbox 312 1617 637 1696; x_wconf 78' lang='lat' dir='ltr'><strong>publicam</strong></span> <span class='ocrx_word' id='word_1_139' title='bbox 674 1617 1138 1680; x_wconf 86' lang='lat' dir='ltr'><strong>humanissime</strong></span> <span class='ocrx_word' id='word_1_140' title='bbox 1169 1617 1425 1682; x_wconf 92' lang='lat' dir='ltr'><strong>obtulit.</strong></span> <span class='ocrx_word' id='word_1_141' title='bbox 1462 1617 1587 1690; x_wconf 82' lang='lat' dir='ltr'><strong>Illi,</strong></span> <span class='ocrx_word' id='word_1_142' title='bbox 1625 1634 1692 1677; x_wconf 89' lang='lat' dir='ltr'><strong>re</strong></span> <span class='ocrx_word' id='word_1_143' title='bbox 1732 1616 2082 1695; x_wconf 82' lang='lat' dir='ltr'><strong>diligenter</strong></span> <span class='ocrx_word' id='word_1_144' title='bbox 2123 1634 2455 1695; x_wconf 81' lang='lat' dir='ltr'><strong>perpensa,</strong></span> <span class='ocrx_word' id='word_1_145' title='bbox 2509 1617 2787 1696; x_wconf 89' lang='lat' dir='ltr'><strong>priorem</strong></span> <span class='ocrx_word' id='word_1_146' title='bbox 2834 1619 3371 1681; x_wconf 80' lang='lat' dir='ltr'><strong>Commentarium</strong></span> 
     </span>
    </p>
   </div>
   <div class='ocr_carea' id='block_1_14' title="bbox 134 1713 3378 1799">
    <p class='ocr_par' dir='ltr' id='par_1_14' title="bbox 134 1713 3378 1799">
     <span class='ocr_line' id='line_1_14' title="bbox 134 1713 3378 1799; baseline -0.002 -20"><span class='ocrx_word' id='word_1_147' title='bbox 134 1719 212 1779; x_wconf 89' lang='lat' dir='ltr'><strong>ab</strong></span> <span class='ocrx_word' id='word_1_148' title='bbox 243 1718 367 1781; x_wconf 89' lang='lat' dir='ltr'><strong>hac</strong></span> <span class='ocrx_word' id='word_1_149' title='bbox 401 1718 687 1781; x_wconf 88' lang='lat' dir='ltr'><strong>editione</strong></span> <span class='ocrx_word' id='word_1_150' title='bbox 734 1717 1160 1799; x_wconf 83' lang='lat' dir='ltr'><strong>rejiciendum</strong></span> <span class='ocrx_word' id='word_1_151' title='bbox 1206 1734 1376 1787; x_wconf 87' lang='lat' dir='ltr'><strong>esse,</strong></span> <span class='ocrx_word' id='word_1_152' title='bbox 1456 1713 1790 1776; x_wconf 81' lang='lat' dir='ltr'><strong>confestim</strong></span> <span class='ocrx_word' id='word_1_153' title='bbox 1824 1716 2251 1775; x_wconf 84' lang='lat' dir='ltr'><strong>decreverunt</strong></span> <span class='ocrx_word' id='word_1_154' title='bbox 2287 1734 2302 1773; x_wconf 88' lang='lat'><strong>:</strong></span> <span class='ocrx_word' id='word_1_155' title='bbox 2340 1715 2684 1792; x_wconf 57' lang='lat' dir='ltr'><strong>praesertim</strong></span> <span class='ocrx_word' id='word_1_156' title='bbox 2722 1717 3144 1779; x_wconf 68' lang='lat' dir='ltr'><strong>cumointerea</strong></span> <span class='ocrx_word' id='word_1_157' title='bbox 3202 1718 3378 1777; x_wconf 66' lang='lat' dir='ltr'><strong>detev</strong></span> 
     </span>
    </p>
   </div>
   <div class='ocr_carea' id='block_1_15' title="bbox 128 1801 3376 1900">
    <p class='ocr_par' dir='ltr' id='par_1_15' title="bbox 128 1801 3376 1900">
     <span class='ocr_line' id='line_1_15' title="bbox 128 1801 3376 1900; baseline -0 -22"><span class='ocrx_word' id='word_1_158' title='bbox 128 1830 313 1880; x_wconf 65' lang='lat' dir='ltr'><strong>rtem</strong></span> <span class='ocrx_word' id='word_1_159' title='bbox 338 1837 374 1881; x_wconf 87' lang='lat' dir='ltr'><strong>a</strong></span> <span class='ocrx_word' id='word_1_160' title='bbox 412 1840 510 1881; x_wconf 84' lang='lat' dir='ltr'><strong>me</strong></span> <span class='ocrx_word' id='word_1_161' title='bbox 537 1829 727 1891; x_wconf 87' lang='lat' dir='ltr'><strong>esset,</strong></span> <span class='ocrx_word' id='word_1_162' title='bbox 753 1838 899 1880; x_wconf 85' lang='lat' dir='ltr'><strong>eum</strong></span> <span class='ocrx_word' id='word_1_163' title='bbox 938 1818 1289 1900; x_wconf 86' lang='lat' dir='ltr'><strong>nihilaliud</strong></span> <span class='ocrx_word' id='word_1_164' title='bbox 1328 1834 1493 1887; x_wconf 83' lang='lat' dir='ltr'><strong>esse,</strong></span> <span class='ocrx_word' id='word_1_165' title='bbox 1532 1833 1723 1895; x_wconf 86' lang='lat' dir='ltr'><strong>quam</strong></span> <span class='ocrx_word' id='word_1_166' title='bbox 1756 1832 1994 1877; x_wconf 86' lang='lat' dir='ltr'><strong>meram</strong></span> <span class='ocrx_word' id='word_1_167' title='bbox 2019 1818 2382 1876; x_wconf 72' lang='lat' dir='ltr'><strong>Grazcorum</strong></span> <span class='ocrx_word' id='word_1_168' title='bbox 2417 1818 2838 1893; x_wconf 79' lang='lat' dir='ltr'><strong>quorumdam</strong></span> <span class='ocrx_word' id='word_1_169' title='bbox 2875 1801 3222 1881; x_wconf 45' lang='lat' dir='ltr'><strong>I’atrum‘in</strong></span> <span class='ocrx_word' id='word_1_170' title='bbox 3258 1837 3376 1879; x_wconf 84' lang='lat' dir='ltr'><strong>cas</strong></span> 
     </span>
    </p>
   </div>
   <div class='ocr_carea' id='block_1_16' title="bbox 140 1912 3374 1996">
    <p class='ocr_par' dir='ltr' id='par_1_16' title="bbox 140 1912 3374 1996">
     <span class='ocr_line' id='line_1_16' title="bbox 140 1912 3374 1996; baseline -0.001 -16"><span class='ocrx_word' id='word_1_171' title='bbox 140 1921 471 1996; x_wconf 65' lang='lat' dir='ltr'><strong>Epistolas</strong></span> <span class='ocrx_word' id='word_1_172' title='bbox 510 1920 822 1991; x_wconf 78' lang='lat' dir='ltr'><strong>Catenam,</strong></span> <span class='ocrx_word' id='word_1_173' title='bbox 865 1920 1047 1996; x_wconf 89' lang='lat' dir='ltr'><strong>plane</strong></span> <span class='ocrx_word' id='word_1_174' title='bbox 1078 1918 1353 1978; x_wconf 88' lang='lat' dir='ltr'><strong>similem</strong></span> <span class='ocrx_word' id='word_1_175' title='bbox 1387 1915 1478 1977; x_wconf 89' lang='lat' dir='ltr'><strong>illi</strong></span> <span class='ocrx_word' id='word_1_176' title='bbox 1514 1931 1658 1994; x_wconf 64' lang='lat' dir='ltr'><strong>quin</strong></span> <span class='ocrx_word' id='word_1_177' title='bbox 1702 1923 1903 1975; x_wconf 86' lang='lat' dir='ltr'><strong>exstat</strong></span> <span class='ocrx_word' id='word_1_178' title='bbox 1954 1914 2188 1977; x_wconf 79' lang='lat' dir='ltr'><strong>Oxonii</strong></span> <span class='ocrx_word' id='word_1_179' title='bbox 2238 1916 2301 1975; x_wconf 90' lang='lat' dir='ltr'><strong>in</strong></span> <span class='ocrx_word' id='word_1_180' title='bbox 2341 1912 2726 1978; x_wconf 85' lang='lat' dir='ltr'><strong>bibliotheca</strong></span> <span class='ocrx_word' id='word_1_181' title='bbox 2763 1919 3029 1996; x_wconf 67' lang='lat' dir='ltr'><strong>tiollegii</strong></span> <span class='ocrx_word' id='word_1_182' title='bbox 3066 1920 3219 1979; x_wconf 76' lang='lat' dir='ltr'><strong>Novi</strong></span> <span class='ocrx_word' id='word_1_183' title='bbox 3266 1938 3374 1977; x_wconf 84' lang='lat' dir='ltr'><strong>ro-</strong></span> 
     </span>
    </p>
   </div>
   <div class='ocr_carea' id='block_1_17' title="bbox 136 2005 3457 2101">
    <p class='ocr_par' dir='ltr' id='par_1_17' title="bbox 136 2005 3457 2101">
     <span class='ocr_line' id='line_1_17' title="bbox 136 2005 3457 2101; baseline -0.001 -19"><span class='ocrx_word' id='word_1_184' title='bbox 136 2005 283 2082; x_wconf 78' lang='lat' dir='ltr'><strong>dice</strong></span> <span class='ocrx_word' id='word_1_185' title='bbox 313 2022 423 2093; x_wconf 79' lang='lat'><strong>58,</strong></span> <span class='ocrx_word' id='word_1_186' title='bbox 462 2040 537 2082; x_wconf 79' lang='lat' dir='ltr'><strong>ex</strong></span> <span class='ocrx_word' id='word_1_187' title='bbox 589 2038 711 2101; x_wconf 86' lang='lat' dir='ltr'><strong>qua</strong></span> <span class='ocrx_word' id='word_1_188' title='bbox 768 2018 1075 2081; x_wconf 89' lang='lat' dir='ltr'><strong>nonnulla</strong></span> <span class='ocrx_word' id='word_1_189' title='bbox 1133 2018 1363 2099; x_wconf 76' lang='lat' dir='ltr'><strong>selegit</strong></span> <span class='ocrx_word' id='word_1_190' title='bbox 1400 2026 1461 2079; x_wconf 92' lang='lat' dir='ltr'><strong>et</strong></span> <span class='ocrx_word' id='word_1_191' title='bbox 1494 2015 1759 2096; x_wconf 84' lang='lat' dir='ltr'><strong>protulit</strong></span> <span class='ocrx_word' id='word_1_192' title='bbox 1803 2015 2206 2080; x_wconf 89' lang='lat' dir='ltr'><strong>Christianus</strong></span> <span class='ocrx_word' id='word_1_193' title='bbox 2240 2017 2516 2080; x_wconf 81' lang='lat' dir='ltr'><strong>Woltius</strong></span> <span class='ocrx_word' id='word_1_194' title='bbox 2556 2028 2704 2079; x_wconf 89' lang='lat' dir='ltr'><strong>tom.</strong></span> <span class='ocrx_word' id='word_1_195' title='bbox 2774 2020 2859 2079; x_wconf 87' lang='lat' dir='ltr'><strong>Ill</strong></span> <span class='ocrx_word' id='word_1_196' title='bbox 2917 2018 3380 2079; x_wconf 83' lang='lat' dir='ltr'><strong>Anccdotoram</strong></span> <span class='ocrx_word' id='word_1_197' title='bbox 3454 2028 3457 2031; x_wconf 86' lang='lat'>&#39;</span> 
     </span>
    </p>
   </div>
   <div class='ocr_carea' id='block_1_18' title="bbox 132 2120 3380 2204">
    <p class='ocr_par' dir='ltr' id='par_1_18' title="bbox 132 2120 3380 2204">
     <span class='ocr_line' id='line_1_18' title="bbox 132 2120 3380 2204; baseline -0.001 -18"><span class='ocrx_word' id='word_1_198' title='bbox 132 2125 510 2186; x_wconf 20' lang='lat' dir='ltr'><strong>.Grtrcorum</strong></span> <span class='ocrx_word' id='word_1_199' title='bbox 548 2142 581 2186; x_wconf 89' lang='lat' dir='ltr'><strong>a</strong></span> <span class='ocrx_word' id='word_1_200' title='bbox 616 2142 754 2204; x_wconf 69' lang='lat' dir='ltr'><strong>pag.</strong></span> <span class='ocrx_word' id='word_1_201' title='bbox 788 2125 891 2187; x_wconf 79' lang='lat'><strong>92.</strong></span> <span class='ocrx_word' id='word_1_202' title='bbox 933 2130 993 2186; x_wconf 88' lang='lat' dir='ltr'><strong>et</strong></span> <span class='ocrx_word' id='word_1_203' title='bbox 1029 2129 1182 2185; x_wconf 85' lang='lat' dir='ltr'><strong>tein.</strong></span> <span class='ocrx_word' id='word_1_204' title='bbox 1211 2123 1319 2195; x_wconf 86' lang='lat' dir='ltr'><strong>IV,</strong></span> <span class='ocrx_word' id='word_1_205' title='bbox 1346 2137 1377 2183; x_wconf 89' lang='lat' dir='ltr'><strong>a</strong></span> <span class='ocrx_word' id='word_1_206' title='bbox 1414 2137 1553 2200; x_wconf 83' lang='lat' dir='ltr'><strong>pag.</strong></span> <span class='ocrx_word' id='word_1_207' title='bbox 1578 2120 1648 2180; x_wconf 59' lang='grc'><strong>⁷1.</strong></span> <span class='ocrx_word' id='word_1_208' title='bbox 1694 2121 1877 2181; x_wconf 89' lang='lat' dir='ltr'><strong>Facta</strong></span> <span class='ocrx_word' id='word_1_209' title='bbox 1914 2135 2186 2199; x_wconf 87' lang='lat' dir='ltr'><strong>namque</strong></span> <span class='ocrx_word' id='word_1_210' title='bbox 2215 2120 2584 2196; x_wconf 85' lang='lat' dir='ltr'><strong>collatione,</strong></span> <span class='ocrx_word' id='word_1_211' title='bbox 2616 2139 2685 2183; x_wconf 87' lang='lat' dir='ltr'><strong>ea</strong></span> <span class='ocrx_word' id='word_1_212' title='bbox 2718 2123 2932 2185; x_wconf 87' lang='lat' dir='ltr'><strong>omnia</strong></span> <span class='ocrx_word' id='word_1_213' title='bbox 2976 2124 3039 2184; x_wconf 91' lang='lat' dir='ltr'><strong>in</strong></span> <span class='ocrx_word' id='word_1_214' title='bbox 3081 2123 3380 2201; x_wconf 74' lang='lat' dir='ltr'><strong>prmdicto</strong></span> 
     </span>
    </p>
   </div>
   <div class='ocr_carea' id='block_1_19' title="bbox 137 2219 3380 2303">
    <p class='ocr_par' dir='ltr' id='par_1_19' title="bbox 137 2219 3380 2303">
     <span class='ocr_line' id='line_1_19' title="bbox 137 2219 3380 2303; baseline 0 -16"><span class='ocrx_word' id='word_1_215' title='bbox 137 2227 517 2303; x_wconf 75' lang='lat' dir='ltr'><strong>apographo</strong></span> <span class='ocrx_word' id='word_1_216' title='bbox 552 2225 935 2288; x_wconf 90' lang='lat' dir='ltr'><strong>verbotenus</strong></span> <span class='ocrx_word' id='word_1_217' title='bbox 991 2234 1236 2284; x_wconf 75' lang='lat' dir='ltr'><strong>exstare</strong></span> <span class='ocrx_word' id='word_1_218' title='bbox 1276 2240 1735 2297; x_wconf 78' lang='lat' dir='ltr'><strong>compereram,</strong></span> <span class='ocrx_word' id='word_1_219' title='bbox 1770 2238 1849 2283; x_wconf 91' lang='lat' dir='ltr'><strong>eo</strong></span> <span class='ocrx_word' id='word_1_220' title='bbox 1879 2221 2019 2283; x_wconf 87' lang='lat' dir='ltr'><strong>solo</strong></span> <span class='ocrx_word' id='word_1_221' title='bbox 2045 2222 2448 2299; x_wconf 86' lang='lat' dir='ltr'><strong>discrimine,</strong></span> <span class='ocrx_word' id='word_1_222' title='bbox 2482 2228 2650 2303; x_wconf 88' lang='lat' dir='ltr'><strong>quod</strong></span> <span class='ocrx_word' id='word_1_223' title='bbox 2682 2219 2745 2286; x_wconf 58' lang='lat' dir='ltr'><strong>iu&#39;</strong></span> <span class='ocrx_word' id='word_1_224' title='bbox 2773 2226 3126 2287; x_wconf 78' lang='lat' dir='ltr'><strong>Oxoniensi</strong></span> <span class='ocrx_word' id='word_1_225' title='bbox 3160 2226 3380 2289; x_wconf 79' lang='lat' dir='ltr'><strong>codice</strong></span> 
     </span>
    </p>
   </div>
   <div class='ocr_carea' id='block_1_20' title="bbox 143 2319 3376 2401">
    <p class='ocr_par' dir='ltr' id='par_1_20' title="bbox 143 2319 3376 2401">
     <span class='ocr_line' id='line_1_20' title="bbox 143 2319 3376 2401; baseline -0.001 -15"><span class='ocrx_word' id='word_1_226' title='bbox 143 2326 413 2386; x_wconf 72' lang='lat' dir='ltr'><strong>uoiiiina</strong></span> <span class='ocrx_word' id='word_1_227' title='bbox 477 2327 753 2395; x_wconf 86' lang='lat' dir='ltr'><strong>Patrum,</strong></span> <span class='ocrx_word' id='word_1_228' title='bbox 804 2338 1079 2401; x_wconf 88' lang='lat' dir='ltr'><strong>quorum</strong></span> <span class='ocrx_word' id='word_1_229' title='bbox 1143 2322 1331 2381; x_wconf 87' lang='lat' dir='ltr'><strong>verba</strong></span> <span class='ocrx_word' id='word_1_230' title='bbox 1383 2319 1777 2392; x_wconf 82' lang='lat' dir='ltr'><strong>referuntur,</strong></span> <span class='ocrx_word' id='word_1_231' title='bbox 1830 2328 2119 2381; x_wconf 81' lang='lat' dir='ltr'><strong>accurate</strong></span> <span class='ocrx_word' id='word_1_232' title='bbox 2156 2329 2374 2382; x_wconf 87' lang='lat' dir='ltr'><strong>essent</strong></span> <span class='ocrx_word' id='word_1_233' title='bbox 2410 2326 2746 2398; x_wconf 78' lang='lat' dir='ltr'><strong>adnotata;</strong></span> <span class='ocrx_word' id='word_1_234' title='bbox 2796 2325 2854 2385; x_wconf 91' lang='lat' dir='ltr'><strong>in</strong></span> <span class='ocrx_word' id='word_1_235' title='bbox 2890 2324 3376 2387; x_wconf 78' lang='lat' dir='ltr'><strong>Vindobonensi</strong></span> 
     </span>
    </p>
   </div>
   <div class='ocr_carea' id='block_1_21' title="bbox 140 2420 3379 2503">
    <p class='ocr_par' dir='ltr' id='par_1_21' title="bbox 140 2420 3379 2503">
     <span class='ocr_line' id='line_1_21' title="bbox 140 2420 3379 2503; baseline -0.003 -15"><span class='ocrx_word' id='word_1_236' title='bbox 140 2444 321 2501; x_wconf 79' lang='lat' dir='ltr'><strong>vero,</strong></span> <span class='ocrx_word' id='word_1_237' title='bbox 376 2442 507 2486; x_wconf 91' lang='lat' dir='ltr'><strong>uno</strong></span> <span class='ocrx_word' id='word_1_238' title='bbox 551 2432 813 2495; x_wconf 87' lang='lat' dir='ltr'><strong>tantum,</strong></span> <span class='ocrx_word' id='word_1_239' title='bbox 856 2421 953 2485; x_wconf 91' lang='lat' dir='ltr'><strong>vel</strong></span> <span class='ocrx_word' id='word_1_240' title='bbox 991 2421 1190 2484; x_wconf 88' lang='lat' dir='ltr'><strong>altero</strong></span> <span class='ocrx_word' id='word_1_241' title='bbox 1220 2428 1511 2498; x_wconf 81' lang='lat' dir='ltr'><strong>excepto,</strong></span> <span class='ocrx_word' id='word_1_242' title='bbox 1557 2420 1685 2482; x_wconf 87' lang='lat' dir='ltr'><strong>sint</strong></span> <span class='ocrx_word' id='word_1_243' title='bbox 1726 2420 1985 2499; x_wconf 85' lang='lat' dir='ltr'><strong>penitus</strong></span> <span class='ocrx_word' id='word_1_244' title='bbox 2036 2422 2457 2499; x_wconf 65' lang='lat' dir='ltr'><strong>prtetcrmissa</strong></span> <span class='ocrx_word' id='word_1_245' title='bbox 2491 2439 2504 2483; x_wconf 85' lang='lat'><strong>:</strong></span> <span class='ocrx_word' id='word_1_246' title='bbox 2537 2440 2681 2503; x_wconf 75' lang='lat' dir='ltr'><strong>qum</strong></span> <span class='ocrx_word' id='word_1_247' title='bbox 2720 2442 2819 2485; x_wconf 73' lang='lat' dir='ltr'><strong>res</strong></span> <span class='ocrx_word' id='word_1_248' title='bbox 2852 2424 3379 2502; x_wconf 77' lang='lat' dir='ltr'><strong>interpretantem</strong></span> 
     </span>
    </p>
   </div>
   <div class='ocr_carea' id='block_1_22' title="bbox 144 2512 3361 2607">
    <p class='ocr_par' dir='ltr' id='par_1_22' title="bbox 144 2512 3361 2607">
     <span class='ocr_line' id='line_1_22' title="bbox 144 2512 3361 2607; baseline -0.001 -18"><span class='ocrx_word' id='word_1_249' title='bbox 144 2547 241 2589; x_wconf 91' lang='lat' dir='ltr'><strong>me</strong></span> <span class='ocrx_word' id='word_1_250' title='bbox 266 2525 455 2589; x_wconf 77' lang='lat' dir='ltr'><strong>valde</strong></span> <span class='ocrx_word' id='word_1_251' title='bbox 488 2525 851 2604; x_wconf 86' lang='lat' dir='ltr'><strong>torquebat;</strong></span> <span class='ocrx_word' id='word_1_252' title='bbox 877 2512 1025 2602; x_wconf 86' lang='lat' dir='ltr'><strong>quia</strong></span> <span class='ocrx_word' id='word_1_253' title='bbox 1046 2521 1315 2607; x_wconf 81' lang='lat' dir='ltr'><strong>sublatis</strong></span> <span class='ocrx_word' id='word_1_254' title='bbox 1339 2521 1713 2586; x_wconf 85' lang='lat' dir='ltr'><strong>nominibus</strong></span> <span class='ocrx_word' id='word_1_255' title='bbox 1738 2522 1891 2591; x_wconf 88' lang='lat' dir='ltr'><strong>illis.</strong></span> <span class='ocrx_word' id='word_1_256' title='bbox 1926 2540 2138 2602; x_wconf 84' lang='lat' dir='ltr'><strong>neque.</strong></span> <span class='ocrx_word' id='word_1_257' title='bbox 2167 2524 2298 2587; x_wconf 91' lang='lat' dir='ltr'><strong>ullo</strong></span> <span class='ocrx_word' id='word_1_258' title='bbox 2322 2526 2486 2588; x_wconf 91' lang='lat' dir='ltr'><strong>inter</strong></span> <span class='ocrx_word' id='word_1_259' title='bbox 2518 2545 2587 2586; x_wconf 69' lang='lat' dir='ltr'><strong>ra</strong></span> <span class='ocrx_word' id='word_1_260' title='bbox 2623 2544 2766 2605; x_wconf 75' lang='lat' dir='ltr'><strong>qum</strong></span> <span class='ocrx_word' id='word_1_261' title='bbox 2796 2527 3166 2587; x_wconf 72' lang='lat' dir='ltr'><strong>dicerentur</strong></span> <span class='ocrx_word' id='word_1_262' title='bbox 3196 2543 3361 2586; x_wconf 74' lang='lat' dir='ltr'><strong>nexu</strong></span> 
     </span>
    </p>
   </div>
   <div class='ocr_carea' id='block_1_23' title="bbox 141 2621 3377 2707">
    <p class='ocr_par' dir='ltr' id='par_1_23' title="bbox 141 2621 3377 2707">
     <span class='ocr_line' id='line_1_23' title="bbox 141 2621 3377 2707; baseline -0.002 -17"><span class='ocrx_word' id='word_1_263' title='bbox 141 2635 518 2707; x_wconf 76' lang='lat' dir='ltr'><strong>apparente,</strong></span> <span class='ocrx_word' id='word_1_264' title='bbox 540 2642 676 2699; x_wconf 48' lang='lat' dir='ltr'><strong>,nou</strong></span> <span class='ocrx_word' id='word_1_265' title='bbox 711 2623 1220 2687; x_wconf 82' lang='lat' dir='ltr'><strong>Commentarios</strong></span> <span class='ocrx_word' id='word_1_266' title='bbox 1252 2621 1509 2701; x_wconf 87' lang='lat' dir='ltr'><strong>aliquis,</strong></span> <span class='ocrx_word' id='word_1_267' title='bbox 1537 2622 1648 2683; x_wconf 87' lang='lat' dir='ltr'><strong>sed</strong></span> <span class='ocrx_word' id='word_1_268' title='bbox 1679 2639 1886 2698; x_wconf 75' lang='lat' dir='ltr'><strong>secpre</strong></span> <span class='ocrx_word' id='word_1_269' title='bbox 1910 2623 2289 2694; x_wconf 74' lang='lat' dir='ltr'><strong>dis&#39;sutm,‘et</strong></span> <span class='ocrx_word' id='word_1_270' title='bbox 2325 2644 2514 2687; x_wconf 89' lang='lat' dir='ltr'><strong>arena</strong></span> <span class='ocrx_word' id='word_1_271' title='bbox 2540 2626 2680 2689; x_wconf 87' lang='lat' dir='ltr'><strong>sine</strong></span> <span class='ocrx_word' id='word_1_272' title='bbox 2705 2627 2896 2698; x_wconf 74' lang='lat' dir='ltr'><strong>calce,</strong></span> <span class='ocrx_word' id='word_1_273' title='bbox 2926 2634 2993 2688; x_wconf 87' lang='lat' dir='ltr'><strong>ut</strong></span> <span class='ocrx_word' id='word_1_274' title='bbox 3036 2626 3162 2687; x_wconf 90' lang='lat' dir='ltr'><strong>dici</strong></span> <span class='ocrx_word' id='word_1_275' title='bbox 3192 2624 3377 2699; x_wconf 84' lang='lat' dir='ltr'><strong>solet,</strong></span> 
     </span>
    </p>
   </div>
   <div class='ocr_carea' id='block_1_24' title="bbox 144 2710 3380 2807">
    <p class='ocr_par' dir='ltr' id='par_1_24' title="bbox 144 2710 3380 2807">
     <span class='ocr_line' id='line_1_24' title="bbox 144 2710 3380 2807; baseline -0.002 -15"><span class='ocrx_word' id='word_1_276' title='bbox 144 2730 549 2795; x_wconf 86' lang='lat' dir='ltr'><strong>viderentur.</strong></span> <span class='ocrx_word' id='word_1_277' title='bbox 590 2729 849 2799; x_wconf 76' lang='lat' dir='ltr'><strong>Verum,</strong></span> <span class='ocrx_word' id='word_1_278' title='bbox 885 2725 939 2785; x_wconf 91' lang='lat' dir='ltr'><strong>si</strong></span> <span class='ocrx_word' id='word_1_279' title='bbox 995 2724 1077 2785; x_wconf 90' lang='lat' dir='ltr'><strong>ita</strong></span> <span class='ocrx_word' id='word_1_280' title='bbox 1124 2735 1240 2795; x_wconf 89' lang='lat' dir='ltr'><strong>est,</strong></span> <span class='ocrx_word' id='word_1_281' title='bbox 1276 2723 1558 2802; x_wconf 84' lang='lat' dir='ltr'><strong>inquies,</strong></span> <span class='ocrx_word' id='word_1_282' title='bbox 1592 2726 1919 2800; x_wconf 87' lang='lat' dir='ltr'><strong>quomodo</strong></span> <span class='ocrx_word' id='word_1_283' title='bbox 1954 2726 2031 2787; x_wconf 89' lang='lat' dir='ltr'><strong>cl.</strong></span> <span class='ocrx_word' id='word_1_284' title='bbox 2059 2710 2438 2789; x_wconf 83' lang='lat' dir='ltr'><strong>Lambecius</strong></span> <span class='ocrx_word' id='word_1_285' title='bbox 2481 2728 3021 2791; x_wconf 88' lang='lat' dir='ltr'><strong>Commentarium</strong></span> <span class='ocrx_word' id='word_1_286' title='bbox 3057 2728 3380 2807; x_wconf 84' lang='lat' dir='ltr'><strong>ejusmodi</strong></span> 
     </span>
    </p>
   </div>
   <div class='ocr_carea' id='block_1_25' title="bbox 145 2818 3378 2920">
    <p class='ocr_par' dir='ltr' id='par_1_25' title="bbox 145 2818 3378 2920">
     <span class='ocr_line' id='line_1_25' title="bbox 145 2818 3378 2920; baseline -0.002 -27"><span class='ocrx_word' id='word_1_287' title='bbox 145 2828 632 2920; x_wconf 71' lang='lat' dir='ltr'><strong>&#39;l‘heophylacto</strong></span> <span class='ocrx_word' id='word_1_288' title='bbox 663 2824 1102 2887; x_wconf 89' lang='lat' dir='ltr'><strong>indubitanter</strong></span> <span class='ocrx_word' id='word_1_289' title='bbox 1136 2818 1471 2899; x_wconf 73' lang='lat' dir='ltr'><strong>ascripsit?</strong></span> <span class='ocrx_word' id='word_1_290' title='bbox 1527 2824 1757 2884; x_wconf 74' lang='lat' dir='ltr'><strong>Eadem</strong></span> <span class='ocrx_word' id='word_1_291' title='bbox 1806 2842 2035 2901; x_wconf 86' lang='lat' dir='ltr'><strong>nempe</strong></span> <span class='ocrx_word' id='word_1_292' title='bbox 2091 2828 2358 2901; x_wconf 85' lang='lat' dir='ltr'><strong>ratione,</strong></span> <span class='ocrx_word' id='word_1_293' title='bbox 2398 2827 2777 2901; x_wconf 87' lang='lat' dir='ltr'><strong>respondeo,</strong></span> <span class='ocrx_word' id='word_1_294' title='bbox 2828 2846 2953 2909; x_wconf 87' lang='lat' dir='ltr'><strong>qua</strong></span> <span class='ocrx_word' id='word_1_295' title='bbox 3004 2838 3063 2889; x_wconf 91' lang='lat' dir='ltr'><strong>et</strong></span> <span class='ocrx_word' id='word_1_296' title='bbox 3105 2830 3268 2896; x_wconf 86' lang='lat' dir='ltr'><strong>duos</strong></span> <span class='ocrx_word' id='word_1_297' title='bbox 3313 2830 3378 2898; x_wconf 83' lang='lat' dir='ltr'><strong>iu</strong></span> 
     </span>
    </p>
   </div>
   <div class='ocr_carea' id='block_1_26' title="bbox 146 2919 3381 3005">
    <p class='ocr_par' dir='ltr' id='par_1_26' title="bbox 146 2919 3381 3005">
     <span class='ocr_line' id='line_1_26' title="bbox 146 2919 3381 3005; baseline 0 -13"><span class='ocrx_word' id='word_1_298' title='bbox 146 2919 410 2993; x_wconf 80' lang='lat' dir='ltr'><strong>easdem</strong></span> <span class='ocrx_word' id='word_1_299' title='bbox 450 2925 762 3005; x_wconf 88' lang='lat' dir='ltr'><strong>Epistolas</strong></span> <span class='ocrx_word' id='word_1_300' title='bbox 794 2922 1323 2993; x_wconf 87' lang='lat' dir='ltr'><strong>Commentarios,</strong></span> <span class='ocrx_word' id='word_1_301' title='bbox 1372 2920 1619 2981; x_wconf 85' lang='lat' dir='ltr'><strong>tametsi</strong></span> <span class='ocrx_word' id='word_1_302' title='bbox 1664 2920 1981 2993; x_wconf 88' lang='lat' dir='ltr'><strong>diversos,</strong></span> <span class='ocrx_word' id='word_1_303' title='bbox 2018 2919 2129 2984; x_wconf 90' lang='lat' dir='ltr'><strong>uni</strong></span> <span class='ocrx_word' id='word_1_304' title='bbox 2164 2925 2504 3004; x_wconf 87' lang='lat' dir='ltr'><strong>eidemque</strong></span> <span class='ocrx_word' id='word_1_305' title='bbox 2543 2927 2766 2987; x_wconf 88' lang='lat' dir='ltr'><strong>tribuit</strong></span> <span class='ocrx_word' id='word_1_306' title='bbox 2814 2928 3079 2989; x_wconf 79' lang='lat' dir='ltr'><strong>auctori.</strong></span> <span class='ocrx_word' id='word_1_307' title='bbox 3125 2928 3381 2993; x_wconf 82' lang='lat' dir='ltr'><strong>Scilicet</strong></span> 
     </span>
    </p>
   </div>
   <div class='ocr_carea' id='block_1_27' title="bbox 145 3024 3378 3106">
    <p class='ocr_par' dir='ltr' id='par_1_27' title="bbox 145 3024 3378 3106">
     <span class='ocr_line' id='line_1_27' title="bbox 145 3024 3378 3106; baseline -0 -12"><span class='ocrx_word' id='word_1_308' title='bbox 145 3049 260 3094; x_wconf 85' lang='lat' dir='ltr'><strong>eos</strong></span> <span class='ocrx_word' id='word_1_309' title='bbox 300 3024 808 3090; x_wconf 86' lang='lat' dir='ltr'><strong>Commentarios</strong></span> <span class='ocrx_word' id='word_1_310' title='bbox 848 3024 987 3103; x_wconf 91' lang='lat' dir='ltr'><strong>ipse</strong></span> <span class='ocrx_word' id='word_1_311' title='bbox 1019 3040 1144 3087; x_wconf 88' lang='lat' dir='ltr'><strong>non</strong></span> <span class='ocrx_word' id='word_1_312' title='bbox 1180 3026 1355 3105; x_wconf 80' lang='lat' dir='ltr'><strong>legit,</strong></span> <span class='ocrx_word' id='word_1_313' title='bbox 1392 3044 1603 3104; x_wconf 82' lang='lat' dir='ltr'><strong>neque</strong></span> <span class='ocrx_word' id='word_1_314' title='bbox 1633 3027 1711 3088; x_wconf 90' lang='lat' dir='ltr'><strong>de</strong></span> <span class='ocrx_word' id='word_1_315' title='bbox 1745 3045 1969 3089; x_wconf 90' lang='lat' dir='ltr'><strong>eorum</strong></span> <span class='ocrx_word' id='word_1_316' title='bbox 1999 3029 2358 3090; x_wconf 83' lang='lat' dir='ltr'><strong>statuendis</strong></span> <span class='ocrx_word' id='word_1_317' title='bbox 2406 3032 2773 3091; x_wconf 87' lang='lat' dir='ltr'><strong>auctoribus</strong></span> <span class='ocrx_word' id='word_1_318' title='bbox 2808 3031 3231 3106; x_wconf 88' lang='lat' dir='ltr'><strong>adlaboravit;</strong></span> <span class='ocrx_word' id='word_1_319' title='bbox 3265 3034 3378 3095; x_wconf 88' lang='lat' dir='ltr'><strong>sed</strong></span> 
     </span>
    </p>
   </div>
   <div class='ocr_carea' id='block_1_28' title="bbox 148 3125 3384 3209">
    <p class='ocr_par' dir='ltr' id='par_1_28' title="bbox 148 3125 3384 3209">
     <span class='ocr_line' id='line_1_28' title="bbox 148 3125 3384 3209; baseline -0.001 -15"><span class='ocrx_word' id='word_1_320' title='bbox 148 3134 315 3194; x_wconf 88' lang='lat' dir='ltr'><strong>notis</strong></span> <span class='ocrx_word' id='word_1_321' title='bbox 341 3131 408 3191; x_wconf 89' lang='lat' dir='ltr'><strong>in</strong></span> <span class='ocrx_word' id='word_1_322' title='bbox 441 3129 648 3190; x_wconf 88' lang='lat' dir='ltr'><strong>fronte</strong></span> <span class='ocrx_word' id='word_1_323' title='bbox 678 3125 965 3191; x_wconf 87' lang='lat' dir='ltr'><strong>codicum</strong></span> <span class='ocrx_word' id='word_1_324' title='bbox 991 3129 1488 3206; x_wconf 15' lang='lat' dir='ltr'><strong>repertis,aﬁdem</strong></span> <span class='ocrx_word' id='word_1_325' title='bbox 1519 3129 1660 3189; x_wconf 90' lang='lat' dir='ltr'><strong>sine</strong></span> <span class='ocrx_word' id='word_1_326' title='bbox 1683 3128 1820 3195; x_wconf 82' lang='lat' dir='ltr'><strong>ullo</strong></span> <span class='ocrx_word' id='word_1_327' title='bbox 1848 3127 2143 3191; x_wconf 79' lang='lat' dir='ltr'><strong>examine</strong></span> <span class='ocrx_word' id='word_1_328' title='bbox 2175 3128 2485 3207; x_wconf 78' lang='lat' dir='ltr'><strong>prmstitit.</strong></span> <span class='ocrx_word' id='word_1_329' title='bbox 2523 3132 2679 3191; x_wconf 87' lang='lat' dir='ltr'><strong>Cum</strong></span> <span class='ocrx_word' id='word_1_330' title='bbox 2706 3130 2905 3209; x_wconf 75' lang='lat' dir='ltr'><strong>igitur</strong></span> <span class='ocrx_word' id='word_1_331' title='bbox 2935 3130 3026 3193; x_wconf 89' lang='lat' dir='ltr'><strong>illi</strong></span> <span class='ocrx_word' id='word_1_332' title='bbox 3051 3133 3384 3193; x_wconf 62' lang='lat' dir='ltr'><strong>Commeih</strong></span> 
     </span>
    </p>
   </div>
   <div class='ocr_carea' id='block_1_29' title="bbox 153 3227 3379 3310">
    <p class='ocr_par' dir='ltr' id='par_1_29' title="bbox 153 3227 3379 3310">
     <span class='ocr_line' id='line_1_29' title="bbox 153 3227 3379 3310; baseline -0.002 -14"><span class='ocrx_word' id='word_1_333' title='bbox 153 3239 309 3297; x_wconf 87' lang='lat' dir='ltr'><strong>tario</strong></span> <span class='ocrx_word' id='word_1_334' title='bbox 368 3251 558 3296; x_wconf 90' lang='lat' dir='ltr'><strong>manu</strong></span> <span class='ocrx_word' id='word_1_335' title='bbox 607 3230 1049 3310; x_wconf 80' lang='lat' dir='ltr'><strong>Tegnagnelii,</strong></span> <span class='ocrx_word' id='word_1_336' title='bbox 1100 3231 1199 3293; x_wconf 88' lang='lat' dir='ltr'><strong>sui</strong></span> <span class='ocrx_word' id='word_1_337' title='bbox 1252 3232 1317 3292; x_wconf 87' lang='lat' dir='ltr'><strong>in</strong></span> <span class='ocrx_word' id='word_1_338' title='bbox 1379 3229 1668 3293; x_wconf 90' lang='lat' dir='ltr'><strong>custodia</strong></span> <span class='ocrx_word' id='word_1_339' title='bbox 1708 3229 2012 3297; x_wconf 68' lang='lat' dir='ltr'><strong>Cmsareai</strong></span> <span class='ocrx_word' id='word_1_340' title='bbox 2046 3227 2448 3293; x_wconf 69' lang='lat' dir='ltr'><strong>bibliotheca)</strong></span> <span class='ocrx_word' id='word_1_341' title='bbox 2481 3232 2907 3306; x_wconf 70' lang='lat' dir='ltr'><strong>prtecessoris,</strong></span> <span class='ocrx_word' id='word_1_342' title='bbox 2964 3240 3379 3308; x_wconf 70' lang='lat' dir='ltr'><strong>pi-zenotatum</strong></span> 
     </span>
    </p>
   </div>
   <div class='ocr_carea' id='block_1_30' title="bbox 153 3326 3380 3412">
    <p class='ocr_par' dir='ltr' id='par_1_30' title="bbox 153 3326 3380 3412">
     <span class='ocr_line' id='line_1_30' title="bbox 153 3326 3380 3412; baseline -0.001 -18"><span class='ocrx_word' id='word_1_343' title='bbox 153 3334 417 3412; x_wconf 72' lang='lat' dir='ltr'><strong>legisset</strong></span> <span class='ocrx_word' id='word_1_344' title='bbox 451 3348 466 3387; x_wconf 94' lang='lat'><strong>:</strong></span> <span class='ocrx_word' id='word_1_345' title='bbox 504 3328 998 3392; x_wconf 75' lang='lat' dir='ltr'><strong>Commentarius</strong></span> <span class='ocrx_word' id='word_1_346' title='bbox 1032 3326 1504 3408; x_wconf 80' lang='lat' dir='ltr'><strong>Thcophylacti,</strong></span> <span class='ocrx_word' id='word_1_347' title='bbox 1547 3334 1612 3386; x_wconf 90' lang='lat' dir='ltr'><strong>ut</strong></span> <span class='ocrx_word' id='word_1_348' title='bbox 1658 3336 1719 3388; x_wconf 89' lang='lat' dir='ltr'><strong>et</strong></span> <span class='ocrx_word' id='word_1_349' title='bbox 1752 3326 1888 3404; x_wconf 87' lang='lat' dir='ltr'><strong>ipse</strong></span> <span class='ocrx_word' id='word_1_350' title='bbox 1919 3343 2064 3391; x_wconf 85' lang='lat' dir='ltr'><strong>cum</strong></span> <span class='ocrx_word' id='word_1_351' title='bbox 2113 3342 2186 3387; x_wconf 90' lang='lat' dir='ltr'><strong>ea</strong></span> <span class='ocrx_word' id='word_1_352' title='bbox 2225 3328 2287 3387; x_wconf 91' lang='lat' dir='ltr'><strong>in</strong></span> <span class='ocrx_word' id='word_1_353' title='bbox 2324 3328 2478 3388; x_wconf 91' lang='lat' dir='ltr'><strong>urbe</strong></span> <span class='ocrx_word' id='word_1_354' title='bbox 2522 3338 2830 3402; x_wconf 82' lang='lat' dir='ltr'><strong>versarer,</strong></span> <span class='ocrx_word' id='word_1_355' title='bbox 2865 3330 3015 3401; x_wconf 89' lang='lat' dir='ltr'><strong>vidi,</strong></span> <span class='ocrx_word' id='word_1_356' title='bbox 3074 3330 3190 3391; x_wconf 93' lang='lat' dir='ltr'><strong>hoc</strong></span> <span class='ocrx_word' id='word_1_357' title='bbox 3228 3332 3380 3391; x_wconf 86' lang='lat' dir='ltr'><strong>satis</strong></span> 
     </span>
    </p>
   </div>
   <div class='ocr_carea' id='block_1_31' title="bbox 152 3425 3383 3507">
    <p class='ocr_par' dir='ltr' id='par_1_31' title="bbox 152 3425 3383 3507">
     <span class='ocr_line' id='line_1_31' title="bbox 152 3425 3383 3507; baseline -0.003 -9"><span class='ocrx_word' id='word_1_358' title='bbox 152 3455 293 3498; x_wconf 87' lang='lat' dir='ltr'><strong>esse</strong></span> <span class='ocrx_word' id='word_1_359' title='bbox 325 3434 538 3507; x_wconf 77' lang='lat' dir='ltr'><strong>duxit,</strong></span> <span class='ocrx_word' id='word_1_360' title='bbox 574 3438 638 3497; x_wconf 89' lang='lat' dir='ltr'><strong>ut</strong></span> <span class='ocrx_word' id='word_1_361' title='bbox 669 3447 829 3495; x_wconf 17' lang='lat' dir='ltr'><strong>eum.</strong></span> <span class='ocrx_word' id='word_1_362' title='bbox 861 3428 1032 3493; x_wconf 89' lang='lat' dir='ltr'><strong>inter</strong></span> <span class='ocrx_word' id='word_1_363' title='bbox 1078 3425 1540 3504; x_wconf 75' lang='lat' dir='ltr'><strong>&#39;l‘lteOphylacti</strong></span> <span class='ocrx_word' id='word_1_364' title='bbox 1588 3426 1800 3503; x_wconf 87' lang='lat' dir='ltr'><strong>Opera</strong></span> <span class='ocrx_word' id='word_1_365' title='bbox 1850 3433 2280 3502; x_wconf 88' lang='lat' dir='ltr'><strong>percenscret.</strong></span> <span class='ocrx_word' id='word_1_366' title='bbox 2325 3427 2399 3486; x_wconf 82' lang='lat' dir='ltr'><strong>Et</strong></span> <span class='ocrx_word' id='word_1_367' title='bbox 2444 3434 2649 3486; x_wconf 91' lang='lat' dir='ltr'><strong>tamen</strong></span> <span class='ocrx_word' id='word_1_368' title='bbox 2686 3427 2933 3505; x_wconf 88' lang='lat' dir='ltr'><strong>liquido</strong></span> <span class='ocrx_word' id='word_1_369' title='bbox 2964 3436 3228 3499; x_wconf 87' lang='lat' dir='ltr'><strong>constat,</strong></span> <span class='ocrx_word' id='word_1_370' title='bbox 3261 3433 3383 3489; x_wconf 80' lang='grc' dir='ltr'><strong>Τυ-</strong></span> 
     </span>
    </p>
   </div>
   <div class='ocr_carea' id='block_1_32' title="bbox 152 3524 3379 3619">
    <p class='ocr_par' dir='ltr' id='par_1_32' title="bbox 152 3524 3379 3619">
     <span class='ocr_line' id='line_1_32' title="bbox 152 3524 3379 3619; baseline -0.004 -20"><span class='ocrx_word' id='word_1_371' title='bbox 152 3535 567 3619; x_wconf 79' lang='lat' dir='ltr'><strong>gnagnelium</strong></span> <span class='ocrx_word' id='word_1_372' title='bbox 601 3546 725 3592; x_wconf 88' lang='lat' dir='ltr'><strong>non</strong></span> <span class='ocrx_word' id='word_1_373' title='bbox 763 3528 885 3592; x_wconf 91' lang='lat' dir='ltr'><strong>alia</strong></span> <span class='ocrx_word' id='word_1_374' title='bbox 934 3526 1204 3600; x_wconf 88' lang='lat' dir='ltr'><strong>ratione,</strong></span> <span class='ocrx_word' id='word_1_375' title='bbox 1247 3542 1318 3587; x_wconf 91' lang='lat' dir='ltr'><strong>ea</strong></span> <span class='ocrx_word' id='word_1_376' title='bbox 1351 3542 1503 3588; x_wconf 86' lang='lat' dir='ltr'><strong>sane</strong></span> <span class='ocrx_word' id='word_1_377' title='bbox 1532 3524 1991 3598; x_wconf 80' lang='lat' dir='ltr'><strong>inﬁrmissima,</strong></span> <span class='ocrx_word' id='word_1_378' title='bbox 2046 3525 2590 3589; x_wconf 81' lang='lat' dir='ltr'><strong>Commentarium</strong></span> <span class='ocrx_word' id='word_1_379' title='bbox 2630 3524 3001 3606; x_wconf 84' lang='lat' dir='ltr'><strong>hujusmodi</strong></span> <span class='ocrx_word' id='word_1_380' title='bbox 3037 3528 3379 3605; x_wconf 67' lang='lat' dir='ltr'><strong>TtieOphy-</strong></span> 
     </span>
    </p>
   </div>
   <div class='ocr_carea' id='block_1_33' title="bbox 154 3627 3381 3715">
    <p class='ocr_par' dir='ltr' id='par_1_33' title="bbox 154 3627 3381 3715">
     <span class='ocr_line' id='line_1_33' title="bbox 154 3627 3381 3715; baseline -0.004 -14"><span class='ocrx_word' id='word_1_381' title='bbox 154 3643 312 3702; x_wconf 83' lang='lat' dir='ltr'><strong>lacte</strong></span> <span class='ocrx_word' id='word_1_382' title='bbox 346 3634 772 3715; x_wconf 85' lang='lat' dir='ltr'><strong>adjudicasse.</strong></span> <span class='ocrx_word' id='word_1_383' title='bbox 809 3646 999 3708; x_wconf 88' lang='lat' dir='ltr'><strong>quam</strong></span> <span class='ocrx_word' id='word_1_384' title='bbox 1044 3630 1215 3709; x_wconf 90' lang='lat' dir='ltr'><strong>quod</strong></span> <span class='ocrx_word' id='word_1_385' title='bbox 1267 3629 1489 3690; x_wconf 87' lang='lat' dir='ltr'><strong>eodem</strong></span> <span class='ocrx_word' id='word_1_386' title='bbox 1517 3628 1581 3688; x_wconf 90' lang='lat' dir='ltr'><strong>in</strong></span> <span class='ocrx_word' id='word_1_387' title='bbox 1615 3627 1833 3690; x_wconf 86' lang='lat' dir='ltr'><strong>codice</strong></span> <span class='ocrx_word' id='word_1_388' title='bbox 1865 3628 2500 3707; x_wconf 64' lang='lat' dir='ltr'><strong>certiquuibusdam</strong></span> <span class='ocrx_word' id='word_1_389' title='bbox 2546 3628 3004 3709; x_wconf 69' lang='lat' dir='ltr'><strong>Theophylacti</strong></span> <span class='ocrx_word' id='word_1_390' title='bbox 3048 3632 3381 3692; x_wconf 85' lang='lat' dir='ltr'><strong>Commen-</strong></span> 
     </span>
    </p>
   </div>
   <div class='ocr_carea' id='block_1_34' title="bbox 155 3733 2267 3819">
    <p class='ocr_par' dir='ltr' id='par_1_34' title="bbox 155 3733 2267 3819">
     <span class='ocr_line' id='line_1_34' title="bbox 155 3733 2267 3819; baseline -0.005 -14"><span class='ocrx_word' id='word_1_391' title='bbox 155 3745 330 3808; x_wconf 86' lang='lat' dir='ltr'><strong>tariis</strong></span> <span class='ocrx_word' id='word_1_392' title='bbox 362 3746 534 3802; x_wconf 90' lang='lat' dir='ltr'><strong>esset</strong></span> <span class='ocrx_word' id='word_1_393' title='bbox 569 3738 941 3816; x_wconf 87' lang='lat' dir='ltr'><strong>adjunctus,</strong></span> <span class='ocrx_word' id='word_1_394' title='bbox 967 3736 1324 3814; x_wconf 85' lang='lat' dir='ltr'><strong>eademque</strong></span> <span class='ocrx_word' id='word_1_395' title='bbox 1361 3750 1553 3797; x_wconf 86' lang='lat' dir='ltr'><strong>manu</strong></span> <span class='ocrx_word' id='word_1_396' title='bbox 1583 3746 1883 3819; x_wconf 67' lang='lat' dir='ltr'><strong>exaratus</strong></span> <span class='ocrx_word' id='word_1_397' title='bbox 1913 3733 2267 3794; x_wconf 89' lang='lat' dir='ltr'><strong>videretur.</strong></span> 
     </span>
    </p>
   </div>
   <div class='ocr_carea' id='block_1_35' title="bbox 230 3836 3382 3921">
    <p class='ocr_par' dir='ltr' id='par_1_35' title="bbox 230 3836 3382 3921">
     <span class='ocr_line' id='line_1_35' title="bbox 230 3836 3382 3921; baseline -0.005 -14"><span class='ocrx_word' id='word_1_398' title='bbox 230 3851 312 3912; x_wconf 76' lang='grc' dir='ltr'><strong>Χ.</strong></span> <span class='ocrx_word' id='word_1_399' title='bbox 353 3843 660 3906; x_wconf 67' lang='grc' dir='ltr'><strong>Ργίυύὶριο</strong></span> <span class='ocrx_word' id='word_1_400' title='bbox 693 3842 908 3921; x_wconf 84' lang='lat' dir='ltr'><strong>itaque</strong></span> <span class='ocrx_word' id='word_1_401' title='bbox 938 3839 1411 3902; x_wconf 79' lang='lat' dir='ltr'><strong>Commentario</strong></span> <span class='ocrx_word' id='word_1_402' title='bbox 1437 3856 1467 3897; x_wconf 91' lang='lat' dir='ltr'><strong>a</strong></span> <span class='ocrx_word' id='word_1_403' title='bbox 1501 3836 1825 3919; x_wconf 77' lang='lat' dir='ltr'><strong>germanis</strong></span> <span class='ocrx_word' id='word_1_404' title='bbox 1857 3836 2315 3916; x_wconf 77' lang='lat' dir='ltr'><strong>&#39;l‘heOphylacti</strong></span> <span class='ocrx_word' id='word_1_405' title='bbox 2343 3836 2662 3913; x_wconf 70' lang='lat' dir='ltr'><strong>Oper-ibus</strong></span> <span class='ocrx_word' id='word_1_406' title='bbox 2695 3838 2957 3898; x_wconf 90' lang='lat' dir='ltr'><strong>omnino</strong></span> <span class='ocrx_word' id='word_1_407' title='bbox 2988 3837 3241 3915; x_wconf 83' lang='lat' dir='ltr'><strong>rejerto,</strong></span> <span class='ocrx_word' id='word_1_408' title='bbox 3274 3853 3382 3893; x_wconf 88' lang='lat' dir='ltr'><strong>cu-</strong></span> 
     </span>
    </p>
   </div>
   <div class='ocr_carea' id='block_1_36' title="bbox 154 3937 3381 4027">
    <p class='ocr_par' dir='ltr' id='par_1_36' title="bbox 154 3937 3381 4027">
     <span class='ocr_line' id='line_1_36' title="bbox 154 3937 3381 4027; baseline -0.007 -14"><span class='ocrx_word' id='word_1_409' title='bbox 154 3962 393 4015; x_wconf 84' lang='lat' dir='ltr'><strong>ratores</strong></span> <span class='ocrx_word' id='word_1_410' title='bbox 428 3948 623 4027; x_wconf 90' lang='lat' dir='ltr'><strong>hujus</strong></span> <span class='ocrx_word' id='word_1_411' title='bbox 655 3943 969 4007; x_wconf 87' lang='lat' dir='ltr'><strong>editionis</strong></span> <span class='ocrx_word' id='word_1_412' title='bbox 1000 3944 1432 4023; x_wconf 86' lang='lat' dir='ltr'><strong>opportunum</strong></span> <span class='ocrx_word' id='word_1_413' title='bbox 1464 3957 1606 4001; x_wconf 69' lang='lat' dir='ltr'><strong>esse</strong></span> <span class='ocrx_word' id='word_1_414' title='bbox 1641 3942 1989 4006; x_wconf 79' lang='lat' dir='ltr'><strong>duxerunt.</strong></span> <span class='ocrx_word' id='word_1_415' title='bbox 2023 3940 2248 4007; x_wconf 88' lang='lat' dir='ltr'><strong>alium,</strong></span> <span class='ocrx_word' id='word_1_416' title='bbox 2297 3940 2438 4017; x_wconf 89' lang='lat' dir='ltr'><strong>qui,</strong></span> <span class='ocrx_word' id='word_1_417' title='bbox 2472 3938 2551 3999; x_wconf 91' lang='lat' dir='ltr'><strong>cl.</strong></span> <span class='ocrx_word' id='word_1_418' title='bbox 2579 3938 3132 4021; x_wconf 78' lang='lat' dir='ltr'><strong>Kollariojudice,</strong></span> <span class='ocrx_word' id='word_1_419' title='bbox 3175 3937 3381 3994; x_wconf 81' lang='lat' dir='ltr'><strong>&#39;l‘hcn-</strong></span> 
     </span>
    </p>
   </div>
   <div class='ocr_carea' id='block_1_37' title="bbox 158 4034 3381 4139">
    <p class='ocr_par' dir='ltr' id='par_1_37' title="bbox 158 4034 3381 4139">
     <span class='ocr_line' id='line_1_37' title="bbox 158 4034 3381 4139; baseline -0.007 -28"><span class='ocrx_word' id='word_1_420' title='bbox 158 4052 431 4139; x_wconf 70' lang='lat' dir='ltr'><strong>ptiylacti</strong></span> <span class='ocrx_word' id='word_1_421' title='bbox 456 4048 717 4129; x_wconf 75' lang='lat' dir='ltr'><strong>genium</strong></span> <span class='ocrx_word' id='word_1_422' title='bbox 739 4062 808 4107; x_wconf 87' lang='lat' dir='ltr'><strong>ac</strong></span> <span class='ocrx_word' id='word_1_423' title='bbox 829 4043 1067 4122; x_wconf 76' lang='lat' dir='ltr'><strong>stylum</strong></span> <span class='ocrx_word' id='word_1_424' title='bbox 1101 4060 1226 4120; x_wconf 76' lang='lat' dir='ltr'><strong>prte</strong></span> <span class='ocrx_word' id='word_1_425' title='bbox 1250 4060 1318 4101; x_wconf 91' lang='lat' dir='ltr'><strong>se</strong></span> <span class='ocrx_word' id='word_1_426' title='bbox 1343 4040 1484 4111; x_wconf 85' lang='lat' dir='ltr'><strong>fert,</strong></span> <span class='ocrx_word' id='word_1_427' title='bbox 1519 4039 1584 4099; x_wconf 93' lang='lat' dir='ltr'><strong>in</strong></span> <span class='ocrx_word' id='word_1_428' title='bbox 1612 4038 1790 4105; x_wconf 87' lang='lat' dir='ltr'><strong>illius</strong></span> <span class='ocrx_word' id='word_1_429' title='bbox 1824 4038 2033 4101; x_wconf 86' lang='lat' dir='ltr'><strong>locum</strong></span> <span class='ocrx_word' id='word_1_430' title='bbox 2062 4042 2445 4115; x_wconf 70' lang='lat' dir='ltr'><strong>subrOgare;</strong></span> <span class='ocrx_word' id='word_1_431' title='bbox 2472 4038 2535 4098; x_wconf 89' lang='lat' dir='ltr'><strong>in</strong></span> <span class='ocrx_word' id='word_1_432' title='bbox 2570 4054 2847 4114; x_wconf 89' lang='lat' dir='ltr'><strong>eumque</strong></span> <span class='ocrx_word' id='word_1_433' title='bbox 2867 4034 3223 4095; x_wconf 85' lang='lat' dir='ltr'><strong>tinemmihi</strong></span> <span class='ocrx_word' id='word_1_434' title='bbox 3264 4035 3381 4126; x_wconf 76' lang='lat' dir='ltr'><strong>la-</strong></span> 
     </span>
    </p>
   </div>
   <div class='ocr_carea' id='block_1_38' title="bbox 156 4138 3376 4221">
    <p class='ocr_par' dir='ltr' id='par_1_38' title="bbox 156 4138 3376 4221">
     <span class='ocr_line' id='line_1_38' title="bbox 156 4138 3376 4221; baseline -0.008 -3"><span class='ocrx_word' id='word_1_435' title='bbox 156 4138 281 4221; x_wconf 86' lang='lat' dir='ltr'><strong>tine</strong></span> <span class='ocrx_word' id='word_1_436' title='bbox 317 4151 718 4219; x_wconf 89' lang='lat' dir='ltr'><strong>reddendum</strong></span> <span class='ocrx_word' id='word_1_437' title='bbox 758 4144 1099 4207; x_wconf 85' lang='lat' dir='ltr'><strong>tradidere.</strong></span> <span class='ocrx_word' id='word_1_438' title='bbox 1137 4146 1497 4221; x_wconf 80' lang='lat' dir='ltr'><strong>Antequam</strong></span> <span class='ocrx_word' id='word_1_439' title='bbox 1536 4160 1686 4204; x_wconf 81' lang='lat' dir='ltr'><strong>vero</strong></span> <span class='ocrx_word' id='word_1_440' title='bbox 1734 4142 1870 4220; x_wconf 88' lang='lat' dir='ltr'><strong>ipse</strong></span> <span class='ocrx_word' id='word_1_441' title='bbox 1917 4140 2289 4220; x_wconf 74' lang='lat' dir='ltr'><strong>huiusmodi</strong></span> <span class='ocrx_word' id='word_1_442' title='bbox 2326 4140 2603 4203; x_wconf 91' lang='lat' dir='ltr'><strong>versioni</strong></span> <span class='ocrx_word' id='word_1_443' title='bbox 2659 4156 2916 4204; x_wconf 84' lang='lat' dir='ltr'><strong>manum</strong></span> <span class='ocrx_word' id='word_1_444' title='bbox 2948 4138 3376 4203; x_wconf 77' lang='lat' dir='ltr'><strong>admoverent,</strong></span> 
     </span>
    </p>
   </div>
   <div class='ocr_carea' id='block_1_39' title="bbox 110 4226 3377 4335">
    <p class='ocr_par' dir='ltr' id='par_1_39' title="bbox 110 4226 3377 4335">
     <span class='ocr_line' id='line_1_39' title="bbox 110 4226 3377 4335; baseline -0.006 -24"><span class='ocrx_word' id='word_1_445' title='bbox 110 4226 123 4245; x_wconf 67' lang='grc'><em>’</em></span> <span class='ocrx_word' id='word_1_446' title='bbox 158 4272 347 4335; x_wconf 71' lang='lat' dir='ltr'><strong>pauca</strong></span> <span class='ocrx_word' id='word_1_447' title='bbox 378 4255 484 4314; x_wconf 73' lang='lat' dir='ltr'><strong>illa</strong></span> <span class='ocrx_word' id='word_1_448' title='bbox 518 4251 691 4318; x_wconf 72' lang='lat' dir='ltr'><strong>folia,</strong></span> <span class='ocrx_word' id='word_1_449' title='bbox 744 4262 888 4325; x_wconf 58' lang='lat' dir='ltr'><strong>quin</strong></span> <span class='ocrx_word' id='word_1_450' title='bbox 931 4241 1305 4322; x_wconf 81' lang='lat' dir='ltr'><strong>Speciminis</strong></span> <span class='ocrx_word' id='word_1_451' title='bbox 1347 4242 1547 4321; x_wconf 75' lang='lat' dir='ltr'><strong>gratia</strong></span> <span class='ocrx_word' id='word_1_452' title='bbox 1590 4241 1715 4303; x_wconf 91' lang='lat' dir='ltr'><strong>huc</strong></span> <span class='ocrx_word' id='word_1_453' title='bbox 1746 4240 2124 4303; x_wconf 70' lang='lat' dir='ltr'><strong>Vindoboua</strong></span> <span class='ocrx_word' id='word_1_454' title='bbox 2177 4241 2545 4302; x_wconf 88' lang='lat' dir='ltr'><strong>transmissa</strong></span> <span class='ocrx_word' id='word_1_455' title='bbox 2586 4242 2746 4313; x_wconf 80' lang='lat' dir='ltr'><strong>dixi,</strong></span> <span class='ocrx_word' id='word_1_456' title='bbox 2792 4258 2939 4303; x_wconf 89' lang='lat' dir='ltr'><strong>cum</strong></span> <span class='ocrx_word' id='word_1_457' title='bbox 2996 4235 3377 4304; x_wconf 82' lang='lat' dir='ltr'><strong>0Ecumen.i</strong></span> 
     </span>
    </p>
   </div>
   <div class='ocr_carea' id='block_1_40' title="bbox 158 4334 3378 4423">
    <p class='ocr_par' dir='ltr' id='par_1_40' title="bbox 158 4334 3378 4423">
     <span class='ocr_line' id='line_1_40' title="bbox 158 4334 3378 4423; baseline -0.008 -5"><span class='ocrx_word' id='word_1_458' title='bbox 158 4334 628 4418; x_wconf 79' lang='lat' dir='ltr'><strong>Commentario</strong></span> <span class='ocrx_word' id='word_1_459' title='bbox 680 4344 972 4407; x_wconf 80' lang='lat' dir='ltr'><strong>conferre</strong></span> <span class='ocrx_word' id='word_1_460' title='bbox 1023 4342 1179 4405; x_wconf 86' lang='lat' dir='ltr'><strong>mihi</strong></span> <span class='ocrx_word' id='word_1_461' title='bbox 1222 4341 1481 4423; x_wconf 89' lang='lat' dir='ltr'><strong>placuit,</strong></span> <span class='ocrx_word' id='word_1_462' title='bbox 1547 4342 1923 4421; x_wconf 73' lang='lat' dir='ltr'><strong>pimsertim,</strong></span> <span class='ocrx_word' id='word_1_463' title='bbox 1966 4358 2112 4403; x_wconf 89' lang='lat' dir='ltr'><strong>cum</strong></span> <span class='ocrx_word' id='word_1_464' title='bbox 2165 4342 2441 4420; x_wconf 90' lang='lat' dir='ltr'><strong>primum</strong></span> <span class='ocrx_word' id='word_1_465' title='bbox 2486 4340 2825 4419; x_wconf 65' lang='lat' dir='ltr'><strong>perlegens</strong></span> <span class='ocrx_word' id='word_1_466' title='bbox 2872 4340 3126 4406; x_wconf 81' lang='lat' dir='ltr'><strong>folium,</strong></span> <span class='ocrx_word' id='word_1_467' title='bbox 3165 4334 3378 4397; x_wconf 84' lang='lat' dir='ltr'><strong>simile</strong></span> 
     </span>
    </p>
   </div>
   <div class='ocr_carea' id='block_1_41' title="bbox 159 4437 3380 4531">
    <p class='ocr_par' dir='ltr' id='par_1_41' title="bbox 159 4437 3380 4531">
     <span class='ocr_line' id='line_1_41' title="bbox 159 4437 3380 4531; baseline -0.004 -19"><span class='ocrx_word' id='word_1_468' title='bbox 159 4448 634 4531; x_wconf 85' lang='lat' dir='ltr'><strong>quidpiamjani</strong></span> <span class='ocrx_word' id='word_1_469' title='bbox 670 4447 731 4508; x_wconf 92' lang='lat' dir='ltr'><strong>in</strong></span> <span class='ocrx_word' id='word_1_470' title='bbox 764 4446 893 4507; x_wconf 91' lang='lat' dir='ltr'><strong>alio</strong></span> <span class='ocrx_word' id='word_1_471' title='bbox 924 4453 1209 4518; x_wconf 88' lang='lat' dir='ltr'><strong>auctore,</strong></span> <span class='ocrx_word' id='word_1_472' title='bbox 1247 4443 1357 4523; x_wconf 88' lang='lat' dir='ltr'><strong>qui</strong></span> <span class='ocrx_word' id='word_1_473' title='bbox 1396 4453 1529 4504; x_wconf 90' lang='lat' dir='ltr'><strong>tum</strong></span> <span class='ocrx_word' id='word_1_474' title='bbox 1554 4442 1619 4505; x_wconf 87' lang='lat' dir='ltr'><strong>in</strong></span> <span class='ocrx_word' id='word_1_475' title='bbox 1647 4450 1922 4503; x_wconf 88' lang='lat' dir='ltr'><strong>mentem</strong></span> <span class='ocrx_word' id='word_1_476' title='bbox 1950 4460 2078 4504; x_wconf 93' lang='lat' dir='ltr'><strong>nou</strong></span> <span class='ocrx_word' id='word_1_477' title='bbox 2111 4443 2450 4517; x_wconf 85' lang='lat' dir='ltr'><strong>incidebat,</strong></span> <span class='ocrx_word' id='word_1_478' title='bbox 2478 4442 2707 4525; x_wconf 67' lang='lat' dir='ltr'><strong>legisse</strong></span> <span class='ocrx_word' id='word_1_479' title='bbox 2741 4441 2893 4503; x_wconf 78' lang='lat' dir='ltr'><strong>mihi</strong></span> <span class='ocrx_word' id='word_1_480' title='bbox 2933 4443 3201 4503; x_wconf 89' lang='lat' dir='ltr'><strong>viderer.</strong></span> <span class='ocrx_word' id='word_1_481' title='bbox 3237 4437 3380 4498; x_wconf 89' lang='lat' dir='ltr'><strong>Col-</strong></span> 
     </span>
    </p>
   </div>
   <div class='ocr_carea' id='block_1_42' title="bbox 164 4539 3383 4630">
    <p class='ocr_par' dir='ltr' id='par_1_42' title="bbox 164 4539 3383 4630">
     <span class='ocr_line' id='line_1_42' title="bbox 164 4539 3383 4630; baseline -0.005 -15"><span class='ocrx_word' id='word_1_482' title='bbox 164 4553 297 4615; x_wconf 87' lang='lat' dir='ltr'><strong>latis</strong></span> <span class='ocrx_word' id='word_1_483' title='bbox 334 4554 546 4630; x_wconf 74' lang='lat' dir='ltr'><strong>itaqtte</strong></span> <span class='ocrx_word' id='word_1_484' title='bbox 586 4549 668 4609; x_wconf 89' lang='lat' dir='ltr'><strong>iis</strong></span> <span class='ocrx_word' id='word_1_485' title='bbox 697 4546 901 4618; x_wconf 86' lang='lat' dir='ltr'><strong>foliis,</strong></span> <span class='ocrx_word' id='word_1_486' title='bbox 928 4544 1212 4621; x_wconf 88' lang='lat' dir='ltr'><strong>comperi</strong></span> <span class='ocrx_word' id='word_1_487' title='bbox 1243 4544 1515 4608; x_wconf 83' lang='lat' dir='ltr'><strong>alterum</strong></span> <span class='ocrx_word' id='word_1_488' title='bbox 1548 4544 2090 4605; x_wconf 77' lang='lat' dir='ltr'><strong>Commentariun)</strong></span> <span class='ocrx_word' id='word_1_489' title='bbox 2134 4544 2213 4604; x_wconf 90' lang='lat' dir='ltr'><strong>ita</strong></span> <span class='ocrx_word' id='word_1_490' title='bbox 2237 4562 2378 4610; x_wconf 85' lang='lat' dir='ltr'><strong>cum</strong></span> <span class='ocrx_word' id='word_1_491' title='bbox 2415 4543 2611 4605; x_wconf 85' lang='lat' dir='ltr'><strong>altero</strong></span> <span class='ocrx_word' id='word_1_492' title='bbox 2634 4544 3003 4617; x_wconf 87' lang='lat' dir='ltr'><strong>convenire,</strong></span> <span class='ocrx_word' id='word_1_493' title='bbox 3043 4550 3108 4603; x_wconf 91' lang='lat' dir='ltr'><strong>ut</strong></span> <span class='ocrx_word' id='word_1_494' title='bbox 3145 4539 3383 4599; x_wconf 60' lang='lat' dir='ltr'><strong>Vindo-</strong></span> 
     </span>
    </p>
   </div>
   <div class='ocr_carea' id='block_1_43' title="bbox 163 4642 3457 4724">
    <p class='ocr_par' dir='ltr' id='par_1_43' title="bbox 163 4642 3457 4724">
     <span class='ocr_line' id='line_1_43' title="bbox 163 4642 3457 4724; baseline -0.005 -4"><span class='ocrx_word' id='word_1_495' title='bbox 163 4661 506 4721; x_wconf 77' lang='lat' dir='ltr'><strong>boneusetn</strong></span> <span class='ocrx_word' id='word_1_496' title='bbox 542 4661 602 4715; x_wconf 92' lang='lat' dir='ltr'><strong>et</strong></span> <span class='ocrx_word' id='word_1_497' title='bbox 635 4647 1193 4711; x_wconf 85' lang='lat' dir='ltr'><strong>OEcumenianum</strong></span> <span class='ocrx_word' id='word_1_498' title='bbox 1238 4662 1438 4709; x_wconf 88' lang='lat' dir='ltr'><strong>unum</strong></span> <span class='ocrx_word' id='word_1_499' title='bbox 1488 4648 1924 4724; x_wconf 85' lang='lat' dir='ltr'><strong>eumdemque</strong></span> <span class='ocrx_word' id='word_1_500' title='bbox 1967 4662 2111 4706; x_wconf 89' lang='lat' dir='ltr'><strong>esse</strong></span> <span class='ocrx_word' id='word_1_501' title='bbox 2172 4645 2601 4723; x_wconf 87' lang='lat' dir='ltr'><strong>perspicerem</strong></span> <span class='ocrx_word' id='word_1_502' title='bbox 2650 4665 2665 4703; x_wconf 90' lang='lat'><strong>:</strong></span> <span class='ocrx_word' id='word_1_503' title='bbox 2704 4664 2829 4706; x_wconf 91' lang='lat' dir='ltr'><strong>non</strong></span> <span class='ocrx_word' id='word_1_504' title='bbox 2872 4646 3157 4724; x_wconf 87' lang='lat' dir='ltr'><strong>quidem,</strong></span> <span class='ocrx_word' id='word_1_505' title='bbox 3202 4648 3375 4723; x_wconf 87' lang='lat' dir='ltr'><strong>quod</strong></span> <span class='ocrx_word' id='word_1_506' title='bbox 3456 4642 3457 4645; x_wconf 54' lang='grc'><em>“</em></span> 
     </span>
    </p>
   </div>
   <div class='ocr_carea' id='block_1_44' title="bbox 166 4742 3383 4838">
    <p class='ocr_par' dir='ltr' id='par_1_44' title="bbox 166 4742 3383 4838">
     <span class='ocr_line' id='line_1_44' title="bbox 166 4742 3383 4838; baseline -0.004 -22"><span class='ocrx_word' id='word_1_507' title='bbox 166 4759 342 4838; x_wconf 78' lang='lat' dir='ltr'><strong>plane</strong></span> <span class='ocrx_word' id='word_1_508' title='bbox 363 4766 421 4818; x_wconf 89' lang='lat' dir='ltr'><strong>et</strong></span> <span class='ocrx_word' id='word_1_509' title='bbox 458 4754 890 4830; x_wconf 30' lang='lat' dir='ltr'><strong>undequaquve</strong></span> <span class='ocrx_word' id='word_1_510' title='bbox 925 4763 1225 4821; x_wconf 69' lang='lat' dir='ltr'><strong>congrue:</strong></span> <span class='ocrx_word' id='word_1_511' title='bbox 1245 4752 1385 4811; x_wconf 90' lang='lat' dir='ltr'><strong>ent;</strong></span> <span class='ocrx_word' id='word_1_512' title='bbox 1413 4744 1524 4802; x_wconf 92' lang='lat' dir='ltr'><strong>sed</strong></span> <span class='ocrx_word' id='word_1_513' title='bbox 1552 4743 1703 4821; x_wconf 88' lang='lat' dir='ltr'><strong>quia</strong></span> <span class='ocrx_word' id='word_1_514' title='bbox 1725 4745 2198 4823; x_wconf 88' lang='lat' dir='ltr'><strong>qualiscunque</strong></span> <span class='ocrx_word' id='word_1_515' title='bbox 2222 4743 2460 4824; x_wconf 85' lang='lat' dir='ltr'><strong>inesset</strong></span> <span class='ocrx_word' id='word_1_516' title='bbox 2489 4744 2855 4817; x_wconf 85' lang='lat' dir='ltr'><strong>diversitas,</strong></span> <span class='ocrx_word' id='word_1_517' title='bbox 2880 4762 2947 4804; x_wconf 87' lang='lat' dir='ltr'><strong>ea</strong></span> <span class='ocrx_word' id='word_1_518' title='bbox 2971 4742 3152 4803; x_wconf 87' lang='lat' dir='ltr'><strong>facile</strong></span> <span class='ocrx_word' id='word_1_519' title='bbox 3170 4754 3383 4819; x_wconf 80' lang='lat' dir='ltr'><strong>posset</strong></span> 
     </span>
    </p>
   </div>
   <div class='ocr_carea' id='block_1_45' title="bbox 166 4846 3379 4924">
    <p class='ocr_par' dir='ltr' id='par_1_45' title="bbox 166 4846 3379 4924">
     <span class='ocr_line' id='line_1_45' title="bbox 166 4846 3379 4924; baseline -0.005 -1"><span class='ocrx_word' id='word_1_520' title='bbox 166 4865 224 4923; x_wconf 90' lang='lat' dir='ltr'><strong>in</strong></span> <span class='ocrx_word' id='word_1_521' title='bbox 257 4862 551 4924; x_wconf 86' lang='lat' dir='ltr'><strong>cod.cum</strong></span> <span class='ocrx_word' id='word_1_522' title='bbox 585 4856 950 4917; x_wconf 84' lang='lat' dir='ltr'><strong>varietatem</strong></span> <span class='ocrx_word' id='word_1_523' title='bbox 992 4846 1271 4910; x_wconf 83' lang='lat' dir='ltr'><strong>reiundi.</strong></span> <span class='ocrx_word' id='word_1_524' title='bbox 1309 4846 1441 4909; x_wconf 79' lang='lat' dir='ltr'><strong>Hoc</strong></span> <span class='ocrx_word' id='word_1_525' title='bbox 1474 4863 1621 4906; x_wconf 88' lang='lat' dir='ltr'><strong>eum</strong></span> <span class='ocrx_word' id='word_1_526' title='bbox 1663 4847 2343 4909; x_wconf 88' lang='lat' dir='ltr'><strong>rescissenteditionis</strong></span> <span class='ocrx_word' id='word_1_527' title='bbox 2388 4857 2737 4919; x_wconf 81' lang='lat' dir='ltr'><strong>curatores,</strong></span> <span class='ocrx_word' id='word_1_528' title='bbox 2784 4847 2994 4907; x_wconf 90' lang='lat' dir='ltr'><strong>omnia</strong></span> <span class='ocrx_word' id='word_1_529' title='bbox 3034 4846 3239 4922; x_wconf 83' lang='lat' dir='ltr'><strong>primo</strong></span> <span class='ocrx_word' id='word_1_530' title='bbox 3271 4863 3379 4907; x_wconf 88' lang='lat' dir='ltr'><strong>cc-</strong></span> 
     </span>
    </p>
   </div>
   <div class='ocr_carea' id='block_1_46' title="bbox 168 4948 3384 5031">
    <p class='ocr_par' dir='ltr' id='par_1_46' title="bbox 168 4948 3384 5031">
     <span class='ocr_line' id='line_1_46' title="bbox 168 4948 3384 5031; baseline -0.007 -1"><span class='ocrx_word' id='word_1_531' title='bbox 168 4968 364 5030; x_wconf 88' lang='lat' dir='ltr'><strong>nanda</strong></span> <span class='ocrx_word' id='word_1_532' title='bbox 391 4965 518 5029; x_wconf 89' lang='lat' dir='ltr'><strong>sibi</strong></span> <span class='ocrx_word' id='word_1_533' title='bbox 550 4961 1045 5027; x_wconf 85' lang='lat' dir='ltr'><strong>constituerunt,</strong></span> <span class='ocrx_word' id='word_1_534' title='bbox 1082 4964 1148 5016; x_wconf 93' lang='lat' dir='ltr'><strong>ut</strong></span> <span class='ocrx_word' id='word_1_535' title='bbox 1179 4956 1565 5031; x_wconf 72' lang='lat' dir='ltr'><strong>[germanum</strong></span> <span class='ocrx_word' id='word_1_536' title='bbox 1595 4949 1874 5028; x_wconf 88' lang='lat' dir='ltr'><strong>aliquem</strong></span> <span class='ocrx_word' id='word_1_537' title='bbox 1908 4959 1969 5010; x_wconf 92' lang='lat' dir='ltr'><strong>et</strong></span> <span class='ocrx_word' id='word_1_538' title='bbox 1994 4952 2071 5010; x_wconf 87' lang='lat' dir='ltr'><strong>ab</strong></span> <span class='ocrx_word' id='word_1_539' title='bbox 2100 4952 2585 5013; x_wconf 87' lang='lat' dir='ltr'><strong>OEcumeniano</strong></span> <span class='ocrx_word' id='word_1_540' title='bbox 2615 4952 2941 5010; x_wconf 86' lang='lat' dir='ltr'><strong>diversum</strong></span> <span class='ocrx_word' id='word_1_541' title='bbox 2974 4948 3038 5009; x_wconf 91' lang='lat' dir='ltr'><strong>in</strong></span> <span class='ocrx_word' id='word_1_542' title='bbox 3072 4948 3384 5025; x_wconf 80' lang='lat' dir='ltr'><strong>Epistolas</strong></span> 
     </span>
    </p>
   </div>
   <div class='ocr_carea' id='block_1_47' title="bbox 170 5049 3381 5135">
    <p class='ocr_par' dir='ltr' id='par_1_47' title="bbox 170 5049 3381 5135">
     <span class='ocr_line' id='line_1_47' title="bbox 170 5049 3381 5135; baseline -0.008 -3"><span class='ocrx_word' id='word_1_543' title='bbox 170 5069 510 5133; x_wconf 82' lang='lat' dir='ltr'><strong>Catholicas</strong></span> <span class='ocrx_word' id='word_1_544' title='bbox 540 5058 1078 5135; x_wconf 80' lang='lat' dir='ltr'><strong>Commentarium</strong></span> <span class='ocrx_word' id='word_1_545' title='bbox 1121 5055 1539 5130; x_wconf 67' lang='lat' dir='ltr'><strong>detegi-rent;</strong></span> <span class='ocrx_word' id='word_1_546' title='bbox 1596 5050 1696 5111; x_wconf 91' lang='lat' dir='ltr'><strong>sin</strong></span> <span class='ocrx_word' id='word_1_547' title='bbox 1743 5067 1893 5111; x_wconf 88' lang='lat' dir='ltr'><strong>vero</strong></span> <span class='ocrx_word' id='word_1_548' title='bbox 1932 5050 1997 5111; x_wconf 90' lang='lat' dir='ltr'><strong>id</strong></span> <span class='ocrx_word' id='word_1_549' title='bbox 2045 5050 2266 5110; x_wconf 86' lang='lat' dir='ltr'><strong>minus</strong></span> <span class='ocrx_word' id='word_1_550' title='bbox 2301 5066 2379 5109; x_wconf 82' lang='lat' dir='ltr'><strong>ex</strong></span> <span class='ocrx_word' id='word_1_551' title='bbox 2425 5058 2572 5109; x_wconf 88' lang='lat' dir='ltr'><strong>voto</strong></span> <span class='ocrx_word' id='word_1_552' title='bbox 2612 5051 3005 5123; x_wconf 87' lang='lat' dir='ltr'><strong>succederet,</strong></span> <span class='ocrx_word' id='word_1_553' title='bbox 3052 5049 3381 5128; x_wconf 65' lang='lat' dir='ltr'><strong>inquire}:-</strong></span> 
     </span>
    </p>
   </div>
   <div class='ocr_carea' id='block_1_48' title="bbox 174 5153 3382 5247">
    <p class='ocr_par' dir='ltr' id='par_1_48' title="bbox 174 5153 3382 5247">
     <span class='ocr_line' id='line_1_48' title="bbox 174 5153 3382 5247; baseline -0.007 -16"><span class='ocrx_word' id='word_1_554' title='bbox 174 5174 344 5247; x_wconf 84' lang='lat' dir='ltr'><strong>dum,</strong></span> <span class='ocrx_word' id='word_1_555' title='bbox 375 5188 529 5234; x_wconf 84' lang='lat' dir='ltr'><strong>num</strong></span> <span class='ocrx_word' id='word_1_556' title='bbox 562 5167 717 5229; x_wconf 88' lang='lat' dir='ltr'><strong>satis</strong></span> <span class='ocrx_word' id='word_1_557' title='bbox 752 5166 959 5228; x_wconf 88' lang='lat' dir='ltr'><strong>valida</strong></span> <span class='ocrx_word' id='word_1_558' title='bbox 990 5168 1359 5241; x_wconf 76' lang='lat' dir='ltr'><strong>argumenta</strong></span> <span class='ocrx_word' id='word_1_559' title='bbox 1412 5166 1637 5233; x_wconf 69' lang='lat' dir='ltr'><strong>[INPSIO</strong></span> <span class='ocrx_word' id='word_1_560' title='bbox 1677 5164 1918 5231; x_wconf 90' lang='lat' dir='ltr'><strong>essent,</strong></span> <span class='ocrx_word' id='word_1_561' title='bbox 1967 5154 2205 5234; x_wconf 85' lang='lat' dir='ltr'><strong>quibus</strong></span> <span class='ocrx_word' id='word_1_562' title='bbox 2241 5153 2767 5216; x_wconf 66' lang='lat' dir='ltr'><strong>Olicumenianus</strong></span> <span class='ocrx_word' id='word_1_563' title='bbox 2807 5153 2945 5232; x_wconf 88' lang='lat' dir='ltr'><strong>ipse</strong></span> <span class='ocrx_word' id='word_1_564' title='bbox 2981 5155 3382 5214; x_wconf 84' lang='lat' dir='ltr'><strong>Commenta-</strong></span> 
     </span>
    </p>
   </div>
   <div class='ocr_carea' id='block_1_49' title="bbox 178 5252 3385 5345">
    <p class='ocr_par' dir='ltr' id='par_1_49' title="bbox 178 5252 3385 5345">
     <span class='ocr_line' id='line_1_49' title="bbox 178 5252 3385 5345; baseline -0.007 -13"><span class='ocrx_word' id='word_1_565' title='bbox 178 5274 302 5333; x_wconf 88' lang='lat' dir='ltr'><strong>rius</strong></span> <span class='ocrx_word' id='word_1_566' title='bbox 352 5272 412 5332; x_wconf 88' lang='lat' dir='ltr'><strong>in</strong></span> <span class='ocrx_word' id='word_1_567' title='bbox 445 5272 605 5332; x_wconf 82' lang='lat' dir='ltr'><strong>hanc</strong></span> <span class='ocrx_word' id='word_1_568' title='bbox 649 5268 999 5329; x_wconf 86' lang='lat' dir='ltr'><strong>editionem</strong></span> <span class='ocrx_word' id='word_1_569' title='bbox 1032 5280 1218 5345; x_wconf 71' lang='lat' dir='ltr'><strong>inquo</strong></span> <span class='ocrx_word' id='word_1_570' title='bbox 1248 5260 1397 5340; x_wconf 86' lang='lat' dir='ltr'><strong>jure</strong></span> <span class='ocrx_word' id='word_1_571' title='bbox 1429 5260 1877 5329; x_wconf 75' lang='lat' dir='ltr'><strong>ascisceretur,</strong></span> <span class='ocrx_word' id='word_1_572' title='bbox 1910 5275 1980 5319; x_wconf 87' lang='lat' dir='ltr'><strong>ac</strong></span> <span class='ocrx_word' id='word_1_573' title='bbox 2027 5256 2488 5337; x_wconf 72' lang='lat' dir='ltr'><strong>Tthphylacti</strong></span> <span class='ocrx_word' id='word_1_574' title='bbox 2525 5257 2787 5317; x_wconf 88' lang='lat' dir='ltr'><strong>nomine</strong></span> <span class='ocrx_word' id='word_1_575' title='bbox 2836 5252 3181 5329; x_wconf 87' lang='lat' dir='ltr'><strong>inscriptus</strong></span> <span class='ocrx_word' id='word_1_576' title='bbox 3229 5254 3385 5310; x_wconf 83' lang='lat' dir='ltr'><strong>edc-</strong></span> 
     </span>
    </p>
   </div>
   <div class='ocr_carea' id='block_1_50' title="bbox 179 5352 3384 5448">
    <p class='ocr_par' dir='ltr' id='par_1_50' title="bbox 179 5352 3384 5448">
     <span class='ocr_line' id='line_1_50' title="bbox 179 5352 3384 5448; baseline -0.007 -12"><span class='ocrx_word' id='word_1_577' title='bbox 179 5384 341 5435; x_wconf 89' lang='lat' dir='ltr'><strong>retur</strong></span> <span class='ocrx_word' id='word_1_578' title='bbox 370 5374 435 5434; x_wconf 91' lang='lat' dir='ltr'><strong>in</strong></span> <span class='ocrx_word' id='word_1_579' title='bbox 463 5372 689 5433; x_wconf 90' lang='lat' dir='ltr'><strong>lucem.</strong></span> <span class='ocrx_word' id='word_1_580' title='bbox 728 5370 852 5448; x_wconf 85' lang='lat' dir='ltr'><strong>Spe</strong></span> <span class='ocrx_word' id='word_1_581' title='bbox 885 5368 1083 5446; x_wconf 89' lang='lat' dir='ltr'><strong>prima</strong></span> <span class='ocrx_word' id='word_1_582' title='bbox 1125 5363 1315 5447; x_wconf 83' lang='lat' dir='ltr'><strong>paulo</strong></span> <span class='ocrx_word' id='word_1_583' title='bbox 1351 5369 1490 5438; x_wconf 85' lang='lat' dir='ltr'><strong>post</strong></span> <span class='ocrx_word' id='word_1_584' title='bbox 1529 5358 1764 5440; x_wconf 76' lang='lat' dir='ltr'><strong>dejecti</strong></span> <span class='ocrx_word' id='word_1_585' title='bbox 1800 5379 1875 5421; x_wconf 82' lang='lat' dir='ltr'><strong>ex</strong></span> <span class='ocrx_word' id='word_1_586' title='bbox 1930 5358 2549 5440; x_wconf 77' lang='lat' dir='ltr'><strong>inexspectatissima</strong></span> <span class='ocrx_word' id='word_1_587' title='bbox 2581 5365 2779 5417; x_wconf 91' lang='lat' dir='ltr'><strong>morte</strong></span> <span class='ocrx_word' id='word_1_588' title='bbox 2810 5353 3039 5430; x_wconf 62' lang='lat' dir='ltr'><strong>lgnatii</strong></span> <span class='ocrx_word' id='word_1_589' title='bbox 3077 5352 3232 5413; x_wconf 89' lang='lat' dir='ltr'><strong>lnici</strong></span> <span class='ocrx_word' id='word_1_590' title='bbox 3267 5353 3384 5419; x_wconf 86' lang='lat' dir='ltr'><strong>Ca-</strong></span> 
     </span>
    </p>
   </div>
   <div class='ocr_carea' id='block_1_51' title="bbox 180 5458 3385 5557">
    <p class='ocr_par' dir='ltr' id='par_1_51' title="bbox 180 5458 3385 5557">
     <span class='ocr_line' id='line_1_51' title="bbox 180 5458 3385 5557; baseline -0.009 -14"><span class='ocrx_word' id='word_1_591' title='bbox 180 5458 445 5557; x_wconf 75' lang='lat' dir='ltr'><strong>.accioli,</strong></span> <span class='ocrx_word' id='word_1_592' title='bbox 472 5474 777 5556; x_wconf 78' lang='lat' dir='ltr'><strong>pontiﬁcii</strong></span> <span class='ocrx_word' id='word_1_593' title='bbox 802 5478 877 5536; x_wconf 87' lang='lat' dir='ltr'><strong>ad</strong></span> <span class='ocrx_word' id='word_1_594' title='bbox 908 5472 1358 5554; x_wconf 80' lang='lat' dir='ltr'><strong>Hispaniarum</strong></span> <span class='ocrx_word' id='word_1_595' title='bbox 1389 5484 1602 5547; x_wconf 62' lang='lat' dir='ltr'><strong>regem</strong></span> <span class='ocrx_word' id='word_1_596' title='bbox 1637 5467 1850 5545; x_wconf 77' lang='lat' dir='ltr'><strong>legati,</strong></span> <span class='ocrx_word' id='word_1_597' title='bbox 1886 5466 2073 5544; x_wconf 84' lang='lat' dir='ltr'><strong>cujus</strong></span> <span class='ocrx_word' id='word_1_598' title='bbox 2102 5481 2222 5542; x_wconf 84' lang='lat' dir='ltr'><strong>cpe</strong></span> <span class='ocrx_word' id='word_1_599' title='bbox 2247 5465 2551 5525; x_wconf 78' lang='lat' dir='ltr'><strong>duntaxat</strong></span> <span class='ocrx_word' id='word_1_600' title='bbox 2580 5478 2649 5520; x_wconf 91' lang='lat' dir='ltr'><strong>se</strong></span> <span class='ocrx_word' id='word_1_601' title='bbox 2680 5459 2988 5536; x_wconf 87' lang='lat' dir='ltr'><strong>consequi</strong></span> <span class='ocrx_word' id='word_1_602' title='bbox 3015 5473 3385 5557; x_wconf 65' lang='lat' dir='ltr'><strong>possespo-</strong></span> 
     </span>
    </p>
   </div>
   <div class='ocr_carea' id='block_1_52' title="bbox 180 5555 3419 5656">
    <p class='ocr_par' dir='ltr' id='par_1_52' title="bbox 180 5555 3419 5656">
     <span class='ocr_line' id='line_1_52' title="bbox 180 5555 3419 5656; baseline -0.009 -14"><span class='ocrx_word' id='word_1_603' title='bbox 180 5555 387 5644; x_wconf 72' lang='lat' dir='ltr'><strong>raliant</strong></span> <span class='ocrx_word' id='word_1_604' title='bbox 444 5578 875 5656; x_wconf 84' lang='lat' dir='ltr'><strong>apographum</strong></span> <span class='ocrx_word' id='word_1_605' title='bbox 925 5575 1105 5640; x_wconf 88' lang='lat' dir='ltr'><strong>illius</strong></span> <span class='ocrx_word' id='word_1_606' title='bbox 1162 5568 1613 5633; x_wconf 83' lang='lat' dir='ltr'><strong>Commentarii</strong></span> <span class='ocrx_word' id='word_1_607' title='bbox 1654 5566 2137 5646; x_wconf 82' lang='lat' dir='ltr'><strong>&#39;l‘heOpbylacto</strong></span> <span class='ocrx_word' id='word_1_608' title='bbox 2196 5561 2488 5640; x_wconf 88' lang='lat' dir='ltr'><strong>inscripti</strong></span> <span class='ocrx_word' id='word_1_609' title='bbox 2534 5560 2599 5620; x_wconf 88' lang='lat' dir='ltr'><strong>in</strong></span> <span class='ocrx_word' id='word_1_610' title='bbox 2645 5557 2962 5635; x_wconf 82' lang='lat' dir='ltr'><strong>Epistolas</strong></span> <span class='ocrx_word' id='word_1_611' title='bbox 3007 5555 3419 5625; x_wconf 55' lang='lat' dir='ltr'><strong>Catholicas,‘</strong></span> 
     </span>
    </p>
   </div>
   <div class='ocr_carea' id='block_1_53' title="bbox 179 5664 3389 5761">
    <p class='ocr_par' dir='ltr' id='par_1_53' title="bbox 179 5664 3389 5761">
     <span class='ocr_line' id='line_1_53' title="bbox 179 5664 3389 5761; baseline -0.009 -18"><span class='ocrx_word' id='word_1_612' title='bbox 179 5684 365 5761; x_wconf 87' lang='lat' dir='ltr'><strong>quiin</strong></span> <span class='ocrx_word' id='word_1_613' title='bbox 408 5676 812 5741; x_wconf 88' lang='lat' dir='ltr'><strong>celeberrima</strong></span> <span class='ocrx_word' id='word_1_614' title='bbox 852 5670 1271 5737; x_wconf 80' lang='lat' dir='ltr'><strong>Escorialensi</strong></span> <span class='ocrx_word' id='word_1_615' title='bbox 1321 5668 1704 5731; x_wconf 82' lang='lat' dir='ltr'><strong>bibliotheca</strong></span> <span class='ocrx_word' id='word_1_616' title='bbox 1742 5666 2057 5729; x_wconf 80' lang='lat' dir='ltr'><strong>asservari</strong></span> <span class='ocrx_word' id='word_1_617' title='bbox 2091 5664 2354 5734; x_wconf 89' lang='lat' dir='ltr'><strong>dicitur,</strong></span> <span class='ocrx_word' id='word_1_618' title='bbox 2393 5666 2639 5740; x_wconf 85' lang='lat' dir='ltr'><strong>quiquo</strong></span> <span class='ocrx_word' id='word_1_619' title='bbox 2678 5677 2848 5723; x_wconf 90' lang='lat' dir='ltr'><strong>unus</strong></span> <span class='ocrx_word' id='word_1_620' title='bbox 2878 5665 3203 5735; x_wconf 75' lang='lat' dir='ltr'><strong>superera&#39;</strong></span> <span class='ocrx_word' id='word_1_621' title='bbox 3239 5674 3389 5717; x_wconf 87' lang='lat' dir='ltr'><strong>con—</strong></span> 
     </span>
    </p>
   </div>
   <div class='ocr_carea' id='block_1_54' title="bbox 183 5759 3383 5857">
    <p class='ocr_par' dir='ltr' id='par_1_54' title="bbox 183 5759 3383 5857">
     <span class='ocr_line' id='line_1_54' title="bbox 183 5759 3383 5857; baseline -0.009 -12"><span class='ocrx_word' id='word_1_622' title='bbox 183 5759 504 5854; x_wconf 83' lang='lat' dir='ltr'><strong>sulendus,</strong></span> <span class='ocrx_word' id='word_1_623' title='bbox 549 5782 621 5845; x_wconf 86' lang='lat' dir='ltr'><strong>ad</strong></span> <span class='ocrx_word' id='word_1_624' title='bbox 674 5779 934 5857; x_wconf 80' lang='lat' dir='ltr'><strong>alteram</strong></span> <span class='ocrx_word' id='word_1_625' title='bbox 971 5778 1252 5840; x_wconf 89' lang='lat' dir='ltr'><strong>animum</strong></span> <span class='ocrx_word' id='word_1_626' title='bbox 1291 5789 1679 5855; x_wconf 80' lang='lat' dir='ltr'><strong>operamque</strong></span> <span class='ocrx_word' id='word_1_627' title='bbox 1714 5789 1891 5832; x_wconf 81' lang='lat' dir='ltr'><strong>suam</strong></span> <span class='ocrx_word' id='word_1_628' title='bbox 1944 5775 2396 5839; x_wconf 74' lang='lat' dir='ltr'><strong>converterunt</strong></span> <span class='ocrx_word' id='word_1_629' title='bbox 2439 5785 2451 5823; x_wconf 92' lang='lat'>:</span> <span class='ocrx_word' id='word_1_630' title='bbox 2503 5764 2688 5841; x_wconf 72' lang='lat' dir='ltr'><strong>cujus</strong></span> <span class='ocrx_word' id='word_1_631' title='bbox 2723 5772 3052 5839; x_wconf 84' lang='lat' dir='ltr'><strong>compotes</strong></span> <span class='ocrx_word' id='word_1_632' title='bbox 3105 5759 3383 5822; x_wconf 76' lang='lat' dir='ltr'><strong>eVasisse</strong></span> 
     </span>
    </p>
   </div>
  </div>
