4056 6340
105 352 194 416 ω
333 379 344 387 κ
508 369 510 371 ν
961 343 1037 405 IN
1084 326 2136 414 seminariaTneut'mLtc'rt
2177 343 2513 402 SCItII'TA.
2973 414 2975 417 ,
3240 352 3348 410 42¢

107 465 431 541 inquibus
477 478 622 524 cum
661 457 1151 522 OEcumeniano
1191 453 1697 518 Conimcntarins
1739 452 1851 513 iste
1876 454 2193 515 consentit
2230 453 2801 532 («'onsentitautem
2831 465 2897 516 ut
2931 457 3334 537 pint-imum),

110 570 255 634 milii
286 561 1190 629 retinendamexistimabam.
1232 560 1351 619 Sed
1392 559 1555 620 fat-to
1602 559 1694 619 rei
1756 561 2061 635 periculo,
2123 576 2265 620 cum
2330 559 2411 619 ob
2442 554 2863 637 ofrequetttem
2923 581 3140 623 rerum
3173 565 3351 643 ordi-

109 653 327 748 uis’qn‘e
365 669 766 736 varietatem,
803 671 995 740 atque
1023 661 1210 722 etiam
1247 661 1328 721 ob
1359 679 1428 719 ea
1461 679 1603 737 qum
1640 661 1705 720 in
1738 659 2175 736 alterutro’vci
2211 661 2637 739 prietermissa
2667 671 2908 737 essent,
2961 665 3058 723 vel
3107 665 3346 735 addita,

111 774 449 851 plurimum
484 768 636 832 mihi
677 765 924 828 laboris
956 781 1025 825 ac
1053 763 1226 826 [tedii
1266 763 1684 824 subeundum
1723 753 2049 833 viderem,
2082 779 2151 822 ac
2184 772 2480 839 prieterea
2516 763 2725 823 versio
2763 764 2895 838 ipsa
2949 765 3348 825 Henteniana

113 891 224 933 Itnn
282 871 440 931 mihi
499 868 746 947 ubique
782 865 1194 943 probaret-ur.
1242 870 1481 923 mutato
1528 861 1829 934 consilio,
1883 880 2108 922 nnvam
2159 860 2605 940 integramque
2656 862 2851 940 hujus
2895 864 3353 925 Commentarii

118 973 466 1032 versionem
509 969 842 1029 edomare
886 963 1218 1034 constitui,
1257 972 1324 1025 ut
1373 961 1594 1023 saltem
1649 971 1818 1023 esset
1855 961 1982 1022 illa
2021 962 2262 1039 ubique
2298 962 2418 1026 sibi
2479 961 2917 1033 consentiens,
2953 978 3024 1022 ac
3074 978 3200 1023 non
3239 979 3352 1040 pro

105 1076 408 1140 varietate
473 1072 748 1152 partium
812 1071 981 1130 varia
1043 1077 1105 1130 et
1170 1067 1357 1148 quasi
1430 1066 1783 1128 versicolor
1855 1075 2207 1142 appareret.
2271 1065 2648 1127 Versinnem
2721 1082 3065 1143 aggressus
3141 1067 3352 1126 statim

122 1177 555 1247 aninmdverti,
603 1173 780 1235 .mibi
855 1191 1000 1235 cum
1054 1172 1274 1234 codice
1334 1171 1648 1232 mendoso
1703 1187 1772 1231 ac
1809 1169 2181 1247 frequenter
2239 1169 2463 1231 mutilo
2515 1169 2890 1231 luctandum
2950 1187 3092 1231 esse
3129 1193 3143 1229 ε
3176 1173 3347 1248 quod

117 1291 308 1340 tamen
332 1296 572 1340 novum
607 1277 875 1339 minime
893 1278 1143 1350 accidit,
1177 1278 1418 1356 quippe
1452 1277 1562 1355 qui
1591 1276 1720 1355 jam
1749 1274 2001 1342 scirem.
2025 1276 2321 1336 eumdem
2349 1275 2632 1335 codicem
2657 1291 2823 1351 esse,
2847 1292 2920 1334 ex
2941 1290 3076 1353 quo
3098 1273 3355 1334 Sifanrs

114 1398 292 1441 suum
326 1381 580 1457 inﬂActa
629 1379 1068 1456 apostolorum
1091 1378 1643 1441 Commentariun)
1675 1378 2071 1458 deprompsit
2095 1395 2110 1451 ;
2135 1386 2487 1456 utrumque
2519 1377 2783 1454 proinde
2815 1377 3059 1454 eisdem
3088 1378 3356 1436 subesse

115 1479 456 1550 defectibus
486 1488 806 1556 oportere.
837 1479 1020 1540 Illius
1051 1478 1557 1556 corruptionem,
1596 1482 1849 1550 menda,
1887 1477 2174 1540 defectus
2205 1471 2494 1556 agnovit,
2545 1476 3006 1554 adnotavitque
3055 1475 3118 1535 in
3188 1491 3356 1537 mar-

118 1582 250 1658 gine
279 1580 437 1657 ipse
465 1580 749 1645 Sifanus.
785 1584 906 1644 Sed
948 1583 1110 1646 illud
1146 1584 1300 1648 mihi
1339 1604 1468 1664 prae
1497 1584 1716 1648 Sifano
1748 1584 2178 1658 commodius,
2215 1580 2554 1661 magisque
2601 1588 3050 1658 Opportunum
3095 1577 3352 1654 obtigi‘.

118 1681 271 1758 quod
302 1679 821 1744 Commentarius
854 1672 976 1743 iste
1000 1682 1124 1744 sub
1155 1684 1350 1757 alius,
1403 1701 1633 1763 nempe
1690 1680 2100 1755 OEeumenii,
2158 1681 2440 1751 nomine,
2470 1681 2744 1741 maxima
2793 1678 3015 1739 saltem
3050 1694 3128 1738 ex
3182 1685 3374 1772 parte,

119 1782 315 1845 editus
373 1792 550 1846 esset
578 1802 657 1847 ex
689 1785 908 1847 codice
943 1786 1144 1865 magis
1178 1786 1432 1864 integr-0
1466 1787 1930 1857 eLemendato;
1965 1802 2046 1846 ex
2091 1800 2222 1863 quo
2264 1776 2535 1862 proinde
2579 1781 2961 1863 quamplura
3013 1770 3248 1872 sarcire
3299 1770 3359 1835 et

119 1886 428 1964 (arrigere
463 1888 617 1950 mihi
657 1888 864 1964 licuit,
895 1891 1142 1976 ingenti
1176 1898 1384 1954 tamen
1422 1900 1482 1952 et
1507 1891 1798 1970 apprime
1843 1889 2115 1951 molesto
2144 1887 2371 1951 v-labore
2408 1911 2423 1948 :
2460 1905 2603 1973 nam
2645 1903 2782 1948 eam
2816 1886 2899 1949 ob
2941 1901 3194 1946 causam
3219 1882 3361 1975 ‘fre-

120 1991 539 2078 quentissime
568 2010 640 2054 ac
668 1992 870 2056 ferme
897 2003 1212 2074 perpetuo
1244 1994 1516 2057 alterum
1551 2012 1704 2060 cum
1728 1998 1931 2056 altero
1975 1985 2268 2054 conferre
2304 2008 2567 2052 necesse
2593 1989 2737 2050 fuit.
2772 1989 3152 2067 Quanquam
3201 2003 3357 2050 vero

121 2099 302 2158 multa
341 2097 406 2157 in
446 2098 939 2161 OEcumeniano
993 2101 1149 2174 sint,
1182 2118 1326 2180 quae
1357 2101 1423 2162 in
1460 2099 1946 2162 Vindobonensi
1978 2096 2454 2160 Commentario
2485 2096 2956 2166 desiderantur,
2987 2109 3106 2171 ego
3149 2099 3360 2153 tamen

111 2199 362 2259 .nonnisi
398 2216 473 2261 ea
523 2217 668 2278 quae
739 2201 1132 2279 perﬁciendo
1162 2202 1285 2263 mei
1321 2203 1670 2280 apographi
1705 2201 1927 2262 sensui
1964 2201 2092 2260 visa
2121 2190 2272 2260 sunt
2304 2195 2917 2270 necessaria,-ve—rba
2972 2193 3356 2273 plerumque

118 2297 741 2378 desumpsi-peaque,
778 2306 847 2361 ut
884 2300 950 2358 in
986 2299 1463 2361 Commentario
1495 2301 1919 2376 praecedente,
1963 2299 2192 2377 signis,
2239 2298 2428 2376 queis
2472 2297 3061 2376 distinguerentur,
3097 2297 3355 2356 inclusi.

118 2397 554 2459 .Correctiones
605 2391 873 2476 majoris
909 2399 1241 2472 momenti,
1276 2415 1347 2460 ac
1385 2399 1706 2461 variantes
1742 2399 2047 2460 lectiones
2077 2414 2256 2476 mque
2288 2397 2353 2457 in
2398 2396 2540 2471 hoc,
2570 2404 2766 2476 atque
2805 2397 2871 2457 in
2908 2396 3022 2457 illo
3055 2397 3130 2456 ad
3186 2412 3352 2456 nar.

119 2495 319 2571 ginem
382 2496 707 2557 adnotavi.
772 2497 890 2558 Ubi
920 2515 1084 2560 «vero
1141 2501 1555 2578 praepositum
1599 2500 1839 2562 videris
1886 2499 2005 2562 hoc
2062 2499 2522 2578 compendi-um
2576 2507 2673 2572 ἵσ..
2709 2516 2828 2580 seu
2868 2507 3018 2573 ἴσως,
3066 2502 3363 2578 fortasse,

120 2597 273 2658 scias
310 2598 527 2668 velim,
586 2616 657 2660 ea
691 2617 790 2661 me
821 2617 898 2660 ex
950 2601 1085 2663 sola
1119 2602 1478 2680 conjectura
1526 2601 1932 2682 apposuisse.
1974 2600 2202 2662 .‘tienda
2247 2600 2496 2680 notiora
2532 2609 2593 2660 et
2631 2600 2832 2680 magis
2861 2600 3050 2662 obvia
3101 2600 3361 2671 sustuli,

120 2699 288 2764 nulla
321 2701 535 2762 addita
591 2701 1062 2765 admonitione.
1118 2705 1307 2764 Notas
1357 2703 1648 2784 aliquas,-
1676 2707 1752 2766 de
1781 2701 2195 2782 q‘uibussub
2229 2702 2419 2764 tinem
2462 2702 2656 2781 hujus
2701 2701 3103 2764 Prmfationis
3167 2719 3364 2781 pauca

124 2801 340 2871 diram,
372 2803 451 2864 ad
484 2803 716 2866 calcem
752 2805 1128 2884 paginarum
1162 2806 1456 2886 adiunxi.
1511 2806 1723 2868 Codex
1764 2800 2632 2875 ClesareovViudoboansis,
2675 2805 2786 2882 qui
2842 2803 3014 2866 hunc
3061 2804 3364 2865 continet

133 2904 678 2981 Commentarium,
731 2909 1104 2972 cbartaceus
1154 2920 1248 2973 est
1306 2911 1374 2970 in
1418 2908 1590 2970 .fulio
1635 2909 1910 2982 minore,
1949 2916 2010 2968 et
2043 2907 2322 2985 eleganti
2353 2907 2642 2985 quidem,
2671 2909 2779 2968 sed
2824 2908 3182 2968 minutiore.
3219 2905 3368 2966 cha.

129 3018 352 3079 tactere
388 3021 708 3074 exaratus.
745 3016 794 3075 Δ
836 3013 1175 3075 Lambecio
1204 3012 1690 3075 vetustissimus
1725 3029 1794 3073 ac
1833 3013 2404 3090 prtestantissimus
2458 3012 2694 3074 dici-tur
2727 3032 2744 3071 :
2777 3011 2891 3073 sed
2926 3011 3083 3074 mihi
3115 3013 3178 3073 in
3214 3030 3364 3075 eum

135 3114 348 3168 attente
380 3108 654 3170 intuenti
688 3127 806 3171 nec
842 3093 1278 3188 pervetustus,
1321 3128 1535 3190 neque
1579 3111 1740 3171 adeo
1795 3119 2095 3187 praestans
2146 3129 2291 3174 esse
2331 3111 2588 3174 videtur
2618 3111 2699 3172 ob
2729 3109 3018 3174 defectus
3065 3115 3368 3192 superius

137 3208 446 3271 indicatos.
497 3212 570 3272 Et
616 3229 795 3288 sane,
829 3216 1106 3291 tametsi,
1149 3225 1292 3277 nota
1349 3217 1653 3293 temporis
1706 3217 2064 3289 deﬁciente,
2109 3228 2281 3279 certo
2330 3218 2594 3280 deﬁnire
2635 3233 2762 3278 non
2799 3215 2983 3279 liceat
3026 3236 3151 3298 qua
3189 3226 3368 3281 aetate

136 3307 311 3372 fuerit
347 3323 667 3390 exaratus,
704 3316 1134 3382 nihilominus
1166 3325 1309 3380 ante
1335 3318 1659 3380 saeculum
1693 3337 1805 3379 xxv
1841 3319 1942 3379 vix
1983 3319 2362 3380 crediderim
2390 3336 2535 3378 eum
2564 3317 2768 3398 fuisse
2795 3319 3253 3394 conscriptum.
3295 3319 3368 3379 Id

143 3415 329 3473 tamen
374 3415 529 3475 satis
592 3416 748 3477 mihi
812 3419 1070 3479 videtur
1115 3419 1192 3480 ad
1246 3419 1711 3502 conciliandam
1756 3419 2127 3480 testimonio
2166 3419 2355 3478 istius
2391 3418 2632 3478 codicis
2682 3415 3122 3478 auctoritatem
3179 3418 3248 3478 in
3289 3435 3368 3479 eo

143 3509 296 3584 quod
326 3510 842 3591 ThBOPhylactuS
886 3515 1258 3579 istiusmodi
1313 3515 1769 3579 Commentarii
1811 3524 2037 3579 auctor
2071 3517 2338 3578 dicatur.
2396 3517 2518 3578 Sed
2543 3533 2674 3596 1am
2722 3517 2802 3579 de
2840 3517 2983 3596 ipso
3023 3518 3370 3580 Commeru-

145 3605 282 3668 tario
311 3610 620 3671 nonnulla
651 3613 887 3673 addere
920 3622 1193 3692 praestat.

214 3711 344 3778 XII.
405 3715 491 3788 Is,
533 3732 672 3778 mea
723 3717 990 3797 quidem
1041 3721 1382 3793 sententia.
1447 3721 1604 3784 satis
1667 3723 2008 3801 praeclarus
2064 3729 2185 3784 est.
2240 3721 2606 3802 Litteralem
2664 3723 3045 3803 plerumque
3084 3718 3366 3784 sensum

146 3811 363 3888 optime
399 3813 702 3892 explicat,
736 3825 796 3878 et
821 3818 1165 3881 occasione
1193 3820 1357 3894 data,
1384 3821 1437 3881 si
1458 3837 1586 3900 qua
1605 3821 1884 3883 occurrit
1914 3818 2252 3892 dubitatio,
2282 3829 2644 3897 Opportune
2666 3821 2932 3883 discutit
2961 3823 3370 3898 breviterque

152 3915 413 3981 resolvit.
479 3921 799 3985 Nonnulla
858 3930 1074 3989 tamen
1131 3925 1328 3989 veluti
1381 3933 1709 3994 extranea,
1762 3934 1870 3986 aut
1933 3941 2058 3984 non
2113 3924 2386 3985 omnino
2445 3943 2727 3988 consona
2777 3928 3052 4000 veritati,
3098 3945 3372 4006 qumque

150 4019 456 4084 eruditum
498 4009 1056 4088 commentatorem
1109 4022 1444 4094 dedecent,
1506 4023 1946 4098 reperiuntur.
2001 4023 2120 4083 Sed
2170 4022 2299 4083 haec
2341 4021 2524 4082 scioli
2572 4023 2849 4101 alicujus
2898 4027 3139 4104 adjecta
3181 4043 3373 4087 manu

151 4114 357 4190 fuisse,
404 4119 507 4178 vix
555 4119 801 4183 dubito.
850 4122 1324 4182 Commentario
1379 4120 1501 4181 sub
1547 4121 1928 4185 OEcumenii
1985 4120 2247 4182 nomine
2282 4120 2458 4180 edito
2512 4119 2767 4180 brevior
2816 4121 3197 4200 plerumque
3247 4116 3370 4191 est,

153 4237 264 4299 quo
293 4223 364 4282 ad
400 4224 856 4304 Theophylacti
892 4224 1175 4286 indolem
1211 4224 1469 4302 propius
1501 4226 1764 4297 accedit,
1799 4217 2037 4305 quippe
2102 4225 2214 4303 qui
2267 4224 2578 4285 nonnulla
2625 4239 2886 4300 prorsus
2929 4224 3197 4294 omittit;
3249 4221 3371 4283 alia

157 4339 288 4385 sero
343 4327 540 4405 magis
599 4325 916 4389 contrahit
970 4334 1160 4404 atque
1219 4324 1824 4405 restringit,-Quam
1882 4343 2030 4387 vero
2087 4332 2169 4388 ob
2217 4342 2472 4386 causam
2514 4316 2700 4385 verba
2742 4324 2962 4386 sensui
3016 4324 3374 4386 neceSSaria

156 4441 573 4501 satpenumero
604 4428 1000 4504 omittantur,
1041 4427 1290 4503 ignoro.
1332 4425 1500 4490 Illud
1533 4436 1776 4488 certum
1813 4427 2081 4500 videtur,
2130 4446 2255 4488 non
2291 4428 2481 4505 primi
2511 4428 2811 4495 auctoris,
2851 4430 2961 4489 sed
3015 4411 3371 4506 cujuspiam

158 4523 381 4590 librarii
415 4528 601 4604 culpa
633 4528 693 4591 id
723 4527 1033 4588 accidisse
1067 4544 1079 4586 :
1114 4528 1655 4606 quemadmodum
1693 4528 1979 4607 longiora
2011 4532 2302 4606 quaedam
2343 4546 2413 4589 ac
2444 4529 2634 4606 genio
2669 4528 3126 4609 'I‘heOpl'tylacti
3162 4533 3373 4594 minus

161 4638 586 4698 consentanea,
618 4629 695 4686 ab
727 4627 946 4702 aliquo
981 4627 1279 4688 videntur
1313 4629 1581 4688 intrusa.
1617 4619 1882 4691 Nomina
1914 4637 2267 4698 auctorum,
2320 4629 2374 4688 si
2410 4615 2934 4707 Chrysostomum
2967 4643 3026 4693 et
3067 4635 3377 4713 Cyrillum

163 4726 449 4806 excipias,
508 4726 680 4788 nulla
737 4728 1094 4791 atteruntur
1131 4747 1143 4790 :
1177 4737 1451 4788 attamen
1506 4730 1689 4788 dictis
1741 4745 2025 4791 veterum
2065 4733 2316 4790 Patrum
2381 4727 2757 4809 plerumque
2808 4734 2870 4794 in
2925 4731 3372 4811 compendium

171 4829 412 4890 redactis
453 4830 548 4891 sin
580 4830 810 4900 omnia,
845 4829 1116 4906 plurima
1151 4829 1373 4888 saltem
1405 4827 1464 4886 in
1500 4846 1576 4889 eo
1611 4831 1887 4902 contexi,
1922 4840 2369 4910 argumentum
2407 4842 2523 4904 est,
2557 4834 2725 4910 quod
2763 4833 2919 4891 mihi
2950 4849 3113 4907 Sthe
3153 4835 3370 4893 eadem

173 4948 408 5006 prorsus
441 4932 858 5003 occurrerint,
892 4948 1032 5009 qua)
1070 4930 1134 4995 in
1162 4931 1390 4990 Catena
1412 4927 1919 5009 Vindobonensi,
1944 4933 2021 4991 de
2056 4950 2180 5009 qua
2208 4949 2421 5007 supra,
2456 4933 2882 5007 perlegeram;
2917 4930 3204 5010 adeoque
3240 4933 3377 5012 ejus

172 5047 271 5102 0pc
299 5033 744 5094 Commentarii
796 5033 985 5110 hujus
1015 5041 1254 5091 textum
1295 5033 1632 5093 emendare
1664 5051 2126 5111 nonnunquam
2166 5033 2336 5109 potui
2384 5053 2399 5090 -:
2439 5049 2634 5110 quare
2674 5047 2800 5093 non
2833 5033 3093 5096 omnino
3125 5035 3378 5097 inutilis

175 5147 231 5187 ea
268 5132 486 5191 Catena
521 5131 702 5193 nobis
735 5130 874 5191 fuit.
917 5132 1035 5190 Hic
1087 5127 1258 5199 vero,
1311 5140 1652 5209 antequam
1688 5134 1764 5192 de
1800 5133 1918 5192 hoc
1971 5131 2437 5196 Commentario
2493 5131 2736 5210 praefari
2788 5133 3037 5207 desino,
3088 5127 3377 5200 animad-

177 5237 392 5289 veztere
448 5241 716 5310 praestat,
777 5233 980 5309 primo
1045 5239 1279 5291 textum
1346 5249 1539 5294 sacrm
1593 5233 1932 5310 Scriptura)
1985 5234 2044 5290 in
2089 5221 2203 5290 hoc
2246 5234 2463 5294 codice
2515 5215 2948 5313 non‘sempefr
2986 5239 3068 5297 ita
3101 5239 3378 5300 divisum
3432 5219 3434 5221 i

177 5325 604 5408 (“gestumque
637 5347 802 5400 esse,
841 5338 904 5389 ut
937 5331 1278 5410 scripturae
1311 5329 1497 5390 verba
1533 5329 1893 5396 immediate
1927 5328 2190 5406 excipiat
2229 5332 2544 5407 ριμοδὶιὶο
2577 5332 3031 5410 'l‘heophylacti
3058 5350 3074 5405 ;
3106 5337 3212 5396 sed
3249 5336 3380 5398 liter

177 5428 499 5506 aliquando
536 5426 853 5506 praecedit,
883 5429 1230 5509 aliquando
1257 5428 1447 5493 simul
1485 5429 1780 5506 praecedit
1814 5427 2386 5506 subsequiturque.
2417 5430 2840 5502 Quamobrem
2866 5430 2975 5507 qui
3022 5432 3380 5510 ruju5piam

183 5538 367 5592 te-ttus
397 5529 910 5607 eXplanationem
956 5531 1261 5609 exquirit,
1297 5533 1531 5596 nedum
1581 5529 2068 5608 subsequentia,
2116 5531 2227 5591 sed
2270 5539 2329 5589 et
2379 5530 2662 5604 proxime
2705 5531 3144 5592 antecedentia
3193 5533 3379 5614 legat,
3424 5567 3426 5569 >

185 5646 419 5694 necesse
451 5641 565 5698 est.
597 5630 760 5704 Quia
783 5648 931 5692 vero
961 5632 1022 5693 in
1061 5633 1426 5714 apograpbo
1470 5648 1612 5696 meo
1638 5633 2026 5714 quandoque
2065 5633 2267 5710 reperi
2305 5630 2774 5708 expositionem
2809 5633 2885 5693 ab
2917 5633 3055 5710 ipso
3089 5641 3259 5697 textu
3298 5639 3379 5697 ita

188 5731 526 5808 distantem,
560 5744 621 5794 ut
664 5732 762 5813 vix
798 5733 1087 5812 dignosci
1129 5745 1344 5814 posset
1398 5735 1784 5818 quibusnam
1821 5736 2026 5797 verbis
2062 5754 2185 5813 res;
2211 5736 2498 5805 onderet,
2537 5735 2681 5795 ideo
2713 5736 2791 5797 ad
2839 5735 3271 5801 difﬁcultatem
3305 5742 3379 5800 de
