4056 6340
639 357 745 417 an
878 336 881 347 ‘
1644 332 2024 410 cometen
2074 347 2383 411 FINETTI
2442 345 2835 408 ramento
3728 348 3731 349 ί
3788 347 3877 414 lat

641 464 857 524 medio
893 460 1085 521 tollen
1120 461 1236 519 iam
1261 462 1531 519 alterum
1558 477 1633 519 ex
1681 462 1778 517 his
1814 457 2068 536 prmstiti
2107 480 2122 517 :
2166 456 2261 517 vel
2304 457 2517 535 aliqua
2551 456 2892 531 Scriptura:
2931 453 3143 531 verba,-
3173 454 3387 519 Grmco
3412 462 3591 518 textu
3631 473 3878 534 prorsus

642 560 901 636 intacto,
948 565 1009 626 in
1057 567 1351 625 versione
1399 567 1622 623 iterato
1656 563 1877 640 posui;
1916 560 2040 634 vel,
2076 554 2233 620 si'id
2279 558 2644 621 confusioni
2700 558 3001 619 tollendm
3029 558 3244 619 minus
3291 556 3638 627 sufﬁceret,
3680 560 3876 638 ipsum

639 669 982 745 scriptura:
1015 676 1253 726 textum
1293 663 1420 725 alio
1469 662 1789 731 transtuli,
1834 671 1894 722 et
1942 659 2392 727 Commentarii
2446 661 2664 721 sedem
2720 658 2909 737 paulo
2943 658 3204 731 inverti.
3238 658 3581 720 Confusam
3634 661 3795 721 hanc
3825 672 3877 722 et

640 769 859 828 minus
910 776 1113 845 aptam
1177 767 1337 825 sa.ri
1392 772 1602 824 textus
1652 762 2135 825 collocationem
2193 777 2318 824 non
2358 762 2417 820 in
2474 761 2593 820 huc
2643 762 2877 831 solum,
2920 760 3029 822 sed
3084 758 3272 820 etiam
3326 758 3387 818 in
3430 759 3576 820 aliis
3614 760 3875 821 aliorum

638 879 1044 948 scriptorum,
1080 870 1211 930 i.uo
1271 877 1330 929 et
1362 866 1819 946 'l'heophylacti
1877 865 2367 935 Commentariis
2415 863 2765 924 identidem
2811 863 3254 924 animadverti.
3306 863 3462 936 Qum
3508 846 3879 943 prm'postera

640 972 985 1049 dispositio
1035 988 1111 1032 ex
1143 986 1221 1031 eo
1281 978 1417 1031 orta
1467 968 1741 1040 videtur,
1770 967 1943 1046 quod
1997 981 2123 1031 non
2184 979 2307 1023 suo
2364 980 2640 1051 quaeque
2702 963 2901 1028 textui
2961 962 3257 1042 subjecta“
3317 963 3637 1042 principio
3694 962 3878 1023 fuerit

639 1074 997 1148 expositio;
1055 1072 1166 1132 sed
1236 1072 1298 1131 in
1362 1070 1648 1149 margine
1708 1068 1951 1139 laterali
2007 1065 2086 1137 ab
2143 1067 2515 1128 auctoribus
2573 1067 2672 1127 vel
2733 1065 3193 1128 collectoribus
3246 1066 3453 1144 posita
3492 1066 3876 1127 interdume

644 1174 927 1250 regione,
965 1174 1287 1235 interdum
1321 1176 1508 1235 etiam
1552 1172 1855 1244 inferius,
1925 1172 2112 1258 cujus
2165 1172 2253 1233 rei
2312 1169 2507 1241 multa
2558 1179 2910 1258 supersunt
2976 1176 3307 1248 exempla;
3354 1170 3591 1232 deinde
3644 1185 3793 1231 vero
3850 1189 3875 1229 δ

646 1278 924 1338 librariis
966 1277 1170 1339 textui
1198 1293 1375 1345 sacro
1409 1277 1482 1343 ad
1522 1275 1771 1337 libitum
1808 1274 1902 1336 vel
1941 1256 2015 1336 ei
2048 1272 2367 1352 imperitia
2412 1256 2691 1343 dissecto
2727 1273 3059 1351 snpposita
3114 1272 3329 1334 fuerit.
3375 1258 3631 1334 Certum
3665 1274 3877 1335 saltem

642 1380 925 1449 videtur,
972 1396 1135 1451 eam,
1168 1396 1313 1455 quo}
1356 1378 1420 1440 in
1455 1377 1731 1439 diversis
1790 1376 2125 1439 codicibus
2165 1376 2357 1449 inest,
2399 1375 2793 1449 varietatem,
2830 1374 2924 1435 vel
2967 1374 3031 1435 in
3086 1390 3213 1435 uno
3260 1374 3623 1454 eodemque
3669 1379 3877 1437 colico

642 1482 1117 1549 confusionem,
1158 1485 1445 1557 potuisse
1478 1495 1556 1541 ex
1591 1477 1709 1539 hoc
1742 1477 1942 1554 capite
1988 1475 2186 1547 oriri;
2224 1484 2291 1535 ut
2346 1466 2565 1536 mirari
2616 1474 2887 1552 proinde
2941 1489 3131 1538 nemo
3162 1472 3415 1547 debeat,
3470 1475 3527 1535 si
3574 1472 3758 1535 aliter
3786 1474 3878 1535 hic

639 1600 833 1665 atque
892 1587 954 1646 in
1006 1585 1491 1647 OEcumeuiano
1541 1582 2016 1645 Commentario
2059 1572 2420 1658 dispositus
2468 1580 2813 1657 Scripturm
2862 1586 3075 1649 textus
3119 1577 3505 1658 divisusque
3542 1585 3879 1639 cernatur:

644 1690 941 1772 quamvis
974 1690 1163 1751 etiam
1194 1686 1558 1749 Hentenius
1589 1685 1869 1765 aliquam
1905 1686 1991 1746 ibi
2031 1684 2452 1747 mutationem
2489 1684 2832 1759 invexerit,
2882 1692 2949 1745 ut
2981 1682 3274 1762 ipsemet,
3299 1685 3483 1745 allata
3521 1682 3880 1746 mutationis

644 1792 914 1862 ratione,
945 1789 1195 1857 fatetur.
1230 1788 1545 1859 Alterum,
1580 1787 1659 1848 de
1691 1803 1824 1864 quo
1855 1787 2177 1846 Lectorcm
2212 1786 2655 1861 praemunitum
2687 1784 2904 1857 velim,
2938 1794 3057 1859 est,
3080 1785 3142 1846 in
3169 1784 3388 1846 codice
3405 1786 3877 1848 Vindobouensi

645 1892 861 1970 singul
896 1908 925 1951 s
967 1889 1231 1968 quidem
1292 1887 1595 1965 Epistolis
1635 1887 2157 1966 uniuscujusque
2204 1893 2655 1964 argumentum
2694 1886 3027 1964 praemitti;
3075 1888 3186 1948 sed
3249 1885 3565 1963 Epistolas
3611 1888 3770 1962 ipsas
3824 1896 3879 1949 et

646 1986 1153 2051 Commentarios
1186 1987 1436 2048 illarum
1465 2004 1590 2048 non
1625 1987 1987 2064 interrupto
2044 1986 2153 2047 filo
2193 1986 2449 2067 absque.
2483 1985 2949 2056 versiculorum
2994 1996 3103 2058 aut
3149 1987 3433 2069 capitum
3478 1984 3881 2060 distinctione

646 2107 787 2150 esse
817 2089 1087 2167 digesta.
1144 2087 1289 2148 Haec
1340 2085 1631 2153 addenda
1686 2086 1910 2148 censui
1967 2086 2230 2165 majoris
2282 2088 2601 2157 commodi
2658 2084 2858 2164 gratia
2905 2087 3087 2166 juxta
3118 2095 3493 2148 consuetam
3528 2086 3883 2148 Latinorum

643 2190 1141 2267 Gimcorumque
1180 2186 1561 2248 numerandi
1598 2185 1934 2249 rationem.
1964 2187 2357 2262 Argumenta
2390 2200 2540 2249 vero
2570 2183 2997 2261 Epistolarum
3023 2183 3251 2245 eodem
3285 2185 3475 2245 modo
3505 2184 3735 2262 reliqui
3758 2198 3883 2265 quo

646 2293 712 2353 in
747 2291 966 2353 codice
1019 2298 1193 2363 sunt,
1244 2307 1323 2351 ne
1380 2306 1478 2351 me
1503 2287 1741 2371 aliquis
1779 2295 2000 2364 arguat
2035 2287 2458 2362 infidelitatis,
2506 2305 2764 2368 unaque
2808 2288 3010 2352 lector
3043 2296 3366 2366 agnoscat,
3406 2296 3564 2368 quot
3593 2288 3657 2349 in
3694 2291 3883 2364 capita

645 2402 866 2465 auctor
896 2394 1374 2467 Commentarii,
1404 2392 1501 2456 vel
1537 2391 1706 2453 alius
1738 2391 2114 2471 quicunque
2144 2390 2365 2468 fuerit,
2402 2392 2718 2470 Epistolas
2768 2392 3061 2471 singulas
3121 2393 3324 2467 secari
3376 2392 3660 2455 voluerit
3697 2410 3710 2452 :
3751 2409 3883 2464 nam

652 2498 828 2573 plura
862 2498 920 2558 in
956 2512 1339 2576 unaquaque
1373 2501 1705 2557 enumerat
1760 2494 1989 2571 capita,
2020 2510 2211 2575 quam
2269 2492 2633 2559 enumerari
2664 2490 3123 2557 communiter
3182 2492 3447 2558 soleant.
3482 2496 3567 2557 Ea
3621 2495 3884 2575 capitum

648 2598 1073 2672 enumeratio,
1116 2598 1262 2675 qum
1298 2597 1359 2659 in
1388 2595 1672 2685 editione
1703 2596 2210 2669 OEcnmeniana,
2245 2597 2588 2659 exhibetur
2623 2597 2815 2658 etiam
2860 2597 2925 2658 in
2958 2596 3477 2670 Commentariis.
3519 2597 3791 2675 Insuper
3812 2595 3884 2667 ad

647 2701 880 2761 calcem
915 2698 1264 2777 cujuslibet
1301 2697 1735 2761 commentarii
1773 2704 2026 2768 notatur
2059 2717 2367 2767 numerus
2393 2699 2883 2770 versiculorum,
2912 2714 3076 2775 quos
3119 2698 3401 2776 Epistola
3426 2697 3487 2759 in
3509 2715 3585 2758 eo
3614 2700 3885 2776 exposita

649 2800 1114 2862 commentario
1146 2798 1642 2876 complectitur:
1683 2799 1792 2878 qui
1853 2817 2161 2861 numerus
2201 2800 2404 2861 multo
2456 2800 2656 2879 major
2706 2806 2825 2874 est,
2877 2799 3225 2875 praesertim
3290 2797 3355 2859 in
3403 2799 3881 2875 posterioribus:

650 2915 920 2959 numero
952 2904 1286 2965 consueto.
1318 2899 1571 2970 Menda,
1612 2917 1755 2978 quas
1790 2898 1854 2960 in
1890 2898 2208 2976 ejusmodi
2236 2908 2549 2963 'numeros
2573 2900 2843 2977 fortasse
2873 2901 3303 2979 irrepserunt,
3328 2899 3651 2977 corrigere
3688 2900 3878 2960 nolui.

651 3010 827 3071 ratus
861 3002 995 3062 ﬁeri
1032 3001 1339 3079 potuisse,
1374 3011 1439 3062 ut
1476 3010 1719 3077 auctor,
1753 3003 1946 3067 sicuti
1982 3002 2163 3079 plura
2198 3006 2428 3083 capita,
2464 3006 2542 3071 ita
2584 3014 2644 3066 et
2672 3007 2890 3086 plures
2909 3002 3304 3068 enumerarit
3342 3000 3723 3080 versiculos,
3756 3002 3879 3066 licet

653 3104 743 3174 rei
781 3104 1054 3194 hujusce
1086 3121 1341 3172 causam
1376 3120 1635 3167 urorsus
1671 3105 1980 3184 ignorem.
2021 3106 2139 3172 Sed
2173 3108 2251 3167 de
2289 3106 2409 3169 hoc
2441 3123 2634 3188 Opere
2670 3108 2847 3179 satis.

2061 3269 2345 3361 sacrm
2408 3273 2516 3335 ιν.

1593 3410 1676 3469 De
1720 3409 2003 3476 oratione
2040 3411 2108 3472 in
2149 3409 2595 3484 Adorationcm
2626 3414 2691 3476 S.
2735 3418 2969 3498 crucis,

737 3535 907 3596 XIII.
942 3528 1433 3609 Exegeticorum
1467 3526 1928 3607 TheOphylacti
1963 3544 2234 3608 eperum
2275 3530 2341 3601 in
2378 3530 2532 3592 Novi
2587 3510 2981 3603 'l'est‘amenti
3022 3534 3438 3617 Scripturam,
3481 3534 3691 3617 quoad
3741 3533 3881 3597 mihi

654 3645 922 3708 COttslat,
965 3648 1301 3707 numerum
1345 3629 1584 3691 claudit
1619 3630 2132 3699 Commentarius
2181 3632 2249 3701 iu
2298 3634 2619 3711 Epistolas
2666 3635 3045 3707 Catliolicas.
3097 3637 3169 3705 In
3218 3638 3521 3719 sequenti
3581 3636 3884 3701 volumine

656 3744 885 3814 quarto
916 3732 1078 3793 alios
1109 3730 1395 3809 ejusdem
1428 3730 1931 3797 Commentarios
1975 3732 2034 3791 in
2073 3732 2271 3793 Vetus
2319 3736 2797 3807 Testamentum
2850 3738 3168 3801 invenies.
3226 3741 3296 3800 In
3346 3739 3465 3800 hoc
3528 3756 3680 3808 vero
3731 3738 3885 3811 varia

656 3832 1118 3911 't'heOphylacti
1148 3827 1460 3910 epuscula
1498 3827 1961 3906 subjiciuntur,
1997 3831 2187 3909 queis
2229 3848 2449 3910 magna
2486 3849 2561 3901 ex
2612 3842 2782 3911 parte
2816 3842 3026 3896 tomus
3075 3836 3196 3897 iste
3244 3836 3581 3911 conﬂatur.
3628 3838 3885 3911 Primum

656 3944 750 3998 est
782 3932 1005 4001 Ονιιιίο
1038 3934 1105 4023 in
1146 3929 1579 3991 adorationem
1612 3929 1678 3991 S.
1733 3931 1980 4005 crucis;
2009 3948 2155 4012 quae
2182 3932 2445 4011 quidem
2492 3935 2697 4005 oratio
2735 3937 2949 4005 Grmce
3003 3926 3356 4018 Latineque
3384 3939 3567 4013 .edita
3610 3937 3730 4000 fuit
3764 3937 3879 4016 jam

660 4036 907 4113 pridem
940 4052 969 4093 a
1007 4031 1378 4095 doctissimo
1408 4029 1744 4111 Societatis
1780 4034 1933 4100 Jesu
1968 4033 2269 4113 theologo
2297 4035 2533 4099 Iacobo
2566 4037 2890 4112 Gretseru,
2929 4047 3101 4105 tomo
3125 4028 3415 4109 secundo
3454 4041 3541 4115 ρο
3576 4043 3641 4103 S.
3693 4058 3879 4103 cruce-

656 4138 783 4203 Nos
812 4146 1022 4199 tamen
1056 4141 1298 4195 textum
1334 4134 1623 4201 Graecum
1658 4149 1786 4194 non
1821 4150 1897 4194 ex
1932 4134 2158 4194 eodem
2196 4135 2518 4210 Gretsero,
2564 4138 2676 4197 sed
2714 4157 2794 4199 ex
2829 4140 3045 4201 codice
3088 4140 3881 4215 Caesareo-Vindelionensi

658 4237 1045 4313 descriptum
1082 4232 1489 4295 exhibemus.
1526 4228 1725 4299 Suum
1766 4231 1874 4293 ille
1920 4232 2313 4310 deprompsit
2343 4250 2426 4305 ex
2455 4235 2675 4297 codice
2701 4239 3503 4309 Bavarico-Mmiachiensi.
3541 4245 3660 4304 Sed
3694 4240 3882 4321 quoad

660 4335 969 4410 colligere
1009 4334 1192 4393 licuit
1227 4323 1305 4392 e'x
1336 4341 1630 4393 accurata
1658 4332 1997 4410 utriusque
2028 4342 2239 4395 textus
2275 4322 3072 4418 collatione,~deprehendi
3126 4341 3223 4403 vel
3261 4344 3533 4403 alterum
3582 4361 3658 4405 ex
3707 4343 3887 4408 altero

659 4436 759 4504 vel
796 4447 1145 4515 utrumque
1179 4451 1257 4495 ex
1293 4450 1422 4494 uno
1454 4433 1812 4513 eodemque
1847 4435 2065 4495 codice
2094 4434 2297 4499 fuisse
2331 4438 2746 4516 descriptum.
2783 4444 2872 4504 Ita
2905 4442 3079 4504 enim
3115 4445 3508 4507 conveniunt
3540 4444 3704 4506 inter
3732 4460 3883 4518 sese,

660 4554 729 4603 ut
768 4558 845 4603 ne
882 4542 1195 4601 variantes
1233 4537 1495 4615 quidem
1536 4536 1868 4612 lactiones,
1902 4538 1957 4599 si
1994 4556 2206 4613 unam,
2239 4538 2335 4599 vel
2370 4539 2631 4601 alteram
2664 4544 2972 4621 excipias,
3026 4548 3448 4625 suppeditarit
3480 4548 3597 4609 ista
3629 4547 3882 4623 collatio.

660 4646 977 4722 Quodque
1018 4644 1223 4719 majus
1260 4650 1377 4710 est,
1411 4639 1742 4701 Iacunulas
1783 4643 1970 4712 duas,
2012 4660 2286 4721 quarum
2332 4643 2590 4706 alteram
2627 4664 2703 4706 ex
2746 4647 3109 4727 conjectura
3142 4650 3628 4729 ipsesupplevi,
3680 4649 3885 4713 eodem

663 4766 727 4805 Ill
780 4746 916 4837 |0t.Q
967 4743 1325 4820 eodemque
1372 4742 1565 4803 modo
1618 4744 1805 4805 habet
1867 4755 2162 4824 uterque.
2225 4748 2605 4810 \"rzrsionem
2676 4751 2985 4821 Latinam.
3042 4743 3231 4833 quam
3288 4754 3623 4821 Gretserus
3678 4753 3889 4812 Graeca

665 4854 900 4928 Iingnm
936 4844 1371 4926 peritissimus
1412 4838 1772 4913 adornavit.
1806 4850 2108 4927 subjicio.
2146 4852 2457 4914 Pauculas
2490 4853 2557 4913 in
2611 4855 2732 4928 fine
2776 4838 3090 4918 orationis
3124 4863 3303 4915 notas
3362 4855 3591 4933 adjecit
3641 4854 3775 4925 ille;
3818 4870 3889 4913 ex

664 4954 904 5032 quibus
937 4954 1123 5038 duas,
1158 4967 1301 5031 qum
1326 4946 1615 5029 alicujus
1651 4953 1955 5012 momenti
1991 4952 2144 5015 visas
2184 4966 2359 5030 sunt,
2404 4957 2781 5035 selegimus,
2832 4975 3083 5038 suoque
3126 4958 3191 5022 in
3245 4957 3382 5024 loco
3430 4959 3887 5029 collocavimus,

668 5072 894 5129 nempe
944 5030 1167 5129 pagina
1198 5052 1335 5121 h58.
1372 5054 1497 5114 Nos
1539 5069 1754 5125 unam,
1812 5052 1903 5114 vel
1961 5054 2246 5130 alteram,
2295 5049 2397 5118 eui
2439 5058 2651 5136 aliqua
2705 5061 2998 5147 cudicuni
3053 5062 3316 5123 varietas
3360 5079 3577 5129 ansam
3620 5065 3887 5140 praebuit,

663 5160 1056 5221 addidimus.
1092 5156 1402 5228 Caeterum
1439 5157 1693 5235 egregia
1729 5168 1826 5219 est
1872 5159 2090 5220 isthaec
2140 5160 2368 5233 oratio,
2425 5170 2489 5222 et
2534 5152 3010 5247 Theoizhylacto
3051 5168 3323 5228 maxime
3377 5167 3590 5244 digna,
3642 5168 3912 5245 ejusque-

665 5263 924 5341 genium
954 5277 1024 5322 ac
1047 5258 1322 5339 'stylum,
1358 5276 1501 5321 meo
1532 5262 1793 5340 quidem
1824 5262 2098 5339 judicio,
2136 5280 2265 5340 pra:
2291 5282 2359 5325 se
2393 5262 2545 5335 fert:
2584 5250 2999 5347 quamobrem
3032 5267 3205 5329 nulla
3239 5285 3380 5329 esse
3412 5268 3599 5330 debet
3628 5269 3706 5330 de
3734 5269 3892 5330 illius

623 5376 921 5457 auctore
954 5362 1267 5441 suspicio.
1303 5361 1517 5422 Medio
1546 5363 1951 5442 Jejuuiorum
1986 5374 2294 5444 tempore,
2356 5377 2422 5429 ut
2474 5386 2554 5439 ex
2583 5370 2725 5457 ejus
2786 5354 2973 5431 titulo
3027 5379 3300 5439 constat,
3362 5369 3572 5433 habita
3620 5383 3738 5445 est,
3800 5372 3893 5431 die

666 5460 912 5532 scilicet
940 5460 1161 5538 aliquo
1196 5458 1607 5522 hebdomadas
1638 5474 1882 5540 quartae
1913 5465 2268 5547 Quadi-ages

2290 5466 2455 5545 ima),
2488 5484 2632 5545 qum
2665 5484 2700 5528 a
2734 5468 2971 5531 GI'tBCiS
3002 5473 3425 5544 μεσονήστιμος,
3460 5470 3649 5535 medii
3677 5469 3892 5554 jejunii

671 5572 953 5633 vocatur,
985 5560 1137 5640 quia
1168 5579 1397 5641 nempe
1426 5580 1503 5625 ex
1532 5570 1775 5640 septem
1810 5562 2255 5653 hebdomadis,
2294 5565 2794 5645 quasjejunium
2828 5567 3413 5653 Quadragesimale-
3443 5572 3616 5651 apud
3664 5570 3893 5631 Graecus

667 5666 1107 5745 complectitur
1154 5669 1460 5747 integras,
1499 5675 1720 5748 quarta
1746 5650 2055 5747 [medi-um
2110 5671 2230 5731 sibi
2289 5670 2565 5731 vindicat
2626 5670 2858 5732 locum.
2910 5675 3097 5758 Tota.
3132 5650 3693 5736 had-hebdomade
3750 5683 3886 5731 crux

674 5770 909 5849 populo
930 5771 1246 5836 adoranda
1273 5788 1307 5833 a
1336 5772 1659 5836 sacerdote
1684 5772 2060 5834 solemniter
2086 5774 2451 5836 exhibetur.
2482 5772 2793 5848 Quocirca
2826 5774 3152 5838 Dominica
3181 5774 3385 5855 tertia,
3412 5790 3533 5853 qua
3560 5772 3852 5853 inseque:
