4056 6340
161 381 269 452 425
1013 389 1103 465 ΙΝ
1139 388 1571 460 SEQUENTIA
1614 389 2188 453 THEOPHYLACTI
2224 392 2557 456 SCRIPTA.
3318 391 3418 460 £20

162 501 506 564 inchoatur
548 500 966 577 hebdomada,
1010 509 1261 580 Kuptzxi}
1304 523 1764 578 oraupanpoaxw

1817 522 1962 578 ςεως,
2006 505 2332 568 Dominica
2376 507 2769 571 adorationis
2827 509 3036 572 crucis
3094 527 3128 572 a
3186 509 3419 572 Grmcis

163 603 422 667 dicitur.
459 605 692 666 Prmter
719 605 883 666 hanc
922 603 1382 683 'I‘heOphylacti
1432 601 1765 664 homiliam
1799 617 2048 668 ears-tant
2091 611 2234 671 alim
2276 612 2489 688 plures
2523 613 2601 673 ab
2641 612 3120 694 antiquioribus
3165 613 3425 677 Graeciaa

163 703 454 767 Patribus
486 703 717 765 habitae
747 707 810 766 in
846 705 961 767 hac
990 705 1124 784 ipsa
1164 704 1598 778 solemnitate,
1626 721 1786 782 quas
1811 705 2612 796 praelaudatusGretserus
2649 715 3130 778 accuratissime
3167 716 3426 796 collegit

163 808 498 887 ediditque
534 809 597 868 in
631 807 931 884 praedicto
963 825 1158 886 opere
1182 809 1270 868 De
1298 825 1508 871 cruce.
1536 809 1626 867 Ex
1658 807 1898 887 quibus
1926 809 2092 872 illud
2128 814 2351 874 saltem
2380 813 2674 890 efﬁcitur,
2709 817 2992 879 Graecam
3018 834 3164 879 cum
3205 819 3425 880 Latina

162 911 511 971 Ecclesiam
543 910 608 970 in
645 907 766 971 hoc
795 909 1091 989 dogmate
1125 910 1204 971 de
1240 909 1449 971 crucis
1490 909 1867 972 adoratione
1901 931 2015 982 seu
2053 917 2466 978 veneratione
2506 917 2880 996 planissime
2923 922 3321 994 consentire;
3361 929 3428 985 et

162 1010 279 1074 hoc
311 1012 724 1090 potissimum
757 1020 879 1088 est,
914 1011 1087 1092 quod
1122 1011 1358 1074 exinde
1397 1011 1659 1088 petitur,
1695 1015 2233 1079 emolumentum.

1584 1188 1870 1249 SECTIO
1916 1191 1988 1250 V.

705 1336 789 1395 De
821 1335 1105 1396 oratione
1138 1335 1204 1394 in
1232 1332 1786 1394 Prwsentationem
1821 1333 1892 1394 Β.
1927 1336 2149 1397 Marica
2206 1337 2481 1416 Virginis
2524 1341 2589 1400 in
2628 1342 2880 1420 templo.

228 1489 400 1550 XIV.
491 1487 851 1549 Orationem
935 1486 1101 1548 hanc
1183 1487 1405 1548 Latine
1481 1486 1762 1548 reddidit
1835 1486 2169 1566 ediditque
2244 1490 2624 1553 Franciscus
2693 1490 3114 1555 Combeﬁsius
3175 1495 3424 1557 ordinis

157 1588 675 1660 Prmdicatorum,
710 1602 902 1665 quam
934 1585 1215 1647 inseruit
1244 1585 1649 1648 Bibliothrcce
1676 1603 1809 1648 suae
1841 1589 2330 1650 concionatoria:
2357 1594 2509 1652 tom.
2545 1592 2712 1654 VIII.
2748 1593 2905 1655 Cum
2955 1597 3210 1657 Graecus
3243 1597 3420 1676 ejus-

156 1691 296 1753 dem
327 1698 546 1754 textus
576 1709 656 1754 ex
688 1690 910 1753 codice
943 1689 1355 1752 bibliothecas
1380 1690 1597 1768 Regia)
1629 1691 2012 1752 Parisiensis
2043 1691 2408 1769 exscriptus
2452 1692 2521 1754 in
2557 1709 2786 1756 manus
2840 1711 3011 1756 meas
3063 1695 3422 1775 incidisset,

155 1808 293 1853 cum
325 1793 546 1856 Latina
589 1791 951 1856 Combeﬁsii
989 1791 1288 1878 versione
1339 1790 1636 1854 contuli:
1678 1809 1822 1869 quat
1871 1793 2018 1854 licet
2077 1792 2235 1854 satis
2295 1803 2612 1870 accurata,
2669 1795 2824 1857 mihi
2886 1797 3076 1875 paulo
3135 1799 3267 1859 visa
3329 1807 3424 1862 est

154 1897 530 1972 obscurior;
570 1898 864 1978 adeoque
895 1898 1236 1960 clariorem
1262 1898 1451 1960 aliam
1485 1914 1557 1960 ac
1589 1897 1965 1961 nitidiorem
2003 1898 2253 1961 efﬁcere
2284 1909 2552 1962 conatus
2597 1918 2765 1962 sum.
2799 1902 2985 1977 Quod
3039 1910 3248 1965 utrum
3296 1902 3416 1964 sim

156 2012 516 2075 assecutus,
550 2004 808 2065 illorum
837 2002 1162 2082 judicium
1202 2010 1365 2077 esto,
1399 2005 1510 2084 qui
1535 2002 1826 2066 conferre
1857 2013 2196 2084 utramque
2229 2006 2856 2069 voluerint.lnterim
2881 2026 3023 2070 cum
3058 2009 3138 2070 cl.
3177 2010 3422 2070 Praevia

155 2106 636 2176 Dissertationis
669 2114 893 2171 auctor
932 2110 1288 2171 orationem
1336 2109 1496 2172 hanc
1529 2126 1673 2171 cum
1711 2126 1872 2172 nova
1923 2111 2131 2188 ipsius
2164 2111 2463 2174 versione
2518 2113 2952 2175 enuntiaverit
3005 2114 3417 2192 proditurum,

156 2223 312 2281 eam,
348 2209 564 2288 qualis
599 2211 859 2272 demum
888 2228 1146 2290 cunque
1180 2212 1286 2282 sit,
1318 2212 1382 2270 in
1426 2210 1636 2272 lucem
1671 2211 1920 2274 emitto.
1954 2212 2013 2272 Si
2056 2213 2204 2290 quis
2237 2213 2497 2274 alteram
2553 2212 2751 2286 malit,
2807 2214 3169 2292 praedictam
3237 2217 3422 2276 adeat

157 2309 624 2386 Bibliothecam.
664 2313 980 2376 Versione
1022 2312 1138 2374 hac
1174 2330 1206 2373 a
1239 2330 1340 2374 me
1370 2313 1620 2392 jamdiu
1650 2314 1964 2387 absoluta,
2016 2312 2191 2375 aliud
2250 2315 2540 2394 ejusdem
2594 2316 2906 2376 orationis
2964 2316 3290 2393 exemplar
3341 2334 3417 2376 ex

157 2412 372 2476 codice
410 2415 482 2474 15
515 2415 904 2477 Seldeniano
936 2415 1386 2503 celeberrimae
1408 2417 1815 2479 bibliothecae
1847 2416 2215 2478 Bodleiante
2239 2417 2839 2495 descriptum,mihi
2872 2416 3133 2479 allatum
3169 2419 3418 2480 Oxonio

156 2521 269 2574 est.
315 2514 660 2594 Utramque
699 2514 1039 2578 conferens
1084 2534 1200 2578 sua
1236 2518 1299 2578 in
1335 2527 1612 2595 utroque
1647 2517 1876 2579 menda
1908 2517 2149 2590 detexi,
2190 2526 2382 2596 atque
2423 2517 2697 2579 alterum
2729 2518 2912 2579 alteri
2968 2534 3082 2594 pro
3134 2517 3417 2581 locorum

156 2615 524 2678 diversitate
549 2626 868 2694 praestare.
890 2618 1200 2692 Quamvis
1224 2635 1379 2683 vero
1401 2619 1764 2701 Oxoniensi
1791 2619 2156 2682 Parisiense
2184 2619 2478 2683 nonnihil
2501 2619 2848 2683 concedere
2875 2618 3226 2696 videretur,
3250 2621 3420 2682 nihi-

159 2716 436 2778 lominus
472 2718 550 2798 ad
585 2719 947 2781 Parisiense
990 2719 1318 2797 exilmplar
1361 2719 1523 2781 hanc
1575 2719 1929 2783 editionem
1988 2721 2248 2800 exigere
2309 2721 2530 2795 malui,
2565 2729 2698 2782 tum
2753 2721 2921 2799 quod
2983 2721 3188 2799 primo
3253 2721 3418 2783 illud

159 2819 373 2881 Latine
401 2819 776 2883 translatum
800 2837 833 2883 a
859 2822 1514 2884 Combetisio‘editum
1542 2830 1735 2896 esset,
1762 2831 1895 2884 tum
1919 2824 2092 2902 quod
2126 2841 2204 2885 ex
2233 2823 2371 2900 ipso
2407 2822 2640 2899 pariter
2672 2839 2872 2884 meam
2907 2838 3027 2901 ego
3060 2823 3416 2885 versionem

155 2919 550 2996 elicuissem.
591 2924 1053 2985 Verumtamen
1091 2923 1411 2985 variantes
1443 2923 1687 2985 codicis
1734 2924 2099 2985 Barocciani
2147 2924 2464 2986 lectiones
2499 2924 2796 3004 (quarum
2839 2922 3072 3002 aliqua;
3123 2924 3416 2986 dicenda!

159 3019 365 3098 potius
391 3030 544 3083 sunt
580 3026 1036 3104 correctiones)
1068 3027 1142 3086 ad
1179 3025 1554 3086 inferiorem
1584 3025 1938 3103 marginem
1971 3025 2475 3105 diligentissime
2510 3025 2841 3097 adnotavi;
2871 3042 3015 3104 qua)
3046 3024 3184 3086 loco
3209 3023 3414 3101 ipsius

155 3124 392 3186 codicis
441 3125 663 3187 haberi
703 3128 932 3189 merito
982 3136 1272 3204 possunt.
1332 3127 1552 3200 Quoad
1592 3128 1792 3206 ipsam
1829 3127 2056 3188 attinet
2107 3129 2489 3202 orationem,
2550 3127 2710 3188 adeo
2775 3135 3074 3203 praestans
3132 3124 3261 3185 visa
3319 3141 3415 3192 est

156 3224 556 3298 Combetisio,
597 3235 665 3287 ut
698 3244 988 3290 asserere
1020 3246 1145 3291 non
1187 3228 1521 3302 dubitarit,
1576 3230 2126 3310 TheOphylactum
2162 3239 2224 3290 et
2281 3232 2342 3290 in
2385 3230 2496 3289 hac
2547 3229 2832 3288 oratione
2888 3228 3415 3305 sapientissimum

157 3324 431 3386 ostendi:
473 3344 590 3388 nec
623 3327 948 3389 immerito
985 3329 1276 3407 quidem,
1315 3345 1456 3390 cum
1496 3330 1834 3406 multiplex
1875 3328 2286 3405 eloquentim,
2329 3327 2719 3390 eruditionis
2753 3335 2811 3387 et
2852 3326 3186 3388 vividioris
3234 3328 3412 3405 inge.-

158 3426 240 3487 nii
277 3429 340 3488 in
374 3444 445 3489 ea
489 3428 705 3492 lumen
747 3428 1074 3507 effulgeat.
1118 3430 1485 3490 Severiores
1537 3439 1741 3490 tamen
1791 3430 1995 3492 critici
2057 3430 2326 3492 fortasse
2379 3445 2502 3492 non
2566 3428 2934 3507 probabunt
2974 3430 3037 3489 in
3085 3444 3186 3500 eo,
3237 3431 3407 3506 quod

155 3534 362 3596 Mariae
392 3536 674 3614 Virginis
707 3535 1161 3597 deductionem
1197 3534 1261 3595 in
1301 3521 1634 3612 templum,
1669 3534 1922 3614 aliaque
1955 3536 2058 3597 his
2089 3535 2298 3596 atlinia
2330 3535 2626 3594 minutim
2660 3534 2820 3593 adeo
2853 3532 3189 3603 describat,
3223 3549 3292 3592 ac
3349 3534 3404 3592 si

156 3637 418 3698 suismet
449 3637 656 3699 oculis
701 3637 1035 3697 lustrasset
1064 3636 1304 3698 omnia.
1353 3637 1474 3696 Sed
1509 3635 1693 3697 facile
1732 3635 2027 3713 scriptori
2061 3639 2277 3702 Graeco
2320 3634 2524 3695 danda
2587 3633 2770 3694 venia
2828 3643 2950 3707 est,
2988 3641 3205 3712 utpote
3265 3639 3404 3714 qui,

155 3739 557 3801 traditionem
591 3737 729 3800 suis
764 3738 827 3800 in
873 3737 1249 3815 regionibus
1278 3738 1405 3817 jam
1448 3748 1761 3816 receptam
1807 3747 2093 3812 secutus,
2158 3755 2229 3798 ea
2295 3737 2415 3798 sibi
2479 3737 2691 3799 omnia
2752 3738 2990 3799 nedum
3049 3736 3407 3813 referenda,

155 3841 257 3902 sed
294 3842 481 3902 etiam
517 3840 797 3902 oratorio
841 3840 1012 3916 stylo
1044 3840 1407 3901 exornanda
1462 3841 1728 3919 putavit.
1789 3841 1952 3902 Illud
1983 3849 2152 3902 certe
2225 3840 2291 3927 in
2349 3838 2824 3917 'l‘heophylacto
2893 3838 3402 3927 suscipiendum.

154 3946 316 4022 quod
360 3962 503 4008 cum
540 3945 733 4020 probe
765 3953 1202 4023 c0gnosceret,
1257 3945 1408 4022 quid
1471 3944 1878 4019 potissimum
1937 3926 2380 4005 adversaretur
2440 3949 2698 4003 summet
2755 3942 3098 4003 narrationi
3155 3942 3403 4022 (esthe

156 4047 308 4107 illud
348 4049 539 4120 idem,
569 4048 750 4126 quod
781 4047 1036 4125 aliquos
1069 4048 1419 4108 recentium
1453 4048 1822 4108 criticorum
1854 4047 1920 4108 in
1960 4049 2338 4108 contrariam
2382 4047 2764 4108 sententiam
2812 4047 3119 4126 impulit),
3146 4055 3402 4108 strenue

157 4147 519 4209 allaboravit
550 4148 615 4209 in
650 4164 727 4210 eo
768 4150 846 4209 de
894 4148 1108 4209 medio
1153 4149 1462 4222 tollendo,
1526 4149 1751 4226 reique
1813 4150 2130 4210 universae
2188 4149 2588 4211 concilianda
2648 4149 3094 4228 probabilitate
3140 4167 3265 4210 τηρ
3322 4150 3402 4207 de

157 4250 499 4314 moralibus
537 4251 973 4344 documentis,
1015 4267 1159 4328 qum
1194 4251 1427 4311 exinde
1462 4251 1786 4329 sapienter
1819 4251 2018 4322 elicit,
2057 4251 2244 4313 verba
2281 4249 2526 4312 faciam.

1562 4420 1846 4482 SECTIO
1895 4423 1997 4482 Vl.

422 4574 512 4630 De
561 4584 868 4652 martyrio
900 4573 1256 4653 quindecim
1286 4584 1635 4651 martyrum
1671 4569 2081 4650 Tiberiopoli,
2118 4570 2465 4648 imperante
2496 4569 2755 4629 Iuliano
2793 4569 3120 4647 Apostata.

227 4719 361 4778 XV.
397 4719 544 4778 Haec
582 4716 1044 4794 Theophylacti
1083 4717 1304 4779 Oratio
1348 4718 1464 4795 (sic
1497 4719 1674 4778 enim
1725 4716 1863 4795 ipse
1900 4715 2407 4778 lucubrationem
2447 4714 2625 4775 istam
2675 4714 2974 4796 appellat)
3024 4732 3152 4778 non
3209 4717 3397 4780 modo

160 4822 317 4898 typis
348 4835 583 4882 excusa
621 4817 960 4895 hucusque
1015 4835 1345 4897 nunquam
1394 4817 1538 4891 fuit,
1601 4818 1711 4879 sed
1763 4819 1847 4880 ita
1907 4817 2096 4879 etiam
2144 4814 2306 4895 fugit
2363 4814 2760 4876 eruditorum
2826 4815 3137 4885 notitiam,
3204 4823 3273 4875 ut
3316 4831 3397 4875 ex

158 4927 448 4989 omnibus
481 4926 564 4987 iis
598 4924 707 5003 qui
745 4921 840 4984 vel
885 4923 1024 4983 data
1064 4939 1256 4999 Opera
1297 4924 1374 4984 de
1410 4921 1889 5001 TheOphylacto
1927 4923 2196 5002 ejusque
2231 4917 2536 4994 operibus
2583 4916 2918 4992 scripsere,
2971 4915 3159 4993 hujus
3215 4933 3396 4978 men-

161 5030 385 5091 tionem
415 5016 642 5091 fecerit
675 5025 940 5091 omnino
975 5024 1217 5105 nullus.
1262 5027 1341 5084 Ea
1388 5025 1624 5085 Oxonii
1667 5026 1726 5084 in
1763 5021 2177 5086 celeberrima
2216 5017 2597 5077 bibliotheca
2641 5014 2979 5076 Bodleiana
3035 5016 3198 5078 inter
3240 5036 3392 5082 mss.

159 5132 560 5194 Baroccianos
598 5133 827 5193 latebat
858 5129 924 5190 in
959 5127 1178 5190 codice
1213 5126 1322 5205 qui
1359 5127 1525 5187 varia
1561 5127 1684 5188 alia
1726 5135 2056 5187 auctorum
2100 5119 2412 5196 opuscula
2452 5116 2920 5197 complectitur.
2970 5118 3191 5198 Neque
3247 5138 3393 5179 veri.

159 5228 326 5290 illius
356 5229 517 5291 forte
551 5230 776 5291 notitia
807 5229 882 5289 ad
918 5243 1033 5289 nos
1076 5226 1475 5307 pervenisset
1511 5243 1818 5302 unquam,
1852 5223 1978 5284 nisi
2019 5221 2366 5283 vehemens
2412 5219 2808 5281 desiderium
2858 5219 3047 5298 hujus
3090 5218 3392 5279 editionis

161 5335 508 5391 curatorum
552 5328 714 5388 nihil
743 5333 1008 5391 omnino
1034 5325 1554 5407 prmtermittendi
1604 5326 1775 5403 quod
1809 5322 2357 5403 'l‘heOphylactum
2385 5322 2646 5384 haberet
2675 5327 3020 5390 auctorem,
3057 5319 3239 5381 nobis
3274 5320 3391 5381 sti-

163 5431 359 5495 mulos
396 5430 776 5505 addidisset,
810 5440 878 5494 ut
914 5432 1084 5495 inter
1113 5432 1271 5494 alios
1295 5430 1482 5492 etiam
1517 5428 1886 5505 Cutalogum
1912 5426 2220 5488 librorum
2248 5446 2392 5487 mss.
2427 5425 2666 5502 Anglice
2697 5432 2752 5480 et
2783 5421 3124 5498 Hiberniae,
3158 5424 3392 5485 Oxonii

160 5536 390 5600 editum
427 5549 530 5594 an.
568 5529 722 5592 1697
761 5533 826 5593 in
857 5533 1029 5596 hunc
1054 5534 1253 5596 finem
1297 5534 1768 5596 evolveremus.
1806 5533 1873 5592 In
1909 5530 2027 5596 hoc
2064 5531 2279 5609 itaque
2335 5529 2778 5589 incumbentes
2839 5525 3186 5585 incidimus
3247 5541 3389 5603 pag.

157 5639 247 5709 ‘28,
279 5647 426 5700 tom.
460 5637 508 5710 1,
546 5650 724 5696 num.
762 5635 898 5704 197,
932 5635 997 5694 in
1048 5636 1416 5716 hujusmodi
1456 5634 1746 5696 titulum:
1793 5633 2177 5711 Martyrium
2209 5631 2315 5691 XV
2356 5634 2705 5704 martyrum
2741 5623 2852 5685 sub
2883 5623 3140 5683 Juliano
3195 5625 3395 5704 impe-

160 5753 379 5817 ratore,
412 5749 665 5803 auctore
703 5738 1184 5817 Theophylacto.
1223 5743 1352 5802 Hac
1388 5741 1466 5804 de
1502 5758 1566 5802 re
1599 5739 1828 5801 certior
1862 5738 2063 5800 factus
2102 5736 2294 5811 hujus
2341 5728 2648 5792 editionis
2693 5727 3239 5789 fautor‘summus
3293 5717 3395 5807 (de.

163 5866 279 5927 quo
311 5846 618 5911 nonnulla
677 5844 875 5905 habes
917 5843 982 5902 in
1030 5845 1268 5904 Praevia
1310 5847 1666 5917 Dissertat.,
1721 5862 1896 5904 num.
1945 5844 2077 5909 10th
2134 5854 2243 5915 pro
2304 5835 2545 5896 eximio
2584 5848 2701 5893 suo
2763 5831 2824 5889 in
2885 5845 3091 5888 sacras
3156 5830 3393 5893 litteras

474 5952 741 6012 ΙἈτιωι..
789 5946 909 6006 (in.
953 5945 1188 6006 CXXV.

2968 5931 3035 5989 14
