4056 6340
579 334 683 393 m
790 396 795 403 ,
1310 406 1311 409 γ
1642 312 2031 390 common
2074 322 2383 387 emam
2423 322 2823 409 PBEFATIO
3123 295 3127 298 ’
3750 329 3857 393 423

583 443 826 519 studio,
862 444 1023 507 nihil
1058 443 1489 509 cunctandum
1522 452 1617 508 est
1648 452 1846 517 ratus,
1884 442 2046 522 quin
2080 458 2191 521 per
2223 443 2545 504 Venetum
2575 444 2941 522 ablegatum
2982 442 3060 505 ad
3116 438 3333 524 regem
3383 446 3637 525 Anglire
3690 446 3852 513 illud

581 544 1091 613 exscribendum
1114 556 1389 610 curaret.
1425 545 1904 614 Transmissum
1945 543 2202 605 Oxonio
2241 540 2680 623 apograph'um
2720 543 2882 605 mihi
2934 544 3239 609 traditum
3296 552 3392 608 est
3437 547 3662 611 Latine
3718 566 3859 612 ver-

581 626 1087 726 tendum;quod
1122 648 1384 730 quidem
1442 646 1737 728 pluribus
1768 647 1847 708 de
1902 643 2135 707 causis.
2182 648 2439 722 gratum
2504 641 2663 706 fuit:
2695 644 2850 724 quia
2906 644 3157 709 scilicet
3211 654 3275 709 et
3327 650 3859 727 praestantissimo

576 752 858 816 senatori
888 759 1288 833 remgratam
1323 768 1424 813 me
1451 767 1596 813 esse
1632 749 1952 811 iacturum
1990 744 2551 825 intelligerem;et
2574 744 3015 835 ebenemeri‘tis
3039 745 3379 811 editionis
3428 748 3623 831 hujus
3674 768 3860 825 cura-

578 834 833 918 toribus
860 852 1142 917 ofﬁcium
1166 852 1287 915 hoc
1309 851 1719 925 exhiberem;
1748 865 1818 911 ac
1848 845 2714 928 denique'qualemcumque
2749 834 3031 910 laborem
3053 844 3444 930 operamque
3478 866 3683 913 meam
3716 858 3854 914 stu-

579 955 781 1018 diosis
810 938 1129 1017 sacrarum
1162 953 1519 1016 litterarum
1547 948 2221 1035 accommodarem.‘Ut
2243 963 2397 1011 vero
2429 948 2716 1028 primum
2747 947 2972 1011 oculos
2994 949 3063 1011 in
3098 945 3537 1031 apographum
3570 954 3854 1034 conjeci,

572 1060 697 1121 fuit
728 1058 1034 1139 equidem
1068 1058 1242 1139 quod
1282 1056 1508 1136 majori
1546 1072 1648 1118 me
1688 1052 1965 1117 afﬁceret
2005 1050 2356 1135 voluptate,
2406 1051 2715 1114 nimirum
2763 1051 2959 1132 hujus
3008 1053 3307 1131 opusculi
3372 1054 3620 1117 utilitas
3661 1062 3858 1136 atque

574 1167 969 1246 praastantia;
1004 1167 1115 1228 sed
1151 1165 1278 1229 fuit
1318 1164 1535 1247 etiam,
1568 1166 1743 1245 quod
1775 1162 1941 1226 mihi
1972 1161 2329 1242 plurimum
2364 1154 2761 1244 diSpliceret,
2801 1182 3035 1246 nempe
3080 1183 3331 1229 summa
3378 1162 3729 1247 apographi
3789 1172 3860 1225 ac

573 1283 737 1345 pene
766 1267 1166 1330 incredibilis
1194 1266 1530 1330 vitiositas.
1567 1266 1689 1329 Sed
1723 1266 1801 1329 de
1849 1266 1962 1329 hac
1995 1260 2352 1345 posteriore
2392 1265 2589 1340 alias;
2624 1283 2797 1330 nunc
2831 1269 2932 1345 [de
2981 1268 3216 1346 priore.
3267 1269 3596 1332 Orationis
3659 1263 3859 1349 hujus

571 1373 1000 1453 praestantiam
1036 1370 1508 1451 utilitatemque
1543 1387 1757 1446 nemo,
1797 1378 1867 1434 ut
1910 1370 2210 1447 arbitror,
2249 1370 2668 1446 inficiabitur,
2722 1372 2833 1452 qui
2873 1378 3282 1453 perspectum
3316 1373 3859 1455 exploratumque

572 1464 799 1540 habeat
828 1473 1009 1537 illius
1046 1482 1501 1554 argumentum
1534 1486 1596 1536 et
1632 1489 1762 1535 rem
1802 1472 1871 1534 in
1903 1462 2047 1550 ipso
2084 1478 2473 1537 contentam.
2507 1474 2750 1552 Nempe
2783 1472 3072 1535 continet
3097 1474 3433 1537 historiam
3466 1472 3622 1537 satis
3667 1470 3859 1550 igno-

573 1590 697 1644 tam
731 1580 1019 1660 martyrii
1049 1580 1425 1661 quindecim
1461 1585 1838 1658 martyrum,
1870 1578 1982 1656 qui
2023 1577 2143 1638 sub
2180 1576 2442 1641 Juliano
2480 1576 2875 1661 imperatore
2911 1585 3196 1658 apostata
3228 1571 3648 1658 'Tiberiopoli
3700 1595 3857 1642 sano

573 1682 836 1761 guinem
866 1681 1174 1744 fuderunt
1214 1696 1328 1760 pro
1360 1680 1645 1760 Christo:
1682 1685 1818 1739 tum
1850 1676 2113 1741 illorum
2154 1674 2510 1758 corporum
2540 1679 3027 1759 translationem
3050 1681 3243 1761 jussu
3275 1682 3636 1756 Michaelis,
3664 1679 3861 1761 primi

571 1781 994 1862 Bulgarorum
1030 1780 1202 1861 regis
1235 1777 1612 1853 Christiani,
1649 1786 2006 1860 peractam;
2032 1778 2272 1842 deinde
2310 1780 2485 1843 varia
2517 1798 2590 1843 ac
2625 1799 2887 1861 prorsus
2939 1782 3219 1865 insignia
3273 1802 3419 1857 cum
3473 1796 3645 1861 ante,
3720 1771 3861 1849 tum

571 1895 713 1964 post
746 1883 1230 1974 translationem
1260 1882 1439 1947 illam
1469 1899 1501 1945 a
1534 1885 1671 1946 Deo
1704 1890 1942 1961 patrata
1972 1885 2353 1948 eorumdem
2384 1893 2740 1965 martyrum
2770 1888 3273 1965 intercessione,
3315 1892 3650 1956 miracula.
3676 1890 3862 1955 Huic

569 1988 725 2055 vero
753 1990 1107 2054 narrationi
1139 1989 1623 2070 praemittuntur
1651 1989 1870 2069 aliqua
1902 1989 1984 2051 de
2019 1989 2401 2053 Christianae
2430 1989 2580 2052 ﬁdei
2624 1990 2954 2070 triumpho
3002 1993 3127 2069 sub
3163 1995 3605 2071 Censtantino.
3640 1996 3731 2070 Μ.
3798 2003 3862 2057 et

570 2094 719 2159 filiis
756 2094 937 2155 illius
970 2093 1211 2155 tribus:
1247 2093 1361 2154 sed
1388 2090 1593 2152 multo
1617 2091 1803 2170 plura
1838 2100 2176 2155 narrantur
2212 2092 2291 2155 de
2327 2091 2410 2154 iis
2461 2110 2606 2173 quae
2637 2092 2899 2156 Juliano
2942 2095 3247 2173 Apostata
3294 2097 3651 2175 imperante
3715 2116 3865 2178 per-

568 2195 745 2275 pessi
774 2204 925 2260 sunt
957 2195 1194 2269 Christi
1223 2180 1469 2259 ﬁdeles.
1508 2194 1667 2269 Qum
1697 2193 1964 2275 quidem
1996 2194 2214 2258 omnia
2271 2212 2351 2258 ex
2401 2194 2689 2259 historica
2742 2197 3196 2262 ecclesiastica;
3254 2216 3425 2279 penu
3476 2201 3861 2281 deprompta

554 2300 739 2377 haud
768 2303 1177 2377 inconcinne,
1213 2303 1547 2384 cujusdam
1584 2303 1876 2383 prommii
1917 2301 2081 2377 loco,
2122 2300 2228 2365 hic
2257 2302 2674 2385 exhibentur,
2710 2310 2772 2366 et
2803 2294 3346 2383 quemadmOdum
3387 2292 3530 2384 ipse
3564 2304 3863 2387 loquitur

568 2398 1115 2482 TheOphylacttis,
1150 2409 1221 2471 ut
1258 2402 1392 2466 hth
1423 2399 1879 2485 Oratio‘cap‘ut
1910 2397 2189 2475 haberet,
2230 2408 2289 2462 et
2317 2410 2479 2463 esset
2505 2400 2795 2472 membris
2843 2398 3128 2483 omnibus
3181 2406 3488 2485 perfecta.
3532 2408 3863 2481 Praeterea

572 2498 813 2566 texitur
845 2505 1031 2585 longa
1066 2504 1339 2567 narratio
1368 2504 1447 2565 de
1476 2490 1853 2567 Cinamonis
1884 2501 2241 2583 cujusdam
2286 2501 2844 2593 Adrianopolitani
2876 2519 2918 2564 .a
2951 2503 3245 2582 Bulgaris
3295 2505 3365 2566 in
3416 2507 3863 2584 captivitatem

567 2605 829 2668 abducti
858 2606 1096 2668 invicta
1126 2606 1196 2667 in
1232 2604 1353 2666 (ide
1385 2602 1784 2675 constantia;
1816 2602 2029 2687 deque
2070 2602 2415 2678 Enrabota,
2450 2601 2793 2680 Bulgarici.
2827 2602 3000 2681 regis
3054 2600 3274 2679 fratre,
3322 2622 3516 2683 opera
3554 2606 3866 2687 ejusdem

569 2708 938 2773 Ciuamonis
969 2706 1046 2771 ad
1082 2707 1278 2785 ﬁdem
1315 2720 1654 2787 converso,
1688 2704 1999 2795 obitoque
2031 2720 2153 2793 pro
2183 2705 2408 2771 eadem
2443 2704 2567 2767 fide
2618 2704 2955 2785 martyrio.
3009 2708 3079 2768 In
3116 2706 3251 2774 hac
3304 2709 3506 2789 igitur
3560 2702 3866 2775 oratione

564 2816 981 2881 continentur
1015 2828 1214 2892 pauca
1246 2809 1536 2892 quidem,
1579 2808 1693 2873 sed
1739 2808 2006 2888 plurimi
2062 2808 2367 2873 facienda.
2409 2797 2859 2875 ecclesiasticae
2912 2796 3214 2875 historia)
3266 2819 3715 2893 monumenta,
3781 2817 3875 2901 ad

566 2935 757 2999 quam
794 2916 1061 2979 maxime
1098 2916 1395 2994 pertinet,
1428 2924 1562 2979 acta
1586 2919 1691 2981 SS.
1728 2912 2102 2999 martyrum,
2136 2914 2392 2997 aliaque
2426 2935 2571 2980 cum
2607 2914 2692 2977 iis
2724 2934 3041 2995 connexa,
3076 2922 3485 2996 posterorum
3520 2922 3869 2985 memoriae

563 3021 1038 3084 commendare.
1083 3020 1256 3094 Quid
1293 3037 1468 3094 vero,
1506 3022 1559 3082 si
1602 3023 1897 3101 profante
1946 3022 2143 3085 etiam
2196 3022 2491 3085 historim
2542 3024 2878 3104 quidpiam
2920 3024 3048 3086 illa
3105 3022 3326 3086 afferat
3381 3009 3868 3088 emolumenti?

566 3127 758 3207 Atqui
794 3124 1108 3188 nonnulla
1149 3124 1438 3203 reperies
1470 3123 1538 3185 in
1571 3139 1643 3200 ea
1674 3123 1752 3185 de
1783 3123 2101 3204 Bulga‘rim
2131 3122 2423 3204 regibus,
2458 3141 2604 3203 quae
2627 3125 2791 3187 alibi
2822 3125 3060 3188 frustra
3090 3126 3636 3206 perquiras..Alia
3672 3145 3866 3195 vero.

562 3231 750 3311 queis
783 3227 1141 3292 confirmari
1173 3226 1586 3290 emendarive
1622 3232 1895 3306 possunt
1929 3226 2022 3308 (ut
2054 3242 2133 3289 ex
2177 3224 2489 3305 subjectis
2522 3210 2721 3287 notis.
2749 3218 3092 3307 constabit)
3147 3242 3298 3307 quaa
3350 3227 3435 3289 ab
3477 3229 3631 3290 aliis
3684 3229 3865 3293 dicta

562 3339 778 3399 fuere:
816 3335 1252 3415 proindejure
1279 3351 1351 3409 ac
1384 3332 1614 3396 merito
1646 3332 1889 3395 dictum
1922 3349 1957 3394 a
1995 3330 2317 3413 principio
2348 3331 2455 3405 sit,
2492 3329 2869 3411 hujusmodi
2909 3315 3301 3411 opusculum
3348 3332 3506 3395 satis
3564 3333 3728 3401 utile
3776 3340 3869 3396 ‘ac

564 3443 1067 3513 prmstans'esse,
1100 3435 1507 3517 dignumque
1544 3442 1612 3497 ut
1646 3434 1903 3498 tandem
1948 3432 2303 3513 aliquando
2334 3432 2669 3515 emittatur
2708 3431 2779 3495 in
2813 3433 3049 3495 lucem.
3212 3418 3215 3421 λ

602 3540 605 3545 ’
642 3543 815 3603 XVI.
850 3540 1431 3604 Verumenimvero
1478 3539 1647 3602 haud
1700 3538 2118 3604 mediocriter
2160 3536 2343 3600 illius
2405 3536 2816 3600 decresCeret
2846 3534 3162 3623 pretium,
3196 3538 3252 3597 si
3285 3535 3383 3599 vel
3418 3536 3499 3599 de
3552 3541 3867 3617 genuino

545 3641 854 3723 ejusdem
884 3644 1171 3716 auctore,
1203 3642 1301 3703 vel
1335 3642 1414 3702 de
1462 3641 1750 3705 historiae
1780 3658 1974 3721 quam
2006 3642 2296 3706 continet
2350 3642 2616 3705 veritate
2639 3642 2788 3721 jure
2814 3640 3049 3728 ambigi
3086 3648 3326 3720 posset;
3363 3643 3442 3703 At
3509 3654 3865 3721 neutrum,

567 3749 633 3804 ut
674 3741 827 3803 mihi
860 3741 1122 3822 quidem
1184 3740 1466 3816 videtur,
1531 3741 1598 3802 in
1647 3739 1922 3802 dubium
1979 3741 2129 3819 quis
2162 3740 2584 3803 revocaverit.
2616 3742 2762 3801 Non
2796 3741 3136 3831 primum;
3174 3740 3328 3819 quia
3364 3741 3593 3813 codex,
3654 3763 3869 3824 quem

561 3862 752 3924 supra
781 3837 1209 3915 laudavimus,
1234 3840 1738 3923 'l‘heophy'lacto,
1774 3843 2090 3924 Bulgarim
2120 3841 2635 3937 archiepiscOpo,
2662 3843 2906 3904 diserte
2929 3840 3089 3904 illud
3114 3842 3387 3903 ascribit
3420 3863 3435 3903 :
3472 3860 3690 3922 neque
3724 3847 3871 3910 haec

559 3950 915 4039 cpigraphe
948 3950 1095 4013 aliis
1129 3948 1466 4013 codicibus
1512 3948 1965 4027 redarguitur;
2026 3950 2157 4013 imo
2190 3948 2413 4013 nullus
2466 3949 2741 4013 omnino
2775 3956 2871 4012 est
2900 3947 3098 4030 (quod
3138 3948 3337 4043 nobis
3371 3947 3699 4030 innotuit)
3738 3954 3867 4033 qui

561 4053 852 4122 eamdem
903 4036 1260 4120 orationem
1325 4052 1650 4117 exhibeat.
1704 4056 1931 4137 Neque
1964 4069 2117 4117 vero
2168 4052 2343 4134 quod
2377 4052 2443 4115 in
2502 4053 2700 4133 unico
2731 4062 2981 4115 exstare
3013 4036 3231 4125 codice
3285 4055 3865 4134 deprehendatur,

568 4158 854 4235 prudens
899 4156 977 4216 de
1040 4154 1221 4214 illius
1252 4160 1515 4214 auctore
1550 4151 1825 4215 dubium
1879 4151 2180 4231 ingerere
2211 4151 2517 4230 cuiquam
2550 4151 2778 4227 debet;
2820 4169 2975 4214 cum
3012 4152 3198 4229 plane
3221 4204 3227 4210 .
3252 4162 3524 4229 constet,
3549 4155 3865 4233 plurium
3900 4204 3909 4221 .

560 4266 893 4335 auctorum
926 4271 1119 4331 Opera
1158 4270 1288 4315 uno
1316 4255 1537 4316 codice
1574 4251 1784 4317 fuisse
1816 4262 2101 4324 servata;
2128 4254 2290 4334 quin
2320 4262 2550 4315 tamen
2583 4255 2649 4314 in
2684 4252 2957 4335 dubium
2990 4260 3293 4321 revocent
3332 4255 3575 4316 eruditi
3607 4244 3691 4337 an
3730 4275 3873 4321 au--

560 4356 755 4420 ctoris
782 4354 959 4415 illius
985 4356 1069 4415 sit
1092 4342 1285 4430 quem
1310 4339 1511 4413 codex
1540 4357 1677 4428 ipse
1699 4371 1828 4433 pm)
1845 4369 1913 4415 se
1934 4352 2077 4417 fert.
2094 4357 2172 4416 Et
2194 4371 2276 4417 ne
2296 4355 2374 4416 ab
2391 4354 2596 4432 ipsius
2616 4352 3078 4433 The0phylacti
3108 4344 3863 4430 operibusrecedam'us.

562 4457 825 4521 unicum
887 4451 1061 4530 quod
1124 4450 1342 4520 sciam,
1412 4449 1474 4509 in
1515 4447 1905 4513 bibliotheca
1966 4451 2758 4529 Bavarico-Monachiensi
2810 4451 3384 4533 exstat’exemplar
3436 4456 3756 4523 .Encomii
3793 4466 3868 4527 in

555 4562 852 4625 Mean-um
905 4557 1281 4618 (jommnum
1338 4554 1791 4625 imperatorem
1828 4577 1843 4616 :
1890 4559 2293 4636 unicumque
2338 4556 2611 4622 fortasse
2642 4558 2705 4620 in
2740 4554 3864 4645 ῢίωἱοιὴθοεϐωεδτθο-Ἦιιᾱοὺο-

560 4664 747 4727 nensi
782 4663 951 4744 (nam
994 4659 1167 4738 quod
1217 4655 1393 4718 aliud
1426 4655 1490 4717 in
1525 4655 1915 4722 Scorialensi
1944 4658 2406 4737 Hispaniarum
2435 4660 2607 4740 regis
2632 4656 3021 4723 bibliotheca
3053 4668 3348 4726 Servatur
3377 4672 3751 4747 exemplar,
3794 4688 3864 4737 υι

559 4767 763 4847 aliqui
798 4769 1035 4837 ferunt,
1064 4759 1249 4822 nobis
1300 4755 1642 4838 incertum)
1680 4758 1972 4837 ejusdem
2010 4758 2074 4821 in
2122 4758 2447 4837 Epistolas
2484 4757 2845 4835 Catholica:
2884 4760 3372 4839 Commentarii.
3407 4768 3489 4825 Ex
3519 4768 3649 4828 alia
3691 4791 3865 4838 vero

561 4880 737 4950 parte
772 4872 931 4933 nihil
990 4876 1109 4934 hoc
1142 4869 1205 4931 in
1246 4883 1551 4929 sermone
1588 4865 1849 4943 legitur,
1905 4866 2078 4947 quod
2139 4870 2385 4928 auctori
2422 4852 2907 4944 'l‘heOphylacto
2943 4884 3071 4929 non
3124 4873 3455 4948 congruat.
3494 4873 3859 4958 Quidquid

559 4978 623 5040 in
650 4994 727 5038 eo
755 4984 1067 5048 narratur,
1104 4975 1427 5054 praecessit
1460 4990 1614 5035 sane
1655 4979 1902 5035 mtatem
1931 4971 2166 5050 ipsius.
2204 4970 2455 5048 Stylum
2490 4970 2725 5049 pariter
2763 4987 2795 5030 a
2823 4970 3284 5051 'l‘heOphylacti
3344 4978 3536 5053 genio
3576 4998 3858 5064 nequa-

562 5094 752 5158 quam
790 5074 1124 5145 abludcre,
1160 5089 1372 5145 nemo,
1410 5085 1478 5133 ut
1510 5072 1805 5141 arbitror,
1841 5069 2089 5132 inﬁcias
2119 5068 2333 5144 iverit,
2366 5067 2480 5146 qui
2538 5068 2603 5127 in
2640 5066 2932 5145 legendis
2972 5069 3251 5131 auctoris
3285 5069 3482 5153 hujus
3514 5085 3859 5158 operibus

561 5168 873 5262 tantisper
925 5184 1217 5261 versatus
1271 5178 1374 5241 sit.
1439 5176 1691 5255 Duplex
1742 5178 1917 5239 enim
1966 5174 2203 5256 (quoad
2265 5174 2661 5252 comperisse
2720 5172 2874 5233 mihi
2911 5173 3188 5258 pvideor)
3220 5176 3283 5239 in
3317 5163 3394 5242 eo
3433 5184 3581 5263 styli
3618 5207 3865 5268 genus

562 5283 910 5347 occurrit:
984 5270 1302 5353 alterum,
1386 5294 1516 5357 quo
1604 5290 1763 5339 usus
1838 5281 1944 5337 est'
2027 5276 2094 5335 in
2177 5274 2648 5351 Scripturarum
2727 5273 3219 5345 Commentariis
3296 5286 3858 5369 conscribendis;

566 5384 856 5463 alterum,
947 5401 1078 5466 quo
1167 5379 1516 5462 epistolas,
1608 5387 1670 5441 et
1752 5375 2103 5456 peculiaria
2176 5376 2465 5455 qumdam
2532 5378 2897 5454 upuscula,
2956 5376 3094 5463 sive
3160 5398 3493 5452 sermones
3584 5377 3887 5462 oratio?

565 5500 808 5563 tresque
895 5485 1187 5567 digessit.
1290 5485 1361 5546 ln
1447 5481 1527 5544 iis
1582 5482 1939 5560 prioribus
2032 5478 2447 5557 perﬁciendis
2528 5477 3441 5571 pell‘ucido-planissimoque
3502 5511 3672 5558 usus
3748 5474 3863 5563 est

563 5583 767 5666 style;
846 5602 962 5649 seu
1026 5587 1201 5667 quod
1282 5588 1349 5650 in
1423 5604 1501 5649 eo
1567 5583 1893 5647 scribendi
1970 5599 2203 5662 genere
2288 5580 2460 5644 hunc
2526 5583 2772 5669 cmteris
2834 5586 3326 5664 anteferendum
3390 5595 3854 5679 existimaret;

564 5701 678 5749 seu
736 5686 907 5766 quod
983 5689 1285 5766 aliorum,
1332 5686 2180 5770 quorum,Commentarios
2254 5684 2318 5747 in
2370 5686 2827 5765 compendium
2886 5690 3249 5770 redigeret,
3342 5706 3413 5773 ac
3456 5703 3855 5775 praesertim

560 5788 1055 5871 Chrysostomi,
1134 5792 1514 5881 plerumque
1624 5792 1816 5855 verba
1913 5789 2257 5867 usurparit.
2312 5790 2653 5863 Quocirca
2728 5780 2833 5855 ex
2889 5792 3255 5859 istiusmodi
3330 5799 3850 5872 Commentariis
