4056 6340
153 388 262 450 429
1046 388 1122 448 IN
1153 372 1582 464 SEQUENTIA
1619 386 2193 449 mammam“
2239 391 2576 452 solum.
3009 448 3013 451 .
3296 391 3400 451 430

156 500 492 578 prOprium
553 501 1011 581 Tthphylacti
1063 504 1299 582 stylum
1357 503 1750 582 deprehendi
1805 521 1928 567 non
1984 523 2198 584 posse,
2250 523 2414 567 reor.
2476 509 2551 566 At
2588 506 2671 599 [in
2726 509 2870 569 aliis
2931 510 3253 595 operibus,
3289 513 3394 574 ubi

159 615 236 658 ex
261 615 389 661 suo
423 601 619 662 veluti
654 617 825 678 penu
855 609 919 662 et
947 618 1137 662 sensa
1175 609 1235 663 et
1263 601 1452 663 verba
1472 603 1811 680 depromit,
1844 603 2052 666 altiori
2101 603 2582 683 diﬂiciliorique
2615 614 2674 667 et
2709 607 2921 669 minus
2945 612 3167 687 pervio
3198 616 3398 674 utitur
3493 625 3496 628 ’

154 698 377 777 stylo;
413 701 528 780 qui
587 700 794 780 stylus
843 716 1149 778 perquam
1181 697 1557 761 simillimus
1595 699 1689 760 i-lli
1724 707 1820 762 est
1863 717 1992 780 quo
2048 701 2341 782 plerique
2373 706 2718 784 scriptores
2774 708 2974 769 Graeci
3006 709 3178 771 illius
3221 713 3336 773 aevi
3365 731 3398 775 a

154 785 910 884 majorum'simplicitate
944 812 1005 864 et
1046 804 1323 881 puritate
1364 803 1621 866 dicendi
1662 803 2059 880 recedentes,
2094 809 2188 868 uti
2236 808 2551 871 solebant.
2581 813 2648 872 In
2687 810 3026 892 hisilaque
3061 814 3400 893 TheOphy-

155 905 365 968 lactus
389 923 557 984 saepe
578 907 823 985 saepius
850 905 1262 984 metaphoris,
1298 906 1628 984 allegoriis
1684 905 1962 983 aliisque
1990 907 2413 991 vividioribus
2443 911 2643 986 trOpis
2674 913 2811 972 sive
2842 913 3168 992 ﬁguris,et
3200 914 3398 992 proli-

92 1051 96 1053 ,
153 1010 339 1070 xiore
368 1009 655 1086 periodo,
686 1023 758 1068 ac
787 1007 1043 1069 demum
1077 1005 1415 1082 solutiore,
1448 1024 1561 1068 seu
1597 1007 1800 1087 magis
1834 1007 2151 1086 implicata
2188 1010 2387 1072 utitur
2422 1011 2658 1090 phrasi.
2695 1014 2937 1074 Passim
2970 1015 3157 1075 etiam
3190 1015 3398 1077 inter-

150 1113 315 1176 serit
373 1114 715 1191 Scripturaa
765 1111 952 1173 verba
1011 1125 1136 1172 non
1170 1127 1241 1173 ea
1274 1118 1523 1173 tantum
1551 1111 1628 1183 de
1676 1128 1887 1184 causa,
1923 1120 1991 1173 ut
2019 1099 2200 1173 illius
2231 1115 2604 1176 auctoritate
2639 1131 2755 1176 sua
2791 1132 2975 1177 sensa
3027 1116 3395 1191 conﬁrmet;
3432 1144 3436 1148 -

152 1217 261 1276 sed
295 1214 489 1276 etiam
531 1222 598 1276 ut
621 1229 693 1274 ea
719 1213 930 1274 verbis
963 1213 1272 1291 exprimat
1299 1213 1788 1292 Scripturarum.
1823 1215 1956 1275 Hoc
1990 1215 2244 1276 dicendi
2281 1233 2515 1294 genere
2545 1222 2787 1303 constat
2836 1234 3109 1294 prmsens
3144 1219 3393 1282 oratio:
3468 1283 3473 1288 ,

153 1317 264 1379 sed
304 1315 460 1395 quia
496 1317 878 1394 plerumque.
918 1323 1203 1377 versatur
1228 1315 1304 1376 in-
1334 1316 1526 1377 rebus
1559 1315 1906 1387 historicis,
1938 1315 2088 1377 ideo
2123 1315 2310 1392 paulo
2336 1315 2524 1378 etiam
2556 1317 2786 1378 clarior
2815 1319 3191 1398 planiorque
3223 1321 3393 1382 vide-

153 1429 253 1481 tur
291 1439 438 1481 esse
472 1420 574 1484 hic
598 1437 789 1499 quam
823 1418 1001 1482 alibi.
1039 1421 1349 1482 Caeterum
1405 1418 1737 1482 nonnulla)
1773 1420 2028 1481 dicendi
2067 1421 2326 1496 phrases
2359 1419 2836 1498 Theophylacto
2879 1423 2973 1500 (ut
3003 1422 3396 1485 alias'obser-

155 1522 479 1601 vavimus)
509 1521 852 1597 familiares
874 1521 1226 1582 identidem
1261 1522 1361 1583 hic
1396 1539 1654 1602 quoque
1687 1531 2048 1584 recurrunt.
2071 1524 2302 1585 Prteter
2324 1522 2474 1600 styli
2506 1524 2815 1585 rationem
2852 1526 3180 1589 nonnullae
3205 1530 3393 1591 etiam

151 1625 633 1704 TheOphylacto
665 1624 880 1687 favent
913 1626 1270 1698 sententim,
1335 1643 1451 1688 seu
1483 1627 1671 1700 dicta,
1697 1644 1841 1705 quae
1869 1637 2195 1688 auctorem
2250 1628 2313 1688 in
2347 1614 2637 1705 Bulgaria
2669 1627 3050 1691 scribentem
3104 1632 3394 1705 praescie-

150 1736 298 1788 runt
365 1745 383 1783 :
444 1735 511 1786 ut
566 1743 724 1789 cum,
764 1726 1132 1806 quindecim
1203 1734 1516 1804 martyres
1576 1727 1888 1805 Bulgarite
1967 1727 2452 1805 thaumaturgos
2513 1727 2790 1806 appellat
2847 1731 3036 1799 ἁγίους
3087 1735 3211 1796 τοὺς
3274 1732 3394 1788 καθ’

151 1835 322 1904 ἡμᾶς,
356 1838 606 1891 sanctos
632 1839 906 1903 nostros,
936 1832 1032 1891 vel
1067 1831 1176 1908 qui
1204 1828 1374 1909 apud
1401 1845 1515 1890 nos
1537 1838 1708 1891 sunt.
1749 1829 2094 1911 Bulgarum
2144 1845 2428 1908 quoque,
2463 1846 2577 1890 seu
2611 1830 2922 1908 Bulgariae
2983 1832 3279 1905 incolam,
3328 1835 3391 1893 ni

150 1927 364 2006 fallor,
400 1948 470 1993 se
501 1947 644 1992 esse
675 1931 1061 2006 subindicat,
1095 1932 1247 1993 dum
1295 1930 1603 2010 singulari
1643 1931 1929 2014 quadam.
1959 1928 2459 2005 incredibilique
2495 1927 2709 2005 laetitia
2744 1930 2825 1990 ob
2861 1929 3282 2008 Bulgarorum
3315 1936 3393 1995 ad

148 2030 337 2092 fidem
385 2030 769 2094 catholicam
810 2033 1303 2096 conversionem
1374 2031 1674 2104 exsultat,
1732 2036 2125 2109 eosdemque
2182 2031 2311 2111 jam
2369 2029 2666 2092 ﬁdelibus
2701 2037 3088 2111 'aggregatos
3121 2039 3392 2096 summis

149 2135 455 2199 laudibus
510 2135 691 2199 eﬂ'ert
723 2158 740 2212 ;
774 2144 964 2217 atque
994 2138 1182 2200 etiam
1238 2138 1390 2198 dum
1425 2137 1784 2214 peculiares
1827 2135 2244 2214 Bulgarorum
2305 2136 2816 2207 consuetudines
2862 2135 2986 2197 sibi
3035 2126 3389 2215 perspectas
3453 2163 3460 2170 ·

147 2253 289 2298 esse
327 2240 623 2315 patefacit
656 2262 674 2311 ;
732 2248 800 2304 ut
832 2226 976 2302 cum
1011 2258 1113 2302 ex.
1145 2258 1201 2319 g.
1241 2238 1453 2313 refert,
1486 2240 1794 2318 Bulgaros
1828 2238 2037 2320 facere
2069 2255 2419 2300 consuesse
2443 2244 2624 2299 tanta;
2664 2240 3127 2317 magnitudinis
3165 2256 3386 2319 panes,

147 2345 216 2398 ut
249 2355 482 2400 eorum
514 2326 789 2419 quilibet
821 2341 1038 2403 decem
1074 2341 1441 2403 saturandis
1482 2339 1853 2402 hominibus
1886 2341 2037 2402 satis
2073 2348 2261 2403 esset.
2292 2340 2672 2420 Quanquam
2720 2342 2891 2403 enim
2940 2341 3070 2403 haec
3111 2340 3217 2402 alii
3253 2344 3390 2404 cui-

149 2455 274 2516 que
299 2440 368 2501 in
403 2441 697 2520 Bulgaria
732 2442 1038 2508 scribenti
1075 2461 1201 2507 non
1235 2445 1581 2508 convenire
1606 2461 1731 2507 non
1785 2445 2031 2522 possint
2061 2466 2077 2517 ;
2107 2446 2254 2524 quia
2286 2453 2494 2508 tamen
2530 2463 2716 2507 nemo
2748 2446 2911 2507 alius
2949 2446 3136 2507 istius
3166 2455 3389 2509 auctor

149 2545 456 2634 Opusculi
481 2546 764 2622 effertur,
802 2549 952 2613 ideo
977 2549 1520 2628 Theophylactum
1553 2549 1731 2612 illius
1764 2568 1905 2612 esse
1938 2559 2287 2630 parentem,
2333 2551 2500 2612 haud
2540 2552 2785 2624 leviter,
2823 2567 2966 2614 meo
3001 2552 3387 2634 quidemju,

152 2632 347 2721 dic-io,
381 2647 778 2713 conﬁrmant.
2025 2637 2029 2642 ’

189 2733 435 2811 ’Χνιι
474 2752 607 2812 Jam
650 2767 799 2813 vero
849 2752 902 2811 si
958 2750 1479 2830 TheOphylactus
1503 2751 1695 2830 hujus
1741 2754 2058 2812 sermonis
2118 2761 2338 2814 auctor
2370 2755 2702 2826 habeatur,
2742 2763 2808 2814 ut
2849 2753 3210 2816 habendum
3245 2772 3386 2817 esse

149 2867 423 2926 censeo,
477 2854 757 2930 prudens
804 2871 957 2916 sane
989 2853 1259 2916 dubium
1295 2853 1532 2930 nemini
1582 2855 1848 2916 subesse
1900 2857 2150 2932 poterit,
2187 2855 2343 2935 quin
2392 2855 2694 2918 historica
2726 2856 2900 2918 illius
2932 2860 3207 2922 narratio
3239 2875 3385 2920 cum

153 2949 417 3028 veritate
441 2949 629 3028 plane
671 2952 1030 3013 consentiat
1066 2969 1079 3009 :
1135 2968 1350 3031 neque
1396 2951 1567 3014 enim
1589 2952 1805 3015 simile
1839 2970 1988 3015 vcro
2024 2960 2143 3029 est,
2178 2971 2433 3033 gravem
2471 2939 2655 3018 illum
2684 2940 3137 3037 eruditumque
3180 2958 3385 3018 virum

155 3050 441 3128 putidam
500 3044 834 3130 adeptasSe
893 3051 1211 3127 fabellam,
1257 3067 1527 3132 eamque
1585 3053 1907 3115 venditare
1965 3054 2110 3115 aliis
2143 3054 2454 3117 voluisse.
2494 3057 2616 3118 Sed
2664 3057 2995 3136 quidquid
3025 3057 3239 3120 inhac
3269 3076 3386 3121 sua
3487 3075 3492 3077 ‘

154 3152 446 3214 oratione
480 3162 712 3226 narrat,
746 3153 911 3217 illud
944 3153 1131 3217 facile
1171 3163 1416 3236 poterat
1449 3155 1546 3216 vel
1575 3174 1658 3217 ex
1685 3155 1904 3236 aliquo
1947 3166 2365 3219 monumento
2401 3157 2468 3219 in
2503 3156 2814 3238 Bulgaria:
2843 3158 3177 3222 tabulariis
3217 3160 3386 3221 exsi-
3454 3241 3459 3246 _

151 3259 382 3327 stente,
419 3256 517 3317 vel
557 3272 634 3318 ex
692 3264 861 3320 certa
891 3261 1295 3340 perennique
1328 3262 1680 3323 incolarum
1717 3261 2056 3324 traditione
2100 3269 2497 3340 perspectum
2532 3263 2784 3324 habere.
2823 3265 2897 3323 Et
2927 3279 3107 3333 sane,
3135 3262 3384 3323 tametsi

153 3353 379 3417 horum
466 3367 812 3439 martyrum
900 3363 1113 3440 passio
1170 3363 1370 3424 multo
1426 3371 1570 3423 ante
1622 3364 1998 3442 contigerit,
2050 3364 2167 3425 hoc
2223 3371 2316 3425 est
2372 3372 2598 3442 quarto
2658 3361 3031 3424 'declinante
3083 3359 3386 3423 Ecclesim

151 3457 410 3532 saeculo,
443 3460 701 3522 Juliano
739 3462 1040 3538 Apostata
1066 3464 1446 3542 imperante,
1484 3463 1812 3526 tranSlatio
1873 3475 2079 3527 tamen
2112 3465 2370 3527 illorum
2404 3482 2742 3544 corporum
2789 3481 2913 3526 non
2947 3465 3104 3525 adeo
3139 3475 3380 3526 remota

149 3557 359 3620 fuerat
389 3575 424 3619 a
455 3558 911 3638 TheOphylacti
939 3569 1140 3637 aetate,
1168 3571 1235 3624 ut
1270 3571 1438 3624 certa
1467 3563 1523 3624 ei
1558 3571 1894 3640 suppetere
1929 3571 2341 3629 monumenta
2368 3580 2492 3625 non
2529 3574 2789 3641 possent
2825 3580 2840 3623 :
2871 3561 3080 3623 solum
3133 3563 3378 3642 quippe

153 3658 477 3736 precessit
521 3660 772 3722 duobus
799 3661 1052 3725 circiter
1082 3664 1334 3726 saeculis
1367 3667 1460 3744 (ut
1486 3681 1562 3724 ex
1601 3663 1894 3726 dicendis
1923 3662 2086 3726 infra
2117 3663 2451 3740 constabit)
2484 3662 2665 3724 illius
2699 3663 2760 3724 in
2796 3661 3090 3741 Bulgaria
3130 3667 3383 3743 episco-

154 3767 394 3838 patum.
447 3761 537 3821 Ex
594 3777 722 3840 quo
778 3780 966 3826 nemo
997 3781 1121 3826 non
1181 3763 1374 3839 videt,
1411 3782 1599 3845 quam
1651 3763 1838 3827 facile
1871 3765 1990 3827 hoc
2034 3766 2342 3843 temporis
2399 3763 2732 3825 intervallo
2766 3763 3006 3825 servari
3047 3769 3276 3844 possit,
3310 3785 3380 3831 ac

151 3863 351 3924 soleat
386 3863 476 3924 rei
503 3863 801 3944 alicujus,
843 3883 986 3947 quae
1018 3867 1224 3946 magni
1257 3867 1557 3929 momenti
1592 3867 1697 3938 sit,
1725 3867 2107 3936 recordatio,
2144 3866 2387 3926 tametsi
2427 3864 2674 3951 nullum
2712 3864 2968 3927 visibile
2997 3883 3381 3930 monumen-

150 3969 278 4024 tum
313 3965 827 4040 supersit._Quod
848 3971 997 4028 vero
1037 3969 1108 4029 ad
1133 3967 1468 4044 praedictos
1493 3966 1718 4026 attinet
1749 3974 2079 4044 martyres,
2117 3965 2321 4026 adhuc
2352 3963 2812 4042 'l‘heophylacti
2863 3972 3144 4043 tempore
3179 3967 3379 4029 stabat

150 4063 238 4143 (ut
271 4083 352 4126 ex
377 4083 677 4128 sermone
707 4067 845 4142 ipso
875 4066 1091 4144 colligi
1133 4083 1319 4140 posse
1353 4065 1628 4145 videtur)
1661 4063 1970 4142 templum
2009 4065 2071 4125 in
2116 4063 2488 4126 eorumdem
2523 4069 2870 4141 martyrum
2911 4062 3219 4126 honorem
3264 4085 3380 4126 ex-

150 4171 493 4241 structum;
523 4166 856 4228 exstabant
878 4175 939 4228 et
968 4184 1125 4230 arca:
1142 4166 1385 4248 quibus
1407 4166 1649 4228 occlusi
1682 4166 1927 4227 cineres
1960 4171 2250 4236 erant,ac
2280 4164 2539 4226 demum
2575 4179 2942 4226 marmoreas
2972 4163 3205 4227 tabulae
3236 4183 3379 4246 qum

148 4261 403 4328 illorum
439 4283 636 4343 urnas
696 4266 1015 4345 principio
1063 4273 1498 4330 contexerant.
1534 4268 1625 4329 Ex
1662 4264 1758 4326 his
1791 4282 1964 4340 vero,
2035 4274 2254 4345 utpote
2323 4266 2556 4346 quibus
2585 4267 2995 4346 singulorum
3027 4277 3377 4348 martyrum

150 4366 404 4428 nomina
434 4366 742 4444 inscripta
769 4375 974 4440 erant,
1002 4375 1061 4429 et
1096 4370 1238 4430 vitm
1265 4385 1492 4447 genus,
1527 4377 1588 4429 et
1620 4367 1917 4445 dignitas,
1945 4366 2323 4442 etollicium,
2367 4375 2434 4430 ut
2467 4367 2983 4447 Theophylactus
3019 4368 3161 4447 ipse
3188 4377 3380 4432 testa-

148 4473 268 4541 tur,
310 4468 570 4532 haurire
601 4469 784 4532 facile
818 4470 1054 4547 potuit,
1087 4487 1232 4549 quae
1260 4469 1462 4531 multo
1482 4475 1650 4539 ante,
1679 4468 1981 4528 nimirum
2020 4468 2141 4528 sub
2174 4469 2432 4529 Juliano
2456 4468 3095 4549 contigerant,eaque
3130 4487 3376 4533 memo-

147 4569 253 4631 ria
292 4571 634 4633 hominum
671 4573 1079 4649 sempiternaa
1115 4587 1411 4631 sermone
1448 4568 1566 4631 hoc
1597 4569 2066 4630 commendare.
2091 4568 2401 4641 Quocirca
2434 4584 2559 4634 non
2605 4567 2795 4628 video
2843 4557 2976 4629 cur"
2999 4570 3149 4632 huic
3181 4571 3376 4634 histo-

148 4670 254 4733 rias
275 4672 546 4752 (tametsi
578 4672 655 4733 ab
685 4671 808 4732 alio
839 4672 1143 4750 quopiam
1164 4671 1430 4731 minoris
1450 4669 1927 4748 TheOphylacto
1950 4668 2344 4728 auctoritatis
2374 4667 2732 4742 conscripta
2748 4666 2938 4744 esset)
2961 4668 3370 4747 ﬁdesintegra

149 4776 429 4840 habenda
463 4791 593 4838 non
640 4775 756 4848 sit;
793 4761 918 4836 nisi
949 4771 1110 4835 forte
1164 4772 1449 4855 videatur
1474 4773 1704 4834 obesse
1747 4770 1945 4832 altum
1971 4770 2048 4830 de
2103 4787 2168 4830 re
2200 4770 2314 4829 hac
2345 4776 2712 4830 cancrorum
2753 4769 3130 4857 scriptorum
3162 4772 3366 4833 silen-

149 4880 339 4953 tium;
374 4894 446 4941 ac
478 4869 655 4958 quod
688 4892 900 4956 neque
930 4875 996 4937 in
1020 4877 1387 4938 Grmcorum
1419 4873 1707 4948 Menaeis,
1741 4891 1953 4952 neque
1986 4872 2048 4935 in
2098 4872 2539 4935 Ruthenorum
2572 4879 2679 4934 aut
2702 4872 3107 4934 Moschorum
3149 4876 3370 4937 Meno-
3464 4912 3465 4915 η

145 4978 330 5056 logiis
350 4979 630 5058 praedicti
656 4987 965 5056 martyres
997 4979 1849 5057 commemorentur.Vcruni
1889 4977 2094 5054 quoad
2135 4973 2434 5051 primum,
2455 4973 2600 5052 quis
2624 4981 2797 5034 certo
2828 4991 3116 5045 asserere
3150 4983 3366 5054 queat,

146 5082 333 5151 hunc,
368 5083 446 5144 de
476 5095 608 5158 quo
637 5080 913 5158 agimus,
981 5077 1287 5157 duntaxat
1322 5086 1657 5149 auctorem,
1706 5078 2117 5155 consignassc
2143 5074 2370 5134 litteris
2427 5073 2652 5134 horum
2687 5075 2802 5136 XV
2833 5081 3183 5154 martyrum
3223 5093 3368 5138 cum

149 5185 487 5262 passionis,
518 5190 651 5244 tum
687 5165 1378 5246 eorum’translationis
1413 5183 1765 5242 historiam.
1823 5187 1964 5239 eum
2028 5185 2248 5238 notum
2295 5175 2993 5261 \exploratumquesit,
3057 5174 3366 5253 permulta

149 5275 432 5350 Veterum
457 5283 841 5362 scriptorum
877 5300 1069 5362 Opera
1104 5282 1831 5362 penitusintercidisse?
1881 5266 2128 5342 Deinde
2162 5289 2315 5358 quot
2341 5279 2655 5341 habentur
2685 5285 2754 5338 ut
2791 5279 3123 5352 certatum
3155 5273 3219 5334 in
3263 5293 3366 5337 ec-

145 5384 516 5458 clesiastica,
564 5394 694 5446 tum
729 5383 921 5446 etiam
956 5385 1020 5445 in
1063 5382 1319 5462 profana
1384 5382 1697 5456 historia,
1729 5399 1873 5462 qum
1925 5381 2121 5457 unius
2180 5387 2422 5441 tantum
2471 5373 2803 5453 scriptoris
2864 5373 3235 5438 auctoritate
3295 5394 3368 5440 ac

145 5488 498 5548 testimmiio
549 5475 892 5548 nituntur?
940 5482 1292 5547 Praesertim
1332 5484 1477 5546 vitm
1516 5477 1789 5564 aegesta
1822 5493 2183 5545 sanctorum
2222 5477 2566 5558 aliquando
2592 5473 2784 5535 unius
2837 5473 3026 5536 etiam
3058 5491 3368 5558 anonymi

149 5589 497 5651 narratione
531 5588 966 5651 innotescunt.
1028 5591 1104 5650 At
1139 5585 1480 5665 peculiaris
1509 5590 1600 5647 ‘in
1636 5603 1786 5646 casu
1821 5595 2035 5646 nostro
2066 5582 2269 5662 potuit
2301 5580 2566 5642 subesse
2594 5577 2776 5650 ratio,
2809 5594 2922 5638 cur
2951 5593 3075 5639 non
3113 5579 3192 5641 ab
3214 5583 3366 5644 aliis

147 5686 805 5767 memorue’proditum
839 5689 924 5750 sit
957 5690 1331 5752 eorumdem
1373 5687 1773 5767 martyrium.
1811 5688 1871 5748 Si
1907 5687 2078 5748 enim
2119 5695 2177 5746 et
2212 5681 2358 5753 loci,
2383 5688 2445 5742 et
2483 5679 2817 5758 temporis,
2854 5697 2984 5759 quo
3015 5680 3078 5741 id
3111 5685 3362 5749 accidit.

148 5795 288 5856 ratio
343 5794 669 5862 habeatur,
707 5789 989 5870 quisque
1047 5795 1258 5857 statim
1297 5793 1665 5870 intelliget,
1702 5811 1831 5854 rem
1889 5793 2044 5854 hanc
2070 5787 2582 5854 facillime‘il‘lius
2617 5784 2734 5847 (θνὶ
2763 5786 3108 5864 scriptores
3138 5786 3358 5868 fugere
