4056 6340
644 351 756 418 εει
1700 333 2079 423 uolumen
2114 362 2419 427 amem
2450 364 2841 429 PREFATIO
3783 350 3866 441 ta

658 469 969 548 potuisse.
1009 469 1256 531 Etenim
1292 486 1368 532 eo
1403 473 1992 554 temporemarty-rii
2030 473 2298 552 palmam
2330 484 2478 539 sunt
2508 477 2747 557 adepti,
2779 477 3546 561 qquulianusApostata
3582 480 3861 552 labentem

657 575 1036 637 idololatriae
1062 577 1308 638 cultum
1332 578 1578 658 erigere
1604 588 1796 661 atque
1830 580 1895 642 in
1926 580 2275 661 pristinum
2306 580 2615 644 honorem
2648 583 3001 653 restituere
3020 584 3759 676 adnitebaturmdeoque
3784 609 3862 656 res

646 675 1167 739 Christianorum
1200 677 1616 758 iniquissimo
1651 681 1791 744 loco
1840 690 2019 743 erant
2053 700 2068 739 :
2104 689 2164 745 et
2194 681 2492 763 plerique
2532 683 2793 747 illorum
2828 675 3260 749 vel'miseram
3320 684 3391 749 in
3439 688 3677 751 exsilio
3706 691 3861 753 vitam

656 778 1013 858 degebant,
1071 778 1165 840 vel
1208 797 1322 857 per
1381 779 1771 844 solitudines
1813 789 2195 863 montesque
2242 792 2472 863 sponte
2502 801 2620 847 sua
2652 785 2971 849 errabant.
3015 788 3222 849 Locus
3257 804 3411 850 vero
3434 789 3545 851 ubi
3589 800 3861 870 martyres

645 879 1052 954 occubuere,
1088 880 1287 962 magis
1320 880 1673 957 impervius
1726 883 2111 963 abditusque
2148 900 2292 947 esse
2328 886 2432 948 vix
2488 892 2757 965 poterat,
2788 889 3099 952 nimirum
3142 890 3297 952 urbs
3342 892 3723 972 perexigua,
3750 895 3861 957 sive

655 979 1033 1058 Oppidulum
1071 980 1391 1059 quoddam
1415 979 1482 1043 in
1518 982 1833 1046 altissimo
1860 986 2094 1048 montis
2124 986 2322 1048 Haemi
2374 987 2708 1050 cacumine
2739 989 3025 1070 positum
3058 1010 3073 1050 :
3105 990 3248 1054 talis
3280 993 3452 1054 enim
3484 1010 3565 1057 eo
3605 1004 3860 1075 tempore

576 1083 589 1088 ’
656 1083 1085 1161 Tiberiopolis
1116 1090 1271 1159 erat,
1305 1092 1370 1146 ut
1396 1083 1557 1148 infra
1590 1087 2029 1152 ostendemus.
2054 1092 2219 1164 Quid
2271 1090 2490 1171 itaque
2529 1092 2789 1167 mirum,
2823 1092 3070 1155 si-intra
3116 1093 3300 1157 illius
3334 1095 3574 1159 limites
3615 1099 3725 1158 diu
3756 1117 3864 1176 per-

648 1185 812 1246 stitit
861 1186 1372 1265 prtestantissimi
1438 1191 1627 1268 hujus
1665 1191 1974 1271 triumphi
2035 1192 2297 1257 notitia?
2323 1196 2521 1275 Quod
2551 1196 2607 1258 si
2650 1214 2752 1259 res
2786 1197 2871 1260 ita
2902 1213 2971 1260 se
3021 1196 3269 1273 habuit,
3307 1216 3386 1260 ne
3434 1200 3595 1261 illud
3627 1202 3857 1280 quidem

560 1288 564 1293 ’
657 1290 885 1349 mirum
920 1289 1267 1363 videbitur,
1306 1293 1475 1379 quod
1514 1292 1581 1355 in
1608 1293 1974 1357 Graecorum
2038 1298 2300 1360 Menaeis
2340 1298 2715 1361 eorumdem
2770 1298 3012 1361 mentio
3044 1298 3475 1374 desideretur,
3507 1309 3698 1379 atque
3729 1304 3861 1363 adeo

652 1394 717 1453 in
755 1390 1139 1470 Menologiis
1193 1393 1641 1456 Ruthenorum
1670 1399 2308 1487 atqueMoschorum,
2358 1388 2581 1480 utpote
2603 1417 2750 1487 quae
2807 1418 2885 1463 ex
2922 1401 3159 1467 Graicis
3187 1401 3521 1480 desumpta
3558 1405 3862 1464 translata-

646 1516 777 1577 que
836 1508 1007 1562 sunt.
1033 1499 1219 1575 Quod
1263 1499 1315 1559 si
1372 1498 1436 1559 in
1497 1499 1595 1561 his
1636 1502 2108 1591 posterioribus
2149 1486 2574 1581 quorumdam
2625 1486 2729 1565 ﬁat
2775 1503 3303 1565 commemoratio
3364 1518 3750 1579 sanetorum,
3798 1510 3861 1567 de

648 1601 889 1682 quibus
920 1601 1095 1665 nulla
1126 1600 1293 1681 apud
1335 1600 1591 1663 Grmcos
1624 1611 1719 1664 est
1750 1605 2017 1677 mentio,
2047 1597 2237 1666 exiis
2285 1604 2379 1666 illi
2434 1612 2585 1667 sunt
2617 1621 2895 1685 quorum
2929 1604 3235 1668 memoria
3264 1606 3624 1672 celebratur
3656 1610 3717 1671 in
3744 1609 3862 1670 uni-

648 1723 830 1768 versa
878 1707 1323 1769 Ituthenorum
1385 1707 1697 1781 Ecclesia,
1734 1722 1861 1768 non
1923 1722 2000 1767 ex
2033 1722 2255 1768 eorum
2294 1724 2611 1785 numero,
2660 1724 2937 1790 quorum
2963 1704 3278 1771 festivitas
3311 1708 3590 1789 alicujus
3635 1710 3859 1775 locivel

647 1810 931 1891 regionis
962 1811 1042 1872 sit
1077 1812 1326 1889 protiria
1356 1833 1371 1884 ;
1408 1808 1774 1889 cujusmodi
1807 1807 2064 1869 videtur
2095 1823 2238 1870 esse
2273 1807 2504 1871 horum
2532 1810 2648 1872 XV
2670 1809 3145 1889 martyrum,de
3180 1811 3418 1890 quibus
3455 1813 3526 1875 in
3552 1814 3861 1891 praesentia

648 1922 743 1975 est
777 1928 1012 1975 sermo.
1048 1912 1259 1991 Hujus
1314 1913 1487 1974 enim
1520 1908 1776 1989 generis
1810 1916 2173 1971 sanctorum
2209 1908 2514 1972 memoria
2565 1926 2695 1973 non
2754 1910 2822 1973 in
2862 1910 3316 1974 communibus
3352 1913 3642 1987 Menaeis,
3676 1917 3775 1976 sed
3805 1914 3859 1975 in

648 2016 1080 2095 peculiaribus
1116 2015 1261 2087 loci,
1288 2014 1395 2076 ubi
1444 2013 1655 2076 cultus
1685 2030 1912 2075 eorum
1933 2012 2124 2103 viget,
2160 2011 2398 2073 tabulis
2422 2012 2796 2092 consignata
2828 2030 2972 2078 esse
3008 2014 3170 2078 solet
3195 2015 3483 2094 :qualem
3510 2018 3859 2080 memoriam

610 2104 726 2181 Vne
755 2116 929 2182 hisce
963 2117 1229 2199 quidem
1267 2116 1654 2195 martyribus
1693 2115 1947 2188 deesse,
1978 2112 2255 2176 inferius
2286 2114 2723 2177 ostendemus.
2759 2115 2998 2178 Verum
3037 2114 3159 2177 etsi
3215 2115 3392 2178 nulla
3423 2116 3692 2179 omnino
3729 2110 3862 2179 alibi

598 2234 601 2235 '
646 2222 890 2283 mentio
944 2222 1021 2283 de
1072 2220 1319 2282 eisdem
1380 2225 1771 2291 occurreret,
1805 2214 1971 2278 nihil
2034 2215 2187 2277 inde
2235 2213 2632 2277 auctoritatis
2681 2224 2745 2279 et
2780 2216 2968 2296 pretii
3017 2216 3172 2280 huic
3216 2216 3493 2279 orationi
3533 2219 3861 2281 detractum

642 2332 813 2387 esset
853 2323 1023 2385 :imo
1060 2310 1458 2399 prmStantius
1486 2320 1581 2381 vel
1618 2337 1698 2381 ex
1725 2314 1844 2380 hoc
1875 2318 2018 2397 ipso
2043 2318 2468 2397 judicandum
2519 2317 2865 2393 videretur,
2905 2318 3613 2399 nobisqueimpensius
3663 2328 3862 2401 gratu-

643 2423 930 2497 landum,
976 2421 1146 2503 quod
1188 2419 1440 2483 tandem
1489 2418 1839 2499 aliquando
1875 2418 2139 2498 prodeat
2191 2418 2255 2479 in
2296 2418 2547 2493 lucem;
2580 2425 2641 2479 et
2688 2418 2975 2496 plurium
3032 2426 3380 2498 martyrum
3410 2412 3867 2500 thaumaturge-

640 2547 918 2609 rumque
953 2525 1261 2589 memoria
1297 2526 1375 2588 ab
1400 2524 1770 2588 omnimoda
1796 2522 2127 2586 oblivione
2166 2528 2228 2585 et
2249 2522 2548 2586 tenebris
2578 2522 2963 2585 vindicetur.
3710 2550 3713 2553 ν

721 2634 953 2695 XVIII.
990 2631 1161 2693 Talis
1192 2647 1262 2693 ac
1294 2637 1463 2692 tanta
1493 2629 1802 2692 orationis
1836 2627 2031 2709 hujus
2063 2627 2309 2689 utilitas
2352 2635 2545 2707 atque
2581 2628 2945 2705 praestantia
2977 2625 3183 2690 levem
3225 2628 3380 2691 mihi
3411 2628 3539 2690 imo
3558 2634 3623 2689 et
3646 2627 3866 2706 jucun-

641 2735 793 2796 dum
832 2734 1289 2811 interpretandi
1338 2731 1729 2796 reddidisset
1759 2730 2246 2803 laborem,‘nisi
2293 2728 2638 2810 apographi
2696 2745 2967 2803 summa,
2994 2737 3065 2791 ut
3094 2730 3286 2793 initio
3338 2730 3500 2805 dixi,
3570 2720 3868 2792 vitiositas

642 2837 805 2899 haud
841 2837 1167 2917 exiguam,
1194 2836 1328 2898 imo
1360 2833 1543 2897 valde
1576 2849 1867 2914 magnam
1900 2831 2056 2893 mihi
2098 2828 2457 2894 molestiam
2512 2838 2811 2894 creasset.
2839 2830 2987 2895 Erat
3020 2831 3263 2912 quippe
3297 2831 3443 2893 talis
3470 2845 3544 2893 ac
3593 2838 3779 2903 tanta,
3812 2835 3869 2888 nt

643 2938 1015 3000 mendosius
1071 2937 1424 3017 quidquam
1464 2935 1660 2998 scribi
1709 2933 1999 3015 potuisse
2052 2933 2156 2995 vix
2195 2940 2436 3012 putem.
2478 2935 2631 2994 Nam
2693 2931 2927 3010 passim
2974 2939 3039 2994 et
3091 2932 3448 2994 litterarum
3498 2928 3785 3005 variatio,
3815 2930 3870 2988 et

644 3039 924 3116 plurium
956 3037 1279 3117 copulatio
1326 3037 1705 3105 dictionum,
1734 3040 1797 3097 et
1834 3054 1869 3097 e
1900 3033 2241 3107 contrario
2270 3033 2467 3095 unius
2521 3032 2947 3113 ejusdemque
3005 3033 3251 3096 divisio
3291 3036 3354 3096 in
3415 3050 3492 3097 eo
3528 3033 3868 3097 identidem

638 3138 1037 3203 occurrebat.
1082 3140 1437 3198 Praesertim
1501 3150 1649 3197 vero
1711 3135 1777 3194 in
1832 3132 2155 3213 vocalibus
2184 3140 2510 3211 peccatum
2546 3134 2820 3195 maxime
2855 3141 2951 3196 est
3001 3151 3015 3195 :
3057 3150 3199 3197 nam
3245 3134 3499 3199 vocales
3540 3143 3729 3216 atque
3766 3134 3861 3194 di-

643 3244 946 3323 phthongi
983 3288 998 3315 ,
1059 3256 1203 3319 quae
1239 3238 1462 3301 eodem
1516 3254 1684 3300 nunc
1740 3251 1901 3298 sono
1972 3241 2245 3315 pronunt

2264 3235 2469 3296 iantur
2529 3250 2564 3295 a
2632 3232 2867 3295 Graecis
2898 3280 2913 3308 ,
2990 3251 3218 3315 nempe
3274 3236 3345 3315 ἢ,
3383 3264 3429 3311 ι,
3466 3245 3531 3307 ν’,
3564 3263 3758 3313 ει,οι,
3811 3262 3866 3309 ε,

637 3366 735 3415 αι,
776 3367 826 3416 ο,
854 3366 918 3417 ω,
949 3340 1508 3405 indiscriminatim
1542 3339 1770 3418 posita)
1789 3339 2067 3399 suut.Ex
2086 3352 2215 3415 quo
2242 3334 2428 3397 facile
2456 3334 3675 3416 colligas,amanuensem,quicodicem
3711 3339 3867 3400 unde

638 3444 1047 3520 desumptum
1077 3440 1513 3521 apographum
1562 3446 1680 3508 est,
1718 3439 2001 3499 exaravit
2033 3438 2121 3509 (in
2154 3437 2534 3514 scriptorem
2578 3438 2778 3497 nostri
2840 3435 3189 3519 apographi
3248 3437 3409 3499 hanc
3451 3437 3704 3517 culpam
3752 3455 3867 3499 non

638 3542 861 3602 cadere
898 3542 1162 3605 aliunde
1195 3540 1382 3621 scio),
1437 3537 1770 3620 ignorasse
1810 3538 2068 3616 penitus
2105 3540 2339 3601 Grmcm
2393 3540 2817 3616 grammaticae
2853 3540 3061 3620 leges;
3105 3550 3542 3622 praatereaque
3612 3558 3739 3603 non
3800 3557 3870 3601 ex

640 3648 781 3722 ipso
814 3646 1162 3725 exemplari
1213 3645 1420 3707 oculis
1460 3643 1799 3722 supposito
1837 3644 1955 3722 (sic
1984 3645 2156 3705 enim
2210 3646 2477 3717 litteras,
2533 3662 2677 3723 quae
2698 3642 2877 3726 erant
2908 3630 3432 3719 transcribendte,
3479 3645 3870 3725 perspiciens

640 3746 846 3807 rarius
880 3746 1288 3825 aberrasset),
1325 3746 1437 3806 sed
1483 3744 1763 3805 dictante
1794 3744 2039 3822 aliquo,
2075 3744 2341 3821 etjuxta
2374 3742 2762 3804 hodiernum
2792 3740 3153 3806 Greecorum
3188 3760 3426 3806 morem
3457 3743 3695 3805 litteras
3729 3758 3872 3823 pro-

631 3832 1003 3921 nuntiante,
1038 3861 1268 3908 senum
1302 3846 1569 3907 auribus
1604 3853 1973 3924 perceptum
2013 3844 2250 3906 Grmcis
2284 3850 2615 3921 utcunque
2653 3843 2881 3904 litteris
2904 3846 3345 3924 consignasse.
3373 3847 3463 3906 Ex
3487 3860 3615 3924 quo
3644 3842 3871 3906 factum

639 3954 761 4020 est,
810 3955 875 4008 ut
908 3946 974 4008 in
1008 3947 1292 4009 dictione
1325 3946 1704 4027 dissyllaba,
1731 3945 1829 4007 vel
1864 3944 2233 4023 trissyllaba
2266 3952 2542 4022 quatuor
2576 3943 2671 4006 vel
2705 3944 2999 4026 quinque
3057 3945 3281 4007 menda
3328 3946 3698 4026 (praesertim
3732 3945 3783 4006 si
3817 3948 3873 4003 tt

634 4050 984 4128 spirituum
1021 4056 1079 4111 et
1109 4058 1484 4112 accentuum
1518 4049 1825 4111 habeatur
1860 4048 2043 4129 ratio)
2082 4063 2206 4109 non
2252 4045 2699 4126 infrequenter
2730 4054 3166 4110 occurrerent.
3202 4047 3517 4122 Quantam
3569 4063 3718 4131 vero
3750 4046 3873 4106 haec

641 4153 789 4215 vitia
825 4153 1069 4230 pariant
1100 4154 1665 4231 perturbationem,
1689 4161 2122 4231 quantamque
2156 4150 2598 4229 interpretanti
2636 4151 3020 4225 molestiam,
3053 4168 3198 4221 cum
3245 4166 3470 4213 omnes
3514 4150 3869 4229 intelligere

638 4254 912 4330 possint,
965 4261 1096 4312 tum
1152 4253 1196 4313 ii
1235 4257 1579 4328 prasertim
1618 4253 1730 4332 qui
1790 4233 1993 4314 Graeci
2037 4251 2363 4312 idiomatis
2393 4252 2536 4327 inon
2569 4260 2720 4312 sunt
2760 4251 2987 4331 ignari.
3023 4252 3206 4313 Prius
3248 4251 3451 4329 igitur
3484 4267 3675 4331 quam
3708 4255 3872 4313 Lati-

640 4376 782 4418 nam
844 4358 1202 4419 versionem
1260 4357 1668 4435 aggrederer,
1725 4362 1787 4417 et
1819 4357 2042 4417 menda
2090 4356 2170 4416 de
2242 4354 2454 4416 medio
2489 4353 2753 4430 tollere,
2791 4363 2853 4416 et
2907 4362 3154 4417 textum
3215 4370 3349 4415 sua;
3396 4370 3565 4417 veras
3612 4353 3873 4417 lectioni

636 4463 983 4522 restituere
1005 4458 1351 4537 .Opusd‘uit.
1389 4458 1567 4519 Itatio
1604 4466 1850 4527 autem,
1884 4474 2077 4536 quam
2106 4456 2169 4517 in
2212 4455 2332 4519 hoc
2369 4472 2635 4518 munere
2669 4456 2970 4520 obeundo
2995 4454 3276 4529 institui,
3324 4453 3456 4517 haec
3498 4461 3642 4517 est:
3677 4463 3876 4519 errata

634 4577 782 4638 quas
811 4568 983 4620 certo
1026 4568 1086 4618 et
1130 4559 1369 4635 absque
1400 4558 1529 4618 ulla
1566 4558 1968 4618 dubitatione
2000 4557 2245 4629 detexi,
2276 4557 2345 4616 in
2375 4556 2521 4635 ipso
2558 4563 2736 4617 textu
2773 4555 3138 4633 emendavi,
3190 4554 3364 4616 nulla
3398 4555 3477 4617 ad
3508 4558 3873 4636 ;marginem

635 4663 1046 4725 adnotatione
1082 4661 1317 4741 posita;
1350 4660 1639 4740 alioquin
1680 4666 1883 4722 totum
1916 4658 2049 4721 fere
2086 4659 2439 4740 marginem
2470 4659 2554 4722 iis
2586 4659 2837 4739 Oppleri
2860 4657 3089 4721 fuisset
3112 4674 3301 4738 opus.
3333 4660 3421 4722 ‘At
3452 4660 3559 4723 ubi
3593 4662 3873 4725 incertus

636 4785 833 4839 eram,
865 4783 941 4827 an
978 4765 1192 4842 aliqua
1228 4781 1345 4826 vox
1394 4764 1461 4825 in
1494 4764 1731 4827 mendo
1760 4764 2055 4837 cubaret;
2092 4762 2186 4824 vel
2221 4763 2471 4825 etiamsi
2504 4763 2569 4824 id
2605 4770 2778 4825 certo
2816 4762 3396 4841 deprehenderem,
3445 4762 3873 4826 nihilominus

637 4884 883 4939 vocem,
916 4882 1059 4944 qum
1090 4863 1537 4925 substituenda
1568 4872 1763 4937 esset,
1810 4872 1975 4926 certa
2002 4864 2221 4944 aliqua
2268 4865 2628 4944 conjectura
2664 4864 2921 4942 assequi
2956 4860 3424 4941 nonpoteram;
3458 4878 3596 4924 eam
3653 4863 3875 4942 c‘ujus-

639 4967 811 5028 modi
852 4966 915 5026 in
975 4963 1340 5044 apographo
1373 4972 1531 5040 erat,
1586 4964 1652 5025 in
1688 4972 1862 5027 textu
1916 4965 2177 5045 reliqui,
2216 4981 2567 5045 vocemque
2600 4981 2745 5043 quas
2780 4963 3159 5047 conjectanti
3200 4963 3359 5026 mihi
3393 4962 3659 5042 legenda
3706 4964 3881 5026 vide-

632 5066 844 5139 batur,
874 5066 943 5126 tin
982 5065 1270 5143 inferiori
1302 5065 1587 5143 margine
1621 5068 1918 5143 apposui,
1956 5061 2288 5146 praemisso
2322 5075 2390 5129 ῐσ.
2419 5083 2536 5129 seu
2566 5075 2717 5140 ῑσως,
2746 5068 3049 5147 fortasse;
3074 5072 3143 5129 ut
3164 5063 3569 5129 felicioribus
3598 5067 3873 5131 aliorum

636 5154 1020 5344 ronjecrugs
1054 5164 1261 5225 locum
1306 5182 1653 5243 ansamque
1699 5168 2068 5242 praeberem.
2104 5167 2454 5228 Nonnulla
2482 5174 2690 5229 tamen
2722 5167 2969 5230 eisdem
2998 5164 3229 5247 adjeci,
3264 5168 3345 5231 de
3401 5154 3679 5247 quorum
3730 5187 3875 5232 vera

636 5282 931 5344 germana
988 5284 1065 5327 ue
1097 5267 1492 5328 correctione
1521 5266 1922 5327 levissimum
1968 5268 2064 5327 vel
2103 5262 2286 5344 plane
2310 5268 2562 5331 nullum
2601 5269 2759 5331 mihi
2792 5270 2998 5342 inerat
3027 5268 3325 5342 dubium,
3355 5276 3531 5329 utex
3555 5268 3638 5329 iis
3662 5272 3875 5344 speci-

634 5262 1065 5344 germanaque
1097 5267 1492 5328 correctione
1521 5266 1922 5327 levissimum
1968 5268 2064 5327 vel
2103 5262 2286 5345 plane
2310 5268 2562 5331 nullum
2601 5269 2759 5331 mihi
2792 5270 2998 5342 inerat
3027 5268 3325 5342 dubium,
3355 5276 3531 5329 utex
3555 5268 3638 5329 iis
3662 5272 3875 5348 speci-

637 5370 827 5430 atinis
868 5369 1003 5428 loco
1042 5370 1282 5445 peritus
1317 5372 1514 5431 lector
1561 5372 1814 5451 colligat
1848 5371 2134 5451 ingentia
2173 5381 2375 5435 errata
2434 5374 2672 5450 quibus
2704 5372 2917 5452 ipsum
2950 5373 3278 5459 exemplar
3331 5372 3397 5433 in
3429 5370 3717 5449 qualibet
3745 5372 3887 5437 fere

638 5484 809 5552 parte
837 5474 1135 5535 scatebat.
1174 5477 1325 5536 Cum
1352 5495 1499 5539 vero
1532 5479 1689 5540 adeo
1726 5477 2140 5557 indiligenter
2166 5478 2526 5555 exscriptus
2553 5478 2755 5540 codex
2784 5478 2895 5539 ille
2926 5478 3030 5550 sit,
3064 5476 3462 5547 utdixim‘us,
3488 5475 3649 5539 illud
3683 5480 3875 5540 etiam

627 5592 651 5631 ξ
674 5575 949 5650 uspicari
995 5576 1161 5649 licet,
1183 5576 1459 5655 integras
1516 5579 1907 5659 quandoque
1940 5580 2252 5641 dictiones
2279 5596 2403 5657 pra-.3
2433 5578 2767 5640 oscitantia
2793 5576 3248 5656 prastermissas
3273 5574 3474 5636 fuisse
3508 5593 3522 5637 :
3556 5593 3703 5657 quae
3732 5578 3877 5657 qui-

626 5677 780 5736 dem
832 5674 1115 5750 suspicio
1181 5677 1621 5754 interpretanti
1666 5681 1816 5741 mihi
1854 5681 2025 5742 haud
2086 5679 2283 5741 semel
2319 5681 2545 5742 oborta
2571 5688 2689 5741 est.
2754 5681 2937 5753 Loca,
2994 5679 3101 5739 ubi
3146 5676 3580 5767 apographum
3632 5681 3875 5741 nedqu

632 5775 1044 5851 mendosum,
1073 5783 1181 5841 sed
1208 5790 1267 5843 et
1300 5782 1599 5843 mutilum
1650 5784 1855 5845 visum
1904 5784 2060 5843 mihi
2109 5792 2227 5861 est,
2266 5785 2328 5845 in
2366 5784 2531 5844 notis
2564 5782 2777 5860 aliqua
2819 5781 3148 5857 indicabo;
3179 5781 3303 5843 alia
3333 5798 3447 5859 per
3491 5800 3639 5847 sese
3676 5788 3874 5845 lector
