4056 6340
177 441 275 497 illis
1020 439 1098 499 IN
1149 440 1574 512 SEQUENTIA
1609 443 1779 503 ΤΗΕ(

1808 445 2184 507 'PHYLACTI
2224 448 2554 511 SCRIPTA.
3305 461 3410 523 434

177 541 446 604 fortasse
481 538 941 620 deprehendet.
984 543 1218 606 Verum
1275 547 1351 609 de
1408 550 1756 629 apograpbi
1820 553 2126 632 qualitate
2149 554 2280 635 jam
2323 559 2502 620 satis.
2536 563 2716 626 Nunc
2746 564 2824 627 de
2854 566 2992 629 loco
3021 587 3091 633 ac
3127 578 3412 652 tempore

176 660 306 722 quo
335 653 395 705 et
424 643 592 722 passi
641 653 947 723 martyres
979 654 1152 724 sunt,
1179 659 1239 710 et
1274 666 1494 714 eorum
1530 653 1830 716 translata
1881 673 2171 735 corpora,
2207 659 2556 741 adjungere
2582 681 2777 744 pauca
2805 667 3002 745 lubet,
3036 689 3180 751 qua)
3213 643 3310 736 res
3345 679 3410 738 in

177 745 286 806 hac
325 746 613 809 oratione
639 753 915 810 narratas
951 749 1171 829 aliquo
1195 753 1382 814 modo
1415 751 1832 818 illustrabunt
1856 759 2478 841 conlirmabuntque.

247 874 432 935 XIX.
468 876 560 936 De
594 874 736 938 loco
776 876 1052 955 primum
1087 885 1146 940 et
1169 886 1456 956 tempore
1495 898 1626 960 quo
1663 884 1767 943 SS.
1809 890 2116 960 martyres
2171 888 2496 962 pertulere
2545 894 2944 970 martyrium,
2976 897 3075 956 vix
3111 899 3237 960 ulla
3270 919 3411 962 esse

178 980 381 1052 potest
421 974 782 1049 difﬁcultas,
813 995 958 1039 cum
1020 985 1366 1059 utrumque
1420 982 1573 1042 satis
1616 983 1855 1046 diserte
1887 988 2443 1065 exprimatauctor
2471 991 2800 1071 inquiens,
2827 997 3287 1077 Tiberiopolim
3323 1007 3414 1065 lo-

175 1093 343 1150 cum,
374 1085 627 1155 tempus
653 1094 806 1140 vero
836 1077 996 1140 illud
1020 1078 1223 1142 fuisse
1256 1097 1386 1160 quo
1415 1081 1657 1160 impius
1690 1084 1980 1147 Julianus
2014 1103 2330 1149 summam
2365 1089 2619 1169 imperii
2649 1095 2927 1157 tenebat.
2959 1089 3178 1174 Neque
3199 1099 3412 1162 solum

177 1180 380 1255 urbis,
405 1181 469 1242 in
499 1198 624 1262 qua
657 1182 821 1260 passi
864 1191 1037 1257 sunt,
1084 1201 1312 1246 nomen
1343 1184 1668 1266 patefacit;
1706 1189 1819 1250 sed
1844 1188 2039 1251 situm
2073 1189 2262 1253 etiam
2297 1191 2586 1272 designat
2609 1195 2942 1274 inquiens,
2978 1215 3115 1260 eam
3146 1202 3418 1279 positam

174 1300 299 1342 esse
341 1281 428 1343 ad
460 1283 1015 1363 septentrionalem
1046 1284 1297 1365 plagam
1357 1286 1776 1381 Thessalonici

1813 1309 1843 1362 l,
1900 1300 2019 1355 κατ’
2042 1302 2217 1372 ἀρχὰς
2255 1305 2354 1373 τῆς
2405 1305 2590 1377 χώρας
2630 1307 2933 1378 Ἰλλυρίδος,
2993 1303 3061 1361 in
3096 1305 3415 1383 principio

178 1387 450 1465 Illyrici.
503 1389 572 1451 ln
604 1390 916 1452 orationis
974 1392 1321 1472 epigraphe
1372 1392 1766 1472 adjungitur,
1812 1398 2024 1458 vocari
2081 1415 2216 1459 eam
2271 1398 2606 1479 Bulgarice
2653 1402 3058 1464 Strumitzam
3089 1423 3108 1460 :
3137 1406 3247 1465 sed
3293 1407 3420 1468 Ιιωο

178 1501 495 1570 postrema
544 1494 736 1558 verba
787 1498 865 1558 ab
919 1492 1138 1576 aliquo
1168 1488 1401 1561 deinde
1435 1497 1695 1560 librario
1753 1500 1992 1580 adjecta
2025 1500 2252 1574 fuisse,
2291 1520 2401 1581 pro
2453 1510 2625 1565 certo
2677 1504 2879 1566 habeo
2916 1507 3288 1586 :tumqund
3352 1508 3418 1569 in

174 1594 466 1657 oratione
499 1601 622 1658 tota
654 1597 878 1659 civitas
926 1598 1033 1661 illa
1060 1609 1370 1680 perpetuo
1406 1599 1849 1678 Tiberiopolis,
1886 1620 2210 1681 nunquam
2234 1605 2575 1666 Strumitza
2611 1615 3053 1683 nuncupetur;
3088 1615 3221 1669 tum
3243 1611 3418 1688 quod

174 1715 240 1760 ea
267 1699 463 1762 verba
486 1698 701 1790 alieno
733 1699 854 1762 sila
885 1700 1025 1764 loco
1064 1709 1409 1765 cernantur
1443 1726 1456 1764 :
1488 1720 1701 1781 neque
1738 1703 1905 1765 enim
1929 1713 2176 1769 vetusto
2205 1706 2620 1787 Tiberiopolis
2654 1709 2924 1784 nomini,
2963 1721 3028 1772 ut
3061 1727 3419 1790 congruum

174 1810 326 1879 erat,
376 1787 858 1880 adhaerescunt;
893 1807 1004 1868 sed
1041 1814 1181 1885 post
1213 1824 1286 1870 ea
1325 1809 1535 1884 verba,
1587 1809 1764 1890 passi
1790 1811 2199 1884 sunt,-minus
2226 1820 2369 1889 apte
2404 1812 2699 1874 translata
2732 1822 2903 1874 sunt.
2931 1787 3420 1880 Accedit'fuisse

177 1911 236 1970 in
294 1909 521 1972 codice
581 1909 872 1972 vitiosam
924 1914 1471 1976 constructionem
1532 1915 1752 1996 (quam
1804 1931 1923 1992 ego
1981 1915 2046 1977 in
2128 1917 2300 1978 edito
2350 1918 2750 1993 emendavi);
2816 1935 2957 1979 cum
3037 1919 3207 1979 enim
3262 1922 3423 1974 Τιδε-

176 2017 457 2088 promoui
511 2016 573 2077 in
616 2033 765 2079 casu
801 2024 997 2095 esset,
1026 2026 1098 2081 ut
1152 2019 1489 2101 inquiunt,
1542 2022 2577 2102 dativo,sequebatur,interjecta
2630 2039 2779 2083 voce
2815 2031 3300 2104 μαρτυρησάντων,
3351 2019 3420 2079 in

175 2113 468 2188 genitivo
509 2116 997 2193 ἐπονομαζομένης
1022 2121 1421 2194 Στρουμίτξης.
1451 2124 1770 2204 Quisquis

1829 2133 2037 2188 tamen
2084 2142 2157 2187 ea
2187 2126 2507 2189 addiderit
2572 2126 2780 2200 verba,
2818 2143 2893 2187 eo
2932 2126 3115 2187 illum
3147 2123 3421 2188 consilio

175 2214 504 2282 addidisse
525 2220 922 2297 ‘arbitror,ut
947 2224 1169 2286 Lector
1193 2224 1254 2285 in
1284 2225 1425 2302 ipso
1449 2225 1658 2286 statim
1685 2226 1952 2289 exordio
1984 2225 2453 2305 Tiba'iopolim,
2508 2227 2571 2288 in
2599 2244 2722 2306 qua
2758 2227 2852 2287 illi
2891 2226 3149 2288 subiere
3188 2231 3422 2301 marty-

177 2319 373 2396 rium,
414 2339 449 2385 a
506 2327 750 2388 cmteris
781 2327 1074 2410 ejusdem
1112 2329 1796 2396 nominis'civitatibus
1850 2331 2373 2410 distinguendam
2410 2347 2552 2393 esse
2592 2331 3004 2410 intelligeret.
3033 2333 3185 2392 Nam
3219 2328 3424 2390 etalia

177 2427 614 2521 TiberiOpolis
645 2430 768 2495 fuit
799 2434 864 2495 in
889 2450 963 2496 ea
992 2433 1286 2514 Phrygias
1310 2435 1568 2514 majoris
1595 2442 1789 2514 parte,
1818 2453 1960 2515 quae
1994 2436 2226 2499 dicitur
2267 2435 2630 2511 Pacatiana;
2665 2435 2786 2496 alia
2828 2435 2891 2495 in
2941 2433 3150 2494 insula
3184 2431 3418 2510 Cypro,

175 2533 295 2592 alia
332 2533 618 2615 denique
649 2536 716 2598 in
769 2539 1016 2616 Europa
1041 2536 1115 2599 ad
1147 2538 1419 2600 Pontum
1448 2536 1804 2611 Euxinum;
1839 2537 1893 2599 si
1927 2538 2191 2615 quidem
2225 2554 2298 2598 ea
2330 2554 2474 2618 quas
2503 2554 2670 2601 nunc
2696 2536 2909 2597 Barna
2944 2532 3034 2594 vel
3080 2533 3280 2592 Var-na
3315 2546 3424 2589 vo-

175 2643 357 2696 catur
396 2628 645 2716 (estque
691 2637 860 2700 haud
889 2638 1195 2719 ignobilis
1257 2639 1433 2713 urbs,
1497 2647 1715 2718 utpote
1747 2640 2476 2722 archiepisc0paliaucta
2528 2636 3104 2719 dignitate),fuerit
3140 2635 3318 2708 olim,
3353 2639 3422 2695 ut

183 2739 366 2801 mulli
399 2742 711 2814 sentiunt,
757 2742 1183 2825 Tiberiopolis
1215 2743 1557 2824 appellata.
1618 2744 1981 2807 Aliitamen
2026 2744 2092 2805 in
2127 2723 2383 2832 eal‘sunt
2425 2743 2759 2822 Opinione,
2802 2738 2974 2820 quod
3018 2738 3218 2797 Varna
3247 2736 3415 2796 idem

177 2853 247 2899 ac
283 2839 496 2918 prisca
527 2839 1000 2922 Dionysiopolis
1059 2844 1172 2915 sit;
1220 2843 1330 2938 alii
1396 2859 1544 2905 vero
1573 2840 1876 2922 Odyssus,
1920 2843 2017 2905 vel
2068 2833 2350 2939 Odessus.
2400 2844 2493 2904 Ab
2549 2841 2850 2904 omnibus
2896 2839 2996 2901 his
3035 2855 3106 2900 ea
3156 2837 3422 2898 fortasse

181 2941 443 3004 diversa
489 2952 608 3018 est,
655 2938 1000 3023 Solumque
1048 2945 1130 3006 ob
1182 2936 1302 3007 loCi
1336 2944 1886 3024 propinquitatem
1919 2945 2108 3006 modo
2143 2936 2261 3023 pro
2295 2960 2443 3018 una,
2502 2943 2690 3006 modo
2724 2958 2839 3023 pro
2880 2941 3000 3004 alia
3033 2944 3427 3001 vetustarum

180 3046 448 3110 urbium
470 3056 743 3127 sumpta.
773 3049 1212 3112 Certumillud
1247 3049 1523 3123 videtur,
1557 3049 1822 3112 omnino
1845 3048 2059 3138 (decipi
2100 3065 2213 3110 eos
2265 3048 2380 3130 qui
2407 3046 2894 3126 TiberiOpolim.
2935 3061 3105 3107 nunc
3132 3040 3426 3103 Strumit-

183 3168 316 3213 zam
354 3151 459 3232 (de
482 3168 605 3230 qua
648 3150 750 3213 hic
780 3150 1168 3231 loquimur),
1204 3168 1350 3213 cum
1393 3152 1595 3214 Varna
1625 3169 1738 3215 seu
1773 3153 1970 3214 Barna
1999 3147 2437 3213 confundunt:
2471 3165 2612 3210 nam
2656 3153 2964 3228 quantum
2999 3143 3424 3222 Tiberiopolis

183 3253 636 3315 Strumitziana
699 3252 775 3331 (si
811 3251 1116 3315 claritatis
1147 3252 1354 3331 gratia
1392 3253 1480 3314 ita
1545 3251 1726 3330 loqui
1755 3249 1926 3328 licet)
1959 3267 1994 3313 a
2046 3253 2246 3312 Ponto
2267 3249 2458 3312 distet
2506 3250 2782 3324 Euxino,
2815 3254 3058 3311 constat
3097 3264 3177 3309 ex
3208 3246 3421 3307 dictis-

180 3356 347 3428 Quis
390 3355 587 3429 enim,
622 3355 752 3418 nisi
781 3346 1191 3437 geographia
1225 3371 1488 3433 prorsus
1523 3353 1813 3434 ignarus,
1851 3353 2109 3427 dixerit,
2144 3353 2410 3413 Varnam
2446 3368 2576 3413 esse
2597 3353 2680 3413 ad
2697 3349 3248 3432 septentrionalem
3275 3347 3424 3428 pla.-

181 3475 321 3535 gam
359 3457 825 3521 Thessalonices
848 3459 916 3521 in
943 3459 1266 3539 principio
1293 3456 1606 3537 Illyridis,
1629 3457 2171 3538 quemadmodum
2199 3453 2718 3535 Theophylactus
2746 3452 3018 3515 asseruit
3043 3451 3122 3512 de
3141 3447 3429 3511 Tiberio-

185 3561 362 3636 poli?
402 3564 493 3622 Ex
524 3560 637 3621 hac
663 3578 854 3640 porro
885 3562 1319 3643 descriptione
1354 3560 1762 3624 manifestum
1793 3559 2072 3633 videtur,
2093 3556 2733 3637 hujusTiberiopolis
2766 3555 2976 3617 locum
3009 3550 3425 3617 intralimites

184 3660 584 3725 Macedoniae
613 3663 817 3725 fuisse
861 3681 932 3727 ea
983 3665 1050 3726 in
1088 3672 1260 3744 parte
1291 3680 1436 3744 quas
1461 3662 1750 3741 proxime
1779 3669 2021 3740 spectat
2043 3661 2325 3722 Mmsiam
2359 3659 2760 3739 superiorem
2785 3661 2977 3734 (nunc
3019 3655 3291 3718 Serviam
3322 3668 3432 3713 vo-

183 3765 380 3848 cant),
406 3783 553 3847 quae
582 3767 975 3831 Macedonian
1008 3785 1149 3847 pars
1181 3765 1560 3849 aliquandiu
1592 3764 1801 3843 paruit
1834 3765 2252 3843 Bulgarorum
2279 3756 2552 3842 imperio
2587 3781 2602 3819 :
2638 3761 2876 3840 quippe
2910 3757 3428 3837 quod,regnante

185 3870 425 3941 Crubo,
452 3867 972 3933 Thessalonicam
1000 3887 1212 3950 usque
1249 3867 1773 3947 protendebatur,
1825 3873 1895 3927 ut
1923 3863 2440 3942 TheOphylactus
2487 3863 2550 3922 in
2591 3860 2704 3921 hac
2735 3861 2868 3936 ipsa
2901 3858 3185 3919 oratione
3243 3859 3429 3913 testa-

184 3979 311 4031 tur.
355 3974 534 4034 Sitns
573 3987 724 4034 vero
783 3971 904 4034 iste
967 3968 1459 4048 TiberiOpoleos
1494 3968 1733 4047 optime
1772 3965 2070 4045 congruit
2107 3981 2250 4024 cum
2303 3961 2661 4025 Strumitzae
2693 3961 2846 4032 situ,
2874 3966 2940 4020 ut
2971 3954 3291 4033 colligitur
3352 3965 3427 4008 ex

183 4073 554 4152 Nicephoro
584 4075 886 4152 Gregora,
911 4071 1025 4152 qui
1052 4088 1186 4134 eam
1220 4072 1549 4150 ingressus
1586 4076 1702 4143 est,
1746 4065 1898 4131 dum
1957 4067 2262 4146 Byzantio
2293 4083 2416 4127 una
2472 4081 2615 4126 cum
2649 4061 2872 4141 legatis
2902 4060 2972 4121 ad
3010 4059 3280 4168 Cralem,
3312 4071 3426 4168 seu

190 4198 410 4259 regem
481 4154 716 4242 Servitia
759 4176 907 4259 illac
965 4178 1286 4240 transiens
1328 4175 1598 4252 Scupios
1649 4171 2184 4253 proﬁcisceretur.
2256 4165 2824 4238 Nonnulla‘verba,
2863 4163 3103 4242 quibus
3169 4161 3286 4220 iter
3318 4156 3428 4219 ille

187 4257 384 4346 suum
420 4283 750 4365 describit,
781 4257 964 4364 juvat
997 4283 1101 4345 hic
1132 4283 1197 4344 in
1235 4280 1518 4343 medium
1557 4277 1878 4358 proferre;
1931 4274 2173 4354 quippe
2198 4288 2343 4351 quas
2375 4277 2850 4349 peropportuna
2878 4265 3176 4326 videntur
3200 4258 3428 4321 ροηίῑτα

189 4391 448 4453 mandis
480 4391 562 4453 iis
590 4408 734 4469 quas
761 4393 840 4452 de
874 4387 1301 4465 Tiberiopolis
1333 4404 1445 4448 seu
1474 4383 1836 4446 Strumitzm
1884 4381 2012 4441 situ
2049 4378 2534 4459 exiguitalcque
2567 4370 3433 4481 supradimidius-Posterum

190 4493 435 4572 (inquit
467 4493 576 4552 ille
609 4493 856 4554 Hister.
895 4492 1134 4571 Byzant
1188 4490 1295 4552 lib.
1336 4507 1470 4558 vm,
1502 4505 1637 4566 cap.
1695 4486 1790 4558 1!»,
1830 4501 2008 4547 num.
2040 4484 2098 4560 6)
2144 4499 2178 4543 a
2212 4480 2512 4582 transitu-
2540 4474 2892 4582 Strymonis
2928 4470 3105 4582 ﬂuvi‘i
3161 4469 3321 4582 diem
3365 4471 3432 4527 in

189 4570 418 4653 itinere
481 4598 673 4650 totam
725 4591 1238 4668 consumpsimus,
1299 4600 1352 4651 et
1384 4588 1465 4648 ad
1515 4582 1883 4666 oppidulum
1915 4583 2232 4659 (πολίχνιον.
2283 4575 2612 4658 parvulam
2667 4573 2996 4652 civitatem)
3053 4570 3431 4676 devenimusr

187 4690 355 4772 quod
382 4710 539 4772 pene
575 4709 771 4770 supra
793 4689 987 4751 nubes
1011 4691 1231 4750 eminet
1259 4690 1625 4767 (Strumi'tza
1652 4685 1725 4746 ab
1751 4683 1976 4745 incolis
1999 4681 2308 4762 vocatur),
2343 4679 2493 4742 adeo
2518 4687 2847 4783 prte‘rupto
2874 4685 2934 4783 et
2967 4673 3207 4783 excelso
3235 4673 3431 4783 monti

188 4766 579 4875 impositum,
622 4766 692 4856 ut
748 4793 1021 4854 homines
1067 4791 1135 4852 in
1159 4787 1657 4870 propugnaculis
1690 4785 1967 4848 sedentes
2005 4804 2032 4846 e
2060 4784 2220 4846 valle
2269 4779 2752 4881 suspicientibus
2783 4774 3169 4881 apicularum
3201 4766 3431 4881 similes

189 4899 664 4961 vider-cntutu.
718 4897 929 4958 Tertio
984 4891 1124 4956 inde
1174 4891 1272 4956 die
1337 4890 1416 4952 ad
1454 4889 1846 4971 oppidulum,
1879 4887 2186 4957 πολίχνιον,
2238 4886 2607 4981 Scopiorum
2664 4877 3049 4981 divertimus,
3086 4875 3255 4952 ipsos
3296 4875 3434 4981 jam

193 4999 627 5063 Triballorum
651 4997 801 5074 ﬁnes
837 4995 1128 5073 ingressi,
1152 5013 1224 5056 ac
1250 4991 1789 5073 prwterlabentem
1809 4986 2076 5048 vidimus
2099 4981 2331 5043 Accium
2357 4980 2642 5060 ﬂuvium,
2676 4983 2810 5086 etc.-
2834 4975 3081 5086 Quibus
3114 4990 3200 5086 ex.
3219 4970 3430 5086 verbis

195 5104 614 5184 perspicuum
653 5097 953 5161 ellicitnr:
994 5093 1046 5158 1.
1085 5097 1485 5158 Strumitzam
1530 5095 1695 5155 inter
1723 5090 1954 5151 ﬂuvios
1987 5090 2387 5166 Strymonem
2424 5091 2484 5146 et
2513 5083 2746 5146 Axium
2783 5081 2986 5141 fuisse
3021 5079 3430 5184 interiectam.

194 5173 254 5274 et
304 5173 364 5263 au
405 5201 616 5279 priore
645 5203 843 5266 unius
901 5197 1152 5262 circiter
1186 5199 1315 5260 diei
1349 5196 1582 5256 itinere
1615 5191 1936 5262 dissitam,
1989 5188 2066 5250 ab
2115 5186 2242 5250 alio
2283 5204 2455 5260 vero,
2498 5184 2604 5246 ubi
2660 5173 3437 5288 Scupiosnprasterlabitur

197 5277 508 5390 (proinde
540 5307 693 5368 etab
719 5309 877 5386 ipsis
899 5307 1199 5387 Scupiis),
1236 5302 1427 5366 trium
1449 5299 1699 5359 dierum
1732 5285 2784 5397 intervallodistantern.2.Ea_m,si
2819 5283 2894 5397 ad
2933 5277 3434 5397 Thessalonicen)

200 5379 1395 5484 ieferatur,septentrionalem'fuisse,
1439 5397 1803 5481 cujusmodi
1835 5405 1897 5460 et
1955 5390 2391 5472 TiberiOpolis
2448 5381 3096 5494 erat_:l‘heophylacto
3142 5385 3332 5494 teste...
3375 5379 3434 5437 3.

199 5513 541 5574 Civitatem
573 5480 771 5570 fuisse
807 5510 1156 5585 parvulam,
1184 5508 1320 5570 sive
1352 5480 1540 5568 etiam
1574 5500 1955 5579 Oppidulum
1989 5498 2104 5560 uni
2154 5514 2238 5557 ex
2287 5489 2557 5571 prmaltis
2589 5487 2791 5592 Haemi
2826 5483 3058 5592 montis
3091 5480 3441 5592 vertierbus

203 5619 541 5688 insidens;
599 5614 841 5693 quippe
898 5628 1081 5678 mons
1115 5611 1238 5672 istc
1296 5607 1739 5672 Macedoniam
1786 5604 2018 5665 dividit
2051 5601 2127 5662 ab
2160 5608 2424 5672 utraque
2463 5592 2674 5652 Moesia
2709 5589 2816 5668 (α).
2867 5588 3010 5647 Haec
3047 5588 3260 5644 omnia
3295 5599 3441 5658 per-

2042 5853 2051 5862 .
2126 5851 2135 5859 .
2381 5845 2391 5856 .
2636 5841 2645 5850 -
2717 5857 2748 5868 -
2858 5836 2892 5870 .n
3010 5834 3025 5867 ι
3094 5832 3113 5869 .1
3221 5849 3230 5862 .
3299 5847 3308 5863 ι
3407 5846 3421 5862 .

271 5880 350 5960 (ς)
393 5876 534 5956 Cum
559 5873 645 5929 ιιεε
680 5863 1574 5960 erinibﬁtﬁﬁ’ls‘f'l‘fl...fifﬁfflll’jlﬂ
1612 5860 1775 5960 'l‘ll'Is.
1882 5845 2680 5960 aliis“).:3.5‘.t:‘..f;"°¥::"li’{£‘
2708 5837 3182 5960 ςῖὲἰίίῖέἔίξτέεῗξ
3205 5836 3450 5951 Titini;

206 5970 256 6007 ui
1137 5916 1577 6003 arcllicpisclipus
1610 5916 1775 5985 Αιῖιοι-

1483 5949 1577 6002 pus
1610 5916 1775 5985 Atlm-
1889 5942 2038 5988 novo,
2084 5935 2202 5990 qua:
2255 5916 2401 5972 edita
2459 5925 2535 5969 est
2582 5916 2664 5965 llic
2709 5916 2944 5962 Ven-etus
2996 5916 3085 5955 hri
