4056 6340
193 417 317 476 ιεξετ
1027 414 1105 475 1N
1155 395 1591 489 SEQUENTIA
1630 403 2221 479 THEOPIIYLACTI
2263 416 2608 480 semen.
3358 420 3463 482 433
3554 462 3557 463 κ

194 518 321 601 ﬁci
355 526 573 602 sitam,
624 528 736 589 sed
796 527 1008 605 potius
1052 528 1329 589 Varuam
1356 528 1433 590 ad
1481 531 1749 591 Pontum
1786 529 2137 601 Euxinum,
2178 520 2271 591 eo
2297 529 2414 590 loci
2450 527 3085 592 diserte‘amrmatur.
3120 523 3258 591 Sed'
3302 531 3456 597 hac.

195 627 501 700 quamvis
537 643 705 700 vera,
741 644 994 689 movere
1023 636 1228 689 tamen
1260 629 1588 690 neminem
1612 628 1867 691 debent.
1909 630 2133 706 Neque
2162 628 2335 690 enim
2361 627 2579 688 omnia
2609 631 2877 690 omnino
2914 629 3043 690 loca
3073 628 3171 690 vel
3207 630 3461 707 cognita

193 738 231 785 ι
260 725 594 790 veteribus
624 727 1009 806 geographis
1061 736 1235 800 sunt,
1272 729 1371 791 vel
1430 730 1758 792 memorias
1790 729 2022 791 tradita
2073 737 2527 807 posterorum;
2573 728 2683 791 sed
2729 730 2822 792 vel
2869 730 3084 809 aliqua
3146 732 3459 810 ignorata.

194 826 296 885 vel
358 842 490 904 pra;
538 843 653 889 sua
685 827 1033 907 exiguitate
1068 828 1523 908 prmtermissa.
1561 830 1916 910 Scriptores
1976 845 2125 891 vero
2158 829 2395 908 reliqui
2436 831 2694 892 nonnisi
2755 831 3236 910 Opportunitate
3295 834 3459 895 data.

194 927 599 989 mentionem
628 926 837 991 facere
879 940 1360 992 consueverunt
1417 929 1749 995 civitatum
1790 929 2201 1010 aliorumque
2235 922 2550 993 locorum.
2610 932 3044 1005 Quamobrem
3112 932 3459 1008 Cellarius,

194 1027 457 1088 tametsi
496 1027 1059 1108 diligentissimus,
1123 1029 1295 1091 locos
1325 1029 1581 1109 aliquos
1626 1032 2077 1110 prmtermisit;
2141 1033 2493 1109 praesertim
2552 1049 2701 1122 vero
2757 1031 2955 1113 (quod
3014 1033 3163 1094 facit
3192 1032 3261 1098 in
3324 1049 3460 1094 rem

194 1134 512 1213 nostram)
540 1133 775 1196 nullam
813 1133 894 1196 ad
922 1135 1190 1196 Pontum
1225 1134 1552 1198 Euxinum
1585 1124 2051 1215 Tiberioiiolim
2085 1143 2415 1206 memorat,
2450 1153 2641 1216 quam
2667 1144 2875 1200 tamen
2909 1138 3239 1200 exstitisse
3263 1139 3461 1201 dubi-

192 1234 319 1295 tari
356 1236 460 1296 vix
485 1243 734 1315 potest.
773 1239 845 1299 In
878 1237 1112 1301 Graecis
1138 1256 1401 1319 quoque
1433 1240 1692 1303 Notitiis
1724 1257 1869 1319 qum
1894 1240 2103 1303 adhuc
2147 1248 2519 1320 supersunt,
2564 1233 2970 1321 episcopatus
3002 1241 3181 1305 fuere
3216 1243 3461 1324 aliquot

186 1339 641 1416 prmtermissi,
667 1348 737 1408 ut
766 1342 998 1404 eruditi
1027 1343 1419 1423 jampridem
1474 1347 1887 1410 adnotavere.
1914 1348 2225 1411 Cmterum
2254 1364 2331 1409 ex
2364 1362 2441 1409 eo
2471 1347 2661 1409 etiam
2695 1348 2848 1409 oriri
2888 1349 3094 1424 potuit
3129 1347 3460 1409 silentium

189 1439 609 1519 episc0patus
656 1442 1214 1523 TiberiOpolitani,
1261 1444 1438 1525 quod
1498 1445 1633 1509 haec
1664 1446 1909 1521 civitas,
1939 1447 2230 1527 quamdiu
2277 1462 2510 1508 nomen
2562 1445 2732 1507 istud
2770 1446 3065 1521 retinuit,
3096 1464 3297 1511 unum
3330 1445 3460 1507 for-

189 1548 393 1617 tasse,
430 1545 529 1607 vel
561 1545 838 1610 alterum
861 1548 1157 1612 habuerit
1188 1550 1565 1631 episcopum
1597 1568 1614 1626 ;
1648 1569 1792 1614 cum
1826 1551 1996 1615 haud
2028 1551 2229 1614 multo
2264 1559 2404 1628 post
2446 1548 2823 1629 martyrium
2882 1548 3236 1620 Theodori,
3269 1545 3457 1625 primi

189 1643 491 1723 ejusdem
523 1648 799 1737 civitatis
833 1652 1146 1730 episcopi,
1180 1660 1417 1717 vastata
1446 1654 1646 1717 fuerit
1680 1656 1890 1735 primo
1932 1656 2199 1735 quidem
2232 1655 2311 1716 ab
2355 1654 2637 1727 Ombris,
2671 1650 2909 1714 deinde
2932 1666 2966 1711 a
3006 1649 3326 1737 Bulgaris,
3380 1656 3453 1710 ut

187 1744 348 1805 satis
375 1744 726 1811 indicatvel
749 1736 941 1811 iStius
964 1757 1188 1814 auctor
1211 1753 1531 1827 opusculi.
1549 1755 1733 1828 Quod
1759 1771 1907 1817 vero
1923 1772 2134 1834 neque
2150 1750 2279 1817 alio
2309 1753 2429 1815 sub
2444 1751 2726 1838 nomine,
2758 1750 3064 1812 nimirum
3079 1736 3457 1812 Strumitzw.

189 1858 616 1913 annumerata
639 1852 904 1916 sedibus
945 1856 1428 1934 episcopalibus
1474 1859 1863 1931 inveniatur,
1919 1858 2082 1920 illud
2120 1857 2465 1920 videturin
2512 1872 2705 1918 causa
2756 1852 2962 1917 fuisse
3011 1852 3180 1931 quod
3244 1851 3456 1927 archi-

193 1949 509 2030 episcOpo
532 1959 911 2031 αὺτοκεφάλῳ,
940 1957 1263 2039 suijuris,
1306 1976 1425 2022 seu
1458 1961 1709 2023 nullius
1740 1959 1866 2022 sub
1888 1951 2523 2040 patriarchmditione
2555 1956 2928 2027 constituto,
2963 1954 3260 2015 subesset
3289 1950 3459 2031 (nam
3514 2002 3517 2005 ς

188 2046 258 2108 in
313 2050 639 2127 praedictis
693 2053 950 2118 Notitiis
988 2057 1403 2123 solummodo
1454 2068 1887 2125 recensentur.
1930 2063 2122 2126 sedes
2153 2058 2554 2141 episcopales
2590 2060 2746 2137 'quee
2793 2057 3086 2144 quinque
3155 2054 3459 2133 suberant

191 2146 621 2230 patriarchis)
668 2174 683 2215 :
720 2153 851 2215 nisi
897 2155 1113 2220 dicere
1147 2158 1357 2236 malis,
1392 2159 1619 2223 urbem
1649 2160 1812 2222 hanc
1848 2176 1974 2221 non
2005 2160 2364 2221 Strumiizw
2396 2155 2657 2218 nomine
2703 2155 2969 2235 (quippe
3004 2152 3177 2232 quod
3236 2148 3460 2229 Bulga'

193 2245 402 2307 ricum
431 2247 550 2329 est)
581 2251 692 2315 sed
724 2253 940 2316 Graeco
961 2257 1090 2320 alio
1118 2257 1432 2322 vocabulo
1460 2259 1529 2321 in
1560 2259 1804 2323 eisdem
1833 2259 2097 2323 Notitiis
2142 2256 2468 2336 designari
2498 2274 2511 2316 :
2542 2262 2651 2317 aut
2680 2256 2939 2316 demum
2974 2254 3120 2315 ideo
3185 2252 3460 2312 Strumi-

190 2359 357 2416 nam
418 2370 547 2418 non
608 2364 959 2437 recenseri,
1013 2366 1166 2444 quia
1201 2365 1378 2434 sedis
1414 2352 1805 2448 episcopalis
1832 2368 2143 2431 honorem
2181 2373 2286 2429 aut
2330 2365 2525 2429 nimis
2562 2381 2707 2429 sero
2753 2364 2836 2425 sit
2864 2364 3116 2440 adepta,
3166 2369 3277 2423 aut
3331 2359 3459 2421 cito

195 2454 401 2518 nimis
430 2457 743 2537 amiserit,
774 2473 882 2528 aut
913 2468 1126 2530 solum
1165 2471 1357 2533 certis
1389 2478 1746 2550 temporum
1777 2470 2141 2534 intervallis
2187 2486 2259 2530 ea
2292 2469 2603 2548 dignitate
2635 2465 2832 2529 fuerit
2864 2463 3169 2542 insignita
3202 2460 3455 2543 (quem-

194 2557 545 2626 admodum
597 2572 658 2628 et
686 2565 835 2653 aliis
899 2569 1168 2650 contigit
1218 2570 1505 2648 parvulis
1548 2568 1970 2651 civitatibus),
2004 2572 2299 2649 adeoque
2332 2576 2467 2631 tum
2504 2568 2711 2647 potuit
2744 2566 2857 2628 hac
2895 2563 3329 2651 ιπωΐοὲἃῖίνθ,
3356 2574 3460 2624 03"

197 2668 366 2739 rere,
399 2680 559 2725 cum.
601 2665 1066 2746 episCOpalium
1125 2670 1381 2734 sedium
1425 2671 1691 2753 catalogi
1733 2673 1845 2753 qui
1875 2673 1951 2734 ad
1983 2688 2102 2735 nos
2138 2688 2342 2751 usque
2382 2676 2815 2749 pervenerunt
2873 2666 3457 2728 conscriberentur.

196 2761 516 2828 Caeterum
547 2766 712 2859 illud
747 2769 971 2834 saltem
1002 2772 1258 2836 videtur
1288 2774 1355 2837 in
1395 2775 1665 2857 dubium
1699 2779 1976 2860 revocari
2014 2793 2139 2857 non
2176 2791 2387 2854 posse,
2424 2770 3035 2851 episcopumfuisse
3061 2767 3487 2860 Strumitzm,

197 2864 353 2926 dum
388 2867 456 2928 in
494 2854 658 2932 vivis
685 2878 904 2948 ageret
932 2872 1459 2952 TheOphylactus
1485 2854 1513 2931 ιη
1541 2866 1785 2955 quippe
1812 2856 1925 2957 qui
1960 2854 2234 2957 epistola
2269 2876 2543 2953 32jnxta
2570 2872 2840 2935 MeurSii
2873 2872 3225 2931 editionem
3259 2856 3459 2928 testa-

199 2971 325 3039 tur,
358 2983 431 3028 se
460 2964 801 3045 Pelagonia
841 2971 983 3049 (seu
1038 2967 1418 3055 Pelag/anim)
1452 2977 1547 3033 καὶ
1576 2977 1713 3050 πρὸς
1737 2964 1797 3031 at

1858 2979 2259 3049 Στρομϐίτζης,
2292 2984 2349 3035 et
2370 2973 2784 3046 Strombitzm,
2821 2981 2875 3033 et
2940 2968 3270 3033 Malesobaz
3323 2968 3454 3047 epi-

199 3067 413 3145 scopis
453 3070 805 3148 scripsisse.
857 3071 1300 3136 Strombitzam
1364 3074 1537 3137 enim
1594 3072 1766 3135 idem
1818 3088 1890 3135 ac
1936 3072 2344 3137 Strumitzam
2376 3094 2539 3151 esse,
2573 3076 2708 3155 ipsa
2752 3075 3035 3138 nominis
3094 3070 3456 3135 similitudo

199 3167 604 3255 aliinitasque
636 3173 930 3240 dubitare
963 3192 1089 3241 non
1124 3179 1279 3242 sinit
1311 3203 1328 3243 :
1367 3180 1719 3259 praesertim
1768 3194 1911 3242 cum
1947 3196 2139 3260 supra
2198 3182 2879 3253 demonstraverimus,
2906 3180 3307 3243 Strumitzam
3352 3174 3459 3256 (de

201 3290 325 3351 qua
388 3273 494 3337 hic
523 3279 759 3356 sermo)
817 3296 1045 3358 parum
1094 3298 1131 3345 a
1161 3284 1500 3365 Pelagonia
1532 3268 1847 3357 distasse;
1885 3291 2076 3364 atque
2109 3286 2327 3360 etiam,
2360 3296 2431 3348 ut
2457 3286 2592 3364 ipse
2655 3285 2955 3357 arbitror,
3012 3299 3045 3344 a
3085 3280 3405 3343 Malesoba
3437 3296 3456 3342 :

203 3378 724 3461 TheOphylactu's
751 3402 905 3449 vero
933 3388 1014 3452 ad
1052 3389 1392 3470 episc0pos
1432 3389 1579 3451 illos
1623 3396 1787 3461 tres,"
1806 3395 2028 3467 utpote
2060 3389 2388 3463 finitimos,
2422 3405 2575 3451 suas
2628 3389 2882 3451 misisse
2915 3387 3217 3465 epistolas
3245 3385 3463 3447 videa-.

202 3488 326 3547 tur.
360 3486 586 3564 Neque
630 3502 778 3549 vero
809 3488 1323 3569 TheOphylactus
1359 3491 1665 3555 duntaxat
1722 3492 1935 3570 ipsum
1977 3491 2335 3557 Strumitzze
2365 3508 2599 3553 nomen
2654 3490 2989 3567 paululum
3041 3476 3453 3560 iinmutavit;

202 3588 311 3649 sed
343 3598 405 3651 et
436 3589 767 3656 Cedrenus
828 3611 967 3657 eam
989 3597 1378 3679 Στρούμπιξαν
1412 3604 1469 3658 et
1523 3605 1804 3678 Στρούπιτέ

1850 3622 1928 3669 ιν,
1969 3597 2402 3676 Strumpitzan
2436 3606 2497 3659 et
2524 3598 2900 3676 Strupz‘tzan
2964 3593 3117 3679 (nisi
3155 3594 3220 3654 in
3256 3592 3452 3655 alter-

203 3699 419 3752 utrum
472 3691 683 3757 locum
729 3676 1059 3776 irrepserit
1110 3699 1416 3762 mendum
1452 3676 2007 3780 typographicum)
2049 3707 2252 3761 vocat.
2288 3701 2358 3761 Et
2391 3700 2654 3779 quidem
2695 3714 2775 3761 eo
2817 3697 2933 3759 loci
2961 3676 3317 3758 Cedrenum
3375 3694 3457 3755 de

204 3791 567 3869 Strumitza,
608 3795 687 3858 de
723 3812 850 3877 qua
894 3814 1013 3861 nos
1074 3800 1429 3880 loquimur,
1473 3818 1838 3864 sermonem
1878 3800 2139 3874 habere,
2200 3809 2596 3879 compertum
2625 3818 2701 3862 ex
2732 3818 2809 3887 eo
2847 3807 2941 3861 est
2999 3800 3172 3878 quod
3230 3796 3456 3859 Basilii

205 3896 607 3975 imperatoris
641 3899 766 3963 iter
792 3900 1004 3984 Serris
1031 3904 1264 3983 Scopia
1307 3906 1445 3967 sive
1474 3906 1716 3982 Scupos
1749 3903 2152 3977 describens,
2186 3902 2485 3963 eumdem
2522 3902 2750 3963 referat
2788 3902 3191 3976 Strumpitzm
3220 3917 3454 3977 appro-

205 3984 558 4081 pinquasse
585 4022 601 4061 :
630 4018 761 4087 quo
796 4003 982 4065 illum
1013 4007 1415 4083 Strumpitzm
1442 4007 1635 4067 situm
1674 4005 1990 4084 designat,
2030 4020 2225 4084 quem
2253 4019 2370 4065 nos
2399 3994 2754 4064 Strumitzm
2784 4000 3245 4065 constituimus
3277 4003 3454 4066 Nice-

208 4102 384 4180 phori
445 4097 742 4184 Gregora?
778 4105 989 4166 verbis
1027 4106 1259 4169 innixi.
1310 4108 1433 4169 Alii
1471 4108 1718 4171 minore
1748 4108 1957 4170 adhuc
1995 4106 2365 4169 diversitate
2393 4106 2680 4167 eamdem
2711 4104 3158 4166 Strumm’tzam
3194 4119 3452 4165 nuncu-

206 4210 376 4282 pant,
439 4211 512 4266 ut
560 4205 836 4268 Ananias
904 4206 1195 4285 ejusdem
1254 4209 1635 4288 episcopus,~
1659 4210 1771 4288 qui
1818 4224 1987 4270 anno
2028 4208 2184 4270 1565
2220 4206 2472 4286 synodo
2506 4203 3061 4282 Constantinoiioli
3120 4203 3454 4266 celebratze

207 4306 353 4383 (qua
384 4307 640 4387 synodo
677 4308 965 4388 dejectus
997 4311 1081 4372 ob
1108 4310 1404 4373 simonite
1431 4311 1676 4372 crimen
1709 4327 1744 4371 e
1783 4310 2017 4371 throno
2067 4307 2489 4387 patriarchico
2523 4315 2619 4369 est
2649 4306 3006 4383 Joasaphus
3060 4304 3240 4367 illius
3278 4304 3452 4367 urbis

207 4403 752 4487 archiepiscopus)
782 4411 1168 4491 subscripsit
1214 4411 1314 4473 his
1350 4413 1562 4474 verbis
1596 4430 1608 4473 :
1648 4412 1785 4491 Ego
1824 4410 2083 4474 humilia
2110 4410 2444 4487 episcopus
2470 4408 2873 4469 Strumnitzae
2907 4408 3188 4493 Ananias
3245 4407 3453 4469 colens

204 4520 329 4564 meo
372 4507 641 4586 consilio
669 4493 1046 4589 subscripsi.
1086 4521 1154 4575 ut
1185 4513 1612 4575 ecclesiastica
1640 4529 1757 4581 seu
1780 4509 2197 4589 patriarchica
2226 4507 2418 4572 refert
2440 4507 2705 4597 historia
2734 4501 3170 4571 Emmanuelis
3194 4508 3448 4579 Malaxi,

129 4665 133 4668 .
208 4604 701 4682 Peloponnesii;
734 4626 927 4686 quam
958 4612 1273 4671 Martinus
1325 4612 1619 4686 Crusius,
1650 4613 2013 4672 Academias
2044 4609 2479 4691 Tubingensis
2513 4609 2855 4692 professor,
2892 4611 3111 4669 Latine
3146 4610 3446 4679 reddidit,

209 4707 707 4786 etliditquelib.
760 4726 806 4769 ιι
851 4708 1375 4771 Tarae-Graeciaa.
1436 4712 1529 4771 Ex
1560 4724 1695 4789 quo
1751 4726 1811 4771 cc

1846 4710 2199 4788 isequitur,
2266 4713 2673 4773 Strumitzam
2727 4710 2964 4767 nedum
2996 4708 3254 4779 saeculo,
3317 4722 3448 4785 quo

212 4807 459 4869 vivebat
488 4806 986 4891 Thaphylactus,
1025 4807 1387 4881 undecimo,
1422 4809 1533 4869 sed
1565 4809 1755 4877 etiam
1789 4809 2045 4875 decimo
2074 4818 2257 4873 sexto
2287 4808 2635 4889 epiSCOpali
2663 4808 2817 4869 sede
2875 4815 3159 4870 ornatam
3214 4810 3444 4871 fuisse.

210 4911 429 4972 Sedem
465 4909 621 4971 hanc
650 4892 1045 4973 etiamnunc
1090 4910 1396 4989 temporis
1426 4927 1795 4989 superesse;
1823 4911 1955 4974 imo
1980 4920 2041 4973 et
2081 4904 2542 4987 metropolitica
2574 4908 2883 4987 dignitate
2930 4908 3136 4973 fuisse
3173 4919 3445 4983 auctam,

213 5022 475 5076 testatus
534 5014 695 5077 mihi
743 5025 839 5078 est
868 5016 1140 5077 Jacobus
1188 5015 1455 5093 Nicolai,
1487 5016 2023 5079 hieromonachus
2059 5015 2439 5092 Olympiam,
2498 5030 2617 5073 seu
2654 5031 2730 5073 ex
2766 5015 3155 5078 monasterio
3212 5016 3449 5078 montis

213 5118 494 5205 Olympi,
534 5135 728 5196 quem
773 5118 995 5197 paucis
1024 5106 1171 5205 ante
1200 5119 1454 5192 diebus,
1492 5135 1685 5196 quam
1718 5120 1853 5184 haec
1903 5120 2073 5200 typis
2124 5116 2602 5189 mandarentur,
2639 5116 2715 5178 ad
2748 5118 2907 5180 hanc
2941 5120 3158 5181 urbem
3210 5124 3443 5198 appul-

213 5203 373 5290 sum,
405 5224 479 5279 ut
509 5216 745 5278 deinde
778 5218 847 5279 in
877 5203 1405 5297 Transylvaniam
1471 5216 1786 5297 pergeret,
1815 5217 2165 5287 sacerdotis
2223 5233 2489 5277 munere
2527 5218 2695 5296 apud
2726 5236 2861 5279 sua;
2889 5219 3096 5295 gentis
3150 5219 3445 5280 homines

214 5300 451 5378 ibidem
475 5315 842 5391 iuncturus,
873 5320 1072 5379 semel
1104 5325 1165 5381 et
1197 5319 1431 5381 iterum
1462 5320 1787 5381 allocutus
1835 5336 2004 5382 sum.
2068 5316 2189 5379 Hic
2222 5334 2321 5378 me
2354 5317 2421 5378 in
2475 5317 2699 5395 primis
2728 5316 3065 5376 certiorem
3099 5314 3269 5388 fecit,
3310 5316 3441 5378 fere

218 5417 530 5498 integrum
575 5430 859 5482 mensem
908 5434 980 5481 se
1002 5420 1359 5484 Strumitzaz
1388 5428 1697 5483 moratum
1724 5438 1891 5483 esse.
1926 5423 2087 5482 Tum
2117 5418 2269 5481 milii
2304 5420 2384 5482 de
2420 5418 2788 5498 quindecim
2831 5417 3002 5476 hisce
3059 5419 3443 5495 martyribus

220 5517 561 5580 sciscitanti
592 5519 950 5598 respondit,
987 5535 1111 5581 non
1141 5524 1330 5585 modo
1364 5522 1624 5585 illorum
1683 5522 2054 5583 memoriam
2086 5538 2157 5583 ea
2194 5521 2259 5583 in
2296 5522 2452 5583 urbe
2487 5518 2700 5596 vigere
2736 5516 2891 5588 ;sed
2931 5516 3118 5576 etiam
3164 5533 3194 5578 a
3237 5534 3445 5580 sacer-

220 5619 465 5681 dotibus
496 5635 574 5681 eo
606 5618 731 5681 loci
775 5617 1250 5683 celebrantibus
1283 5620 1955 5684 commemorationem
1987 5621 2281 5700 quotidie
2307 5618 2440 5681 ﬁeri
2478 5638 2491 5676 :
2523 5614 2865 5695 quotannis
2899 5629 3051 5674 vero
3088 5616 3441 5678 solemnem

221 5719 513 5782 celebrari
545 5719 920 5785 eorumdem
975 5727 1321 5800 martyrum
1384 5722 1792 5794 festivitatem
1843 5745 1856 5780 :
1904 5724 2062 5801 quin
2109 5717 2850 5798 et'peculiare'ollicium
2896 5725 2957 5777 et
3001 5716 3306 5779 lectiones
3362 5720 3440 5776 de

208 5816 495 5894 ipsorum
535 5824 838 5904 martyrio
883 5822 1099 5886 haberi
1136 5849 1148 5883 :
1192 5842 1393 5903 caque
1418 5826 1629 5887 omnia
1664 5826 1977 5888 contineri
2014 5824 2318 5904 peculiari
2355 5823 2629 5901 quodam
2672 5820 2887 5880 libello
2950 5818 3259 5898 impresso
3318 5823 3440 5878 lio-
