4056 6340
568 410 571 413 ,
627 351 737 415 539
797 395 801 399 .
1666 349 2054 411 BONIFACII
2086 349 2398 411 FINETTI
2443 351 2835 413 PR/EFATIO
3770 355 3871 417 ΗΟ

629 458 895 535 scopoli,
934 458 1055 534 vel,
1077 467 1143 519 nt
1172 458 1599 522 communiter
1635 461 2049 537 pronuntiant
2075 459 2688 539 Graeci,Vosc0poli,
2715 448 3279 538 inZMacedonia,in
3312 477 3437 541 qua
3466 460 3625 524 urbe
3648 462 3869 540 paucis

628 560 857 622 abhinc
882 562 1070 623 annis
1107 561 1393 624 instituta
1415 560 1967 641 esttypOgraphia.
2000 560 2232 623 Notitia
2261 560 2415 636 inec,
2448 578 2637 641 quam
2666 561 2822 622 mihi
2852 562 2966 623 diu
2996 561 3868 643 multumqueinquirentiex

631 662 751 721 hoc
776 680 905 723 uno
937 679 1118 726 sacro
1144 662 1451 725 monacho
1481 662 1739 724 haurire
1774 662 1978 735 licuit,
2012 662 2270 741 egregie
2304 662 2633 724 conﬁrmat
2657 661 2962 733 historias,
2996 680 3142 741 quae
3168 661 3231 723 in
3262 662 3379 724 hac
3409 661 3870 741 Theophylacti

628 763 917 824 oratione
962 764 1375 839 describitur,
1436 765 1764 826 veritatem
1804 786 1819 826 :
1882 764 2231 841 praesertim
2277 780 2421 826 cum
2457 762 2695 834 omnia,
2743 779 2890 843 quae
2929 762 3065 839 ipse
3096 763 3398 826 referrem
3433 780 3513 825 ex
3573 764 3871 841 praedicta

632 863 945 934 oratione,
973 864 1084 927 ille
1112 882 1181 927 se
1219 865 1458 945 legisse
1480 864 1805 929 afﬁrmarit
1840 867 1906 928 in
1945 871 2294 928 memorato
2342 864 2585 928 libello.
2627 864 2847 926 Solum
2874 863 2993 926 hoc
3026 881 3153 927 non
3180 865 3335 927 satis
3380 864 3690 926 memoria
3764 864 3869 925 ille

633 964 906 1039 tenebat,
935 982 1012 1028 an
1043 973 1350 1046 martyres
1388 966 1483 1029 illi
1532 966 1655 1029 sub
1680 968 1942 1029 Iuliano
1992 969 2289 1044 Apostata
2337 964 2711 1043 martyrium
2743 964 3025 1027 subiisse
3058 980 3136 1027 eo
3172 965 3240 1026 in
3274 964 3493 1027 libello
3550 965 3869 1027 dicantur.

632 1068 706 1128 Et
752 1067 881 1129 haec
912 1070 990 1130 de
1022 1068 1183 1144 loco,
1224 1069 1335 1132 ubi
1373 1071 1541 1147 passi
1588 1078 1738 1134 sunt
1771 1078 2106 1149 martyres,
2138 1070 2411 1149 ejusque
2442 1069 2777 1131 occasione
2808 1069 2937 1130 sint
2974 1069 3140 1131 dicta

712 1167 885 1229 XXI.
946 1170 1229 1247 Tempus
1289 1186 1439 1232 vero
1490 1186 1618 1250 qno
1650 1172 1711 1233 id
1764 1171 2030 1249 contigit
2062 1170 2315 1232 deﬁniri
2353 1169 2539 1231 facile
2571 1175 2801 1248 potest.
2850 1172 3005 1230 Nam
3065 1186 3140 1230 ex
3189 1168 3539 1247 epigraphe
3603 1169 3875 1249 ipsaque

631 1266 921 1329 oratione
955 1269 1317 1343 innotescit,
1356 1287 1467 1333 eos
1501 1272 1850 1351 imperante
1881 1271 2142 1333 Iuliano
2189 1274 2489 1350 Apostata
2543 1271 2925 1348 sanguinem
2985 1286 3098 1349 pro
3130 1270 3378 1332 Christo
3409 1268 3681 1331 fudisse.
3722 1271 3876 1330 Cum

632 1372 848 1427 autem
873 1366 1161 1443 perbrevi
1189 1376 1476 1448 tempore
1529 1372 1893 1434 moderatus
1930 1371 2040 1433 ille
2069 1371 2414 1451 imperium
2466 1371 2550 1433 sit
2580 1370 2913 1452 (nimirum
2970 1386 3004 1431 a
3049 1387 3269 1432 mense
3316 1368 3661 1432 Novembri
3725 1370 3878 1429 anni

628 1470 740 1529 36I
783 1469 856 1531 ad
889 1470 1058 1533 diem
1110 1490 1319 1552 usque
1348 1475 1427 1536 26
1458 1475 1634 1537 Junii
1669 1477 1819 1538 anni
1852 1476 2021 1555 363),
2084 1474 2500 1555 perSpicuum
2531 1481 2651 1551 est,
2698 1491 2815 1538 nos
2854 1473 2921 1536 in
2957 1473 3323 1536 deﬁniendo
3376 1471 3663 1551 martyrii
3716 1478 3879 1532 tem-

638 1585 786 1647 pore
825 1572 927 1632 vix
960 1588 1149 1651 posse
1187 1590 1356 1636 anno
1398 1575 1650 1655 integro
1689 1596 1721 1639 a
1754 1592 1905 1639 vero
1945 1576 2262 1638 aberrare.
2292 1577 2384 1638 Ex
2415 1576 2684 1639 historia
2729 1576 3057 1655 siquidem
3107 1572 3539 1637 ecclesiastica
3600 1581 3878 1635 constat,

632 1687 780 1731 eum
812 1672 1140 1751 aliquanto
1171 1684 1309 1751 post
1343 1676 1573 1738 initum
1607 1677 1954 1757 imperium
1987 1665 2503 1756 persecutionem
2543 1677 2883 1740 inchoasse
2922 1682 3139 1739 contra
3183 1672 3579 1734 Christianos
3612 1694 3629 1745 ;
3689 1679 3909 1751 atque

548 1858 551 1861 _
632 1773 695 1832 in
730 1771 849 1834 hoc
880 1775 1021 1851 ipso
1054 1778 1368 1854 opusculo
1396 1780 1692 1859 legimus,
1722 1787 2053 1860 martyres,
2118 1781 2197 1842 de
2236 1780 2475 1859 quibus
2521 1780 2623 1842 hic
2666 1796 2903 1853 sermo,
2976 1784 3115 1858 post
3143 1776 3359 1856 fugam
3397 1776 3670 1854 primum
3734 1775 3883 1854 quio

630 1872 774 1934 dem
832 1893 911 1936 ex
942 1876 1398 1954 urberNicaaa,
1433 1882 1665 1943 deinde
1723 1900 1797 1944 ex
1847 1878 2329 1955 Thessalonica,
2363 1880 2744 1960 aliquandiu
2784 1887 3209 1943 commoratos
3246 1895 3388 1941 esse
3450 1875 3883 1953 TiberiOpoli,

629 1971 903 2052 ejusque
929 1976 1121 2049 cives,
1159 1986 1219 2039 et
1248 1979 1661 2042 finitimorum
1714 1980 2002 2043 locorum
2054 1979 2298 2043 incolas
2331 1997 2456 2059 qua
2493 1981 2964 2059 prmdicatione,
2991 1997 3117 2060 qua
3144 1977 3473 2042 miraculis
3514 1978 3592 2038 ad
3640 1977 3880 2039 Christi

631 2070 818 2134 Iidem
872 2075 1253 2151 perduxisse
1294 2094 1308 2138 :
1370 2078 1437 2138 in
1477 2094 1608 2157 quo
1659 2079 1964 2159 temporis
2014 2079 2293 2157 spatium
2330 2079 2591 2160 aliquod
2628 2078 2922 2161 illudque
2948 2095 3076 2142 non
3100 2080 3263 2142 adeo
3294 2078 3607 2157 exiguum
3638 2078 3887 2138 insum-

632 2178 810 2251 ptum
842 2192 985 2238 esse
1012 2184 1286 2255 oportet.
1322 2178 1485 2240 Hinc
1524 2196 1674 2242 vero
1726 2198 1953 2260 magna
1987 2180 2431 2260 probabilitate
2480 2182 2845 2256 deducitur,
2898 2182 3120 2261 paucis
3166 2189 3310 2244 ante
3340 2180 3585 2244 Iuliani
3628 2179 3882 2241 obitum

633 2274 988 2350 mensibus,
1023 2276 1311 2358 adeoque
1343 2278 1509 2342 circa
1539 2281 1689 2342 anni
1717 2282 1834 2343 363
1889 2280 2174 2355 initium,
2220 2289 2328 2343 aut
2359 2290 2529 2346 certe
2568 2283 2692 2345 sub
2734 2282 2923 2345 ﬁnem
2955 2282 3109 2345 anni
3169 2282 3305 2357 362,
3334 2298 3445 2345 eos
3500 2280 3881 2359 martyrium

630 2378 938 2443 subiisse.
978 2384 1197 2462 Neque
1227 2383 1340 2446 hac
1389 2384 1467 2447 de
1500 2403 1568 2447 re
1606 2385 1791 2465 plura
1838 2407 1853 2448 :
1912 2388 2355 2452 tantummodo
2404 2389 3042 2453 animadvertendum
3085 2387 3373 2468 martyrii
3406 2387 3576 2449 diem
3632 2387 3702 2447 in
3768 2384 3886 2446 hoc

634 2481 775 2557 ipso
806 2483 1120 2559 cpusculo
1154 2485 1301 2563 poni
1336 2486 1459 2548 sub
1490 2486 1594 2551 die
1627 2488 1707 2551 28
1736 2490 2139 2555 Novembris.

712 2586 919 2647 XXII.
959 2587 1347 2667 Diligentius
1388 2590 1845 2671 inquirendum
1901 2595 2154 2658 videtur
2188 2602 2437 2675 tempus
2472 2594 2734 2657 etlocus
2765 2610 2895 2674 quo
2932 2593 3161 2656 horum
3195 2598 3547 2672 martyrum
3616 2607 3885 2670 corpora

630 2686 902 2748 solemni
939 2704 1167 2767 pompa
1192 2690 1486 2752 translata
1520 2690 1725 2755 fuere.
1756 2695 1833 2754 At
1864 2711 2055 2757 nemo
2095 2702 2303 2759 tamen
2343 2695 2446 2757 hic
2477 2711 2718 2757 annum
2753 2694 2948 2774 hujus
2995 2689 3429 2755 translationis
3462 2690 3802 2769 proprium
3853 2707 3885 2751 a

634 2785 821 2848 nobis
858 2788 1135 2864 postulet
1179 2789 1546 2869 designari:
1585 2793 1645 2855 id
1681 2794 1855 2856 enim
1888 2794 2018 2857 fieri
2070 2796 2439 2859 nullatenus
2465 2803 2693 2874 potest,
2731 2814 2875 2859 cum
2910 2793 3140 2857 nullibi
3186 2792 3528 2854 adnotatus
3560 2799 3881 2853 occurrat.

632 2889 842 2961 Quare
868 2894 1151 2965 tempora
1180 2890 1570 2967 proximiora
1616 2900 1942 2973 utcunque
1977 2894 2258 2958 indicare
2292 2892 2587 2958 sufﬁciet.
2610 2895 2676 2953 Id
2711 2909 2862 2957 vero
2890 2893 3123 2973 pendet
3154 2906 3189 2951 a
3228 2896 3515 2967 tempore
3572 2906 3706 2969 quo
3735 2888 3887 2950 Bul-

635 2984 842 3061 garica
875 3002 1033 3063 gens
1095 2986 1383 3064 amplexa
1445 2996 1539 3049 est
1598 2990 1829 3051 Christi
1866 2992 2119 3054 Domini
2179 2993 2362 3054 fidem
2400 3015 2414 3053 :
2452 3008 2592 3054 nam
2624 2991 2748 3053 sub
2798 2992 3004 3070 primo
3056 2989 3479 3069 Bulgarorum
3518 3006 3670 3069 rege
3706 2989 3891 3053 Chri-
3977 3004 3993 3022 λ

637 3087 848 3148 stiano
884 3088 1363 3153 translationem
1395 3090 1570 3155 illam
1595 3092 1798 3158 fuisse
1834 3103 2170 3175 peractam,
2206 3095 2455 3160 diserte
2487 3095 2799 3159 asseritur
2852 3094 2920 3157 in
2964 3093 3083 3155 hoc
3150 3110 3471 3156 sermone.
3519 3094 3661 3170 Qua
3694 3095 3783 3160 de
3817 3115 3888 3161 re

642 3187 952 3251 nonnulla
984 3189 1269 3254 diximus
1308 3192 1371 3254 in
1407 3194 1612 3270 Notis,
1649 3214 1809 3276 quas
1841 3198 1905 3260 in
1941 3197 2244 3262 inferiore
2287 3198 2481 3279 hujus
2513 3198 2825 3261 orationis
2876 3196 3182 3278 margine,
3225 3210 3297 3257 ac
3348 3196 3698 3273 praesertim
3743 3216 3885 3279 pag.

636 3295 746 3353 501
777 3293 1221 3372 apposuimus.
1271 3299 1493 3376 Neque
1536 3318 1703 3378 opus
1741 3318 1886 3364 esse
1924 3302 2218 3377 arbitror,
2251 3318 2388 3363 eam
2439 3319 2570 3363 rem
2626 3301 2837 3363 fusius
2872 3300 2977 3361 hic
3035 3301 3335 3379 persequi
3366 3304 3477 3362 aut
3523 3303 3889 3365 accuratius

642 3391 1028 3469 mvestigare
1062 3411 1079 3462 ;
1111 3408 1255 3453 cum
1298 3397 1641 3472 scriptores
1666 3412 1891 3459 omnes
1923 3398 2037 3476 qui
2071 3398 2230 3460 hanc
2282 3399 2567 3461 historias
2608 3399 3062 3477 ecclesiasticae
3103 3412 3343 3477 partem
3379 3400 3674 3479 attigere,
3732 3419 3887 3463 con-

643 3492 1004 3553 versionem
1042 3492 1467 3572 Bulgarorum
1526 3513 1696 3560 nono
1738 3498 1975 3562 saaculo
2010 3500 2322 3563 accidisse
2367 3500 2773 3563 consentiant
2815 3488 2833 3575 έ
2890 3500 3232 3581 solumque
3266 3501 3501 3581 viginti
3564 3519 3887 3566 annorum

642 3598 848 3675 spatio
872 3599 1065 3663 citius
1091 3599 1229 3675 alii,
1263 3602 1373 3665 alii
1408 3603 1619 3665 serius
1656 3613 1992 3669 autumant
2022 3608 2349 3670 evenisse.
2382 3607 2535 3668 Nam
2569 3607 2911 3686 scriptores
2941 3606 3143 3668 (πειθοῖ
3171 3622 3310 3667 eam
3348 3604 3482 3668 fere
3535 3606 3611 3668 ad
3644 3623 3885 3668 annum

644 3696 1246 3774 octingentesimum
1282 3701 1842 3781 quadragesimum
1875 3714 2126 3767 sextum
2164 3720 2461 3768 revocare
2495 3705 2817 3768 videntur.
2850 3705 3228 3767 Anastasius
3260 3720 3414 3766 vero
3468 3704 3892 3766 Bibliotheca-

649 3799 784 3860 rius
828 3800 892 3863 in
952 3804 1092 3865 Vita
1152 3805 1389 3868 Nicolai
1443 3808 1469 3867 Ι
1547 3824 1616 3869 ea
1654 3808 1861 3884 tradit,
1917 3828 1993 3871 ex
2019 3809 2259 3891 quibus
2307 3811 2610 3891 colligere
2644 3828 2923 3890 pronum
2952 3816 3073 3887 est,
3107 3810 3432 3873 nationem
3486 3810 3888 3899 Bulgaricam

643 3901 1019 3969 Christiana;
1048 3909 1343 3989 religioni
1373 3928 1606 3974 nomen
1639 3929 1768 3974 non
1808 3913 2061 3976 dedisse
2092 3923 2236 3977 ante
2266 3932 2507 3977 annum
2538 3915 2827 3994 ejusdem
2854 3914 3071 3979 smculi
3098 3913 3573 3993 sexagesimum
3606 3922 3888 3974 sextum.

644 4002 714 4065 In
748 4021 825 4067 eo
862 4008 1051 4071 etiam
1090 4026 1313 4073 omnes
1345 4011 1477 4073 fere
1513 4012 1949 4085 consentiunt,
2016 4014 2189 4091 quod
2247 4031 2355 4074 rex
2408 4013 2827 4092 Bulgarorum
2864 4015 3110 4091 primus
3140 4012 3517 4076 Christianas
3587 4009 3889 4089 religioni

646 4108 937 4174 addictus
966 4121 1110 4175 ante
1136 4114 1525 4194 baptismum
1587 4117 1854 4195 Bogoris
1909 4115 2453 4196 (Theophylactus
2515 4118 2581 4178 in
2638 4116 2755 4178 hac
2784 4116 3071 4177 oratione
3094 4115 3375 4175 Borisim
3419 4112 3669 4184 scribit,
3741 4122 3905 4172 voce‘

650 4211 980 4285 paululum
1034 4216 1415 4295 immutata),
1450 4218 1855 4296 postmodum
1902 4235 2052 4281 vero
2108 4218 2379 4283 Michael
2428 4218 2626 4282 fuerit
2682 4216 3062 4299 appellatus.
3110 4217 3231 4279 Sed
3294 4232 3551 4276 rursum
3609 4214 3669 4273 ii
3712 4212 3893 4272 valde

644 4309 1007 4390 discrepant
1038 4315 1101 4376 in
1142 4316 1527 4396 assignanda
1558 4335 1773 4392 causa,
1807 4337 1930 4398 qua
1980 4322 2286 4383 inductus
2328 4320 2435 4382 ille
2479 4319 2675 4381 fuerit
2703 4320 2775 4381 ad
2807 4318 3227 4405 Christianam
3254 4316 3438 4378 fidem
3498 4311 3860 4392 amplecten
3884 4343 3898 4356 -

644 4410 811 4469 «tam.
846 4409 975 4471 Alii
1017 4412 1187 4473 enim
1243 4415 1485 4475 sororis
1535 4434 1669 4478 suae
1716 4416 2291 4492 adhortationibus,
2330 4434 2474 4496 quae
2503 4419 2655 4479 dum
2695 4415 3251 4494 Constantinopoli
3279 4422 3659 4488 moraretur,
3714 4412 3897 4475 Chri-

646 4504 873 4573 stianis
906 4520 1039 4575 erat
1069 4512 1312 4577 imbuta
1346 4518 1694 4595 mysteriis,
1733 4528 2086 4595 permotum
2128 4520 2333 4601 fuisse
2372 4522 2628 4583 tradunt
2660 4536 2678 4595 ;
2710 4520 2818 4582 alii
2849 4520 3165 4582 bellorum
3196 4513 3515 4598 famisque
3559 4517 3890 4580 calamita-

646 4616 819 4681 tibus
858 4618 1209 4696 impulsum
1247 4643 1261 4682 :
1310 4620 1421 4683 alii
1462 4621 1676 4685 vivida
1731 4620 2093 4687 futurorum
2147 4624 2547 4686 cruciatuum
2592 4621 2896 4702 imagine,
2936 4638 3129 4703 quam
3166 4620 3463 4683 hauserat
3507 4636 3584 4681 ex
3646 4616 3897 4693 insigni

650 4720 917 4799 pictura,
972 4722 1341 4799 perculsum
1416 4722 1729 4785 divinitus
1759 4723 1990 4785 infusa;
2049 4722 2175 4785 luci
2221 4724 2443 4786 oculos
2475 4722 2835 4801 aperuisse,
2870 4729 3147 4783 narrant.
3184 4720 3306 4782 Sed
3348 4719 3481 4781 haac
3542 4719 3891 4779 enucleare

649 4829 861 4884 nostra
921 4838 1045 4885 non
1088 4823 1377 4887 interest.
1438 4824 1600 4884 Satis
1642 4823 1797 4884 mihi
1831 4831 1949 4897 est,
1987 4825 2308 4903 Bogorim,
2350 4825 2485 4885 sive
2517 4823 2793 4883 Borisim
2835 4822 3288 4899 quamcunque
3313 4819 3569 4879 demum
3608 4816 3695 4877 ob
3749 4835 3897 4879 cau-

647 4929 805 4995 sam,
852 4930 912 4983 et
958 4925 1094 5021 siye
1135 4942 1283 5000 una,
1345 4925 1481 4987 sive
1538 4923 1871 5001 multiplex
1920 4924 2138 5000 fuerit,
2181 4926 2435 4989 nonnisi
2474 4924 2641 4995 circa
2678 4922 3022 4984 dimidium
3078 4919 3299 4983 saeculi
3333 4918 3488 4979 noni
3542 4917 3890 4996 religionis

643 5023 1382 5100 Christianaalmysteriis
1407 5023 1609 5085 fuisse
1650 5022 2013 5085 initiatum:
2062 5024 2211 5084 inde
2235 5026 2406 5087 enim
2447 5030 2848 5102 compertum
2877 5020 3153 5093 efﬁcitur
3203 5019 3743 5098 exploratumque
3788 5022 3893 5080 SS.

647 5140 1023 5205 martyrum,
1059 5126 1139 5189 de
1176 5127 1414 5206 quibus
1447 5145 1617 5189 nunc
1644 5146 1852 5190 sermo
1894 5136 2010 5199 cst,
2058 5128 2536 5190 translationem
2584 5129 2812 5217 eodem
2860 5125 3210 5187 inclinante
3237 5124 3365 5204 jam
3413 5122 3646 5185 saaculo
3684 5123 3892 5184 conti-

648 5253 685 5309 g
718 5246 821 5289 sse
881 5245 896 5301 ;
950 5228 1239 5309 adeoque
1289 5226 1749 5306 'I‘heOphylacti
1807 5236 2053 5291 mtatem
2104 5229 2358 5292 duobus
2407 5230 2661 5292 circiter
2706 5228 2959 5291 saeculis
2992 5220 3424 5310 praecessisse,
3461 5230 3529 5285 ut
3583 5224 3892 5301 superius

652 5334 1010 5397 innuimus.

734 5437 960 5499 XXIII.
1010 5436 1246 5495 Verum
1277 5452 1404 5514 quo
1436 5433 1669 5495 clarius
1710 5433 2052 5496 innotescit
2080 5441 2331 5513 tempus
2369 5437 2589 5495 saltem
2616 5433 2981 5511 proximum
3014 5429 3381 5493 istiusmodi
3419 5427 3891 5511 translationis.

654 5554 727 5596 eo
762 5537 943 5598 nobis
975 5533 1310 5597 obscurior
1341 5544 1435 5595 est
1467 5534 1645 5597 locus
1678 5534 1753 5595 ad
1796 5550 1987 5612 quem
2020 5532 2227 5594 delata
2258 5549 2431 5593 sacra
2473 5533 2737 5611 pignora
2780 5540 2951 5594 sunt.
3002 5535 3239 5592 Auctor
3270 5528 3532 5607 quidem
3574 5524 3889 5588 orationis

651 5640 823 5699 hunc
889 5654 1331 5713 saepenumero
1396 5648 1569 5699 vocat
1617 5637 2253 5714 Βραγα>.ηνίτζαν,Βναρ

2285 5636 2591 5697 alinitzan
2642 5636 2763 5716 (vel
2808 5636 2861 5695 si
2927 5635 2956 5705 β
3013 5633 3467 5711 pronuntietur
3526 5628 3887 5690 recentium

653 5753 828 5799 more
862 5739 1244 5813 Graecorum,
1279 5736 1770 5819 l’ragalinitzan)
1842 5755 2111 5818 eamque
2148 5744 2204 5799 ct
2238 5740 2411 5813 πόλιν,
2468 5736 2700 5813 urbem,
2734 5748 2789 5797 et
2833 5731 3122 5809 ιπαρχὲαν,
3154 5732 3570 5814 provinciam,
3613 5747 3737 5795 seu
3768 5748 3887 5791 me-
