4056 6340
218 420 306 484 ill
1073 411 1152 471 ΙΝ
1187 408 1618 480 SEQUENTIA
1652 405 2224 467 THEOPHYLACTI
2261 406 2600 467 SCRIPTA.
3350 407 3454 469 442

214 530 508 609 tropolim
545 542 894 604 nuncupat.
927 523 1047 586 Sed
1082 539 1376 602 quamam
1408 536 1471 583 et
1494 539 1624 601 quo
1655 538 1791 584 IOCO
1818 522 2016 598 posita
2049 522 2156 594 sit,
2200 521 2294 582 vel
2329 521 2480 582 olim
2507 520 2700 581 fuerit
2723 519 2945 582 civitas
2981 521 3135 594 haec,
3166 523 3451 584 nondum

215 633 375 694 mihi
418 617 769 709 inquirenti
808 625 960 687 satis
986 626 1287 702 detegere
1321 623 1526 696 licuit,
1561 639 1705 684 cum
1748 640 1958 698 neque
1993 623 2055 682 in
2082 621 2520 699 geographicis
2549 622 2793 699 mappis
2829 621 3213 691 adnotatam,
3243 640 3454 700 neque

212 735 287 795 ab
318 732 451 795 alio
481 733 716 810 aliquo
745 735 1003 792 auctore
1037 737 1444 789 memoratam
1473 726 1850 804 repererim.
1885 729 2037 787 Cum
2067 741 2212 785 vero
2243 744 2314 808 ex
2357 725 2574 786 indole
2609 725 2844 803 linguai
2876 725 3247 798 Slavonicre,
3286 726 3451 786 haud

214 836 369 896 mihi
411 806 670 914 pr’orsus
704 835 954 913 ignotae,
975 839 1166 910 atque
1197 849 1271 894 ex
1293 830 1620 892 similibus
1641 847 1787 910 quae
1820 831 2050 906 passim
2076 806 2444 899 occurrunt,
2469 828 2654 888 etiam
2677 831 2840 906 apud
2879 829 3450 907 'I‘heOphylactum,

214 935 534 1014 exemplis
577 941 974 1014 compertum
1008 934 1331 1006 haberem,
1363 931 1481 994 hoc
1520 931 1899 994 vocabulum
1954 931 2305 1008 Bulgarica,
2333 948 2482 1008 quae
2509 930 2723 1008 lingua
2766 931 3022 992 Slavicze
3058 949 3173 992 seu
3227 933 3450 991 Slavo-

215 1034 377 1096 nica;
412 1036 720 1097 dialectus
755 1042 875 1105 est,
923 1034 1376 1096 terminatione
1407 1033 1732 1107 desinere,
1768 1033 1924 1093 illud
1964 1033 2173 1093 statim
2228 1031 2598 1109 perquirere
2636 1033 2815 1110 C(Bpi,
2885 1041 3118 1104 utrum,
3177 1034 3451 1093 detracta

212 1139 444 1201 saltem
484 1141 935 1202 terminatione
967 1140 1117 1212 itza,
1148 1137 1250 1201 vel
1282 1139 1479 1212 πίττα,
1513 1137 1706 1217 hujus
1737 1138 2052 1198 similisve
2085 1137 2360 1197 nominis
2407 1139 2556 1199 urbs
2590 1136 2652 1196 in
2696 1137 2985 1214 Bulgaria
3017 1146 3210 1212 esset,
3250 1138 3342 1198 vel
3390 1139 3450 1200 in

211 1242 335 1302 alia
387 1242 677 1320 regione,
711 1242 894 1320 cujus
940 1242 1163 1303 incolae
1196 1241 1416 1320 lingua
1467 1249 1802 1304 uterentur
1835 1243 2190 1320 Bulgarica,
2238 1241 2598 1319 cujusmodi
2629 1239 2749 1300 fuit
2781 1241 3239 1319 Bragalinitza,
3275 1250 3342 1302 ut
3376 1260 3450 1301 cx

213 1344 355 1420 ipsa
402 1343 692 1404 oratione
723 1350 989 1405 constat.
1040 1346 1270 1405 Verum
1321 1345 1450 1406 neri
1482 1344 1670 1405 aliam
1704 1343 1923 1404 urbem
1973 1342 2235 1414 offendi,
2267 1358 2410 1418 qua;
2441 1341 2652 1419 aliqua
2696 1343 2939 1404 ratione
2976 1361 3116 1403 cum
3167 1344 3274 1404 illa
3314 1359 3430 1403 con

213 1459 450 1520 gruere
511 1432 859 1516 videretur,
913 1460 1106 1522 quam
1157 1442 1434 1522 Bargala
1465 1442 1794 1522 pertinens
1835 1443 1910 1503 ad
1960 1441 2393 1506 Macedoniam
2435 1444 2779 1503 secundam
2833 1443 3160 1504 orientalis
3215 1443 3456 1523 Illyrici

215 1552 460 1619 partem
496 1562 510 1604 :
569 1562 712 1607 nam
772 1546 1061 1625 Bargalw
1117 1563 1378 1621 nomen,
1430 1546 1604 1626 quod
1639 1547 1893 1626 dempta
1927 1546 2377 1607 terminatione
2417 1547 2768 1625 Bulgarica,
2801 1531 3103 1619 ramanet,
3141 1566 3284 1607 cum
3351 1550 3455 1610 illa

210 1646 347 1709 fere
381 1653 753 1723 consensit;
816 1668 1028 1731 neque
1061 1670 1094 1714 a
1125 1652 1520 1731 Tiberiopoli
1565 1652 1838 1713 multum
1872 1653 2100 1714 abesse
2131 1651 2408 1713 videtur.
2448 1651 2760 1725 Quocirca
2786 1650 3093 1714 credibile
3138 1660 3255 1724 est,
3290 1652 3453 1712 intra

215 1751 535 1828 Bulgarici
561 1753 718 1814 ﬁnes
756 1755 1010 1830 imperii
1049 1773 1187 1817 eam
1229 1763 1363 1817 tum
1413 1755 1765 1829 exstitisse,
1800 1757 2093 1833 adeoque
2125 1764 2184 1816 et
2229 1755 2578 1832 Bulgaricze
2615 1756 2850 1834 linguae
2882 1756 2944 1815 in
2968 1758 3052 1831 jea
3089 1772 3275 1816 usum
3306 1762 3456 1818 tunc

213 1855 525 1929 temporis
563 1856 873 1933 viguisse.
1018 1847 1020 1849 l

291 1953 531 2014 XXIV.
580 1957 718 2016 Huc
751 1974 957 2035 usque
989 1957 1397 2036 scripseram,
1434 1976 1579 2021 cum
1622 1976 1812 2036 supra
1853 1958 2146 2020 laudatus
2179 1957 2529 2020 monachus
2561 1958 2930 2036 Olympiota
2963 1957 3300 2018 certiorem
3361 1977 3456 2019 me

209 2055 387 2131 fecit,
449 2066 698 2122 exstare
753 2064 1103 2126 etiamnum
1140 2065 1205 2126 in
1244 2068 1525 2126 secunda
1583 2066 1953 2127 Macedonia
1996 2064 2213 2125 urbem
2264 2061 2783 2139 Bragulinitzam,
2820 2081 2960 2135 seu,
3005 2071 3070 2124 ut
3129 2065 3266 2140 ipse
3309 2064 3455 2124 effe-

212 2159 416 2234 rebat,
455 2160 962 2240 Bragarinitzam
1011 2186 1031 2232 ;
1096 2165 1207 2225 sed
1251 2183 1285 2226 e
1330 2182 1551 2243 magna
1585 2167 1741 2226 urbe
1800 2168 1873 2226 ad
1909 2166 2045 2243 pagi
2082 2163 2518 2224 conditionem
2579 2165 2918 2236 redactam,
2981 2163 3380 2241 habitarique
3425 2177 3455 2221 a

212 2264 466 2336 Turcis,
504 2267 723 2342 paucis
779 2267 1082 2329 immistis
1116 2269 1538 2330 Christianis:
1597 2269 1838 2330 distare
1904 2284 2050 2330 vero
2093 2283 2125 2327 a
2159 2267 2496 2327 Strumitza
2529 2265 2820 2345 quinque
2850 2268 3101 2326 circiter
3159 2267 3454 2326 horarum

213 2358 447 2422 itinere
483 2383 499 2421 :
531 2379 602 2423 ac
629 2362 694 2423 in
737 2380 808 2424 ea
851 2379 977 2424 non
1010 2363 1220 2425 solum
1256 2367 1334 2425 de
1368 2377 1618 2443 peracta
1648 2369 1722 2428 ad
1759 2366 1958 2443 ipsam
1993 2372 2353 2426 sanctorum
2389 2374 2736 2440 martyrum
2778 2364 3185 2424 translatione
3213 2381 3452 2424 meme-

212 2463 370 2522 riam
419 2463 682 2541 vigere;
716 2465 827 2524 sed
866 2464 1054 2524 etiam
1094 2482 1188 2539 se,
1225 2482 1367 2527 cum
1403 2466 1546 2527 illac
1582 2465 1896 2536 transiret,
1934 2462 2208 2542 prepriis
2252 2463 2488 2524 vidisse
2535 2464 2740 2524 oculis
2787 2461 3198 2525 fundamenta
3240 2462 3455 2541 templi

212 2570 386 2648 quod
428 2570 492 2630 in
519 2586 742 2632 eorum
773 2568 1083 2631 honorem
1124 2572 1278 2633 olim
1307 2579 1706 2632 exstructum
1759 2568 2112 2629 dicebatur.
2152 2556 2334 2628 Plura
2373 2568 2449 2628 de
2491 2565 2662 2628 hisce
2695 2568 2935 2627 sanctis
3000 2568 3150 2626 mihi
3188 2569 3454 2634 dicenda

213 2691 338 2737 non
405 2680 786 2752 suppetunt.
846 2675 1155 2736 Caeterum
1193 2674 1534 2736 clarissimi
1578 2682 1635 2734 et
1685 2673 1763 2734 de
1823 2671 2177 2732 Christiana
2229 2671 2556 2747 republica
2612 2670 2851 2748 Optime
2908 2670 3112 2732 meriti
3170 2670 3455 2736 Bollandi

211 2777 697 2838 continuatores
747 2793 867 2839 suo
925 2789 1211 2856 tempore
1257 2787 1447 2838 totam
1489 2779 1647 2838 hanc
1677 2776 2007 2837 historiam
2064 2774 2566 2847 accuratissime,
2597 2791 2998 2852 summaque,
3041 2783 3108 2834 ut
3152 2777 3452 2844 assolent,

212 2878 606 2939 eruditionis
645 2878 707 2938 vi
737 2879 1109 2952 discutient,
1143 2881 1588 2950 illustrabunt,
1647 2878 2021 2956 expedient.
2055 2876 2319 2937 Interim
2368 2876 2535 2937 haud
2563 2875 2798 2944 inﬁma,
2829 2877 2972 2938 laus
3007 2873 3201 2952 hujus
3233 2875 3456 2936 editio-

215 2975 313 3034 nis
345 2973 745 3044 erit,'.ansam
789 2973 1139 3049 praebuisse
1179 2977 1684 3054 praaclarissimis
1745 2973 1906 3035 viris
1945 2974 2273 3050 negotium
2299 2972 2417 3034 hoc
2445 2973 2820 3052 perﬁciendi
2865 2998 2883 3030 :
2937 2983 2998 3039 ut
3049 2975 3256 3051 reipsa
3299 2993 3454 3052 prm-

214 3077 426 3138 bitura
460 3075 717 3137 videtur
762 3092 780 3149 ;
832 3074 1358 3154 quandoquidem
1393 3093 1468 3137 ex
1526 3075 1660 3136 illis
1701 3094 1895 3149 unus,
1932 3077 2029 3137 vir
2061 3077 2404 3156 omnigena
2458 3078 2828 3140 eruditione
2892 3079 3125 3151 clarus,
3175 3082 3452 3141 Joannes

215 3182 605 3260 Stiltingius,
628 3198 818 3259 quem
854 3180 967 3243 hac
998 3181 1076 3242 de
1099 3198 1162 3240 re
1201 3198 1312 3260 per
1339 3181 1581 3242 litteras
1603 3180 1737 3259 ipse
1769 3180 2097 3256 consului,
2131 3182 2313 3244 solita
2342 3182 2732 3242 humanitate
2763 3182 3113 3259 respondit,
3148 3201 3210 3240 se
3235 3179 3454 3243 horum

215 3293 568 3364 martyrum
597 3296 737 3346 acta
773 3303 900 3344 non
922 3283 1176 3346 vidisse.

1595 3432 1873 3492 SECTIO
1924 3433 2058 3493 Vll.

651 3564 735 3622 De
773 3560 1166 3622 Allocutiona
1197 3556 1278 3620 ad
1309 3556 1710 3620 Familiarem
1751 3559 1919 3620 circa
1963 3577 2029 3619 ea
2071 3575 2332 3638 quorum
2374 3560 2745 3620 incusantur
2777 3559 3017 3622 Latini.

292 3690 496 3750 XXV.
563 3689 881 3751 Allocutio
915 3689 1066 3762 haec,
1098 3705 1288 3768 quam
1323 3688 1431 3750 alii
1490 3687 1844 3766 Epistolam
1877 3691 1959 3749 ad
1987 3689 2316 3773 Nicolaum
2348 3688 2674 3750 diaconum
2708 3699 2764 3750 et
2797 3693 3199 3765 canstrisium
3233 3698 3453 3752 vocant

215 3790 297 3868 (α)
345 3798 498 3852 tunc
529 3792 719 3853 etiam
754 3791 1027 3853 celebris
1060 3800 1216 3865 erat,
1247 3809 1391 3853 cum
1427 3791 1630 3854 adhuc
1681 3793 1747 3852 in
1782 3794 2168 3870 quibusdam
2209 3793 2679 3871 insignioribus
2749 3793 3157 3854 bibliothecis
3212 3796 3453 3858 inedita

218 3896 516 3960 latitaret.
556 3901 692 3960 Non
725 3897 914 3958 modo
945 3896 1117 3958 enim
1150 3897 1232 3957 de
1259 3913 1330 3956 ea
1362 3896 1751 3956 mentionem
1780 3896 2061 3955 fecerant
2087 3897 2125 3953 ii
2159 3912 2385 3956 omnes
2408 3897 2519 3973 qui
2551 3897 2630 3956 de
2653 3896 3108 3974 TheOphylacti
3149 3901 3452 3974 Operibus

212 3996 585 4060 disseruere
619 4017 635 4066 ;
673 3996 788 4057 sed
814 3996 1034 4073 aliqua
1069 3996 1256 4072 etiam
1293 3995 1584 4073 ejusdem
1624 3996 1969 4072 fragmenta
2003 4002 2133 4055 tum
2157 3995 2223 4055 in
2257 3997 2411 4055 Jure
2445 3995 2998 4070 Graeco-Romano,
3032 4001 3200 4074 quod
3241 4001 3454 4058 [.eun-

213 4101 460 4162 clavius
497 4100 798 4178 vulgavit,
831 4097 1096 4170 inserta,
1136 4107 1269 4160 tum
1305 4100 1369 4160 in
1402 4099 1644 4160 ercia
1675 4099 2046 4161 Orthodoxa
2079 4100 2155 4162 ab
2186 4101 2418 4161 Allatio
2443 4101 2633 4172 edita,
2668 4101 2852 4162 obvia
2886 4102 3184 4162 omnibus
3220 4089 3460 4178 persta¥

214 4199 386 4262 bant.
423 4200 567 4260 Hac
600 4215 750 4260 vero
786 4199 868 4261 ita
909 4205 1212 4260 acuerent
1240 4196 1640 4260 eruditorum
1679 4197 1948 4271 animos,
1975 4207 2041 4260 ut
2086 4216 2497 4276 summopere
2530 4208 2927 4277 ex0ptarent,
2967 4219 3042 4261 ex
3081 4202 3216 4276 ipso
3272 4201 3446 4264 fonte

213 4307 541 4383 detegere,
602 4320 896 4382 quasnam
947 4303 1190 4364 auctori
1246 4301 1399 4363 satis
1456 4310 1732 4374 vetusto,
1769 4303 2272 4381 doctissimoque
2310 4310 2369 4363 et
2419 4303 2652 4364 celebri
2711 4305 3192 4382 archiepiscopo
3266 4325 3444 4368 mens

216 4406 566 4468 insedisset
624 4405 835 4482 quoad
883 4421 956 4466 ea
992 4423 1135 4482 quae
1189 4407 1465 4466 Graecam
1526 4422 1558 4464 a
1599 4403 1816 4465 Latina
1849 4405 2193 4465 Ecclesiam
2243 4403 2505 4464 infando
2538 4403 2876 4465 schismate
2906 4406 3276 4482 diremptam
3323 4407 3450 4484 jam

142 4492 148 4499 ε
211 4509 458 4570 dudum
493 4514 730 4569 tenent.
770 4507 1019 4567 Primus
1055 4508 1269 4585 (quem
1304 4509 1606 4586 equidem
1643 4507 1956 4582 noverim)
1991 4509 2098 4586 qui
2128 4507 2507 4584 justissimis
2543 4506 2640 4568 his
2667 4507 3080 4568 litteratorum
3122 4509 3448 4570 hominum

213 4612 380 4672 votis
437 4607 778 4687 explendis
812 4607 980 4669 serio
1004 4609 1302 4685 adjecerit
1337 4609 1647 4681 animum,
1680 4609 1802 4668 fuit
1855 4609 2165 4669 editionis
2214 4612 2402 4689 hujus
2432 4610 2645 4670 fautor
2673 4609 3130 4683 amplissimus,
3185 4610 3260 4666 de
3320 4625 3449 4684 quo

214 4715 338 4790 jam
369 4712 660 4774 diximus
686 4713 902 4788 supra,
927 4710 1174 4787 quique
1225 4708 1354 4786 jam
1387 4708 1464 4768 ab
1497 4725 1665 4770 anno
1703 4710 1854 4770 1753
1880 4709 2055 4771 dedit
2080 4725 2362 4787 Operam,
2405 4717 2474 4770 ut
2507 4725 2582 4769 ex
2633 4707 2846 4767 codice
2880 4706 3448 4767 Caesareo-Vindo-

217 4811 491 4876 bonensi
526 4811 1021 4883 exscriberetur,
1056 4817 1124 4870 ut
1165 4808 1318 4869 huic
1348 4809 1537 4868 tertio
1566 4808 1878 4870 volumini
1913 4811 2196 4887 Operum
2250 4806 2732 4884 'l‘heopbylacti,
2768 4806 2940 4866 velut
2973 4822 3094 4865 non
3125 4807 3449 4870 mediocre

217 4918 423 4996 ipsius
455 4923 928 4997 ornamentum,
965 4914 1380 4976 insererelur.
1415 4913 1786 4989 Insequenti
1820 4931 1988 4975 anno
2022 4932 2157 4975 eam
2195 4915 2330 4990 ipse
2377 4911 2714 4971 Latinitate
2758 4911 2986 4972 donavi
3026 4931 3039 4968 :
3079 4929 3160 4971 ex
3207 4930 3328 4990 qua
3368 4914 3443 4972 cl.

218 5022 468 5098 praevia:
530 5019 1009 5080 Dissertationis
1061 5026 1282 5079 auctor
1344 5015 1684 5094 particulas
1713 5016 1960 5096 aliquas
2009 5018 2074 5078 in
2123 5033 2252 5076 rem
2286 5032 2467 5076 suam
2502 5015 2843 5092 excerpsit.
2876 5014 3063 5088 Quod
3092 5032 3163 5074 ea
3202 5015 3265 5075 in
3333 5015 3446 5073 hac

217 5123 506 5182 editione
532 5119 769 5195 publici
797 5120 964 5199 juris
997 5117 1292 5180 facienda
1319 5126 1510 5187 esset,
1546 5117 1854 5180 admoniti
1892 5132 2042 5181 sunt
2076 5119 2308 5180 eruditi
2339 5135 2481 5179 cum
2523 5117 3087 5180 in'Dissertatione
3122 5117 3443 5193 prredicta,

219 5233 352 5287 tum
387 5227 574 5286 etiam
613 5224 674 5284 in
731 5224 1166 5284 Declaratione
1193 5224 1683 5293 Graeco-Latina,
1719 5243 1861 5302 qum
1889 5225 2080 5283 simul
2116 5242 2256 5285 cum
2291 5239 2460 5284 tomo
2495 5223 2698 5300 primo
2738 5224 2962 5282 emissa
2996 5222 3056 5280 in
3094 5222 3297 5279 lucem
3353 5228 3446 5279 est

219 5344 387 5388 anno
453 5325 624 5386 175’s.
685 5324 804 5384 Sed
863 5341 1010 5384 cum
1045 5327 1391 5387 voluminis
1425 5325 1617 5401 hujus
1655 5327 1988 5401 impressio
2023 5327 2103 5384 ob
2160 5343 2320 5393 eam,
2376 5341 2563 5402 quam
2618 5322 3131 5389 memoravimus,
3191 5338 3446 5380 (renisam

225 5431 478 5509 longius
512 5424 992 5504 produceretur,
1045 5427 1139 5486 vir
1165 5427 1574 5488 doctissimus
1603 5426 1882 5485 Joannes
1915 5426 2218 5502 Aloysius
2247 5423 2710 5500 Mitigarcllius;
2753 5419 3098 5479 canonicus
3135 5421 3447 5494 regularis

222 5538 280 5598 S.
318 5529 662 5613 Augustini
700 5527 1213 5604 congregationis
1247 5529 1565 5590 llheuanre
1593 5575 1606 5601 ,
1647 5531 1908 5590 fortasse
1944 5537 2009 5590 ut
2040 5529 2368 5608 aliquanto
2426 5527 2734 5588 maturius
2767 5525 3166 5585 eruditorum
3224 5525 3444 5600 cXple-

295 5820 369 5888 (a)
405 5818 533 5875 Vide
590 5816 1037 5874 Dissertationctn
1078 5821 1227 5871 tome
1264 5814 1279 5869 l
1310 5817 1604 5888 praetium,
1640 5834 1789 5874 num.
1835 5817 1968 5873 LIV.
