4056 6340
692 401 805 469 413
1720 409 2110 473 BONIFACII
2161 412 2470 474 FINETTI
2529 414 2923 478 PRAEFATIO
3080 488 3081 491 η
3842 417 3931 481 «Hi

694 525 1003 597 retlvota,
1060 535 1182 584 suo
1248 520 1712 587 Anecdotorum
1748 528 2099 600 Fasciculo,
2158 546 2349 608 quem
2407 530 2607 591 edidit
2643 548 2745 592 an.
2813 533 2987 605 1756,
3025 503 3461 594 \iuserendam
3520 532 3925 596 existimavit.

686 619 872 693 Quod
918 620 1181 699 quidem
1230 625 1479 687 tametsi
1528 625 1838 689 editionis
1893 628 2085 709 hujus
2146 630 2509 692 fautoribus
2560 634 2747 711 paulo
2780 633 3206 712 injucundius
3261 633 3592 707 acciderit,
3627 648 3711 696 eo
3768 635 3925 713 quoi

690 719 925 781 eximie
974 730 1353 801 praereptum
1396 728 1451 787 ei
1502 727 1753 807 aliquid
1803 728 2010 793 laudis
2063 730 2575 808 suspicarentur,
2641 732 2797 793 mihi
2850 742 3059 794 tamen
3114 732 3641 811 percommodum
3695 732 3925 796 cessit:

686 818 781 879 sic
812 822 981 881 enim
1016 822 1450 898 collationem,
1480 844 1673 906 quam
1707 845 1850 889 cum
1880 830 2274 892 Bononiensi
2317 838 2492 893 textu
2527 830 2739 894 facere
2778 832 3152 907 meditabar,
3196 849 3273 894 eo
3297 832 3425 911 jam
3472 832 3677 901 edito.
3743 829 3925 892 multo

685 918 939 983 facilius
972 927 1240 1004 exsequi
1298 930 1507 1006 potui.
1540 931 1847 993 Caeterum
1886 930 2334 1010 Mingarellius
2377 935 2591 993 Graeco
2639 933 2839 994 textui
2878 934 3162 995 Latinam
3219 933 3583 996 versionem
3643 931 3924 1012 adjunxit

682 1040 837 1085 sane
870 1036 1221 1090 accuratam
1255 1039 1318 1092 et
1344 1031 1609 1095 nitidam
1655 1056 1669 1096 :
1706 1052 1897 1116 quam
1925 1043 2283 1114 prepterea,
2332 1045 2398 1098 ut
2429 1038 2497 1113 in
2527 1037 2687 1099 hanc
2722 1039 3074 1101 editionem
3107 1039 3512 1110 asciscerem,
3543 1039 3771 1101 animo
3826 1039 3924 1103 diu

684 1128 1091 1210 nmltumque
1153 1138 1521 1213 propendi-
1550 1140 1670 1201 Sed
1708 1141 1960 1201 tandem
1997 1140 2084 1200 nil
2122 1157 2263 1201 esse
2288 1150 2485 1215 ratus,
2525 1158 2637 1202 cur
2683 1142 3044 1204 versionem
3081 1158 3281 1204 meam
3308 1156 3385 1203 eo
3411 1140 3559 1219 jure
3584 1140 3923 1219 privarant:

680 1234 856 1310 quod
889 1236 1136 1296 ratione
1172 1238 1480 1314 temporis
1514 1240 1930 1319 acQuisierat,
1954 1249 2025 1303 et
2058 1248 2396 1322 postquam
2435 1243 2601 1303 haud
2630 1242 2937 1304 mediocri
2983 1243 3130 1304 nisu
3160 1245 3431 1304 eluctata
3469 1258 3549 1302 ex
3580 1233 3924 1319 exemplati

680 1339 851 1392 esset
892 1335 1190 1412 pluribus
1228 1338 1306 1399 de
1344 1342 1556 1401 causis
1623 1343 1963 1418 perarduo,
2023 1359 2159 1403 eam
2206 1343 2545 1404 innoxiam
2580 1343 2865 1405 tenebris
2912 1347 3274 1404 damnarem
3313 1339 3670 1419 perpetuis,
3736 1340 3925 1417 ipsam

679 1431 781 1492 hic
804 1437 1538 1530 apponendam’censui.
1580 1428 1887 1505 Caeterum
1927 1461 2069 1505 cum
2107 1443 2536 1505 Bononiensis
2576 1442 2778 1505 codex
2810 1443 3030 1504 codice
3093 1440 3921 1511 Ctesareo-Vindobonensi,

676 1537 789 1613 qui
819 1538 983 1600 haud
1013 1540 1095 1601 ita
1132 1559 1420 1621 magnam
1483 1544 1730 1606 redolet
1779 1545 2251 1624 antiquitatem,
2282 1544 2436 1606 mihi
2470 1545 2817 1625 aliquando
2849 1545 3116 1607 nitidior
3156 1544 3332 1606 visus
3362 1545 3467 1619 sit,
3495 1544 3922 1611 emendatior-

676 1654 828 1715 (ille.
895 1639 1072 1701 illius
1105 1657 1227 1719 Ope
1260 1645 1573 1706 nonnulla
1634 1646 1757 1706 mei
1811 1644 2191 1724 exemplaris
2237 1647 2557 1725 corrigere
2607 1650 2831 1707 menda
2859 1646 3066 1726 (prius
3097 1648 3372 1727 quidem
3398 1645 3534 1707 sola
3565 1643 3923 1723 conjectura

680 1738 857 1814 plura
891 1740 1334 1819 sustuleram),
1374 1742 1653 1823 indeque
1675 1750 1736 1805 et
1764 1744 2128 1805 versionem
2161 1762 2367 1807 meam
2390 1746 2863 1825 aliquantulum
2901 1747 3200 1823 perﬁcere
3238 1746 3393 1807 mihi
3422 1746 3654 1807 licuit:
3694 1750 3763 1805 ut
3790 1760 3923 1821 pra-

675 1838 827 1897 inde
862 1856 987 1900 non
1018 1842 1283 1901 omnino
1322 1859 1442 1902 suo
1481 1844 1789 1905 exciderit
1825 1853 1967 1907 volo
2013 1845 2577 1923 praestantissimus
2636 1846 3107 1924 Mingarellius,
3151 1846 3268 1926 qui
3294 1863 3368 1908 ea
3399 1862 3525 1923 prie
3559 1844 3817 1907 caeteris
3853 1843 3919 1903 ad

673 1942 1097 2027 evulgandam
1136 1943 1612 2007 Allocutionem
1677 1948 1839 2008 hanc
1879 1949 2126 2009 ratione
2191 1965 2258 2010 se
2292 1948 2627 2011 inductum
2669 1948 2871 2010 fuisse
2904 1958 3146 2025 monet,
3176 1961 3247 2012 ut
3275 1949 3727 2029 Theophylacti
3775 1949 3923 2026 0pc-

670 2060 813 2102 rum
851 2042 1042 2103 editio
1070 2046 1263 2121 magis
1302 2047 1620 2124 magisque
1660 2046 1889 2124 perﬁci
1912 2048 2141 2123 possit.
2186 2049 2265 2107 At
2292 2054 2351 2107 et
2380 2049 2665 2109 codicem
2717 2048 3221 2126 Bononiensem,
3263 2049 3513 2109 tametsi
3540 2048 3920 2126 plerumque

673 2147 1163 2208 Vindobonensi
1220 2149 1612 2225 nitidiorem,
1656 2151 1941 2214 vicissim
1987 2168 2196 2229 posse,
2259 2154 2390 2214 imo
2422 2160 2484 2214 et
2514 2155 2839 2216 deberein
2867 2153 3191 2233 aliquibus
3220 2154 3459 2233 corrigi
3508 2162 3570 2217 et
3621 2154 3766 2230 ipse
3828 2168 3922 2212 co-

670 2245 811 2307 dice
849 2246 1356 2322 Vindobonensi,
1393 2252 1735 2327 perspiciet
1795 2249 1981 2312 facile
2018 2251 2215 2311 lector
2258 2269 2331 2310 ex
2375 2250 2771 2313 variantibus
2803 2253 3400 2332 lectionibugquas
3430 2253 3507 2315 ad
3544 2244 3915 2330 paginarum
4004 2234 4009 2241 ’

668 2346 906 2407 calcem
946 2350 1231 2411 adtexui.
1271 2353 1347 2411 Et
1382 2367 1534 2411 sane
1558 2350 1897 2413 lectionem
1923 2350 2498 2412 Vindobonensem
2531 2352 2591 2413 in
2621 2352 3012 2432 quibusdam
3044 2350 3523 2415 anteferendam
3552 2369 3699 2413 esse
3725 2353 3922 2412 Bono-

671 2448 910 2523 niensi,
952 2468 1163 2525 nemo,
1196 2460 1261 2512 ut
1288 2464 1465 2528 puto,
1518 2452 1938 2525 inﬁciabitur,
1996 2455 2105 2532 qui
2143 2454 2650 2534 pauculas,quas
2681 2455 3061 2533 adjecimus,
3118 2466 3301 2516 notas
3341 2458 3715 2532 expendere
3746 2452 3913 2515 velit.

671 2553 1000 2615 Variantes
1048 2573 1313 2635 quoque
1373 2556 1706 2630 lectiones,
1734 2575 1877 2635 qum
1908 2559 1967 2619 in
2004 2559 2373 2619 Chomateni
2425 2560 2741 2639 excerptis
2772 2566 3137 2632 occurrunt,
3162 2558 3553 2630 addidimus,
3598 2573 3726 2621 non
3773 2556 3918 2636 qui-

672 2658 817 2715 dem
879 2670 1129 2726 omnes,
1163 2657 1273 2719 sed
1330 2675 1437 2720 eas
1471 2665 1713 2719 tantum
1752 2676 1890 2739 quae
1925 2659 2191 2737 alicujus
2226 2676 2367 2720 esse
2421 2660 2727 2721 momenti
2770 2660 2919 2723 visre
2941 2668 3107 2721 sunt.
3143 2660 3265 2720 Sed
3314 2658 3444 2738 jam
3493 2659 3573 2720 de
3650 2657 3920 2737 ipsamet

669 2752 1081 2818 Allocutionc
1117 2757 1430 2819 nonnulla
1470 2758 1783 2819 dicamus.
2211 2784 2215 2789 ε
3276 2773 3281 2778 ‘
3826 2758 3829 2761 “

751 2879 983 2940 XXVI.
1036 2880 1235 2941 Erunt
1295 2882 1558 2943 fortasse
1608 2882 1719 2961 qui
1772 2882 1932 2943 hanc
1999 2881 2455 2959 TheOphylacti
2506 2882 2778 2962 Opellam
2840 2880 3100 2943 nonnisi
3149 2878 3359 2942 Photii
3400 2878 3825 2941 sectatoribus
3860 2878 3918 2938 in

667 2995 794 3037 suo
834 2979 1174 3041 schismate
1210 2981 1621 3042 obiit-mendis
1658 2982 1808 3042 usui
1860 2978 2003 3042 esse
2042 2998 2229 3059 posse
2260 2982 2662 3053 arbitrantes,
2706 2998 2842 3042 eam
2898 2997 2931 3042 a
2964 2980 3152 3041 nobis
3205 2978 3271 3040 in
3333 2976 3651 3057 publicam
3711 2974 3919 3039 efferri

668 3079 902 3154 lucem,
940 3098 1105 3159 aegre
1138 3081 1367 3156 ferant,
1416 3090 1523 3143 aut
1555 3084 1776 3143 saltem
1832 3083 2254 3143 demirantur.
2306 3082 2423 3143 Sed
2474 3098 2590 3143 nos
2641 3084 2719 3145 ab
2767 3097 2988 3143 eorum
3021 3081 3134 3158 qui
3167 3081 3253 3142 ita
3288 3079 3579 3142 sentiunt
3610 3078 3913 3154 Opinione

663 3182 825 3257 adeo
858 3183 1073 3257 procul
1108 3180 1440 3257 absumus,
1486 3193 1549 3243 ut
1585 3199 1711 3245 non
1750 3185 1935 3245 modo
1976 3184 2225 3245 nullum
2254 3182 2319 3243 in
2362 3199 2433 3244 ea
2467 3184 2709 3244 edenda
2771 3182 3129 3261 periculum
3166 3181 3433 3243 subesse
3484 3179 3910 3257 suspicemur,

664 3284 776 3342 sed
833 3280 1107 3343 fructum
1173 3284 1361 3343 etiam
1432 3282 1851 3360 multiplicem
1920 3284 2155 3344 exinde
2214 3282 2399 3343 nobis
2459 3282 2885 3344 obventurnm
2936 3280 3327 3345 conﬁdamus
3375 3296 3391 3341 :
3445 3280 3472 3339 1
3518 3279 3799 3353 scilicet,
3851 3284 3913 3340 ut

669 3384 1078 3461 integerrima
1118 3384 1181 3444 in
1235 3385 1618 3463 evulgandis
1670 3384 2129 3464 TheOphylacti
2179 3386 2500 3464 Operibus
2551 3385 2701 3446 ﬁdes
2752 3390 2965 3445 nostra
3014 3383 3317 3444 omnibus
3367 3381 3691 3460 explorata
3759 3380 3911 3442 liat:

666 3481 903 3543 deinde
942 3492 1013 3546 ut
1049 3485 1247 3545 Latini
1284 3486 1566 3547 nominis
1598 3486 1813 3547 hostes
1868 3484 2280 3563 perspiciunt,
2315 3486 2402 3546 ita
2432 3502 2548 3547 nos
2585 3470 2867 3563 aequitati
2918 3468 3125 3545 causa)
3171 3491 3405 3542 nostra)
3455 3482 3797 3553 conﬁdere,
3848 3486 3916 3540 ut
3977 3547 3981 3549 λ

664 3603 809 3663 quae
860 3596 1097 3649 contra”
1133 3588 1493 3650 aﬂ'eruntur
1544 3602 1915 3667 argumenta
1972 3590 2035 3649 in
2101 3589 2385 3651 medium
2445 3575 2793 3665 producere
2854 3604 2981 3649 non
3033 3600 3372 3647 vereamur
3429 3601 3443 3643 :
3511 3583 3796 3660 denique
3847 3589 3913 3645 ut

667 3684 961 3748 Photiani
994 3687 1101 3767 (ita
1133 3704 1244 3749 eos
1284 3686 1608 3766 appellare
1642 3685 1844 3759 lubet,
1892 3686 2116 3765 quiex
2146 3689 2378 3765 Graecis
2410 3687 2735 3749 schismati
2775 3687 3127 3758 adhaerent,
3170 3694 3240 3747 ut
3293 3684 3372 3745 ab
3402 3685 3645 3762 inclyta
3696 3699 3907 3746 eorum

664 3788 943 3861 natione,
982 3804 1171 3866 quam
1199 3803 1581 3867 magnopere
1617 3786 1839 3865 diligo,
1866 3792 1951 3857 et,
1986 3793 2053 3846 ut
2084 3786 2282 3857 decet,
2319 3785 2479 3867 colo,
2509 3785 2859 3865 secernam)
2894 3783 3242 3863 aliquando
3273 3783 3522 3842 discant
3550 3783 3801 3861 sequius
3835 3784 3908 3843 de

668 3888 881 3948 Latina
951 3887 1235 3950 Ecclesia
1289 3888 1553 3959 sentire,
1592 3887 1974 3966 animosque
2033 3885 2283 3963 capiant
2324 3885 2808 3948 moderatiores.
2839 3886 3026 3960 Quod
3086 3884 3169 3945 ita
3219 3881 3481 3962 quidem
3535 3891 3906 3958 eventurum

662 3991 938 4063 conﬁdo,
979 3992 1032 4051 si
1066 3992 1287 4051 sedato
1338 3990 1709 4065 passionum
1766 3995 1951 4061 testu,
2013 4004 2084 4049 ac
2136 3985 2526 4064 prtejudiciis
2577 3986 2901 4064 paulisper
2951 3985 3278 4065 sepositis,
3323 3985 3403 4047 ad
3457 3978 3905 4063 Theotihylacti

664 4092 890 4168 placita
946 4100 1162 4171 (quem
1219 4092 1378 4153 alias
1434 4089 1669 4168 magni,
1724 4106 1839 4150 nec
1890 4087 2239 4160 immerito,
2286 4085 2551 4165 faciunt)
2603 4087 2891 4149 animum
2954 4098 3369 4169 mentemque
3424 4106 3607 4149 suam
3659 4092 3904 4166 exigere

661 4194 885 4255 velint.
913 4196 1047 4254 Hoc
1084 4193 1137 4253 si
1185 4191 1620 4271 prtestiterint,
1654 4190 2027 4253 fatebuntur
2056 4206 2234 4261 sane,
2263 4206 2455 4267 neque
2487 4187 2567 4267 (a)
2601 4189 2828 4249 multos
2869 4208 2994 4249 esse
3021 4189 3392 4249 Latinorum
3415 4208 3686 4262 errores,
3716 4178 3902 4266 neque

662 4296 840 4366 tales,
887 4296 995 4372 qui
1024 4294 1106 4355 ad
1150 4292 1589 4354 discindendas
1620 4291 1943 4351 Ecclesiae
1980 4292 2109 4351 sint
2138 4289 2373 4361 idonei,
2409 4306 2736 4367 eorumque
2780 4289 3025 4349 nullum
3046 4290 3127 4349 ad
3160 4288 3307 4366 ﬁdei
3348 4299 3537 4367 caput
3563 4291 3897 4368 pertinere.

662 4398 1056 4459 Fatebuntur
1085 4394 1428 4473 ejusmodi,
1453 4400 1518 4453 ut
1546 4393 1669 4469 ipsi
1699 4398 1943 4467 putant,
1970 4406 2217 4451 errores
2244 4388 2409 4450 ultra
2441 4390 2749 4451 rationem
2770 4394 3025 4450 omnem
3048 4396 3105 4460 et
3133 4390 3392 4449 modmu
3417 4388 3900 4469 afervidioribus

659 4498 1047 4577 quibusdam
1080 4493 1575 4575 (b)orthodoxia:
1598 4491 1983 4553 'zelatoribus
2011 4491 2418 4569 ampliﬁcari;
2468 4491 2871 4569 aliquosque.
2893 4490 3155 4564 nullius,
3190 4492 3353 4553 alios
3408 4509 3558 4554 vero
3584 4474 3901 4552 mediocris

659 4599 1107 4660 emendationis
1169 4597 1480 4674 indigere,
1525 4595 1608 4655 ita
1640 4603 1711 4655 ut
1760 4613 1886 4654 non
1931 4595 2138 4671 magni
2184 4594 2437 4653 intersit
2483 4593 2797 4664 Ecclesiaz,
2849 4594 2904 4653 si
2955 4613 3022 4653 ea
3060 4595 3472 4674 perﬁciatur.
3518 4594 3900 4657 Fatebuntur

661 4720 915 4763 omnem
951 4700 1150 4761 ferme
1180 4698 1615 4761 dissensionis
1648 4700 1899 4759 Gt-mcos
1934 4698 2101 4784 inter
2129 4714 2200 4757 ac
2232 4698 2486 4761 Latinus
2519 4715 2769 4759 causam
2807 4699 3221 4761 revocandam
3252 4716 3397 4759 esse
3428 4699 3503 4760 ad
3537 4691 3898 4776 particulam

662 4805 945 4884 Filioque
1002 4805 1306 4885 Symbolo
1350 4804 1655 4882 adiectam
1704 4802 1806 4881 (c),
1858 4802 2147 4881 adeoque
2198 4818 2308 4891 nec
2350 4812 2614 4879 propter
2665 4820 2902 4878 azyma,
2954 4819 3150 4878 neque
3202 4811 3471 4880 propter
3512 4802 3763 4882 jejunia
3801 4797 3897 4877 (ειη,

658 4912 856 4971 multo
891 4930 1047 4983 vero,
1072 4913 1275 4971 minus
1312 4919 1578 4990 propter
1610 4909 1875 4987 reliqua,
1916 4925 2131 4985 pacem
2165 4924 2301 4969 esse
2323 4907 2729 4969 cumLatina
2757 4906 3035 4969 Ecclesia
3062 4906 3462 4968 turbandam.
3517 4906 3903 4977 Fatebuntur

662 5014 885 5088 multa,
922 5000 1068 5116 qum
1106 5016 1263 5091 ipsis
1297 5033 1540 5074 errores
1574 5024 1742 5087 sunt,
1783 5032 1985 5072 meras
2056 5012 2535 5073 consuetudines
2568 5012 2641 5091 (θ)
2691 5028 2859 5085 esse,
2911 5000 3206 5089 quasdam
3254 5008 3500 5087 quidem
3546 5027 3623 5068 ea:
3654 5010 3896 5086 pietate,

662 5121 817 5179 alias
852 5141 929 5181 ea:
960 5112 1227 5201 provida
1251 5118 1662 5196 dispositione
1701 5118 2117 5180 introductas.
2165 5118 2557 5179 Fatebuntur
2606 5118 2912 5191 denique,
2966 5133 3044 5175 ex
3090 5114 3229 5174 solo
3259 5115 3589 5175 charitatis
3638 5112 3896 5193 defectu,

661 5220 999 5283 ambitione
1023 5239 1093 5283 ac
1138 5218 1433 5300 superbia
1466 5220 1565 5299 (Γ),
1590 5238 1663 5280 ex
1700 5221 1827 5280 zelo
1859 5239 1985 5280 non
2017 5220 2351 5281 secundum
2381 5221 2726 5291 scientiam,
2760 5236 2836 5277 ex
2866 5234 3019 5275 creco
3057 5216 3158 5277 sui
3183 5232 3389 5275 amore
3414 5214 3496 5295 (g)
3512 5222 3599 5275 tot
3656 5213 3898 5292 congeri
3930 5210 3936 5217 ’

736 5490 815 5563 (a)
848 5488 1447 5563 Yerbap'gl'beopbylacli
1476 5488 1648 5543 Alloc.
1691 5504 1840 5543 num.
1875 5490 1914 5557 l,
1944 5506 2067 5563 pag.
2098 5489 2221 5545 515.
2327 5490 2463 5542 enim
2520 5485 2782 5563 fraterne
2811 5481 3161 5563 suscipimus,
3204 5487 3384 5563 εις-..ί-
3414 5485 3527 5530 tum
3572 5492 3705 5563 quze
3748 5471 3893 5563 habet

738 5547 810 5625 ibi
848 5561 1009 5614 Num.
1043 5560 1105 5613 II.
1213 5547 1228 5560 l
1288 5547 1304 5560 ﬂ
1902 5547 1913 5557 ’
1945 5547 1959 5561 ⁸
2014 5547 2044 5563 υ
2336 5575 2340 5612 l

2336 5574 2488 5612 num.
2520 5547 2661 5613 XVI,
2695 5553 2784 5625 ubi
2820 5547 3074 5625 graphice
3125 5550 3391 5625 describit
3427 5547 3792 5625 quorumdam
3832 5554 3887 5625 ex

843 5633 921 5685 Ib.
955 5641 1007 5682 ct
1032 5646 1179 5700 utrm.
1206 5630 1292 5685 Ill.
2333 5645 2339 5680 ι

2333 5628 2448 5681 suis
2474 5624 2812 5694 popularibus
2843 5623 3084 5693 ὑδερικὸν
3126 5621 3288 5689 ὖγδερν
3313 5656 3327 5685 ,
3356 5620 3705 5690 hydropicum
3741 5623 3894 5667 talo-

735 5696 815 5769 (d)
850 5700 1011 5753 Num.
1046 5696 1157 5752 XV.
2338 5714 2469 5751 rem.

742 5712 791 5769 [α
850 5712 1011 5753 Num.
1047 5712 1157 5752 xv.
2338 5716 2344 5749 π

742 5712 815 5839 (ἐζ
850 5770 987 5823 Ibid.
2130 5838 2164 5839 η
2340 5794 2344 5819 ¹

2338 5714 2469 5751 rem.

2130 5838 2164 5839 η
2340 5794 2369 5823 ι
2414 5767 2485 5835 lg\
2523 5765 2684 5824 Num.
2714 5762 2785 5819 X1
2817 5762 2869 5817 in
2899 5762 3021 5819 line.

742 5838 808 5903 ll)
843 5839 957 5895 llttc
995 5842 1245 5903 suc‘ctant
1280 5841 1441 5895 verba
1481 5858 1599 5897 Ulltl.‘
1636 5842 1794 5896 habet
1828 5857 1977 5894 nunt.
2012 5841 2031 5893 l
2064 5858 2074 5893 :
2118 5838 2238 5891 Non
