4056 6340
584 432 686 490 ιιὰῗ
1629 425 2008 497 BONIFACII
2049 424 2181 485 FIN

2225 424 2373 491 :TTI,
2405 422 2791 482 I’ItIEFATIO
2894 378 2903 395 ’
3724 414 3827 478 tta

592 542 926 600 verebatur
954 540 1061 601 ille
1096 544 1474 600 eventurum
1510 538 1657 605 sibi,
1700 554 1927 619 nempe
1963 536 2136 615 quod
2172 533 2464 596 nonnulli
2515 550 2591 593 ex
2640 528 3085 607 [ervidioribns
3133 528 3486 596 Pholt'a‘nt's,
3540 525 3826 605 legentes

586 657 776 715 quam
829 640 1056 700 acriter
1103 640 1161 699 in
1218 655 1332 698 sua
1394 638 1506 697 hac
1562 635 1769 710 opella
1825 635 2209 714 perstringat
2269 632 2639 695 eorumdem
2705 627 3241 691 immoderantiam
3300 624 3440 698 zeli,
3493 623 3828 685 charitalis

585 740 909 819 defectum,
956 737 1343 799 ambitionem
1369 747 1550 815 atque
1594 737 2011 815 hydropicum
2043 732 2370 805 tumorem,
2402 731 2826 793 aestimatione
2866 732 2929 791 in
2962 736 3398 813 contemptum
3430 743 3640 800 versa,
3676 741 3828 786 eun

586 828 1007 902 condemnant
1042 841 1306 898 inscitia:
1338 839 1793 915 crassiort’sque
1821 839 1888 898 in
1920 836 2107 898 rebus
2158 836 2356 895 sacris
2394 833 2652 915 judicii,
2683 833 2779 893 vel
2817 834 3099 905 incuriae,
3143 834 3262 893 imo
3309 839 3366 890 et
3426 830 3830 891 orientalium

566 942 937 1018 dogmatum
966 940 1367 1019 proditionis.
1405 941 1528 1002 Alii
1568 950 1799 1012 tamen,
1831 956 2085 1018 sperare
2110 938 2312 1017 juvat,
2348 936 2708 1017 gravissimi
2743 936 2933 1015 hujus
2988 935 3102 995 viri
3151 933 3523 996 auctoritate
3552 934 3829 1009 permOIi

588 1042 709 1101 sibi
752 1041 934 1101 facile
965 1040 1456 1116 persuadebunt,
1488 1058 1596 1099 nec
1638 1042 1863 1099 multos
1890 1058 2016 1098 esse
2044 1037 2409 1099 Latinorum
2442 1054 2708 1109 errores,
2741 1053 2936 1114 neque
2957 1036 3111 1095 tales
3142 1035 3250 1113 qui
3271 1032 3353 1093 ad
3382 1029 3831 1095 discindenda‘

586 1140 901 1201 Ecclesiae
929 1140 1057 1197 sint
1088 1137 1333 1203 idonei;
1364 1157 1475 1199 nec
1523 1138 1719 1198 ullum
1766 1140 1874 1215 qui
1921 1136 2002 1196 ad
2030 1135 2176 1215 ﬁdei
2227 1146 2416 1215 caput
2456 1138 2806 1215 pertineat.
2860 1139 2935 1196 At
2965 1135 3009 1195 ii
3066 1134 3185 1211 ipsi
3226 1133 3491 1195 fortasse
3529 1134 3830 1212 ejusdem

586 1240 962 1303 auctoritate
1000 1237 1139 1297 freti
1182 1239 1590 1310 contendent,
1625 1255 1691 1297 se
1723 1238 1871 1315 jure
1903 1255 1935 1298 a
1966 1235 2335 1299 Latinorum
2366 1236 2822 1297 communione
2847 1234 3214 1305 abhorrere,
3246 1231 3487 1309 quippe
3519 1233 3632 1309 qui
3666 1231 3832 1291 illud

586 1341 887 1418 Symbolo
949 1341 1341 1409 addiderint,
1382 1357 1511 1419 quo
1552 1340 1860 1417 Spiritum
1907 1348 2197 1401 sanctum
2232 1347 2292 1401 et
2324 1356 2355 1401 a
2403 1340 2571 1401 Filio
2634 1339 2978 1416 procedere
3028 1337 3423 1399 enuntiatur.
3454 1335 3587 1395 Hos
3627 1334 3835 1413 igitur

584 1442 785 1502 amice
821 1452 878 1502 et
911 1441 1212 1509 fraterne,
1253 1450 1449 1518 utque
1490 1441 1697 1503 verbis
1727 1452 1864 1503 utar
1905 1439 2393 1518 TheOphylacti,
2432 1438 2807 1519 simpliciter
2847 1446 2903 1498 et
2951 1434 3233 1509 candide,
3267 1445 3449 1513 atque
3494 1443 3563 1493 ut
3603 1435 3833 1511 pisca—

586 1554 788 1602 torum
816 1540 1195 1619 discipulum
1227 1543 1476 1602 omnino
1511 1543 1705 1621 decet,
1740 1558 1912 1603 nunc
1948 1541 2167 1618 paucis
2200 1540 2445 1620 alloqui
2483 1536 2679 1602 lubet.

664 1645 929 1705 XXVII.
977 1650 1064 1705 Ac
1091 1646 1294 1722 primo
1326 1646 1586 1727 quidem
1621 1664 1757 1721 eos,
1788 1647 1999 1726 quoad
2039 1662 2317 1724 prmsens
2347 1646 2600 1718 attinet,
2639 1641 3047 1721 pratmonitos
3096 1640 3309 1714 velim,
3358 1639 3573 1716 Ροίίυδ
3624 1634 3834 1698 “limi

587 1745 1073 1821 dispositionem
1107 1763 1295 1824 quam
1344 1748 1531 1811 i'brba
1571 1766 1712 1810 esse
1738 1748 1805 1810 in
1837 1748 2318 1827 TheOphylacto
2350 1749 2694 1827 Spectanda
2721 1768 2738 1820 ;
2770 1746 3004 1807 deinde
3041 1760 3442 1824 quiscunque
3473 1742 3616 1821 ejus
3648 1754 3839 1801 mens

582 1843 817 1919 fuerit,
854 1860 979 1915 non
1034 1844 1243 1923 magni
1295 1862 1436 1908 esse
1482 1846 1832 1908 faciendam
1869 1846 2048 1908 illius
2080 1848 2196 1909 hac.
2247 1848 2314 1909 in
2366 1865 2431 1908 re
2475 1847 2942 1909 auctoritatem.
2995 1843 3216 1918 Quoad
3252 1844 3527 1921 primum
3573 1844 3840 1905 attinet.

585 1960 699 2023 pro
730 1955 901 2007 certo
936 1945 1161 2017 habeo,
1202 1946 1285 2008 ita
1329 1964 1477 2009 eum
1534 1946 1735 2011 fuisse
1765 1948 1981 2010 animo
2030 1958 2489 2028 comparatum,
2517 1956 2585 2009 ut
2612 1949 2664 2009 si
2701 1964 2830 2027 quo
2866 1957 3149 2027 tempore
3189 1946 3369 2020 vixit,
3410 1963 3523 2025 per
3559 1945 3839 2024 aliquod

539 2102 553 2115 ,
584 2046 927 2108 concilium
966 2066 1043 2109 ex
1086 2048 1324 2110 Graecis
1374 2049 1753 2127 Latinisque
1783 2061 2071 2111 coactum
2123 2054 2197 2113 ad
2234 2068 2498 2112 examen
2547 2064 2757 2112 vocata
2796 2067 2866 2112 ac
2914 2050 3174 2111 deﬁnita
3218 2047 3450 2110 fuisstzt
3500 2045 3841 2125 processio

588 2147 867 2224 Spiritus
938 2148 1139 2209 sancti
1193 2151 1383 2209 etiam
1443 2166 1477 2210 a
1534 2151 1726 2225 Filio,
1777 2152 1996 2229 procul
2056 2154 2256 2214 dubio
2314 2153 2575 2215 concilii
2647 2153 2901 2233 judicio
2946 2169 3018 2215 ac
3068 2151 3408 2215 sententia;
3478 2150 3769 2210 stetisset
3819 2172 3836 2210 :

583 2250 1125 2325 quemadmodum
1193 2249 1451 2325 plurimi
1519 2253 1850 2319 sanctitate
1910 2270 1979 2315 ac
2057 2255 2346 2316 doctrina
2410 2255 2919 2330 prmstantissimi
2976 2256 3194 2315 Patres
3256 2260 3489 2317 stetere
3546 2252 3837 2332 synodo,

583 2347 992 2420 Florentinaa,
1048 2349 1240 2426 eique
1293 2361 1604 2427 perpetuo
1662 2358 1723 2411 et
1777 2351 2294 2425 constantissime
2348 2352 2777 2412 adhaeserunt.
2834 2352 2964 2412 Hac
3004 2349 3206 2413 fuisse
3276 2349 3839 2428 Theophylactum

583 2450 783 2519 animi
818 2452 1242 2528 dispositione
1288 2452 1608 2526 affectum,
1664 2454 1802 2531 ipse
1854 2452 2090 2529 colligo
2125 2472 2199 2515 ex
2256 2455 2498 2515 eximio
2540 2454 2681 2530 ejus
2735 2453 2904 2531 pacis
2966 2452 3361 2531 unionisque
3408 2468 3648 2522 amore,
3716 2447 3841 2530 qui

584 2569 727 2615 cum
760 2553 822 2613 in
857 2553 1000 2612 aliis
1036 2556 1367 2630 operibus,
1396 2560 1529 2615 tum
1562 2554 1964 2632 potissimum
1994 2544 2065 2614 in
2091 2553 2203 2615 hac
2234 2554 2373 2631 ipsa
2410 2553 2803 2614 Allocutione
2840 2551 3197 2615 luculenter
3220 2566 3290 2614 se
3320 2556 3552 2629 prodit.
3586 2553 3839 2614 Verum

584 2670 728 2717 cum
765 2663 907 2714 ante
956 2653 1246 2714 ﬂoruerit
1290 2671 1479 2733 quam
1526 2654 1963 2715 controversia
2022 2654 2152 2715 haec
2211 2654 2469 2713 detinita
2519 2660 2689 2713 esset
2738 2654 2802 2714 in
2870 2653 3085 2733 aliqua
3130 2654 3522 2716 (acumenica
3576 2654 3842 2731 synodo

588 2758 823 2844 (mimo
856 2756 1028 2818 enim
1066 2758 1325 2821 definita
1367 2766 1462 2819 est
1512 2758 1573 2819 in
1606 2759 1880 2820 concilio
1933 2756 2210 2836 generali
2261 2757 2673 2833 Lugdunensi
2725 2776 2793 2823 ιι,
2848 2775 2951 2820 an.
2985 2758 3184 2837 1271s),
3237 2774 3516 2835 cumque
3587 2775 3699 2835 per
3766 2755 3891 2817 id.

589 2862 839 2931 tempus
887 2855 1144 2916 dissidii
1187 2864 1247 2916 et
1292 2856 1653 2917 schismatis
1683 2863 1875 2916 cestus
1904 2857 2176 2934 primum
2211 2856 2522 2917 excitatus
2568 2874 2601 2918 a
2633 2856 2883 2931 Pholio,
2925 2867 3055 2919 tum
3095 2876 3124 2919 a
3161 2857 3468 2920 Michaele
3496 2856 3841 2920 Cerulario

589 2967 712 3010 non
748 2952 831 3011 ita
887 2954 1131 3028 pridem
1171 2971 1533 3035 renovatus,
1590 2955 1867 3017 ferveret
1929 2974 2119 3035 quam
2156 2956 2748 3030 vehementissime,
2802 2956 2961 3019 haud
3000 2958 3180 3030 valde
3235 2958 3598 3020 mirandum
3651 2957 3708 3017 si
3772 2966 3845 3018 et

589 3053 1109 3133 't‘heOphylactus
1141 3075 1209 3118 se
1241 3074 1502 3136 quoque
1534 3060 1737 3136 abripi
1778 3057 2003 3136 passus
2036 3069 2361 3137 utcunque
2401 3060 2504 3122 sit.
2543 3062 2618 3121 At
2656 3063 2805 3141 quia
2839 3071 3045 3125 tamen
3075 3063 3156 3141 ob
3188 3080 3350 3137 eam,
3397 3080 3588 3143 quam
3634 3080 3842 3149 supra

588 3155 1103 3225 memoravimus,
1140 3172 1393 3216 causam
1432 3156 1722 3233 ignotum
1760 3156 1942 3217 nobis
1974 3165 2092 3231 est,
2128 3173 2204 3218 an
2239 3156 2411 3217 illius
2447 3159 2657 3221 fervor
2688 3163 2763 3222 ad
2793 3161 3147 3223 hmreticam
3175 3181 3382 3241 usque
3415 3165 3842 3241 pertinaciam

586 3254 965 3328 excreverit,
1020 3246 1165 3316 ideo
1214 3271 1425 3334 neque
1477 3254 1658 3316 illum
1717 3255 2059 3331 hazreseos,
2110 3274 2321 3336 neque
2372 3260 2681 3337 formatis,
2730 3268 2796 3321 ut
2845 3261 3050 3333 aiunt,
3092 3260 3453 3321 schismatis
3519 3263 3842 3322 condent-

582 3372 809 3419 namus
856 3358 937 3438 (a)
970 3359 1126 3438 quin
1163 3376 1277 3421 nec
1320 3360 1522 3421 sancti
1565 3359 1681 3421 viri
1711 3360 2232 3439 appellationem,
2275 3378 2399 3439 qua
2459 3363 2648 3442 vulgo
2679 3363 2756 3425 ab
2788 3364 3225 3428 Orientalibus
3275 3366 3648 3445 insignitur,
3711 3384 3842 3429 nos

588 3461 909 3522 ullatenus
944 3463 1067 3539 ips-i
1102 3462 1494 3524 invidemus.
2016 3462 2033 3466 ⁷’

673 3582 976 3641 XXVIII.
1008 3582 1239 3642 Verum
1260 3582 1379 3642 hoc
1398 3582 1610 3659 ipsum
1632 3585 1808 3662 quod
1835 3585 2127 3665 TheOphj
2150 3588 2309 3649 Iacto
2328 3588 2522 3651 abhis
2541 3591 2913 3655 criminibus
2938 3595 3286 3672 purgando,
3312 3595 3449 3657 sive
3464 3600 3844 3660 excusando

591 3679 897 3753 deservit,
934 3679 1008 3739 ad
1054 3680 1467 3755 minuendam
1502 3698 1762 3760 quoque
1795 3683 1909 3744 hac
1944 3685 2008 3744 in
2034 3694 2206 3761 parte
2247 3688 2426 3747 illius
2458 3692 2895 3753 auctoritatem
2929 3712 3117 3772 quam
3162 3696 3434 3757 maxime
3470 3696 3618 3759 facit
3670 3700 3841 3759 Cum

590 3779 763 3843 enim
815 3780 1243 3869 controversia
1287 3780 1414 3843 haec
1474 3783 1537 3845 in
1598 3783 1872 3845 concilio
1935 3802 2012 3845 ex
2067 3786 2300 3846 Griecis
2357 3788 2727 3868 Latinisque
2794 3802 3008 3853 coacto
3086 3798 3372 3856 nondum
3429 3799 3569 3858 data
3636 3816 3845 3877 opera

589 3882 1044 3960 communique
1090 3898 1409 3945 consensu
1445 3884 1727 3965 subjecta
1758 3894 1926 3947 esset
1954 3887 2259 3963 examini,
2290 3891 2459 3968 quod
2501 3891 2704 3967 primo
2735 3891 2964 3956 factum
2986 3902 3079 3955 est
3104 3896 3175 3957 'in
3212 3884 3513 3976 praedicta
3546 3900 3841 3977 generali

588 3985 857 4063 synodo,
920 3986 1214 4064 ignorare
1245 3985 1299 4045 is
1336 3984 1519 4047 facile
1557 3987 1760 4066 potuit
1810 3988 2049 4066 quibus
2096 3990 2411 4052 niteretur
2455 3982 2891 4056 fundamentis
2926 3990 3296 4061 Latinarum
3343 4002 3678 4076 sententia,
3727 4002 3840 4066 vel

589 4106 717 4165 quo
747 4091 809 4150 in
848 4107 1044 4151 sensu
1083 4099 1442 4153 assererent
1473 4091 1574 4163 hi,
1602 4092 1908 4171 Spiritum
1945 4102 2229 4183 sanctum
2266 4095 2457 4163 etiam
2496 4114 2527 4157 a
2577 4097 2743 4159 Filio
2792 4102 3163 4177 procedere,
3210 4111 3270 4165 et
3315 4121 3503 4183 quam
3550 4072 3867 4183 legitima

595 4192 752 4250 ratio
788 4210 903 4251 seu
936 4209 1125 4253 causa
1160 4196 1252 4253 eis
1288 4194 1507 4269 fuerit,
1548 4204 1614 4256 ut
1655 4197 2025 4274 particulam
2068 4198 2357 4278 Filioque
2385 4201 2447 4260 in
2489 4211 2752 4262 suaemet
2782 4220 2966 4263 usum
3002 4205 3303 4266 Ecclesia:
3332 4207 3633 4281 Symbolo
3678 4208 3837 4271 ﬁdei

577 4290 1011 4364 adjiciendam
1050 4295 1350 4365 putarint.
1401 4298 1543 4357 Haec
1578 4300 1784 4373 reipsa
1818 4299 1895 4357 ab
1926 4299 2411 4377 Theophylacto
2448 4302 2733 4378 ignorata
2769 4304 2995 4375 fuisse,
3029 4305 3308 4366 dubitari
3356 4308 3461 4366 vix
3503 4316 3736 4384 potest,
3779 4312 3838 4371 si

590 4399 959 4467 argumenta
991 4391 1179 4468 queis
1209 4409 1387 4451 suam
1423 4394 1558 4469 ipse
1589 4412 1841 4456 causam
1878 4408 2260 4474 pr0pugnat,
2308 4400 2498 4475 paulo
2543 4402 2851 4463 attentius
2901 4406 3368 4481 expendantur.
3416 4411 3595 4472 Anne
3647 4413 3837 4474 enim

595 4508 751 4551 usus
786 4508 1067 4570 unquam
1126 4493 1337 4555 verbis
1372 4494 1503 4555 illis
1543 4497 1931 4575 evangelicis
1988 4498 2216 4561 fuisset
2258 4502 2563 4562 'Ustcnde
2608 4503 2787 4565 nobis
2836 4506 3081 4568 Patrem
3133 4508 3271 4590 (qui
3334 4531 3560 4593 nempe
3604 4518 3843 4578 doceat

568 4596 891 4673 'Spiritum
918 4605 1202 4659 sanctum
1230 4614 1262 4659 a
1297 4598 1459 4659 Filio
1487 4602 1879 4679 procedere),
1905 4612 1961 4664 ct
1989 4604 2220 4683 sufﬁcit
2255 4605 2434 4667 nobis
2468 4607 2574 4688 (ὑ),
2615 4608 2670 4669 si
2711 4612 3137 4689 cognovisset,
3173 4624 3259 4677 tot
3300 4636 3441 4679 esse
3492 4621 3726 4693 Patres,
3768 4634 3839 4687 et

586 4698 1068 4775 probatissimos
1100 4700 1384 4779 quidem,
1413 4711 1472 4763 et
1505 4719 1627 4765 non
1661 4706 1849 4767 modo
1891 4707 2171 4781 Latinos,
2205 4707 2315 4785 qui
2341 4708 2613 4771 ﬂoruere
2636 4722 2779 4773 ante
2807 4714 3233 4777 dissensionis
3269 4718 3524 4778 initium
3561 4720 3839 4797 (quibus

596 4805 858 4879 proinde
887 4806 1295 4882 probatorum
1322 4809 1580 4868 Patrum
1612 4823 1672 4870 et
1700 4828 1931 4873 nomen
1966 4823 2027 4875 et
2062 4813 2325 4891 gradum
2363 4832 2550 4877 nemo
2590 4833 2765 4889 sane,
2792 4820 2898 4895 qui
2930 4829 3092 4880 recte
3126 4807 3379 4892 Sentiat,
3407 4822 3841 4906 abjudtcarit),

563 4905 701 4961 'sed
738 4906 923 4966 etiam
955 4910 1228 4979 Graecos,
1258 4911 1371 4987 qui
1399 4918 1677 4970 nostram
1711 4912 2034 4974 tradidere
2067 4915 2639 4978 sententiam?Hic
2666 4934 2839 4990 vero,
2868 4929 3203 4998 antequam
3236 4922 3397 4980 ultra
3431 4924 3843 5003 progredior,

594 5001 892 5063 cohibere
934 5021 1030 5064 me
1065 5022 1191 5067 non
1233 5026 1518 5085 possum,
1557 5011 1718 5090 quin
1757 5013 2166 5073 vehementer
2190 5032 2423 5093 querar
2453 5022 2995 5098 expostuleutquo
3029 5022 3106 5082 de
3138 5024 3541 5097 apertissima
3590 5001 3849 5105 injuria

593 5120 784 5197 quam
834 5104 1031 5165 Greeci
1086 5118 1315 5170 nostra}
1372 5109 1563 5188 hujus
1620 5116 1815 5175 aetatis
1846 5131 1974 5177 non
2013 5116 2250 5177 Latium
2296 5125 2563 5189 tantum,
2610 5120 2724 5179 sed
2780 5128 2840 5181 et
2883 5124 3201 5183 universa;
3252 5125 3556 5187 Ecclesiae
3588 5104 3847 5192 inferre

598 5207 761 5268 haud
824 5206 1262 5282 reformidant,
1323 5212 1474 5271 duru
1536 5219 2036 5279 controversiam
2095 5218 2255 5280 hanc
2302 5217 2452 5281 ﬁdei
2520 5220 2593 5281 ad
2652 5223 2901 5283 Graecos
2956 5231 3197 5284 tantum
3244 5226 3625 5303 exigendam
3683 5246 3845 5291 esse

598 5310 835 5386 I‘atres,
886 5329 966 5374 ex
1024 5329 1379 5391 eorumque
1439 5314 1686 5391 placitis
1740 5322 2171 5382 deﬁniendam
2229 5338 2368 5384 esse
2424 5324 2847 5386 contendunt.
2905 5324 3068 5396 Quid
3115 5318 3327 5387 enim?
3376 5332 3465 5389 An
3524 5328 3845 5393 catholica

670 5585 745 5651 (ιι)
786 5585 896 5643 Ilac
935 5594 1147 5668 ratione
1188 5606 1334 5668 eum
1372 5599 1710 5668 excusarnnt
1762 5600 2012 5668 auctores
2046 5590 2160 5668 edi:
2266 5593 2480 5649 locutus
2522 5596 2682 5650 fuerit
2715 5593 3044 5668 de_Spiritns
3067 5600 3237 5654 sancti
3271 5597 3676 5668 processiono),
3706 5600 3845 5666 quia

596 5658 966 5740 tinnumnann.
1011 5663 1171 5740 iam,
1204 5662 1339 5740 15:52
1366 5670 1418 5740 et
1449 5662 1605 5740 €554,
1649 5676 1787 5731 quas
1813 5660 1992 5740 videre
2028 5662 2158 5740 mihi
2267 5667 2479 5740 minime
2506 5678 2627 5720 tunc
2665 5669 2727 5719 ab
2774 5658 3007 5719 Ecclesia
3048 5658 3333 5725 universali
3384 5658 3659 5735 deﬁnitum
3690 5658 3846 5740 crat,

595 5723 768 5805 licuit.
799 5725 1221 5805 Enarrationunt
1276 5733 1450 5805 ipsius
1492 5734 1544 5785 in
1582 5723 1814 5801 quatuor
1850 5732 2156 5805 Evangelia.
2266 5723 2380 5788 cum
2416 5738 2481 5788 ab
2513 5749 2731 5805 utroque
2764 5740 3060 5802 procedere.

600 5792 773 5846 νοινὶιει
799 5797 1013 5880 illorum
1042 5805 1105 5880 ait
1126 5792 1322 5857 calcem
1343 5792 1841 5880 Ιιὶτξ-ῐξιιὶεῆπᾷευιη
1868 5822 1879 5880 :_
1910 5792 2160 5880 Propte'r-
2338 5808 2412 5880 (ὁ)
2446 5808 2582 5865 Nutu
2641 5792 2729 5865 lll.

601 5884 658 5920 cu
691 5866 1135 5937 reprehendendus
1170 5889 1268 5925 non
1299 5883 1373 5925 est
1418 5873 1829 5940 TlteOphtjluctus
1864 5866 2030 5942 {qqu
2090 5876 2159 5929 ita
