  <div class='ocr_page' id='page_1' title='image "/cluster/home/n/w/nwhite01/storage/ocr_20150623/125/pst.000005714407/250.png"; bbox 0 0 4056 6340; ppageno 0'>
   <div class='ocr_carea' id='block_1_1' title="bbox 150 362 3386 462">
    <p class='ocr_par' dir='ltr' id='par_1_1' title="bbox 150 362 3386 462">
     <span class='ocr_line' id='line_1_1' title="bbox 150 362 3386 462; baseline 0.002 -9"><span class='ocrx_word' id='word_1_1' title='bbox 150 386 253 453; x_wconf 73' lang='lat' dir='ltr'>tta</span> <span class='ocrx_word' id='word_1_2' title='bbox 485 362 489 366; x_wconf 75' lang='grc'><strong>’</strong></span> <span class='ocrx_word' id='word_1_3' title='bbox 975 376 1075 447; x_wconf 74' lang='grc' dir='ltr'>ἸΝ</span> <span class='ocrx_word' id='word_1_4' title='bbox 1119 386 1549 457; x_wconf 74' lang='lat' dir='ltr'>SEQUENTIA</span> <span class='ocrx_word' id='word_1_5' title='bbox 1588 388 2162 451; x_wconf 82' lang='lat' dir='ltr'>TIIEOPIIYLACTI</span> <span class='ocrx_word' id='word_1_6' title='bbox 2195 390 2535 453; x_wconf 65' lang='lat' dir='ltr'>samera.</span> <span class='ocrx_word' id='word_1_7' title='bbox 3280 397 3386 462; x_wconf 69' lang='lat'>450</span> 
     </span>
    </p>
   </div>
   <div class='ocr_carea' id='block_1_2' title="bbox 153 498 3385 577">
    <p class='ocr_par' dir='ltr' id='par_1_2' title="bbox 153 498 3385 577">
     <span class='ocr_line' id='line_1_2' title="bbox 153 498 3385 577; baseline 0.001 -14"><span class='ocrx_word' id='word_1_8' title='bbox 153 500 434 563; x_wconf 78' lang='lat' dir='ltr'>Ecclesia</span> <span class='ocrx_word' id='word_1_9' title='bbox 483 500 643 562; x_wconf 89' lang='lat' dir='ltr'>intra</span> <span class='ocrx_word' id='word_1_10' title='bbox 694 498 897 561; x_wconf 86' lang='lat' dir='ltr'>solius</span> <span class='ocrx_word' id='word_1_11' title='bbox 939 501 1201 563; x_wconf 58' lang='lat' dir='ltr'>Gracia:</span> <span class='ocrx_word' id='word_1_12' title='bbox 1240 512 1333 561; x_wconf 85' lang='lat' dir='ltr'>vel</span> <span class='ocrx_word' id='word_1_13' title='bbox 1382 499 1667 561; x_wconf 80' lang='lat' dir='ltr'>Orientis</span> <span class='ocrx_word' id='word_1_14' title='bbox 1711 499 1866 560; x_wconf 82' lang='lat' dir='ltr'>ﬁnes</span> <span class='ocrx_word' id='word_1_15' title='bbox 1915 500 2104 560; x_wconf 82' lang='lat' dir='ltr'>etiam</span> <span class='ocrx_word' id='word_1_16' title='bbox 2152 500 2375 577; x_wconf 87' lang='lat' dir='ltr'>primis</span> <span class='ocrx_word' id='word_1_17' title='bbox 2437 500 2738 564; x_wconf 65' lang='lat' dir='ltr'>Ecclesia</span> <span class='ocrx_word' id='word_1_18' title='bbox 2790 506 3042 571; x_wconf 70' lang='lat' dir='ltr'>szccutis</span> <span class='ocrx_word' id='word_1_19' title='bbox 3084 506 3385 571; x_wconf 81' lang='lat' dir='ltr'>conclusa</span> 
     </span>
    </p>
   </div>
   <div class='ocr_carea' id='block_1_3' title="bbox 148 600 3387 685">
    <p class='ocr_par' dir='ltr' id='par_1_3' title="bbox 148 600 3387 685">
     <span class='ocr_line' id='line_1_3' title="bbox 148 600 3387 685; baseline 0.002 -21"><span class='ocrx_word' id='word_1_20' title='bbox 148 605 326 665; x_wconf 84' lang='lat' dir='ltr'>erat?</span> <span class='ocrx_word' id='word_1_21' title='bbox 380 606 500 665; x_wconf 82' lang='lat' dir='ltr'>Aut</span> <span class='ocrx_word' id='word_1_22' title='bbox 557 602 771 663; x_wconf 76' lang='lat' dir='ltr'>divina</span> <span class='ocrx_word' id='word_1_23' title='bbox 814 602 1099 673; x_wconf 77' lang='lat' dir='ltr'>traditio,</span> <span class='ocrx_word' id='word_1_24' title='bbox 1152 602 1340 681; x_wconf 87' lang='lat' dir='ltr'>cujus</span> <span class='ocrx_word' id='word_1_25' title='bbox 1400 602 1654 680; x_wconf 89' lang='lat' dir='ltr'>propria</span> <span class='ocrx_word' id='word_1_26' title='bbox 1706 600 1823 660; x_wconf 92' lang='lat' dir='ltr'>dos</span> <span class='ocrx_word' id='word_1_27' title='bbox 1875 608 1993 673; x_wconf 89' lang='lat' dir='ltr'>est,</span> <span class='ocrx_word' id='word_1_28' title='bbox 2036 618 2275 678; x_wconf 81' lang='lat' dir='ltr'>semper</span> <span class='ocrx_word' id='word_1_29' title='bbox 2306 608 2365 662; x_wconf 89' lang='lat' dir='ltr'>et</span> <span class='ocrx_word' id='word_1_30' title='bbox 2408 603 2636 682; x_wconf 82' lang='lat' dir='ltr'>ubique</span> <span class='ocrx_word' id='word_1_31' title='bbox 2682 610 2923 685; x_wconf 85' lang='lat' dir='ltr'>vigere,</span> <span class='ocrx_word' id='word_1_32' title='bbox 2955 606 3387 670; x_wconf 21' lang='lat' dir='ltr'>ex‘Orienlali</span> 
     </span>
    </p>
   </div>
   <div class='ocr_carea' id='block_1_4' title="bbox 153 699 3387 783">
    <p class='ocr_par' dir='ltr' id='par_1_4' title="bbox 153 699 3387 783">
     <span class='ocr_line' id='line_1_4' title="bbox 153 699 3387 783; baseline 0 -17"><span class='ocrx_word' id='word_1_33' title='bbox 153 712 399 783; x_wconf 88' lang='lat' dir='ltr'>tantum</span> <span class='ocrx_word' id='word_1_34' title='bbox 434 703 711 765; x_wconf 82' lang='lat' dir='ltr'>Ecclesia</span> <span class='ocrx_word' id='word_1_35' title='bbox 750 702 1097 766; x_wconf 82' lang='lat' dir='ltr'>haurienda</span> <span class='ocrx_word' id='word_1_36' title='bbox 1138 706 1593 780; x_wconf 89' lang='lat' dir='ltr'>pensandaque</span> <span class='ocrx_word' id='word_1_37' title='bbox 1624 703 1761 763; x_wconf 81' lang='lat' dir='ltr'>est?</span> <span class='ocrx_word' id='word_1_38' title='bbox 1797 701 2032 779; x_wconf 87' lang='lat' dir='ltr'>Ecquis</span> <span class='ocrx_word' id='word_1_39' title='bbox 2060 699 2174 762; x_wconf 88' lang='lat' dir='ltr'>hac</span> <span class='ocrx_word' id='word_1_40' title='bbox 2225 704 2633 783; x_wconf 67' lang='lat' dir='ltr'>prmrogativa</span> <span class='ocrx_word' id='word_1_41' title='bbox 2684 706 3044 771; x_wconf 78' lang='lat' dir='ltr'>Orientales</span> <span class='ocrx_word' id='word_1_42' title='bbox 3085 707 3387 771; x_wconf 75' lang='lat' dir='ltr'>donavit?</span> 
     </span>
    </p>
   </div>
   <div class='ocr_carea' id='block_1_5' title="bbox 152 804 3379 889">
    <p class='ocr_par' dir='ltr' id='par_1_5' title="bbox 152 804 3379 889">
     <span class='ocr_line' id='line_1_5' title="bbox 152 804 3379 889; baseline 0 -22"><span class='ocrx_word' id='word_1_43' title='bbox 152 810 244 868; x_wconf 83' lang='lat' dir='ltr'>An</span> <span class='ocrx_word' id='word_1_44' title='bbox 286 806 603 879; x_wconf 88' lang='lat' dir='ltr'>Christus,</span> <span class='ocrx_word' id='word_1_45' title='bbox 651 805 761 883; x_wconf 91' lang='lat' dir='ltr'>qui</span> <span class='ocrx_word' id='word_1_46' title='bbox 802 806 1224 883; x_wconf 81' lang='lat' dir='ltr'>Evangelium</span> <span class='ocrx_word' id='word_1_47' title='bbox 1273 804 1339 867; x_wconf 90' lang='lat' dir='ltr'>in</span> <span class='ocrx_word' id='word_1_48' title='bbox 1385 805 1690 866; x_wconf 89' lang='lat' dir='ltr'>universo</span> <span class='ocrx_word' id='word_1_49' title='bbox 1728 804 1968 865; x_wconf 91' lang='lat' dir='ltr'>mundo</span> <span class='ocrx_word' id='word_1_50' title='bbox 2022 804 2488 881; x_wconf 58' lang='lat' dir='ltr'>praedicandum</span> <span class='ocrx_word' id='word_1_51' title='bbox 2531 808 2772 869; x_wconf 80' lang='lat' dir='ltr'>edixit?</span> <span class='ocrx_word' id='word_1_52' title='bbox 2808 812 2903 871; x_wconf 81' lang='lat' dir='ltr'>An</span> <span class='ocrx_word' id='word_1_53' title='bbox 2934 810 3235 889; x_wconf 77' lang='lat' dir='ltr'>apostoli,</span> <span class='ocrx_word' id='word_1_54' title='bbox 3266 807 3379 888; x_wconf 90' lang='lat' dir='ltr'><strong>qui</strong></span> 
     </span>
    </p>
   </div>
   <div class='ocr_carea' id='block_1_6' title="bbox 152 906 3386 988">
    <p class='ocr_par' dir='ltr' id='par_1_6' title="bbox 152 906 3386 988">
     <span class='ocr_line' id='line_1_6' title="bbox 152 906 3386 988; baseline -0.001 -17"><span class='ocrx_word' id='word_1_55' title='bbox 152 911 311 972; x_wconf 88' lang='lat' dir='ltr'>illud</span> <span class='ocrx_word' id='word_1_56' title='bbox 346 912 808 972; x_wconf 87' lang='lat' dir='ltr'>annuntiarunt</span> <span class='ocrx_word' id='word_1_57' title='bbox 842 908 1079 988; x_wconf 90' lang='lat' dir='ltr'>ubique</span> <span class='ocrx_word' id='word_1_58' title='bbox 1110 917 1460 981; x_wconf 89' lang='lat' dir='ltr'>terrarum;</span> <span class='ocrx_word' id='word_1_59' title='bbox 1506 922 1862 985; x_wconf 88' lang='lat' dir='ltr'>eorumque</span> <span class='ocrx_word' id='word_1_60' title='bbox 1906 906 2281 985; x_wconf 72' lang='lat' dir='ltr'>coryphaeus</span> <span class='ocrx_word' id='word_1_61' title='bbox 2324 908 2546 968; x_wconf 85' lang='lat' dir='ltr'>Petrus</span> <span class='ocrx_word' id='word_1_62' title='bbox 2591 911 2851 972; x_wconf 83' lang='lat' dir='ltr'>Romam</span> <span class='ocrx_word' id='word_1_63' title='bbox 2884 929 3027 973; x_wconf 90' lang='lat' dir='ltr'>cum</span> <span class='ocrx_word' id='word_1_64' title='bbox 3076 910 3386 971; x_wconf 70' lang='lat' dir='ltr'>doctrinas</span> 
     </span>
    </p>
   </div>
   <div class='ocr_carea' id='block_1_7' title="bbox 149 1009 3379 1091">
    <p class='ocr_par' dir='ltr' id='par_1_7' title="bbox 149 1009 3379 1091">
     <span class='ocr_line' id='line_1_7' title="bbox 149 1009 3379 1091; baseline -0.001 -17"><span class='ocrx_word' id='word_1_65' title='bbox 149 1030 302 1082; x_wconf 69' lang='lat' dir='ltr'>sure,</span> <span class='ocrx_word' id='word_1_66' title='bbox 336 1018 470 1073; x_wconf 93' lang='lat' dir='ltr'>tum</span> <span class='ocrx_word' id='word_1_67' title='bbox 516 1013 704 1075; x_wconf 90' lang='lat' dir='ltr'>etiam</span> <span class='ocrx_word' id='word_1_68' title='bbox 762 1014 1093 1091; x_wconf 91' lang='lat' dir='ltr'>potestatis</span> <span class='ocrx_word' id='word_1_69' title='bbox 1144 1013 1362 1074; x_wconf 88' lang='lat' dir='ltr'>sedem</span> <span class='ocrx_word' id='word_1_70' title='bbox 1419 1009 1796 1072; x_wconf 76' lang='lat' dir='ltr'>constituit?</span> <span class='ocrx_word' id='word_1_71' title='bbox 1844 1010 1953 1070; x_wconf 90' lang='lat' dir='ltr'>ubi</span> <span class='ocrx_word' id='word_1_72' title='bbox 2006 1009 2194 1072; x_wconf 90' lang='lat' dir='ltr'>etiam</span> <span class='ocrx_word' id='word_1_73' title='bbox 2239 1010 2474 1071; x_wconf 82' lang='lat' dir='ltr'>Paulus</span> <span class='ocrx_word' id='word_1_74' title='bbox 2504 1012 2792 1074; x_wconf 86' lang='lat' dir='ltr'>doctoris</span> <span class='ocrx_word' id='word_1_75' title='bbox 2822 1031 3086 1076; x_wconf 89' lang='lat' dir='ltr'>munere</span> <span class='ocrx_word' id='word_1_76' title='bbox 3122 1015 3379 1077; x_wconf 79' lang='lat' dir='ltr'>functus</span> 
     </span>
    </p>
   </div>
   <div class='ocr_carea' id='block_1_8' title="bbox 150 1110 3378 1195">
    <p class='ocr_par' dir='ltr' id='par_1_8' title="bbox 150 1110 3378 1195">
     <span class='ocr_line' id='line_1_8' title="bbox 150 1110 3378 1195; baseline 0.001 -21"><span class='ocrx_word' id='word_1_77' title='bbox 150 1113 416 1174; x_wconf 90' lang='lat' dir='ltr'>biennio</span> <span class='ocrx_word' id='word_1_78' title='bbox 452 1118 547 1172; x_wconf 89' lang='lat' dir='ltr'>est</span> <span class='ocrx_word' id='word_1_79' title='bbox 580 1132 595 1171; x_wconf 87' lang='lat'><strong>:</strong></span> <span class='ocrx_word' id='word_1_80' title='bbox 632 1120 701 1174; x_wconf 92' lang='lat' dir='ltr'>ut</span> <span class='ocrx_word' id='word_1_81' title='bbox 730 1113 809 1173; x_wconf 90' lang='lat' dir='ltr'>de</span> <span class='ocrx_word' id='word_1_82' title='bbox 840 1112 1081 1174; x_wconf 72' lang='lat' dir='ltr'>cmteris</span> <span class='ocrx_word' id='word_1_83' title='bbox 1103 1112 1321 1172; x_wconf 90' lang='lat' dir='ltr'>sileam</span> <span class='ocrx_word' id='word_1_84' title='bbox 1355 1110 1686 1190; x_wconf 82' lang='lat' dir='ltr'>apostolis,</span> <span class='ocrx_word' id='word_1_85' title='bbox 1722 1127 1995 1189; x_wconf 89' lang='lat' dir='ltr'>quorum</span> <span class='ocrx_word' id='word_1_86' title='bbox 2029 1110 2228 1188; x_wconf 84' lang='lat' dir='ltr'>aliqui</span> <span class='ocrx_word' id='word_1_87' title='bbox 2262 1128 2372 1189; x_wconf 85' lang='lat' dir='ltr'>per</span> <span class='ocrx_word' id='word_1_88' title='bbox 2410 1111 2685 1189; x_wconf 91' lang='lat' dir='ltr'>seipsos,</span> <span class='ocrx_word' id='word_1_89' title='bbox 2718 1113 2823 1174; x_wconf 82' lang='lat' dir='ltr'>alii</span> <span class='ocrx_word' id='word_1_90' title='bbox 2868 1133 2975 1192; x_wconf 90' lang='lat' dir='ltr'>per</span> <span class='ocrx_word' id='word_1_91' title='bbox 3025 1114 3378 1195; x_wconf 60' lang='lat' dir='ltr'>discipulus</span> 
     </span>
    </p>
   </div>
   <div class='ocr_carea' id='block_1_9' title="bbox 150 1214 3377 1295">
    <p class='ocr_par' dir='ltr' id='par_1_9' title="bbox 150 1214 3377 1295">
     <span class='ocr_line' id='line_1_9' title="bbox 150 1214 3377 1295; baseline 0.001 -17"><span class='ocrx_word' id='word_1_92' title='bbox 150 1218 224 1278; x_wconf 60' lang='lat' dir='ltr'>ab</span> <span class='ocrx_word' id='word_1_93' title='bbox 252 1234 321 1278; x_wconf 91' lang='lat' dir='ltr'>se</span> <span class='ocrx_word' id='word_1_94' title='bbox 356 1216 688 1278; x_wconf 89' lang='lat' dir='ltr'>institutos</span> <span class='ocrx_word' id='word_1_95' title='bbox 720 1215 786 1277; x_wconf 94' lang='lat' dir='ltr'>in</span> <span class='ocrx_word' id='word_1_96' title='bbox 820 1218 1022 1278; x_wconf 91' lang='lat' dir='ltr'>varias</span> <span class='ocrx_word' id='word_1_97' title='bbox 1055 1217 1426 1277; x_wconf 73' lang='lat' dir='ltr'>Oet-identis</span> <span class='ocrx_word' id='word_1_98' title='bbox 1462 1215 1824 1291; x_wconf 82' lang='lat' dir='ltr'>provincias</span> <span class='ocrx_word' id='word_1_99' title='bbox 1868 1233 1937 1276; x_wconf 88' lang='lat' dir='ltr'>ac</span> <span class='ocrx_word' id='word_1_100' title='bbox 1971 1231 2157 1293; x_wconf 85' lang='lat' dir='ltr'>regna</span> <span class='ocrx_word' id='word_1_101' title='bbox 2200 1214 2550 1276; x_wconf 75' lang='lat' dir='ltr'>tim-trinam</span> <span class='ocrx_word' id='word_1_102' title='bbox 2599 1218 3027 1295; x_wconf 77' lang='lat' dir='ltr'>evangelicani</span> <span class='ocrx_word' id='word_1_103' title='bbox 3072 1219 3377 1280; x_wconf 88' lang='lat' dir='ltr'>dissemi-</span> 
     </span>
    </p>
   </div>
   <div class='ocr_carea' id='block_1_10' title="bbox 161 1309 3466 1400">
    <p class='ocr_par' dir='ltr' id='par_1_10' title="bbox 161 1309 3466 1400">
     <span class='ocr_line' id='line_1_10' title="bbox 161 1309 3466 1400; baseline 0.001 -22"><span class='ocrx_word' id='word_1_104' title='bbox 161 1326 414 1380; x_wconf 75' lang='lat' dir='ltr'>narunt.</span> <span class='ocrx_word' id='word_1_105' title='bbox 470 1318 775 1392; x_wconf 90' lang='lat' dir='ltr'>Quamvis</span> <span class='ocrx_word' id='word_1_106' title='bbox 807 1318 1004 1398; x_wconf 85' lang='lat' dir='ltr'>igitur</span> <span class='ocrx_word' id='word_1_107' title='bbox 1060 1318 1307 1380; x_wconf 89' lang='lat' dir='ltr'>nullum</span> <span class='ocrx_word' id='word_1_108' title='bbox 1350 1336 1424 1380; x_wconf 87' lang='lat' dir='ltr'>ex</span> <span class='ocrx_word' id='word_1_109' title='bbox 1466 1318 1697 1380; x_wconf 77' lang='lat' dir='ltr'>Grmcis</span> <span class='ocrx_word' id='word_1_110' title='bbox 1751 1317 2042 1379; x_wconf 87' lang='lat' dir='ltr'>Patribus</span> <span class='ocrx_word' id='word_1_111' title='bbox 2098 1316 2307 1379; x_wconf 80' lang='lat' dir='ltr'>all‘erri</span> <span class='ocrx_word' id='word_1_112' title='bbox 2373 1326 2583 1395; x_wconf 86' lang='lat' dir='ltr'>posset</span> <span class='ocrx_word' id='word_1_113' title='bbox 2634 1334 2745 1394; x_wconf 87' lang='lat' dir='ltr'>pro</span> <span class='ocrx_word' id='word_1_114' title='bbox 2811 1321 3032 1381; x_wconf 87' lang='lat' dir='ltr'>Latino</span> <span class='ocrx_word' id='word_1_115' title='bbox 3089 1321 3379 1400; x_wconf 81' lang='lat' dir='ltr'>dogmate</span> <span class='ocrx_word' id='word_1_116' title='bbox 3461 1309 3466 1315; x_wconf 65' lang='grc'><em>’</em></span> 
     </span>
    </p>
   </div>
   <div class='ocr_carea' id='block_1_11' title="bbox 154 1419 3383 1503">
    <p class='ocr_par' dir='ltr' id='par_1_11' title="bbox 154 1419 3383 1503">
     <span class='ocr_line' id='line_1_11' title="bbox 154 1419 3383 1503; baseline 0.002 -24"><span class='ocrx_word' id='word_1_117' title='bbox 154 1420 614 1499; x_wconf 90' lang='lat' dir='ltr'>testimonium,</span> <span class='ocrx_word' id='word_1_118' title='bbox 674 1429 885 1482; x_wconf 92' lang='lat' dir='ltr'>nonne</span> <span class='ocrx_word' id='word_1_119' title='bbox 940 1420 1094 1482; x_wconf 89' lang='lat' dir='ltr'>satis</span> <span class='ocrx_word' id='word_1_120' title='bbox 1151 1429 1321 1503; x_wconf 87' lang='lat' dir='ltr'>esset</span> <span class='ocrx_word' id='word_1_121' title='bbox 1371 1421 1697 1482; x_wconf 86' lang='lat' dir='ltr'>unanimis</span> <span class='ocrx_word' id='word_1_122' title='bbox 1763 1421 2132 1492; x_wconf 88' lang='lat' dir='ltr'>Latinorum</span> <span class='ocrx_word' id='word_1_123' title='bbox 2179 1422 2435 1482; x_wconf 88' lang='lat' dir='ltr'>Patrum</span> <span class='ocrx_word' id='word_1_124' title='bbox 2496 1419 2836 1493; x_wconf 87' lang='lat' dir='ltr'>sententia,</span> <span class='ocrx_word' id='word_1_125' title='bbox 2898 1430 2962 1482; x_wconf 93' lang='lat' dir='ltr'>ut</span> <span class='ocrx_word' id='word_1_126' title='bbox 3019 1422 3256 1484; x_wconf 91' lang='lat' dir='ltr'>nedum</span> <span class='ocrx_word' id='word_1_127' title='bbox 3304 1425 3383 1484; x_wconf 88' lang='lat' dir='ltr'>ab</span> 
     </span>
    </p>
   </div>
   <div class='ocr_carea' id='block_1_12' title="bbox 154 1514 3383 1599">
    <p class='ocr_par' dir='ltr' id='par_1_12' title="bbox 154 1514 3383 1599">
     <span class='ocr_line' id='line_1_12' title="bbox 154 1514 3383 1599; baseline 0 -17"><span class='ocrx_word' id='word_1_128' title='bbox 154 1520 362 1582; x_wconf 87' lang='lat' dir='ltr'>omnis</span> <span class='ocrx_word' id='word_1_129' title='bbox 387 1520 757 1598; x_wconf 88' lang='lat' dir='ltr'>suspicione</span> <span class='ocrx_word' id='word_1_130' title='bbox 785 1522 1020 1582; x_wconf 82' lang='lat' dir='ltr'>erroris</span> <span class='ocrx_word' id='word_1_131' title='bbox 1051 1520 1511 1593; x_wconf 86' lang='lat' dir='ltr'>absolveretur,</span> <span class='ocrx_word' id='word_1_132' title='bbox 1549 1521 1657 1582; x_wconf 89' lang='lat' dir='ltr'>sed</span> <span class='ocrx_word' id='word_1_133' title='bbox 1694 1521 1881 1582; x_wconf 87' lang='lat' dir='ltr'>etiam</span> <span class='ocrx_word' id='word_1_134' title='bbox 1917 1528 1982 1579; x_wconf 90' lang='lat' dir='ltr'>ut</span> <span class='ocrx_word' id='word_1_135' title='bbox 2015 1514 2503 1599; x_wconf 80' lang='lat' dir='ltr'>apostolisipsis</span> <span class='ocrx_word' id='word_1_136' title='bbox 2536 1519 2878 1582; x_wconf 66' lang='lat' dir='ltr'>referretur</span> <span class='ocrx_word' id='word_1_137' title='bbox 2910 1524 3283 1599; x_wconf 83' lang='lat' dir='ltr'>acceptum?</span> <span class='ocrx_word' id='word_1_138' title='bbox 3310 1526 3383 1582; x_wconf 66' lang='lat' dir='ltr'>lit</span> 
     </span>
    </p>
   </div>
   <div class='ocr_carea' id='block_1_13' title="bbox 153 1618 3380 1701">
    <p class='ocr_par' dir='ltr' id='par_1_13' title="bbox 153 1618 3380 1701">
     <span class='ocr_line' id='line_1_13' title="bbox 153 1618 3380 1701; baseline 0.001 -21"><span class='ocrx_word' id='word_1_139' title='bbox 153 1635 299 1680; x_wconf 89' lang='lat' dir='ltr'>sane</span> <span class='ocrx_word' id='word_1_140' title='bbox 336 1620 390 1679; x_wconf 91' lang='lat' dir='ltr'>si</span> <span class='ocrx_word' id='word_1_141' title='bbox 427 1618 971 1698; x_wconf 85' lang='lat' dir='ltr'>TheOphylactum</span> <span class='ocrx_word' id='word_1_142' title='bbox 1000 1638 1124 1682; x_wconf 92' lang='lat' dir='ltr'>non</span> <span class='ocrx_word' id='word_1_143' title='bbox 1162 1620 1345 1681; x_wconf 91' lang='lat' dir='ltr'>latuit</span> <span class='ocrx_word' id='word_1_144' title='bbox 1378 1620 1597 1682; x_wconf 80' lang='lat' dir='ltr'>istbaec</span> <span class='ocrx_word' id='word_1_145' title='bbox 1627 1620 1995 1681; x_wconf 77' lang='lat' dir='ltr'>Latinorum</span> <span class='ocrx_word' id='word_1_146' title='bbox 2032 1622 2371 1682; x_wconf 89' lang='lat' dir='ltr'>consensio</span> <span class='ocrx_word' id='word_1_147' title='bbox 2401 1622 2682 1694; x_wconf 89' lang='lat' dir='ltr'>Patrum,</span> <span class='ocrx_word' id='word_1_148' title='bbox 2725 1639 2845 1701; x_wconf 90' lang='lat' dir='ltr'>qua</span> <span class='ocrx_word' id='word_1_149' title='bbox 2885 1624 3128 1683; x_wconf 85' lang='lat' dir='ltr'>ratione</span> <span class='ocrx_word' id='word_1_150' title='bbox 3177 1639 3380 1684; x_wconf 80' lang='lat' dir='ltr'>ausus</span> 
     </span>
    </p>
   </div>
   <div class='ocr_carea' id='block_1_14' title="bbox 160 1717 3379 1803">
    <p class='ocr_par' dir='ltr' id='par_1_14' title="bbox 160 1717 3379 1803">
     <span class='ocr_line' id='line_1_14' title="bbox 160 1717 3379 1803; baseline 0.002 -23"><span class='ocrx_word' id='word_1_151' title='bbox 160 1724 251 1780; x_wconf 90' lang='lat' dir='ltr'>est</span> <span class='ocrx_word' id='word_1_152' title='bbox 308 1717 643 1793; x_wconf 82' lang='lat' dir='ltr'>aﬂirmare,</span> <span class='ocrx_word' id='word_1_153' title='bbox 692 1739 729 1779; x_wconf 91' lang='lat' dir='ltr'>a</span> <span class='ocrx_word' id='word_1_154' title='bbox 791 1718 966 1780; x_wconf 80' lang='lat' dir='ltr'>nullo</span> <span class='ocrx_word' id='word_1_155' title='bbox 1022 1740 1100 1782; x_wconf 68' lang='lat' dir='ltr'>ex</span> <span class='ocrx_word' id='word_1_156' title='bbox 1136 1721 1420 1799; x_wconf 73' lang='lat' dir='ltr'>probatis</span> <span class='ocrx_word' id='word_1_157' title='bbox 1478 1722 1777 1783; x_wconf 81' lang='lat' dir='ltr'>Patribus</span> <span class='ocrx_word' id='word_1_158' title='bbox 1828 1721 1895 1783; x_wconf 90' lang='lat' dir='ltr'>id</span> <span class='ocrx_word' id='word_1_159' title='bbox 1946 1724 2210 1796; x_wconf 81' lang='lat' dir='ltr'>edoceri,</span> <span class='ocrx_word' id='word_1_160' title='bbox 2259 1738 2728 1802; x_wconf 87' lang='lat' dir='ltr'>provocarcque</span> <span class='ocrx_word' id='word_1_161' title='bbox 2813 1741 2931 1785; x_wconf 85' lang='lat' dir='ltr'>nos</span> <span class='ocrx_word' id='word_1_162' title='bbox 2988 1724 3379 1803; x_wconf 87' lang='lat' dir='ltr'>evangelicis</span> 
     </span>
    </p>
   </div>
   <div class='ocr_carea' id='block_1_15' title="bbox 156 1821 3377 1908">
    <p class='ocr_par' dir='ltr' id='par_1_15' title="bbox 156 1821 3377 1908">
     <span class='ocr_line' id='line_1_15' title="bbox 156 1821 3377 1908; baseline 0.003 -29"><span class='ocrx_word' id='word_1_163' title='bbox 156 1821 407 1882; x_wconf 89' lang='lat' dir='ltr'>verbis:</span> <span class='ocrx_word' id='word_1_164' title='bbox 439 1822 702 1883; x_wconf 87' lang='lat' dir='ltr'>Ostende</span> <span class='ocrx_word' id='word_1_165' title='bbox 730 1825 911 1885; x_wconf 83' lang='lat' dir='ltr'>nobis</span> <span class='ocrx_word' id='word_1_166' title='bbox 937 1825 1231 1891; x_wconf 89' lang='lat' dir='ltr'>Patrem?</span> <span class='ocrx_word' id='word_1_167' title='bbox 1264 1827 1359 1886; x_wconf 87' lang='lat' dir='ltr'>An</span> <span class='ocrx_word' id='word_1_168' title='bbox 1402 1842 1527 1887; x_wconf 89' lang='lat' dir='ltr'>non</span> <span class='ocrx_word' id='word_1_169' title='bbox 1558 1827 1818 1906; x_wconf 79' lang='lat' dir='ltr'>probati</span> <span class='ocrx_word' id='word_1_170' title='bbox 1865 1830 2078 1889; x_wconf 88' lang='lat' dir='ltr'>Patres</span> <span class='ocrx_word' id='word_1_171' title='bbox 2126 1826 2482 1906; x_wconf 82' lang='lat' dir='ltr'>Cyprianus</span> <span class='ocrx_word' id='word_1_172' title='bbox 2524 1839 2586 1892; x_wconf 91' lang='lat' dir='ltr'>et</span> <span class='ocrx_word' id='word_1_173' title='bbox 2637 1828 3045 1904; x_wconf 78' lang='lat' dir='ltr'>Ambrosius,</span> <span class='ocrx_word' id='word_1_174' title='bbox 3102 1846 3377 1908; x_wconf 90' lang='lat' dir='ltr'>quorum</span> 
     </span>
    </p>
   </div>
   <div class='ocr_carea' id='block_1_16' title="bbox 155 1923 3381 2009">
    <p class='ocr_par' dir='ltr' id='par_1_16' title="bbox 155 1923 3381 2009">
     <span class='ocr_line' id='line_1_16' title="bbox 155 1923 3381 2009; baseline 0.002 -29"><span class='ocrx_word' id='word_1_175' title='bbox 155 1923 354 1982; x_wconf 89' lang='lat' dir='ltr'>utitur</span> <span class='ocrx_word' id='word_1_176' title='bbox 391 1924 781 1985; x_wconf 88' lang='lat' dir='ltr'>testimoniis</span> <span class='ocrx_word' id='word_1_177' title='bbox 815 1925 998 1985; x_wconf 91' lang='lat' dir='ltr'>tertia</span> <span class='ocrx_word' id='word_1_178' title='bbox 1031 1925 1324 2003; x_wconf 75' lang='lat' dir='ltr'>synodus</span> <span class='ocrx_word' id='word_1_179' title='bbox 1356 1928 1770 2001; x_wconf 81' lang='lat' dir='ltr'>cecumenica,</span> <span class='ocrx_word' id='word_1_180' title='bbox 1805 1926 1943 1989; x_wconf 88' lang='lat' dir='ltr'>sive</span> <span class='ocrx_word' id='word_1_181' title='bbox 1977 1926 2342 2005; x_wconf 82' lang='lat' dir='ltr'>Ephesina?</span> <span class='ocrx_word' id='word_1_182' title='bbox 2387 1930 2609 2007; x_wconf 89' lang='lat' dir='ltr'>Nonne</span> <span class='ocrx_word' id='word_1_183' title='bbox 2651 1929 3140 2006; x_wconf 82' lang='lat' dir='ltr'>probatissimus</span> <span class='ocrx_word' id='word_1_184' title='bbox 3204 1930 3381 2009; x_wconf 89' lang='lat' dir='ltr'>Pater</span> 
     </span>
    </p>
   </div>
   <div class='ocr_carea' id='block_1_17' title="bbox 157 2024 1759 2111">
    <p class='ocr_par' dir='ltr' id='par_1_17' title="bbox 157 2024 1759 2107">
     <span class='ocr_line' id='line_1_17' title="bbox 157 2024 1759 2107; baseline 0.005 -26"><span class='ocrx_word' id='word_1_185' title='bbox 157 2024 278 2083; x_wconf 83' lang='lat' dir='ltr'>Leo</span> <span class='ocrx_word' id='word_1_186' title='bbox 317 2026 608 2101; x_wconf 77' lang='lat' dir='ltr'>Magnus,</span> <span class='ocrx_word' id='word_1_187' title='bbox 652 2024 848 2105; x_wconf 79' lang='lat' dir='ltr'>&#39;cujus</span> <span class='ocrx_word' id='word_1_188' title='bbox 890 2027 1120 2106; x_wconf 90' lang='lat' dir='ltr'>scripta</span> <span class='ocrx_word' id='word_1_189' title='bbox 1153 2037 1377 2106; x_wconf 90' lang='lat' dir='ltr'>quarta</span> <span class='ocrx_word' id='word_1_190' title='bbox 1422 2030 1710 2107; x_wconf 81' lang='lat' dir='ltr'>synodus</span> <span class='ocrx_word' id='word_1_191' title='bbox 1751 2058 1759 2089; x_wconf 78' lang='lat' dir='ltr'>t</span> 
     </span>
    </p>
   </div>
   <div class='ocr_carea' id='block_1_18' title="bbox 1775 2024 3377 2111">
    <p class='ocr_par' dir='ltr' id='par_1_18' title="bbox 1775 2030 3377 2111">
     <span class='ocr_line' id='line_1_18' title="bbox 1775 2030 3377 2111; baseline -0.001 -18"><span class='ocrx_word' id='word_1_192' title='bbox 1775 2038 1952 2111; x_wconf 69' lang='grc' dir='ltr'><strong>πήλην</strong></span> <span class='ocrx_word' id='word_1_193' title='bbox 1987 2038 2313 2110; x_wconf 83' lang='grc' dir='ltr'>ὀρθοδοξὶας,</span> <span class='ocrx_word' id='word_1_194' title='bbox 2355 2030 2701 2092; x_wconf 83' lang='lat' dir='ltr'>columnam</span> <span class='ocrx_word' id='word_1_195' title='bbox 2737 2030 3127 2094; x_wconf 67' lang='lat' dir='ltr'>orthodoxiaa</span> <span class='ocrx_word' id='word_1_196' title='bbox 3153 2030 3377 2111; x_wconf 87' lang='lat' dir='ltr'>appel-</span> 
     </span>
    </p>
   </div>
   <div class='ocr_carea' id='block_1_19' title="bbox 160 2128 3381 2214">
    <p class='ocr_par' dir='ltr' id='par_1_19' title="bbox 160 2128 3381 2214">
     <span class='ocr_line' id='line_1_19' title="bbox 160 2128 3381 2214; baseline 0.003 -29"><span class='ocrx_word' id='word_1_197' title='bbox 160 2128 325 2188; x_wconf 85' lang='lat' dir='ltr'>lavit.</span> <span class='ocrx_word' id='word_1_198' title='bbox 382 2130 604 2190; x_wconf 83' lang='lat' dir='ltr'>Nonne</span> <span class='ocrx_word' id='word_1_199' title='bbox 668 2128 968 2206; x_wconf 88' lang='lat' dir='ltr'>probatus</span> <span class='ocrx_word' id='word_1_200' title='bbox 1025 2134 1207 2194; x_wconf 89' lang='lat' dir='ltr'>Pater</span> <span class='ocrx_word' id='word_1_201' title='bbox 1254 2133 1691 2213; x_wconf 79' lang='lat' dir='ltr'>Augustinus,</span> <span class='ocrx_word' id='word_1_202' title='bbox 1753 2151 1949 2214; x_wconf 88' lang='lat' dir='ltr'>quem</span> <span class='ocrx_word' id='word_1_203' title='bbox 2008 2142 2184 2197; x_wconf 83' lang='lat' dir='ltr'>sexta</span> <span class='ocrx_word' id='word_1_204' title='bbox 2230 2134 2519 2214; x_wconf 79' lang='lat' dir='ltr'>synodus</span> <span class='ocrx_word' id='word_1_205' title='bbox 2585 2135 2855 2196; x_wconf 89' lang='lat' dir='ltr'>summis</span> <span class='ocrx_word' id='word_1_206' title='bbox 2901 2143 3232 2211; x_wconf 82' lang='lat' dir='ltr'>prosecuta</span> <span class='ocrx_word' id='word_1_207' title='bbox 3286 2143 3381 2196; x_wconf 91' lang='lat' dir='ltr'>est</span> 
     </span>
    </p>
   </div>
   <div class='ocr_carea' id='block_1_20' title="bbox 155 2232 3381 2317">
    <p class='ocr_par' dir='ltr' id='par_1_20' title="bbox 155 2232 3381 2317">
     <span class='ocr_line' id='line_1_20' title="bbox 155 2232 3381 2317; baseline 0.002 -25"><span class='ocrx_word' id='word_1_208' title='bbox 155 2232 445 2294; x_wconf 81' lang='lat' dir='ltr'>laudibus</span> <span class='ocrx_word' id='word_1_209' title='bbox 474 2249 656 2311; x_wconf 60' lang='lat' dir='ltr'>atque</span> <span class='ocrx_word' id='word_1_210' title='bbox 685 2249 756 2294; x_wconf 93' lang='lat' dir='ltr'>ac</span> <span class='ocrx_word' id='word_1_211' title='bbox 790 2233 1005 2312; x_wconf 86' lang='lat' dir='ltr'>ipsum</span> <span class='ocrx_word' id='word_1_212' title='bbox 1028 2237 1438 2299; x_wconf 81' lang='lat' dir='ltr'>Ambrosium</span> <span class='ocrx_word' id='word_1_213' title='bbox 1470 2243 1661 2317; x_wconf 87' lang='lat' dir='ltr'>atque</span> <span class='ocrx_word' id='word_1_214' title='bbox 1693 2240 1967 2301; x_wconf 90' lang='lat' dir='ltr'>Leonem</span> <span class='ocrx_word' id='word_1_215' title='bbox 1987 2242 2015 2299; x_wconf 86' lang='lat'>?</span> <span class='ocrx_word' id='word_1_216' title='bbox 2039 2238 2104 2299; x_wconf 89' lang='lat' dir='ltr'>Si</span> <span class='ocrx_word' id='word_1_217' title='bbox 2140 2253 2290 2299; x_wconf 89' lang='lat' dir='ltr'>vero</span> <span class='ocrx_word' id='word_1_218' title='bbox 2323 2238 2441 2299; x_wconf 86' lang='lat' dir='ltr'>hoc</span> <span class='ocrx_word' id='word_1_219' title='bbox 2466 2236 2575 2299; x_wconf 88' lang='lat' dir='ltr'>ille</span> <span class='ocrx_word' id='word_1_220' title='bbox 2604 2237 2950 2316; x_wconf 84' lang='lat' dir='ltr'>ignOravit,</span> <span class='ocrx_word' id='word_1_221' title='bbox 2974 2254 3381 2317; x_wconf 84' lang='lat' dir='ltr'>consequens</span> 
     </span>
    </p>
   </div>
   <div class='ocr_carea' id='block_1_21' title="bbox 158 2322 3378 2420">
    <p class='ocr_par' dir='ltr' id='par_1_21' title="bbox 158 2322 3378 2420">
     <span class='ocr_line' id='line_1_21' title="bbox 158 2322 3378 2420; baseline 0.002 -25"><span class='ocrx_word' id='word_1_222' title='bbox 158 2343 265 2407; x_wconf 90' lang='lat' dir='ltr'>est,</span> <span class='ocrx_word' id='word_1_223' title='bbox 309 2335 507 2397; x_wconf 90' lang='lat' dir='ltr'>multo</span> <span class='ocrx_word' id='word_1_224' title='bbox 552 2336 909 2397; x_wconf 86' lang='lat' dir='ltr'>breviorem</span> <span class='ocrx_word' id='word_1_225' title='bbox 959 2322 1414 2401; x_wconf 65' lang='lat' dir='ltr'>ecclesiasticis</span> <span class='ocrx_word' id='word_1_226' title='bbox 1449 2340 1839 2401; x_wconf 88' lang='lat' dir='ltr'>eruditionis</span> <span class='ocrx_word' id='word_1_227' title='bbox 1889 2340 2359 2420; x_wconf 85' lang='lat' dir='ltr'>supellectilem</span> <span class='ocrx_word' id='word_1_228' title='bbox 2396 2340 2492 2400; x_wconf 88' lang='lat' dir='ltr'>illi</span> <span class='ocrx_word' id='word_1_229' title='bbox 2532 2338 2762 2414; x_wconf 75' lang='lat' dir='ltr'>fuisse,</span> <span class='ocrx_word' id='word_1_230' title='bbox 2810 2359 2999 2420; x_wconf 91' lang='lat' dir='ltr'>quam</span> <span class='ocrx_word' id='word_1_231' title='bbox 3056 2343 3378 2415; x_wconf 85' lang='lat' dir='ltr'>decuisset</span> 
     </span>
    </p>
   </div>
   <div class='ocr_carea' id='block_1_22' title="bbox 157 2436 3377 2522">
    <p class='ocr_par' dir='ltr' id='par_1_22' title="bbox 157 2436 3377 2522">
     <span class='ocr_line' id='line_1_22' title="bbox 157 2436 3377 2522; baseline 0.001 -22"><span class='ocrx_word' id='word_1_232' title='bbox 157 2440 302 2500; x_wconf 88' lang='lat' dir='ltr'>tanti</span> <span class='ocrx_word' id='word_1_233' title='bbox 340 2436 620 2498; x_wconf 85' lang='lat' dir='ltr'>nominis</span> <span class='ocrx_word' id='word_1_234' title='bbox 648 2436 1201 2517; x_wconf 75' lang='lat' dir='ltr'>archiepiscomim</span> <span class='ocrx_word' id='word_1_235' title='bbox 1239 2463 1254 2502; x_wconf 89' lang='lat'><strong>:</strong></span> <span class='ocrx_word' id='word_1_236' title='bbox 1289 2444 1581 2522; x_wconf 85' lang='lat' dir='ltr'>adeoque</span> <span class='ocrx_word' id='word_1_237' title='bbox 1618 2442 1801 2504; x_wconf 89' lang='lat' dir='ltr'>illius</span> <span class='ocrx_word' id='word_1_238' title='bbox 1822 2444 2286 2517; x_wconf 85' lang='lat' dir='ltr'>auctoritatem,</span> <span class='ocrx_word' id='word_1_239' title='bbox 2314 2444 2388 2505; x_wconf 92' lang='lat' dir='ltr'>ad</span> <span class='ocrx_word' id='word_1_240' title='bbox 2426 2442 2547 2504; x_wconf 86' lang='lat' dir='ltr'>hoc</span> <span class='ocrx_word' id='word_1_241' title='bbox 2577 2443 2748 2522; x_wconf 91' lang='lat' dir='ltr'>quod</span> <span class='ocrx_word' id='word_1_242' title='bbox 2774 2436 3030 2514; x_wconf 79' lang='lat' dir='ltr'>attinet,</span> <span class='ocrx_word' id='word_1_243' title='bbox 3078 2459 3201 2503; x_wconf 89' lang='lat' dir='ltr'>non</span> <span class='ocrx_word' id='word_1_244' title='bbox 3236 2460 3377 2504; x_wconf 58' lang='lat' dir='ltr'>esse</span> 
     </span>
    </p>
   </div>
   <div class='ocr_carea' id='block_1_23' title="bbox 159 2543 3378 2625">
    <p class='ocr_par' dir='ltr' id='par_1_23' title="bbox 159 2543 3378 2625">
     <span class='ocr_line' id='line_1_23' title="bbox 159 2543 3378 2625; baseline -0.001 -23"><span class='ocrx_word' id='word_1_245' title='bbox 159 2560 527 2621; x_wconf 80' lang='lat' dir='ltr'>magnopere</span> <span class='ocrx_word' id='word_1_246' title='bbox 584 2543 962 2610; x_wconf 84' lang='lat' dir='ltr'>faciendam.</span> <span class='ocrx_word' id='word_1_247' title='bbox 1014 2549 1197 2622; x_wconf 93' lang='lat' dir='ltr'>Quod</span> <span class='ocrx_word' id='word_1_248' title='bbox 1262 2562 1415 2611; x_wconf 88' lang='lat' dir='ltr'>vero</span> <span class='ocrx_word' id='word_1_249' title='bbox 1481 2546 1678 2624; x_wconf 89' lang='lat' dir='ltr'>magis</span> <span class='ocrx_word' id='word_1_250' title='bbox 1741 2546 2059 2625; x_wconf 83' lang='lat' dir='ltr'>displicet,</span> <span class='ocrx_word' id='word_1_251' title='bbox 2126 2554 2222 2608; x_wconf 92' lang='lat' dir='ltr'>est</span> <span class='ocrx_word' id='word_1_252' title='bbox 2307 2545 2469 2608; x_wconf 91' lang='lat' dir='ltr'>illud</span> <span class='ocrx_word' id='word_1_253' title='bbox 2524 2546 2695 2623; x_wconf 86' lang='lat' dir='ltr'>quod</span> <span class='ocrx_word' id='word_1_254' title='bbox 2746 2544 2963 2606; x_wconf 87' lang='lat' dir='ltr'>subdit</span> <span class='ocrx_word' id='word_1_255' title='bbox 3036 2545 3167 2605; x_wconf 87' lang='lat' dir='ltr'>:Si</span> <span class='ocrx_word' id='word_1_256' title='bbox 3219 2544 3378 2601; x_wconf 79' lang='lat' dir='ltr'>enim</span> 
     </span>
    </p>
   </div>
   <div class='ocr_carea' id='block_1_24' title="bbox 158 2641 3375 2724">
    <p class='ocr_par' dir='ltr' id='par_1_24' title="bbox 158 2641 3375 2724">
     <span class='ocr_line' id='line_1_24' title="bbox 158 2641 3375 2724; baseline 0 -25"><span class='ocrx_word' id='word_1_257' title='bbox 158 2641 449 2718; x_wconf 80' lang='lat' dir='ltr'>probatas</span> <span class='ocrx_word' id='word_1_258' title='bbox 513 2653 626 2721; x_wconf 83' lang='lat' dir='ltr'>est,</span> <span class='ocrx_word' id='word_1_259' title='bbox 682 2664 809 2707; x_wconf 78' lang='lat' dir='ltr'>non</span> <span class='ocrx_word' id='word_1_260' title='bbox 857 2645 1059 2715; x_wconf 68' lang='lat' dir='ltr'>dixit;</span> <span class='ocrx_word' id='word_1_261' title='bbox 1110 2655 1167 2707; x_wconf 86' lang='lat' dir='ltr'>et</span> <span class='ocrx_word' id='word_1_262' title='bbox 1220 2647 1278 2707; x_wconf 86' lang='lat' dir='ltr'>si</span> <span class='ocrx_word' id='word_1_263' title='bbox 1308 2644 1524 2719; x_wconf 74' lang='lat' dir='ltr'>dixit,</span> <span class='ocrx_word' id='word_1_264' title='bbox 1573 2645 1877 2724; x_wconf 81' lang='lat' dir='ltr'>probatus</span> <span class='ocrx_word' id='word_1_265' title='bbox 1917 2664 2045 2706; x_wconf 82' lang='lat' dir='ltr'>non</span> <span class='ocrx_word' id='word_1_266' title='bbox 2092 2655 2203 2708; x_wconf 86' lang='lat' dir='ltr'>est.</span> <span class='ocrx_word' id='word_1_267' title='bbox 2230 2646 2387 2720; x_wconf 55' lang='lat' dir='ltr'>Quae</span> <span class='ocrx_word' id='word_1_268' title='bbox 2434 2646 2625 2707; x_wconf 83' lang='lat' dir='ltr'>verba</span> <span class='ocrx_word' id='word_1_269' title='bbox 2673 2644 3041 2705; x_wconf 63' lang='lat' dir='ltr'>haereticum</span> <span class='ocrx_word' id='word_1_270' title='bbox 3076 2643 3375 2722; x_wconf 85' lang='lat' dir='ltr'>spiritum</span> 
     </span>
    </p>
   </div>
   <div class='ocr_carea' id='block_1_25' title="bbox 160 2744 3376 2835">
    <p class='ocr_par' dir='ltr' id='par_1_25' title="bbox 160 2744 3376 2835">
     <span class='ocr_line' id='line_1_25' title="bbox 160 2744 3376 2835; baseline -0.001 -29"><span class='ocrx_word' id='word_1_271' title='bbox 160 2748 439 2809; x_wconf 88' lang='lat' dir='ltr'>redolere</span> <span class='ocrx_word' id='word_1_272' title='bbox 477 2748 778 2811; x_wconf 89' lang='lat' dir='ltr'>videntur</span> <span class='ocrx_word' id='word_1_273' title='bbox 813 2770 831 2810; x_wconf 88' lang='lat'><strong>:</strong></span> <span class='ocrx_word' id='word_1_274' title='bbox 872 2749 1151 2812; x_wconf 65' lang='lat' dir='ltr'>haeretici</span> <span class='ocrx_word' id='word_1_275' title='bbox 1193 2749 1367 2811; x_wconf 89' lang='lat' dir='ltr'>enim</span> <span class='ocrx_word' id='word_1_276' title='bbox 1400 2766 1477 2810; x_wconf 80' lang='lat' dir='ltr'>ex</span> <span class='ocrx_word' id='word_1_277' title='bbox 1515 2748 1825 2825; x_wconf 86' lang='lat' dir='ltr'>Opinione</span> <span class='ocrx_word' id='word_1_278' title='bbox 1860 2747 2113 2835; x_wconf 78' lang='lat' dir='ltr'>propria</span> <span class='ocrx_word' id='word_1_279' title='bbox 2148 2750 2400 2809; x_wconf 86' lang='lat' dir='ltr'>Patrum</span> <span class='ocrx_word' id='word_1_280' title='bbox 2433 2746 2870 2827; x_wconf 82' lang='lat' dir='ltr'>auctoritatem</span> <span class='ocrx_word' id='word_1_281' title='bbox 2900 2746 3107 2806; x_wconf 90' lang='lat' dir='ltr'>metiri</span> <span class='ocrx_word' id='word_1_282' title='bbox 3142 2744 3376 2818; x_wconf 86' lang='lat' dir='ltr'>solent,</span> 
     </span>
    </p>
   </div>
   <div class='ocr_carea' id='block_1_26' title="bbox 159 2844 3370 2930">
    <p class='ocr_par' dir='ltr' id='par_1_26' title="bbox 159 2844 3370 2930">
     <span class='ocr_line' id='line_1_26' title="bbox 159 2844 3370 2930; baseline -0.001 -24"><span class='ocrx_word' id='word_1_283' title='bbox 159 2846 231 2907; x_wconf 88' lang='lat' dir='ltr'>de</span> <span class='ocrx_word' id='word_1_284' title='bbox 258 2864 459 2926; x_wconf 87' lang='lat' dir='ltr'>eaque</span> <span class='ocrx_word' id='word_1_285' title='bbox 485 2849 805 2927; x_wconf 83' lang='lat' dir='ltr'>judicium</span> <span class='ocrx_word' id='word_1_286' title='bbox 836 2850 1001 2912; x_wconf 84' lang='lat' dir='ltr'>ferre</span> <span class='ocrx_word' id='word_1_287' title='bbox 1038 2851 1371 2930; x_wconf 88' lang='lat' dir='ltr'>:dumque</span> <span class='ocrx_word' id='word_1_288' title='bbox 1402 2850 1480 2910; x_wconf 82' lang='lat' dir='ltr'>ab</span> <span class='ocrx_word' id='word_1_289' title='bbox 1516 2848 1763 2911; x_wconf 86' lang='lat' dir='ltr'>eisdem</span> <span class='ocrx_word' id='word_1_290' title='bbox 1797 2850 2214 2923; x_wconf 89' lang='lat' dir='ltr'>dissentiunt,</span> <span class='ocrx_word' id='word_1_291' title='bbox 2250 2865 2359 2910; x_wconf 90' lang='lat' dir='ltr'>eos</span> <span class='ocrx_word' id='word_1_292' title='bbox 2391 2847 2571 2910; x_wconf 85' lang='lat' dir='ltr'>ﬂocci</span> <span class='ocrx_word' id='word_1_293' title='bbox 2613 2864 2682 2908; x_wconf 92' lang='lat' dir='ltr'>ac</span> <span class='ocrx_word' id='word_1_294' title='bbox 2715 2847 2900 2909; x_wconf 86' lang='lat' dir='ltr'>nihili</span> <span class='ocrx_word' id='word_1_295' title='bbox 2954 2844 3216 2906; x_wconf 88' lang='lat' dir='ltr'>faciunt.</span> <span class='ocrx_word' id='word_1_296' title='bbox 3253 2845 3370 2903; x_wconf 86' lang='lat' dir='ltr'>Sed</span> 
     </span>
    </p>
   </div>
   <div class='ocr_carea' id='block_1_27' title="bbox 160 2948 3374 3032">
    <p class='ocr_par' dir='ltr' id='par_1_27' title="bbox 160 2948 3374 3032">
     <span class='ocr_line' id='line_1_27' title="bbox 160 2948 3374 3032; baseline -0.002 -25"><span class='ocrx_word' id='word_1_297' title='bbox 160 2948 366 3010; x_wconf 89' lang='lat' dir='ltr'>mitius</span> <span class='ocrx_word' id='word_1_298' title='bbox 398 2951 640 3012; x_wconf 91' lang='lat' dir='ltr'>sentire</span> <span class='ocrx_word' id='word_1_299' title='bbox 676 2960 923 3030; x_wconf 71' lang='lat' dir='ltr'>prmstat</span> <span class='ocrx_word' id='word_1_300' title='bbox 963 2955 1041 3017; x_wconf 91' lang='lat' dir='ltr'>de</span> <span class='ocrx_word' id='word_1_301' title='bbox 1074 2953 1574 3032; x_wconf 85' lang='lat' dir='ltr'>&#39;l‘heOphylacto,</span> <span class='ocrx_word' id='word_1_302' title='bbox 1605 2964 1796 3032; x_wconf 90' lang='lat' dir='ltr'>atque</span> <span class='ocrx_word' id='word_1_303' title='bbox 1830 2971 1900 3015; x_wconf 89' lang='lat' dir='ltr'>ea</span> <span class='ocrx_word' id='word_1_304' title='bbox 1936 2950 2121 3015; x_wconf 90' lang='lat' dir='ltr'>verba</span> <span class='ocrx_word' id='word_1_305' title='bbox 2155 2954 2433 3031; x_wconf 80' lang='lat' dir='ltr'>benigne</span> <span class='ocrx_word' id='word_1_306' title='bbox 2466 2951 2899 3029; x_wconf 73' lang='lat' dir='ltr'>interpretari,</span> <span class='ocrx_word' id='word_1_307' title='bbox 2937 2948 3111 3009; x_wconf 87' lang='lat' dir='ltr'>velut</span> <span class='ocrx_word' id='word_1_308' title='bbox 3143 2963 3267 3006; x_wconf 89' lang='lat' dir='ltr'>non</span> <span class='ocrx_word' id='word_1_309' title='bbox 3297 2963 3374 3003; x_wconf 84' lang='lat' dir='ltr'>eo</span> 
     </span>
    </p>
   </div>
   <div class='ocr_carea' id='block_1_28' title="bbox 162 3049 3375 3135">
    <p class='ocr_par' dir='ltr' id='par_1_28' title="bbox 162 3049 3375 3135">
     <span class='ocr_line' id='line_1_28' title="bbox 162 3049 3375 3135; baseline -0.001 -23"><span class='ocrx_word' id='word_1_310' title='bbox 162 3052 376 3127; x_wconf 81' lang='lat' dir='ltr'>spiritu</span> <span class='ocrx_word' id='word_1_311' title='bbox 412 3070 738 3132; x_wconf 89' lang='lat' dir='ltr'>sensuque</span> <span class='ocrx_word' id='word_1_312' title='bbox 784 3057 1058 3133; x_wconf 87' lang='lat' dir='ltr'>prolata;</span> <span class='ocrx_word' id='word_1_313' title='bbox 1090 3057 1199 3118; x_wconf 91' lang='lat' dir='ltr'>sed</span> <span class='ocrx_word' id='word_1_314' title='bbox 1235 3057 1386 3135; x_wconf 87' lang='lat' dir='ltr'>quia</span> <span class='ocrx_word' id='word_1_315' title='bbox 1418 3056 1539 3116; x_wconf 90' lang='lat' dir='ltr'>sibi</span> <span class='ocrx_word' id='word_1_316' title='bbox 1581 3058 1853 3117; x_wconf 77' lang='lat' dir='ltr'>nimium</span> <span class='ocrx_word' id='word_1_317' title='bbox 1886 3056 2308 3127; x_wconf 88' lang='lat' dir='ltr'>blandiretur,</span> <span class='ocrx_word' id='word_1_318' title='bbox 2343 3063 2532 3131; x_wconf 90' lang='lat' dir='ltr'>atque</span> <span class='ocrx_word' id='word_1_319' title='bbox 2584 3055 2956 3124; x_wconf 83' lang='lat' dir='ltr'>conﬁderet,</span> <span class='ocrx_word' id='word_1_320' title='bbox 3017 3068 3092 3112; x_wconf 81' lang='lat' dir='ltr'>ex</span> <span class='ocrx_word' id='word_1_321' title='bbox 3139 3049 3375 3111; x_wconf 71' lang='lat' dir='ltr'>Grteris</span> 
     </span>
    </p>
   </div>
   <div class='ocr_carea' id='block_1_29' title="bbox 164 3149 3377 3234">
    <p class='ocr_par' dir='ltr' id='par_1_29' title="bbox 164 3149 3377 3234">
     <span class='ocr_line' id='line_1_29' title="bbox 164 3149 3377 3234; baseline -0.002 -21"><span class='ocrx_word' id='word_1_322' title='bbox 164 3149 608 3216; x_wconf 69' lang='lat' dir='ltr'>illustrioribus</span> <span class='ocrx_word' id='word_1_323' title='bbox 671 3158 913 3217; x_wconf 88' lang='lat' dir='ltr'>Patrem</span> <span class='ocrx_word' id='word_1_324' title='bbox 970 3155 1235 3234; x_wconf 89' lang='lat' dir='ltr'>reperiri</span> <span class='ocrx_word' id='word_1_325' title='bbox 1304 3155 1625 3217; x_wconf 89' lang='lat' dir='ltr'>neminem</span> <span class='ocrx_word' id='word_1_326' title='bbox 1686 3171 1900 3229; x_wconf 85' lang='lat' dir='ltr'>nosse,</span> <span class='ocrx_word' id='word_1_327' title='bbox 1971 3172 2114 3215; x_wconf 91' lang='lat' dir='ltr'>nam</span> <span class='ocrx_word' id='word_1_328' title='bbox 2165 3155 2242 3215; x_wconf 89' lang='lat' dir='ltr'>de</span> <span class='ocrx_word' id='word_1_329' title='bbox 2291 3153 2530 3213; x_wconf 84' lang='lat' dir='ltr'>Latinis</span> <span class='ocrx_word' id='word_1_330' title='bbox 2582 3152 2736 3214; x_wconf 86' lang='lat' dir='ltr'>nihil</span> <span class='ocrx_word' id='word_1_331' title='bbox 2802 3152 3117 3213; x_wconf 89' lang='lat' dir='ltr'>sollicitus</span> <span class='ocrx_word' id='word_1_332' title='bbox 3173 3149 3377 3210; x_wconf 71' lang='lat' dir='ltr'>fuisse</span> 
     </span>
    </p>
   </div>
   <div class='ocr_carea' id='block_1_30' title="bbox 167 3250 3379 3333">
    <p class='ocr_par' dir='ltr' id='par_1_30' title="bbox 167 3250 3379 3333">
     <span class='ocr_line' id='line_1_30' title="bbox 167 3250 3379 3333; baseline -0.002 -21"><span class='ocrx_word' id='word_1_333' title='bbox 167 3254 426 3328; x_wconf 88' lang='lat' dir='ltr'>videtur,</span> <span class='ocrx_word' id='word_1_334' title='bbox 467 3256 575 3333; x_wconf 90' lang='lat' dir='ltr'>qui</span> <span class='ocrx_word' id='word_1_335' title='bbox 612 3255 916 3333; x_wconf 87' lang='lat' dir='ltr'>Spiritum</span> <span class='ocrx_word' id='word_1_336' title='bbox 948 3262 1233 3317; x_wconf 91' lang='lat' dir='ltr'>sanctum</span> <span class='ocrx_word' id='word_1_337' title='bbox 1265 3254 1451 3318; x_wconf 88' lang='lat' dir='ltr'>etiam</span> <span class='ocrx_word' id='word_1_338' title='bbox 1504 3272 1534 3316; x_wconf 89' lang='lat' dir='ltr'>a</span> <span class='ocrx_word' id='word_1_339' title='bbox 1594 3255 1762 3315; x_wconf 61' lang='lat' dir='ltr'>Filio</span> <span class='ocrx_word' id='word_1_340' title='bbox 1805 3255 2146 3333; x_wconf 90' lang='lat' dir='ltr'>procedere</span> <span class='ocrx_word' id='word_1_341' title='bbox 2185 3252 2533 3315; x_wconf 87' lang='lat' dir='ltr'>docuisset.</span> <span class='ocrx_word' id='word_1_342' title='bbox 2588 3252 2869 3313; x_wconf 87' lang='lat' dir='ltr'>Pretium</span> <span class='ocrx_word' id='word_1_343' title='bbox 2921 3250 3120 3329; x_wconf 79' lang='lat' dir='ltr'>igitur</span> <span class='ocrx_word' id='word_1_344' title='bbox 3167 3263 3379 3325; x_wconf 81' lang='lat' dir='ltr'>Operae</span> 
     </span>
    </p>
   </div>
   <div class='ocr_carea' id='block_1_31' title="bbox 167 3352 3373 3436">
    <p class='ocr_par' dir='ltr' id='par_1_31' title="bbox 167 3352 3373 3436">
     <span class='ocr_line' id='line_1_31' title="bbox 167 3352 3373 3436; baseline -0.002 -25"><span class='ocrx_word' id='word_1_345' title='bbox 167 3360 271 3427; x_wconf 86' lang='lat' dir='ltr'>est,</span> <span class='ocrx_word' id='word_1_346' title='bbox 298 3356 652 3416; x_wconf 84' lang='lat' dir='ltr'>accuratius</span> <span class='ocrx_word' id='word_1_347' title='bbox 706 3356 1122 3435; x_wconf 89' lang='lat' dir='ltr'>investigare,</span> <span class='ocrx_word' id='word_1_348' title='bbox 1182 3355 1419 3436; x_wconf 84' lang='lat' dir='ltr'>quibus</span> <span class='ocrx_word' id='word_1_349' title='bbox 1468 3355 1579 3417; x_wconf 90' lang='lat' dir='ltr'>ille</span> <span class='ocrx_word' id='word_1_350' title='bbox 1636 3363 1697 3416; x_wconf 89' lang='lat' dir='ltr'>et</span> <span class='ocrx_word' id='word_1_351' title='bbox 1749 3372 1939 3434; x_wconf 88' lang='lat' dir='ltr'>quam</span> <span class='ocrx_word' id='word_1_352' title='bbox 1982 3354 2210 3415; x_wconf 89' lang='lat' dir='ltr'>validis</span> <span class='ocrx_word' id='word_1_353' title='bbox 2256 3352 2689 3414; x_wconf 82' lang='lat' dir='ltr'>fundamentis</span> <span class='ocrx_word' id='word_1_354' title='bbox 2728 3354 2992 3414; x_wconf 80' lang='lat' dir='ltr'>innixus</span> <span class='ocrx_word' id='word_1_355' title='bbox 3044 3356 3373 3425; x_wconf 86' lang='lat' dir='ltr'>tantopere</span> 
     </span>
    </p>
   </div>
   <div class='ocr_carea' id='block_1_32' title="bbox 165 3452 3371 3541">
    <p class='ocr_par' dir='ltr' id='par_1_32' title="bbox 165 3452 3371 3541">
     <span class='ocr_line' id='line_1_32' title="bbox 165 3452 3371 3541; baseline -0.002 -26"><span class='ocrx_word' id='word_1_356' title='bbox 165 3458 269 3518; x_wconf 88' lang='lat' dir='ltr'>sibi</span> <span class='ocrx_word' id='word_1_357' title='bbox 312 3460 434 3538; x_wconf 88' lang='lat' dir='ltr'>ipsi</span> <span class='ocrx_word' id='word_1_358' title='bbox 486 3462 863 3540; x_wconf 76' lang='lat' dir='ltr'>praeﬁderet.</span> <span class='ocrx_word' id='word_1_359' title='bbox 938 3465 1056 3525; x_wconf 90' lang='lat' dir='ltr'>Sed</span> <span class='ocrx_word' id='word_1_360' title='bbox 1098 3462 1288 3541; x_wconf 90' lang='lat' dir='ltr'>paulo</span> <span class='ocrx_word' id='word_1_361' title='bbox 1342 3471 1482 3541; x_wconf 91' lang='lat' dir='ltr'>post</span> <span class='ocrx_word' id='word_1_362' title='bbox 1538 3463 1790 3523; x_wconf 90' lang='lat' dir='ltr'>videtur</span> <span class='ocrx_word' id='word_1_363' title='bbox 1824 3467 1884 3521; x_wconf 91' lang='lat' dir='ltr'>et</span> <span class='ocrx_word' id='word_1_364' title='bbox 1940 3460 2079 3535; x_wconf 88' lang='lat' dir='ltr'>ipse</span> <span class='ocrx_word' id='word_1_365' title='bbox 2126 3459 2246 3519; x_wconf 86' lang='lat' dir='ltr'>sibi</span> <span class='ocrx_word' id='word_1_366' title='bbox 2296 3474 2419 3518; x_wconf 88' lang='lat' dir='ltr'>non</span> <span class='ocrx_word' id='word_1_367' title='bbox 2449 3459 2601 3517; x_wconf 85' lang='lat' dir='ltr'>satis</span> <span class='ocrx_word' id='word_1_368' title='bbox 2648 3464 2849 3533; x_wconf 84' lang='lat' dir='ltr'>tutus,</span> <span class='ocrx_word' id='word_1_369' title='bbox 2903 3470 3046 3514; x_wconf 92' lang='lat' dir='ltr'>cum</span> <span class='ocrx_word' id='word_1_370' title='bbox 3084 3452 3310 3513; x_wconf 86' lang='lat' dir='ltr'>subdat</span> <span class='ocrx_word' id='word_1_371' title='bbox 3351 3470 3371 3510; x_wconf 87' lang='lat'><strong>:</strong></span> 
     </span>
    </p>
   </div>
   <div class='ocr_carea' id='block_1_33' title="bbox 165 3550 3369 3642">
    <p class='ocr_par' dir='ltr' id='par_1_33' title="bbox 165 3550 3369 3642">
     <span class='ocr_line' id='line_1_33' title="bbox 165 3550 3369 3642; baseline -0.003 -23"><span class='ocrx_word' id='word_1_372' title='bbox 165 3560 378 3623; x_wconf 78' lang='lat' dir='ltr'>Deinde</span> <span class='ocrx_word' id='word_1_373' title='bbox 422 3565 537 3623; x_wconf 87' lang='lat' dir='ltr'>etsi</span> <span class='ocrx_word' id='word_1_374' title='bbox 586 3565 699 3625; x_wconf 82' lang='lat' dir='ltr'>hoc</span> <span class='ocrx_word' id='word_1_375' title='bbox 737 3563 1046 3634; x_wconf 82' lang='lat' dir='ltr'>daremus,</span> <span class='ocrx_word' id='word_1_376' title='bbox 1106 3581 1235 3623; x_wconf 79' lang='lat' dir='ltr'>non</span> <span class='ocrx_word' id='word_1_377' title='bbox 1268 3564 1483 3641; x_wconf 81' lang='lat' dir='ltr'>utique</span> <span class='ocrx_word' id='word_1_378' title='bbox 1522 3563 1688 3642; x_wconf 82' lang='lat' dir='ltr'>quod</span> <span class='ocrx_word' id='word_1_379' title='bbox 1737 3562 1954 3620; x_wconf 81' lang='lat' dir='ltr'>rarius</span> <span class='ocrx_word' id='word_1_380' title='bbox 2013 3568 2126 3631; x_wconf 82' lang='lat' dir='ltr'>est,</span> <span class='ocrx_word' id='word_1_381' title='bbox 2182 3561 2247 3619; x_wconf 87' lang='lat' dir='ltr'>in</span> <span class='ocrx_word' id='word_1_382' title='bbox 2292 3566 2741 3636; x_wconf 79' lang='lat' dir='ltr'>argumentum</span> <span class='ocrx_word' id='word_1_383' title='bbox 2772 3554 3159 3615; x_wconf 84' lang='lat' dir='ltr'>trahendum.</span> <span class='ocrx_word' id='word_1_384' title='bbox 3200 3550 3369 3624; x_wconf 88' lang='lat' dir='ltr'>Quid</span> 
     </span>
    </p>
   </div>
   <div class='ocr_carea' id='block_1_34' title="bbox 170 3660 3374 3746">
    <p class='ocr_par' dir='ltr' id='par_1_34' title="bbox 170 3660 3374 3746">
     <span class='ocr_line' id='line_1_34' title="bbox 170 3660 3374 3746; baseline -0.002 -24"><span class='ocrx_word' id='word_1_385' title='bbox 170 3661 324 3739; x_wconf 79' lang='lat' dir='ltr'>vero&#39;,</span> <span class='ocrx_word' id='word_1_386' title='bbox 354 3668 405 3725; x_wconf 90' lang='lat' dir='ltr'>si</span> <span class='ocrx_word' id='word_1_387' title='bbox 444 3683 567 3727; x_wconf 93' lang='lat' dir='ltr'>non</span> <span class='ocrx_word' id='word_1_388' title='bbox 605 3667 785 3743; x_wconf 90' lang='lat' dir='ltr'>pauci</span> <span class='ocrx_word' id='word_1_389' title='bbox 816 3668 1070 3746; x_wconf 87' lang='lat' dir='ltr'>rarique</span> <span class='ocrx_word' id='word_1_390' title='bbox 1100 3669 1250 3740; x_wconf 89' lang='lat' dir='ltr'>sint,</span> <span class='ocrx_word' id='word_1_391' title='bbox 1282 3668 1518 3728; x_wconf 89' lang='lat' dir='ltr'>nedum</span> <span class='ocrx_word' id='word_1_392' title='bbox 1558 3667 1783 3738; x_wconf 80' lang='lat' dir='ltr'>Latini,</span> <span class='ocrx_word' id='word_1_393' title='bbox 1820 3666 1931 3725; x_wconf 85' lang='lat' dir='ltr'>sed</span> <span class='ocrx_word' id='word_1_394' title='bbox 1966 3664 2163 3726; x_wconf 73' lang='lat' dir='ltr'>Grteci</span> <span class='ocrx_word' id='word_1_395' title='bbox 2189 3665 2376 3725; x_wconf 87' lang='lat' dir='ltr'>etiam</span> <span class='ocrx_word' id='word_1_396' title='bbox 2408 3665 2641 3734; x_wconf 86' lang='lat' dir='ltr'>Patres,</span> <span class='ocrx_word' id='word_1_397' title='bbox 2678 3662 2789 3740; x_wconf 91' lang='lat' dir='ltr'>qui</span> <span class='ocrx_word' id='word_1_398' title='bbox 2827 3660 3055 3737; x_wconf 83' lang='lat' dir='ltr'>dogma</span> <span class='ocrx_word' id='word_1_399' title='bbox 3089 3664 3374 3719; x_wconf 85' lang='lat' dir='ltr'>nostrum</span> 
     </span>
    </p>
   </div>
   <div class='ocr_carea' id='block_1_35' title="bbox 169 3768 1940 3851">
    <p class='ocr_par' dir='ltr' id='par_1_35' title="bbox 169 3768 1940 3851">
     <span class='ocr_line' id='line_1_35' title="bbox 169 3768 1940 3851; baseline 0.002 -27"><span class='ocrx_word' id='word_1_400' title='bbox 169 3768 527 3830; x_wconf 86' lang='lat' dir='ltr'>tradiderint</span> <span class='ocrx_word' id='word_1_401' title='bbox 557 3769 652 3829; x_wconf 81' lang='lat' dir='ltr'>vei</span> <span class='ocrx_word' id='word_1_402' title='bbox 686 3770 946 3831; x_wconf 91' lang='lat' dir='ltr'>disertis</span> <span class='ocrx_word' id='word_1_403' title='bbox 980 3770 1077 3835; x_wconf 88' lang='lat' dir='ltr'>vel</span> <span class='ocrx_word' id='word_1_404' title='bbox 1108 3769 1644 3851; x_wconf 71' lang='lat' dir='ltr'>tequivalentibus</span> <span class='ocrx_word' id='word_1_405' title='bbox 1688 3769 1940 3830; x_wconf 84' lang='lat' dir='ltr'>verbis?</span> 
     </span>
    </p>
   </div>
   <div class='ocr_carea' id='block_1_36' title="bbox 236 3864 3367 3952">
    <p class='ocr_par' dir='ltr' id='par_1_36' title="bbox 236 3864 3367 3952">
     <span class='ocr_line' id='line_1_36' title="bbox 236 3864 3367 3952; baseline -0.003 -21"><span class='ocrx_word' id='word_1_406' title='bbox 236 3872 460 3933; x_wconf 81' lang='lat' dir='ltr'><strong>XXIX.</strong></span> <span class='ocrx_word' id='word_1_407' title='bbox 493 3873 612 3934; x_wconf 87' lang='lat' dir='ltr'>Sed</span> <span class='ocrx_word' id='word_1_408' title='bbox 646 3878 986 3952; x_wconf 88' lang='lat' dir='ltr'>antequam</span> <span class='ocrx_word' id='word_1_409' title='bbox 1020 3873 1084 3934; x_wconf 92' lang='lat' dir='ltr'>id</span> <span class='ocrx_word' id='word_1_410' title='bbox 1118 3873 1511 3945; x_wconf 90' lang='lat' dir='ltr'>demonstro,</span> <span class='ocrx_word' id='word_1_411' title='bbox 1543 3872 1689 3951; x_wconf 85' lang='lat' dir='ltr'>jure</span> <span class='ocrx_word' id='word_1_412' title='bbox 1727 3874 1898 3933; x_wconf 91' lang='lat' dir='ltr'>omni</span> <span class='ocrx_word' id='word_1_413' title='bbox 1933 3872 2041 3931; x_wconf 86' lang='lat' dir='ltr'>abs</span> <span class='ocrx_word' id='word_1_414' title='bbox 2073 3870 2544 3950; x_wconf 73' lang='lat' dir='ltr'>&#39;t‘heOphylacto</span> <span class='ocrx_word' id='word_1_415' title='bbox 2589 3879 2648 3930; x_wconf 88' lang='lat' dir='ltr'>et</span> <span class='ocrx_word' id='word_1_416' title='bbox 2687 3865 2975 3930; x_wconf 89' lang='lat' dir='ltr'>Pbotiani</span> <span class='ocrx_word' id='word_1_417' title='bbox 3006 3864 3367 3926; x_wconf 88' lang='lat' dir='ltr'>schismatis</span> 
     </span>
    </p>
   </div>
   <div class='ocr_carea' id='block_1_37' title="bbox 168 3964 3371 4049">
    <p class='ocr_par' dir='ltr' id='par_1_37' title="bbox 168 3964 3371 4049">
     <span class='ocr_line' id='line_1_37' title="bbox 168 3964 3371 4049; baseline -0.002 -18"><span class='ocrx_word' id='word_1_418' title='bbox 168 3973 723 4049; x_wconf 85' lang='lat' dir='ltr'>prepugnatoribus</span> <span class='ocrx_word' id='word_1_419' title='bbox 767 3972 1044 4049; x_wconf 86' lang='lat' dir='ltr'>postulo,</span> <span class='ocrx_word' id='word_1_420' title='bbox 1078 3982 1145 4034; x_wconf 89' lang='lat' dir='ltr'>ut</span> <span class='ocrx_word' id='word_1_421' title='bbox 1184 3989 1257 4032; x_wconf 82' lang='lat' dir='ltr'>ex</span> <span class='ocrx_word' id='word_1_422' title='bbox 1290 3989 1511 4034; x_wconf 91' lang='lat' dir='ltr'>eorum</span> <span class='ocrx_word' id='word_1_423' title='bbox 1546 3970 1835 4046; x_wconf 81' lang='lat' dir='ltr'>probatis</span> <span class='ocrx_word' id='word_1_424' title='bbox 1878 3970 2170 4028; x_wconf 80' lang='lat' dir='ltr'>Patribus</span> <span class='ocrx_word' id='word_1_425' title='bbox 2213 3970 2305 4029; x_wconf 91' lang='lat' dir='ltr'>vel</span> <span class='ocrx_word' id='word_1_426' title='bbox 2354 3985 2574 4049; x_wconf 77' lang='lat' dir='ltr'>unum</span> <span class='ocrx_word' id='word_1_427' title='bbox 2632 3964 2811 4025; x_wconf 82' lang='lat' dir='ltr'>nobis</span> <span class='ocrx_word' id='word_1_428' title='bbox 2850 3964 3198 4033; x_wconf 76' lang='lat' dir='ltr'>ostendant,</span> <span class='ocrx_word' id='word_1_429' title='bbox 3259 3964 3371 4039; x_wconf 90' lang='lat' dir='ltr'>qui</span> 
     </span>
    </p>
   </div>
   <div class='ocr_carea' id='block_1_38' title="bbox 168 4062 3373 4149">
    <p class='ocr_par' dir='ltr' id='par_1_38' title="bbox 168 4062 3373 4149">
     <span class='ocr_line' id='line_1_38' title="bbox 168 4062 3373 4149; baseline -0.002 -25"><span class='ocrx_word' id='word_1_430' title='bbox 168 4075 293 4127; x_wconf 87' lang='lat' dir='ltr'>ante</span> <span class='ocrx_word' id='word_1_431' title='bbox 322 4069 615 4131; x_wconf 85' lang='lat' dir='ltr'>Photiaua</span> <span class='ocrx_word' id='word_1_432' title='bbox 649 4081 925 4149; x_wconf 85' lang='lat' dir='ltr'>tempora</span> <span class='ocrx_word' id='word_1_433' title='bbox 958 4070 1270 4129; x_wconf 84' lang='lat' dir='ltr'>inﬁciatus</span> <span class='ocrx_word' id='word_1_434' title='bbox 1301 4069 1517 4138; x_wconf 83' lang='lat' dir='ltr'>fuerit,</span> <span class='ocrx_word' id='word_1_435' title='bbox 1562 4067 1866 4141; x_wconf 86' lang='lat' dir='ltr'>Spiritum</span> <span class='ocrx_word' id='word_1_436' title='bbox 1911 4075 2195 4126; x_wconf 82' lang='lat' dir='ltr'>sanctum</span> <span class='ocrx_word' id='word_1_437' title='bbox 2224 4066 2261 4125; x_wconf 57' lang='lat' dir='ltr'>’a</span> <span class='ocrx_word' id='word_1_438' title='bbox 2300 4065 2465 4123; x_wconf 88' lang='lat' dir='ltr'>Filio</span> <span class='ocrx_word' id='word_1_439' title='bbox 2507 4064 2867 4138; x_wconf 88' lang='lat' dir='ltr'>procedere.</span> <span class='ocrx_word' id='word_1_440' title='bbox 2926 4062 3043 4120; x_wconf 87' lang='lat' dir='ltr'>Sed</span> <span class='ocrx_word' id='word_1_441' title='bbox 3098 4062 3373 4137; x_wconf 75' lang='lat' dir='ltr'>quamvis</span> 
     </span>
    </p>
   </div>
   <div class='ocr_carea' id='block_1_39' title="bbox 169 4161 3370 4251">
    <p class='ocr_par' dir='ltr' id='par_1_39' title="bbox 169 4161 3370 4251">
     <span class='ocr_line' id='line_1_39' title="bbox 169 4161 3370 4251; baseline -0.002 -25"><span class='ocrx_word' id='word_1_442' title='bbox 169 4165 265 4227; x_wconf 83' lang='lat' dir='ltr'>diu</span> <span class='ocrx_word' id='word_1_443' title='bbox 291 4169 661 4249; x_wconf 84' lang='lat' dir='ltr'>multumque</span> <span class='ocrx_word' id='word_1_444' title='bbox 696 4172 1073 4251; x_wconf 81' lang='lat' dir='ltr'>[atigcrttur,</span> <span class='ocrx_word' id='word_1_445' title='bbox 1105 4168 1386 4230; x_wconf 84' lang='lat' dir='ltr'>indicare</span> <span class='ocrx_word' id='word_1_446' title='bbox 1423 4185 1500 4229; x_wconf 90' lang='lat' dir='ltr'>ne</span> <span class='ocrx_word' id='word_1_447' title='bbox 1540 4167 1803 4227; x_wconf 89' lang='lat' dir='ltr'>unicum</span> <span class='ocrx_word' id='word_1_448' title='bbox 1840 4166 2100 4245; x_wconf 86' lang='lat' dir='ltr'>quidem</span> <span class='ocrx_word' id='word_1_449' title='bbox 2138 4172 2403 4242; x_wconf 88' lang='lat' dir='ltr'>possunt</span> <span class='ocrx_word' id='word_1_450' title='bbox 2433 4166 2919 4243; x_wconf 80' lang='lat' dir='ltr'>(Damascenum</span> <span class='ocrx_word' id='word_1_451' title='bbox 2953 4161 3151 4233; x_wconf 84' lang='lat' dir='ltr'>enim,</span> <span class='ocrx_word' id='word_1_452' title='bbox 3179 4175 3370 4239; x_wconf 87' lang='lat' dir='ltr'>quem</span> 
     </span>
    </p>
   </div>
   <div class='ocr_carea' id='block_1_40' title="bbox 170 4264 3374 4353">
    <p class='ocr_par' dir='ltr' id='par_1_40' title="bbox 170 4264 3374 4353">
     <span class='ocr_line' id='line_1_40' title="bbox 170 4264 3374 4353; baseline -0.001 -23"><span class='ocrx_word' id='word_1_453' title='bbox 170 4269 357 4333; x_wconf 89' lang='lat' dir='ltr'>solum</span> <span class='ocrx_word' id='word_1_454' title='bbox 400 4274 610 4351; x_wconf 82' lang='lat' dir='ltr'>Specie</span> <span class='ocrx_word' id='word_1_455' title='bbox 640 4274 852 4353; x_wconf 83' lang='lat' dir='ltr'>aliqua</span> <span class='ocrx_word' id='word_1_456' title='bbox 914 4271 1045 4333; x_wconf 91' lang='lat' dir='ltr'>veri</span> <span class='ocrx_word' id='word_1_457' title='bbox 1094 4288 1419 4351; x_wconf 86' lang='lat' dir='ltr'>opponere</span> <span class='ocrx_word' id='word_1_458' title='bbox 1458 4271 1690 4346; x_wconf 89' lang='lat' dir='ltr'>valent,</span> <span class='ocrx_word' id='word_1_459' title='bbox 1725 4288 1757 4330; x_wconf 91' lang='lat' dir='ltr'>a</span> <span class='ocrx_word' id='word_1_460' title='bbox 1808 4269 1993 4330; x_wconf 90' lang='lat' dir='ltr'>nobis</span> <span class='ocrx_word' id='word_1_461' title='bbox 2046 4269 2309 4330; x_wconf 90' lang='lat' dir='ltr'>minime</span> <span class='ocrx_word' id='word_1_462' title='bbox 2358 4267 2682 4329; x_wconf 86' lang='lat' dir='ltr'>dissidere</span> <span class='ocrx_word' id='word_1_463' title='bbox 2717 4275 2933 4344; x_wconf 86' lang='lat' dir='ltr'>postea</span> <span class='ocrx_word' id='word_1_464' title='bbox 2974 4264 3374 4327; x_wconf 89' lang='lat' dir='ltr'>demonstra-</span> 
     </span>
    </p>
   </div>
   <div class='ocr_carea' id='block_1_41' title="bbox 171 4352 3375 4452">
    <p class='ocr_par' dir='ltr' id='par_1_41' title="bbox 171 4352 3375 4452">
     <span class='ocr_line' id='line_1_41' title="bbox 171 4352 3375 4452; baseline -0.002 -20"><span class='ocrx_word' id='word_1_465' title='bbox 171 4371 408 4448; x_wconf 87' lang='lat' dir='ltr'>bimus).</span> <span class='ocrx_word' id='word_1_466' title='bbox 441 4373 611 4435; x_wconf 84' lang='lat' dir='ltr'>Alias</span> <span class='ocrx_word' id='word_1_467' title='bbox 647 4352 795 4436; x_wconf 89' lang='lat' dir='ltr'>vero</span> <span class='ocrx_word' id='word_1_468' title='bbox 828 4374 1103 4452; x_wconf 81' lang='lat' dir='ltr'>dogmati</span> <span class='ocrx_word' id='word_1_469' title='bbox 1133 4379 1349 4434; x_wconf 91' lang='lat' dir='ltr'>nostro</span> <span class='ocrx_word' id='word_1_470' title='bbox 1376 4371 1679 4433; x_wconf 90' lang='lat' dir='ltr'>censendi</span> <span class='ocrx_word' id='word_1_471' title='bbox 1710 4352 1969 4430; x_wconf 79' lang='lat' dir='ltr'>minime</span> <span class='ocrx_word' id='word_1_472' title='bbox 1995 4376 2142 4428; x_wconf 93' lang='lat' dir='ltr'>sunt</span> <span class='ocrx_word' id='word_1_473' title='bbox 2172 4367 2518 4440; x_wconf 87' lang='lat' dir='ltr'>adversari,</span> <span class='ocrx_word' id='word_1_474' title='bbox 2554 4365 2667 4444; x_wconf 91' lang='lat' dir='ltr'>qui</span> <span class='ocrx_word' id='word_1_475' title='bbox 2702 4364 2802 4426; x_wconf 91' lang='lat' dir='ltr'>vel</span> <span class='ocrx_word' id='word_1_476' title='bbox 2834 4365 2949 4426; x_wconf 86' lang='lat' dir='ltr'>hac</span> <span class='ocrx_word' id='word_1_477' title='bbox 2985 4364 3061 4425; x_wconf 92' lang='lat' dir='ltr'>de</span> <span class='ocrx_word' id='word_1_478' title='bbox 3093 4382 3158 4425; x_wconf 90' lang='lat' dir='ltr'>re</span> <span class='ocrx_word' id='word_1_479' title='bbox 3194 4364 3375 4443; x_wconf 90' lang='lat' dir='ltr'>peni-</span> 
     </span>
    </p>
   </div>
   <div class='ocr_carea' id='block_1_42' title="bbox 176 4464 3374 4549">
    <p class='ocr_par' dir='ltr' id='par_1_42' title="bbox 176 4464 3374 4549">
     <span class='ocr_line' id='line_1_42' title="bbox 176 4464 3374 4549; baseline -0.002 -18"><span class='ocrx_word' id='word_1_480' title='bbox 176 4479 263 4532; x_wconf 79' lang='lat' dir='ltr'>tus</span> <span class='ocrx_word' id='word_1_481' title='bbox 299 4474 505 4547; x_wconf 89' lang='lat' dir='ltr'>silent,</span> <span class='ocrx_word' id='word_1_482' title='bbox 544 4476 639 4536; x_wconf 86' lang='lat' dir='ltr'>vel</span> <span class='ocrx_word' id='word_1_483' title='bbox 675 4475 883 4535; x_wconf 88' lang='lat' dir='ltr'>solum</span> <span class='ocrx_word' id='word_1_484' title='bbox 922 4474 1127 4545; x_wconf 91' lang='lat' dir='ltr'>aiunt,</span> <span class='ocrx_word' id='word_1_485' title='bbox 1166 4472 1473 4549; x_wconf 90' lang='lat' dir='ltr'>Spiritum</span> <span class='ocrx_word' id='word_1_486' title='bbox 1519 4489 1556 4529; x_wconf 92' lang='lat' dir='ltr'>a</span> <span class='ocrx_word' id='word_1_487' title='bbox 1610 4471 1802 4531; x_wconf 85' lang='lat' dir='ltr'>&#39;Patre</span> <span class='ocrx_word' id='word_1_488' title='bbox 1849 4468 2205 4547; x_wconf 78' lang='lat' dir='ltr'>procedere.</span> <span class='ocrx_word' id='word_1_489' title='bbox 2257 4467 2417 4540; x_wconf 88' lang='lat' dir='ltr'>Quis</span> <span class='ocrx_word' id='word_1_490' title='bbox 2475 4464 2649 4526; x_wconf 89' lang='lat' dir='ltr'>enim</span> <span class='ocrx_word' id='word_1_491' title='bbox 2708 4465 2983 4542; x_wconf 83' lang='lat' dir='ltr'>ignOrat,</span> <span class='ocrx_word' id='word_1_492' title='bbox 3034 4482 3165 4524; x_wconf 88' lang='lat' dir='ltr'>rem</span> <span class='ocrx_word' id='word_1_493' title='bbox 3228 4480 3374 4525; x_wconf 91' lang='lat' dir='ltr'>esse</span> 
     </span>
    </p>
   </div>
   <div class='ocr_carea' id='block_1_43' title="bbox 180 4563 3371 4650">
    <p class='ocr_par' dir='ltr' id='par_1_43' title="bbox 180 4563 3371 4650">
     <span class='ocr_line' id='line_1_43' title="bbox 180 4563 3371 4650; baseline -0.004 -16"><span class='ocrx_word' id='word_1_494' title='bbox 180 4575 340 4650; x_wconf 86' lang='lat' dir='ltr'>plane</span> <span class='ocrx_word' id='word_1_495' title='bbox 368 4578 678 4636; x_wconf 85' lang='lat' dir='ltr'>diversam</span> <span class='ocrx_word' id='word_1_496' title='bbox 710 4589 832 4633; x_wconf 92' lang='lat' dir='ltr'>non</span> <span class='ocrx_word' id='word_1_497' title='bbox 866 4587 1174 4643; x_wconf 89' lang='lat' dir='ltr'>asserere,</span> <span class='ocrx_word' id='word_1_498' title='bbox 1205 4570 1511 4645; x_wconf 89' lang='lat' dir='ltr'>Spiritum</span> <span class='ocrx_word' id='word_1_499' title='bbox 1544 4574 1830 4628; x_wconf 90' lang='lat' dir='ltr'>sanctum</span> <span class='ocrx_word' id='word_1_500' title='bbox 1866 4566 2208 4644; x_wconf 89' lang='lat' dir='ltr'>procedere</span> <span class='ocrx_word' id='word_1_501' title='bbox 2246 4582 2277 4624; x_wconf 92' lang='lat' dir='ltr'>a</span> <span class='ocrx_word' id='word_1_502' title='bbox 2318 4565 2504 4633; x_wconf 91' lang='lat' dir='ltr'>Filio,</span> <span class='ocrx_word' id='word_1_503' title='bbox 2537 4573 2727 4641; x_wconf 87' lang='lat' dir='ltr'>atque.</span> <span class='ocrx_word' id='word_1_504' title='bbox 2761 4563 2821 4622; x_wconf 89' lang='lat' dir='ltr'>id</span> <span class='ocrx_word' id='word_1_505' title='bbox 2868 4565 3141 4639; x_wconf 84' lang='lat' dir='ltr'>negare?</span> <span class='ocrx_word' id='word_1_506' title='bbox 3195 4563 3371 4621; x_wconf 91' lang='lat' dir='ltr'>aliud</span> 
     </span>
    </p>
   </div>
   <div class='ocr_carea' id='block_1_44' title="bbox 178 4660 3371 4750">
    <p class='ocr_par' dir='ltr' id='par_1_44' title="bbox 178 4660 3371 4750">
     <span class='ocr_line' id='line_1_44' title="bbox 178 4660 3371 4750; baseline -0.003 -17"><span class='ocrx_word' id='word_1_507' title='bbox 178 4675 386 4750; x_wconf 84' lang='lat' dir='ltr'>pariter</span> <span class='ocrx_word' id='word_1_508' title='bbox 414 4673 741 4748; x_wconf 74' lang='lat' dir='ltr'>affirmare,</span> <span class='ocrx_word' id='word_1_509' title='bbox 774 4691 920 4735; x_wconf 88' lang='lat' dir='ltr'>eum</span> <span class='ocrx_word' id='word_1_510' title='bbox 950 4693 989 4732; x_wconf 89' lang='lat' dir='ltr'>a</span> <span class='ocrx_word' id='word_1_511' title='bbox 1028 4675 1217 4734; x_wconf 89' lang='lat' dir='ltr'>Patre</span> <span class='ocrx_word' id='word_1_512' title='bbox 1246 4674 1615 4749; x_wconf 89' lang='lat' dir='ltr'>procedere,</span> <span class='ocrx_word' id='word_1_513' title='bbox 1662 4671 1837 4731; x_wconf 88' lang='lat' dir='ltr'>aliud</span> <span class='ocrx_word' id='word_1_514' title='bbox 1873 4690 1910 4727; x_wconf 88' lang='lat' dir='ltr'>a</span> <span class='ocrx_word' id='word_1_515' title='bbox 1939 4668 2071 4729; x_wconf 83' lang='lat' dir='ltr'>solo</span> <span class='ocrx_word' id='word_1_516' title='bbox 2106 4668 2339 4728; x_wconf 82' lang='lat' dir='ltr'>Patre?</span> <span class='ocrx_word' id='word_1_517' title='bbox 2373 4668 2583 4739; x_wconf 87' lang='lat' dir='ltr'>Quare</span> <span class='ocrx_word' id='word_1_518' title='bbox 2615 4663 2987 4731; x_wconf 76' lang='lat' dir='ltr'>nullatenus</span> <span class='ocrx_word' id='word_1_519' title='bbox 3014 4660 3371 4740; x_wconf 88' lang='lat' dir='ltr'>intelligere</span> 
     </span>
    </p>
   </div>
   <div class='ocr_carea' id='block_1_45' title="bbox 182 4763 3371 4855">
    <p class='ocr_par' dir='ltr' id='par_1_45' title="bbox 182 4763 3371 4855">
     <span class='ocr_line' id='line_1_45' title="bbox 182 4763 3371 4855; baseline -0.003 -24"><span class='ocrx_word' id='word_1_520' title='bbox 182 4775 354 4847; x_wconf 85' lang='lat' dir='ltr'>valeo,</span> <span class='ocrx_word' id='word_1_521' title='bbox 384 4775 703 4855; x_wconf 90' lang='lat' dir='ltr'>quomodo</span> <span class='ocrx_word' id='word_1_522' title='bbox 747 4772 1259 4851; x_wconf 84' lang='lat' dir='ltr'>TheOpbylactus</span> <span class='ocrx_word' id='word_1_523' title='bbox 1290 4787 1643 4850; x_wconf 89' lang='lat' dir='ltr'>omnesque</span> <span class='ocrx_word' id='word_1_524' title='bbox 1682 4768 1971 4830; x_wconf 87' lang='lat' dir='ltr'>Pbotiani</span> <span class='ocrx_word' id='word_1_525' title='bbox 2008 4784 2123 4828; x_wconf 90' lang='lat' dir='ltr'>nos</span> <span class='ocrx_word' id='word_1_526' title='bbox 2166 4765 2362 4827; x_wconf 89' lang='lat' dir='ltr'>veluti</span> <span class='ocrx_word' id='word_1_527' title='bbox 2412 4764 2663 4824; x_wconf 79' lang='lat' dir='ltr'>Christo</span> <span class='ocrx_word' id='word_1_528' title='bbox 2703 4763 3117 4839; x_wconf 81' lang='lat' dir='ltr'>Patr-ibusque</span> <span class='ocrx_word' id='word_1_529' title='bbox 3146 4764 3371 4824; x_wconf 87' lang='lat' dir='ltr'>adver-</span> 
     </span>
    </p>
   </div>
   <div class='ocr_carea' id='block_1_46' title="bbox 179 4860 3369 4953">
    <p class='ocr_par' dir='ltr' id='par_1_46' title="bbox 179 4860 3369 4953">
     <span class='ocr_line' id='line_1_46' title="bbox 179 4860 3369 4953; baseline -0.005 -17"><span class='ocrx_word' id='word_1_530' title='bbox 179 4884 361 4937; x_wconf 88' lang='lat' dir='ltr'>santcs</span> <span class='ocrx_word' id='word_1_531' title='bbox 387 4876 732 4950; x_wconf 87' lang='lat' dir='ltr'>traducant,</span> <span class='ocrx_word' id='word_1_532' title='bbox 764 4891 841 4938; x_wconf 91' lang='lat' dir='ltr'>eo</span> <span class='ocrx_word' id='word_1_533' title='bbox 869 4874 1034 4953; x_wconf 92' lang='lat' dir='ltr'>quod</span> <span class='ocrx_word' id='word_1_534' title='bbox 1060 4870 1432 4949; x_wconf 89' lang='lat' dir='ltr'>simpliciter</span> <span class='ocrx_word' id='word_1_535' title='bbox 1458 4868 1513 4931; x_wconf 40' lang='lat' dir='ltr'>‘ii</span> <span class='ocrx_word' id='word_1_536' title='bbox 1564 4876 1868 4941; x_wconf 85' lang='lat' dir='ltr'>asseram,</span> <span class='ocrx_word' id='word_1_537' title='bbox 1896 4869 2197 4946; x_wconf 89' lang='lat' dir='ltr'>Spiritum</span> <span class='ocrx_word' id='word_1_538' title='bbox 2225 4874 2509 4925; x_wconf 88' lang='lat' dir='ltr'>sanctum</span> <span class='ocrx_word' id='word_1_539' title='bbox 2532 4882 2568 4922; x_wconf 92' lang='lat' dir='ltr'>a</span> <span class='ocrx_word' id='word_1_540' title='bbox 2598 4862 2781 4922; x_wconf 88' lang='lat' dir='ltr'>Patre</span> <span class='ocrx_word' id='word_1_541' title='bbox 2806 4860 3160 4939; x_wconf 80' lang='lat' dir='ltr'>procedere,</span> <span class='ocrx_word' id='word_1_542' title='bbox 3183 4870 3369 4938; x_wconf 86' lang='lat' dir='ltr'>atque</span> 
     </span>
    </p>
   </div>
   <div class='ocr_carea' id='block_1_47' title="bbox 181 4962 3368 5055">
    <p class='ocr_par' dir='ltr' id='par_1_47' title="bbox 181 4962 3368 5055">
     <span class='ocr_line' id='line_1_47' title="bbox 181 4962 3368 5055; baseline -0.004 -20"><span class='ocrx_word' id='word_1_543' title='bbox 181 4992 207 5035; x_wconf 89' lang='lat' dir='ltr'>a</span> <span class='ocrx_word' id='word_1_544' title='bbox 233 4977 401 5039; x_wconf 86' lang='lat' dir='ltr'>nobis</span> <span class='ocrx_word' id='word_1_545' title='bbox 439 4980 569 5041; x_wconf 84' lang='lat' dir='ltr'>ﬁeri</span> <span class='ocrx_word' id='word_1_546' title='bbox 601 4978 970 5048; x_wconf 81' lang='grc' dir='ltr'>καινοτομίαν,</span> <span class='ocrx_word' id='word_1_547' title='bbox 999 4990 1117 5034; x_wconf 92' lang='lat' dir='ltr'>seu</span> <span class='ocrx_word' id='word_1_548' title='bbox 1136 4970 1595 5033; x_wconf 80' lang='lat' dir='ltr'>innovationem</span> <span class='ocrx_word' id='word_1_549' title='bbox 1622 4971 1689 5029; x_wconf 83' lang='lat' dir='ltr'>in</span> <span class='ocrx_word' id='word_1_550' title='bbox 1716 4968 1833 5047; x_wconf 81' lang='lat' dir='ltr'>ﬁde</span> <span class='ocrx_word' id='word_1_551' title='bbox 1858 4969 2263 5039; x_wconf 84' lang='lat' dir='ltr'>contendant,</span> <span class='ocrx_word' id='word_1_552' title='bbox 2292 4967 2445 5025; x_wconf 90' lang='lat' dir='ltr'>dum</span> <span class='ocrx_word' id='word_1_553' title='bbox 2474 4966 2765 5026; x_wconf 87' lang='lat' dir='ltr'>eumdem</span> <span class='ocrx_word' id='word_1_554' title='bbox 2804 4962 3147 5055; x_wconf 74' lang='lat' dir='ltr'>asserinius</span> <span class='ocrx_word' id='word_1_555' title='bbox 3181 4962 3368 5022; x_wconf 88' lang='lat' dir='ltr'>etiam</span> 
     </span>
    </p>
   </div>
   <div class='ocr_carea' id='block_1_48' title="bbox 182 5063 3371 5158">
    <p class='ocr_par' dir='ltr' id='par_1_48' title="bbox 182 5063 3371 5158">
     <span class='ocr_line' id='line_1_48' title="bbox 182 5063 3371 5158; baseline -0.004 -21"><span class='ocrx_word' id='word_1_556' title='bbox 182 5095 209 5136; x_wconf 85' lang='lat' dir='ltr'>a</span> <span class='ocrx_word' id='word_1_557' title='bbox 238 5080 383 5141; x_wconf 86' lang='lat' dir='ltr'>Filio</span> <span class='ocrx_word' id='word_1_558' title='bbox 420 5082 788 5158; x_wconf 84' lang='lat' dir='ltr'>procedere;</span> <span class='ocrx_word' id='word_1_559' title='bbox 825 5094 896 5140; x_wconf 90' lang='lat' dir='ltr'>ea</span> <span class='ocrx_word' id='word_1_560' title='bbox 932 5076 1141 5138; x_wconf 89' lang='lat' dir='ltr'>solum</span> <span class='ocrx_word' id='word_1_561' title='bbox 1181 5075 1425 5137; x_wconf 88' lang='lat' dir='ltr'>ratione</span> <span class='ocrx_word' id='word_1_562' title='bbox 1458 5071 1628 5150; x_wconf 92' lang='lat' dir='ltr'>quod</span> <span class='ocrx_word' id='word_1_563' title='bbox 1663 5072 1954 5133; x_wconf 82' lang='lat' dir='ltr'>Christus</span> <span class='ocrx_word' id='word_1_564' title='bbox 1988 5069 2426 5131; x_wconf 88' lang='lat' dir='ltr'>tantummodo</span> <span class='ocrx_word' id='word_1_565' title='bbox 2458 5065 2642 5132; x_wconf 81' lang='lat' dir='ltr'>dixit,</span> <span class='ocrx_word' id='word_1_566' title='bbox 2678 5083 2714 5121; x_wconf 92' lang='lat' dir='ltr'>a</span> <span class='ocrx_word' id='word_1_567' title='bbox 2757 5064 2970 5123; x_wconf 85' lang='lat' dir='ltr'>Patre.</span> <span class='ocrx_word' id='word_1_568' title='bbox 3024 5063 3263 5124; x_wconf 86' lang='lat' dir='ltr'>Verum</span> <span class='ocrx_word' id='word_1_569' title='bbox 3317 5067 3371 5125; x_wconf 91' lang='lat' dir='ltr'>si</span> 
     </span>
    </p>
   </div>
   <div class='ocr_carea' id='block_1_49' title="bbox 186 5161 3367 5253">
    <p class='ocr_par' dir='ltr' id='par_1_49' title="bbox 186 5161 3367 5253">
     <span class='ocr_line' id='line_1_49' title="bbox 186 5161 3367 5253; baseline -0.004 -20"><span class='ocrx_word' id='word_1_570' title='bbox 186 5175 315 5253; x_wconf 90' lang='lat' dir='ltr'>quid</span> <span class='ocrx_word' id='word_1_571' title='bbox 343 5180 565 5239; x_wconf 89' lang='lat' dir='ltr'>addere</span> <span class='ocrx_word' id='word_1_572' title='bbox 597 5187 689 5239; x_wconf 92' lang='lat' dir='ltr'>est</span> <span class='ocrx_word' id='word_1_573' title='bbox 721 5178 1049 5249; x_wconf 88' lang='lat' dir='ltr'>innovare,</span> <span class='ocrx_word' id='word_1_574' title='bbox 1089 5191 1201 5236; x_wconf 91' lang='lat' dir='ltr'>cur</span> <span class='ocrx_word' id='word_1_575' title='bbox 1230 5179 1290 5234; x_wconf 92' lang='lat' dir='ltr'>et</span> <span class='ocrx_word' id='word_1_576' title='bbox 1334 5171 1458 5249; x_wconf 90' lang='lat' dir='ltr'>ipsi</span> <span class='ocrx_word' id='word_1_577' title='bbox 1508 5170 1839 5249; x_wconf 89' lang='lat' dir='ltr'>quidpiam</span> <span class='ocrx_word' id='word_1_578' title='bbox 1892 5171 2131 5230; x_wconf 88' lang='lat' dir='ltr'>addunt</span> <span class='ocrx_word' id='word_1_579' title='bbox 2183 5168 2499 5237; x_wconf 89' lang='lat' dir='ltr'>dicentes,</span> <span class='ocrx_word' id='word_1_580' title='bbox 2550 5181 2584 5221; x_wconf 92' lang='lat' dir='ltr'>a</span> <span class='ocrx_word' id='word_1_581' title='bbox 2635 5161 2765 5221; x_wconf 87' lang='lat' dir='ltr'>solo</span> <span class='ocrx_word' id='word_1_582' title='bbox 2816 5163 3050 5223; x_wconf 82' lang='lat' dir='ltr'>Patre?</span> <span class='ocrx_word' id='word_1_583' title='bbox 3103 5164 3367 5224; x_wconf 82' lang='lat' dir='ltr'>Ubinam</span> 
     </span>
    </p>
   </div>
   <div class='ocr_carea' id='block_1_50' title="bbox 187 5258 3367 5354">
    <p class='ocr_par' dir='ltr' id='par_1_50' title="bbox 187 5258 3367 5354">
     <span class='ocr_line' id='line_1_50' title="bbox 187 5258 3367 5354; baseline -0.004 -22"><span class='ocrx_word' id='word_1_584' title='bbox 187 5273 463 5348; x_wconf 86' lang='lat' dir='ltr'>Christus,</span> <span class='ocrx_word' id='word_1_585' title='bbox 495 5276 603 5336; x_wconf 90' lang='lat' dir='ltr'>ubi</span> <span class='ocrx_word' id='word_1_586' title='bbox 640 5278 848 5336; x_wconf 89' lang='lat' dir='ltr'>Patres</span> <span class='ocrx_word' id='word_1_587' title='bbox 896 5264 955 5334; x_wconf 78' lang='lat' dir='ltr'>id</span> <span class='ocrx_word' id='word_1_588' title='bbox 996 5270 1241 5354; x_wconf 90' lang='lat' dir='ltr'>(saltem</span> <span class='ocrx_word' id='word_1_589' title='bbox 1290 5278 1435 5332; x_wconf 87' lang='lat' dir='ltr'>ante</span> <span class='ocrx_word' id='word_1_590' title='bbox 1488 5268 1692 5328; x_wconf 81' lang='lat' dir='ltr'>Pltotii</span> <span class='ocrx_word' id='word_1_591' title='bbox 1744 5267 2048 5346; x_wconf 87' lang='lat' dir='ltr'>tempora)</span> <span class='ocrx_word' id='word_1_592' title='bbox 2103 5265 2475 5325; x_wconf 90' lang='lat' dir='ltr'>asseruere?</span> <span class='ocrx_word' id='word_1_593' title='bbox 2530 5258 2695 5337; x_wconf 87' lang='lat' dir='ltr'>Quid</span> <span class='ocrx_word' id='word_1_594' title='bbox 2757 5263 2970 5324; x_wconf 88' lang='lat' dir='ltr'>enim?</span> <span class='ocrx_word' id='word_1_595' title='bbox 3028 5266 3121 5321; x_wconf 76' lang='lat' dir='ltr'>An</span> <span class='ocrx_word' id='word_1_596' title='bbox 3182 5259 3367 5319; x_wconf 93' lang='lat' dir='ltr'>nobis</span> 
     </span>
    </p>
   </div>
   <div class='ocr_carea' id='block_1_51' title="bbox 190 5356 3366 5449">
    <p class='ocr_par' dir='ltr' id='par_1_51' title="bbox 190 5356 3366 5449">
     <span class='ocr_line' id='line_1_51' title="bbox 190 5356 3366 5449; baseline -0.004 -18"><span class='ocrx_word' id='word_1_597' title='bbox 190 5373 512 5449; x_wconf 82' lang='lat' dir='ltr'>exprimere</span> <span class='ocrx_word' id='word_1_598' title='bbox 547 5374 837 5445; x_wconf 88' lang='lat' dir='ltr'>vetitum,</span> <span class='ocrx_word' id='word_1_599' title='bbox 868 5371 1039 5449; x_wconf 91' lang='lat' dir='ltr'>quod</span> <span class='ocrx_word' id='word_1_600' title='bbox 1079 5369 1367 5432; x_wconf 87' lang='lat' dir='ltr'>Christus</span> <span class='ocrx_word' id='word_1_601' title='bbox 1407 5366 1717 5439; x_wconf 87' lang='lat' dir='ltr'>Dominus</span> <span class='ocrx_word' id='word_1_602' title='bbox 1765 5382 1889 5426; x_wconf 90' lang='lat' dir='ltr'>non</span> <span class='ocrx_word' id='word_1_603' title='bbox 1932 5362 2462 5438; x_wconf 43' lang='lat' dir='ltr'>expressityillis</span> <span class='ocrx_word' id='word_1_604' title='bbox 2515 5364 2786 5423; x_wconf 89' lang='lat' dir='ltr'>limitare</span> <span class='ocrx_word' id='word_1_605' title='bbox 2848 5362 3052 5427; x_wconf 89' lang='lat' dir='ltr'>liceat,</span> <span class='ocrx_word' id='word_1_606' title='bbox 3114 5356 3366 5432; x_wconf 76' lang='lat' dir='ltr'>quod&#39;a</span> 
     </span>
    </p>
   </div>
   <div class='ocr_carea' id='block_1_52' title="bbox 191 5457 3366 5542">
    <p class='ocr_par' dir='ltr' id='par_1_52' title="bbox 191 5457 3366 5542">
     <span class='ocr_line' id='line_1_52' title="bbox 191 5457 3366 5542; baseline -0.003 -11"><span class='ocrx_word' id='word_1_607' title='bbox 191 5471 408 5533; x_wconf 86' lang='lat' dir='ltr'>Christo</span> <span class='ocrx_word' id='word_1_608' title='bbox 441 5471 771 5532; x_wconf 84' lang='lat' dir='ltr'>limitatum</span> <span class='ocrx_word' id='word_1_609' title='bbox 814 5488 943 5531; x_wconf 87' lang='lat' dir='ltr'>non</span> <span class='ocrx_word' id='word_1_610' title='bbox 976 5472 1108 5531; x_wconf 81' lang='lat' dir='ltr'>est?</span> <span class='ocrx_word' id='word_1_611' title='bbox 1144 5470 1204 5530; x_wconf 92' lang='lat' dir='ltr'>Si</span> <span class='ocrx_word' id='word_1_612' title='bbox 1241 5468 1348 5529; x_wconf 91' lang='lat' dir='ltr'>ille</span> <span class='ocrx_word' id='word_1_613' title='bbox 1382 5482 1507 5528; x_wconf 92' lang='lat' dir='ltr'>non</span> <span class='ocrx_word' id='word_1_614' title='bbox 1542 5465 1730 5539; x_wconf 79' lang='lat' dir='ltr'>dixit,</span> <span class='ocrx_word' id='word_1_615' title='bbox 1763 5464 2068 5542; x_wconf 88' lang='lat' dir='ltr'>Spiritum</span> <span class='ocrx_word' id='word_1_616' title='bbox 2102 5469 2389 5525; x_wconf 90' lang='lat' dir='ltr'>sanctum</span> <span class='ocrx_word' id='word_1_617' title='bbox 2435 5481 2468 5524; x_wconf 88' lang='lat' dir='ltr'>a</span> <span class='ocrx_word' id='word_1_618' title='bbox 2520 5464 2704 5533; x_wconf 87' lang='lat' dir='ltr'>Filio,</span> <span class='ocrx_word' id='word_1_619' title='bbox 2751 5460 2868 5519; x_wconf 90' lang='lat' dir='ltr'>hoc</span> <span class='ocrx_word' id='word_1_620' title='bbox 2919 5465 3093 5519; x_wconf 61' lang='lat' dir='ltr'>est/:1</span> <span class='ocrx_word' id='word_1_621' title='bbox 3151 5457 3366 5533; x_wconf 89' lang='lat' dir='ltr'>seipso</span> 
     </span>
    </p>
   </div>
   <div class='ocr_carea' id='block_1_53' title="bbox 196 5550 3367 5646">
    <p class='ocr_par' dir='ltr' id='par_1_53' title="bbox 196 5550 3367 5646">
     <span class='ocr_line' id='line_1_53' title="bbox 196 5550 3367 5646; baseline -0.003 -21"><span class='ocrx_word' id='word_1_622' title='bbox 196 5571 521 5644; x_wconf 82' lang='lat' dir='ltr'>procedere,</span> <span class='ocrx_word' id='word_1_623' title='bbox 564 5586 771 5646; x_wconf 88' lang='lat' dir='ltr'>neque</span> <span class='ocrx_word' id='word_1_624' title='bbox 799 5567 861 5628; x_wconf 91' lang='lat' dir='ltr'>id</span> <span class='ocrx_word' id='word_1_625' title='bbox 896 5568 1083 5630; x_wconf 90' lang='lat' dir='ltr'>etiam</span> <span class='ocrx_word' id='word_1_626' title='bbox 1116 5569 1390 5646; x_wconf 85' lang='lat' dir='ltr'>negavit.</span> <span class='ocrx_word' id='word_1_627' title='bbox 1421 5568 1548 5626; x_wconf 78' lang='lat' dir='ltr'>Cur</span> <span class='ocrx_word' id='word_1_628' title='bbox 1579 5565 1793 5642; x_wconf 89' lang='lat' dir='ltr'>itaque</span> <span class='ocrx_word' id='word_1_629' title='bbox 1824 5550 2111 5624; x_wconf 88' lang='lat' dir='ltr'>Pbotiani</span> <span class='ocrx_word' id='word_1_630' title='bbox 2152 5564 2422 5639; x_wconf 83' lang='lat' dir='ltr'>negant?</span> <span class='ocrx_word' id='word_1_631' title='bbox 2452 5564 2525 5623; x_wconf 92' lang='lat' dir='ltr'>Et</span> <span class='ocrx_word' id='word_1_632' title='bbox 2552 5560 2605 5621; x_wconf 89' lang='lat' dir='ltr'>si</span> <span class='ocrx_word' id='word_1_633' title='bbox 2631 5558 2893 5637; x_wconf 88' lang='lat' dir='ltr'>quidem</span> <span class='ocrx_word' id='word_1_634' title='bbox 2927 5557 3367 5618; x_wconf 87' lang='lat' dir='ltr'>tantummodo</span> 
     </span>
    </p>
   </div>
   <div class='ocr_carea' id='block_1_54' title="bbox 194 5656 3365 5745">
    <p class='ocr_par' dir='ltr' id='par_1_54' title="bbox 194 5656 3365 5745">
     <span class='ocr_line' id='line_1_54' title="bbox 194 5656 3365 5745; baseline -0.003 -15"><span class='ocrx_word' id='word_1_635' title='bbox 194 5684 297 5730; x_wconf 89' lang='lat' dir='ltr'>non</span> <span class='ocrx_word' id='word_1_636' title='bbox 324 5679 689 5745; x_wconf 86' lang='lat' dir='ltr'>assererem,</span> <span class='ocrx_word' id='word_1_637' title='bbox 718 5668 1054 5730; x_wconf 80' lang='lat' dir='ltr'>ferendum</span> <span class='ocrx_word' id='word_1_638' title='bbox 1098 5687 1321 5732; x_wconf 89' lang='lat' dir='ltr'>eorum</span> <span class='ocrx_word' id='word_1_639' title='bbox 1352 5666 1680 5729; x_wconf 76' lang='lat' dir='ltr'>silentium</span> <span class='ocrx_word' id='word_1_640' title='bbox 1727 5671 1939 5735; x_wconf 81' lang='lat' dir='ltr'>esset;</span> <span class='ocrx_word' id='word_1_641' title='bbox 1989 5681 2210 5724; x_wconf 85' lang='lat' dir='ltr'>verum</span> <span class='ocrx_word' id='word_1_642' title='bbox 2250 5670 2311 5725; x_wconf 89' lang='lat' dir='ltr'>et</span> <span class='ocrx_word' id='word_1_643' title='bbox 2352 5670 2603 5740; x_wconf 88' lang='lat' dir='ltr'>negant,</span> <span class='ocrx_word' id='word_1_644' title='bbox 2661 5670 2720 5719; x_wconf 91' lang='lat' dir='ltr'>et</span> <span class='ocrx_word' id='word_1_645' title='bbox 2753 5674 2861 5718; x_wconf 89' lang='lat' dir='ltr'>eos</span> <span class='ocrx_word' id='word_1_646' title='bbox 2917 5656 3027 5734; x_wconf 89' lang='lat' dir='ltr'>qui</span> <span class='ocrx_word' id='word_1_647' title='bbox 3073 5667 3365 5721; x_wconf 79' lang='lat' dir='ltr'>asserunt</span> 
     </span>
    </p>
   </div>
   <div class='ocr_carea' id='block_1_55' title="bbox 196 5750 3367 5847">
    <p class='ocr_par' dir='ltr' id='par_1_55' title="bbox 196 5750 3367 5847">
     <span class='ocr_line' id='line_1_55' title="bbox 196 5750 3367 5847; baseline -0.001 -24"><span class='ocrx_word' id='word_1_648' title='bbox 196 5772 574 5834; x_wconf 78' lang='lat' dir='ltr'>condemnant</span> <span class='ocrx_word' id='word_1_649' title='bbox 605 5767 892 5847; x_wconf 87' lang='lat' dir='ltr'>dirisque</span> <span class='ocrx_word' id='word_1_650' title='bbox 936 5768 1235 5831; x_wconf 88' lang='lat' dir='ltr'>omnibus</span> <span class='ocrx_word' id='word_1_651' title='bbox 1282 5750 1629 5839; x_wconf 86' lang='lat' dir='ltr'>devovent;</span> <span class='ocrx_word' id='word_1_652' title='bbox 1663 5764 1881 5825; x_wconf 89' lang='lat' dir='ltr'>tritum</span> <span class='ocrx_word' id='word_1_653' title='bbox 1932 5762 2093 5824; x_wconf 92' lang='lat' dir='ltr'>illud</span> <span class='ocrx_word' id='word_1_654' title='bbox 2156 5764 2245 5843; x_wconf 90' lang='lat' dir='ltr'>(in</span> <span class='ocrx_word' id='word_1_655' title='bbox 2287 5762 2457 5841; x_wconf 91' lang='lat' dir='ltr'>quod</span> <span class='ocrx_word' id='word_1_656' title='bbox 2510 5760 2698 5821; x_wconf 70' lang='lat' dir='ltr'>etiam</span> <span class='ocrx_word' id='word_1_657' title='bbox 2750 5754 3265 5833; x_wconf 78' lang='lat' dir='ltr'>Theophylactus</span> <span class='ocrx_word' id='word_1_658' title='bbox 3287 5756 3367 5819; x_wconf 84' lang='lat' dir='ltr'>ab</span> 
     </span>
    </p>
   </div>
  </div>
