4056 6340
602 357 707 424 est
1250 380 1251 383 ~
1656 308 2045 410 nomnen
2074 347 2383 409 manu
2419 312 2817 412 ramento
3756 353 3847 415 ne

601 467 946 548 iniquitate
977 481 1185 528 causm
1213 480 1349 525 sum
1385 477 1664 541 praeceps
1700 468 1797 522 est
1828 460 2057 541 actus),
2092 476 2163 522 ac
2200 457 2449 536 puerile
2492 464 2945 539 argumentum
2999 470 3427 543 usurpantes:
3476 464 3544 526 Si
3582 466 3850 545 Spiritus

594 578 850 633 sanctus
882 568 1068 629 etiam
1100 587 1175 629 ea:
1195 564 1364 627 Filio
1398 563 1685 644 procedit
1720 563 1828 641 (a),
1864 562 2018 643 quid
2040 562 2373 641 prohibuit
2408 582 2485 624 ne
2518 566 2609 625 ita
2645 565 2939 627 Christus
2974 564 3367 645 loqueretur:
3402 570 3526 644 Qui
3571 588 3653 630 ea:
3677 569 3848 631 Patre

598 664 653 734 et
686 692 765 734 ea:
789 690 877 731 me
904 667 1241 749 procedit?
1268 667 1389 729 Sed
1438 664 1593 727 mihi
1632 662 1911 725 subdere
1943 661 2166 725 liceat:
2203 662 2277 724 Si
2310 680 2349 721 a
2377 663 2510 723 solo
2545 664 2745 727 'Patre
2788 666 3099 743 procedit,
3147 666 3307 746 quid
3372 668 3727 746 prohibuit,
3782 686 3849 732 ne

595 773 662 837 id
698 770 989 835 Christus
1038 760 1461 847 exprimeret;
1512 764 1863 844 prmsertim
1897 780 2043 827 cum
2088 763 2229 843 ipse
2280 765 2414 843 jam
2468 765 2886 842 prmuovisset
2941 773 3099 846 quot
3149 776 3210 827 et
3249 776 3481 847 quanta
3545 785 3622 831 ex
3686 769 3850 831 illius

601 880 838 941 voculm
872 874 1306 954 prmteritione
1338 872 1584 937 oritura
1613 861 1973 950 aliquando
1996 869 2555 933 essentdissidia?
2594 871 2757 943 Quid
2792 872 2867 932 ad
2906 870 3036 932 hmc
3067 870 3360 932 Photiani
3406 872 3848 951 respondeant,

600 960 759 1043 nihil
792 978 1056 1048 habent;
1088 984 1149 1037 at
1190 966 1377 1037 nobis
1411 974 1833 1053 in-promptu
1882 979 2003 1047 est,
2054 972 2212 1053 quid
2253 980 2473 1034 contra
2527 990 2641 1034 eos
2698 990 3066 1054 regeramus
3103 996 3119 1034 :
3160 974 3487 1049 videlicet,
3539 974 3849 1037 Christum

599 1085 700 1145 sin
735 1100 834 1154 eo,
869 1081 1092 1143 saltem
1124 1080 1271 1143 aliis
1312 1079 1377 1141 in
1410 1079 1623 1157 locis;
1656 1080 1759 1141 sin
1809 1078 2163 1157 expressis,
2216 1076 2439 1140 saltem
2497 1078 3041 1159 mquivalentibus
3097 1080 3337 1153 verbis,
3384 1079 3687 1142 docuisse
3729 1082 3854 1159 Spi-

600 1190 792 1249 ritum
826 1188 1016 1250 etiam
1047 1202 1082 1247 a
1111 1184 1329 1263 seipso
1358 1183 1737 1262 procedere:
1774 1182 1947 1261 quod
1980 1179 2246 1261 quidem
2279 1182 2477 1269 nostri
2514 1181 2809 1243 homines
2841 1182 3076 1243 millies
3099 1180 3648 1256 demonstrarunt,
3681 1190 3741 1243 et
3784 1200 3850 1243 ex

602 1308 681 1354 eo
717 1292 890 1371 quod
925 1288 1214 1350 Christus
1246 1287 1560 1348 Dominus
1590 1285 1677 1346 ait
1712 1286 1897 1363 Joan'.
1931 1302 1995 1356 x,
2065 1283 2163 1352 30,
2211 1282 2351 1361 Ego
2392 1293 2448 1344 et
2502 1282 2687 1344 Pater
2735 1303 2930 1345 unum
2984 1303 3231 1353 sumus;
3272 1302 3351 1346 ex
3398 1302 3530 1365 quo
3583 1284 3851 1348 inferunt

600 1412 795 1452 unum
826 1392 1017 1454 etiam
1047 1405 1188 1451 esse
1236 1387 1473 1449 Filium
1506 1404 1651 1448 cum
1698 1389 1879 1448 Patre
1924 1384 2138 1465 quoad
2190 1384 2504 1447 rationem
2551 1385 2848 1463 principii
2901 1385 3179 1463 Spiritus
3223 1385 3453 1447 sancti.
3509 1388 3583 1447 Et
3629 1404 3715 1447 ex
3776 1401 3846 1445 eo

604 1496 817 1574 (Joan.
866 1512 1001 1565 xvr,
1040 1492 1163 1567 15),
1204 1489 1429 1552 Omnia
1468 1474 1844 1569 quaecunque
1872 1486 2055 1549 habet
2079 1486 2295 1559 Pater,
2327 1504 2459 1547 mea
2495 1497 2693 1547 sunt:
2725 1487 3229 1567 ergo,inquiunt
3272 1495 3334 1549 et
3380 1488 3583 1549 virtus
3625 1476 3859 1566 predu-

602 1594 790 1657 cendi
833 1592 1139 1668 Spiritum
1192 1599 1484 1653 sanctum
1521 1599 1630 1650 est
1662 1588 1842 1661 Filii,
1898 1605 2037 1651 seu.
2075 1587 2380 1650 convenit
2440 1588 2631 1650 Filio.
2704 1589 2781 1651 Et
2832 1606 2910 1649 ex
2972 1587 3086 1649 illo
3144 1587 3395 1670 (ibidem
3433 1588 3723 1667 th):llle
3776 1610 3858 1650 me

603 1696 999 1775 clariﬁcabit,
1031 1696 1179 1775 quia
1203 1692 1274 1754 de
1306 1711 1435 1753 meo
1460 1694 1751 1771 accipiet.
1785 1692 1953 1765 Quid
1980 1693 2181 1765 enim,
2210 1692 2414 1765 aiunt,
2456 1695 2737 1770 Spiritus
2760 1702 3021 1757 sanctus
3060 1695 3348 1775 accipere
3379 1710 3413 1756 a
3437 1695 3609 1757 Filio
3640 1702 3856 1773 potest,

605 1798 730 1858 nisi
779 1797 991 1874 ipsum
1026 1794 1215 1855 esse?
1243 1794 1317 1854 Et
1350 1810 1427 1853 ox
1461 1809 1538 1853 eo
1570 1793 1830 1853 demum
1862 1793 2039 1871 quod
2068 1794 2255 1854 Joan.
2284 1812 2394 1864 xv,
2427 1794 2528 1866 26,
2574 1795 2660 1855 ait
2700 1813 2769 1856 se
2795 1797 3137 1859 missurum
3164 1795 3475 1873 Spiritum
3521 1804 3856 1857 sanctum:

604 1914 751 1959 cum
814 1896 1030 1957 missio
1068 1895 1130 1955 in
1180 1892 1428 1955 divinis
1470 1892 1560 1955 nil
1619 1892 1798 1955 aliud
1858 1910 2003 1956 esse
2046 1902 2156 1955 aut
2205 1894 2485 1975 intelligi
2535 1896 2760 1973 possit,
2818 1914 3010 1976 quam
3063 1898 3393 1975 processio
3440 1905 3678 1961 aeterna
3724 1915 3858 1961 cum

606 1998 835 2059 ordine
870 1997 945 2058 ad
978 1993 1308 2073 quidpiam
1340 1994 1745 2057 extrinsecus
1776 1994 2482 2073 producendum.Quid
2516 1996 2691 2075 quod
2725 2002 2788 2059 et
2822 1997 2985 2075 ipsis
3006 1997 3504 2077 verbis,quibus
3540 2007 3859 2078 tantonere

574 2088 805 2162 ﬁdunt
835 2098 1209 2171 adversarii,
1245 2098 1577 2170 videlicet,
1628 2099 1740 2178 qui
1769 2117 1807 2158 a
1845 2098 2035 2160 Patre
2056 2098 2372 2179 procedit,
2405 2099 2945 2179 docetimplicite,
2970 2101 3159 2163 etiam
3192 2119 3224 2164 a
3256 2102 3473 2182 seipso
3499 2105 3859 2188 procedere.

608 2201 762 2261 Nam
794 2200 1114 2278 quidquid
1146 2200 1215 2261 in
1250 2201 1606 2279 Scripturis
1648 2199 1723 2273 de
1776 2219 1907 2263 una
1951 2219 2226 2281 persona
2268 2203 2535 2279 dicitur,
2584 2204 2770 2265 etiam
2820 2203 2894 2265 de
2936 2202 3067 2266 alia
3113 2214 3361 2284 oportet
3392 2204 3688 2286 intelligi,
3742 2206 3861 2267 nisi

531 2359 534 2361 λ
604 2310 915 2383 repugnet
936 2303 1331 2381 proprietati
1352 2304 1686 2381 personati
1727 2305 1954 2383 ipsius,
1988 2313 2059 2367 ut
2094 2304 2506 2368 verissimum
2547 2306 2731 2368 eﬂ’ert
2762 2306 3211 2387 theologorum
3248 2322 3395 2371 cum
3428 2308 3506 2383 ¹8.
3542 2306 3770 2368 Thom.
3804 2325 3857 2379 ly

559 2415 562 2417 λ
602 2422 742 2485 cap.
786 2407 975 2479 Gen.,
1009 2420 1148 2483 cap.
1178 2405 1281 2479 25,
1321 2404 1603 2478 axioma,
1636 2422 1710 2467 ea
1740 2404 1990 2467 ratione
2031 2405 2276 2479 nixum,
2313 2408 2487 2485 quod
2515 2413 2644 2468 tres
2675 2406 2915 2469 divinae
2971 2424 3268 2487 personm
3302 2424 3506 2469 unum
3564 2404 3862 2483 idemque

608 2514 763 2567 sunt
800 2523 1051 2579 omnes,
1090 2505 1171 2566 iis
1208 2514 1455 2569 tantum
1501 2506 1787 2586 exceptis
1824 2525 1967 2588 qute
2004 2510 2080 2570 ad
2132 2509 2536 2587 personalem
2588 2509 2913 2587 pertinent
2956 2511 3437 2589 proprietatem.
3482 2509 3671 2582 Quod
3706 2507 3862 2569 adeo

608 2614 854 2669 certum
888 2614 982 2668 est
1016 2614 1103 2678 ut,
1137 2607 1387 2669 etiamsi
1425 2608 1717 2670 Christus
1748 2624 1828 2670 eo
1863 2608 1986 2670 loci
2028 2610 2333 2684 dixisset,
2367 2611 2494 2685 Qui
2528 2629 2566 2691 a
2595 2610 2785 2672 Patre
2804 2612 2937 2674 solo
2964 2612 3277 2690 procedit,
3314 2628 3440 2674 non
3478 2610 3627 2672 inde
3662 2616 3863 2670 tamen

608 2709 961 2773 abdicanda
1000 2707 1061 2769 ei
1098 2715 1267 2769 esset
1300 2708 1584 2787 Spiritus
1616 2710 1823 2770 sancti
1870 2711 2235 2788 productio.
2264 2713 2537 2774 Fortene
2590 2712 2901 2785 mirantur
2946 2713 3044 2775 vel
3092 2713 3210 2775 hoc
3254 2720 3490 2792 negant
3547 2709 3861 2784 Photiani,

610 2813 776 2887 Ergo
815 2811 1051 2887 pariter
1078 2819 1312 2888 negent
1345 2810 1594 2871 Patrem
1644 2827 1677 2871 a
1718 2809 1957 2888 Spiritu
1994 2820 2213 2873 sancto
2249 2812 2563 2889 cognosci,
2612 2813 2709 2873 vel
2743 2813 2931 2874 etiam
2964 2829 3141 2872 nosse
3178 2810 3493 2892 seipsum,
3534 2818 3863 2889 prOpterea

611 2916 785 2993 quod
847 2914 1082 2975 dixerit
1137 2913 1436 2975 Christus
1480 2914 1703 2976 Matth.
1754 2934 1848 2989 xu,
1897 2916 2003 2990 22,
2035 2915 2226 2978 Nemo
2273 2918 2450 2977 novit
2500 2918 2774 2990 Patrem,
2833 2919 2961 2980 nisi
3010 2919 3250 2989 Filius;
3302 2917 3400 2980 vel
3453 2925 3692 2997 negent
3728 2934 3867 2979 cum

613 3014 1005 3087 Sociniauis,
1038 3011 1275 3076 Filium
1312 3014 1525 3093 ipsum
1560 3031 1703 3076 esse
1731 3032 1951 3095 verum
1984 3017 2386 3097 Deum,quia
2419 3016 2822 3096 ipsePatrem
2851 3017 3190 3097 alloquens
3219 3019 3306 3081 ait
3358 3017 3575 3093 (Joan.
3604 3016 3869 3096 xvn,3),

615 3120 688 3181 Ut
736 3127 1115 3199 cognoscant
1149 3129 1204 3179 te
1236 3118 1437 3179 solum
1464 3136 1678 3181 verum
1715 3121 1961 3181 Deum.‘
2901 3178 2906 3186 .
3609 3126 3617 3133 ’

694 3224 905 3284 ΧΧΧ.
957 3225 1049 3283 En
1092 3238 1224 3300 quo
1265 3222 1522 3283 tandem
1574 3220 1706 3282 abit
1772 3230 2229 3300 argumentum
2274 3237 2310 3283 a
2348 3219 2681 3285 Photianis
2726 3222 2887 3285 adeo
2934 3223 3336 3286 decantatum
3383 3239 3399 3278 :
3446 3237 3482 3283 a
3521 3218 3866 3288 Photianis,

616 3330 906 3407 inquam,
953 3328 1066 3408 qui
1110 3336 1172 3391 et
1226 3328 1446 3390 tritum
1475 3327 1636 3389 illud
1679 3335 1741 3389 et
1795 3344 1905 3405 per
1938 3344 2083 3389 sese
2135 3326 2728 3411 luculentissimum
2758 3326 3054 3406 ignorare
3101 3326 3401 3389 videntur
3450 3348 3466 3389 :
3507 3325 3633 3402 Qui
3680 3330 3871 3386 unum

615 3431 868 3502 asserit,
899 3427 1075 3491 aliud
1119 3446 1247 3488 non
1292 3434 1504 3508 negat,
1558 3427 1685 3488 nisi
1753 3428 1808 3487 ei
1858 3424 2025 3505 quod
2072 3427 2302 3489 asserit
2348 3437 2679 3507 repugnet.
2714 3430 2884 3515 ‘Nam'
2917 3425 3369 3515 probaruntne
3410 3442 3720 3511 unquam,
3770 3431 3872 3488 aut

617 3530 972 3609 aliquando
1009 3526 1338 3607 probaturi
1374 3534 1549 3599 sunt,
1588 3525 1783 3596 ullam
1817 3524 1884 3588 in
1925 3541 2004 3587 eo
2030 3543 2173 3589 esse
2208 3525 2726 3606 repugnantiam;
2762 3527 2937 3605 quod
2982 3526 3192 3590 Filius
3235 3543 3361 3589 una
3397 3544 3543 3589 cum
3572 3528 3752 3590 Patre
3792 3524 3873 3585 sit

621 3635 1013 3714 principium
1058 3632 1339 3712 Spiritus
1378 3629 1623 3693 sancti?
1682 3629 1852 3704 Quid
1905 3626 2122 3692 enim?
2152 3631 2336 3693 Anne
2376 3622 2625 3709 aliquid
2698 3629 2975 3706 virtutis,
3007 3648 3151 3711 quas
3193 3631 3351 3694 insit
3400 3631 3595 3708 Patri,
3648 3632 3870 3695 deesse

618 3737 793 3799 Filio
831 3733 1186 3813 putandum
1222 3733 1387 3794 erit?
1422 3732 1531 3793 Vel
1572 3731 1802 3792 rationi
1840 3716 1989 3791 Filii
2029 3740 2347 3815 repugnat
2378 3734 2736 3809 producere
2797 3731 2987 3798 aliam
3019 3749 3053 3793 a
3087 3733 3304 3809 seipso
3349 3737 3733 3811 personam?
3764 3735 3868 3796 Vel

623 3844 881 3905 demum
913 3840 1089 3920 quod
1134 3837 1323 3900 habet
1358 3835 1778 3914 principium,
1814 3834 2045 3914 nequit
2083 3851 2232 3896 esse
2280 3834 2672 3913 principium
2716 3833 3024 3896 alterius?
3065 3833 3235 3896 Nihil
3288 3834 3519 3897 horum
3569 3832 3870 3913 profeCto.

622 3945 749 4006 Cur
778 3942 980 4020 igitur
1010 3949 1272 4002 ovantes
1303 3936 1465 4000 adeo
1516 3943 1967 4016 argumentum
2000 3934 2175 3998 istud
2207 3935 2565 3998 obtrudunt
2601 3957 2616 3996 :
2656 3935 3069 4015 Evangelium
3099 3935 3339 4000 Christi
3372 3954 3480 4001 ore
3501 3935 3670 3998 clare
3698 3933 3871 4001 docet

620 4042 853 4121 ﬁdeles,
885 4042 1198 4118 Spiritum
1237 4048 1522 4099 sanctum
1554 4056 1593 4096 a
1625 4037 1811 4097 Patre
1837 4035 2212 4116 procedere;
2243 4046 2309 4097 at
2354 4038 2483 4115 ipsi
2516 4036 2724 4116 angeli
2788 4036 3190 4099 tenebrarum
3223 4036 3869 4119 (Latini)-prtedirant,

624 4142 809 4201 etiam
836 4158 875 4198 a
905 4138 1078 4201 Filio
1106 4158 1127 4197 :
1159 4153 1314 4215 ergo
1356 4134 1716 4214 Evangelio
1758 4129 2073 4195 contraria
2122 4135 2377 4196 docent.
2407 4136 2494 4195 Ita
2529 4150 2682 4196 sane
2716 4143 2858 4214 post
2886 4134 3282 4198 'innumeros
3336 4136 3502 4199 alios
3547 4130 3873 4216 Eugenjus

623 4242 695 4305 in
727 4242 919 4305 citato
953 4239 1200 4315 libello,
1232 4238 1417 4319 cujus
1446 4239 1660 4303 Grmca
1695 4240 1883 4302 verba
1920 4246 2068 4300 sunt
2103 4237 2225 4299 haec

2273 4261 2275 4292 ί
2316 4245 2388 4299 Τὸ
2423 4245 2759 4313 Εὐαγγέλιον
2786 4244 2874 4298 διὰ
2909 4244 3178 4317 στόματος
3212 4245 3305 4299 τοῦ
3328 4245 3572 4317 Χριποῦ
3594 4244 3875 4315 abundi-

625 4348 778 4412 ζεται
818 4349 899 4409 εἰς
936 4346 1065 4409 τοὺς
1119 4344 1346 4408 πιστοὺς
1390 4346 1603 4415 φανερά
1652 4344 1735 4398 ὅτι
1801 4342 2032 4413 Πνεῦμα
2092 4342 2244 4415 παρὰ
2293 4341 2505 4413 Harpe:
2544 4340 2929 4411 ἐκπορεύεται,
2966 4342 3061 4396 καὶ
3095 4342 3245 4396 αὐτοὶ
3302 4343 3353 4395 οἱ
3386 4342 3608 4411 ἄγγελοι
3658 4343 3875 4406 σκότους

554 4432 557 4433 ν
622 4442 1095 4520 εὖαγγελίζονται,
1124 4450 1218 4503 καὶ
1254 4449 1320 4503 ὲκ
1344 4447 1438 4502 τοῦ
1471 4449 1624 4503 Υῐοῦ.
1668 4441 1725 4503 Ο
1766 4439 2127 4517 ρτωοιοτδω

2270 4438 2575 4501 bolarchm
2606 4434 3224 4514 Montis'Aytovopou
3266 4436 3707 4500 ratiocinatioi
3753 4438 3872 4511 Sic,

628 4545 820 4608 cine‘t
869 4539 1167 4603 Procedit
1210 4559 1249 4600 a
1290 4539 1523 4621 Patre;
1571 4558 1702 4601 non
1736 4540 1938 4619 igitur
1992 4556 2033 4597 a
2075 4537 2247 4599 Filio
2278 4556 2315 4595 l:
2365 4553 2510 4600 cum
2560 4536 2779 4615 potius
2818 4524 3188 4600 dicendum
3231 4536 3394 4599 foret
3434 4555 3448 4599 :
3496 4537 3796 4611 Procedit
3840 4556 3876 4596 a

630 4644 844 4719 Patre,
880 4662 1024 4723 ergo
1060 4652 1118 4705 et
1153 4662 1190 4703 a
1217 4641 1414 4717 Filio,
1448 4641 1533 4705 ob
1585 4641 1897 4703 iudicatas
1954 4638 2263 4709 rationes.
2318 4638 2439 4701 Sed
2486 4646 2550 4701 et
2593 4638 2734 4717 ipse
2775 4638 3292 4721 TheOpbylactus
3342 4639 3504 4715 male
3532 4639 3714 4724 fama:
3748 4656 3876 4702 sum

632 4744 938 4815 consulit,
976 4744 1130 4803 dum
1185 4740 1558 4818 prmdictum
1607 4745 2064 4818 argumentum
2108 4735 2453 4815 simplicem
2495 4726 2679 4799 occat
2720 4724 3186 4822 absolutamque
3215 4741 3522 4801 rationem
3553 4736 3662 4816 (b),
3695 4740 3875 4801 addi,-

633 4846 883 4925 ditque,
919 4842 1117 4905 alium
1154 4840 1340 4902 nobis
1379 4856 1523 4903 esse
1553 4840 1973 4921 quaerendum
2004 4840 2335 4902 doctorem
2369 4846 2597 4919 praeter
2615 4858 2810 4902 unum
2836 4842 3207 4920 magistrum
3225 4849 3514 4902 nostrum
3536 4842 3874 4930 Christum,

634 4953 687 5012 si
724 4950 876 5013 huic
916 4945 1199 5026 dogmati
1242 4943 1565 5007 adhmrere
1616 4942 1917 5005 velimus.
1953 4948 2032 5005 At
2082 4937 2262 5016 vero,
2316 4940 2371 5002 si
2408 4942 2709 5005 Christus
2750 4936 2986 5005 aie'udo
3032 4962 3051 5026 ξ
3098 4943 3209 5022 qui
3259 4961 3296 5002 a
3344 4942 3533 5008 Patre
3563 4942 3876 5023 procedit,

638 5052 826 5114 nobis
858 5047 1666 5121 ndllatenus‘adversatur,
1699 5046 1905 5107 multo
1938 5045 2153 5107 minus
2184 5046 2493 5107 censendi
2525 5052 2678 5107 sunt
2705 5042 2894 5106 nobis
2925 5016 3222 5107 conlrarii
3247 5063 3390 5108 esse
3415 5046 3785 5126 quicunque
3803 5063 3878 5108 ex

635 5148 873 5214 Graecis
909 5144 1199 5208 Datribus
1256 5147 1488 5209 docent
1551 5146 1984 5221 solummodo,
2033 5144 2475 5225 aﬂirmantque
2517 5144 2827 5223 Spiritum
2870 5153 3159 5208 sanctum
3202 5166 3239 5206 a
3288 5147 3478 5208 Patre
3514 5145 3879 5224 procedere.

640 5252 797 5311 Cum
836 5246 1031 5327 igitur
1060 5248 1426 5309 Grmcorum
1472 5262 1658 5308 nemo
1708 5246 2031 5311 inﬁcietur
2075 5247 2376 5309 eumdem
2423 5254 2485 5308 et
2531 5262 2561 5308 a
2597 5244 2767 5311 Filio
2815 5249 3183 5326 procedere,
3220 5246 3513 5309 nonnulli
3548 5255 3760 5310 autem
3800 5264 3879 5307 ex

641 5347 775 5411 illis
823 5370 947 5414 una
979 5369 1121 5415 cum
1166 5349 1409 5412 Latinis
1449 5350 1754 5411 omnibus
1809 5348 2153 5421 aliirment,
2200 5346 2483 5425 profecto
2533 5346 2695 5409 illud
2752 5338 2984 5429 negare
3032 5346 3359 5427 praefracte
3410 5347 3599 5425 velle,
3649 5348 3775 5410 imo
3820 5356 3878 5408 ct

574 5501 615 5508 -
644 5451 961 5512 hmreseos
1008 5468 1123 5513 nos
1173 5452 1603 5511 condemnare
1650 5451 1912 5528 quia‘id
1962 5447 2341 5535 asserimus,
2384 5466 2485 5510 res
2531 5446 2787 5512 illarum
2836 5460 2923 5519 est
2971 5449 3187 5527 [verba
3234 5467 3461 5532 regero
3505 5468 3651 5528 quas
3694 5448 3875 5511 habet

646 5554 1159 5634 Theonhylaclus
1192 5554 1297 5636 (c)]
1318 5556 1426 5633 qui
1455 5556 1691 5623 spiritu
1723 5557 1961 5617 erroris
1998 5554 2171 5635 pleni
2198 5562 2370 5616 sunt.

719 5762 799 5835 (tl)
837 5764 994 5819 Num.
1029 5764 1117 5820 lll.

1116 5810 1117 5817 ,
2392 5762 2460 5835 (cl
2496 5760 2718 5818 ibidem.

718 5834 793 5901 (b)
834 5835 1062 5919 Ibidem.
