4056 6340
632 384 741 443 iss
798 442 799 445 γ
1652 382 1655 383 '
1690 347 2071 439 nomnen
2116 376 2234 436 m‘

2268 377 2425 437 ETTI
2473 348 2867 440 ramento
3783 372 3870 434 ιδε

631 496 882 566 Oportet
918 494 985 552 ut
1026 489 1192 550 inter
1228 503 1337 549 eos
1369 488 1721 551 intercedat
1743 488 1903 550 ratio
1934 487 2261 567 principii,
2296 489 2609 567 adeoque,
2641 498 2705 551 ut
2737 492 2839 554 hic
2868 490 2947 553 ab
2978 489 3091 557 illo
3131 492 3451 570 procedat.
3478 484 3875 564 Principium

627 591 800 655 idem
838 594 1075 659 clarius
1112 603 1171 655 et
1206 604 1649 675 ὲμφατικοτέρως
1692 593 1990 672 prOponit
2036 592 2102 653 in
2158 610 2229 670 ep

2275 594 2428 655 stola
2468 596 2543 656 ad
2569 596 2894 657 Ablabium
2934 595 3030 656 his
3082 597 3399 674 praecipue
3442 591 3653 657 verbis
3700 613 3713 649 :
3772 597 3877 664 τὴν.

627 708 857 762 κατὰτὸ
890 708 1060 763 αἴτιον
1094 709 1188 764 καὶ
1248 708 1489 761 αἱτιατὸν
1538 706 1801 775 διαφορὰν
1856 704 1956 785 οῦκ
1994 702 2314 775 ἀρνούμεθα
2354 697 2525 775 (esse
2574 698 2640 759 in
2698 699 2875 776 Deo),
2916 702 2961 777 ᾧ
2988 708 3136 779 μόνῳ
3154 703 3531 776 διακρίνεσθαι
3578 700 3641 753 τὸ
3687 701 3877 768 ἕτερον

626 809 722 864 τοῦ
759 811 945 881 ἑτέρου
976 808 1492 880 καταλαμϐάνομεν,
1526 808 1604 879 τῷ
1634 808 1696 861 τὸ
1729 806 1829 877 μὲν
1860 807 2035 860 αἴτιον
2063 804 2343 859 πιστεύειν
2372 802 2535 875 εἶναι,
2566 809 2627 862 τὸ
2655 808 2711 864 δὲ
2741 810 2804 862 ἐκ
2862 809 2956 863 τοῦ
3009 809 3207 874 αἰτίου,
3275 797 3713 859 Diversitatem
3786 811 3874 851 8e-

631 907 897 968 cundum
927 908 1233 988 rationem
1263 922 1461 965 causa:
1492 915 1548 965 et
1570 904 1816 964 causati
1848 901 2187 981 (seujuxta
2230 902 2538 965 rationem
2575 903 2901 983 principii)
2922 914 2979 965 et
3010 906 3138 984 ejus
3160 899 3328 982 quod
3357 908 3443 959 est
3479 918 3517 957 a
3551 897 3879 975 principio

632 1009 720 1085 (in
756 1008 912 1087 Deo)
973 1026 1097 1067 non
1128 1023 1421 1083 negamus
1457 1025 1477 1064 :
1500 1022 1620 1083 quo
1650 1003 1781 1063 solo
1804 1003 2065 1063 alttrum
2089 1000 2163 1061 ab
2194 1000 2392 1061 altero
2423 1004 2663 1063 secerni
2706 988 3275 1083 comprehendimus
3297 1044 3313 1070 ,
3347 1006 3653 1076 quatenus
3689 1011 3880 1055 unum

630 1111 875 1191 quidem
923 1111 1313 1188 principium
1368 1126 1495 1167 esse
1547 1107 1888 1179 credimus,
1937 1104 2206 1165 alterum
2277 1125 2356 1165 ex
2413 1107 2757 1186 principio.
2799 1109 2956 1181 Quae
3003 1122 3146 1169 cum
3207 1104 3291 1165 ait
3326 1104 3686 1181 Nyssenus,
3733 1097 3882 1177 quis

635 1217 823 1288 neget
875 1226 1020 1270 eum
1065 1207 1420 1270 credidisse
1456 1207 1765 1284 Spiritum
1818 1213 2107 1266 sanctum
2163 1222 2305 1266 esse
2355 1222 2387 1266 a
2417 1205 2905 1288 Filiotanquam
2958 1217 3023 1268 ἐκ
3047 1213 3140 1268 τοῦ
3188 1212 3384 1278 αἰτίου,
3435 1218 3584 1264 cum
3615 1200 3695 1262 ab
3736 1201 3883 1279 ipso

632 1309 945 1387 distingui
984 1326 1107 1369 non
1142 1308 1569 1370 dubitaverit?

707 1416 768 1475 3.
815 1415 1151 1491 Didymus,
1188 1414 1351 1473 libro
1387 1432 1427 1472 ιι
1484 1412 1566 1470 De
1618 1411 1870 1489 Spiritu
1919 1418 2134 1466 sancto
2179 1405 2500 1467 Christum
2547 1405 2857 1466 rationem
2902 1406 3277 1466 efferentem
3331 1398 3605 1469 inducit,
3656 1414 3774 1457 cur
3805 1394 3883 1454 de

632 1514 875 1593 Spiritu
910 1520 1129 1574 sancto
1163 1513 1398 1574 dixerit
1428 1516 1611 1576 Joan,
1656 1530 1759 1573 xv;
1794 1510 1951 1581 ,1'3:
1984 1506 2126 1569 Non
2181 1504 2339 1564 enim
2392 1504 2681 1583 loquetur
2706 1524 2743 1563 a
2781 1506 3103 1582 semetipso
3125 1503 3226 1563 his
3264 1500 3474 1563 verbis
3507 1521 3521 1561 :
3551 1497 3716 1573 Quia
3759 1513 3886 1555 non

633 1639 711 1680 ex
745 1640 829 1692 se,
889 1619 997 1678 sed
1048 1637 1127 1678 ex
1172 1619 1359 1678 Patre
1410 1626 1464 1677 et
1497 1637 1585 1677 me
1638 1627 1757 1683 est;
1816 1618 1931 1677 hoc
1985 1612 2144 1671 enim
2210 1608 2411 1685 ipsum
2442 1611 2605 1688 quod
2654 1609 2965 1679 subsistit,
3004 1628 3081 1669 ex
3133 1607 3325 1668 Patre
3371 1615 3429 1666 et
3478 1622 3571 1663 me
3620 1600 3723 1663 illi
3765 1608 3880 1658 est.

634 1722 1002 1783 Clarissima
1048 1737 1195 1780 vero
1235 1730 1382 1780 sunt
1420 1718 1631 1789 verba,
1672 1736 1823 1796 quae
1869 1717 2107 1778 ibidem
2141 1714 2359 1792 paucis
2420 1714 2841 1793 interpositis,
2878 1713 3065 1773 habet
3109 1735 3123 1773 :
3159 1711 3367 1789 Neque
3390 1707 3546 1789 quid
3581 1705 3761 1768 aliud
3799 1714 3884 1764 est

637 1825 844 1884 Filius
880 1825 1163 1900 exceptis
1200 1822 1279 1881 iis
1331 1840 1463 1899 qua:
1503 1822 1559 1881 ei
1589 1819 1824 1879 dantur
1868 1819 2139 1878 a~Patre
2172 1837 2190 1884 ;
2220 1816 2312 1875 sic
2357 1834 2547 1894 neque
2595 1815 2733 1876 alia
2770 1815 3123 1875 substantia
3164 1824 3252 1874 est
3297 1813 3583 1893 Spiritus
3630 1816 3883 1869 sanctus

632 1933 868 2002 prceter
900 1923 967 1983 id
998 1921 1163 2003 quod
1195 1922 1383 1981 datur
1414 1921 1474 1980 ei
1509 1940 1545 1979 a
1571 1920 1765 1980 Filio.
1813 1919 2014 1999 Igitur
2047 1916 2321 1995 Spiritus
2353 1923 2608 1977 sanctus
2648 1915 2881 1993 accipit
2917 1913 3337 1977 substantiam
3387 1929 3421 1974 a
3456 1910 3622 1973 Filio
3670 1930 3686 1971 :
3729 1923 3883 1988 ergo

636 2028 715 2089 ab
760 2045 835 2088 eo
890 2026 1406 2089 substantialiter
1460 2024 1771 2103 procedit.

718 2153 776 2212 ιι.
814 2151 1093 2227 Cyrillus
1155 2150 1653 2221 Alexandrinus,
1691 2150 1801 2211 lib.
1836 2167 1880 2221 ι,
1924 2150 2003 2206 De
2032 2146 2255 2207 adorat
2289 2190 2306 2220 ,

2289 2190 2306 2220 ,
2344 2147 2497 2198 Ἐστι
2518 2146 2610 2199 τοῦ
2638 2144 2795 2213 Θεοῦ,
2824 2146 2941 2218 ait,
2984 2146 3079 2199 καὶ
3103 2145 3338 2215 Πατρὸς,
3378 2145 3473 2198 καὶ
3510 2143 3618 2214 μὴν
3647 2141 3742 2196 καὶ⁵
3787 2141 3877 2193 τοῦ

640 2255 769 2309 Υἱοῦ
792 2255 851 2306 τὸ
880 2254 1151 2313 οὐσιωδὼς
1194 2254 1251 2316 ἐξ
1282 2255 1500 2321 ἀμφοῖν.
1533 2253 1707 2305 εἵτονν
1738 2252 1799 2304 ἐκ
1840 2252 2046 2319 Πατρὸς
2075 2251 2142 2303 δι’
2186 2248 2242 2302 Ti

2269 2251 2314 2302 >ῦ
2344 2250 2586 2319 Πνεῦμα,
2625 2257 2716 2309 est
2776 2267 2857 2311 ex
2906 2251 3058 2325 Deo,
3103 2258 3162 2310 et
3204 2249 3419 2322 Patre,
3457 2258 3515 2306 et
3539 2246 3709 2307 Filio
3743 2243 3871 2315 ille,

639 2354 748 2435 qui
778 2353 1283 2413 substantialiter
1318 2371 1397 2412 ea:
1431 2350 1746 2423 ambobus,
1790 2370 1895 2411 seu
1927 2370 2005 2411 ea:
2036 2351 2224 2411 Patre
2249 2370 2364 2429 per
2394 2351 2630 2413 Filium
2669 2350 2937 2431 proﬂuit
2959 2352 3261 2429 Spiritus.
3294 2352 3470 2410 Anne
3501 2364 3655 2410 vero
3688 2347 3877 2408 istum

640 2455 1112 2514 substantialem
1175 2451 1449 2528 Spiritus
1508 2450 1707 2511 sancti
1769 2468 1846 2512 ex
1910 2459 2179 2529 utroque
2214 2451 2521 2529 (af/luxum
2552 2452 2627 2512 de
2676 2454 2988 2514 donorum
3020 2454 3188 2531 ejus,
3218 2459 3408 2532 atque
3441 2450 3879 2511 charismatum

642 2557 958 2618 etinsione
1000 2553 1587 2631 interpretabunlur
1622 2550 1959 2612 Photiani?
1991 2554 2109 2613 Sed
2145 2552 2398 2613 ridendi
2436 2560 2612 2627 sunt,
2651 2569 2774 2614 non
2809 2552 3205 2625 confutandi,
3239 2552 3295 2613 si
3347 2567 3671 2628 eousque
3715 2548 3880 2609 insa-

645 2660 820 2719 niant
859 2655 1243 2733 :prmsertim
1279 2669 1421 2711 cum
1462 2651 1625 2710 idem
1666 2651 1724 2711 in
1753 2651 2094 2711 Comment.
2174 2651 2239 2709 in
2267 2648 2431 2709 Joel.
2472 2666 2607 2727 cap.
2651 2668 2719 2721 ιι,
2760 2650 2911 2709 satis
2954 2650 3196 2711 indicet
3242 2649 3551 2725 Spiritum
3588 2651 3875 2708 sanctum

645 2760 870 2822 eodem
923 2756 1109 2815 modo
1140 2770 1281 2813 esse
1315 2768 1392 2811 ex
1432 2750 1594 2809 Filio
1636 2750 1824 2811 sicuti
1880 2759 1971 2809 est
2009 2751 2069 2810 in
2120 2749 2284 2825 ipso,
2329 2749 2446 2809 hoc
2483 2758 2577 2811 est
2607 2748 3114 2810 substantialiter
3144 2770 3163 2809 :
3201 2749 3491 2810 absolute
3526 2749 3701 2831 enim
3739 2746 3824 2809 ait
3861 2770 3875 2807 :

608 2924 616 2931 ⁸
649 2860 814 2912 Ἴδιον
839 2854 1003 2909 αὐτοῦ
1035 2852 1208 2923 (Υἱοῦ)
1240 2869 1319 2913 τε,
1341 2852 1433 2904 καὶ
1459 2853 1513 2903 ὲν
1537 2850 1704 2919 αὐτῷ,
1744 2852 1834 2903 καὶ
1866 2849 1923 2915 ἐξ
1946 2849 2107 2902 αὐτοῦ
2136 2850 2195 2903 τὸ

2276 2848 2450 2919 νεῦμά
2478 2851 2614 2914 ἐστι,
2656 2850 2963 2928 proprius
3012 2859 3103 2909 est
3131 2859 3186 2911 et
3216 2851 3418 2929 ipsius
3450 2848 3675 2929 (Filii).
3720 2858 3779 2910 et
3814 2849 3876 2911 in

644 2964 807 3035 ipso,
845 2965 898 3014 et
932 2974 1011 3015 ea:
1056 2954 1190 3031 ipso
1217 2962 1303 3011 est
1334 2954 1637 3029 Spiritus.
1667 2951 1785 3012 Sed
1823 2952 2167 3029 quomodo,
2212 2951 2577 3012 beatissime
2615 2950 2878 3029 Cyrille,
2910 2951 3187 3029 Spiritus
3242 2960 3503 3014 sanctus
3536 2960 3631 3013 est
3668 2950 3732 3013 in
3769 2950 3877 3012 Fi-

650 3054 779 3114 lio?
815 3060 1097 3125 Καθάπερ.
1140 3054 1507 3130 respondet,
1544 3051 1736 3120 ἀμέλει
1778 3053 1870 3104 καὶ
1902 3052 1987 3103 ἐπ’
2021 3053 2185 3105 αὑτοῦ
2219 3069 2252 3104 νη

2283 3054 2419 3105 εἷται
2468 3052 2561 3105 τοῦ
2596 3052 2732 3105 Θεοῦ
2766 3051 2859 3104 καὶ
2898 3052 3130 3123 Πατρός,
3154 3052 3662 3132 quemadmodum
3714 3053 3879 3114 vidc-

653 3154 797 3214 licet
838 3154 901 3213 in
954 3154 1087 3229 ipso
1116 3153 1498 3227 intelligitur
1532 3152 1656 3209 Deo
1688 3169 1758 3208 ac
1822 3150 2027 3210 Patre.
2065 3154 2136 3210 Et
2172 3152 2234 3211 in
2269 3151 2690 3228 responsione
2738 3154 2811 3213 ad
2844 3154 3267 3215 Orientalium
3302 3156 3569 3234 objecta,
3597 3157 3673 3217 ad
3712 3155 3879 3215 Ana—

654 3256 1104 3315 themntismum
1167 3253 1225 3322 9,
1281 3251 1515 3323 Filius,
1569 3250 1802 3327 inquit,
1850 3233 2004 3301 ἴδιον
2041 3249 2181 3318 ἔχων
2217 3251 2256 3301 τί

2325 3251 2383 3316 ἐξ
2421 3250 2606 3313 αὐτοῦ,
2642 3246 2734 3303 καὶ
2778 3252 3055 3314 οὐσιωδῶς
3111 3255 3433 3323 ἐμπεφυκὸς
3480 3256 3628 3325 αὐτῷ
3663 3254 3879 3324 Πνεῦμα

652 3358 827 3424 ἅγιον,
862 3354 1198 3433 proprium
1225 3349 1402 3413 habet
1443 3368 1602 3422 eum,
1659 3351 1766 3427 qui
1807 3370 1884 3409 ex
1932 3351 2067 3428 ipso
2114 3359 2225 3423 est,
2271 3360 2330 3411 et
2384 3350 2889 3412 substantialiter
2911 3354 2963 3413 ei
3000 3353 3192 3426 inest,
3233 3354 3545 3432 Spiritum
3576 3364 3877 3415 sanctum.

654 3458 794 3519 Pari
864 3456 1051 3515 modo
1124 3453 1235 3514 lib.
1291 3468 1481 3512 xuiv
1538 3452 1839 3511 Thesauri
1904 3452 1980 3511 de
2042 3452 2256 3513 eodem

2332 3453 2573 3530 Spiritu
2630 3461 2850 3514 sancto
2893 3454 2980 3516 ait
3019 3476 3033 3514 :
3074 3454 3289 3522 Πρὸεισι
3322 3454 3380 3507 δὲ
3434 3456 3498 3508 ὲκ
3540 3457 3752 3521 [πατρὸς
3788 3455 3880 3508 καὶ

648 3558 805 3613 Tia-3.
841 3553 1259 3632 Progreditur
1297 3561 1499 3610 autem
1535 3569 1613 3610 ex
1646 3550 1834 3609 Patre
1870 3560 1925 3609 et
1984 3550 2192 3617 Filio;
2228 3558 2288 3611 et
2323 3568 2403 3613 tte
2436 3550 2580 3629 quis
2614 3552 2691 3611 de
2725 3552 3181 3631 progressione
3228 3552 3566 3631 temporali
3601 3552 3720 3616 hoc
3779 3554 3878 3616 in-

653 3658 918 3734 telligat,
967 3654 1183 3713 subdit
1215 3668 1359 3711 ρυιιι
1387 3650 1485 3716 τῆς
1518 3651 1668 3711 Θείας
1688 3647 1821 3702 εἶναι
1854 3651 2063 3713 οὐσίας,
2095 3652 2367 3714 οὐσιωδῶς
2396 3653 2450 3703 ὲν
2478 3652 2614 3721 αὐτῇ
2641 3653 2734 3704 καὶ
2756 3653 2816 3717 ἐξ
2844 3654 3015 3723 αὐτῆς
3041 3642 3249 3726 προῖόν,
3284 3654 3524 3716 Βὶυἰηω
3553 3673 3683 3715 εσσε
3742 3656 3882 3719 ενι)-

653 3757 925 3825 stantim,
965 3761 1032 3808 in
1058 3752 1195 3827 ipsa
1220 3757 1275 3806 et
1301 3766 1375 3806 ea:
1403 3748 1541 3823 ipsa
1559 3746 2059 3823 progredientem
2091 3768 2111 3805 :
2145 3757 2210 3806 ut
2245 3749 2510 3824 perinde
2549 3750 2791 3825 Cyrillo
2824 3753 2906 3811 sit
2934 3769 3076 3812 esse
3138 3768 3215 3811 ex
3246 3755 3426 3812 Patre
3466 3760 3527 3815 et
3578 3754 3763 3828 Filio,
3816 3770 3884 3817 ac

658 3874 733 3917 ex
774 3852 1126 3914 substantia
1171 3848 1369 3907 Patris
1410 3855 1470 3906 et
1503 3847 1672 3907 Filii.
1706 3846 1858 3919 Quis
1891 3864 2059 3908 sana:
2097 3848 2328 3907 mentis
2365 3850 2480 3909 hoc
2537 3848 2612 3909 ad
2653 3851 3099 3927 temporariam
3152 3852 3429 3929 Spiritus
3466 3856 3667 3913 sancti
3719 3854 3877 3917 etfu-

656 3956 904 4018 sionem
962 3953 1161 4013 trahat
1192 3954 1219 4010 ?
1248 3952 1361 4010 Par
1420 3949 1567 4009 huic
1602 3956 1698 4010 est
1746 3950 1918 4029 quod
1956 3949 2179 4010 eodem
2212 3949 2254 4010 li

2279 3968 2377 4013 )ro
2407 3951 2494 4011 ait
2534 3970 2548 4007 :
2602 3951 2689 4004 Ἐν
2720 3952 2869 4023 αὑτῷ
2899 3951 3164 4023 (Χριστῳ)
3199 3952 3292 4004 καὶ
3336 3950 3396 4017 ἐξ
3440 3952 3608 4006 αὑτοῦ
3651 3952 3881 4021 φυσικῶς

654 4059 894 4127 ὑπάρχον
921 4055 979 4107 τὸ
1018 4052 1258 4121 Πνεῦμα,
1285 4052 1352 4112 in
1384 4051 1519 4129 ipso
1554 4050 1848 4129 (Christo)
1875 4058 1933 4111 et
1955 4069 2033 4110 ea:
2064 4052 2199 4127 ipso
2226 4070 2256 4111 τι

2281 4054 2607 4115 aturaliter
2638 4056 2888 4117 exsistit
2917 4055 3199 4134 Spiritus
3226 4066 3484 4118 sanctus
3505 4080 3523 4126 ;
3548 4071 3607 4121 et
3640 4079 3655 4116 :
3701 4066 3883 4132 Ἀνάγ-

651 4185 720 4236 κη
764 4168 824 4219 το
876 4164 1098 4234 Πνεῦμα
1132 4164 1228 4231 τῆς
1267 4162 1454 4224 οὐσίας
1490 4161 1775 4231 ὁμολογεῖν
1808 4161 1903 4214 τοῦ
1966 4159 2125 4224 Υἱοῦ,
2154 4163 2229 4224 ὡς
2258 4164 2365 4233 γὰρ
2415 4163 2472 4229 ἐξ
2504 4147 2667 4218 αὐλοῦ
2710 4166 2851 4218 κατὰ
2884 4165 3045 4233 φύσιν
3074 4166 3338 4237 ὑπάρχον,
3370 4178 3613 4221 necesse
3667 4168 3754 4218 est
3791 4160 3882 4239 [ατ

654 4262 776 4322 teri
820 4260 1130 4336 Spiritum
1158 4264 1438 4314 sanctum
1470 4274 1594 4314 esse
1634 4254 1900 4335 ejusdem
1930 4274 2067 4315 cum
2092 4256 2259 4316 Filio
2296 4256 2663 4317 substantiae
2688 4280 2707 4318 :
2734 4277 2877 4317 nam
2908 4268 2978 4318 ut
3032 4272 3111 4317 ex
3138 4260 3277 4336 ipso
3307 4260 3691 4320 naturaliter
3725 4261 3883 4321 exsi-

654 4373 847 4433 stens,
881 4368 1001 4419 etc.
1040 4358 1118 4435 (a)
1153 4357 1397 4416 Similia
1425 4356 1605 4416 habet
1643 4358 1896 4434 dialogo
1924 4375 1965 4426 ι,
2005 4358 2092 4415 De
2110 4348 2286 4415 Trin.
2324 4359 2397 4415 Et
2430 4356 2493 4415 in
2530 4357 2867 4418 Comment.
2912 4359 2977 4417 in
3005 4359 3443 4428 Joann'emait,‘
3474 4375 3625 4421 eum
3661 4378 3695 4423 a
3725 4361 3880 4424 Filio

655 4459 800 4517 κατὰ
828 4458 987 4526 φύσιν
1019 4454 1359 4524 προχεῖσθαι,
1390 4456 1727 4512 secundum
1761 4470 2076 4525 naturam,
2119 4470 2233 4514 seu

2279 4455 2650 4514 naturaliter
2675 4455 3009 4535 profundi.
3063 4457 3359 4534 Denique
3393 4466 3459 4520 ut
3489 4436 3713 4525 caetera
3750 4479 3881 4542 quae

659 4554 856 4629 multa
913 4568 1087 4627 sunt,
1153 4556 1517 4617 testimonia
1554 4564 1947 4632 praeteream,
2001 4560 2505 4635 peremptorium
2566 4561 2820 4622 videtur
2861 4580 3002 4625 esse
3043 4564 3203 4627 illud
3260 4568 3432 4647 quod
3476 4568 3667 4631 habet
3710 4568 3880 4628 Com-

658 4674 844 4728 ment.
890 4662 997 4721 lib.
1030 4678 1089 4731 ι,
1125 4662 1190 4719 in
1221 4661 1545 4728 Joannem,
1584 4658 1693 4720 ubi
1730 4667 2064 4738 postquam
2099 4660 2260 4721 dixit

2295 4664 2372 4723 de
2406 4662 2647 4739 Spiritu
2682 4674 2923 4740 sancto,
2963 4668 3117 4723 Ἐστι
3144 4670 3364 4741 πνεῦμα
3386 4668 3627 4742 Χριστοῦ
3648 4672 3744 4725 καὶ
3771 4669 3883 4733 νοῦς

656 4770 847 4838 αὑτοῦ,
892 4774 978 4825 est
1006 4765 1277 4843 spiritus
1301 4763 1540 4825 Christi
1564 4772 1618 4822 et
1645 4781 1808 4821 mens
1837 4763 2041 4841 ipsius
2077 4762 2246 4842 (quae
2280 4766 2374 4825 vel
2405 4764 2538 4825 sola
2574 4766 2759 4827 verba
2793 4769 2945 4830 satis
2970 4789 3114 4834 esse
3146 4772 3456 4834 deberent
3482 4774 3562 4833 ad
3594 4780 3880 4834 astruen-

658 4868 799 4927 dam
846 4871 1134 4948 ejusdem
1168 4885 1198 4928 a
1237 4866 1400 4927 Filio
1436 4865 1909 4944 processionem
1952 4888 1966 4927 :
2001 4868 2324 4945 quomodo
2361 4868 2535 4929 enim
2585 4888 2751 4929 mens
2783 4872 2914 4951 ejus
2955 4882 3075 4947 est,
3128 4875 3181 4935 si
3215 4875 3293 4934 ab
3345 4874 3486 4950 ipso
3529 4889 3659 4932 non
3710 4870 3883 4945 esu),

661 4969 849 5045 paulo
908 4982 1041 5047 post
1073 4970 1341 5030 subdit:
1389 4968 1473 5027 Ὠς
1510 4968 1724 5038 πνεῦμα
1782 4967 1967 5033 αὐτοῦ,
2018 4970 2263 5040 καθάπερ

2297 4969 2497 5039 ἀρτίως
2548 4972 2875 5041 εἰρήκαμεν,
2928 4974 3025 5025 καὶ⁵
3076 4973 3234 5035 εἰδὼς
3276 4973 3573 5034 ἀδιδάκτως
3628 4972 3883 5029 πάντατὰ

661 5077 873 5148 (αὐτοῦ)
916 5079 971 5141 ἐξ
1008 5073 1067 5130 οὗ
1096 5080 1185 5131 καὶ
1226 5082 1281 5130 ἐν
1310 5072 1463 5149 ᾧπέρ
1491 5080 1626 5145 ἐστι,
1652 5078 1717 5131 τὰ
1756 5078 1873 5130 θεῖα
1902 5080 2012 5141 τοῖς
2050 5079 2224 5145 ἁγίοις

2281 5079 2646 5132 ἱποκαλύπτει
2674 5084 2967 5151 μυστήρια,
3000 5083 3291 5150 tanquam
3336 5072 3617 5149 Spiritus
3669 5072 3883 5151 ipsius,

658 5174 757 5233 uti
789 5170 963 5231 modo
998 5173 1367 5242 dicebamus,
1400 5185 1456 5234 et
1492 5184 1558 5232 ut
1589 5191 1987 5250 cognoscens,
2020 5176 2258 5232 nemine
2290 5173 2573 5245 docente,
2607 5175 2810 5232 omnia
2841 5194 2974 5252 quce
3001 5184 3147 5234 sunt
3179 5175 3333 5255 ejus,
3360 5193 3438 5235 ea:
3460 5193 3577 5254 quo
3604 5186 3658 5236 et
3688 5178 3753 5238 in
3780 5188 3885 5255 quo

664 5287 775 5349 est,
806 5276 1020 5335 divina
1055 5275 1287 5333 sanctis
1348 5274 1639 5348 mysteria
1681 5274 2003 5349 patefacit.
2035 5269 2266 5331 Audin'

2287 5315 2302 5343 ,
2356 5271 2687 5346 Photiane,
2709 5274 2767 5338 ἐξ
2792 5269 2850 5328 οὗ
2874 5278 2962 5327 καὶ
2994 5278 3051 5328 ἐν
3076 5273 3227 5345 ᾧπέρ
3248 5279 3381 5341 ἐστι.
3409 5296 3489 5339 ea:
3533 5296 3651 5358 quo
3720 5288 3774 5340 et
3831 5278 3886 5337 in

662 5399 779 5460 quo
804 5392 891 5442 est
924 5402 941 5449 ;
971 5388 1031 5441 et
1072 5378 1277 5441 adhuc
1322 5375 1669 5438 sustinebis
1704 5392 1779 5436 ex
1803 5392 1877 5436 eo
1910 5391 2033 5435 non
2066 5390 2230 5447 esse,
2265 5391 2381 5437 seu
2416 5391 2538 5436 non
2586 5382 2977 5456 procedere?

742 5653 819 5721 (a)
852 5654 1020 5735 Quam
1076 5657 1473 5735 νρειξπιηίὶξζείιιοΔ
1508 5656 1853 5735 adversatur
1883 5654 2225 5735 Tlieppliyla-
2340 5655 2456 5735 τοῦ,
2510 5659 2769 5735 συγγενὲς
2819 5659 2947 5735 γᾴρ.
3010 5660 3232 5735 Dicitur,
3269 5658 3505 5735 Spiritus
3532 5656 3765 5735 Christi,
3800 5669 3886 5706 sca

668 5733 814 5803 etus,
848 5726 980 5803 dum
1007 5742 1160 5803 nunt.
1197 5726 1259 5803 ιιξ
1295 5726 1368 5782 an
1404 5748 1415 5782 :
1449 5726 2229 5803 Aéystat_ﬂye§p1_Xptatob,

2341 5730 2465 5794 quia
2496 5745 2559 5782 ex
2594 5731 2707 5803 ipso
2735 5732 2992 5799 proﬂuit;
3027 5736 3114 5787 sed
3145 5734 3269 5803 quia
3298 5726 3546 5801 proprius
3593 5728 3742 5783 illius
3788 5736 3884 5787 σειν

667 5793 787 5851 ἀλλ’
819 5794 916 5863 οὐχ
953 5793 1027 5857 ὼς
1059 5797 1117 5860 ἐξ
1147 5799 1354 5851 ἐκείνου
1402 5793 1611 5868 προϊὸν,
1662 5796 1777 5852 ἀλλ’
1808 5793 1882 5862 ibi
1906 5793 2103 5852 οἰκεῖον
2131 5799 2229 5851 αὺ-

1287 5816 1354 5850 ιου
1402 5793 1611 5868 προϊὸν,
1662 5796 1777 5852 ἀλλ’
1808 5793 1882 5862 ibi
1906 5793 2103 5852 οἰκεῖον
2131 5799 2229 5851 αὺ-
2341 5811 2591 5867 cognatus
2615 5793 2763 5855 enim
2793 5793 2889 5855 eit.
