4056 6340
161 367 268 440 '45?
865 373 867 375 ‘
1026 375 1103 432 IN
1147 375 1578 447 SEQUENTIA
1620 378 1763 437 THE

1813 379 2205 449 lPIlYLACTl
2231 377 2565 442 SCRU’TA.
2970 407 2973 409 ·
3312 385 3415 448 4ῖὸ

355 486 617 547 Sanctus
652 483 1109 570 Basiliasﬂnec
1160 485 1343 544 habet
1394 485 1498 547 lib.
1558 503 1627 548 In
1686 498 1849 545 conti

1817 498 1908 544 ira
1967 489 2344 550 Eunemium
2381 514 2396 550 .·
2469 501 2762 570 Ἀξιώματι
2806 502 2906 571 μὲν
2962 503 3300 576 δευτερεύειν
3338 508 3419 576 (τὸ

170 587 426 656 Πνεῦμα)
462 587 553 640 τοῦ
575 586 741 647 -Υῐοῦ,
778 586 906 656 παρ’
932 585 1094 638 αὐτοῦ
1123 587 1182 638 τὸ
1213 581 1351 638 εἶναι
1407 583 1550 656 sxa»,
1602 588 1697 641 καὶ
1753 589 1882 658 παρ’
1916 591 2079 642 αὑτοῦ
2120 589 2421 661 λαιμὸέινον,⁴
2455 595 2549 646 καὶ
2585 595 2920 663 ἀναγγέλλον
2949 598 3083 667 ᾑμῖν
3145 601 3238 650 καὶ
3286 600 3415 657 ὅλως

172 691 272 758 τῆς
318 685 499 752 αἰτίας
530 691 743 758 ἐκείνης
772 691 1078 759 ἐξημμένον
1106 688 1474 756 παραδίδωσιν
1531 689 1660 749 ista;
1690 690 1719 741 ὁ
1743 707 1766 741 ε

1815 691 2025 754 σεϐείας
2071 691 2249 758 λόγος,
2277 686 2588 762 Spiritum
2643 699 2924 747 sanctum
2978 689 3282 766 dignitate
3330 711 3417 751 sc-

175 786 454 848 cundum
490 805 617 846 esse
648 805 685 844 a
709 784 906 858 Filio,
944 793 1015 844 ut
1052 787 1163 862 qui
1194 802 1319 842 esse
1351 784 1425 843 ab
1454 783 1563 844 illo
1601 783 1846 856 habeat,
1884 794 1940 843 et
1979 786 2055 845 ab
2099 789 2236 864 ipso
2267 789 2562 860 arcipint,
2595 797 2652 846 et
2682 790 2931 849 omnino
2966 808 3046 850 ex
3095 791 3204 850 illa
3233 812 3418 852 causa

171 886 738 967 pendeat,pietatis
767 901 964 943 sermo
995 886 1264 961 fortasse
1297 882 1516 944 tradit.
1539 885 1838 962 Enquam
1869 867 2034 944 clare
2056 888 2326 964 Magnus
2348 886 2620 947 Basilius
2639 886 2864 966 dogma
2892 889 3262 951 Latinorum
3297 899 3418 951 tra-

176 991 636 1070 dit.Equidem
657 991 905 1049 Marcus
934 987 1297 1064 Ephesinus
1325 987 1388 1046 in
1424 986 1700 1050 concilio
1725 987 2292 1057 Florentino,cum
2326 1005 2452 1051 non
2483 990 2657 1048 aliud
2693 991 2864 1068 quod
2898 990 2971 1050 ad
3001 992 3266 1051 evidens
3300 992 3420 1053 hoc

183 1091 605 1167 responderet
637 1086 1104 1159 testimonium,
1140 1086 1234 1146 illi
1269 1094 1664 1164 suppeteret,
1703 1103 1929 1164 magna
1981 1085 2394 1148 contentione
2435 1087 2764 1159 sustinuit,
2800 1095 3040 1149 textum
3091 1091 3261 1150 hunc
3302 1090 3417 1152 fal-

183 1203 394 1256 satum
429 1202 488 1253 et
526 1192 977 1271 interpolatum
1012 1207 1176 1251 esse.
1211 1191 1330 1250 Sed
1370 1197 1607 1267 quanta
1643 1191 1917 1270 injuria!
1956 1194 2132 1264 Nam,
2179 1198 2257 1251 ut-
2281 1195 2562 1254 Joannes
2594 1195 2809 1272 Niger,
2844 1196 2956 1273 qui
2992 1188 3414 1258 illud'atlule-

187 1310 301 1369 rat,
351 1296 644 1372 regessit,
681 1296 881 1355 codex
916 1295 1085 1353 unde
1118 1294 1536 1370 depromptus
1579 1302 1697 1367 est,
1759 1298 2018 1370 optimae
2052 1302 2216 1355 notae
2251 1303 2407 1366 erat,
2463 1297 3023 1376 ConstantinOpoli
3052 1315 3086 1358 a
3116 1299 3417 1361 cardinali

181 1400 442 1456 Cusano
463 1394 786 1465 advectus,
818 1392 877 1450 in
915 1390 1325 1462 membranis,
1355 1391 1676 1452 sexcentis
1698 1398 1845 1451 ante
1877 1392 2222 1452 concilium
2249 1392 2690 1453 Florentinum
2714 1395 2926 1468 annis,
2958 1397 3252 1474 adeoque
3275 1409 3424 1460 ante

177 1507 482 1564 exortum
513 1497 764 1555 Graecos
797 1488 963 1553 inter
988 1509 1060 1553 ac
1101 1493 1355 1559 Latinos
1398 1494 1512 1553 hac
1547 1496 1625 1552 de
1687 1511 1752 1553 re
1779 1493 2157 1568 dissidium,
2215 1501 2532 1555 exaratus.
2569 1495 2746 1556 Unde
2787 1513 2940 1573 ergo
2991 1501 3422 1576 correptionis

182 1598 478 1674 suspicio
505 1600 531 1656 ?
560 1596 681 1671 Sed
712 1595 924 1672 plures
955 1594 1212 1654 codices
1255 1593 1337 1652 ita
1360 1609 1488 1654 non
1522 1592 1778 1667 habent,
1813 1595 2175 1672 Opponebat
2204 1594 2592 1671 Ephesinus.
2625 1595 2793 1669 Quid
2822 1597 2997 1668 inde,
3031 1599 3086 1658 si
3121 1599 3427 1661 vetustio-

179 1717 285 1760 res
319 1706 384 1759 et
418 1706 561 1758 ante
585 1696 860 1757 schisma
893 1693 1232 1770 conscripti
1271 1701 1513 1755 textum
1548 1702 1616 1754 ut
1667 1695 2002 1758 attulimus
2037 1697 2579 1759 exhibeant?-Alii
2633 1717 2804 1772 vero,
2846 1719 3237 1782 quocunque
3293 1719 3421 1766 nu-

185 1815 364 1857 mero
397 1797 546 1868 sint,
574 1811 605 1854 a
634 1793 952 1855 Photianis
981 1785 1193 1870 potius
1209 1795 1553 1869 dataopera
1582 1795 1870 1870 corrupti
1893 1796 2151 1856 dicendi
2193 1803 2370 1870 sunt,
2406 1815 2481 1858 eo
2510 1799 2742 1879 majore
2778 1799 3220 1878 fundamento,
3251 1807 3422 1884 quod

182 1908 335 1960 sunt
366 1914 589 1958 omnes
625 1902 764 1974 post
797 1890 1088 1957 exortum
1117 1893 1393 1955 schisma
1417 1895 1714 1964 confecti,
1753 1903 1811 1954 et
1847 1894 1908 1955 in
1962 1898 2294 1959 nonnullis
2343 1900 2532 1960 verba
2577 1902 2854 1978 dogmati
2889 1912 3109 1965 nostro
3150 1891 3427 1968 faventia

179 1995 393 2057 cultro
430 2011 606 2056 erasa
632 1993 1029 2071 deprehensa
1076 1999 1250 2052 sunt.
1287 1991 1488 2062 Adde,
1553 1999 1796 2052 textum
1837 1991 2030 2065 hunc,
2065 2002 2250 2070 prout
2296 2010 2330 2054 a
2369 1995 2553 2056 nobis
2582 1996 2865 2070 affertur,
2905 1997 3061 2058 nihil
3097 2002 3428 2064 continere

183 2091 360 2174 quod
402 2112 546 2156 cum
584 2094 852 2172 reliquis
883 2093 1095 2170 Magni
1132 2091 1351 2152 Basilii
1387 2093 1577 2153 dictis
1606 2100 1843 2170 pugnet
1885 2108 1898 2150 :
1941 2092 2177 2171 pugnat
2225 2101 2462 2167 autem,
2495 2105 2560 2154 ut
2592 2113 2623 2156 a
2662 2097 2990 2159 Photianis
3042 2100 3301 2178 legitur.
3339 2107 3426 2166 Ita

185 2197 359 2257 enim
397 2197 618 2275 legunt
647 2195 769 2266 illi,
804 2203 872 2256 ut
906 2209 1317 2272 consequens
1361 2193 1549 2265 foret,
1605 2212 1751 2255 eum
1787 2195 2057 2256 dubium
2091 2196 2380 2269 haesisse,
2412 2217 2490 2260 an
2515 2200 3079 2274 Spiritussanctus
3115 2206 3425 2268 dicendus

185 2297 264 2356 sit
300 2296 636 2357 secundus
668 2291 979 2373 dignitate
1011 2312 1044 2354 a
1091 2294 1256 2355 Filio
1291 2304 1351 2356 et
1383 2311 1412 2353 a
1448 2296 1623 2353 Patre
1659 2295 1885 2354 tertius
1915 2317 1929 2354 :
1961 2313 2106 2356 cum
2147 2305 2356 2357 tamen
2395 2297 2797 2374 exploratum
2830 2301 2933 2376 sit,
2963 2290 3177 2379 ipsum
3200 2303 3314 2365 hac
3346 2305 3424 2364 de

185 2414 252 2457 re
284 2396 618 2456 dubitasse
653 2407 1021 2474 nunquam;
1049 2391 1573 2474 quandoquidem
1606 2396 1751 2454 cum
1778 2393 1925 2454 aliis
1961 2394 2026 2455 in
2059 2394 2244 2468 locis,
2277 2404 2411 2458 tum
2460 2399 2814 2473 praesertim
2851 2400 2914 2458 in
2952 2401 3073 2460 line
3134 2403 3428 2478 epistola)

185 2495 678 2567 trecentesimte,
708 2495 1159 2568 ad‘canonicas,
1181 2497 1266 2556 ait
1287 2494 1462 2556 nefas
1488 2511 1653 2567 esse,
1687 2495 1994 2572 Spiritum
2010 2506 2298 2567 sanctum
2318 2505 2461 2557 ante
2483 2497 2720 2557 Filium
2744 2497 3079 2571 collocare,
3105 2508 3220 2562 aut
3243 2501 3428 2566 aliter

187 2615 379 2677 quam
425 2595 652 2658 ordine
694 2599 953 2661 tertium
987 2617 1020 2660 a
1049 2601 1226 2659 Patre
1265 2616 1279 2654 :
1312 2593 1481 2673 quod
1537 2601 1598 2654 et
1638 2595 1749 2655 alii
1793 2597 2006 2655 Patres
2043 2595 2425 2682 docuerunt.
2475 2595 2828 2656 lnsititium
2864 2598 3061 2675 igitur
3103 2612 3196 2660 est
3264 2602 3424 2665 illud

183 2706 341 2770 (πως,
368 2698 663 2777 fortasse,
693 2704 863 2777 quod
899 2707 1037 2778 post
1069 2705 1453 2776 παραδίδωσιν,
1499 2694 1718 2768 tradit,
1753 2695 1785 2771 i}

1823 2694 1875 2754 si
1899 2693 2141 2773 legunt.
2173 2697 2292 2757 Sed
2314 2699 2367 2758 si
2397 2697 2514 2757 hoc.
2540 2705 2741 2758 ratum
2772 2699 3098 2773 habeatur,
3118 2708 3184 2761 ut
3212 2701 3424 2769 haberi

194 2801 418 2872 procul
455 2803 648 2862 dubio
685 2800 898 2873 debet,
929 2796 1026 2857 vel
1068 2813 1142 2857 ex
1168 2795 1289 2857 hoc
1311 2795 1521 2856 solum
1566 2795 2002 2857 verosimilius
2037 2796 2122 2862 fit.
2159 2805 2566 2857 controversa
2601 2799 2787 2858 verba
2844 2813 2991 2858 eum
3031 2799 3428 2868 addidisse;

188 2913 333 2957 cum
373 2901 470 2961 vel
514 2919 593 2962 ex
640 2900 758 2960 hoc
816 2896 956 2958 selo
982 2895 1217 2957 invicte
1249 2897 1724 2957 demonstretur
1777 2895 1921 2973 ejus
1957 2897 2274 2958 sententia
2312 2896 2513 2956 fuisse
2546 2896 2853 2973 Spiritum
2882 2903 3177 2956 sanctum.
3203 2898 3359 2957 item
3391 2912 3428 2958 ει

192 2997 360 3058 Filio
405 3002 788 3076 procedere:
826 3012 952 3057 non
987 2996 1160 3056 enim
1196 2995 1327 3056 ulla
1354 2995 1569 3055 divina
1607 3011 1880 3071 persona
1922 3011 2063 3057 esse
2123 3002 2327 3071 potest
2381 2996 2664 3058 secunda
2731 2997 2826 3058 vel
2883 2998 3065 3059 tertia
3097 3008 3270 3075 τάξει,
3315 3018 3425 3060 or-

186 3096 472 3168 dine,vel
505 3097 798 3167 ὰξεώματιέ
835 3096 1166 3175 dignitate,
1199 3097 1277 3158 ab
1309 3095 1454 3166 alia,
1489 3095 1613 3154 nisi
1647 3096 1724 3154 ab
1756 3095 1891 3173 ipsa
1924 3096 2222 3172 procedat
2260 3113 2271 3154 :
2311 3112 2463 3157 sane
2498 3113 2624 3162 non
2663 3097 2861 3159 alium
2889 3100 3184 3161 ordinem
3218 3103 3279 3162 in
3316 3103 3420 3163 di-

196 3200 364 3258 vinis
401 3207 753 3274 agnoscunt
790 3196 1084 3257 catholici
1116 3197 1406 3257 doctores
1432 3201 1491 3255 et
1517 3197 1756 3255 Patres.

248 3302 334 3377 ,6.
372 3303 436 3360 S.
475 3298 858 3359 Athanasius
898 3296 1148 3357 inlibro
1198 3297 1286 3355 De
1309 3297 1575 3356 humana
1598 3304 1828 3355 natura

1826 3338 1828 3346 ι
1855 3305 2142 3375 suscepta
2172 3297 2282 3368 ait,
2317 3297 2554 3359 Filium
2579 3316 2720 3362 esse
2755 3310 2935 3381 πηγὴν
2957 3310 3049 3362 τοῦ
3080 3311 3233 3377 ἁγίου
3260 3312 3428 3365 Πιθεύ-

197 3427 390 3482 ματος,
418 3403 652 3479 fontem
698 3399 980 3476 Spiritus
1036 3398 1259 3458 sancti.
1313 3397 1410 3457 Sic
1447 3405 1507 3457 et
1564 3396 1672 3455 alii
1734 3397 1946 3456 Patres
1992 3395 2218 3458 Graeci.
2282 3397 2534 3457 Certum
2587 3408 2799 3468 autem
2845 3408 2941 3460 est
3003 3401 3170 3476 apud
3211 3402 3427 3462 Patres

192 3513 402 3582 πηγὴν,
445 3504 700 3578 fontem,
739 3497 1000 3573 perinde
1023 3486 1172 3558 esse
1209 3513 1279 3556 ac
1310 3505 1503 3566 αἴτιον,
1546 3495 1957 3569 principium.
1991 3496 2205 3568 Quare
2238 3503 2298 3554 et
2332 3494 2716 3555 Athanasius
2741 3496 2879 3570 ipse
2911 3505 3068 3557 orat.
3113 3517 3180 3570 ll,
3208 3508 3429 3561 contra

196 3607 474 3666 Arianos
531 3603 774 3661 Patrem
831 3605 1007 3658 vocat
1042 3595 1245 3664 πηγὴν,
1278 3595 1511 3670 fontem
1567 3589 1716 3650 Filii
1746 3607 1760 3662 ;
1795 3597 1857 3650 et
1890 3592 2168 3681 Basilius
2204 3594 2505 3666 eumdem
2532 3601 2774 3670 panem
2809 3599 3125 3658 essetnam
3157 3609 3312 3677 ῥίζαν
3338 3611 3433 3663 καὶ

199 3711 405 3778 πηγὴν,
448 3700 718 3759 radicem
755 3706 810 3756 et
837 3699 1093 3775 fontem,
1126 3694 1400 3772 Spiritus
1433 3692 1659 3753 sancti.
1690 3690 1863 3750 Idem
1897 3693 1958 3752 S.
1987 3695 2164 3753 Pater
2221 3695 2288 3754 in
2322 3694 2512 3771 epist,
2547 3709 2629 3771 ad
2646 3698 3082 3774 Serapionem,
3104 3700 3191 3760 ait
3223 3702 3426 3781 Spiri-

200 3813 337 3863 tum
371 3809 656 3860 sanetum
691 3799 820 3872 ἶδιεν
839 3793 978 3850 εἶναι
1003 3798 1123 3848 κατ’
1157 3795 1344 3849 οὐσίαν
1367 3793 1457 3847 τοῦ
1477 3792 1632 3856 Υἱοῦ,
1659 3809 1802 3869 pro]

1832 3791 1995 3852 rium
2023 3811 2149 3853 esse
2178 3791 2514 3854 secundum
2543 3799 2957 3861 mbstantiam
2987 3800 3176 3869 Filii;
3205 3817 3280 3862 ex
3303 3821 3434 3881 quo

203 3905 389 3983 plane
423 3905 865 3984 consequitur,
905 3920 1053 3965 eum
1098 3909 1314 3964 nostro
1374 3883 1655 3977 degmati
1691 3895 2060 3966 adhmsisse,
2102 3885 2427 3973 siquidem
2460 3898 2748 3958 oratione
2796 3915 2837 3956 ιι
2874 3898 3072 3976 (juxta
3096 3900 3347 3981 aliquos
3383 3907 3432 3983 ι)

201 4016 427 4065 contra
457 3988 727 4064 Arianbs
753 4005 864 4066 hac
899 4005 1145 4078 ratione
1181 4001 1402 4080 probat
1432 3998 1670 4058 Filium
1705 4012 1844 4055 esse
1881 4013 1958 4055 ex
1989 3998 2122 4054 Deo
2156 3995 2405 4074 (Patre),
2444 4003 2505 4056 et
2539 3997 2600 4054 in
2643 3999 2798 4056 Deo.
2840 4000 3046 4061 Verba
3071 4003 3208 4079 ejus
3238 4017 3427 4065 sunt:

211 4116 438 4183 Ἐπειδὴ
484 4117 593 4184 γὰρ
619 4117 645 4168 ὁ
694 4115 863 4182 Aere“;
930 4117 1078 4168 ἐστὶν
1105 4114 1243 4172 ἴδιος
1287 4114 1446 4179 φύσει
1480 4111 1578 4177 τῆς
1622 4113 1810 4174 οὐσίας
1873 4108 1961 4162 τοῦ
1989 4108 2146 4168 Θεοῦ,
2178 4107 2236 4170 ἐξ
2270 4106 2435 4159 αὐτοῦ
2457 4110 2513 4159 τέ
2540 4111 2677 4172 ἐστι,
2710 4109 2802 4162 καὶ
2831 4113 2890 4163 ἐν
2915 4112 3084 4185 αὐτῷ.
3125 4105 3431 4178 Quoniam

202 4209 408 4286 igitur
438 4206 696 4265 Verbum
718 4208 1057 4283 proprium
1090 4213 1175 4263 est
1206 4212 1440 4263 natura
1465 4202 1828 4263 substantia
1857 4202 1992 4271 Dei,
2037 4209 2089 4257 et
2124 4217 2200 4258 ea:
2228 4201 2363 4276 ipso
2402 4209 2510 4270 est,
2548 4201 2687 4259 etin
2722 4201 2882 4277 ipso.
2923 4203 3040 4263 Sed
3104 4203 3429 4266 Athanasii

205 4325 388 4368 mens
417 4307 622 4367 adhuc
652 4305 888 4366 clarius
929 4303 1311 4378 perspicitur
1343 4321 1418 4361 ex
1446 4318 1522 4362 eo
1556 4305 1724 4380 quod
1763 4303 2028 4362 homilia
2060 4300 2095 4358 lt
2127 4299 2326 4377 (juxta
2349 4301 2598 4360 Graecos
2632 4298 2690 4379 3)
2726 4312 2949 4362 contra
3000 4303 3268 4364 Arianos
3293 4307 3377 4368 ait
3417 4331 3430 4367 :

202 4415 371 4474 Αὐτὸς
414 4409 583 4477 (Υἱὸς)
631 4407 760 4475 γὰρ,
798 4405 986 4474 ὥσπερ
1017 4403 1338 4473 εἴρηται,τὸ
1375 4404 1596 4472 Πνεῦμα
1640 4403 1819 4455 δίδωσι
1853 4417 1866 4433 ’
1907 4403 1998 4455 καὶ
2038 4402 2138 4453 ὅσα
2201 4402 2313 4469 ἔχει
2343 4401 2402 4453 τὸ
2450 4402 2693 4470 Πνεῦμα,
2734 4403 2906 4457 ταῦτα
2963 4407 3114 4474 παρὰ
3133 4407 3223 4459 τοῦ
3250 4406 3424 4473 Λόγου

203 4508 338 4574 ἔχει,
379 4503 511 4576 ipse
543 4501 697 4558 enim
727 4497 1006 4576 (Filius),
1037 4508 1103 4556 ut
1136 4495 1370 4556 dictum
1414 4505 1526 4569 est,
1567 4495 1674 4555 dat
1706 4498 2014 4574 Spiritum
2063 4505 2380 4589 sanctum;
2442 4504 2495 4554 et
2537 4513 2904 4575 quacunque
2937 4499 3114 4558 habet
3154 4501 3433 4578 Spiritus

206 4610 488 4670 sanctus,
544 4617 615 4657 ca
661 4618 697 4657 a
757 4597 948 4658 Verbo
1019 4598 1278 4688 accipit.
1315 4597 1469 4656 Cum
1526 4613 1674 4655 vero
1713 4596 1987 4668 Spiritus
2045 4602 2301 4654 sanctus
2361 4594 2427 4653 in
2496 4594 2719 4671 primis
2776 4595 2998 4656 habent
3056 4607 3334 4660 naturam
3372 4616 3432 4664 et

203 4700 579 4769 essentiam,
647 4700 794 4777 quis
851 4699 1143 4760 dubitare
1215 4705 1419 4774 potest
1468 4696 1626 4773 quin
1690 4695 2077 4754 Athanasius
2144 4695 2444 4768 senserit,
2514 4695 2675 4754 hanc
2729 4711 2873 4753 eum
2935 4712 2970 4769 a
3032 4697 3198 4759 Fitie
3253 4720 3432 4765 recc-

205 4801 423 4878 pisse?

284 4906 343 4963 7.
389 4905 452 4963 S.
495 4905 770 4964 Joannes
803 4901 1324 4979 Chrysostomus,
1349 4915 1462 4957 seu
1497 4897 1664 4958 alius
1690 4904 1982 4960 vetustus
2015 4905 2235 4959 auctor
2267 4895 2548 4957 homiliaa
2577 4897 2663 4954 De
2696 4897 3128 4960 incarnatione
3159 4903 3432 4978 Domini,

205 5023 396 5084 quam
457 5005 907 5082 Chrysostomo
960 5003 1183 5062 tribuit
1239 5002 1502 5063 Photius
1559 5004 1700 5063 cod.
1759 5006 1807 5062 2‘

1828 5009 1900 5080 l7,
1947 5016 2004 5067 Ὀ
2038 5012 2293 5081 Χριστὸς,
2327 5001 2576 5079 inquit,
2644 5009 2844 5063 ἔδωκεν
2897 5015 3029 5082 ἡμῖν
3061 5016 3120 5066 τὸ
3182 5017 3238 5081 ἐξ
3271 5017 3430 5069 αὑτοῦ

206 5110 454 5178 Πνεῦμα,
490 5109 773 5169 Christus
801 5104 971 5164 dedit
997 5103 1179 5162 nobis
1209 5103 1522 5179 Spiritum
1551 5115 1858 5176 sanctum,
1888 5107 1996 5182 qui
2028 5124 2106 5163 ex
2138 5105 2274 5180 ipso
2310 5110 2422 5160 est.
2480 5104 2858 5165 Anastasius
2909 5107 3172 5180 Sinaita,
3205 5109 3432 5167 Antio-

207 5211 456 5272 chenus
493 5209 855 5285 episc0pus,
881 5205 946 5264 in
974 5200 1181 5282 prim'o
1214 5205 1299 5262 De
1327 5205 1517 5264 rectis
1546 5203 1809 5280 dogmati

1828 5205 1935 5264 llus
1973 5225 1990 5262 :
2023 5213 2132 5263 Καὶ
2167 5212 2273 5280 μὴν
2298 5214 2324 5262 ὁ
2355 5211 2562 5279 Κύριος
2591 5213 2804 5275 δεικνὺς
2830 5216 2960 5266 αὐτὸ
2982 5215 3038 5279 ἐξ
3066 5214 3229 5266 αὑτοῦ
3262 5216 3430 5284 ὑπάρ-

208 5341 343 5394 χειν,
373 5321 634 5388 ἐμφυσῶν
657 5322 768 5379 τοῖς
799 5318 1070 5386 μαθηταῖς
1121 5315 1296 5380 ἔλεγε,
1326 5316 1545 5368 Λάϐετε
1576 5316 1810 5383 Πνεῦμα

1840 5316 2029 5382 ἅγιον.
2071 5306 2150 5362 At
2189 5322 2333 5362 vero
2393 5304 2690 5365 Dominus
2741 5308 3068 5366 ostendens
3101 5325 3176 5365 ex
3212 5320 3426 5368 semet-

210 5422 343 5494 ipso
388 5411 698 5488 Spiritum
728 5409 1052 5477 exsistere,
1082 5404 1413 5486 insui/laus
1445 5405 1775 5482 discipulis
1798 5404 1966 5465 dixit
1999 5424 2015 5464 :
2049 5428 2075 5458 «
2107 5403 2389 5480 Accipite
2426 5404 2736 5481 Spiritum
2771 5415 3074 5463 sanctum.
3111 5427 3137 5458 »
3166 5407 3434 5471 Demum

211 5521 272 5578 S.
307 5518 586 5592 Symeon
613 5509 1068 5585 Metaphrastes
1101 5508 1163 5580 in
1205 5505 1512 5594 martyrio
1536 5505 1597 5565 S.
1634 5505 1813 5581 Dion.

1833 5506 1926 5564 'Sli
1961 5527 1974 5564 :
2009 5514 2081 5564 Τὸ
2116 5513 2551 5580 ἐκπορευόμενον
2585 5514 2749 5566 αὐτοῦ
2783 5512 3006 5580 Πνεῦμα
3064 5516 3155 5567 ἐπὶ
3211 5520 3275 5585 τῇ
3327 5519 3435 5571 τῶν

214 5623 461 5679 ἀπίστων
489 5613 653 5666 ἐθνῶν
677 5611 1028 5680 κατατξέμπει
1095 5612 1205 5671 τοῖς
1241 5608 1507 5681 μαθηταῖς
1537 5611 1746 5681 ὁδηγίᾳ,
1781 5605 1816 5664 C

1833 5606 2068 5665 hristus
2099 5601 2528 5680 procedentem
2561 5623 2596 5661 a
2622 5622 2684 5662 se
2713 5603 3022 5679 Spiritum
3052 5606 3131 5668 ad
3165 5609 3435 5672 inﬁdeles

215 5706 597 5778 deducendas
632 5712 865 5781 gentes,
899 5703 966 5762 in
994 5699 1341 5778 discipulos
1385 5704 1685 5763 immittit.
3220 5703 3222 5705 ’
3351 5700 3360 5706 ’

554 5812 832 5878 ,ΡΑσιιιοιη
877 5811 991 5868 Gn.
1040 5808 1293 5866 CXXV.
2791 5816 2794 5818 -
3004 5809 3068 5864 15
