4056 6340
670 365 780 433 459
1702 376 2081 437 BONIFACll
2118 375 2185 434 Fl
2199 373 2419 434 NETTI
2465 374 2855 435 ΡΒςΕΡΑΤιΟ
3799 374 3905 438 460

758 486 1048 545 XXXIII.
1078 486 1217 548 Alia
1255 489 1436 568 plura
1459 490 1819 551 Graecorum
1853 493 2105 551 Patrum
2139 489 2505 550 testimonia
2550 489 2651 550 hic
2688 505 2839 549 sane
2888 478 3237 566 congerere
3274 504 3555 565 possem,
3587 506 3714 568 quo
3740 505 3901 551 con-

672 592 849 644 stans
878 586 1250 647 eorumdem
1301 589 1551 648 Patrum
1613 587 1692 648 de
1724 588 1967 665 Spiritu
2018 595 2236 647 sancto
2287 603 2321 647 a
2360 587 2527 646 Filio
2562 588 2942 661 procedente
2977 587 3299 648 sententia
3335 587 3539 665 magis
3572 586 3901 664 magisque

672 678 1090 745 elucesct'ret.
1114 686 1239 746 Sed
1270 702 1345 745 ex
1376 683 1676 762 superius
1706 683 1916 745 allatis
1959 685 2112 745 satis
2145 700 2476 761 superque
2507 691 2902 761 compertum
2939 701 3083 744 esse
3106 684 3407 759 arbitror,
3440 702 3633 764 quam
3663 695 3901 748 temere

679 786 1247 865 imprudenterque
1284 789 1621 865 protulerit
1651 787 2165 865 'l‘heophylactus
2199 804 2270 847 ea
2297 787 2484 848 verba
2522 810 2535 847 :
2570 787 2836 847 Ostende
2890 787 3069 848 nobis
3099 788 3373 857 Patrem,
3401 794 3522 847 etc.
3549 789 3673 847 Nos
3704 786 3903 845 multo

680 884 911 963 potiori
940 887 1081 963 jure
1114 893 1173 947 et
1203 886 1417 963 ipsum
1451 878 1998 964 TheOphylactum
2025 894 2083 947 et
2116 892 2347 946 nostra)
2385 885 2588 946 aetatis
2628 885 2971 946 Photianos
3011 901 3350 960 provocare
3386 902 3759 963 possumus,
3804 898 3898 942 at-

678 1005 805 1065 que
840 992 1068 1048 iterum
1096 987 1457 1067 iterumque
1488 998 1812 1066 repetere:
1846 986 2166 1048 Ostendite
2196 987 2375 1049 nobis
2411 987 2862 1062 Patres,etiam
2891 1004 2968 1048 ex
3001 988 3263 1061 Grtecis,
3290 989 3400 1066 qui
3434 995 3579 1047 ante
3605 986 3901 1047 Photiana

676 1094 962 1163 tempora
991 1087 1229 1147 diserte
1264 1088 1637 1166 negaverint
1690 1089 2000 1166 Spiritum
2052 1095 2342 1150 sanctum
2373 1100 2407 1149 a
2444 1088 2613 1149 Filio
2651 1087 3019 1165 procedere.
3054 1090 3291 1171 Verum
3326 1088 3577 1149 etiamsi
3614 1085 3719 1146 diu
3752 1086 3905 1143 mul-

679 1194 925 1262 tumque
943 1187 1312 1263 fatigentur,
1350 1202 1473 1246 non
1498 1185 1654 1247 alios
1680 1184 1984 1263 profecto,
2013 1185 2229 1264 specie
2264 1185 2502 1264 aliqua,
2539 1186 2889 1263 producere
2913 1195 3182 1265 queunt,
3211 1204 3400 1265 quam
3428 1187 3901 1247 Theodoretum

680 1295 739 1345 et
770 1290 1225 1350 Damascenum
1259 1305 1570 1365 :quorum
1606 1288 1767 1349 alter
1797 1289 1907 1369 bac
1936 1289 2158 1350 saltem
2190 1290 2251 1349 in
2286 1308 2350 1351 re
2382 1288 2690 1367 probatus
2728 1288 2943 1363 procul
2980 1289 3180 1351 dubio
3212 1306 3337 1349 non
3372 1296 3503 1361 est;
3543 1306 3685 1350 cum
3720 1286 3905 1349 verba

682 1383 868 1444 nobis
899 1385 1139 1462 objecta
1164 1385 1227 1446 in
1261 1398 1339 1442 eo
1368 1392 1621 1445 exstent
1659 1385 1878 1446 libello
1904 1402 2097 1464 quem
2136 1402 2247 1462 pro
2277 1386 2573 1446 Nestorio
2601 1384 2804 1446 edidit
2854 1394 3073 1447 contra
3108 1386 3447 1465 Cyrillum,
3481 1388 3724 1463 quique
3757 1401 3904 1462 pro-

684 1492 899 1559 pterea
926 1492 1222 1562 tanquam
1258 1485 1594 1548 beereticus
1636 1484 1715 1545 ab
1747 1484 2024 1546 Ecclesia
2074 1484 2471 1561 proscriptus
2504 1483 2566 1544 in
2606 1486 2829 1563 quinta
2855 1488 3104 1565 synodo
3136 1494 3232 1548 est
3265 1487 3709 1567 (praeterquam
3735 1487 3906 1567 quod

684 1602 816 1646 non
847 1583 1056 1645 solum
1097 1604 1172 1645 ea:
1208 1587 1402 1659 Filio,
1437 1586 1773 1661 sedetiam
1831 1602 1947 1662 per
1978 1583 2215 1644 Filium
2244 1600 2412 1654 esse,
2468 1582 2814 1661 inﬁciatur)
2850 1604 2864 1643 :
2897 1585 3057 1646 alter
3092 1566 3553 1660 vero,tametsi
3596 1566 3817 1647 doctu}
3850 1600 3907 1647 et

688 1685 855 1760 pius,
888 1701 1031 1745 cum
1063 1685 1350 1747 ﬂoruerit
1382 1687 1616 1749 saeculo
1647 1686 1951 1746 duntaxat
1981 1692 2224 1757 octavo,
2260 1682 2631 1746 nullatenus
2685 1692 2781 1745 est
2820 1703 2963 1746 cum
3020 1685 3405 1762 Athanasiis,
3446 1686 3722 1760 Basiliis,
3762 1689 3908 1762 Epi-

690 1787 966 1864 phaniis,
1001 1790 1260 1865 Cyrillis
1289 1790 1567 1867 aliisque
1600 1788 1922 1860 Patribus,
1956 1788 2067 1866 qui
2097 1786 2379 1865 dogmati
2406 1796 2622 1848 nostro
2675 1795 2891 1865 aperte
2921 1788 3158 1861 favent,
3213 1790 3591 1850 auctoritate
3655 1804 3905 1864 compa-

692 1889 948 1949 randus.
984 1890 1154 1963 Quid
1196 1906 1369 1962 vero,
1407 1890 1458 1949 si
1500 1907 1579 1951 ne
1611 1890 1719 1952 ille
1752 1890 2011 1970 quidem
2051 1888 2234 1949 nobis
2274 1889 2483 1965 reipsa
2516 1890 2935 1965 adversetur?
2972 1890 3286 1967 Equidem
3331 1889 3443 1950 lib.
3478 1907 3521 1959 ι,
3551 1892 3633 1949 De
3662 1889 3772 1966 ﬁde
3803 1905 3904 1945 or-

691 1990 992 2063 thodoxa,
1025 2009 1162 2069 cap.
1194 1994 1291 2063 11,
1329 1996 1459 2057 haec
1480 1993 1667 2056 habet
1711 2012 1724 2053 :
1758 2004 1861 2056 Τὸν
1900 2002 1958 2055 δὲ
1993 2002 2121 2055 Υἱὸν
2149 2001 2290 2055 uitio

2306 2002 2401 2055 ιού
2429 2002 2683 2071 λέγομεν,
2710 1994 2946 2053 Filium
2968 2011 3112 2054 vero
3148 2010 3275 2052 non
3312 1989 3579 2052 dicimus
3603 2000 3908 2050 auctorem

690 2113 808 2156 seu
839 2096 1255 2173 principium.
1296 2098 1363 2157 Et
1386 2096 1575 2173 paulo
1610 2107 1789 2174 post:
1830 2108 1923 2159 Ἐκ
1953 2105 2047 2160 τοῦ
2081 2107 2207 2159 Υῐοῦ
2240 2107 2292 2159 τὲ

2330 2104 2557 2174 Πνεῦμα
2586 2106 2648 2159 οὐ
2680 2106 2935 2177 λέγομεν,
2962 2107 3188 2178 Πνεῦμα
3213 2107 3269 2161 δὲ
3297 2107 3426 2166 Υἱοῦ
3458 2109 3813 2182 ὀνομάζομεν,
3835 2114 3910 2158 cz

690 2193 862 2253 Filio
891 2203 1093 2253 autem
1122 2195 1432 2273 Spiritum
1464 2215 1591 2257 non
1649 2196 1914 2259 dicimus
1941 2200 2048 2279 (α),
2082 2196 2187 2257 sed
2215 2216 2349 2257 eum
2388 2198 2542 2259 Filii
2571 2198 2888 2275 Spiritum
2922 2200 3346 2263 nominamus.
3378 2207 3453 2264 Et
3494 2220 3632 2279 cap.
3667 2203 3774 2261 13:
3807 2208 3911 2261 Καὶ

697 2290 824 2343 1⁵ὶοῦ
854 2290 986 2344 δὲτὸ
1014 2293 1235 2363 Πνεῦμα
1266 2293 1363 2364 οὐχ
1399 2295 1475 2357 ὡς
1496 2296 1553 2361 ἐξ
1578 2298 1764 2363 αὑτοῦ,
1788 2297 1903 2350 ἀλλ’
1940 2298 2013 2360 ὼς
2039 2298 2107 2351 δι’
2139 2296 2304 2350 αὑτοῦ
2351 2297 2417 2349 ὲκ
2467 2295 2563 2350 τοῦ
2596 2297 2809 2368 Πατρδς
2856 2298 3290 2367 ὶκπορευόμενον
3318 2318 3330 2330 ·
3370 2302 3532 2371 μόνος
3556 2304 3666 2370 γὰρ
3698 2301 3861 2360 αἴτιος
3885 2299 3927 2374 6’

693 2392 908 2461 Πατήρ.
938 2383 1057 2444 Sed
1087 2396 1143 2445 et
1173 2386 1332 2447 Filii
1360 2387 1641 2463 Spiritus
1664 2400 1784 2463 est;
1811 2408 1936 2450 non
1959 2400 2253 2468 tanquam
2282 2407 2361 2449 ex
2383 2389 2546 2465 ipso,
2589 2387 2697 2448 sed
2722 2387 2888 2468 quod
2906 2408 3022 2470 per
3043 2391 3246 2469 ipsum
3267 2410 3343 2453 ea:
3362 2394 3551 2453 Patre
3579 2394 3907 2471 procedat:

690 2479 866 2541 solus
901 2484 1061 2543 enim
1091 2483 1285 2545 Pater
1311 2495 1536 2549 auctor
1564 2505 1672 2549 seu
1694 2490 2090 2567 principium
2124 2497 2237 2547 est.

779 2599 1073 2672 XXXIV.
1109 2614 1243 2674 Non
1278 2615 1671 2692 negaverim,
1712 2614 1899 2675 verba
1935 2614 2071 2676 haec
2104 2616 2287 2678 nobis
2330 2618 2393 2677 in
2429 2616 2709 2695 Speciem
2754 2631 2894 2677 esse
2931 2621 3240 2681 contraria
3288 2642 3303 2680 :
3346 2635 3457 2697 pro
3488 2626 3660 2680 certo
3688 2627 3885 2679 tamen

702 2711 1035 2783 habemus,
1068 2713 1442 2774 Damasceni
1499 2722 1775 2774 mentem
1809 2730 1843 2775 a
1875 2714 2167 2794 dogmate
2217 2717 2389 2795 quod
2440 2728 2697 2777 tuemur
2729 2713 2991 2777 minime
3019 2734 3162 2778 esse
3198 2718 3494 2780 alienam.
3538 2719 3693 2778 Nam
3732 2716 3907 2793 juxta

698 2816 1018 2875 diversam
1058 2814 1382 2877 notionem
1414 2824 1473 2878 et
1498 2816 1729 2887 idenm,
1757 2832 1897 2894 qum
1928 2816 2266 2893 subjicitur
2300 2814 2625 2893 particulae
2654 2824 2731 2887 ἐξ,
2765 2832 2862 2879 ex.
2896 2823 2959 2874 et
3009 2816 3256 2877 nomini
3286 2826 3477 2889 αἴτιος,
3506 2815 3910 2893 principium,

699 2913 800 2974 vel
836 2912 1128 2974 aﬂirmari
1177 2923 1405 2993 potest,
1441 2916 1539 2977 vel
1575 2917 1765 2979 etiam
1828 2917 2066 2995 negari,
2101 2934 2243 2977 cum
2277 2916 2581 2993 Spiritum
2647 2922 2936 2976 sanctum
2994 2931 3137 2977 esse
3172 2936 3251 2978 ex
3300 2918 3495 2989 Filio,
3524 2928 3657 2976 tum
3694 2915 3912 2974 Filiqu

706 3016 1322 3094 aie:ov,principium
1352 3033 1494 3079 esse
1522 3017 1802 3097 Spiritus
1832 3016 2056 3078 sancti.
2093 3020 2244 3079 Nam
2277 3017 2332 3077 si
2363 3018 2485 3075 vim
2517 3014 2782 3075 istiusee
2820 3014 2991 3075 vocis
3022 3014 3346 3094 inspicias,
3366 3018 3493 3078 duo
3525 3017 3656 3076 hinc
3677 3010 3913 3089 signiti-

703 3124 822 3188 uat,
858 3116 1099 3176 scilicet
1134 3133 1273 3176 esse
1314 3117 1607 3191 primum,
1649 3124 1709 3176 et
1735 3133 1875 3176 esse
1908 3132 2161 3177 causam
2194 3113 2479 3184 alterius,
2513 3114 2955 3190 cujuscunque
2978 3112 3059 3174 sit
3088 3114 3340 3191 generis
3377 3132 3591 3177 causa.
3622 3116 3735 3176 Sed
3773 3124 3832 3176 et
3860 3122 3915 3174 τὸ

698 3219 973 3296 primum
996 3216 1264 3293 spectari
1304 3215 1647 3291 dupliciter
1679 3222 1926 3293 potest;
1956 3214 2053 3275 vel
2088 3215 2392 3287 absolute,
2429 3230 2575 3275 cum
2609 3214 2769 3272 nihil
2804 3215 2869 3275 in
2896 3232 2972 3276 eo
3015 3231 3250 3292 genere
3293 3215 3472 3294 prius
3508 3234 3651 3277 esse
3684 3216 3914 3276 intelli-

702 3318 907 3393 gitur;
940 3317 1035 3378 vel
1062 3318 1346 3388 relative,
1380 3315 1678 3377 nimirum
1710 3317 1775 3376 in
1810 3315 2038 3377 ordine
2094 3317 2167 3375 ad
2204 3314 2401 3382 aliud,
2446 3313 2616 3390 quod
2654 3329 2731 3373 ex
2764 3312 2880 3373 illo
2932 3323 3279 3390 promanat.
3317 3317 3567 3391 Duplex
3598 3316 3781 3374 etiam
3821 3325 3911 3373 est

702 3425 878 3487 αἰτία,
916 3432 1104 3473 causa
1136 3435 1153 3472 :
1186 3413 1377 3473 altera
1407 3412 1868 3488 primordialis,
1897 3430 2013 3473 seu
2044 3411 2445 3489 primigenia,
2476 3428 2621 3489 qum
2654 3413 3047 3498 producendi
3086 3414 3205 3474 vim
3243 3415 3321 3476 ab
3352 3417 3476 3477 alia
3498 3432 3635 3498 non
3677 3416 3914 3491 recipit,

705 3516 817 3577 sed
870 3515 1053 3575 habet
1103 3530 1137 3572 a
1194 3530 1295 3584 sc;
1333 3527 1600 3588 eamque
1647 3512 1851 3573 (ἰτεροί
1906 3513 2280 3591 appellitant
2312 3499 2833 3593 npoxarapmxr'jii;
2873 3496 2997 3577 alia
3030 3533 3177 3577 vero
3215 3496 3509 3589 secunda,
3545 3534 3689 3595 qua)
3725 3535 3919 3578 causa)

683 3607 980 3695 principi
1019 3614 1301 3693 subjecra
1330 3620 1444 3684 est,
1476 3620 1805 3688 utpoteex
1838 3631 1962 3692 qua
1985 3615 2216 3692 agendi
2260 3615 2383 3675 vim
2437 3614 2703 3689 obtinet,
2749 3625 2809 3675 et
2842 3633 3115 3695 quacum
3154 3625 3457 3694 operatur
3485 3625 3547 3678 et
3574 3618 3702 3695 agit
3740 3618 3917 3695 quid-

708 3719 859 3796 quid
893 3718 1045 3793 agit.
1084 3716 1158 3774 Ut
1192 3717 1465 3791 priorem
1504 3714 1673 3773 illam
1704 3714 2065 3792 exprimant
2096 3716 2323 3789 Grmci,
2351 3716 2755 3793 frequentius
2784 3725 3054 3778 utuntur
3081 3716 3389 3793 particula
3418 3724 3503 3788 ἐξ,
3530 3734 3647 3783 ex;
3686 3724 3749 3777 ut
3774 3732 3915 3775 vero

708 3818 995 3877 indicent
1033 3812 1476 3890 posteriorem,
1516 3810 1893 3890 plerumque
1922 3811 2225 3873 adhibent
2249 3811 2617 3888 particulam
2647 3810 2756 3884 διὰ,
2779 3830 2915 3889 per.
2950 3814 3027 3873 Et
3062 3812 3158 3871 ha:
3183 3810 3443 3889 quidem
3479 3813 3795 3885 particula;
3816 3829 3884 3872 ac

709 3913 1238 3978 commodatiores
1292 3910 1400 3973 tali
1430 3910 1650 3972 sensui
1694 3909 2022 3971 fundendo
2045 3919 2195 3971 sunt
2231 3934 2244 3973 :
2278 3906 2420 3971 nam
2484 3911 2788 3990 particula
2819 3911 2900 3982 ἐξ,
2954 3906 3055 3983 ex,
3090 3909 3251 3970 nihil
3309 3927 3419 3986 per
3449 3927 3517 3969 se
3548 3908 3778 3990 indicat
3820 3916 3918 3967 aut

712 4020 1019 4098 supponit
1056 4017 1339 4080 anterius
1380 4033 1395 4075 :
1433 4033 1651 4077 verum
1689 4015 1995 4092 particula
2030 4024 2140 4088 διὰ,
2177 4032 2311 4092 per,
2341 4016 2421 4076 ita
2454 4033 2659 4077 causas
2697 4033 2812 4077 seu
2847 4012 3142 4091 principii
3173 4011 3485 4072 rationem
3518 3988 3827 4090 exprimit,
3862 4017 3917 4067 ut

715 4125 989 4203 priorem
1022 4121 1211 4182 aliam
1243 4130 1303 4180 et
1336 4118 1593 4196 quidem
1624 4116 1973 4193 principem
2023 4134 2279 4181 causam
2315 4119 2513 4177 menti
2566 4117 2884 4177 exhibeat.
2936 4118 3389 4175 Verumtamen
3452 4113 3718 4174 istarum
3747 4129 3914 4195 usuri

714 4222 1173 4298 particularum
1202 4236 1326 4280 non
1363 4220 1442 4278 ita
1473 4218 1671 4279 Graeci
1726 4223 2066 4290 coarctant,
2096 4217 2251 4293 quin
2287 4225 2347 4279 et
2381 4217 2685 4294 particula
2715 4217 2795 4279 ἐξ,
2827 4234 2928 4287 ex,
2961 4231 3168 4277 causa;
3197 4212 3502 4284 secundm,
3537 4222 3597 4273 et
3626 4212 3918 4288 particula

715 4326 827 4398 διὰ,
855 4342 990 4402 per,
1028 4319 1494 4400 primordialis,
1527 4334 1645 4378 seu
1673 4317 2152 4385 προκαταρκτικῆς
2183 4318 2317 4395 sign

2313 4319 2615 4381 lilicandae
2644 4318 2843 4397 gratia
2882 4315 3207 4377 interdum
3241 4320 3534 4382 utantur;
3558 4311 3802 4389 quoties
3832 4311 3915 4368 ni-

719 4428 951 4488 mirum
999 4425 1061 4483 in
1114 4424 1241 4482 illis
1289 4423 1498 4485 solum
1555 4417 1914 4496 inSpiciunt
1946 4417 2475 4495 signiﬁcationem
2511 4422 2710 4493 illam,
2744 4421 2811 4481 in
2836 4422 2961 4496 qua
3010 4419 3208 4481 amba)
3254 4414 3671 4483 conveniunt,
3707 4412 3917 4485 nempe

718 4541 926 4588 causa:
975 4522 1445 4603 qualiscunque
1479 4518 1827 4589 rationem;
1860 4514 2151 4593 adeoque
2181 4514 2257 4575 ad
2289 4532 2621 4578 causarum
2674 4510 3040 4586 discrimen,
3098 4515 3204 4576 cui
3240 4513 3656 4592 signiﬁcando
3711 4510 3803 4569 vel
3835 4508 3919 4567 in-

720 4623 981 4686 nuendo
1013 4621 1209 4699 magis
1234 4619 1525 4680 videntur
1561 4608 1831 4683 idonem,
1865 4614 2127 4675 minime
2159 4614 2514 4699 attendunt.
2551 4614 2723 4676 Hinc
2766 4632 2919 4678 vero
2953 4613 3369 4692 perspicuum
3407 4612 3917 4688 eXploratumque

721 4729 813 4801 ﬁt,
839 4724 1022 4803 juxta
1048 4723 1362 4784 diversam
1395 4719 1617 4781 harum
1656 4715 2106 4794 particularum
2140 4712 2464 4775 notionem
2485 4712 2775 4775 allirmari
2806 4729 3017 4793 posse,
3048 4706 3349 4790 spiritum
3382 4722 3663 4772 sanctum
3703 4728 3825 4768 esse
3854 4724 3921 4766 ex

722 4828 917 4901 Filio,
942 4835 1154 4887 etnon
1178 4841 1303 4882 esse
1335 4840 1413 4880 e1:
1442 4821 1635 4891 Filio,
1672 4835 1798 4877 esse
1837 4834 1916 4875 ea:
1960 4814 2147 4874 Patre
2175 4832 2288 4892 per
2317 4816 2576 4895 Filium,
2612 4822 2674 4875 et
2706 4832 2831 4873 esse
2870 4830 2987 4891 per
3041 4811 3287 4872 Patrem
3319 4821 3373 4872 τε
3426 4811 3674 4869 Filium.
3712 4808 3923 4881 Iteipsa

724 4926 1119 5004 multiplices
1146 4924 1257 4986 has
1292 4918 1600 4999 loquendi
1636 4918 1909 4979 rationes
1936 4917 2003 4977 in
2041 4915 2276 4976 Graecis
2301 4916 2586 4975 Patribus
2618 4914 2909 4991 reperiri,
2954 4931 3031 4973 ex
3062 4928 3284 4974 eorum
3316 4910 3619 4979 textibus,
3654 4923 3816 4981 quos
3841 4915 3923 4964 at-

722 5028 1236 5117 tulimusisupra,
1265 5020 1661 5100 exploratum
1695 5026 1811 5079 est.
1848 5017 1946 5079 Sic
1976 5017 2193 5096 itaque
2248 5020 2309 5076 et
2352 5012 2727 5075 Damasceni
2762 5010 2951 5073 verba
2991 5009 3178 5070 nobis
3212 5006 3926 5117 objectaexplicarepar

722 5134 845 5199 est,
875 5103 1048 5203 quold
1087 5137 1317 5197 nempe
1375 5119 1722 5189 inﬁcietur,
1755 5114 2059 5191 Spiritum
2122 5112 2272 5185 dici,
2299 5120 2407 5172 aut
2464 5128 2591 5170 esse
2650 5128 2729 5169 ex
2778 5109 2969 5181 Filio,
3004 5114 3304 5186 tanquam
3330 5104 3393 5167 ιξ
3420 5103 3600 5203 atriis
3625 5114 3926 5203 προκαταρ-

724 5199 937 5291 anxiis,
969 5239 1001 5284 a
1045 5238 1231 5281 causa
1264 5218 1636 5296 primigenia
1661 5232 1730 5277 ac
1757 5212 2161 5293 primordiali
2190 5209 2536 5289 principio,
2563 5209 2731 5287 quod
2770 5224 2902 5288 [non
2936 5206 3013 5267 ab
3052 5204 3182 5296 alio
3216 5199 3605 5280 producendi
3647 5200 3927 5263 virtutem

725 5324 1076 5401 acceperit;
1107 5331 1296 5401 atque
1338 5322 1453 5379 hac
1485 5318 1724 5377 ratione
1752 5314 1962 5377 solum
2006 5318 2244 5374 Patrem
2274 5328 2415 5373 esse
2466 5312 2659 5375 αἴτιον,
2699 5320 3011 5378 auctorem
3042 5306 3180 5367 sive
3224 5304 3611 5383 principium
3661 5302 3849 5380 (quod
3878 5307 3931 5359 et

730 5445 845 5490 nos
880 5426 1325 5489 lubentissime
1358 5419 1711 5483 asserimus
1746 5436 1817 5480 ac
1850 5416 2220 5496 probamus)
2259 5438 2272 5473 :
2308 5428 2431 5474 non
2483 5421 2697 5473 autem
2755 5418 2965 5488 neget,
2994 5407 3300 5487 Spiritum
3333 5423 3476 5468 esse
3509 5423 3589 5467 ex
3611 5405 3778 5466 Filio
3807 5414 3927 5464 tan-

800 5631 877 5698 (a)
908 5630 1285 5752 Mirum,3uou
1312 5638 1552 5694 proterre
1584 5631 1686 5679 hoc
1714 5622 1951 5691 potuerit
1982 5619 2367 5681 Daulasccnus,
2407 5628 2528 5667 cum
2568 5620 2677 5665 tam
2714 5610 3077 5668 mulliPatrcs
3129 5617 3255 5667 ante
3311 5595 3437 5665 eum
3503 5606 3764 5669 dixerint,
3827 5615 3929 5656 esse

815 5699 975 5752 Filio.
1002 5707 1060 5752 ut
1081 5700 1129 5752 vi
1175 5698 1334 5751 imus.

729 5717 793 5758 ex
815 5699 975 5765 Filio,
1002 5707 1060 5754 ut
1081 5698 1334 5753 vidimus.
