4056 6340
121 453 208 513 ἀει
944 449 1022 507 IN
1065 443 1489 517 SEQUENTIA
1522 441 2098 531 TllEOPlIYLACTI
2153 442 2488 505 SCRIPTA.
3203 439 3306 502 iii!

125 576 298 636 quam
352 576 428 619 ex
489 574 698 630 causa,
752 573 868 618 seu
916 555 1231 634 principio
1269 550 1666 624 secundario,
1711 553 1881 639 quod
1954 553 2147 613 simul
2203 570 2346 614 cum
2411 555 2589 612 Patre
2652 552 2951 627 Operetur
2984 592 2998 618 ,
3053 557 3114 611 et
3162 554 3307 628 qui-

125 663 254 718 dem
286 659 502 719 eadem
535 656 732 718 Patris
767 657 998 720 virtute
1029 654 1154 714 sibi
1194 652 1679 726 communicata,
1713 661 1771 714 et
1806 653 1868 713 in
1907 670 2002 726 se,
2039 661 2354 729 quatenus
2390 661 2484 713 est
2537 668 2726 722 unum
2767 671 2902 711 cum
2950 655 3159 728 Patre,
3202 672 3306 716 rc-

126 767 310 833 cepta,
355 758 678 832 producat.
1424 818 1426 821 .

196 855 452 914 XXXV.
487 854 581 913 Ab
617 855 734 913 hoc
764 851 1098 917 inﬁciendo
1133 851 1383 912 alienus
1419 852 1576 912 adeo
1613 851 1976 912 censendus
2021 861 2117 912 est
2165 855 2613 930 Damascenus,
2657 859 2734 913 ut'
2762 853 2974 930 potius
3032 857 3096 918 id
3135 876 3310 920 asse-

127 969 250 1012 rere
284 938 736 1028 intelligendus
768 950 850 1010 sit
879 967 957 1010 eo
985 952 1124 1025 ipso
1154 950 1324 1026 quod
1359 949 1606 1018 subdat,
1635 949 1947 1025 Spiritum
1999 957 2285 1010 sanctum
2328 969 2454 1010 esse
2491 968 2604 1028 per
2629 952 2886 1014 Filium.
2924 953 3090 1026 Quid
3135 956 3308 1018 enim

126 1054 524 1121 Damasceno,
561 1051 715 1126 quid
752 1049 994 1108 cmteris
1037 1047 1322 1108 Patribus
1352 1048 1460 1126 qui
1495 1047 1606 1107 hac
1640 1047 1944 1123 loquendi
1971 1045 2235 1107 formula
2272 1049 2370 1108 usi
2405 1049 2606 1120 fuere,
2633 1049 2942 1127 signiticet
2970 1051 3170 1123 aliud,
3200 1061 3310 1114 aut

125 1151 468 1227 signiﬁcare
499 1155 688 1230 queat
712 1157 772 1209 τὸ
796 1164 912 1223 per
965 1144 1220 1217 Filium,
1259 1162 1468 1222 neque
1515 1162 1657 1222 ego,
1692 1163 1902 1224 neque
1955 1145 2133 1237 alius
2180 1135 2498 1224 quispiam
2563 1146 2896 1224 intelliget.
2931 1149 3081 1209 Cum
3132 1150 3305 1211 enim

124 1248 414 1327 particula
448 1256 554 1321 διὰ,
586 1265 726 1326 per,
753 1247 871 1308 tria
896 1248 1094 1307 valeat
1125 1246 1429 1318 indicare,
1463 1264 1690 1324 nempe
1722 1266 1968 1307 causam
2000 1248 2382 1325 efﬁcientem,
2419 1248 2768 1324 praesertim
2800 1265 2944 1326 qum
2993 1260 3129 1327 agat
3176 1251 3304 1310 vir-

121 1359 239 1410 tute
296 1348 373 1407 ab
410 1347 542 1408 alio
586 1355 867 1426 recepta;
907 1347 1171 1424 insuper
1201 1344 1410 1405 solum
1453 1347 1931 1405 instrumentum
1976 1347 2279 1413 t'nam'mc;
2311 1359 2381 1407 ac
2431 1346 2717 1425 demum
2759 1349 3108 1409 vehiculum
3136 1350 3309 1410 iners

123 1447 280 1506 nulla
316 1447 650 1522 praeditum
683 1446 974 1530 energia;
1012 1444 1288 1518 primum
1311 1444 1714 1504 solummodo
1750 1451 1954 1520 potest
1996 1445 2073 1504 ab
2127 1443 2305 1504 omni
2335 1443 2818 1521 imperfectione
2839 1446 3118 1524 sejungi,
3154 1449 3308 1508 reti-

117 1563 231 1623 qua
261 1547 389 1605 duo
429 1529 822 1605 manifestam
857 1529 1400 1621 imperfectionem
1447 1540 1800 1602 involvunt.
1839 1544 1927 1601 Ex
1959 1557 2087 1619 quo
2125 1557 2528 1620 consequens
2570 1553 2686 1617 est,
2724 1545 3093 1622 particulam
3139 1545 3310 1607 illam

120 1645 359 1706 nonnisi
412 1646 474 1705 in
523 1660 720 1704 sensu
760 1643 970 1719 priore
1019 1656 1204 1718 posse
1235 1643 1303 1702 in
1344 1640 1584 1702 divinis
1623 1643 1700 1701 de
1767 1642 1936 1702 Filio
1998 1642 2346 1704 enuntiari.
2380 1644 2470 1702 ita
2511 1643 2707 1722 igitur
2747 1646 3177 1706 Damascenus
3209 1647 3309 1706 in-

121 1745 426 1805 tellexerit
459 1730 736 1822 Oportet,
772 1725 1082 1824 Spiritum
1114 1748 1401 1803 sanctum
1439 1741 1808 1817 procedere,
1841 1757 1960 1802 seu
2006 1757 2145 1801 esse
2177 1758 2290 1819 per
2343 1740 2596 1814 Filium,
2625 1743 2784 1803 sicut
2817 1759 3041 1805 omnes
3078 1743 3309 1805 Catho-

120 1851 208 1910 lici
242 1847 606 1925 intelligunt
631 1862 703 1906 ea
733 1845 1072 1921 Scriptum
1108 1843 1318 1915 verba,
1354 1841 1576 1903 Omnia
1626 1859 1740 1920 per
1774 1843 1974 1918 ipsum
2003 1845 2173 1919 facta
2226 1852 2373 1902 sunt
2401 1864 2422 1902 :
2463 1854 2523 1905 et
2554 1861 2679 1922 qua
2713 1846 2957 1906 ratione
2998 1846 3091 1907 ait
3117 1848 3308 1914 etiam

117 1950 405 2024 (Zyrillus,
441 1964 585 2013 eum
620 1943 964 2021 procedere
993 1959 1108 2021 per
1127 1937 1401 2017 Patrem,
1439 1949 1504 2001 ut
1534 1957 1758 2018 nempe
1788 1940 1995 2000 Filius
2029 1942 2398 2004 nullatenus
2429 1946 2800 2005 excludatur
2829 1963 2859 2005 a
2887 1946 3311 2023 productione

115 2047 375 2125 Spiritus
421 2044 644 2116 sancti,
694 2044 983 2120 adeoque
1031 2044 1122 2105 sic
1177 2044 1508 2129 statuenda
1539 2059 1641 2104 res
1668 2049 1814 2103 est:
1854 2043 2034 2104 Pater
2059 2043 2264 2119 primo
2292 2053 2346 2104 et
2372 2045 2839 2122 principaliter,
2871 2064 2985 2107 seu
3021 2049 3305 2125 primor-

114 2144 374 2221 dialiter,
417 2151 911 2221 προκαταρκτικὼς
951 2141 1248 2218 producit
1309 2142 1613 2220 Spiritum
1646 2147 1934 2201 sanctum
1980 2149 2298 2218 quatenus
2345 2151 2572 2221 suapte
2612 2145 2845 2206 virtute
2885 2147 3125 2208 auullo
3180 2147 3307 2215 alio

117 2259 349 2326 recepta
387 2247 709 2325 producit;
737 2245 1026 2320 adeoque
1054 2244 1328 2321 primum
1368 2242 1633 2303 omnino
1665 2248 1780 2314 est,
1817 2241 2198 2320 nullumque
2235 2245 2671 2322 presupponit
2701 2249 3010 2328 anterius,
3038 2267 3112 2311 ac
3171 2270 3314 2313 vero

116 2357 553 2427 προκαταρκτικὴ
582 2357 728 2410 αἰτία
765 2346 1042 2424 Spiritus
1087 2345 1306 2406 sancti.
1341 2345 1638 2403 Producit
1673 2354 1718 2403 el

1714 2344 1858 2404 tiam
1900 2361 2016 2420 per
2050 2344 2310 2418 Filium,
2342 2352 2658 2424 quatenus
2692 2349 2895 2412 virtus
2934 2352 3041 2412 illa
3081 2355 3316 2429 produ-

115 2451 259 2507 ctrix
303 2466 425 2508 una
459 2449 811 2524 eademque
856 2457 963 2508 .est
993 2462 1138 2507 cum
1172 2446 1390 2505 divina
1444 2452 1663 2504 natura
1697 2445 1866 2505 Filio
1919 2445 2382 2506 communicata
2417 2454 2480 2507 et
2530 2447 2594 2508 in
2628 2449 2770 2526 ipso
2796 2461 3070 2528 recepta.
3099 2453 3311 2525 Quare

122 2549 399 2620 producit
444 2551 636 2610 etiam
677 2549 883 2608 Filius
915 2546 978 2608 vi
1011 2555 1070 2608 et
1100 2547 1346 2608 actione
1376 2563 1408 2606 a
1452 2549 1628 2607 Patre
1670 2554 1960 2622 recepta;
1998 2562 2123 2606 non
2161 2545 2454 2622 producit
2505 2564 2654 2609 vero
2687 2551 2920 2611 virtute
2957 2552 3208 2629 propria
3252 2561 3314 2614 et

114 2638 494 2725 primigenia,
529 2665 644 2708 seu
697 2664 886 2726 quam
913 2663 1040 2708 non
1092 2647 1406 2722 receperit
1451 2645 1527 2705 ab
1574 2645 1847 2722 ipsomet
1878 2648 2081 2716 Patre,
2117 2663 2327 2725 neque
2357 2648 2606 2709 actione
2634 2649 2885 2711 diversa
2921 2659 2982 2711 et
3012 2651 3315 2713 distincta

119 2753 185 2812 ab
208 2756 453 2812 actione
481 2752 699 2815 Patris.
735 2754 901 2813 Hinc
930 2751 984 2812 si
1021 2750 1220 2812 virtus
1248 2758 1311 2810 et
1343 2749 1504 2810 actio
1529 2749 1663 2823 illa,
1701 2765 1825 2827 qua
1857 2749 2231 2827 producitur
2263 2751 2540 2828 Spiritus
2575 2768 2859 2824 sanctus,
2893 2760 3214 2830 spectetur
3248 2765 3315 2816 ut

117 2869 146 2910 a
173 2851 348 2920 Patre,
379 2857 652 2928 recepta,
691 2849 1138 2928 propriissime
1170 2847 1404 2913 dicitur
1447 2847 1725 2923 Spiritus
1763 2849 2110 2922 procedere
2134 2866 2176 2907 α
2208 2848 2401 2908 Patre
2428 2867 2546 2927 per
2575 2849 2848 2918 Filium;
2884 2860 2944 2912 at
2995 2854 3048 2913 si
3089 2857 3310 2937 eaden.

120 2952 302 3009 virtus
337 2960 396 3010 et
427 2950 591 3010 actio
635 2949 1078 3010 consideretur
1121 2955 1190 3007 ut
1218 2945 1379 3030 facta
1424 2946 1552 3023 jam
1609 2946 1861 3022 pr0pria
1897 2945 2076 3018 Filii,
2107 2948 2399 3022 adeoque
2428 2947 2664 3008 Filium
2695 2947 3002 3022 alliciens,
3034 2967 3314 3031 euntque

118 3051 499 3109 constituens
530 3057 834 3118 actorem,
868 3047 962 3107 sic
989 3047 1118 3107 dici
1147 3048 1289 3123 jure
1322 3045 1564 3122 Optimo
1588 3050 1813 3120 potest,
1846 3044 2151 3121 Spiritum
2184 3046 2372 3105 etiam
2405 3045 2749 3123 procedere
2780 3064 2880 3114 ex,
2911 3047 3004 3108 vel
3029 3068 3069 3107 a
3095 3050 3264 3110 Filio
3295 3073 3315 3111 :

121 3153 211 3214 ita.
245 3161 454 3212 tamen
494 3159 560 3211 ut
591 3150 646 3212 si
683 3150 1010 3229 particulis
1042 3168 1118 3208 ea:
1150 3148 1442 3227 illigetur
1469 3147 1850 3225 signiﬁcatio
1875 3147 2261 3225 primigenii,
2301 3164 2416 3208 seu
2463 3149 2656 3225 primi
2694 3149 2954 3209 omnino
2981 3152 3312 3231 principii,

120 3255 820 3333 πρςκιταρκτικῆςάἱτίας,
865 3267 1051 3329 aequo
1082 3250 1226 3328 jure
1261 3249 1475 3328 negari
1514 3249 1712 3324 μοδδῆ

1711 3296 1736 3322 η,
1765 3243 2072 3325 Spiritum
2132 3249 2480 3326 procedere
2511 3266 2588 3309 ex
2621 3248 2808 3310 Filio.
2855 3251 2930 3311 Ut
2972 3252 3166 3329 igitur
3199 3272 3313 3331 pax

123 3356 174 3412 οἰ
204 3355 542 3415 consensio
577 3369 688 3413 nos
718 3350 889 3426 inter
913 3359 974 3413 et
1005 3355 1279 3422 Grmcos,
1303 3351 1509 3428 quoad
1541 3366 1814 3425 praesens
1841 3359 2028 3425 caput
2059 3351 2308 3422 attinet,
2345 3349 2838 3428 r‘edintegretur,
2871 3369 2998 3413 non
3033 3355 3213 3417 aliud
3235 3362 3317 3419 ab

122 3461 205 3518 ais
241 3457 634 3535 postulamus
665 3471 853 3535 quam
915 3463 983 3515 ut
1020 3454 1408 3530 aequissimis
1456 3451 1606 3512 huic
1662 3452 2016 3511 conditioni
2063 3452 2493 3529 acquiescant.
2548 3454 2684 3513 Nos-
2726 3469 2870 3534 cum
2929 3457 3317 3523 Damasceno

122 3562 173 3611 οὐ
200 3561 440 3631 λέξομεν,
465 3559 712 3618 minime
743 3547 1034 3626 dicemus,
1068 3553 1199 3614 imo
1242 3554 1456 3622 etiam,
1490 3553 1540 3610 si
1573 3549 1814 3622 malint,
1843 3550 2223 3626 negabimus,
2249 3552 2350 3628 Spi
2366 3553 2556 3611 ritum
2588 3560 2872 3614 sanctum
2899 3571 3040 3616 esse
3069 3572 3102 3616 a
3125 3557 3322 3626 Filio.

123 3663 402 3730 tanquam
427 3655 670 3716 scilicet
696 3671 774 3715 ex
792 3651 1198 3734 primordialt'
1224 3649 1570 3728 principio,
1604 3659 1668 3709 ὲκ
1693 3675 1725 3709 π

1713 3657 2173 3727 προκαταρκτικῆς
2206 3656 2408 3721 αἰτίας,
2439 3650 2738 3729 quodque
2761 3661 3062 3728 Operetur
3089 3655 3315 3716 virtute

122 3759 174 3809 et
203 3752 446 3814 actione
483 3753 734 3814 diversa
765 3770 803 3815 a
831 3739 1163 3813 virtute-et
1216 3748 1466 3818 actione
1499 3745 1722 3820 Patris,
1769 3756 1831 3809 et
1887 3765 2012 3810 non
2042 3743 2122 3808 ab
2163 3750 2390 3810 eodem
2443 3752 2623 3810 Patre
2667 3759 2940 3828 recepta.
2978 3755 3072 3814 Illi
3103 3763 3319 3818 contra

119 3831 444 3926 fateantur,
471 3853 780 3931 Spiritum
833 3869 868 3915 a
929 3851 1098 3913 Filio
1133 3866 1298 3919 esse,
1335 3857 1633 3924 tanquam
1664 3864 1698 3910 a
1729 3847 2102 3909 secundaria
2155 3864 2370 3922 causa,
2407 3850 2545 3910 sive
2595 3851 2906 3928 principio
2940 3856 3102 3916 Patri
3160 3859 3315 3918 sub-

114 3944 290 4024 jecto,
319 3954 678 4033 virtuteque
720 3955 797 4015 ab
825 3952 1098 4030 ipsomet
1140 3951 1319 4010 Patre
1356 3952 1950 4024 receptagoperante,
1981 3946 2110 4006 imo
2146 3957 2206 4006 et
2237 3947 2455 4008 eadem
2489 3949 2686 4008 Patris
2719 3950 2966 4013 actione
3005 3953 3127 4013 sibi
3151 3972 3323 4016 com-

122 4051 418 4111 municata
455 4071 576 4113 una
610 4067 754 4111 cum
790 4046 1283 4116 naturadivina.
2397 4099 2407 4104 _

195 4151 620 4238 XXXVI.,Nil
656 4164 848 4228 porro
881 4145 1348 4224 impedimento
1370 4158 1511 4203 esse
1545 4141 1774 4203 merito
1805 4147 2030 4218 potest,
2064 4142 2412 4228 quominus
2441 4141 2560 4214 sic,
2585 4151 2788 4204 amota
2819 4145 3072 4207 dissidii
3103 4167 3316 4213 causa,

124 4250 362 4328 tandem
393 4237 738 4329 aliquando
772 4237 1048 4309 invicem
1100 4245 1439 4328 redeamus
1469 4241 1534 4301 in
1567 4242 1852 4318 gratiam.
1895 4242 2062 4314 Quid
2112 4243 2307 4312 enim,
2341 4248 2448 4300 aut
2497 4259 2684 4317 quam
2718 4241 2801 4304 ob
2843 4261 2974 4305 rem
3027 4249 3314 4314 Photiani

125 4362 396 4432 pugnant
427 4360 642 4413 contra
671 4350 922 4412 Latinos
946 4350 974 4407 ?
1013 4364 1124 4424 pro
1163 4343 1522 4422 simplicine
1553 4355 1706 4402 voce
1746 4343 1825 4410 te.
1866 4361 1967 4412 ex,
2013 4358 2092 4404 an
2127 4358 2240 4419 pro
2277 4361 2342 4403 re
2399 4342 2750 4419 signiﬁcata
2811 4361 2923 4420 per
2954 4362 3169 4408 vocem
3194 4352 3222 4408 ?
3251 4353 3312 4412 Si

129 4452 413 4528 primum,
449 4450 997 4529 nihil-indignius,
1026 4446 1330 4525 quodque
1369 4448 1562 4524 magis
1594 4448 1899 4510 dedeceat
1934 4443 2238 4519 inclytam
2284 4445 2610 4504 nationem
2643 4443 3042 4520 Graecorum;
3072 4449 3122 4508 si
3156 4450 3314 4511 alte-

130 4563 277 4624 rum,
309 4561 528 4624 quasso
567 4545 763 4622 igitur
819 4543 1165 4621 explicent,
1196 4558 1320 4621 qua
1356 4543 1600 4604 ratione
1656 4546 1832 4604 Pater
1865 4558 1979 4620 per
2008 4539 2244 4600 Filium
2305 4541 2606 4616 producat
2644 4543 2948 4619 Spiritum
3005 4555 3315 4622 sanctum,

126 4644 352 4717 abSque
377 4659 452 4701 eo
485 4641 656 4717 quod
708 4649 1010 4715 Operetur
1039 4649 1102 4702 et
1130 4640 1336 4700 Filius
1367 4641 1442 4701 ad
1478 4640 1964 4718 productionem
2005 4636 2281 4714 Spiritus
2313 4639 2539 4710 sancti,
2571 4639 2861 4719 adeoque
2910 4644 3116 4720 reipsa
3161 4663 3315 4721 pro-

129 4737 294 4816 ducat
328 4760 344 4802 ς
374 4739 434 4799 id
461 4737 630 4798 enim
665 4736 844 4797 nullo
871 4738 1098 4796 mentis
1131 4743 1359 4795 conatu
1398 4735 1675 4812 intelligi
1711 4742 1943 4811 potest.
1971 4736 2278 4795 Prmterea
2303 4735 2358 4795 si
2390 4735 2588 4796 Filius
2623 4738 3082 4813 productricern
3115 4743 3317 4804 Patris

128 4837 420 4899 actionem
455 4837 552 4897 vel
592 4833 802 4896 solum
836 4832 1083 4893 deferat
1115 4838 1410 4910 tanquam
1437 4831 1809 4907 vehiculum,
1852 4833 1948 4895 vel
1985 4835 2047 4894 in
2081 4851 2150 4894 se
2183 4841 2478 4911 tanquam
2521 4835 3003 4898 instrumentum
3035 4842 3316 4918 recipiat,

131 4935 429 5012 explicent
475 4933 661 4996 nobis
685 4933 1008 5012 quomodo
1058 4947 1182 4991 non
1223 4947 1534 4992 summam
1592 4931 1654 4992 id
1688 4932 1906 4994 ail'erat
1953 4931 2498 5010 imperfectionem
2525 4935 2711 4998 Filio.
2742 4938 3080 5011 Quomodo
3125 4943 3316 5004 etiam

132 5036 294 5096 Pater
327 5034 646 5112 propriam
678 5031 842 5093 Filio
887 5033 1198 5102 naturam,
1228 5047 1346 5091 seu
1371 5031 1716 5092 essentiam
1769 5032 2045 5093 indivise
2091 5031 2592 5108 communicans,
2625 5052 2750 5097 non
2785 5038 2992 5100 eidem
3027 5058 3322 5104 commu-

134 5132 280 5193 nicel
303 5131 752 5211 fecunditatem
786 5138 846 5191 et
877 5131 1190 5192 actionem
1221 5129 1531 5208 Spirandi,
1567 5146 1715 5211 qum
1749 5130 2009 5192 minime
2040 5136 2282 5206 pugnat
2316 5147 2462 5192 cum
2504 5133 2742 5195 ratione
2785 5136 3174 5215 hypostatica
3207 5143 3317 5202 Fi-

135 5229 213 5289 lii.
249 5232 600 5309 Explicent,
633 5234 958 5310 quomodo
989 5229 1260 5308 Spiritus
1282 5237 1536 5291 sanctus
1571 5231 1654 5292 sit
1685 5247 1954 5309 persona
2011 5245 2048 5290 a
2101 5227 2268 5290 Filio
2314 5230 2640 5308 distincta,
2674 5237 2754 5310 si,
2792 5239 3082 5316 Nysseno
3114 5239 3317 5316 (cujus

135 5330 302 5390 verba
327 5347 516 5408 supra
543 5315 907 5407 retulimus)
937 5336 1118 5402 teste,
1165 5329 1487 5389 subtracta
1512 5332 1759 5418 ratione
1787 5330 2122 5408 principii,
2149 5331 2330 5392 nulla
2370 5339 2467 5394 est
2520 5335 2585 5394 in
2638 5315 2941 5398 Trinitate
2967 5315 3314 5401 distinctio.

141 5427 450 5520 Explicent
484 5429 806 5506 quomodo
833 5429 1032 5490 Filius
1053 5431 1256 5503 mittat
1283 5429 1580 5505 Spiritum
1605 5431 2088 5510 sanctum,quin
2119 5433 2374 5494 mittens
2398 5437 2478 5497 sit
2511 5437 2706 5496 misso
2732 5439 3050 5514 superior,
3077 5448 3136 5501 et
3171 5440 3321 5501 mis-

137 5544 232 5589 sus
264 5528 524 5589 mittenti
558 5529 989 5590 ministerium
1020 5528 1336 5602 exhibeat,
1387 5530 1441 5591 si
1477 5531 1696 5592 missio
1721 5540 2016 5594 teternam
2053 5533 2537 5612 productionem
2585 5553 2709 5597 non
2739 5540 3046 5614 exprimat
3074 5552 3182 5602 aut
3211 5543 3319 5606 in-

137 5627 330 5689 cludat
355 5649 371 5701 ;
399 5627 933 5706 quemadmodum
966 5631 1145 5718 Pater
1169 5630 1282 5691 hac
1319 5632 1453 5709 ipsa
1491 5633 1734 5694 ratione
1770 5635 2022 5696 misisse
2062 5634 2292 5695 dicitur
2336 5634 2569 5696 Filium
2601 5637 2666 5696 in
2717 5645 3053 5704 mundum.
3088 5643 3321 5724 Expli4

138 5736 263 5786 cent
289 5728 608 5807 quomodo
641 5725 922 5803 Spiritus
955 5726 1052 5788 vel
1079 5729 1296 5808 audiat
1333 5749 1365 5790 a
1396 5731 1582 5803 Filio,
1612 5735 1706 5795 vel
1735 5735 1812 5794 de
1851 5750 1968 5796 suo
1999 5736 2298 5814 accipiat,
2326 5754 2552 5811 nempe
2587 5740 2752 5815 quod
2787 5750 2881 5801 est
2913 5741 3118 5820 ipsius
3143 5749 3318 5814 Filii.

144 5825 282 5901 quin
324 5824 419 5888 vel
445 5823 742 5903 discipuli
769 5822 1080 5885 ratiOnem
1113 5829 1359 5905 subeat,
1395 5830 1490 5892 vel
1547 5831 1905 5908 indigentis,
1958 5835 2010 5894 si
2044 5834 2106 5895 id
2153 5849 2279 5895 non
2342 5834 2676 5913 signiﬁcet,
2713 5840 2944 5904 habere
2976 5851 3319 5914 essentiam
