4056 6340
710 388 817 454 463
1008 404 1011 405 ⁷
1085 384 1091 389 ⁷
1345 373 1348 376 ’
1772 381 2151 443 BONIFACII
2188 378 2312 454 FIN

2406 380 2491 439 'Tl
2533 379 2923 441 PRJEFATIO
3556 430 3561 433 -
3839 387 3923 449 464

717 507 780 561 ιί
832 506 1119 561 naturam
1158 513 1194 560 a
1221 495 1410 557 Filio.
1446 495 1602 557 Cum
1633 495 1830 574 igitur
1857 495 2068 556 omnia
2098 494 2227 569 hinc
2259 492 2577 569 eXplicare
2614 490 3289 569 nullatenusvaleaut,
3324 496 3580 557 tandem
3628 496 3921 560 fateantur

721 599 1083 671 nobiscum,
1117 596 1423 677 Spiritum
1454 612 1595 657 esse
1631 604 1694 657 et
1720 598 2086 674 procedere
2109 613 2147 652 α
2177 594 2346 655 Filio
2383 600 2444 653 et
2470 609 2584 669 per
2632 592 2891 652 Filium.
2931 592 3050 654 Sed
3103 592 3346 670 jam-ad
3394 596 3921 677 Theophylactum

722 706 938 763 nostra
972 704 1323 758 revertatur
1344 695 1573 757 oratio.
2112 689 2116 693 ⁴

764 788 1133 863 ‘XXXVII.
1189 798 1394 871 Quam
1455 793 1805 857 infeliciter
1858 794 1954 855 illi
2013 794 2276 872 cesserit
2316 793 2531 855 illud:
2567 792 2834 855 Ostende
2869 792 3049 855 nobis
3107 793 3381 869 Patrem,
3407 796 3535 874 jam
3596 806 3833 861 constat
3859 818 3921 861 ex

723 899 933 961 dictis.
970 900 1151 960 Nunc
1181 894 1338 956 mihi
1368 892 1933 956 demonstrandum
1963 892 2153 966 foret,
2178 910 2368 970 quam
2403 892 2725 955 imbecilla
2757 892 2910 965 sint,
2938 899 3241 971 tantoque
3274 893 3535 973 indigna
3566 897 3823 960 doctore
3844 918 3923 960 ar-

723 1003 1047 1079 gumenta,
1073 1000 1261 1076 queis
1298 996 1590 1057 Latinum
1619 995 1848 1073 dogma
1884 993 2179 1056 refellere
2210 993 2604 1072 aggreditur,
2643 994 2766 1055 nisi
2808 1011 2952 1055 cum
2994 994 3211 1072 plures
3242 995 3373 1069 alii,
3408 1003 3543 1057 tum
3574 1002 3920 1076 nuperrime

725 1102 806 1162 cl.
846 1099 1097 1178 praevia)
1124 1096 1613 1160 Dissertationis
1640 1104 1873 1158 auctor‘
1902 1111 1941 1179 a
1966 1111 2144 1157 num.
2181 1094 2257 1156 75
2288 1096 2607 1155 cumulate
2632 1094 2695 1155 id
2730 1094 3155 1171 pra-stitisset.
3189 1098 3507 1175 Perpauca
3538 1105 3749 1162 tamen
3787 1102 3923 1179 adji-

725 1218 869 1263 cere
909 1202 1114 1272 Iiceat,
1145 1208 1213 1263 ut
1245 1198 1447 1278 magis
1485 1198 1818 1278 magisque
1846 1196 2235 1274 infringatur
2264 1195 2443 1257 illius
2470 1196 2577 1257 vis
2618 1195 3003 1275 argumenti,
3043 1196 3227 1275 quod,
3253 1199 3492 1273 petitur
3545 1216 3625 1259 ex
3687 1200 3921 1263 duobus

729 1296 1087 1377 principiis,
1120 1311 1263 1383 quas
1290 1295 1358 1357 in
1391 1295 1809 1372 productione
1842 1293 2117 1388 Spiritus
2141 1293 2339 1354 sancti
2375 1310 2409 1355 a
2442 1294 2626 1354 nobis
2662 1294 2908 1355 admitti
2938 1293 3302 1367 arbitratur,
3341 1302 3436 1357 vel
3468 1280 3693 1359 saltem
3733 1318 3946 1362 neces-.

726 1401 896 1463 sario
934 1397 1244 1477 consequi
1285 1414 1364 1459 ex
1388 1396 1893 1475 dogmate'quod
1928 1411 2434 1474 propugnamus.
2478 1396 2715 1456 Mirum
2747 1411 2926 1470 sane,
2959 1396 3130 1475 quod
3191 1397 3288 1458 vir
3326 1400 3649 1475 praestanti
3686 1400 3925 1478 ingenio

726 1499 1030 1577 praeditus
1060 1498 1124 1558 in
1158 1495 1630 1558 crassissimum
1663 1493 1834 1556 hunc
1868 1509 2152 1575 errorem
2196 1494 2575 1570 impegerit;
2609 1494 2721 1554 sed
2755 1493 2937 1555 nullo
2968 1494 3156 1555 modo
3177 1494 3537 1572 ferendum,
3570 1502 3755 1578 quod
3790 1501 3925 1561 Plio-

725 1599 884 1661 tiani
921 1594 1326 1678 huncipsum
1351 1613 1634 1659 errorem
1667 1582 1852 1657 nobis
1881 1591 2089 1655 ad‘lxuc
2134 1590 2411 1669 objicere
2448 1600 2508 1652 et
2544 1592 2929 1669 exprobrare
2987 1610 3113 1655 non
3156 1595 3472 1671 desinant,
3511 1608 3837 1678 postquam
3876 1613 3925 1659 et

729 1701 997 1772 centies,
1039 1709 1101 1762 et
1130 1700 1392 1772 millies,
1421 1709 1482 1760 et
1505 1695 2018 1761 luculentissime
2049 1693 2311 1773 quidem
2347 1693 2477 1754 1]th
2506 1710 2539 1755 a
2570 1694 2803 1756 nostris
2836 1695 3104 1756 contrita
3142 1694 3415 1775 objectio
3448 1707 3566 1759 est.
3594 1700 3761 1772 Quid
3796 1716 3922 1759 vero

726 1802 1075 1866 dicendum
1111 1803 1190 1863 de
1236 1799 1727 1879 Ephraimojam
1752 1795 1903 1857 alibi
1942 1802 2311 1865 memorato,
2347 1794 2457 1873 qui
2492 1793 2559 1854 in
2606 1794 2974 1873 praefatione
3008 1797 3323 1874 prtedicta,
3356 1813 3483 1859 non
3536 1801 3725 1860 modo
3756 1799 3925 1877 jacli-

724 1909 838 1973 tat,
872 1916 987 1962 nos
1021 1908 1283 1978 lpnase‘iv
1304 1907 1381 1968 εις
1411 1904 1470 1957 τὸ
1501 1902 1775 1975 βάραθρον
1804 1902 1903 1972 τῆς
1945 1901 2227 1970 δυαρχίας,
2258 1892 2326 1951 in

2323 1892 2535 1951 cidere
2588 1894 2657 1951 in
2708 1891 3076 1953 barathrum
3130 1893 3406 1973 duplicis
3456 1898 3795 1975 principii;
3830 1900 3925 1957 sed

731 2003 947 2073 etiam,
984 2008 1055 2061 ut
1092 1999 1393 2078 majorem
1430 1998 1617 2059 nobis
1648 1995 1877 2058 conﬂet
1932 1995 2264 2067 invidiam,
2300 1994 2535 2067 eﬂ'utit,
2571 1996 2831 2056 Latinos
2868 2012 3181 2072 asserere,
3208 1999 3513 2075 Spiritum
3546 2012 3829 2062 sanctum
3863 2019 3927 2058 ex.

730 2096 897 2159 Filio
921 2113 1065 2158 esse
1083 2103 1434 2175 dubﬁﬂsvpi)
1466 2102 1609 2170 ἔχον,
1639 2104 1703 2155 ὲκ
1728 2100 1822 2151 τοῦ
1850 2101 2058 2171 Πατρδς
2087 2102 2332 2171 ὲκπορευ(

2325 2099 2439 2164 Θὲν,
2461 2099 2559 2169 τὴν
2587 2099 2921 2170 τελειότητα,
2957 2096 3105 2172 quia
3135 2097 3379 2157 scilicet
3406 2116 3533 2156 non
3563 2099 3764 2172 habet,
3798 2117 3927 2177 qutt-

732 2209 909 2259 tenus
938 2216 978 2256 a
1005 2196 1196 2256 Patre
1220 2193 1533 2273 procedit,
1566 2194 2046 2271 perfectionem;
2078 2192 2369 2270 adeoque
2396 2200 2469 2263 ὡς
2498 2200 2706 2274 ᾁτελὲς,
2737 2202 2809 2254 ut
2836 2196 3265 2275 imperfectum
3318 2202 3660 2275 procedere
3689 2200 3869 2260 etiam
3901 2216 3928 2258 τι
3982 2196 3983 2201 “

727 2298 896 2360 Filio
934 2306 1021 2358 ἵνα
1046 2304 1107 2357 τὸ
1135 2302 1337 2357 τέλειον
1370 2301 1672 2373 προσλάϐῃ,
1702 2302 1774 2353 ut
1792 2292 2232 2372 perfectionem
2254 2310 2329 2352 rei

2328 2294 2544 2371 cipiat.
2580 2293 2835 2369 Verum,
2868 2311 2906 2356 o
2953 2296 3142 2371 bone,
3172 2297 3222 2358 si
3268 2314 3345 2359 ex
3386 2298 3702 2361 sententia
3740 2307 3926 2360 nostra

728 2400 1177 2481 consequitur,
1215 2397 1518 2482 Spiritum
1551 2405 1838 2459 sanctum
1873 2413 1907 2457 a
1945 2399 2123 2457 Patre
2162 2398 2518 2475 imperfecte
2542 2396 2901 2473 procedere,
2929 2390 3279 2479 quiajuxta
3313 2417 3434 2463 nos
3456 2404 3740 2479 procedit
3762 2400 3927 2463 etiam

729 2522 763 2565 a
793 2502 982 2575 Filio,
1010 2516 1225 2563 nonne
1269 2513 1673 2576 consequens
1704 2497 1825 2558 erit
1866 2496 2049 2574 juxta
2080 2511 2219 2570 vos,
2256 2497 2503 2556 Patrem
2569 2497 2924 2577 imperfecte
2958 2501 3311 2577 producere
3368 2503 3761 2577 universum,
3800 2503 3930 2579 quia

734 2620 863 2665 non
877 2602 953 2663 ab
969 2616 1117 2674 uua,
1141 2599 1249 2662 sed
1271 2598 1349 2660 ab
1364 2596 1659 2658 omnibus
1682 2595 2084 2675 singulisque
2098 2596 2390 2675 personis
2418 2596 2826 2675 producitur?
2848 2599 2920 2657 Et
2938 2596 2992 2659 si
3011 2616 3125 2660 nos
3141 2599 3442 2678 Spiritum
3457 2606 3933 2663 sanctumadua-

722 2706 856 2767 bus
877 2700 1167 2778 personis
1193 2717 1332 2761 esse
1367 2698 1705 2780 docentes,
1727 2699 1795 2759 in
1829 2706 2110 2778 δυαρχίας,
2131 2696 2397 2757 duorum
2419 2699 2882 2776 principiorum
2904 2718 3183 2762 errorem
3221 2700 3634 2779 prolabimur,
3662 2720 3767 2763 vos
3798 2718 3931 2779 ergo

732 2810 802 2869 in
835 2806 1197 2867 barathrum
1227 2810 1535 2881 τριαρχίας,
1574 2803 1767 2862 trium
1791 2802 2259 2879 principiorum
2289 2801 2600 2876 inciditis,
2633 2819 2776 2863 cum
2811 2817 2998 2863 nemo
3030 2802 3268 2880 aliquis
3300 2811 3579 2865 vestrum
3615 2806 3928 2875 inﬁcietur,

722 2917 844 2972 aut
875 2906 1138 2969 inﬁciari
1176 2913 1390 2983 queat,
1426 2902 1629 2964 fuisse
1661 2905 1974 2964 mundum
2013 2917 2047 2963 a
2080 2902 2291 2964 tribus
2326 2904 2618 2981 personis
2653 2920 2736 2964 ex
2776 2902 2982 2963 nihilo
3015 2902 3339 2963 eductum.
3377 2904 3709 2983 Quidquid
3758 2904 3931 2983 igitur

723 3011 814 3074 ad
845 3009 1372 3089 prOpugnaudam
1398 3006 1464 3066 in
1498 3004 1815 3066 creatione
1842 2988 2128 3065 universi
2165 3011 2485 3082 μοναρχίαν,
2517 3004 2819 3065 unitatem
2841 3004 3157 3081 principii
3177 3003 3417 3064 dictum
3452 3019 3485 3063 a
3518 3004 3697 3066 vobis
3728 3004 3929 3073 fuerit,

732 3114 798 3174 id
833 3111 1041 3186 ipsum
1074 3121 1438 3168 asseremus
1468 3113 1528 3164 et
1558 3119 1673 3163 nos
1703 3103 1779 3163 ad
1809 3102 2153 3163 tollendam
2181 3104 2244 3163 in
2270 3102 2691 3181 productione
2721 3104 2995 3180 Spiritus
3031 3103 3226 3165 sancti
3250 3113 3347 3183 τῆς
3377 3115 3660 3185 δυαρχίας,
3688 3106 3931 3167 duorum

730 3206 1201 3289 principiorum
1232 3201 1634 3264 exstantium.
1663 3199 1833 3273 Quid
1872 3200 2043 3261 enim
2081 3199 2261 3261 vobis
2292 3199 2464 3260 aliud
2504 3201 2787 3279 suppetit
2820 3202 3186 3277 dicendum,
3214 3204 3338 3264 nisi
3364 3208 3437 3266 ad
3474 3206 3931 3284 multiplicanzta

734 3309 1078 3371 creationis
1141 3304 1643 3385 principiasatis
1699 3303 1964 3364 minime
2019 3319 2187 3375 esse,
2220 3302 2392 3380 quod
2450 3302 2670 3380 plures
2724 3312 3076 3381 operentur
3125 3309 3617 3383 personte;_sed
3664 3309 3928 3383 insuper,

735 3417 1055 3486 oportere,
1088 3407 1259 3485 quod
1294 3415 1355 3466 et
1388 3404 1645 3475 virtute,
1685 3410 1746 3463 et
1770 3404 2018 3466 actione
2058 3402 2333 3476 diversa,
2367 3412 2425 3463 et
2454 3403 2693 3484 absque
2732 3406 2925 3467 unius
2950 3406 3027 3466 ab
3055 3406 3248 3477 altera
3297 3408 3750 3486 depondentia,
3781 3406 3926 3467 sul;-

736 3507 1143 3571 ordinatione
1199 3504 1295 3567 vel
1340 3503 1566 3566 ordine
1592 3512 1938 3580 cpercntur
1978 3511 2038 3564 et
2072 3506 2303 3583 agant?
2330 3506 2575 3566 Eodem
2613 3507 2808 3582 igitur
2840 3516 3016 3585 pacto
3059 3517 3120 3570 et
3165 3526 3278 3571 nos
3311 3510 3790 3589 reSpondemus,
3823 3510 3928 3568 Pa-

732 3625 895 3689 trem
931 3618 991 3674 et
1038 3607 1274 3670 Filium
1328 3623 1455 3669 non
1513 3607 1781 3687 duplex,
1828 3608 1936 3667 sed
1998 3625 2192 3667 unum
2235 3624 2374 3669 esse
2424 3592 2820 3689 principium
2879 3595 3154 3693 Spiritus
3186 3613 3413 3688 sancti,
3445 3614 3598 3692 quia
3637 3613 3794 3676 sicut
3845 3616 3931 3673 est

736 3712 961 3777 eadem
1008 3713 1348 3790 utriusque
1396 3722 1621 3771 natura
1666 3719 1727 3770 et
1783 3712 2089 3782 essentia,
2139 3711 2220 3770 ita
2267 3720 2327 3773 et
2385 3713 2607 3773 eadem
2659 3713 2987 3774 numer-ica
3023 3715 3243 3785 virtus,
3292 3721 3353 3775 et
3413 3716 3577 3776 actio
3620 3714 3929 3776 individua

738 3816 1080 3893 utriusque
1116 3830 1275 3875 :seu
1311 3810 1465 3890 quia
1504 3811 1714 3891 Filius
1740 3808 1998 3870 nonnisi
2054 3809 2288 3870 virtute
2344 3812 2726 3888 actioneque
2777 3828 2812 3872 a
2851 3815 3028 3872 Patre
3059 3820 3306 3890 recepta
3350 3815 3646 3890 producit
3679 3836 3693 3873 :
3724 3822 3780 3875 et
3814 3829 3927 3874 non

739 3925 1056 3996 quatenus
1087 3913 1361 3977 refertur
1404 3914 1478 3979 ad
1512 3915 1754 3974 Patrem
1786 3912 1864 3972 ab
1894 3928 2102 3990 eoque
2133 3911 2590 3991 distinguitur;
2620 3913 2729 3973 sed
2761 3921 3080 3991 quatenus
3111 3931 3301 3973 unum
3332 3914 3635 3992 idemque
3666 3931 3799 3975 cum
3828 3912 3929 3971 illo

738 4025 861 4080 est.
903 4015 1455 4091 Quemadmodum
1488 4014 1685 4093 igitur
1716 4013 1798 4075 ob
1832 4012 2141 4073 rationem
2181 4012 2432 4073 allatam
2464 4029 2688 4073 omnes
2722 4024 2783 4073 et
2806 4012 3079 4091 singula:
3102 4013 3431 4074 Trinitatis
3463 4022 3751 4091 personae
3795 4019 3929 4073 sunt

734 4138 930 4183 unum
961 4116 1305 4180 creationis
1346 4110 1760 4193 principium,
1789 4128 2088 4190 unusque
2136 4127 2348 4170 rerum
2390 4111 2681 4172 omnium
2721 4121 2966 4192 κτιστὴς,
3004 4122 3284 4182 creator;
3328 4116 3410 4176 ita
3458 4123 3520 4176 et
3553 4102 3830 4179 eamdem
3858 4116 3929 4171 ob

735 4240 988 4287 causam
1022 4224 1204 4282 Pater
1235 4225 1295 4280 et
1327 4218 1532 4278 Filius
1555 4222 1705 4295 sunt
1733 4216 1987 4275 unicum
2007 4214 2281 4293 Spiritus
2317 4232 2337 4274 ε

2324 4215 2517 4276 sancti
2548 4215 2961 4294 principium,
2999 4221 3358 4295 unicusque
3390 4230 3705 4298 προϐολεὺς,
3740 4224 3926 4303 spira:

735 4340 838 4388 tor
865 4322 1409 4402 simplicissimus.
1442 4323 1561 4381 Res
1594 4336 1746 4381 sane
1784 4318 2121 4396 perspicua
2155 4320 2215 4379 et
2254 4319 2486 4397 cuique
2529 4318 2745 4398 pervia
2805 4327 2920 4381 est.
2967 4321 3177 4393 Quare
3231 4338 3349 4382 nos
3391 4324 3654 4385 minime
3710 4323 3922 4386 asseri-

740 4445 906 4499 mus,
934 4428 1077 4487 ideo
1108 4425 1415 4501 Spiritum
1439 4428 1723 4482 sanctum
1755 4422 1943 4482 etiam
1971 4437 2004 4481 a
2028 4420 2191 4481 Filio
2225 4424 2592 4498 procedere,
2617 4423 2769 4501 quia
2793 4424 3335 4502 imperfectusseu
3360 4424 3729 4503 imperfecto
3760 4426 3923 4486 modo

739 4529 1033 4608 procedat
1065 4547 1096 4591 a
1128 4532 1309 4591 Patre
1339 4527 1535 4607 (quod
1568 4524 1793 4603 absit);
1833 4526 1943 4585 sed
1977 4524 2129 4604 quia
2166 4525 2285 4586 hoc
2332 4527 2495 4603 ipso,
2532 4528 2701 4604 quod
2757 4543 2791 4587 a
2839 4530 3016 4588 Patre
3078 4528 3388 4605 procedit,
3426 4545 3459 4591 a
3492 4529 3655 4593 Filio
3689 4546 3922 4611 quoque

736 4636 1080 4712 procedere
1116 4649 1449 4696 necessum
1474 4640 1607 4705 est;
1636 4646 1780 4693 cum
1814 4646 1941 4692 una
1975 4630 2328 4709 eademque
2382 4632 2584 4693 virtus
2646 4639 2711 4693 et
2772 4622 3124 4711 aclio,_qua
3163 4634 3346 4695 Pater
3379 4632 3716 4712 producit,
3747 4642 3924 4699 exstet

737 4743 924 4799 etiam
965 4738 1026 4795 in
1057 4735 1226 4794 Filio
1250 4721 1708 4795 communicata
1760 4735 1837 4795 ab
1868 4734 2144 4813 ipsemet
2202 4732 2383 4795 Patre
2421 4756 2435 4794 :
2474 4733 3013 4813 quemadmodum
3044 4751 3143 4796 res
3194 4742 3444 4807 creatae,
3481 4753 3557 4798 eo
3587 4738 3726 4815 ipso
3768 4737 3920 4815 quod

739 4842 1178 4918 producuntur
1207 4853 1241 4897 a
1278 4837 1480 4911 Patre,
1513 4836 1701 4897 etiam
1726 4854 1759 4897 a
1786 4836 1950 4897 Filio
1982 4844 2041 4895 et
2072 4852 2108 4897 a
2136 4837 2379 4912 Spiritu
2409 4824 2629 4898 Sancto
2662 4836 3094 4913 producantur
3122 4844 3389 4913 oportet,
3417 4854 3558 4897 eum
3588 4846 3824 4907 neuter,
3853 4836 3920 4894 ad

736 4943 853 5001 hoc
885 4939 1055 5017 quod
1116 4939 1364 5009 attinet,
1396 4942 1763 4997 secernatur
1803 4951 1835 4995 a
1870 4936 2080 4995 Patre.
2134 4936 2494 4997 Mirandum
2552 4952 2705 4996 sane
2745 4936 3107 5013 iterumque
3166 4935 3551 5007 mirandum,
3588 4937 3754 5015 quod
3802 4952 3917 4995 rem

738 5040 900 5099 adeo
932 5040 1329 5116 perspicuam
1361 5038 1875 5117 TheOphylactus
1910 5054 2034 5100 non
2069 5038 2583 5116 viderit,'sicque
2613 5037 3223 5116 argumentationem
3267 5039 3559 5101 instituat
3591 5058 3760 5102 num.
3795 5039 3862 5098 Vl
3900 5057 3911 5096 :

738 5150 799 5202 Εἰ
837 5149 936 5217 μὲν
965 5146 1055 5198 οὖν
1082 5148 1262 5237 ἧγὶδς
1294 5148 1386 5199 τοῦ
1419 5148 1732 5218 Πνεὺματος
1761 5150 1951 5212 αἴτιος,
1984 5149 2076 5201 δύο
2109 5148 2275 5218 ἀρχαὶ
2307 5165 2335 5199 τ

2318 5147 2398 5200 τοῦ
2432 5148 2579 5209 eve;
2601 5139 2669 5198 Si
2696 5140 2902 5217 itaque
2929 5137 3132 5199 Filius
3162 5122 3385 5199 auctor
3413 5149 3501 5200 est
3530 5139 3709 5198 etiam
3735 5139 3920 5216 Spiri-

739 5249 838 5298 tus
871 5236 1250 5308 sancti,-;duo
1311 5246 1455 5295 sunt
1506 5239 1693 5296 unius
1724 5254 2009 5313 personte
2040 5238 2495 5315 principia.'At
2526 5255 2716 5314 quem
2751 5239 2812 5298 in
2843 5243 3281 5301 transversum
3327 5254 3451 5299 non
3482 5239 3919 5316 aganttirmata

732 5344 860 5423 jam
900 5342 1282 5420 l’irzejudicia,
1316 5347 1375 5400 ct
1408 5356 1637 5412 causae,
1664 5356 1805 5415 quae
1853 5349 2307 5414 prOpuguatur,
2356 5340 2705 5418 iniquitas?
2739 5344 2845 5401 Est
2869 5358 3041 5410 ,vero
3075 5341 3531 5417 perridiculum
3563 5347 3732 5419 (pace
3782 5338 3914 5401 tanti

743 5445 857 5503 viri
902 5443 1197 5519 dixerim)
1229 5442 1399 5519 quod
1433 5438 1648 5499 subdit
1693 5461 1708 5497 :
1740 5437 1919 5510 Quod
1948 5447 2145 5495 autem
2175 5439 2466 5514 pluribus
2498 5441 2831 5517 principiis
2866 5459 3021 5519 opus
3053 5439 3229 5501 habet
3273 5437 3356 5499 ad
3382 5443 3812 5511 exsistendum,
3840 5437 3920 5497 vel

736 5550 935 5627 majus
963 5547 1079 5605 erit
1109 5563 1171 5602 eo
1203 5543 1363 5621 quod
1397 5562 1473 5603 ex
1501 5561 1624 5602 uno
1659 5541 1976 5619 principio
2002 5539 2186 5598 habet
2218 5538 2363 5610 esse,
2398 5543 2487 5600 rel
2518 5545 2769 5620 ecquale,
2806 5544 2898 5602 rei
2935 5544 3159 5603 minus.
3195 5541 3315 5604 Sed
3356 5528 3597 5622 ecquale
3624 5547 3775 5603 'esse
3807 5560 3918 5601 non

738 5660 962 5726 potest,
997 5648 1274 5726 alioquin
1304 5657 1454 5705 esset
1486 5646 1550 5707 id
1580 5664 1814 5723 quoque
1860 5662 1938 5703 ex
1964 5661 2089 5701 uno
2116 5645 2454 5719 principio.
2490 5647 2707 5705 Restat
2729 5646 2930 5720 igitur
2952 5654 3017 5703 ut
3056 5645 3252 5724 majus
3281 5647 3363 5706 sit
3405 5656 3523 5704 aut:
3552 5661 3769 5705 minus.
3806 5641 3919 5720 lgi-

736 5764 844 5813 tur
876 5752 1054 5811 etiam
1082 5748 1362 5827 Spiritus
1396 5755 1646 5807 sanctus
1676 5756 1785 5807 aut
1817 5747 2015 5821 major
2045 5741 2213 5805 Filio
2249 5748 2443 5806 erit...
2471 5754 2576 5805 aut
2610 5742 2834 5803 minor.
2874 5747 3029 5818 Quae
3072 5728 3557 5824 argumentandi
3617 5741 3765 5804 ratio
3810 5756 3918 5801 non
4008 5786 4009 5791 η
