4056 6340
123 385 249 451 465
697 449 701 453 ,
1001 391 1082 454 ΙΝ
1121 393 1554 465 SEQUENTIA'
1577 396 1725 456 THE

1785 397 2150 460 PHYLACTI
2182 400 2516 464 SCRIPTA.
2664 355 2669 363 Ι
3277 408 3387 475 Μ

128 500 364 562 sOIum
403 506 614 580 peccat
638 501 705 564 in
743 496 819 564 eo
848 503 1018 582 quod
1045 507 1285 566 Patrem
1317 514 1378 568 et
1413 507 1652 568 Filium
1692 511 1820 571 duo
1853 493 1995 570 esse
2030 497 2344 591 principia}
2389 515 2666 592 Spiritus
2696 519 2894 578 sancti
2921 519 3053 597 jam
3082 535 3370 601 prmsnp-

131 606 373 674 ponat,
407 599 515 662 sed
550 600 615 661 in
655 617 733 662 eo
768 602 1194 680 potissimum,
1224 607 1396 685 quod
1432 623 1555 668 non
1590 608 1744 668 satis
1778 609 2299 672 animadverterit
2331 613 2871 694 'I‘heophylactus,
2908 599 3383 694 processioncm

128 700 438 777 Spiritus
477 701 678 763 sancti
714 718 752 765 e
781 703 1030 765 duabus
1055 707 1352 782 personis
1383 724 1508 769 non
1542 727 1620 770 ex
1650 711 1867 790 aliqua
1900 712 2081 774 illius
2116 714 2473 794 indigentia
2513 717 2854 793 proficisci,
2882 719 2995 779 sed
3021 736 3100 781 ex
3135 719 3377 782 unitate

127 807 349 878 atque
380 800 713 866 identitate
739 804 994 867 virtutis
1026 808 1374 870 etactionis
1408 811 1744 888 spirantis,
1769 829 1908 892 quas
1936 814 2003 876 in
2065 822 2334 894 utraque
2367 834 2642 896 persona
2694 826 2823 892 est;
2862 837 3051 897 quam
3115 821 3198 883 ob
3253 838 3386 882 rem

132 901 312 960 oriri
357 917 484 961 non
517 910 720 980 potest
753 921 786 965 a
819 907 998 968 Patre
1030 910 1186 986 quin
1216 912 1405 972 simul
1444 912 1687 976 oriatur
1721 934 1755 978 a
1795 918 1981 989 Filio,
2015 919 2554 996 quemadmodum
2593 922 2791 983 creari
2830 925 3109 986 mundus
3141 941 3174 984 a
3210 927 3387 1003 Patre

135 1020 280 1066 non
321 1009 708 1089 potuitquiu
740 1019 800 1072 et
832 1014 970 1076 alia;
1003 1033 1294 1093 personae
1324 1034 1784 1087 concurrerent
1844 1027 1908 1086 in
1957 1025 2371 1111 creationem.
2426 1026 2548 1088 Sed
2598 1025 2770 1105 piget
2813 1025 2893 1086 'in
2939 1025 3064 1100 his,
3102 1043 3245 1105 qua;
3293 1027 3389 1088 vrl

132 1105 321 1182 ipsis
354 1108 692 1188 theologia:
718 1114 1038 1178 tironibus
1071 1118 1393 1197 explorata
1425 1131 1610 1195 sunt,
1634 1127 1877 1188 diutius
1923 1105 2277 1192 immorari.
2506 1169 2509 1172 -

226 1209 595 1270 XXXVIII.
645 1213 1199 1286 Quemadmodum
1251 1235 1439 1296 porro
1492 1222 1682 1284 nihili
1750 1225 2042 1289 facienda
2095 1239 2213 1303 est,
2243 1229 2318 1290 ad
2369 1229 2489 1290 hoc
2525 1226 2703 1308 quod
2749 1227 3006 1300 attinet,
3048 1226 3389 1289 auctoritas

130 1304 647 1386 TheOphylacti,
681 1319 899 1388 utpote
930 1315 1390 1380 infirmissimis
1431 1327 1828 1400 argumentis
1870 1327 2102 1401 innixi,
2139 1329 2224 1389 ita
2265 1304 2588 1407 probanda
2641 1329 2821 1390 illius
2855 1327 3058 1389 animi
3093 1327 3389 1387 modera-

134 1407 268 1476 tio,
300 1409 474 1484 quod
509 1425 851 1482 acensura
883 1414 1179 1493 qualibet
1205 1418 1590 1496 disputando
1622 1423 2044 1495 abstinuerit;
2104 1444 2247 1488 cum
2305 1446 2386 1490 ex
2442 1428 2775 1490 Pbotianis
2821 1426 3024 1506 aliqui
3083 1433 3386 1504 tanquam

131 1507 529 1584 hareticam,
554 1511 664 1574 alii
701 1523 767 1573 ut
804 1514 1219 1594 blasphemam
1247 1521 1314 1579 in
1337 1521 1649 1600 Spiritum
1675 1536 1959 1587 sanctum
1997 1531 2329 1590 traducere
2355 1530 2726 1590 Latinorum
2761 1526 3166 1596 sententiam,
3199 1533 3391 1602 atque

136 1609 325 1673 adeo
352 1613 580 1691 dogma
604 1615 1172 1690 catholicum,.non
1217 1633 1573 1697 vereantur,
1614 1634 1680 1686 ut
1726 1626 2121 1689 furibundus
2157 1629 2265 1692 ille
2312 1629 2703 1709 sycophanta
2742 1626 3143 1706 Ephrmmus.
3179 1624 3390 1684 Theo-

140 1709 500 1787 phylactus
525 1723 740 1776 contra
776 1716 1029 1778 videtur
1062 1727 1128 1780 ut
1159 1709 1380 1804 falsam
1417 1726 1854 1786 tantummodo
1883 1727 2260 1803 opinionem
2298 1726 2483 1805 queis
2521 1733 2724 1804 potest
2774 1725 3169 1798 argumentis
3202 1720 3391 1782 refel-

135 1809 310 1871 lere.
346 1812 512 1874 Hinc
543 1832 717 1877 num.
754 1814 834 1877 ΠΙ
868 1826 924 1877 τὸ
954 1828 1209 1896 μέγιστον
1231 1830 1474 1883 Λατίνων
1504 1833 1737 1903 σφάλμα..

1791 1829 2126 1886 maximum
2181 1827 2543 1888 Latinorum
2573 1845 2846 1888 errorem
2871 1827 3057 1886 docet
3091 1843 3233 1885 esse
3269 1839 3393 1883 non

133 1913 388 1987 ipsam,
421 1932 609 1990 quam
675 1925 950 1992 tuemur,
1002 1923 1408 1995 sententiam,
1458 1927 1570 1986 sed
1633 1935 1732 2006 τὴν

1793 1954 1820 1988 ν
1854 1937 1933 2006 τῷ
1963 1941 2199 2001 πίστεως
2229 1938 2487 2009 Συμϐόλῳ
2520 1938 2896 2008 καινοτομίαν,
2964 1927 3273 1987 invectam
3326 1924 3395 1983 in

133 2020 300 2097 ﬁdei
325 2024 688 2101 Symbolum
719 2027 1209 2115 innovationem,
1235 2048 1350 2092 seu
1383 2032 1778 2099 additionem
1814 2037 2158 2112 particula},
2191 2037 2517 2114 Filioque;
2549 2042 2609 2097 et
2643 2052 2817 2095 num.
2850 2034 3001 2094 XIII
3036 2031 3101 2091 in
3151 2027 3394 2106 placitis

137 2127 736 2192 Latinorum’velut
758 2142 856 2212 τὴν
884 2145 1156 2214 τεκτρὶκην
1188 2145 1368 2199 πίστιν
1393 2147 1640 2210 σαλεῦον,
1671 2139 1739 2216 lic

1832 2159 1851 2198 ι
1895 2143 2271 2201 "concutiens
2308 2141 2417 2202 SS.
2451 2141 2735 2212 Patrum,
2771 2137 2980 2198 solum
3033 2133 3217 2194 affert
3249 2141 3310 2192 τὸ
3342 2144 3398 2192 ὲν
3430 2177 3434 2181 .

135 2238 224 2308 τῷ
250 2241 522 2310 Συμϐόλῳ
553 2246 678 2312 περὶ
714 2244 808 2298 τοῦ
851 2246 1034 2315 ’Λγίου
1065 2249 1377 2319 Πνεύματος
1412 2252 1737 2323 προστιϐἑμε

1796 2272 1852 2314 .v,
1882 2244 1965 2317 id,
1994 2244 2158 2324 quod
2185 2244 2256 2303 de
2270 2246 2519 2322 Spiritu
2545 2253 2757 2302 sancto
2783 2239 3090 2318 adjectum
3117 2244 3201 2293 est
3221 2235 3398 2312 Sym-

136 2329 319 2391 bolo.
364 2333 456 2392 Ad
532 2335 700 2396 hunc
725 2349 964 2435 autem.
998 2359 1269 2402 errorem
1317 2343 1687 2405 Latinorum
1726 2349 2066 2408 maximum
2131 2346 2596 2430 proﬂigandam
2636 2361 2762 2406 non
2791 2341 2917 2402 alio
2951 2339 3151 2400 utitur
3198 2352 3428 2412 argu-'

142 2439 400 2505 mento,
450 2451 638 2513 quam
699 2438 817 2502 hoc
859 2463 872 2500 :
916 2444 1010 2504 Δεῖ
1039 2453 1095 2506 δὲ
1126 2441 1376 2508 εἶναιτοῧ
1411 2458 1602 2511 πιστοῦ
1633 2460 1692 2511 τὸ
1725 2477 1744 2510 a

1798 2460 1993 2527 μῶλον
2035 2460 2214 2530 πάσης
2251 2458 2635 2527 ἀπηλαγμένον
2662 2455 3088 2524 περιποιήσεως,
3133 2440 3395 2518 Oportet

137 2532 318 2590 enim
347 2535 550 2610 ﬁdei'is
575 2542 918 2617 symbolum
950 2545 1217 2606 immune
1251 2566 1381 2607 esse
1424 2549 1497 2610 ab
1532 2551 1699 2610 Omni
1726 2550 2271 2627 adulteratio‘nelet
2309 2545 2883 2627 corruptione..Sed
2922 2545 2996 2604 ad
3033 2543 3148 2602 hoc
3182 2537 3396 2600 facilis

146 2634 664 2711 responsio‘est,
701 2658 911 2720 neque
946 2642 1512 2724 ThCOpiniaClllm,
1550 2649 1695 2710 licet
1727 2650 1850 2712 acri
1887 2649 2147 2727 ingenio
2170 2645 2534 2726 prmditum,
2577 2645 2902 2724 probasse,
2947 2658 3158 2719 neque
3191 2640 3393 2701 alium

139 2735 529 2809 quempiam
565 2757 706 2800 esse
736 2761 1015 2820 unquam
1051 2735 1484 2823 probaturum,
1521 2748 1738 2809 falsam
1782 2766 1924 2810 esse
1993 2727 2356 2824 Latinoruin
2412 2745 2763 2824 doctrinam
2819 2746 3031 2819 quoad
3117 2739 3426 2822 Spiritus.

141 2830 361 2888 sancti
395 2832 586 2894 etiam
623 2854 658 2898 a
686 2816 864 2902 Filio'
890 2816 1388 2920 processionem.
1414 2816 1555 2921 Quo
1583 2849 1776 2925 igitur
1800 2851 1944 2926 jure
1988 2867 2097 2926 per
2125 2816 2514 3011 additiipznozn
2568 2847 2739 2907 vocis
2790 2843 3076 2920 Filioque
3113 2839 3244 2906 dici
3273 2854 3389 2916 po-

144 2930 308 2990 terit
339 2932 715 3009 Symbolum
764 2943 1186 3006 adulterat-um
1217 2948 1352 3010 sive
1411 2952 1825 3011 corrupt-um?
1859 2951 2163 3011 Craterum
2225 2947 2676 3011 de-inhesinaa
2737 2945 2971 3011 svnodi
3015 2942 3382 3011 interdicto,

144 2930 308 2990 terit
339 2932 715 3009 Symbolum
764 2943 1186 3006 adulterat-um
1217 2948 1352 3010 sive
1411 2952 1825 3027 corrupt-um?
1859 2951 2163 3011 Craterum
2225 2930 2676 3027 de-iiphesinaa
2737 2945 2971 3025 synodi
3015 2942 3382 3011 interdicto,

147 3030 336 3104 quod
372 3035 531 3095 adeo
565 3037 850 3114 jactitant
883 3043 1198 3120 Photiani,
1228 3057 1289 3108 et
1328 3066 1438 3126 pro
1469 3066 1596 3128 quo
1635 3058 1755 3110 tam
1790 3050 1950 3110 altos
1976 3050 2283 3110 clamores
2318 3048 2512 3119 cient,
2546 3064 2676 3124 quo
2710 3062 2940 3122 nempe
2977 3043 3242 3104 vetitum
3271 3053 3396 3115 pu-

147 3136 316 3203 tant,
365 3149 444 3193 ne
475 3138 824 3218 quidquam
857 3144 1159 3222 Symbolo
1189 3148 1283 3210 vel
1320 3149 1573 3228 majoris
1602 3159 1844 3210 tantum
1885 3148 2333 3225 etplicationis
2356 3148 2552 3225 gratia
2582 3147 2926 3218 adderetur
2971 3142 3182 3223 (quasi
3245 3143 3395 3200 vero

153 3231 254 3288 vel
287 3230 408 3292 hac
439 3234 650 3297 solum
683 3240 760 3300 de
792 3259 981 3305 causa
1015 3247 1359 3324 rejicienda
1387 3257 1554 3308 esset
1589 3255 1653 3307 ut
1687 3247 1884 3323 imp-ia
1933 3255 2124 3324 atque
2154 3245 2487 3324 illegitima
2522 3250 2885 3304 memoratas
2920 3237 3248 3319 particulm
3281 3239 3396 3298 ad.-

150 3330 374 3407 ditio),
412 3334 659 3396 nullum
692 3338 1208 3419 TheOphylactus
1243 3345 1500 3404 verbum
1529 3343 1709 3416 facit;
1753 3346 1923 3423 quod
1971 3343 2122 3403 mihi
2158 3349 2533 3420 argumento
2563 3339 3074 3402 luculentissimo
3107 3342 3226 3406 est,
3265 3351 3398 3410 per-

149 3450 430 3493 suasum
461 3435 553 3494 illi
585 3436 810 3511 t'uisse,
836 3439 1243 3504 interdictum
1272 3445 1666 3520 Ephesinnm
1701 3461 1842 3504 esse
1873 3442 2083 3514 aliter,
2115 3448 2306 3517 atque
2329 3457 2362 3499 a
2393 3438 2714 3505 Pbotiauis
2745 3439 3002 3507 assolet,
3032 3434 3398 3511 intelligen-

149 3529 316 3589 dum
361 3553 375 3588 :
408 3534 700 3611 adeoque
727 3537 1094 3601 nullatenus
1131 3542 1486 3619 improbare
1542 3534 1959 3608 additionem,
1999 3541 2064 3599 in
2101 3556 2292 3619 quam
2353 3537 2447 3598 illi
2483 3538 2644 3598 adeo
2707 3536 3124 3596 conclamant.
3158 3537 3277 3600 Sed
3316 3537 3395 3598 de

149 3627 274 3691 hac
311 3631 553 3692 celebri
581 3633 976 3697 Allocutione
1003 3656 1078 3698 ne
1106 3640 1305 3716 plura.
1348 3639 1680 3719 Quidquid
1719 3638 2432 3718 enimTheOphylactus
2472 3638 2761 3716 adjungit
2791 3637 2887 3699 vel
2928 3644 3142 3699 contra
3177 3637 3393 3714 legiti-

152 3747 340 3791 mum
401 3748 772 3810 azymowm
805 3752 991 3796 usum
1024 3738 1086 3797 in
1125 3738 1532 3799 Eucharistiie
1562 3738 1986 3811 confectione,
2023 3738 2120 3800 vel
2149 3745 2364 3798 contra
2399 3735 3108 3813 Latinorumjejnnium
3142 3735 3205 3796 in
3249 3735 3397 3795 Sab-

151 3833 330 3903 bato,
366 3831 622 3893 abunde
650 3834 912 3896 refutata
938 3837 1061 3911 jam
1089 3836 1296 3906 habes
1325 3841 1387 3899 in
1425 3840 1656 3914 prmvia
1691 3839 2185 3898 Dissertatione:
2226 3849 2642 3912 praeterquam
2666 3835 2838 3912 quod
2872 3833 3391 3918 ’I‘heOphvlactus

153 3931 303 4006 ipse
337 3929 597 4003 fatetur,
638 3933 766 3994 duo
790 3935 921 3994 haec
957 3935 1108 3995 tanti
1168 3936 1473 3996 momenti
1537 3951 1662 3994 non
1697 3949 1861 4005 esse,
1890 3942 1957 3993 ut
1989 3932 2249 3993 Latinos
2305 3932 2470 3989 inter
2494 3938 2554 3991 et
2591 3931 2839 3991 Grmcos
2872 3929 3141 3994 dissidia
3177 3945 3393 4007 parere

152 4029 466 4103 debeant,
517 4035 846 4111 multoque
888 4036 1101 4098 minus
1128 4037 1322 4098 unius
1360 4035 1654 4097 Ecclesia:
1684 4034 1762 4094 ab
1805 4033 2000 4095 altera
2033 4032 2526 4111 separationcm.

1551 4177 1833 4238 SECTIO
1858 4176 2016 4235 VIII.

698 4315 836 4379 ‘De
877 4320 1281 4380 Institutione
1311 4319 1505 4397 regia,
1537 4319 1619 4380 ad
1650 4320 2130 4383 Constantinum
2164 4323 2804 4402 Porphyrogem'tum.

238 4446 546 4518 XXXIX.
583 4443 1050 4505 Allocutionem
1078 4445 1153 4507 de
1189 4446 1294 4520 iis,
1325 4464 1486 4525 quos
1519 4449 1716 4509 Graeci
1754 4448 1992 4509 Latinis
2046 4447 2379 4532 attingunt,
2414 4446 2739 4508 erroribus
2781 4445 3017 4524 excipit
3065 4447 3392 4507 Institutio

154 4551 338 4630 regia
369 4547 454 4608 ad
481 4547 954 4627 Constantinum
975 4539 1612 4629 Porphyrogenitum,
1651 4551 2054 4628 imperatoris
2090 4553 2277 4612 Ducm
2300 4553 2405 4627 IV,
2428 4560 2488 4612 et
2518 4550 2732 4612 Marim
2763 4566 2840 4640 ex
2872 4550 3093 4611 Iberia:
3134 4549 3391 4624 regibus

156 4648 748 4730 prognatae-tilium.
784 4652 1124 4728 Egregium
1159 4667 1310 4709 sane
1345 4665 1531 4727 Opus,
1561 4657 1621 4710 et
1647 4648 2104 4727 TbeOphylacti
2145 4650 2432 4729 ingenio,
2467 4650 2832 4712 eruditione
2862 4666 2931 4708 ac
2963 4648 3272 4725 sapientia
3299 4649 3373 4708 di-

157 4771 389 4831 gnum.
433 4752 722 4816 Divisum
747 4753 930 4814 estin
965 4758 1170 4828 partes
1202 4751 1398 4824 duas;
1432 4769 1700 4831 quarum
1724 4752 1920 4813 altera
1956 4753 2024 4813 in
2058 4755 2270 4814 Maria:
2303 4755 2723 4830 imperatricis
2757 4750 3009 4814 eximiis
3029 4749 3225 4810 animi
3273 4751 3390 4811 do-

157 4855 366 4928 tibus,
401 4853 696 4931 regiique
724 4850 906 4930 pueri
932 4868 1076 4912 cum
1109 4851 1328 4925 animi,
1369 4859 1499 4913 tum
1535 4853 1723 4914 etiam
1756 4855 2042 4931 corporis
2073 4852 2474 4932 exponendis
2515 4851 3031 4926 extollendisque
3069 4866 3391 4928 praeroga-

159 4953 314 5013 tivis
351 4963 478 5016 tota
512 4962 634 5015 est.
669 4953 880 5016 Altera
912 4968 1062 5013 vero
1097 4953 1316 5025 multa,
1356 4971 1558 5032 eaque
1595 4955 2073 5032 sapientissima
2109 4958 2413 5028 praecepta
2451 4950 2914 5028 complectitur,
2959 4951 3141 5030 queis
3175 4950 3387 5008 'I‘beo-

159 5055 507 5132 pliylactus
555 5057 695 5136 ipse
753 5055 1491 5150 Constantinunygujus
1548 5066 1895 5135 prmccptor
1936 5063 2091 5122 erat,
2128 5056 2201 5114 ad
2263 5054 2423 5114 bene
2489 5054 2893 5133 feliciterque
2947 5050 3389 5154 imperandum

159 5152 472 5214 instituit.
501 5155 568 5213 Et
603 5172 754 5215 sane
781 5155 844 5215 in
878 5154 993 5218 hac
1025 5165 1198 5234 parte
1253 5157 1729 5218 absolutissime
1765 5155 2023 5215 functus
2063 5171 2181 5214 suo
2249 5172 2515 5216 munere
2569 5163 2714 5245 est:
2747 5152 3291 5234 qnemadmbdum
3327 5152 3388 5212 in

159 5253 282 5313 alia
317 5251 535 5327 priore
576 5255 796 5317 diserti
830 5258 1122 5330 oratoris,
1152 5259 1415 5319 fortasse
1449 5267 1507 5316 et
1543 5257 1727 5330 periti
1762 5257 1955 5318 aulici
1991 5266 2198 5334 partes
2227 5259 2496 5319 solerter
2533 5254 2840 5336 explevit.
2871 5255 3184 5316 Libellum
3220 5254 3390 5316 hunc

161 5373 240 5417 ex
269 5353 662 5417 bibliotheca
686 5358 1835 5435 Florentinomlediceaprimuscruit
1859 5361 2272 5421 doctissimus
2310 5361 2667 5437 Grmrmque
2697 5357 2928 5434 lingua;
2961 5356 3387 5435 peritissimus

151 5457 392 5518 Petrus
430 5453 755 5526 Possinus,
791 5456 1044 5534 inclytae
1077 5457 1408 5518 Societalis
1467 5459 1621 5516 Jesu
1657 5457 1956 5519 alumnus
1996 5469 2054 5518 ct
2088 5466 2573 5523 ornamentum;
2608 5472 2889 5534 cumque
2917 5454 3204 5514 libellum
3241 5454 3384 5528 epi-

164 5556 327 5617 stola
363 5555 508 5615 data
529 5556 739 5614 Romae
767 5564 934 5616 anno
965 5555 1532 5635 (utvulgodicitur)
1564 5568 1779 5617 sancto
1813 5559 1990 5631 1650,
2031 5557 2353 5618 Ludovico
2390 5555 2552 5626 XIV,
2577 5555 2798 5616 Galliaa
2820 5561 2881 5614 et
2913 5556 3200 5613 Navarrm
3226 5553 3383 5625 regi,

162 5658 297 5718 tum
331 5659 544 5720 adhuc
577 5658 991 5730 adolescenti,
1023 5667 1082 5721 et
1114 5659 1233 5720 sub
1268 5658 1710 5755 matris/tutela
1743 5679 2009 5738 regnum
2058 5658 2551 5732 administranti,
2589 5653 3002 5732 nuncupavit,
3027 5669 3095 5714 ea
3126 5668 3388 5755 presser-

168 5759 278 5823 tim
316 5761 416 5841 (ut
446 5762 583 5842 ipse
616 5760 1177 5844 testatur)'ratione
1216 5763 1468 5838 ductus,
1505 5754 1676 5843 quod
1712 5765 1777 5826 in
1825 5765 1938 5826 hac
1976 5762 2187 5841 opella
2223 5760 2497 5824 describi
2533 5762 2607 5823 ad
2641 5758 2946 5822 amussim
2998 5764 3058 5821 et
3085 5754 3383 5836 graphice
