4056 6340
172 346 288 412 469
466 297 475 304 ἢ
1024 345 1105 404 IN
1133 332 1559 417 SEQUENTM
1591 348 2168 408 THEOPIlYL.\CTI
2218 348 2558 408 SCRIPTA.
3302 344 3406 408 470

175 459 314 521 bita
347 457 579 521 fuisset
610 456 823 518 ist.th
858 459 1086 532 oratio,
1140 477 1286 537 quae
1323 477 1518 538 supra
1567 461 1926 532 attulimus,
1984 461 2233 521 nullum
2272 459 2598 537 negotium
2644 457 3076 519 facesserent:
3112 474 3253 520 nam
3293 457 3412 520 ali-

173 561 443 637 quando
475 575 554 620 eo
587 576 851 620 munere
880 557 1195 630 functum,
1228 577 1369 620 cum
1408 580 1487 621 ex
1522 563 1669 623 aliis
1705 562 2161 632 monumentis,
2199 567 2328 620 tum
2365 563 2712 637 praesertim
2745 575 2821 620 ex
2859 561 3138 621 secunda
3170 577 3242 619 ex
3274 560 3418 637 epi«

174 658 376 719 stolis
413 659 549 719 illis
581 658 837 738 viginti,
869 675 1030 738 quas
1063 675 1235 720 nunc
1261 659 1538 736 primum
1583 665 1646 722 in
1691 661 1899 724 lucem
1930 663 2309 734 emittimus,
2356 661 2508 722 satis
2545 661 2870 738 explorata
2914 676 3015 720 res
3067 669 3161 720 est
3185 660 3292 738 (a).
3335 661 3414 721 At

170 757 667 836 Theotihylacto
692 760 824 838 jam
862 761 1252 834 senescenti,
1285 769 1346 822 et
1376 779 1406 822 a
1445 761 1743 840 pluribus
1775 763 1961 824 annis
1993 763 2413 839 amplissima)
2467 760 2766 822 Ecclesite
2809 760 3110 839 regimini
3160 760 3412 823 addicto

174 875 374 934 quam
412 878 631 939 parum
662 861 781 922 ista
820 859 1231 932 conveniant,
1275 876 1465 921 nemo
1508 878 1632 922 non
1670 862 1866 922 videt.
1908 861 2076 921 Alias
2111 879 2260 922 vero
2285 861 2578 921 Encomii
2617 859 2808 938 hujus
2839 866 3162 921 auctorem
3193 861 3412 938 sophi—

169 966 294 1015 sta:
323 967 385 1020 et
417 958 798 1022 scholarchw
827 977 1062 1022 munus
1095 961 1321 1022 eodem
1355 969 1666 1039 tempore,
1712 979 1842 1040 quo
1894 961 2052 1022 illud
2093 961 2345 1038 publice
2388 963 2698 1038 recitavit,
2748 964 3142 1029 exercuisse.
3195 970 3412 1038 aperte

170 1054 516 1135 colligitur
542 1058 692 1136 (nisi
729 1073 866 1118 mea
899 1075 996 1118 me
1026 1057 1190 1119 fallit
1220 1058 1470 1139 opinio)
1503 1077 1582 1120 ex
1615 1061 1826 1121 verbis
1861 1060 2037 1121 illius
2077 1061 2440 1136 postremis,
2475 1063 2717 1138 quibus
2750 1081 2904 1126 suos
2935 1063 3019 1124 ita
3054 1061 3438 1140 discipulos"

170 1155 427 1231 ipsum,
458 1163 522 1216 ut
553 1157 835 1230 videtur,
860 1157 1349 1220 circumstantes
1376 1159 1730 1238 alloquitur
1765 1177 1779 1220 :
1821 1160 1904 1220 At
1933 1181 2078 1220 vero
2114 1181 2222 1240 ego
2257 1162 2524 1240 quidem,
2556 1184 2589 1223 o
2624 1170 2833 1243 pueri,
2879 1163 3097 1226 debitw
3139 1166 3410 1242 impera?

166 1260 309 1319 tori
333 1268 552 1318 nostro
584 1263 805 1339 faustae
829 1265 1214 1339 precationis
1245 1283 1316 1323 ac
1348 1263 1553 1324 laudis
1586 1266 1718 1324 tela:
1749 1275 1986 1326 stamen
2005 1268 2140 1346 jam
2169 1269 2358 1344 posui
2379 1289 2396 1334 ;
2420 1287 2526 1328 vos
2560 1268 2915 1346 subtegmen
2962 1267 3240 1347 adjicite.
3280 1266 3416 1342 Ego

169 1358 360 1419 vobis
418 1369 612 1418 artem
651 1365 1018 1434 monstravi,
1068 1381 1188 1442 qua
1221 1362 1568 1441 elegantius
1614 1366 1792 1442 picta
1821 1374 2002 1442 atque
2031 1367 2383 1444 perfectior
2423 1366 2546 1424 tela
2589 1367 2718 1442 ﬁat.
2762 1368 3070 1427 Cmterum
3121 1363 3240 1426 etsi
3285 1364 3416 1424 hac

164 1462 396 1522 omnia
448 1463 884 1537 suspicionem
919 1464 1201 1542 aliquam
1257 1464 1552 1542 ingerere
1587 1464 1838 1542 possint
1889 1466 1967 1524 de
2001 1482 2305 1542 germano
2354 1467 2664 1526 orationis
2707 1466 2899 1544 hujus
2931 1474 3222 1537 auctore,
3266 1464 3415 1542 jure

167 1567 391 1620 tamen
430 1562 890 1638 impedimento
950 1564 1136 1624 nobis
1192 1580 1334 1625 esse
1391 1581 1517 1624 non
1557 1565 1812 1638 debent,
1868 1566 2217 1644 quominus
2257 1568 2321 1626 in
2369 1565 2487 1627 hoc
2539 1566 2866 1626 volumine
2924 1581 3047 1626 una
3098 1581 3238 1625 cum
3275 1562 3414 1623 aliis

167 1660 638 1741 'l‘heOphylacti
679 1665 980 1741 operibus
1030 1665 1248 1726 edatur
1316 1686 1330 1722 :
1373 1655 1690 1725 malumus
1739 1666 1910 1724 enim
1961 1664 2272 1726 incertum
2314 1665 2406 1725 illi
2461 1666 2656 1729 fetum
2685 1667 2985 1742 :tribuere
3023 1680 3212 1743 quam
3253 1662 3414 1723 forte

169 1755 546 1836 legitimum
581 1763 940 1825 detrahere.

1580 1908 1867 1968 SEC'I‘IO
1929 1911 2010 1968 X.

793 2073 880 2130 De
905 2073 1210 2151 Epistolis
1240 2077 1468 2153 viginti
1489 2093 1702 2134 recens
1737 2077 1934 2136 erutis
1968 2094 2046 2134 ea:
2078 2075 2451 2136 bibliotheca
2488 2075 2806 2134 Vaticana.

254 2212 458 2272 XLII.
492 2213 908 2298 Solertissimi
939 2217 1241 2278 editionis
1278 2219 1470 2296 hujus
1494 2225 1818 2279 curatores
1871 2235 2012 2280 cum
2050 2218 2350 2294 epistolas
2397 2216 2706 2295 quasdam
2747 2215 3020 2276 ineditas
3073 2214 3416 2292 TheOphy-

173 2307 326 2370 lacti
368 2314 568 2374 nostri
607 2314 668 2374 in
704 2315 1091 2378 bibliotheca
1133 2319 1431 2380 Vaticana
1459 2318 1652 2378 latere
1680 2319 2107 2390 inaudissent,
2141 2334 2248 2378 eas
2282 2315 2407 2376 sibi
2443 2315 2871 2393 procurandas
2919 2316 3184 2376 omnino
3235 2322 3419 2392 puta-

170 2417 357 2482 runt,
391 2428 470 2471 ne
506 2411 635 2472 ulla
666 2429 740 2471 ex
776 2423 949 2487 parte
1003 2415 1334 2475 imminuta
1389 2400 1672 2492 prodiret
1719 2432 1997 2491 praesens
2034 2414 2259 2476 editio.
2301 2414 2447 2475 Voti
2485 2408 2809 2492 compotes
2843 2414 3051 2475 eﬂ‘ecti
3083 2413 3264 2475 fuere
3294 2412 3420 2473 hu-

170 2512 483 2570 manitate
527 2529 772 2572 summa
805 2511 1208 2574 celeberrimi
1244 2515 1362 2574 viri
1393 2515 1651 2591 Josephi
1687 2514 1913 2576 Evodii
1943 2513 2304 2586 Assemani,
2336 2513 2624 2592 ejusdem
2663 2512 3068 2574 bibliothecae
3113 2511 3415 2590 prtefecti,

171 2610 294 2686 qui
335 2611 564 2686 viginti
600 2613 900 2689 epistolas
933 2633 1010 2675 ex
1046 2615 1342 2690 pluribus
1375 2600 1672 2677 collectas
1705 2615 2061 2689 codicibus,
2083 2624 2277 2693 atque
2308 2615 2551 2694 Optimo
2583 2613 2946 2675 charactere
2972 2622 3264 2675 exaratas
3293 2614 3418 2674 huc

184 2709 392 2781 misit,
432 2719 562 2771 uta
601 2713 785 2772 nobis
837 2714 1342 2789 producerentur
1382 2715 1448 2774 in
1483 2713 1714 2774 lucem.
1769 2715 1886 2773 Eas
1926 2713 2137 2790 reipsa
2182 2712 2385 2784 fuisse
2414 2728 2448 2773 a
2478 2710 2956 2789 TheOphylacto
3003 2713 3419 2788 conscriptas,

176 2808 407 2867 null-us
460 2827 598 2871 esse
637 2811 889 2876 videtur
939 2811 1304 2888 ambigendi
1349 2811 1560 2884 locus;
1592 2827 1734 2871 cum
1769 2819 1829 2871 et
1869 2810 2111 2871 diserte
2164 2791 2499 2890 prtefe‘riant
2548 2808 3011 2886 TheOphylacti
3065 2825 3323 2880 nomen,
3359 2816 3420 2870 et

174 2913 484 2971 eumdem
522 2905 760 2990 stylum
801 2913 1186 2990 easdemque
1219 2912 1416 2974 ferme
1451 2931 1574 2986 res,
1611 2927 1771 2992 quas
1804 2913 1945 2972 alite
1976 2916 2105 2989 jam
2132 2911 2344 2986 editae,
2375 2897 2766 3007 cbntineant.
2798 2911 3010 2984 Quare
3044 2901 3136 2971 nil
3196 2909 3423 2970 dubito

178 3015 542 3090 quominus
598 3015 832 3078 futura;
874 3016 1004 3077 sint
1050 3016 1295 3076 Lectori
1336 3016 1732 3094 gratissimae.
1769 3015 2086 3078 Peculiari
2137 3022 2348 3076 tamen
2389 3013 2713 3090 voluptate
2761 3029 2908 3074 eum
2963 3028 3246 3090 auguror
3282 3009 3423 3072 atii-

176 3120 488 3180 ciendum
526 3138 598 3180 ex
636 3121 928 3199 epistolis
961 3119 1206 3181 decima
1235 3121 1789 3196 septima,decima
1819 3129 2062 3202 octava,
2107 3125 2168 3178 et
2201 3115 2449 3177 decima
2486 3130 2676 3188 nona,
2713 3130 2856 3193 qua;
2893 3114 3180 3175 eamdem
3209 3111 3417 3174 conti-

181 3239 387 3282 nuare
423 3222 657 3283 seriem
690 3223 992 3284 videntur
1021 3239 1164 3283 cum
1197 3222 1514 3283 tricesima
1560 3220 1844 3282 secunda
1876 3237 1951 3279 ex
1985 3217 2178 3278 editis
2211 3233 2244 3277 a
2286 3215 2613 3276 Meursio:
2651 3214 2757 3275 ubi
2785 3221 2846 3275 et
2871 3213 3418 3292 TheOphylactum

182 3323 542 3400 perspicies
568 3326 1010 3384 auctoritatem
1044 3340 1222 3384 suam
1258 3323 1323 3383 in
1347 3324 1724 3399 episc0pum
1759 3319 2094 3380 Triaditzm
2124 3323 2553 3388 exercentem,
2588 3333 2730 3376 cum
2765 3307 3154 3375 humanitate
3178 3321 3420 3384 "tamen,

183 3438 337 3498 quae
375 3423 677 3484 Ecclesitn
708 3425 1058 3486 antistitem
1088 3425 1295 3498 decet,
1331 3427 1766 3502 coniunctam.
1798 3424 1881 3483 Ex
1917 3419 2198 3480 secunda
2235 3431 2386 3476 vero
2413 3415 2710 3490 inscripta
2739 3412 2974 3474 Joanni
3004 3411 3256 3499 Sebasto
3283 3412 3422 3471 Au-

190 3504 398 3596 .guslce
445 3525 662 3601 fratri,
712 3524 1174 3601 deprehendet,
1223 3523 1389 3583 haud
1451 3532 1693 3583 certum
1741 3537 1882 3582 esse
1931 3521 2022 3593 (ut
2079 3516 2278 3594 aliqui
2329 3511 2573 3592 putant)
2621 3511 3167 3590 ’l‘heOphylactum
3224 3512 3422 3587 patria

188 3621 979 3700 ConstantinOpolitannm
1011 3620 1242 3685 fuisse.
1279 3625 1348 3684 In
1385 3640 1454 3684 ea
1487 3622 1810 3701 siquidem
1848 3617 2342 3692 consanguineos
2404 3620 2460 3670 et
2491 3613 2708 3690 afﬁnes
2744 3629 2912 3683 suos,
2944 3611 3052 3688 qui
3083 3611 3148 3670 in
3177 3610 3422 3687 Euripo

184 3731 363 3793 sunt,
400 3724 679 3800 principi
718 3723 854 3784 vi'ro
886 3725 1367 3802 commendans,
1407 3739 1532 3782 non
1568 3721 1840 3782 obscure
1865 3717 2201 3793 signiﬁcat,
2239 3731 2305 3773 se
2338 3726 2600 3790 quoque
2626 3727 2703 3770 ex
2739 3709 2875 3769 loco
2909 3708 3157 3779 eodem,
3199 3710 3420 3782 proTn-

187 3825 405 3898 deque
440 3840 518 3882 ex
548 3823 776 3880 Euboea
804 3822 1158 3881 oriundum
1193 3838 1334 3880 esse
1371 3841 1388 3892 ;
1423 3821 1592 3897 quod
1621 3817 1947 3894 colligitur
1977 3815 2164 3873 etiam
2196 3829 2271 3871 ex
2304 3810 2620 3880 versibus,
2658 3823 2820 3884 quos
2849 3807 3187 3867 Patavinus
3218 3810 3276 3868 S.
3306 3809 3422 3867 Ju-

184 3921 379 3979 stinm
409 3921 607 3979 codex
637 3919 1110 3980 vetustissimus
1141 3919 1772 3995 continet;quosque
1811 3913 2024 3974 Latine
2061 3909 2350 3973 redditos
2383 3923 2572 3983 supra
2605 3904 2782 3985 (tom.
2815 3906 2863 3976 Ι,
2890 3905 3013 3966 col.
3055 3905 3195 3983 137)
3228 3921 3424 3982 appo-

189 4019 447 4077 uendos
486 4018 623 4094 ipse
656 4020 892 4081 curavi.
931 4020 1000 4079 In
1027 4019 1176 4079 aliis
1211 4017 1507 4094 epistolis
1539 4019 1730 4076 rudes
1765 4021 2180 4092 agrestesque
2213 4009 2631 4086 Bulgarorum
2668 4021 2900 4073 mores.
2936 4004 3206 4082 quitum
3242 4006 3420 4080 vige-

188 4122 367 4186 bant,
398 4116 696 4194 graphice
732 4117 1076 4194 lepideque
1100 4117 1457 4192 descriptos
1496 4132 1530 4174 a
1564 4112 2044 4188 TheOphylacto
2092 4113 2315 4168 Lector
2347 4105 2628 4167 offendet
2662 4123 2675 4160 :
2710 4102 2820 4180 qui
2854 4111 2916 4162 et
2957 4101 3231 4179 querulo
3280 4102 3421 4165 seni

189 4217 639 4296 hyperbolicis
672 4198 1061 4296 quandoque
1098 4214 1440 4293 phrasibus
1471 4230 1613 4274 cum
1658 4214 1774 4272 hac
1821 4212 1887 4271 in
1926 4229 2015 4283 re,
2051 4218 2184 4270 tum
2221 4208 2285 4267 in
2337 4204 2484 4266 aliis
2518 4202 2980 4268 calamitatibus
3014 4202 3423 4280 deplorandis

192 4318 408 4378 ntenti
444 4317 721 4391 veniam,
782 4328 850 4380 ut
899 4319 1198 4393 arbitror,
1233 4318 1430 4380 dabit.
1469 4315 1693 4391 Quoad
1753 4315 2017 4394 primam
2063 4329 2214 4374 vero
2243 4309 2470 4372 attinet
2505 4307 2808 4368 adnotare
2861 4304 2964 4364 hic
3015 4303 3213 4376 lubet,
3251 4307 3422 4383 quod

194 4417 496 4493 postejus
532 4419 1018 4494 impressionem
1046 4420 1436 4482 accuratiore
1467 4417 1811 4478 collatione
1849 4413 2272 4492 deprehendi,
2310 4424 2537 4484 nempe
2575 4422 2708 4466 eam
2738 4413 2972 4481 partem
3008 4407 3419 4481 posteriorem

189 4515 404 4577 facere
460 4517 748 4592 epistola)
793 4521 1094 4580 secundas
1137 4538 1216 4579 ex
1259 4510 1449 4578 editis
1479 4535 1511 4576 a
1542 4520 1787 4576 Joanne
1829 4515 2025 4583 Lami,
2092 4528 2233 4588 quae
2300 4507 2601 4582 inscripta
2647 4511 2752 4566 est.
2783 4506 3009 4582 Magno
3060 4505 3414 4570 domestico.

195 4615 787 4681 Animadvertenda
819 4631 973 4677 vero
1005 4622 1098 4677 est
1132 4616 1382 4677 varians
1423 4615 1608 4676 lectio
1639 4614 1838 4674 unius
1871 4611 2069 4680 vocis,
2101 4624 2245 4688 qum
2276 4611 2479 4667 exstat
2511 4603 2575 4665 in
2601 4603 2902 4693 Lamiana
2949 4602 3275 4663 editione:
3309 4605 3415 4664 ubi

197 4739 310 4799 pro
345 4729 520 4793 νῖκος,
550 4713 842 4785 uictoria,
876 4716 1045 4797 quod
1080 4717 1316 4795 legitur
1353 4717 1414 4777 in
1455 4715 1746 4795 praedicta
1782 4713 1986 4791 prima
2010 4709 2303 4789 epistola,
2338 4706 2501 4767 inibi
2537 4703 2804 4766 habetur
2835 4706 3029 4772 νεῖκος,
3063 4704 3374 4762 contentio
3401 4723 3421 4764 :

198 4841 391 4900 quam
430 4820 766 4881 lectionem
806 4819 987 4881 alteri
1045 4818 1522 4896 praeferendam,
1576 4819 1704 4878 imo
1758 4815 1957 4876 solam
1999 4830 2207 4874 veram
2260 4825 2404 4869 esse
2456 4813 2608 4882 puto
2641 4825 2655 4860 :
2686 4803 2926 4880 quippe
2971 4818 3112 4900 quin
3158 4820 3418 4866 sensum

200 4899 407 4982 multo
454 4920 786 4981 meliorem
817 4921 1258 4998 aptioremque
1292 4919 1526 4980 fundit.
1572 4921 1878 4978 Caeterum
1913 4915 2102 4975 etiam
2138 4910 2437 4969 Lamiana
2473 4900 2675 4964 editio
2707 4917 2784 4960 ex
2815 4899 2922 4960 illa
2951 4899 3072 4960 alia
3099 4902 3325 4979 corrigi
3359 4910 3421 4960 et

199 5021 493 5095 suppleri
527 5021 938 5100 aliquatenus
976 5030 1202 5097 potest,
1242 5031 1305 5083 ut
1339 5022 1690 5083 conferenti
1731 5017 1984 5096 patebit.

276 5119 502 5178 XLIII.
555 5122 649 5180 An
686 5119 975 5196 epistolae
1011 5121 1152 5179 alite
1183 5120 1472 5196 ejusdem
1520 5119 1799 5178 auctoris
1834 5114 2094 5177 inedita:
2137 5110 2346 5172 adhuc
2374 5109 2620 5170 latitent
2658 5107 2722 5168 in
2769 5105 3200 5176 bibliothecis,
3236 5106 3419 5168 nobis

205 5217 392 5298 plane
428 5218 919 5294 incompertum.
959 5219 1095 5296 Hoc
1138 5218 1284 5296 jure
1330 5218 1573 5295 nptimo
1607 5233 1894 5276 asserere
1929 5229 2292 5291 possumus,
2329 5209 2488 5271 nulli
2527 5207 2828 5286 parcitum
2882 5221 3022 5264 esse
3073 5205 3293 5280 labori,
3327 5213 3416 5292 ut,

207 5319 255 5378 si
291 5335 440 5395 qua:
465 5326 704 5390 essent,
742 5321 1250 5396 producerentur
1287 5321 1349 5379 in
1380 5319 1608 5378 lucem.
1647 5319 1856 5389 Quare
1884 5332 2026 5375 cum
2061 5316 2123 5374 in
2165 5313 2476 5372 librorum
2517 5326 2664 5369 mss.
2702 5304 2981 5382 catalogo
3030 5305 3422 5369 bibliotheca)

213 5417 484 5494 publica:
535 5418 925 5490 Augu’stanaa
961 5418 1281 5495 legissem,
1339 5419 1424 5478 ibi
1464 5417 1748 5477 codicem
1799 5414 2069 5490 reperiri
2108 5408 2565 5486 Theophylacti
2619 5402 2919 5482 epistolas
2968 5404 3416 5479 continentem,

278 5601 352 5666 (η)
386 5601 514 5654 Haec
551 5599 693 5652 cnim
728 5612 792 5650 eo
823 5598 924 5650 loci
953 5601 1109 5649 verba
1139 5600 1328 5652 habet:
1363 5599 1455 5660 Ti;
1487 5600 1528 5650 δ’
1561 5600 1622 5650 ἄν
1673 5614 1761 5663 μοι
1871 5601 1880 5649 ἐ

1871 5599 2160 5660 ὲπλήρωσα
2188 5609 2203 5658 ;
2234 5593 2364 5656 Quis
2394 5591 2522 5666 inihi
2551 5592 2811 5666 rhetorum
2833 5588 3158 5666 aajnnrerit.
3186 5593 3413 5652 chorum,

212 5660 456 5737 ῥηίεόρων
491 5670 646 5738 χορὸν
679 5668 1092 5738 σρνεκρότησεν.
1128 5669 1214 5719 ἵνα
1240 5670 1441 5721 τούτων
1470 5660 1761 5738 κορυφαίῖος

1869 5681 1923 5720 ut
1967 5666 2178 5738 illorum
2225 5660 2526 5729 corypliwus
2563 5662 2770 5738 factus,
2814 5671 2868 5738 ut
2908 5661 3034 5712 olim
3073 5676 3280 5714 erant...
3315 5672 3415 5711 una

210 5731 522 5810 Ῠιίδόελενοςξ
543 5731 678 5810 ὅπερ
705 5735 770 5810 ἧν
794 5731 978 5798 1628...;
1005 5740 1156 5808 κοινῇ
1186 5740 1280 5808 τὴν
1306 5731 1759 5808 λογικὴείχνιξῡεέαν

1405 5731 1759 5808 εκὴείχνιρεεαν
1869 5753 1982 5790 cum
2009 5736 2082 5788 eis
2106 5733 2343 5785 clioream
2377 5733 2658 5785 oratorimn
2696 5731 3003 5784 ocrsolvam.
