4056 6340
645 368 747 437 m
808 403 811 405 ›
1681 340 2066 428 nomnen
2106 367 2406 427 FlNETTl
2455 366 2852 428 PREFATIO.
3787 366 3875 432 473

645 497 1000 562 earumque
1035 479 1446 559 peuuftimam
1481 485 1548 540 ut
1582 479 1887 563 ineditam
1925 479 2154 560 notari,
2197 479 2534 542 confes-tim
2569 479 2798 557 scripsi
2838 477 2914 540 ad
2951 477 3031 540 cl.
3072 475 3278 539 virum
3312 493 3382 540 ac
3412 478 3598 541 dictae
3643 477 3871 542 biblio-

643 583 846 646 theca}
872 582 1204 645 custodem
1253 579 1710 658 dignissimum
1744 577 2111 642 Gotl'ridum
2159 565 2618 660 Ileekingium,
2669 572 2900 659 rogans
2933 588 3002 641 ut
3034 581 3114 642 de
3166 597 3238 642 ea
3295 581 3564 657 epistola
3601 583 3874 642 notitiam

646 683 801 744 mihi
837 683 1121 762 aliquam
1150 680 1579 741 submitteret.
1617 683 1695 740 At
1731 681 1843 742 ille
1876 697 2002 743 non
2040 683 2229 743 modo
2261 683 2505 761 absque
2536 697 2715 743 mora
2748 697 3054 759 perquam
3084 680 3359 741 humane
3397 681 3752 759 rescripsit,
3778 684 3871 743 sed

561 801 564 805 '
641 786 848 864 ipsam
882 786 1076 848 etiam
1107 783 1473 863 epistolam,
1509 783 1589 845 de
1623 799 1747 862 qua
1779 783 2014 845 certior
2046 783 2181 845 fieri
2226 767 2642 864 exOptaliam.
2676 792 2967 847 accurate
3004 785 3356 863 nitideque
3388 781 3778 860 descriptam
3807 784 3873 844 ad

642 900 759 946 nos
790 882 1165 944 transmisit.
1205 881 1327 943 Vix
1358 897 1428 942 ea
1474 890 1726 960 accepta
1757 873 2185 960 deprehendi,
2216 899 2347 945 non
2379 901 2413 945 a
2446 883 2932 962 TbeOphylacto
2965 883 3383 960 Bulgarorum
3415 883 3743 960 episcopo,
3777 881 3873 945 sed

639 986 718 1047 ab
741 985 868 1046 alio
894 983 1374 1062 Theophylacio
1403 983 1606 1045 fuisse
1638 984 2088 1062 conscriptam,
2121 985 2225 1046 cui
2254 987 2582 1047 Simoenta:
2611 1003 2967 1067 cognomen
2991 994 3158 1056 eral;
3192 986 3438 1064 quique
3468 985 3625 1046 alias
3660 1003 3873 1063 quam-

643 1084 863 1163 plures
901 1085 966 1146 in
997 1101 1266 1146 suorum
1305 1085 1468 1145 forte
1501 1083 1970 1159 discipulorum
2006 1085 2388 1164 usum,(erat
2416 1087 2663 1166 quippe
2703 1083 3108 1164 professione
3141 1086 3448 1168 sophista,
3500 1103 3616 1147 seu
3653 1103 3873 1161 praece-

640 1192 782 1262 ptor
815 1182 1194 1268 rhetorices)
1227 1183 1650 1246 elucubravit.
1686 1185 1862 1246 Hanc
1897 1191 2115 1268 utpote
2151 1185 2489 1262 ineditam,
2525 1199 2587 1248 et
2613 1186 2860 1266 alioqui
2893 1185 3370 1260 brevissimam,
3412 1187 3662 1248 veniam
3697 1185 3877 1246 lector

639 1283 924 1360 Optimus
957 1283 1157 1357 dabit,
1194 1284 1252 1344 si
1302 1282 1478 1345 velut
1513 1301 1824 1363 parergon
1873 1285 1992 1347 hoc
2032 1283 2156 1350 loci
2190 1274 2561 1364 apposuero'
2587 1305 2711 1350 una
2746 1274 3235 1361 cuin‘ver'sione
3269 1286 3489 1372 Latina
3522 1287 3584 1348 in
3621 1287 3874 1368 gratiam

637 1395 863 1443 eorum
896 1381 1007 1460 qui
1047 1379 1367 1460 ejusmodi
1409 1380 1654 1444 studiis
1680 1382 2248 1454 delectantaralist
2277 1401 2475 1452 vero:

1095 1546 1457 1604 Dwmodocuc
1471 1549 1761 1619 Antigono.

2737 1554 3133 1625 daqtdaoxoc"
3143 1558 3201 1612 Ἀ
3209 1559 3376 1626 ντιγί
3375 1571 3477 1621 rip.

709 1661 767 1716 Si
802 1661 926 1715 vitae
959 1661 1190 1732 pignora
1218 1659 1478 1716 Socrates
1512 1675 1626 1737 non
1655 1660 1922 1731 possidet,
1959 1651 2214 1733 pmdage4

2389 1666 2452 1720 Ei
2481 1665 2558 1736 μὴ
2597 1665 2712 1737 βίου
2751 1654 3047 1737 Σωκράτης
3087 1669 3320 1739 ἐνέχυρα.
3370 1667 3657 1738 κέκτηται,
3703 1667 3882 1720 παιδα-

634 1769 737 1824 gus
777 1755 870 1808 lilii
900 1757 983 1808 tui
1025 1771 1133 1810 non
1164 1755 1560 1811 constituatur.
1588 1755 1824 1826 Pignora
1866 1759 1985 1814 vita:
2011 1760 2216 1814 intelli-

2316 1757 2496 1827 γωγὸς
2520 1757 2613 1811 τοῦ
2656 1757 2752 1812 σοῦ
2791 1759 2866 1828 μὴ
2913 1760 3348 1830 προχειριζέσοω
3387 1760 3600 1824 παιδός.
3648 1757 3879 1827 Ἐνέχυ-

633 1856 833 1915 gnntur
857 1846 973 1902 lilii.
1006 1847 1177 1914 Quem
1210 1847 1354 1902 enim
1383 1863 1506 1902 esse
1541 1858 1748 1917 patrem
1778 1859 1972 1903 natura
2003 1851 2213 1917 docuit,

2288 1874 2291 1875 ν
2315 1866 2398 1916 pa
2426 1847 2482 1902 δὲ
2511 1851 2657 1913 ,βίον
2700 1851 2890 1914 παῖδες
2917 1852 3267 1908 νοεῖσθωσιν.
3303 1854 3400 1919 ’ογ
3447 1854 3557 1924 γὰρ
3604 1849 3744 1904 εἶναι
3766 1844 3768 1846 ⁷
3790 1868 3881 1904 πα-

638 1939 784 1994 liunc
830 1939 1183 2011 pmdagogum
1212 1954 1360 2006 esse,
1393 1947 1824 1994 consentaneum
1860 1949 1943 1996 est
1970 1943 2214 2013 :-quippc

2313 1941 2449 2012 τέρα
2478 1941 2643 2011 φύσις
2674 1943 2904 2009 ἐδίδαξε,
2963 1943 3154 1997 τοῦτον
3205 1944 3322 1998 καὶ
3348 1944 3696 2012 παιδαγωγόν
3745 1945 3879 1996 ἔστιν

635 2033 742 2105 qui.
778 2028 1113 2102 experientia
1149 2032 1303 2108 novit
1350 2024 1721 2101 generationis
1773 2031 2115 2090 affectionem
2155 2044 2210 2091 et

2315 2035 2652 2102 ἀξιόπιστον,
2682 2036 2878 2108 πεξραν
2917 2037 3270 2105 μανοάνρπςι.
3289 2037 3384 2097 ita".
3411 2036 3681 2107 γενέσεως
3709 2035 3879 2105 σχέσιν

637 2121 844 2176 amoris
879 2119 1114 2178 dolores.
1149 2106 1151 2109 ’
1456 2115 1463 2123 ”

2271 2150 2282 2163 ε
2322 2123 2413 2179 καὶ
2453 2125 2688 2198 στοργῆς
2716 2125 3036 2196 ἀλγηδόνας.
3119 2110 3131 2120 Α

2025 2314 2312 2378 samo
2357 2316 2490 2386 χι.
2551 2397 2556 2400 _

1273 2445 1356 2506 De
1383 2454 1704 2524 postrema
1729 2443 2212 2524 partehomilice
2239 2443 2602 2519 undecimae,
2622 2445 2700 2505 In
2723 2443 3282 2520 resurrectionem.

715 2565 939 2628 XLIV.
973 2568 1240 2643 Quze‘de
1287 2567 1405 2629 hac
1441 2578 1760 2644 postrema
1806 2571 1980 2645 parte
2029 2564 2319 2629 humilia;
2365 2563 2836 2642 Theotihylacti
2879 2563 3155 2625 dicenda
3197 2561 3302 2622 hic
3353 2560 3507 2621 mihi
3554 2561 3785 2632 forent,
3815 2559 3877 2619 in

633 2663 1116 2730 Dissertationis
1157 2668 1404 2746 praevia:
1442 2686 1623 2731 num.
1689 2670 1736 2729 L
1776 2671 1907 2747 jam
1945 2673 2405 2744 praeoccupate
2454 2664 2663 2725 fuere.
2695 2664 2907 2737 Quare
2951 2653 3062 2726 hic
3117 2661 3328 2725 solum
3384 2663 3726 2731 admoneo,
3775 2678 3874 2721 me

634 2763 959 2842 quidquid
993 2782 1070 2826 ex
1102 2767 1368 2830 historia
1414 2764 1680 2838 Eusebii
1717 2767 2082 2828 derivatum
2114 2765 2183 2826 in
2226 2781 2364 2826 eam
2397 2771 2520 2836 est,
2552 2779 2697 2825 cum
2729 2752 3008 2842 ipsomet
3037 2760 3215 2840 fonte
3249 2759 3625 2833 contulisse,
3669 2776 3877 2839 eaque

636 2864 762 2924 mei
795 2867 1182 2944 exemplaris
1233 2863 1572 2945 supplesse
1604 2867 1921 2942 defectus,
1973 2849 2166 2946 atque
2210 2867 2402 2927 etiam
2456 2852 2773 2926 variantes
2830 2864 3138 2949 lectiones
3173 2861 3479 2942 panculas
3529 2861 3869 2927 addidisse.

635 2963 851 3028 Codex
883 2961 1762 3036 Caesareo4Vindobonensis,
1791 2961 1965 3024 unde
1997 2965 2130 3024 haec
2161 2958 2448 3042 homi‘fia:
2481 2963 2838 3024 undecima;
2868 2979 3009 3033 pars
3039 2956 3372 3039 desumpta
3406 2968 3527 3034 est,
3559 2962 3876 3041 integrum

634 3065 921 3128 continet
951 3063 1428 3134 Homiliarium,
1457 3079 1573 3123 seu
1612 3062 1674 3122 in
1708 3061 1908 3122 totius
1938 3061 2092 3138 anni
2129 3061 2482 3136 Evangelia
2513 3059 2847 3144 decerptas
2881 3077 2957 3120 ex
3004 3049 3201 3144 variis
3231 3060 3526 3136 Patribus
3553 3057 3872 3133 ,homilias.
3939 3089 3942 3091 λ

638 3165 729 3224 lix
764 3179 892 3240 quo
929 3161 1086 3223 mihi
1120 3161 1303 3222 valde
1340 3157 1706 3222 verosimile
1755 3159 1866 3230 ﬁt,
1903 3175 2075 3231 eum,
2109 3160 2218 3238 qui
2262 3142 2634 3236 prmdictum
2674 3154 3083 3222 concinnavit
3125 3142 3597 3234 IIoiniliarium,
3635 3167 3874 3237 postre-

638 3252 804 3322 mam
842 3261 1004 3322 hanc
1031 3260 1320 3322 homiliaa
1349 3260 1713 3330 undecimae
1759 3266 1999 3336 partem
2033 3275 2156 3321 suo
2187 3258 2514 3321 addidisse
2544 3259 2874 3332 arbitratu,
2923 3266 2995 3321 ut
3024 3261 3310 3321 errorem
3344 3257 3520 3334 vulgi
3570 3259 3633 3317 in
3683 3253 3874 3332 patria

638 3374 755 3426 sua
785 3359 977 3418 nimis
1007 3360 1170 3422 forte
1206 3361 1524 3440 vigentem
1553 3347 1630 3422 de
1662 3362 1907 3420 Joanne
1939 3361 2007 3420 in
2032 3359 2158 3422 vita
2194 3360 2403 3423 adhuc
2429 3362 2805 3447 spperstite,
2831 3361 3099 3423 omnino
3123 3347 3383 3435 tolleret‘
3407 3366 3467 3419 et
3492 3355 3871 3417 eliminaret.

639 3457 794 3520 Ideo
827 3465 1039 3548 autem
1072 3479 1242 3523 nunc
1264 3462 1478 3522 editur
1501 3461 1632 3522 hinc
1665 3461 1949 3523 homilim
1969 3479 2133 3540 pars,
2159 3462 2308 3539 quia
2341 3462 2763 3525 constitutum
2790 3449 2988 3533 nubis
3019 3473 3137 3546 est,
3172 3459 3332 3524 nihil
3365 3459 3438 3527 in
3459 3457 3576 3519 hac
3603 3449 3874 3518 editione

641 3556 820 3638 quod
857 3557 1322 3638 TbeOphylacti
1361 3560 1623 3624 nomine
1661 3559 2045 3639 inscriptum
2079 3565 2188 3637 sil,
2226 3566 2579 3642 praeterire.

2017 3687 2305 3750 SECTIO
2340 3689 2487 3748 XII.

894 3821 896 3823 ’
971 3793 1554 3878 DcCommcntario
1578 3815 1648 3877 in
1671 3789 2293 3908 Act'aapostolornm
2323 3834 2406 3876 ea:
2437 3813 2812 3886 bibliotheca
2835 3809 3547 3909 florentinoéMcdicea.

719 3936 913 3999 XLV.
945 3937 1411 4019 TheOphylacti
1447 3939 1944 4002 Commentarius
1977 3939 2044 4000 in
2081 3937 2242 4000 Acta
2273 3911 2706 4016 apostolorum
2737 3952 2773 3998 a
2797 3914 3457 3997 Silanoeditus-adeo
3492 3917 3686 3996 rarus
3711 3930 3868 3994 eva-

638 4036 748 4110 sil,
780 4047 848 4098 ul
880 4057 1023 4101 cum
1057 4041 1367 4103 editionis
1399 4040 1596 4121 hujus
1623 4029 1956 4104 Curatores
1987 4056 2138 4101 eum
2171 4039 2282 4102 diu
2323 4037 2809 4118 quaasivissent,
2847 4035 3147 4112 invenire
3178 4031 3408 4115 nullibi
3441 4033 3728 4115 venalem
3762 4050 3868 4110 po-

643 4133 910 4195 tuerint.
956 4137 1142 4208 Quod
1189 4138 1243 4198 si
1287 4127 1441 4200 cum
1495 4139 1846 4219 aliquando
1895 4139 2062 4200 nacti
2091 4146 2270 4214 sunt,
2303 4137 2383 4200 ex
2426 4138 2666 4201 Graecia
2711 4130 2966 4215 duplici
3018 4133 3562 4223 editionisfhujus
3616 4138 3869 4210 corpore

638 4243 1166 4297 commutandum
1203 4248 1605 4315 receperunt.
1639 4242 1891 4300 Interea
1923 4238 2076 4301 dum
2102 4239 2353 4317 jamdiu
2384 4237 2927 4316 supervacaneam
2960 4238 3170 4300 eidem
3196 4233 3677 4316 quomodolibet
3700 4247 3866 4295 eom-

643 4336 925 4412 parando
953 4341 1295 4395 navassent
1325 4351 1610 4412 operam,
1646 4335 1860 4413 deque
1882 4335 2067 4396 exitu
2089 4333 2330 4419 negptii
2359 4334 2554 4411 hujus
2579 4333 3181 4419 hmrerentincerti,
3219 4334 3294 4394 in.
3317 4351 3458 4396 eam
3495 4333 3868 4394 sententiam

637 4408 903 4496 ventum
941 4439 1057 4502 est,
1102 4437 1170 4510 ut
1196 4429 1335 4508 ejus
1363 4408 1828 4508 apographum,
1861 4429 1974 4509 qui
2006 4429 2072 4490 in
2119 4408 2497 4490 Florentino
2537 4410 2754 4490 codice
2782 4410 3105 4506 reperitur.
3131 4422 3536 4504 bibliotheca
3563 4430 3870 4492 Mediceo—

637 4533 1113 4604 Laurentinum,
1147 4548 1474 4610 quemque
1501 4531 1986 4610 'l‘heOphylacto
2006 4528 2269 4591 ascribit
2299 4527 2836 4590 Montefaleonius
2871 4527 2939 4590 in
2973 4544 3090 4590 sua
3130 4525 3524 4590 Bibliotheca
3545 4528 3868 4591 bibliothe-

641 4652 877 4712 carum,
909 4636 1030 4699 sibi
1074 4635 1551 4715 procurandum
1589 4633 2044 4706 existimarint,
2078 4630 2220 4704 rali,
2259 4629 2556 4717 eumdem
2588 4629 2855 4692 omnino
2882 4647 3025 4693 esse
3057 4647 3309 4718 cumheo
3327 4632 3450 4711 qui
3481 4632 3692 4694 editus
3720 4647 3751 4693 a
3782 4630 3869 4693 Si-

640 4737 790 4800 l’ano
827 4749 922 4802 est
955 4763 970 4802 ε
1009 4749 1203 4820 atque
1235 4741 1422 4815 adeo,
1447 4739 1768 4819 quidquid
1801 4738 2060 4800 demum
2101 4736 2463 4812 accidisset,
2499 4738 2817 4811 variantes
2845 4729 3066 4801 saltem
3101 4734 3435 4806 lectiones,
3467 4740 3657 4824 atque
3687 4731 3866 4792 etiam

651 4839 1121 4902 cerrectionum
1153 4841 1448 4907 subsidia
1487 4839 2075 4917 suppeditaturum.
2111 4843 2189 4901 At
2225 4854 2352 4901 non
2386 4839 2470 4900 ita
2500 4856 2602 4900 res
2632 4838 2850 4901 cessit.
2884 4839 2976 4897 Eo
3006 4834 3179 4921 enim
3209 4825 3863 4910 apograpboiFloren-

641 4933 727 4997 tia
759 4933 945 4997 nobis
979 4934 1194 5010 allato,
1231 4939 1510 5014 primum
1561 4940 1790 5002 turbati
1826 4956 2053 5001 sumus
2088 4937 2332 5000 nullam
2365 4937 2432 4998 in
2478 4951 2557 4998 eo
2584 4935 2996 4997 invenientes
3026 4930 3465 5009 ’epigraphen,
3500 4949 3624 5011 qua
3671 4931 3866 4994 Theo.-

645 5037 937 5119 phylacto
977 5035 1396 5114 Bulgarorum
1431 5040 1922 5120 archiepisc0po
1949 5041 2415 5109 ascriberetur,
2451 5038 2692 5099 deinde
2725 5036 2873 5097 eum
2909 5033 3096 5095 nobis
3121 5033 3570 5096 evolventibus
3623 5036 3866 5098 nullum

639 5140 941 5220 apparuit
986 5135 1331 5218 indicium.
1387 5151 1501 5195 cur
1533 5137 1913 5203 tribuendus
1944 5128 2428 5219 TheOphylaelo
2459 5144 2630 5204 esset
2666 5159 2681 5197 :
2709 5137 3002 5213 adeoque
3029 5120 3600 5212 mirari'ccepimus,
3631 5152 3667 5196 a
3698 5138 3868 5222 Mon-

645 5242 993 5305 tefalconio
1021 5236 1466 5301 indubitanter
1495 5235 1700 5297 fuisse
1732 5225 2210 5317 TheOphylaeto
2241 5237 2701 5315 adjudicatum.
2736 5234 3020 5297 Tandem
3063 5233 3163 5291 vix
3195 5231 3324 5302 ulla
3353 5227 3674 5313 aulierfuit
3699 5233 3868 5299 dubi-

647 5342 823 5414 tatio,
851 5359 998 5404 eum
1038 5356 1181 5403 esse
1222 5336 1300 5400 ab
1328 5336 1635 5420 legitimis
1659 5336 2121 5415 TheOphylacti
2156 5337 2457 5421 operibus
2489 5336 3020 5422 expungendum,
3051 5348 3194 5411 cum
3227 5333 3396 5397 inter
3425 5335 3700 5399 aliorum
3745 5351 3855 5399 nov

649 5439 813 5499 mina
844 5443 1124 5515 Patrum,
1161 5458 1304 5520 quae
1341 5437 1715 5500 citantur'in
1747 5437 2064 5514 margine,
2091 5434 2279 5496 etiam
2313 5438 2512 5499 semel
2547 5445 2734 5512 Θεοφ.,
2777 5435 3078 5511 Thcoph.,
3113 5450 3226 5494 seu
3273 5442 3339 5495 ut
3388 5437 3732 5518 legendum
3771 5434 3862 5496 vi-

646 5538 937 5611 debatur,
967 5549 1368 5617 Θεοφύλακτος,
1408 5525 1902 5618 Theophylactus
1934 5535 2360 5608 occurrisset;
2394 5553 2465 5597 ac
2498 5538 2848 5622 prmsertim
2883 5545 3210 5612 postquam
3251 5533 3656 5615 inspeximus
3687 5533 3866 5597 verba

648 5647 887 5710 ibidem
919 5643 1101 5704 allata
1141 5654 1386 5717 exstare
1413 5645 1476 5705 in
1510 5642 1989 5716 Commentario
2021 5641 2250 5701 editoa
2279 5639 2519 5701 Sifano.
2560 5645 2726 5703 Hinc
2759 5642 2944 5702 enim
2973 5641 3152 5715 plane
3183 5653 3589 5725 consequens
3618 5638 3865 5699 videba-

645 5770 774 5830 tur,
812 5747 1001 5831 upus,
1031 5748 1099 5815 in
1129 5763 1257 5827 quo
1284 5749 1804 5828 'l‘heonhylartus
1842 5750 1980 5829 ipse
2021 5748 2272 5821 citatur,
2309 5746 2583 5826 ejus’que
2617 5746 3116 5810 commentarius
3142 5747 3286 5809 aliis
3316 5745 3595 5819 aliorum
3621 5745 3864 5808 Patrum
