4056 6340
164 385 297 473 473.
702 469 709 472 _
1021 380 1102 441 IN
1138 379 1570 450 SEQUENTIA
1601 365 2175 475 THEQPIIYLACTI
2219 378 2553 438 SCRIPTA.
3307 378 3412 443 47.5

173 493 666 559 commentariis
694 499 1179 563 annumeratur,
1205 491 1580 552 nullatenus
1617 489 1739 566 ipsi
1780 505 1921 550 esse
1949 487 2491 565 Iadjudicandum.
2528 487 2765 547 Verum
2800 487 2919 549 hoc
2963 485 3413 567 argumentum

172 597 308 657 vim
346 611 508 670 pene
549 610 807 656 omnem
845 591 1136 654 amittere
1174 591 1382 650 visunt
1431 596 1550 663 est,
1591 596 1922 666 postquam
1971 605 2046 648 ex
2080 587 2309 675 Catena
2361 585 2721 647 Oxeniensi
2775 585 2876 662 (de
2909 606 3034 666 qua
3086 591 3411 670 superius)

162 693 494 766 intellexi,
525 691 998 773 expositionem
1037 688 1209 750 illam
1266 688 1586 750 Theodori
1619 685 2068 748 Heracleensis
2123 701 2291 757 esse,
2325 691 2545 761 utpote
2578 685 2690 762 qui
2745 685 2984 747 diserte
3037 689 3265 749 citatur
3298 707 3408 766 pa-

166 791 328 874 gina
384 793 458 855 58
488 795 631 872 ejus
683 791 951 865 codicis,
991 791 1177 869 cujus
1231 793 1580 867 exemplar,
1621 797 1691 850 ut
1729 789 1819 851 rei
1858 789 2050 866 hujus
2088 788 2322 848 certior
2366 788 2607 859 ﬁerem,
2665 789 2979 864 postulavi
3023 800 3083 855 et
3130 792 3410 854 obtinui.

173 893 350 954 Hine
393 894 562 953 enim
601 892 860 952 suborta
898 892 1053 952 mihi
1084 891 1371 969 suspicio
1404 899 1522 962 est,
1574 885 1909 951 oscitant'ia
1962 889 2196 949 veteris
2238 897 2346 949 aut
2382 888 2756 949 recentioris
2803 892 3212 952 amanuensis
3251 896 3413 954 scri-

169 1002 360 1073 ptum
399 994 463 1053 in
501 991 723 1062 codice
763 991 1161 1062 Florentino,
1214 991 1311 1051 vel
1361 997 1577 1051 nostro
1627 989 1980 1066 exemplari
2007 989 2207 1051 fuisse
2247 994 2437 1062 8509.,
2487 990 2786 1068 Theoph.,
2823 1006 2936 1067 pro
2967 996 3147 1056 Θεοδ..
3182 992 3408 1054 Theod.

168 1095 298 1157 Sed
333 1094 922 1172 quomodocunque
953 1101 1052 1153 res
1084 1093 1204 1152 ista
1239 1109 1306 1150 se
1331 1089 1578 1164 habeat,
1604 1098 1671 1152 ut
1705 1098 1952 1152 certum
1987 1097 2162 1167 puto,
2199 1087 2764 1151 Mentefalconium
2799 1107 2924 1151 non
2960 1091 3085 1153 alio
3119 1094 3234 1152 niti
3269 1094 3416 1154 fun-

172 1193 486 1255 damento
541 1191 826 1268 potuisse
858 1191 932 1250 ad
977 1188 1512 1251 Cemmentarium
1550 1189 1721 1250 hunc
1769 1187 2246 1266 TheOphylacte
2294 1184 2739 1260 asserendum,
2774 1207 2963 1267 quam
3011 1192 3208 1269 quod,
3258 1196 3409 1254 dum

173 1293 417 1369 raptim
451 1291 634 1353 illum
664 1289 1019 1363 evolveret,
1061 1290 1128 1351 in
1160 1288 1377 1367 aliqua
1411 1288 1711 1349 inciderit
1737 1287 1870 1349 loca
1907 1286 2303 1350 continentia
2343 1287 2498 1348 illud
2540 1289 2708 1348 idem
2740 1289 2912 1366 quod
2963 1299 3107 1352 ante
3154 1290 3222 1351 in
3255 1290 3417 1351 Sit‘a-

167 1398 375 1459 niano
407 1397 876 1459 Commentario
904 1395 1306 1474 perlegisset.
1343 1393 1493 1454 Mihi
1525 1393 1749 1456 saltem
1805 1412 1931 1456 non
1962 1392 2139 1454 aliud
2190 1393 2405 1453 animo
2457 1392 2947 1454 fundamentum
2992 1395 3290 1456 occurrit.
3345 1395 3414 1456 Id

170 1516 332 1560 vero
372 1496 568 1576 quam
596 1500 677 1560 sit
717 1498 1115 1560 imbecillum
1148 1499 1212 1558 in
1248 1498 1760 1583 Commentariis,
1797 1498 1910 1577 qui
1950 1497 2047 1557 vel
2085 1514 2305 1573 puram
2349 1498 2602 1558 Catenae
2652 1497 2963 1558 rationem
3016 1497 3282 1572 habent,
3316 1498 3412 1558 vel

167 1602 246 1660 ad
289 1600 468 1661 illam
503 1601 796 1678 proxime
826 1601 1162 1683 accedunt,
1191 1601 1488 1680 quisquis
1520 1601 1705 1664 facile
1730 1601 2060 1679 intelligit.
2482 1594 2486 1599 ’

246 1702 477 1764 XLVI.
511 1704 749 1765 Verum
790 1704 844 1762 si
878 1720 979 1763 res
1003 1703 1090 1763 ita
1127 1721 1196 1764 se
1229 1703 1441 1772 habet,
1483 1722 1596 1766 cur
1625 1703 1951 1782 igiturhic
1982 1720 2016 1764 a
2049 1703 2236 1764 nobis
2278 1703 2344 1764 in
2399 1701 2604 1764 lucem
2647 1702 3014 1764 emittitur?
3045 1705 3167 1764 Cur
3214 1703 3406 1764 etiam

167 1803 394 1864 Graece
422 1805 866 1866 duntaxat‘Hn
901 1806 1108 1867 lucem
1144 1806 1246 1867 hic
1283 1807 1484 1867 emitti
1515 1787 1895 1885 respOndeo,
1931 1807 2232 1884 primum,
2261 1805 2432 1882 quod
2471 1806 2604 1866 viro
2639 1823 2790 1866 sane
2818 1806 3190 1865 doctissimo
3237 1806 3412 1865 visus

165 1904 376 1965 fuerit
408 1923 552 1966 esse
587 1906 1088 1984 TlteOpliylacti;
1139 1925 1348 1984 neque
1399 1915 1570 1970 certe
1613 1907 1831 1987 aliquo
1871 1908 2337 1986 perspicueque
2375 1919 2751 1984 argumento
2801 1907 3007 1967 refelli
3038 1907 3240 1984 possit
3299 1908 3410 1964 ist-

167 2004 302 2065 limc
336 2005 585 2082 epinio.
615 2006 674 2066 2.
707 2006 868 2080 Quia
909 2024 1165 2083 aequum
1195 2023 1320 2068 non
1355 2007 1607 2080 censui,
1641 2007 2075 2086 apographum
2111 2006 2280 2066 istud
2317 2006 2584 2067 omnino
2619 2005 2926 2075 interire;
2965 2007 3206 2084 quippe
3239 2005 3410 2083 quod

171 2121 320 2164 esse
349 2103 619 2165 fortasse
651 2105 882 2182 poterit
911 2105 1105 2166 alicui
1151 2103 1426 2183 posteris
1472 2108 1646 2178 usui,
1705 2107 2249 2184 quemadmodum
2297 2105 2450 2164 milii
2494 2122 2616 2165 non
2653 2106 2886 2166 inutile
2913 2104 3056 2176 fuit,
3109 2112 3176 2164 ut
3229 2106 3414 2164 Com-

179 2198 482 2262 mentarii
523 2204 801 2283 Vaticani
853 2203 951 2285 (de
996 2222 1127 2283 quo
1163 2203 1410 2266 dictum
1454 2212 1549 2266 est
1580 2205 1801 2283 supra)
1850 2207 2179 2283 exemplar
2213 2206 2623 2266 emendarem
2686 2213 2879 2283 atque
2906 2203 3300 2281 supplerem.
3339 2194 3448 2261 Et’

168 2305 442 2383 quidem
474 2308 683 2384 quoad
719 2307 860 2385 ejus
883 2309 1107 2369 attinet
1133 2327 1349 2383 usum,
1388 2310 1666 2383 breviter
1698 2309 2090 2386 patefaciam,
2118 2310 2290 2386 quod
2327 2308 2484 2368 mihi
2520 2325 2668 2368 cum
2705 2305 3105 2385 percurrenti
3141 2304 3310 2365 venit
3348 2303 3439 2392 in:

173 2412 461 2465 mentem
506 2421 520 2464 :
564 2406 867 2466 nimirum
900 2415 979 2468 eat
1014 2394 1217 2475 tribus
1251 2409 1426 2471 hisce
1461 2411 1528 2469 in
1556 2409 1714 2468 Acta
1751 2409 2100 2485 apostolica
2147 2408 2662 2478 Commentariis,
2709 2425 2871 2485 quos
2905 2407 3202 2466 volumen
3241 2402 3410 2463 istud

171 2506 628 2582 complectitur
664 2507 1040 2582 (prtesertim
1077 2509 1133 2567 si
1185 2507 1620 2585 Cliry'sizstemi
1673 2508 1868 2571 fontis
1912 2507 2539 2584 omniumprmcipui
2586 2506 3032 2568 adnotationes
3074 2504 3409 2576 addantur)

174 2609 783 2689 perfectumronﬁci
823 2627 1035 2688 posse,
1078 2611 1575 2690 absolutumque
1608 2613 1669 2674 in
1697 2613 1912 2673 eadem
1953 2614 2100 2672 Acta
2151 2610 2723 2690 Commentariun);
2755 2627 2896 2670 cum
2946 2610 3184 2686 singuli
3221 2617 3408 2670 caete-

171 2711 412 2787 roquin
449 2709 615 2771 haud
651 2728 871 2789 parum
908 2711 1125 2787 procul
1151 2711 1280 2771 sint
1306 2731 1336 2772 a
1370 2710 1579 2774 debita
1613 2713 2026 2792 perfectione.
2061 2696 2516 2811 Peteriiiigitur
2543 2712 2865 2790 quispiam
2906 2729 2982 2771 ex
3017 2713 3290 2790 singulis
3329 2730 3402 2772 ea

170 2831 315 2891 quae
345 2814 422 2872 ad
465 2831 594 2896 rem
628 2815 898 2874 maxime
931 2813 1197 2886 faciunt,
1231 2814 1546 2890 seligendi
1581 2833 1796 2876 curam
1843 2816 2253 2894 laboremque
2285 2799 2630 2896 ‘s‘\uscipere
2667 2837 2682 2876 :
2722 2833 2913 2893 quem
2948 2814 3109 2876 forte
3150 2823 3401 2893 egomet

170 2841 315 2891 qua:
345 2841 422 2872 ilU
465 2841 594 2896 I‘L'III
628 2841 898 2874 IIIHXIIIIU
932 2841 1197 2886 IdUIUIII,
1231 2841 1546 2890 SCIISCIIUI
1581 2841 1796 2876 CUI‘dUI
1843 2841 2253 2894 ιζιυυῐύωψιυ
2300 2841 2630 2889 δυδυψυιύ
2667 2841 2682 2876 Ξ
2722 2841 2913 2893 (ιυειιι
2948 2841 3109 2876 ιυΓιυ
3150 2841 3401 2893 υδυιιιυῐ

170 2911 633 2988 suscepissem,
680 2911 807 2978 nisi
859 2911 1021 2984 aliae,
1056 2911 1295 2987 quibus
1329 2912 1666 2983 distrahor,
1701 2931 1866 2975 curm
1891 2922 1951 2974 et
1981 2841 2364 2975 valetudini\s
2389 2913 2794 2975 imbecillitas
2818 2913 3278 2976 inbibuissent.
3315 2917 3408 2976 En

172 3010 375 3090 igitur
410 3014 596 3086 ratio,
627 3031 742 3074 cur
774 3014 958 3074 illum
993 3015 1330 3076 ediderim.
1365 3017 1576 3077 Graece
1605 3024 1816 3077 autem
1854 3023 2094 3077 tantum
2125 2997 2504 3094 edidiiquia
2538 3034 2613 3077 ex
2650 3031 2773 3077 una
2811 3024 2982 3094 parte
3008 3015 3408 3077 levissimum

172 3113 800 3186 estfundamenlum
835 3117 1291 3179 Commentarii
1346 3119 1539 3197 hujus
1586 3118 2062 3194 Theophylacto
2106 3117 2523 3193 adjudicandi
2558 3138 2574 3176 :
2609 3135 2687 3178 ex
2720 3117 2916 3178 altera
2968 3133 3117 3178 vero
3143 3119 3407 3194 exposi-

172 3212 389 3273 tienes
435 3211 578 3289 ejus
610 3213 932 3290 plerisque
962 3215 1025 3274 in
1059 3215 1364 3276 alterutro
1399 3235 1477 3276 ex
1512 3217 1618 3289 iis,
1658 3218 1770 3296 qui
1809 3214 2160 3277 voluminis
2202 3215 2399 3293 hujus
2439 3215 2625 3278 initio
2679 3217 2983 3294 impressi
3029 3227 3203 3294 sunt,
3243 3217 3408 3280 Sifa«

172 3309 366 3370 niano
393 3309 662 3378 scilicct,
697 3320 757 3369 et
787 3309 1113 3379 i’aticano,
1151 3327 1273 3369 non
1303 3312 1491 3372 modo
1520 3313 1728 3390 quoad
1763 3329 2056 3385 sensum,
2106 3311 2216 3371 scd
2248 3312 2440 3372 etiam
2473 3313 2683 3391 quoad
2718 3315 2911 3375 verba
2965 3325 3411 3393 smpenUmero

172 3412 428 3474 insunt.
464 3412 628 3471 Hinc
661 3411 936 3486 pretium
971 3427 1182 3489 operae
1215 3413 1478 3475 minime
1523 3432 1664 3477 esse
1699 3416 1948 3487 censui,
1991 3432 2226 3475 novum
2257 3416 2428 3475 hunc
2470 3415 2690 3477 subire
2721 3417 3025 3492 laborem,
3063 3419 3407 3495 et-alique-

183 3529 323 3572 rum
359 3510 734 3570 accessione
765 3506 1068 3572 foliorum
1104 3511 1279 3572 nulla
1317 3516 1772 3590 prepemedum
1817 3514 2092 3574 utilitate
2129 3514 2428 3575 volumen
2467 3515 2585 3577 hoc
2616 3531 2912 3577 onerare.

257 3608 523 3670 XLVII.
557 3608 861 3686 Quamvis
888 3601 1098 3696 autem
1136 3612 1674 3674 Commentarium
1723 3611 1894 3673 hunc
1928 3612 2146 3673 Latine
2180 3628 2305 3672 non
2353 3614 2677 3688 verterint,
2719 3633 2844 3675 nou
2899 3616 3046 3677 ideo
3088 3624 3294 3680 tamen
3334 3623 3413 3682 ab

182 3710 364 3773 omni
400 3710 467 3770 in
498 3725 574 3771 ee
605 3709 856 3770 edendo
882 3709 1096 3772 labore
1124 3729 1220 3771 me
1252 3711 1522 3772 absolvi.
1559 3713 1842 3772 Lacunas
1877 3712 2076 3784 enim,
2107 3711 2345 3789 quibus
2380 3712 2813 3801 apegraphum
2848 3713 3220 3792 frequenter
3269 3717 3409 3781 hia-

185 3815 286 3875 bat
320 3797 697 3893 (prersertim
744 3813 868 3873 sub
898 3814 1038 3891 ejus
1069 3813 1353 3893 initium)
1388 3815 1646 3890 exitlcre
1701 3832 1812 3890 pro
1845 3814 2088 3873 viribus
2124 3815 2373 3873 studui.
2425 3797 2499 3875 Et
2536 3815 2724 3875 initio
2756 3817 3041 3894 quidem,
3095 3819 3200 3877 ubi
3245 3825 3411 3898 Spis_

180 3915 386 3974 siores
425 3913 665 3974 lacuum
697 3923 899 3985 erant,
937 3914 1091 3974 mibi
1133 3914 1196 3974 in
1225 3915 1382 3976 hanc
1418 3931 1546 3974 rem
1586 3913 1982 3973 incumbenti
2019 3913 2536 3988 percommodum
2563 3913 2685 3975 fuit
2723 3915 2971 3976 Catena:
3015 3915 3409 3978 Oxoniensis

180 4015 244 4076 in
274 4016 499 4078 eadem
555 4017 701 4075 Acta
747 4016 1048 4093 primum,
1096 4017 1268 4093 quod
1321 4013 1626 4075 habebam
1676 4032 1800 4090 prce
1838 4014 2160 4087 manibus,
2200 4015 2428 4077 folium
2465 4039 2479 4078 :
2522 4034 2667 4078 cum
2721 4017 2852 4093 ipsa
2894 4019 3136 4094 quippe
3178 4020 3409 4082 Catena

178 4112 614 4193 apograpbum
650 4132 862 4190 meum
903 4115 995 4175 sic
1027 4113 1187 4178 inibi
1220 4113 1568 4175 convenire
1616 4095 2038 4190 deprehendi,
2073 4122 2140 4174 ut
2194 4115 2362 4174 idem
2410 4133 2548 4176 esse
2580 4133 2745 4192 opus
2783 4116 3132 4190 videretur,
3171 4121 3294 4180 nisi
3329 4139 3407 4181 ex

180 4226 499 4294 postrema
528 4217 703 4276 illius
739 4224 934 4293 parte,
966 4223 1152 4292 atque
1187 4233 1263 4275 ex
1294 4216 1552 4279 duobus
1584 4218 1751 4293 aliis,
1783 4237 1928 4298 quae
1979 4218 2133 4279 mibi
2168 4235 2430 4279 cernere
2471 4218 2678 4289 licuit,
2729 4219 2871 4297 ejus
2921 4220 3095 4280 foliis
3144 4221 3408 4282 omnino

180 4318 651 4394 eognevissem,
691 4316 1458 4400 Catenam()xoniensem
1491 4323 1686 4382 multa
1723 4320 2084 4398 complecti,
2119 4337 2261 4397 qum
2304 4320 2368 4380 in
2404 4319 2774 4380 Florentino
2806 4322 3275 4382 Commentario
3299 4323 3411 4384 de-

180 4417 574 4477 siderantur.
606 4417 929 4478 Posterior
959 4418 1079 4479 iste
1115 4417 1383 4482 fortasse
1425 4428 1763 4495 excerl'tus
1801 4427 1895 4480 est
1938 4437 2015 4480 ex
2047 4419 2150 4478 illa
2206 4419 2439 4494 priore.
2489 4419 2579 4476 Ad
2630 4418 2996 4478 sarciendas
3045 4437 3221 4494 vero,
3262 4439 3413 4499 qum

183 4525 596 4579 eitcurrerent
626 4519 692 4580 in
740 4536 1108 4596 progressu,
1146 4520 1402 4581 lacunas
1429 4521 1736 4580 alterutro
1782 4538 1859 4578 ex
1886 4517 2374 4580 Commentariis
2403 4517 2745 4594 prmzlictis,
2782 4518 3106 4580 Sifaniaue
3139 4522 3406 4589 scilicet,

183 4626 242 4680 et
277 4618 613 4690 Vaticano,
646 4618 758 4678 sed
793 4618 1084 4679 omnium
1117 4618 1642 4697 frequentissime
1675 4611 1902 4696 magno
1937 4618 2394 4697 Clirysostomo
2429 4637 2584 4680 usus
2618 4637 2797 4693 sum;
2825 4629 2884 4681 et
2917 4639 2989 4682 ca
3019 4622 3280 4701 quidem
3309 4619 3434 4697 fe-_

185 4718 454 4796 licitate,
496 4703 562 4783 ut
597 4741 677 4784 ex
711 4721 1029 4800 plurimis,
1062 4738 1206 4807 quae
1240 4722 1489 4783 inerant
1521 4731 1728 4798 antea,
1761 4723 2006 4784 lacunis
2039 4741 2162 4784 uua
2205 4731 2472 4793 tantum,
2508 4724 2605 4783 vel
2647 4723 2841 4784 altera
2886 4724 3205 4798 inexpleta
3257 4720 3414 4781 mihi

187 4823 586 4886 remanserit.
647 4823 854 4885 Verba
905 4839 936 4884 a
986 4825 1176 4886 nobis
1227 4824 1440 4886 addita
1493 4842 1570 4885 ex
1637 4824 1870 4901 signis,
1917 4824 2154 4901 quibus
2207 4823 2296 4882 uti
2344 4824 2407 4882 in
2457 4823 2783 4882 similibus
2831 4823 3142 4895 solemus,
3189 4824 3413 4883 Lector

188 4932 512 5001 agnoscet.
541 4925 633 4986 Ad
668 4926 904 4986 calcem
934 4913 1411 4998 Commentarii,
1445 4943 1523 4986 ue
1557 4925 1805 5004 integra
1844 4925 2071 5004 pagina
2105 4921 2369 4982 onmiuo
2406 4938 2595 4980 vacua
2627 4931 3005 4997 remaneret,
3053 4924 3130 4983 ab
3163 4943 3237 4986 eo
3273 4925 3410 4987 loco

188 5038 324 5098 P83.
355 5024 496 5091 629,
529 5023 649 5085 cel.
674 5026 737 5098 2,
773 5033 952 5088 Ἐστὶν
975 5029 1066 5087 οὖν
1087 5035 1115 5087 ὁ
1145 5037 1252 5097 πᾶς
1292 5037 1501 5106 χρόνος,
1538 5036 1756 5103 regatu

1805 5021 2175 5104 typographi
2214 5023 2414 5100 adieci
2455 5025 2667 5096 verba,
2704 5025 2944 5103 quibus
2978 5030 3203 5106 Cajcna
3233 5030 3407 5088 Oxo-

191 5119 431 5180 niensis
466 5120 841 5186 absolvitur.
858 5127 1099 5203 :Neque
1134 5127 1196 5186 id
1239 5129 1486 5188 Lecteri
1522 5127 1942 5204 injucundum
1976 5122 2110 5181 fore
2132 5123 2378 5184 conlide
2413 5125 2546 5186 :sic
2571 5127 2743 5196 enim
2774 5127 3109 5204 prﬂadimaa
3135 5127 3404 5197 Catena»

189 5217 372 5294 quam
399 5224 983 5295 praestantissimum
1013 5225 1289 5301 appellat
1323 5222 1657 5287 Fabricius
1687 5224 1748 5282 in
1786 5222 1953 5282 Bibl.
1990 5221 2229 5294 Graeca,
2270 5222 2529 5285 initium
2564 5224 2803 5283 tenebit
2842 5231 2902 5283 et
2933 5223 3145 5286 tinent.

1548 5324 1826 5384 SISC'I‘IO
1871 5324 2041 5387 XIII.

1018 5431 1106 5488 De
1146 5429 1456 5507 Epistolis
1503 5447 1541 5486 α
1586 5430 1866 5491 Meursio
1915 5431 2121 5504 editis,
2169 5442 2225 5492 ct
2267 5451 2305 5489 a
2350 5428 2579 5488 Lamio.

273 5526 553 5587 XLVIII.
598 5526 784 5617 Forte
843 5528 1177 5593 mirabitur
1222 5536 1463 5605 Lector,
1531 5537 1700 5610 quod
1767 5535 1900 5595 ista}
1950 5535 2236 5612 epistolae
2285 5536 2361 5593 ab
2417 5531 2559 5590 aliis
2612 5530 2838 5610 viginti
2890 5533 3194 5609 sejunctm
3257 5534 3405 5595 huic

191 5628 451 5691 editioni
489 5621 1057 5705 fuerintlinsertte,’
1095 5652 1240 5695 cum
1303 5653 1490 5698 nemo
1550 5655 1677 5698 non
1723 5641 1953 5710 videat,
1992 5636 2338 5698 naturalem
2394 5635 2682 5694 Ordinem
2732 5633 3091 5711 postulasse
3144 5645 3209 5697 ut
3242 5654 3395 5698 con-

187 5723 452 5801 iunctim
491 5731 833 5795 ederentur
863 5748 1109 5795 omnes.
1153 5736 1419 5798 Consilii
1456 5736 1669 5813 itaque
1716 5740 1917 5801 nostri
1965 5738 2119 5798 hanc
2169 5737 2472 5798 rationem
2525 5735 2774 5797 habeto.
2833 5733 3148 5813 Principio
3199 5736 3400 5812 fuerat
