4056 6340
712 318 782 380 75
1632 374 1635 377 ,
1685 308 2069 371 nomnen
2099 310 2419 372 .FINETTI
2460 274 2876 374 lin/samo.
2908 283 2913 288 ’
3825 316 3919 380 m

675 422 1228 501 constituiurn,lut
1268 419 1493 498 viginti
1534 418 1842 480 dontaxat
1878 414 2332 500 Th’eOphylaCti
2380 423 2669 503 epistolas
2700 424 2818 485 hoc
2859 424 2924 484 in
2972 420 3304 487 volumine
3334 427 3553 488 sedem
3587 427 3917 489 baberent.

673 540 820 601 qua)
865 522 1151 587 nondum
1204 520 1522 600 publicam
1572 514 1775 580 lucem
1808 530 2220 597 aspexerant;
2270 540 2413 584 cum
2464 540 2554 583 ere
2610 531 2855 585 tantum
2898 524 3050 587 huic
3101 525 3293 586 tertio
3341 527 3694 600 volumini,
3752 529 3915 605 quod

670 621 936 684 ineditis
963 617 1419 699 Theophylacti
1446 619 1749 696 Operibus
1774 620 2172 697 excipiendis
2226 617 2617 685 destinatum
2650 622 2716 684 in
2768 625 2990 700 primis
3041 632 3196 695 erat,
3237 614 3555 703 e'xplend‘o
3585 628 3751 705 satis
3787 644 3913 690 esse

673 722 1064 793 viderentur,
1110 721 1373 798 adjectis
1430 728 1637 781 tamen
1687 720 1941 781 duobus
1996 722 2300 798 Operibus
2348 707 2557 787 adhuc
2612 725 2895 795 iueditis,
2956 742 3233 804 quorum
3300 728 3573 787 alterum
3626 728 3918 806 Parisiis,

675 823 942 883 alterum
983 821 1305 881 Florentia
1352 819 1892 896 praestolabamur.
1938 822 2056 883 Sed
2096 812 2369 901 primum
2405 825 2757 901 illud'srepe
2789 812 3200 901 promissum,
3243 844 3570 905 nunquam
3605 827 3918 903 perlatum

624 921 745 981 .ad
800 938 914 981 nos
960 930 1075 980 est.
1131 920 1416 980 Alterum
1476 918 1735 998 quidem
1768 919 2169 998 accepimus;
2230 920 2341 983 sed
2403 922 2559 983 illud
2620 908 3165 1000 perpendontibus
3220 926 3401 986 nobis
3462 943 3589 986 non
3632 928 3921 1001 susiii-io

670 1021 997 1093 duntaxat,
1058 1021 1167 1079 sed
1235 1020 1399 1080 certa
1452 1020 1781 1104 persuasio
1817 1020 2074 1092 insedit,
2113 1020 2188 1081 ad
2224 1008 2773 1101 TheOphylactum
2810 1021 3183 1082 nullatenus
3234 1025 3548 1096 pertinere
3607 1025 3737 1082 Nos
3781 1040 3920 1083 vero

674 1123 734 1179 iu
785 1138 1063 1182 errorem
1112 1122 1522 1198 perduxerat,
1579 1124 1722 1202 quas
1774 1122 1941 1199 apud
2014 1106 2584 1185 Montefalconiuru
2637 1124 2870 1202 legitur
2927 1126 2991 1185 in
3053 1124 3353 1187 Bibliolh.
3409 1126 3921 1187 bibliothecarum

671 1234 712 1282 t.
755 1226 801 1290 Ι.
844 1242 981 1300 pag.
1023 1225 1122 1297 35,
1172 1224 1518 1307 imminuta
1565 1224 1918 1303 inscriptio,
1964 1242 2104 1303 qum
2137 1225 2455 1303 sequitur
2490 1246 2505 1285 :
2553 1226 2906 1286 Thrcnodt'a
2941 1222 3133 1304 super
3183 1225 3372 1286 beati:
3439 1229 3751 1287 memorice
3792 1230 3922 1287 viro

674 1323 749 1381 Β.
786 1323 1272 1400 Theophylacto.
1304 1323 1559 1385 Scilicet
1591 1324 1909 1402 ejusmodi
1943 1322 2171 1384 titulus
2230 1340 2345 1384 nos
2399 1330 2692 1385 erexerat
2744 1323 2810 1384 in
2840 1340 3045 1402 spem,
3090 1322 3525 1409 Thrcnodi'aiu,
3559 1324 3637 1383 de
3664 1342 3792 1399 qua
3828 1324 3924 1384 hic

644 1410 905 1499 seruio,
940 1444 1145 1504 genus
1178 1426 1439 1505 aliquod
1468 1429 1777 1501 orationis
1810 1426 2102 1488 funebris
2137 1443 2279 1486 esse
2311 1425 2377 1486 in
2414 1424 2975 1503 'l‘heophylactum
3010 1422 3130 1503 iam
3172 1431 3545 1490 modumin.
3585 1441 3735 1509 quae
3781 1423 3925 1485 huic

677 1526 991 1587 volumini
1036 1546 1107 1590 ea
1146 1528 1392 1589 ratione
1430 1530 1621 1591 inseri
1655 1537 1894 1608 posset,
1931 1529 2099 1608 quod
2134 1528 2350 1611 aliqua
2384 1545 2459 1588 ex
2494 1518 2721 1609 gestis“
2744 1526 3225 1605 virtutibusque
3291 1526 3383 1601 (ut
3433 1525 3500 1585 in
3549 1524 3924 1604 hujusmodi

672 1614 1072 1691 orationibus
1124 1632 1411 1693 accidere
1439 1633 1627 1712 solet)
1682 1633 1862 1695 illius
1914 1633 2187 1695 celebris
2232 1632 2701 1711 archiepiscopi
2770 1632 3329 1708 complecteretur.
3384 1636 3461 1692 At
3538 1616 3675 1688 Sola
3739 1625 3924 1689 lectio

672 1723 1054 1804 opigraphes
1114 1730 1501 1805 exemplaris
1552 1732 1628 1791 ad
1691 1747 1808 1791 nos
1867 1717 2218 1801 transmissi
2309 1730 2388 1789 ab
2453 1730 2963 1791 omni-omnino
3028 1748 3139 1809 spe
3207 1738 3267 1790 et
3308 1736 3755 1806 praeconCPpta
3812 1744 3919 1817 nos

670 1826 980 1902 opinione
1015 1829 1287 1909 dejecil;
1322 1830 1405 1890 ita
1441 1830 1611 1890 enim
1651 1848 1717 1890 se
1758 1830 1946 1891 habet
1980 1852 1994 1890 :
2028 1839 2272 1911 Θρηνῴδτ

2344 1842 2438 1893 ἐπὶ
2487 1839 2564 1909 τῷ
2611 1839 2898 1910 pampini)
2928 1838 3081 1909 κόρῳ
3125 1839 3485 1909 Saccumum
3540 1839 3617 1907 τῷ
3664 1838 3922 1892 Baltasa-

674 1935 828 2005 μίτῳ,
870 1927 1258 2001 Lamentatio
1298 1947 1488 2005 super
1522 1930 1723 2009 felicis
1769 1932 2077 1989 meritoria?
2123 1935 2257 1991 viro
2316 1931 2565 1992 domino
2619 1930 3079 2008 Theophylacto
3138 1930 3532 1990 Belissarito.
3582 1932 3778 1989 Porro
3830 1928 3921 1989 vel

673 2030 886 2107 ipsum
937 2030 1296 2109 Belissariti
1333 2049 1685 2110 cognomen
1742 2034 1895 2093 satis
1949 2034 2169 2111 procul
2230 2036 2427 2096 dubio
2461 2034 2729 2108 fuissirt,
2768 2033 3425 2111 utTthphyla‘clum
3468 2034 3638 2093 hunc
3697 2050 3729 2092 a
3774 2027 3920 2090 Bul-

672 2147 969 2208 garorum
1007 2131 1492 2217 archiepiscopo
1526 2130 2035 2206 Secerneremus,
2068 2131 2320 2195 etiamsi
2366 2152 2513 2214 quae
2558 2134 2971 2195 continentur
3022 2134 3086 2193 in
3149 2134 3261 2195 hac
3302 2133 3590 2194 oratione
3656 2130 3917 2207 lugubri

672 2233 889 2311 aliquo
942 2234 1132 2295 modo
1175 2233 1453 2294 fuissent
1500 2233 1821 2311 ambigua.
1855 2235 1972 2295 Sed
2028 2236 2215 2295 etres
2265 2236 2328 2295 iu
2382 2236 2517 2313 ipsa
2573 2242 2887 2317 contentae
2929 2233 3487 2312 Theophylarturn
3526 2232 3831 2294 exhibent
3888 2242 3919 2285 a

673 2338 895 2392 nostro
928 2320 1121 2408 plane
1163 2332 1490 2393 diversum
1522 2352 1536 2390 :
1563 2336 1690 2401 tota
1729 2331 1899 2390 enim
1937 2330 2330 2406 impenditur
2358 2331 2425 2391 in
2459 2330 2856 2407 deplorando
2894 2326 3236 2393 immaturo
3281 2333 3545 2406 juvenis
3583 2331 3909 2409 cujusdam

673 2428 912 2491 nobilis
957 2428 1244 2499 interitu,
1280 2431 1385 2507 qui
1422 2444 1563 2487 cum
1600 2428 1857 2505 generis
1906 2427 2257 2499 nobilitate,
2297 2436 2430 2489 tum
2468 2429 2775 2501 virtutum
2808 2439 3182 2491 ornamento
3228 2433 3561 2508 praestabat
3603 2456 3617 2493 :
3683 2431 3916 2510 quique

672 2533 824 2591 dum
857 2529 1124 2590 Athenis
1160 2512 1374 2590 Studio
1405 2546 1661 2607 operam
1691 2533 1885 2602 daret,
1927 2531 2220 2593 faucibus
2249 2533 2481 2610 angina
2509 2519 2899 2609 interclusis,
2937 2535 3233 2613 migravit
3273 2557 3304 2596 e
3361 2546 3509 2608 Vita,
3556 2516 3725 2596 datis
3764 2545 3905 2595 ante

675 2631 974 2709 pluribus
1013 2632 1272 2708 pietatis
1306 2631 1591 2693 indiciis.
1647 2635 1806 2693 Eum
1846 2633 2037 2709 ig'tur
2069 2615 2278 2694 solum
2327 2651 2404 2695 ex
2455 2635 2574 2695 hoc
2612 2635 2930 2713 Opusculo
2958 2634 3235 2696 fructum
3279 2634 3514 2696 referre
3573 2641 3907 2707 iotuerunt

578 2802 589 2813 .
677 2717 1004 2793 curatores
1038 2734 1300 2794 istiusce
1327 2732 1647 2809 editionis,
1686 2743 1755 2793 ut
1788 2733 1982 2817 magis
2011 2730 2341 2811 magisque
2372 2744 2759 2813 perspectam
2793 2734 3097 2801 omnibus
3142 2743 3563 2820 testataanue
3591 2737 3917 2797 redderent

676 2836 1105 2915 diligentiam,
1140 2853 1267 2913 qua
1319 2837 1414 2896 usi
1464 2845 1638 2908 sunt,
1690 2836 2023 2897 maximam
2080 2835 2141 2895 in
2199 2822 2665 2913 conquirendis
2711 2836 3024 2915 undigue,
3083 2837 3261 2897 nulla
3338 2847 3636 2915 sumptus
3687 2839 3916 2900 ratione

669 2941 915 3008 habita,
954 2935 1263 3014 operibus
1315 2938 1388 2995 ad
1436 2936 1983 3017 Theolihylactum
2038 2944 2327 2996 nostrum
2379 2936 2907 3016 quomodolibets
2953 2938 3449 3013 pertinentibus.
3510 2940 3666 3000 Cum
3734 2941 3919 3017 igitur

678 3041 875 3121 hujus
907 3038 1308 3115 alteriusque
1343 3032 1593 3097 defectu
1620 3034 1832 3109 operis
1871 3051 1997 3093 non
2043 3052 2235 3110 pauca
2271 3034 2575 3095 deessent
2610 3030 2762 3095 folia
2797 3035 2871 3095 ad
2908 3037 3322 3130 prasstitutam
3358 3036 3916 3117 hujusvolumiuis

683 3142 934 3213 molem,
997 3144 1324 3200 curatores
1388 3130 1700 3213 praedicti,
1777 3130 2110 3208 impressis
2178 3133 2304 3209 jam
2358 3131 2650 3209 epistolis
2713 3131 2976 3210 viginti,
3055 3142 3115 3191 et
3175 3134 3392 3199 Graeco
3461 3137 3918 3197 Commentario

681 3238 1089 3316 insequente,
1144 3234 1494 3299 consilium
1560 3230 1969 3309 capessivere
2038 3231 2135 3310 (ad
2202 3231 2400 3291 alium
2456 3240 2696 3292 tomum
2751 3238 3073 3295 reservato
3135 3249 3362 3311 opere,
3424 3227 3597 3310 qifod
3668 3236 3921 3297 Parisiis

676 3338 1149 3415 praestolamur)
1183 3334 1547 3412 adiiciendi-
1575 3333 1765 3394 etiam
1804 3331 2110 3409 epistolas
2146 3347 2181 3391 a
2232 3330 2517 3391 Meursio
2560 3341 2620 3390 et
2667 3330 2885 3400 Lamia
2925 3330 3150 3405 editas,
3197 3348 3274 3392 ne
3312 3322 3523 3392 tomus
3583 3332 3699 3409 iste
3745 3350 3915 3412 inquo

685 3438 939 3496 brevior
983 3436 1314 3508 evaderet;
1370 3433 1698 3508 simulque
1746 3432 2067 3493 celeritate
2117 3446 2364 3492 summa
2410 3430 2676 3491 curandi
2718 3430 2954 3507 ipsius,
2996 3430 3516 3514 impressionem,
3575 3450 3652 3493 ne
3708 3433 3914 3494 erudi-

688 3545 902 3597 torum
955 3540 1099 3619 vota‘
1149 3533 1397 3595 diutius
1448 3532 1894 3609 fatigarentur.
1943 3533 2109 3591 Hinc
2150 3548 2303 3594 vero
2333 3530 2466 3610 .hoc
2515 3530 2725 3594 solum
2775 3532 3180 3604 incommodi,
3228 3533 3459 3595 accidit
3506 3534 3701 3613 (quod
3759 3534 3915 3596 enim

682 3638 1003 3722 ejusmodi
1041 3638 1328 3718 epistolae
1359 3622 1436 3698 ab
1467 3635 1613 3696 aliis
1642 3635 1949 3713 sejunctte
1983 3638 2321 3713 prodeant,
2354 3618 2471 3712 pro
2519 3634 2723 3696 nihilo
2779 3635 3139 3711 habendum
3175 3654 3317 3721 esse
3371 3654 3404 3701 a
3457 3638 3611 3698 viris
3656 3640 3917 3716 pruden-

682 3737 858 3808 tibus
890 3742 1068 3827 puto)
1100 3741 1273 3829 quod
1307 3738 1755 3831 Marinerianm
1795 3736 2113 3819 versionis
2152 3735 2696 3808 emendationem,
2735 3753 2927 3813 quam
2982 3736 3258 3813 ‘aggredi
3294 3753 3401 3804 ac
3430 3739 3729 3814 perﬁcere
3760 3744 3917 3797 stato

683 3855 977 3924 tempore
1015 3841 1505 3915 constitueram,
1554 3834 1735 3919 capto
1779 3856 1811 3899 a
1873 3837 2281 3900 curatoribus
2327 3854 2495 3903 novo
2546 3836 3027 3923 inepinatoque
3072 3839 3373 3929 consilio,
3421 3846 3484 3915 et
3553 3833 3620 3900 re
3665 3838 3915 3929 maxime

690 3929 1044 4021 properata,
1088 3946 1387 4022 prmstare
1428 3958 1554 4002 non
1594 3940 1935 4023 potuerim.
1975 3942 2049 4000 At
2082 3940 2445 4002 versionem
2491 3938 2664 4017 illam
2699 3938 3100 4022 tolerabilem
3136 3925 3216 4000 ad
3259 3934 3473 4011 minus
3510 3958 3680 4028 esse,
3714 3925 3809 4003 vel.
3846 3955 3929 3999 exe

688 4042 767 4104 eo
808 4046 958 4104 mihi
1001 4043 1603 4122 persuadeo,‘quod
1658 4043 1939 4127 Lamius,
1977 4043 2088 4102 “vir
2141 4043 2583 4121 doctissimus,
2631 4042 2965 4123 Graecique
3011 4038 3335 4104 idiomatis
3360 4042 3805 4119 peritissimus,
3852 4041 3910 4099 in

689 4146 926 4205 θρΙοὶπί
962 4149 1241 4211 editione
1273 4150 1662 4221 Mcursiana,
1698 4148 1799 4210 cui
1834 4152 2086 4226 praeest,
2121 4162 2259 4207 eam
2314 4136 2631 4225 collocare
2668 4139 3162 4210 no'n'dubit'arit.
3198 4145 3453 4231 Nullam
3492 4146 3693 4225 igitur
3721 4143 3912 4207 in‘his
3948 4154 3959 4161 '

691 4248 961 4308 edendis
995 4250 1289 4324 epistolis
1325 4253 1462 4327 ipse
1496 4269 1753 4327 operam
1791 4250 2002 4325 posui,
2044 4238 2357 4327 adeoque
2390 4247 2551 4309 nihil
2606 4251 2685 4311 de
2738 4250 2964 4311 iisdem
3011 4258 3307 4327 superest
3357 4248 3512 4310 mihi
3569 4242 3910 4336 dicendum.

692 4354 766 4412 Et
798 4351 928 4412 hinc
956 4342 1163 4429 quoad
1200 4352 1489 4429 singulas
1520 4354 1714 4432 hujus
1747 4355 2100 4417 voluminis
2135 4361 2367 4432 partes.
2405 4354 2589 4414 Nunc
2644 4369 2841 4431 pauca
2894 4352 2972 4414 de
3012 4352 3314 4427 versione
3367 4370 3530 4426 mea,
3574 4342 3912 4427 additisque

636 4520 641 4523 ,
693 4454 887 4528 notis,
936 4462 1275 4531 antequam
1314 4451 1749 4514 Prmfationcm
1782 4456 2069 4531 absolvo,
2101 4455 2376 4534 adjicere
2412 4453 2613 4515 lubet.
3172 4444 3175 4448 ’

774 4579 1022 4663 XLIX.‘
1058 4577 1221 4638 Usus
1254 4594 1395 4659 sum
1438 4569 1735 4638 liberiore
1766 4579 2085 4639 versionis
2133 4597 2403 4657 genere;
2458 4597 2585 4642 non
2629 4580 2917 4659 quidem,
2946 4618 2949 4621 »
2979 4586 3048 4642 ιιι
3085 4596 3225 4655 eam
3280 4579 3616 4663 redderem
3676 4580 3910 4654 elegan—

698 4658 949 4753 μοι-ἐπι,
990 4679 1097 4739 sed
1146 4686 1210 4740 ut
1242 4658 1578 4741 clariorem
1616 4677 1949 4755 magisque
1989 4681 2415 4756 perSpicuam.
2452 4658 2703 4743 Etenim
2744 4681 2814 4742 in
2865 4698 2939 4742 ea
2991 4696 3245 4755 semper
3285 4660 3604 4751 sententia
3632 4676 3750 4741 fui,
3786 4682 3910 4733 eum

698 4779 865 4840 haud
902 4774 1178 4853 perfecte
1227 4780 1407 4860 fungi
1461 4779 1828 4859 interpretis
1870 4794 2158 4852 munere,
2214 4781 2327 4857 qui
2398 4791 2688 4865 accurate
2736 4782 3000 4859 quidem
3038 4773 3238 4840 ‘verba
3288 4776 3633 4860 transferre
3685 4770 3907 4848 satagit.

698 4868 975 4946 auctoris
1012 4898 1160 4940 vero
1189 4900 1457 4944 sensum
1496 4884 1843 4946 obscurum
1870 4880 2213 4967 relinquit.
2252 4885 2456 4963 Hujus
2506 4885 2829 4961 siquidem
2876 4881 3369 4960 explicationem
3406 4877 3806 4959 potissimum
3845 4871 3923 4945 ad,

701 4978 1107 5056 interpretem
1154 4983 1497 5057 pertinere,
1549 4993 1716 5062 patet
1775 4988 1871 5048 vel
1927 5003 2005 5047 ex
2066 5000 2143 5047 eo
2205 4983 2377 5062 Quod
2434 4982 2477 5041 ii
2529 4983 2719 5044 etiam
2766 4983 2885 5059 qui
2918 4973 3613 5069 ,cujusriiamauctoris
3671 4988 3907 5041 sensum

699 5078 949 5148 ίᾶωθιεὶ
986 5076 1051 5138 in
1112 5079 1330 5145 eadem
1391 5080 1635 5159 lingua,
1682 5086 2014 5148 clariorem
2073 5086 2371 5158 neddunt,
2432 5082 3114 5161 soleantinterpretcs
3173 5080 3507 5160 appellari.
3554 5078 3909 5159 Plerumque

705 5177 902 5259 igitur
958 5180 1023 5241 in
1095 5178 1157 5240 id
1223 5181 1664 5241 tantummodo
1733 5184 2032 5258 laboravi,
2071 5195 2139 5250 ut
2170 5201 2431 5247 sensum
2465 5177 2657 5265 quem
2690 5182 2974 5245 auctoris
3009 5173 3205 5242 verba
3233 5179 3614 5258 diligentius
3658 5190 3906 5251 expensa

711 5284 1040 5343 continere
1074 5281 1329 5355 censui,
1384 5280 1625 5359 phrasi,
1681 5282 1890 5360 quoad
1954 5286 2156 5361 potui,
2219 5280 2513 5359 clariore,
2567 5283 2912 5364 verbisque
2957 5279 3493 5361 mquivalentibtis
3546 5271 3905 5341 exhiberem.
3952 5276 3955 5277 ⁷

710 5376 929 5437 Sicubi
964 5397 1112 5441 vero
1140 5380 1420 5443 auctoris
1469 5398 1649 5467 mens
1694 5381 1907 5453 minus
1939 5393 2104 5443 certa
2140 5382 2599 5461 exrilorataque
2637 5384 2810 5461 mihi
2843 5385 2982 5447 visa
3035 5386 3154 5454 est,
3189 5378 3320 5440 tuin
3368 5382 3655 5459 pressius
3701 5381 3905 5465 haerere

712 5476 927 5535 verbis
957 5481 1318 5554 consultius
1356 5483 1743 5554 existimavi,
1790 5494 1982 5543 acuto
2044 5481 2287 5543 Lectori
2320 5488 2693 5557 potestatem
2738 5491 2811 5563 ut
2849 5483 3123 5546 faCerem
3155 5497 3229 5542 ea
3262 5489 3331 5541 ut
3376 5483 3501 5543 sibi
3541 5474 3905 5560 probabilius

717 5573 1042 5635 videretur
1084 5578 1566 5659 interpretandi.
1618 5584 1685 5642 In
1740 5580 2108 5661 bujusmodi
2155 5577 2456 5656 scopulos
2498 5580 2695 5641 semel
2745 5587 2806 5641 et
2840 5572 3099 5650 iterum
3155 5578 3355 5640 incidi
3404 5581 3560 5659 dum
3625 5580 3903 5638 verterem

719 5670 1060 5757 Epistolas,
1108 5692 1250 5756 quae
1305 5679 1466 5742 mihi
1516 5682 1754 5761 ubique
1802 5682 2119 5757 difﬁciles,
2147 5679 2382 5752 alicubi
2437 5681 2601 5742 visae
2643 5689 2792 5743 sunt
2854 5681 3042 5745 etiam
3081 5680 3245 5744 satis
3286 5681 3598 5743 obscurae.
3643 5672 3902 5744 Fortasse
