4056 6340
250 350 362 417 m
1285 327 1998 412 LAURENTII‘SIFANI
2039 329 2452 414 Pammene.
3381 312 3494 421 tta

255 457 774 538 'l'heOpltylaclus
842 443 919 517 in-
969 457 1062 517 eis
1112 456 1594 518 conscribendis
1648 455 1918 518 clariore
1963 457 2132 536 stylo
2191 478 2346 522 usus
2381 479 2527 522 non.
2559 469 2674 538 est,
2711 465 2862 543 quia
2909 467 2983 528 ad
3031 466 3377 532 familiares
3421 479 3484 531 et

257 543 648 622 domesticos
692 563 1006 634 scribens,
1042 559 1279 622 clanius
1312 577 1456 623 sese
1488 548 1808 640 explicare
1845 570 1953 624 aut
1978 563 2261 642 neglexit
2304 575 2410 627 aut
2457 568 2687 629 noluit.
2742 571 2810 630 ln
2869 573 3061 632 variis
3100 575 3250 635 tomi
3292 576 3486 653 hujus

261 667 567 741 aperibus
610 683 644 725 a
696 683 799 727 me
835 666 1049 726 Latine
1121 666 1386 728 redditis
1445 667 1881 728 diversitatem
1939 668 2216 748 aliquam
2278 670 2344 731 in
2425 671 2559 749 ipsa
2593 675 2888 735 versione
2939 673 3208 738 fortasse
3265 679 3486 739 Lector

259 770 561 838 nﬂ‘endet,
606 769 694 828 ita
729 779 792 828 ut
827 773 1014 830 modo
1063 771 1286 847 magis,
1321 772 1510 833 modo
1540 773 1755 833 minus
1789 772 2101 834 elaborata
2124 775 2178 834 ei
2216 774 2508 836 videatur
2534 779 3070 855 atque-expolita;
3097 782 3483 856 quandoque

260 855 448 928 etiam
499 869 721 946 magis,
782 871 1170 949 quandoque
1242 872 1455 932 minus
1506 871 1964 950 TheOphylacti
2023 871 2231 932 verbis
2293 872 2568 934 astricta.
2636 875 2829 953 Cujus
2903 877 3294 937 diversitatis
3345 895 3482 957 eam

259 987 511 1030 causam
561 987 702 1031 esse
738 978 916 1042 sciat,
948 972 1118 1047 quod
1158 989 1272 1050 ego
1306 987 1430 1032 non
1477 973 1902 1041 continenter,
1931 973 2041 1030 sed
2083 989 2191 1048 per
2239 972 2406 1031 varia
2442 973 2748 1048 temporis
2787 975 3137 1049 intervalla,
3194 979 3480 1055 adeoque

259 1076 323 1126 et
376 1070 538 1128 varia
584 1078 767 1130 utens
817 1072 1106 1146 corporis
1149 1072 1537 1140 valetudine,
1595 1072 1913 1150 variisque
1971 1074 2143 1132 curis
2191 1077 2333 1142 plus
2397 1075 2690 1135 minusve
2735 1060 3080 1149 distentus,
3149 1077 3480 1137 versiones

262 1167 626 1244 hujusniodi
661 1168 1086 1232 elucubrarim
1149 1194 1163 1235 :
1223 1173 1392 1232 unde
1431 1171 1712 1249 aliquam
1770 1171 1920 1249 styli
1985 1180 2180 1250 atque
2238 1174 2783 1252 interpretationis
2833 1175 3268 1237 diversitatem
3324 1178 3477 1236 oriri

261 1283 524 1329 necesse
558 1271 701 1332 fuit.
730 1271 950 1344 Quoad
987 1282 1163 1333 notas
1197 1275 1442 1344 attinet,
1484 1275 1734 1335 noverit
1767 1277 2012 1347 Lector,
2048 1293 2146 1345 me
2181 1278 2446 1338 minime
2478 1279 2540 1339 id
2586 1275 2867 1340 muneris
2902 1279 3056 1339 mihi
3101 1282 3478 1357 sumpsisse,

263 1380 327 1429 ct
362 1378 529 1438 notis
580 1376 658 1437 de
693 1391 865 1461 more
898 1375 1206 1454 subjectis
1251 1377 1708 1454 TheOphylacti
1751 1395 1942 1457 opera
1977 1378 2368 1440 illustrarem
2408 1405 2422 1441 :
2458 1399 2668 1459 neque
2702 1382 2876 1441 enim
2909 1383 3181 1444 necesse
3224 1384 3286 1443 id
3327 1392 3480 1456 erat,

258 1491 471 1549 neque
507 1495 615 1554 per
645 1475 1098 1553 occupationes
1131 1493 1304 1537 meas
1349 1489 1409 1537 et
1447 1479 1735 1554 corporis
1774 1478 2201 1540 valetudinem
2239 1490 2537 1558 praestare
2566 1481 2628 1540 id
2688 1480 2849 1558 mihi
2902 1482 3213 1543 licuisset.
3264 1483 3481 1544 Solum

256 1575 458 1651 igitur
493 1587 670 1637 notas
710 1578 958 1655 aliquas
985 1578 1287 1655 Operibus
1334 1596 1368 1640 a
1407 1597 1504 1640 me
1570 1579 1891 1641 translatis
1925 1580 2039 1641 hac
2077 1580 2354 1659 illac-que
2399 1583 2664 1661 aspersi,
2718 1583 2829 1643 ubi
2878 1582 2972 1662 vel
3034 1583 3229 1660 major
3268 1584 3478 1660 aliqua

259 1691 398 1745 urg:
428 1692 494 1734 re
527 1676 1271 1757 necessitasqvidebatur,
1307 1679 1399 1740 vel
1438 1687 1796 1756 primtplum
1839 1681 2103 1741 omnino
2135 1693 2288 1753 erat,
2323 1685 2492 1760 quod
2528 1685 2919 1746 adnotarent.
2966 1684 3126 1744 Illud
3165 1692 3479 1761 postremo

258 1772 400 1830 loco
435 1776 823 1835 monendum
867 1785 1185 1852 superest,
1217 1795 1407 1838 sacrae
1439 1779 1778 1856 Scripturaa
1818 1786 2026 1838 textus
2062 1778 2239 1856 juxta
2272 1781 2630 1838 versionem
2665 1778 2992 1856 Vulgalam
3027 1780 3318 1840 attulisse
3355 1798 3478 1848 me,

255 1883 321 1932 ut
356 1876 820 1936 Catholicorum
875 1880 985 1955 qui
1037 1880 1095 1938 ei
1124 1884 1361 1940 assueti
1424 1890 1597 1951 sunt,
1641 1883 1979 1942 commodo
2031 1883 2378 1960 praesertim
2436 1882 2851 1954 inservirent;
2901 1891 3090 1960 alque
3145 1900 3268 1944 non
3321 1886 3478 1944 Novi

219 1978 578 2049 _duntaxat,
639 1978 752 2037 sed
806 1978 992 2038 etiam
1041 1981 1289 2039 Veteris
1337 1982 1727 2041 Testamenti
1787 1982 1970 2044 verba
2032 1983 2359 2043 all'erendo
2412 2006 2425 2042 :
2484 1983 2629 2043 licet
2677 1983 3213 2062 'l‘heOphylactus,
3264 1993 3478 2060 utpote

249 2079 509 2134 Graecus
562 2085 802 2147 auctor,
838 2077 1044 2154 quoad
1109 2077 1490 2149 secundum,
1541 2087 1757 2139 utatur
1788 2082 2085 2142 versione
2140 2091 2259 2143 Τῶν
2316 2083 2508 2142 LXX.
2568 2084 2722 2141 Cum
2774 2099 2921 2144 vero
2962 2083 3242 2160 Vulgata;
3294 2085 3479 2145 verba

249 2179 413 2232 adeo
446 2173 773 2234 dill‘errent
810 2192 843 2235 a
876 2177 1083 2235 Verbis
1117 2177 1790 2256 j'ter'l‘heOphylaetum
1827 2181 2058 2250 allatis,
2090 2190 2154 2241 ut
2184 2183 2323 2260 ejus
2376 2183 2480 2242 lini
2527 2182 2792 2242 minime
2827 2193 3254 2246 consentanea
3287 2185 3475 2246 vide-

253 2282 498 2344 rentur,
537 2283 680 2332 tunc
708 2275 992 2350 pressius
1047 2292 1119 2368 qa
1154 2287 1394 2337 vertere
1432 2279 1860 2340 necessarium
1896 2282 2161 2343 omnino
2197 2283 2401 2342 visum
2441 2290 2559 2342 est.

337 2373 400 2429 L.
450 2375 581 2430 Jam
629 2390 803 2447 vero,
860 2374 1053 2434 lector
1108 2377 1368 2453 Optime,
1430 2377 1622 2438 habes
1681 2381 1995 2451 omnium,
2060 2400 2202 2460 quae
2259 2392 2469 2444 tomus
2525 2384 2644 2444 iste
2694 2385 3156 2461 complectitur,
3211 2403 3475 2460 operum

254 2466 618 2545 laborisque
653 2487 685 2528 ει
722 2487 819 2529 me
847 2471 908 2530 in
943 2487 1017 2531 eo
1051 2472 1354 2550 insumpti
1396 2474 1730 2534 rationem.
1762 2478 1981 2549 Quoad
2018 2477 2337 2556 duplicem
2388 2479 2557 2540 enim
2594 2483 2894 2551 Iudicem,
2925 2483 3209 2542 Gram-um
3245 2498 3469 2554 unum,

249 2570 654 2646 alterumque
685 2570 1002 2641 Latinum,
1035 2589 1198 2650 quos
1237 2581 1556 2648 postremo
1609 2573 1748 2634 loco
1784 2576 2009 2654 adjeci,
2062 2578 2218 2637 nihil
2270 2579 2494 2653 habeo,
2543 2581 2716 2657 quod
2750 2581 2976 2649 dicam,
3015 2579 3137 2640 nisi
3174 2596 3269 2638 me
3299 2579 3358 2638 in
3397 2598 3473 2641 eo

253 2681 573 2739 spectasse
608 2671 921 2731 delectum
960 2673 1172 2748 potius
1202 2691 1388 2751 quam
1416 2677 1683 2749 capiam.
1719 2676 1885 2736 Nihil
1939 2679 2126 2738 etiam
2156 2686 2233 2739 de
2285 2680 2728 2758 impressionis
2760 2689 3044 2742 accurata
3079 2677 3473 2742 correctione

252 2765 493 2838 dicam;
522 2771 757 2847 quippe
797 2790 938 2850 quae
980 2776 1051 2834 ad
1101 2793 1197 2835 me
1231 2791 1355 2835 non
1401 2783 1663 2851 spectat,
1696 2778 1809 2836 sed
1843 2780 1916 2837 ad
1949 2797 2097 2838 eum
2139 2781 2249 2859 qui
2282 2784 2632 2858 speqimina
2683 2785 2985 2845 correxit.
3024 2786 3244 2846 Solum
3279 2784 3477 2863 igitur

249 2883 424 2924 nunc
476 2879 793 2942 superest,
850 2879 918 2930 ut
967 2881 1023 2931 te
1073 2874 1262 2933 etiam
1308 2882 1500 2950 atque
1563 2877 1749 2934 etiam
1811 2892 2051 2952 rogem,
2114 2896 2323 2939 meum
2383 2880 2553 2941 hunc
2620 2882 3136 2962 qualemcunque
3194 2884 3473 2945 laborem

249 2975 316 3023 ut
350 2966 399 3022 si
441 2968 704 3042 probare
739 2970 999 3031 omnino
1029 2988 1150 3032 non
1214 2975 1441 3049 possis,
1485 2982 1776 3033 conatum
1816 2975 2036 3037 saltem
2101 2996 2311 3040 meum
2361 2997 2546 3059 aequo
2578 2993 2885 3061 gratoque
2934 2987 3148 3046 animo
3180 2987 3476 3066 excipere

250 3066 435 3126 velis.
2033 3091 2036 3095 '

1621 3309 2846 3324 ———————_~————a—_—————-———_—_
2857 3315 3078 3326 ~—-——-———

3153 3318 3433 3332 -Ἦ

243 3484 601 3572 Nobilibus,
632 3488 961 3572 generosis
995 3479 1877 3572 atquemagnilicisvirisl).
1912 3496 2119 3553 Marco
2154 3500 2462 3558 etJoanni
2501 3502 2821 3562 FL’GGEBIS
2845 3501 3170 3572 fratribus,
3203 3503 3465 3566 Antonii

320 3561 494 3630 ﬁliis,
527 3563 1028 3644 Kirehpergreet
1060 3561 1549 3644 \t’eisseitltortti
1588 3566 1953 3638 baronibus,
1988 3581 2133 3642 ctc.,
2168 3577 2449 3635 dominis
2506 3561 2644 3638 Suis
2694 3579 3088 3640 charissimis
3124 3561 3214 3641 et,
3243 3561 3466 3644 amicis

319 3640 609 3709 summis,
656 3642 1041 3702 Laurentius
1075 3643 1420 3717 SIFANUS,
1450 3645 1915 3720 Prunsfelilitts,
1947 3651 2004 3708 J.
2040 3640 2397 3728 U.'Doctor,
2431 3656 2491 3715 ς.
2523 3659 2590 3721 Ρ.
2628 3658 2698 3715 Ι).

328 3867 464 3921 Cum
522 3870 720 3922 abhinc
765 3871 1078 3936 triennium,
1136 3875 1232 3927 viri
1292 3877 1561 3942 generosi,
1600 3879 1873 3935 Arnoldns
1922 3879 2337 3946 Bircomannns,
2388 3885 2798 3955 Agrippinensis
2848 3886 3160 3956 bibliopola,
3195 3889 3294 3944 hoc
3328 3905 3466 3962 opus

239 3962 574 4017 sclroliorum
607 3965 660 4018 in
704 3968 834 4020 Acta
867 3970 1163 4037 apostolica
1199 3969 1304 4021 divi
1333 3968 1511 4031 Lacte,
1547 3986 1609 4024 ex
1642 3972 1860 4030 Austria
1895 3993 1933 4039 ,a
1981 3978 2286 4032 clarissimo
2319 3981 2438 4034 viro
2478 3981 2539 4036 D.
2569 3981 2778 4038 Joanne
2825 3985 3097 4039 Santbuco
3135 3988 3200 4038 ad
3237 4002 3294 4040 se
3327 3990 3465 4041 mis-

237 4068 382 4112 sum,
415 4054 544 4105 mihi
581 4055 919 4110 exhibuisset
950 4074 963 4109 :
996 4057 1136 4124 quod
1174 4068 1289 4110 erat
1322 4060 1599 4128 exemplar
1624 4063 1950 4131 obsoletum,
1983 4077 2035 4122 et
2079 4071 2400 4138 compendio
2435 4071 2734 4126 litterarum
2795 4075 2928 4127 adeo
2964 4077 3275 4129 intricatum
3300 4088 3462 4147 atque

233 4148 611 4208 obscuratum,
642 4155 700 4199 ut
727 4149 794 4200 ab
831 4143 1118 4204 admodum
1157 4152 1341 4220 paucis
1370 4153 1609 4211 Colonia:
1643 4159 1744 4227 legi
1783 4173 1984 4229 posset,
2020 4179 2226 4219 mecum
2259 4179 2419 4233 agere
2450 4168 2634 4231 cmpit,
2662 4177 2718 4220 ut
2744 4169 3076 4238 susciperem
3104 4173 3220 4240 ejus
3247 4173 3460 4227 descri-

232 4236 388 4288 bendi
423 4237 685 4291 laborem.
717 4240 869 4295 Haud
905 4244 1049 4298 enim
1089 4246 1371 4315 ignorabat
1398 4267 1483 4305 me
1531 4253 1660 4305 olim
1695 4254 1919 4327 Lutetia?
1953 4258 2221 4324 ejusmodi
2256 4259 2636 4316 describendis
2669 4267 2900 4320 vetustis
2931 4269 3208 4322 codicibus
3248 4268 3458 4326 Crzecis

230 4327 610 4393 i-tcrcilaltlm,
647 4330 786 4386 haud
826 4334 1052 4403 multum
1080 4337 1132 4391 in
1163 4341 1395 4396 lectione
1444 4358 1564 4396 esse
1604 4345 2000 4399 lalmraturnni.
2039 4347 2149 4418 Ego
2201 4365 2329 4406 vero
2385 4369 2506 4406 cum
2559 4354 2910 4423 intelligerent
2947 4375 3068 4414 cum
3135 4377 3270 4429 opus
3323 4363 3453 4416 illud

229 4415 413 4468 Graece
445 4417 609 4471 simul
640 4428 694 4473 et
725 4421 915 4478 Latine
954 4427 1235 4496 divulgare
1281 4435 1331 4484 in
1369 4433 1553 4486 animo
1581 4434 1800 4500 habere,
1857 4440 2139 4506 cupiebam
2173 4444 2389 4512 quidem
2431 4454 2483 4498 et
2517 4447 2590 4498 illi
2617 4463 2714 4515 pro
2750 4451 2988 4502 amicitia
3024 4467 3227 4506 morem
3263 4469 3454 4521 genere

227 4515 272 4555 et
309 4507 542 4573 publica:
576 4510 797 4594 utilitati
836 4517 1126 4572 consulere
1159 4537 1174 4585 ;
1207 4521 1298 4575 sed
1329 4523 1639 4579 deterrebat
1672 4543 1756 4580 me
1787 4526 2224 4602 cnnfscripturm
2253 4537 2468 4591 exilitas
2501 4539 2676 4590 oculis
2719 4541 2955 4602 inimica,
2990 4549 3104 4592 tum
3142 4546 3446 4612 exemplum

229 4606 406 4655 minus
438 4604 806 4673 emendatum,
839 4611 1136 4676 praesertim
1168 4628 1289 4666 cum
1323 4617 1541 4674 deesset
1569 4622 1714 4676 aliud
1760 4627 2130 4695 apographum
2169 4634 2311 4685 unde
2353 4632 2548 4700 corrigi
2591 4633 2750 4698 hujus
2780 4641 2940 4702 atque
2986 4637 3262 4690 emendari
3315 4640 3445 4694 vitia
3479 4625 3501 4628 η

225 4705 463 4754 lassi-nt.
500 4696 706 4764 Itaque,
738 4715 1073 4771 quanquam
1108 4721 1268 4774 a'gre,
1328 4713 1576 4766 concessi
1616 4721 1791 4768 tamen
1843 4721 2070 4786 petenti,
2105 4731 2158 4776 et
2211 4739 2321 4776 rem
2354 4725 2570 4792 suscepi
2615 4741 2628 4782 :
2663 4735 2714 4779 et
2747 4743 2867 4780 cum
2919 4711 3151 4782 vitandae
3182 4733 3447 4798 pestiferae

219 4790 558 4878 contagionis
590 4803 751 4845 causa
781 4809 866 4846 me
894 4794 947 4846 in
978 4797 1204 4864 patriam
1231 4813 1295 4851 ex
1341 4800 1476 4854 urbe
1504 4805 1854 4871 recepissem,
1889 4811 2030 4878 apud
2063 4811 2321 4865 .lacobum
2355 4790 2686 4868 Paulinsium
2715 4817 2961 4872 abbatem
2996 4790 3227 4875 emnobii
3268 4822 3447 4878 Stein-

221 4876 398 4938 vchlii,
433 4879 625 4931 virum.
649 4891 702 4933 et
751 4882 968 4951 litteris,
1001 4893 1054 4967 et
1091 4887 1311 4954 pietate,
1370 4897 1424 4942 et
1473 4892 1756 4958 prudentia
1804 4900 2234 4963 ornatissimum,
2269 4902 2370 4956 hoc
2400 4919 2535 4972 opus
2567 4905 2705 4959 haud
2741 4909 2861 4962 sine
2900 4912 3142 4965 maximo
3166 4914 3346 4967 labore
3379 4929 3442 4965 ac

219 4969 432 5022 'tesione.
467 4974 750 5029 oculorum
778 4977 1040 5048 descripsi
1073 4998 1087 5040 ;
1127 4981 1272 5050 quod
1309 4984 1399 5036 ubi
1445 4989 1830 5058 transcriptum
1867 4993 2228 5048 Bircomanno
2263 4998 2481 5050 tradidi.
2514 4999 2606 5054 Ille
2633 5017 2791 5069 porro
2823 5020 3032 5059 mecum
3062 5021 3218 5075 agere
3254 5006 3439 5078 carpit,

215 5068 266 5109 ut
301 5062 447 5126 quod
475 5067 890 5136 descripserant,
924 5073 1083 5126 etiam
1116 5085 1492 5131 converterem
1523 5080 1574 5131 in
1601 5097 1902 5138 sermonem
1934 5086 2210 5141 Latinum.
2237 5092 2347 5160 Ego
2379 5108 2505 5146 vero
2536 5096 2717 5164 (quod
2754 5097 2892 5151 haud
2933 5100 3239 5168 ignorabam
3273 5117 3444 5169 quan-

215 5160 394 5216 Icpcie
427 5153 559 5204 mihi
585 5161 1127 5234 aestuandnmatque
1152 5168 1454 5237 sudandum
1487 5185 1626 5225 esset
1658 5173 1710 5226 in
1743 5191 1928 5243 opere,
1966 5179 2124 5247 cujus
2154 5198 2320 5236 llltlllll
2356 5185 2620 5238 duntaxat
2649 5198 2886 5242 exstaret
2914 5190 3239 5258 exemplum,
3277 5193 3440 5261 idque

215 5244 392 5296 multis
429 5245 486 5295 in
521 5246 652 5297 locis
687 5251 941 5324 mutilum
973 5265 1135 5323 atque
1162 5258 1561 5332 depravatum),
1592 5265 1983 5337 aliquantisper
2021 5285 2330 5341 cunctatus,
2369 5280 2580 5332 tandem
2622 5280 2898 5343 Ecclesiae,
2925 5281 2974 5332 in
3015 5291 3119 5334 tam
3156 5285 3270 5337 utili
3298 5302 3438 5353 pra:-

210 5343 394 5390 sertim
450 5355 512 5391 ac
554 5342 645 5406 pio
678 5357 861 5410 opere,
907 5348 1162 5420 jurandze
1202 5356 1407 5422 studio,
1448 5367 1609 5426 atque
1651 5363 1809 5414 etiam
1848 5368 2110 5423 tolerabili
2155 5386 2182 5422 a
2226 5369 2587 5426 Bircomauno
2616 5375 2890 5441 proposita
2942 5379 3273 5440 conditione,
3317 5396 3427 5434 rem

209 5443 497 5535 f‘AS't'SSIIS
533 5446 652 5482 sum
692 5450 705 5484 :
739 5448 817 5506 ac
854 5436 938 5488 vix
999 5440 1211 5494 tandem
1244 5445 1472 5502 absolvi.
1510 5448 1640 5503 Nam
1676 5469 2070 5524 saepenumero,
2116 5461 2240 5513 dum
2285 5461 2335 5513 iu
2369 5463 2486 5515 lora
2522 5463 2706 5517 mutila
2737 5472 2898 5534 atque
2930 5479 3178 5535 corrupta
3225 5470 3428 5525 incide-

211 5519 344 5581 bitm.
378 5522 539 5626 ιιιεάίῖ»
589 5523 791 5577 laboris
839 5525 1149 5595 frequenter
1200 5535 1453 5602 irriti,iac
1496 5549 1886 5617 propemodum
1940 5554 2316 5620 deSperatione
2352 5556 2424 5608 rei
2480 5556 2710 5613 feliciter
2757 5561 3098 5614 absolvenda‘
3132 5562 3294 5631 (cum
3328 5582 3424 5620 nec

210 5628 414 5678 ῃ’θυμοῖ
447 5614 621 5667 Olim"
653 5618 839 5687 εὕει),
872 5621 942 5673 ab
967 5636 1127 5716 ορςνθ
1157 5633 1389 5696 cessavi.
1415 5625 1555 5702 Quod
1592 5640 1909 5712 plerumque
1940 5645 2100 5697 etiam
2135 5644 2318 5699 facere
2343 5647 2512 5712 solco,
2537 5651 2624 5704 ubi
2663 5652 2791 5704 mihi
2827 5653 2937 5720 ipse
2965 5639 3072 5706 non
3112 5655 3416 5712 satisfacio:

210 5710 473 5764 ncc‘cnim
500 5712 633 5767 mihi
665 5717 990 5784 persuadere
1017 5711 1265 5791 possunt,
1308 5724 1376 5781 αἰ)
1406 5731 1526 5784 aliis
1550 5736 1835 5800 probatum
1870 5738 1955 5802 iri,
1987 5740 2126 5807 quod
2161 5741 2828 5816 mihimctipsidispliceat.
2863 5747 3047 5819 itaque
3070 5766 3188 5804 cum
3223 5767 3413 5820 pcrpc-

3560 5495 3568 5519 \
