4056 6340
591 359 699 422 Αἴξ)
733 395 736 399 ~
1582 389 1585 392 ‹
1627 352 2048 415 LAURENTII
2100 354 2193 413 Sll

2224 353 2323 413 AN
2332 354 2354 412 Ι
2392 354 2829 416 l’Rr’EFATIO.”
2949 363 2953 367 ’
3718 354 3826 424 480

594 484 747 529 tuum
780 470 834 526 in
867 468 1239 526 convertendo
1277 465 1480 525 morem
1512 480 1732 523 servare
1754 469 1924 543 soleo,
1947 477 2129 522 utnon
2161 475 2286 521 aute
2317 482 2534 537 pergam
2565 484 2727 538 opere
2751 470 3018 533 instituto,
3049 484 3211 541 quant
3238 470 3431 539 prioris
3465 471 3571 529 diei
3613 472 3827 528 labores

599 552 987 635 recognovcro,
1022 571 1077 618 et
1108 578 1279 633 usque
1306 577 1371 618 eo
1405 576 1715 629 correxere,
1744 570 1802 615 ut
1836 562 2018 615 animo
2050 575 2171 615 meo
2201 561 2382 629 aliquo
2413 561 2575 616 modo
2609 563 2860 618 satisfiat.
2900 563 2977 618 Ac
3007 579 3313 634 quanquam
3344 558 3470 618 mihi
3497 579 3603 618 non
3627 565 3828 633 ubique

597 658 833 714 satisfeci
902 658 1018 726 (qui
1058 655 1199 710 enim
1232 655 1531 725 potuissem
1562 655 1615 707 in
1652 655 1718 719 iis
1753 656 1913 718 locis,
1939 654 2031 709 ubi
2065 663 2325 723 corrupto
2352 656 2568 723 penitus
2598 669 2661 709 ac
2689 655 2936 708 mutilato
2966 655 3277 725 apographo
3298 656 3642 724 conjecturas
3674 652 3827 722 sequi

600 767 824 807 necesse
855 750 1017 803 habui
1044 749 1112 819 ἲ),
1145 748 1310 802 malui
1343 757 1525 822 tamen
1560 763 1618 803 re
1643 758 1897 818 suscepta
1932 748 2088 802 fidem
2116 762 2293 801 meam
2328 748 2583 812 liberare,
2615 763 2714 803 nec
2738 748 3015 801 hominum
3044 749 3507 818 exspectationem
3539 746 3829 814 frustrari,

601 851 656 897 et
694 843 897 910 aliquid
929 826 1110 911 potius
1136 841 1191 894 in
1230 847 1385 909 parte
1415 840 1618 907 operis,
1646 840 1789 910 quod
1825 838 2117 909 aliquando
2150 839 2441 904 sarciatur,
2496 838 2681 892 minus
2709 836 2951 907 probari,
2979 853 3139 906 quam
3175 823 3346 892 totum
3375 852 3513 906 opus
3549 836 3643 891 diu
3681 835 3835 890 desi-

605 935 807 988 derari.
842 933 1064 988 llabetis
1106 934 1266 989 simul
1303 931 1591 987 consilium
1625 947 1804 985 meum
1832 931 1886 984 in
1920 930 2268 998 suscipienda
2297 945 2375 995 rc,
2409 940 2458 985 et
2480 945 2557 983 re
2586 937 2863 998 suscepta,
2894 942 3118 983 causam
3148 946 3246 984 cur
3276 939 3382 984 tam
3417 944 3541 985 sero
3568 934 3706 997 opus
3738 925 3838 979 ab—

598 1028 837 1083 solutum
893 1033 1057 1094 atque
1090 1024 1392 1094 perfectum
1434 1022 1660 1092 prodeat
1715 1022 1771 1075 in
1826 1024 2022 1075 lucem.
2070 1020 2205 1083 Cum
2240 1020 2407 1090 igitur
2440 1022 2590 1088 operi
2619 1021 2729 1090 jam
2767 1020 3158 1090 propemodum
3192 1019 3318 1076 ﬁnis
3346 1020 3635 1090 impositus
3665 1025 3839 1083 esset,

596 1127 767 1185 atque
790 1130 897 1184 pgo
930 1128 1140 1166 meeum
1166 1106 1521 1167 deliberarem
1548 1121 1712 1181 atque
1736 1111 2105 1165 consultarem
2137 1094 2299 1179 quem
2336 1111 2431 1167 his.
2462 1110 2744 1165 laboribus
2776 1110 2910 1166 meis
2938 1111 3288 1180 potissimum
3330 1111 3621 1182 deligerem
3654 1120 3845 1178 patre-

600 1222 752 1265 num,
789 1202 982 1257 amicis
1013 1201 1133 1255 aliis
1173 1202 1553 1268 alios,eosque
1580 1199 1948 1269 amplissimos
1969 1200 2189 1268 quidem
2221 1200 2389 1265 viros,
2418 1199 2511 1255 sed
2543 1200 2869 1268 quibuscum
2902 1201 3033 1255 mihi
3057 1201 3201 1254 nulla
3223 1201 3613 1270 propemodum
3646 1199 3842 1254 notitia

601 1298 990 1360 intercederet,
1055 1296 1529 1366 proponentibus:
1589 1309 1689 1365 ego
1741 1311 1866 1350 cum
1928 1295 2172 1364 ineptum
2215 1303 2269 1349 et
2300 1282 2668 1365 importunum
2705 1310 2828 1350 esse
2869 1295 3204 1366 judicabant,
3237 1310 3556 1365 magnorum
3597 1295 3845 1349 virorum

597 1407 899 1462 eorumque
927 1392 1257 1461 ignotorum,
1283 1397 1337 1443 et
1366 1389 1431 1444 ad
1465 1405 1603 1458 quos
1635 1390 1843 1457 nullum
1884 1389 2009 1457 quis
2036 1388 2241 1442 aditum
2279 1390 2507 1452 habeat,
2531 1390 2800 1443 amicitias
2835 1396 3106 1458 appetere,
3140 1401 3356 1446 ac.sese
3391 1403 3500 1443 non
3536 1388 3698 1441 modo
3725 1402 3852 1442 ser-

590 1482 796 1546 viliter,
827 1496 1011 1534 verum
1051 1482 1216 1535 etiam
1251 1480 1596 1559 impudenter
1625 1482 1911 1534 insinuare
1946 1488 2099 1533 :tum
2133 1495 2267 1534 mete
2301 1490 2511 1535 naturae
2542 1489 2708 1550 atque
2757 1480 2972 1551 ingenio
3003 1481 3252 1534 videbam
3292 1494 3405 1534 rem
3452 1470 3573 1534 esse
3608 1482 3852 1534 maxime

599 1579 886 1633 adversam
916 1588 969 1633 ot
998 1579 1298 1633 inimicam.
1328 1579 1689 1659 Atquehaud
1723 1579 2038 1650 ignorabam
2063 1566 2178 1643 eos,
2216 1581 2416 1650 quibus
2458 1581 2661 1650 ignotis
2698 1580 2962 1649 ejusmodi
2995 1578 3171 1634 honos
3204 1579 3461 1643 habetur,
3493 1591 3601 1630 non
3635 1578 3855 1645 absque

538 1676 539 1679 “
601 1688 768 1728 causa
794 1674 1064 1742 suspicari
1097 1674 1272 1729 solere
1304 1688 1460 1729 suam
1485 1674 1553 1727 ab
1586 1674 1903 1728 hominibus
1932 1675 2261 1744 importunis
2294 1675 2724 1735 munificentiam
2759 1685 2923 1744 atque
2952 1675 3327 1728 liberalitatem
3376 1672 3657 1728 sollicitari
3693 1686 3710 1725 :
3753 1668 3856 1723 sed

602 1765 646 1817 si
679 1768 802 1834 quis
837 1766 1100 1819 beneficio
1130 1765 1357 1821 all‘c‘ctus
1383 1767 1549 1821 animi
1593 1766 1679 1821 sui
1714 1762 2102 1835 gratitudinem
2133 1768 2415 1822 declarare
2440 1767 2817 1831 stndeat,eum
2860 1782 2967 1821 non
3004 1766 3166 1820 modo
3201 1782 3308 1820 non
3338 1764 3634 1828 offendere,
3658 1752 3856 1816 verum

600 1858 764 1912 etiam
796 1857 1030 1925 laudent,
1060 1858 1104 1912 si
1127 1858 1261 1911 nihil
1287 1857 1432 1911 aliud
1468 1858 1729 1928 proficiat,
1758 1860 1826 1911 ab
1861 1858 2176 1933 hominibus
2202 1858 2344 1913 ferre
2372 1860 2568 1914 solere.
2599 1856 2739 1923 Qua!
2760 1874 2882 1911 cum
2913 1860 3095 1912 anitno
3115 1859 3399 1927 agitarem,
3434 1866 3598 1927 atque
3632 1854 3859 1923 perple-

601 1965 705 2004 xus
740 1951 997 2006 haererem
1030 1951 1118 2004 cui
1153 1951 1250 2006 hos
1285 1967 1436 2006 meos
1489 1951 1711 2006 labores
1740 1951 1946 2020 absque
1970 1952 2275 2008 offensione
2331 1964 2497 2022 atque
2545 1953 2944 2027 obtrectatione
2974 1954 3293 2020 cujusquam
3350 1954 3660 2008 dedicarem
3711 1950 3853 2021 (non

602 2040 747 2092 enim
783 2039 1076 2094 convenire
1103 2054 1202 2095 nec
1228 2028 1484 2111 expedire
1512 2041 1818 2116 videbatur,
1838 2042 2039 2095 librum
2064 2043 2272 2113 absque
2305 2051 2533 2113 patrono
2551 2052 2713 2112 atque
2739 2043 3029 2098 defensore
3048 2041 3310 2112 judicium
3333 2044 3607 2098 hominum
3636 2042 3856 2097 subire.

605 2137 910 2204 praesertim
943 2135 1334 2203 cujusauctor
1362 2138 1528 2190 etiam
1559 2151 1706 2191 nunc
1736 2129 2048 2205 superesset
2080 2155 2093 2191 :
2142 2141 2343 2209 quippe
2371 2154 2493 2194 cum
2550 2140 2655 2193 vivi
2713 2140 2886 2210 magis
2934 2155 3092 2209 quam
3141 2140 3339 2193 mortui
3374 2139 3593 2193 invidia:
3622 2139 3853 2193 obnoxii

603 2228 775 2282 simus
801 2238 856 2281 et
882 2228 1320 2283 obtrectantibus
1346 2230 1686 2301 opportuni),
1706 2245 1820 2286 .vos
1850 2230 1979 2284 mihi
2006 2224 2060 2285 in
2092 2234 2309 2302 primis.
2336 2242 2394 2287 ut
2423 2249 2520 2303 par
2548 2243 2654 2297 est,
2684 2234 2739 2288 in
2770 2244 3007 2288 mentem
3032 2232 3283 2298 venistis,
3318 2216 3516 2301 quibus
3548 2234 3860 2290 norunodo

606 2327 831 2390 prepter
859 2332 1065 2387 vetera,
1092 2337 1279 2376 verum
1315 2323 1480 2377 etiam
1516 2324 1587 2377 ob
1619 2325 1857 2379 recentia
1894 2326 2111 2389 merita,
2163 2328 2278 2382 imo
2324 2343 2457 2381 vero
2489 2336 2713 2399 prepter
2748 2335 3064 2397 perpetuam
3110 2340 3237 2394 erga
3285 2340 3369 2378 me
3429 2312 3858 2378 beneficentiam

607 2420 767 2480 atque
797 2412 1191 2491 liberalitatem,
1222 2416 1464 2467 onmium
1494 2414 1649 2485 longe
1681 2417 1976 2485 plurimum
2021 2415 2298 2471 deberem.
2328 2417 2460 2484 Non,
2499 2435 2583 2473 me
2628 2418 2891 2487 praeterit,
2936 2415 3184 2470 auribus
3243 2418 3445 2469 vestris
3484 2410 3755 2483 ingratam
3801 2421 3863 2464 et

606 2501 960 2570 injucundam
1001 2517 1126 2556 esse
1184 2506 1529 2559 immodicam
1568 2522 1632 2561 ac
1661 2510 1882 2563 nimiam
1923 2509 2268 2584 liberalitatis
2296 2517 2490 2571 vestrae
2551 2510 2989 2578 praedicationem
3028 2522 3042 2557 :
3087 2520 3271 2557 verum
3303 2505 3447 2565 date,
3473 2518 3678 2572 quaeso.
3710 2504 3863 2555 lianc

607 2593 823 2647 veniam
856 2592 1010 2655 milii,
1044 2593 1132 2646 cui
1168 2595 1301 2649 nihil
1337 2613 1572 2666 unquam
1606 2602 1806 2668 petenti
1837 2601 2171 2669 denegastis,
2202 2600 2296 2653 sed
2339 2601 2571 2667 plurima
2605 2597 2724 2652 ‘iion
2759 2599 2960 2668 petenti
2993 2598 3281 2660 tribuistis,
3312 2604 3372 2650 ut
3397 2596 3713 2651 summatim
3743 2596 3854 2648 sal'

607 2691 716 2739 tem
744 2684 922 2740 in'me
946 2687 1143 2739 collata
1182 2687 1447 2747 beneﬁcia
1478 2702 1656 2746 vestra
1690 2670 2026 2764 percurram.
2061 2695 2194 2749 Nam
2243 2696 2413 2763 patris
2450 2696 2637 2758 vestri,
2686 2694 3004 2763 amplissimi
3040 2703 3201 2761 atque
3230 2691 3421 2762 optimi
3481 2690 3606 2754 viri,
3659 2691 3713 2743 in
3770 2706 3865 2743 me

610 2778 1049 2830 sunnna‘collata
1084 2780 1368 2844 beneficia.
1409 2784 1515 2838 alio
1557 2784 1675 2837 loco
1710 2780 1924 2839 abunde
1958 2785 2093 2839 satis
2124 2786 2569 2851 commemoravi,
2608 2800 2717 2855 quo
2748 2788 2855 2838 vita
2891 2766 3167 2847 defuncto,
3203 2798 3300 2838 vos
3331 2796 3439 2836 non
3470 2780 3655 2835 modo‘
3679 2779 3862 2838 facul-

610 2873 781 2921 tatum
807 2879 860 2922 et
892 2885 1053 2938 opum
1080 2874 1227 2927 illius
1258 2876 1500 2931 h.ercdcs
1532 2880 1845 2951 exsti‘tistis,
1875 2895 2063 2933 verum
2096 2880 2257 2933 etiam
2292 2882 2555 2934 virtutum
2605 2890 2658 2934 et
2705 2878 3046 2936 liberalitatis
3093 2878 3145 2931 in
3187 2876 3378 2947 primis
3417 2876 3723 2930 imitatores
3753 2873 3866 2926 fui-

592 2957 715 3027 ‘stis
751 2976 773 3013 :7
799 2977 919 3034 qua:
942 2969 1092 3017 tanta
1123 2967 1330 3019 exstitit
1374 2984 1502 3038 erga
1545 2980 1651 3030 m‘c,
1696 2981 1754 3023 ut
1796 2973 1943 3025 illius
1982 2974 2181 3025 mortui
2222 2970 2617 3027 liberalitatem
2651 2984 2813 3043 atque.
2864 2972 3288 3027 munificentiam
3335 2970 3479 3047 haud
3526 2968 3864 3047 magnopere

612 3052 996 3109 desiderarim.
1029 3056 1187 3124 Nam,
1220 3069 1279 3112 ut
1300 3063 1580 3129 superiora
1622 3074 1962 3131 prtetercam,
2001 3080 2121 3133 qtae
2170 3067 2480 3133 frequentia
2529 3079 2689 3134 atque
2738 3067 2974 3135 ingentia
3025 3065 3264 3130 fuerunt,
3313 3046 3546 3133 primum
3592 3075 3689 3113 vos
3731 3065 3863 3110 ante

614 3144 918 3213 ωθηηίυηὶν
966 3164 1087 3203 cum
1143 3151 1197 3204 ili
1248 3152 1348 3205 hoc
1391 3169 1554 3223 Opere
1605 3172 1872 3219 versarer,
1924 3159 2191 3211 nihil'talc
2225 3141 2333 3212 non
2368 3161 2528 3211 modo
2568 3142 2786 3226 petenti,
2822 3173 3007 3211 verum
3038 3160 3202 3212 etiam
3242 3173 3306 3211 ne
3333 3154 3593 3227 cogitanti
3636 3152 3860 3220 quidem

618 3236 811 3289 bonam
848 3240 1091 3303 pecunia:
1144 3257 1413 3295 summam
1460 3245 1589 3297 mihi
1645 3248 1983 3315 suppeditari
2037 3262 2101 3300 ac
2154 3248 2567 3314 subministrari
2628 3248 2863 3301 cerastis
2899 3264 2914 3301 :
2954 3247 3169 3312 deinde,
3202 3243 3861 3312 cumjamliberalitatcm

566 3377 569 3381 .
615 3334 851 3379 vestram
877 3329 1040 3383 citius
1074 3329 1352 3400 fatigatam
1376 3346 1497 3387 esse
1521 3336 1834 3404 suspicatus
1882 3337 2127 3399 flliSSI‘lfl,
2161 3354 2323 3405 quant
2388 3338 2594 3405 aliquid
2645 3337 2912 3406 ejusmodi
2947 3352 3189 3406 sperare,
3232 3335 3427 3389 nedum
3460 3343 3664 3402 petere,
3689 3324 3864 3385 ausus

615 3433 818 3481 essem,
851 3429 975 3473 ante
1009 3436 1215 3489 paucos
1240 3439 1457 3479 menses
1480 3429 1787 3495 przeteritos
1811 3445 1964 3498 aeque
1995 3441 2189 3498 magna
2218 3438 2379 3497 atque
2412 3430 2634 3483 biennio
2669 3440 2795 3498 ante
2822 3448 2906 3485 me
2933 3445 3142 3485 summa
3170 3428 3413 3498 pecuniae
3436 3426 3707 3481 donastis.
3736 3427 3877 3491 Quor

618 3509 882 3563 beneflcio
928 3520 1173 3589 tempore
1232 3519 1702 3583 opportunissimo
1726 3536 1754 3572 a
1786 3522 1941 3574 vobis
1972 3532 2217 3592 accepto,
2255 3539 2377 3576 cum
2415 3522 2666 3576 videlicet
2712 3524 3075 3577 deliberarem
3134 3538 3292 3591 quem
3352 3520 3695 3589 potissimum
3734 3522 3865 3575 huic

616 3599 795 3667 partui
828 3616 950 3654 meo
989 3609 1223 3657 tutorem
1256 3620 1319 3659 ac
1360 3606 1700 3662 defensorem
1742 3626 2014 3679 pararem,
2057 3616 2237 3668 omnis
2288 3615 2562 3667 dubitatio
2602 3617 2989 3684 cuuetatioquc
3024 3614 3156 3667 mihi
3191 3612 3579 3683 propemodum
3607 3622 3860 3684 exempta

615 3700 701 3745 est
737 3709 750 3744 :
784 3707 908 3745 nam
943 3694 1182 3748 restabat
1215 3697 1379 3751 etiam
1407 3714 1555 3753 nunc
1592 3703 1884 3771 scrupulus
1920 3720 2080 3758 unus.
2124 3703 2387 3769 Quoniam
2420 3704 2582 3756 etiam
2619 3700 2895 3766 sciebam,"
2913 3719 3021 3772 quo
3054 3702 3235 3757 minus
3265 3688 3551 3771 appetitis,
3576 3718 3642 3756 eo
3674 3704 3868 3771 plures

617 3783 768 3838 vobis
783 3785 1014 3840 honores
1034 3786 1253 3853 deferri,
1272 3804 1334 3868 ac
1353 3789 1552 3848 multos
1577 3780 2023 3852 liomineSdoctos
2036 3797 2190 3851 vobis
2208 3811 2335 3863 suos
2358 3795 2569 3850 Iuberes
2594 3804 2755 3865 atque
2780 3784 3183 3863 iucubrationes
3200 3783 3509 3861 dedicasse,
3527 3794 3868 3849 subi/creber

621 3891 690 3965 nc
728 3879 940 3932 animos
972 3887 1181 3934 vestros
1216 3881 1419 3965 talibus
1439 3885 1611 3953 epulis
1644 3888 1872 3943 satiatos
1900 3898 2063 3958 atque
2098 3888 2334 3958 repletos
2358 3872 2735 3956 intempestiva
2759 3870 3128 3944 benevolentia
3151 3885 3477 3957 offenderem
3506 3872 3669 3941 citius
3694 3902 3864 3955 quam

615 3962 724 4018 boc
751 3981 950 4035 genere
977 3968 1135 4022 ollicii
1169 3962 1398 4039 gratiam
1430 3988 1459 4027 a
1496 3976 1652 4031 vobis
1685 3977 1904 4031 inirem.
1930 3977 2037 4032 Sed
2073 3988 2252 4033 tamen
2294 3994 2417 4033 cmn
2440 3972 2579 4033 liber
2594 3980 2800 4047 absque
2830 3989 3061 4050 patrono
3087 3977 3312 4033 omnino
3344 3993 3449 4031 non
3477 3977 3865 4047 divulgandus,

629 4050 1038 4111 nec'liominnni
1065 4060 1275 4129 judicio
1304 4064 1647 4134 objiciendus
1673 4084 1798 4124 esse
1834 4070 2127 4131 videretur,
2155 4078 2208 4125 et
2240 4060 2346 4124 neu
2372 4069 2508 4124 satis
2534 4068 2621 4129 pie
2659 4085 2757 4123 nec
2790 4080 2938 4127 recte
2968 4084 3050 4143 me
3079 4068 3352 4124 facturum
3387 4083 3510 4122 esse
3529 4052 3870 4136 judicaretur,

634 4148 679 4199 si
706 4148 862 4202 vobis
896 4154 1185 4216 pra-teritis
1219 4155 1354 4209 alios
1383 4158 1800 4226 mihipatronos
1828 4176 2128 4228 qua‘rercm
2158 4165 2286 4229 (non
2321 4164 2465 4217 enim
2499 4175 2821 4219 ceeterorum
2852 4160 3348 4231 hominnm’eadem
3386 4168 3705 4229 quaevestra
3730 4169 3871 4213 sunt

644 4240 838 4303 mlicia)
861 4242 1023 4295 malui
1040 4244 1094 4327 in
1122 4244 1257 4296 hanc
1285 4255 1485 4313 partem
1506 4243 1745 4317 peccare,
1767 4267 1926 4319 quam
1944 4254 2195 4319 cuiquam
2216 4254 2393 4307 minus
2413 4256 2659 4322 prudenti
2677 4272 2781 4309 non
2811 4257 2945 4310 satis
2966 4264 3153 4324 gratus
3186 4252 3379 4314 videri.
3402 4251 3517 4309 Non
3543 4254 3685 4306 enim
3708 4253 3871 4307 video

622 4345 723 4385 nec
763 4347 979 4400 sperare
1003 4350 1218 4400 possum
1259 4335 1373 4389 fore
1399 4338 1695 4407 aliquando
1719 4349 1952 4409 tempus,
1989 4358 2098 4410 quo
2122 4344 2229 4395 alio
2252 4344 2410 4397 officii
2450 4361 2647 4413 genere
2674 4352 2837 4414 atque
2867 4347 2992 4406 hoc,
3021 4334 3199 4399 vcs'tr'a
3234 4346 3492 4399 bcnetlcia
3527 4346 3867 4400 remunerari

622 4426 850 4493 possim,
915 4425 1116 4493 quippe
1155 4442 1280 4479 cum
1325 4429 1457 4482 nihil
1496 4431 1627 4483 milii
1683 4441 1933 4501 suppetat
1993 4443 2191 4501 przeter
2240 4435 2599 4490 voluntatem.
2657 4423 2772 4490 llue
2814 4437 3023 4491 accedit
3061 4435 3494 4504 quod‘videbam
3529 4436 3673 4489 haud
3702 4435 3871 4489 facile

622 4515 761 4569 alios
809 4531 875 4569 ει
936 4531 1166 4571 ιιυιιιιτο
1202 4521 1515 4573 nlllit'm'ultr
1546 4532 1739 4589 pra-ter
1775 4538 1869 4576 vos
1906 4540 1989 4578 me
2025 4528 2265 4595 reperire
2308 4542 2489 4596 posse,
2536 4529 2626 4596 qui
2664 4543 2785 4581 cum
2826 4536 3044 4597 progitcr
3068 4527 3352 4601 utriusque
3384 4528 3576 4597 lingua
3608 4527 3867 4597 peritiam

626 4610 765 4666 haud
804 4616 1075 4685 vulgarent
1110 4617 1313 4685 optime
1367 4618 1433 4672 de
1485 4618 1795 4685 liujusmodi
1854 4621 2073 4690 scriptis
2124 4621 2375 4690 judicare
2407 4631 2645 4692 possent,
2701 4632 2813 4678 tum
2867 4622 3097 4677 candide
3123 4632 3294 4690 atque
3323 4623 3536 4676 sincere
3563 4620 3867 4687 judicaturi

628 4714 827 4756 essent.
860 4708 1224 4772 Quamobrem
1255 4728 1282 4765 a
1312 4712 1464 4767 vobis
1501 4729 1597 4783 pro
1632 4723 1809 4768 vestra
1848 4715 1901 4769 in
1944 4731 2026 4769 me
2057 4726 2315 4784 perpetua
2343 4731 2406 4769 ac
2441 4716 2674 4770 maxima
2699 4716 3072 4770 benevolentia
3101 4713 3361 4780 majorem
3400 4711 3453 4763 in
3495 4711 3711 4763 modum
3739 4717 3869 4776 peto

627 4809 938 4865 quaesoque,
970 4811 1025 4853 ut
1050 4802 1192 4857 hunc
1229 4820 1448 4872 parvum
1476 4814 1528 4858 et
1557 4806 1810 4872 exiguum
1847 4802 2081 4874 partum,
2112 4822 2272 4875 quem
2301 4807 2454 4860 vobis
2488 4808 2539 4859 in
2573 4806 2879 4860 clientelam
2910 4812 2963 4857 et
2998 4802 3161 4855 fidem.
3182 4800 3529 4863 conttttendo,
3559 4799 3627 4853 ab
3666 4798 3870 4857 invidis

627 4886 776 4939 omni
817 4901 919 4954 ope
944 4893 1106 4955 tueri,
1136 4910 1165 4946 a
1194 4896 1684 4950 calumniatoribus
1713 4906 1764 4949 ct
1791 4888 2256 4951 obtrectatoribus
2292 4894 2550 4950 omnibus
2585 4897 2792 4948 viribus
2824 4892 3117 4947 defendere
3150 4889 3328 4944 velitis
3368 4906 3382 4943 :
3417 4890 3510 4959 qui
3546 4889 3589 4943 si
3634 4904 3664 4943 a
3709 4892 3871 4945 vobis

627 4979 822 5050 dignus
875 4979 1361 5048 jmlicatus‘fuerit
1408 5002 1565 5053 quem
1617 4987 2037 5054 amplectamini,
2088 5002 2250 5057 queat
2314 4987 2366 5039 in
2414 4985 2673 5037 familiam
2732 4988 2965 5038 vestram
3036 4980 3315 5050 recipiatis
3344 4989 3507 5050 atque
3534 4979 3785 5047 foveatis,
3817 4984 3865 5035 si

632 5076 951 5129 hominibus
992 5076 1097 5143 piis
1127 5088 1172 5127 et
1201 5078 1465 5132 studiosis
1494 5081 1789 5149 aliquando
1824 5082 1974 5137 utilis
2008 5082 2201 5144 fuerit,
2236 5081 2372 5135 nihil
2409 5079 2541 5134 inibi
2567 5080 2715 5141 ,ἱειῑο
2764 5076 3071 5139 vindicabo,
3128 5075 3182 5128 in
3220 5090 3316 5131 vos
3355 5090 3546 5143 omnes
3573 5091 3750 5129 meum
3772 5076 3867 5145 jus

628 5168 922 5229 transfero,
951 5181 1183 5234 quorum
1218 5166 1415 5231 opibus
1446 5171 1666 5236 adjutus
1697 5183 1748 5225 ct
1778 5184 2138 5239 sustentatus,
2180 5174 2324 5227 hunc.
2358 5172 2543 5226 foetum
2578 5170 2808 5239 produxi
2864 5186 2876 5220 :
2926 5164 3025 5235 rqui
3056 5166 3232 5221 sicubi
3267 5166 3567 5223 deformior
3614 5168 3867 5222 minusve

631 5259 903 5326 perfectus
934 5268 987 5311 ct
1042 5259 1093 5311 in
1138 5259 1315 5325 aliqua
1355 5268 1505 5325 parte
1538 5260 1620 5313 Sui
1663 5262 1883 5316 mutilus
1913 5277 1975 5316 ac
2004 5244 2332 5331 depravatus
2366 5263 2700 5331 apparuerit,
2748 5260 2848 5313 hoc
2880 5260 3074 5327 partim
3107 5257 3255 5332 vitiis
3278 5259 3468 5314 matris
3489 5258 3707 5322 Graeca),
3739 5271 3868 5325 qua:

634 5353 764 5404 lli‘iti
794 5352 935 5406 haud
967 5356 1277 5424 incorrupta
1299 5353 1587 5408 conciliata
1619 5362 1721 5415 est,
1750 5354 2095 5407 attribuitote
2135 5371 2146 5404 :
2184 5356 2381 5420 partim
2406 5371 2547 5420 inea:
2574 5352 3292 5425 inbecillitatiassignatote,
3329 5368 3358 5408 a
3409 5368 3539 5423 quo,
3572 5358 3867 5422 superante

636 5441 777 5493 malo
806 5444 947 5497 vires
985 5455 1037 5498 et
1071 5447 1345 5515 ingenium
1379 5446 1627 5509 artificis,
1662 5446 1844 5497 omnia
1904 5442 2105 5512 corrigi
2159 5453 2213 5496 et
2269 5442 2545 5497 emendari
2588 5461 2693 5498 non
2750 5451 3063 5514 potuerunt.
3104 5443 3235 5497 Nam
3267 5446 3309 5501 si
3342 5448 3465 5515 quis
3524 5444 3760 5511 iniquior
3810 5453 3867 5493 et

638 5531 931 5596 malignior
964 5532 1127 5597 judev
1172 5541 1306 5599 lucc,
1336 5553 1453 5603 qua:
1491 5537 1558 5591 dc
1594 5535 1782 5589 matris
1815 5534 2014 5589 (iraira!
2051 5533 2195 5585 vitiis
2224 5533 2366 5595 «tice,
2406 5535 2586 5588 minus
2625 5536 2838 5588 sincera
2872 5546 3032 5603 atque
3061 5534 3269 5604 integra
3301 5536 3404 5590 fide
3443 5551 3470 5587 a
3520 5549 3602 5587 me
3631 5529 3863 5600 proferri

639 5626 1028 5693 FllSpiCﬂitillll‘.
1057 5630 1347 5693 producam
1401 5648 1586 5686 eorum
1616 5632 1894 5702 quaedico
1929 5628 2420 5698 locupletissimum
2460 5637 2674 5693 testem,
2736 5629 3098 5683 clarissimum
3151 5629 3636 5694 doetissimumque
3686 5622 3868 5676 \‘irum

640 5718 700 5773 D.
735 5715 997 5772 Joannem
1036 5716 1359 5776 Sainbueum
1396 5725 1729 5797 Pannonium
1764 5742 1775 5777 :
1841 5726 1894 5779 in
1926 5724 2043 5794 ejus
2072 5722 2211 5778 enim
2261 5729 2529 5790 potestate
2560 5723 2750 5778 matris
2792 5720 2954 5780 istius
2987 5730 3234 5791 parentes
3270 5730 3417 5787 sunt,
3454 5726 3505 5773 et
3534 5713 3865 5780 clariSSimt.
