4056 6340
235 395 345 463 481
1285 390 1704 455 LAURENTII
1735 389 1799 449 SI
1815 387 1986 448 FANl
2020 388 2432 451 PRJEFATIO.
3367 395 3478 459 482

239 506 566 576 gravissima
597 506 1014 577 ﬁrmissiniaque
1036 513 1252 560 exstant
1285 518 1496 566 eorum,
1525 505 1645 567 quae
1675 498 1818 563 dico,
1865 498 2020 567 signa
2052 505 2213 566 atque
2260 498 2605 554 documenta.
2638 499 2760 556 ιιιιιο
2791 516 2885 556 vos
2940 501 3146 557 idcirco
3179 507 3475 560 monendos

244 600 654 674 essejudicavi,
685 608 742 653 ιιι
774 600 1155 655 instructiores
1187 597 1309 652 sitis
1343 593 1606 647 adversus
1636 606 1730 645 eos
1767 591 1858 659 qni
1890 591 2054 643 ismm
2088 590 2278 643 laetum
2321 592 2592 645 voluerint
2631 594 2948 664 impugnare
2975 634 2988 658 ,
3033 610 3158 648 nam
3211 607 3468 664 quantuni

242 688 301 742 in
336 706 420 742 me
454 691 576 754 fuit,
605 692 738 746 nulli
776 707 874 746 nee
902 692 1071 745 labori
1105 705 1206 744 nec
1238 687 1530 757 diligentia:
1562 686 1614 738 in
1646 700 1708 737 co
1748 684 1998 753 ﬁngendo
2030 693 2193 752 atque
2229 684 2512 738 formando
2543 703 2777 755 unquam
2813 688 3048 756 peperci.
3087 686 3225 752 Quid
3263 687 3475 756 [)l'il‘Sli-

236 781 401 833 terim
462 782 658 850 quidve
710 762 996 837 assecutus
1043 783 1169 845 sim,
1216 780 1475 850 quoniam
1525 786 1740 831 exstant
1798 777 2126 830 documenta
2185 777 2370 831 Graece
2427 787 2590 847 alque
2649 778 2859 841 Latine,
2917 778 3085 848 atque
3142 780 3276 833 adeo
3315 788 3474 833 caete-

243 883 430 923 rorum
463 870 740 924 hominum
779 873 1064 942 utriusque
1093 872 1287 940 linguae
1315 867 1709 939 peritorunt,si
1742 866 1994 920 vitiorum
2024 866 2186 921 modo
2208 875 2519 921 memorata:
2539 869 2724 922 matris
2745 868 2944 922 Graeca:
2974 867 3234 921 rationein
3274 867 3476 922 habue-

241 965 386 1029 ritis,
417 966 622 1034 judicio
661 969 935 1035 permitto.

314 1053 469 1118 Quod
506 1056 695 1110 attinet
725 1055 791 1131 ad
822 1058 1085 1110 rationem
1121 1064 1448 1126 temporum,
1499 1058 1699 1127 quibus
1734 1056 1926 1108 vixerit
1955 1053 2396 1125 Theophylactus
2433 1047 2699 1124 Bulgaria:
2732 1056 3194 1125 archiepiscopus,
3228 1054 3469 1108 nonduut

239 1143 377 1197 mihi
434 1147 567 1200 satis
602 1158 853 1200 constare
902 1149 1118 1214 potuit:
1155 1158 1213 1200 ut
1260 1153 1399 1203 enim
1456 1150 1729 1216 conjicere
1775 1162 2016 1214 possum.
2066 1147 2248 1216 plures
2281 1148 2382 1200 hoc
2427 1149 2644 1202 nomine
2672 1147 2907 1202 fuerunt.
2949 1149 3080 1202 Nam
3115 1149 3474 1218 Nicephoruv,

241 1233 637 1289 Ecclesiasticm
663 1236 924 1292 Historia!
957 1241 1047 1293 lib.
1083 1257 1188 1300 XIV,
1219 1257 1338 1309 cap.
1377 1242 1463 1303 59,
1499 1241 1588 1293 ubi
1617 1241 1682 1294 de
1709 1240 2066 1292 translatione
2095 1239 2298 1305 aliquot
2326 1240 2882 1309 episcoporum-agit,
2920 1243 3118 1294 Basilio
3159 1239 3473 1309 Porphyro-

237 1340 471 1394 genueta
505 1329 975 1400 Consmntinopoli
1014 1335 1334 1402 imperante,
1373 1335 1836 1404 'fheOphylactuui
1883 1334 2171 1402 quemdam
2210 1333 2473 1387 Sebastiat
2517 1336 2856 1402 episcOpum-
2886 1334 3103 1388 Rosiam
3145 1335 3470 1386 translatum

237 1435 366 1474 esse
397 1422 606 1476 scribit.
633 1422 959 1479 Williclmns
988 1425 1289 1487 Lindanus,
1319 1441 1490 1480 sacrm
1520 1426 1805 1492 theologia:
1837 1425 2117 1493 professor
2143 1423 2521 1490 Lovaniensis,
2558 1427 2610 1478 in
2643 1426 2994 1496 chronologia
3033 1441 3194 1494 quam
3237 1425 3300 1476 ad
3328 1425 3474 1477 fron-

235 1503 350 1568 tem
379 1529 487 1566 sum
517 1514 791 1584 Pauoplia:
817 1517 1086 1585 apposuit,
1118 1516 1578 1585 Theophylactum
1602 1517 1915 1586 quemdam,
1949 1532 2107 1586 quctu
2152 1516 2205 1568 in
2235 1515 2322 1568 illa
2353 1527 2448 1568 Sua
2481 1514 2742 1582 Pauoplia
2767 1517 2907 1570 inter
2939 1528 3164 1571 ezetcros
3198 1526 3470 1570 auctorem

236 1614 466 1660 secutus
498 1609 589 1672 sit,
635 1623 854 1662 anno~a
900 1613 1184 1666 nativitate
1218 1612 1428 1665 Domini
1468 1612 1951 1681 septingentesimo
2001 1610 2206 1664 vixisse
2252 1610 2540 1680 signiﬁcat,
2584 1610 2677 1664 sed
2721 1593 2880 1677 cujus
2912 1611 3150 1664 civitatis
3180 1610 3466 1677 cpiscopus

241 1695 429 1761 fuerit,
464 1712 570 1752 non
603 1701 812 1769 adjicit.
841 1702 932 1757 Est
968 1712 1146 1756 autem
1174 1703 1491 1766 verisimile,
1525 1703 1782 1770 quoniam
1818 1703 2021 1755 nullius
2054 1702 2303 1765 alterius,
2333 1702 2474 1771 quod
2498 1701 2746 1770 etjuidem
2781 1702 2970 1766 sciam,
3002 1703 3204 1768 scripta
3233 1710 3471 1765 exstant,

238 1783 387 1840 hunc
408 1789 875 1860 arcltiepise0pum
908 1793 1168 1861 Bulgaria:
1202 1793 1269 1845 ab
1297 1791 1388 1844 illo
1415 1791 1738 1860 signiﬁcari,
1776 1807 1937 1859 quem
1975 1793 2138 1843 etiam
2173 1791 2435 1846 Erasmus
2466 1791 2834 1861 Chrysostomi
2886 1790 3317 1845 abbreviatorent
3351 1808 3471 1845 esse

239 1877 400 1944 dixit,
441 1891 493 1933 et
525 1882 712 1936 titulus
745 1884 910 1951 hujus
943 1886 1123 1954 operis
1160 1886 1258 1936 hoc
1282 1899 1392 1952 pra:
1423 1900 1480 1938 se
1510 1884 1630 1936 fert.
1663 1881 1795 1936 Nam
1838 1900 1945 1937 non
1989 1884 2164 1937 solum
2198 1899 2262 1935 ex
2300 1882 2512 1938 Joanne
2550 1885 2962 1953 Chrysostomo,
2991 1900 3175 1936 verum
3213 1885 3373 1944 etiam
3403 1874 3467 1939 ex

237 1968 735 2041 Basilio,,Cyt-illo.
794 1974 1018 2040 Severo,
1040 1986 1104 2031 et
1135 1979 1411 2032 nonnullis
1440 1977 1582 2039 aliis,
1615 1992 1734 2044 qua:
1761 1977 1826 2029 ad
1868 1974 2208 2045 propositum
2236 1987 2289 2032 et
2333 1992 2442 2030 rem
2485 1977 3091 2046 inStitutanipertinere
3130 1976 3468 2040 viderentur,

236 2063 542 2132 desumpsit
567 2073 620 2118 et
649 2065 701 2118 itt
729 2081 894 2118 unttnt
922 2082 1122 2138 corpus
1153 2071 1424 2123 contraxit
1459 2087 1473 2122 :
1515 2083 1676 2137 quam
1704 2082 1813 2119 rem
1851 2081 1956 2120 non
1990 2067 2151 2118 modo
2186 2081 2355 2134 genus
2380 2066 2620 2128 dicendi,
2670 2067 2713 2119 si
2746 2067 2869 2135 quis
2918 2068 3158 2120 animum
3207 2069 3471 2131 attendat,

237 2167 429 2206 verum
461 2155 622 2208 etiam
664 2159 879 2212 nomina
912 2170 1189 2213 auctorum
1223 2160 1279 2214 in
1307 2159 1549 2228 margine
1581 2165 1842 2210 annotata
1873 2157 2180 2224 signiﬁcant
2220 2166 2379 2226 atque
2413 2158 2708 2214 tleohtrant.
2735 2157 2972 2211 Joannes
2998 2157 3474 2228 OEcolanipadius,

234 2259 293 2320 in
324 2245 638 2312 prmfatioue
663 2265 822 2316 quam
857 2251 1107 2319 apposuit
1136 2249 1519 2321 TheOpbylacti
1547 2259 1778 2319 quntum
1809 2248 2216 2318 Evangeliornm
2252 2251 2575 2319 explicatinn
2604 2247 2703 2315 bus
2730 2250 2796 2304 ab
2852 2240 2970 2304 sese
3009 2255 3306 2314 conversis,
3341 2253 3430 2304 nili
3459 2254 3473 2303 l

233 2338 384 2391 aliud
415 2355 571 2404 quatit
606 2342 752 2393 illum
790 2344 931 2396 inter
955 2343 1166 2396 Grmcos
1192 2344 1469 2412 theologos
1495 2349 1848 2396 recentiorem
1870 2343 2036 2394 fuisse
2054 2341 2340 2408 signiﬁcat,
2389 2343 2481 2394 sed
2515 2343 2657 2395 haud
2693 2342 2842 2395 falsis
2867 2359 2988 2395 eum
3013 2344 3264 2398 laud:l.tts
3292 2357 3470 2407 ornat,

232 2444 378 2496 quas
406 2430 448 2482 si
485 2430 605 2498 quis
641 2433 885 2500 requirit,
919 2449 985 2484 ne
1010 2433 1076 2486 ab
1105 2433 1226 2486 aliis
1250 2433 1382 2485 bene
1413 2432 1556 2485 dicta
1599 2433 1729 2485 mihi
1762 2446 1883 2483 cum
1904 2429 2120 2484 fastidio
2154 2431 2444 2498 legentium
2477 2436 2715 2499 repetere
2749 2449 2966 2485 necesse
2997 2435 3086 2496 sit,
3124 2436 3266 2487 illine
3307 2447 3470 2504 petat,

237 2529 404 2586 atque
426 2521 588 2573 etiam
623 2537 686 2576 ex
717 2523 1034 2591 praefatione
1058 2522 1261 2578 Nieolai
1298 2524 1528 2584 Beraldi,
1560 2539 1678 2592 qua-
1715 2525 2001 2592 praeposita
2038 2531 2121 2575 est
2155 2521 2580 2576 Commentariis
2612 2524 2755 2578 illitis
2789 2524 2840 2576 in
2865 2524 3257 2593 Epistolasdiet'
3286 2529 3467 2592 Pauli,

230 2627 261 2662 a
296 2610 696 2680 Christophoro
730 2614 988 2679 Porsena,
1017 2615 1281 2679 Romano,
1320 2615 1372 2668 itt
1401 2613 1653 2669 Latinum
1691 2631 1995 2668 sermonem
2025 2614 2307 2667 conversis
2336 2615 2483 2683 :rqui
2512 2616 2530 2685 (
2562 2616 2704 2684 quod
2742 2619 3012 2685 praeterire
3041 2635 3145 2672 non
3197 2636 3414 2688 possunt
3452 2622 3472 2690 )

240 2718 259 2749 ι
307 2699 487 2755 Unum
539 2704 661 2770 hoe,
712 2707 906 2774 inquit,
968 2707 1098 2760 satis
1158 2716 1392 2773 constat,
1442 2709 1495 2760 in
1533 2709 1616 2762 his
1648 2707 2068 2762 Commentariis
2103 2708 2189 2774 pia
2222 2722 2341 2761 esse
2371 2710 2558 2762 omnia
2589 2720 2642 2763 et
2683 2711 2984 2763 orthodoxa
3017 2711 3280 2782 longeque
3314 2715 3472 2767 abiis

233 2795 561 2850 diSsidentia
597 2811 718 2864 qua:
747 2798 1120 2868 theologorum
1145 2800 1337 2866 vulgus
1371 2800 1611 2869 quotidie
1647 2815 1847 2868 magno
1885 2798 2181 2865 supercilio
2224 2799 2454 2853 indocta;
2492 2801 2659 2868 plebis
2703 2803 2926 2856 auribus
2970 2806 3228 2858 inculcat.
3263 2796 3494 2874 L'biqne

237 2889 393 2943 cnim
425 2893 788 2959 apostolicum
813 2903 1014 2960 pectus
1066 2908 1173 2943 noti
1207 2894 1369 2944 modo
1420 2892 1658 2959 explicat
1707 2893 1890 2958 operis
1925 2892 2087 2958 hujus
2124 2903 2338 2954 auctor,
2364 2891 2457 2945 Sed
2492 2894 2653 2944 etiam
2686 2894 2871 2956 refert,
2909 2896 3048 2961 sapit
3087 2911 3147 2946 ac
3173 2897 3366 2962 spirat,
3418 2899 3468 2950 id

233 2982 389 3050 quod
423 2987 584 3050 quam
620 2983 806 3051 paucis
838 2985 1032 3034 merito
1063 2968 1407 3035 tribuendum
1445 2985 1537 3044 sit,
1590 2981 1746 3034 facile
1805 2983 2094 3051 intelliget,
2159 2983 2252 3048 qtti
2307 2984 2539 3036 novitios
2575 2985 2851 3051 theologos
2887 2987 3127 3053 antiquis
3162 2986 3287 3050 illis,
3345 3005 3468 3041 cunt

235 3072 451 3124 Latinis
495 3084 607 3126 tum
643 3072 1286 3150 (ἐιωιξὶεμρῦιιιροδψιήῒ.
1327 3097 1344 3124 ι
1389 3075 1514 3127 lla'c
1545 3073 1825 3128 Beraldus.

1866 3077 2306 3145 DEcolampadius
2336 3077 2600 3144 prolixius
2626 3092 2686 3130 ac
2718 3078 3030 3146 singulatim
3083 3077 3468 3149 'l'heophylacti

236 3165 472 3218 virtutes
515 3164 858 3234 persequitur
891 3172 1054 3234 atque
1111 3173 1375 3220 recenset.
1412 3164 1842 3234 Clirist0pliorns
1867 3166 2128 3229 Porsena,
2164 3169 2218 3220 in
2249 3182 2344 3222 sua
2374 3167 2693 3221 l’reefatiune
2723 3167 2788 3220 ad
2819 3169 3031 3221 Sixtum
3062 3169 3126 3223 IV
3162 3175 3468 3240 pontiﬁcem

235 3255 568 3319 Romanum,
632 3257 1022 3328 Thcophylacti
1090 3265 1393 3326 temporum
1454 3257 1655 3312 nullam
1724 3258 1854 3313 facit
1910 3261 2266 3312 mentionem.
2331 3258 2476 3314 Misit
2531 3260 2595 3311 ad
2658 3275 2756 3312 nos
2793 3259 2854 3312 D.
2889 3260 3126 3315 Joannes
3168 3262 3471 3317 Sambucus

233 3350 541 3407 orationem
571 3350 811 3406 Graecam
845 3353 944 3406 hac
972 3353 1324 3423 inseriptione
1358 3371 1372 3406 :
1406 3353 1781 3422 Θεοφυλάκτου
1818 3354 1835 3404 >

1870 3356 1972 3422 ἱγος
2005 3355 2083 3416 εἰς
2134 3354 2224 3405 τὸν
2263 3356 2642 3422 αὑτοκρατορα
2685 3356 2871 3424 κύριον
2943 3356 3176 3420 Ἀλέξων
3230 3359 3320 3409 τὶν
3370 3361 3472 3412 Κο-

235 3448 460 3518 μνηνὸν.
492 3447 647 3512 Quod
675 3449 718 3502 si
755 3449 801 3503 is
821 3456 905 3501 est
946 3458 1145 3509 noster.
1169 3447 1627 3517 Theophylactus,
1649 3463 1844 3516 nempe
1870 3448 2316 3516 archiepiscopus
2347 3438 2637 3514 Bulgaria),
2668 3448 2780 3516 jant
2823 3448 2928 3501 non
2976 3452 3205 3518 amplius
3246 3451 3468 3504 dnbiunt

231 3553 362 3592 esse
393 3546 570 3607 potest
602 3554 707 3606 quo
736 3545 975 3606 tempore
999 3538 1209 3591 vixerit.
1230 3537 1537 3590 Nihilalittd
1569 3551 1665 3607 ego
1688 3552 1864 3606 neque
1892 3537 1960 3591 de
1986 3539 2091 3590 vita
2126 3553 2299 3608 neque
2321 3539 2388 3591 de
2412 3540 2750 3606 temporibus
2781 3540 2945 3608 hujus
2974 3544 3144 3595 nostri
3182 3535 3494 3610 Tlteopliy?

235 3632 367 3684 laeti
427 3632 714 3698 diligenter
747 3630 1045 3685 scrutando
1077 3641 1239 3700 athe
1266 3633 1590 3701 inquirendo
1622 3632 1774 3702 potui
1827 3632 2091 3686 invenire.
2136 3634 2290 3697 Quod
2343 3635 2608 3702 reliquum
2651 3645 2753 3700 est,
2787 3652 2879 3690 vos
2914 3637 3074 3689 etiam
3109 3646 3272 3706 atque
3306 3640 3468 3692 etiam

242 3742 376 3793 rogo
412 3741 475 3780 ac
509 3726 856 3781 vehementer
888 3735 1036 3796 peto,
1063 3735 1119 3780 ut
1152 3727 1252 3781 hoc
1281 3727 1535 3796 exiguum
1580 3736 1742 3797 atque
1773 3728 1908 3783 adeo
1938 3730 2313 3783 tenuissimum
2370 3732 2776 3795 munusculum,
2827 3734 2981 3787 vobis
3028 3733 3155 3787 licet
3187 3734 3467 3805 indignant

235 3821 545 3888 vestrisque
584 3820 635 3873 in
670 3836 753 3876 me
783 3821 1014 3876 summis
1046 3821 1322 3876 beneﬁciis
1351 3835 1413 3876 ac
1448 3821 1658 3875 meritis
1691 3820 2041 3890 impar,a:qni
2075 3830 2252 3875 tamen
2282 3821 2458 3875 facere
2487 3825 2724 3893 bonique
2750 3826 3052 3887 consulere,
3080 3836 3131 3880 et
3164 3839 3220 3880 ut
3259 3828 3326 3881 ab
3351 3826 3471 3880 ani-

236 3910 310 3962 mi
340 3913 712 3968 benevolentia
744 3923 904 3984 atque
937 3913 1270 3984 gratitudiue
1298 3914 1624 3983 profectum,
1665 3913 1826 3965 hilari
1861 3914 2010 3966 vultu
2041 3914 2267 3980 lzetaque
2292 3913 2467 3966 fronte
2499 3916 2745 3982 accipere
2776 3917 2975 3970 velitis.
3013 3917 3124 3971 lloc
3154 3919 3197 3971 si
3244 3935 3270 3970 ει
3315 3921 3470 3971 vobis

232 4015 568 4058 consecutus
618 4005 792 4072 fuero,
845 4006 1061 4060 abunde
1115 4005 1247 4059 satis
1302 4018 1526 4072 magnos
1579 4003 1828 4058 laborum
1887 4019 1974 4056 me
2028 4001 2240 4055 fructus
2288 4003 2502 4070 cepisse
2556 4003 2902 4060 existimabo.
2942 4006 3083 4061 Bene
3117 4009 3306 4074 valete,
3368 4012 3468 4063 viri

233 4099 586 4166 οἰιιιιείδδίιιιί.

308 4262 382 4315 Ex
418 4265 748 4318 monasterio
786 4263 1130 4320 Steinweldio
1158 4279 1233 4318 xu
1265 4263 1536 4318 Kalendas
1563 4261 1920 4333 Sepfembris,
1958 4277 2102 4316 anno
2129 4262 2337 4316 Domini
2371 4262 2523 4318 l567.

258 4494 285 4504 ..-
318 4492 3450 4512 --αηΜ-ᾑ--υ--ᾐ--ωκ--ῇηῇ

233 4664 605 4745 Clarissing
639 4663 1313 4745 excellentissinioque
1345 4664 1507 4733 viro,
1576 4667 1646 4745 ι).
1700 4661 2320 4745 Joattni__SAMuoco,_
2357 4667 2710 4738 Pannonio,
2767 4670 3063 4728 Cmsarem
3115 4671 3460 4745 Majestatis

339 4743 588 4803 medico
623 4749 684 4801 et
714 4739 1255 4818 historiographo,
1287 4740 1672 4800 Laurentius
1697 4743 2051 4815 SlFANUS,
2088 4743 2562 4818 l’t'unsfcldius,
2609 4750 2663 4805 J.
2702 4748 2769 4804 U.
2805 4748 3050 4818 DOctor,
3088 4749 3147 4806 S.
3179 4739 3242 4805 Ρ.
3280 4748 3352 4804 Ι).

306 4948 383 5001 En
417 4948 594 5016 prodit
617 4950 834 5006 tandem
864 4951 917 5006 in
942 4953 1238 5022 publicum,
1273 4953 1355 5007 vir
1376 4952 1697 5016 clarissime,
1728 4953 2167 5025 Theophylactus
2193 4965 2319 5010 tuus
2363 4956 2585 5011 Graecus
2606 4971 2632 5009 a
2671 4973 2753 5009 me
2786 4957 2962 5012 factus
3014 4956 3238 5012 Latinus
3266 4976 3278 5011 :
3307 4965 3457 5011 tuum

235 5038 380 5092 dico.
422 5056 532 5108 quo
557 5055 892 5107 careremus,
925 5047 1029 5100 nisi
1062 5055 1116 5099 tu
1152 5045 1294 5114 quod
1325 5045 1614 5114 separatim
1644 5046 1845 5102 habere
1876 5049 1968 5102 tibi
1991 5051 2265 5116 pr0prium
2302 5049 2514 5111 licebat,
2544 5065 2831 5104 commune
2858 5066 2919 5104 ac
2954 5051 3224 5118 publicum
3258 5051 3455 5104 bonum

239 5148 364 5188 esse
394 5136 700 5192 maluisses.
735 5139 910 5193 Causa
940 5155 1037 5194 cur
1065 5148 1173 5212 tam
1211 5156 1332 5210 sero
1393 5141 1634 5210 prodeat,
1669 5152 1726 5194 ut
1760 5144 1922 5196 etiam
1964 5146 2169 5196 librarii
2223 5146 2435 5214 culpam
2471 5147 2728 5218 recipiam
2775 5149 2826 5199 in
2864 5163 2967 5209 me,
3002 5150 3115 5201 haec
3166 5156 3268 5206 est,
3313 5144 3455 5213 quod

233 5227 362 5278 dum
399 5227 487 5279 ille
509 5229 695 5293 dc‘me
724 5229 936 5297 Latine,
963 5248 1063 5301 ego
1086 5234 1152 5288 de
1181 5234 1273 5288 illo
1339 5232 1523 5287 Ctatce
1554 5232 1768 5289 discere
1803 5237 2131 5301 nitebamur,
2163 5238 2253 5291 ubi
2297 5241 2435 5294 alter
2472 5244 2701 5298 alterum
2762 5242 2941 5294 minus
3005 5239 3454 5306 intelligi-bamus,

234 5332 362 5370 cum
391 5317 660 5386 interpres
686 5323 903 5390 utrique
933 5323 1168 5390 deesset,
1202 5334 1364 5395 atque
1392 5326 1533 5380 haud
1560 5327 1894 5397 incorruptis
1926 5331 2192 5386 ministris
2226 5340 2527 5394 uteremur,
2563 5333 2893 5398 conjecturis
2928 5333 3123 5400 quibus
3159 5331 3292 5382 alter
3324 5332 3457 5382 alte-

232 5406 353 5461 rius
384 5422 543 5460 sensa
597 5423 1033 5482 asscqueremur,
1067 5417 1249 5471 niultis
1295 5418 1348 5470 itt
1395 5418 1527 5470 locis
1569 5419 1641 5469 ιιιὶ
1677 5419 1968 5474 habuimus
2019 5438 2257 5475 necesse.
2313 5423 2478 5489 Cujus
2533 5424 2607 5475 rei
2657 5425 2913 5492 quoniam
2949 5424 3091 5473 clara
3128 5423 3453 5474 documenta

232 5509 362 5552 sunt
385 5504 437 5551 in
469 5508 745 5570 promptu,
783 5518 852 5557 ne
874 5505 1058 5574 inepta
1091 5509 1400 5575 prolixitate
1425 5511 1717 5562 verborum
1756 5514 2094 5581 typugrapho
2127 5512 2400 5564 festinanti
2431 5513 2531 5565 sint
2559 5515 2611 5566 in
2647 5529 2813 5573 mora,
2846 5523 2892 5564 te
2916 5514 3075 5565 etiam
3106 5524 3267 5581 atque
3289 5518 3451 5568 etiam

235 5606 385 5661 rogo,
412 5601 471 5646 ut
506 5593 619 5647 haec
641 5593 756 5662 ipsa
787 5606 908 5663 quae
935 5587 1057 5652 diro
1089 5599 1410 5654 documenta
1455 5604 1756 5656 scrutando
1799 5614 1958 5671 atque
1987 5603 2372 5667 examinandi),
2417 5620 2632 5672 :equum
2677 5619 2723 5658 te
2756 5605 2882 5656 ιι;ί1ιὶ
2909 5605 3146 5671 judicent
3182 5616 3343 5676 atque
3375 5608 3455 5661 fa-

233 5694 448 5738 ventem
477 5684 735 5753 praebere,
765 5691 818 5738 et
843 5686 1003 5741 istam
1037 5705 1256 5756 operam
1290 5707 1450 5761 quam
1491 5695 1715 5761 praestiti
1750 5695 1888 5762 arqui
1927 5694 2159 5758 bonique
2210 5693 2388 5756 facere
2425 5698 2579 5750 velis.
2612 5697 2762 5760 Quod
2793 5697 3056 5765 reliquum
3084 5707 3192 5762 est,
3233 5715 3454 5768 magnas

235 5777 332 5831 tibi
359 5785 408 5831 et
440 5777 647 5847 agimus
677 5783 730 5832 et
761 5775 1024 5834 habemus
1053 5781 1277 5849 gratias,
1315 5785 1404 5852 qui
1443 5785 1588 5840 istud
1622 5787 1949 5853 mancipium
1985 5785 2210 5851 puidiea:
2244 5789 2493 5841 utilitatis
2521 5789 2807 5856 inservire,
2829 5804 2986 5858 quam
3014 5791 3154 5844 domi
3186 5793 3452 5861 privatum
