4056 6340
575 387 682 452 483
1136 396 1140 401 ’
1323 334 1327 336 Ὗ
1475 363 2056 445 THEOPHYLACTI
2101 385 2511 446 BUl.GARI/E
2549 373 2903 448 ARClllEP.
3361 447 3377 457 ,-
3707 381 3821 446 tet

578 508 778 560 habere
829 504 1105 560 maluisti:
1149 518 1211 559 ac
1235 485 1295 558 te
1351 503 1652 567 hortamur,
1692 509 1749 555 ut
1799 501 2056 569 deinceps
2091 510 2264 555 macta
2314 504 2417 556 ista
2466 502 2666 556 virtute
2694 501 2791 566 sis,
2827 508 2881 555 et
2912 514 2975 555 ea
3000 515 3122 570 qua
3155 501 3316 556 etiam
3349 517 3496 557 nunc
3526 511 3721 572 penes
3762 509 3815 554 te

584 603 751 657 habes
785 601 1026 669 ejusdem
1061 601 1293 670 generis,
1328 607 1494 669 atque
1521 600 1683 653 etiam
1727 590 1955 652 diversae
1977 601 2218 654 nationis
2245 599 2510 668 niaucipia
2553 584 2937 651 manumittere
2972 612 3047 658 ac_
3069 599 3214 652 bono
3246 597 3463 665 publico
3494 597 3693 653 dicare
3723 610 3816 649 vc-

582 692 671 752 lis.
707 691 839 747 Illud
874 693 1016 760 quod
1056 707 1189 762 pene
1222 691 1608 761 prtetcricram,
1638 701 1689 746 te
1712 692 2049 748 admonitum
2084 693 2265 756 velim,
2293 706 2378 745 me
2411 692 2462 742 in
2499 691 2563 743 iis
2600 688 2753 752 locis,
2789 690 2877 743 ubi
2913 691 3074 743 lectio
3109 691 3294 759 scripti
3324 690 3554 758 exempli
3589 705 3822 758 prorsus

559 799 689 838 non
732 775 953 837 tolerari
985 798 1081 837 nec
1127 786 1376 838 excusari
1411 799 1570 852 posse
1610 785 1914 852 videbatur,
1933 787 2000 839 ad
2033 787 2330 855 marginem
2361 800 2391 838 e
2420 786 2636 852 regione
2664 783 2916 853 posuisse
2947 783 3094 836 illam
3126 783 3297 852 ipsam
3332 783 3624 836 lectionem
3653 799 3818 849 quam

582 876 822 939 correxi,
865 875 1077 944 adjecto
1112 875 1361 929 videlicet
1395 876 1565 930 verbo
1584 875 1806 930 habetur
1833 887 1927 931 aut
1954 876 2283 932 habebatur:
2320 884 2378 930 ut
2409 875 2454 929 si
2485 873 2651 943 (quod
2667 873 2864 928 alicubi
2897 873 3007 927 ﬁeri
3033 873 3226 941 potuit)
3251 888 3546 935 crrassem,
3581 873 3819 927 lectoris

583 967 850 1033 judicium
886 966 1154 1036 integrum
1187 958 1538 1028 esset,utram
1595 971 1880 1023 lectionem
1921 969 2074 1037 sequi
2109 970 2311 1024 mallet.
2346 967 2454 1023 Sed
2488 967 2580 1021 ubi
2611 965 2855 1021 dubitavi
2890 965 2956 1019 de
2999 965 3231 1019 lectione
3278 966 3407 1036 (scis
3435 967 3580 1020 enim
3653 966 3820 1017 unico

585 1075 664 1113 me
693 1060 956 1112 duntaxat
989 1059 1080 1111 tuo
1120 1072 1277 1110 nsunt
1318 1073 1439 1113 csse
1474 1059 1832 1130 apographo),
1866 1060 1940 1114 ibi
1975 1061 2027 1112 in
2055 1060 2296 1128 margine
2328 1058 2553 1128 appOsui
2589 1058 2748 1111 aliam
2783 1058 3093 1118 lectionem,
3132 1071 3294 1125 quam
3327 1055 3686 1125 COlljt'Cllll‘aS
3719 1070 3809 1107 se—

582 1160 739 1204 cutus
759 1164 937 1220 seram
959 1164 1076 1203 esse
1101 1159 1194 1201 aut
1226 1163 1348 1202 esse
1375 1134 1567 1204 debere
1597 1160 1745 1219 puto,
1777 1152 1985 1219 adjecta
2018 1150 2268 1205 videlicet
2292 1151 2528 1207 dictione
2554 1152 2705 1213 ἴσως.
2728 1151 2901 1217 Atque
2924 1149 3024 1203 hoc
3057 1157 3113 1201 ut
3132 1149 3475 1202 admonerem
3507 1147 3820 1211 studicscs,

590 1243 789 1303 quilms
825 1256 885 1294 ca
915 1241 1144 1294 l'acultas
1176 1249 1280 1302 est,
1319 1251 1376 1293 ut
1401 1242 1661 1295 adhibitis
1686 1243 2109 1297 correctioribns
2144 1243 2578 1312 exemplaribus,
2614 1241 2715 1311 ipsi
2753 1241 2852 1296 sibi
2880 1240 3038 1310 juxta
3078 1254 3142 1294 ac
3188 1238 3497 1308 reipublicae
3521 1239 3820 1290 consulant

587 1335 640 1388 in
676 1331 980 1387 istiusmodi
1007 1332 1162 1396 locis,
1201 1332 1290 1385 ubi
1323 1334 1422 1386 hoc
1444 1333 1508 1392 ad
1551 1332 1955 1404 intelligendum
1991 1334 2184 1389 melius
2225 1333 2643 1404 explicationem
2677 1331 3068 1405 Theopbylacti
3091 1329 3398 1384 conducere
3421 1328 3736 1390 videbatur,
3768 1329 3819 1380 iu

596 1425 819 1480 scltoliis
856 1423 1081 1492 repetivi
1113 1424 1274 1476 verba
1305 1423 1411 1477 divi
1436 1422 1614 1486 Lucae,
1645 1433 1804 1491 atque
1824 1425 1984 1478 etiam
2021 1427 2214 1479 iterata
2244 1425 2448 1479 inserui
2469 1422 2760 1493 exemplari
2789 1421 3009 1484 Graec;
3035 1422 3178 1490 quod
3207 1419 3495 1476 collatione
3526 1420 3670 1474 facta
3696 1434 3818 1474 cum

605 1524 697 1568 tuo
723 1517 1093 1582 manuscripto
1120 1512 1510 1580 propemodum
1543 1517 1915 1574 necessarium
1951 1514 2124 1569 fuisse
2156 1512 2365 1587 videbis
2403 1514 2460 1569 in
2496 1514 2686 1569 multis
2716 1513 2876 1580 locis,
2909 1527 3030 1581 qua:
3051 1526 3082 1567 a
3106 1512 3287 1567 minus
3309 1511 3567 1583 prudenti
3610 1511 3823 1566 lectore

591 1624 778 1676 parum
824 1611 1097 1663 intellecta
1123 1606 1387 1676 prmteriri
1421 1607 1751 1676 potuissent.
2016 1611 2021 1615 ’

668 1717 812 1773 Bene
845 1719 982 1772 vale.
1016 1714 1229 1783 Raptim
1255 1728 1322 1768 ex
1348 1717 1679 1795 monasterio
1707 1703 2056 1772 Steinweldio
2087 1731 2121 1770 ι
2156 1714 2432 1771 Kalendas
2458 1716 2820 1789 Septembris,
2848 1730 2994 1772 anno
3017 1713 3229 1771 Domini
3266 1716 3430 1772 l567.
3482 1724 3486 1729 '

713 2028 784 2089 ln
820 2028 1276 2097 Theonhvlacti
1318 2028 1382 2088 in
1413 2029 1565 2089 Acta
1597 2027 2030 2107 apostolorum
2061 2027 2535 2107 Explicationes
2570 2044 2600 2086 a
2628 2027 2966 2088 Laurentio
2999 2026 3214 2089 Silano
3246 2029 3462 2092 Latine
3493 2031 3716 2105 factas,

1682 2106 1850 2165 Petri
1885 2107 2270 2186 Kempensis
2305 2105 2726 2184 Epigramma.

598 2297 780 2348 llctula
812 2313 908 2351 cur
950 2299 1194 2366 geminos
1225 2298 1480 2353 dill'undit
1515 2299 1716 2353 vertice
1745 2312 1944 2358 ramos,
2334 2298 2613 2355 Permittis
2643 2299 2784 2354 cmlo
2815 2298 3068 2354 liberiore
3093 2297 3239 2352 frui?

664 2388 794 2452 Quae
826 2390 966 2442 viret
1003 2391 1086 2445 his
1110 2391 1351 2459 scriptis,
1393 2391 1552 2444 docte
1587 2390 1794 2443 Silane.
1832 2388 1985 2441 tuis?
2262 2388 2324 2444 Et
2346 2389 2483 2443 Latii
2511 2391 2719 2460 spirare
2743 2383 2922 2456 tidem,
2951 2388 3272 2461 Latiumque
3301 2389 3531 2446 nitorem

593 2479 834 2546 Quorum
865 2481 962 2534 hos
997 2483 1243 2549 populeis
1269 2481 1428 2535 docta
1453 2482 1715 2536 insitione
1748 2479 2014 2542 videmus,
2328 2481 2463 2534 Dum
2495 2483 2662 2535 subiit
2695 2483 2878 2537 cultus
2915 2483 3094 2552 lingua
3127 2481 3355 2551 Pelasga
3381 2481 3596 2536 novos?

669 2573 844 2638 Atque
875 2572 997 2625 illos
1029 2573 1162 2625 lauri
1191 2573 1464 2627 luxuriare
1493 2573 1684 2627 comis.
2261 2569 2395 2624 Cum
2427 2570 2725 2628 Herculeus
2755 2573 2906 2627 labor
2937 2573 3047 2633 hic.
3076 2573 3249 2642 pietas
3276 2585 3330 2626 et
3355 2572 3598 2641 Apolline
3634 2569 3797 2642 digna

594 2660 814 2714 Necnon
845 2661 1124 2732 Argolicos
1157 2664 1320 2719 simili
1348 2665 1645 2719 ambitione
1680 2666 1917 2734 lepores,
2327 2660 2517 2730 Magna
2545 2664 2693 2717 venit
2721 2664 2932 2719 meritis
2965 2665 3139 2734 gratia
3172 2659 3352 2717 danda
3382 2663 3510 2718 tuis.
3649 2671 3651 2675 ‘

673 2753 876 2808 Ambas
919 2755 1129 2823 spirare
1153 2763 1205 2809 et
1231 2756 1507 2810 Ausonias
1537 2757 1793 2810 Veneres.
2265 2750 2560 2821 Propterea
2588 2754 2706 2821 ipse
2727 2769 2855 2808 suas
2886 2753 3207 2824 Tirynthius
3238 2753 3475 2824 explicat
3500 2752 3750 2814 umbras,

597 2841 730 2896 Esse
759 2844 886 2911 quid
911 2845 1011 2897 hoc
1032 2844 1202 2897 dicam
1226 2843 1558 2913 ?numlquod
1576 2853 1666 2897 tua
1686 2845 1883 2913 scripta
1901 2843 2169 2899 columnis
2336 2845 2578 2916 Implicet
2608 2855 2667 2900 ut
2695 2848 2949 2902 meritum
2986 2847 3120 2900 lecta
3152 2861 3352 2901 corona
3392 2855 3574 2914 caput.

662 2932 839 2986 Graiis
865 2943 917 2986 et
946 2933 1112 2988 Latiis
1141 2934 1518 2988 discriminata
1552 2936 1769 2989 nitent?

2269 2935 2379 2989 Καὶ
2409 2934 2528 3001 σοῦ,
2563 2936 2851 3006 Δαυρέντι,
2885 2934 3188 3005 κροτάςους
3223 2934 3514 3005 περιδησεν
3553 2921 3825 2985 ’Δήόλλων

595 3025 763 3088 Queis
796 3027 928 3079 satis
955 3027 1199 3080 ostendis
1221 3027 1414 3097 linguae
1442 3027 1535 3082 tibi
1562 3029 1734 3096 gloria
1757 3036 1981 3098 quanta,

2342 3027 2616 3097 Κορικίοις
2647 3027 2851 3097 δάφνης
2891 3026 3165 3096 πλέγμασι
3193 3026 3556 3097 ξςρυσοκόμου.
3657 3069 3664 3080 .

674 3114 805 3166 Dum
842 3130 1027 3168 versas
1052 3115 1206 3169 Latio
1237 3116 1400 3171 Graia
1441 3117 1641 3186 scripta
1673 3117 1834 3186 stylo.
2265 3113 2276 3131 ¹

2265 3113 2413 3171 Ἶσον
2455 3118 2529 3169 ὅτ’
2553 3119 2877 3188 ἀμφοτέρων
2913 3119 3094 3190 σοφίῃ,
3132 3117 3342 3189 γλώττῃ
3375 3117 3421 3171 τ’
3450 3117 3753 3188 ὑπερέχεις,

601 3206 682 3257 Au
704 3206 884 3273 potius
914 3221 1034 3274 qua:
1069 3206 1379 3282 pressadiu
1418 3208 1576 3260 latuc.
1604 3251 1622 3262 .
1651 3208 1752 3262 sub
1783 3209 1918 3273 alto,

1902 3249 1918 3273 ,
2337 3209 2466 3282 Asly
2473 3226 2618 3278 ματα.
2649 3210 2912 3281 μειλιχζης
2932 3210 3245 3280 ἀμφοτέρω
3265 3211 3503 3281 χάριτος.

679 3295 904 3350 Nomina
940 3299 1213 3366 neglectu,
1237 3281 1289 3354 et
1321 3300 1655 3369 squalidiore
1684 3300 1818 3361 situ,
2269 3281 2380 3354 llOc
2406 3301 2639 3368 pretium
2671 3301 2835 3355 studii
2867 3302 3314 3371 vigilatorumque
3344 3303 3616 3364 laborum,

606 3387 868 3454 luccpere
904 3388 1011 3441 tuis
1036 3389 1249 3444 tandem
1284 3389 1634 3457 iuvenescere
1659 3389 1886 3456 chartis,
2342 3390 2438 3445 llic
2461 3390 2660 3446 studiis
2692 3395 2885 3461 partus
2908 3401 2960 3450 te
2983 3394 3274 3448 comitatur
3301 3393 3496 3448 honos.

674 3475 737 3530 Et
771 3479 886 3532 lieri
913 3487 1037 3532 voto
1071 3480 1441 3548 splendidiora
1490 3485 1627 3536 tuo?
2270 3483 2343 3536 Te
2373 3483 2569 3537 merito
2604 3483 2719 3539 haec
2764 3485 2929 3556 igitur
2958 3483 3250 3540 camitatur
3283 3486 3455 3556 gloria
3495 3485 3651 3549 lauri,

620 3570 941 3639 Scriptaque
972 3569 1294 3642 Grajugcuis
1323 3580 1531 3627 tantum
1550 3573 1822 3629 celebrata
1854 3571 2060 3644 Lycaeis
2344 3572 2617 3644 Famaque
2656 3591 2752 3656 per
2778 3577 2959 3634 nullos
2986 3577 3278 3632 interitura
3305 3567 3444 3634 dies.

1203 3869 1626 3956 LAURENTII
1686 3899 1948 3957 SIFANI
1979 3903 2662 3961 ADMONITIUNCULA
2692 3905 2787 3959 AD
2820 3895 3232 3966 LECTOREH.

684 4012 1049 4092 Adnmnertdus
1076 4013 1380 4079 I.eclor,ubi
1409 4017 1610 4092 diversa
1643 4019 1697 4092 in
1721 4019 1952 4092 inargute
1978 4018 2287 4092 _tronslatio
2315 4021 2552 4092 apposita
2579 4031 2676 4092 est,
2703 4039 2792 4091 per
2809 4021 2875 4076 Υ.
2904 4020 3186 4092 Vulgatam
3211 4023 3493 4077 rationem
3515 4023 3822 4092 signiﬁcari:

611 4083 865 4162 diuersam
895 4086 957 4134 ab
991 4085 1084 4162 hoc
1123 4102 1285 4162 meam
1333 4103 1458 4162 esse.
1514 4088 1664 4149 Quod
1684 4083 1887 4138 'attiukt
1921 4088 1987 4140 ad
2039 4088 2300 4162 diversam
2333 4083 2604 4162 lectionem
2631 4083 2892 4162 Graecam,
2924 4083 3027 4144 ubi'
3051 4094 3105 4145 in
3137 4095 3371 4162 margine
3400 4083 3698 4162 appositum
3729 4106 3821 4150 est.

615 4153 914 4231 habebatur
942 4162 1030 4203 aut
1063 4155 1314 4231 habetur,
1347 4156 1457 4231 illic
1501 4172 1532 4205 a
1555 4172 1631 4231 me
1658 4166 1943 4231 correctam
1971 4173 2080 4231 esse
2101 4159 2284 4231 procul
2312 4158 2471 4231 dubio
2502 4159 2881 4231 corruptarum
2902 4153 3272 4231 manuscripto'
3285 4153 3594 4229 (actionem;
3624 4165 3712 4216 θεά
3736 4165 3822 4227 ubi

612 4223 997 4301 ascripttmt‘est
1023 4222 1091 4301 αςι
1126 4222 1360 4276 Graecam
1383 4227 1432 4275 in
1459 4225 1688 4294 margine
1716 4226 1941 4292 positam
1964 4222 2224 4280 diversam
2249 4227 2543 4295 lectionem,
2580 4222 2814 4294 [σώςνίἄ
2843 4240 2941 4295 est,
2983 4222 3236 4299 forsitan,
3279 4234 3352 4286 ibi
3405 4248 3487 4299 me
3519 4222 3836 4301 conjecturis'

613 4307 763 4342 usum
795 4295 864 4344 ita
894 4292 1162 4360 legendum
1190 4310 1300 4347 esse
1325 4305 1536 4363 putare.
1576 4292 1588 4294 ⁷
1794 4326 1796 4328 τ
1997 4333 2004 4336 .
2143 4332 2146 4334 ν
2529 4292 2537 4295 ’
2716 4292 2722 4294 τ
2927 4292 2936 4295 -
3223 4292 3234 4299 -
3443 4297 3461 4309 ι.
3612 4292 3629 4301 -
3751 4301 3761 4312 .

625 4480 2063 4511 Μ

2069 4487 2175 4502 ις’-ἠ

1123 4639 1687 4737 ΥΠΟΘΕΣΙΣ
1745 4643 1960 4728 ΤΗΣ
2028 4643 2428 4730 ΒΙΒΛΟΥ
2494 4648 2751 4773 ΤΩΝ
2801 4599 3333 4737 ΠΡΑΞΕΩΝ

1703 4815 1838 4873 ΣΥΝ
1873 4822 2026 4875 ΤυιΣ
2049 4823 2460 4880 ΚΕΦΔΛΔΙΟΙΣ
2502 4826 2755 4881 ΑΥΤΩΝ.

2148 4485 3783 4517 W

2191 5015 2260 5027 -Ω

1284 5163 2120 5255 ARGUMENTUM
2190 5101 2516 5256 LIBRI
2613 5119 3176 5261 AGTORU‘M

1702 5381 1705 5386 -
1741 5351 1879 5407 UNA
1910 5354 2052 5412 CUM
2083 5355 2446 5411 CAPITULIS
2480 5355 2740 5419 EORUM.

703 5673 832 5725 Acta
886 5671 1252 5742 apostolorum
1315 5673 1452 5726 liber
1498 5673 1587 5725 hic
1644 5680 1886 5735 vocatur,
1934 5674 2187 5739 quoniam

2367 5669 2596 5738 Πράξεις
2628 5672 2936 5724 ἀποστόλων
2957 5671 3016 5724 τὸ
3053 5671 3255 5741 βιϐλίον
3319 5673 3594 5740 καλεῖται,
3654 5669 3823 5739 ἐπειδὴ

632 5762 792 5817 simul
819 5767 1057 5821 continet
1086 5775 1203 5820 acta
1263 5765 1627 5834 apostolorum
1668 5782 1680 5816 :
1719 5765 1808 5832 qui
1843 5771 2021 5817 autem
2073 5764 2185 5818 lucc

2291 5762 2387 5824 τὰς
2421 5760 2646 5829 πράξεις
2675 5761 2809 5828 ὁμοῦ
2850 5763 2956 5817 τῶν
3018 5764 3327 5818 ἀποστόλων
3383 5763 3644 5832 περιέχει.
3683 5762 3741 5819 Ὀ
3781 5763 3827 5816 δὲ
