4056 6340
111 406 116 410 ”
188 411 292 478 497

1133 415 1544 478 EXPOSITIO
1583 415 1663 477 ΙΝ
1685 414 1874 475 ACTA
1900 416 2481 482 APOSTOLORUM.

3323 428 3436 496 498

261 525 340 579 Τὸ
381 525 438 580 δὲ
478 526 643 583 πλέον
703 527 813 582 τῶν
859 529 1095 584 ἐνταῦθα
1132 524 1492 600 ἐγκειμένων,
1541 529 1757 586 Παύλου

1929 529 2100 585 Porro
2127 533 2304 601 major
2325 548 2454 602 pars
2497 547 2714 598 corum,
2740 550 2861 606 qum
2909 539 2998 594 hic
3053 539 3433 607 continentur,

189 621 422 694 πράξεις
451 621 560 676 εἰσὶ
583 663 599 684 ,
634 621 728 675 τοῦ
778 623 1168 695 περισσότερον
1205 625 1424 678 πάντων
1459 624 1756 678 κοπιάσαν-

189 729 304 774 τος.
356 713 430 766 Τδ
463 713 520 766 δὲ
562 707 958 776 αἴτιονζ-αὑτοῦ
990 716 1252 787 φοιτητὴς
1295 712 1363 788 ἦν
1399 719 1426 769 ὀ
1449 717 1510 768 τὸ
1555 715 1756 785 βιϐλίον

171 804 351 858 ’τοῦτο
385 804 617 873 συνθεὶς,
653 801 868 871 Λουκᾶς
901 809 930 861 ὁ
965 807 1235 878 μακάριος
1262 825 1277 839 ο
1318 802 1382 863 οὗ
1428 808 1528 878 τὴν
1558 807 1756 881 ἀρετὴν

150 893 154 897 λ
193 896 532 968 πολλαχόθεν
563 898 666 969 μὲν
699 899 793 953 καὶ
821 899 1118 972 ἀλλαχόθεν
1150 901 1297 954 ἐστιν
1337 901 1486 954 ἰδεῖν·
1522 900 1759 986 μάλιστα

191 991 295 1060 μὲν
331 991 470 1045 ³⁸-ἐκ
527 991 622 1046 τοῦ
674 994 812 1063 πρὸς
861 993 956 1048 τὸν
993 993 1314 1048 διδάσκαλον
1369 993 1765 1057 ἀδιασπάστωα

188 1082 362 1152 ἔχειν,
402 1085 498 1138 καὶ
544 1085 632 1138 διὰ
666 1085 869 1149 παντὸς
906 1084 1058 1157 αὑτῷ
1118 1084 1572 1157 παρακολουθεῖν.
1599 1086 1668 1140 ’Ὀ
1699 1086 1786 1140 ts‘

190 1175 330 1244 γοῦν
379 1168 567 1248 Δημᾶς
619 1177 712 1229 καὶ
744 1175 1083 1248 Ἑρμογένης
1131 1177 1296 1232 αὑτὸν
1327 1160 1705 1246 ἐγκατέλιπον·
1734 1179 1762 1229 ό

194 1268 304 1338 μὲν
353 1269 433 1332 είς
486 1267 777 1334 Γαλατίαν,
820 1271 850 1330 ὁ
905 1269 962 1323 δὲ
1011 1272 1092 1334 είς
1130 1270 1442 1340 Δαλματίαν
1487 1269 1759 1324 ἀπελθών.

194 1360 486 1425 Ἄκουσον,
514 1361 567 1413 τί
599 1377 729 1431 φησι
773 1361 903 1432 περὶ
927 1361 1118 1415 τούτου
1151 1377 1164 1391 ·
1191 1363 1404 1432 Λουκᾶς
1437 1364 1554 1415 ἐστι
1603 1364 1764 1432 μόνος

193 1454 320 1522 μετ’
346 1453 504 1525 ἐμοῦ.
535 1453 641 1508 Καὶ
676 1455 987 1526 Κορινθίοις
1015 1456 1072 1509 δέ
1110 1455 1466 1530 ἐπιστέλλων,
1495 1456 1626 1528 περὶ
1668 1455 1764 1509 αὑ-

191 1548 288 1602 τοῦ
325 1565 505 1619 φησιν’
541 1545 615 1604 Οῦ
648 1550 871 1616 ἔπαινος
907 1553 965 1604 ἐν
1009 1551 1088 1624 τῷ
1117 1551 1433 1622 Εὑαγγελίῳ
1463 1540 1552 1606 διὰ
1576 1551 1765 1605 πασῶν

191 1641 309 1694 τῶν
349 1642 704 1712 Ἐκκλησιῶν.
732 1646 844 1700 Καὶ
878 1646 1008 1700 ὅταν
1045 1645 1202 1719 λέγῃ,
1240 1646 1324 1699 ὃτι
1361 1644 1542 1717 Ὠφθη
1574 1645 1760 1718 Κηφᾷ,

187 1729 316 1786 εἶτα
346 1736 458 1798 τοῖς
504 1734 729 1792 δώδεκαο
760 1739 854 1791 καὶ
892 1738 1033 1793 κατὰ
1072 1738 1135 1791 τὸ
1178 1739 1504 1808 Εὐαγγέλιον
1535 1738 1564 1792 δ
1619 1756 1764 1808 παρ·-

189 1827 442 1892 ελάϐετε,
475 1829 536 1882 τδ
566 1829 758 1883 τούτου
799 1817 969 1900 λέγει.
1005 1830 1168 1899 Ὥστε
1201 1832 1301 1885 οὐκ
1323 1831 1388 1886 ἄν
1415 1848 1499 1895 τις
1526 1831 1763 1902 ἁμάρτοι

189 1917 293 1987 τὴν
339 1920 723 1990 πραγματείαν
756 1921 966 1992 ταύτην
1018 1921 1170 1994 αὐτῷ
1227 1921 1446 1987 ἀναθείς
1473 1940 1487 1953 ·
1528 1923 1660 1976 ὅταν
1706 1923 1766 1975 δὲ

190 2010 549 2086 εῐπῳτούτῳ,
606 2011 684 2078 τῷ
713 2012 934 2086 Χριστῶ
954 2012 1120 2080 λέγω.

266 2192 335 2244 Ei
388 2185 444 2245 δέ
480 2209 562 2256 τις
608 2191 779 2263 λέγει’
803 2189 920 2249 ’Καὶ
951 2194 1006 2247 τί
1054 2195 1255 2264 δήποτε
1306 2195 1426 2266 οὐχὶ
1463 2195 1638 2249 πάντα
1676 2195 1769 2248 ἁν-

191 2283 405 2354 έγραψε
451 2285 615 2354 μέχρι
668 2284 859 2350 τέλους
903 2284 982 2338 ὢν
1021 2284 1140 2356 μετ’
1205 2285 1409 2353 αὐτοῦς
1451 2288 1653 2340 Ἐκεῖνο
1698 2286 1766 2341 ἂν

192 2375 469 2443 εἴποιμεν,
496 2375 580 2428 ὅτι
618 2374 936 2430 καὶ-ταῦτα
969 2376 1243 2448 ρρκοῦντα
1266 2375 1335 2450 ἦν
1362 2382 1475 2444 τοῖς
1510 2373 1768 2451 βουλομέ-
1817 2371 1823 2376 ’

191 2482 311 2528 νοις
365 2466 676 2537 προσέχειν
709 2469 805 2522 καὶ
844 2469 928 2523 ὅτι
965 2470 1100 2542 πρὸς
1135 2471 1206 2524 τὰ
1250 2465 1649 2540 κατεπείγοντα
1680 2472 1768 2525 ἀεὶ

191 2556 402 2610 ἵστατοο
434 2559 528 2611 καὶ
566 2559 646 2613 ὅτι
687 2560 788 2613 οὐκ
819 2561 877 2613 ἐν
906 2561 984 2632 τῷ
1018 2562 1380 2635 λογογραφεῖν
1413 2559 1483 2637 ἦν
1513 2566 1699 2628 αὐτοῖς
1731 2567 1765 2636 ἡ

193 2653 428 2724 σπουδή·
455 2653 624 2708 πολλὰ
652 2656 762 2726 γὰρ
794 2657 887 2709 καὶ
921 2658 1153 2730 ἀγράφῳ
1186 2660 1479 2730 παραδόσει
1513 2661 1763 2734 παρέδω-

192 2763 267 2800 κα
279 2764 329 2800 ν.
353 2748 540 2803 Πάντα
566 2748 665 2820 μέν
690 2748 786 2805 οὖν
804 2751 930 2818 ἄξια
959 2751 1257 2824 θαύματος,
1292 2755 1360 2809 τὰ
1385 2757 1443 2809 ἐν
1473 2755 1551 2827 τῷ
1581 2755 1767 2826 βιϐλίῳ

192 2837 376 2906 τούτῳ
407 2835 655 2910 κείμενα·
689 2841 928 2914 μάλιστα
968 2844 1024 2898 δὲ
1063 2844 1172 2898 τῶν
1211 2847 1527 2900 ἀποστόλων
1549 2849 1591 2916 νή
1633 2863 1766 2916 συγ-

194 2932 532 2998 καταϐασις,
565 2933 634 3005 ἣν
659 2935 845 2989 καὶ-τὸ
879 2936 1102 3008 Πνεῦμα
1139 2939 1322 3002 αὐτοῖς
1350 2939 1610 3006 ὑπέϐαλε,
1658 2960 1771 3007 παν

198 3023 563 3090 ρασκευάζων
596 3027 792 3091 αὐτοὺς
815 3028 894 3108 τῷ
922 3029 1022 3099 τῆς
1060 3031 1374 3101 οἰκονομίας
1407 3033 1769 3101 ἐνδιατρίϐειν

192 3114 366 3184 λόγῳ⁶
393 3117 482 3171 διὰ
525 3118 589 3189 δὴ
625 3119 804 3185 τοῦτο,
837 3121 1078 3177 τοσαῦτα
1106 3124 1236 3194 περὶ
1257 3124 1424 3179 αὑτοῦ
1458 3126 1766 3196 διαλεχθέν-

1861 617 2010 672 Pauli
2043 629 2170 675 sunt
2195 633 2337 688 acta,
2357 622 2451 692 qui
2499 623 2735 694 amplius
2762 641 2950 698 .quam
2986 641 3179 684 omnes
3216 631 3463 684 laborm».

1859 719 1955 773 vit.
1981 716 2110 786 Ejus
2137 727 2315 772 autem
2343 719 2419 773 rei
2450 734 2614 774 causa
2661 731 2766 786 est,
2811 723 2957 792 quod
3010 723 3318 794 discipulus
3367 727 3432 779 ile

1861 807 1966 862 lius
2015 817 2133 863 erat
2175 810 2244 888 is,
2279 811 2371 880 qui
2411 810 2560 866 hunc
2605 811 2804 866 librum
2861 816 3193 883 composuit,
3239 832 3436 888 nempe

1863 896 2056 952 beatus
2085 880 2263 953 Luc‘as
2290 911 2308 952 :
2333 899 2494 968 cujus
2527 898 2702 954 virtus
2728 913 2853 954 cum
2887 917 2958 956 ex
2987 880 3177 958 inultis
3211 880 3432 973 quidem

1862 991 2040 1044 rebus
2071 991 2216 1055 aliis,
2251 988 2364 1046 tum
2397 1005 2528 1047 vero
2588 993 2824 1048 maxime
2845 1009 2911 1049 ex
2937 1010 3026 1058 eo,
3065 990 3210 1068 quod
3256 1013 3286 1052 a
3320 1015 3435 1054 ma-

1863 1083 2035 1153 gistro
2074 1098 2182 1138 non
2213 1084 2388 1154 potuit
2408 1081 2614 1148 divelli,
2640 1084 2734 1140 sed
2787 1085 3134 1143 continenter
3157 1086 3289 1143 eum
3344 1105 3434 1146 as-

1862 1182 2106 1229 sectatus
2129 1183 2236 1239 est,
2260 1174 2432 1230 videri
2464 1183 2664 1246 potest.
2695 1174 2830 1230 Nam
2865 1178 3060 1232 Demas
3081 1185 3136 1234 et
3201 1177 3434 1237 llermo—

1864 1281 2030 1336 genes
2042 1283 2164 1321 eum
2182 1266 2562 1334 deseruerunt,
2589 1266 2906 1339 hicquidem
2931 1269 2984 1323 in
3005 1268 3432 1343 Gallograeciam,

1865 1361 1954 1416 ille
1984 1362 2036 1415 in
2098 1359 2418 1416 Dalmatiam
2460 1360 2758 1432 profectus.
2791 1361 2933 1417 Audi
2997 1363 3130 1433 quid
3181 1365 3322 1420 dicat
3362 1365 3433 1422 de

1865 1454 1968 1510 boc
1995 1474 2010 1509 :
2042 1452 2218 1510 Lucas
2252 1453 2465 1509 ‘mecum
2497 1465 2582 1510 est
2610 1455 2784 1510 solus.
2807 1456 2986 1526 Atque
3024 1455 3192 1512 etiam
3233 1456 3429 1513 Coriu-

1866 1536 1998 1602 tbiis
2021 1547 2266 1602 scribens
2293 1545 2447 1602 deeo
2471 1545 2606 1600 dicit
2637 1565 2650 1600 :
2679 1546 2851 1616 Cujus
2905 1548 3026 1603 laus
3056 1559 3140 1602 est
3168 1548 3221 1602 in
3255 1551 3436 1605 Evan-

1865 1638 2004 1710 gelio
2049 1655 2147 1709 per
2185 1654 2378 1694 omnes
2428 1637 2704 1693 Ecclesias
2737 1656 2751 1693 :
2787 1645 2844 1693 et»
2893 1654 3018 1694 cum
3048 1640 3183 1695 dicit
3217 1657 3232 1695 :
3267 1641 3432 1698 Visus

1865 1741 1945 1786 est
1978 1730 2192 1802 Ccpbaa,
2239 1730 2437 1786 deinde
2495 1729 2604 1784 illis
2653 1728 2996 1785 duodecim:
3023 1739 3078 1784 ct
3129 1734 3430 1788 secundum

1869 1820 2214 1893 Evangelium
2247 1821 2393 1892 quod
2458 1821 2779 1892 accepistis,
2817 1821 2981 1892 hujus
3012 1823 3144 1879 dicit
3189 1825 3434 1896 Evange-

1868 1915 2021 1970 Iium.
2055 1916 2242 1986 Itaque
2275 1929 2434 1970 nemo
2457 1915 2742 1978 erraverit,
2777 1915 2924 1969 hunc
2975 1917 3432 1982 commentarium

1867 2007 1994 2062 huic
2021 2015 2304 2078 acceptum
2366 1993 2595 2063 ferens:
2636 2020 2763 2063 cum
2814 2015 3018 2073 autem,
3085 2008 3235 2076 huic,
3282 2010 3434 2076 dico,

1865 2100 2086 2157 Christo
2107 2100 2253 2157 dico.
3324 2104 3330 2110 “
3358 2110 3364 2120 “

1936 2193 2089 2260 Quod
2128 2193 2174 2249 si
2218 2193 2345 2265 quis
2374 2194 2518 2250 dicat
2546 2211 2562 2253 :
2593 2195 2662 2250 Et
2696 2210 2809 2250 cur.
2842 2193 3061 2252 tandcm
3121 2209 3227 2250 non
3250 2195 3444 2249 omnia-

1865 2286 2060 2342 litteris
2084 2285 2378 2352 mandavit,
2391 2301 2514 2342 cum
2541 2303 2713 2358 usque
2728 2288 2795 2343 ad
2823 2287 2982 2343 ﬁnem
3007 2295 3152 2343 esset
3177 2303 3281 2341 una
3305 2301 3430 2341 cum

1868 2381 2154 2436 illo?ltuic
2204 2378 2605 2451 responderim,
2645 2381 2791 2450 quod
2820 2380 2982 2436 etiam
3052 2380 3169 2435 haec
3215 2377 3434 2460 abunde

1867 2473 2004 2529 satis
2033 2473 2203 2528 multa
2231 2473 2343 2530 sint
2370 2473 2460 2541 iis,
2488 2477 2581 2546 qui
2616 2473 2904 2529 attendere
2947 2472 3121 2530 velint
3155 2491 3168 2527 :
3208 2480 3264 2529 et
3286 2474 3429 2543 quod

1867 2564 1934 2622 ad
1972 2559 2055 2631 ea,
2085 2557 2527 2646 quae"urgebant,
2557 2580 2771 2636 semper
2829 2565 3196 2641 consisterent
3237 2581 3251 2618 :
3282 2564 3430 2633 quod

1868 2674 1976 2714 non
2003 2659 2059 2714 in
2086 2659 2240 2715 libris
2269 2656 2577 2730 scribendis
2603 2656 2850 2713 studium
2882 2671 3043 2711 suum
3079 2655 3431 2721 collocarent,

1868 2768 1992 2807 nam
2030 2739 2199 2807 multa
2276 2752 2449 2832 etiam
2481 2751 2602 2805 viva
2645 2763 2797 2813 voce,
2825 2764 2946 2820 quae
2969 2749 3172 2818 scripta
3198 2764 3304 2802 non
3338 2764 3433 2804 ex-

1868 2853 2034 2908 stant,
2057 2842 2371 2913 tradebant.~
2393 2843 2572 2913 Atque
2598 2853 2720 2896 cum
2748 2840 2930 2897 omnia
2970 2839 3211 2912 quidem,
3241 2840 3433 2911 quain

1868 2853 2034 2908 stant,
2057 2851 2316 2899 tradeban
2347 2874 2371 2897 ,ι
2393 2851 2572 2913 Atque
2598 2853 2720 2896 cum
2748 2851 2930 2897 omnia
2970 2851 3211 2912 quidem,
3241 2855 3432 2911 quaem

1867 2939 1971 2994 hoc
2029 2939 2166 2993 libro
2214 2851 2588 3000 conziuentur,
2635 2934 2996 2990 admiratione
3041 2935 3200 3004 digna
3257 2943 3432 2990 sunt:

1867 3041 1979 3085 tum
2011 3044 2141 3085 vero
2172 3017 2405 3084 maxime
2444 3026 2838 3098 apostolorum,
2883 3025 3321 3092 συγκατάϐασις,
3377 3024 3433 3079 id
3517 3039 3520 3043 λ

1867 3130 1968 3189 cs‘,
1999 3136 2062 3176 ca
2093 3121 2288 3186 virtus,
2329 3135 2436 3190 qua
2481 3135 2542 3176 sc
2572 3117 3059 3174 accommodabant
3079 3107 3157 3172 'ad
3191 3119 3437 3187 tempora

193 3226 314 3275 τες,
345 3209 504 3278 ὀλίγα
531 3211 790 3285 περὶτῆς
835 3215 1089 3287 θεότητος
1138 3217 1305 3272 αὑτοῦ
1359 3220 1636 3292 είρήκασι.
1686 3220 1767 3273 Τὰ

1874 3219 2040 3282 atque
2059 3227 2351 3284 personas,
2378 3220 2431 3267 et
2471 3211 2629 3282 quasi
2660 3226 2766 3266 una
2797 3225 2922 3266 cum
2962 3211 3070 3265 illis
3100 3210 3436 3265 condescen-

195 3301 254 3355 δὲ
319 3302 518 3358 πλέονα
569 3307 700 3375 περὶ
747 3307 846 3379 τῆς
897 3308 1375 3382 ἐνανθρωπότητος
1431 3313 1765 3382 διελέγοντο,

196 3396 418 3450 καὶτοῦ
455 3399 681 3463 πάθους,
713 3403 810 3454 καὶ
837 3403 938 3472 τῆς
968 3404 1318 3466 ἀναστάσεως
1338 3445 1353 3474 ,
1387 3407 1478 3458 καὶ
1512 3406 1608 3476 τῆς
1645 3407 1771 3459 ἀνα-

195 3487 438 3551 ϐἁισεως.
477 3491 551 3544 Τὸ
588 3491 698 3562 γὰρ
751 3491 1086 3564 ζητούμενον
1151 3497 1310 3562 τέως,
1357 3497 1516 3551 τοῦτο
1572 3477 1676 3569 ἦνξ
1711 3499 1770 3550 τὸ

197 3580 567 3650 πιστευθῆναι
611 3583 694 3636 ὅτι
725 3584 949 3655 ἀνέστη,
979 3589 1075 3640 καὶ⁸
1118 3587 1286 3658 ἀνέϐη
1319 3589 1398 3652 είς
1434 3591 1562 3653 τοὺς
1599 3590 1766 3660 οὐρα-

195 3671 349 3735 νοῦς.
380 3671 592 3743 Ὠσπερ
620 3669 714 3727 οὖν
753 3676 917 3739 αὐτὸς
952 3678 1231 3748 όΧριστδς
1286 3679 1519 3748 μάλιστα
1553 3681 1769 3734 πάντων

197 3764 506 3829 ἐσπούδαζε
533 3767 726 3834 δεῖξαι,
760 3768 841 3823 ὅτι
879 3769 1032 3840 παρὰ
1068 3769 1162 3824 τοῦ
1209 3770 1420 3842 Πατρὸς
1455 3772 1608 3843 ἥκει,
1630 3773 1771 3826 οὕτω

195 3855 298 3908 καὶ
324 3849 504 3921 οὗτος,
554 3858 637 3910 ὅτι
687 3858 919 3931 ἀνέστη,
960 3862 1057 3914 καὶ
1095 3862 1370 3933 ἀνελήφθη
1400 3904 1414 3928 ,
1470 3863 1562 3916 καὶ
1625 3866 1763 3932 πρὸς

193 3952 364 4004 αὺτὸν
397 3952 636 4022 ἀπῆλθε,
670 3955 760 4007 καὶ
799 3957 931 4026 παρ’
961 3958 1128 4011 αὐτοῦ
1166 3959 1413 4026 ἀφίκετο.
1449 3960 1508 4012 Ei
1544 3959 1653 4030 γὰρ
1695 3962 1768 4031 μὴ

193 4044 360 4098 τοῦτο
414 4045 708 4117 ἐπιστεύθη
781 4049 1050 4119 πρότερον
1079 4089 1093 4114 ,
1157 4051 1338 4119 πολλῷ
1397 4052 1622 4121 μᾶλλον,
1667 4054 1767 4121 τῆς

195 4137 524 4210 προσθήκης
566 4137 889 4210 γενομένης,
922 4141 1022 4212 τῆς
1063 4143 1204 4196 κατὰ
1232 4144 1331 4212 τὴν
1353 4143 1649 4198 ἀνάστασιν
1677 4147 1770 4199 καὶ

192 4230 296 4302 τὴν
317 4231 609 4303 ἀνάληψιν,
635 4234 863 4288 ἄπιστον
895 4235 1043 4291 ἆπαν
1069 4235 1129 4290 τὺ
1156 4237 1333 4308 δόγμα
1355 4240 1464 4300 τοῖς
1500 4237 1770 4304 Ἰουδαίοις

192 4325 378 4390 ἔδοξεν
407 4323 569 4381 εἶναι.
607 4329 696 4382 Διὸ
720 4330 904 4401 ἡρέμα
938 4331 1034 4395 καὶ
1062 4332 1200 4384 κατὰ
1223 4331 1417 4401 μικρὸν
1450 4332 1646 4396 αὐτοὺς
1679 4334 1772 4385 ἐπὶ

190 4417 263 4467 τὰ
297 4417 611 4490 ὑψηλότερα
646 4421 857 4488 ἀνάγει·
887 4419 951 4476 ἐν
985 4423 1041 4475 δέ
1073 4423 1324 4494 Ἀθήναις
1357 4424 1452 4476 καὶ
1485 4424 1769 4494 ἄνθρωπον

191 4507 361 4560 αὑτὸν
381 4510 570 4573 ἁπλῶς
621 4514 649 4563 ὁ
699 4512 912 4575 Παῦλος
944 4516 1134 4578 καλεῖ,
1172 4515 1324 4568 οὐδὲν
1372 4515 1532 4567 πλέον
1575 4517 1764 4578 εἰπὼν,

189 4599 443 4664 εἰκότως.
617 4603 723 4673 γὰρ
770 4566 932 4657 αὐτόν
967 4622 1060 4658 τον
1092 4566 1346 4675 έριστὺν,
1386 4566 1846 4675 διαλεγόμενονρ

192 4693 326 4762 περὶ
358 4696 460 4764 τῆς
479 4693 566 4758 ἐίς
594 4694 686 4749 τὸν
728 4695 946 4766 Πατέρα
979 4696 1242 4764 ἰσότητος,
1270 4695 1486 4750 λιθάσαι
1514 4696 1770 4760 πολλάκις

190 4784 584 4855 ἐπεχείρησαν,
625 4785 721 4839 καὶ
782 4786 1104 4856 βλάσφημον
1156 4787 1244 4840 διὰ
1309 4787 1467 4842 τοῦτο
1510 4789 1768 4843 ὲκάλουν.²

189 4876 366 4947 Σχολῇ
403 4876 538 4945 γοῦν
581 4879 731 4949 παρὰ
779 4878 888 4931 τῶν
909 4878 1106 4933 ἁλιέων
1132 4879 1322 4946 τοῦτον
1353 4879 1444 4932 τὸν
1473 4880 1628 4946 λόγον
1657 4881 1768 4932 ἐδέ-

191 4966 375 5032 ξαντο,
415 4968 707 5022 καὶταῦτα
739 4969 831 5022 τοῦ
864 4968 1103 5039 σταυροῦ
1141 4969 1622 5038 προχωρήσαντος.

1871 3308 2072 3362 debant
2095 3323 2159 3362 ac
2192 3321 2314 3363 sese
2334 3305 2731 3362 demittebant:
2769 3319 2932 3375 quam
2974 3304 3230 3357 virtutem
3265 3300 3452 3384 Spiri:

1873 3409 1962 3455 tus
1987 3400 2069 3454 eis
2118 3396 2462 3469 suggerebat,
2503 3405 2661 3466 aptos
2705 3401 2760 3449 ct
2810 3395 3035 3449 idoneos
3067 3409 3160 3448 eos
3197 3393 3438 3448 eﬂicicns

1871 3494 1936 3546 ad
1964 3492 2088 3555 hoc,
2117 3501 2174 3545 ut
2195 3488 2572 3545 incumberent
2601 3487 2654 3541 in
2680 3488 2945 3542 rationem
2977 3485 3356 3556 dispbsitionis
3384 3493 3440 3542 et

1871 3582 2390 3638 administrationis.
2435 3579 2644 3636 Idcirco
2683 3579 2938 3634 nimirum
2992 3587 3101 3634 tam
3152 3579 3321 3632 multa
3370 3579 3439 3634 do

1870 3679 2090 3736 Christo
2116 3678 2301 3738 locuti,
2347 3691 2514 3742 pauca
2542 3676 2608 3729 de
2649 3674 2938 3728 divinitate
2976 3673 3094 3740 ejus
3135 3672 3434 3725 dixerunt:

1872 3771 2132 3840 majorem
2209 3773 2652 3836 autennpartem
2713 3763 2782 3819 de
2839 3764 3318 3818 humanmnatura
3351 3777 3438 3816 as-

1872 3863 2202 3933 sumptione,
2224 3862 2296 3923 de
2324 3860 2597 3930 passione,
2625 3858 2693 3912 de
2727 3857 3132 3913 resurrectione
3163 3864 3218 3911 et
3245 3869 3438 3910 ascen-

1871 3957 2025 4009 sione
2052 3954 2432 4022 loquebantur.
2483 3949 2617 4003 Nam
2648 3949 2752 4004 hoc
2789 3957 2927 4010 erat,
2954 3947 3100 4016 quod
3165 3956 3294 4000 tunc
3330 3945 3437 3999 ini-

1871 4046 1948 4098 tio
1988 4044 2388 4112 requirebatur,
2419 4048 2480 4095 ut
2518 4039 2833 4096 crederetur
2885 4037 3252 4093 resurrexisse
3281 4046 3334 4090 ct
3380 4037 3434 4089 in

1871 4135 2040 4190 cmlos
2067 4133 2401 4189 ascendisse.
2427 4130 2894 4198 Quemadmodum
2925 4130 3090 4198 igitur
3118 4128 3234 4198 ipse
3277 4127 3437 4181 Chri-

1873 4237 1996 4281 stus
2018 4228 2260 4280 omnium
2285 4225 2520 4277 maxime
2543 4220 2798 4276 studebat
2823 4219 3130 4284 ostendere,
3154 4235 3211 4274 se
3228 4235 3255 4271 a
3282 4220 3437 4274 Patre

1874 4320 2057 4372 venire
2093 4337 2102 4370 :
2142 4317 2223 4372 sic
2247 4316 2410 4372 etiam
2449 4314 2537 4369 hic
2574 4314 2951 4369 demonstrare
2987 4311 3038 4382 3
3066 4318 3434 4367 conatureum

1874 4411 2240 4466 rcsurrexissc
2257 4418 2309 4463 et
2327 4417 2667 4475 assumptum
2693 4420 2834 4468 esse,
2858 4411 2909 4456 et
2939 4404 3005 4457 ad
3036 4403 3184 4456 illum
3212 4403 3436 4466 abiisse,

1873 4515 1925 4557 ct
1951 4505 2018 4557 ab
2053 4504 2145 4555 illo
2180 4502 2417 4554 venisse.
2467 4498 2581 4552 Nisi
2613 4499 2757 4551 cnim
2793 4495 2924 4550 illud
2980 4496 3130 4566 prius
3169 4493 3438 4552 creditum

1877 4597 2091 4658 fuisset,
2124 4593 2296 4647 multo
2320 4591 2491 4662 magis
2515 4591 2820 4660 adjectione
2844 4589 2987 4643 iacta
3022 4604 3206 4644 carum
3232 4604 3436 4652 rerum,

1867 4703 1989 4759 quae
2013 4686 2159 4741 circa
2195 4671 2651 4740 resurrectionem
2701 4691 2754 4738 et
2785 4683 3218 4752 assumptionem
3292 4683 3433 4741 acci-

1867 4781 2088 4842 derunt,
2133 4777 2470 4833 incredibilis
2496 4790 2617 4830 esse
2676 4774 2796 4827 fidei
2865 4774 3121 4825 universa
3187 4773 3436 4825 doctrina

1865 4869 2068 4926 Judzcis
2101 4869 2215 4922 visa
2254 4867 2484 4919 fuisset:
2515 4862 2862 4932 quamobrem
2890 4862 3092 4916 sensim
3146 4877 3209 4915 ac
3243 4862 3403 4928 paula
3417 4890 3445 4906 -.

1868 4967 1963 5018 tim
2002 4975 2096 5016 eos
2154 4959 2220 5012 ad
2260 4957 2452 5010 altiora
2497 4955 2770 5019 subducit,
2806 4966 2967 5023 atque
3025 4939 3255 5009 Allient‘s
3286 4955 3433 5008 illum

189 5056 396 5111 Paulus
446 5061 610 5114 etiam
676 5061 995 5130 simpliciter
1060 5060 1333 5114 hominem
1416 5046 1589 5123 vocat,
1647 5059 1792 5112 nulla
1869 5073 1928 5112 re
1977 5052 2210 5122 amplius
2261 5049 2492 5118 adjecta,
2545 5064 2608 5104 ac
2645 5047 2856 5101 merito.
2891 5046 3020 5100 Nam
3079 5047 3122 5100 si
3154 5047 3432 5102 Christum

191 5152 372 5219 ipsum
415 5155 579 5208 verba
630 5156 915 5210 facientem
958 5155 1024 5230 de
1062 5170 1158 5210 sua
1188 5167 1312 5208 cum
1362 5157 1520 5210 Patre
1568 5153 1758 5221 aequali

1867 5148 2147 5217 :parique
2212 5143 2545 5206 conditione,
2633 5141 2901 5210 lapidibus
2959 5142 3192 5194 obruere
3263 5155 3434 5207 sarpe-

190 5259 427 5301 numero
485 5257 854 5316 tcutavcruut,
905 5261 957 5305 et
992 5250 1388 5321 blaspbemum,
1419 5249 1470 5301 id
1521 5257 1626 5313 cst,
1665 5251 1804 5301 laesa)
1832 5244 2132 5312 majesmtis
2178 5241 2375 5294 divinae
2400 5253 2573 5301 reum,
2612 5236 2812 5290 idcirco
2842 5235 3114 5286 vocabant
3144 5251 3156 5286 :
3191 5234 3438 5302 ιιι-οῐυςιυ

189 5342 277 5394 vix
318 5355 440 5394 eam
483 5343 781 5398 orationem
845 5345 1210 5414 piscatoribus
1243 5343 1643 5412 proferentibus
1683 5344 2025 5410 piobassent,
2065 5335 2366 5408 praesertim
2396 5349 2517 5387 cum
2559 5347 2693 5385 crux
2721 5328 3111 5397 praecessisset.

259 5438 378 5491 Καὶ
402 5432 455 5487 τί
500 5433 582 5486 δεῖ
604 5433 785 5501 λέγειν
812 5439 936 5497 τοὺς
970 5438 1281 5501 Ἰουδαίους,
1327 5442 1457 5513 ὅπου
1497 5437 1586 5488 καὶ
1609 5437 1761 5490 αὐτοὶ

189 5527 456 5586 πολλάκις
481 5523 529 5575 ol
565 5522 802 5592 μαθηταὶ
821 5523 929 5576 τῶν
951 5524 1298 5596 ὑψηλοτέρων
1321 5527 1608 5588 ἀκούοντες
1636 5526 1759 5594 δογο

191 5619 410 5689 μάτων,
440 5615 796 5688 ἐθορυϐοῦντο
826 5616 920 5669 καὶ
955 5616 1404 5682 ἐσκανδαλίζοντο
1431 5635 1444 5684 ;
1481 5620 1577 5671 Διὰ
1607 5616 1766 5670 τοῦτο

1946 5435 2005 5485 Et
2039 5434 2166 5501 quid
2204 5430 2393 5482 attinet
2423 5425 2602 5479 dicere
2637 5424 2704 5477 de
2727 5419 2931 5476 Judteis
2953 5422 2976 5474 ?
2997 5421 3433 5491 quandoquidem

1875 5527 2036 5580 etiam
2068 5526 2164 5592 ipsi
2204 5533 2575 5590 smpenun'iero
2598 5516 2854 5588 discipuli
2887 5517 2954 5571 de
2986 5515 3269 5570 altioribus
3306 5531 3436 5569 scn-

1871 5619 2056 5673 lcnliis
2087 5617 2391 5682 loquentem
2427 5610 2703 5667 Christum
2771 5610 3074 5674 audientes,
3138 5609 3435 5667 turbaban-

1427 5759 1627 5820 Variae
1655 5757 1963 5820 lectiones
1995 5760 2054 5815 et
2076 5759 2267 5812 nim).

213 5878 215 5880 ’
265 5881 310 5914 ⁸⁸
343 5881 529 5951 μέντοι
558 5886 643 5938 ἵεν.
