4056 6340
161 409 278 474 529

929 407 1329 470 EXPOSITIO
1368 409 1446 469 IN
1482 407 1668 468 ACTA
1699 405 2272 468 APOSTULORUM.
2309 431 2372 440 —
2406 405 2565 468 CAP.
2616 407 2696 466 ll.

3317 403 3424 471 538

165 525 434 596 ἀπαρχὴν
491 525 690 592 λαϐὼν,
743 525 906 588 αύτδις
968 527 1213 595 ἀνήγαγε
1261 524 1556 595 πρότεροςο
1599 523 1761 586 αυτὸς

1869 521 2032 576 Porro
2059 521 2330 592 primitias
2357 529 2609 590 acceptas
2636 520 2751 589 ipse
2792 518 2988 574 obtulit
3025 519 3265 588 primus:
3303 518 3422 586 ipso

167 615 415 668 ἐπὲϋα).ε
441 619 502 667 τὸ
536 617 807 686 δρέπανον
831 616 1116 686 πρότερος.
1143 614 1240 668 Διὰ
1263 615 1313 666 τί
1341 613 1399 667 δὲ
1424 615 1483 666 ἐν
1513 611 1591 683 τῷ
1618 630 1757 682 συμ-

169 708 550 776 πληροῦσθαι;
573 710 692 762 Ὀτι
720 710 909 780 ἑορτῆς
939 707 1101 761 πάλιν
1134 707 1321 777 οὔσης,
1349 703 1642 759 ἐδειταῦτα
1661 723 1753 772 γε-

169 798 391 854 νέσθαιο
417 800 505 854 ἵνα
535 801 586 853 οἱ
612 802 872 870 παρόντες
888 799 962 868 τῷ
978 798 1196 869 σταυρῷ
1217 799 1310 850 τοῦ
1332 798 1590 868 Χριστοῦ,
1613 792 1758 851 οὗτοι

171 890 274 940 καὶ
298 888 474 942 ταῦτα
501 889 670 946 ἴδωσί.
698 889 1087 962 [ΣΕΥΗΡΟΥ.]
1110 889 1562 960 Διαμεριζόμεναι
1587 889 1760 956 γλῶσ-

175 995 273 1029 σαι
291 977 429 1030 ὡσεὶ
466 981 653 1050 πυρός.
676 981 872 1033 Παθὼν
896 981 1003 1051 γὰρ
1036 983 1063 1033 ό
1087 981 1215 1044 Θεὸς
1242 983 1401 1050 σαρκὶ
1423 980 1485 1035 τὺ
1516 982 1760 1034 ἑκούσιον

177 1066 380 1131 πάθος,
415 1065 508 1121 καὶ
538 1071 778 1132 ἀναστὰς
809 1071 871 1122 ὲκ
903 1060 1131 1138 νεκρῶν,
1171 1073 1559 1142 συνανέστησεν
1583 1073 1760 1142 ἑαυτῷ

174 1160 312 1222 τοὺς
332 1162 400 1230 τῇ
430 1159 674 1230 ἁμαρτίᾳ
699 1162 1142 1230 νενεκρωμένους
1161 1164 1328 1230 ἡμᾶς,
1348 1164 1442 1215 καὶ
1458 1163 1517 1215 τὸ
1542 1163 1632 1215 τοῦ
1649 1164 1761 1217 δια-

174 1249 342 1300 ϐόλου
387 1251 584 1319 κράτος
612 1253 902 1308 κατέλυσε.
934 1252 1034 1305 Διὰ
1063 1253 1218 1306 τοῦτο
1250 1254 1406 1323 μέχρι
1438 1242 1534 1322 τῆς
1559 1257 1761 1325 Πεντη-

176 1339 408 1408 κοπῆς,
436 1342 514 1402 είς
539 1341 643 1408 γῆν
681 1343 740 1393 οὐ
787 1343 1078 1412 κλινόμεθα
1120 1346 1543 1413 προσευχόμενοι
1580 1385 1593 1409 ,
1621 1348 1761 1398 κατὰ

177 1423 293 1475 τῶν
317 1427 411 1494 ἐχθ
422 1427 528 1496 ρῶν
546 1430 577 1497 ἡ
585 1428 700 1496 μῶν
717 1427 1010 1496 ψάλλοντες
1029 1447 1044 1461 ο
1060 1431 1224 1483 Λύτοὶ
1250 1431 1700 1501 συνεποδίσοησαν
1717 1435 1760 1466 ⁵⁸

180 1518 280 1568 κά
317 1517 511 1570 ἔπεσον
535 1535 550 1550 ο
590 1520 750 1590 ἡμεῖς
788 1521 844 1573 δὲ
872 1522 1176 1591 άνέστημεν
1207 1525 1300 1576 καὶ
1337 1524 1759 1594 ἁπιωρθώθημεν.

190 1609 292 1661 ‘Eu
312 1610 370 1663 δὲ
408 1611 664 1681 πυρίναις
696 1613 970 1681 γλώσσαις
998 1613 1093 1667 τοῦ
1125 1615 1441 1684 Πνεύματος
1475 1615 1762 1683 ἐπιφανέν-

182 1719 277 1764 τος
308 1703 464 1770 ἡμῖν,
495 1705 624 1772 γόνυ
683 1705 1033 1776 κάμπτομεν,
1073 1705 1174 1776 τὴν
1205 1707 1332 1760 θέαν
1358 1707 1416 1758 οὐ
1446 1706 1703 1776 φέροντες
1744 1722 1761 1739 ⁶

179 1792 280 1844 καὶ
315 1792 600 1862 δηλοῦντες
623 1795 705 1847 ὅτι
749 1795 836 1846 oti
873 1795 962 1847 τοῦ
985 1796 1298 1864 Πνεῦματος
1337 1794 1434 1864 τὴν
1474 1797 1530 1847 ἐν
1571 1796 1760 1863 Τριάδι

1860 611 2054 668 falcem
2098 613 2322 668 immisit
2373 613 2604 679 primus.
2633 611 2830 677 Quare,
2881 609 3408 678 cumcompleretur

1859 707 1976 760 dies
2002 705 2397 760 Pentecostes?
2447 703 2610 769 Quia,
2669 718 2791 758 cum
2854 717 3050 756 rursus
3105 711 3248 755 esset
3301 700 3419 755 dies

1861 797 2203 862 fe5tus,lt:ec
2263 797 2377 851 ﬁeri
2443 795 2763 865 oportebat:
2831 804 2912 854 ut,
2979 793 3070 861 qui
3131 792 3422 848 adfuerant

1849 890 2011 954 cruci
2061 887 2288 951 Christi,
2339 888 2415 941 illi
2484 887 2648 940 etiam
2704 886 2820 941 haec
2875 887 3142 944 viderent.
3199 887 3420 954 Lingua:

1861 980 2016 1049 quasi
2045 979 2235 1050 ignea},
2269 994 2387 1048 qua:
2415 980 2807 1034 dividerentur.
2849 979 2986 1032 Nam
3019 994 3142 1033 eum
3175 979 3424 1034 Christus

1861 1054 2028 1125 carne
2058 1085 2262 1139 passus
2299 1078 2448 1124 esset
2495 1069 2868 1124 voluntarium
2920 1070 3270 1140 supplicium,
3316 1078 3424 1123 eta

1865 1163 2098 1216 mortuis
2129 1151 2538 1229 resurreiissct,
2567 1178 2672 1217 una
2704 1177 2892 1217 secum
2923 1178 3045 1238 nos,
3079 1164 3170 1232 qui
3198 1172 3427 1232 peccato

1861 1253 2017 1322 quasi
2069 1254 2380 1308 mortiﬁcati
2418 1265 2471 1309 et
2495 1254 2656 1308 morti
2703 1254 2961 1309 destinati
3005 1270 3245 1318 eramus,
3275 1255 3428 1310 exci-

1863 1344 2019 1406 tavit,
2043 1353 2097 1398 et
2121 1345 2409 1412 imperium
2443 1344 2644 1398 diaboli
2670 1345 2886 1399 evertit.
2919 1343 3129 1399 Idcirco
3161 1361 3334 1413 usque
3358 1349 3424 1399 att

1864 1435 2244 1498 Pentecosten,
2307 1441 2593 1504 precantes
2644 1433 2792 1488 humi
2859 1450 2966 1489 non
3015 1435 3427 1504 procutnbimus

1863 1526 2132 1581 adversus
2166 1525 2421 1580 inimicos
2459 1535 2678 1581 nostros
2722 1526 3046 1595 psallentes:
3085 1527 3166 1579 Illi
3230 1525 3426 1581 irretiti

1863 1624 1992 1674 sunt
2039 1626 2094 1672 et
2125 1617 2501 1672 occubuerunt
2531 1633 2686 1683 ;nos-
2724 1625 2904 1672 autem
2965 1617 3187 1672 excitati
3238 1633 3428 1673 suinus

1863 1718 1917 1763 et
1953 1708 2144 1763 erecti.
2181 1705 2286 1762 Sed
2331 1715 2686 1778 posteaquam
2729 1706 2904 1778 igneis
2955 1707 3158 1778 linguis
3191 1708 3430 1777 Spiritus

1865 1801 2023 1855 nobis
2058 1800 2333 1870 apparuit,
2396 1797 2831 1868 genuﬂectimus,
2898 1800 3268 1868 spectaculum
3321 1816 3426 1854 non

178 1884 403 1937 τελείαν
442 1886 816 1956 ,προσκύνησιν
858 1889 1283 1957 μεμαθήκαμεν.
1326 1887 1552 1957 Πνεῦμα
1585 1890 1692 1958 γὰρ
1717 1891 1762 1964 ’ὁ

1869 1888 2129 1952 ferentes,
2163 1899 2327 1958 atque
2371 1888 2745 1959 significantes
2791 1904 2888 1960 per
2927 1888 3190 1959 Spiritum
3250 1891 3429 1959 perle-

181 1977 320 2039 Θεός
346 1994 360 2006 ·
398 1980 493 2030 καὶ
536 1979 662 2041 τοὺς
708 1979 1147 2050 προσκυνοῦντας
1193 1979 1354 2033 αὑτὸν
1388 1982 1446 2033 ἐν
1488 1981 1760 2050 πνεύματι

180 2070 284 2122 καὶ
327 2069 556 2141 ἀληθείᾳ
601 2071 683 2124 δεῖ
722 2074 1068 2142 προσκυνεῖν.
1115 2070 1622 2144 [ΣΕΥΗΡΙᾹΝΟΥ]
1674 2073 1762 2126 Ἐν

180 2163 250 2230 τῇ
283 2161 470 2232 ἡμέρᾳ
505 2163 603 2230 τῆς
637 2162 1016 2233 Πεντηκοστῆς
1056 2164 1090 2233 ἡ
1128 2163 1220 2216 τοῦ
1251 2163 1406 2231 ἁγίου
1449 2165 1762 2233 Πνεύματος

181 2251 534 2322 ἐπιφοίτησις
582 2253 772 2321 γέγονε
830 2255 917 2309 διὰ
965 2244 1125 2326 τὴνδε
1173 2257 1272 2324 τὴν
1306 2256 1506 2318 αἰτίαν,
1556 2256 1641 2308 Ἐν
1697 2261 1761 2327 τῇ

181 2343 371 2414 ἡμέρᾳ
388 2345 482 2414 τῆς
500 2346 901 2414 Πεντηκοστῆς,
926 2346 1064 2399 κατὰ
1083 2347 1180 2416 τὴν
1203 2346 1443 2400 Παλαιὰν
1466 2347 1762 2416 Διαθὴκην,

182 2433 349 2505 ἐδόθη
368 2435 551 2504 νόμος.
591 2435 791 2507 Ἐχρῆν
811 2433 906 2490 οὖν
929 2426 1052 2490 καθ’
1075 2439 1139 2507 ἢν
1170 2438 1385 2509 ἡμέραν
1417 2438 1572 2508 ἐδόθη
1605 2438 1766 2508 νόμος

183 2525 276 2576 διὰ
305 2525 552 2591 πλακῶν,
594 2527 716 2588 κατ’
761 2527 929 2600 αὐτὴν
955 2527 1173 2597 δοθῆναι
1197 2529 1296 2598 τὴν
1324 2526 1644 2598 νομοθεσίαν
1670 2528 1765 2581 τοῦ

182 2617 347 2684 ἁγίου
397 2617 735 2688 Πνεύματος,
785 2618 884 2671 οὐκ
918 2621 977 2671 ἐν
1001 2618 1216 2684 πλαξὶν,
1255 2619 1370 2671 ἀλλ’
1416 2621 1474 2671 ἐν
1517 2619 1766 2692 καρδίαις

183 2707 566 2778 γραφομένην.
622 2709 700 2779 Τῇ
755 2707 940 2779 ἡμέρα
986 2709 1086 2778 τῆς
1141 2709 1519 2780 Πεντηκοστῆς
1565 2713 1593 2763 ό
1643 2711 1768 2773 λαὸς

184 2798 410 2862 ἐδέξατο
444 2799 620 2877 νόμον.
645 2801 702 2852 ἐν
729 2802 794 2870 τῇ
824 2801 1016 2872 ἐρὴμῳ
1051 2801 1185 2854 Σινᾶ
1210 2816 1223 2830 °
1249 2793 1405 2871 tﬁ\t5'
1446 2802 1554 2872 γὰρ
1587 2802 1768 2872 ἡμέρᾳ

185 2890 280 2941 τοῦ
305 2892 528 2959 πρώτου
562 2893 751 2960 μηνὸς,
776 2892 871 2945 τοῦ
912 2893 1054 2945 κατὰ
1085 2883 1315 2962 σελήνην
1341 2893 1763 2963 ἁριθμουμένου,

188 2981 418 3049 ἐξῆλθον
453 2982 502 3060 οἱ
543 2983 651 3034 υίοὶ
705 2983 922 3052 Ἰσραὴλ
963 2983 1022 3048 ἐξ
1053 2983 1349 3048 Αἰγύπτου,
1381 2985 1469 3036 ὅτε
1505 2983 1565 3036 τὸ
1598 2984 1767 3048 Ἀζυ-

190 3089 294 3139 μον
329 3073 665 3143 ἐπετέλησαν
689 3075 780 3127 καὶ
813 3074 993 3127 τὸτοῦ
1030 3074 1222 3145 Πάσχα
1270 3077 1590 3147 μυστήριον.
1637 3078 1768 3131 Ἀπὸ

187 3164 287 3230 τῆς
314 3163 374 3216 ιδ’
403 3163 641 3234 ψήφισον
668 3166 727 3218 τὸ
766 3164 861 3218 τοῦ
880 3166 1047 3234 μηνὸς
1070 3167 1466 3238 ἁναπλήρωμα,
1493 3170 1767 3223 τουτέστιν

193 3252 410 3324 ἡμέρας
444 3254 509 3317 ιζ’
547 3253 642 3307 τοῦ
676 3255 930 3326 δευτέρου
961 3256 1129 3328 μηνὸς
1160 3255 1253 3310 τοῦ
1299 3259 1481 3329 τρίτου
1510 3275 1523 3289 ο
1563 3259 1595 3329 ἡ
1630 3261 1734 3314 Πεν
1755 3289 1766 3302 ε

189 3347 434 3415 τηκοσ-τὴ
485 3347 530 3378 ⁹⁹
581 3350 647 3418 τῇ
701 3349 861 3419 ἑορτῇ
928 3349 1036 3401 τῶν
1108 3348 1352 3418 ’Ᾱζύμων
1395 3351 1488 3402 τοῦ
1553 3351 1762 3420 Πάσχα.

203 3434 340 3489 Ἀπὸ
377 3431 473 3487 οὖν
518 3437 618 3503 τῆς
651 3437 709 3487 ιδ’
761 3437 865 3499 ἓως
892 3437 990 3505 τῆς
1027 3443 1075 3500 γ’
1105 3436 1198 3490 τοῦ
1241 3437 1425 3508 τρίτου
1471 3440 1637 3508 μηνδς
1681 3441 1767 3508 γί-

193 3541 377 3576 νονται
408 3524 613 3594 ἡμέραι
651 3524 714 3580 ν’.
751 3527 849 3579 Διὰ
890 3526 1048 3581 τοῦτο
1096 3528 1286 3597 λέγει’
1328 3529 1435 3581 Καὶ
1468 3530 1676 3596 ἐγίνετο
1710 3533 1768 3583 ἐν

192 3609 271 3677 τῷ
305 3610 474 3680 τρίτῳ
498 3613 648 3681 μηνὶ,
681 3613 1007 3678 ἐξελθόντων
1047 3616 1225 3669 αὐτῶν
1251 3619 1316 3669 ἐκ
1345 3617 1442 3686 τῆς
1467 3617 1762 3684 Αἰγύπτου,

193 3694 316 3751 εἷπε
351 3699 556 3772 Κύριος
585 3705 720 3773 πρὸς
765 3706 968 3774 Μωσῆν
1001 3722 1014 3737 '
1051 3707 1358 3778 Κατάόηθι,
1382 3724 1386 3726 ·
1408 3707 1630 3776 ἁγίασον
1676 3709 1766 3764 τὸν

195 3788 327 3840 λαὸν
368 3791 609 3864 σήμερον
634 3795 724 3847 καὶ
750 3794 935 3866 αὔριον
957 3813 970 3826 ·
1003 3799 1067 3867 τῇ
1091 3801 1351 3869 νεομηνία
1378 3799 1558 3853 αὐτῶν
1582 3799 1763 3869 λαλεῖ,·

96 3949 105 3955 _
195 3881 288 3933 καὶ
309 3883 374 3952 τῇ
413 3888 485 3951 γ’,
507 3886 659 3954 φησὶ,
688 3887 987 3956 φανήσεται
1016 3889 1220 3958 Κύριος
1244 3890 1335 3944 ἐπὶ
1365 3890 1424 3943 τὸ
1455 3891 1582 3960 ὄρος
1609 3894 1760 3947 Σινᾶ.

197 3973 348 4026 Ἷέδει
384 3971 478 4028 οὖν
515 3976 638 4028 καθ’
685 3979 752 4046 ἡν
793 3978 1005 4048 ἡμέραν
1042 3979 1194 4048 ἐδόθη
1238 3980 1267 4032 ὁ
1311 3979 1539 4044 παλαιὸς
1581 3982 1764 4052 νόμος,

195 4062 319 4113 κατ’
353 4063 525 4133 αὐτὴν
563 4063 782 4134 δοθῆναι
822 4068 915 4118 καὶ
955 4067 1055 4136 τὴν
1094 4066 1186 4120 τοῦ
1223 4068 1542 4140 ῐινεύματος
1583 4071 1761 4143 χάριν.

195 4152 412 4224 Ὠσπερ
463 4154 572 4225 γὰρ
607 4157 636 4208 ό
676 4156 867 4229 Σωτὴρ
913 4158 1122 4230 μέλλων
1183 4161 1449 4214 ἐπιτελεῖν
1496 4163 1558 4216 τὸ
1612 4164 1768 4233 ἆγιον

198 4244 372 4307 πάθος
395 4247 488 4299 καὶ
516 4247 614 4301 οὐκ
649 4249 908 4322 ἡνέσχετο
933 4251 1080 4322 ἄλλῳ
1107 4253 1282 4324 καιρῷ
1307 4254 1498 4307 ἑαυτὸν
1520 4255 1767 4309 ἐκδοῦναι

195 4333 273 4404 τῷ
305 4337 488 4400 πάθει,
517 4337 656 4391 ἀλλὰ
676 4339 799 4394 καθ’
828 4341 884 4395 ὃν
915 4343 1104 4413 καιρὸν
1147 4344 1334 4398 ἐθύετο
1354 4345 1414 4398 τὸ
1452 4346 1722 4414 πρόϐατον
1749 4388 1767 4416 ,

197 4426 281 4478 ῐνα
310 4427 460 4499 αύτῷ
491 4429 568 4500 τῷ
597 4429 751 4500 τύπῳ
793 4433 1005 4506 συνάψῃ
1047 4436 1142 4505 τὴν
1175 4437 1452 4506 ἀλήθειαν
1497 4439 1639 4492 οὕτω
1672 4441 1766 4494 καὶ

193 4520 225 4585 ἡ
250 4519 347 4571 τοῦ
375 4521 692 4590 Πνεύματος
714 4525 806 4577 τοῦ
837 4527 992 4594 ἁγίου
1019 4528 1361 4598 ἐπιφοίτησις
1392 4531 1491 4582 οὐκ
1513 4533 1766 4600 ἠνέσχετο

195 4611 339 4682 ἄλλῳ
372 4615 551 4684 καιρῷ
582 4615 823 4684 δοθῆναι,
857 4618 889 4684 ἢ
925 4620 1047 4672 καθ’
1073 4621 1130 4673 ὃν
1158 4622 1346 4691 καιρὸν
1373 4622 1529 4692 ἐδόθη
1557 4624 1716 4694 νόμος
1741 4643 1754 4655 ο

196 4701 280 4772 ἵνα
307 4703 494 4776 δειχθῇ
531 4706 614 4760 ὅτι
650 4706 710 4759 τὸ
748 4707 971 4779 Πνεῦμα
1017 4710 1077 4764 τὺ
1109 4712 1264 4780 ἆγιον
1303 4713 1397 4767 καὶ
1427 4715 1548 4768 τότε
1576 4716 1764 4787 ἐνομο-

198 4793 411 4863 θέτησε,
461 4799 560 4853 καὶ
579 4798 677 4854 νῦν
695 4801 996 4871 νομοθετεῖ.
1047 4804 1234 4876 Ἐδόθη
1264 4807 1364 4876 μὲν
1392 4806 1484 4860 οὖν
1512 4809 1674 4878 νόμος
1707 4810 1764 4863 ἐν

197 4889 259 4957 τῇ
299 4888 514 4960 Παλαιᾷ
541 4892 684 4946 κατὰ
714 4893 814 4963 τὴν
847 4894 1057 4965 ἡμέραν
1083 4897 1182 4966 τὴν
1206 4904 1270 4960 ν’,
1311 4898 1450 4967 μετὰ
1480 4899 1535 4952 δέ
1581 4902 1642 4954 τὸ
1674 4894 1762 4955 ἐλ-

199 4978 306 5034 θεῖν
329 4983 526 5047 αὑτοὺς
569 4985 650 5047 εἰς
667 4985 767 5054 τὴν
790 4987 892 5056 γῆν
910 4988 1006 5057 τῆς
1029 4990 1384 5058 ἐπαγγελίας,
1405 4992 1560 5046 τοῦτο
1579 4987 1647 5064 ἦν
1667 4995 1766 5046 αύ-

199 5075 307 5138 τοῖς
323 5075 420 5145 τῆς
443 5076 634 5147 ἐορτῆς
659 5076 720 5128 σύ
729 5077 942 5146 μσολονο
972 5079 1224 5150 ἀπαρχῆς
1248 5081 1355 5135 τῶν
1384 5084 1518 5136 νέων
1538 5066 1766 5153 καρπῶν

202 5165 292 5218 καὶ
323 5168 653 5238 δραγμάτων
681 5169 816 5223 νέων
846 5170 1093 5241 σταχύων
1118 5174 1487 5242 προσεφέρετο
1507 5174 1596 5244 ’τῷ
1618 5173 1759 5244 Θεῷ.

201 5251 306 5322 Ἦν
327 5261 383 5313 δὲ
413 5265 588 5318 ἐκεῖνο
609 5264 875 5335 σύμϐολον
894 5265 1094 5335 ταύτης
1121 5269 1218 5338 τῆς
1239 5267 1452 5337 ἑορτῆς.
1471 5267 1623 5320 Ἐπεὶ
1655 5269 1764 5338 γὰρ
1814 5317 1822 5325 .

203 5351 256 5402 ἐν
289 5354 355 5419 τῇ
390 5354 574 5426 ἡμέρᾳ
602 5357 700 5427 τῆς
740 5357 1119 5427 Πεντηκοστῆς
1181 5359 1288 5411 τῶν
1343 5359 1480 5412 νέων
1537 5361 1766 5431 καρπῶν

204 5441 418 5534 δράγμα
465 5444 482 5474 ¹
517 5447 802 5534 συνὴγετο,
835 5449 928 5502 καὶ
961 5448 1064 5502 ὑπὸ
1099 5449 1228 5518 μίαν
1269 5449 1393 5518 ww
1437 5451 1765 5521 συνήρχοντο

205 5532 540 5606 δηρημὲνοι,
582 5532 774 5606 ἔμελλε
798 5539 864 5610 δὲ¹
882 5539 1021 5593 κατὰ
1045 5539 1141 5611 τὴν
1173 5541 1387 5612 ἡμέραν
1415 5542 1618 5610 ταύτην
1659 5543 1764 5594 ἀπὸ

1784 4572 1844 4635 .D

1864 1987 2006 2034 ctam
2027 1989 2077 2034 et
2103 1981 2410 2034 absolutam
2436 1995 2537 2036 nos
2556 1981 2818 2037 didicisse
2847 1980 3131 2038 Trinitatis
3155 1981 3431 2037 adoratio-

1865 2087 2010 2124 nem.
2046 2071 2284 2142 Spiritus
2308 2069 2626 2144 enimDeus
2674 2080 2760 2127 est
2790 2089 2805 2125 :
2837 2055 2904 2127 et
2961 2073 3256 2128 adorantes
3277 2073 3428 2126 illum

1866 2164 1920 2216 in
1954 2164 2162 2232 Spiritu
2187 2173 2241 2218 et
2265 2163 2494 2218 veritate
2517 2170 2743 2232 oportet
2781 2163 3034 2218 adorare.
3070 2163 3131 2217 In
3165 2163 3252 2218 die
3288 2163 3428 2218 Pen-

1869 2261 2100 2309 tecostes
2135 2269 2393 2310 accessus
2421 2255 2596 2310 sancti
2648 2253 2892 2324 Spiritus
2917 2255 3119 2310 accidit
3168 2256 3240 2310 ob
3289 2257 3430 2310 banc

1867 2361 2107 2400 causam.
2145 2344 2198 2398 ln
2229 2346 2314 2400 die
2345 2346 2716 2412 Pentecostes,
2758 2354 2816 2400 ut
2872 2346 3102 2400 habetur
3134 2346 3188 2400 in
3239 2346 3432 2421 Veteri

1869 2435 2241 2501 Tesmmento,
2276 2437 2360 2490 lex
2395 2437 2518 2490 data
2543 2444 2648 2490 est.
2682 2435 3062 2491 Conveniebat
3102 2436 3286 2507 igitur,
3322 2449 3432 2507 quo

1868 2526 1954 2579 die
1978 2525 2101 2578 data
2146 2534 2232 2579 est
2291 2526 2373 2578 lex
2419 2525 2474 2578 in
2524 2525 2732 2581 tabulis
2789 2525 3041 2595 lapideis,
3104 2526 3292 2583 eodem
3343 2527 3435 2585 die

1870 2616 2048 2670 sancti
2106 2614 2344 2684 Spiritus
2395 2614 2566 2685 legem
2624 2613 2994 2684 promulgarif,
3045 2627 3166 2682 quas
3223 2629 3332 2669 non
3377 2613 3434 2670 in

1871 2705 2067 2760 tabulis
2105 2704 2358 2774 lapideis,
2390 2705 2486 2759 sed
2517 2705 2570 2757 in
2607 2703 2884 2759 -cordibus
2934 2703 3216 2759 scribitur.
3254 2705 3314 2759 In
3346 2705 3437 2762 diu

1871 2795 2220 2849 Pentecostes
2248 2775 2479 2882 populus
2505 2795 2717 2863 accepit
2748 2794 2918 2864 legem
2947 2794 3002 2850 in
3028 2793 3246 2859 deserto
3277 2795 3434 2854 Sina.

1871 2886 2003 2940 Nam
2028 2887 2240 2942 decimo
2260 2883 2455 2992 qqarto
2487 2887 2573 2942 die
2597 2887 2753 2955 primi
2785 2888 3010 2952 mensis,
3059 2888 3216 2959 cujus
3245 2905 3437 2944 nume-

1871 2995 1964 3035 rus
1991 2979 2146 3050 juxta
2179 2979 2400 3035 cursum
2431 2980 2573 3033 luna:
2628 2979 2887 3044 inibatur,
2921 2981 3127 3050 egressi
3183 2989 3310 3034 sunt
3340 2979 3435 3036 lilii

1873 3072 2039 3126 Israel
2088 3087 2154 3126 ex
2185 3070 2454 3141 Egypto,
2508 3084 2632 3124 cum
2689 3068 3069 3124 infermentato
3141 3085 3280 3140 pane
3347 3068 3437 3127 usl

1877 3141 2082 3228 essent,
2117 3173 2171 3219 et
2202 3163 2518 3233 mysterium
2551 3161 2776 3217 Pascha:
2803 3161 3192 3217 eelebrasscnt.
3219 3163 3327 3232 2ο
3352 3161 3437 3218 Alt

1875 3254 2088 3308 decimo
2121 3260 2318 3322 quarto
2349 3252 2435 3306 die
2471 3266 2697 3308 numera
2749 3252 2956 3307 mensis
2990 3252 3432 3320 completionem,

1876 3346 1925 3399 id
1961 3353 2064 3408 est,
2095 3344 2212 3398 dies
2239 3342 2425 3399 decem
2460 3351 2513 3398 et
2541 3352 2780 3410 septem:
2817 3342 3044 3397 secundi
3079 3342 3284 3398 mensis
3314 3341 3434 3397 dies

1873 3437 2097 3506 triginta
2140 3454 2153 3489 :
2195 3435 2388 3490 deinde
2442 3434 2570 3487 treis
2627 3432 2832 3488 mensis
2885 3433 3050 3488 tertii.
3091 3432 3429 3489 Pentecoste

1874 3529 1960 3581 die
1989 3526 2121 3581 festo
2144 3541 2457 3597 azymorum
2488 3523 2730 3581 Pasch-J3.
2763 3527 2935 3594 Igitur
2954 3541 2982 3580 a
3007 3526 3218 3581 decimo
3238 3535 3436 3596 quarto

1876 3633 2050 3686 usque
2107 3618 2173 3671 ad
2223 3619 2443 3672 tertium
2485 3617 2628 3670 tertii
2688 3617 2936 3683 mensis,
2985 3616 3261 3673 exsistunt
3317 3617 3434 3693 dies

1873 3711 2287 3781 quinquaginta.
2323 3709 2530 3764 Idcirco
2578 3710 2756 3764 dicit:
2799 3709 2862 3762 Et
2897 3709 3098 3762 accidit
3145 3710 3198 3762 in
3250 3723 3435 3764 mense

1875 3802 2054 3868 tertio,
2087 3801 2325 3870 egressis
2357 3801 2464 3851 illis
2497 3814 2561 3853 ex
2592 3797 2849 3867 Egypto,
2891 3797 3026 3851 dixit
3072 3798 3331 3873 Dominus
3365 3798 3433 3853 ad

1873 3891 2100 3946 Mosen:
2161 3889 2476 3953 Descende,
2512 3888 2796 3944 sanetilica
2853 3889 3108 3958 p0pulum
3164 3889 3324 3945 ltodie
3379 3900 3434 3943 et

1874 3996 2030 4036 cras:
2086 3979 2152 4034 de
2202 3979 2483 4042 nqvilunio
2542 3979 2758 4034 illorum
2809 3979 2969 4034 dicit:
3008 3987 3060 4033 et
3111 3977 3199 4033 die
3250 3980 3432 4043 tertio,

1873 4073 2073 4143 inquit,
2121 4071 2677 4144 apparebitDominus
2707 4072 2762 4124 in
2802 4079 2986 4126 monte
3017 4071 3170 4126 Sina.
3204 4071 3432 4142 Oporte-

1875 4166 1965 4220 bat
1996 4166 2164 4237 igitur
2192 4180 2300 4234 quo
2333 4165 2422 4219 die
2451 4165 2573 4218 data
2605 4170 2690 4218 est
2715 4171 2871 4218 vetus
2902 4164 3008 4229 lex,
3054 4180 3118 4221 eo
3154 4166 3272 4220 dari
3305 4166 3431 4235 Spi-

1875 4259 2014 4313 ritus
2044 4273 2260 4328 quoque
2293 4258 2546 4325 gratiam.
2576 4255 3044 4323 Quemadmodum
3089 4258 3235 4310 enim
3267 4259 3430 4311 etiam

1877 4350 2137 4406 Servator
2163 4356 2416 4403 sanetum
2473 4349 2798 4419 supplicium
2838 4350 3150 4414 subiturus,
3180 4363 3288 4403 non
3323 4350 3433 4403 alio

1876 4449 2116 4508 tempore
2147 4439 2408 4493 sustinuit
2435 4453 2553 4492 sese
2580 4437 2778 4491 dedere
2804 4437 2869 4490 ad
2899 4437 3432 4508 supplicium,'quam

1873 4547 1980 4598 quo
2037 4539 2279 4600 tempore
2331 4528 2462 4582 anni
2525 4542 2698 4596 agnus
2755 4529 3160 4594 immolabatur,
3218 4539 3278 4585 ut
3328 4529 3433 4599 ipsi

1873 4622 2056 4690 ﬁgura:
2089 4619 2445 4688 coniungeret
2473 4620 2790 4675 veritatem:
2824 4620 2894 4674 ita
2932 4619 3169 4689 Spiritus
3213 4633 3435 4689 quoque

1872 4714 2047 4770 sancti
2078 4727 2337 4768 accessus
2384 4727 2492 4767 non
2533 4712 2637 4766 alia
2688 4719 3012 4782 tempestate
3061 4712 3179 4766 dari
3237 4711 3434 4775 voluit,

1873 4821 2032 4874 quam
2067 4818 2172 4873 qua
2197 4810 2519 4873 tempestate
2558 4803 2680 4856 data
2711 4809 2793 4854 est
2827 4802 2908 4854 lex
2936 4841 2950 4864 ,
3008 4808 3066 4852 ut
3092 4799 3429 4863 ostendatur.

1874 4897 2134 4968 Spiritum
2167 4905 2416 4951 sanctum
2443 4902 2495 4946 et
2543 4899 2670 4946 tunc
2711 4891 2882 4961 legem
2929 4893 3140 4958 tulisse,
3204 4904 3258 4948 et
3285 4910 3434 4951 nunc

1871 4989 2038 5058 legem
2071 4988 2232 5040 ferre.
2285 4988 2461 5056 Atque
2499 4987 2552 5039 in
2595 4983 2778 5040 Veteri
2811 4984 3033 5054 quidem
3086 4985 3435 5042 Testamento

1870 5080 1954 5134 lex
2010 5079 2138 5133 data
2195 5089 2278 5135 est
2320 5079 2408 5135 die
2464 5080 2949 5149 quinquagesimo:
3005 5079 3097 5134 sed
3147 5087 3432 5148 postquam

1871 5180 2140 5226 venerunt
2171 5173 2223 5226 in
2257 5180 2459 5226 terram
2485 5170 2831 5236 promissam,
2867 5170 2970 5225 boc
2996 5179 3114 5225 erat
3147 5169 3227 5223 eis
3267 5168 3434 5223 feria-o

1873 5279 1992 5319 rum
2026 5264 2263 5332 signum.
2301 5259 2374 5316 De
2411 5261 2668 5331 primitiis
2725 5276 2990 5317 novorum
3028 5260 3328 5326 fructuum,
3378 5271 3434 5316 et

1873 5356 1940 5411 de
1967 5354 2259 5423 manipulis
2283 5369 2544 5410 novarum
2577 5354 2850 5423 spicarum
2883 5351 2992 5407 Deo
3018 5353 3178 5408 [iebat
3206 5354 3428 5408 oblatio.

1875 5442 2206 5498 Eratautem
2256 5444 2388 5498 illud
2439 5445 2652 5513 signum
2713 5443 2874 5512 hujus
2932 5443 3040 5500 diei
3093 5443 3234 5498 festi.
3293 5441 3428 5519 Nam

1873 5537 2130 5605 quoniam
2187 5537 2241 5590 in
2302 5537 2390 5590 die
2441 5534 2789 5590 Pentecostes
2827 5549 3090 5609 novorum
3155 5533 3453 5604 fructuum.

1387 5699 1586 5759 Varia;
1611 5699 1912 5761 lectiones
1936 5705 1995 5758 et
2026 5701 2213 5756 notw.

279 5816 324 5850 "
352 5816 809 5891 συνεποδίστησαν
830 5829 964 5876 οῖσι.
1041 5823 1085 5854 ³³
1115 5821 1285 5877 Locus
1327 5830 1604 5888 corruptus
1639 5821 1764 5875 videt

1869 5830 1905 5874 et
1939 5817 2178 5894 mutilus.
2277 5815 2423 5882 '10.,
2461 5817 2770 5886 δράγματα.
