4056 6340
612 244 854 368 ιη’

1561 292 2138 377 ΤΗΕΟΡΗΥΕᾼΕΤΙ
2167 292 2576 355 BULGARL‘E
2603 296 2958 359 ARCHIEP.

3744 306 3843 370 532

545 456 549 458 -
615 396 882 483 manipuli
918 407 1274 479 cogebantur,
1304 415 1358 463 et
1386 406 1488 462 sub
1522 420 1694 462 unum
1721 416 2003 476 aspectum
2038 420 2172 461 con-

2287 408 2479 470 παντὸς
2514 408 2702 474 ἔθνους
2736 409 2846 464 τῶν
2889 412 2910 442 ¹
2948 411 3053 465 ύπδ
3089 412 3178 466 τὸν
3210 413 3434 482 οὐρανὸν
3470 414 3535 468 ἐκ
3581 416 3844 486 διαφόρων

616 504 909 561 veniebant
937 500 1097 557 divisi
1129 508 1307 571 atque
1346 497 1574 565 diversi,
1618 498 1974 568 futurumque
2026 505 2176 565 erat,

615 608 671 652 ut
712 598 816 652 hoc
847 595 937 671 die
959 609 1024 650 ex
1059 594 1211 648 omni
1241 593 1460 648 natione
1515 591 1859 649 diversarum
1914 591 2177 663 gentium,

613 703 738 759 qua
766 686 872 741 sub
892 685 1034 742 cutio
1065 680 1214 750 sunt,
1241 685 1296 739 in
1345 698 1512 739 unum
1561 684 1904 754 manipulum
1960 683 2210 754 pietatis,

619 788 924 836 conventus
964 778 1140 844 ﬁeret,
1177 776 1272 848 qui
1313 793 1410 849 per
1461 776 1818 848 apostolicam
1872 777 2178 833 orationem

617 873 728 929 Deo
750 872 1076 928 oﬂerretur:
1103 871 1399 943 profuturi
1431 869 1602 940 ﬁgura
1651 870 1891 926 instituit
1929 870 2179 939 manipu-

616 969 730 1020 tum
764 965 1062 1035 spicarum,
1095 971 1155 1017 ut
1202 963 1650 1033 prmsigniiicarct
1699 961 2007 1031 manipulos
2059 961 2179 1016 ani-

614 1072 851 1122 marum,
881 1071 1001 1127 quae
1022 1071 1088 1112 ex
1137 1055 1367 1111 diversis
1396 1057 1614 1126 quidem
1643 1056 1960 1126 regionibus
1990 1051 2195 1111 sume?

612 1159 822 1214 rentur,
875 1164 984 1204 una
1029 1156 1211 1203 autem
1270 1147 1323 1202 in
1351 1148 1622 1218 primitias
1667 1146 1776 1203 Deo
1830 1143 2178 1204 offerrentur.

609 1239 790 1306 Quare
846 1252 956 1293 non
999 1238 1119 1294 sine
1160 1237 1351 1308 signis,
1386 1253 1509 1308 qua
1555 1252 1716 1293 sensu
1772 1239 2175 1310 percipiuntur,

611 1331 851 1402 Spiritus
881 1332 1082 1387 accidit
1105 1346 1364 1388 accessus
1383 1330 1411 1387 τ
1436 1331 1587 1402 quia,
1613 1334 1660 1388 si
1705 1332 1808 1390 hoc
1841 1333 2007 1389 etiam
2037 1325 2179 1388 facto

609 1421 887 1488 dicebant,
917 1422 1055 1479 Vino
1085 1423 1278 1493 repleti
1332 1431 1500 1478 sunt:
1560 1425 1607 1479 si
1665 1424 1770 1482 huc
1812 1423 2019 1479 factum
2071 1440 2182 1480 non

584 1514 935 1584 .esset,’quid
959 1528 1065 1568 non
1098 1513 1405 1569 dixissent?
1456 1511 1573 1569 Non
1625 1514 1948 1585 simpliciter
1993 1521 2177 1587 autem

611 1604 830 1659 sonitus
887 1603 1075 1685 iactus
1132 1615 1252 1672 est,
1317 1606 1411 1661 sed
1465 1606 1531 1662 de
1587 1607 1751 1674 cwlo,
1797 1615 1962 1678 atque
2012 1608 2177 1663 etiam

611 1698 970 1766 repentinus,
1036 1713 1149 1769 quo
1204 1699 1379 1768 magis
1431 1701 1847 1764 excitarentur.
1919 1708 2178 1772 tanquam

2282 499 2452 554 ἐθνῶν
2495 503 2577 566 εἰς
2620 501 2678 556 ἓν
2718 502 2940 573 δράγμα
2970 504 3250 569 εὐσεϐείας
3303 505 3658 577 συνέρχεσθαι
3683 523 3698 538 ·
3756 512 3846 561 καὶ

2281 591 2370 646 διὰ
2397 593 2492 646 τοῦ
2515 595 2875 673 άποστολικοῦ
2895 597 3054 666 λόγου
3075 597 3154 668 τῷ
3172 596 3293 669 Θεῷ
3333 599 3779 669 προσαγαγέσθαι
3803 602 3843 662 ⁸,

2282 687 2637 758 προετύπωσε
2665 686 2726 740 τὸ
2759 686 2981 761 δράγμα
3019 689 3128 742 τῶν
3161 688 3448 760 ἀσταχύων
3479 706 3494 722 ·
3530 692 3615 745 ἵνα
3646 707 3847 762 προερ·

2284 776 2530 849 μηνεύσῃ
2558 777 2625 830 τὰ
2649 776 2942 849 δράγματα
2969 778 3079 833 τῶν
3103 778 3317 851 ψυχῶν,
3348 780 3457 834 τῶν
3485 781 3549 834 ἐκ
3578 781 3848 852 διαφόρων

2285 869 2384 940 μὲν
2413 871 2606 942 χωρῶν
2647 871 3162 942 ὲκλαμϐανομένων,
3215 872 3296 938 εἰς
3342 873 3470 944 μίαν
3507 873 3566 926 δὲ
3595 874 3849 945 άπαρχην

2244 1021 2248 1024 ξ
2283 964 2531 1034 σταχύων
2571 963 2662 1040 ’τῷ
2712 963 2834 1034 Θεῷ
2860 963 3310 1040 προσαγομένων.
3349 965 3447 1019 Διὰ
3487 964 3540 1018 τί
3578 965 3655 1036 μὴ
3685 952 3866 1035 χωρὶς

2285 1055 2568 1126 συμϐόλων
2614 1055 2887 1126 αἰσθητῶν
2927 1057 2966 1127 ἡ
2990 1054 3085 1110 τοῦ
3115 1055 3432 1127 Πνεύματος
3469 1055 3694 1126 γέγονεν
3735 1058 3852 1108 ἐπι-

2284 1149 2574 1219 φοίτησις;
2623 1149 2768 1214 Ὅτι,
2804 1147 2853 1203 εἰ
2908 1149 3004 1202 καί.
3049 1147 3240 1202 τούτου
3300 1148 3593 1219 γενομένου
3646 1147 3852 1215 ελεγον,

2282 1240 2365 1293 ὅτι
2415 1239 2684 1302 Γλεύκους
2735 1238 3150 1312 μεμεστωμένοι
3204 1240 3385 1293 εἰσίν⁹
3441 1240 3492 1292 εἰ
3556 1240 3632 1308 μὴ
3696 1239 3854 1291 τοῦτο

2283 1332 2526 1403 ἐγένετο,
2550 1333 2604 1387 τί
2627 1333 2728 1386 οὐκ
2754 1331 2821 1386 ἂν
2855 1328 3007 1385 εἷπον
3039 1349 3055 1398 ;
3093 1331 3207 1402 Οὐχ
3241 1329 3427 1392 ἁπλῶς
3448 1329 3505 1383 δὲ
3536 1324 3670 1400 ἦχος
3699 1329 3855 1396 γέγο-

2234 1498 2238 1503 ,
2285 1443 2396 1490 νεν,
2430 1423 2547 1478 ἀλλ’
2584 1426 2650 1478 ἐκ
2689 1421 2785 1488 τοῦ
2821 1421 3078 1495 ούρανοῦ,
3116 1423 3213 1477 καὶ
3256 1421 3318 1476 τὸ
3354 1412 3619 1499 ,αἰφνίδιον
3657 1420 3739 1484 δὲ,
3779 1421 3858 1481 εἰς

2283 1516 2344 1570 τὸ
2397 1515 2601 1587 μᾶλλον
2634 1507 2985 1586 διαναστῆναι
3025 1513 3263 1580 αὐτοὺς,
3313 1514 3505 1584 ὥσπερ
3549 1509 3860 1583 φερομένης

2284 1609 2453 1678 πνοῆς
2490 1608 2690 1679 βιαίας.
2731 1607 2942 1679 Πολλὴν
2971 1608 3067 1662 καὶ
3101 1606 3339 1679 σφοδρὰν
3365 1605 3466 1675 τὴν
3487 1604 3678 1678 ῥύμην
3711 1603 3860 1670 λέγει

2283 1700 2378 1754 τοῦ
2408 1700 2731 1771 Πνεύματος
2753 1717 2767 1734 ο
2812 1701 2907 1755 καὶ
2955 1701 3164 1764 πάντας
3198 1700 3376 1753 ἐκεῖσε
3407 1697 3737 1769 συνδραμεῖν
3767 1696 3862 1748 καὶ

613 1791 828 1845 ruentis
858 1797 912 1844 et
951 1789 1259 1861 ingruentis
1313 1789 1477 1847 ﬂatus
1505 1791 1756 1847 violenti.
1817 1791 2071 1863 Magnum
2125 1793 2181 1848 et

2287 1788 2845 1860 συνελθεῖν’ὲποίησε.
2894 1788 3006 1844 Kal
3049 1789 3372 1861 ἐπλήρωσεν
3401 1787 3521 1843 ὅλον
3560 1789 3650 1841 τὸν
3692 1783 3860 1840 οἷκον.

613 1880 990 1935 vehementem
1025 1882 1287 1952 impetum
1325 1870 1566 1954 spiritus
1590 1883 1759 1938 dicit:
1790 1885 1884 1954 qui
1914 1882 2100 1951 eﬂicit,
2125 1891 2184 1939 ut

613 1987 815 2027 omnes
837 1973 931 2027 illo
956 1984 1347 2028 concurrerent
1375 1982 1436 2030 et
1474 1976 1856 2031 convenirent.
1903 1976 1970 2030 Et
2004 1977 2186 2046 reple-

614 2062 716 2126 vit,
741 2070 850 2118 etc.
885 2060 1078 2116 Totam
1108 2063 1330 2118 domum
1374 2063 1644 2134 replebat,
1696 2075 1756 2120 ut
1798 2065 2185 2124 ostenderetur

615 2154 820 2210 donum
854 2170 963 2210 non
993 2156 1320 2227 quibusdam
1376 2158 1782 2228 particulariter
1832 2174 1897 2215 ac
1926 2161 2185 2232 speciali-

614 2254 720 2315 ter,
755 2247 852 2304 sed
881 2250 979 2303 toti
1010 2250 1225 2320 corpori
1273 2248 1533 2306 Ecclesiae
1558 2251 1747 2306 datum
1788 2266 1931 2327 esse.
1980 2252 2185 2310 Domus

611 2339 764 2394 enim
800 2339 988 2394 mundi
1028 2341 1243 2409 signum
1295 2352 1434 2410 erat,
1484 2344 1942 2414 quemadmodum
1969 2345 2183 2402 'etiam

615 2427 826 2497 piscina
855 2429 956 2483 fuit
1012 2443 1192 2499 aqua},
1219 2430 1324 2486 hoc
1373 2442 1552 2488 autem
1583 2432 1879 2489 aﬂluentite
1922 2443 1976 2490 et
2027 2435 2187 2491 vehe-

617 2520 838 2576 mentiaa
862 2521 1102 2589 signum.
1131 2520 1248 2576 Non
1277 2523 1419 2592 ignis
1442 2531 1622 2578 autem
1649 2524 1874 2579 domum
1930 2525 2185 2595 replevit.

615 2609 760 2667 Metu
800 2626 1035 2682 namque
1081 2613 1362 2682 perculsos
1391 2612 1657 2684 fugasset.
1686 2612 1815 2680 Sed,
1839 2614 1984 2685 quod
2015 2615 2186 2669 mira-

617 2701 792 2758 bilius
840 2710 948 2769 est,
1003 2703 1136 2772 ipsae
1189 2704 1391 2775 linguae
1450 2705 1686 2762 dividua:
1715 2707 1768 2773 ιι,
1849 2719 1972 2778 quae
2021 2723 2187 2778 super
2231 2733 2234 2735 λ

618 2805 1065 2861 unumquemque
1104 2793 1494 2848 consederunt.
1539 2794 1776 2852 Pulchre
1823 2808 2007 2854 autem
2032 2798 2184 2866 dicit,

618 2881 948 2954 dispertita,
975 2883 1080 2952 21
1118 2891 1176 2938 ut
1208 2885 1374 2950 scias,
1399 2871 1645 2940 eamdem
1663 2901 1796 2943 esse
1818 2888 2184 2955 eﬂicientiam,

617 2989 798 3045 quas
851 2975 1136 3031 Paracteto
1183 2977 1352 3032 missa
1408 2984 1512 3032 est.
1561 2976 1796 3034 Pulchre
1844 2996 1976 3036 sane
2031 2980 2187 3046 dicit,

615 3065 778 3136 quasi
824 3066 1017 3136 igneae,
1070 3074 1143 3141 et,
1175 3075 1434 3137 tauquam
1494 3066 1682 3135 ﬂatus,
1724 3083 1794 3123 ne
1838 3069 1990 3139 quid,
2039 3069 2184 3140 quod

616 3171 780 3212 sensu
812 3158 1016 3229 percipi
1049 3159 1246 3228 possit,
1281 3158 1349 3213 de
1379 3157 1588 3230 Spiritu
1639 3161 1849 3231 cogites
1905 3171 1960 3217 et
1990 3161 2186 3238 imagi-

614 3249 788 3306 neris.
849 3248 966 3304 Non
1024 3249 1189 3319 igitur
1245 3251 1568 3322 simpliciter
1625 3263 1821 3310 ventus
1891 3263 2041 3321 erat,
2091 3265 2189 3311 aut

615 3343 782 3412 ignis,
826 3343 922 3399 sed
953 3341 1190 3414 Spiritus
1244 3352 1491 3410 sanctus,
1553 3345 1645 3415 qui
1699 3346 2183 3418 illicla-pparebat.

613 3433 752 3489 Vide
783 3444 995 3499 autem,
1029 3432 1174 3504 quod
1203 3433 1422 3503 quando
1458 3433 1658 3490 Joanni
1688 3439 1907 3506 quidem
1971 3451 2188 3510 oporte-

615 3527 713 3582 bat
771 3512 1036 3595 Spiritum
1103 3534 1291 3582 notum
1325 3525 1464 3592 ﬁeri,
1511 3529 1876 3600 conveniebat
1927 3540 2186 3603 tanquam

618 3620 822 3690 ignem.
853 3618 1220 3689 Conseditque
1270 3634 1433 3690 super
1478 3636 1924 3692 unumquemque
1973 3640 2184 3679 eorum.

621 3709 683 3764 Id
709 3715 824 3774 est,
850 3708 1056 3763 mansit
1079 3709 1223 3777 apud
1247 3710 1391 3777 illos,
1425 3718 1482 3774 et
1509 3711 1776 3780 requievit
1821 3727 1989 3784 super
2042 3714 2186 3773 illos.

621 3802 830 3857 Sedere
855 3799 1002 3855 enim
1029 3798 1348 3854 stabilitatis
1399 3810 1454 3857 et
1516 3805 1772 3859 manendi
1832 3805 2187 3876 signiﬁcatio-

618 3909 745 3952 nem
802 3893 991 3950 habet.
1040 3889 1224 3962 Super
1280 3907 1421 3961 quos
1472 3902 1654 3949 autem
1712 3894 1953 3967 Spiritus
2009 3901 2188 3955 sedit?

621 3988 799 4060 Super
827 3987 1116 4045 duodecim
1149 3984 1428 4063 apostolos
1460 3985 1748 4054 duntaxat,
1785 4005 1854 4045 an
1883 4009 2048 4063 super
2069 3995 2187 4052 illos

621 4093 838 4136 centum
870 4079 1104 4152 viginti?
1138 4054 1390 4136 videlicet
1419 4092 1583 4148 super
1627 4093 1836 4136 omnes.
1882 4054 1999 4139 Non
2043 4087 2188 4141 enim

624 4171 952 4241 simpliciter
981 4189 1044 4226 ac
1075 4184 1282 4228 temere
1305 4172 1503 4228 Petrus
1533 4171 1874 4242 prophetam
1911 4177 2188 4246 produxit,

622 4276 751 4316 cum
783 4260 1026 4317 diceret:
1053 4247 1119 4317 Et
1141 4263 1244 4318 erit
1274 4262 1331 4317 in
1351 4261 1615 4319 extremis
1655 4261 1881 4327 diebus,
1918 4262 2190 4320 effundam

621 4353 692 4409 de
724 4349 934 4422 Spiritu
969 4369 1089 4407 meo
1116 4370 1279 4422 super
1299 4369 1518 4412 omnem
1545 4369 1788 4411 carnem.
1820 4353 1887 4409 Et
1913 4369 2022 4410 non
2061 4357 2191 4413 sim-

2289 1880 2392 1936 Τὸν
2422 1876 2571 1936 οἶκον
2604 1882 2726 1936 ὅλον
2755 1881 3019 1953 ἐπλήρου,
3041 1881 3109 1936 ἵν’
3139 1884 3172 1952 ἡ
3195 1881 3374 1952 δωρεὰ
3393 1881 3647 1952 δεδομένη
3673 1879 3860 1949 δειχθῇ

2289 1973 2365 2045 μὴ
2401 1974 2642 2044 μερικῶς
2680 1974 2944 2037 τίςέστιν
2987 1974 3013 2005 δ
3036 2015 3051 2040 ,
3087 1972 3203 2028 ἀλλ’
3237 1973 3344 2044 ὅλῳ
3378 1971 3457 2044 τῷ
3484 1973 3583 2043 τῆς
3629 1969 3865 2038 Ἐκκληο

2288 2065 2409 2129 σίας
2446 2066 2800 2138 πληρώματι.
2827 2065 2893 2118 Ἦ
2924 2065 3070 2119 οἰκία
3089 2065 3199 2137 γὰρ
3221 2064 3317 2119 τοῦ
3346 2064 3551 2135 κόσμου
3591 2061 3864 2133 σύμϐολον

2284 2153 2374 2231 ἦν,
2391 2158 2644 2228 καθάπερ
2662 2157 2772 2228 γὰρ
2803 2159 2824 2190 ⁵
2855 2157 3212 2229 κολυμϐήθρα
3241 2156 3465 2227 γέγονεν
3500 2155 3694 2218 ὓδατος
3720 2170 3735 2185 ο
3769 2153 3865 2222 τῆς

2284 2251 2565 2321 δαψιλείας
2599 2250 2655 2304 δὲ
2670 2248 2830 2304 τοῦτο
2845 2252 3145 2321 τεκμήριον
3162 2255 3254 2304 καὶ
3269 2250 3368 2318 τῆς
3386 2247 3769 2320 σφοδρότητος.
3791 2245 3862 2298 Οὐ

2285 2338 2347 2393 τὸ
2381 2338 2491 2408 πῦρ
2517 2338 2575 2392 δὲ
2619 2337 2712 2392 τὸν
2733 2333 2881 2391 οἷκον
2929 2339 3249 2410 ἐπλήρωσεν
3271 2354 3283 2368 ·
3327 2337 3583 2408 ἐξέστησε
3624 2337 3735 2406 γὰρ
3764 2338 3828 2389 ἂν
3847 2352 3862 2367 ’

2287 2432 2425 2498 ἀλλ’,
2457 2433 2486 2488 ὃ
2506 2449 2558 2485 τι
2585 2424 3038 2503 θαυμασιώτερον
3058 2473 3074 2498 ,
3100 2431 3163 2484 τὸ
3189 2430 3612 2502 διαμερισθῆναι
3652 2431 3751 2483 καὶ
3781 2427 3864 2496 ἐφ’

2287 2526 2382 2579 ἕνα
2416 2525 2646 2588 ἕκαστον
2680 2524 2860 2581 αὐτῶν
2890 2524 3229 2580 ἐπικαθίσαι.
3258 2524 3527 2588 Καλῶςδέ
3560 2540 3717 2595 φησι,
3755 2523 3868 2576 62a-

2293 2616 2724 2687 μεμερισμέναιο
2785 2617 2874 2670 ἵνα
2945 2616 3143 2689 μάθῃς,
3206 2617 3290 2671 δτι
3345 2616 3600 2688 ἐνέργειά
3644 2615 3865 2683 ἐστινή

2289 2709 2571 2780 αὑτὴίάπὺ
2620 2708 2716 2762 τοῦ
2758 2707 3120 2781 Παρακλὴτου
3160 2707 3495 2778 πεμφθεῖσα.
3531 2707 3731 2769 Καλῶς
3773 2705 3867 2759 οῦν

2289 2815 2444 2871 φησι,
2505 2799 2639 2854 ώσεί
2671 2799 2879 2871 πυρός·
2938 2797 3035 2850 καὶ
3075 2790 3328 2868 καθάπερ
3373 2795 3580 2866 πνοῆς·
3647 2796 3739 2850 ἵνα
3793 2793 3866 2864 μὴ

2291 2891 2549 2962 αἰσθητόν
2605 2908 2658 2944 τι
2710 2891 2841 2962 περὶ
2871 2890 2967 2942 τοῦ
2999 2888 3321 2961 Πνεύματος
3358 2887 3726 2959 νοήσῃς.νοὑκ
3759 2889 3870 2957 ἄρα

2291 2984 2477 3047 ἁπλῶς
2505 2983 2702 3053 ἄνεμος
2720 2978 2810 3053 ἦν,
2833 2981 2956 3034 οὐδὲ
2985 2980 3096 3051 πῦρ
3121 3020 3135 3046 ,
3164 2979 3303 3034 ἀλλὰ
3346 2978 3408 3032 τὸ
3460 2979 3619 3068 ἆγιὲ
3641 2976 3871 3068 Πνεῦμα

2291 3075 2526 3129 ἐνταῦθα
2548 3073 2985 3143 ἐπιφαινόμενον.
3007 3072 3279 3126 summa
3299 3073 3381 3126 ὅτι
3402 3071 3489 3124 ὅτε
3513 3066 3611 3140 μὲν
3644 3066 3870 3138 Ἰωάννῃ

2295 3168 2402 3222 ἔδει
2445 3169 2465 3199 ⁸
2492 3167 2552 3219 τὸ
2589 3164 2815 3234 Πνεῦμα
2844 3163 3244 3235 γνωρισθῆναι,
3281 3163 3471 3233 ἐχρῆν,
3502 3161 3638 3214 ὡσεί
3669 3159 3783 3230 πῦρ
3826 3159 3869 3212 ⁷.

2307 3260 2558 3317 Ἐκάθισέ
2579 3277 2637 3312 τε
2675 3257 2762 3327 ἐφ’
2785 3257 2882 3311 ἕνα
2897 3256 3135 3310 ἕκαστον
3153 3253 3354 3309 αύτῶνί
3385 3253 3647 3308 Τουτέστι
3668 3267 3684 3282 ·
3721 3268 3868 3321 παρ-

2295 3333 2531 3425 έμεινεν,
2563 3350 2999 3404 ἐπανεπαύσατο.
3037 3347 3111 3402 Τὸ
3141 3348 3249 3418 γὰρ
3277 3345 3499 3402 καθίσαι
3526 3343 3623 3398 τοῦ
3653 3342 3871 3414 ἐδραίου

2298 3444 2632 3519 σημαντικὸν
2684 3445 2778 3497 καὶ
2835 3442 2930 3495 τοῦ
2969 3443 3172 3511 μεῖναι.
3219 3439 3343 3493 Ἐπὶ
3385 3439 3540 3503 τίνας
3565 3437 3624 3492 δέ
3648 3437 3871 3493 ἐκάθισε

2294 3543 2356 3595 τὸ
2390 3537 2634 3609 Πνεῦμα,
2667 3537 2763 3591 ἐπὶ
2816 3535 2943 3599 τοὺς
2988 3532 3055 3604 ιβ’
3100 3526 3304 3605 μόνον,
3331 3532 3367 3602 ἢ
3435 3533 3529 3586 ἐπὶ
3572 3532 3702 3596 τοὺς
3751 3527 3870 3601 ρκ’;

2297 3633 2548 3705 Δηλονὸτι
2588 3632 2680 3682 ἐπὶ
2707 3629 2937 3691 πάντας.
2969 3628 3045 3681 Οὐ
3093 3629 3200 3698 γὰρ
3238 3627 3304 3684 ἂν
3355 3624 3544 3689 ἁπλῶς
3574 3624 3873 3695 παρήγαγε

2295 3725 2395 3777 τὸν.
2424 3721 2708 3794 προφήτην
2754 3720 2781 3771 ό
2821 3719 3026 3788 Πέτρος
3081 3718 3252 3784 λέγων
3279 3733 3292 3749 ο
3327 3718 3436 3769 Καὶ
3464 3716 3616 3771 ἔσται
3651 3718 3710 3769 ἐν
3747 3716 3874 3777 ταῖς

2297 3814 2552 3886 ἐσχάταις
2583 3797 2856 3883 ἡμέραις,
2889 3807 3065 3878 ἐκχεῶ
3097 3805 3208 3860 ἀπὸ
3261 3805 3353 3859 τοῦ
3403 3803 3726 3874 Πνεύματός
3767 3819 3872 3873 μου

2298 3909 2388 3962 ἐπὶ
2446 3907 2626 3960 πᾶσαν
2680 3903 2890 3974 capita:
2941 3899 3050 3953 Καὶ
3081 3896 3204 3969 ὀὑχ
3252 3897 3440 3960 ἁπλῶς
3477 3896 3669 3951 ἔλαϐον
3694 3936 3710 3961 ,
3754 3894 3873 3950 ἀλλ’

2298 4000 2648 4070 ἐπλήσθησαν
2668 4014 2682 4029 ο
2722 3997 2816 4050 καὶ
2846 3993 3106 4056 ἅπαντες,
3132 3978 3310 4060 φησιν
3331 4008 3346 4023 ο
3369 3991 3469 4061 οὐχ
3501 3989 3552 4043 οἰ
3583 3987 3872 4043 ἀπόστολοι

2302 4093 2485 4164 μόνον.
2511 4091 2712 4143 Σκόπει
2733 4088 2964 4153 δὲ,·ὃταν
2991 4077 3446 4166 προσιὼρτερῶσι
3478 4085 3544 4153 τῇ
3589 4084 3870 4153 προσευχῇ

2299 4189 2394 4242 καὶ
2416 4189 2482 4259 τῇ
2512 4186 2724 4254 δεήσει,
2749 4185 2877 4239 ὅταν
2899 4174 3120 4253 ἀγάπην
3147 4179 3332 4252 ἔχωσι,
3384 4177 3509 4233 τότε
3542 4177 3605 4230 τὸ
3649 4175 3876 4245 Πνεῦμα

2301 4279 2683 4350 παραγίνεται.
2709 4275 2808 4329 Διὰ
2843 4275 2896 4341 τί
2946 4271 3022 4327 δὲ’
3049 4275 3109 4327 ἐν
3158 4272 3291 4327 εἴδει.
3332 4271 3506 4343 πυρὸς
3535 4269 3728 4341 ὤφθης
3756 4270 3876 4322 Ἰνα

2299 4368 2446 4442 δείξῃ
2468 4412 2480 4431 ,
2508 4369 2590 4424 ὅτι
2619 4371 2717 4438 τῆς
2745 4366 2913 4437 αὐτῆς
2945 4365 3094 4420 ἐστιν
3122 4364 3310 4438 οὐσίας
3329 4363 3426 4416 τοῦ
3449 4361 3706 4432 ὀφθέντος
3733 4361 3758 4394 ⁸
3783 4361 3876 4414 ἐπὶ

621 4447 842 4519 pliciter
869 4451 1240 4516 acceperunt,
1271 4446 1367 4500 sed
1398 4447 1590 4517 repleti
1645 4457 1793 4504 sunt.
1841 4447 1930 4514 Et,
1979 4463 2192 4514 omnes,
2227 4474 2271 4532 ο
2298 4461 2396 4531 τῆς
2438 4461 2600 4530 βάτου
2634 4461 2692 4512 ὲν
2726 4460 2855 4513 εῖδει
2880 4458 3069 4530 πυρός,
3109 4455 3220 4511 Καὶ
3264 4453 3489 4510 ἐκάθισε
3523 4453 3623 4524 μὲν
3653 4453 3748 4507 ἐπὶ
3775 4453 3877 4525 τὴν

623 4538 824 4611 inquit,
889 4552 999 4593 non
1054 4536 1286 4606 apostoli
1314 4537 1438 4591 soli.
1506 4537 1750 4595 Observa
1792 4549 2185 4608 autem:,cum

2299 4551 2562 4620 κεφαλὴν,
2585 4551 2693 4604 ἀπὸ
2731 4549 2789 4602 δὲ
2821 4551 2919 4620 τῆς
2947 4548 3189 4618 κεφαλῆς
3209 4545 3503 4618 ἐπληρώθη
3535 4547 3564 4598 ὁ
3587 4546 3879 4618 ἄνθρωπος

621 4631 1004 4688 incumberent
1029 4628 1265 4685 orationi
1287 4641 1352 4682 ac
1377 4627 1711 4698 precationi:
1741 4647 1867 4688 cum
1900 4634 2185 4692 dilectione

2298 4620 2452 4706 ὅλοςι
2493 4636 2562 4710 ἦν
2580 4640 2689 4710 γὰρ
2719 4641 2851 4693 ἰδεῖν
2882 4641 3021 4710 ὑπὲρ
3048 4640 3148 4708 τῆς
3175 4637 3415 4709 κεφαλῆς
3435 4637 3614 4692 αὐτῶν
3646 4636 3784 4707 πῦρ,
3814 4637 3876 4690 οὗ

621 4721 835 4794 praediti
860 4730 1078 4777 essent:
1115 4730 1246 4774 tunc
1272 4718 1509 4790 Spiritus
1539 4720 1771 4775 accedit.
1831 4721 1938 4781 Sed
1997 4743 2098 4781 cur
2132 4728 2185 4782 in

2300 4737 2474 4803 καῖον,
2507 4730 2630 4786 ἀλλ’Δ
2657 4714 3017 4799 όιγιάζονκαί⁹
3068 4727 3450 4798 καταλάμπον.
3482 4728 3583 4780 Διά
3602 4727 3658 4779 τί
3682 4727 3741 4780 δὲ
3778 4728 3880 4787 τὰς

627 4810 816 4882 specie
837 4811 980 4881 ignis
1031 4811 1319 4882 apparuit?
1365 4810 1438 4867 Ut
1481 4810 1798 4868 ostenderet
1846 4829 1906 4870 se
1948 4817 2185 4886 ejusdem

2290 4826 2554 4896 ,γλώσσας
2583 4823 2687 4876 οὐκ
2720 4821 2814 4877 ἐπὶ
2846 4820 2942 4874 τοῦ
2986 4821 3275 4891 στόματος,
3305 4820 3424 4874 ἀλλ’
3457 4818 3552 4873 ἐπὶ
3577 4821 3680 4889 τῆς
3708 4836 3880 4888 κεφα-

621 4919 749 4962 esse
774 4913 982 4957 natura:
1023 4917 1148 4972 cum
1178 4904 1294 4968 illo,
1333 4904 1426 4974 qui
1459 4919 1627 4976 super
1679 4905 1874 4963 rubum
1913 4909 2066 4964 visus
2114 4921 2185 4966 est

2301 4920 2399 4989 λῆς
2437 4918 2720 4985 ὲδέξαντο;
2756 4915 2872 4968 Οὐκ
2906 4913 2985 4978 εἰς
3017 4913 3116 4985 τὴν
3166 4913 3440 4984 γλῶσσαν,
3484 4912 3766 4968 τουτέστιν
3797 4914 3878 4978 εἰς

622 5001 679 5055 in
709 4997 893 5069 spwie
915 4995 1077 5069 ignis.
1099 4995 1179 5048 Ac
1207 4997 1346 5049 sedit
1369 4995 1584 5064 quidem
1610 5014 1775 5068 super
1797 5009 1983 5090 caput?
2003 5017 2185 5057 verum

2302 5009 2367 5061 τὸ
2389 5010 2491 5078 τῆς
2519 5009 2736 5078 φύσεως
2766 5006 3001 5078 δργανον
3031 5003 3186 5075 ἐδόθη
3210 5004 3272 5058 τὸ
3292 5003 3520 5075 Πνεῦμα
3537 5020 3551 5032 ·
3573 5002 3662 5056 ἵνα
3686 5003 3763 5074 μὴ
3793 5020 3880 5056 νο-

622 5101 779 5150 totus
815 5092 978 5149 homo
1041 5088 1284 5160 repletus
1316 5096 1420 5143 est.
1483 5087 1778 5147 Videbatur
1823 5087 1971 5149 enim
2030 5110 2185 5166 supet

2305 5099 2572 5169 μισθῶσιν
2603 5103 2668 5155 ἐκ
2729 5099 2845 5158 τῶν,
2883 5097 3030 5153 ἰδίων
3093 5095 3336 5166 λαγόνων
3375 5095 3472 5150 καὶ
3502 5095 3568 5147 ἐκ
3599 5090 3707 5147 ’τοῦ
3745 5093 3878 5148 ἰδίου

626 5194 795 5257 caput
822 5186 1043 5242 illorum
1074 5183 1242 5255 ignis,
1267 5196 1374 5237 non
1416 5181 1769 5248 comburens,
1818 5187 1912 5240 sed
1945 5189 2185 5242 sancti“.

2299 5193 2566 5264 στόματος
2604 5174 2902 5265 προφέρειν
2955 5192 2992 5248 ἃ
3049 5191 3125 5264 μὴ
3171 5185 3317 5261 εἶχον
3342 5204 3357 5220 ⁸
3401 5187 3515 5242 ἀλλ’
3575 5184 3766 5259 ὥσπερ
3801 5188 3880 5252 εἰς

1813 5304 2015 5364 Varia:
2056 5304 2365 5372 lectiones
2395 5317 2455 5370 et
2485 5318 2679 5373 notae.

725 5413 1061 5479 ᾔτηνηρταῖ.
1140 5420 1164 5443 ⁸
1193 5404 1641 5479 προσαγαγέσθαι
1668 5415 1805 5469 erat,
1853 5404 1902 5479 _‘
1936 5405 2048 5479 20.,
2078 5407 2185 5479 τισί

2319 5410 2338 5438 ⁵
2366 5408 2476 5472 ἴση,
2504 5411 2620 5464 καί.
2699 5413 2719 5442 ⁸
2747 5413 2831 5464 la.
2867 5421 2997 5465 ειόε.
3078 5413 3096 5441 ⁷
3124 5410 3292 5462 Locus
3321 5407 3471 5469 valde
3517 5414 3800 5479 corruptus
3826 5410 3876 5455 et

626 5476 865 5550 melius.
890 5476 1004 5531 Hoc
1025 5475 1309 5550 enimrvclle
1324 5475 1498 5532 dicere
1528 5476 1763 5532 videtur:
1793 5495 1814 5550 ι
1841 5475 2063 5541 Quando
2090 5475 2322 5550 Joannes
2349 5479 2558 5550 quidem
2586 5479 2717 5534 vidit
2748 5480 3049 5550 Spiritum,
3087 5481 3215 5550 uidit
3249 5490 3499 5550 tanquam
3537 5476 3876 5550 εοίιιςιιίζαιιιε

627 5545 880 5613 apostolis
912 5557 1086 5601 autem
1118 5549 1268 5605 illum
1314 5564 1569 5618 apparere
1598 5549 1869 5616 oportebat
1905 5550 1956 5602 in
1988 5549 2153 5616 specie

627 5626 740 5681 aut,
769 5617 837 5686 τῇ
873 5614 965 5668 τοῦ
996 5616 1272 5684 ὀφθέντος.
1555 5647 1558 5649 λ

2293 5549 2336 5604 is
2362 5543 2382 5609 ξ·
2431 5570 2447 5601 ι
2490 5561 2644 5621 atque
2697 5543 2978 5606 ita'multa
3017 5543 3297 5624 defuerint.
3352 5543 3396 5584 ’⁸
3437 5549 3628 5620 ternuit
3653 5543 3880 5614 ὀφθέντι

625 5631 740 5681 aut,
769 5631 837 5685 τη
873 5631 965 5668 του
996 5631 1272 5684 οφυεντος.
1555 5647 1558 5649 λ

702 5736 726 5776 ε
757 5733 922 5789 ιυειιδ
967 5743 1240 5803 corruptus
1295 5738 1442 5794 valde
1469 5750 1518 5794 rt
1559 5742 1788 5795 mutilus.
1863 5743 1890 5806 ,ιι
1926 5741 2096 5797 Locus
2127 5743 2245 5797 item
2295 5752 2590 5812 corruptus.
