4056 6340
173 366 282 429 533

926 365 1250 427 EXPOSIT
1256 363 1334 425 10
1374 364 1456 426 IN
1495 366 1683 427 ACTA
1713 364 2286 433 APOSTOLORUM.
2326 397 2390 407 -
2415 372 2572 436 CAP.
2609 376 2691 436 II.

3317 373 3426 441 538

173 460 408 546 οὐρανὸν
469 479 537 530 τὰ
583 477 746 531 ὕδατα
768 477 1182 548 λαμϐανόμενα,
1212 478 1312 541 τὰς
1360 478 1606 547 κορυφὰς
1647 475 1756 528 τῶν

1864 491 1993 532 rans
2021 487 2069 533 et
2106 479 2440 537 illuminans.
2477 483 2588 537 Cur
2613 486 2738 538 item
2790 484 3002 554 linguas
3053 500 3156 540 non
3213 484 3265 537 in
3306 498 3424 541 ore.

173 569 348 638 ὀρέων
380 570 852 641 καταλαμϐάνουσι
878 612 894 637 ,
918 571 1014 624 καὶ
1042 571 1150 625 ἀπὸ
1175 571 1284 624 τῶν
1309 570 1620 640 ύψωμάτων
1659 569 1753 622 ἐπὶ

172 658 274 722 τὰς
331 662 622 729 φάραγγας
673 663 1110 733 καταφέρονται’
1143 661 1290 715 οὕτω
1339 662 1438 732 τὴν
1484 663 1748 732 κορυφὴν,

174 749 249 811 ὡς
312 751 443 820 ὅρος
489 741 982 824 καταλαμϐάνουσα
1028 756 1062 826 ἡ
1087 754 1181 807 τοῦ
1218 755 1535 823 Πνεύματος
1569 754 1750 824 χάρις,

173 843 557 913 ἐπεχορήγησε
583 843 770 900 λοιπὸν
788 847 898 898 ἀπὸ
925 847 1025 914 τῆς
1048 847 1292 916 κορυφῆς
1317 845 1394 916 τῷ
1429 845 1749 915 ἐγκεφάλῳ,

174 930 296 988 εἶτα
326 936 402 1007 τῷ
437 937 669 1006 στόματι
702 938 796 992 καὶ
843 941 910 1009 τῇ
965 939 1196 1009 καρδίᾳ,
1239 940 1332 991 καὶ
1369 938 1489 990 ὅλον
1532 937 1598 989 δι’
1629 936 1751 990 ὅλου

173 1028 266 1078 τὸν
303 1017 594 1097 ἄνθρωπον
627 1029 946 1100 ἐπλήρωσεν
1000 1028 1108 1082 ἀπὸ
1137 1029 1233 1096 τῆς
1270 1028 1534 1098 κεφαλῆς.
1571 1028 1670 1082 Διὰ
1699 1028 1753 1080 τί

172 1117 228 1170 δὲ
295 1119 459 1172 πάλιν
510 1121 602 1173 ἐπὶ
659 1121 760 1190 τὴν
806 1121 1086 1191 κεφαλήνς
1117 1119 1338 1189 Ἐπειδὴ
1362 1121 1413 1173 oi.
1463 1121 1753 1176 ἀπόστολοι

174 1210 612 1279 ὲχειροτονοῦντο
672 1213 773 1282 τῆς
802 1213 1130 1283 οἰκουμένης
1184 1213 1514 1266 διδάσκαλοι.
1563 1212 1756 1281 Χειρο-

173 1303 329 1356 τονία
356 1303 412 1356 δὲ
441 1303 625 1368 ἁπλῶς
678 1305 739 1358 οὐ
793 1303 1026 1374 γίνεται,
1063 1308 1112 1359 εἰ
1178 1306 1254 1376 μὴ
1304 1307 1361 1357 ἐν
1404 1307 1472 1374 τῇ
1517 1303 1750 1374 κεφαλῇ.

174 1395 248 1446 Τὸ
273 1392 373 1448 οὖν
402 1396 502 1459 τάς
536 1396 784 1468 γλώσσας
809 1397 904 1450 ὲπὶ
923 1397 1034 1450 τῶν
1054 1397 1308 1467 κεφαλῶν
1354 1392 1492 1450 εἶναι
1514 1397 1755 1450 δείκνυσι

175 1489 519 1558 χειροτονίας
558 1490 765 1562 σχῆμα.
802 1491 975 1562 ’Υπὲρ
1004 1492 1104 1559 τῆς
1128 1491 1375 1561 κεφαλῆς
1405 1492 1514 1562 γὰρ
1547 1490 1754 1544 τίθεται

177 1581 210 1649 ἡ
268 1583 606 1650 χειροτονία·
635 1624 641 1629 .
673 1582 857 1648 καθὼς
919 1584 1016 1637 καὶ
1057 1583 1165 1647 ἓως
1215 1584 1313 1638 νῦν
1364 1583 1641 1653 ἐκράτησε
1695 1582 1756 1635 τὸ

176 1674 436 1739 πρᾶγμα.
489 1673 708 1746 Ἐπειδὴ
761 1674 867 1747 γάρ
915 1674 1149 1745 ἀόρατός
1177 1658 1346 1728 ’ἐστιν
1391 1675 1424 1745 ἡ
1473 1673 1570 1726 τοῦ
1598 1673 1756 1741 ἁγίου

178 1767 501 1835 Πνεύματος
553 1768 914 1839 ἐπιφοίτησις,
959 1769 1261 1823 ἐπιτίθεται
1301 1770 1367 1839 τῇ
1399 1767 1610 1839 κεφαλῇ
1660 1765 1754 1821 τοῦ

1860 571 1954 625 sed
1987 573 2038 626 in
2064 575 2244 643 capite
2265 588 2597 645 acceperunt
2622 578 2645 630 ?
2673 577 2791 632 Non
2818 579 2871 632 in
2901 578 3162 649 linguam,
3193 576 3294 631 hoc
3316 585 3424 640 est,

1863 665 1912 716 in
1948 665 2082 719 illud
2111 668 2536 723 instrumentum
2567 679 2776 725 natura:
2820 671 2980 726 datus
3019 680 3104 726 est
3152 672 3423 741 Spiritus:

1861 771 1930 808 ne
1957 757 2408 812 existimarentur
2438 775 2503 814 ex
2560 760 2676 815 suis
2709 761 2971 816 lateribus
3023 770 3077 814 et
3110 776 3172 815 ex
3210 777 3311 816 suo
3335 775 3430 813 ore

1860 845 2129 912 proferre,
2158 862 2280 916 qua:
2307 863 2415 902 non
2449 849 2738 914 habebant,
2765 849 2857 904 sed
2887 848 3342 920 quemadmodum
3370 850 3425 902 in

1862 939 2084 1003 cmlum,
2107 952 2233 993 cum
2262 954 2419 1010 aqua:
2451 942 2833 1011 suscipiuntur
2885 942 3152 995 montium
3196 942 3427 996 vertices

1861 1039 2154 1100 occupant,
2207 1041 2260 1086 et
2291 1047 2321 1086 a
2368 1032 2787 1089 ‘summitatibus
2818 1033 3140 1087 deferuntur
3192 1034 3244 1085 in
3299 1049 3428 1085 con-

1863 1123 2073 1177 valles:
2110 1125 2299 1180 eodem
2331 1127 2493 1181 modo
2543 1127 2718 1197 gratia
2773 1127 3008 1196 Spiritus
3050 1127 3346 1193 verticem,
3373 1138 3430 1180 ut

1860 1224 2102 1270 montem
2148 1232 2447 1288 occupans,
2509 1218 2580 1273 de
2621 1219 2828 1274 vertice
2885 1219 3147 1288 deinceps
3203 1220 3430 1274 cerebro

1862 1308 2260 1376 suppeditavit,
2297 1308 2496 1365 deinde
2523 1310 2606 1365 ori
2636 1319 2690 1365 et
2717 1311 2894 1375 cordi,
2929 1320 2985 1366 et
3011 1319 3184 1387 totum
3213 1313 3430 1380 penitus

1861 1396 2148 1471 hominem
2166 1413 2197 1452 a
2221 1400 2400 1469 capite
2426 1401 2676 1470 replevit.
2702 1400 2807 1455 Sed
2843 1416 2964 1467 cur,
2999 1403 3240 1471 inquam,
3267 1418 3432 1470 super

1862 1499 2026 1560 caput
2045 1492 2071 1546 ‘l
2105 1490 2242 1558 Quia
2265 1493 2498 1564 apostoli
2527 1493 2679 1550 orbis
2711 1503 2984 1549 terrarum
3011 1494 3261 1549 doctores
3286 1494 3432 1549 desi-

1863 1583 2178 1649 gnabantur
2211 1591 2267 1639 et
2300 1585 2721 1641 ordinaliantur.
2749 1584 3069 1655 Designatio
3092 1595 3295 1652 autem,
3333 1601 3428 1642 seu

1862 1673 2142 1730 ordinatio
2175 1675 2498 1746 simpliciter
2531 1691 2638 1731 non
2675 1676 2754 1741 lit,
2791 1676 2898 1731 nisi
2949 1676 3001 1731 in
3032 1677 3232 1747 capite.
3259 1677 3432 1745 Igitur

1867 1784 1962 1839 per
1992 1768 2117 1834 hoc,
2144 1769 2291 1840 quod
2320 1769 2517 1841 linguae
2567 1780 2729 1826 erant
2758 1784 2927 1841 super
2958 1772 3158 1840 capita,
3186 1770 3432 1828 ostendi-

181 1854 472 1923 μέλλοντος
507 1857 929 1926 χειροτονεῖσθαι
961 1858 1261 1929 ἀρχιερέως
1290 1857 1354 1912 τὸ
1392 1857 1758 1926 Εὑαγγέλιον,

1865 1872 1957 1918 tur
1979 1862 2154 1934 ﬁgura
2198 1862 2582 1919 ordinationis.
2631 1863 2811 1934 Super
2855 1872 3049 1933 caput-
3071 1863 3218 1918 enim
3265 1877 3431 1919 manu

180 1947 272 1999 οιαὶ
305 1947 434 2001 ὅταν
461 1948 707 2024 suist-:01),
765 1950 918 2004 οὐδὲν
975 1951 1103 2007 ἄλλο
1136 1953 1288 2008 ἐστιν
1340 1951 1489 2017 ίδεῖν,
1520 1950 1554 2023 ἢ
1588 1951 1764 2019 γλῶσ-

181 2053 280 2089 σαν
310 2038 506 2109 πυρὸς,
537 2041 894 2112 ἐπικειμένην
915 2045 980 2112 τῇ
1022 2042 1230 2112 κεφαλῇ
1267 2034 1541 2111 γλῶσσαν,
1579 2042 1672 2096 διὰ
1696 2042 1763 2096 τὸ

178 2131 448 2200 κήρυγμα
476 2131 667 2204 πυρὸς,
690 2132 776 2186 διὰ
796 2133 887 2186 τὸν
917 2133 1144 2202 λέγοντα
1161 2149 1176 2164 °
1202 2133 1327 2202 Πῦρ
1350 2130 1764 2203 ἦλθονβαλεῖν

178 2221 279 2274 ἐπὶ
319 2223 434 2291 τὴν
456 2218 730 2292 γῆν-ζωὴ
762 2220 881 2279 εἶπε
916 2224 994 2291 δὲ,
1035 2225 1300 2296 ήδράσθη,
1332 2226 1365 2298 ἢ
1398 2227 1762 2298 κατήντησεν,

178 2313 323 2378 ἀλλ’,
356 2315 628 2382 ἐκάθισεν,
653 2316 790 2382 οὐδὲ,
819 2317 1175 2384 ἐπεπόλασεν,
1216 2319 1354 2387 ἀλλ’,
1379 2317 1630 2373 ἐκάθισεν
1666 2321 1765 2372 ἑπ-

179 2407 292 2459 άνω
311 2423 326 2436 ο
357 2407 447 2459 ἵνα
475 2407 624 2479 δείξῃ
661 2410 743 2462 ὅτι
778 2412 885 2474 πᾶς
917 2387 1057 2482 ἀνὴρ
1085 2412 1370 2481 δεχόμενος
1401 2409 1764 2482 λειτουργίαν,

181 2499 372 2569 θρόνος
405 2502 520 2554 ἐστὶ
551 2503 707 2557 Θεοῦ.
738 2505 848 2556 Kal
877 2505 1111 2575 ἤρξαντο
1149 2506 1330 2559 λαλεῖν
1350 2505 1564 2576 ἑτέραις
1583 2505 1764 2574 γλώσ-

182 2608 324 2655 σαις.
379 2592 445 2647 Ἥ
477 2593 566 2647 τοῦ
595 2595 736 2648 Θεοῦ
769 2598 930 2668 χάρις
951 2598 1301 2670 ιξικονὸμησεν
1330 2599 1425 2654 ἀπ’
1446 2579 1623 2670 ἀρχῆς
1651 2600 1763 2662 τοῖς

181 2689 508 2754 ἀποστόλοις
541 2692 858 2764 ἔμπρακτον
886 2690 1027 2748 εἶναι
1043 2695 1134 2748 τὸν
1151 2693 1328 2763 λόγον.
1354 2688 1451 2758 Τίς
1467 2696 1576 2766 γὰρ
1606 2695 1765 2766 χρεία

181 2773 249 2847 ἦν
279 2780 560 2851 κηρύκων,
609 2783 719 2840 τῶν
745 2785 1053 2838 ἀκουόντων
1088 2785 1190 2838 οὑκ
1231 2784 1439 2851 δντωνς
1487 2785 1642 2839 Ἐπεὶ
1667 2784 1762 2837 οὖν

182 2873 351 2945 ἐχρῆν
378 2875 478 2943 τὴν
522 2876 775 2947 ἀπαρχὴν
817 2865 926 2930 τῶν
952 2871 1120 2930 ἐθνῶν
1154 2876 1211 2943 ἐξ
1240 2876 1422 2930 αὐτῶν
1449 2876 1558 2931 τῶν
1583 2893 1767 2948 προοι-

187 2965 325 3032 μίων
353 2966 507 3032 τάξιν
528 2967 734 3034 λαόετν,
752 2969 951 3038 ἐπάγει
976 2972 1003 3023 ὀ
1022 2969 1391 3040 συγγραφεὺς,
1409 2971 1516 3023 Καὶ
1535 2967 1766 3039 ἤρξαντο

184 3056 365 3112 λαλεῖν
397 3060 612 3131 ἑτέραις
644 3059 937 3130 γλώσσαις.
991 3062 1148 3124 Τίνος
1175 3063 1231 3114 δὲ
1263 3063 1471 3124 ἕνεκεν,
1519 3062 1624 3132 πρὸ
1659 3062 1765 3116 τῶν

183 3141 364 3202 ἄλλων
389 3153 767 3221 χαρισμάτων,
794 3152 856 3205 τὸ
887 3152 996 3206 τῶν
1025 3153 1287 3221 γλωσσῶν
1319 3150 1505 3206 ἔλαϐον
1543 3154 1593 3206 οί
1626 3153 1760 3207 ἀπό·
1787 3186 1830 3245 c

184 3242 360 3297 στολοι
385 3261 402 3309 ;
432 3243 652 3313 Ἐπειδὴ
708 3245 982 3315 πανταχοῦ
1021 3245 1331 3316 διέρχεσθαι
1384 3245 1630 3316 ἔμελλον,
1668 3247 1760 3300 καὶ

182 3336 372 3405 ὥσπερ
403 3338 459 3388 ἐν
497 3336 575 3406 τῷ
613 3337 788 3407 καιρῷ
817 3338 915 3406 τῆς
954 3338 1318 3408 πυργοποιίας
1350 3341 1380 3408 ή
1426 3340 1522 3409 μία
1546 3338 1760 3406 γλῶττα

181 3427 262 3489 είς
301 3427 503 3490 πολλάς
531 3429 860 3498 διετέμνετο,
895 3430 1039 3484 οὕτω
1061 3434 1181 3484 τότε
1213 3433 1268 3484 αί
1292 3432 1485 3484 πολλαὶ⁷
1519 3431 1759 3497 γλῶσσαι

185 3517 262 3578 είς
291 3518 390 3571 ἕνα
424 3517 714 3589 ἄνθρωπον
760 3520 953 3591 ᾔεσαν,
993 3523 1090 3574 καὶ
1121 3521 1151 3574 ὁ
1186 3522 1348 3585 αὐτὸς
1383 3522 1480 3577 καὶ
1521 3525 1586 3593 τῇ
1621 3523 1762 3592 Περ-

187 3609 318 3675 σῶν,
351 3611 445 3665 καὶ
480 3615 546 3683 τῇ
591 3611 904 3683 Ῥωμαίων,
939 3615 1037 3668 καὶ
1064 3617 1132 3686 τῇ
1184 3615 1385 3678 Ἰνδῶν,
1420 3615 1761 3685 καὶ-ἑτέραις

185 3703 406 3768 πολλατς
431 3703 702 3774 διελέγετο
723 3703 1016 3775 γλώσσαις,
1050 3707 1145 3760 τοῦ
1168 3707 1484 3777 [Ινεύματος
1507 3707 1761 3778 ὲνηχοῦν-

184 3814 276 3863 τος
314 3799 482 3868 αὐτῷ.
514 3799 624 3854 Καὶ
672 3800 732 3852 τὸ
757 3799 1006 3871 χάρισμα
1032 3800 1280 3853 ἐκαλεῖτο
1314 3801 1560 3870 χάρισμα
1589 3799 1763 3867 γλωτ..

183 3884 310 3945 τῶν,
353 3886 542 3958 ἐπειδὴ
590 3888 813 3951 πολλαῖς
873 3887 1069 3957 ἀθρόον
1108 3888 1376 3956 ἠδύναντο
1419 3886 1599 3942 λαλεῖν
1648 3904 1762 3954 φωο

185 3978 326 4040 ναῖς,
347 3978 527 4039 καθὼς
547 3979 610 4032 τὸ
641 3977 867 4048 Πνεῦμα
887 3977 1056 4032 ἔδίδου
1085 3981 1270 4042 αὐτοῖς
1282 3979 1751 4049 ἀποφθέγγεσθαι.

185 4068 258 4121 05
297 4068 407 4138 γάρ
431 4069 524 4137 ἀφ’
557 4068 767 4122 ἑαυτῶν
800 4055 1150 4137 ἐφθέγγοντο,
1185 4071 1300 4123 ἀλλ’
1334 4071 1442 4124 ἀπὸ
1472 4071 1568 4124 τοῦ
1600 4072 1758 4140 ἁγίου

184 4162 502 4232 amomo;
558 4161 974 4232 ἀπεφθέγγοντο
1033 4178 1511 4234 προφητευοντες,
1569 4168 1761 4239 ἤγουν,

187 4256 468 4322 συνιεντες
494 4255 862 4327 καὶηλέγοντες
893 4257 964 4312 τὰ
987 4257 1088 4311 διὰ.
1103 4253 1210 4316 τῶν
1252 4259 1424 4331 ἁγίων
1469 4263 1766 4333 προφητῶν

187 4351 278 4406 ἐπὶ
297 4352 519 4423 Χριστῷ
546 4352 840 4425 μαρτύρια.

1861 1966 2088 2014 extensa
2118 1956 2296 2026 posita
2334 1956 2609 2011 ordinatio
2644 1956 2721 2011 ﬁt.
2761 1955 3237 2023 Quemadmodum
3267 1957 3433 2011 etiam

1863 2050 1930 2104 ad
1957 2051 2061 2104 hoc
2082 2062 2262 2119 usque
2299 2055 2514 2118 tempus
2539 2061 2628 2102 res
2660 2046 2917 2102 obtinuit.
2977 2045 3431 2119 Quandoquidem

1863 2140 2010 2196 enirn
2042 2139 2338 2194 invisibilis
2387 2146 2475 2194 est
2511 2137 2686 2192 sancti
2732 2136 2965 2206 Spiritus
3011 2151 3288 2201 accessus,
3336 2139 3437 2190 im-

1865 2230 2091 2301 ponitur
2128 2229 2296 2299 capiti
2363 2226 2652 2284 ordinandi
2709 2227 2986 2296 pontilieis
3039 2226 3430 2298 Evangelium:

1864 2321 2009 2392 quod
2044 2336 2172 2375 cum
2215 2320 2380 2375 fuerit
2426 2318 2766 2388 impositum,
2813 2316 2952 2371 nihil
3005 2316 3156 2370 aliud
3192 2318 3428 2392 videtur,

1865 2428 2027 2484 quam
2065 2413 2248 2482 lingua
2287 2413 2443 2481 ignea
2477 2409 2726 2464 insidens
2746 2408 2911 2476 capiti
2941 2431 2950 2463 :
2977 2409 3184 2480 lingua,
3212 2419 3437 2479 propter

1866 2505 2352 2576 praedicationem:
2402 2503 2558 2572 ignea
2596 2512 2821 2571 propter
2871 2517 3018 2568 eum,
3062 2503 3152 2573 qui
3189 2503 3435 2557 dicebat:

1871 2618 1889 2651 ι
1915 2598 2097 2669 ignem
2125 2597 2240 2651 veni
2281 2603 2338 2649 ut
2354 2596 2584 2675 Intittant
2601 2594 2889 2663 inlterram.
2905 2614 2923 2646 ι
2946 2593 3060 2649 Non
3079 2595 3216 2650 dixit
3233 2601 3434 2661 autem,

1866 2692 2153 2745 Fundatus
2170 2705 2264 2744 seu
2297 2681 2600 2786 «Necatus
2625 2696 2745 2742 est:
2779 2697 2892 2751 aut,
2928 2686 3217 2742 Descendit
3236 2696 3291 2742 et
3316 2703 3437 2755 per-

1815 2809 1823 2817 -
1867 2784 2048 2838 venit:
2074 2782 2192 2849 sed,
2224 2745 2506 2862 Congedit,
2545 2795 2722 2850 neque
2769 2781 2824 2834 in
2866 2745 3153 2849 superﬁcie
3197 2745 3431 2844 exstitit,

1865 2885 1919 2935 et
1950 2877 2105 2948 quasi
2141 2863 2524 2960 emicuit,\s‘ed
2550 2875 2688 2934 sedit
2727 2890 2919 2944 supra:
2951 2875 3056 2942 22
3091 2880 3148 2928 ut
3178 2873 3436 2930 ostende-

1866 2980 1971 3033 ret,
2005 2968 2259 3038 quemvis
2317 2967 2619 3030 hominem,
2671 2965 2762 3036 qui
2817 2965 3054 3034 alicujus
3098 2964 3342 3027 muneris
3385 2972 3439 3018 et

1865 3063 2049 3132 operis
2076 3059 2616 3115 administrationem
2671 3067 2835 3128 atque
2885 3057 3227 3112 sanctionem
3261 3054 3457 3112 susci-

1869 3154 1970 3226 pit,
2006 3154 2130 3209 esse
2165 3152 2364 3209 solium
2415 3152 2530 3210 Dei.
2582 3150 2648 3204 Et
2684 3157 2972 3218 crepet-unt
3006 3148 3154 3219 loqui
3204 3148 3440 3204 diversis

1869 3247 2092 3320 linguis.
2117 3246 2308 3301 Divina
2333 3248 2504 3318 gratia
2531 3245 2598 3298 ab
2634 3243 2791 3297 initio
2812 3241 3082 3311 disposuit
3112 3249 3167 3320 et
3213 3241 3439 3297 ordina-

1868 3341 1964 3402 vit,
2004 3348 2061 3392 ut
2096 3338 2465 3407 apostolorum
2501 3350 2680 3390 sermo
2703 3332 2891 3389 eﬂieax
2915 3341 3082 3388 esset.
3112 3315 3250 3399 Quis
3284 3332 3433 3388 enim

1869 3445 2004 3485 usus
2025 3437 2170 3484 esset
2207 3443 2540 3498 praeconum,
2593 3428 2639 3480 si
2671 3426 2854 3480 desint
2885 3424 2976 3495 qui
3003 3424 3264 3480 audiant?
3287 3423 3436 3492 Quo—

1869 3520 2016 3574 niam
2053 3519 2221 3588 igitur
2242 3519 2504 3588 oporteba
2564 3515 2838 3586 primitias
2888 3516 3134 3585 gentium
3186 3517 3254 3570 ab
3302 3516 3439 3586 ipsis

1868 3611 2156 3681 principiis
2187 3611 2435 3665 ordinem
2487 3616 2541 3664 et
2596 3609 2774 3663 locum
2825 3605 3098 3676 accipere,
3151 3606 3439 3677 subiungit

1870 3705 2140 3772 scriptor:
2180 3700 2246 3753 Et
2277 3709 2564 3770 coeperunt
2593 3699 2740 3768 loqui
2783 3698 3018 3754 diversis
3061 3698 3278 3769 linguis.
3331 3697 3439 3753 Sed

1869 3796 2028 3864 cuius
2065 3795 2140 3848 rei
2171 3793 2347 3862 gratia
2382 3783 2509 3847 ante
2543 3799 2738 3846 caetera
2774 3789 2916 3846 dona
2966 3789 3171 3844 donum
3223 3790 3438 3860 lingua-

1869 3902 1989 3940 rum
2025 3885 2272 3954 Apostoli
2298 3896 2628 3952 acceperunt
2648 3883 2820 3951 {quia
2847 3896 3040 3936 omnes
3069 3887 3254 3950 partes
3275 3896 3436 3949 pera-

1865 3976 2074 4047 graturi
2129 3982 2321 4030 erant:
2372 3987 2437 4027 ac
2494 3971 2954 4043 quemadmodum
3013 3987 3124 4041 quo
3194 3980 3438 4041 tempore

1865 4067 2031 4124 turris
2055 4067 2462 4130 exstruebatur.
2495 4080 2605 4121 una
2627 4065 2808 4136 lingua
2835 4065 2890 4118 in
2935 4065 3141 4121 multas
3191 4064 3436 4119 disseca-

1869 4163 2052 4229 batur,
2104 4163 2178 4219 ita
2205 4170 2336 4216 tunc
2371 4161 2556 4214 multa:
2582 4159 2782 4227 lingua:
2834 4156 2889 4212 in
2933 4173 3104 4211 unum
3157 4157 3437 4211 hominem

1871 4262 2128 4316 coibant:
2159 4267 2210 4313 et
2231 4259 2320 4312 ille
2343 4257 2488 4310 idem
2517 4265 2575 4311 et
2600 4256 2913 4318 Persarum,
2946 4261 3004 4308 et
3042 4254 3435 4316 Romanorum,

1871 4360 1926 4406 et
1950 4350 2235 4413 Indorum,
2264 4357 2319 4405 et
2343 4347 2468 4404 aliis
2495 4347 2731 4404 diversis
2782 4347 2969 4402 multis
2999 4346 3200 4419 linguis
3251 4347 3438 4416 loque-

189 4453 366 4509 oatur,
405 4444 615 4516 Spiritu
641 4448 904 4504 nimirum
976 4450 1054 4506 illi
1088 4449 1382 4505 insonante
1461 4453 1517 4501 et
1568 4444 1973 4501 insusurrante.
2038 4443 2123 4499 Ac
2171 4442 2403 4505 donum,
2457 4440 2758 4497 vocabatur
2815 4440 3020 4495 donum
3103 4440 3433 4512 linguarum,

186 4533 642 4604 Quandoquidem
670 4541 856 4595 multis
879 4551 1103 4611 repente
1127 4551 1185 4596 et
1220 4541 1275 4596 in
1319 4555 1430 4595 uno
1474 4538 1743 4608 temporis
1784 4540 2060 4609 momento
2139 4543 2390 4605 poterant
2433 4533 2579 4600 loqui
2661 4532 2902 4601 linguis:
2969 4533 3430 4599 quemadmodum

188 4629 428 4702 Spiritus
450 4629 617 4688 dabat
641 4633 772 4702 illis,
802 4644 864 4691 ut
917 4636 1337 4706 eloquerentur.
1411 4636 1532 4691 Non
1575 4636 1721 4690 enim
1756 4635 1826 4688 ab
1865 4632 2175 4703 semetipsis
2205 4627 2604 4700 loquebantur,
2645 4627 2742 4681 sed
2777 4642 2807 4678 a
2837 4635 3028 4684 sancto
3075 4624 3280 4696 Spiritu
3321 4627 3471 4696 clo-g

184 4727 519 4796 qucbantur,
552 4713 992 4802 'prophetantes,
1061 4729 1179 4785 sive
1253 4728 1619 4799 intelligentes
1683 4734 1739 4783 et
1797 4728 2042 4783 dicentes
2118 4736 2203 4791 ea,
2266 4737 2386 4795 qua;
2449 4737 2543 4793 per
2605 4719 3161 4790 sanctos‘prophetas
3221 4721 3433 4789 prodita

183 4835 311 4881 sunt
335 4827 648 4883 testimonia
681 4827 752 4884 de
780 4824 1023 4883 Christo.

251 4915 459 4979 Ἦσαν
481 4921 551 4984 δὲ
593 4922 666 4977 ἐν
699 4908 1118 4991 ’Ἰερουσαλὴμ
1154 4920 1575 4988 κατοικοῦντες
1621 4921 1760 5000 Ἰουέ

1938 4915 2104 4972 Vens.
2173 4911 2226 4965 5.
2297 4908 2468 4961 Erant
2527 4916 2699 4960 autem
2749 4903 3127 4974 Hierosolymis
3188 4905 3436 4975 inquilini

185 5012 358 5079 δαῖοι,
408 5013 625 5084 ἄνδρες
651 5016 655 5020 ’
679 5013 958 5080 εὐλαϐεῖς
988 5013 1108 5069 ἀπὸ
1143 5014 1371 5079 παντὸς
1396 5012 1608 5080 ἔθνους
1643 5012 1761 5066 τῶν

183 5101 302 5156 ὑπὸ
329 5105 436 5159 τὸν
465 5106 749 5174 οὐρανόν.

251 5193 594 5263 Γενομένης
614 5196 684 5250 δὲ
705 5195 818 5266 τῆς
845 5193 1047 5266 φωνῆς
1094 5194 1335 5260 ταύτης,
1376 5191 1649 5260 συνῆλθε
1693 5191 1758 5244 τὸ

1865 5009 2043 5064 ,Ιιιάεεὶ
2071 5004 2307 5058 homines
2340 5000 2576 5071 religiosi
2605 5015 2669 5054 ex
2699 4998 2842 5053 omni
2871 4998 3084 5052 natione
3108 5014 3312 5058 eorum,
3344 5000 3437 5066 qui

1865 5100 1959 5156 sub
1987 5098 2114 5151 cinia
2143 5105 2286 5150 sunt.

1939 5189 2097 5242 Vens.
2123 5185 2176 5240 6.
2210 5185 2390 5255 Igitur
2420 5184 2519 5238 hac
2551 5200 2605 5237 re
2650 5181 2943 5251 divulgata,
2973 5177 3206 5232 convenit
3251 5179 3433 5248 inulli-

185 5281 418 5350 πλῆθος
447 5285 547 5337 καί
576 5288 884 5358 συνεχύθη
925 5286 1015 5342 ὅτι
1037 5285 1269 5355 ἢκουον
1293 5281 1382 5350 εἷς
1407 5283 1662 5349 ἕκαστος
1683 5282 1759 5350 τῇ

1864 5279 2012 5342 tudo,
2053 5288 2102 5333 et
2154 5278 2378 5348 confusa
2420 5286 2519 5342 est,
2577 5273 2713 5347 quod
2777 5271 3021 5326 audirent
3081 5273 3434 5343 unusquisque

192 5371 304 5440 ἰδίᾳ
329 5371 621 5439 διαλέκτῳ
643 5379 1001 5433 λαλούντων
1023 5374 1243 5432 αὐτῶν.

138 5512 143 5531 ε
257 5463 495 5534 Ἀνδρος
515 5467 811 5534 εὐλαϐεῖς.
834 5471 945 5525 Καὶ
965 5470 1098 5527 αὐτὸ
1115 5469 1177 5523 τδ
1222 5471 1496 5524 κατοικεῖν
1520 5470 1637 5523 ἐκεῖ
1668 5488 1762 5524 κα-

189 5555 506 5635 ταλιπόντας
529 5557 812 5630 πατρίδας,
842 5560 1127 5625 εὐλαϐείας
1155 5556 1222 5631 ἦν
1259 5563 1501 5632 σημεῖον,
1528 5560 1763 5631 μάλιστά

190 5662 249 5712 γε
274 5648 337 5701 ὲκ
349 5646 619 5718 διαφόρων
634 5647 801 5704 ἐθνῶν
823 5650 1162 5723 ἀπάραντας,
1189 5652 1282 5706 καὶ
1296 5652 1527 5720 ἀφέντας
1554 5651 1728 5714 οἰκίας
1744 5655 1764 5684 ⁹

259 5821 279 5852 ⁸
305 5823 400 5878 -1σ,
431 5824 684 5889 οἰκείους.

1866 5393 1965 5429 sua
1990 5373 2203 5442 propria
2232 5373 2413 5443 lingua
2455 5370 2576 5425 illos
2606 5377 2830 5422 utentes.

1951 5463 2064 5518 Viri
2086 5464 2340 5533 religiosi.
2379 5463 2555 5530 Atque
2580 5459 2630 5513 id
2655 5459 2854 5531 ipsum,
2872 5458 3017 5530 quod
3045 5457 3231 5513 relicta
3257 5460 3431 5526 patria

1872 5558 1981 5612 illic
2022 5556 2371 5619 habitabant,
2412 5554 2628 5625 signum
2670 5560 2790 5608 erat
2837 5551 3152 5621 religionis‘,
3199 5551 3433 5604 maxime

1873 5659 2040 5711 Ccl‘lc,
2075 5646 2217 5716 quod
2258 5662 2324 5700 ex
2362 5643 2595 5702 diversis
2624 5644 2938 5702 nationibus
2961 5640 3213 5714 profecti,
3246 5642 3428 5707 domo,

1372 5750 1571 5811 Varia)
1613 5747 1919 5810 lectiones
1961 5752 2017 5807 et
2046 5750 2230 5805 notua.
