4056 6340
175 391 301 467 ,537

906 393 1314 456 EXPOSITIO
1354 394 1436 456 ιιι
1474 397 1663 455 ACTA
1703 396 2273 464 APOSTOLORUM.
2308 426 2378 465 .—
2414 367 2575 467 CAP.
2623 408 2704 467 Il.

3336 408 3444 475 588

193 501 294 570 ἐξῇ
329 503 514 564 αὐτοῖς
535 500 680 554 κατᾶ
702 492 793 555 τὸν
820 502 986 572 νόμον
1016 504 1137 572 τρὶς
1179 503 1281 576 τοῦ,
1306 505 1557 558 ἐνιαυτοῦ
1588 505 1771 573 φαίνε-

1880 505 2005 559 bant
2050 510 2183 576 illic,
2222 520 2280 566 ut
2325 512 2513 568 liceret
2561 518 2664 570 sibi
2707 518 2860 585 juxta
2900 518 3034 586 legis
3066 523 3438 592 prmscriptum

195 592 331 644 σθαι
357 595 413 644 ἐν
443 592 520 662 τῷ
565 593 698 662 ναῷ.
732 593 873 664 Ὅρα
901 593 957 646 δὲ
995 595 1102 646 τῶν
1133 595 1308 650 ἄλλων
1346 595 1445 666 τὴν
1492 597 1772 651 ἀπόνοιαν.

196 683 495 751 Γλεύκους,
529 685 687 755 φησὶ,
714 687 1118 756 μεμεστωμένοι
1149 688 1286 742 εἶσίο
1325 689 1498 742 καίτοι
1521 689 1638 743 οὐδὲ
1658 707 1775 743 καις

194 776 296 841 ρος
323 770 391 844 ἦν
424 775 685 838 τοιοῦτος,
711 778 1061 847 Πεντηκοστὴ
1080 780 1188 848 γὰρ
1206 775 1298 849 ἦν,
1325 779 1417 832 καὶ
1436 779 1556 852 ὥρᾳ
1584 758 1740 851 τριτῃ
1759 796 1772 810 °

191 865 322 940 δῆλ’
351 867 503 918 οὑῖὲν
553 868 703 919 ὁκνεῖ
741 870 771 934 ἡ
809 867 956 922 οξκῖα
1002 869 1066 922 ίδ.
1119 870 1192 922 Τὸ
1232 855 1647 938 δὲ’δεινότερον,
1694 873 1775 923 ὅτι

192 955 434 1009 ἐκείνων
479 956 871 1027 θαυμαζόντων
927 961 1022 1013 καὶ
1066 960 1470 1030 ὁμολογούντων
1504 962 1778 1016 Ἰουδαίων

192 1045 398 1110 ὄντων,
444 1047 730 1116 Ῥωμαίων
783 1049 974 1115 ὄντων,
1037 1050 1392 1120 προσηλύτων
1443 1053 1632 1117 ὄντων,
1667 1054 1776 1106 τῶν

195 1140 642 1206 σταυρωσάντων
705 1136 858 1205 ἴσως,
906 1140 964 1204 ἐξ
1015 1141 1183 1195 ἐθνῶν
1236 1144 1422 1213 σχεδὸν
1482 1144 1772 1209 ἁπάντων,

193 1229 416 1280 τούτων
450 1232 834 1299 κηρυττόντων
873 1232 954 1286 ὅτι
997 1235 1116 1297 ταῖς
1167 1235 1437 1301 γλώσσαις
1471 1236 1648 1288 αὐτῶν
1684 1237 1776 1289 λα-

195 1321 411 1385 λοῦσιν,
449 1322 747 1392 εὑρέθησαν
775 1325 926 1392 ὅμως
962 1324 1107 1387 τινὲς
1136 1325 1506 1395 χλευάζοντες.
1542 1326 1778 1397 Πότερον

193 1407 255 1461 δὲ
287 1410 710 1479 οἱχλευάζοντες
729 1401 980 1466 συνίεσαν
1024 1413 1326 1469 λαλούντων
1369 1414 1641 1481 γλώσσαις
1669 1414 1776 1467 τῶν

195 1502 544 1565 ἀποστόλων,
679 1502 826 1572 οὐχί;
885 1505 948 1557 El
978 1504 1076 1575 μὲν
1115 1506 1225 1574 γὰρ
1267 1507 1328 1558 ού
1357 1507 1628 1569 συνίεσαν,
1661 1507 1779 1570 πῶς

198 1593 417 1656 πάσαις
442 1591 712 1660 γλώσσαις
750 1595 972 1648 ἐλάλουν
1004 1598 1054 1669 οξ
1108 1598 1424 1663 ἀπόστολοις
1471 1600 1530 1650 El
1559 1599 1614 1652 δὲ
1649 1616 1777 1650 συν-

201 1684 386 1744 ίεσαν.
446 1684 562 1748 πῶς
640 1685 956 1757 ιθάῥρησάν
994 1688 1168 1758 μέθην
1225 1689 1591 1752 αἰτιάσασθαι,
1627 1689 1777 1756 παρὰ

198 1774 378 1836 πόδας
403 1776 617 1844 ἔχοντες
646 1777 772 1840 τοὺς
799 1777 1075 1856 ἐλέγχους,
1103 1778 1301 1841 αὐτοὺς
1328 1782 1452 1843 τοὺς
1481 1781 1777 1844 ἀκούοντας

199 1866 305 1919 καὶ
332 1868 615 1930 συνιέντας
646 1869 730 1921 ὅτι
759 1868 1032 1936 γλώσσαις
1072 1869 1295 1925 λαλοῦσι
1328 1872 1421 1925 καὶ
1456 1873 1516 1925 οὐ
1552 1873 1779 1942 μεθύου-

196 1975 325 2024 σιν;
361 1957 520 2011 Οὕτω
554 1960 652 2027 μὲν
675 1960 739 2014 ἄν
768 1978 851 2022 τις
873 1962 1275 2032 διαπορήσειεν.
1307 1963 1448 2032 Ἐγὼ
1476 1964 1531 2016 δὲ
1560 1965 1780 2017 τούναν-

200 2046 321 2097 τίον
349 2045 517 2127 φημὶ,
550 2048 626 2110 ὡς
655 2050 701 2102 εἰ
733 2050 807 2119 μὴ
858 2051 1133 2116 συνίεσαν,
1166 2051 1273 2128 οὐδέ
1306 2052 1373 2106 ἂν
1405 2054 1482 2114 εἰς
1512 2054 1680 2124 μέθην
1718 2055 1778 2106 τὸ

201 2137 398 2208 θαῦμα
437 2139 741 2193 διέϐαλλον·
773 2143 826 2193 τί
854 2142 963 2211 γὰρ
999 2142 1063 2196 ἄν
1098 2160 1180 2206 τις
1205 2143 1299 2196 καὶ
1326 2143 1628 2198 διαϐάλλειν
1657 2146 1778 2198 ἐπι-

202 2229 447 2301 χειροίη,
491 2232 628 2301 ὅπερ
677 2232 827 2284 οὐδὲν
880 2232 1041 2286 αὐτὸν
1114 2233 1455 2302 παραλυπεϊ;
1497 2234 1589 2288 Διὸ
1633 2236 1723 2288 καὶ
1751 2238 1780 2290 ὁ

204 2321 449 2386 Λουκᾶς,
485 2322 1061 2394 χλευάζοντες,φησὶν,
1087 2318 1198 2378 οἷον
1220 2326 1584 2397 διασύροντες,
1603 2328 1778 2382 ἐνδιαο

203 2411 523 2471 ϐάλλοντες.
577 2414 862 2468 Διέϐαλλον
926 2415 1031 2468 οὖνι
1073 2418 1146 2480 ὡς
1201 2417 1472 2492 συνιέντες
1506 2396 1642 2487 ξμέν,
1704 2419 1778 2489 μὴ

203 2503 576 2572 ἀρεσκόμενοι
603 2506 658 2558 δὲ
695 2507 808 2567 τοῖς
866 2492 1216 2576 λεγομένοιςο
1268 2510 1337 2563 τὰ
1378 2510 1485 2579 γὰρ
1519 2509 1779 2579 μεγαλεῖα

205 2592 403 2662 ελεγον
453 2596 650 2647 ἐκεῖνοι
707 2596 798 2649 τοῦ
857 2596 1014 2652 Θεοῦ.
1069 2598 1195 2659 Πῶς
1239 2595 1331 2652 οὖν
1386 2599 1660 2664 συνιέντες
1700 2604 1778 2666 εἰς

211 2685 415 2754 μέθην·
437 2687 697 2756 ἀνέφερον
734 2687 801 2739 τὰ
848 2685 1152 2758 λεγόμενας
1191 2688 1326 2742 Ἀπὸ
1359 2732 1366 2743 ,
1395 2691 1595 2760 πολλῆς
1639 2693 1780 2745 ἀπο-

209 2779 386 2841 νυίας,
445 2776 506 2843 ἐξ
558 2778 1002 2849 ὑπερϐαλλούσης
1071 2779 1369 2850 ὠμότητος.
1457 2783 1616 2844 Ἕθος
1672 2784 1778 2854 γάρ

206 2871 329 2922 ἐστι
365 2871 478 2931 τοῖς
510 2864 846 2947 πολλοῖς,’ἃν
876 2874 950 2939 μὴ
996 2869 1334 2941 ἀρέσκωνται
1373 2873 1416 2904 ¹³
1461 2867 1573 2934 τοῖς
1627 2873 1779 2941 λεγο-

213 2962 424 3028 μένοις,
459 2961 720 3032 δαιμονᾷν
781 2962 816 3031 ἢ
859 2963 1189 3032 παραπαίειν
1247 2963 1497 3033 ἡγεῖσθαι
1553 2965 1642 3018 τὸν
1695 2965 1780 3018 λέ-

211 3067 418 3120 γοντα,
449 3053 482 3121 ἢ
522 3052 694 3121 μέθην
723 3053 1005 3119 ,αἰτιᾶσθαι
1041 3055 1134 3108 καὶ
1161 3054 1236 3124 μὴ
1262 3056 1557 3114 συνιέναιᾶ
1591 3056 1775 3122 λέγει·

1879 604 1959 650 ter
2000 603 2294 668 qualannis
2347 620 2665 674 comparere
2715 609 2769 663 in
2819 611 3040 678 templo.
3083 612 3210 666 Vide
3260 624 3439 668 autem

1878 688 2105 743 aliorum
2129 692 2477 751 dementiam.
2514 697 2690 754 Musio
2735 701 3008 768 inquiunt,
3053 704 3240 772 repleti
3292 713 3437 766 sunt;

1879 786 2030 851 at-iui
2056 801 2122 839 ne
2156 794 2369 855 tempus
2399 788 2615 856 quidem
2648 790 2775 841 anni
2808 791 2912 843 tale
2942 799 3078 844 erat.
3117 790 3441 845 Peuteeoste

1877 879 2019 932 enim
2057 886 2196 942 erat,
2233 887 2286 931 ct
2315 880 2447 932 hora
2479 881 2657 933 tertia.
2695 878 2799 933 Sed
2841 882 2972 933 nihil
3009 897 3114 934 non
3149 883 3310 936 audet
3349 897 3447 935 nc-

1878 967 2067 1036 qnitia.
2130 968 2191 1020 Et
2226 967 2367 1036 quod
2427 971 2644 1036 gravius
2693 976 2831 1031 erat,
2868 970 2976 1024 illis
3027 971 3352 1022 mirantibus
3389 981 3443 1022 et

1876 1059 2285 1136 confitentibus,
2316 1060 2407 1129 qui
2447 1060 2618 1114 Judzei
2647 1070 2824 1125 erant,
2855 1062 2944 1130 qui
2984 1059 3217 1113 Romani
3261 1069 3440 1119 erant,

1878 1150 1968 1219 qui
2004 1151 2262 1220 proselyti
2299 1160 2474 1213 erant,
2508 1153 2598 1221 qni
2636 1153 2868 1207 fortasse
2901 1153 3308 1210 crncilixerant,
3347 1153 3437 1220 qui

1878 1257 1940 1296 ex
1975 1242 2228 1297 omnibus
2259 1242 2370 1297 fere
2403 1245 2714 1298 nationibus
2744 1254 2938 1297 erant:
2973 1245 3080 1298 illis
3136 1244 3442 1312 praedican-

1879 1333 2047 1396 tibus,
2073 1334 2220 1400 ‘qnod
2252 1349 2440 1387 eorum
2472 1334 2650 1404 lingua
2675 1325 3026 1402 loquerentur
3051 1376 3064 1398 ,
3103 1336 3439 1387 exstiterunt

1879 1436 2058 1479 tamen
2110 1425 2378 1484 nonnulli.
2423 1426 2513 1493 qui
2577 1427 2960 1480 eavillarcntur
3015 1435 3067 1479 et
3125 1427 3436 1480 irridercnt.

1878 1506 2069 1569 Utrum
2087 1523 2263 1568 autem
2284 1514 2380 1579 illi,
2401 1515 2490 1583 qui
2511 1516 2928 1578 cavillabantur,
2952 1513 3448 1584 2&inlclligvhant

1876 1607 2077 1677 linguis
2103 1609 2385 1675 loquentes
2437 1607 2731 1674 apostolos,
2766 1605 2986 1658 annon?
3009 1603 3142 1656 Nam
3176 1603 3439 1670 siquidem

1878 1715 1982 1752 non
2035 1699 2423 1769 inlclligehant,
2459 1699 2549 1768 qui
2588 1699 2786 1767 linguis
2839 1697 3094 1751 omnibus
3149 1695 3443 1749 utebantur

1882 1790 2150 1858 apostoli?
2201 1787 2294 1842 Sin
2328 1797 2508 1842 autem
2546 1787 2940 1856 intelligebant,
2977 1794 3081 1856 qu'a
3114 1787 3438 1841 conﬁdentia

1882 1879 2153 1935 audebant
2189 1881 2243 1933 in
2282 1881 2598 1935 ebrietatem
2644 1893 2863 1933 causam
2903 1878 3184 1938 conferre,
3222 1891 3343 1932 cum
3376 1876 3443 1930 ad

1878 1971 2041 2040 pedes
2091 1970 2351 2026 haberent
2400 1985 2496 2025 eos
2522 1985 2552 2025 α
2583 1970 2780 2040 quibus
2827 1968 3195 2022 relutarentur
3223 1976 3276 2022 et
3307 1983 3443 2022 con-

1880 2061 2246 2124 vincerentur,
2283 2075 2477 2128 nempe
2508 2059 2652 2122 illos,
2705 2057 2798 2125 qui
2841 2057 3130 2112 audiebant
3158 2065 3210 2109 et
3243 2054 3445 2108 intelli-

1881 2131 2275 2217 gebant,‘quOd
2311 2147 2508 2218 linguis
2543 2149 2896 2217 loquerentur
2941 2153 2996 2201 et
3041 2161 3147 2200 non
3183 2145 3320 2199 ebrii
3359 2159 3446 2198 es—

1880 2241 2036 2293 sent?
2066 2237 2244 2308 Atque
2273 2236 2348 2290 ita
2373 2236 2595 2306 quidem
2626 2236 2824 2305 aliquis
2855 2235 3212 2302 disceptando
3244 2233 3442 2302 quaasi-
3494 2253 3496 2255 ν

1880 2329 2040 2385 verit.
2088 2329 2202 2398 Ego
2237 2343 2367 2382 vero
2415 2327 2758 2382 contrarium
2821 2312 2967 2380 dico.
3000 2322 3134 2379 Nam
3177 2324 3442 2394 siquidem

1881 2435 1988 2476 non
2025 2419 2420 2488 intelligebant,
2447 2433 2546 2473 nec
2570 2418 2890 2472 ebrietatem
2917 2407 3142 2485 quidem
3178 2414 3445 2480 objicien-

1884 2521 1963 2568 tes
2007 2511 2273 2566 miraculo
2324 2509 2699 2563 detrahebant.
2744 2505 2878 2560 Nam
2910 2522 3010 2560 cur
3043 2508 3203 2560 etiam
3246 2503 3444 2574 aliquis

1880 2602 2261 2666 calumnietur,
2287 2613 2440 2668 aquo
2466 2599 2611 2651 nulla
2637 2600 2884 2652 molestia
2906 2596 3172 2650 adiciatur
3188 2596 3224 2656 ?_
3242 2596 3447 2661 Quam-

1881 2694 2065 2748 obrem
2130 2693 2292 2760 etiam
2333 2688 2570 2754 “Lucas,
2627 2688 2982 2750 cavillantes,
3039 2687 3240 2755 inquit,
3286 2687 3443 2755 quasi

1881 2784 2271 2844 olitrcctautes,
2300 2781 2676 2848 criminantes.
2723 2779 3218 2834 Calumniabantur
3279 2779 3444 2846 igitur

1880 2873 2036 2944 quasi
2077 2869 2436 3015 intelligent?
2462 2872 2703 2940 quidem,
2732 2872 2826 2925 sed
2868 2887 2928 2926 ca
2968 2910 2982 2934 ,
3011 2887 3132 2940 qua:
3183 2871 3443 2923 diceban-

1882 2973 1988 3015 tur.
2020 2979 2126 3015 non
2163 2961 2391 3015 nrobant
2429 2976 2486 3014 s.
2528 2961 2813 3015 magniﬁca
2853 2974 3085 3015 namque
3135 2973 3301 3015 onera
3353 2957 3443 3011 Dei

1882 2973 1988 3029 tur,
2020 2979 2126 3018 non
2163 2957 2486 3035 probantes.
2528 2961 2813 3031 magniﬁca
2853 2974 3085 3029 namque
3135 2973 3301 3028 opera
3353 2957 3445 3011 Dei

1881 3055 1956 3109 illi
1977 3050 2458 3122 exponebant.‘Qui
2483 3065 2609 3119 ergo
2636 3067 2758 3104 cum
2787 3051 3168 3120 intelligerent,
3197 3050 3250 3103 in
3273 3049 3450 3103 ebrie-

212 3143 398 3196 καίτοι
463 3145 717 3196 κάκείνου
778 3145 1036 3211 ἀσφαλῶς
1091 3146 1489 3216 φθεγγομένου,
1549 3147 1778 3201 καὶτοῦ

1882 3155 2048 3202 tatem
2080 3142 2429 3198 conferebant
2461 3156 2546 3207 ea,
2581 3157 2703 3210 quae
2738 3141 3099 3195 dicebantur?
3150 3128 3446 3209 Permagna

211 3234 571 3304 χλευάζοντος
617 3234 941 3304 αἰτιωμένου
993 3236 1142 3305 ὅμως
1200 3237 1491 3301 ἀκούοντος
1523 3239 1614 3292 καὶ
1660 3257 1786 3294 συν-

215 3327 411 3384 ιέντος.
453 3324 678 3375 Ἐκεῖνοι
714 3323 770 3376 δὲ
824 3326 917 3377 καὶ
984 3325 1186 3391 μᾶλλον
1217 3325 1484 3400 ιθάρρουν
1532 3330 1784 3398 ἐγκαλεῖν

218 3415 428 3483 μέθην,
462 3417 542 3466 ὅτι
569 3417 659 3467 καὶ
692 3418 754 3483 τῇ
791 3415 895 3485 ἰδίᾳ
915 3417 1134 3488 γλώσσῃ
1160 3414 1471 3486 ἀκούοντες,
1528 3422 1620 3474 καὶ
1658 3421 1785 3484 τοὺς

214 3505 410 3567 ἄλλους
438 3505 514 3574 μὴ
527 3504 764 3558 συνιέναι
782 3506 1112 3573 νομίζοντες,
1143 3507 1236 3560 ἅτε
1255 3507 1319 3577 δὴ
1352 3509 1785 3576 ἐτερογλώσσους

214 3592 398 3654 ὄντας.
442 3592 606 3645 Αὐτοὶ
637 3592 738 3661 μὲν
786 3595 896 3662 γὰρ
945 3597 1196 3649 συνίεσαν
1221 3596 1290 3649 τὰ
1333 3597 1633 3669 λεγόμενα·
1662 3602 1784 3663 τοὺς

215 3685 272 3736 δὲ
311 3683 535 3746 λοιποὺς
562 3724 575 3747 ,
597 3684 666 3737 δι’
699 3682 790 3748 οὒς
814 3685 908 3737 καὶ
940 3685 1110 3757 μέθην
1139 3686 1452 3756 ἐχλεύαζον,
1487 3688 1549 3741 τὸ
1599 3688 1785 3757 θαῦμα

215 3777 317 3830 οὐκ
370 3775 623 3845 ἐνόμιζον
674 3777 925 3830 συνιέναι.
956 3776 1168 3848 Ὠσπερ
1211 3780 1320 3849 γὰρ
1361 3780 1446 3833 ὅτε
1479 3760 1785 3846 ὲξέϐαλενό

209 3869 498 3936 ’Δεσπότης
543 3868 608 3920 τὰ
654 3868 929 3937 δαιμόνια,
953 3867 1201 3940 συνίεσαν
1233 3871 1330 3937 μὲν
1351 3871 1442 3921 καὶ
1471 3870 1696 3922 ἔϐλεπον
1717 3871 1783 3924 τὰ

214 3956 751 4025 ⁶ιιρατουργήματα,
807 3955 925 4008 δέον
971 3947 1037 4008 δὲ’
1078 3957 1284 4027 ὑμνεῖν,
1338 3959 1416 4021 εἰς
1460 3958 1784 4023 Βεελζεϐοὺλ

216 4049 560 4117 ὲνδιέσυρον,
601 4047 694 4099 καὶ
746 4048 936 4112 νόσους
991 4048 1169 4111 πάσας
1222 4051 1318 4103 καὶ
1369 4050 1514 4121 πάθη
1553 4052 1784 4123 ὁρῶντες

217 4138 656 4210 θεραπευόμενα,
679 4138 778 4201 τὰς
804 4138 1246 4210 θαυματουργίας
1277 4140 1472 4207 φθόνου
1494 4145 1589 4196 καὶ
1623 4160 1783 4196 συκο-

219 4231 456 4300 φαντίας
482 4231 577 4283 καὶ
644 4229 804 4299 φόνου
859 4229 991 4298 ὓλην
1019 4231 1322 4284 ἐποιοῦντο.
1359 4230 1513 4285 Οΰτω
1543 4233 1637 4285 καὶ
1667 4234 1784 4299 νῦν,

217 4320 563 4392 ἀρνήσασθαι
596 4321 671 4393 μὴ
705 4321 919 4391 ἔχοντες
940 4322 999 4374 τὸ
1053 4323 1355 4391 παράδοξον
1385 4324 1474 4377 καὶ
1510 4325 1785 4394 ὑπερφυὲς

217 4413 325 4464 τῶν
356 4413 644 4479 γλωσσῶν,
695 4414 847 4483 ὅμως
874 4414 954 4475 εἰς
987 4413 1158 4484 μέθην
1194 4414 1255 4467 τὸ
1289 4412 1474 4483 θαῦμα
1508 4415 1786 4488 διασύρειν

1884 3236 2153 3291 amentia:
2183 3241 2403 3303 propter
2441 3233 2712 3301 ingentem
2749 3232 3155 3286 crudelitatem.
3203 3228 3318 3283 Mos
3361 3238 3445 3284 est

1882 3327 2025 3382 enim
2061 3324 2416 3387 multitudini,
2450 3333 2532 3386 ut,
2567 3324 2611 3376 si
2636 3336 2743 3374 non
2770 3323 2962 3390 probet
2991 3337 3074 3383 ea,
3100 3336 3222 3388 qua:
3250 3313 3447 3374 dicuné

1882 3425 1989 3481 tur,
2022 3414 2288 3478 daemonio
2321 3419 2630 3481 correptum
2654 3428 2776 3466 esse
2812 3421 2865 3466 et
2899 3412 3141 3466 insanire
3165 3421 3326 3480 atque
3355 3409 3447 3464 dc-

1881 3509 2045 3571 lirare
2085 3515 2231 3577 putet
2264 3505 2554 3570 dicentem,
2604 3513 2695 3558 aut
2743 3505 2796 3557 in
2851 3499 3184 3558 ebrietatem
3220 3517 3445 3556 causam

1887 3601 2155 3666 confcral,
2188 3609 2240 3654 et
2268 3614 2454 3653 senon
2494 3597 2792 3666 intelligere
2825 3597 3066 3659 simulet,
3102 3610 3224 3665 quae
3254 3595 3446 3648 dican-

1885 3702 2018 3746 tur:
2059 3691 2274 3745 tametsi
2333 3697 2386 3742 et
2425 3688 2514 3742 ille
2546 3697 2690 3741 recte
2720 3696 2773 3740 et
2809 3687 3016 3755 integre
3068 3689 3344 3757 loquitur,
3382 3693 3438 3740 et

1883 3782 2163 3838 cavillator
2191 3780 2404 3839 etiamsi
2440 3779 2784 3840 criminetur,
2823 3785 3006 3831 tamen
3059 3778 3244 3830 audiat
3279 3784 3332 3830 et
3362 3777 3447 3830 in-

1884 3875 2105 3941 telligat.
2141 3869 2214 3924 Illi
2248 3885 2370 3924 vero
2399 3869 2566 3938 magis
2595 3868 2758 3922 etiam
2790 3867 3059 3920 audebant
3124 3866 3444 3921 ebrietatem

1883 3963 2142 4031 objicere.
2166 3959 2309 4028 quod
2338 3966 2391 4012 et
2415 3974 2512 4013 sua
2547 3957 2728 4025 lingua
2761 3956 3073 4021 audiebant,
3098 3966 3155 4010 et
3184 3955 3342 4018 alios,
3379 3965 3442 4010 ut

1887 4053 2133 4122 homines
2168 4051 2426 4105 nimirum
2462 4050 2692 4104 diversze
2726 4049 2946 4120 linguae,
2992 4064 3099 4103 non
3146 4048 3447 4116 intelligere

1887 4143 2173 4214 putabant.
2205 4139 2340 4196 Nam
2390 4140 2491 4211 ipsi
2536 4140 2754 4211 quidem
2801 4139 3176 4209 intelligebant
3215 4150 3277 4192 ea
3325 4152 3458 4204 quae

1886 4236 2242 4299 dicebanturj:
2280 4233 2521 4300 reliquos
2576 4239 2780 4293 autem,
2829 4240 3052 4299 propter
3099 4244 3242 4300 quos
3278 4229 3444 4284 etiam

1847 4344 1849 4346 ·
1885 4325 2200 4378 ebrietatem
2225 4323 2542 4376 cavillantes
2569 4321 2877 4391 (apostolis)
2900 4319 3256 4389 objicicbant,
3277 4321 3446 4373 mira-

1888 4417 2069 4472 culum
2125 4414 2429 4483 intclligcre
2476 4428 2583 4467 non
2632 4413 2911 4481 putabant.
2975 4409 3444 4473 Quemadmodum

197 4502 630 4570 ,ἀπετόλμησαψ
678 4503 821 4572 Ὅρα
875 4504 932 4556 δὲ
993 4505 1086 4558 καὶ
1148 4508 1508 4575 κακουργίαν.
1565 4511 1782 4579 Ἐπειδὴ

1887 4509 2207 4571 enini,cum
2248 4504 2506 4556 Dominus
2559 4501 2781 4568 ejiceret
2829 4499 3120 4563 daamonia,
3175 4498 3445 4566 intellige-

217 4591 484 4645 ἀπίθανον
508 4585 576 4660 ἦν
597 4590 657 4644 τὸ
670 4591 888 4660 μεθύειν
919 4594 976 4645 ὲν
1006 4593 1124 4663 ὥρᾳ
1147 4595 1370 4666 τοιαύτῃ
1387 4636 1401 4660 ,
1431 4600 1524 4649 καὶ
1555 4599 1788 4666 μάλιστα

218 4683 546 4756 ἀνθρώπους
563 4684 620 4737 ἐν
649 4682 912 4748 κινδύνοις
929 4683 1022 4737 καὶ
1041 4685 1226 4753 φόϐοις
1249 4685 1688 4758 ἐξεταζομένους,
1719 4693 1785 4761 τῇ

222 4776 471 4845 ποιότητι
504 4774 566 4827 τὸ
597 4775 705 4827 πᾶν
754 4775 1140 4845 ἐπιγράφουσι,
1179 4778 1468 4842 Γλεύκους,
1512 4779 1783 4849 λέγοντες,

221 4864 636 4935 μεμεστωμένοι
672 4851 858 4938 εἰσίν..
874 4866 1042 4921 Ἔνθα
1074 4868 1183 4938 γὰρ
1232 4870 1510 4941 ἰταμότης,
1552 4870 1610 4923 ἓν
1637 4870 1790 4941 ζητεῖ

224 4958 383 5023 μόνον
410 4957 605 5022 εἰπεῖν,
637 4957 726 5008 ὅτι·
745 4957 966 5024 δήποτε,
1014 4961 1112 5029 οὐχ
1142 4963 1289 5024 ὅπως
1320 4979 1372 5013 τι
1400 4963 1559 5030 λόγου
1592 4964 1785 5033 ἐχόμε-

221 5063 308 5097 νον
337 5049 485 5100 εἴποι
508 5065 524 5078 ·
562 5048 648 5103 διὰ
672 5047 830 5103 τοῦτο
861 5050 957 5103 καὶ
983 5049 1012 5102 ὃ
1032 5051 1246 5104 δοκοῦσι
1280 5055 1786 5123 περιεσκιασμένως

221 5138 416 5200 εἰπεῖν,
454 5140 657 5210 πολλῆς
704 5142 894 5207 ἀνοίας
942 5145 1104 5213 γέμει
1154 5144 1247 5196 καὶ
1286 5143 1506 5213 μανίας.
1548 5144 1689 5213 Ὀρα
1727 5145 1784 5196 δὲ

220 5230 317 5299 τὴν
353 5230 558 5282 κακίαν
591 5235 686 5284 καὶ
705 5234 814 5286 ἀπὸ
835 5234 929 5287 τοῦ
959 5235 1152 5306 χρόνου
1205 5237 1299 5290 καὶ
1334 5234 1434 5306 τῆς
1458 5235 1606 5305 ὥρας
1628 5235 1782 5303 ἐλεγ-

223 5319 476 5390 χομένην.
513 5318 602 5371 Ἐν
630 5322 699 5390 τῇ
722 5322 1074 5397 Πεντηκοστῇ
1121 5325 1285 5379 πόθεν
1311 5324 1576 5394 γλεῦκοςς
1617 5323 1780 5377 Γλεΰ-

223 5419 313 5476 ao;
331 5411 440 5483 γὰρ
463 5410 683 5480 λέγεται
712 5413 739 5464 ὁ
768 5413 886 5477 νέος
911 5412 1072 5480 οἶνος.
1120 5415 1256 5471 Εἶτα
1308 5419 1447 5488 μέθη
1488 5417 1777 5487 διαφόρους

224 5503 468 5573 γλώσσας
484 5501 774 5573 didascth
807 5505 900 5559 καὶ
925 5511 1032 5576 τὴν
1061 5509 1283 5563 οὗσαν¹⁶
1311 5509 1595 5580 ἁφανίξεις
1635 5511 1775 5579 Ὅρα

1849 4599 2017 4650 -hant
2040 4595 2261 4664 quidem
2302 4601 2356 4648 et
2381 4591 2638 4652 videbant
2660 4590 2930 4659 prodigia,
2953 4603 3073 4658 qua:
3105 4588 3324 4652 ﬁebant,
3352 4589 3446 4644 sed

1886 4703 2008 4744 cum
2056 4685 2278 4741 laudare
2320 4683 2603 4745 deberent,
2641 4681 2921 4736 Beelzebul
2956 4681 3030 4734 illi
3089 4678 3448 4746 objiciebant,

1886 4770 2104 4836 morbos
2142 4779 2268 4834 item
2303 4792 2494 4831 omnes
2524 4784 2577 4830 et
2613 4773 2926 4828 aﬂectiones
2959 4786 3081 4825 cum
3127 4769 3309 4823 curari
3364 4770 3447 4823 vi-

1884 4875 2096 4935 derent,
2142 4886 2207 4924 ex
2253 4868 2500 4921 mirillcis
2530 4864 2787 4933 operibus
2817 4862 3032 4917 invidize
3074 4869 3128 4916 et
3157 4861 3448 4916 calumnia:

1882 4973 1937 5018 et
1966 4961 2130 5016 caedis
2163 4960 2445 5035 materiam
2484 4956 2791 5011 sumebant.
2841 4953 2920 5008 ita
2954 4955 3119 5031 etiam
3166 4969 3337 5018 nunc,
3361 4963 3446 5007 et-

1884 5056 1930 5111 si
1951 5069 2058 5110 non
2086 5059 2338 5122 poterant
2373 5065 2571 5123 negare
2592 5050 2938 5120 inOpinatum
2987 5047 3141 5113 illud,
3191 5046 3444 5114 quodque

1881 5155 2132 5200 naturam
2157 5142 3020 5213 superabatdonumlinguarum,
3051 5147 3230 5190 tamen
3265 5138 3445 5192 ebrie-

1882 5244 2045 5290 tatem
2108 5233 2433 5304 objiclentes
2475 5232 2740 5287 miraculo
2786 5231 3094 5283 obtrectare
3141 5226 3436 5279 audebant.

1886 5326 2267 5381 Animadverte
2331 5335 2508 5380 autem
2585 5324 2746 5378 etiam
2822 5320 3110 5375 malitiam.
3172 5317 3438 5383 Quoniam

1885 5418 2028 5472 enim
2063 5419 2210 5473 dictu
2240 5417 2534 5473 absurdum
2561 5423 2616 5469 et
2643 5428 2752 5468 non
2782 5412 3066 5482 probabile
3096 5416 3213 5462 erat
3243 5408 3295 5460 in
3341 5407 3436 5459 tali

1884 5512 2015 5565 hora
2049 5512 2228 5567 ebrios
2251 5526 2394 5576 esse,
2449 5505 2750 5579 prarscrtim
2793 5505 3060 5568 homines,
3093 5513 3228 5570 quos
3257 5497 3314 5554 in
3347 5513 3441 5571 pe-

1402 5669 1600 5730 Variee
1636 5669 1941 5730 lectiones
1974 5673 2030 5730 et
2059 5674 2244 5729 noun.

300 5793 344 5826 “
370 5797 454 5850 ἶσ.
492 5797 725 5862 ἡκακία.
803 5797 844 5828 ⁸⁵
877 5770 1227 5863 ἀρέσκεσθαι,
1261 5805 1394 5849 erat.
1477 5795 1746 5860 "ouaiav,
1772 5803 1910 5847 erat.
