4064 6340
180 302 290 369 541
905 299 1310 362 EXPOSITIO
1342 298 1422 359 ΙΝ
1463 297 1654 358 ACTA
1681 287 2360 360 APO‘STOLORUM..—
2394 301 2554 364 CAP.
2599 301 2684 361 II.
2908 340 2913 344 -
3320 303 3429 370 διε

177 415 504 486 θυγατέρες
531 413 715 485 ὑμῶν,
761 413 861 467 καὶ
884 414 939 467 ol
982 411 1294 488 νεανίσκοι
1323 408 1489 479 ὑμῶν
1511 407 1753 478 ὁράσεις

1860 409 2017 462 vestri
2049 409 2160 478 26
2192 409 2415 463 visiones
2453 410 2722 476 videbunt,
2764 421 2810 466 et
2841 415 3071 468 seniores
3109 411 3267 469 vestri
3290 429 3439 471 som-

175 511 215 563 6
227 513 442 581 ψονται
464 547 481 572 ,
539 509 635 562 καὶ
696 509 750 562 οί
808 507 1195 576 πρεσϐύτεροι
1278 501 1445 575 ὑμῶν
1510 503 1764 559 ἐνύπνια

852 507 1195 576 ρεσϐὐτεροι
1278 501 1445 575 ὑμῶν
1510 503 1764 559 ἐνύπνια
1865 501 1966 555 niis
1994 503 2389 570 occupabantur
2417 502 2457 555 ί.

175 598 799 662 ἐνυπνιασθήσονται.
3157 652 3164 658 ν

259 692 374 746 Καί
398 708 463 761 τε
501 690 619 723 ¹¹·¹³
647 690 746 743 ἐπὶ
781 689 925 758 τοὺς
951 689 1216 754 δούλους
1250 705 1370 759 μου
1404 687 1501 741 καὶ
1532 685 1630 740 ἐπὶ
1655 685 1762 751 τὰς
1861 688 1864 756 ς

1861 686 1904 756 ιι
1940 685 2106 742 Vens.
2144 685 2231 739 18.
2264 684 2333 738 Et
2368 684 2576 755 quidem
2601 696 2760 763 super
2789 702 2964 742 servos
3007 703 3146 741 meos
3202 697 3258 742 et
3282 702 3433 754 super

178 782 417 847 δούλας
440 797 563 850 μου
589 781 661 834 ἐν
693 779 822 847 ταῖς
855 780 1102 852 ἡμέραις
1130 767 1388 842 ἐκείναις
1418 775 1607 847 ἐκχεῶ
1639 775 1760 830 ἀπὸ

1863 778 2088 833 ancillas
2124 793 2266 832 meas
2317 778 2371 830 in
2413 776 2595 832 diebus
2643 778 2752 832 illis
2807 777 3076 847 effundam
3119 777 3182 833 de
3229 777 3432 849 Spiritu

174 872 296 929 τοῦ
328 873 673 943 Πνεύματός
702 889 822 943 μου
847 911 862 937 ,
900 872 1002 926 καί
1030 859 1582 942 προφητεύσουσιν.

902 872 1002 926 καί
1030 859 1582 942 προφητεύσουσιν.
1863 888 1997 938 meo,
2029 880 2078 925 et
2103 870 2507 940 propltetabunt.

255 964 512 1036 οὐδαμοῦ
535 965 672 1028 τέως
695 964 868 1034 ὄνομα
892 964 986 1020 τοῦ
1013 963 1249 1041 Χριστοῦ
1265 1004 1280 1028 ,
1307 963 1430 1016 οὐδὲ
1456 960 1759 1031 ἐπαγγελία

1931 963 2212 1034 Nusquam
2245 964 2462 1017 interim
2496 977 2692 1022 nomen
2726 963 2951 1027 Christi,
2993 977 3168 1032 neque
3206 962 3431 1032 promis-

172 1055 384 1120 αὐτοῦ,
415 1057 552 1110 ἀλλά
586 1055 682 1111 τοῦ
713 1055 983 1127 Πατρὸςή
1010 1055 1334 1124 ἐπαγγελία.
1371 1054 1515 1125 Ὅρα
1542 1053 1600 1107 δὲ
1631 1054 1757 1106 σύν-

1861 1070 1980 1110 sum
2031 1053 2202 1116 illius,
2269 1052 2364 1108 sed
2399 1052 2575 1108 Patris
2636 1055 2991 1123 promissum.
3045 1051 3180 1108 Vide
3244 1063 3425 1106 autem

172 1161 266 1196 εσ.
291 1162 323 1196 ο.
364 1143 440 1198 Οὐ
485 1143 735 1216 παρῆλθε
780 1143 875 1198 καὶ
903 1139 1056 1198 εἶπεν
1093 1142 1296 1208 εὐθέως
1331 1144 1399 1198 τά
1438 1145 1579 1196 κατά
1619 1143 1756 1211 Χρι-

1860 1145 2230 1216 prudentiam.
2329 1143 2444 1198 Non
2517 1144 2717 1212 prodiit
2772 1160 2835 1198 ac
2901 1145 3086 1200 statim
3149 1144 3288 1198 dixit
3345 1159 3429 1210 ea,

173 1236 312 1289 στὺν
331 1276 346 1300 ,
368 1237 450 1290 ὅτι
479 1223 716 1301 Ἐκεῖνος
752 1239 888 1306 ἡμῖν
921 1237 1059 1308 μετά
1084 1237 1146 1290 τὸ
1175 1235 1553 1306 σταυρωθῆναι
1584 1235 1758 1287 ταῦτα

1858 1253 1980 1308 qua:
2025 1237 2092 1291 ad
2137 1237 2418 1291 Christum
2455 1225 2838 1306 pertinebant,
2871 1247 3100 1305 nempe:
3147 1235 3240 1290 llle
3277 1236 3431 1289 nobis

171 1327 578 1397 ἐπηγγείλατο.
607 1330 679 1382 Ἦ
713 1327 821 1400 γάρ
852 1331 920 1385 ἀν
963 1327 1135 1393 οὕτως
1172 1321 1362 1391 είπὼν,
1408 1328 1585 1382 πάντα
1633 1326 1756 1380 ἀνέ⁴

1857 1343 2118 1400 ex;quo
2181 1330 2478 1385 cruciilxus
2543 1337 2664 1394 cst,
2745 1330 2858 1384 lucc
2939 1329 3208 1398 promisit.
3298 1325 3428 1380 Nam

169 1423 386 1494 τρεψε·
414 1424 619 1495 καίπερ
649 1425 811 1478 licth
847 1418 917 1496 ἦν
943 1423 1114 1491 δεῖξαι
1157 1423 1320 1478 αὐτοῦ
1370 1422 1470 1494 τὴν
1503 1421 1753 1493 θεότητα,

1859 1420 2127 1493 proiecto.
2180 1421 2226 1475 si
2265 1422 2337 1475 ita
2363 1421 2611 1486 dixisset,
2653 1421 2838 1474 omnia
2894 1418 3202 1478 evertisset.
3243 1433 3435 1487 quam-

171 1513 322 1568 ἀλλὰ
371 1514 769 1586 ἀπιστούμενα.
803 1516 876 1569 Τδ
918 1515 976 1569 δὲ
1010 1514 1367 1587 ζητούμενον,
1395 1512 1756 1582 πιστευθῆναι

1857 1531 2020 1584 quant
2061 1512 2386 1569 suillcientia
2421 1520 2584 1566 erant
2639 1509 2705 1564 ad
2756 1509 3248 1564 demonstrandum
3287 1509 3431 1562 illius

166 1597 277 1671 ἦν’
322 1601 398 1676 μὴ
439 1605 810 1674 πιστευόμενα
857 1603 940 1669 δὲ,
977 1604 1412 1674 καταλευσθῆναι
1445 1603 1512 1657 ἂν
1556 1602 1756 1665 αὐτοὺς

1855 1606 2144 1669 Deitatem,
2182 1604 2276 1661 sed
2303 1619 2412 1658 non
2463 1601 2851 1659 credebantur.
2885 1591 3076 1668 Porro,
3115 1602 3258 1670 quod
3285 1601 3432 1654 desi-

163 1695 424 1768 ἐποίησε.
465 1696 575 1760 re;
622 1696 856 1768 ἀπορίας
903 1697 1033 1752 ἄλλο
1073 1697 1136 1751 οὐ
1194 1696 1330 1763 λύει,
1383 1697 1415 1767 ἢ
1475 1695 1751 1767 μαρτυρία

1821 1697 2169 1768 λάοταὺιιῑιιιν,
2225 1697 2332 1752 hoc
2372 1703 2490 1751 erat
2539 1695 2821 1761 nimirum,
2868 1693 3080 1748 utlldes
3115 1692 3426 1754 haberetur,

164 1788 512 1859 προφητική.
563 1788 734 1842 Ὅταν
773 1783 883 1844 ὀὖν
934 1787 1220 1859 ἀνακύπτῃ
1268 1805 1324 1841 τι
1354 1787 1466 1841 τῶν
1521 1787 1746 1857 ἀπόρων

1822 1765 1906 1847 ι(ξι
1936 1789 2289 1846 crederentur
2333 1804 2457 1845 esse
2495 1802 2647 1852 vera,
2703 1802 2827 1858 qua:
2888 1785 3235 1841 dicebantur.
3273 1784 3427 1850 Quod

166 1875 546 1949 ζητημάτων,
599 1879 676 1950 μὴ
724 1878 1077 1951 καταφεύγῃς
1117 1879 1210 1932 ἐπὶ
1256 1879 1385 1941 τοὺς
1429 1877 1746 1949 λογισμούς.

1851 1883 1898 1941 si
1945 1898 2075 1939 vera
2121 1897 2244 1940 esse
2283 1897 2393 1937 non
2426 1879 2806 1946 crederentur,
2853 1877 2969 1933 ﬁeri
3020 1878 3308 1948 potuisset.
3374 1888 3431 1931 ut

179 1970 550 2041 Ἐνθυμήσεις
605 1971 716 2043 γάρ
759 1972 1036 2042 λογισμῶν
1091 1972 1184 2024 καὶ
1229 1970 1624 2042 ἀνατρέπονται
1653 1971 1750 2024 καὶ

1859 1978 2127 2051 lapidibus
2183 1975 2568 2031 obruerentur.
2630 1972 3029 2042 Ambigituates
3083 1969 3220 2024 nihil
3281 1968 3427 2021 aliud

163 2060 546 2127 συνίστανται,
591 2061 728 2116 Θεοῦ
766 2060 823 2116 δὲ
888 2059 1071 2132 φωνὴν
1106 2059 1200 2125 τίς
1253 2060 1407 2126 λύεις
1472 2060 1748 2131 Λογισμδς

1850 2063 2034 2126 solvit,
2059 2075 2223 2131 quam
2256 2059 2640 2115 testimonium
2669 2057 3072 2127 pr0pheticum.
3103 2053 3236 2109 Cttm
3268 2054 3428 2123 igitur

163 2152 398 2205 λύεται·
430 2151 631 2224 Τραφὴ
664 2153 725 2206 ού
785 2151 995 2207 λύεται.
1035 2146 1379 2216 Dianai-nev,
1441 2151 1646 2221 Ἐκχεῶ
1685 2151 1748 2204 τὸ

1848 2153 2068 2210 exsistit
2094 2151 2276 2222 aliqua
2316 2144 2550 2221 quaestio
2586 2147 3006 2219 inexplicabilis,
3051 2161 3118 2199 ne
3143 2143 3427 2212 coniugias

161 2242 404 2314 Πνεῦμά
432 2261 568 2315 μου,
601 2242 719 2297 ἀλλ’
778 2243 886 2298 ἀπὸ
914 2243 1008 2298 τοῦ
1053 2242 1371 2312 Πνεύματός
1402 2260 1529 2315 μου.
1569 2242 1645 2295 Ού
1684 2243 1747 2296 τὸ

1849 2247 1918 2300 ad
1959 2247 2219 2300 rationes.
2257 2241 2518 2297 Rationes
2581 2241 2728 2296 enim
2762 2238 3083 2308 excogitatae
3115 2244 3226 2290 tam
3270 2250 3425 2290 ever-

165 2261 404 2314 ιινευμα
432 2261 568 2315 μου,
601 2261 716 2297 αλλ’
778 2261 886 2298 απο
914 2261 1008 2298 του
1053 2261 1371 2312 ιινευματος
1443 2261 1529 2298 ου.
1569 2261 1645 2295 υυ
1684 2261 1747 2296 το

161 2335 402 2407 Πνεῦμα
428 2337 692 2406 ἐκχεῖται,
727 2335 910 2406 ἀλλ’θὴ
942 2335 1124 2407 δωρεά
1152 2337 1246 2389 τοῦ
1279 2261 1615 2405 Πνεύιματος,
1654 2335 1746 2389 ἐπὶ

1849 2261 1918 2300 aa
1959 2261 2219 2300 rationes.
2257 2261 2518 2297 nationes
2581 2261 2728 2296 enim
2762 2261 3083 2308 excuguau:
3118 2261 3226 2290 tatu
3270 2261 3425 2290 ωει-

1849 2345 2060 2402 tuntur,
2092 2351 2258 2406 quam
2312 2333 2715 2404 approbantur,
2769 2330 2863 2386 sed
2893 2329 3014 2384 .Dei
3050 2341 3249 2404 vorem
3303 2326 3425 2394 quis

163 2426 351 2479 πᾶσαν
386 2425 585 2495 σάρκα,
633 2424 835 2497 δηλαδὴ
863 2425 965 2496 τὴν
1010 2412 1405 2491 πιστεύσασαν,
1440 2425 1743 2490 τουτέστιν,

1845 2428 2045 2485 solvit?
2069 2426 2230 2482 Ratio
2249 2425 2512 2482 solvitur:
2561 2422 2844 2494 Scriptura
2873 2435 2984 2476 non
3016 2419 3266 2476 solvitur.
3307 2415 3423 2471 Non

163 2519 263 2572 ἐπὶ
291 2517 365 2572 τὰ
391 2517 519 2589 ἔθνη
541 2535 560 2552 ο
591 2516 707 2573 ἀλλ’
749 2517 962 2572 οὐδέπω
988 2517 1128 2581 τέως
1156 2517 1534 2572 ἀποκαλύπτει
1558 2518 1745 2583 αὐτοῖς

1845 2519 2014 2576 dixit:
2064 2517 2352 2592 Ell‘undsm
2387 2517 2655 2589 Spiritum
2690 2530 2894 2580 meum,
2943 2514 3065 2598 sed,
3111 2513 3178 2568 de
3211 2510 3443 2604 Spiritu

159 2607 346 2663 τοῦτο.
388 2609 462 2664 Τὸ
497 2609 580 2677 δὲ,
606 2607 698 2663 ἐπὶ
743 2609 927 2665 πᾶσαν
972 2607 1172 2682 σάρκα,
1203 2609 1387 2664 δίδωσι
1435 2611 1532 2665 καὶ
1561 2611 1744 2673 αὐτοῖς

1844 2626 1988 2665 meo.
2022 2609 2265 2680 Spiritus
2297 2624 2408 2664 non
2445 2607 2762 2672 eﬂbnditur,
2791 2606 2889 2662 sed
2917 2607 3121 2662 donum
3158 2603 3420 2673 Spiritus.

162 2701 391 2766 ἐλπίδας
415 2700 684 2772 χρηστάς.
706 2701 817 2755 Καὶ
839 2701 941 2757 ούκ
969 2701 1195 2772 ἀφίησιν
1213 2700 1345 2756 ἴδιον
1365 2702 1546 2757 αὐτῶν
1579 2701 1742 2772 μόνον

1845 2703 2022 2774 Super
2059 2684 2278 2778 omnem
2332 2715 2592 2768 carnem,
2625 2700 2881 2756 videlicet
2933 2714 3054 2770 quae
3103 2695 3420 2760 crediderit,

161 2787 306 2846 εἶναι
334 2793 402 2846 τὸ
441 2791 847 2863 πλεονέκτημα,
885 2792 1069 2866 ταύτῃ
1095 2793 1194 2847 καὶ
1247 2793 1340 2848 τὸν
1387 2792 1581 2863 φθόνον
1609 2795 1742 2847 ὑπο-

161 2881 518 2942 τεμνόμενος.
544 2882 684 2942 ὀρα
702 2883 760 2937 δὲ
785 2884 900 2942 πῶς
924 2884 1180 2942 διάφορος
1200 2885 1232 2942 ἦ
1257 2883 1350 2937 τοῦ
1383 2886 1537 2942 ἁγίου
1569 2884 1742 2938 Πνεύ-

1844 2798 1947 2853 hoc
1983 2805 2090 2864 est,
2124 2795 2297 2942 sutSer
2318 2802 2550 2866 gentes:
2576 2792 2672 2850 sed
2706 2793 2922 2848 interim
2947 2790 3191 2846 nondum
3219 2787 3422 2854 detegit

1844 2889 1951 2942 illis
1974 2889 2097 2942 hoc.
2131 2886 2212 2942 llo
2280 2896 2486 2942 autem.
2513 2885 2656 2942 uuod
2683 2884 2834 2942 dicit.
2858 2881 3033 2942 Super
3063 2893 3277 2936 onmem
3302 2893 3422 2932 car-

159 2881 518 2950 τεμνόμενος.
544 2882 684 2954 Ὅρα
702 2883 760 2937 δὲ
785 2884 900 2948 πῶς
924 2884 1180 2955 διάφορος
1200 2885 1233 2954 ἡ
1257 2883 1350 2937 τοῦ
1383 2886 1537 2952 ἁγίου
1569 2884 1742 2938 Πνεύ-

1844 2889 1951 2945 illis
1974 2889 2097 2943 hoc.
2131 2881 2245 2943 11οὸ
2280 2896 2486 2951 autem,
2513 2885 2656 2956 quod
2683 2884 2834 2949 dicit,
2858 2881 3033 2953 Super
3063 2893 3277 2936 onmem
3302 2893 3422 2932 car-

164 2991 337 3044 ματος
367 2975 733 3045 ἀποκάλυψις.
793 2975 854 3029 '0
891 2977 990 3045 μὲν
1050 2975 1409 3048 προφητεύει,
1452 2977 1590 3047 ἔχων
1642 2963 1739 3031 τοῦ

1840 2997 1989 3045 nem,
2033 2960 2378 3050 etiam-ipsis
2425 2979 2625 3035 bonam
2660 2992 2814 3048 spem
2852 2969 3006 3042 facit,
3039 2982 3094 3030 et
3141 2988 3249 3027 non
3289 2970 3421 3024 sinit

165 3067 484 3138 Πνεύματος
505 3069 606 3139 τὴν
623 3067 783 3139 χάριν
802 3083 818 3100 ⁸
849 3067 1006 3132 ἄλλος
1035 3069 1243 3124 ἀτονῶν
1269 3069 1408 3142 πρὸς
1432 3069 1493 3122 τὸ
1532 3069 1741 3140 ύπηρε-
1766 3112 1770 3143 ι

1822 3073 2088 3143 ipsorum
2125 3070 2389 3125 duntaxat
2421 3070 2698 3141 proprium
2745 3085 2867 3126 esse
2899 3066 3282 3130 commodum,
3318 3063 3420 3118 hoc

161 3161 433 3230 τήσασθαι
459 3161 692 3234 τοιούτῳ
732 3163 1043 3232 πράγματι,
1077 3161 1342 3238 λ-αμῦἀνει
1374 3164 1436 3216 τὸ
1472 3163 1583 3216 τῶν
1607 3159 1743 3235 ὁρᾶ-ἐ

1845 3164 2008 3220 modo
2035 3164 2199 3219 etiam
2227 3163 2486 3218 invidiam
2520 3162 2841 3232 prtecidens.
2873 3160 3010 3215 Vide
3041 3169 3221 3213 autem
3253 3171 3416 3228 quam

164 3267 300 3304 σεων
324 3268 337 3282 °
371 3253 447 3315 ὡς
485 3248 624 3307 εἶδεν
657 3254 791 3325 ἕκτῃ
820 3245 1073 3324 ὦρᾳτὴν
1111 3253 1294 3306 εἰκόνα
1331 3255 1360 3306 ὁ
1390 3253 1630 3326 Πέτροςο
1667 3254 1745 3319 ὡς

1841 3258 2058 3312 diversa
2095 3271 2158 3310 ac
2187 3255 2338 3309 varia
2386 3254 2457 3309 sit
2499 3255 2677 3310 sancti
2707 3253 2947 3323 Spiritus
2987 3251 3275 3307 revelatio.
3317 3249 3419 3307 llic

161 3342 188 3394 ό
229 3343 528 3414 Κορνήλιος
559 3343 756 3416 ὲννάτῃ
781 3343 903 3417 ὥρα
931 3342 1039 3401 εἶδε
1061 3345 1154 3400 τὸν
1190 3346 1444 3416 ἄγγελον.
1478 3347 1552 3400 Τὸ
1581 3348 1639 3400 ἐν
1675 3330 1740 3416 τῇ

1840 3349 2056 3419 quidem
2079 3346 2309 3418 adeptus
2330 3347 2562 3418 gratiam
2597 3346 2858 3417 Spiritus,
2891 3347 3217 3416 prophetat:
3253 3344 3421 3406 alius,

162 3435 359 3506 καρδίᾳ
381 3435 443 3490 ού
475 3437 692 3505 λέγεται
730 3439 938 3510 ὅραμα,
975 3439 1089 3494 ἀλλ’
1112 3440 1322 3510 ὅρασις.
1355 3438 1588 3503 Ἀλλως,
1611 3438 1738 3510 βλέ-

1837 3440 1928 3495 cui
1965 3440 2111 3495 vires
2140 3455 2248 3494 non
2286 3447 2609 3510 snppetunt,
2643 3447 2701 3493 ut
2735 3439 2827 3491 tali
2880 3431 3187 3491 ministerio
3224 3435 3417 3504 iunga-

162 3543 251 3578 πει
280 3543 365 3590 τις
388 3528 599 3597 ὅρασιν,
629 3525 706 3592 ὣς
734 3545 900 3600 φησιν
926 3531 954 3583 ὁ
978 3529 1143 3600 ὀρῶν’
1185 3530 1400 3595 Βάδιζε,
1435 3531 1613 3595 ἄλλως
1651 3532 1730 3597 δὲ,

1860 3550 1952 3599 ur,
1997 3533 2432 3603 accipitdonum
2457 3532 2764 3587 visionum:
2804 3537 2862 3584 ut
2891 3528 3030 3583 vidit
3079 3527 3213 3582 hora
3262 3532 3414 3580 sexta
3459 3600 3465 3607 .

160 3619 217 3671 ού
247 3619 314 3689 τῇ
344 3617 468 3686 ὕψει
496 3619 719 3691 θεωρῶν
747 3620 809 3673 τὸ
856 3619 1144 3693 θεώρημα,
1188 3621 1385 3700 ἄλλως,
1429 3623 1558 3679 ὅταν
1605 3623 1730 3679 ἐνύ-

1840 3623 2036 3680 Petrus
2086 3623 2376 3694 imaginem
2416 3623 2609 3678 lintei:
2646 3629 2705 3676 ut
2739 3620 3029 3678 Cornelius
3077 3620 3210 3674 hora
3268 3629 3413 3671 nona

163 3729 313 3766 muov
340 3713 409 3782 τῇ
439 3713 713 3786 φαντασίᾳ
736 3715 1084 3791 παιδεύηται.

1839 3719 1971 3774 vidit
2030 3719 2316 3789 angelum.
2357 3715 2513 3784 Quod
2570 3725 2658 3772 est
2705 3716 2758 3769 in
2804 3713 2968 3769 corde
2996 3753 3011 3778 ,
3065 3727 3174 3765 non
3219 3709 3417 3762 dicitur

159 3806 360 3878 ὅραμα,
387 3809 439 3863 id
475 3815 561 3865 est
598 3809 798 3876 visum,
822 3811 939 3868 sive
965 3821 1258 3882 aspectus,
1293 3811 1388 3867 sed
1421 3813 1629 3884 ὅρασις,
1670 3814 1721 3868 id
1763 3823 1850 3872 est
1907 3815 2066 3870 visio.
2120 3816 2314 3878 Aliter,
2358 3813 2499 3867 videt
2533 3813 2659 3881 quis
2688 3811 2991 3866 visionem:
3065 3816 3122 3862 ut
3157 3795 3175 3802 ’
3207 3804 3418 3875 inquit,

159 3900 249 3962 qui
281 3900 536 3957 videbat:
569 3900 758 3968 Vade;
798 3903 958 3958 aliter
987 3913 1190 3970 autem,
1224 3919 1330 3958 non
1377 3905 1499 3959 visu
1533 3906 1826 3976 speculans
1891 3916 1946 3962 et
1979 3906 2358 3976 contemplans
2386 3903 2880 3975 speculamentum,
2941 3915 3040 3956 seu
3101 3914 3218 3955 rem
3283 3909 3424 3952 con-

163 3989 558 4060 templandam:
594 3992 772 4057 aliter,
807 4009 932 4049 cum
971 3994 1095 4066 quis
1121 3999 1176 4050 in
1211 4011 1427 4053 summo
1457 4015 1553 4070 per
1585 4000 2031 4070 imaginationem
2068 4000 2320 4056 eruditur
2357 4008 2520 4068 atque
2539 3995 2808 4077 ldocetur.

139 4138 145 4142 _
227 4085 336 4144 Kal
373 4085 547 4141 δώσω
586 4086 798 4156 τέρατα
823 4089 896 4144 ἐν
941 4089 1022 4157 τῷ
1049 4091 1284 4161 οὐρανῷ
1312 4094 1457 4159 ἅνω,
1495 4096 1594 4149 καὶ
1621 4112 1734 4164 ση-

1906 4095 2068 4153 Vsrs.
2101 4095 2190 4152 I9.
2249 4094 2320 4149 Et
2359 4094 2541 4148 eadem
2579 4091 2824 4162 prodigia
2869 4091 2923 4143 in
2968 4092 3097 4144 cwlo
3136 4103 3316 4152 supra,
3363 4096 3414 4140 et

162 4180 292 4246 μεῖα
315 4180 414 4235 ἐπὶ
431 4178 545 4252 τῆς
566 4180 681 4253 γῆς
705 4181 884 4251 κάτω,
905 4179 1070 4253 αἷμα,
1095 4186 1195 4241 καὶ
1219 4187 1363 4257 πῦρ,
1393 4190 1492 4244 καὶ
1517 4189 1736 4262 ἀτμίδα

1832 4193 1986 4263 signa
2013 4192 2067 4245 in
2095 4199 2237 4244 terra
2263 4189 2441 4243 subter
2459 4187 2770 4258 sanguinem
2795 4193 2847 4240 et
2881 4185 3053 4255 ignem
3083 4192 3133 4238 et
3170 4198 3412 4253 saporem

163 4273 418 4329 καπνοῦ.

387 4275 418 4329 ;,
1837 4283 1992 4354 fumi.

241 4362 306 4416 '0
337 4365 515 4432 ἥλιος
541 4366 1107 4437 μεταστραφήσεται
1151 4372 1240 4436 είς
1267 4373 1507 4440 σκότος,
1550 4373 1652 4429 καὶ
1693 4374 1732 4444 ή

1902 4374 2177 4447 “£35.20.
2211 4373 2307 4431 Sol
2341 4375 2666 4430 conuertitur
2714 4375 2770 4426 in
2807 4371 3070 4430 tenebras,
3116 4378 3165 4421 et
3208 4367 3410 4436 lunajn

164 4452 391 4522 σελήνη
414 4457 508 4518 εις
536 4450 703 4524 αἷμα,
737 4458 884 4524 πρὶν
912 4459 951 4525 ἢ
984 4459 1184 4514 ἐλθεῖν
1219 4461 1335 4529 τὴν
1367 4465 1598 4533 ἡμέραν
1621 4468 1737 4518 Κυ-

1833 4470 2168 4539 sanguinem,
2192 4477 2473 4537 antequam
2505 4466 2679 4519 veniat
2706 4463 2819 4517 dies
2839 4459 3053 4516 Domini
3081 4459 3170 4515 ille
3190 4475 3409 4532 magnus

165 4547 314 4613 ριὀυ,
342 4544 461 4615 τὴν
486 4545 762 4618 μεγάλην
791 4548 891 4602 καί
917 4551 1205 4620 ἐπιφανῆ.
1673 4571 1695 4582 ι
1760 4548 1770 4604 1

561 4545 762 4618 τάιην
791 4548 891 4602 καί
917 4551 1205 4620 ἐπιφανῆ.
1673 4571 1695 4582 δ
1760 4547 1808 4604 D
1834 4568 1884 4614 et
1917 4560 2166 4614 illustris.

229 4639 335 4695 Kal
364 4641 558 4704 ἔσται,
583 4638 704 4709 πᾶς
729 4641 797 4709 ὃς
824 4641 902 4697 ἂν
920 4641 968 4676 ’⁸
990 4642 1420 4714 ἐπικαλέσηται
1449 4647 1517 4703 τό
1545 4647 1734 4721 ὄνομα

1903 4645 2067 4702 Vens.
2101 4647 2193 4702 21.
2231 4645 2302 4701 Et
2337 4648 2578 4718 futurum
2604 4658 2703 4713 est,
2735 4657 2790 4702 ut
2813 4647 2985 4704 omnis
3013 4647 3304 4718 quicunque
3328 4642 3409 4695 in-

169 4729 407 4797 hvplov,
443 4731 810 4800 σωθήσεται.

1834 4739 2091 4794 vocaverit
2121 4756 2307 4794 nomen
2351 4739 2585 4805 Domini,
2615 4751 2867 4794 servetur.

228 4821 415 4878 Ταύτα
441 4825 536 4878 καὶ
564 4823 817 4896 περὶτῆς
849 4822 1155 4899 μελλούσης
1173 4829 1447 4900 κρίσεως’,
1481 4831 1578 4883 καὶ
1603 4831 1733 4901 περὶ

1904 4831 2028 4889 limo
2057 4842 2112 4888 et
2137 4833 2205 4888 de
2265 4833 2453 4887 futuro
2500 4830 2732 4901 judicio,
2767 4841 2824 4887 et
2861 4831 2929 4887 de
2991 4826 3405 4901 Hierosolymis.

167 4909 264 4962 τῶν
299 4911 691 4984 Ἱεροσολύμων
733 4915 830 4969 καὶ
885 4916 989 4984 τῆς
1023 4918 1144 4971 τότε
1199 4919 1601 4988 αἰχμαλωσίας,
1637 4921 1733 4974 καὶ

1832 4939 2024 4994 eaque,
2052 4939 2174 4993 qua:
2204 4933 2335 4978 tunc
2367 4922 2575 4979 Judaais
2605 4922 2830 4987 accidit,
2866 4922 3206 4994 captivitate,
3239 4927 3293 4971 et
3315 4932 3401 4981 ea,

168 4997 230 5050 τὰ
255 4999 345 5054 ἐπὶ
369 5002 450 5077 τῷ
480 5002 701 5077 σταυρῷ
727 5004 824 5059 τοῦ
861 5005 1098 5075 Χριστοῦ
1123 5007 1462 5077 γενησόμενα
1482 5014 1519 5074 ,’
1544 5010 1731 5080 προδι-

1830 5030 1952 5086 quae
1980 5024 2202 5084 propter
2231 5015 2338 5086 27
2373 5030 2591 5072 crucem
2617 5006 2820 5073 Christi
2844 5014 3027 5070 futura
3064 5022 3240 5076 erant,
3279 5020 3406 5066 ante

168 5089 346 5146 Binet
380 5097 596 5164 σαφῶς,
630 5100 727 5152 καὶ
764 5097 830 5153 τὰ
859 5098 927 5152 δι’
953 5100 1115 5153 αὐτὸν
1141 5101 1252 5164 τοῖς
1288 5100 1564 5164 Ἰουδαίοις
1592 5118 1732 5172 συμ-

1829 5109 2030 5163 docent
2054 5120 2239 5176 aperte
2269 5117 2362 5164 :et
2397 5125 2484 5176 ea,
2515 5096 2637 5180 qua:
2660 5119 2876 5180 propter
2899 5109 3048 5161 illum
3071 5103 3275 5160 Iudaeis
3309 5119 3405 5174 per

171 5185 414 5242 σαίνοντα
436 5187 526 5242 8ιά
575 5191 672 5244 τοῦ
713 5191 1005 5261 Ῥωμαίων
1032 5192 1304 5264 πολέμουο
1359 5193 1594 5265 αἵματος
1630 5194 1731 5262 μὲν

1829 5198 2029 5256 bellum
2082 5197 2454 5256 Romanorum
2481 5202 2821 5264 acciderunt,
2854 5214 2978 5256 cum
3028 5199 3252 5271 sanguis
3282 5198 3403 5266 qui-

171 5276 268 5330 ὑπὸ
282 5275 486 5364 τούτων
505 5277 764 5336 πλείστου
786 5281 1117 5352 ἐκχεομένου
1140 5285 1281 5336 κατά
1301 5283 1400 5354 τὴν
1430 5282 1690 5354 Ἰουδαίαν
1713 5323 1730 5348 ,

1829 5289 1951 5344 dent
2013 5292 2084 5346 ab
2141 5292 2248 5349 illis
2285 5293 2558 5365 plurimus
2594 5309 2692 5365 per
2729 5291 2972 5348 Judaaam
3005 5291 3397 5353 effunderetur,

172 5367 367 5424 καπνοῦ
394 5369 455 5424 εδ
483 5369 863 5466 ῑγγῑνομένου,
889 5373 998 5426 τῶν
1024 5374 1231 5429 πόλεων
1263 5376 1358 5429 καὶ
1395 5374 1501 5429 τῶν
1527 5375 1732 5448 κωμῶν

1834 5381 2018 5439 fumus
2072 5385 2199 5441 item
2241 5385 2678 5459 ingeneraretur,
2711 5387 2927 5464 oppidis
2960 5395 3010 5444 et
3040 5384 3174 5440 vicis
3205 5381 3399 5438 incen-

1339 5490 1538 5553 Varias
1569 5492 1876 5562 lectiones
1915 5509 1974 5562 et
2019 5510 2206 5565 notua.

249 5609 358 5642 "-”
385 5611 563 5668 καὶτοι
605 5610 658 5666 in
683 5609 930 5682 vulgatis.
1008 5612 1053 5643 “
1074 5612 1134 5666 In
1171 5616 1392 5686 vulgatis
1427 5627 1526 5682 est,
1561 5619 1671 5673 ἐάν.

243 5751 259 5788 ι
290 5745 436 5821 Vulg.
478 5749 682 5804 somnia
718 5747 1070 5803 somniabunt.
