4064 6340
201 361 317 425 545
851 430 854 432 γ
922 317 1325 422 exrosmo
1365 323 1446 419 ut
1479 359 1666 418 ACTA
1712 357 2284 418 APOSTOLORUM.
2325 330 2573 418 4—citr.
2616 357 2703 417 II.

207 475 380 528 πάλιν
404 476 511 529 ἀπὸ
537 475 822 545 προοιμίου
859 477 1087 545 ἄρχεται
1109 515 1124 534 ,
1157 475 1245 528 ἵνα
1273 474 1346 544 μὴ
1374 469 1776 544 θορυϐηθῶσιψ

1897 479 2003 533 tur,
2041 485 2104 524 ac
2135 485 2326 524 rursus
2375 469 2567 537 incipit
2601 482 2629 520 a
2663 468 2955 538 promtnio,
3012 485 3076 523 ne
3113 470 3454 524 tumultuen-

206 566 406 633 ἐπειδὴ
451 564 675 634 ἔμελλεν
707 553 902 628 αὐτοὺς
946 565 1038 619 τοῦ
1102 564 1274 634 Ἰησοῦ
1332 564 1776 634 ἀναμιμνήσκειν.

1893 572 2000 629 tur,
2034 561 2293 632 quoniam
2323 562 2388 614 de
2421 558 2551 614 Jcsu
2585 560 2706 615 illos
2737 559 3274 616 commonefacturus
3313 573 3453 617 erat.

206 657 514 726 ,Ἀνωτέρω
551 657 648 726 μὲν
681 659 789 728 γὰρ
824 657 924 710 οὐκ
978 658 1044 711 ἂν
1086 656 1494 726 ἐθορυϐήθησαν
1526 654 1618 706 τοῦ
1658 655 1776 725 Προ

1890 654 2024 708 Nam
2058 655 2224 724 paulo
2263 660 2409 718 ante,
2445 667 2571 706 cum
2601 652 2916 720 prophetam
2949 651 3221 715 audirem,
3249 650 3447 706 nullan:

3265 410 3278 425 .
3330 361 3455 423 ’546

206 749 390 817 φήτου
421 748 710 811 ἀκούοντες
736 749 800 803 ³³.
831 749 959 812 ,Καὶ
1005 749 1105 818 ὅρα
1146 748 1259 809 πῶς
1306 746 1461 800 οὐδὲν
1501 746 1649 814 λέγει
1681 745 1791 798 τῶν

206 841 476 918 ὑψηλῶν,
519 840 632 894 ἀλλ’
662 841 770 894 ἀπὸ
821 840 929 893 τῶν
969 841 1174 909 σφόδρα
1231 840 1503 892 ταπεινῶν
1539 839 1785 909 ἄρχεται.

204 931 316 981 Τὸν
345 931 686 1000 Ναζωραῖον,
716 930 900 1002 φησίν·
937 931 1043 984 ἀπὸ
1071 931 1172 1000 τῆς
1201 931 1454 1000 πατρίδος
1484 930 1785 1000 ὀνομάζων,

202 1023 333 1090 ἥτις
383 1022 607 1094 εὐτελὴς
657 1024 832 1076 ἐδόκει
876 1019 1274 1092 εἶναιμὪσπερ
1313 1022 1422 1092 γὰρ
1485 1023 1513 1075 ὁ
1553 1023 1786 1093 Χριστὸς

202 1111 284 1163 ὅτ’
318 1112 388 1173 ἂν
418 1115 643 1182 λέγηται
687 1114 917 1184 δύναμις
951 1115 1106 1179 Θεοῦ,
1140 1117 1236 1179 καὶ
1275 1114 1408 1168 Θεοῦ
1435 1116 1618 1184 σοφία,
1657 1117 1786 1186 περὶ

201 1207 308 1272 τῆς
347 1203 613 1272 »θεότητος
665 1205 830 1257 αὑτοῦ
888 1205 958 1258 τά
1010 1188 1278 1274 λεγόμενα
1331 1200 1779 1276 ἐκλαμϐάνομεν,

202 1293 408 1358 οὕτως,
463 1295 591 1348 ὅταν
626 1294 852 1368 λέγηται
878 1296 1017 1366 ἀνὴρ
1042 1296 1135 1348 καὶ
1182 1295 1457 1365 τεθνηκὼς
1507 1298 1643 1366 ὑπὲρ
1674 1299 1782 1351 τῶν

205 1385 505 1454 ἁμαρτιῶν
547 1387 722 1456 ἡμῶν,
761 1387 890 1457 περὶ
929 1388 1031 1457 ,τῆς
1076 1387 1276 1460 σαρκὸς
1325 1384 1490 1441 αὐτοῦ
1523 1389 1587 1441 τὸ
1625 1390 1782 1459 λεγό-

206 1495 375 1546 μενον
417 1477 849 1548 ὲκλαμϐάνομεν.
885 1479 1028 1548 Ὅρα
1061 1479 1168 1550 γὰρ
1206 1483 1298 1534 καὶ
1327 1480 1487 1534 αὑτὸν
1519 1481 1647 1533 ποτὲ
1684 1482 1782 1550 μὲν

218 1567 474 1635 λέγοντα·
509 1569 727 1650 Ζητείτέ
766 1586 832 1638 με
884 1570 1203 1622 ἀποκτεῖναι
1247 1571 1551 1639 ἄῷρωπον,
1594 1571 1651 1633 ὃς
1682 1573 1782 1642 τὴν

203 1657 472 1728 ἀλήθειαν
499 1660 626 1728 ὑμῖν
650 1659 947 1729 λελάληκα·
976 1660 1103 1713 ποτὲ
1129 1659 1207 1721 δὲ,
1239 1659 1381 1727 Ἐγὼ
1420 1659 1514 1713 καὶ
1542 1661 1570 1712 ὁ
1591 1661 1779 1730 Πατὴρ

149 1816 152 1818 γ
202 1749 263 1801 ’ἐν
299 1752 507 1820 ἐσμεν.
538 1751 820 1803 Ἐντεῦθεν
868 1752 1127 1820 μανέντες
1173 1751 1222 1804 οἱ
1270 1752 1380 1804 ἀπὸ
1425 1751 1668 1822 Ἀρτεμᾶ
1697 1748 1778 1816 οἷς

201 1841 586 1911 ἠκολούθησαν
610 1843 704 1895 καὶ
729 1845 776 1894 οἱ
804 1843 910 1895 ἀπὸ
943 1840 1296 1912 Σαμοσάτων,
1321 1844 1522 1896 οἴονται
1551 1831 1776 1913 “ﬁtle

200 1933 497 2003 ἄνθρωπον
530 1934 620 1986 τὸν
662 1932 894 2004 Ἰησοῦν,
936 1933 1026 1986 διὰ
1059 1934 1156 2002 τὴν
1200 1935 1572 2004 προκειμένην
1601 1937 1774 1999 τάξιν.

201 2023 485 2090 Δυνάμεσι
530 2024 620 2075 καὶ
651 2026 855 2090 τέρασι,
880 2021 976 2074 καὶ
1017 2022 1287 2091 σημείοις,
1332 2020 1474 2091 Πρὸς
1497 2020 1703 2089 ταύτην
1731 2020 1776 2052 ³³

201 2113 299 2180 τὴν
328 2113 573 2166 διάνοιαν
629 2113 793 2164 τείνει
843 2113 937 2166 καὶ
997 2112 1058 2164 τὸ
1099 2111 1388 2187 εἰρημένον
1430 2113 1488 2164 ὲν
1537 2114 1604 2182 τῇ
1640 2111 1777 2181 πρὸς

213 2199 527 2270 Ῥωμαίους
550 2201 869 2271 Ἐπιστολῇ·
899 2201 990 2253 τοῦ
1014 2200 1321 2273 ὁρισθέντος
1346 2199 1477 2253 Υίοῦ
1516 2197 1609 2252 τοῦ
1639 2199 1776 2251 Θεοῦ

201 2293 258 2344 ἐν
280 2293 513 2363 δυνάμει
535 2312 547 2323 ·
583 2293 848 2358 τουτέστι,
873 2293 965 2346 τοῦ
988 2292 1074 2345 διὰ
1097 2291 1205 2345 τῶν
1236 2291 1411 2364 ἔργων
1439 2291 1778 2361 ἀποδειχθέν-

199 2399 294 2446 τος
345 2384 445 2436 καῖ.
503 2386 601 2454 τῆς
646 2384 927 2451 δυνάμεως
981 2384 1091 2437 τῶν
1150 2383 1477 2452 οαυμάτων·
1512 2382 1585 2444 ὡς
1627 2381 1776 2434 ἔστιν

201 2473 428 2541 ἀληθῶς
460 2474 584 2535 Υἱὸς
625 2473 718 2537 τοῦ
753 2474 981 2544 Πατρός.
1020 2473 1153 2525 Κατ’
1189 2473 1338 2524 οὐδὲν
1369 2471 1476 2542 γάρ
1525 2471 1773 2540 διαφέρει

199 2565 262 2613 τὸ
300 2565 503 2626 εἰπεῖν,
551 2564 834 2632 ὁρισθῆναι
890 2563 1054 2616 αὑτὸν
1086 2562 1210 2615 Υίδν
1237 2562 1373 2615 Θεοῦ
1423 2566 1479 2615 ἐν
1509 2563 1771 2632 δυνάμει,

203 2655 298 2706 καὶ
354 2655 418 2707 τὸ
471 2655 676 2718 εἰπεῖν,
711 2655 1094 2725 ἀποδειχθῆναι
1144 2655 1307 2709 αὑτὸν
1366 2656 1649 2727 δυνάμεσι,
1680 2658 1773 2710 καὶ

201 2744 418 2812 τέρασι,
472 2744 564 2795 καὶ
625 2744 905 2813 σημείοις,
973 2739 1053 2806 οἷς
1114 2744 1336 2814 ἐποίησε
1398 2745 1463 2797 δι’
1509 2746 1687 2800 ἀὐτοῦ
1745 2748 1774 2799 ὁ

202 2833 336 2897 Θεὸς
372 2836 432 2887 ὲν
459 2836 606 2903 μέσῳ
638 2834 810 2903 ὑμῶν.
852 2834 1000 2896 Τέως
1030 2837 1057 2888 ὁ
1087 2836 1216 2897 Θεὸς
1245 2835 1491 2907 καθάπερ
1514 2836 1592 2888 διν
1617 2836 1770 2890 Υίοῦ.

202 2927 280 2978 Δι’
308 2924 474 2978 αὐτοῦ
506 2927 613 2995 γὰρ
658 2925 975 2995 θεοπρεπῶς
1007 2926 1259 2988 καὶτοὺς
1290 2924 1490 2988 αίῶνας
1525 2927 1770 2996 ἐποίησε.

204 3019 300 3070 Διά
339 3018 398 3070 δὲ
433 3018 526 3071 τοῦ
547 3035 561 3046 ·
606 3019 692 3071 Ἐν
717 3017 868 3087 μέσῳ
899 3015 1074 3086 ὑμῶν,
1118 3016 1398 3088 μάρτυρας
1431 3018 1640 3088 αὐτοὺςξ
1666 3020 1774 3072 τῶν

201 3109 513 3180 λεγομένων
538 3110 720 3162 καλεῖ·
751 3110 796 3142 ³⁸
824 3112 884 3162 οὐ
918 3110 1114 3177 λάθρα,
1155 3111 1275 3164 οὐδὲ
1321 3113 1378 3164 ὲν
1416 3101 1608 3183 γωνίᾳ.
1637 3107 1772 3166 Εἶτα

202 3203 462 3268 ἐμπεσὼν
501 3199 581 3265 είς
610 3201 671 3253 τὸ
720 3201 975 3272 τόλμημα
1016 3203 1162 3255 αὐτῶ
1204 3245 1218 3266 ,
1259 3205 1521 3273 πειρᾶται
1577 3204 1772 3269 αὐτοὺς

202 3293 567 3346 ἀπαλλάττειν
596 3293 783 3358 αὐτοῦ,
837 3294 929 3347 καί
963 3311 1126 3364 φησιο
1159 3295 1236 3366 Τῇ
1268 3295 1549 3370 ὡρισμένῃ
1585 3297 1769 3368 βουλῇ,

202 3384 417 3447 δεικνὺς
434 3386 517 3438 ὅτι
545 3385 606 3438 οὐ
629 3388 695 3455 τῇ
731 3385 912 3438 αὐτῶν
946 3382 1090 3454 ἰσχύϊ
1116 3385 1359 3454 ἔπραξαν
1387 3387 1521 3455 ὅπερ
1546 3386 1773 3457 ἐτόλμη-

204 3492 331 3538 σαν,
383 3475 498 3528 ἀλλ’
532 3477 614 3528 ὅτι
658 3475 874 3538 ἑκόντος
905 3475 1113 3528 ἐκείνου
1133 3515 1147 3538 ,
1175 3475 1267 3527 καὶ
1294 3477 1376 3529 ὅτι
1411 3475 1613 3533 ἄνωθεν
1642 3477 1774 3545 ὠρι-

205 3568 403 3633 σμένον
431 3561 521 3635 ἦν.
566 3561 719 3628 Εἶτα,
759 3565 844 3617 ἵνα
897 3564 972 3635 μὴ
1029 3563 1192 3633 πάλιν
1230 3563 1397 3618 ἀθῶοι
1426 3564 1651 3630 δόξωσιν
1677 3581 1690 3596 ⁸
1724 3566 1773 3618 εί

206 3656 312 3724 γὰρ
349 3657 444 3708 καὶ
491 3656 822 3726 ὡρισμένον,
855 3657 1006 3725 ὅμως
1055 3656 1207 3709 οὐδὲν
1251 3652 1416 3728 ἦττον
1467 3658 1664 3710 ἐκεῖνοι
1688 3660 1778 3714 ἀν-

203 3747 455 3816 δροφόνοι
483 3746 525 3776 ³⁷
558 3741 716 3817 ⁴ἦσαν·
757 3747 981 3811 ἐπάγει·
1008 3747 1107 3799 Διά
1134 3747 1334 3820 χειρῶν
1367 3741 1586 3817 ἀνόμων
1610 3763 1624 3777 ’
1656 3749 1776 3819 ἦτοι

205 3840 291 3891 διὰ
317 3837 413 3891 τοῦ
443 3838 771 3908 παραδόντος
802 3837 970 3891 Ἰούδα
991 3854 1005 3869 °
1032 3837 1063 3907 ἢ
1088 3837 1177 3891 διὰ
1206 3836 1314 3892 τῶν
1342 3838 1775 3907 σταυρωσάντων

189 3931 578 3998 στρατιωτῶν.
620 3925 682 3980 Et
709 3927 766 3979 δὲ
808 3927 999 3996 ἄνομοι
1036 3928 1086 3992 qi
1128 3927 1563 3997 προσπήξαντες,
1599 3927 1694 3978 καὶ
1721 3926 1773 3977 οί

205 4021 484 4080 ἀνελόντες
533 4017 722 4085 δῆλον·
758 4015 924 4078 ¹’τέως
985 4013 1043 4067 δὲ
1102 4014 1581 4085 συνεσκιασμένως
1640 4015 1774 4069 αὐτὸ

205 4111 383 4176 λέγει,
420 4109 507 4159 ἵνα
541 4106 619 4178 μὴ
651 4105 848 4167 αὐτοὺς
889 4106 970 4168 είς
1001 4104 1308 4174 ἀπόγνωσιν
1335 4105 1570 4178 ἐμϐάλῃ.
1609 4108 1704 4161 Ὃν
1746 4107 1774 4161 ὁ

205 4201 334 4262 Θεὸς
368 4200 654 4268 ἀνέστησε.
687 4197 858 4251 Βαὸαὶ
891 4194 1001 4252 οἷον
1032 4197 1331 4268 ἐτόλμησεν
1361 4201 1535 4253 εἰπεῖν
1569 4200 1790 4270 μεταξὺ

205 4292 312 4344 τῶν
344 4289 652 4362 φονὼντων,
693 4290 774 4343 ὅτι
822 4288 1043 4359 ἀνέστη.
1077 4290 1149 4342 Τὸ
1177 4289 1231 4343 δὲ
1267 4291 1564 4362 ὲγηγέρθαι
1612 4292 1774 4344 αὑτὸν

209 4386 309 4437 ὑπὸ
360 4384 458 4438 τοῦ
513 4383 723 4452 Πατρὸς
772 4381 1060 4449 λέγεσθαι,
1100 4380 1188 4435 διὰ
1214 4381 1322 4434 τῶν
1377 4382 1684 4434 ἀκουόντων
1712 4381 1772 4432 τὸ

1890 760 2113 800 causam
2147 745 2472 806 habuerunt,
2531 758 2627 797 cur
2664 744 3152 796 tumultuarentur.
3201 746 3277 798 Ae
3308 744 3448 812 vide,

1891 850 1950 892 ut
1973 838 2111 892 nihil
2133 837 2283 891 dicat
2317 836 2618 896 excelsum.
2653 837 2746 891 sed
2781 851 2811 888 a
2841 836 3194 889 vehementer
3231 836 3449 890 humili-

1886 929 1992 984 bus
2013 927 2319 983 exorditur.
2356 925 2695 980 Nazarenum
2726 925 2876 988 dicit,
2907 940 3209 995 cognomen
3236 912 3478 981 sumeus'

1875 1015 1918 1073 'a
1954 1019 2157 1089 patria,
2211 1034 2332 1088 qua:
2359 1016 2482 1072 vilis
2505 1031 2628 1073 esse
2652 1017 2955 1070 videbatur.
2983 1015 3452 1080 Quemadmodum

1886 1109 2057 1176 enim,
2095 1124 2218 1163 cum
2281 1093 2538 1164 Christus
2586 1097 2790 1163 dicitur
2835 1108 3078 1177 potentia
3124 1106 3217 1162 Dei
3259 1117 3309 1161 et
3365 1106 3456 1162 Dei

1887 1203 2180 1272 sapientia,
2227 1201 2294 1255 de
2340 1200 2542 1255 deitate
2597 1202 2743 1254 illius
2788 1215 2850 1253 ea
2893 1199 3052 1252 verba
3101 1185 3403 1266 accipimus
3441 1221 3454 1253 :

1885 1294 1958 1347 ita
1986 1292 2200 1361 quando
2232 1290 2455 1356 dicitur,
2501 1294 2585 1344 vir
2615 1305 2677 1344 ac
2705 1299 2946 1342 mortuus
2968 1304 3062 1359 pro
3091 1289 3330 1358 peccatis
3356 1304 3457 1342 no-

1885 1383 2046 1446 stris,
2095 1381 2163 1436 de
2218 1396 2382 1436 carne
2437 1381 2584 1434 illius
2617 1380 2790 1450 'quod
2845 1379 3068 1440 dicitur,
3132 1379 3455 1447 accipimus.

1886 1475 2022 1529 Vide
2045 1476 2192 1528 enim
2224 1474 2387 1528 etiam
2442 1474 2593 1526 illum
2638 1474 2813 1542 ipsum
2851 1472 2986 1538 alias
3019 1471 3234 1540 quidem
3266 1473 3454 1525 dicen-

1882 1575 1988 1618 tem
2053 1581 2068 1619 :
2122 1566 2409 1620 Conamini
2466 1555 2553 1619 me
2635 1565 2884 1619 occidere
2965 1562 3276 1626 hominem;
3351 1566 3443 1631 qui

1880 1654 2162 1709 veritatem
2215 1656 2372 1709 vobis
2423 1654 2533 1709 dixi
2571 1676 2582 1709 :
2623 1654 2758 1708 alias
2799 1663 2978 1707 autem
3018 1670 3032 1707 :
3066 1653 3177 1722 Ego
3204 1663 3257 1707 et
3289 1652 3450 1706 Pater

1882 1747 2050 1800 u‘num
2112 1763 2325 1801 sumus.
2397 1745 2533 1800 llinc
2585 1746 2920 1798 insanientes
2967 1746 3060 1814 qui
3103 1745 3171 1798 ab
3227 1746 3450 1798 Artema

1881 1837 2106 1907 profecti
2141 1845 2270 1891 sunt
2310 1837 2469 1908 (quos
2523 1834 2935 1908 Samosalenses
2959 1851 3179 1906 quoque
3205 1852 3448 1906 sequun-

1888 1928 2021 1999 tur),
2060 1928 2262 1983 nudum
2295 1928 2570 1982 hominem
2601 1943 2723 1983 esse
2755 1936 2946 1998 putant
2990 1926 3197 1993 Jesum,
3233 1936 3455 1996 propter

1877 2020 2216 2089 propositum
2239 2019 2442 2073 locum.
2459 2017 2786 2082 Virtutibus,
2806 2025 2858 2072 ct
2879 2017 3164 2088 prodigiis,
3183 2025 3236 2072 et
3261 2019 3450 2086 signis.

1877 2112 1958 2165 Ad
1997 2113 2138 2165 hanc
2169 2111 2496 2166 sententiam
2532 2098 2766 2180 pertinet
2797 2111 2958 2165 etiam
2995 2110 3126 2164 illud
3153 2111 3360 2164 dictum
3389 2110 3442 2162 in

1879 2201 2122 2270 lipistola
2154 2202 2218 2254 ad
2238 2199 2536 2265 Romanos,
2557 2199 2833 2253 declarato
2854 2197 2992 2253 Filio
3024 2199 3112 2253 llei
3138 2183 3234 2268 per
3260 2206 3447 2268 poten-

1878 2293 2030 2357 tiam,
2073 2291 2188 2356 ltoc
2222 2300 2327 2354 est,
2364 2306 2460 2359 per
2493 2305 2657 2358 opera
2714 2299 2876 2357 atque
2912 2289 3223 2342 facultatem
3283 2289 3420 2339 mira

1875 2382 2125 2436 culorum
2163 2382 2559 2438 demonstrato.
2588 2389 2644 2435 ut
2667 2388 2751 2433 est
2801 2393 2983 2433 revera
3043 2375 3214 2431 Filius
3244 2377 3446 2432 Patris.

1874 2472 2008 2526 Nam
2068 2474 2212 2525 nulla
2266 2472 2476 2524 ratione
2515 2470 2786 2524 diversum
2828 2477 2940 2531 est,
2977 2469 3091 2521 sive
3124 2469 3246 2537 quis
3281 2468 3448 2532 dicat,

1876 2564 2028 2615 illum
2075 2562 2409 2616 declaratum
2448 2575 2568 2614 esse
2601 2557 2794 2612 Filium
2838 2557 2931 2611 Dei
2965 2572 3057 2626 per
3100 2559 3393 2626 potentiam
3429 2597 3444 2620 ,

1875 2657 1988 2710 sive
2017 2652 2448 2709 demonStratum
2474 2667 2593 2707 esse
2628 2653 2778 2706 illum
2814 2651 3108 2706 virtutibus
3142 2664 3237 2703 seu
3269 2648 3446 2701 facul-

1879 2748 2090 2801 tatibus
2119 2755 2174 2802 et
2203 2743 2470 2814 prodigiis
2503 2758 2567 2797 ac
2593 2744 2785 2811 signis,
2821 2755 2940 2810 qua:
2979 2755 3072 2808 per
3102 2739 3251 2791 illum
3311 2738 3442 2792 fecit

1877 2839 2018 2892 Deus
2051 2839 2103 2891 in
2136 2837 2313 2890 medio
2345 2844 2607 2888 vestrum.
2652 2836 2855 2886 lievera
2896 2831 3039 2885 Deus
3064 2838 3318 2901 tanquam
3351 2845 3446 2900 per

1877 2930 2092 2983 Filium.
2119 2927 2218 2982 Per
2243 2928 2391 2982 illum
2423 2927 2567 2980 enim
2597 2926 2855 2985 divinitus
2883 2926 3043 2977 etiam
3077 2925 3270 2977 saecula
3300 2924 3442 2976 fecit.

1876 3019 2046 3083 [νου-ο
2071 3036 2165 3090 per
2195 3019 2270 3085 id,
2307 3017 2455 3088 quod
2493 3017 2627 3072 dicit
2667 3033 2680 3069 :
2719 3017 2773 3069 in
2814 3014 2992 3069 medio
3051 3016 3239 3075 vestri,
3280 3024 3444 3069 testes

1877 3113 2114 3167 illosmet
2138 3113 2287 3182 ipsos
2319 3111 2557 3181 appellat
2581 3123 2792 3171 eormn,
2822 3123 2942 3177 qua:
2967 3107 3117 3160 dicit.
3151 3106 3205 3159 In
3224 3107 3400 3159 medio
3427 3119 3440 3163 :

1827 3220 1829 3223 '
1880 3221 1989 3261 non
2021 3207 2182 3270 claui,
2215 3218 2393 3274 neque
2427 3203 2479 3256 in
2508 3201 2725 3270 angulo.
2761 3198 2965 3252 Deinde
3004 3211 3125 3250 cum
3158 3196 3440 3250 incidisset
3494 3201 3496 3203 ’

1877 3299 1931 3352 in
1963 3296 2310 3352 temerarium
2342 3293 2474 3348 illud
2503 3291 2717 3345 facinus
2739 3303 2951 3354 eorum,
2987 3288 3219 3342 certatur
3244 3302 3340 3342 eos
3371 3288 3438 3339 ah

1877 3389 1970 3441 illo
2025 3386 2312 3440 absolvere
2367 3395 2531 3454 atque
2593 3371 2845 3445 liberare,
2881 3387 2935 3434 et
2999 3379 3075 3432 ait
3113 3395 3126 3431 :
3160 3378 3441 3432 destinato

1876 3487 2136 3546 certoque
2168 3475 2400 3531 consilio
2436 3492 2451 3531 :
2491 3481 2548 3529 et
2581 3471 2820 3528 ostendit
2855 3471 2974 3525 illos
3005 3485 3111 3524 non
3143 3471 3257 3524 suis
3292 3470 3438 3538 ipso-

1879 3585 1997 3624 rum
2027 3569 2239 3624 viribus
2267 3567 2466 3637 egisse,
2505 3566 2652 3635 quod
2684 3565 2800 3619 ausi
2846 3572 2994 3626 sunt,
3059 3559 3154 3615 sed
3207 3560 3299 3613 illo
3346 3573 3440 3609 vo-

1847 3662 2042 3726 lente,
2078 3668 2131 3714 et
2164 3659 2309 3729 quod
2363 3657 2663 3726 antiquitus
2704 3655 2776 3707 ita
2819 3653 3149 3706 destinatum
3202 3659 3271 3704 ει·
3308 3663 3442 3702 con-

1877 3754 2134 3807 stitutum
2198 3756 2336 3804 erat.
2401 3747 2620 3814 Postea,
2691 3757 2760 3797 ne
2840 3756 3036 3795 rursus
3120 3741 3440 3807 innocentes

1875 3844 2191 3915 viderentur
2222 3857 2235 3893 :
2289 3853 2411 3892 nam
2440 3835 2655 3892 etiamsi
2685 3843 2949 3891 statutum
2991 3847 3056 3886 ac
3109 3830 3440 3886 destinatum

1873 3941 2010 3996 erat,
2066 3930 2425 3987 nihilominus
2452 3928 2529 3981 illi
2559 3927 2844 3981 homicida:
2881 3932 3060 3990 erant,
3106 3921 3386 3991 subjuugit
3423 3935 3438 3972 :

1871 4040 1969 4095 per
2007 4039 2199 4078 manus
2227 4022 2618 4080 sceleratorum
2654 4037 2668 4072 :
2707 4019 2819 4071 sive
2846 4031 2939 4084 per
2964 4013 3298 4083 proditorem
3339 4007 3438 4062 Ju-

1875 4118 2023 4183 dattl,
2080 4126 2172 4169 aut
2207 4130 2302 4183 per
2325 4113 2552 4172 milites,
2599 4108 2692 4177 qui
2751 4106 3161 4160 crucifixerunt.
3201 4099 3355 4167 Quod
3393 4101 3438 4155 si

1878 4189 2312 4269 scelerati-sunt,
2336 4204 2429 4273 qui
2456 4200 2764 4266 aliixeruut,
2794 4212 2954 4252 nemo
2984 4195 3277 4260 dubitabit,
3307 4193 3439 4263 quin

1874 4302 2037 4357 etiam
2077 4297 2178 4365 illi,
2209 4296 2304 4367 qui
2354 4293 2691 4350 sustulerunt
2723 4299 2778 4345 et
2810 4287 3219 4344 interfecorunt.
3264 4286 3443 4356 Atque

1878 4391 1928 4445 id
1952 4389 2166 4445 interim
2201 4389 2310 4458 29
2347 4388 2400 4441 in
2431 4387 2589 4442 initio
2617 4393 2756 4440 tecte
2779 4383 2932 4450 dicit,
2977 4397 3061 4436 -oe
3088 4382 3210 4436 illos
3229 4379 3444 4449 inliciat

207 4473 469 4536 ἀσθενές·
536 4474 594 4526 ὲν
638 4473 743 4524 τίνι
794 4471 903 4540 γὰρ
950 4474 977 4524 ὁ
1032 4471 1220 4539 Πατὴρ
1277 4472 1527 4539 ὲνεργεῖ;
1576 4471 1663 4522 Ἐν
1703 4473 1769 4541 τῇ

1879 4484 1932 4535 in
1959 4482 2420 4552 desperationem.
2458 4478 2627 4542 Quem
2660 4476 2804 4530 Deus
2845 4473 3225 4531 exsuscitavit.
3258 4470 3438 4541 Papae,

205 4565 382 4635 οἰκεία
421 4563 649 4631 δυνάμει
692 4563 967 4632 δηλονότι·
1010 4561 1237 4632 δύναμις
1274 4561 1329 4616 δὲ
1359 4561 1450 4614 τοῦ
1484 4562 1711 4626 Πατρδς,
1748 4565 1793 4616 ὁη

205 4653 462 4723 Χριστός.
505 4649 715 4705 Οὐκοῦν
769 4652 959 4704 ἑαυτὸν
1014 4651 1312 4720 ἀνέστησε,
1373 4653 1466 4705 καὶ
1528 4652 1632 4705 ὑπὸ
1679 4652 1774 4705 τοῦ

208 4747 416 4817 Πατρὸς
448 4744 744 4814 ὲγηγέρθαι
766 4744 1076 4814 λεγόμενος.
1117 4744 1298 4806 Ausa;
1328 4745 1426 4805 τὰς
1457 4743 1648 4807 ὠδίνας
1679 4743 1772 4796 τοῦ

200 4839 460 4893 θανάτου.
484 4839 767 4891 Δείκνυσιν
792 4839 872 4891 ὅτι
895 4837 988 4889 καὶ
1012 4837 1040 4889 ὁ
1079 4836 1306 4899 θάνατος
1337 4836 1491 4892 ὢδινε
1529 4838 1773 4907 κατέχων

211 4932 367 4983 αὑτὸν
411 4931 508 4984 καὶ
549 4931 615 4982 τὰ
646 4929 792 4983 δεινὰ
842 4929 1069 4998 ἔπασχε.
1112 4930 1286 4981 Ὠδῖνα
1332 4929 1441 4997 γὰρ
1479 4928 1706 4980 Θανάτου
1743 4929 1770 4996 il

210 5021 410 5073 παλαιά
457 5022 694 5075 κίνδυνον
736 5021 830 5074 καὶ
866 5059 870 5063 .
904 5019 1188 5089 συμφοράν
1238 5036 1422 5088 φησιν.
1463 5020 1522 5072 Ὀ
1569 5019 1773 5071 ὠδίνων

211 5113 265 5165 οὗ
299 5113 525 5183 κατέχει
549 5114 610 5166 τὸ
656 5113 1043 5183 κατεχόμενον,
1079 5109 1202 5164 οὐδὲ
1237 5111 1338 5180 δρᾷ
1360 5149 1374 5173 ,
1409 5110 1543 5162 ἀλλὰ
1575 5111 1772 5177 πάσχει

213 5205 302 5255 καὶ
337 5203 493 5273 ῥίψαι
520 5197 761 5257 σπεύδει.
791 5202 861 5257 Εὖ
890 5203 947 5256 δὲ
991 5203 1145 5256 λύσιν
1173 5202 1377 5255 ὠδίνων
1403 5200 1497 5253 τοῦ
1544 5200 1770 5252 θανάτου

213 5295 305 5363 τὴν
352 5294 649 5348 ἀνάστασιν
689 5297 1156 5367 προσηγόρευσεν,
1196 5296 1283 5346 ἵνα
1334 5293 1494 5361 εἴπῃ·
1530 5290 1766 5361 Ἐρῤηξε

217 5386 302 5438 καὶ
353 5383 619 5455 ἀνέρρηξε
661 5386 758 5456 τὴν
806 5387 1004 5454 ἔγκυον
1050 5386 1094 5418 ³⁸
1152 5387 1243 5438 xal.
1290 5381 1614 5451 ὀγκωμένην
1670 5381 1766 5435 καὶ

1878 4575 2039 4644 quale
2090 4573 2315 4626 verbum
2369 4571 2511 4624 inter
2562 4567 2727 4622 caedis
2773 4566 2960 4620 avidos
2996 4575 3162 4618 ausus
3194 4571 3277 4614 est
3314 4575 3440 4629 pro-

1885 4668 2049 4729 l‘erre,
2085 4664 2236 4717 illum
2260 4661 2516 4716 videlicet
2542 4656 2939 4737 resurrexisse.
2987 4652 3153 4705 Porro
3179 4649 3323 4720 quod
3355 4649 3438 4702 di-

1879 4759 2025 4811 citur
2050 4772 2078 4810 a
2112 4755 2272 4809 Patre
2321 4749 2691 4806 exsuscitatus
2725 4760 2868 4809 esse,
2901 4743 2955 4796 id
3003 4743 3061 4796 lit
3092 4750 3310 4811 propter
3346 4757 3440 4793 au-

1877 4847 2140 4901 dientium
2204 4837 2595 4893 infirmitatem.
2656 4833 2758 4887 Per
2834 4847 2994 4901 quem
3073 4831 3220 4885 enim
3281 4829 3441 4881 Pater

1874 4912 2172 5004 Operatur?
2203 4929 2302 4980 Per
2328 4925 2600 4995 propriam
2625 4923 2876 4978 videlicet
2909 4921 3227 4990 potentiam.
3272 4920 3440 4972 Porro

1875 5024 2111 5094 potentia
2145 5018 2322 5071 Patris
2354 5026 2439 5072 est
2496 5017 2772 5070 Christus.
2802 5015 2971 5082 Igitur
3011 5012 3246 5081 seipsum
3293 5009 3439 5061 exci-

1874 5115 2027 5176 tanit,
2083 5110 2296 5165 etiamsi
2329 5125 2357 5160 a
2394 5107 2554 5161 Patre
2587 5105 2958 5160 exsuscitatus
3022 5117 3143 5155 esse
3197 5099 3432 5152 dicatur.

1877 5204 2086 5258 Sulutis
2110 5201 2443 5256 cruciatibus
2476 5198 2687 5251 mortis.
2721 5193 2971 5250 Ostendit
2999 5193 3158 5246 etiam
3186 5199 3435 5252 mortem,

1876 5312 1999 5349 eum
2035 5295 2184 5348 illum
2215 5293 2502 5353 detineret,
2537 5289 2694 5357 quasi
2735 5285 3063 5357 iparturiisse
3097 5289 3150 5334 et
3210 5280 3438 5334 acerbos

1875 5389 2094 5442 dolores
2146 5383 2496 5440 sustinuisse.
2538 5381 2822 5436 Parturam
2855 5377 3022 5436 enim,
3057 5387 3153 5427 seu
3187 5371 3435 5426 dolorem

1347 5610 1349 5612 -
1387 5565 1586 5629 Variae
1629 5564 1938 5628 lectiones
1969 5572 2028 5627 et
2057 5573 2246 5626 notae.

309 5719 351 5749 ³⁸
382 5719 848 5778 datatim/tegeret.
923 5715 967 5744 ”
991 5707 1100 5766 οἷόν
1138 5736 1215 5784 τε,
1240 5728 1371 5774 erat.

219 5788 398 5854 φόνιος,
428 5804 558 5843 erat.
663 5787 705 5819 ³⁸
736 5788 950 5854 ἔγγυον,
983 5795 1116 5838 erat.

1451 5721 1493 5753 ³⁸
1515 5718 1704 5782 ταῦτα,
1735 5732 1776 5770 ει

1946 5714 1989 5750 ³⁸
2011 5715 2240 5784 fortasse
2276 5713 2624 5786 repetendum,
2654 5711 2711 5761 ὲν
2756 5707 2906 5777 μέσῳ
2934 5705 3105 5777 ὑμῶν.
3183 5707 3225 5739 ³⁷
3256 5705 3440 5776 ἀνδρο-
