4064 6340
174 378 279 490 ιιι)

861 420 1267 482 ΕΧΙὈΞΙΤΙΟ
1301 420 1380 481 ΙΝ
1410 421 1592 481 ACTA
1637 421 2201 482 APOSTOLORUM.
2244 449 2303 458 —
2331 424 2492 486 CAP.
2542 425 2624 485 II.

3316 435 3422 497 550

177 537 543 610 πνευματικδν
595 536 774 604 σῶμα.
821 535 883 587 ἸΙ
918 536 1025 606 γὰρ
1069 533 1390 604 ἐγειρομένη
1437 533 1572 606 σάρξ
1607 534 1744 605 μετὰ

1850 541 2025 588 strare
2068 549 2172 588 non
2229 543 2461 604 possunt
2507 535 2581 597 id,
2645 535 2789 604 quod
2853 537 3119 601 sentiunt,
3181 547 3422 596 attann-n

175 631 270 702 τὴν
301 631 520 701 ἔγερσιν
550 627 917 697 πνευματικὸν
952 629 1047 680 καὶ
1075 627 1351 697 ἄφθαρτον
1391 627 1552 698 σῶμά
1572 630 1741 681 ἐστιν.

191 723 376 785 Ὁδοὺς
405 722 461 774 δὲ
500 720 662 789 ζωῆς.
704 736 894 789 φησιν,
935 719 1000 780 ἃς
1048 720 1102 772 αἱ
1153 718 1321 788 ψυχαὶ
1370 719 1478 771 τῶν
1523 718 1747 772 δικαίων

176 815 324 890 μετὰ
369 814 462 867 τοῦ
514 813 762 882 Σωτῆρος
801 813 864 864 ἐκ
914 811 1024 863 τῶν
1075 809 1229 886 κάτω
1262 809 1478 881 χωρίων
1519 809 1746 880 ἔτριψαν

170 905 580 964 ἀναϐαίνουσαι.
630 904 705 957 Τὸ
746 903 823 968 δὲ,
861 901 1178 972 Πληρὼσεις
1217 920 1284 973 με
1337 901 1674 973 εὐφροσύνης
1702 902 1748 934 ⁸⁵

179 1003 318 1072 μετὰ
338 1001 433 1054 τοῦ
467 1000 763 1072 προσώπου
793 1017 911 1061 σου,
944 999 1235 1070 πρόσωπον
1266 996 1472 1068 Κυρίου
1505 997 1744 1069 νοητέον,

175 1091 270 1162 τὴν
312 1089 788 1160 θεοπρεπεστάτην
830 1088 1170 1158 θεοφάνειαν,
1215 1088 1306 1140 καὶ
1338 1089 1438 1158 τὴν
1472 1089 1746 1159 ἡμετέραν

173 1169 498 1252 ἐπισκοπὴν,
529 1181 596 1251 ἢν
622 1181 771 1252 ἡμᾶς
795 1179 856 1232 τὸ
880 1179 1212 1248 τελειότερον
1241 1178 1628 1249 ὲπισκέψηται.

1847 628 2029 682 animo
2056 629 2142 697 pio
2169 627 2376 697 praaditi
2411 637 2561 692 sunt,
2596 643 2720 683 cum
2755 630 2942 684 dicunt
2983 647 3203 708 carnem
3241 649 3423 688 resur-
3508 619 3520 631 ’

1846 734 1991 790 gere.
2033 728 2091 773 ut
2116 720 2187 774 sit
2213 734 2422 790 corpus
2463 720 2879 790 ineorrnptibile
2917 729 3081 792 atque
3117 725 3423 794 spiritualc.

1855 809 1989 865 Nam
2020 810 2172 877 caro,
2207 825 2329 879 qua:
2359 810 2617 881 resurgit,
2647 820 2771 884 post
2814 815 3274 868 resurrectionem
3313 818 3428 882 Spi-

1853 902 2048 955 rituale
2077 909 2130 972 et
2173 901 2594 969 incorruptibile
2642 915 2844 969 corpus
2890 903 3126 957 exsistit.
3167 902 3294 959 Vias
3328 920 3429 957 aus

1852 1002 1959 1046 tem
1994 995 2117 1047 vita:
2176 992 2330 1056 dicit,
2384 1007 2524 1060 quas
2583 992 2775 1046 animae
2808 993 3084 1062 justorum
3138 1010 3243 1048 una
3297 1001 3422 1049 cum

1855 1084 2149 1140 Servatore
2203 1098 2268 1139 ex
2306 1083 2508 1138 inferis
2554 1084 2688 1139 locis
2716 1085 3078 1140 ascendentes
3132 1087 3424 1143 triverunt.

1849 1175 2119 1231 Caeterum
2142 1175 2289 1245 quod
2317 1174 2494 1230 dicit:
2537 1175 2801 1245 Replebis
2844 1192 2928 1230 tne
2965 1178 3148 1230 laetitia
3185 1193 3308 1234 cum
3345 1179 3425 1233 fa—

174 1274 394 1338 cietna,
431 1290 524 1344 per
557 1273 750 1328 faciem
791 1272 1005 1326 Domini
1068 1270 1431 1342 intelligenda
1501 1280 1607 1334 est,
1695 1269 1934 1325 divinam
1984 1271 2327 1338 majestatem
2381 1267 2633 1322 maxime
2684 1266 2886 1324 decens
2949 1271 3220 1339 apparitio
3302 1273 3426 1330 Dei.

174 1353 454 1431 nostrique
488 1360 773 1430 inspectio,
804 1375 910 1430 qua
939 1375 1038 1415 nos
1071 1358 1368 1428 perfectius
1398 1368 1451 1416 et
1494 1359 1800 1445 absplutius
1839 1359 2164 1413 visitaturus
2190 1367 2244 1414 et
2276 1359 2630 1426 inspecturus
2651 1370 2767 1418 est.

244 1453 494 1520 Ἀνδρος
522 1451 798 1520 ἀδελφοὶ,
825 1451 967 1515 ἐξὸν
1014 1450 1206 1505 εἰπεῖν
1232 1451 1382 1522 μετὰ
1411 1451 1752 1520 παρρησίας

175 1547 321 1614 πρὸς
358 1543 515 1615 ὑμᾶς
547 1544 680 1612 περὶ
717 1541 822 1597 τοῦ
861 1541 1230 1611 πατριάρχου
1275 1543 1477 1606 Δαυῑδ,
1508 1543 1598 1596 ὅτι
1645 1542 1745 1596 καὶ

1922 1451 2084 1504 Vens.
2119 1451 2211 1507 29.
2267 1449 2381 1504 Viri
2412 1451 2626 1520 fratres,
2660 1451 2861 1504 licitum
2891 1453 2960 1505 sit
2992 1453 3151 1509 libere
3171 1455 3310 1523 apud
3336 1473 3424 1511 res

1853 1543 1994 1611 loqui
2025 1543 2086 1595 de
2118 1543 2424 1612 patriarcha
2459 1541 2677 1596 Doride.
2711 1540 2853 1595 Nam
2892 1551 2942 1594 et
2971 1554 3206 1599 mortuus
3256 1557 3304 1598 et
3337 1563 3418 1600 se-

175 1637 535 1703 ὲτελεύτησε
551 1635 647 1702 καὶ
665 1633 881 1702 ἐτάφη·
923 1633 1018 1685 καὶ
1050 1633 1117 1686 τὸ
1133 1631 1344 1702 μνῆμα
1372 1633 1558 1687 αὐτοῦ
1583 1633 1744 1687 ἐστιν

1848 1633 2026 1701 pullus
2049 1643 2149 1695 est.
2189 1644 2237 1687 et
2265 1642 2658 1687 monumentum
2683 1632 2826 1687 illius
2858 1633 3000 1702 apud
3025 1651 3118 1688 nos
3138 1645 3229 1689 est
3262 1653 3422 1706 usque

179 1729 247 1781 ἐν
283 1728 448 1797 ἡμῖν,
478 1726 616 1794 ἄχρι
645 1724 758 1794 τῆς
792 1724 1019 1794 ἡμέρας
1055 1725 1303 1792 ταύτης.

244 1817 564 1886 Προφήτης
602 1813 716 1872 οὖν
757 1815 1070 1886 ὑπάρχων,
1104 1817 1203 1872 καὶ
1251 1814 1423 1879 εἰδὼς
1468 1815 1558 1868 ὅτι
1597 1815 1754 1882 ὅρκῳ
1782 1857 1824 1913 Β

178 1911 412 1980 ὤμοσεν
431 1909 481 1941 ⁸⁸
530 1908 690 1975 αὺτῷ
720 1912 754 1964 ό
786 1910 949 1974 Θεὸς,
978 1908 1047 1962 ἐκ
1086 1905 1319 1975 καρποῦ
1364 1905 1469 1975 τῆς
1518 1906 1748 1975 ὀσφύος

176 2002 380 2066 αὐτοῦ,
409 2001 476 2054 τὸ
511 2000 661 2055 κατὰ
685 2001 903 2068 σάρκα,
932 1996 1307 2064 ἀναστήσειν
1337 1997 1441 2051 τὸν
1465 1995 1745 2066 Χριστὸν,

177 2085 414 2144 καθίσαι
449 2091 547 2144 ἐπὶ
589 2091 804 2159 θρόνου
828 2090 871 2146 ⁸7
898 2089 1106 2155 αὑτοῦ,

245 2165 514 2250 Προιΰὼν
559 2183 831 2250 areanos
878 2182 1012 2250 περὶ
1057 2180 1169 2250 τῆς
1202 2182 1594 2246 ἀναστάσεως
1640 2179 1747 2236 τοῦ

178 2275 454 2342 Χριστοῦ,
503 2275 596 2329 ὅτι
640 2277 754 2329 οὐκ
796 2274 1304 2342 ἐγκατελείφθηή
1345 2274 1516 2340 ψυχὴ
1560 2273 1747 2328 αὐτοῦ

180 2371 262 2431 εις
287 2367 458 2434 ᾅδου,
493 2366 634 2420 οὐδὲ
664 2366 704 2434 ἡ
736 2364 892 2434 σὰρξ
917 2363 1104 2418 αὑτοῦ
1132 2359 1256 2417 εἶδε
1288 2362 1637 2432 διαφθοράν.

250 2456 551 2527 Πληρώσας
606 2456 707 2524 τὴν
755 2454 849 2508 τοῦ
912 2453 1077 2507 Δαυτδ
1131 2455 1460 2526 μαρτυρίαν,
1508 2455 1744 2524 ὲπάγει’

185 2547 407 2618 Ἄνδρες
460 2546 697 2614 ἀδελφοί.
751 2545 922 2599 Ὅταν
953 2545 1122 2616 μέλλῃ
1149 2545 1195 2578 ⁸⁸
1248 2562 1300 2598 τι
1348 2546 1528 2614 λέγειν
1581 2547 1744 2617 μέγα,

178 2638 346 2710 τούτῳ
373 2640 636 2710 κέχρηται
665 2637 743 2709 τῷ
774 2639 1069 2708 προοιμίῳ,
1097 2639 1377 2707 διεγείρων
1406 2639 1606 2703 αὐτοὺς
1651 2640 1745 2694 καὶ

180 2732 544 2804 οἰκειούμενος
568 2750 584 2765 ο
617 2732 745 2785 ἔνθα
775 2733 829 2784 δὲ
857 2731 1009 2785 οὐδὲν
1053 2731 1306 2795 ἔϐλαπτε,
1339 2732 1507 2802 πολλῇ
1543 2731 1747 2801 κέχρη-

179 2840 264 2876 ται
291 2829 357 2894 τῇ
396 2823 848 2896 μετριοφροσύνῃ.
886 2822 950 2877 Et
996 2823 1104 2893 γὰρ
1150 2819 1302 2883 εἶπεν
1349 2823 1522 2888 οὕτως
1557 2824 1745 2887 ἁπλῶς

180 2916 256 2968 ὅτι
296 2915 483 2971 Ταῦτα
534 2917 752 2988 εἴρηται
805 2915 956 2985 παρὰ
980 2914 1026 2948 ⁴⁹
1055 2914 1147 2968 τοῦ
1193 2916 1376 2979 Δαυῖδ,
1424 2919 1629 2987 τραχὺς
1677 2918 1746 2970 ἄν

183 2992 326 3072 ἔδοξε
354 3009 450 3061 καὶ
494 3010 574 3070 εἰς
605 3008 776 3078 ὀργὴν
807 3005 1325 3070 αὑτοὺςὰνακινῶν,
1370 3007 1404 3077 ἢ
1435 3008 1744 3078 πειθηνίους

181 3099 370 3152 ποιῶν.
403 3099 481 3168 Τῇ
505 3099 562 3151 δὲ
589 3099 760 3168 πολλῇ
802 3098 932 3166 περὶ
967 3096 1058 3149 τὸν
1087 3097 1360 3169 μακάριον
1387 3099 1550 3152 Δαυῒδ
1585 3102 1738 3171 τιμῇ,

1852 1723 1921 1777 ad
1956 1727 2092 1778 hunc
2125 1726 2305 1785 diem._

1927 1815 2089 1870 Vens.
2115 1815 2204 1870 50.
2246 1814 2375 1870 Cant
2415 1815 2580 1886 igitur
2611 1817 2863 1886 propheta
2913 1825 3072 1882 esset,
3130 1833 3192 1871 ac
3241 1819 3419 1888 sciret,

1850 1907 1988 1973 quod
2035 1909 2168 1959 licus
2215 1906 2318 1959 sibi
2357 1907 2714 1976 jurejurando
2764 1909 3095 1978 afﬁrmasset,
3127 1910 3239 1978 [ore
3272 1920 3328 1962 ut
3355 1911 3420 1963 de

1849 1996 2028 2065 [ructu
2059 1997 2356 2050 lumborum
2394 1999 2533 2067 ejus,
2556 1995 2706 2067 quod
2730 2001 2920 2053 attinet
2950 2000 3020 2052 ad
3056 2013 3288 2064 carnem,
3323 2015 3415 2053 ex-

1850 2090 2042 2144 citaret
2083 2089 2375 2152 Christum,
2405 2091 2499 2156 qui
2522 2090 2719 2144 sederet
2749 2092 2801 2144 in
2828 2092 2964 2145 solio
2989 2093 3160 2157 illius,

1879 2175 1882 2178 ’
1923 2183 2086 2238 Vens.
2120 2183 2211 2236 51.
2245 2182 2318 2238 Re
2338 2183 2562 2252 praevisa
2595 2184 2799 2238 locutus
2835 2194 2912 2238 est
2952 2183 3016 2239 de
3042 2187 3420 2243 resurrectione
3465 2232 3470 2237 .

1851 2276 2067 2343 Christi,
2115 2275 2255 2345 quod
2279 2277 2460 2330 anima
2478 2275 2593 2346 ejus
2619 2293 2720 2331 non
2745 2277 2995 2333 derelicta
3012 2279 3081 2333 sit
3099 2279 3153 2332 in
3187 2280 3413 2349 inferno,

1849 2381 2010 2436 neque
2049 2382 2172 2420 caro
2200 2366 2347 2420 illius
2379 2369 2563 2422 viderit
2596 2373 2997 2438 corruptionem.
3072 2393 3083 2400 ι

1919 2457 2078 2513 Edito
2136 2468 2301 2527 atque
2331 2461 2578 2528 exposito
2614 2463 2940 2516 testimonio.
2990 2461 3229 2529 Davidis,
3288 2461 3416 2518 sub-

1846 2548 2025 2620 iungit
2058 2567 2072 2604 :
2107 2550 2219 2604 Viri
2250 2552 2473 2606 fratres.
2515 2552 2767 2623 Magnum
2799 2554 3006 2624 aliquid
3032 2555 3279 2611 dicturus
3310 2557 3414 2612 hnc

1848 2642 2020 2695 utitur
2061 2643 2355 2712 principio,
2382 2645 2627 2700 excitans
2661 2646 2783 2700 illos
2822 2653 2876 2701 et
2923 2648 3241 2710 concilians.
3281 2648 3413 2704 Natu

1849 2733 1938 2787 ubi
1969 2734 2100 2788 nihil
2132 2736 2384 2798 nocebat,
2413 2750 2606 2806 magna
2630 2752 2760 2792 usus
2806 2748 2889 2793 est
2941 2741 3108 2793 animi
3163 2744 3414 2794 modera-

1849 2825 2015 2879 tione.
2045 2822 2178 2877 Nam
2222 2826 2268 2880 si
2300 2827 2531 2881 dixisset
2582 2827 2652 2881 ita
2711 2828 3066 2897 simpliciter:
3099 2830 3223 2884 ﬂare
3253 2847 3282 2883 a
3314 2832 3416 2884 Da-

1847 2915 1970 2968 vide
2001 2916 2143 2968 dicta
2179 2925 2328 2978 sunt.
2375 2931 2536 2984 asper
2559 2933 2701 2982 esse,
2744 2927 2797 2972 et
2830 2920 2899 2973 ad
2959 2921 3097 2976 iram
3135 2910 3414 2978 concitare

1847 3007 2040 3076 magis,
2075 3021 2237 3075 quam
2269 3007 2635 3076 obsequentes
2666 3010 2789 3064 illos
2824 3011 3053 3066 reddere
3097 3014 3232 3067 velle
3263 3015 3413 3070 visus

1846 3107 2018 3152 esset.
2057 3098 2252 3168 Magno
2282 3108 2487 3163 autem,
2522 3115 2631 3169 quo
2675 3101 2892 3155 beatum
2926 3103 3183 3158 Davidem
3228 3121 3418 3174 prose-

183 3191 578 3262 εὑπαράδεχτον
617 3191 743 3259 περὶ
771 3189 866 3241 τοῦ
914 3189 1153 3260 Χριστοῦ
1201 3190 1458 3260 είρῆσθαι
1487 3191 1589 3263 τὴν
1613 3208 1744 3263 προ-

1849 3191 2057 3258 quitur,
2097 3191 2326 3255 honore,
2375 3191 2556 3257 elﬁcit,
2590 3202 2645 3247 ut
2682 3193 2838 3248 facile
2880 3196 3202 3258 admittatur
3253 3207 3417 3268 atque

182 3283 404 3351 φητείαν
453 3282 887 3347 κατασκευάζει·
925 3285 1021 3336 καὶ
1059 3282 1180 3346 ὅλος
1202 3285 1232 3335 ό
1264 3281 1426 3350 λόγος
1457 3284 1626 3338 αὑτοῦ
1655 3279 1745 3340 οὗ·

180 3375 634 3445 τοςῲκονόμηται
659 3373 852 3437 οὕτως.
873 3375 1056 3428 Εἰπὼν
1100 3375 1229 3445 γὰρ,
1273 3375 1354 3427 ὅτι
1388 3375 1497 3428 Καὶ
1528 3376 1744 3430 ἐτελεύ-

179 3482 303 3533 τησε
335 3467 426 3519 καὶ
456 3469 654 3535 ἐτάφη,
683 3466 781 3520 οὐκ
803 3463 950 3530 εἷπε,
983 3465 1091 3520 Καὶ
1120 3467 1340 3533 άνέσττγ
1369 3466 1524 3530 ἀλλὰ,
1557 3469 1665 3521 Καὶ
1686 3469 1746 3520 τὸ

183 3557 368 3626 μνῆμα
395 3557 559 3611 αὑτοῦ
597 3559 652 3610 ἑν
685 3559 814 3625 ἡμῖν
862 3559 1045 3611 ἐστιν’
1087 3559 1222 3626 ὅπερ
1269 3557 1384 3608 τσον
1421 3558 1538 3610 ἐστὶ
1576 3557 1652 3627 τῷ
1673 3559 1742 3625 ⁸ο,

181 3650 287 3700 Οὐκ
303 3649 522 3718 ἀνέστη.
548 3643 693 3717 [Eia
721 3647 842 3700 οὐδὲ
870 3647 1041 3708 οὕτως
1065 3641 1230 3718 ἦλθεν
1259 3649 1338 3710 είς
1366 3647 1457 3700 τὸν
1484 3648 1740 3718 Χριστόν·

180 3737 306 3790 ἀλλὰ
335 3737 496 3790 πάλιν
547 3735 950 3806 ἑγκωμιάζεται
992 3737 1035 3769 ¹¹
1082 3738 1111 3790 ὁ
1155 3737 1337 3804 Δαυϊδ,
1390 3737 1483 3793 καὶ
1521 3737 1608 3791 διὰ
1634 3739 1744 3794 τῶν

180 3830 254 3892 εἰς
280 3830 485 3883 ἐκεῖνον
536 3829 826 3899 ἐγκωμίων
863 3830 1112 3900 πρόεισιν
1158 3833 1186 3884 ὀ
1232 3830 1431 3896 σκοπός
1455 3847 1472 3866 ο
1508 3834 1600 3886 καὶ
1629 3832 1743 3904 γὰρ

180 3923 262 3977 διά
289 3924 443 3996 τοῦξο
468 3925 641 3979 ταῦτα
668 3925 836 3994 λέγει,
867 3925 954 3979 ἵνα
982 3926 1069 3981 διὰ
1103 3928 1202 3998 τὴν
1230 3929 1310 3990 είς
1345 3930 1548 3982 ἐκεῖνον
1576 3929 1744 3999 τιμὴν

181 4016 271 4067 καὶ
318 4015 382 4067 τὸ
439 4017 592 4084 γένος
640 4015 901 4080 δέξωνται
947 4018 1040 4068 τὸν
1073 4019 1201 4085 περὶ
1256 4019 1353 4086 τῆς
1395 4019 1743 4082 ἀναστάσεως

179 4104 360 4172 λόγον’
404 4107 478 4168 ’τις
517 4107 614 4159 καὶ
644 4107 760 4175 στῆς
791 4107 1126 4176 προφητείας
1156 4107 1553 4180 βλαπτομένης,
1584 4110 1632 4162 εί
1665 4109 1742 4182 μὴ

179 4193 331 4247 τοῦτο
359 4196 468 4265 εἴη,
495 4197 589 4249 καὶ
621 4197 719 4265 τῆς
744 4199 824 4260 είς
845 4199 1044 4262 αὐτοὺς
1069 4199 1234 4270 τιμῆς
1263 4199 1740 4273 διαφθειρομίνης.

181 4281 368 4354 Ὀρκῳ
406 4284 623 4355 ὤμοσεν
649 4286 803 4356 αὑτῷ
847 4289 876 4340 ὁ
918 4287 1072 4351 Θεός.
1119 4287 1233 4341 Οὐκ
1271 4283 1444 4355 εἶπεν,
1479 4291 1741 4360 ιπηγγεί-

179 4373 323 4440 λατο,
353 4377 468 4430 ἀλλ’
499 4377 705 4449 ὤμοσε.
754 4378 816 4432 τὸ
847 4380 1206 4452 ἀπαράϐατον
1249 4381 1350 4452 τῆς
1396 4382 1744 4455 ὑποσχέσεως

183 4466 474 4537 παριστῶν.
518 4467 756 4523 Καθίσαι
797 4470 890 4524 ἐπὶ
926 4469 1119 4542 θρόνου
1161 4471 1349 4526 αὐτοῦ.
1390 4473 1482 4527 Ἐν
1523 4473 1740 4533 πολλοῖς

179 4555 357 4619 τόποις
384 4559 482 4629 τῆς
529 4559 682 4623 θείας
713 4560 752 4612 Γ
756 4565 957 4632 ραφῆς,
1002 4561 1124 4616 ἀντὶ
1154 4562 1448 4632 βασιλείας,
1482 4567 1510 4618 ό
1553 4564 1739 4637 Θρόνος

179 4644 522 4713 ὀνομάζεται·
556 4651 631 4714 ὡς
660 4652 756 4705 καὶ
786 4652 1048 4706 ἐνταῦθα’
1084 4655 1180 4707 καὶ
1223 4656 1280 4706 ἐν
1327 4655 1425 4724 τῷ,
1466 4656 1526 4709 '0
1549 4655 1738 4728 θρόνος

183 4749 291 4799 σου,
318 4737 347 4788 ὁ
377 4737 528 4802 Θεὸς,
561 4742 641 4802 εἰς
669 4741 760 4793 τὸν
789 4741 962 4794 αἰῶνα
999 4741 1094 4794 τοῦ
1123 4744 1340 4805 αἰῶνος.
1375 4745 1448 4795 Τὸ
1496 4747 1551 4797 δὲ
1597 4747 1737 4800 κατὰ

182 4825 352 4897 σάρκα
400 4829 725 4902 ἀναστήσειν
775 4829 866 4884 τὸν
911 4833 1163 4902 Χριστόν.
1215 4834 1288 4886 Τὸ
1344 4835 1484 4888 κατὰ
1535 4837 1734 4907 σάρκα,

181 4915 374 4984 φησίνο
408 4917 466 4970 τὸ
497 4919 608 4990 γὰρ
653 4919 796 4973 κατὰ
822 4921 920 4991 τὴν
965 4922 1215 4992 θεότητα,
1259 4923 1505 4979 σύνεστιν
1550 4927 1737 4992 ἀϊδίως

183 5009 535 5080 συνεδριάζων
561 5012 638 5083 τῷ
673 5015 871 5084 Πατρί.
908 5015 1092 5070 Πάντα
1120 5016 1176 5069 δὲ
1218 5017 1504 5086 ἀνατίθησι
1525 5019 1602 5089 τῷ
1626 5021 1737 5073 Πα-

179 5096 282 5164 τρὶ,
308 5097 396 5149 ἵνα
415 5101 825 5173 παραδέξωνται
847 5103 986 5167 τέως
1014 5105 1083 5156 τὰ
1113 5103 1399 5173 λεγόμενα.
1437 5104 1593 5156 Ἀλλά
1621 5104 1737 5168 πῶς

181 5185 421 5240 ὲκάοισεν
448 5190 542 5242 ἐπὶ
563 5191 754 5260 θρόνου
785 5194 980 5260 Δαϐίδ;
1024 5195 1148 5248 Ὀτι
1186 5195 1456 5267 βασιλεύει
1485 5197 1578 5249 καὶ
1605 5196 1737 5249 Ἰου-

181 5271 334 5328 δαίων
364 5278 464 5329 καὶ
486 5277 667 5350 πολλῷ
696 5282 897 5349 μᾶλλον
928 5283 1044 5336 τῶν
1069 5283 1522 5356 σταυρωσάντων.

1847 3284 2131 3353 probetur,
2171 3283 2238 3338 de
2269 3284 2486 3338 Christo
2519 3285 2718 3340 dictam
2757 3286 2860 3356 31
2900 3303 3022 3344 esse
3081 3289 3227 3342 illam
3293 3307 3418 3359 pro-

1847 3374 2116 3444 phetiam.
2173 3375 2251 3429 Ac
2291 3383 2402 3429 tota
2432 3374 2549 3428 haec
2587 3377 2734 3428 illius
2791 3379 2970 3429 oratio
3009 3377 3272 3445 disposita
3329 3390 3413 3432 est

1847 3464 1948 3519 hac.
1973 3465 2203 3518 ratione.
2249 3463 2380 3517 Nam
2413 3480 2536 3518 cum
2571 3465 2820 3528 dixisset.
2853 3468 2918 3519 Et
2949 3476 3194 3522 mortuus
3226 3477 3331 3533 est,
3359 3467 3415 3523 et

1848 3556 2095 3625 sepultus
2123 3566 2206 3611 est
2236 3575 2249 3610 :
2281 3570 2387 3611 non
2431 3555 2605 3611 dixit:
2650 3557 2715 3612 Et
2767 3560 3064 3613 resurrexit
3101 3577 3114 3613 :
3146 3560 3262 3625 sed,
3297 3560 3417 3614 Mo-

1845 3655 2167 3700 numentum
2204 3648 2348 3704 illius
2382 3657 2466 3702 est
2516 3648 2658 3718 apud
2717 3665 2837 3703 nos.
2871 3648 3025 3714 Quod
3056 3650 3277 3719 perinde
3305 3657 3413 3713 est.

1846 3750 1911 3792 ac
1941 3738 1986 3791 si
2009 3737 2270 3794 dixisset:
2309 3738 2430 3794 Non
2461 3741 2784 3796 resurrexit.
2820 3739 3026 3796 Deinde
3057 3757 3124 3797 ne
3167 3744 3255 3798 sic
3291 3742 3415 3812 qui-

1846 3827 1968 3882 dem
2003 3830 2149 3884 venit
2175 3830 2242 3884 ad
2270 3831 2552 3886 Christum
2597 3851 2611 3886 :
2646 3832 2738 3888 sed
2785 3849 2982 3890 rursus
3032 3833 3197 3888 David
3227 3833 3415 3889 lauda-

1846 3928 1966 3980 tur,
2036 3934 2100 3972 ac
2131 3935 2226 3988 per
2256 3921 2468 3986 laudes,
2492 3923 2694 3990 quibus
2721 3923 2871 3976 illum
2901 3924 3160 3990 celebrat,
3192 3941 3418 3994 progre-

1848 4009 1999 4063 ditur
2025 4023 2138 4079 quo
2167 4011 2346 4064 oratio
2403 4014 2708 4080 spectabat.
2775 4014 2990 4067 Etenim
3042 4014 3248 4068 idcirco
3297 4014 3414 4070 hac

1843 4099 1996 4164 dicit,
2033 4109 2089 4155 ut
2115 4111 2338 4172 propter
2389 4104 2537 4157 illius
2573 4103 2837 4159 honorem
2867 4113 2922 4157 et
2955 4119 3128 4174 genus
3179 4106 3415 4175 probent

1843 4192 2148 4245 orationem
2195 4193 2264 4246 de
2310 4192 2767 4248 resurrectione:
2817 4195 2975 4264 quasi
3017 4202 3072 4250 et
3126 4195 3414 4264 praphetia

1845 4281 2096 4348 laedatur,
2133 4283 2240 4338 nisi
2293 4283 2398 4340 hoc
2423 4294 2586 4350 esset,
2632 4293 2686 4340 et
2717 4285 2935 4339 illorum
2971 4283 3150 4340 honor
3203 4286 3411 4341 labefa-

1843 4381 2038 4428 ctetur.
2073 4371 2442 4444 Jurejurando
2467 4376 2852 4431 confirmasset
2895 4376 2946 4430 ei
2980 4375 3139 4432 Deus.
3172 4374 3290 4431 Non
3323 4378 3414 4432 di-

1849 4464 1948 4530 xit,
1985 4466 2349 4535 promisisset,
2382 4467 2500 4535 sed,
2541 4467 2801 4537 jurasset,
2837 4470 3169 4537 promissum
3199 4471 3411 4540 signitio

1844 4571 2001 4624 cans,
2035 4559 2088 4611 in
2128 4573 2237 4628 quo
2269 4559 2460 4614 fallere
2491 4575 2553 4614 ac
2584 4560 2836 4614 frustrari
2869 4559 2951 4614 fas
2983 4575 3091 4613 non
3113 4568 3278 4615 esset.
3306 4560 3411 4626 Qui

1844 4649 2058 4703 sederet
2095 4649 2149 4701 in
2182 4648 2324 4702 solio
2345 4650 2511 4701 illius.
2536 4649 2592 4703 ln
2618 4650 2805 4703 multis
2851 4649 2985 4703 locis
3021 4648 3218 4702 divina:
3256 4649 3409 4703 Scri-

1842 4747 2035 4808 ptum,
2086 4752 2188 4807 pro
2227 4753 2394 4810 regno
2441 4740 2639 4794 solium
2683 4738 2947 4809 accipitur
2994 4754 3008 4790 :
3050 4745 3109 4792 ut
3141 4739 3302 4793 etiam
3353 4738 3409 4795 in

1843 4829 1945 4883 hoc
1970 4830 2110 4891 loco,
2165 4839 2218 4884 et
2248 4831 2304 4884 in
2329 4830 2462 4883 illo:
2500 4829 2712 4884 Solium
2741 4839 2916 4894 tuum,
2963 4829 3124 4891 Deus,
3163 4829 3214 4880 in
3239 4841 3410 4883 saecu-

1838 4921 1951 4974 lum
1985 4923 2168 4976 saeculi
2209 4939 2224 4988 ;
2253 4923 2386 4976 illud
2414 4930 2619 4986 autem,
2661 4922 2803 4991 quod
2843 4922 2911 4974 ad
2934 4935 3152 4974 carnem
3183 4920 3404 4984 attinet,

1839 5013 2108 5068 excitaret
2132 5015 2413 5070 Christum
2449 5007 2647 5079 :Quod
2700 5014 2768 5066 ad
2807 5028 3030 5067 carnem
3071 5013 3292 5077 attinet,
3321 5014 3408 5066 itt-

1840 5107 1980 5173 qnit.
2015 5105 2148 5158 Nam
2184 5105 2327 5173 quod
2396 5105 2600 5158 attinet
2654 5103 2723 5157 ad
2773 5103 3053 5168 deitatem,
3119 5120 3226 5157 una
3281 5119 3405 5157 cum

1837 5196 2006 5251 Patre
2032 5209 2116 5251 est
2143 5213 2172 5249 a
2202 5197 2549 5266 sempiternis
2599 5199 2819 5253 smculis
2857 5198 3076 5252 sedens.
3111 5196 3258 5249 Patri
3306 5208 3403 5244 au-

1841 5296 1950 5365 tem
1983 5289 2166 5342 omnia
2196 5290 2465 5355 attribuit,
2503 5298 2561 5344 ut
2583 5292 2874 5345 admittant
2914 5303 2977 5341 ac
3009 5286 3239 5355 probent
3262 5284 3403 5336 inte-

183 5368 274 5424 rim
307 5389 426 5443 qua:
465 5377 804 5434 dicebantur.
830 5378 943 5434 Sed
974 5383 1252 5449 quomodo
1318 5381 1460 5437 sedit
1513 5382 1566 5435 in
1598 5382 1735 5437 solio
1769 5382 2034 5439 Davidis?
2081 5385 2216 5451 Quia
2262 5403 2354 5441 rex
2385 5397 2468 5444 est
2505 5386 2836 5447 Judzcorum,
2881 5393 2934 5436 et
2999 5379 3169 5433 inulto
3231 5378 3402 5447 magis

183 5477 354 5520 eorum
385 5469 476 5538 qui
515 5471 929 5530 cruciﬁxerunt.

1348 5615 1548 5678 Variae
1579 5609 1891 5681 lectiones
1917 5626 1978 5683 et
2008 5627 2196 5683 notae.

273 5778 314 5864 ξε
346 5776 425 5864 μέ,
448 5776 970 5864 ευφροσύνηςέιεγαι,
1048 5784 1094 5864 λξ
1114 5783 1370 5864 ἔσμωσεν,
1405 5802 1540 5844 erat.
1618 5794 1662 5829 ⁸⁷
1697 5794 1744 5847 lt

1854 5796 2033 5864 tgulis,
2090 5798 2178 5848 ἐπὶ
2217 5793 2305 5846 τοῦ
2341 5793 2553 5858 θρόνου.
2630 5790 2673 5820 ⁸⁸
2711 5789 2946 5859 μέλλειν,
2985 5799 3119 5841 erat.
3194 5785 3240 5816 δ’
3277 5787 3400 5855 περὶ

185 5857 306 5899 erat.
380 5850 426 5879 ‘"
460 5850 535 5912 τὸ,
568 5862 704 5903 erat.
740 5850 748 5852 “
779 5857 822 5887 ⁵⁸
854 5850 1287 5925 ἐγκωμιάζηται,
1309 5865 1439 5909 ενοι.
