4064 6340
124 443 245 512 557
891 447 1292 511 exrosmo
1320 449 1402 509 1N
1429 445 1618 508 ACTA
1641 405 2209 510 APGSTO‘LORUM.
2246 469 2310 480 -
2345 447 2503 508 CAP.
2550 446 2664 506 III.
3251 398 3374 515 .558

119 557 338 628 χόντων
391 554 783 627 κατεφρόνουν.
827 553 1048 628 Ἐπειδὴ
1074 558 1183 627 γὰρ
1206 557 1408 612 ἄνωθεν
1437 553 1505 628 ἦν
1542 556 1706 620 πολὺς

1813 565 2068 628 tanquam
2095 559 2228 614 viles
2251 557 2643 628 despiciebant.
2668 550 2942 625 Quoniam
2961 561 3108 616 enim
3141 576 3376 632 superne

123 650 280 718 ῥέων
313 650 344 702 ό
373 648 598 720 Πέτρος,
628 649 723 703 καὶ
746 649 956 704 ἐδείκνυ
987 653 1085 716 τὰς
1112 652 1447 721 ἐπαγγελίας
1495 654 1590 706 καὶ
1637 651 1706 704 τὰ

1812 664 2004 718 magna
2038 650 2215 721 gratia
2244 648 2440 706 Petrus
2465 649 2796 717 abundabat,
2828 659 2882 706 et
2905 648 3224 708 ostendebat
3251 669 3379 724 pro-

134 741 444 811 μέλλοντα,
496 744 721 806 εἰκότως
765 744 1062 814 ἐξέστησαν
1100 744 1178 814 τῷ
1201 744 1381 816 φόϐῳ·
1408 743 1706 814 ἐμαρτύρει

1809 738 2100 794 missiones
2125 746 2179 793 et
2208 754 2296 796 res
2319 739 2533 795 futuras
2552 781 2568 806 ,
2602 740 2745 794 haud
2775 741 3046 796 immerito
3074 754 3221 799 metu
3248 759 3376 814 per-

118 835 240 903 γάρ
284 837 396 897 τοῖς
441 834 758 904 λεγομένοις
810 837 904 889 καὶ
947 837 1016 890 τὰ
1044 836 1342 906 τελούμενα
1378 837 1578 906 τέρατα
1614 837 1705 887 καὶ

1806 828 1944 884 culsi
1979 837 2129 884 sunt.
2160 829 2308 900 .Nam
2339 839 2393 885 et
2435 846 2589 902 signa
2617 840 2782 903 atque
2809 833 3078 903 prodigia,
3110 835 3377 912 quaede-

124 925 364 995 σημεῖα.
413 924 680 996 Καθάπερ
729 926 845 995 γάρ
871 927 965 990 ἐπὶ
1009 927 1104 980 τοῦ
1136 927 1398 999 Χριστοῦ,
1442 927 1706 995 πρότερον

1809 922 2026 988 bantur,
2061 921 2205 976 dicta
2239 921 2688 993 eomprobabant.
2720 921 3188 989 Quemadmodum
3226 927 3372 980 enim

140 1018 376 1085 σημεῖα,
411 1009 529 1070 εἶτα
565 1016 906 1083 διδασκαλία,
941 1015 1085 1072 εἷτα-
1117 1014 1369 1084 θαύματα
1392 1034 1409 1049 ο
1437 1016 1578 1070 οὕτω
1609 1032 1704 1070 και

120 1108 248 1158 νῦν.
287 1107 493 1170 Πάντες
519 1106 576 1160 δέ
603 1108 654 1159 oi
682 1107 1028 1174 πιστεύοντες
1066 1105 1207 1180 ἦσαν
1233 1110 1325 1162 ἐπὶ
1355 1109 1415 1161 τὸ
1444 1109 1576 1162 αὑτό
1597 1128 1612 1139 ο
1639 1110 1701 1162 οὐ

119 1197 305 1267 τόπῳ,
351 1197 485 1251 ἀλλὰ
517 1197 754 1252 διαθέσει
777 1197 875 1252 καὶ
907 1199 1122 1273 γνώμῃ,
1151 1200 1242 1252 καὶ
1273 1202 1337 1270 τῇ
1368 1198 1503 1269 πρὸς
1535 1199 1700 1270 άλλή-

118 1287 255 1351 λους
305 1287 616 1357 ἀδιαστάτῳ
647 1289 872 1357 ὁμονοίᾳ
905 1292 1003 1343 καὶ
1059 1294 1286 1362 στοργῇ.
1313 1292 1386 1344 T'o
1407 1291 1486 1354 δὲ,
1522 1291 1644 1344 καθ’
1673 1293 1700 1344 ὃ

117 1376 186 1429 ἄν
207 1395 299 1441 τις
313 1379 504 1448 χρείαν
519 1377 665 1448 εἶχεν
687 1419 702 1443 ,
721 1379 824 1447 ὀὐχ
847 1380 1030 1442 ἁπλῶς
1053 1396 1218 1448 φησιν
1237 1420 1251 1444 ,
1279 1380 1395 1433 ἀλλ’
1422 1382 1696 1452 οἰκονομις

116 1468 274 1531 πῶς·
326 1469 484 1520 τοῦτο
527 1469 656 1538 γὰρ,
690 1470 814 1522 καθ’
859 1469 898 1522 ’ὃ
940 1471 1004 1524 ἄν
1033 1487 1118 1534 τις
1165 1471 1352 1542 χρείας
1404 1468 1568 1542 εἶχεν.
1613 1459 1696 1526 Ὀὐ

117 1558 382 1631 καθάπερ
400 1559 458 1612 δέ
490 1562 538 1612 οἱ
579 1560 709 1630 παρ’
739 1561 966 1632 Ἕλλησι
1017 1563 1206 1630 σοφοίο
1237 1564 1288 1616 οί
1338 1561 1437 1634 μὲν
1491 1566 1698 1636 ἀνῆκαν

114 1654 219 1724 τὴν
269 1654 395 1723 γῆν,
428 1656 478 1707 οἱ
524 1656 579 1708 ῖέ
619 1655 1007 1718 είςκθάλασσαν
1037 1657 1268 1728 ἔρριψαν
1295 1661 1429 1715 πολὺ
1455 1660 1694 1732 χρυσίον.

1806 1021 2049 1080 tempore
2097 1011 2324 1078 Christi,
2376 1013 2530 1082 prius
2569 1011 2724 1084 signa
2774 1012 3101 1078 edebantur,
3177 1014 3375 1070 deinde

1787 1105 2078 1174 doctrina,
2108 1115 2296 1175 postea
2325 1105 2590 1160 miracula
2605 1115 2899 1161 consecuta
2917 1116 3078 1170 sunt;
3107 1107 3181 1160 ita
3209 1109 3371 1162 etiam

1804 1212 1972 1250 inme.
2015 1195 2218 1253 Omnes
2262 1204 2466 1262 autem,
2507 1197 2598 1266 qui
2650 1198 2967 1263 credebant,
3010 1214 3118 1252 una
3163 1209 3373 1268 erant:

1805 1303 1910 1341 non
1956 1289 2076 1344 loco
2108 1327 2124 1352 ,
2158 1290 2252 1344 sed
2285 1289 2484 1356 aﬂ'ectu
2525 1298 2578 1343 et
2606 1283 2791 1364 animo
2831 1291 3197 1359 continuaque
3229 1289 3376 1346 inter

1804 1380 1951 1447 ipsos
1979 1379 2272 1433 concordia
2300 1389 2466 1449 atque
2491 1394 2678 1434 amore
2704 1394 2769 1433 ac
2797 1380 3196 1434 benevolentia.
3227 1379 3367 1434 lllud

1802 1482 2006 1538 autem,
2060 1484 2223 1543 prout
2270 1474 2470 1543 cuique
2519 1487 2658 1542 opus
2680 1480 2839 1538 erat,
2889 1489 3012 1528 non,
3047 1474 3374 1544 simpliciter

1800 1563 1952 1628 dicit,
1984 1564 2078 1620 sed
2110 1564 2352 1619 adhibita
2389 1563 2602 1618 ratione
2625 1564 3044 1619 administrandi
3068 1581 3131 1620 ae
3148 1565 3373 1635 dispen-

1800 1658 1956 1712 sandi
1989 1675 2002 1711 :
2043 1657 2147 1712 hoc
2177 1658 2324 1712 enim
2357 1666 2461 1724 est,
2493 1667 2654 1727 prout
2680 1658 2912 1727 quisque
2937 1672 3077 1727 opus
3097 1659 3367 1713 habebat:

118 1741 298 1823 Τοῦτο
339 1745 398 1797 δέ
433 1740 502 1817 ἦν
538 1747 638 1815 οὐχ
674 1746 945 1816 ὑπεροψία
975 1752 1289 1819 χρημάτων,
1347 1749 1482 1804 ἀλλὰ
1517 1751 1696 1820 μωρία

1800 1750 1904 1821 35
1933 1766 2040 1805 non
2083 1759 2266 1806 autem
2305 1751 2762 1822 quemadmodum
2825 1751 3100 1820 sapientes
3151 1749 3371 1807 ϐιωσο-

120 1833 220 1883 καὶ
248 1832 432 1886 ἄνοια.
489 1831 828 1885 Ἑσπούδασε
857 1832 966 1903 γὰρ
999 1834 1028 1885 ό
1058 1833 1302 1898 διάϐολος
1334 1834 1428 1890 τοῦ
1465 1835 1599 1890 Θεοῦ
1626 1836 1694 1889 τά

1800 1859 1945 1902 rum.
1964 1844 2292 1915 aliiquidem
2322 1855 2521 1900 terram
2544 1845 2879 1913 reliquerunt
2908 1854 2963 1899 et
3007 1858 3167 1915 agros
3193 1843 3373 1900 colere

119 1922 404 1992 κτίσματα
435 1922 765 1986 διαϐάλλειν,
815 1923 877 1975 οὐ
929 1902 1087 1984 κενὸν
1112 1927 1158 1959 ⁸⁸
1183 1927 1364 1992 καλῶς
1387 1928 1698 2000 χρήσασθαι

1801 1933 2129 1989 destiterunt
2158 1976 2174 2001 ,
2225 1935 2316 1989 alii
2345 1948 2476 1991 vero
2515 1948 2766 2004 magnam
2813 1935 2922 1988 vim
2965 1935 3086 1989 auri
3134 1935 3190 1990 in
3222 1927 3374 1994 mare

121 2015 398 2084 χρήμασι.
445 2016 580 2070 Καθ’
619 2019 833 2089 ἡμέραν
881 2038 942 2074 τε
994 2020 1570 2092 προσκαρτεροῦντεςο
1634 2021 1698 2075 οὐ

124 2105 259 2171 μίαν
292 2107 529 2178 ἡμέραν,
562 2108 742 2178 ἢδύο,
764 2111 796 2180 ἢ
827 2113 975 2181 τρεῖς
994 2150 1010 2173 ,
1040 2112 1175 2165 ἀλλὰ
1200 2111 1321 2168 καθ’
1338 2112 1552 2184 ἡμέραν
1570 2128 1583 2141 °
1605 2112 1700 2165 καὶ

121 2198 496 2269 ὁμοθυμαδὸν,
559 2199 636 2264 ὼς
677 2202 736 2255 ἐν
755 2207 857 2274 μιᾷ
886 2205 1058 2276 ψυχῇ.
1089 2205 1290 2258 Σκόπει
1316 2205 1371 2257 δὲ
1398 2205 1516 2267 πῶς
1546 2205 1699 2258 οὐδὲν

120 2290 313 2359 ’ἕτερον
344 2291 561 2346 ἐποίουν
598 2294 648 2345 οί
687 2293 936 2348 Ἰουδαῖοι
966 2296 1017 2349 oi
1055 2295 1429 2360 πιστεύοντες,
1458 2296 1594 2349 ἀλλὰ
1621 2296 1698 2364 τῷ

125 2378 261 2448 ἱερῷ
315 2380 689 2450 προσήδρευον
719 2396 733 2409 °
773 2383 869 2436 ἆτε
911 2382 975 2454 δὴ
1011 2381 1418 2456 σπουδαιότεροι
1469 2403 1698 2455 γεγενη-

126 2469 280 2536 μένοι
303 2510 318 2529 .
364 2471 460 2523 καὶ
493 2471 623 2540 περὶ
655 2472 748 2524 τὸν
776 2473 940 2526 τόπον
968 2474 1258 2530 εὐλάϐειαν
1287 2476 1506 2530 πλείονα
1531 2473 1696 2548 εἶχον.

125 2562 236 2613 Καὶ
272 2561 325 2613 οἱ
354 2561 648 2616 ἀπόστολοι
674 2563 774 2616 οὐκ
809 2564 1073 2619 ἀπέσπων
1094 2567 1137 2598 ⁸⁷
1167 2567 1363 2629 αὐτοὺς
1389 2567 1526 2629 τέως
1553 2570 1696 2622 ἐκεί-

125 2654 214 2706 οεν
258 2653 403 2707 ὥστε
443 2655 517 2726 μὴ
559 2655 783 2726 βλάψαι.
841 2661 1094 2723 Κλωντες
1140 2661 1262 2714 κατ’
1309 2655 1456 2714 οἷκον
1498 2661 1697 2732 ἄρτον·

123 2740 274 2800 οἷκον
309 2748 375 2801 τδ
410 2746 554 2825 ίερὸν
592 2752 689 2803 καὶ
719 2750 814 2827 νῦν
841 2751 1012 2820 λέγει.
1060 2754 1149 2806 Ἐν
1178 2753 1328 2823 αὺτῷ
1359 2755 1465 2824 γὰρ
1493 2753 1697 2825 ἢσθιον.

123 2837 196 2890 Τὸ
221 2837 306 2902 δὲ,
337 2837 575 2902 κλῶντες
597 2839 785 2909 ἄρτον,
815 2841 914 2912 τὴν
943 2841 1145 2913 πολλὴν
1167 2841 1350 2896 αὐτῶν
1373 2844 1699 2912 ἐγκράτειαν
1728 2863 1730 2866 ν

125 2929 216 2980 καὶ
246 2929 510 2997 λιτότητα
539 2930 693 3002 δηλοί
723 2933 822 3002 τῆς
853 2934 1086 3003 τροφῆς.
1116 2933 1546 3000 Μετελάμϐανεν
1568 2934 1695 3003 γὰρ,

127 3019 279 3089 φησι,
311 3021 541 3090 τροφῆς,
571 3022 688 3076 ἀλλ’
712 3025 813 3076 οὐκ
854 3024 1125 3094 ἐτρύφων.
1159 3024 1316 3076 Οὕτω
1341 3026 1436 3077 καὶ
1461 3024 1552 3077 τὸν
1583 3024 1698 3094 βίον

125 3109 231 3162 ἀπὸ
269 3110 374 3178 τῆς
411 3111 650 3174 πίστεως
675 3113 770 3166 ἐπὶ
793 3112 853 3165 τὸ
874 3096 1124 3182 κρεῖττον
1150 3112 1609 3184 μετερυθμίζοντο
1627 3112 1693 3168 ⁸⁸.

126 3202 246 3296 lli};
276 3201 338 3296 δὲ
371 3197 516 3273 εἶχον
549 3204 712 3275 χάριν
740 3206 1025 3296 πῗρὸςᾉὸλον
1061 3206 1154 3269 τὸν
1177 3206 1341 3296 λαόν;
1374 3206 1537 3275 Λέγει
1559 3205 1690 3296 γάρ’
1720 3239 1762 3296 c

130 3293 235 3346 Καὶ
260 3293 479 3363 ἔχοντες
507 3295 667 3364 χάριν
700 3295 834 3366 πρὸς
854 3294 974 3348 ὅλον
999 3296 1089 3349 τὸν
1128 3295 1280 3350 λαόν.
1332 3297 1490 3362 Πῶς;
1517 3296 1593 3348 Δι’
1622 3291 1695 3350 ὧν

128 3384 395 3455 ἔπραττον
415 3402 429 3416 ο
483 3387 583 3439 ma
639 3387 740 3454 τῆς
781 3387 1148 3459 ἐλεημοσύνης
1171 3404 1186 3418 ·
1220 3389 1310 3443 διὰ
1331 3388 1430 3458 τῆς
1453 3390 1702 3459 καθαρᾶς

129 3474 488 3546 ἀναστροφῆς.
554 3476 617 3528 Εί
667 3474 780 3544 γάρ
839 3477 935 3529 καὶ
991 3477 1155 3546 ίερείς
1193 3477 1301 3530 ἀπὸ
1360 3479 1558 3547 φθόνου
1605 3481 1700 3535 καὶ

132 3563 426 3630 βασκανίας
472 3566 783 3636 ἐπέστησαν
814 3567 1023 3635 αὐτοῖς,
1071 3567 1210 3620 ἀλλὰ
1257 3566 1397 3637 πρὸς
1447 3568 1539 3620 τὸν
1573 3568 1701 3623 λαὸν

131 3655 282 3724 χάριν
313 3649 481 3725 εἶχον.
723 3659 732 3668 “

1801 2026 2173 2098 projecerunt.
2208 2026 2322 2082 lloc
2353 2041 2486 2082 vero
2516 2041 2626 2080 non
2666 2035 2786 2081 erat
2816 2035 3165 2098 contemptus
3202 2041 3372 2098 postr-

1801 2119 2042 2184 niarum,
2075 2119 2171 2174 sed
2241 2118 2475 2174 stultitia
2522 2126 2686 2188 atque
2715 2118 2984 2174 amentia.
3017 2120 3258 2176 Conatus
3284 2130 3371 2180 est

1799 2205 1945 2261 enim
1977 2206 2229 2261 diabolus
2257 2214 2538 2261 creaturas
2568 2204 2663 2260 Dei
2695 2205 3021 2262 calumniari
3064 2216 3120 2263 et
3162 2207 3368 2264 invisas

1800 2297 2048 2352 reddere.
2071 2297 2190 2352 Non
2228 2299 2494 2366 enimtest
2537 2311 2624 2353 res
2650 2311 2789 2350 vana
2815 2297 2951 2353 bene
2979 2299 3227 2368 pecuniis
3261 2301 3364 2353 uti.

1799 2386 1878 2440 Ac
1902 2385 2146 2454 quotidie
2166 2382 2388 2439 assidue
2412 2391 2714 2450 versantes,
2736 2397 2846 2438 non
2868 2400 3037 2438 unum
3072 2384 3238 2450 diem,
3271 2395 3366 2440 aut

1800 2477 1959 2541 duos,
1984 2486 2077 2530 aut
2116 2483 2249 2538 tres,
2285 2475 2381 2530 sed
2409 2473 2672 2545 quotidie,
2709 2483 2764 2530 et
2820 2475 3174 2550 unanimiter,
3205 2476 3362 2546 quasi

1801 2584 1908 2623 uno
1932 2568 2138 2622 animo.
2170 2567 2468 2623 Considera
2498 2577 2706 2631 autem,
2750 2574 2813 2622 ut
2842 2567 2977 2622 nihil
3013 2567 3161 2622 aliud
3189 2566 3368 2624 iacie—

1799 2660 1930 2715 bant
1961 2658 2153 2723 Judmi,
2201 2659 2327 2728 quia
2361 2657 2678 2721 credebant,
2707 2657 2812 2715 nisi
2837 2665 2896 2712 ut
2944 2658 3152 2714 assidui
3185 2671 3367 2713 versa-

1798 2759 1992 2806 rentur
2023 2751 2074 2804 in
2107 2750 2329 2819 templo,
2360 2757 2421 2802 ut
2444 2749 2537 2817 qui
2565 2749 2824 2803 nimirum
2858 2749 3217 2803 studiosiores
3243 2759 3367 2802 eva-

1798 2840 2022 2902 sissent,
2079 2838 2244 2892 etiam
2295 2852 2424 2906 erga
2481 2838 2660 2890 locum
2685 2837 2840 2890 illum
2879 2837 3073 2906 majori
3101 2837 3367 2908 religione

1799 2928 2144 2984 tenebantur.
2175 2928 2355 2997 Atque
2382 2926 2619 2997 apostoli
2645 2923 2776 2981 illos
2804 2927 2858 2981 in
2889 2927 3045 2982 initio
3077 2927 3225 2982 illinc
3256 2939 3364 2982 non

1797 3021 2101 3077 avellebant
2148 3025 2205 3073 et
2239 3017 2562 3082 avocabant,
2608 3031 2676 3072 ne
2721 3018 2828 3072 illis
2874 3029 3136 3073 nocerent
3190 3029 3245 3074 et
3280 3018 3367 3073 in-

1797 3113 2222 3168 commodarent.
2278 3109 2337 3163 ln
2378 3108 2492 3162 aede
2543 3119 2739 3177 panem
2781 3108 3113 3178 frangentes.
3167 3108 3360 3163 Aidem

1800 3207 2058 3277 templum
2089 3219 2233 3258 nunc
2259 3216 2476 3273 quoque
2520 3200 2673 3254 dicit.
2710 3199 2772 3254 In
2808 3199 2901 3254 illo
2928 3200 3073 3254 enim
3113 3197 3367 3252 comede-

1795 3308 1945 3361 bant.
1995 3297 2129 3351 Illud
2183 3306 2389 3358 autem,
2463 3292 2664 3347 Panem
2719 3291 3046 3358 frangentes,
3113 3304 3363 3358 magnam

1795 3393 2010 3451 illorum
2031 3385 2440 3456 temperantiam
2459 3382 2737 3452 signiﬁcat
2755 3391 2809 3436 et
2828 3383 3004 3437 victus
3022 3383 3362 3436 tenuitatem.

1797 3482 2096 3538 Sumebant
2125 3476 2294 3539 enim,
2324 3473 2518 3542 inquit,
2549 3471 2752 3532 cibum,
2784 3469 2888 3524 non
2925 3479 3105 3524 autem
3135 3469 3366 3524 delicate

1797 3572 2076 3633 vivebant,
2111 3582 2176 3620 ac
2201 3565 2364 3636 genio
2391 3562 2765 3632 indulgebant.
2801 3561 2950 3616 Adeo
2997 3562 3163 3614 etiam
3195 3557 3371 3614 vitam

1798 3677 1828 3716 a
1863 3666 2115 3730 suscepta
2140 3658 2244 3714 ﬁde
2267 3656 2324 3711 in
2341 3655 2535 3710 melius
2547 3653 2911 3709 emendabant
2926 3661 2980 3708 et
2999 3653 3365 3729 corrigehant.

133 3745 232 3801 Sed
263 3748 355 3816 qui
388 3750 561 3816 gratia
590 3747 844 3803 valebant
880 3748 1021 3817 apud
1039 3764 1251 3804 omnem
1278 3749 1534 3821 plebem?
1561 3750 1692 3807 dicit
1728 3755 1873 3810 enim
1908 3772 1922 3810 :
1972 3725 2044 3807 Εί
2072 3749 2247 3821 gratia
2323 3748 2592 3817 pollentes
2636 3745 2779 3815 apud
2823 3761 3040 3800 omnem
3107 3725 3320 3816 plebem
3348 3776 3364 3814 ι

131 3855 234 3908 quo
300 3852 462 3912 pacto
515 3842 540 3895 ?
589 3841 814 3912 Propter
839 3855 902 3896 ea
933 3880 949 3905 ,
1003 3858 1124 3910 quae
1176 3844 1410 3914 agebant
1441 3861 1456 3898 :
1509 3852 1731 3916 propter
1763 3847 2187 3913 eleemosynam,
2227 3849 2448 3909 propter
2484 3852 2672 3907 puram
2705 3840 3193 3893 conversationem.
3227 3837 3363 3892 Nam

132 3939 341 3991 etiamsi
366 3935 707 3999 sacerdotes,
752 3935 960 3990 invidia
991 3945 1153 4001 atque
1190 3938 1539 3993 aemulatione
1588 3939 1745 4004 moti,

135 4028 338 4098 plebem
363 4027 536 4097 gratia
567 4026 865 4113 pollebant.

500 4167 505 4174 .
726 4118 974 4173 ΚΕΦΔΛ.
1019 4117 1093 4172 Γ’.

211 4210 336 4263 Ἐπί
374 4209 441 4263 τὸ
472 4209 619 4263 αὐτὸ
650 4209 718 4261 δὲ
740 4211 961 4286 Πέτρος
999 4211 1097 4263 καί
1143 4209 1425 4278 Ἰωάννης
1459 4210 1692 4265 ἀνέσαι-

1801 3939 1923 3992 illos
1970 3941 2361 4006 oppresserunt
2415 3939 2470 3985 et
2521 3931 2862 3994 invaserunt,
2916 3941 3157 3987 attamen
3218 3935 3363 4004 apud

2387 4108 2616 4166 CAPUT
2686 4108 2775 4164 Ill.

1864 4207 2028 4262 Vens.
2050 4207 2099 4260 l.
2124 4205 2240 4260 Una
2270 4216 2448 4260 autem
2473 4203 2663 4257 Petrus
2689 4211 2736 4255 et
2758 4199 2990 4254 Joannes
3013 4200 3360 4256 ascendebant

137 4318 238 4356 νον
263 4305 370 4368 -εις
418 4301 483 4355 τὸ
527 4301 690 4370 ἱερὸν
734 4300 832 4353 ἐπὶ
871 4300 984 4368 τὴν
1018 4301 1177 4370 ὤραν
1215 4301 1320 4369 τῆς
1350 4301 1694 4370 προσευχῆς

1800 4302 1846 4354 in
1885 4288 2134 4365 templum
2160 4299 2230 4350 ad
2259 4298 2440 4350 horam
2461 4295 2775 4364 precationis
2807 4310 2998 4348 nonam
3026 4309 3044 4346 :

139 4391 244 4459 τὴν
268 4393 529 4459 ἑνδεκάτην
542 4393 608 4444 ⁶⁹.
669 4413 674 4420 ν

205 4484 312 4537 Καί
339 4499 427 4548 τις
457 4481 616 4549 ἀνὴρ
659 4483 862 4558 χωλὸξ
879 4483 945 4538 ἐκ
974 4486 1206 4549 κοιλίας
1249 4486 1475 4556 μητρὸς
1508 4486 1693 4542 αὐτοῦ

144 4571 416 4638 ὑπάρχων
465 4569 851 4629 ἐϐαστάζετοο
903 4573 975 4626 ὃν
1022 4574 1261 4628 ἐτίθουν
1300 4575 1428 4629 καθ’
1468 4575 1698 4644 ἡμέραν

146 4662 280 4726 πρὸς
293 4660 406 4727 τὴν·
433 4662 619 4727 θύραν
637 4660 744 4713 τοῦ
765 4661 944 4729 ἱεροῦ,
966 4662 1079 4729 τὴν
1097 4664 1430 4730 λεγομένην
1441 4665 1694 4730 Ὠραίαν,

149 4751 242 4803 τοῦ
271 4740 457 4804 αἰτεῖν
492 4749 915 4822 ἐλεημοσύνην
939 4751 1096 4817 παρὰ
1135 4753 1252 4803 τῶν
1276 4753 1691 4818 διαπορευομέ-

149 4858 252 4894 νυν
275 4844 359 4907 είς
384 4841 449 4894 τὸ
481 4820 662 4910 ἱερόν.
1724 4820 1766 4873 D

212 4935 310 4997 ’ος
349 4931 490 4988 ιόὼν
519 4931 746 5002 Πέτρον
769 4932 869 4986 καὶ
910 4930 1188 4998 Ἰωάννην
1208 4930 1544 5000 μέλλοντας
1571 4936 1694 4986 εἱσ-

153 5021 282 5075 ιέγαι
303 5026 388 5089 είς
419 5024 484 5077 τὸ
509 5025 690 5091 ἱερὸν,
721 5023 914 5092 ἠρώτα
939 5021 1358 5091 ἐλεημοσύνην
1375 5023 1442 5078 ⁷ο.

224 5111 517 5179 Ἀτενίσας
549 5113 617 5166 δὲ
644 5112 867 5181 Πέτρος
891 5109 978 5177 ac
1014 5116 1200 5165 αὐτὸν
1229 5113 1350 5166 σὺν
1375 5110 1456 5175 τῷ
1498 5111 1692 5165 Ἰωάν-

157 5219 239 5267 νυ,
260 5199 426 5257 εἷπον
446 5206 487 5236 ⁷¹
511 5221 526 5233 ⁸
567 5193 814 5272 Βλέψον
838 5207 926 5269 είς
952 5203 1130 5272 ἡμᾶς.

225 5295 284 5346 '0
309 5294 374 5348 δὲ
398 5295 872 5362 ἐπεῖχεν-αὐτοῖς,
892 5295 1246 5362 προσδοκῶν
1267 5311 1318 5346 τι
1335 5293 1472 5371 παρ’
1490 5291 1684 5347 αὐτῶν
1765 5345 1767 5347 ,

160 5386 359 5441 λαϐεῖν.

220 5469 353 5526 Eine
402 5471 467 5525 δὲ
510 5471 764 5540 Πέτροςο
811 5475 1108 5544 Ἀργύριον
1137 5478 1232 5527 καὶ
1271 5475 1525 5542 χρυσίον
1573 5477 1682 5542 οὐχ

1869 4475 2034 4539 νέης.
2067 4484 2124 4536 2.
2151 4483 2213 4535 Et
2238 4484 2320 4537 vir
2356 4481 2599 4551 quidam,
2629 4480 2716 4548 qui
2741 4493 2802 4532 ea:
2832 4494 2937 4546 quo
2966 4478 3137 4529 editus
3162 4485 3275 4529 erat
3297 4489 3361 4529 ea:

1799 4587 1946 4630 utero
2003 4578 2188 4628 matris
2243 4590 2374 4638 stite,
2427 4572 2653 4626 claudus
2709 4580 2999 4634 manserat,
3039 4572 3244 4638 portari
3299 4586 3361 4620 ac

1803 4668 2060 4720 collocari
2104 4665 2344 4734 quotidie
2399 4662 2611 4716 solebat
2662 4662 2730 4714 ad
2754 4673 2962 4728 portam
3009 4663 3209 4730 templi,
3241 4676 3358 4729 qum

1800 4757 1999 4808 dicitur
2026 4753 2300 4833 Speciosq,
2327 4761 2384 4805 ut
2408 4761 2603 4821 peteret
2627 4753 3007 4818 eleentosynam
3038 4750 3101 4800 ab
3160 4749 3225 4800 iis
3268 4763 3355 4816 qui

1795 4849 2070 4900 introirent
2101 4847 2156 4899 in
2191 4845 2442 4915 templum
2465 4862 2483 4898 :
3118 4912 3120 4914 τ

1868 4937 2035 4991 Vens.
2096 4937 2149 4990 ὃ.
2186 4936 2292 5000 Qui
2355 4935 2688 5002 conspicatus
2749 4929 2960 4984 Petrum
2990 4941 3038 4982 et
3094 4927 3352 4984 Joannem

1794 5029 2124 5097 .‘ugressuros
2154 5028 2207 5080 in
2237 5025 2521 5096 templum,
2546 5021 2766 5092 rogabat
2797 5021 3209 5090 elcemmynam.

1866 5116 2029 5184 Vens.
2056 5115 2110 5167 4.
2149 5113 2382 5166 Intuitus
2423 5119 2596 5163 autem
2621 5109 2814 5163 Petrus
2851 5111 2903 5162 in
2935 5127 3051 5163 eum
3083 5127 3185 5162 una
3236 5123 3352 5159 cum

1787 5204 1997 5259 Joanne
2032 5203 2168 5255 dixit
2191 5202 2410 5276 :Aspice
2433 5202 2502 5253 ad
2533 5217 2648 5255 nos.

1868 5296 2029 5349 Vens.
2070 5295 2122 5348 5.
2151 5294 2215 5346 At
2251 5294 2340 5346 ille
2364 5294 2658 5346 intendebat
2683 5292 2859 5346 oculos
2886 5293 2942 5341 in
2996 5305 3104 5353 eos,
3136 5289 3351 5355 sperans

1792 5406 1844 5442 se
1867 5389 2067 5456 aliquid
2103 5401 2433 5455 accepturum
2463 5387 2527 5437 ab
2549 5385 2647 5438 eis.

1870 5478 2028 5534 Vnus.
2063 5479 2114 5532 6.
2143 5478 2330 5531 Petrus
2363 5487 2533 5528 autent
2559 5476 2732 5526 dixit:
2763 5474 3044 5544 Argentum
3081 5484 3129 5525 et
3162 5489 3350 5528 aurum

1309 5657 1500 5716 \arite
1539 5656 1848 5718 lectiones
1880 5663 1941 5718 et
1976 5663 2162 5715 notce.

219 5756 256 5786 “
281 5759 376 5829 γὰρ
397 5757 686 5812 desiderari
716 5758 941 5810 videtur.
1018 5758 1060 5829 ‘3
1094 5759 1538 5823 dnészouv,crut.

167 5826 357 5894 ngutis
389 5831 618 5893 additur,
651 5831 853 5883 λαϐεῖν.
931 5829 972 5857 ⁷³
1012 5826 1155 5889 εἷπε,
1183 5841 1258 5881 est
1294 5848 1342 5881 tn
1372 5834 1614 5899 rulgatis.

1618 5763 1662 5790 ⁶¹¹
1697 5760 2140 5832 μετερυομῐζετο,
2183 5771 2315 5812 erat.
2343 5792 2375 5810 κ
2395 5760 2438 5790 ε’
2470 5759 2692 5826 ἐννάτην
2710 5767 2797 5810 est
2819 5759 2868 5810 in
2892 5759 3137 5830 vulgatis.

3214 5759 3351 5814 10!”
