4064 6340
215 377 330 441 5-35

933 383 1338 453 EXPOSITIO
1373 387 1452 465 IN
1492 389 1676 448 ACTA
1720 390 2291 455 APOSTULURUM.
2333 423 2390 432 -
2416 399 2572 459 CAP.
2622 400 2731 487 [[1,

3366 403 3472 466 566

219 507 370 542 ωσεν
397 492 584 545 αὐτόν.
625 491 908 564 ’τοσαύτην
940 493 1055 564 ἔχει
1086 495 1183 566 τὴν
1217 487 1371 568 ἰσχὺν
1417 500 1510 552 καὶ
1558 500 1794 570 πηγάξει

1903 518 2024 556 men
2060 505 2222 580 illius.
2260 507 2392 559 Cum
2449 509 2694 574 dixisset,
2767 509 2991 577 Propter
3041 515 3197 581 [idem
3247 518 3468 571 neminis

217 581 326 650 τὴν
350 581 528 650 χέριν.
559 584 667 634 Καὶ
695 586 728 653 ἡ
763 585 947 649 πίστις
993 588 1025 657 ἡ
1057 587 1126 640 δι’
1153 588 1343 642 αὑτοῦ.
1375 591 1472 652 Τίς
1495 591 1552 644 δέ
1585 597 1735 644 ἐστιν
1765 597 1798 666 ὴ

221 673 432 735 πίστις,
460 674 493 740 ἡ
523 672 593 724 δι’
628 673 791 727 αὐτὸν
821 675 1178 750 κηρυχθεῖσα,
1237 679 1403 759 αὐτος
1456 682 1751 754 ἑρμηνεύει
1780 701 1795 716 ·

221 762 317 812 ἵνα
345 760 651 828 γινώσκουσί
680 782 740 817 σε
760 764 852 818 τὸν
878 766 1040 834 μόνον
1069 767 1323 837 ἀληθινὸν
1353 769 1486 824 Θεόν
1511 789 1526 802 ·
1585 773 1682 825 καὶ
1739 773 1798 826 ὃν

216 851 554 914 ἀπέστειλας
596 854 826 924 Ἰησοῦν.
860 857 982 910 Ίνα
1002 857 1114 927 γὰρ
1151 860 1224 928 μή
1256 876 1341 922 τις
1370 863 1499 932 εἴπῃ
1523 878 1540 894 ⁸
1604 863 1800 917 οὐκοῦν

217 942 328 994 κᾶν
348 943 573 1008 ἄπιστος
596 948 985 1016 ἐπικαλέσηται
1025 950 1088 1004 τὺ
1113 953 1281 1022 ὄνομα
1313 953 1498 1021 αὑτοῦ,
1553 956 1657 1009 κᾶν
1707 958 1798 1010 ἐπὶ

214 1032 490 1104 θεραπείᾳ
540 1035 800 1100 ἀπίστους
823 1038 875 1070 ⁸⁸
898 1040 1053 1094 οὐδὲν
1108 1036 1270 1112 ἧττον
1318 1046 1465 1108 ἴασις
1507 1051 1798 1118 προχωρή-

218 1139 329 1186 σει,
355 1124 565 1196 sl:qu
598 1128 890 1200 ἐπίκλησις
922 1132 1059 1202 μόνη
1089 1133 1182 1186 τοῦ
1209 1134 1476 1205 ὀνόματος
1528 1139 1797 1208 ἐστερέω-

218 1229 336 1266 csv'
376 1214 463 1267 ῐνα
486 1212 580 1270 οὖν
624 1219 698 1291 μή
725 1238 809 1284 τις
832 1220 991 1275 τοῦτο
1011 1223 1162 1294 εἴπῃ,
1195 1227 1464 1295 ἐπήγαγε,
1496 1229 1596 1282 καὶ
1632 1230 1671 1297 ἠ
1700 1233 1798 1285 πί-

212 1318 361 1370 στις
384 1305 423 1372 ἡ
448 1306 525 1358 δι’
545 1309 752 1374 αὐτοῦ,
781 1313 1032 1368 τουτέστι
1051 1332 1067 1347 ·
1095 1319 1238 1385 μέγα
1265 1319 1366 1387 μέν
1397 1320 1518 1373 ἐστι
1544 1320 1604 1374 τὺ
1627 1321 1798 1393 ὄνομα

219 1395 322 1446 καὶ
342 1397 576 1467 φοϐερὸν
597 1400 690 1452 καὶ
714 1401 866 1470 βρύει
900 1404 1074 1470 ἰάσεις
1099 1423 1114 1438 '
1136 1407 1274 1461 ἀλλὰ
1323 1410 1494 1464 δεῖται
1549 1415 1644 1466 καὶ
1693 1415 1798 1479 ψυ-

216 1485 330 1576 χῷν
348 1487 670 1557 δυναμένων
698 1492 997 1565 ἀξιωθῆναι
1021 1497 1121 1568 τῆς
1151 1500 1392 1570 χάριτος,
1410 1503 1505 1555 καὶ
1524 1506 1796 1576 πρεσσευ-

209 1574 328 1629 τῶν
359 1579 562 1631 ἱκανῶν
594 1581 924 1639 ίλεώσασθαι
985 1589 1078 1642 τὸν
1107 1591 1341 1662 χορηγὸν
1401 1595 1511 1647 τῶν
1574 1574 1793 1650 ⁷ῐιίισεων.

222 1667 494 1758 ᾏπεστου
523 1672 632 1743 γὰρ
685 1675 972 1745 μέλλοντος
1055 1683 1242 1751 μένειν
1293 1684 1393 1738 τοῦ
1441 1688 1541 1758 τῆς
1597 1690 1796 1754 ἰάσεως

207 1757 498 1828 δεομένου,
539 1763 642 1817 οὐκ
667 1765 733 1818 ἂν
773 1765 949 1832 οὕτως
1005 1771 1199 1837 ἁπλῶς
1251 1774 1394 1840 ἴασις
1453 1757 1647 1832 ἔσται’
1700 1781 1794 1834 καὶ

209 1845 324 1902 ὑπὸ
343 1851 591 1906 ἀπίστων
621 1854 681 1907 τὺ
719 1856 894 1929 ὄνομα
955 1861 1411 1935 ὲπικαλοῦμενον,
1450 1869 1551 1924 οὐκ
1616 1871 1684 1924 ἂν

209 1941 421 2034 aiataiat!
468 1947 739 2020 ὲνεργήσῃ
765 1949 781 1979 ⁵
823 1952 918 2005 καὶ
954 1953 1065 2024 μὴν
1101 1957 1149 2008 οἶ
1203 1959 1314 2013 υἱοὶ
1348 1961 1608 2016 Σκευᾶοὺ
1637 1964 1799 2034 μόνον

211 2030 410 2124 ἄλλους
435 2037 534 2089 οὐκ
565 2038 879 2109 ὠφέλησαν,
905 2043 1042 2100 ἀλλὰ
1071 2049 1165 2103 καὶ
1196 2049 1425 2115 ἑαυτοὺς
1462 2030 1793 2124 ὲζημίῷσαν.

211 2122 378 2217 ρῦτω
409 2127 509 2198 μὲν
553 2131 734 2199 ἡμεῖς.
790 2135 1006 2208 ’Έτεροι
1055 2139 1114 2193 δὲ
1183 2141 1356 2206 οὕτως
1411 2122 1790 2217 ἐξηγήσαντο·

208 2214 324 2270 Καὶ
351 2219 513 2310 μὴνῇ
541 2221 722 2288 πίστις
755 2227 788 2296 ἠ
817 2227 954 2299 αὺτή
983 2231 1133 2286 ἐστιν
1165 2234 1200 2293 ἡ
1227 2234 1386 2289 τοῦτο
1413 2214 1793 2310 ἐργασαμένη·

210 2309 275 2359 οὐ
304 2309 410 2379 γὰρ
461 2309 602 2378 εἷπε,
637 2317 736 2369 Διὰ
754 2317 849 2370 τοῦ
874 2318 1158 2399 ὀνόματος,
1193 2325 1307 2380 ἀλλ’
1335 2328 1394 2380 ὲν
1422 2329 1498 2397 τῷ
1526 2309 1791 2399 ὀνόματι·

207 2399 506 2456 saxeum
547 2406 815 2479 ὲθάρρουν
848 2387 1060 2467 εἰειιείνι
1105 2416 1174 2469 Ἥ
1223 2419 1321 2481 εἰς,
1359 2387 1521 2473 αὐτον
1574 2387 1793 2484 πίστις’

181 2502 183 2504 ’
211 2492 301 2544 ἴνα
357 2495 413 2548 δὲ
475 2497 550 2569 μὴ
573 2501 654 2566 τὸ,
679 2502 747 2554 δι’
777 2504 966 2572 αὑτοῦ,
995 2509 1278 2573 παντελῶς
1387 2514 1664 2578 ταπεινὸν,
1697 2517 1797 2568 ἑπ-

213 2586 421 2678 ήγαγεο
451 2591 544 2642 καὶ
575 2593 634 2646 τὸ
646 2594 1001 2665 ὄνομααύτώ
1023 2601 1353 2670 ἐστερέωσεν
1377 2605 1559 2659 αὐτόν.
1577 2607 1796 2678 Ἐπειδὴ

208 2677 266 2730 δὲ
300 2680 583 2736 καὶτοῦτο
628 2686 791 2739 πάλιν
826 2688 1030 2757 ὑψηλὸν
1074 2692 1167 2744 καὶ
1203 2693 1409 2746 τέλειον
1461 2690 1550 2766 ἧν,
1586 2677 1798 2767 ὲκύρωέ

209 2785 305 2822 σεν
368 2772 499 2825 αὐτὸ
528 2775 822 2845 ἐπαγαγών
848 2797 861 2810 ·
893 2781 1014 2835 ’Καὶ
1049 2783 1088 2850 ἡ
1122 2784 1327 2850 πίστις
1387 2787 1426 2854 ή
1466 2787 1542 2840 δι’
1584 2789 1794 2852 αὐτοῦ,

205 2864 446 2914 ταπεινὰ
497 2865 721 2933 ὑψηλοῖς
752 2869 1060 2941 ἀναμιγνύς
1087 2889 1108 2945 Ἀ
1129 2873 1197 2927 τὰ
1229 2876 1328 2944 μὲν
1349 2878 1415 2946 τῇ
1449 2877 1610 2944 φύσει
1641 2878 1685 2908 ⁸⁸
1707 2878 1797 2930 νέ-

207 2968 334 3018 μων
369 2953 464 3006 τοῦ
502 2958 847 3028 πράγματος,
886 2960 956 3015 τὰ
998 2962 1056 3015 δὲ
1081 2966 1147 3034 τῇ
1175 2963 1414 3017 διαθέσει
1445 2966 1539 3019 καὶ
1592 2969 1658 3036 τῇ
1703 2968 1792 3018 δυ-

1905 595 2018 663 ejus
2049 612 2066 649 :
2097 597 2222 666 quia
2283 599 2353 652 ita
2402 601 2709 656 crediderat
2754 603 2822 668 is,
2873 603 2966 673 qui
2998 605 3278 660 restitutus
3328 617 3469 672 erat,

1908 689 2190 757 corrigens
2216 691 2540 758 orationem,
2574 692 2805 760 Nomen,
2848 695 3042 764 inquit,
3098 696 3246 752 illius
3275 699 3471 751 conﬁr-

1907 779 2090 842 mavit,
2125 789 2178 833 et
2211 781 2446 836 restituit
2475 799 2621 840 eum.
2655 785 2768 840 lloc
2789 795 2874 844 est
2911 806 2924 842 :
2954 788 3092 854 Quid
3129 788 3254 843 dico
3289 808 3302 843 :
3345 805 3467 860 pro-

1904 877 2085 939 pterea
2119 872 2264 940 quod
2289 872 2448 928 ﬁdem
2479 883 2533 931 et
2565 875 2817 932 ﬁduciam
2863 879 3118 936 habuerit
3165 880 3218 934 in
3252 881 3473 938 nomine

1904 959 2071 1024 illius,
2100 975 2222 1015 eum
2279 961 2591 1018 restitutum
2657 967 2822 1022 esse?
2847 968 3011 1021 etiam
3077 977 3365 1037 antequam
3417 965 3472 1021 ﬁ-

1903 1051 2027 1106 dem
2051 1052 2336 1108 habuisset
2389 1061 2444 1108 et
2481 1054 2734 1110 ﬁduciam
2762 1057 3016 1126 cepisset,
3046 1057 3225 1113 solum
3267 1072 3466 1119 nomen

1903 1142 2215 1197 invocatum
2269 1159 2393 1198 enm
2441 1144 2804 1200 conﬁrmavit.
2861 1147 3066 1203 Tantas
3117 1148 3281 1203 habet
3327 1148 3469 1203 vires

1902 1245 2166 1307 tantaque
2219 1239 2392 1308 gratia
2452 1254 2517 1294 ac
2567 1240 2835 1296 beneﬁcio
2894 1242 3182 1297 redundat.
3251 1241 3318 1296 Et
3338 1243 3473 1298 ﬁdes

1900 1343 2020 1397 quae
2054 1344 2163 1398 per
2205 1345 2331 1384 eum
2366 1331 2655 1400 praedicata
2684 1341 2786 1395 est,
2828 1341 2938 1388 etc.
2966 1333 3232 1399 Qutenam
3285 1344 3467 1388 autem

1897 1422 1967 1475 sit
2007 1419 2159 1486 ﬁdes,
2193 1435 2315 1490 quae
2346 1436 2444 1491 per
2477 1422 2627 1476 illum
2667 1423 2956 1492 praedicata
2989 1437 3089 1489 est,
3131 1425 3248 1495 ipse
3299 1427 3468 1481 inter-

1899 1519 2145 1581 pretatur
2173 1527 2189 1566 :
2222 1511 2291 1567 Ut
2314 1523 2654 1582 cognoscant
2675 1522 2749 1576 te,
2780 1515 3052 1585 inquiens,
3082 1516 3174 1584 qui
3208 1517 3356 1571 solus
3379 1533 3468 1570 ve-

1899 1619 1994 1658 rus
2025 1619 2085 1670 es
2106 1603 2274 1671 Deus,
2309 1615 2361 1660 et
2385 1621 2544 1675 quem
2575 1607 2773 1662 misisti
2819 1607 3027 1664 Jesum.
3077 1607 3209 1663 Nam
3250 1625 3319 1663 ne
3345 1610 3471 1678 quis

1897 1695 2043 1749 dicat
2088 1711 2104 1749 :
2137 1694 2302 1766 Ergo,
2334 1697 2499 1751 etiam
2530 1697 2578 1752 si
2609 1697 2842 1754 inﬁdelis
2896 1700 3226 1754 invocaverit
3275 1715 3468 1754 nomen

1899 1783 2070 1850 illius,
2127 1784 2345 1839 etiamsi
2376 1793 2597 1855 propter
2630 1786 2972 1842 curationem
3003 1788 3226 1855 alterius
3278 1789 3442 1842 iniide

1733 1871 1795 1924 τὸ
1829 1871 2001 1940 ".lis,
2042 1874 2212 1928 nihiio
2261 1875 2444 1930 minus
2501 1881 2716 1932 sanatio
2755 1891 3014 1947 prospere
3075 1878 3366 1944 succedet,
3424 1882 3467 1934 si

1900 1964 2118 2032 quidem
2172 1965 2407 2019 nominis
2456 1967 2726 2020 invocatio
2782 1968 2896 2022 sola
2928 1966 3264 2020 conﬁrmavit
3297 1984 3419 2022 eum
3452 1988 3464 2022 :

1899 2071 1969 2109 ne
1999 2055 2122 2124 quis
2153 2055 2316 2125 igitur
2355 2056 2459 2110 hoc
2503 2043 2668 2123 dii-at,
2716 2057 2995 2125 subjunxit
3029 2056 3137 2109 :Et
3174 2059 3324 2125 ﬁdes,
3354 2076 3470 2128 qua:

1898 2161 1988 2214 per
2017 2160 2135 2200 eum
2165 2145 2454 2212 pra’ds'cata
2488 2155 2571 2200 est
2601 2164 2618 2200 :
2650 2148 2752 2202 hoc
2779 2157 2868 2202 est
2901 2166 2913 2199 :
2952 2146 3206 2218 Magnu’m
3250 2150 3465 2219 quidem

1901 2253 2097 2292 nomen
2129 2252 2193 2290 ac
2220 2237 2558 2292 formidabile
2578 2248 2683 2303 est,
2713 2249 2767 2294 et
2796 2240 3038 2294 abundat
3067 2242 3466 2300 sanationibus.

1901 2329 1994 2382 sed
2027 2342 2166 2397 opus
2195 2328 2358 2383 habet
2385 2337 2440 2384 et
2477 2331 2698 2398 animis,
2727 2331 2819 2400 qui
2860 2333 3071 2401 possint
3099 2347 3162 2385 eo
3196 2333 3469 2386 beneﬁcio
3505 2371 3511 2386 ς

1899 2418 2048 2488 digni
2073 2419 2314 2484 censeri,
2342 2426 2396 2474 et
2427 2420 2874 2489 deprecatoribus
2901 2423 3109 2477 idoneis
3140 2422 3204 2476 ad
3231 2438 3464 2477 exoran-

1899 2510 2028 2564 dum
2064 2512 2413 2565 sanationum
2452 2510 2929 2581 suppeditatorem.
2972 2513 3103 2566 Nam
3136 2515 3182 2570 si
3233 2516 3470 2570 inﬁdelis

1901 2615 2198 2656 mansurus
2251 2593 2435 2682 siris,
2469 2602 2561 2671 qui
2614 2603 2921 2660 sanationis
2954 2605 3181 2675 indiget,
3231 2622 3339 2661 non
3393 2608 3469 2664 ita

1900 2691 2226 2762 simpliciter
2256 2687 2472 2790 san‘a‘tio
2499 2693 2758 2761 procedet
2787 2713 2799 2746 :
2833 2698 3070 2765 itemque
3102 2698 3149 2749 si
3179 2697 3248 2749 ab
3278 2697 3468 2751 inlide-

1900 2784 2043 2839 libus
2071 2800 2265 2839 nomen
2300 2783 2604 2857 invocetur,
2636 2801 2736 2841 suo
2768 2802 2992 2841 munere
3021 2802 3154 2841 .non
3189 2787 3460 2857 fungetur.

1900 2799 2043 2839 unus
2071 2800 2265 2839 nomen
2300 2801 2389 2838 inv
2431 2799 2604 2849 cetur,
2636 2801 2736 2841 suo
2768 2802 2992 2841 munere
3021 2802 3154 2841 .non
3189 2799 3460 2857 tungetur.

1900 2873 2188 2928 Enimvero
2220 2873 2314 2927 ﬁlii
2366 2799 2551 2955 Siet/ae
2586 2891 2692 2930 non
2736 2879 2894 2930 modo
2942 2877 3063 2930 aliis
3100 2891 3206 2929 non
3253 2876 3462 2945 profuc-

1899 2975 2048 3032 runt,
2097 2980 2280 3019 verum
2332 2966 2496 3020 etiam
2532 2966 2637 3020 sibi
2673 2967 2806 3037 ipsis
2848 2973 3171 3022 nocuerunt.
3211 2967 3302 3022 Sic
3341 2971 3467 3037 qui-

211 3043 376 3111 νάμει
402 3045 512 3098 τῶν
546 3023 867 3118 ’ἀκροατῶὼ
893 3023 1164 3106 Ταπεινὸπν
1186 3054 1287 3122 μὲν
1329 3055 1436 3126 γὰρ
1461 3055 1542 3121 τὸ,
1592 3023 1686 3110 έέἑι
1722 3062 1789 3129 τῇ

1900 3056 2017 3112 dem
2057 3071 2202 3111 nos:
2247 3056 2339 3110 alii
2389 3067 2515 3110 vero
2551 3058 2630 3110 sic
2681 3023 3076 3128 exposuerunt.
3132 3060 3293 3128 Atqui
3335 3060 3469 3114 ﬁdes

212 3132 392 3186 πίστει
413 3135 508 3188 τοῦ
539 3137 805 3208 ὀνόματος
837 3143 1004 3197 αὐτοῦ
1029 3159 1044 3174 ⁸
1080 3146 1176 3200 καὶ
1205 3146 1287 3211 τὸ,
1327 3147 1366 3213 ἡ
1412 3149 1618 3215 πίστις
1646 3149 1684 3216 ἡ
1719 3150 1794 3203 δι’

1900 3147 2085 3204 eadem
2115 3156 2221 3213 est,
2259 3163 2385 3219 quae
2411 3149 2511 3204 hoc
2539 3147 2736 3206 eﬁ‘ecit.
2767 3148 2883 3206 Non
2916 3153 3059 3206 enim
3086 3152 3296 3206 dixerat
3321 3169 3334 3205 :
3360 3152 3469 3205 Per

203 3227 437 3281 αὐτοῦ’
510 3229 716 3300 ὑψηλὸν
777 3233 835 3286 δὲ
887 3236 982 3289 καὶ
1044 3236 1253 3290 τέλειον
1285 3271 1288 3274 ~
1317 3239 1378 3291 τὺ
1428 3241 1606 3294 εἰπεῖν
1638 3255 1653 3270 ⁸
1718 3241 1791 3292 Τὸ

1900 3255 2092 3296 nomen
2128 3258 2140 3294 :
2172 3241 2290 3307 sed,
2334 3241 2389 3295 in
2437 3241 2677 3297 nomine.
2732 3242 2837 3296 Sed
2883 3243 3123 3298 nondum
3193 3244 3468 3299 audebant

206 3315 380 3387 ὄνομα
413 3320 579 3374 αὐτοῦ
603 3324 949 3395 ,ἐστερέωσεν
986 3329 1148 3382 αὐτόν
1174 3346 1188 3359 ⁸
1227 3331 1365 3400 ὅπερ
1394 3330 1790 3404 γυμνὸνρηθὲν

1900 3332 2077 3388 dicere
2107 3333 2306 3388 :Fides
2341 3347 2434 3387 seu
2475 3333 2673 3387 ﬁducia
2713 3335 2763 3388 in
2804 3335 2976 3388 illum.
3010 3334 3088 3390 Ne
3121 3346 3299 3391 autem
3332 3334 3463 3392 illud

212 3410 509 3481 ἐτράχυνεν
544 3413 610 3467 ἄν
631 3415 757 3479 τοὺς
801 3415 1083 3482 Ἰουδαίους
1109 3437 1125 3452 ο
1171 3422 1283 3483 τοῖς
1314 3421 1372 3473 δὲ
1420 3411 1602 3486 ἄλλοις
1658 3439 1788 3476 συν-

1900 3425 2099 3480 dictum
2145 3442 2158 3478 :
2187 3440 2307 3494 qua:
2339 3440 2434 3494 per
2464 3425 2613 3479 illum
2649 3427 2942 3496 praedicata
2967 3434 3072 3493 est,
3108 3440 3331 3496 prorsus
3363 3430 3466 3482 bu-

209 3502 374 3568 τατὲν
407 3506 502 3556 καὶ
528 3508 840 3576 παρατεθὲν
871 3511 1284 3580 εὑπαρὰδεκτον
1313 3514 1573 3584 κατέστη.

1900 3515 2018 3571 mile
2047 3523 2216 3582 esset,
2275 3517 2555 3586 subiunxit
2588 3537 2604 3573 ι
2638 3518 2701 3573 Ει
2725 3533 2917 3572 nomen
2954 3518 3100 3573 illius
3124 3519 3468 3575 conﬁrmavit

208 3607 356 3646 cum.
396 3593 501 3649 Sed
559 3600 816 3666 quoniam
851 3601 1016 3655 etiam
1069 3604 1172 3658 hoc
1200 3605 1436 3661 sublime
1469 3621 1533 3661 ac
1577 3607 1877 3678 perfectum
1945 3618 2083 3673 erat,
2139 3609 2424 3662 conﬁrmat
2496 3611 2546 3664 id
2599 3609 2941 3678 subjiciens:
3007 3609 3076 3663 Et
3130 3611 3280 3679 ﬁdes,
3347 3624 3464 3678 qua:

209 3699 301 3749 per
335 3699 455 3738 eum
486 3689 782 3756 prredicata
816 3701 917 3758 est,
951 3692 1176 3748 humilia
1205 3695 1534 3751 sublimibus
1572 3695 1804 3751 invicem
1835 3698 2230 3753 commiscens:
2262 3698 2366 3751 alia
2401 3698 2620 3768 quidem
2650 3699 2727 3753 rei
2758 3705 2965 3753 naturae
3026 3700 3271 3754 tribuens
3307 3717 3321 3754 :
3353 3701 3460 3756 alia

186 3792 341 3854 vero
369 3779 642 3835 aﬁectiuni
676 3791 732 3837 et
770 3782 981 3838 viribus
1028 3784 1362 3841 auditorum.
1436 3785 1649 3843 Huntile
1685 3788 1829 3842 enim
1869 3797 1991 3844 erat
2021 3789 2154 3844 illud
2177 3789 2395 3859 quidem
2427 3808 2443 3844 :
2488 3791 2715 3860 l‘ropter
2747 3791 2904 3847 ﬁdem
2938 3793 3177 3847 nominis
3221 3793 3360 3862 ejus,
3407 3800 3463 3848 ct

215 3871 350 3929 illud
386 3891 400 3927 :
441 3873 601 3929 Fides
630 3893 747 3946 qua:
775 3894 867 3947 per
896 3879 1049 3932 illum
1103 3881 1396 3946 pmdicata
1421 3890 1499 3933 est
1528 3895 1548 3932 :
1581 3880 1819 3937 sublime
1859 3892 2038 3939 autem
2071 3893 2234 3954 atque
2262 3882 2559 3955 perfectum
2593 3883 2648 3937 id
2701 3885 2846 3953 quod
2883 3888 3016 3940 dixit
3049 3905 3062 3941 :
3134 3888 3340 3944 Nomen
3398 3891 3464 3945 il-

215 3962 323 4017 lius
360 3965 486 4018 eun;
509 3968 872 4041 conﬁrmavit,
903 3983 967 4022 ac
999 3969 1243 4024 restituit
1284 3986 1300 4024 :
1333 3973 1477 4040 quod
1508 3972 1554 4028 si
1585 3972 1792 4028 nudum
1830 3975 2099 4044 prolatum
2151 3975 2366 4048 fuisset,
2419 3984 2797 4044 exasperasset
2827 3975 3042 4033 Judzeos
3076 3993 3092 4033 :
3152 3980 3276 4037 aliis
3335 3997 3462 4038 veru

215 4053 570 4123 conjunctum
598 4067 652 4111 et
697 4059 1031 4128 appositum,
1077 4069 1362 4134 acceptum
1400 4064 1502 4117 fuit
1545 4072 1599 4120 et
1634 4065 1790 4119 facile
1827 4063 2124 4121 admissum
2152 4076 2316 4136 atque
2360 4066 2742 4136 approbatum.

282 4149 392 4200 Καὶ
417 4148 557 4215 νῦν,
582 4148 854 4220 ἀδελφοὶ,
879 4147 1013 4204 οἶδα
1038 4150 1126 4206 ὅτι
1140 4155 1292 4208 κατὰ
1341 4153 1590 4221 ἄγνοιαν
1607 4154 1789 4222 ἐπρά-

220 4239 362 4306 ξατε
381 4240 584 4313 ὥσπερ
611 4244 708 4296 καὶ
733 4245 787 4298 ol
822 4243 1116 4314 ἄρχοντες
1139 4245 1324 4314 ὑμῶν.

296 4423 360 4472 '0
378 4419 448 4472 δὲ
479 4421 627 4486 Θεὸς
650 4420 688 4475 d
719 4424 1188 4494 προκατήγγειλε
1199 4426 1295 4482 διὰ
1319 4429 1617 4497 στόματος
1639 4432 1792 4486 πάν-

218 4525 333 4562 των
345 4511 676 4578 προφητῶν
694 4513 907 4581 αὑτοῦ,
923 4515 1138 4572 παθεῖν
1162 4517 1270 4572 τὸν
1298 4521 1578 4586 Χριστὸν,
1606 4521 1792 4591 ἐπλή-

212 4612 408 4664 ρωσεν
433 4601 642 4666 οὕτως.

298 4690 522 4764 Ἐπειδὴ
548 4693 754 4764 σφόδρα
791 4694 975 4748 αὐτῶν
999 4694 1307 4767 καθήψατο,
1343 4697 1504 4752 πάλιν
1543 4699 1788 4772 ἀνίησι⁹⁰

220 4788 389 4854 διδοὺς
417 4791 604 4854 αὐτοῖς
635 4789 886 4855 ἐξουσίαν
946 4793 1281 4862 μετανοίας·
1346 4797 1442 4850 καὶ
1505 4799 1634 4868 μίαν
1689 4799 1789 4868 μὲν

221 4883 400 4946 αὐτοῖς
427 4883 1021 4958 ἀπολογίας-,ἀφορμὴν
1052 4885 1362 4958 χαρίζεται,
1388 4887 1488 4960 τὴν
1519 4890 1745 4956 ἄγνοιαν
1772 4906 1784 4918 ·

221 4973 473 5044 δευτέραν
518 4975 596 5039 δὲ,
624 4977 706 5030 ὅτι
755 4979 848 5031 καὶ
881 4979 1407 5049 προκατηγγελμένα
1434 4976 1574 5049 ἦσαν
1604 4979 1673 5032 τὰ
1710 4981 1791 5031 λε-

222 5063 438 5131 χθέντα·
463 5068 582 5132 πῶς
603 5069 660 5121 δὲ
689 5069 750 5122 οὐ
774 5070 1118 5141 τίθησι-περὶ
1136 5074 1232 5139 τῆς
1253 5071 1609 5140 σταυρώσεως
1625 5071 1790 5132 αὑτοῦ

229 5158 529 5225 μαρτυρίαν
595 5159 917 5231 Γραφικήν⁹
977 5160 1113 5216 ἀλλὰ
1162 5162 1257 5214 καὶ¹
1319 5161 1629 5231 ἔμπροσθεν
1692 5163 1792 5232 μέ)

226 5264 380 5315 φησι.
408 5253 474 5320 τῇ
494 5251 778 5323 ὡρισμένη
801 5253 966 5326 βουλῇ
1010 5253 1105 5307 καὶ
1130 5251 1436 5323 προγνώσει
1465 5252 1681 5305 ἔκδοτον
1703 5252 1796 5306 λα-

228 5337 426 5402 ϐόντες.
451 5342 560 5395 Καὶ
586 5343 776 5397 νῦνίδὶ
809 5345 1150 5415 πλατύτερον
1186 5344 1456 5399 ἐκτίθεται
1487 5345 1662 5414 λέγων
1683 5361 1695 5374 ·
1727 5347 1792 5397 Ἀ

231 5433 658 5503 προκατήγγειλε
671 5433 757 5488 διὰ
785 5436 1050 5505 πόματος
1095 5438 1315 5492 πάντων
1364 5437 1472 5490 τῶν
1499 5435 1794 5507 προφητῶν

1924 4163 1938 4200 \
1971 4154 2136 4212 Vens.
2181 4156 2267 4209 l7.
2299 4154 2367 4210 Et
2398 4173 2555 4221 nunc,
2594 4155 2811 4224 fratres,
2846 4159 2954 4211 scio
2989 4175 3076 4214 vos
3107 4159 3461 4229 imprudentes

1890 4252 1988 4304 hoc
2017 4250 2359 4314 conmisisse,
2395 4250 2529 4303 sicut
2558 4258 2606 4302 et
2640 4250 2983 4317 magistratus
3006 4259 3056 4304 et
3081 4252 3341 4320 principes
3374 4269 3460 4307 ve-

1819 4319 1865 4377 D
1895 4355 2058 4399 88108.

1967 4435 2130 4490 Vens.
2167 4436 2254 4490 {8.
2291 4432 2394 4488 Sed
2430 4432 2594 4494 Deus.
2641 4448 2758 4501 qum
2782 4449 2943 4501 peros
2976 4435 3209 4489 antatium
3232 4437 3458 4504 propiu-

1889 4537 2074 4601 terum
2098 4525 2209 4598 ω
2229 4542 2442 4581 suorum
2470 4528 2968 4596 prtesigniﬂcauerat
3003 4537 3046 4591 ν,
3081 4527 3195 4593 [ore
3228 4528 3460 4593 videlicet

1899 4625 1956 4668 ut
1990 4614 2231 4669 Christus
2262 4615 2517 4684 supplicio
2541 4615 2846 4683 afﬁceretur,
2887 4615 2983 4666 hoc
3016 4614 3167 4666 modo
3208 4615 3490 4684 implerit._

1969 4708 2327 4776 Posteaquam
2357 4721 2452 4759 eos
2477 4704 2822 4758 vehementer
2867 4705 3308 4772 reprehenderat,
3339 4723 3460 4760 rur-

1899 4813 1994 4854 sus
2024 4797 2251 4868 mitigat,
2288 4797 2424 4850 dans
2453 4792 2534 4848 eis
2578 4801 2901 4863 potestatem
2943 4794 3319 4862 resipiscendi,
3379 4805 3462 4848 at.

1897 4904 2003 4957 que
2039 4903 2204 4942 unum
2242 4880 2310 4942 iis
2337 4887 2670 4943 delensionis
2703 4888 3005 4942 subsidium
3029 4887 3274 4956 largitur,
3308 4889 3456 4959 igno-

1897 4981 2131 5034 rantiam
2166 4982 2434 5036 :alterum
2473 4981 2622 5044 item,
2651 4980 2793 5048 quod
2826 4995 2888 5033 ea
2920 4995 3041 5049 quae
3073 4981 3287 5033 dixerat
3323 4996 3460 5049 βπε-
3515 5051 3522 5059 Ι

1895 5072 2198 5142 signiﬁcata
2247 5079 2447 5126 essent.
2484 5067 2593 5123 Sed
2643 5069 2734 5139 qui
2776 5069 2855 5134 ﬁt,
2919 5079 2978 5124 ut
3030 5086 3136 5124 non
3188 5080 3348 5138 ponat
3391 5069 3458 5124 de

1895 5165 2248 5220 cruciﬁxione
2270 5163 2388 5231 ejus
2417 5162 2788 5218 testimonium
2823 5162 3157 5232 Scriptum?
3187 5177 3370 5215 verum
3403 5173 3458 5216 et

1896 5266 2021 5311 ante
2049 5253 2267 5322 quidem
2299 5253 2511 5308 dixerat
2549 5272 2562 5308 :
2597 5262 2747 5309 certo
2774 5253 3001 5309 consilio
3027 5262 3080 5304 et
3115 5250 3456 5320 prmscientia

1897 5342 2140 5397 deditum
2176 5351 2300 5397 cum
2337 5341 2691 5412 aceepissctis
2725 5359 2738 5394 :
2771 5350 2825 5396 et
2855 5355 2997 5394 nunc
3032 5340 3160 5392 item
3191 5340 3241 5408 id
3294 5340 3456 5390 latins

1899 5432 2140 5504 exponit,
2171 5433 2299 5488 dum
2331 5433 2466 5488 dicit
2516 5451 2528 5488 :
2567 5448 2688 5501 qua:
2731 5445 2826 5502 per
2854 5447 2914 5487 os
2956 5431 3197 5487 omnium
3239 5443 3456 5482 suurtmt
3533 5419 3539 5426 ’

1412 5572 1611 5634 Variae
1658 5569 1965 5634 lectiones
2011 5576 2068 5632 et
2109 5577 2293 5631 notae.

301 5665 346 5699 ⁸⁸
373 5667 454 5724 τον.
490 5667 739 5723 ἀπίστου.

838 5670 884 5701 ⁸’
915 5671 1011 5740 ‘PQ,
1035 5683 1169 5730 erat.
1278 5676 1322 5709 ’°
1342 5674 1556 5743 ἁνύησι,
1581 5681 1715 5728 erat.

323 5785 344 5815 τ
377 5777 437 5832 ν.
471 5781 935 5843 pra'nttntinecral.
