4064 6340
93 390 314 459 .573

837 367 840 370 ’
914 392 1316 455 EXPOSITIO
1357 393 1436 453 IN
1475 393 1658 454 ACTA
1696 393 2274 460 APOSTOLORUM.
2300 385 2566 458 -—’(:Ap.
2612 399 2711 458 1v.
3353 407 3454 475 δἐι

189 507 291 573 εις
355 506 608 576 τήρησιν
667 507 754 572 εις
814 507 928 575 τὴν
955 508 1163 578 αὔριον
1220 523 1236 538 ’
1279 505 1356 580 ἦν
1417 510 1524 578 γὰρ
1552 509 1772 577 ἑσπέρα

1887 519 2008 563 runt
2036 510 2382 564 asservandos
2411 513 2606 565 vinctos
2631 521 2657 560 1
2697 527 2854 579 usque
2887 513 2939 565 in
2967 515 3274 567 crastinum.
3325 516 3451 573 Erat

189 593 346 663 ἤδηο

310 661 319 663 τ
1203 661 1227 680 .

273 687 449 742 Οὔπω
471 689 580 740 τῶν
612 686 893 759 προτέρων
930 688 1371 753 ἀναπνεύσαντες
1427 690 1771 760 πειρασμῶν,

189 779 283 840 εἰς
318 779 537 847 ἐτέρους
575 777 880 834 ἀνέϐαινον.
930 777 1046 856 Καὶ
1101 780 1204 849 ὅρα
1253 778 1372 841 πῶς
1410 782 1776 848 οἰκονομεῖται

189 869 269 922 τὰ
306 870 629 939 πράγματα.
671 869 897 939 Πρῶτον
925 869 1334 940 ὲχλευάσθησαν
1367 871 1566 934 πάντες
1600 871 1738 940 όμοῦ
1759 890 1772 902 ·

189 960 460 1030 δεύτερον
481 963 560 1025 είς
577 962 857 1026 κινδύνους
874 962 1224 1033 ἐμϐαίνουσιν
1244 979 1257 993 ·
1284 962 1399 1016 ἀλλ’
1423 964 1525 1015 οὐκ
1554 964 1774 1034 ἐφεξῆς.

203 1050 381 1106 Ἀλλὰ
431 1054 695 1128 πρότερον
730 1054 1194 1124 εὐδοκιμήσαντες
1251 1057 1311 1108 ἐν
1362 1056 1481 1118 ταῖς
1534 1055 1778 1124 δημηγο-

193 1144 384 1212 ρίαιςο
437 1147 533 1199 καὶ
563 1143 752 1215 θαῦμα
793 1145 1161 1216 ἐργασάμενοι
1222 1146 1359 1216 μετὰ
1387 1145 1565 1200 ταῦτα
1610 1147 1772 1216 μέγα,

188 1235 347 1291 οὕτω
375 1235 440 1307 δὴ
470 1237 655 1290 λοιπὸν
696 1237 835 1308 μετὰ
873 1237 934 1291 τὸ
973 1239 1246 1310 θαρρῆσαι
1288 1237 1446 1302 Θεοῦ,
1486 1240 1775 1308 συγχωρή-

192 1344 420 1394 σαντος,
464 1329 573 1382 τῶν
611 1330 838 1397 ἀγώνιον
877 1330 1161 1385 ἀπτονται.
1212 1329 1286 1382 Σὺ
1319 1329 1377 1382 δέ
1418 1346 1510 1399 μοι
1547 1329 1645 1399 τὴν
1683 1329 1776 1381 ἐπὶ

191 1420 440 1491 πονηρίᾳ.
467 1421 560 1474 καὶ
589 1420 874 1491 ίταμότητι
897 1420 1181 1492 προκοπὴν
1207 1420 1316 1472 τῶν
1351 1409 1617 1473 Ἰουδαίων
1642 1418 1740 1472 θέα
1758 1436 1772 1449 ⁸

188 1509 282 1562 ὅτι
327 1510 426 1565 ἐπὶ
473 1511 570 1564 τοῦ
599 1511 838 1581 Χριστοῦ
876 1511 969 1564 ctu
1018 1511 1412 1582 παραδώσοντα
1465 1509 1774 1580 ζητοῦντες,

189 1603 436 1656 ἐνταῦθα
467 1603 652 1657 λοιπὸν
684 1604 840 1658 αὐτοὶ
874 1603 973 1667 τὰς
1003 1606 1193 1674 χεῖρας
1232 1603 1614 1658 ἐπιϐάλλουσι·
1641 1603 1775 1674 θρα-

192 1695 424 1766 σύτεροι
474 1695 760 1764 γεγονότες
810 1697 904 1751 καὶ
960 1696 1436 1767 ἀναισχυντότεροι
1484 1696 1620 1765 μετά
1682 1696 1773 1749 τὸν

1879 601 2014 661 enim
2038 601 2155 669 jam
2189 617 2381 668 uesper.

1949 689 2083 743 Cum
2113 691 2351 745 nondum
2385 705 2414 743 a
2457 690 2732 760 prioribus
2761 693 3155 748 tentationibus
3183 697 3462 764 respiras-‘

1878 790 2022 844 svnt,
2055 782 2180 836 aliis
2231 793 2552 837 occurrunt.
2589 784 2667 836 Ae
2715 783 2834 838 vide
2859 795 2914 838 ut
2956 800 3043 838 res
3071 785 3448 854 disponantur.

1879 869 2121 924 Primum
2166 871 2310 926 iri-isi
2353 882 2482 926 sunt
2526 874 2688 929 simul
2733 890 2924 929 omnes
2952 892 2965 927 :
2997 875 3194 929 deinde
3222 877 3274 929 in
3312 880 3452 946 peri-

1876 964 2000 1016 cula
2028 965 2271 1019 incidunt
2297 982 2312 1030 ;
2342 968 2434 1021 sed
2468 982 2575 1019 non
2597 968 2939 1021 continenter
2961 979 3123 1038 atque
3139 977 3450 1041 conjuncte.

1879 1052 2013 1107 Nam
2046 1070 2166 1108 cum
2200 1056 2354 1125 prius
2379 1057 2432 1109 in
2465 1058 2820 1113 concionibus
2842 1075 3133 1128 prosperos
3163 1078 3452 1119 successus

1880 1146 2225 1208 habuissent,
2261 1162 2325 1201 ac
2374 1163 2484 1200 rem
2536 1149 2674 1203 bene
2730 1151 3051 1217 gessissent,
3099 1153 3452 1207 miraculum-

1876 1252 1979 1304 que
2011 1232 2264 1307 magnum
2285 1248 2470 1308 postea
2497 1239 2829 1306 eﬂ'ecissent,
2862 1243 2933 1295 ita
2958 1244 3172 1297 demum
3194 1246 3449 1300 ‘lidnciatn

1875 1348 1996 1384 cum
2021 1331 2279 1401 deinceps
2313 1332 2695 1399 sumpsissent,
2715 1334 2990 1401 promissu
3029 1334 3122 1389 Dei
3152 1338 3448 1390 certamina

1874 1431 2190 1494 capessunt.
2219 1425 2286 1477 At
2315 1435 2368 1478 tu
2411 1425 2540 1478 mihi
2573 1424 2887 1480 Judzeorum
2919 1429 2970 1479 in
3001 1429 3343 1496 improbitate
3373 1439 3452 1484 at-

1873 1529 1981 1582 que
2027 1513 2224 1568 audaci
2274 1514 2612 1583 impudentia
2661 1530 3008 1586 progressum
3043 1529 3099 1573 ct
3146 1520 3449 1588 profectum

1871 1615 2084 1672 specta.
2112 1602 2247 1658 Nam
2275 1604 2366 1672 qui
2400 1605 2452 1658 in
2478 1603 2718 1670 Christo.
2757 1606 2850 1674 qui
2890 1623 3011 1661 cum
3057 1608 3316 1669 traderet.
3357 1627 3450 1665 re-

1873 1695 2188 1764 quirebant,
2219 1684 2366 1752 nunc
2385 1695 2644 1765 deinceps
2676 1698 2779 1766 ipsi
2804 1685 2999 1752 manus
3026 1700 3302 1768 injiciunt,
3329 1711 3451 1772 post

192 1788 458 1858 σταυρόν.
507 1787 610 1842 Σὺν
647 1790 831 1852 αὐτοῖς
876 1788 955 1852 δὲ,
985 1790 1138 1859 φησὶ,
1169 1789 1264 1842 καὶ
1299 1789 1330 1842 ό
1349 1788 1654 1858 στρατηγὸς
1677 1786 1771 1840 τοῦ

1874 1803 2094 1844 crucem
2136 1787 2459 1844 audaciores
2500 1794 2557 1844 et
2598 1788 3028 1859 impudentiores
3068 1791 3266 1847 effecti.
3309 1793 3447 1849 Cum

193 1851 389 1949 lepoii°
424 1880 512 1933 ἵνα
546 1880 711 1934 πάλιν
749 1851 1009 1950 δημόσιον
1044 1851 1297 1948 ἐγνλημα
1345 1851 1614 1951 περιθιῖισι
1656 1881 1771 1942 τοῖς

1875 1880 1958 1937 eis
1990 1888 2172 1935 autem
2214 1880 2294 1934 ait
2339 1879 2504 1936 etiam
2538 1851 2709 1935 fuisse
2753 1880 2938 1949 templi
2973 1882 3210 1950 praesidii
3254 1884 3450 1952 prazle-

191 1972 624 2044 γεγενημένοις,
659 1975 754 2028 καὶ
787 1973 862 2044 μὴ
880 1973 953 2037 ὡς
967 1972 1256 2026 ⁴ἰδιωτικὸν
1286 1971 1576 2026 ἐκδικῶσιν
1597 1988 1610 2002 ·
1634 1972 1770 2041 ὅπερ

191 2064 505 2133 πανταχοῦ,
538 2066 696 2134 φησὶ,
735 2063 1094 2129 σπουδάζουσι
1125 2066 1318 2118 ποιεῖν.
1351 2064 1461 2117 Καὶ
1488 2062 1672 2116 ἔθεντο
1691 2064 1772 2124 εἰς

187 2155 437 2225 τήρησιν
467 2158 547 2218 εἰς
575 2157 675 2226 τὴν
707 2155 915 2225 αὔριον.
939 2156 1171 2209 Ἐκεῖνοι
1202 2155 1301 2225 μέν
1328 2150 1424 2209 οὖν
1455 2153 1771 2224 βουλόμενοι

197 2247 447 2315 μαλάξαι
474 2248 690 2314 αὐτοὺς,
728 2248 886 2312 τοῦτο
916 2248 1134 2300 ἐποίουν
1161 2248 1254 2302 καὶ
1283 2246 1611 2316 ἐφύλαττονο
1643 2248 1772 2310 τοὺς

188 2339 249 2392 δὲ
281 2339 615 2402 ἀποστόλους
635 2341 669 2410 ἡ
706 2339 945 2410 ἀναϐολὴ
960 2339 1053 2392 τοῦ
1078 2337 1271 2410 χρόνου
1294 2337 1636 2410 θαρσαλεωτέ
1643 2354 1769 2407 ρους

189 2429 510 2498 εἰργάζετο.
810 2477 812 2482 .
992 2463 1000 2502 ι
1537 2421 1543 2438 ’

263 2609 494 2664 Πολλοὶ
526 2608 594 2662 δὲ
615 2609 733 2662 τῶν
750 2608 1145 2663 ἀκουσάντων
1163 2608 1469 2678 τὸνλόγον
1491 2608 1768 2664 ἐπίστευ-

192 2697 367 2754 σαν
416 2698 515 2752 καὶ
569 2697 824 2767 ἐγενήθη
856 2701 888 2753 ὀ
926 2697 1168 2768 ἀριθμὸς
1216 2697 1333 2752 τῶν
1357 2697 1593 2766 ἀνδρῶν
1624 2699 1768 2752 ὡσεὶ

196 2791 474 2859 χιλιάδες
492 2790 693 2845 πέντε.
1096 2771 1102 2781 ν
1285 2825 1292 2829 -

270 2884 340 2935 Τί
388 2882 579 2951 τοῦτο;
617 2887 707 2955 Μὴ
761 2885 871 2958 γὰρ
901 2885 1370 2955 εὐδοκιμήσαντας
1409 2883 1452 2915 ¹⁰
1482 2879 1620 2958 εἶδον
1641 2884 1768 2946 τοὺς

191 2975 554 3040 ἀποστόλους,
591 2977 707 3032 ἀλλ’
743 2957 866 3048 οὓχῖ
908 2977 1194 3041 δεθένταςς
1235 2975 1360 3038 Πῶς
1389 2969 1482 3028 οὖν
1515 2957 1767 3027 ἐπίστευε

199 3087 335 3134 σαν;
379 3053 542 3140 Ὁρᾷς
562 3070 844 3139 ἐνέργειαν
873 3070 1026 3122 θείαν
1054 3068 1331 3139 φανεράν;
1371 3068 1481 3122 Καὶ
1524 3067 1631 3138 μὴν
1661 3067 1768 3120 ἔδει

197 3165 295 3215 καὶ
320 3162 446 3223 τοὺς
473 3161 575 3232 ήδη
600 3160 1000 3220 πιστεύσαντας
1025 3159 1452 3229 ἀσθενεστέρους
1481 3158 1763 3227 γενέσθαιο

196 3256 315 3309 ἀλλ’
351 3255 384 3324 ἡ
407 3253 615 3324 Πέτρου
636 3253 952 3324 δημηγορία
973 3253 1105 3323 θείῳ
1128 3252 1400 3323 πνεύματι
1434 3267 1766 3320 συγκροτου-

198 3346 341 3416 μὲνη
375 3345 457 3407 εἰς
485 3345 548 3398 τὸ
581 3343 744 3413 βάθος
780 3343 880 3413 τῆς
906 3342 1147 3405 διανοίας
1200 3344 1265 3397 τὰ
1302 3342 1590 3412 σπέρματα
1632 3357 1763 3394 κατ-

197 3437 386 3501 έϐαλε,
412 3437 507 3490 καὶ
533 3437 705 3506 αὐτῆς
739 3437 836 3506 τῆς
861 3434 1038 3506 ψυχῆς
1067 3432 1245 3488 αὐτῶν
1271 3432 1469 3504 ἥψατο.
1507 3432 1768 3486 Ἐνώπιον

195 3529 255 3581 δὲ
277 3531 476 3582 ἐκεῖνοι
502 3527 596 3580 τοῦ
625 3526 863 3594 πλήθους
904 3529 1032 3588 τοὺς
1051 3525 1381 3588 ἀποστόλους
1411 3525 1765 3596 ἐδέσμευσαν,

197 3621 286 3673 ἵνα
324 3621 421 3672 καὶ
446 3618 645 3680 αὐτοὺς
664 3619 908 3688 ὁρῶντας
929 3617 1261 3688 δειλοτέρους
1295 3616 1663 3686 ἐργάσωνται.
1693 3618 1767 3668 Τὸ

194 3709 250 3761 δὲ
279 3709 522 3763 ἐναντίον
549 3709 782 3777 ἐγένετο,
839 3708 935 3763 καὶ
966 3709 1086 3761 κατ’
1112 3708 1248 3760 ίδίαν
1273 3708 1328 3760 δὲ
1359 3707 1555 3770 αὐτοὺς
1579 3707 1766 3772 ἐξετά-

197 3801 380 3863 ζουσιν
401 3815 415 3829 ⁸
456 3800 542 3852 ἴνα
574 3800 648 3869 μὴ
683 3800 788 3850 ἀπὸ
811 3799 909 3868 τῆς
955 3797 1271 3869 παρρησίας
1294 3798 1474 3852 αὐτῶν
1519 3799 1570 3851 oi.
1599 3797 1766 3851 ἀκού-

197 3909 348 3956 οντες
377 3909 440 3944 κε
447 3893 544 3963 ρδη
554 3908 737 3945 σωσιν.

281 4076 557 4147 Ἐγένετο
580 4075 648 4129 δὲ
665 4077 762 4130 ἐπὶ
789 4075 903 4143 τὴν
931 4076 1149 4144 αὔριον
1168 4073 1552 4144 συναχθῆναι
1567 4071 1767 4127 αὐτῶν

200 4165 339 4231 τοὺς
364 4164 662 4234 ἄρχοντας
694 4165 792 4218 καί
813 4165 1256 4234 πρεσϐυτέρους
1277 4165 1375 4220 καὶ
1393 4166 1442 4217 Γ
1436 4162 1766 4232 ραμματεῖς

196 4259 283 4323 εις
316 4257 742 4327 Ἰερουσαλήμ,

265 4349 374 4402 Καὶ
409 4350 640 4402 Ἀνναν
680 4349 787 4402 τὸν
829 4347 1139 4416 ἀρχιερέα,
1187 4346 1286 4400 καὶ
1323 4343 1626 4414 Καϊάφαν.
1665 4345 1769 4400 καί

210 4439 525 4505 Ἰωάννην,
564 4439 663 4492 καὶ
694 4437 1130 4506 Ἀλέξανδρον,
1171 4438 1272 4491 καί
1322 4437 1455 4492 ὅσοι
1510 4435 1674 4509 ἦσαν
1697 4440 1766 4492 ἐκ

200 4533 413 4603 γένους
443 4531 878 4599 ἀρχιερατικοῦ.

267 4623 373 4677 Καὶ
395 4621 740 4688 στήσαντες
763 4623 985 4689 αὐτοὺς
1009 4624 1078 4676 ἐν
1109 4625 1148 4654 ¹¹
1176 4623 1364 4692 μέσῳ,
1397 4621 1767 4676 ἐπυνθάνον-
1835 4669 1856 4680 ,

201 4732 285 4779 το,
309 4715 378 4768 ἐν
409 4715 549 4779 ποίᾳ
581 4712 851 4783 δυνάμει,
894 4716 932 4784 ἣ
971 4718 1039 4768 ἑν
1086 4733 1164 4769 πο
1182 4719 1237 4782 ’ῳ
1288 4716 1527 4782 ὀνόματι
1558 4713 1765 4782 ἐποιή-

203 4824 348 4861 σατε
379 4807 558 4861 τοῦτο
587 4808 755 4875 ὑμεῖς
781 4823 799 4870 ;

275 4902 408 4956 Τότε
439 4901 479 4932 ¹²
509 4903 542 4953 ό
584 4901 804 4967 Πέτρος
828 4899 1123 4966 πλησθεὶς
1169 4898 1516 4966 Πνεὺματος
1569 4899 1763 4965 ἁγίου,

205 4987 327 5042 εἷπε
354 4993 505 5058 πρὸς
533 4993 780 5056 αὺτούς-⁸
819 4993 1141 5056 Ἀρχοντες
1170 4988 1278 5042 τοῦ
1317 4989 1473 5043 λαοῦ
1501 4990 1596 5042 καὶ
1628 5003 1764 5055 πρε-

205 5083 314 5135 σϐὐ
323 5099 474 5148 τεροι
512 5083 618 5135 τοῦ
656 5081 922 5148 Ἰσραήλ.

274 5175 340 5229 Et
369 5173 540 5240 ἡμεῖς
563 5172 834 5241 σήμερον
863 5173 1303 5243 ἀνακρινόμεθα
1333 5175 1429 5226 ἐπὶ
1457 5175 1769 5242 εὐεργεσίᾳ

207 5265 513 5333 ἀνθρώπου
539 5265 859 5333 ἀσθενοῦς,
892 5267 964 5322 ἐν
988 5269 1104 5322 τίνι
1120 5263 1296 5334 οὗτος
1321 5267 1622 5321 σέσωσται
1644 5285 1663 5329 ;

1871 1981 2048 2036 ctum,
2076 1979 2134 2024 ιιι
2161 1986 2360 2027 rursus
2390 1970 2667 2041 publicum
2711 1963 2917 2027 crimen
2957 1973 3094 2028 actis
3137 1973 3449 2030 circumda-

1873 2070 2013 2129 rent,
2043 2076 2109 2118 ac
2141 2077 2248 2117 non
2277 2069 2536 2133 tanquam
2586 2061 2854 2132 privatum
2890 2064 3233 2121 vindicarent
3258 2083 3274 2133 ;
3301 2069 3445 2137 quod

1880 2151 2103 2222 ubique,
2161 2161 2218 2206 ut
2253 2151 2453 2221 inquit,
2500 2150 2678 2206 facere
2709 2152 2953 2208 student.
3003 2154 3068 2208 Et
3101 2155 3445 2212 tradiderunt

1872 2243 2237 2299 asservandos
2273 2241 2489 2300 vincies
2523 2243 2575 2299 in
2623 2246 2950 2300 crastinum.
2990 2249 3176 2316 Atque
3202 2248 3277 2301 illi
3318 2249 3442 2319 qui-

1871 2337 1994 2392 dem
2027 2335 2131 2392 lioc
2161 2335 2434 2391 faciebant
2463 2345 2521 2391 ut
2541 2337 2750 2392 vinctos
2776 2353 2870 2392 eos
2897 2347 3246 2393 assert/arent
3265 2381 3280 2405 ,
3314 2341 3441 2409 quia

1871 2428 2124 2483 volebant
2144 2429 2370 2484 animos
2387 2442 2575 2483 eorum
2599 2428 2832 2482 mollire.
2865 2428 2972 2484 Sed
2994 2425 3272 2498 apostolos
3294 2445 3456 2494 mora?

1874 2520 2138 2586 temporis
2170 2519 2459 2587 interiecta
2497 2519 2922 2575 conﬁdentiores
2961 2520 3162 2574 t-ﬂ'ecit.

1945 2609 2112 2666 Vnus.
2146 2611 2200 2666 4.
2246 2603 2412 2686 Ροντο
2454 2609 2608 2664 multi
2640 2625 2842 2670 eorum.
2877 2609 2968 2678 qui
2999 2607 3236 2687 concioni
3278 2607 3443 2662 inter-

1873 2707 2104 2772 [κει-απτ,
2136 2702 2508 2776 crediderunt:
2545 2718 2608 2755 ac
2643 2702 2886 2757 redactus
2913 2711 2990 2755 est
3025 2716 3273 2753 numerus
3307 2701 3442 2754 viro-

1873 2813 1990 2849 rum
2023 2797 2182 2866 fermc
2198 2781 2373 2874 ωηιξη
2398 2794 2642 2862 quinque.

1942 2887 2082 2951 Quid
2117 2887 2218 2940 hoc
2253 2885 2372 2957 estil
2424 2884 2680 2954 Nunquid
2731 2901 2991 2957 prospero
3046 2906 3304 2948 successu
3359 2894 3434 2948 rei

1942 2887 2082 2951 Quid
2117 2887 2218 2940 hoc
2253 2896 2334 2939 est
2424 2885 2680 2954 Nunquid
2731 2901 2991 2957 prospero
3046 2906 3304 2948 successu
3359 2894 3434 2948 rei

1871 2976 2284 3032 commendatos
2311 2885 2476 3047 agnae
2505 2978 2782 3047 probatos,
2809 2989 2862 3033 ct
2892 2996 2998 3034 non
3045 2983 3257 3037 vinctos
3285 2984 3436 3040 vide-

1875 3081 1995 3124 rant
2039 3057 2364 3140 apostolos‘i
2401 3071 2503 3136 Qui
2541 3071 2705 3139 igitur
2751 3070 3146 3126 crediderunt?
3192 3073 3433 3130 Videsne

1870 3163 2213 3230 elﬁcientiam
2248 3171 2304 3216 et
2334 3163 2704 3232 Operationetn
2744 3161 2835 3217 Dei
2869 3165 3251 3219 manifestam?
3279 3167 3439 3236 Atqui

1867 3257 2153 3327 operiebat
2184 3255 2350 3311 etiam
2377 3263 2497 3318 eos,
2531 3254 2624 3323 qui
2653 3253 2764 3321 jam
2797 3255 3168 3320 crediderant,
3208 3255 3318 3311 lieri
3351 3258 3441 3310 iu-

1871 3349 2164 3410 lirtniores,
2198 3346 2291 3400 sed
2331 3345 2474 3400 Petri
2514 3345 2707 3399 concio
2737 3343 2925 3399 divino
2957 3346 3161 3415 Spiritu
3220 3361 3442 3416 compu-

1865 3441 1970 3495 sita
1999 3438 2050 3490 in
2083 3435 2420 3489 altitudinem
2460 3433 2660 3490 mentis
2711 3436 2920 3490 semina
2959 3437 3257 3505 deiecerat,
3295 3447 3348 3492 et
3383 3439 3436 3491 in

1869 3533 2043 3600 ipsam
2076 3529 2311 3583 animam
2363 3541 2552 3582 eorum
2602 3535 3001 3595 penetraverat.
3039 3526 3093 3581 In
3144 3538 3438 3595 conspectu

1868 3633 2049 3678 autem
2084 3618 2448 3674 multitudinis
2479 3618 2554 3672 illi
2576 3618 2852 3686 apostolos
2882 3618 3172 3671 vinxerunt
3200 3636 3212 3670 :
3243 3617 3351 3689 44
3383 3628 3441 3672 ιιι

1865 3725 1918 3769 et
1950 3728 2065 3777 eos,
2091 3711 2184 3780 qui
2216 3712 2481 3770 viderent,
2514 3708 2816 3762 timidiores
2852 3706 3148 3770 eﬂiccrent,
3181 3709 3274 3760 sed
3301 3723 3434 3762 con-

1869 3805 2098 3861 trarium
2122 3802 2328 3857 evenit.
2371 3798 2632 3863 Privatim
2682 3797 2809 3851 item
2851 3797 3184 3866 remotisque
3217 3796 3439 3850 arbitris

1865 3914 1960 3952 eos
1987 3896 2322 3957 examinant,
2376 3907 2444 3946 ne
2469 3884 2608 3960 'quid
2649 3889 2786 3944 lucri
2833 3905 2898 3943 ex
2935 3889 3150 3942 illorum
3184 3887 3437 3942 libertate

1866 3987 2138 4044 sermonis
2162 3993 2423 4054 caperent
2447 3984 2539 4052 qtti
2573 3982 2847 4035 audirent.
3006 4043 3008 4046 ν

1936 4076 2101 4131 Vens.
2136 4077 2188 4130 5.
2231 4075 2436 4128 Accidit
2491 4082 2666 4126 autent
2715 4071 2990 4140 postridie.
3037 4079 3094 4121 ut
3134 4078 3438 4143 cogerentur

1820 4153 1826 4159 ’
1866 4170 2124 4240 principes
2153 4185 2335 4223 eorum
2361 4174 2412 4222 et
2440 4166 2670 4220 seniores
2712 4174 2762 4217 et
2795 4162 2994 4216 Scriba:
3021 4160 3433 4230 Jerosolymani.

1942 4351 2103 4404 Vens.
2133 4349 2187 4405 6.
2231 4349 2299 4402 Et
2337 4348 2518 4401 Annus
2547 4345 2783 4416 pontifex
2826 4357 2873 4402 et
2913 4346 3144 4417 Caiphae
3186 4356 3236 4402 et
3263 4345 3436 4402 Joan-

1869 4460 1956 4498 nes
1987 4452 2038 4496 et
2067 4439 2394 4506 Alexander,
2430 4448 2481 4495 et
2507 4449 2757 4512 quotquot
2784 4452 2936 4495 erant
2972 4441 3035 4495 de
3056 4458 3239 4510 genere
3263 4440 3438 4511 ponti-

1866 4532 2011 4601 ﬁcali
2031 4544 2050 4586 .‘
2664 4588 2666 4591 ,

1945 4625 2110 4681 Vens.
2144 4626 2196 4679 7.
2235 4624 2438 4691 hosque
2471 4626 2523 4674 in
2566 4619 2794 4673 medium
2843 4619 3098 4673 adductos
3148 4621 3439 4685 interroga-

1855 4701 2017 4785 .banr,
2073 4734 2179 4784 qua
2223 4715 2478 4784 facultate
2511 4729 2573 4766 ac
2609 4713 2657 4765 vi
2683 4721 2730 4777 ι,
2765 4713 2974 4781 cujusre
3003 4713 3210 4766 nomine
3235 4696 3438 4778 fecistis

1869 4814 1963 4864 hoc
1997 4826 2082 4862 vos
2104 4809 2124 4861 ?

1939 4900 2103 4954 Vens.
2142 4901 2193 4954 8.
2242 4900 2387 4953 Tunc
2439 4899 2629 4952 Petrus
2682 4895 2907 4961 repletus
2971 4894 3172 4959 Spiritu
3228 4901 3436 4956 sancto,

1866 4993 2000 5046 dixit
2030 4991 2098 5045 ad
2135 5009 2220 5045 eos
2252 5009 2268 5044 :
2295 4989 2563 5054 Principes
2595 4986 2771 5054 populi
2797 4995 2843 5038 et
2873 4984 3348 5040 scniores.Israclis
3379 4998 3399 5034 :

1944 5178 2104 5228 Vens.
2144 5175 2197 5227 9.
2241 5173 2298 5226 Si
2331 5190 2422 5226 nos
2460 5173 2610 5229 hodie
2652 5175 3081 5240 interrogamura
3109 5178 3318 5236 propter
3343 5171 3432 5223 be-

1868 5268 2111 5334 ne/icium
2143 5264 2395 5316 collatum
2433 5265 2488 5317 in
2536 5266 2796 5318 hominem
2838 5263 3077 5328 debilem,
3104 5277 3209 5332 qua
3233 5262 3434 5315 ratione

1867 5362 1965 5413 iste
1986 5373 2206 5411 sanatus
2235 5361 2302 5411 sit
2341 5358 2390 5422 ιι,

1345 5494 1545 5555 Varia:
1592 5492 1903 5555 lectiones
1926 5499 1984 5554 et
2017 5498 2208 5553 notae.

281 5618 322 5651 “
353 5617 841 5692 Εὑδοιὶιμήσαντες,
869 5630 1002 5674 erat.
1081 5622 1121 5652 “
1158 5618 1221 5672 In
1252 5619 1476 5689 vulgatis
1503 5621 1733 5683 additur,
1761 5637 1772 5647 ·

1942 5619 1983 5648 ¹¹
2022 5617 2078 5668 In
2123 5612 2348 5681 vulgatis
2387 5611 2617 5672 deest,o.

289 5761 402 5833 ιγ.
435 5770 482 5833 et
511 5770 798 5829 posuerunt
849 5778 940 5821 eos.
988 5764 1041 5816 in
1094 5761 1411 5819 custodiant.
1487 5772 1508 5798 ι
1545 5761 1605 5816 Ε.
1656 5779 1758 5833 qua
1817 5763 2023 5815 virtute.
2108 5769 2132 5798 ι
2165 5755 2224 5808 Ε.
2269 5754 2656 5808 examinantur.
2699 5751 2760 5804 V.
2797 5752 3180 5818 dijudicamur.

224 5829 386 5884 salvus
439 5831 633 5902 factus.
