4064 6340
176 395 278 460 διο
912 387 1315 450 EXPOSITIO
1354 387 1437 449 IN
1479 386 1661 447 ACTA
1707 361 2286 451 APOSTOLORUM.
2327 416 2393 426 -
2426 391 2585 454 cui.
2629 393 2739 456 IX.
3310 403 3414 467 ese

245 498 553 569 Βαρνάϐας
617 497 686 550 δὲ
751 490 1185 565 ἐπιλαϐόμενος
1263 494 1452 550 αὑτὸν
1480 535 1494 560 ,
1557 493 1748 562 ἤγαγε
1776 506 1823 561 Α

1815 543 1823 560 _
1931 494 2088 550 Vens.
2122 496 2211 551 27.
2243 495 2345 552 Sed
2381 499 2662 555 Barnabas
2692 504 3003 572 prehensum
3037 524 3154 562 eum
3184 511 3420 567 dua-itad

176 590 323 658 πρὸς
369 590 508 655 τοὺς
544 587 961 652 ἀποστόλους·
1019 586 1118 640 καί
1169 585 1501 655 διηγήσατο
1534 584 1742 650 αὐτοῖς

1846 587 2135 655 apostolos,
2167 599 2216 643 et
2266 594 2506 645 narravit
2537 595 2610 646 eis
2645 598 3088 663 quemadmodum
3129 602 3184 653 in
3234 604 3420 659 itinere

175 680 300 748 πῶς
338 682 406 735 ἐν
429 679 502 747 τῇ
543 678 659 744 ὁδῷ
703 679 824 732 εἶδε
847 680 953 731 τὸν
982 679 1220 746 Κύριον·
1275 676 1374 729 καὶ
1407 675 1496 729 ὅτι
1523 674 1743 742 ἐλάλη-

1844 679 2129 736 Dominnm
2180 684 2408 750 vidisset,
2456 697 2502 738 et
2535 696 2591 738 ut
2642 687 2688 740 ei
2731 686 2988 742 Dominus
3023 690 3221 745 locutus
3267 706 3417 758 esset,

171 791 285 829 σεν
331 771 490 836 αὐτῷ
509 789 524 803 ο
554 771 652 824 καὶ
680 769 806 836 πῶς
836 769 906 822 ἐν
927 767 1221 839 Δαμασκῷ
1253 765 1742 834 ἐπαρρησιάσατο

1847 778 1896 822 et
1915 773 2356 839 quemadmodum
2391 774 2637 830 Damasci
2668 776 2827 832 libere
2852 795 3038 834 nomen
3071 781 3194 836 Jesu
3224 788 3420 852 prtedi-

173 868 243 920 ἐν
267 864 350 930 τῷ
377 865 624 934 ὀνόματι
675 862 780 916 τοῦ
840 861 1057 929 Ἰησοῦ.

428 865 624 934 νόματι
675 862 780 916 τοῦ
840 861 1057 929 Ἰησοῦ.
1844 871 2033 917 casset.

241 958 348 1012 Kal
381 952 463 1026 ἦν
505 954 630 1023 μετ’
661 953 860 1009 αὐτῶν
907 952 1473 1021 εισετορευόμενοςτ¹
1529 951 1614 1016 είς
1653 950 1745 1004 Ἱει

1914 951 2075 1014 Vens.
2121 953 2209 1009 28.
2248 954 2312 1008 Et
2330 966 2448 1009 erat
2467 959 2520 1011 in
2549 957 2841 1015 Jerusalem
2876 979 2992 1016 cum
3024 966 3106 1027 iis,
3132 967 3420 1038 ingrediens

167 1047 490 1118 ρουσαλὶιμ
512 1085 527 1108 ,
584 1044 681 1098 καί
733 1043 1277 1113 παρρησιαζόμενος
1304 1042 1374 1095 ἑν
1394 1040 1474 1105 τῷ
1501 1042 1744 1110 ὀνόματι

1842 1049 1890 1096 et
1919 1044 2203 1112 egrediens,
2234 1054 2281 1100 et
2315 1046 2474 1100 libere
2492 1050 2783 1116 praedicans
2811 1068 2996 1107 nomen
3028 1054 3240 1110 Domini
3277 1059 3418 1114 Jesu.

172 1139 278 1194 τοῦ
303 1142 523 1205 Κυρίου
560 1135 762 1204 Ἰησοῦ
782 1137 846 1189 τ’.

255 1228 580 1284 Ἔλάλει-τε
602 1228 700 1282 καὶ
714 1227 900 1295 ἐζήτει
920 1228 967 1260 ⁷³
985 1228 1133 1296 πρὸς
1150 1227 1291 1292 τοὺς
1319 1224 1742 1293 Ἑλληνιστάς.

1916 1221 2077 1275 Vens.
2105 1220 2194 1276 29.
2229 1219 2664 1294 Loquebaturque
2686 1241 2751 1279 ac
2787 1228 3094 1296 disputabat
3125 1247 3242 1284 cum
3273 1233 3421 1288 Cra:-

177 1327 241 1378 Οί
276 1321 344 1375 δέ
365 1321 716 1390 ἐπεχείρουν
743 1320 930 1374 αὐτὸν
965 1319 1227 1374 ἀνελεῖν.
1598 1335 1606 1342 ·

1598 1335 1606 1342 ·
1845 1311 2064 1365 canicis.
2088 1310 2156 1364 At
2194 1311 2275 1364 illi
2308 1311 2640 1365 conabantur
2670 1331 2789 1367 eum
2817 1319 3069 1374 occidere.
3109 1362 3116 1368 .

254 1413 631 1482 Ἐπιγνόντες
654 1408 722 1462 δὲ
755 1411 807 1463 οἱ
837 1409 1111 1478 ἀδελφοὶ,
1181 1411 1526 1478 κατήγαγον
1558 1407 1747 1462 αὐτὸν

1917 1402 2079 1457 Vens.
2103 1402 2191 1457 50.
2220 1402 2367 1468 Quod
2391 1405 2479 1456 ubi
2507 1409 2698 1474 fratres
2727 1409 3062 1477 resciverunt,
3092 1414 3416 1470 deduxerunt

176 1507 258 1570 εις
313 1500 710 1569 Καισάρειαν,
769 1499 867 1553 καί
926 1499 1372 1564 ἐξαπέστειλαν
1421 1499 1607 1551 αὐτὸν
1660 1497 1747 1560 είς

1432 1499 1607 1551 αὐτὸν
1660 1497 1747 1560 είς
1849 1513 1968 1550 eum
2007 1495 2334 1562 Ctesaream,
2362 1506 2408 1550 et
2444 1498 2757 1553 dimiserunt
2787 1500 3037 1557 Tarsum.

180 1593 430 1662 Ταρσόν.
907 1584 918 1592 ’

241 1688 312 1739 At
325 1682 444 1754 μὲν
463 1677 578 1738 οὖν
605 1683 952 1751 Ἑκκλησίαι
978 1681 1106 1736 καθ’
1149 1680 1298 1748 ὅλης
1321 1678 1426 1748 τῆς
1466 1677 1749 1742 Ἰουδαίας

1918 1675 2084 1732 Vens.
2119 1677 2206 1731 5|.
2235 1677 2298 1731 Et
2329 1676 2578 1734 Ecclesia:
2612 1682 2814 1750 quidem
2835 1700 2928 1750 per
2957 1695 3118 1739 totam
3151 1688 3415 1755 Judaeum,

176 1775 270 1830 καὶ
317 1775 652 1840 Γαλιλαίας
714 1773 814 1827 καὶ
880 1772 1213 1842 Σαμαρείας
1286 1766 1456 1836 εἶχον
1500 1766 1749 1835 είρήνην

1850 1771 2128 1828 Galilteam
2173 1787 2221 1826 et
2261 1771 2565 1827 Samariam
2607 1791 2734 1842 pace
2764 1776 3092 1844 fruebantur,
3121 1782 3232 1853 84
3253 1786 3420 1853 cedi/i-

178 1867 663 1938 οἱκοδομούμεναι
710 1864 811 1919 καὶ
863 1866 1263 1933 πορευόμεναι
1300 1861 1380 1927 τῷ
1427 1861 1591 1929 φόϐῳ
1639 1845 1783 1910 τοῦ¹

1815 1852 2209 1931 ίεαίιαηῑιιγίιιιε
2249 1873 2299 1916 et
2345 1863 2693 1917 versabantur
2746 1867 2802 1919 in
2853 1868 3038 1923 timore
3091 1870 3322 1938 Domini,
3372 1885 3420 1929 et

176 1960 414 2027 Κυρίου,
446 1956 543 2010 καί
569 1955 640 2026 τῇ
663 1955 1044 2026 παρακλήσει
1065 1951 1173 2008 τοῦ
1197 1952 1371 2021 ἁγίου
1403 1951 1746 2018 Πνεύμοιτος

1851 1952 2248 2019 conﬁrmatione
2290 1963 2447 2021 atque
2480 1955 2835 2010 consolatione
2880 1959 3049 2013 sancti
3080 1960 3306 2030 Spiritus
3338 1982 3416 2019 re-

175 2052 616 2119 ὲπληθὺνοντο.
733 2113 738 2116 _

1849 2040 2124 2110 plebantnr
2151 2051 2199 2096 et
2240 2044 2587 2114 augebantur.

255 2145 314 2197 Ὀ
333 2144 380 2175 ⁷⁵
402 2140 690 2213 Βαρνάϐας
740 2138 1028 2209 ἄνθρωπος
1082 2137 1331 2207 ἐπιεικὴς
1389 2135 1484 2189 καὶ
1512 2135 1746 2204 ἥμερος,

1921 2135 2218 2191 Barnabam
2251 2137 2523 2194 hominem
2542 2139 2719 2220 fuisse
2755 2143 3074 2211 humanum,
3100 2145 3417 2218 benignum,

177 2236 268 2289 καὶ
304 2235 368 2287 ἐκ
394 2232 583 2286 τούτου
638 2230 934 2294 δείκνυται,
977 2227 1076 2282 καὶ
1121 2229 1185 2280 ἐκ
1212 2227 1321 2280 τῶν
1377 2225 1515 2294 μετὰ
1575 2222 1748 2276 ταῦτα

1852 2236 2197 2282 mansuetum
2219 2235 2272 2282 et
2302 2229 2512 2293 mitem,
2546 2246 2668 2285 cum
2703 2249 2769 2287 ex
2801 2235 2902 2289 hoc
2945 2236 3062 2290 loco
3092 2241 3416 2306 ostenditur,

178 2327 535 2399 πραχθέντων
579 2322 749 2393 αὐτῷ.
784 2324 944 2384 Ἴσως
963 2319 1022 2374 δὲ
1058 2318 1153 2372 καὶ
1194 2318 1569 2387 προεγίνωσκε
1599 2313 1748 2368 Παῦ-

1854 2327 1968 2372 tum
2016 2333 2083 2373 ex
2133 2319 2218 2382 iis,
2250 2319 2340 2388 qui
2391 2330 2573 2390 postea
2601 2323 2668 2378 ab
2709 2322 2797 2379 illo
2825 2335 2954 2380 sunt
2995 2336 3135 2385 acta.
3173 2329 3418 2385 Forsitan

175 2421 285 2485 λον,
319 2419 470 2488 φίλος
502 2415 598 2469 ὢν.
636 2415 779 2486 Πρὸς
810 2413 993 2475 ποίους
1019 2413 1074 2464 δὲ
1112 2409 1444 2471 ἀποστόλους
1494 2407 1700 2477 ήγαγεν
1732 2422 1747 2471 ;

1853 2415 2034 2462 autem
2066 2407 2228 2462 etiam
2259 2418 2381 2463 ante
2412 2407 2636 2465 Paulum
2672 2424 2928 2479 noverat,
2964 2418 3105 2484 quod
3134 2428 3278 2473 esset
3303 2421 3421 2488 ejus

181 2512 341 2574 ἰσως
370 2510 506 2580 πρὶς
541 2507 747 2577 Πέτρον
811 2505 908 2559 καὶ
942 2502 1226 2568 Ἰάκωδον,
1252 2500 1343 2563 οὓς
1376 2500 1472 2552 καὶ
1492 2498 1654 2560 αὐτὸς
1691 2499 1748 2550 ὲν

1855 2499 2080 2552 amicus.
2112 2497 2218 2554 Sed
2245 2501 2310 2554 ad
2339 2515 2476 2569 quos
2496 2517 2619 2556 eum
2637 2503 2791 2558 duxit
2816 2507 3088 2574 apostolos
3118 2509 3140 2561 ?
3174 2509 3419 2566 Forsitan
3447 2559 3450 2562 ι

177 2605 244 2674 τῇ
275 2601 412 2674 πρὸς
434 2598 680 2661 Γαλάτας
710 2596 859 2666 λέγει
887 2597 967 2650 ὅτι
992 2586 1157 2649 εἶδεν.
1187 2594 1332 2663 Ὅρα
1347 2591 1403 2642 δὲ
1434 2590 1524 2641 τὸν
1543 2588 1754 2641 Παῦλον

1857 2589 1920 2642 ad
1946 2590 2162 2643 Petrum
2203 2601 2257 2644 et
2285 2589 2564 2658 Jacohnin,
2585 2610 2720 2664 quos
2751 2597 2913 2650 etiam
2951 2599 3064 2667 ipse
3095 2600 3147 2654 in
3183 2603 3422 2672 Epistola

179 2697 261 2750 ὅτι
300 2693 361 2748 οὐ
393 2691 532 2763 πρὸς
565 2692 692 2754 τοὺς
751 2687 1086 2752 ἀποστόλους
1140 2685 1384 2748 ἄπεισιν,
1417 2683 1492 2743 ὡς
1526 2680 1751 2750 μετριά-

1857 2681 1922 2734 ad
1951 2680 2165 2735 Galatas
2195 2697 2253 2735 se
2270 2682 2470 2738 vidisse
2498 2685 2647 2739 dicit.
2679 2684 2812 2742 Vide
2852 2697 3039 2762 autem.
3061 2691 3285 2746 Paulum
3312 2710 3420 2748 non

180 2786 290 2851 ζων
315 2802 329 2817 ο
355 2783 471 2838 ἀλλ’
512 2782 672 2845 αὐτὸς
705 2781 802 2853 μὲν
821 2779 960 2851 πρὸς
984 2779 1110 2842 τοὺς
1139 2775 1412 2847 μαθητὰς,
1449 2773 1544 2826 ἆτε
1580 2771 1756 2842 μαθη-

1859 2773 1924 2827 ad
1952 2773 2225 2843 apostolos
2251 2775 2527 2839 accedere,
2551 2779 2720 2848 utqui
2742 2779 3002 2835 modestia
3027 2791 3189 2851 atque
3219 2788 3422 2851 pudore

180 2878 275 2947 τῆς
304 2874 400 2928 ὢν·
427 2873 711 2944 Βαρνάϐας
731 2871 789 2926 δὲ
805 2870 968 2926 αὑτὸν
994 2866 1248 2938 καὶπρὸς
1275 2866 1398 2927 τοὺς
1428 2862 1758 2924 ἀποστόλους

1863 2878 1965 2916 suo
2008 2864 2432 2947 prohiberetur:
2478 2868 2568 2920 sed
2614 2868 2725 2938 ipse
2764 2870 2984 2938 quidem
3023 2873 3088 2926 ad
3131 2873 3425 2944 discipulos

185 2934 328 3036 ἄγει,
355 2966 453 3020 καὶ
489 2934 760 3034 διηγεῖται
801 2961 900 3016 au
934 2934 1407 3031 ἐπαρρησιάσατο.
1458 2951 1669 3004 Ἐλάλει
1697 2969 1757 3004 τε

1859 2953 2013 3017 abiit,
2052 2953 2230 3022 utqui
2266 2934 2560 3029 discipulus
2597 2934 2739 3014 esset
2837 2961 2930 3016 sed
2978 2934 3421 3020 Barnabas-eum

187 3057 281 3110 καὶ
307 3053 587 3124 συνεζήτει
618 3051 755 3120 πρὸς
778 3048 904 3113 τοὺς
932 3047 1299 3117 Ἑλληνιστάς,
1321 3045 1441 3114 ἦτοι
1474 3043 1610 3113 πρὸς
1633 3042 1760 3145 τοὺς

1861 3043 2022 3096 etiam
2063 3042 2130 3096 ad
2167 3044 2442 3145 apostolos
2485 3048 2649 3111 ducit,
2700 3061 2755 3104 ct
2799 3061 2981 3105 narrat
3023 3069 3142 3122 qua:
3196 3054 3423 3112 vidisset

199 3148 505 3217 Ἑλληνιστὶ⁸
543 3142 949 3215 φθεγγομένους
981 3138 1283 3201 Ἰουδαίους.
1319 3135 1680 3230 Ἐκεῖνοι-γὰρ
1706 3134 1756 3187 οἱ
1784 3171 1804 3230 (

1822 3171 1828 3228 ι
1863 3149 2091 3204 quaeque
2134 3136 2304 3191 libere
2335 3134 2546 3194 lo'cutus
2576 3149 2739 3195 esset.
2785 3142 3312 3215 Colloquebaturque
3361 3163 3427 3202 ac

186 3241 334 3295 ἄλλοι
363 3240 413 3291 oi
439 3237 626 3308 βαθεῖς
674 3234 936 3305 Ἐὄραῖοι,
957 3233 1078 3286 οὐδὲ
1106 3232 1234 3284 ἰδεῖν
1263 3229 1428 3281 αὐτὸν
1451 3228 1750 3298 ἠνείχοντο·

1819 3226 2168 3296 ’(Ιὶεριιιειιιιι
2215 3242 2340 3284 cum
2412 3229 2737 3287 Crzecanicis
2770 3275 2784 3297 ,
2843 3236 2958 3288 sive
3021 3252 3143 3290 cum
3197 3239 3280 3292 his
3331 3240 3424 3308 qui

189 3332 388 3402 μᾶλλον
424 3329 482 3383 δὲ
510 3329 604 3382 καὶ
633 3327 951 3397 ἐπεχείρουν
991 3324 1200 3377 ἀνελεῖν
1243 3320 1424 3374 αὐτόν.
1469 3321 1752 3388 Ἐπιγνόν-

1860 3319 2045 3374 Graece
2088 3320 2446 3390 loquebantur
2490 3325 2705 3380 Jndteis.
2742 3326 2872 3380 Nam
2920 3328 2996 3381 illi
3027 3329 3138 3394 alii,
3172 3331 3262 3399 qui
3302 3347 3425 3400 pro-

186 3443 274 3488 τες
303 3423 361 3476 δὲ
387 3424 436 3475 οἱ
466 3418 708 3488 ἀδελφοὶ,
741 3417 1054 3488 κατήγαγον
1083 3414 1246 3469 αὐτὸν
1270 3415 1350 3479 εἰς
1377 3414 1715 3483 Καισάρειαν
1735 3428 1749 3442 ο

1859 3409 2009 3464 fundi
2041 3421 2195 3466 erant
2222 3411 2451 3480 llebrrei,
2485 3430 2551 3470 ne
2575 3416 2752 3470 videre
2786 3418 3004 3487 quidem
3035 3436 3158 3475 eum
3191 3423 3427 3478 sustine-

189 3515 514 3586 φοεηθέντες
545 3511 608 3566 τὸ
651 3510 745 3565 ἐπὶ
795 3509 1090 3578 Στεφάνου,
1139 3505 1534 3577 περισώζουσιν
1594 3504 1754 3557 αὐτὸν

1858 3505 1989 3558 bant
2020 3520 2034 3569 ;
2067 3503 2172 3558 imo
2246 3520 2372 3559 vero
2422 3507 2581 3560 etiam
2616 3508 2923 3564 interﬁcere
2975 3525 3100 3565 eum
3151 3514 3428 3568 conaban-

189 3610 266 3670 εξις
295 3606 668 3676 Καισάρειαν
733 3598 834 3655 εἷθ’
890 3599 1063 3660 οὕτως
1091 3599 1171 3661 εἰς
1225 3597 1462 3668 Ταρσὸν,
1506 3595 1622 3666 ἅμα
1661 3593 1755 3648 καὶ

1860 3604 1965 3648 tur.
1986 3593 2138 3658 Quod
2163 3595 2251 3649 ubi
2278 3597 2521 3666 discipuli
2549 3599 2907 3663 resciverunt,
2938 3601 3277 3657 deduxerunt
3302 3621 3425 3659 cum

187 3684 395 3762 διδάξαι
421 3697 514 3748 καὶ
542 3697 599 3746 ὲν
622 3691 886 3762 ἀσφαλείᾳ
941 3683 1103 3756 εἶναι,
1140 3689 1216 3752 ὼς
1248 3690 1306 3740 ὲν
1352 3687 1459 3758 ἰδίᾳ
1513 3685 1754 3756 πατρίδι.

1857 3683 2173 3738 Cazsaream.
2239 3684 2390 3750 Quod
2448 3697 2752 3743 metuerent
2808 3705 2875 3744 ne
2914 3691 3233 3755 accideret,
3283 3697 3426 3764 quod

190 3789 261 3842 Οὐ
285 3788 394 3858 γάρ
421 3786 564 3838 οὕτω
595 3784 728 3854 πρὸς
754 3783 880 3844 τοὺς
905 3782 1100 3842 ἄλλους
1133 3779 1416 3848 ἐμαίνοντο
1433 3780 1480 3830 οἱ
1514 3777 1756 3830 Ἰουδαῖοι

1861 3786 2102 3846 tempore
2134 3776 2391 3846 Stephani
2419 3789 2691 3845 evenerat,
2727 3782 2932 3836 salvum
2967 3781 3265 3838 Caesaream
3307 3801 3427 3856 per-

189 3877 261 3939 ὼς
291 3876 422 3945 περὶ
489 3873 702 3927 τούτου.
733 3871 871 3933 Τοὺς
913 3869 1025 3940 γὰρ
1066 3869 1258 3930 ἄλλους
1284 3867 1392 3919 τῶν
1445 3865 1756 3919 ἀποστόλων

1861 3868 2069 3922 ducunt
2121 3887 2131 3921 :
2179 3870 2302 3922 inde
2349 3869 2573 3923 Tarsum
2636 3872 3026 3939 profecturum,
3081 3883 3138 3926 ιιι
3160 3875 3318 3926 simul
3375 3887 3428 3929 et

191 3967 285 4020 καὶ
329 3963 548 4036 ᾐδοῦντο
593 3962 690 4017 ἁτε
719 3962 812 4014 καὶ
839 3960 918 4029 τῷ
945 3960 1124 4030 χρόνῳ
1164 3957 1634 4028 ὑποθραυσθέντες
1664 3955 1759 4025 τὴν

1863 3959 2102 4021 doceret,
2128 3968 2183 4012 et
2221 3969 2278 4012 ut
2305 3960 2356 4012 in
2389 3975 2486 4014 sua
2511 3961 2705 4029 patria,
2741 3962 2793 4016 in
2819 3963 2935 4017 tuto
2957 3972 3118 4017 esset.
3137 3963 3254 4017 Non
3285 3965 3427 4018 enim

192 4058 312 4111 κατ’
357 4045 536 4108 αὐτῶν
572 4053 790 4123 μανίαν,
820 4053 914 4105 καὶ
963 4053 1060 4105 lita
1086 4050 1344 4112 πολλάκις
1374 4048 1760 4118 παραστάντας

1865 4057 2014 4102 tanto
2037 4049 2298 4102 adversus
2324 4048 2455 4103 alios
2508 4048 2708 4116 lurore,
2751 4060 2952 4120 quanto
2986 4053 3244 4106 adversus
3288 4054 3431 4107 hunc

194 4150 282 4200 καὶ
336 4145 440 4198 ὑπδ
480 4144 574 4196 τοῦ
645 4145 883 4214 πλήθους
936 4141 1369 4210 θαυμασθέντας.
1421 4141 1484 4191 Ai
1516 4139 1612 4207 μὲν
1667 4133 1761 4190 οὖν

1864 4142 2080 4194 accensi
2111 4152 2264 4194 erant
2296 4140 2488 4196 Judaei.
2529 4141 2659 4195 Nam
2689 4153 2913 4197 eieteros
2955 4145 3256 4213 apostolos,
3278 4147 3429 4214 quod

205 4237 522 4308 Ἑκκλησίαι
556 4236 679 4300 καθ’
714 4237 842 4307 ὅλης
879 4235 975 4305 τῆς
1025 4234 1286 4294 Ἰουδαίας
1327 4231 1421 4284 καὶ
1467 4229 1757 4292 Γαλιλαίας

1866 4241 1919 4285 et
1977 4248 2132 4286 suum
2181 4231 2438 4286 adversus
2492 4233 2612 4286 illos
2657 4234 2890 4288 furorem
2942 4235 3114 4303 spatio
3177 4236 3435 4305 temporis

194 4339 286 4391 καὶ
339 4334 674 4406 Σαμαρείας,
727 4329 873 4401 εἶχον
925 4329 1171 4400 εἰρήνην.
1229 4327 1432 4381 Μέλλει
1459 4324 1640 4393 λέγειν
1682 4325 1762 4377 ὅτι

1868 4324 2234 4393 infregissent,
2285 4332 2338 4376 et
2377 4323 2447 4378 illi
2494 4339 2552 4378 se
2585 4326 2783 4395 sapius
2827 4326 3032 4395 judicio
3074 4327 3341 4381 stitissent
3380 4336 3434 4381 et

196 4431 440 4482 κάτεισιν
496 4428 706 4479 ἐκεῖθεν
748 4408 952 4502 Πέιέρος
985 4437 997 4450 ·
1036 4421 1122 4474 ἵνα
1168 4414 1261 4472 οὖν
1294 4419 1368 4488 μή
1414 4418 1580 4486 φόϐου
1608 4417 1764 4471 τοῦτο

1871 4417 2268 4480 exhibuissent,
2325 4427 2486 4486 atque
2521 4417 2662 4488 apud
2710 4418 3108 4472 multitudinem
3160 4427 3344 4471 essent
3379 4420 3430 4472 in

197 4522 444 4590 νομίσῃς,
485 4520 764 4587 προεῖπεν,
790 4516 870 4567 ὅτι
911 4515 1133 4584 εἰρήνην
1157 4508 1304 4582 εἶχον
1325 4513 1382 4565 αἱ
1422 4509 1760 4578 Ἐκκλησίαν
1795 4505 1802 4561 1

1828 4507 2246 4573 ladmiratione,
2275 4510 2434 4564 etiam
2468 4512 2856 4565 reverebantur
2893 4521 2947 4563 et
2981 4512 3341 4566 honorabant.
3373 4513 3433 4566 Et

196 4612 282 4663 ὅτε
313 4612 413 4680 μὲν
435 4609 542 4677 γὰρ
569 4606 720 4675 ἀκμὴ
750 4601 817 4675 ἦν
843 4603 936 4658 τοῦ
977 4605 1236 4674 πολέμου,
1277 4604 1333 4656 ὲν
1375 4600 1763 4673 Ἱεροσολύμοις

1871 4603 2126 4658 Ecclesiae
2154 4601 2370 4669 quidem
2405 4616 2498 4670 per
2524 4611 2687 4656 totam
2716 4602 2958 4669 Judtcam
3009 4613 3064 4657 et
3085 4602 3356 4658 Galilaeam
3382 4616 3435 4657 et

195 4702 464 4773 διέτριϐον
485 4696 866 4756 οἱάπόστολοιι
926 4696 1154 4764 εἰρήνης
1192 4692 1635 4763 πρυτανευούσης
1669 4692 1763 4743 καὶ

1873 4691 2167 4744 Samariam
2219 4706 2349 4760 pace
2405 4690 2740 4746 fruebantur.
2803 4694 3051 4746 Dicturus
3095 4703 3177 4746 est
3217 4693 3431 4747 Petrum

198 4797 320 4858 τοὺς
347 4793 539 4854 ἄλλους
561 4791 758 4851 τόπους
791 4784 1157 4856 κηρύττοντες
1190 4783 1450 4851 ἐπῄεσαν.

1854 4781 2018 4836 ‘illinc
2051 4782 2398 4838 descendere.
2440 4781 2517 4837 Ne
2552 4786 2708 4853 igitur
2739 4785 2788 4838 id
2810 4795 3170 4863 metus.causa
3197 4787 3309 4840 tieri
3339 4803 3434 4841 sn-

201 4885 442 4955 spit-eris,
483 4881 737 4954 puniatur
767 4875 1037 4932 Ecclesias
1064 4889 1196 4945 pace
1225 4888 1345 4928 esse
1373 4887 1515 4927 usas.
1547 4871 1677 4926 Nam
1712 4873 1765 4926 in
1808 4875 1985 4929 medio
2032 4874 2251 4946 quidem
2299 4876 2488 4928 ardore
2551 4872 2674 4928 belli
2754 4875 3137 4948 Hierosolymis
3217 4880 3440 4947 apostoli

202 4974 675 5033 coinmorabanlur
707 4988 722 5024 :
749 4985 877 5037 pace
915 4965 1208 5023 constituta
1231 4962 1391 5017 etiam
1420 4963 1625 5031 reliqua
1653 4963 1767 5017 loca
1800 4966 2155 5034 praedicantes
2179 4966 2534 5034 peragrabant
2553 4976 2606 5021 et
2633 4967 2878 5023 obibant.

281 5069 553 5139 Ἐγένετο
573 5065 640 5120 δὲ
672 5066 896 5133 Πέτρον
946 5060 1336 5129 διερχόμενον
1369 5058 1465 5111 διὰ
1504 5060 1771 5126 πάντων,

1953 5062 2111 5113 Vens.
2160 5062 2247 5114 δί.
2297 5062 2500 5114 Accidit
2549 5073 2747 5124 autem,
2785 5073 2838 5113 nt
2875 5063 3059 5114 Petrus
3092 5065 3267 5117 omnia
3325 5081 3441 5133 per-

203 5159 515 5215 κατελθεῖν
535 5158 634 5212 καὶ
658 5155 806 5225 πρὸς
830 5153 970 5216 τοὺς
996 5153 1205 5219 ἁγίους
1249 5149 1387 5214 τοὺς
1435 5150 1777 5204 κατοικοῦν-

1877 5161 2094 5213 agrans,
2119 5145 2438 5201 descenderet
2485 5151 2640 5200 etiam
2687 5150 2756 5201 ad
2809 5159 3034 5216 sanctos,
3080 5153 3168 5220 qui
3209 5152 3440 5222 Lycidam

204 5255 383 5316 ragA
391 5250 602 5303 ὐδδαν.
937 5297 940 5299 _
1879 5236 2191 5290 incolebant.

268 5334 430 5404 Εὗρε
461 5337 530 5388 δὲ
556 5336 685 5390 ἐκεῖ
731 5334 1045 5403 ἄνθρωπόν
1101 5346 1233 5384 τινα
1287 5328 1502 5381 Αἰνέαν
1536 5328 1779 5396 ὀνόματι

1952 5325 2110 5379 Vens.
2135 5328 2222 5380 55.
2267 5327 2477 5396 cherit
2508 5340 2682 5383 autem
2724 5331 2834 5384 illic
2866 5331 3123 5384 hominem
3164 5331 3439 5399 quemdam

210 5427 358 5482 ἐτῶν
403 5425 554 5478 ὀκτὼ
605 5427 1036 5495 κατακείμενον
1080 5421 1176 5474 ἐπὶ
1202 5418 1542 5488 κραϐσάτῳ·
1597 5418 1664 5483 ὃς
1695 5416 1772 5488 ἦν

1881 5419 2084 5470 nomine
2109 5417 2360 5482 Alneam,
2392 5421 2479 5489 qui
2521 5438 2685 5475 annos
2724 5423 2842 5490 jam
2875 5433 2988 5474 octo
3021 5422 3354 5476 accumbebat
3391 5426 3442 5475 in

216 5512 722 5581 παραλελυμένος.

1881 5509 2120 5578 grabato,
2154 5510 2290 5578 quod
2316 5511 2635 5580 paralyticus
2665 5522 2813 5564 esset.

1395 5623 1594 5686 Varize
1621 5622 1929 5684 lectiones
1973 5631 2032 5683 et
2066 5630 2249 5683 noue.

287 5735 328 5765 τ’
370 5731 433 5785 In
473 5729 701 5798 vulgato,
725 5728 818 5780 hoc
865 5727 974 5800 loco
1025 5727 1262 5800 additur,
1290 5727 1383 5781 καὶ
1435 5725 1888 5800 ἐκπορευόμενος...

1841 5743 1888 5800 ;_._
1961 5724 2111 5800 "UEJt
2138 5727 2468 5800 liichadditur
2500 5727 2552 5785 in
2580 5727 2806 5796 vulgato,
2842 5729 3096 5800 Χριστοῦ.
3172 5729 3216 5758 ⁷³
3244 5726 3304 5782 In
3332 5731 3444 5782 vul-

224 5819 339 5869 qzto
372 5813 465 5866 est,
496 5795 796 5866 συνεζήτει,
827 5807 875 5850 et
930 5797 1004 5849 ita
1057 5797 1214 5866 paulo
1241 5809 1354 5866 post
1377 5798 1623 5867 repetitur
1654 5797 1706 5847 in
1731 5796 1829 5849 sclu

711 5814 796 5858 εει,
827 5807 875 5850 et
930 5797 1004 5849 ita
1057 5797 1214 5866 paulo
1241 5809 1354 5866 post
1377 5798 1623 5867 repetitur
1654 5797 1706 5847 in
1731 5796 1942 5849 scholia.
2021 5795 2062 5824 ⁷⁸
2086 5796 2169 5847 ίσ.
2217 5796 2316 5848 ὅτι.

557 5896 824 5956 ΡΑτιιοῐ..
852 5896 966 5954 Gn:
1000 5890 1253 5954 CXXV.

2996 5887 3067 5950 21
