4064 6340
170 432 273 495 653

926 425 1325 488 EXPOSlTIO
1355 424 1436 484 ΙΝ
1476 425 1660 484 ACTA
1702 425 2270 489 APOSTOLORUM.
2301 451 2369 462 -
2394 428 2548 490 CAP.
2582 430 2656 491 X.

3269 452 3274 456 ’
3299 438 3405 502 656

171 535 382 598 δεικνὺς
426 535 509 588 ὅτι
568 531 888 606 φερώνυμος
926 529 1214 603 ἧν,οὖτως
1255 532 1588 603 ἐγρηγορυῖα
1643 531 1736 584 καὶ

1842 545 1962 584 eam
2013 547 2201 586 verum
2251 547 2450 586 nomen
2516 549 2640 590 esse
2697 535 2966 595 sortitam.
3024 551 3142 593 eam
3198 545 3402 596 nomini

172 629 434 696 νήφουσα,
463 626 658 694 ῶσπερ
678 626 899 697 δορκάς.
928 626 1105 678 Πολλὰ
1136 626 1243 695 γὰρ
1265 626 1358 680 καὶ
1381 624 1740 694 οἰκονομικῶς

174 718 430 780 πολλάκις
497 717 739 786 ὀνόματα.
796 716 1029 770 τίθεται.
1103 717 1514 786 Ἀσθενήσασαν
1574 715 1744 785 αὐτὴν

173 809 482 872 ἀποθανεῖν,
509 807 800 870 λούσαντες
831 806 1034 878 ἔθηκαν
1065 808 1124 858 ἐν
1168 804 1246 875 τῷ
1287 805 1548 876 ὑπερῴῳ,
1586 821 1744 858 τουτ-

175 901 337 965 έστιν,
371 901 462 952 ἐπὶ
513 901 690 970 νεκρῷ
752 898 927 952 πάντα
984 898 1264 968 ἐποίησαν.
1311 897 1660 950 ’Δπέστειλαν
1687 896 1745 950 δὲ

178 992 235 1056 οἱ,
259 993 316 1043 ὲν
340 993 406 1061 τῇ
449 988 641 1061 Ἰόππῃ
668 989 906 1060 μαθηταὶ
946 989 1388 1057 παρακαλοῦντες
1422 989 1496 1059 μὴ
1517 989 1744 1058 ὀκνῆσαι

178 1081 402 1135 διελθεῖν
429 1082 534 1146 ἕως
563 1081 760 1136 αὐτῶν.
809 1081 951 1152 Ὅρα
980 1082 1075 1133 καὶ
1099 1081 1159 1133 τὸ
1206 1081 1478 1134 ἄπλαστον
1509 1081 1617 1135 τῶν
1647 1082 1745 1137 ἄλ-

174 1173 294 1236 λων,
325 1175 421 1226 καὶ
455 1174 516 1226 τὸ
542 1173 746 1241 ἄτυφον
772 1172 864 1225 τοῦ
886 1171 1116 1242 Πέτρου.
1140 1173 1253 1225 Οὐκ
1278 1173 1429 1226 αὐτοὶ
1450 1173 1700 1242 ἔρχονται
1728 1189 1740 1203 ·

173 1265 306 1319 ἀλλὰ
336 1267 425 1320 διὰ
471 1265 566 1320 δύο
598 1263 1034 1337 ’προσκαλοῦνται
1074 1265 1116 1296 ⁸⁸
1144 1266 1239 1317 ἐπὶ
1271 1265 1419 1319 ἴασιν
1446 1305 1460 1329 ,
1492 1267 1739 1328 κάκεῖνος

172 1357 410 1427 ἔρχεται.
441 1359 540 1412 Διὰ
562 1358 616 1410 τι
642 1357 698 1410 δὲ
734 1359 808 1429 μὴ
837 1357 940 1426 πρδ
967 1355 1060 1409 τοῦ
1089 1356 1378 1409 ἀποθανεῖν
1406 1356 1748 1428 προσεκαλέ-

173 1465 329 1502 σαντο
355 1464 372 1514 ;
416 1447 658 1512 Ἀνάξιον
686 1445 914 1519 ἡγοῦντο
940 1445 1153 1499 σκυλεῖν
1174 1447 1300 1478 ⁸¹οθ³
1326 1448 1452 1510 τοὺς
1493 1447 1742 1517 μαθητὰς

173 1540 307 1609 ὑπὲρ
337 1540 448 1594 τῶν
469 1539 726 1594 τοιούτων
753 1523 1155 1611 καὶ,περισπᾷν
1179 1539 1274 1593 καὶ
1305 1537 1738 1609 παρεμποδξζειν

175 1629 231 1680 τὺ
245 1631 525 1700 κήρυγμα·
545 1629 633 1682 διὰ
662 1627 820 1682 τοῦτο
840 1628 990 1697 λέγει
1011 1630 1092 1683 ὅτι
1132 1629 1327 1698 Ἐγγὺς
1351 1625 1440 1701 ἦν.
1471 1626 1580 1682 Καὶ
1601 1646 1740 1700 παρ-

171 1718 405 1779 έστησαν
439 1717 591 1790 αύτῷ
635 1720 810 1771 πᾶσαι
853 1721 910 1773 αἱ
954 1719 1153 1790 χῆραι,
1181 1720 1465 1774 κλαίουσαι
1492 1720 1587 1773 καὶ
1618 1721 1738 1776 ὲπι-

172 1809 525 1876 δεικνύμεναι
583 1809 818 1879 χιτῶνας
872 1811 968 1864 καὶ
1017 1812 1231 1881 ἱμάτια,
1276 1813 1379 1866 ὃσα
1417 1812 1589 1866 ἐποίει
1619 1814 1734 1883 μετ’

1850 637 1952 677 suo
1996 623 2350 692 respondere,
2419 639 2615 678 nomen
2669 625 2788 694 ejus
2819 628 3061 684 moribts
3111 632 3406 686 convenire

1849 712 1920 766 ita
1995 714 2273 787 vigilantis
2335 727 2398 767 ac
2431 715 2645 781 sobriae,
2688 725 2747 770 ut
2808 732 3004 787 caprea
3063 700 3172 774 est.
3241 719 3406 774 Multa

1846 804 1991 857 enim
2015 803 2237 857 nomina
2267 819 2408 874 saepe
2442 805 2620 860 divina
2657 796 3404 879 providentia’iinponuntur.

1850 892 1920 949 Ut
1953 896 2144 950 morbo
2180 896 2437 952 confecta
2504 907 2833 967 moreretur,
2894 899 3060 954 lotam
3109 912 3411 971 posuerunt

1849 987 1903 1040 in
1958 987 2268 1050 ccenaculo,
2309 989 2414 1043 hoc
2464 996 2566 1053 est,
2633 989 2884 1045 cadaveri
2939 991 3183 1046 debitum
3244 1009 3409 1050 omne

1854 1077 2087 1132 oliicium
2141 1079 2530 1148 praestiterant.
2596 1079 2862 1136 Miserunt
2919 1092 3101 1139 autem
3128 1085 3401 1156 discipuli,

1846 1169 1939 1239 qui
1967 1180 2125 1224 erant
2168 1170 2355 1240 Joppte
2384 1181 2622 1238 oratum,
2656 1181 3108 1241 nMravaretur,
3167 1175 3407 1231 transire

1847 1275 2018 1329 usque
2076 1261 2141 1314 ad
2184 1277 2264 1316 se.
2319 1259 2454 1317 Vide
2479 1270 2533 1317 et
2589 1259 2806 1316 illorum
2861 1263 3290 1332 simplicitatem,
3346 1278 3399 1322 et

1844 1348 1989 1405 Petri
2049 1352 2215 1406 animi
2248 1352 2632 1409 demissionem
2689 1364 2852 1423 atque
2877 1354 3259 1414 humilitatem.
3290 1357 3404 1411 Non

1843 1440 1944 1508 ipsi
1975 1444 2224 1506 veniunt,
2250 1453 2310 1498 ut
2330 1460 2453 1499 eum
2522 1445 2792 1501 advocent
2829 1462 2842 1500 :
2900 1446 2993 1502 sed
3027 1462 3124 1516 per
3144 1448 3282 1504 duos
3308 1451 3412 1503 ad-

1844 1541 2044 1587 vocant
2074 1533 2140 1588 ad
2167 1537 2537 1604 sanationem,
2569 1547 2623 1593 et
2679 1538 2770 1594 ille
2810 1539 2975 1608 venit.
3032 1537 3137 1593 Sed
3167 1554 3268 1593 cur
3299 1557 3404 1594 non

1838 1623 2264 1695 “antequam
2317 1637 2528 1681 mortua
2573 1639 2720 1683 esset
2776 1644 2900 1684 eum
2955 1631 3408 1685 accersiverunt?

1838 1712 2030 1785 Operae
2057 1717 2290 1786 pretium
2325 1733 2435 1773 non
2461 1733 2584 1774 esse
2613 1719 2878 1787 putabant
2939 1720 3205 1777 molestiis
3238 1722 3406 1776 disci-

1842 1807 2003 1874 pulos
2047 1822 2149 1876 pro
2184 1807 2391 1865 talibus
2447 1809 2946 1866 rebusaﬂicereet
2993 1810 3318 1876 distrahere,
3349 1823 3404 1866 ct

173 1898 344 1950 αὐτῶν
369 1897 505 1952 οὖσα
522 1900 796 1971 ἡΔορκάς.
809 1900 883 1956 Τὸ
900 1902 1026 1969 μετ’
1043 1901 1244 1958 αὐτῶν
1286 1897 1467 1964 οὖσα,
1491 1904 1590 1970 τὴν
1608 1901 1736 1954 πολ-

1849 1897 2114 1966 impedire
2165 1899 2623 1968 praedicationem.
2655 1901 2867 1958 Idcirco
2903 1901 3057 1968 dicit,
3119 1901 3403 1958 ﬁnitimam

172 1985 263 2053 λὴν
290 1986 462 2056 αὐτῆς
501 1989 1000 2059 ταπεινοφροσύνην
1030 1990 1202 2060 δηλοῖο
1228 1991 1311 2043 ὃτι
1346 1989 1513 2059 συνῆν
1545 1990 1736 2053 αὐταῖς

103 2150 110 2154 ἡ
173 2077 259 2128 καὶ
299 2080 641 2134 συνδιαιτᾶτο
670 2083 764 2136 καὶ
814 2081 890 2145 ὡς
927 2082 1026 2151 μία
1083 2082 1274 2136 πασῶν
1328 2082 1684 2151 συνεστέφετο
1718 2121 1734 2147 ,

168 2169 260 2239 οὺχ
297 2171 488 2241 ῶσπερ
538 2172 635 2247 νῦν
669 2175 856 2244 ἡμεῖς.
895 2175 1171 2228 Ἐκϐαλὼν
1218 2176 1276 2229 δὲ
1315 2172 1420 2238 ἔξω
1472 2177 1675 2237 πάντας
1708 2174 1737 2227 ὁ

121 2333 124 2337 ,
174 2261 402 2327 Πέτρος,
433 2262 546 2326 θεὶς
570 2263 638 2316 τὰ
666 2264 872 2330 γόνατα
902 2263 1267 2335 προσηύξατο.
1292 2264 1392 2316 Διὰ
1413 2264 1466 2315 τί
1484 2263 1736 2316 ἐκϐάλλει

118 2349 124 2376 "
168 2354 268 2417 ἔξω
299 2354 536 2421 πάνταςς
557 2355 720 2410 Ὥστε
753 2357 827 2426 μὴ
853 2356 1187 2426 συγχυθῆναι
1213 2358 1325 2419 τοῖς
1355 2355 1602 2424 δάκρυσι,
1629 2371 1735 2424 μη-

167 2439 220 2490 δὲ
259 2439 712 2510 διαταραχθῆναι.
749 2441 881 2507 Θεὶς
909 2443 983 2496 τὰ
1009 2444 1253 2510 γόνατα.
1299 2441 1735 2511 Ἐπιτεταμένην

169 2531 397 2582 ποιεῖται
430 2531 528 2596 τὴν
557 2532 884 2603 προσευχήν
920 2528 1039 2585 εἶτα
1069 2534 1278 2602 κρατεῖ·
1302 2528 1422 2584 εἶτα
1455 2532 1596 2584 κατὰ
1636 2531 1734 2599 μέ-

171 2637 254 2690 ρος
281 2623 314 2691 ἡ
340 2620 456 2691 ζωὴ
476 2625 572 2676 καὶ
597 2622 824 2693 δύναμις
849 2624 1147 2693 εἰσάγεται.
1177 2622 1469 2689 Φωνήσας
1502 2621 1571 2674 δὲ
1593 2621 1733 2686 τοὺς

166 2712 367 2780 ἀνίους
399 2713 495 2768 καὶ
528 2713 634 2780 τὰς
656 2715 877 2783 χήρας,
927 2717 1039 2778 τοῖς
1090 2715 1223 2785 μὲν,
1261 2716 1339 2777 εἰς
1393 2712 1734 2784 παράκλησιν

168 2802 471 2872 παρέστησε
498 2803 701 2868 ζῶσανο
736 2807 861 2870 ταῖς
893 2806 975 2869 δὲ.
1005 2807 1085 2869 εἰς
1107 2805 1466 2875 προστασίαν.
1504 2804 1644 2874 Ὅρα
1676 2804 1733 2856 δὲ

166 2893 223 2945 τὸ
271 2897 477 2965 ἄτυφον
522 2897 730 2968 Πέτρου
753 2914 769 2930 ·
796 2896 1113 2968 τηλικοῦτον
1148 2898 1520 2968 ἐργασάμενος
1543 2934 1558 2960 ,
1606 2894 1728 2947 οὔτε

167 2988 292 3058 παρ’
337 2989 502 3059 αὐτῇ,
565 2987 688 3042 οὔτε
743 2989 874 3061 παρ’
934 2988 1080 3058 ἄλλῳ
1127 2989 1239 3042 τινὶ
1281 2988 1556 3056 ἐπισήμῳ,
1594 2985 1730 3038 ἀλλὰ

169 3080 316 3150 παρὰ
366 3079 559 3151 βυρσεῖ
597 3081 804 3152 Σίμωνι
851 3082 1132 3144 καταλύει,
1175 3080 1296 3133 οὔτε
1339 3080 1464 3140 τοὺς
1495 3076 1732 3139 εὐτελεῖς

170 3171 452 3240 αἰσχύνων,
485 3172 610 3226 οὔτε
635 3174 763 3235 τοὺς
796 3173 1062 3242 μεγάλους
1097 3170 1422 3241 ἐπαίρεσθαι
1455 3168 1656 3236 ἀφιείς.

1839 1986 2022 2056 fuisse,
2074 1988 2344 2058 Lyddam.
2387 1990 2454 2045 Et
2503 1993 2799 2046 astiterunt
2863 1993 2913 2047 ci
2970 2008 3162 2050 omnes
3229 1994 3405 2048 viduae

1838 2075 2058 2144 ﬂentes,
2103 2089 2157 2133 et
2214 2089 2555 2136 ostentantes
2606 2070 2825 2155 tunicas
2853 2091 2906 2138 et
2935 2085 3259 2140 vestimenta
3281 2100 3404 2155 quia:

1842 2166 2098 2234 faciebat,
2131 2183 2257 2225 cum
2286 2181 2432 2225 esset
2460 2186 2583 2226 cum
2617 2173 2754 2243 ipsis
2782 2172 3006 2229 Dorcas.
3046 2173 3201 2241 Quod
3245 2176 3403 2239 dicit,

1836 2259 1970 2313 Cum
2003 2270 2148 2316 esset
2177 2277 2300 2316 cum
2327 2262 2429 2325 eis,
2462 2278 2710 2335 magnam
2753 2266 2898 2322 illius
2929 2267 3200 2338 signiﬁcat
3233 2269 3402 2324 animi

1843 2348 2205 2404 humilitatem
2227 2358 2389 2420 atque
2411 2353 2800 2410 demissionem
2827 2373 2841 2409 :
2866 2357 3011 2426 quod
3045 2372 3150 2413 una
3172 2371 3294 2412 cum
3322 2361 3402 2415 eis

1836 2448 1977 2502 erat,
2033 2444 2088 2494 'ct
2140 2457 2244 2495 una
2300 2443 2535 2509 vivebat,
2567 2453 2620 2499 et
2655 2453 2716 2498 ut
2769 2462 2878 2500 una
2917 2448 2986 2502 de
3013 2447 3201 2503 multis
3238 2449 3401 2506 simul

1839 2535 2299 2609 conversabatur,
2338 2551 2445 2589 non
2478 2538 2930 2605 quemadmodum
2965 2555 3110 2594 nunc
3136 2555 3237 2594 nos
3264 2540 3397 2594 faci-

1836 2641 1981 2679 mus.
2013 2626 2080 2677 At
2113 2624 2310 2680 l'etrus
2349 2643 2470 2681 cum
2522 2642 2712 2683 omnes
2731 2628 2875 2684 foras
2900 2630 3173 2698 eiecisset,
3206 2632 3398 2700 positis

1835 2717 2063 2786 genibus
2117 2726 2375 2788 precatus
2421 2729 2525 2775 est.
2559 2720 2671 2776 Cur
2694 2735 2884 2776 omnes
2911 2721 3063 2790 cjicit
3103 2723 3283 2778 foras?
3323 2724 3400 2777 Nc

1839 2804 2272 2864 c0tiiundcrctttr
2306 2810 2582 2880 lacrymis,
2615 2825 2717 2865 neu
2749 2809 3173 2868 disturbaretur.
3200 2813 3398 2869 Positis

1833 2898 2070 2965 genibus.
2109 2896 2375 2952 lntentam
2409 2910 2568 2968 atque
2601 2897 2860 2952 sollicitam
2933 2902 3095 2960 habet
3126 2907 3398 2974 precatio-

1839 3001 1998 3039 nem:
2059 2986 2253 3042 deinde
2293 2985 2893 3059 apprehenditzposton
2976 2994 3231 3061 paulatim
3287 2997 3398 3048 vita

1832 3091 1898 3130 ac
1924 3078 2064 3133 vires
2084 3079 2529 3135 introducuntur.
2557 3073 2837 3156 νοςαίιεᾳηε
2887 3085 3084 3137 sanctis
3097 3101 3160 3136 ac
3187 3085 3356 3138 viduis
3376 3124 3391 3148 ,

1835 3169 1939 3224 illis
1977 3171 2194 3239 quidem
2251 3172 2318 3226 ad
2364 3173 2786 3228 consolationem.
2823 3177 2880 3228 et
2924 3173 3392 3230 conﬁrmationem

173 3265 434 3320 virentem
493 3267 775 3334 exhibuit,
825 3266 911 3321 his
942 3281 1091 3332 vero,
1126 3267 1192 3320 ad
1218 3265 1529 3334 praesidium
1560 3272 1724 3334 atque
1767 3267 2155 3331 patrocinium.
2194 3266 2328 3321 Vide
2353 3275 2534 3322 autem
2569 3271 2828 3325 humilem
2887 3281 3051 3340 atque
3104 3272 3396 3326 demissum

170 3359 400 3410 animum
458 3355 627 3420 Petri,
653 3357 745 3425 qui
815 3365 1029 3410 tantum
1097 3370 1235 3426 opus
1299 3356 1536 3419 fecerat;
1589 3369 1764 3424 neque
1804 3355 2139 3422 apudillam,
2208 3371 2383 3426 neque
2410 3357 2732 3428 apudalium
2764 3361 3071 3430 quempiam
3099 3361 3394 3432 insignem;

171 3449 257 3502 sed
309 3450 450 3516 apud
511 3447 791 3502 Simonem
848 3447 1144 3502 coriarium
1179 3446 1516 3509 diversatnr,
1547 3460 1726 3514 neque
1765 3445 1898 3499 viles
1929 3459 2217 3500 actenucs
2242 3464 2508 3516 spernens
2577 3462 2751 3519 atque
2801 3461 3177 3519 contemnens,
3222 3452 3398 3524 neq‘he

174 3549 444 3610 magnates
471 3541 648 3596 ell‘crri
677 3541 886 3595 sinens.

768 3633 1018 3688 ΚΕΦΑΛ.
1068 3631 1122 3686 ι’.

247 3726 423 3792 Ἀνὴρ
450 3725 517 3777 δέ
561 3737 651 3788 τις
674 3719 752 3795 ἦν
781 3724 851 3778 ἐν
878 3725 1205 3792 Καισαρείᾳ
1228 3724 1470 3792 ὀνόματι
1501 3721 1728 3789 Κορνή-

171 3819 314 3880 λιος,
355 3815 797 3885 ἑκατοντάρχης
838 3817 906 3870 ἐκ
935 3817 1185 3883 σπείρης
1215 3814 1324 3883 τῆς
1354 3811 1729 3881 καλουμένης

197 3908 490 3977 Ιταλικῆς,
1354 3954 1356 3958 .

233 3999 506 4066 Εὐσεϐὴς
539 3999 637 4053 καὶ
669 4000 1038 4068 φοϐούμενος
1062 3999 1171 4052 τὸν
1217 3997 1363 4052 Θεὸν
1406 3996 1527 4049 σὺν
1551 3995 1730 4049 παντὶ

171 4088 243 4153 τῷ
268 4091 411 4155 οἴκῳ
438 4093 648 4156 αὑτοῦ,
695 4091 881 4144 ποιῶν
923 4108 986 4144 τε
1028 4089 1449 4157 ἐλεημοσύνας
1493 4084 1730 4149 πολλὰς

171 4181 244 4243 τῷ
271 4182 417 4246 λαῷ,
451 4183 549 4236 καὶ
581 4182 864 4250 δεόμενος
909 4181 1015 4234 τοῦ
1049 4181 1193 4233 Θεοῦ
1241 4178 1582 4242 διαπαντός.

237 4269 414 4326 Εἶδεν
447 4273 517 4326 ἐν
565 4272 815 4342 ὁράματι
851 4271 1120 4341 φανερῶς
1145 4271 1226 4335 ὠς
1254 4272 1341 4335 εἰς
1369 4268 1528 4338 ὤραν
1558 4270 1603 4300 ⁸⁵
1631 4270 1728 4321 ἐν-

171 4366 350 4433 νάτην
377 4366 490 4434 τῆς
514 4366 760 4434 ἡμέρας.
792 4363 1050 4433 ἄγγελον
1076 4365 1178 4418 τοῦ
1216 4363 1363 4416 Θεοῦ
1378 4363 1730 4439 εἰσελθόντα

173 4458 311 4521 πρὸς
343 4459 531 4508 αὑτὸν
563 4455 660 4507 καὶ
692 4455 940 4507 εἰπόντα
981 4451 1160 4516 αὐτῷ·
1203 4449 1515 4518 Κορνήλιε.

243 4549 295 4598 Ὀ
341 4547 409 4600 δὲ
443 4547 728 4609 ἀτενίσας
764 4545 925 4608 αὐτῷ
973 4544 1070 4597 καὶ
1102 4543 1359 4612 ἔμφοϐος
1394 4542 1714 4609 γενόμενος

171 4633 312 4688 εἶπε·
342 4642 402 4692 Τί
419 4640 571 4703 ἐστι,
595 4639 768 4706 Κύριε
792 4653 811 4701 ;
840 4637 987 4691 Eine
1012 4637 1078 4688 δὲ
1100 4632 1279 4698 αὐτῷ’
1303 4636 1367 4686 Al
1399 4635 1731 4700 προσευχαί

173 4729 404 4784 σουκαὶ
438 4733 497 4782 al
528 4731 927 4805 ἐλεημοσύναι
974 4742 1089 4780 σου
1118 4725 1424 4790 ἀνέϐησαν
1476 4725 1563 4786 εὶς
1579 4740 1730 4791 μνηο

169 4819 436 4882 μόσυνον
462 4819 720 4872 ἐνώπιον
744 4818 850 4871 τοῦ
878 4817 1050 4870 Θεοῦ.

237 4910 340 4963 Καὶ
383 4909 502 4963 νῦν
529 4909 770 4979 πέμψον
801 4911 886 4974 εὶς
925 4909 1165 4972 Ἰόππην
1197 4905 1439 4971 ἄνδρας,
1483 4903 1580 4957 καὶ
1623 4919 1724 4970 με·

175 4997 466 5068 τάπεμψαι
502 5001 738 5068 Σίμωνα
766 4999 873 5052 τὸν
906 4998 1382 5066 ἐπικαλούμενον
1407 4995 1648 5060 Πέτρον.

239 5084 425 5156 Οὗτος
474 5087 756 5152 ξενίζεται
797 5086 958 5154 παρά
991 5103 1102 5140 τινι
1151 5088 1366 5153 Σίμωνι
1405 5082 1644 5151 βυρσεῖ,
1679 5081 1725 5147 ᾧ

175 5177 330 5229 ἐστιν
352 5182 510 5232 οἰκία
535 5174 704 5244 ’παρὰ
734 5177 1058 5230 θάλασσαν
1086 5178 1159 5230 ⁸⁵.

249 5267 340 5328 Ὠς
374 5269 443 5320 δὲ
470 5269 745 5336 ἀπῆλθεν
795 5271 826 5321 o'
875 5266 1150 5336 ἅγγελος,
1182 5269 1214 5318 ὀ
1245 5265 1451 5321 λαλῶν
1478 5265 1558 5327 τῷ
1589 5267 1732 5330 Κορ·

2429 3629 2654 3686 CAPUT
2732 3629 2802 3685 Χ.

1905 3715 2072 3773 νεεδ.
2103 3718 2156 3772 1.
2188 3718 2320 3773 Erat
2345 3730 2520 3774 autem
2540 3721 2803 3778 Caesareae
2835 3725 2912 3791 uir
2939 3725 3152 3794 quidam
3193 3729 3398 3785 nomine

1833 3809 2133 3878 Cornelius,
2166 3815 2400 3892 centurio
2441 3812 2506 3865 de
2547 3813 2756 3866 cohorte
2789 3829 2906 3882 qua:
2938 3815 3222 3870 vocabatur
3276 3816 3398 3872 Ita-

1829 3905 1957 3974 lica,

1909 3992 2069 4048 Vens.
2102 3993 2156 4046 2.
2183 3991 2310 4046 Pius
2336 4008 2401 4045 ac
2427 3991 2730 4061 religiosus,
2756 3990 3028 4063 Deumque
3066 3995 3251 4050 timens
3278 4013 3394 4050 cum

1846 4093 2085 4136 tota-sua
2126 4084 2340 4150 familia
2372 4124 2386 4148 ,
2413 4100 2476 4134 ac
2506 4083 2700 4136 multas
2723 4082 3078 4150 plebifaciens
3112 4085 3392 4156 eleemosy-

1836 4189 1955 4236 nas,
2001 4169 2266 4242 Deumque
2295 4173 2621 4225 continenter
2655 4188 2837 4226 orans.
3363 4193 3367 4198 '

1835 4319 1838 4322 ι
1905 4264 2072 4321 Vens.
2136 4265 2190 4317 5.
2243 4262 2296 4316 Is
2348 4261 2478 4316 vidit
2531 4278 2622 4331 per
2660 4263 2827 4315 visum
2855 4263 3131 4332 manifeste
3164 4263 3272 4332 [ere
3328 4268 3396 4317 ad

1831 4358 2012 4410 harant
2037 4356 2138 4409 diei
2159 4371 2372 4418 nonam,
2409 4353 2652 4423 angelum
2702 4353 2796 4406 Dei
2834 4354 3206 4423 ingredientem
3233 4355 3303 4408 ad
3322 4372 3397 4424 se,

1833 4466 1895 4502 ac
1921 4450 2176 4501 dicentem
2202 4447 2343 4500 sibi:
2366 4445 2626 4500 Cornelie.

1906 4518 2073 4593 Vens.
2132 4539 2185 4591 4.
2215 4539 2283 4591 At
2313 4538 2405 4591 ille
2438 4538 2703 4590 contuitus
2747 4552 2863 4589 eum
2893 4552 2956 4589 ac
2992 4539 3395 4608 perterrefactus

1837 4632 1973 4684 dixit
2006 4645 2022 4682 :
2060 4629 2199 4692 Quid
2240 4638 2338 4689 est,
2374 4627 2638 4680 Domine?
2677 4625 2778 4678 Ille
2806 4626 2943 4678 dixit
2991 4628 3084 4680 ei:
3117 4627 3396 4684 Orationes

1833 4729 1934 4770 tuae
1963 4728 2011 4770 et
2070 4716 2410 4781 elremosyna:
2470 4724 2574 4767 tua:
2605 4713 2950 4766 ascenderunt
2981 4714 3038 4766 in
3083 4717 3393 4768 memoriam

1833 4819 2012 4862 coriam
2045 4808 2170 4858 Deo.

1905 4896 2068 4950 Vens.
2105 4896 2154 4948 5.
2190 4897 2263 4948 Ac
2290 4912 2426 4948 nunc
2455 4898 2597 4949 mitte
2620 4897 2672 4948 in
2695 4895 2898 4966 Joppen
2930 4898 3086 4960 viros,
3114 4905 3163 4949 et
3190 4912 3394 4951 accerse

1755 4973 1798 5028 D
1827 4989 2116 5051 Simonem,
2155 5000 2496 5056 cognomento
2524 4986 2762 5040 Petrum.

1898 5079 2120 5133 Vens.6.
2157 5079 2258 5130 llic
2283 5079 2434 5130 habet
2462 5079 2742 5144 hospitium
2767 5077 2906 5144 apud
2934 5077 3196 5132 Simonem
3217 5096 3394 5147 quem-

1831 5172 1956 5222 dam
1983 5169 2302 5229 coriarium,
2338 5169 2427 5236 qui
2489 5168 2638 5220 habet
2674 5169 2999 5222 domicilium
3032 5171 3194 5239 juxta
3226 5185 3388 5220 utare.

1910 5256 2075 5312 Vens.
2111 5257 2160 5310 7.
2191 5256 2256 5309 Ut
2285 5269 2459 5310 autem
2484 5260 2615 5312 nbiit
2649 5261 2888 5330 angelus,
2919 5263 3009 5330 qui
3040 5262 3242 5315 locutus
3274 5269 3388 5312 erat

1340 5427 1539 5487 Variae
1587 5423 1890 5486 lectiones
1936 5432 1996 5486 et
2041 5433 2231 5488 notae.

240 5575 279 5605 ⁸¹
309 5572 946 5642 Προσκαλούμενοιέναι.
1024 5575 1151 5605 ⁸³⁸³³
1183 5576 1269 5626 τσ.
1292 5572 1559 5625 σκύλλειν.
1633 5571 1736 5642 ⁸³]

1840 5571 2023 5641 πίθοιο
2048 5581 2141 5632 est,
2175 5572 2302 5642 ὦσε)
2344 5570 2510 5639 ὥραν.

2611 5569 2654 5599 ss
2677 5567 2739 5621 In
2771 5540 2974 5637 vulgato
3009 5569 3089 5620 hic
3129 5564 3394 5637 addunt“?

180 5644 275 5697 lure
296 5635 440 5698 verba
468 5662 485 5697 :
513 5635 665 5703 οὗτος
696 5643 917 5713 λαλῄσει
952 5659 1034 5695 σοι
1080 5644 1131 5694 τι
1167 5661 1225 5694 σε
1259 5644 1338 5695 δεῖ
1387 5643 1586 5694 ποιεῖν·
1625 5659 1642 5713 ι
1681 5641 1736 5694 Hi

1840 5635 2040 5713 iquetur
2077 5643 2168 5692 tibi
2212 5641 2338 5713 quid
2371 5635 2418 5690 te
2455 5647 2688 5713 oporteat
2723 5635 2911 5713 facere.
2934 5637 3111 5713 Δ»βοά
3141 5652 3238 5686 non
3260 5635 3393 5713 sit":

183 5715 229 5763 in
250 5726 435 5768 uetusto
460 5714 744 5779 exemplari
775 5705 956 5767 Grteco
978 5717 1546 5780 manuscripto:atque
1569 5712 1729 5766 etiam
1773 5711 1855 5763 hic
1870 5705 2024 5764 locus
2054 5713 2129 5762 ita
2178 5705 2464 5777 explicatur
2489 5705 2547 5759 in
2581 5705 2814 5775 sequenti
2870 5708 3080 5768 scholia,
3119 5706 3268 5772 quasi
3311 5705 3392 5755 Ιιω

182 5797 310 5837 vaces
341 5795 530 5854 septem
557 5800 656 5838 non
677 5785 889 5837 debeant
925 5798 1032 5835 esse
1054 5783 1292 5848 adjectw.
