  <div class='ocr_page' id='page_1' title='image "/cluster/home/n/w/nwhite01/storage/ocr_20150623/125/pst.000005714407/357.png"; bbox 0 0 4064 6340; ppageno 0'>
   <div class='ocr_carea' id='block_1_1' title="bbox 1559 379 2984 452">
    <p class='ocr_par' dir='ltr' id='par_1_1' title="bbox 1559 379 2984 452">
     <span class='ocr_line' id='line_1_1' title="bbox 1559 379 2984 452; baseline 0 -10"><span class='ocrx_word' id='word_1_1' title='bbox 1559 381 2135 452; x_wconf 64' lang='lat' dir='ltr'><strong>THEOPHYLACTJ</strong></span> <span class='ocrx_word' id='word_1_2' title='bbox 2171 379 2585 439; x_wconf 79' lang='lat' dir='ltr'><strong>BULGARI/E</strong></span> <span class='ocrx_word' id='word_1_3' title='bbox 2628 380 2984 442; x_wconf 73' lang='lat' dir='ltr'><strong>ARCHIEP.</strong></span> 
     </span>
    </p>
   </div>
   <div class='ocr_carea' id='block_1_2' title="bbox 3788 388 3888 450">
    <p class='ocr_par' dir='ltr' id='par_1_2' title="bbox 3788 388 3888 450">
     <span class='ocr_line' id='line_1_2' title="bbox 3788 388 3888 450; baseline -0.01 -1"><span class='ocrx_word' id='word_1_4' title='bbox 3788 388 3888 450; x_wconf 69' lang='grc'><strong>656</strong></span> 
     </span>
    </p>
   </div>
   <div class='ocr_carea' id='block_1_3' title="bbox 591 496 2224 573">
    <p class='ocr_par' dir='ltr' id='par_1_3' title="bbox 591 497 2212 573">
     <span class='ocr_line' id='line_1_3' title="bbox 591 497 2212 573; baseline -0.006 -15"><span class='ocrx_word' id='word_1_5' title='bbox 591 569 598 573; x_wconf 34' lang='grc'><strong>,</strong></span> <span class='ocrx_word' id='word_1_6' title='bbox 646 500 921 566; x_wconf 75' lang='lat' dir='ltr'><strong>Cornelio,</strong></span> <span class='ocrx_word' id='word_1_7' title='bbox 947 514 1064 552; x_wconf 78' lang='lat' dir='ltr'><strong>rant</strong></span> <span class='ocrx_word' id='word_1_8' title='bbox 1107 508 1339 553; x_wconf 79' lang='lat' dir='ltr'><strong>uocasset</strong></span> <span class='ocrx_word' id='word_1_9' title='bbox 1375 497 1504 552; x_wconf 83' lang='lat' dir='ltr'><strong>duos</strong></span> <span class='ocrx_word' id='word_1_10' title='bbox 1543 515 1716 553; x_wconf 72' lang='lat' dir='ltr'><strong>servos</strong></span> <span class='ocrx_word' id='word_1_11' title='bbox 1765 515 1914 561; x_wconf 85' lang='lat' dir='ltr'><strong>suos,</strong></span> <span class='ocrx_word' id='word_1_12' title='bbox 1949 507 1998 552; x_wconf 88' lang='lat' dir='ltr'><strong>et</strong></span> <span class='ocrx_word' id='word_1_13' title='bbox 2032 511 2104 567; x_wconf 69' lang='lat' dir='ltr'><strong>ex</strong></span> <span class='ocrx_word' id='word_1_14' title='bbox 2126 498 2212 560; x_wconf 86' lang='lat' dir='ltr'><strong>iis,</strong></span> 
     </span>
    </p>
   </div>
   <div class='ocr_carea' id='block_1_4' title="bbox 2327 496 3885 573">
    <p class='ocr_par' dir='ltr' id='par_1_4' title="bbox 2327 496 3885 566">
     <span class='ocr_line' id='line_1_4' title="bbox 2327 496 3885 566; baseline 0.004 -18"><span class='ocrx_word' id='word_1_15' title='bbox 2327 497 2526 564; x_wconf 71' lang='grc' dir='ltr'><em>νηλίῳ,</em></span> <span class='ocrx_word' id='word_1_16' title='bbox 2582 496 2874 566; x_wconf 80' lang='grc' dir='ltr'><em>ςοωνήσας</em></span> <span class='ocrx_word' id='word_1_17' title='bbox 2929 496 3039 551; x_wconf 78' lang='grc' dir='ltr'><strong>δύο</strong></span> <span class='ocrx_word' id='word_1_18' title='bbox 3099 497 3215 552; x_wconf 84' lang='grc' dir='ltr'><strong>τῶν</strong></span> <span class='ocrx_word' id='word_1_19' title='bbox 3260 499 3507 554; x_wconf 70' lang='grc' dir='ltr'><em>οἰκετῶν</em></span> <span class='ocrx_word' id='word_1_20' title='bbox 3559 503 3744 556; x_wconf 84' lang='grc' dir='ltr'><em>αὐτοῦ</em></span> <span class='ocrx_word' id='word_1_21' title='bbox 3793 506 3885 555; x_wconf 74' lang='lat' dir='ltr'><strong>xal</strong></span> 
     </span>
    </p>
   </div>
   <div class='ocr_carea' id='block_1_5' title="bbox 646 588 2223 666">
    <p class='ocr_par' dir='ltr' id='par_1_5' title="bbox 646 588 2223 666">
     <span class='ocr_line' id='line_1_5' title="bbox 646 588 2223 666; baseline -0.006 -17"><span class='ocrx_word' id='word_1_22' title='bbox 646 595 737 666; x_wconf 78' lang='lat' dir='ltr'><strong>qui</strong></span> <span class='ocrx_word' id='word_1_23' title='bbox 767 594 869 648; x_wconf 80' lang='lat' dir='ltr'><strong>sibi</strong></span> <span class='ocrx_word' id='word_1_24' title='bbox 896 592 1151 660; x_wconf 85' lang='lat' dir='ltr'><strong>parebant</strong></span> <span class='ocrx_word' id='word_1_25' title='bbox 1201 608 1263 644; x_wconf 89' lang='lat' dir='ltr'><strong>ac</strong></span> <span class='ocrx_word' id='word_1_26' title='bbox 1290 602 1483 660; x_wconf 69' lang='lat' dir='ltr'><strong>priest.)</strong></span> <span class='ocrx_word' id='word_1_27' title='bbox 1515 593 1841 645; x_wconf 72' lang='lat' dir='ltr'><strong>continenter</strong></span> <span class='ocrx_word' id='word_1_28' title='bbox 1878 598 2051 653; x_wconf 85' lang='lat' dir='ltr'><strong>erant,</strong></span> <span class='ocrx_word' id='word_1_29' title='bbox 2081 588 2223 641; x_wconf 89' lang='lat' dir='ltr'><strong>mili-</strong></span> 
     </span>
    </p>
   </div>
   <div class='ocr_carea' id='block_1_6' title="bbox 648 687 1107 756">
    <p class='ocr_par' dir='ltr' id='par_1_6' title="bbox 648 687 1107 756">
     <span class='ocr_line' id='line_1_6' title="bbox 648 687 1107 756; baseline -0.013 -14"><span class='ocrx_word' id='word_1_30' title='bbox 648 702 750 742; x_wconf 84' lang='lat' dir='ltr'><strong>tem</strong></span> <span class='ocrx_word' id='word_1_31' title='bbox 779 687 1107 756; x_wconf 81' lang='lat' dir='ltr'><strong>religiosum,</strong></span> 
     </span>
    </p>
   </div>
   <div class='ocr_carea' id='block_1_7' title="bbox 576 771 2221 858">
    <p class='ocr_par' dir='ltr' id='par_1_7' title="bbox 576 771 2221 858">
     <span class='ocr_line' id='line_1_7' title="bbox 576 771 2221 858; baseline -0.007 -24"><span class='ocrx_word' id='word_1_32' title='bbox 576 809 605 858; x_wconf 29' lang='grc' dir='ltr'><strong>ἓ»</strong></span> <span class='ocrx_word' id='word_1_33' title='bbox 724 776 894 833; x_wconf 78' lang='lat' dir='ltr'><strong>Vna.</strong></span> <span class='ocrx_word' id='word_1_34' title='bbox 919 776 970 833; x_wconf 86' lang='lat'><strong>8.</strong></span> <span class='ocrx_word' id='word_1_35' title='bbox 1006 773 1069 829; x_wconf 86' lang='lat' dir='ltr'><strong>Et</strong></span> <span class='ocrx_word' id='word_1_36' title='bbox 1105 776 1283 830; x_wconf 88' lang='lat' dir='ltr'><strong>omnia</strong></span> <span class='ocrx_word' id='word_1_37' title='bbox 1309 775 1382 830; x_wconf 88' lang='lat' dir='ltr'><strong>eis</strong></span> <span class='ocrx_word' id='word_1_38' title='bbox 1411 774 1760 845; x_wconf 69' lang='lat' dir='ltr'><strong>exposuisset,</strong></span> <span class='ocrx_word' id='word_1_39' title='bbox 1793 773 1940 828; x_wconf 86' lang='lat' dir='ltr'><strong>misit</strong></span> <span class='ocrx_word' id='word_1_40' title='bbox 1963 789 2052 829; x_wconf 89' lang='lat' dir='ltr'><strong>eos</strong></span> <span class='ocrx_word' id='word_1_41' title='bbox 2085 771 2221 843; x_wconf 71' lang='lat' dir='ltr'><strong>Iop-</strong></span> 
     </span>
    </p>
   </div>
   <div class='ocr_carea' id='block_1_8' title="bbox 572 867 2097 941">
    <p class='ocr_par' dir='ltr' id='par_1_8' title="bbox 572 867 2097 941">
     <span class='ocr_line' id='line_1_8' title="bbox 572 867 2097 941; baseline -0.003 -17"><span class='ocrx_word' id='word_1_42' title='bbox 572 868 598 931; x_wconf 57' lang='grc' dir='ltr'>ᾗ</span> <span class='ocrx_word' id='word_1_43' title='bbox 647 888 770 941; x_wconf 72' lang='grc' dir='ltr'><em>ρτιι.</em></span> <span class='ocrx_word' id='word_1_44' title='bbox 1054 899 1067 905; x_wconf 86' lang='lat'><strong>-</strong></span> <span class='ocrx_word' id='word_1_45' title='bbox 2094 867 2097 870; x_wconf 74' lang='grc'><em>’</em></span> 
     </span>
    </p>
   </div>
   <div class='ocr_carea' id='block_1_9' title="bbox 571 957 2222 1029">
    <p class='ocr_par' dir='ltr' id='par_1_9' title="bbox 571 957 2222 1029">
     <span class='ocr_line' id='line_1_9' title="bbox 571 957 2222 1029; baseline -0.004 -13"><span class='ocrx_word' id='word_1_46' title='bbox 571 967 580 1016; x_wconf 81' lang='grc' dir='ltr'><strong>ζ·</strong></span> <span class='ocrx_word' id='word_1_47' title='bbox 721 962 818 1018; x_wconf 81' lang='lat' dir='ltr'><strong>Hic</strong></span> <span class='ocrx_word' id='word_1_48' title='bbox 843 977 955 1016; x_wconf 88' lang='lat' dir='ltr'><strong>non</strong></span> <span class='ocrx_word' id='word_1_49' title='bbox 985 968 1073 1017; x_wconf 89' lang='lat' dir='ltr'><strong>est</strong></span> <span class='ocrx_word' id='word_1_50' title='bbox 1107 959 1347 1025; x_wconf 67' lang='lat' dir='ltr'><strong>Iudaeus,</strong></span> <span class='ocrx_word' id='word_1_51' title='bbox 1380 973 1559 1028; x_wconf 89' lang='lat' dir='ltr'><strong>neque</strong></span> <span class='ocrx_word' id='word_1_52' title='bbox 1592 973 1657 1014; x_wconf 83' lang='lat' dir='ltr'><strong>ex</strong></span> <span class='ocrx_word' id='word_1_53' title='bbox 1688 957 1774 1026; x_wconf 87' lang='lat' dir='ltr'><strong>iis,</strong></span> <span class='ocrx_word' id='word_1_54' title='bbox 1803 959 1894 1028; x_wconf 87' lang='lat' dir='ltr'><strong>qui</strong></span> <span class='ocrx_word' id='word_1_55' title='bbox 1925 958 2035 1029; x_wconf 73' lang='lat'><strong>87</strong></span> <span class='ocrx_word' id='word_1_56' title='bbox 2066 965 2222 1011; x_wconf 87' lang='lat' dir='ltr'><strong>erant</strong></span> 
     </span>
    </p>
   </div>
   <div class='ocr_carea' id='block_1_10' title="bbox 569 1050 2228 1138">
    <p class='ocr_par' dir='ltr' id='par_1_10' title="bbox 569 1050 2228 1138">
     <span class='ocr_line' id='line_1_10' title="bbox 569 1050 2228 1138; baseline -0.003 -29"><span class='ocrx_word' id='word_1_57' title='bbox 569 1069 603 1138; x_wconf 52' lang='grc' dir='ltr'>ξ</span> <span class='ocrx_word' id='word_1_58' title='bbox 645 1055 749 1109; x_wconf 85' lang='lat' dir='ltr'><strong>sub</strong></span> <span class='ocrx_word' id='word_1_59' title='bbox 772 1054 886 1124; x_wconf 77' lang='lat' dir='ltr'><strong>lege</strong></span> <span class='ocrx_word' id='word_1_60' title='bbox 910 1071 925 1107; x_wconf 91' lang='lat'>:</span> <span class='ocrx_word' id='word_1_61' title='bbox 945 1053 1038 1108; x_wconf 89' lang='lat' dir='ltr'><strong>sed</strong></span> <span class='ocrx_word' id='word_1_62' title='bbox 1059 1052 1171 1124; x_wconf 87' lang='lat' dir='ltr'><strong>jam</strong></span> <span class='ocrx_word' id='word_1_63' title='bbox 1194 1061 1352 1106; x_wconf 89' lang='lat' dir='ltr'><strong>antea</strong></span> <span class='ocrx_word' id='word_1_64' title='bbox 1375 1060 2088 1122; x_wconf 65' lang='lat' dir='ltr'><strong>praeoccupaveratnostrum</strong></span> <span class='ocrx_word' id='word_1_65' title='bbox 2105 1050 2228 1104; x_wconf 71' lang='lat' dir='ltr'><strong>vita:</strong></span> 
     </span>
    </p>
   </div>
   <div class='ocr_carea' id='block_1_11' title="bbox 647 1139 2223 1210">
    <p class='ocr_par' dir='ltr' id='par_1_11' title="bbox 647 1139 2223 1210">
     <span class='ocr_line' id='line_1_11' title="bbox 647 1139 2223 1210; baseline -0.003 -13"><span class='ocrx_word' id='word_1_66' title='bbox 647 1144 961 1199; x_wconf 86' lang='lat' dir='ltr'><strong>institutum</strong></span> <span class='ocrx_word' id='word_1_67' title='bbox 991 1161 1007 1199; x_wconf 90' lang='lat'>:</span> <span class='ocrx_word' id='word_1_68' title='bbox 1036 1157 1102 1198; x_wconf 87' lang='lat' dir='ltr'><strong>ac</strong></span> <span class='ocrx_word' id='word_1_69' title='bbox 1127 1141 1237 1196; x_wconf 90' lang='lat' dir='ltr'><strong>duo</strong></span> <span class='ocrx_word' id='word_1_70' title='bbox 1272 1141 1489 1195; x_wconf 77' lang='lat' dir='ltr'><strong>interim</strong></span> <span class='ocrx_word' id='word_1_71' title='bbox 1527 1142 1757 1196; x_wconf 83' lang='lat' dir='ltr'><strong>credunt</strong></span> <span class='ocrx_word' id='word_1_72' title='bbox 1790 1156 1855 1196; x_wconf 84' lang='lat' dir='ltr'><strong>ex</strong></span> <span class='ocrx_word' id='word_1_73' title='bbox 1888 1141 1976 1196; x_wconf 89' lang='lat' dir='ltr'><strong>iis.</strong></span> <span class='ocrx_word' id='word_1_74' title='bbox 2011 1140 2104 1210; x_wconf 85' lang='lat' dir='ltr'><strong>qui</strong></span> <span class='ocrx_word' id='word_1_75' title='bbox 2136 1139 2223 1193; x_wconf 87' lang='lat' dir='ltr'><strong>di-</strong></span> 
     </span>
    </p>
   </div>
   <div class='ocr_carea' id='block_1_12' title="bbox 648 1231 2224 1306">
    <p class='ocr_par' dir='ltr' id='par_1_12' title="bbox 648 1231 2224 1306">
     <span class='ocr_line' id='line_1_12' title="bbox 648 1231 2224 1306; baseline -0.004 -16"><span class='ocrx_word' id='word_1_76' title='bbox 648 1239 856 1306; x_wconf 82' lang='lat' dir='ltr'><strong>gnitate</strong></span> <span class='ocrx_word' id='word_1_77' title='bbox 877 1232 1091 1305; x_wconf 56' lang='lat' dir='ltr'><strong>praediti</strong></span> <span class='ocrx_word' id='word_1_78' title='bbox 1118 1240 1294 1298; x_wconf 87' lang='lat' dir='ltr'><strong>erant,</strong></span> <span class='ocrx_word' id='word_1_79' title='bbox 1317 1239 1555 1301; x_wconf 68' lang='lat' dir='ltr'><strong>quaestor</strong></span> <span class='ocrx_word' id='word_1_80' title='bbox 1576 1231 1826 1287; x_wconf 81' lang='lat' dir='ltr'><strong>videlicet</strong></span> <span class='ocrx_word' id='word_1_81' title='bbox 1852 1231 2224 1300; x_wconf 64' lang='lat' dir='ltr'><strong>Ethiopissae,</strong></span> 
     </span>
    </p>
   </div>
   <div class='ocr_carea' id='block_1_13' title="bbox 649 1320 2225 1390">
    <p class='ocr_par' dir='ltr' id='par_1_13' title="bbox 649 1320 2225 1390">
     <span class='ocr_line' id='line_1_13' title="bbox 649 1320 2225 1390; baseline -0.006 -9"><span class='ocrx_word' id='word_1_82' title='bbox 649 1327 843 1381; x_wconf 87' lang='lat' dir='ltr'><strong>et-bic.</strong></span> <span class='ocrx_word' id='word_1_83' title='bbox 886 1323 1016 1378; x_wconf 85' lang='lat' dir='ltr'><strong>Pius</strong></span> <span class='ocrx_word' id='word_1_84' title='bbox 1047 1339 1112 1376; x_wconf 86' lang='lat' dir='ltr'><strong>ac</strong></span> <span class='ocrx_word' id='word_1_85' title='bbox 1153 1324 1342 1376; x_wconf 86' lang='lat' dir='ltr'><strong>timens</strong></span> <span class='ocrx_word' id='word_1_86' title='bbox 1383 1321 1552 1375; x_wconf 87' lang='lat' dir='ltr'><strong>Deum</strong></span> <span class='ocrx_word' id='word_1_87' title='bbox 1581 1337 1698 1376; x_wconf 86' lang='lat' dir='ltr'><strong>cum</strong></span> <span class='ocrx_word' id='word_1_88' title='bbox 1729 1330 1840 1374; x_wconf 90' lang='lat' dir='ltr'><strong>tota</strong></span> <span class='ocrx_word' id='word_1_89' title='bbox 1871 1320 2078 1390; x_wconf 81' lang='lat' dir='ltr'><strong>familia</strong></span> <span class='ocrx_word' id='word_1_90' title='bbox 2107 1336 2225 1372; x_wconf 85' lang='lat' dir='ltr'><strong>sua.</strong></span> 
     </span>
    </p>
   </div>
   <div class='ocr_carea' id='block_1_14' title="bbox 648 1409 2228 1483">
    <p class='ocr_par' dir='ltr' id='par_1_14' title="bbox 648 1409 2228 1483">
     <span class='ocr_line' id='line_1_14' title="bbox 648 1409 2228 1483; baseline -0.007 -12"><span class='ocrx_word' id='word_1_91' title='bbox 648 1416 952 1471; x_wconf 75' lang='lat' dir='ltr'><strong>Audiamus</strong></span> <span class='ocrx_word' id='word_1_92' title='bbox 978 1413 1072 1483; x_wconf 86' lang='lat' dir='ltr'><strong>qui</strong></span> <span class='ocrx_word' id='word_1_93' title='bbox 1103 1410 1399 1466; x_wconf 78' lang='lat' dir='ltr'><strong>familiares</strong></span> <span class='ocrx_word' id='word_1_94' title='bbox 1428 1425 1492 1464; x_wconf 91' lang='lat' dir='ltr'><strong>ac</strong></span> <span class='ocrx_word' id='word_1_95' title='bbox 1520 1409 1851 1464; x_wconf 88' lang='lat' dir='ltr'><strong>domesticos</strong></span> <span class='ocrx_word' id='word_1_96' title='bbox 1878 1419 2094 1464; x_wconf 89' lang='lat' dir='ltr'><strong>nostros</strong></span> <span class='ocrx_word' id='word_1_97' title='bbox 2131 1423 2228 1461; x_wconf 85' lang='lat' dir='ltr'><strong>ne-</strong></span> 
     </span>
    </p>
   </div>
   <div class='ocr_carea' id='block_1_15' title="bbox 649 1500 2226 1578">
    <p class='ocr_par' dir='ltr' id='par_1_15' title="bbox 649 1500 2226 1578">
     <span class='ocr_line' id='line_1_15' title="bbox 649 1500 2226 1578; baseline -0.004 -18"><span class='ocrx_word' id='word_1_98' title='bbox 649 1507 900 1578; x_wconf 76' lang='lat' dir='ltr'><strong>gligimus</strong></span> <span class='ocrx_word' id='word_1_99' title='bbox 939 1522 955 1559; x_wconf 90' lang='lat'><strong>:</strong></span> <span class='ocrx_word' id='word_1_100' title='bbox 994 1511 1050 1558; x_wconf 89' lang='lat' dir='ltr'><strong>at</strong></span> <span class='ocrx_word' id='word_1_101' title='bbox 1083 1501 1171 1558; x_wconf 86' lang='lat' dir='ltr'><strong>hic</strong></span> <span class='ocrx_word' id='word_1_102' title='bbox 1198 1502 1360 1557; x_wconf 89' lang='lat' dir='ltr'><strong>etiam</strong></span> <span class='ocrx_word' id='word_1_103' title='bbox 1394 1500 1460 1557; x_wconf 92' lang='lat' dir='ltr'><strong>de</strong></span> <span class='ocrx_word' id='word_1_104' title='bbox 1496 1500 2053 1564; x_wconf 85' lang='lat' dir='ltr'><strong>militibus_sollieitus</strong></span> <span class='ocrx_word' id='word_1_105' title='bbox 2090 1507 2226 1554; x_wconf 88' lang='lat' dir='ltr'><strong>erat.</strong></span> 
     </span>
    </p>
   </div>
   <div class='ocr_carea' id='block_1_16' title="bbox 650 1588 2229 1662">
    <p class='ocr_par' dir='ltr' id='par_1_16' title="bbox 650 1588 2229 1662">
     <span class='ocr_line' id='line_1_16' title="bbox 650 1588 2229 1662; baseline -0.005 -12"><span class='ocrx_word' id='word_1_106' title='bbox 650 1596 903 1650; x_wconf 74' lang='lat' dir='ltr'><strong>Centurio</strong></span> <span class='ocrx_word' id='word_1_107' title='bbox 960 1595 1025 1650; x_wconf 84' lang='lat' dir='ltr'><strong>de</strong></span> <span class='ocrx_word' id='word_1_108' title='bbox 1069 1595 1275 1648; x_wconf 78' lang='lat' dir='ltr'><strong>cohorte</strong></span> <span class='ocrx_word' id='word_1_109' title='bbox 1310 1609 1425 1662; x_wconf 78' lang='lat' dir='ltr'><strong>aute</strong></span> <span class='ocrx_word' id='word_1_110' title='bbox 1455 1592 1742 1646; x_wconf 83' lang='lat' dir='ltr'><strong>uocabatur</strong></span> <span class='ocrx_word' id='word_1_111' title='bbox 1770 1591 1984 1644; x_wconf 86' lang='lat' dir='ltr'><strong>Italica.</strong></span> <span class='ocrx_word' id='word_1_112' title='bbox 2019 1588 2090 1643; x_wconf 87' lang='lat' dir='ltr'><strong>De</strong></span> <span class='ocrx_word' id='word_1_113' title='bbox 2114 1603 2229 1642; x_wconf 83' lang='lat' dir='ltr'><strong>ma-</strong></span> 
     </span>
    </p>
   </div>
   <div class='ocr_carea' id='block_1_17' title="bbox 651 1679 2230 1760">
    <p class='ocr_par' dir='ltr' id='par_1_17' title="bbox 651 1679 2230 1760">
     <span class='ocr_line' id='line_1_17' title="bbox 651 1679 2230 1760; baseline -0.006 -18"><span class='ocrx_word' id='word_1_114' title='bbox 651 1705 756 1760; x_wconf 71' lang='lat' dir='ltr'><strong>gna</strong></span> <span class='ocrx_word' id='word_1_115' title='bbox 814 1689 960 1744; x_wconf 90' lang='lat' dir='ltr'><strong>enim</strong></span> <span class='ocrx_word' id='word_1_116' title='bbox 1011 1685 1238 1742; x_wconf 82' lang='lat' dir='ltr'><strong>cohorte</strong></span> <span class='ocrx_word' id='word_1_117' title='bbox 1288 1693 1443 1751; x_wconf 89' lang='lat' dir='ltr'><strong>erat,</strong></span> <span class='ocrx_word' id='word_1_118' title='bbox 1497 1683 1709 1752; x_wconf 87' lang='lat' dir='ltr'><strong>inquit,</strong></span> <span class='ocrx_word' id='word_1_119' title='bbox 1760 1697 1880 1752; x_wconf 70' lang='lat' dir='ltr'><strong>qua:</strong></span> <span class='ocrx_word' id='word_1_120' title='bbox 1935 1679 2230 1736; x_wconf 81' lang='lat' dir='ltr'><strong>vocabatur</strong></span> 
     </span>
    </p>
   </div>
   <div class='ocr_carea' id='block_1_18' title="bbox 2325 586 3888 661">
    <p class='ocr_par' dir='ltr' id='par_1_18' title="bbox 2325 586 3888 661">
     <span class='ocr_line' id='line_1_18' title="bbox 2325 586 3888 661; baseline 0.003 -19"><span class='ocrx_word' id='word_1_121' title='bbox 2325 586 2700 656; x_wconf 75' lang='grc' dir='ltr'><strong>στρατιώτην</strong></span> <span class='ocrx_word' id='word_1_122' title='bbox 2776 586 3000 656; x_wconf 77' lang='grc' dir='ltr'><em>εὐσεϐῆ</em></span> <span class='ocrx_word' id='word_1_123' title='bbox 3079 589 3199 648; x_wconf 80' lang='grc' dir='ltr'><em>τῶν</em></span> <span class='ocrx_word' id='word_1_124' title='bbox 3283 593 3888 661; x_wconf 70' lang='grc' dir='ltr'><strong>προσκαρτερούντων</strong></span> 
     </span>
    </p>
   </div>
   <div class='ocr_carea' id='block_1_19' title="bbox 2324 675 2984 741">
    <p class='ocr_par' dir='ltr' id='par_1_19' title="bbox 2324 675 2984 741">
     <span class='ocr_line' id='line_1_19' title="bbox 2324 675 2984 741; baseline -0.005 0"><span class='ocrx_word' id='word_1_125' title='bbox 2324 678 2486 741; x_wconf 76' lang='grc' dir='ltr'><em>αὐτῷ</em></span> <span class='ocrx_word' id='word_1_126' title='bbox 2527 693 2539 706; x_wconf 92' lang='grc'><strong>·</strong></span> <span class='ocrx_word' id='word_1_127' title='bbox 2981 675 2984 680; x_wconf 86' lang='grc'><em>’</em></span> 
     </span>
    </p>
   </div>
   <div class='ocr_carea' id='block_1_20' title="bbox 2409 769 3888 843">
    <p class='ocr_par' dir='ltr' id='par_1_20' title="bbox 2409 769 3888 843">
     <span class='ocr_line' id='line_1_20' title="bbox 2409 769 3888 843; baseline 0.004 -20"><span class='ocrx_word' id='word_1_128' title='bbox 2409 770 2900 843; x_wconf 72' lang='grc' dir='ltr'><em>Ἔεητησάμενος</em></span> <span class='ocrx_word' id='word_1_129' title='bbox 2933 772 2980 804; x_wconf 84' lang='grc'><strong>⁸⁸</strong></span> <span class='ocrx_word' id='word_1_130' title='bbox 3007 772 3210 840; x_wconf 75' lang='grc' dir='ltr'><em>αὐτοῖς</em></span> <span class='ocrx_word' id='word_1_131' title='bbox 3247 769 3503 840; x_wconf 82' lang='grc' dir='ltr'><em>ἅπαντα,</em></span> <span class='ocrx_word' id='word_1_132' title='bbox 3534 773 3888 829; x_wconf 73' lang='grc' dir='ltr'><em>ἀπέστειλεν</em></span> 
     </span>
    </p>
   </div>
   <div class='ocr_carea' id='block_1_21' title="bbox 2325 862 3130 932">
    <p class='ocr_par' dir='ltr' id='par_1_21' title="bbox 2325 862 3130 932">
     <span class='ocr_line' id='line_1_21' title="bbox 2325 862 3130 932; baseline 0.002 -16"><span class='ocrx_word' id='word_1_133' title='bbox 2325 862 2548 928; x_wconf 80' lang='grc' dir='ltr'><em>αὐτοὺς</em></span> <span class='ocrx_word' id='word_1_134' title='bbox 2576 864 2663 929; x_wconf 80' lang='grc' dir='ltr'><strong>εις</strong></span> <span class='ocrx_word' id='word_1_135' title='bbox 2702 862 2816 932; x_wconf 79' lang='grc' dir='ltr'><em>τὴν</em></span> <span class='ocrx_word' id='word_1_136' title='bbox 2866 864 3130 931; x_wconf 80' lang='grc' dir='ltr'><em>Ἰόππην.</em></span> 
     </span>
    </p>
   </div>
   <div class='ocr_carea' id='block_1_22' title="bbox 2397 946 3886 1019">
    <p class='ocr_par' dir='ltr' id='par_1_22' title="bbox 2397 946 3886 1019">
     <span class='ocr_line' id='line_1_22' title="bbox 2397 946 3886 1019; baseline 0.003 -14"><span class='ocrx_word' id='word_1_137' title='bbox 2397 946 2564 1015; x_wconf 78' lang='grc' dir='ltr'><em>Οὗτος</em></span> <span class='ocrx_word' id='word_1_138' title='bbox 2592 951 2692 1006; x_wconf 80' lang='grc' dir='ltr'><strong>οὐκ</strong></span> <span class='ocrx_word' id='word_1_139' title='bbox 2733 953 2882 1006; x_wconf 79' lang='grc' dir='ltr'><em>ἐστιν</em></span> <span class='ocrx_word' id='word_1_140' title='bbox 2919 952 3189 1019; x_wconf 78' lang='grc' dir='ltr'><em>Ἰουδαῖος,</em></span> <span class='ocrx_word' id='word_1_141' title='bbox 3223 954 3345 1008; x_wconf 77' lang='grc' dir='ltr'><em>οὐδὲ</em></span> <span class='ocrx_word' id='word_1_142' title='bbox 3373 955 3483 1008; x_wconf 84' lang='grc' dir='ltr'><em>τῶν</em></span> <span class='ocrx_word' id='word_1_143' title='bbox 3528 955 3632 1008; x_wconf 72' lang='grc' dir='ltr'>ὑπὸ</span> <span class='ocrx_word' id='word_1_144' title='bbox 3668 956 3762 1010; x_wconf 73' lang='grc' dir='ltr'><em>τὸν</em></span> <span class='ocrx_word' id='word_1_145' title='bbox 3801 956 3886 1009; x_wconf 77' lang='grc' dir='ltr'><em>νό-</em></span> 
     </span>
    </p>
   </div>
   <div class='ocr_carea' id='block_1_23' title="bbox 2330 1045 3874 1118">
    <p class='ocr_par' dir='ltr' id='par_1_23' title="bbox 2330 1045 3874 1118">
     <span class='ocr_line' id='line_1_23' title="bbox 2330 1045 3874 1118; baseline 0.002 -20"><span class='ocrx_word' id='word_1_146' title='bbox 2330 1063 2448 1116; x_wconf 78' lang='grc' dir='ltr'><em>μονο</em></span> <span class='ocrx_word' id='word_1_147' title='bbox 2483 1045 2595 1098; x_wconf 82' lang='grc' dir='ltr'><em>ἀλλ’</em></span> <span class='ocrx_word' id='word_1_148' title='bbox 2626 1045 2729 1117; x_wconf 70' lang='grc' dir='ltr'><em>ήδη</em></span> <span class='ocrx_word' id='word_1_149' title='bbox 2761 1045 3080 1116; x_wconf 83' lang='grc' dir='ltr'><strong>προειλήφει</strong></span> <span class='ocrx_word' id='word_1_150' title='bbox 3120 1047 3217 1118; x_wconf 83' lang='grc' dir='ltr'><em>τὴν</em></span> <span class='ocrx_word' id='word_1_151' title='bbox 3261 1047 3538 1118; x_wconf 76' lang='grc' dir='ltr'><strong>ἡμετέραν</strong></span> <span class='ocrx_word' id='word_1_152' title='bbox 3581 1049 3874 1102; x_wconf 74' lang='grc' dir='ltr'><strong>πολιτείαν·</strong></span> 
     </span>
    </p>
   </div>
   <div class='ocr_carea' id='block_1_24' title="bbox 2326 1136 3886 1210">
    <p class='ocr_par' dir='ltr' id='par_1_24' title="bbox 2326 1136 3886 1210">
     <span class='ocr_line' id='line_1_24' title="bbox 2326 1136 3886 1210; baseline 0.003 -19"><span class='ocrx_word' id='word_1_153' title='bbox 2326 1137 2421 1191; x_wconf 86' lang='grc' dir='ltr'><strong>δύο</strong></span> <span class='ocrx_word' id='word_1_154' title='bbox 2457 1138 2514 1191; x_wconf 74' lang='grc' dir='ltr'><em>δὲ</em></span> <span class='ocrx_word' id='word_1_155' title='bbox 2552 1136 2869 1190; x_wconf 81' lang='grc' dir='ltr'><em>πιστεύουσι</em></span> <span class='ocrx_word' id='word_1_156' title='bbox 2924 1138 3060 1200; x_wconf 86' lang='grc' dir='ltr'><em>τέως</em></span> <span class='ocrx_word' id='word_1_157' title='bbox 3095 1140 3154 1192; x_wconf 77' lang='grc' dir='ltr'><em>ὲν</em></span> <span class='ocrx_word' id='word_1_158' title='bbox 3201 1138 3472 1209; x_wconf 81' lang='grc' dir='ltr'><em>ἀξιώματι</em></span> <span class='ocrx_word' id='word_1_159' title='bbox 3493 1180 3508 1204; x_wconf 91' lang='grc'><strong>,</strong></span> <span class='ocrx_word' id='word_1_160' title='bbox 3541 1142 3568 1193; x_wconf 86' lang='grc' dir='ltr'><strong>ὅ</strong></span> <span class='ocrx_word' id='word_1_161' title='bbox 3597 1157 3656 1193; x_wconf 85' lang='grc' dir='ltr'><strong>τε</strong></span> <span class='ocrx_word' id='word_1_162' title='bbox 3684 1143 3886 1210; x_wconf 79' lang='grc' dir='ltr'><strong>ταμίας</strong></span> 
     </span>
    </p>
   </div>
   <div class='ocr_carea' id='block_1_25' title="bbox 2327 1223 3887 1301">
    <p class='ocr_par' dir='ltr' id='par_1_25' title="bbox 2327 1223 3887 1301">
     <span class='ocr_line' id='line_1_25' title="bbox 2327 1223 3887 1301; baseline 0.003 -20"><span class='ocrx_word' id='word_1_163' title='bbox 2327 1229 2425 1300; x_wconf 80' lang='grc' dir='ltr'><em>τῆς</em></span> <span class='ocrx_word' id='word_1_164' title='bbox 2460 1228 2810 1299; x_wconf 76' lang='grc' dir='ltr'><em>Αίθιοπίσσης</em></span> <span class='ocrx_word' id='word_1_165' title='bbox 2837 1232 2932 1283; x_wconf 77' lang='grc' dir='ltr'><strong>καὶ</strong></span> <span class='ocrx_word' id='word_1_166' title='bbox 2960 1223 3134 1292; x_wconf 74' lang='grc' dir='ltr'><em>οὗτος.</em></span> <span class='ocrx_word' id='word_1_167' title='bbox 3169 1230 3442 1298; x_wconf 80' lang='grc' dir='ltr'><em>Εὐσεϐὴς</em></span> <span class='ocrx_word' id='word_1_168' title='bbox 3471 1231 3571 1285; x_wconf 73' lang='grc' dir='ltr'><strong>καὶ</strong></span> <span class='ocrx_word' id='word_1_169' title='bbox 3600 1233 3887 1301; x_wconf 69' lang='grc' dir='ltr'><em>φοϐούμε-</em></span> 
     </span>
    </p>
   </div>
   <div class='ocr_carea' id='block_1_26' title="bbox 2325 1319 3891 1388">
    <p class='ocr_par' dir='ltr' id='par_1_26' title="bbox 2325 1319 3891 1388">
     <span class='ocr_line' id='line_1_26' title="bbox 2325 1319 3891 1388; baseline 0.003 -15"><span class='ocrx_word' id='word_1_170' title='bbox 2325 1337 2434 1386; x_wconf 87' lang='grc' dir='ltr'><strong>νος</strong></span> <span class='ocrx_word' id='word_1_171' title='bbox 2467 1321 2576 1374; x_wconf 88' lang='grc' dir='ltr'><em>τὸν</em></span> <span class='ocrx_word' id='word_1_172' title='bbox 2625 1319 2775 1374; x_wconf 85' lang='grc' dir='ltr'><em>Θεὸν</em></span> <span class='ocrx_word' id='word_1_173' title='bbox 2802 1322 2926 1376; x_wconf 82' lang='grc' dir='ltr'><em>σὺν</em></span> <span class='ocrx_word' id='word_1_174' title='bbox 2949 1323 3128 1376; x_wconf 76' lang='grc' dir='ltr'><em>παντὶ</em></span> <span class='ocrx_word' id='word_1_175' title='bbox 3162 1322 3244 1388; x_wconf 85' lang='grc' dir='ltr'><em>τῷ</em></span> <span class='ocrx_word' id='word_1_176' title='bbox 3270 1324 3414 1388; x_wconf 76' lang='grc' dir='ltr'><em>οικῳ</em></span> <span class='ocrx_word' id='word_1_177' title='bbox 3449 1325 3658 1380; x_wconf 72' lang='grc' dir='ltr'><em>αὑτοῦ;</em></span> <span class='ocrx_word' id='word_1_178' title='bbox 3709 1325 3891 1379; x_wconf 84' lang='grc' dir='ltr'><em>Ἀκού-</em></span> 
     </span>
    </p>
   </div>
   <div class='ocr_carea' id='block_1_27' title="bbox 2329 1411 3891 1486">
    <p class='ocr_par' dir='ltr' id='par_1_27' title="bbox 2329 1411 3891 1486">
     <span class='ocr_line' id='line_1_27' title="bbox 2329 1411 3891 1486; baseline 0.002 -20"><span class='ocrx_word' id='word_1_179' title='bbox 2329 1430 2512 1484; x_wconf 87' lang='grc' dir='ltr'><em>σωμεν</em></span> <span class='ocrx_word' id='word_1_180' title='bbox 2565 1414 2680 1467; x_wconf 80' lang='grc' dir='ltr'><em>ὅσοι.</em></span> <span class='ocrx_word' id='word_1_181' title='bbox 2736 1414 2846 1467; x_wconf 86' lang='grc' dir='ltr'><em>τῶν</em></span> <span class='ocrx_word' id='word_1_182' title='bbox 2903 1414 3119 1469; x_wconf 72' lang='grc' dir='ltr'><em>οἰκείων</em></span> <span class='ocrx_word' id='word_1_183' title='bbox 3144 1414 3476 1486; x_wconf 62' lang='grc' dir='ltr'><em>ἁμελοῦμενε</em></span> <span class='ocrx_word' id='word_1_184' title='bbox 3502 1411 3656 1480; x_wconf 73' lang='grc' dir='ltr'><em>οὗτος</em></span> <span class='ocrx_word' id='word_1_185' title='bbox 3686 1417 3746 1470; x_wconf 76' lang='grc' dir='ltr'><em>δὲ</em></span> <span class='ocrx_word' id='word_1_186' title='bbox 3795 1419 3891 1471; x_wconf 76' lang='grc' dir='ltr'><strong>καὶ</strong></span> 
     </span>
    </p>
   </div>
   <div class='ocr_carea' id='block_1_28' title="bbox 2331 1500 3891 1578">
    <p class='ocr_par' dir='ltr' id='par_1_28' title="bbox 2331 1500 3891 1578">
     <span class='ocr_line' id='line_1_28' title="bbox 2331 1500 3891 1578; baseline 0.003 -20"><span class='ocrx_word' id='word_1_187' title='bbox 2331 1500 2677 1572; x_wconf 79' lang='grc' dir='ltr'><em>στρατιωτῶν</em></span> <span class='ocrx_word' id='word_1_188' title='bbox 2693 1506 2790 1558; x_wconf 66' lang='grc' dir='ltr'><strong>ἐπε</strong></span> <span class='ocrx_word' id='word_1_189' title='bbox 2798 1504 3045 1575; x_wconf 64' lang='grc' dir='ltr'><em>μελεῐτοΛ</em></span> <span class='ocrx_word' id='word_1_190' title='bbox 3058 1505 3533 1574; x_wconf 76' lang='grc' dir='ltr'><em>Ἐκατοντάρχης</em></span> <span class='ocrx_word' id='word_1_191' title='bbox 3547 1508 3614 1560; x_wconf 82' lang='grc' dir='ltr'><strong>ἐκ</strong></span> <span class='ocrx_word' id='word_1_192' title='bbox 3633 1512 3891 1578; x_wconf 63' lang='grc' dir='ltr'><em>σπείρης</em></span> 
     </span>
    </p>
   </div>
   <div class='ocr_carea' id='block_1_29' title="bbox 2323 1593 3893 1674">
    <p class='ocr_par' dir='ltr' id='par_1_29' title="bbox 2323 1593 3893 1674">
     <span class='ocr_line' id='line_1_29' title="bbox 2323 1593 3893 1674; baseline 0.002 -25"><span class='ocrx_word' id='word_1_193' title='bbox 2323 1593 2437 1662; x_wconf 83' lang='grc' dir='ltr'><em>τῆς</em></span> <span class='ocrx_word' id='word_1_194' title='bbox 2503 1595 2908 1666; x_wconf 72' lang='grc' dir='ltr'><em>καλουμένηςι</em></span> <span class='ocrx_word' id='word_1_195' title='bbox 2952 1596 3271 1665; x_wconf 74' lang='grc' dir='ltr'><em>Ἰταλικῆς.</em></span> <span class='ocrx_word' id='word_1_196' title='bbox 3329 1599 3585 1668; x_wconf 77' lang='grc' dir='ltr'><strong>Μεγάλης</strong></span> <span class='ocrx_word' id='word_1_197' title='bbox 3661 1601 3893 1674; x_wconf 77' lang='grc' dir='ltr'><strong>σπείρης</strong></span> 
     </span>
    </p>
   </div>
   <div class='ocr_carea' id='block_1_30' title="bbox 2327 1684 3888 1762">
    <p class='ocr_par' dir='ltr' id='par_1_30' title="bbox 2327 1684 3888 1762">
     <span class='ocr_line' id='line_1_30' title="bbox 2327 1684 3888 1762; baseline 0.002 -21"><span class='ocrx_word' id='word_1_198' title='bbox 2327 1689 2437 1760; x_wconf 79' lang='grc' dir='ltr'><strong>γὰρ</strong></span> <span class='ocrx_word' id='word_1_199' title='bbox 2493 1684 2561 1759; x_wconf 73' lang='grc' dir='ltr'><em>ἦν</em></span> <span class='ocrx_word' id='word_1_200' title='bbox 2586 1729 2601 1755; x_wconf 89' lang='grc'><strong>,</strong></span> <span class='ocrx_word' id='word_1_201' title='bbox 2656 1690 2815 1758; x_wconf 73' lang='grc' dir='ltr'><em>φησὶ,</em></span> <span class='ocrx_word' id='word_1_202' title='bbox 2855 1688 3198 1759; x_wconf 78' lang='grc' dir='ltr'><strong>καλουμένης</strong></span> <span class='ocrx_word' id='word_1_203' title='bbox 3260 1690 3548 1760; x_wconf 82' lang='grc' dir='ltr'><em>Ἰταλικῆς.</em></span> <span class='ocrx_word' id='word_1_204' title='bbox 3582 1692 3789 1762; x_wconf 80' lang='grc' dir='ltr'><em>Σπετρα</em></span> <span class='ocrx_word' id='word_1_205' title='bbox 3831 1693 3888 1744; x_wconf 81' lang='grc' dir='ltr'><em>δέ</em></span> 
     </span>
    </p>
   </div>
   <div class='ocr_carea' id='block_1_31' title="bbox 660 1773 2224 1851">
    <p class='ocr_par' dir='ltr' id='par_1_31' title="bbox 660 1773 2224 1848">
     <span class='ocr_line' id='line_1_31' title="bbox 660 1773 2224 1848; baseline -0.007 -14"><span class='ocrx_word' id='word_1_206' title='bbox 660 1780 866 1836; x_wconf 83' lang='lat' dir='ltr'><strong>Italica.</strong></span> <span class='ocrx_word' id='word_1_207' title='bbox 896 1777 1053 1848; x_wconf 84' lang='lat' dir='ltr'><strong>Spira</strong></span> <span class='ocrx_word' id='word_1_208' title='bbox 1077 1785 1260 1831; x_wconf 87' lang='lat' dir='ltr'><strong>autem</strong></span> <span class='ocrx_word' id='word_1_209' title='bbox 1281 1814 1296 1840; x_wconf 93' lang='lat'><strong>,</strong></span> <span class='ocrx_word' id='word_1_210' title='bbox 1333 1775 1385 1828; x_wconf 89' lang='lat' dir='ltr'><strong>id</strong></span> <span class='ocrx_word' id='word_1_211' title='bbox 1421 1783 1505 1828; x_wconf 89' lang='lat' dir='ltr'><strong>est</strong></span> <span class='ocrx_word' id='word_1_212' title='bbox 1531 1773 1726 1828; x_wconf 87' lang='lat' dir='ltr'><strong>cohors</strong></span> <span class='ocrx_word' id='word_1_213' title='bbox 1751 1780 1870 1838; x_wconf 89' lang='lat' dir='ltr'><strong>est,</strong></span> <span class='ocrx_word' id='word_1_214' title='bbox 1901 1785 2062 1842; x_wconf 88' lang='lat' dir='ltr'><strong>quem</strong></span> <span class='ocrx_word' id='word_1_215' title='bbox 2083 1783 2224 1824; x_wconf 89' lang='lat' dir='ltr'><strong>nunc</strong></span> 
     </span>
    </p>
   </div>
   <div class='ocr_carea' id='block_1_32' title="bbox 2327 1773 3896 1851">
    <p class='ocr_par' dir='ltr' id='par_1_32' title="bbox 2330 1779 3896 1851">
     <span class='ocr_line' id='line_1_32' title="bbox 2330 1779 3896 1851; baseline 0.002 -19"><span class='ocrx_word' id='word_1_216' title='bbox 2330 1781 2499 1846; x_wconf 79' lang='grc' dir='ltr'><em>ἔστιν,</em></span> <span class='ocrx_word' id='word_1_217' title='bbox 2537 1779 2565 1833; x_wconf 82' lang='grc' dir='ltr'><strong>δ</strong></span> <span class='ocrx_word' id='word_1_218' title='bbox 2601 1779 2874 1851; x_wconf 82' lang='grc' dir='ltr'><strong>καλοῦμεν</strong></span> <span class='ocrx_word' id='word_1_219' title='bbox 2913 1780 3007 1835; x_wconf 81' lang='grc' dir='ltr'><em>νῦν</em></span> <span class='ocrx_word' id='word_1_220' title='bbox 3031 1780 3335 1851; x_wconf 83' lang='grc' dir='ltr'><em>Νούμερον.</em></span> <span class='ocrx_word' id='word_1_221' title='bbox 3358 1781 3456 1835; x_wconf 81' lang='grc' dir='ltr'><strong>Διὰ</strong></span> <span class='ocrx_word' id='word_1_222' title='bbox 3485 1783 3642 1836; x_wconf 82' lang='grc' dir='ltr'><em>τοῦτο</em></span> <span class='ocrx_word' id='word_1_223' title='bbox 3669 1783 3728 1837; x_wconf 83' lang='grc' dir='ltr'><em>δὲ</em></span> <span class='ocrx_word' id='word_1_224' title='bbox 3762 1783 3896 1851; x_wconf 78' lang='grc' dir='ltr'><em>γοῦν</em></span> 
     </span>
    </p>
   </div>
   <div class='ocr_carea' id='block_1_33' title="bbox 655 1853 2224 1945">
    <p class='ocr_par' dir='ltr' id='par_1_33' title="bbox 655 1861 2224 1925">
     <span class='ocr_line' id='line_1_33' title="bbox 655 1861 2224 1925; baseline -0.007 0"><span class='ocrx_word' id='word_1_225' title='bbox 655 1883 916 1925; x_wconf 73' lang='lat' dir='ltr'><strong>vocamus</strong></span> <span class='ocrx_word' id='word_1_226' title='bbox 966 1866 1286 1921; x_wconf 86' lang='lat' dir='ltr'><strong>Numerum.</strong></span> <span class='ocrx_word' id='word_1_227' title='bbox 1317 1863 1450 1917; x_wconf 80' lang='lat' dir='ltr'><strong>Nam</strong></span> <span class='ocrx_word' id='word_1_228' title='bbox 1483 1862 1686 1917; x_wconf 92' lang='lat' dir='ltr'><strong>idcirco</strong></span> <span class='ocrx_word' id='word_1_229' title='bbox 1723 1861 1901 1915; x_wconf 77' lang='lat' dir='ltr'><strong>virum</strong></span> <span class='ocrx_word' id='word_1_230' title='bbox 1932 1869 2119 1914; x_wconf 91' lang='lat' dir='ltr'><strong>notum</strong></span> <span class='ocrx_word' id='word_1_231' title='bbox 2164 1873 2224 1914; x_wconf 91' lang='lat' dir='ltr'><strong>ac</strong></span> 
     </span>
    </p>
   </div>
   <div class='ocr_carea' id='block_1_34' title="bbox 2327 1853 3888 1945">
    <p class='ocr_par' dir='ltr' id='par_1_34' title="bbox 2327 1869 3888 1945">
     <span class='ocr_line' id='line_1_34' title="bbox 2327 1869 3888 1945; baseline 0.002 -21"><span class='ocrx_word' id='word_1_232' title='bbox 2327 1873 2468 1924; x_wconf 80' lang='grc' dir='ltr'><em>ποιεῖ</em></span> <span class='ocrx_word' id='word_1_233' title='bbox 2519 1871 2611 1925; x_wconf 79' lang='grc' dir='ltr'><em>τὸν</em></span> <span class='ocrx_word' id='word_1_234' title='bbox 2649 1871 2816 1942; x_wconf 77' lang='grc' dir='ltr'><em>ἄνδρα</em></span> <span class='ocrx_word' id='word_1_235' title='bbox 2869 1869 3146 1942; x_wconf 75' lang='grc' dir='ltr'><em>γνώριμον</em></span> <span class='ocrx_word' id='word_1_236' title='bbox 3203 1873 3296 1926; x_wconf 75' lang='grc' dir='ltr'><strong>καὶ</strong></span> <span class='ocrx_word' id='word_1_237' title='bbox 3348 1873 3541 1942; x_wconf 79' lang='grc' dir='ltr'><em>δῆλον,</em></span> <span class='ocrx_word' id='word_1_238' title='bbox 3580 1875 3668 1927; x_wconf 74' lang='grc' dir='ltr'><em>ἴνα</em></span> <span class='ocrx_word' id='word_1_239' title='bbox 3694 1877 3770 1945; x_wconf 83' lang='grc' dir='ltr'><em>μή</em></span> <span class='ocrx_word' id='word_1_240' title='bbox 3805 1893 3888 1938; x_wconf 85' lang='grc' dir='ltr'><strong>τις</strong></span> 
     </span>
    </p>
   </div>
   <div class='ocr_carea' id='block_1_35' title="bbox 657 1950 2224 2036">
    <p class='ocr_par' dir='ltr' id='par_1_35' title="bbox 657 1950 2224 2025">
     <span class='ocr_line' id='line_1_35' title="bbox 657 1950 2224 2025; baseline -0.008 -9"><span class='ocrx_word' id='word_1_241' title='bbox 657 1960 1002 2016; x_wconf 76' lang='lat' dir='ltr'><strong>manifestum</strong></span> <span class='ocrx_word' id='word_1_242' title='bbox 1026 1957 1175 2023; x_wconf 78' lang='lat' dir='ltr'><strong>facit,</strong></span> <span class='ocrx_word' id='word_1_243' title='bbox 1208 1971 1278 2010; x_wconf 91' lang='lat' dir='ltr'><strong>ne</strong></span> <span class='ocrx_word' id='word_1_244' title='bbox 1300 1954 1423 2025; x_wconf 85' lang='lat' dir='ltr'><strong>quis</strong></span> <span class='ocrx_word' id='word_1_245' title='bbox 1445 1953 1590 2008; x_wconf 88' lang='lat' dir='ltr'><strong>dicat</strong></span> <span class='ocrx_word' id='word_1_246' title='bbox 1609 1950 2224 2021; x_wconf 49' lang='lat' dir='ltr'><strong>falsa-,mcmoriae&#39;prodi</strong></span> 
     </span>
    </p>
   </div>
   <div class='ocr_carea' id='block_1_36' title="bbox 2327 1950 3896 2036">
    <p class='ocr_par' dir='ltr' id='par_1_36' title="bbox 2328 1962 3896 2036">
     <span class='ocr_line' id='line_1_36' title="bbox 2328 1962 3896 2036; baseline 0.001 -20"><span class='ocrx_word' id='word_1_247' title='bbox 2328 1964 2460 2034; x_wconf 79' lang='grc' dir='ltr'><em>είπῃ</em></span> <span class='ocrx_word' id='word_1_248' title='bbox 2516 1963 2596 2016; x_wconf 84' lang='grc' dir='ltr'><em>ὅτι</em></span> <span class='ocrx_word' id='word_1_249' title='bbox 2639 1963 2896 2033; x_wconf 80' lang='grc' dir='ltr'><strong>ψεύδεται</strong></span> <span class='ocrx_word' id='word_1_250' title='bbox 2957 1962 3064 2016; x_wconf 84' lang='grc' dir='ltr'><em>τῶν</em></span> <span class='ocrx_word' id='word_1_251' title='bbox 3120 1962 3352 2033; x_wconf 81' lang='grc' dir='ltr'><em>Γραφῶν</em></span> <span class='ocrx_word' id='word_1_252' title='bbox 3399 1967 3433 2034; x_wconf 77' lang='grc' dir='ltr'><strong>η</strong></span> <span class='ocrx_word' id='word_1_253' title='bbox 3489 1965 3718 2036; x_wconf 77' lang='grc' dir='ltr'><em>ἱστορία.</em></span> <span class='ocrx_word' id='word_1_254' title='bbox 3791 1968 3896 2018; x_wconf 73' lang='lat' dir='ltr'><strong>&#39;is-</strong></span> 
     </span>
    </p>
   </div>
   <div class='ocr_carea' id='block_1_37' title="bbox 659 2042 2224 2129">
    <p class='ocr_par' dir='ltr' id='par_1_37' title="bbox 659 2042 2224 2116">
     <span class='ocr_line' id='line_1_37' title="bbox 659 2042 2224 2116; baseline -0.008 -10"><span class='ocrx_word' id='word_1_255' title='bbox 659 2051 717 2107; x_wconf 88' lang='lat' dir='ltr'><strong>in</strong></span> <span class='ocrx_word' id='word_1_256' title='bbox 771 2049 999 2104; x_wconf 73' lang='lat' dir='ltr'><strong>historia</strong></span> <span class='ocrx_word' id='word_1_257' title='bbox 1066 2044 1490 2116; x_wconf 73' lang='lat' dir='ltr'><strong>Scripturarum.</strong></span> <span class='ocrx_word' id='word_1_258' title='bbox 1555 2042 1850 2098; x_wconf 81' lang='lat' dir='ltr'><strong>Sciendum</strong></span> <span class='ocrx_word' id='word_1_259' title='bbox 1917 2051 2002 2096; x_wconf 88' lang='lat' dir='ltr'><strong>est</strong></span> <span class='ocrx_word' id='word_1_260' title='bbox 2043 2050 2224 2095; x_wconf 85' lang='lat' dir='ltr'><strong>autem</strong></span> 
     </span>
    </p>
   </div>
   <div class='ocr_carea' id='block_1_38' title="bbox 2327 2042 3894 2129">
    <p class='ocr_par' dir='ltr' id='par_1_38' title="bbox 2327 2051 3894 2129">
     <span class='ocr_line' id='line_1_38' title="bbox 2327 2051 3894 2129; baseline 0.001 -20"><span class='ocrx_word' id='word_1_261' title='bbox 2327 2055 2448 2109; x_wconf 83' lang='grc' dir='ltr'><em>τέον</em></span> <span class='ocrx_word' id='word_1_262' title='bbox 2491 2054 2547 2107; x_wconf 79' lang='grc' dir='ltr'><em>δὲ.</em></span> <span class='ocrx_word' id='word_1_263' title='bbox 2597 2051 2678 2108; x_wconf 84' lang='grc' dir='ltr'><strong>δτι</strong></span> <span class='ocrx_word' id='word_1_264' title='bbox 2723 2055 2756 2125; x_wconf 82' lang='grc' dir='ltr'><strong>ἡ</strong></span> <span class='ocrx_word' id='word_1_265' title='bbox 2805 2055 2903 2123; x_wconf 82' lang='grc' dir='ltr'><em>μὲν</em></span> <span class='ocrx_word' id='word_1_266' title='bbox 2953 2055 3173 2124; x_wconf 79' lang='grc' dir='ltr'><em>σπεῖρα,</em></span> <span class='ocrx_word' id='word_1_267' title='bbox 3226 2056 3515 2110; x_wconf 80' lang='grc' dir='ltr'><strong>διακοσίων</strong></span> <span class='ocrx_word' id='word_1_268' title='bbox 3556 2058 3674 2111; x_wconf 72' lang='grc' dir='ltr'><em>ἐστὶ</em></span> <span class='ocrx_word' id='word_1_269' title='bbox 3731 2075 3894 2129; x_wconf 82' lang='grc' dir='ltr'><em>στρα-</em></span> 
     </span>
    </p>
   </div>
   <div class='ocr_carea' id='block_1_39' title="bbox 659 2133 2224 2220">
    <p class='ocr_par' dir='ltr' id='par_1_39' title="bbox 659 2133 2224 2213">
     <span class='ocr_line' id='line_1_39' title="bbox 659 2133 2224 2213; baseline -0.008 -16"><span class='ocrx_word' id='word_1_270' title='bbox 659 2145 866 2213; x_wconf 80' lang='lat' dir='ltr'><strong>spiram</strong></span> <span class='ocrx_word' id='word_1_271' title='bbox 915 2140 1031 2194; x_wconf 74' lang='lat' dir='ltr'><strong>sive</strong></span> <span class='ocrx_word' id='word_1_272' title='bbox 1071 2136 1353 2192; x_wconf 83' lang='lat' dir='ltr'><strong>cohortem</strong></span> <span class='ocrx_word' id='word_1_273' title='bbox 1395 2135 1755 2190; x_wconf 87' lang='lat' dir='ltr'><strong>ducentorum</strong></span> <span class='ocrx_word' id='word_1_274' title='bbox 1793 2133 2027 2190; x_wconf 84' lang='lat' dir='ltr'><strong>militum</strong></span> <span class='ocrx_word' id='word_1_275' title='bbox 2070 2146 2224 2196; x_wconf 87' lang='lat' dir='ltr'><strong>esse;</strong></span> 
     </span>
    </p>
   </div>
   <div class='ocr_carea' id='block_1_40' title="bbox 2327 2133 3897 2220">
    <p class='ocr_par' dir='ltr' id='par_1_40' title="bbox 2327 2143 3897 2219">
     <span class='ocr_line' id='line_1_40' title="bbox 2327 2143 3897 2219; baseline 0.002 -19"><span class='ocrx_word' id='word_1_276' title='bbox 2327 2146 2618 2217; x_wconf 77' lang='grc' dir='ltr'><em>τιωτῶνοή</em></span> <span class='ocrx_word' id='word_1_277' title='bbox 2671 2146 2728 2199; x_wconf 80' lang='grc' dir='ltr'><em>δὲ</em></span> <span class='ocrx_word' id='word_1_278' title='bbox 2755 2146 3078 2210; x_wconf 82' lang='grc' dir='ltr'><em>κουστωδία,</em></span> <span class='ocrx_word' id='word_1_279' title='bbox 3124 2144 3405 2217; x_wconf 78' lang='grc' dir='ltr'><em>ἑξήκοντα.</em></span> <span class='ocrx_word' id='word_1_280' title='bbox 3431 2143 3607 2201; x_wconf 78' lang='grc' dir='ltr'><em>Εἷδεν</em></span> <span class='ocrx_word' id='word_1_281' title='bbox 3651 2149 3722 2202; x_wconf 79' lang='grc' dir='ltr'><em>ἐν</em></span> <span class='ocrx_word' id='word_1_282' title='bbox 3758 2150 3897 2219; x_wconf 78' lang='grc' dir='ltr'><strong>ὀρό-</strong></span> 
     </span>
    </p>
   </div>
   <div class='ocr_carea' id='block_1_41' title="bbox 580 2223 2224 2305">
    <p class='ocr_par' dir='ltr' id='par_1_41' title="bbox 580 2223 2224 2298">
     <span class='ocr_line' id='line_1_41' title="bbox 580 2223 2224 2298; baseline -0.01 -8"><span class='ocrx_word' id='word_1_283' title='bbox 580 2233 583 2235; x_wconf 70' lang='grc'><strong>’</strong></span> <span class='ocrx_word' id='word_1_284' title='bbox 661 2233 964 2289; x_wconf 68' lang='lat' dir='ltr'><strong>custodiam</strong></span> <span class='ocrx_word' id='word_1_285' title='bbox 1011 2245 1175 2294; x_wconf 80' lang='lat' dir='ltr'><strong>vero,</strong></span> <span class='ocrx_word' id='word_1_286' title='bbox 1216 2227 1513 2298; x_wconf 75' lang='lat' dir='ltr'><strong>sexaginta.</strong></span> <span class='ocrx_word' id='word_1_287' title='bbox 1553 2224 1697 2279; x_wconf 80' lang='lat' dir='ltr'><strong>Vidit</strong></span> <span class='ocrx_word' id='word_1_288' title='bbox 1723 2241 1816 2278; x_wconf 81' lang='lat' dir='ltr'><strong>aer</strong></span> <span class='ocrx_word' id='word_1_289' title='bbox 1848 2225 2016 2278; x_wconf 80' lang='lat' dir='ltr'><strong>visum</strong></span> <span class='ocrx_word' id='word_1_290' title='bbox 2053 2223 2224 2276; x_wconf 89' lang='lat' dir='ltr'><strong>mani-</strong></span> 
     </span>
    </p>
   </div>
   <div class='ocr_carea' id='block_1_42' title="bbox 2327 2223 3893 2305">
    <p class='ocr_par' dir='ltr' id='par_1_42' title="bbox 2327 2232 3893 2305">
     <span class='ocr_line' id='line_1_42' title="bbox 2327 2232 3893 2305; baseline 0.001 -17"><span class='ocrx_word' id='word_1_291' title='bbox 2327 2252 2463 2305; x_wconf 83' lang='grc' dir='ltr'><em>ματι</em></span> <span class='ocrx_word' id='word_1_292' title='bbox 2495 2233 2765 2304; x_wconf 75' lang='grc' dir='ltr'><em>φανερῶς</em></span> <span class='ocrx_word' id='word_1_293' title='bbox 2798 2235 2878 2299; x_wconf 88' lang='grc' dir='ltr'><em>ὡς</em></span> <span class='ocrx_word' id='word_1_294' title='bbox 2901 2236 2988 2299; x_wconf 82' lang='grc' dir='ltr'><em>εἰς</em></span> <span class='ocrx_word' id='word_1_295' title='bbox 3021 2232 3181 2301; x_wconf 82' lang='grc' dir='ltr'><em>ὥραν</em></span> <span class='ocrx_word' id='word_1_296' title='bbox 3217 2233 3479 2302; x_wconf 75' lang='grc' dir='ltr'><em>ἐννάτην</em></span> <span class='ocrx_word' id='word_1_297' title='bbox 3513 2234 3623 2302; x_wconf 82' lang='grc' dir='ltr'><em>τῆς</em></span> <span class='ocrx_word' id='word_1_298' title='bbox 3649 2236 3893 2304; x_wconf 76' lang='grc' dir='ltr'><em>ἡμέρας,</em></span> 
     </span>
    </p>
   </div>
   <div class='ocr_carea' id='block_1_43' title="bbox 658 2318 2224 2401">
    <p class='ocr_par' dir='ltr' id='par_1_43' title="bbox 658 2318 2224 2401">
     <span class='ocr_line' id='line_1_43' title="bbox 658 2318 2224 2401; baseline -0.008 -18"><span class='ocrx_word' id='word_1_299' title='bbox 658 2331 808 2401; x_wconf 76' lang='lat' dir='ltr'><strong>feste,</strong></span> <span class='ocrx_word' id='word_1_300' title='bbox 845 2329 1010 2398; x_wconf 89' lang='lat' dir='ltr'><strong>ferme</strong></span> <span class='ocrx_word' id='word_1_301' title='bbox 1041 2325 1112 2378; x_wconf 83' lang='lat' dir='ltr'><strong>ad</strong></span> <span class='ocrx_word' id='word_1_302' title='bbox 1149 2323 1334 2377; x_wconf 81' lang='lat' dir='ltr'><strong>horam</strong></span> <span class='ocrx_word' id='word_1_303' title='bbox 1367 2322 1472 2375; x_wconf 87' lang='lat' dir='ltr'><strong>diei</strong></span> <span class='ocrx_word' id='word_1_304' title='bbox 1499 2323 1724 2385; x_wconf 70' lang='lat' dir='ltr'><strong>sextam,</strong></span> <span class='ocrx_word' id='word_1_305' title='bbox 1758 2318 1998 2390; x_wconf 82' lang='lat' dir='ltr'><strong>angelum</strong></span> <span class='ocrx_word' id='word_1_306' title='bbox 2016 2318 2114 2372; x_wconf 83' lang='lat' dir='ltr'><strong>Dei</strong></span> <span class='ocrx_word' id='word_1_307' title='bbox 2144 2318 2224 2371; x_wconf 86' lang='lat' dir='ltr'><strong>in-</strong></span> 
     </span>
    </p>
   </div>
   <div class='ocr_carea' id='block_1_44' title="bbox 2327 2318 3895 2401">
    <p class='ocr_par' dir='ltr' id='par_1_44' title="bbox 2327 2321 3895 2394">
     <span class='ocr_line' id='line_1_44' title="bbox 2327 2321 3895 2394; baseline 0 -16"><span class='ocrx_word' id='word_1_308' title='bbox 2327 2324 2584 2394; x_wconf 68' lang='grc' dir='ltr'><em>ἇγγελον</em></span> <span class='ocrx_word' id='word_1_309' title='bbox 2606 2325 2712 2380; x_wconf 84' lang='grc' dir='ltr'><em>τοῦ</em></span> <span class='ocrx_word' id='word_1_310' title='bbox 2743 2324 2894 2379; x_wconf 86' lang='grc' dir='ltr'><em>Θεοῦ</em></span> <span class='ocrx_word' id='word_1_311' title='bbox 2922 2321 3272 2393; x_wconf 69' lang='grc' dir='ltr'><em>εἰσελθόντα</em></span> <span class='ocrx_word' id='word_1_312' title='bbox 3296 2325 3444 2391; x_wconf 83' lang='grc' dir='ltr'><em>πρὸς</em></span> <span class='ocrx_word' id='word_1_313' title='bbox 3468 2326 3675 2380; x_wconf 82' lang='grc' dir='ltr'><em>αὐτόν.</em></span> <span class='ocrx_word' id='word_1_314' title='bbox 3699 2327 3895 2379; x_wconf 75' lang='grc' dir='ltr'><em>Βλέπει</em></span> 
     </span>
    </p>
   </div>
   <div class='ocr_carea' id='block_1_45' title="bbox 659 2406 2224 2491">
    <p class='ocr_par' dir='ltr' id='par_1_45' title="bbox 659 2408 2224 2491">
     <span class='ocr_line' id='line_1_45' title="bbox 659 2408 2224 2491; baseline -0.007 -18"><span class='ocrx_word' id='word_1_315' title='bbox 659 2419 804 2491; x_wconf 79' lang='lat' dir='ltr'><strong>gredi</strong></span> <span class='ocrx_word' id='word_1_316' title='bbox 848 2419 918 2472; x_wconf 85' lang='lat' dir='ltr'><strong>ad</strong></span> <span class='ocrx_word' id='word_1_317' title='bbox 954 2432 1029 2470; x_wconf 88' lang='lat' dir='ltr'><strong>se.</strong></span> <span class='ocrx_word' id='word_1_318' title='bbox 1079 2411 1233 2469; x_wconf 83' lang='lat' dir='ltr'><strong>Videt</strong></span> <span class='ocrx_word' id='word_1_319' title='bbox 1277 2412 1550 2484; x_wconf 76' lang='lat' dir='ltr'><strong>angelum.</strong></span> <span class='ocrx_word' id='word_1_320' title='bbox 1596 2418 1656 2464; x_wconf 89' lang='lat' dir='ltr'><strong>ut</strong></span> <span class='ocrx_word' id='word_1_321' title='bbox 1695 2409 1856 2464; x_wconf 85' lang='lat' dir='ltr'><strong>Petro</strong></span> <span class='ocrx_word' id='word_1_322' title='bbox 1900 2409 2058 2478; x_wconf 86' lang='lat' dir='ltr'><strong>plena</strong></span> <span class='ocrx_word' id='word_1_323' title='bbox 2092 2408 2224 2463; x_wconf 87' lang='lat' dir='ltr'><strong>lides</strong></span> 
     </span>
    </p>
   </div>
   <div class='ocr_carea' id='block_1_46' title="bbox 2327 2406 3894 2491">
    <p class='ocr_par' dir='ltr' id='par_1_46' title="bbox 2327 2406 3894 2484">
     <span class='ocr_line' id='line_1_46' title="bbox 2327 2406 3894 2484; baseline -0.001 -15"><span class='ocrx_word' id='word_1_324' title='bbox 2327 2415 2418 2470; x_wconf 68' lang='grc' dir='ltr'><em>τὸν</em></span> <span class='ocrx_word' id='word_1_325' title='bbox 2459 2415 2695 2482; x_wconf 75' lang='grc' dir='ltr'><em>ἄγγελον</em></span> <span class='ocrx_word' id='word_1_326' title='bbox 2737 2415 2814 2478; x_wconf 83' lang='grc' dir='ltr'><strong>είς</strong></span> <span class='ocrx_word' id='word_1_327' title='bbox 2864 2411 3239 2484; x_wconf 76' lang='grc' dir='ltr'><em>πληροφορίαν</em></span> <span class='ocrx_word' id='word_1_328' title='bbox 3279 2406 3528 2483; x_wconf 61' lang='grc' dir='ltr'><em>Πέτρον·</em></span> <span class='ocrx_word' id='word_1_329' title='bbox 3582 2414 3787 2483; x_wconf 74' lang='grc' dir='ltr'><em>μᾶλλον</em></span> <span class='ocrx_word' id='word_1_330' title='bbox 3815 2408 3894 2480; x_wconf 80' lang='grc' dir='ltr'><em>δὲ,</em></span> 
     </span>
    </p>
   </div>
   <div class='ocr_carea' id='block_1_47' title="bbox 662 2499 2226 2572">
    <p class='ocr_par' dir='ltr' id='par_1_47' title="bbox 662 2499 2226 2572">
     <span class='ocr_line' id='line_1_47' title="bbox 662 2499 2226 2572; baseline -0.005 -10"><span class='ocrx_word' id='word_1_331' title='bbox 662 2513 854 2572; x_wconf 84' lang='lat' dir='ltr'><strong>tieret;</strong></span> <span class='ocrx_word' id='word_1_332' title='bbox 897 2507 1006 2560; x_wconf 90' lang='lat' dir='ltr'><strong>imo</strong></span> <span class='ocrx_word' id='word_1_333' title='bbox 1045 2520 1177 2560; x_wconf 78' lang='lat' dir='ltr'><strong>vero</strong></span> <span class='ocrx_word' id='word_1_334' title='bbox 1215 2517 1327 2557; x_wconf 90' lang='lat' dir='ltr'><strong>non</strong></span> <span class='ocrx_word' id='word_1_335' title='bbox 1371 2502 1468 2568; x_wconf 88' lang='lat' dir='ltr'><strong>illi,</strong></span> <span class='ocrx_word' id='word_1_336' title='bbox 1514 2500 1611 2556; x_wconf 83' lang='lat' dir='ltr'><strong>sed</strong></span> <span class='ocrx_word' id='word_1_337' title='bbox 1655 2501 1777 2555; x_wconf 85' lang='lat' dir='ltr'><strong>aliis</strong></span> <span class='ocrx_word' id='word_1_338' title='bbox 1817 2499 2226 2554; x_wconf 82' lang='lat' dir='ltr'><strong>inﬁrmioribus.</strong></span> 
     </span>
    </p>
   </div>
   <div class='ocr_carea' id='block_1_48' title="bbox 661 2592 2228 2666">
    <p class='ocr_par' dir='ltr' id='par_1_48' title="bbox 661 2592 2228 2666">
     <span class='ocr_line' id='line_1_48' title="bbox 661 2592 2228 2666; baseline -0.006 -11"><span class='ocrx_word' id='word_1_339' title='bbox 661 2602 814 2655; x_wconf 80' lang='lat' dir='ltr'><strong>Nona</strong></span> <span class='ocrx_word' id='word_1_340' title='bbox 848 2606 1030 2653; x_wconf 87' lang='lat' dir='ltr'><strong>autem</strong></span> <span class='ocrx_word' id='word_1_341' title='bbox 1067 2596 1197 2652; x_wconf 86' lang='lat' dir='ltr'><strong>hora</strong></span> <span class='ocrx_word' id='word_1_342' title='bbox 1222 2632 1240 2662; x_wconf 89' lang='lat'><strong>,</strong></span> <span class='ocrx_word' id='word_1_343' title='bbox 1278 2594 1496 2666; x_wconf 85' lang='lat' dir='ltr'><strong>quando</strong></span> <span class='ocrx_word' id='word_1_344' title='bbox 1521 2594 1668 2648; x_wconf 88' lang='lat' dir='ltr'><strong>euris</strong></span> <span class='ocrx_word' id='word_1_345' title='bbox 1696 2592 1930 2656; x_wconf 86' lang='lat' dir='ltr'><strong>solutus,</strong></span> <span class='ocrx_word' id='word_1_346' title='bbox 1957 2602 2010 2647; x_wconf 89' lang='lat' dir='ltr'><strong>et</strong></span> <span class='ocrx_word' id='word_1_347' title='bbox 2033 2592 2086 2646; x_wconf 85' lang='lat' dir='ltr'><strong>iu</strong></span> <span class='ocrx_word' id='word_1_348' title='bbox 2115 2592 2228 2646; x_wconf 89' lang='lat' dir='ltr'><strong>otio</strong></span> 
     </span>
    </p>
   </div>
   <div class='ocr_carea' id='block_1_49' title="bbox 661 2684 2227 2759">
    <p class='ocr_par' dir='ltr' id='par_1_49' title="bbox 661 2684 2227 2759">
     <span class='ocr_line' id='line_1_49' title="bbox 661 2684 2227 2759; baseline -0.006 -12"><span class='ocrx_word' id='word_1_349' title='bbox 661 2701 779 2748; x_wconf 78' lang='lat' dir='ltr'><strong>erat</strong></span> <span class='ocrx_word' id='word_1_350' title='bbox 804 2700 964 2759; x_wconf 80' lang='lat' dir='ltr'><strong>atque</strong></span> <span class='ocrx_word' id='word_1_351' title='bbox 981 2688 1185 2758; x_wconf 84' lang='lat' dir='ltr'><strong>quiete.</strong></span> <span class='ocrx_word' id='word_1_352' title='bbox 1201 2685 1557 2754; x_wconf 81' lang='lat' dir='ltr'><strong>Posteaquam</strong></span> <span class='ocrx_word' id='word_1_353' title='bbox 1583 2691 1767 2738; x_wconf 89' lang='lat' dir='ltr'><strong>autem</strong></span> <span class='ocrx_word' id='word_1_354' title='bbox 1791 2684 1995 2738; x_wconf 84' lang='lat' dir='ltr'><strong>viderat</strong></span> <span class='ocrx_word' id='word_1_355' title='bbox 2024 2684 2227 2738; x_wconf 83' lang='lat' dir='ltr'><strong>Oculus</strong></span> 
     </span>
    </p>
   </div>
   <div class='ocr_carea' id='block_1_50' title="bbox 661 2776 2225 2852">
    <p class='ocr_par' dir='ltr' id='par_1_50' title="bbox 661 2776 2225 2852">
     <span class='ocr_line' id='line_1_50' title="bbox 661 2776 2225 2852; baseline -0.006 -12"><span class='ocrx_word' id='word_1_356' title='bbox 661 2785 934 2850; x_wconf 82' lang='lat' dir='ltr'><strong>veritatis,</strong></span> <span class='ocrx_word' id='word_1_357' title='bbox 965 2792 1022 2839; x_wconf 90' lang='lat' dir='ltr'><strong>et</strong></span> <span class='ocrx_word' id='word_1_358' title='bbox 1051 2796 1280 2852; x_wconf 79' lang='lat' dir='ltr'><strong>magnus</strong></span> <span class='ocrx_word' id='word_1_359' title='bbox 1308 2779 1396 2835; x_wconf 90' lang='lat' dir='ltr'><strong>ille</strong></span> <span class='ocrx_word' id='word_1_360' title='bbox 1423 2776 1622 2846; x_wconf 73' lang='lat' dir='ltr'><strong>ludes,</strong></span> <span class='ocrx_word' id='word_1_361' title='bbox 1654 2792 1848 2849; x_wconf 82' lang='lat' dir='ltr'><strong>magna</strong></span> <span class='ocrx_word' id='word_1_362' title='bbox 1885 2793 2010 2834; x_wconf 90' lang='lat' dir='ltr'><strong>esse</strong></span> <span class='ocrx_word' id='word_1_363' title='bbox 2038 2793 2225 2849; x_wconf 89' lang='lat' dir='ltr'><strong>opera,</strong></span> 
     </span>
    </p>
   </div>
   <div class='ocr_carea' id='block_1_51' title="bbox 663 2870 2231 2945">
    <p class='ocr_par' dir='ltr' id='par_1_51' title="bbox 663 2870 2231 2945">
     <span class='ocr_line' id='line_1_51' title="bbox 663 2870 2231 2945; baseline -0.006 -12"><span class='ocrx_word' id='word_1_364' title='bbox 663 2878 760 2933; x_wconf 89' lang='lat' dir='ltr'><strong>sed</strong></span> <span class='ocrx_word' id='word_1_365' title='bbox 785 2885 1018 2942; x_wconf 87' lang='lat' dir='ltr'><strong>mortua,</strong></span> <span class='ocrx_word' id='word_1_366' title='bbox 1046 2877 1092 2930; x_wconf 90' lang='lat' dir='ltr'><strong>si</strong></span> <span class='ocrx_word' id='word_1_367' title='bbox 1120 2874 1252 2929; x_wconf 85' lang='lat' dir='ltr'><strong>ﬁdes</strong></span> <span class='ocrx_word' id='word_1_368' title='bbox 1282 2873 1444 2945; x_wconf 86' lang='lat' dir='ltr'><strong>desit,</strong></span> <span class='ocrx_word' id='word_1_369' title='bbox 1475 2871 1643 2927; x_wconf 89' lang='lat' dir='ltr'><strong>mittit</strong></span> <span class='ocrx_word' id='word_1_370' title='bbox 1669 2872 1940 2943; x_wconf 72' lang='lat' dir='ltr'><strong>angelum,</strong></span> <span class='ocrx_word' id='word_1_371' title='bbox 1965 2870 2058 2941; x_wconf 91' lang='lat' dir='ltr'><strong>qui</strong></span> <span class='ocrx_word' id='word_1_372' title='bbox 2089 2886 2231 2941; x_wconf 70' lang='lat' dir='ltr'><strong>pra:-</strong></span> 
     </span>
    </p>
   </div>
   <div class='ocr_carea' id='block_1_52' title="bbox 551 2965 2228 3038">
    <p class='ocr_par' dir='ltr' id='par_1_52' title="bbox 551 2965 2228 3038">
     <span class='ocr_line' id='line_1_52' title="bbox 551 2965 2228 3038; baseline -0.006 -13"><span class='ocrx_word' id='word_1_373' title='bbox 551 2975 556 2981; x_wconf 84' lang='lat'>‘</span> <span class='ocrx_word' id='word_1_374' title='bbox 665 2970 791 3026; x_wconf 87' lang='lat' dir='ltr'><strong>miis</strong></span> <span class='ocrx_word' id='word_1_375' title='bbox 826 2983 991 3038; x_wconf 87' lang='lat' dir='ltr'><strong>opera</strong></span> <span class='ocrx_word' id='word_1_376' title='bbox 1025 2972 1362 3035; x_wconf 86' lang='lat' dir='ltr'><strong>compenset,</strong></span> <span class='ocrx_word' id='word_1_377' title='bbox 1404 2972 1466 3017; x_wconf 89' lang='lat' dir='ltr'><strong>ut</strong></span> <span class='ocrx_word' id='word_1_378' title='bbox 1493 2978 1589 3019; x_wconf 86' lang='lat' dir='ltr'><strong>eos</strong></span> <span class='ocrx_word' id='word_1_379' title='bbox 1628 2965 1724 3033; x_wconf 88' lang='lat' dir='ltr'><strong>qui</strong></span> <span class='ocrx_word' id='word_1_380' title='bbox 1752 2970 1901 3016; x_wconf 88' lang='lat' dir='ltr'><strong>recte</strong></span> <span class='ocrx_word' id='word_1_381' title='bbox 1937 2969 2228 3026; x_wconf 88' lang='lat' dir='ltr'><strong>certarent,</strong></span> 
     </span>
    </p>
   </div>
   <div class='ocr_carea' id='block_1_53' title="bbox 667 3054 2229 3126">
    <p class='ocr_par' dir='ltr' id='par_1_53' title="bbox 667 3054 2229 3126">
     <span class='ocr_line' id='line_1_53' title="bbox 667 3054 2229 3126; baseline -0.006 -8"><span class='ocrx_word' id='word_1_382' title='bbox 667 3062 775 3118; x_wconf 82' lang='lat' dir='ltr'><strong>llde</strong></span> <span class='ocrx_word' id='word_1_383' title='bbox 801 3068 1105 3117; x_wconf 85' lang='lat' dir='ltr'><strong>coronaret.</strong></span> <span class='ocrx_word' id='word_1_384' title='bbox 1135 3056 1216 3112; x_wconf 78' lang='lat' dir='ltr'><strong>Ab</strong></span> <span class='ocrx_word' id='word_1_385' title='bbox 1243 3055 1433 3111; x_wconf 79' lang='lat' dir='ltr'><strong>obtutu</strong></span> <span class='ocrx_word' id='word_1_386' title='bbox 1463 3063 1643 3111; x_wconf 84' lang='lat' dir='ltr'><strong>autem</strong></span> <span class='ocrx_word' id='word_1_387' title='bbox 1674 3064 1846 3111; x_wconf 87' lang='lat' dir='ltr'><strong>terror</strong></span> <span class='ocrx_word' id='word_1_388' title='bbox 1872 3054 2102 3126; x_wconf 75' lang='lat' dir='ltr'><strong>injectus</strong></span> <span class='ocrx_word' id='word_1_389' title='bbox 2124 3063 2229 3121; x_wconf 87' lang='lat' dir='ltr'><strong>est;</strong></span> 
     </span>
    </p>
   </div>
   <div class='ocr_carea' id='block_1_54' title="bbox 665 3146 2229 3217">
    <p class='ocr_par' dir='ltr' id='par_1_54' title="bbox 665 3146 2229 3217">
     <span class='ocr_line' id='line_1_54' title="bbox 665 3146 2229 3217; baseline -0.006 -9"><span class='ocrx_word' id='word_1_390' title='bbox 665 3155 762 3208; x_wconf 83' lang='lat' dir='ltr'><strong>sed</strong></span> <span class='ocrx_word' id='word_1_391' title='bbox 792 3151 1055 3217; x_wconf 87' lang='lat' dir='ltr'><strong>modicus,</strong></span> <span class='ocrx_word' id='word_1_392' title='bbox 1085 3157 1146 3204; x_wconf 92' lang='lat' dir='ltr'><strong>ut</strong></span> <span class='ocrx_word' id='word_1_393' title='bbox 1177 3163 1300 3204; x_wconf 89' lang='lat' dir='ltr'><strong>eum</strong></span> <span class='ocrx_word' id='word_1_394' title='bbox 1329 3148 1590 3203; x_wconf 75' lang='lat' dir='ltr'><strong>duntaxat</strong></span> <span class='ocrx_word' id='word_1_395' title='bbox 1625 3146 1679 3200; x_wconf 90' lang='lat' dir='ltr'><strong>in</strong></span> <span class='ocrx_word' id='word_1_396' title='bbox 1709 3161 1770 3202; x_wconf 87' lang='lat' dir='ltr'><strong>se</strong></span> <span class='ocrx_word' id='word_1_397' title='bbox 1796 3154 2140 3203; x_wconf 75' lang='lat' dir='ltr'><strong>converteret</strong></span> <span class='ocrx_word' id='word_1_398' title='bbox 2164 3158 2229 3200; x_wconf 86' lang='lat' dir='ltr'><strong>ac</strong></span> 
     </span>
    </p>
   </div>
   <div class='ocr_carea' id='block_1_55' title="bbox 668 3235 2226 3298">
    <p class='ocr_par' dir='ltr' id='par_1_55' title="bbox 668 3235 2226 3298">
     <span class='ocr_line' id='line_1_55' title="bbox 668 3235 2226 3298; baseline -0.004 0"><span class='ocrx_word' id='word_1_399' title='bbox 668 3251 912 3298; x_wconf 80' lang='lat' dir='ltr'><strong>moveret</strong></span> <span class='ocrx_word' id='word_1_400' title='bbox 937 3260 951 3296; x_wconf 88' lang='lat'>:</span> <span class='ocrx_word' id='word_1_401' title='bbox 978 3239 1175 3296; x_wconf 86' lang='lat' dir='ltr'><strong>deinde</strong></span> <span class='ocrx_word' id='word_1_402' title='bbox 1196 3238 1358 3292; x_wconf 86' lang='lat' dir='ltr'><strong>verba</strong></span> <span class='ocrx_word' id='word_1_403' title='bbox 1389 3247 1588 3292; x_wconf 89' lang='lat' dir='ltr'><strong>metum</strong></span> <span class='ocrx_word' id='word_1_404' title='bbox 1622 3237 1922 3293; x_wconf 76' lang='lat' dir='ltr'><strong>solverunt.</strong></span> <span class='ocrx_word' id='word_1_405' title='bbox 1952 3235 2226 3292; x_wconf 86' lang='lat' dir='ltr'><strong>Orationes</strong></span> 
     </span>
    </p>
   </div>
   <div class='ocr_carea' id='block_1_56' title="bbox 552 3327 2227 3400">
    <p class='ocr_par' dir='ltr' id='par_1_56' title="bbox 552 3327 2227 3400">
     <span class='ocr_line' id='line_1_56' title="bbox 552 3327 2227 3400; baseline -0.001 -18"><span class='ocrx_word' id='word_1_406' title='bbox 552 3374 558 3382; x_wconf 96' lang='lat'><strong>.</strong></span> <span class='ocrx_word' id='word_1_407' title='bbox 662 3344 772 3388; x_wconf 66' lang='lat' dir='ltr'><strong>tute</strong></span> <span class='ocrx_word' id='word_1_408' title='bbox 811 3341 861 3386; x_wconf 86' lang='lat' dir='ltr'><strong>et</strong></span> <span class='ocrx_word' id='word_1_409' title='bbox 907 3330 1243 3400; x_wconf 77' lang='lat' dir='ltr'><strong>eleemosynte</strong></span> <span class='ocrx_word' id='word_1_410' title='bbox 1283 3336 1386 3381; x_wconf 75' lang='lat' dir='ltr'><strong>tute</strong></span> <span class='ocrx_word' id='word_1_411' title='bbox 1429 3329 1776 3381; x_wconf 82' lang='lat' dir='ltr'><strong>ascenderunt</strong></span> <span class='ocrx_word' id='word_1_412' title='bbox 1817 3328 1872 3380; x_wconf 92' lang='lat' dir='ltr'><strong>in</strong></span> <span class='ocrx_word' id='word_1_413' title='bbox 1918 3327 2227 3381; x_wconf 79' lang='lat' dir='ltr'><strong>memoriam</strong></span> 
     </span>
    </p>
   </div>
   <div class='ocr_carea' id='block_1_57' title="bbox 665 3416 2228 3488">
    <p class='ocr_par' dir='ltr' id='par_1_57' title="bbox 665 3416 2228 3488">
     <span class='ocr_line' id='line_1_57' title="bbox 665 3416 2228 3488; baseline -0.004 -11"><span class='ocrx_word' id='word_1_414' title='bbox 665 3437 847 3478; x_wconf 76' lang='lat' dir='ltr'><strong>coram</strong></span> <span class='ocrx_word' id='word_1_415' title='bbox 881 3421 1008 3474; x_wconf 89' lang='lat' dir='ltr'><strong>Deo.</strong></span> <span class='ocrx_word' id='word_1_416' title='bbox 1040 3417 1175 3472; x_wconf 80' lang='lat' dir='ltr'><strong>Vide</strong></span> <span class='ocrx_word' id='word_1_417' title='bbox 1207 3432 1315 3486; x_wconf 87' lang='lat' dir='ltr'><strong>quo</strong></span> <span class='ocrx_word' id='word_1_418' title='bbox 1342 3418 1718 3488; x_wconf 77' lang='lat' dir='ltr'><strong>progrediatur</strong></span> <span class='ocrx_word' id='word_1_419' title='bbox 1748 3416 2128 3487; x_wconf 79' lang='lat' dir='ltr'><strong>eleemosyna:</strong></span> <span class='ocrx_word' id='word_1_420' title='bbox 2161 3417 2228 3471; x_wconf 83' lang='lat' dir='ltr'><strong>ad</strong></span> 
     </span>
    </p>
   </div>
   <div class='ocr_carea' id='block_1_58' title="bbox 665 3507 2230 3588">
    <p class='ocr_par' dir='ltr' id='par_1_58' title="bbox 665 3507 2230 3588">
     <span class='ocr_line' id='line_1_58' title="bbox 665 3507 2230 3588; baseline -0.009 -12"><span class='ocrx_word' id='word_1_421' title='bbox 665 3519 833 3578; x_wconf 64' lang='lat' dir='ltr'><strong>cmlii</strong></span> <span class='ocrx_word' id='word_1_422' title='bbox 886 3531 1054 3588; x_wconf 86' lang='lat' dir='ltr'><strong>usque</strong></span> <span class='ocrx_word' id='word_1_423' title='bbox 1099 3525 1264 3586; x_wconf 89' lang='lat' dir='ltr'><strong>atque</strong></span> <span class='ocrx_word' id='word_1_424' title='bbox 1310 3514 1412 3586; x_wconf 88' lang='lat' dir='ltr'><strong>ipsi</strong></span> <span class='ocrx_word' id='word_1_425' title='bbox 1455 3512 1590 3568; x_wconf 88' lang='lat' dir='ltr'><strong>solio</strong></span> <span class='ocrx_word' id='word_1_426' title='bbox 1637 3509 1783 3580; x_wconf 82' lang='lat' dir='ltr'><strong>regio</strong></span> <span class='ocrx_word' id='word_1_427' title='bbox 1823 3507 2048 3564; x_wconf 84' lang='lat' dir='ltr'><strong>assistit.</strong></span> <span class='ocrx_word' id='word_1_428' title='bbox 2098 3507 2230 3562; x_wconf 85' lang='lat' dir='ltr'><strong>Vide</strong></span> 
     </span>
    </p>
   </div>
   <div class='ocr_carea' id='block_1_59' title="bbox 665 3597 2232 3680">
    <p class='ocr_par' dir='ltr' id='par_1_59' title="bbox 665 3597 2232 3680">
     <span class='ocr_line' id='line_1_59' title="bbox 665 3597 2232 3680; baseline -0.01 -14"><span class='ocrx_word' id='word_1_429' title='bbox 665 3613 795 3666; x_wconf 82' lang='lat' dir='ltr'><strong>item</strong></span> <span class='ocrx_word' id='word_1_430' title='bbox 835 3610 1083 3680; x_wconf 77' lang='lat' dir='ltr'><strong>angelum</strong></span> <span class='ocrx_word' id='word_1_431' title='bbox 1113 3607 1264 3677; x_wconf 88' lang='lat' dir='ltr'><strong>prius</strong></span> <span class='ocrx_word' id='word_1_432' title='bbox 1294 3612 1533 3660; x_wconf 87' lang='lat' dir='ltr'><strong>mentem</strong></span> <span class='ocrx_word' id='word_1_433' title='bbox 1556 3599 1937 3672; x_wconf 60' lang='lat' dir='ltr'><strong>ejuserigere,</strong></span> <span class='ocrx_word' id='word_1_434' title='bbox 1965 3606 2020 3653; x_wconf 91' lang='lat' dir='ltr'><strong>et</strong></span> <span class='ocrx_word' id='word_1_435' title='bbox 2046 3597 2113 3651; x_wconf 89' lang='lat' dir='ltr'><strong>ad</strong></span> <span class='ocrx_word' id='word_1_436' title='bbox 2139 3611 2232 3651; x_wconf 89' lang='lat' dir='ltr'><strong>su-</strong></span> 
     </span>
    </p>
   </div>
   <div class='ocr_carea' id='block_1_60' title="bbox 663 3689 2226 3762">
    <p class='ocr_par' dir='ltr' id='par_1_60' title="bbox 663 3689 2226 3762">
     <span class='ocr_line' id='line_1_60' title="bbox 663 3689 2226 3762; baseline -0.011 -4"><span class='ocrx_word' id='word_1_437' title='bbox 663 3703 853 3759; x_wconf 83' lang='lat' dir='ltr'><strong>blimia</strong></span> <span class='ocrx_word' id='word_1_438' title='bbox 899 3701 1181 3754; x_wconf 87' lang='lat' dir='ltr'><strong>traducere</strong></span> <span class='ocrx_word' id='word_1_439' title='bbox 1201 3739 1216 3762; x_wconf 91' lang='lat'><strong>,</strong></span> <span class='ocrx_word' id='word_1_440' title='bbox 1250 3713 1315 3753; x_wconf 88' lang='lat' dir='ltr'><strong>ac</strong></span> <span class='ocrx_word' id='word_1_441' title='bbox 1343 3704 1454 3750; x_wconf 92' lang='lat' dir='ltr'><strong>tum</strong></span> <span class='ocrx_word' id='word_1_442' title='bbox 1482 3692 1680 3749; x_wconf 88' lang='lat' dir='ltr'><strong>deinde</strong></span> <span class='ocrx_word' id='word_1_443' title='bbox 1721 3691 1902 3746; x_wconf 89' lang='lat' dir='ltr'><strong>dicere</strong></span> <span class='ocrx_word' id='word_1_444' title='bbox 1928 3705 2049 3759; x_wconf 65' lang='lat' dir='ltr'><strong>quae</strong></span> <span class='ocrx_word' id='word_1_445' title='bbox 2075 3689 2226 3744; x_wconf 88' lang='lat' dir='ltr'><strong>dicit.</strong></span> 
     </span>
    </p>
   </div>
   <div class='ocr_carea' id='block_1_61' title="bbox 668 3777 2230 3856">
    <p class='ocr_par' dir='ltr' id='par_1_61' title="bbox 668 3777 2230 3856">
     <span class='ocr_line' id='line_1_61' title="bbox 668 3777 2230 3856; baseline -0.012 -6"><span class='ocrx_word' id='word_1_446' title='bbox 668 3797 736 3852; x_wconf 77' lang='lat' dir='ltr'><strong>Et</strong></span> <span class='ocrx_word' id='word_1_447' title='bbox 769 3809 904 3849; x_wconf 78' lang='lat' dir='ltr'><strong>nunc</strong></span> <span class='ocrx_word' id='word_1_448' title='bbox 947 3791 1094 3845; x_wconf 85' lang='lat' dir='ltr'><strong>mitte</strong></span> <span class='ocrx_word' id='word_1_449' title='bbox 1131 3790 1266 3843; x_wconf 83' lang='lat' dir='ltr'><strong>viros</strong></span> <span class='ocrx_word' id='word_1_450' title='bbox 1297 3787 1352 3842; x_wconf 89' lang='lat' dir='ltr'><strong>in</strong></span> <span class='ocrx_word' id='word_1_451' title='bbox 1381 3785 1602 3856; x_wconf 82' lang='lat' dir='ltr'><strong>Joppen,</strong></span> <span class='ocrx_word' id='word_1_452' title='bbox 1631 3792 1680 3836; x_wconf 89' lang='lat' dir='ltr'><strong>et</strong></span> <span class='ocrx_word' id='word_1_453' title='bbox 1722 3795 1929 3834; x_wconf 83' lang='lat' dir='ltr'><strong>accerse</strong></span> <span class='ocrx_word' id='word_1_454' title='bbox 1966 3777 2230 3834; x_wconf 85' lang='lat' dir='ltr'><strong>Simonem</strong></span> 
     </span>
    </p>
   </div>
   <div class='ocr_carea' id='block_1_62' title="bbox 665 3865 2231 3958">
    <p class='ocr_par' dir='ltr' id='par_1_62' title="bbox 665 3865 2231 3958">
     <span class='ocr_line' id='line_1_62' title="bbox 665 3865 2231 3958; baseline -0.011 -16"><span class='ocrx_word' id='word_1_455' title='bbox 665 3892 1003 3958; x_wconf 72' lang='lat' dir='ltr'><strong>cognomento</strong></span> <span class='ocrx_word' id='word_1_456' title='bbox 1025 3865 1264 3935; x_wconf 80' lang='lat' dir='ltr'><strong>Petrum.</strong></span> <span class='ocrx_word' id='word_1_457' title='bbox 1290 3878 1387 3934; x_wconf 87' lang='lat' dir='ltr'><strong>Hic</strong></span> <span class='ocrx_word' id='word_1_458' title='bbox 1405 3875 1561 3930; x_wconf 77' lang='lat' dir='ltr'><strong>habet</strong></span> <span class='ocrx_word' id='word_1_459' title='bbox 1587 3876 1865 3944; x_wconf 76' lang='lat' dir='ltr'><strong>hospitium</strong></span> <span class='ocrx_word' id='word_1_460' title='bbox 1894 3871 2033 3943; x_wconf 77' lang='lat' dir='ltr'><strong>apud</strong></span> <span class='ocrx_word' id='word_1_461' title='bbox 2055 3887 2231 3942; x_wconf 52' lang='lat' dir='ltr'><strong>quem.</strong></span> 
     </span>
    </p>
   </div>
   <div class='ocr_carea' id='block_1_63' title="bbox 667 3964 2228 4035">
    <p class='ocr_par' dir='ltr' id='par_1_63' title="bbox 667 3964 2228 4035">
     <span class='ocr_line' id='line_1_63' title="bbox 667 3964 2228 4035; baseline -0.014 -1"><span class='ocrx_word' id='word_1_462' title='bbox 667 3984 794 4035; x_wconf 83' lang='lat' dir='ltr'><strong>dam</strong></span> <span class='ocrx_word' id='word_1_463' title='bbox 815 3975 1074 4032; x_wconf 83' lang='lat' dir='ltr'><strong>Simonem</strong></span> <span class='ocrx_word' id='word_1_464' title='bbox 1099 3971 1405 4026; x_wconf 83' lang='lat' dir='ltr'><strong>coriarium.</strong></span> <span class='ocrx_word' id='word_1_465' title='bbox 1429 3968 1508 4022; x_wconf 83' lang='lat' dir='ltr'><strong>Ne</strong></span> <span class='ocrx_word' id='word_1_466' title='bbox 1540 3967 1606 4021; x_wconf 90' lang='lat' dir='ltr'><strong>ad</strong></span> <span class='ocrx_word' id='word_1_467' title='bbox 1633 3966 1799 4020; x_wconf 86' lang='lat' dir='ltr'><strong>alium</strong></span> <span class='ocrx_word' id='word_1_468' title='bbox 1823 3964 2093 4027; x_wconf 77' lang='lat' dir='ltr'><strong>venirent,</strong></span> <span class='ocrx_word' id='word_1_469' title='bbox 2117 3976 2228 4014; x_wconf 91' lang='lat' dir='ltr'><strong>non</strong></span> 
     </span>
    </p>
   </div>
   <div class='ocr_carea' id='block_1_64' title="bbox 667 4055 2229 4140">
    <p class='ocr_par' dir='ltr' id='par_1_64' title="bbox 667 4055 2229 4140">
     <span class='ocr_line' id='line_1_64' title="bbox 667 4055 2229 4140; baseline -0.013 -13"><span class='ocrx_word' id='word_1_470' title='bbox 667 4072 841 4128; x_wconf 82' lang='lat' dir='ltr'><strong>solum</strong></span> <span class='ocrx_word' id='word_1_471' title='bbox 870 4083 902 4124; x_wconf 74' lang='grc' dir='ltr'>ι</span> <span class='ocrx_word' id='word_1_472' title='bbox 934 4066 1275 4140; x_wconf 77' lang='lat' dir='ltr'><strong>cognomine,</strong></span> <span class='ocrx_word' id='word_1_473' title='bbox 1305 4077 1496 4118; x_wconf 76' lang='lat' dir='ltr'><strong>verum</strong></span> <span class='ocrx_word' id='word_1_474' title='bbox 1527 4059 1687 4115; x_wconf 88' lang='lat' dir='ltr'><strong>etiam</strong></span> <span class='ocrx_word' id='word_1_475' title='bbox 1718 4074 1748 4112; x_wconf 91' lang='lat' dir='ltr'><strong>a</strong></span> <span class='ocrx_word' id='word_1_476' title='bbox 1777 4058 1898 4113; x_wconf 90' lang='lat' dir='ltr'><strong>loco</strong></span> <span class='ocrx_word' id='word_1_477' title='bbox 1926 4055 2229 4110; x_wconf 78' lang='lat' dir='ltr'><strong>virum~de-</strong></span> 
     </span>
    </p>
   </div>
   <div class='ocr_carea' id='block_1_65' title="bbox 667 4146 2229 4223">
    <p class='ocr_par' dir='ltr' id='par_1_65' title="bbox 667 4146 2229 4223">
     <span class='ocr_line' id='line_1_65' title="bbox 667 4146 2229 4223; baseline -0.012 -4"><span class='ocrx_word' id='word_1_478' title='bbox 667 4164 855 4219; x_wconf 86' lang='lat' dir='ltr'><strong>clarat.</strong></span> <span class='ocrx_word' id='word_1_479' title='bbox 885 4159 984 4215; x_wconf 85' lang='lat' dir='ltr'><strong>Cui</strong></span> <span class='ocrx_word' id='word_1_480' title='bbox 1013 4167 1086 4212; x_wconf 85' lang='lat' dir='ltr'><strong>est</strong></span> <span class='ocrx_word' id='word_1_481' title='bbox 1117 4154 1441 4210; x_wconf 80' lang='lat' dir='ltr'><strong>domicilium</strong></span> <span class='ocrx_word' id='word_1_482' title='bbox 1465 4154 1626 4223; x_wconf 75' lang='lat' dir='ltr'><strong>juxta</strong></span> <span class='ocrx_word' id='word_1_483' title='bbox 1657 4167 1823 4206; x_wconf 84' lang='lat' dir='ltr'><strong>mare.</strong></span> <span class='ocrx_word' id='word_1_484' title='bbox 1857 4147 2081 4202; x_wconf 79' lang='lat' dir='ltr'><strong>Remota</strong></span> <span class='ocrx_word' id='word_1_485' title='bbox 2113 4146 2229 4201; x_wconf 85' lang='lat' dir='ltr'><strong>loca</strong></span> 
     </span>
    </p>
   </div>
   <div class='ocr_carea' id='block_1_66' title="bbox 666 4240 2230 4314">
    <p class='ocr_par' dir='ltr' id='par_1_66' title="bbox 666 4240 2230 4314">
     <span class='ocr_line' id='line_1_66' title="bbox 666 4240 2230 4314; baseline -0.013 -3"><span class='ocrx_word' id='word_1_486' title='bbox 666 4256 883 4312; x_wconf 88' lang='lat' dir='ltr'><strong>urbium</strong></span> <span class='ocrx_word' id='word_1_487' title='bbox 906 4251 1255 4307; x_wconf 78' lang='lat' dir='ltr'><strong>sectabantur</strong></span> <span class='ocrx_word' id='word_1_488' title='bbox 1279 4246 1533 4312; x_wconf 87' lang='lat' dir='ltr'><strong>apostoli,</strong></span> <span class='ocrx_word' id='word_1_489' title='bbox 1552 4245 1700 4314; x_wconf 89' lang='lat' dir='ltr'><strong>quod</strong></span> <span class='ocrx_word' id='word_1_490' title='bbox 1722 4240 2028 4297; x_wconf 87' lang='lat' dir='ltr'><strong>solitudinis</strong></span> <span class='ocrx_word' id='word_1_491' title='bbox 2048 4245 2230 4292; x_wconf 85' lang='lat' dir='ltr'><strong>essent</strong></span> 
     </span>
    </p>
   </div>
   <div class='ocr_carea' id='block_1_67' title="bbox 667 4331 2229 4418">
    <p class='ocr_par' dir='ltr' id='par_1_67' title="bbox 667 4331 2229 4418">
     <span class='ocr_line' id='line_1_67' title="bbox 667 4331 2229 4418; baseline -0.015 -14"><span class='ocrx_word' id='word_1_492' title='bbox 667 4358 832 4418; x_wconf 90' lang='lat' dir='ltr'><strong>atque</strong></span> <span class='ocrx_word' id='word_1_493' title='bbox 872 4343 967 4401; x_wconf 92' lang='lat' dir='ltr'><strong>otii</strong></span> <span class='ocrx_word' id='word_1_494' title='bbox 1013 4341 1192 4395; x_wconf 86' lang='lat' dir='ltr'><strong>amici.</strong></span> <span class='ocrx_word' id='word_1_495' title='bbox 1243 4340 1382 4405; x_wconf 79' lang='lat' dir='ltr'><strong>Quid</strong></span> <span class='ocrx_word' id='word_1_496' title='bbox 1421 4337 1568 4392; x_wconf 81' lang='lat' dir='ltr'><strong>enim</strong></span> <span class='ocrx_word' id='word_1_497' title='bbox 1611 4335 1657 4389; x_wconf 89' lang='lat' dir='ltr'><strong>si</strong></span> <span class='ocrx_word' id='word_1_498' title='bbox 1710 4332 2022 4404; x_wconf 78' lang='lat' dir='ltr'><strong>contigisset</strong></span> <span class='ocrx_word' id='word_1_499' title='bbox 2066 4331 2229 4384; x_wconf 84' lang='lat' dir='ltr'><strong>etiam</strong></span> 
     </span>
    </p>
   </div>
   <div class='ocr_carea' id='block_1_68' title="bbox 667 4422 2228 4500">
    <p class='ocr_par' dir='ltr' id='par_1_68' title="bbox 667 4422 2228 4500">
     <span class='ocr_line' id='line_1_68' title="bbox 667 4422 2228 4500; baseline -0.013 -6"><span class='ocrx_word' id='word_1_500' title='bbox 667 4441 832 4494; x_wconf 81' lang='lat' dir='ltr'><strong>alium</strong></span> <span class='ocrx_word' id='word_1_501' title='bbox 866 4433 1031 4489; x_wconf 80' lang='lat' dir='ltr'><strong>esse?</strong></span> <span class='ocrx_word' id='word_1_502' title='bbox 1073 4432 1212 4486; x_wconf 84' lang='lat' dir='ltr'><strong>Ecce</strong></span> <span class='ocrx_word' id='word_1_503' title='bbox 1256 4432 1466 4500; x_wconf 76' lang='lat' dir='ltr'><strong>signum</strong></span> <span class='ocrx_word' id='word_1_504' title='bbox 1512 4436 1853 4494; x_wconf 85' lang='lat' dir='ltr'><strong>est,,nempe</strong></span> <span class='ocrx_word' id='word_1_505' title='bbox 1896 4422 2040 4494; x_wconf 92' lang='lat' dir='ltr'><strong>quod</strong></span> <span class='ocrx_word' id='word_1_506' title='bbox 2076 4422 2228 4492; x_wconf 79' lang='lat' dir='ltr'><strong>juxta</strong></span> 
     </span>
    </p>
   </div>
   <div class='ocr_carea' id='block_1_69' title="bbox 2329 2503 3894 2576">
    <p class='ocr_par' dir='ltr' id='par_1_69' title="bbox 2329 2503 3894 2576">
     <span class='ocr_line' id='line_1_69' title="bbox 2329 2503 3894 2576; baseline 0 -16"><span class='ocrx_word' id='word_1_507' title='bbox 2329 2507 2432 2561; x_wconf 82' lang='grc' dir='ltr'><strong>οὐκ</strong></span> <span class='ocrx_word' id='word_1_508' title='bbox 2489 2507 2736 2571; x_wconf 78' lang='grc' dir='ltr'><em>ἐκείνου,</em></span> <span class='ocrx_word' id='word_1_509' title='bbox 2781 2506 2916 2558; x_wconf 78' lang='grc' dir='ltr'><em>ἀλλὰ</em></span> <span class='ocrx_word' id='word_1_510' title='bbox 2969 2507 3077 2559; x_wconf 85' lang='grc' dir='ltr'><em>τῶν</em></span> <span class='ocrx_word' id='word_1_511' title='bbox 3125 2504 3298 2559; x_wconf 75' lang='grc' dir='ltr'><em>ἄλλων</em></span> <span class='ocrx_word' id='word_1_512' title='bbox 3327 2503 3435 2557; x_wconf 78' lang='grc' dir='ltr'><em>τῶν</em></span> <span class='ocrx_word' id='word_1_513' title='bbox 3465 2504 3894 2576; x_wconf 78' lang='grc' dir='ltr'><em>ἀσθενεστέρων.</em></span> 
     </span>
    </p>
   </div>
   <div class='ocr_carea' id='block_1_70' title="bbox 2342 2598 3897 2673">
    <p class='ocr_par' dir='ltr' id='par_1_70' title="bbox 2342 2598 3897 2673">
     <span class='ocr_line' id='line_1_70' title="bbox 2342 2598 3897 2673; baseline -0.003 -17"><span class='ocrx_word' id='word_1_514' title='bbox 2342 2603 2570 2673; x_wconf 78' lang='grc' dir='ltr'><em>Ἐννάτῃ</em></span> <span class='ocrx_word' id='word_1_515' title='bbox 2595 2601 2653 2654; x_wconf 80' lang='grc' dir='ltr'><em>δὲ</em></span> <span class='ocrx_word' id='word_1_516' title='bbox 2676 2599 2816 2672; x_wconf 83' lang='grc' dir='ltr'><em>ὥρᾳ,</em></span> <span class='ocrx_word' id='word_1_517' title='bbox 2859 2600 2948 2653; x_wconf 81' lang='grc' dir='ltr'><em>ὅτε</em></span> <span class='ocrx_word' id='word_1_518' title='bbox 2974 2601 3268 2671; x_wconf 84' lang='grc' dir='ltr'><em>φροντίδων</em></span> <span class='ocrx_word' id='word_1_519' title='bbox 3314 2598 3502 2668; x_wconf 73' lang='grc' dir='ltr'><em>ἠφίετο</em></span> <span class='ocrx_word' id='word_1_520' title='bbox 3542 2599 3636 2653; x_wconf 76' lang='grc' dir='ltr'><strong>καὶ</strong></span> <span class='ocrx_word' id='word_1_521' title='bbox 3667 2599 3724 2652; x_wconf 78' lang='grc' dir='ltr'><em>ἰν</em></span> <span class='ocrx_word' id='word_1_522' title='bbox 3761 2602 3897 2668; x_wconf 61' lang='lat' dir='ltr'><strong>qau-</strong></span> 
     </span>
    </p>
   </div>
   <div class='ocr_carea' id='block_1_71' title="bbox 2329 2686 3897 2764">
    <p class='ocr_par' dir='ltr' id='par_1_71' title="bbox 2329 2686 3897 2764">
     <span class='ocr_line' id='line_1_71' title="bbox 2329 2686 3897 2764; baseline -0.003 -18"><span class='ocrx_word' id='word_1_523' title='bbox 2329 2693 2424 2764; x_wconf 79' lang='grc' dir='ltr'><strong>χίᾳ</strong></span> <span class='ocrx_word' id='word_1_524' title='bbox 2449 2688 2516 2764; x_wconf 76' lang='grc' dir='ltr'><em>ἦν</em></span> <span class='ocrx_word' id='word_1_525' title='bbox 2541 2693 2634 2746; x_wconf 76' lang='grc' dir='ltr'><strong>καὶ</strong></span> <span class='ocrx_word' id='word_1_526' title='bbox 2659 2691 2969 2758; x_wconf 79' lang='grc' dir='ltr'><em>κατανύξει.</em></span> <span class='ocrx_word' id='word_1_527' title='bbox 3013 2691 3231 2763; x_wconf 78' lang='grc' dir='ltr'><em>Ἐπειδὴ</em></span> <span class='ocrx_word' id='word_1_528' title='bbox 3267 2691 3330 2745; x_wconf 79' lang='grc' dir='ltr'><em>δὲ</em></span> <span class='ocrx_word' id='word_1_529' title='bbox 3359 2686 3497 2744; x_wconf 76' lang='grc' dir='ltr'><em>εἶδεν</em></span> <span class='ocrx_word' id='word_1_530' title='bbox 3557 2691 3587 2743; x_wconf 82' lang='grc' dir='ltr'><strong>ό</strong></span> <span class='ocrx_word' id='word_1_531' title='bbox 3616 2689 3714 2759; x_wconf 84' lang='grc' dir='ltr'><em>τῆς</em></span> <span class='ocrx_word' id='word_1_532' title='bbox 3764 2691 3897 2761; x_wconf 81' lang='grc' dir='ltr'><em>ἁλη-</em></span> 
     </span>
    </p>
   </div>
   <div class='ocr_carea' id='block_1_72' title="bbox 2298 2780 3898 2852">
    <p class='ocr_par' dir='ltr' id='par_1_72' title="bbox 2298 2780 3898 2852">
     <span class='ocr_line' id='line_1_72' title="bbox 2298 2780 3898 2852; baseline -0.001 -17"><span class='ocrx_word' id='word_1_533' title='bbox 2298 2783 2481 2846; x_wconf 87' lang='grc' dir='ltr'><em>’θείας</em></span> <span class='ocrx_word' id='word_1_534' title='bbox 2526 2781 2834 2852; x_wconf 76' lang='grc' dir='ltr'><em>Ὀφθαλμδς</em></span> <span class='ocrx_word' id='word_1_535' title='bbox 2873 2781 2969 2836; x_wconf 79' lang='grc' dir='ltr'><strong>καὶ</strong></span> <span class='ocrx_word' id='word_1_536' title='bbox 3009 2783 3182 2852; x_wconf 83' lang='grc' dir='ltr'><strong>μέγας</strong></span> <span class='ocrx_word' id='word_1_537' title='bbox 3209 2780 3414 2852; x_wconf 69' lang='grc' dir='ltr'><em>Κριτής</em></span> <span class='ocrx_word' id='word_1_538' title='bbox 3448 2781 3528 2833; x_wconf 76' lang='grc' dir='ltr'><em>ὅτι</em></span> <span class='ocrx_word' id='word_1_539' title='bbox 3565 2781 3776 2850; x_wconf 74' lang='grc' dir='ltr'><em>μεγαλα</em></span> <span class='ocrx_word' id='word_1_540' title='bbox 3827 2783 3898 2834; x_wconf 76' lang='grc' dir='ltr'><em>τὰ</em></span> 
     </span>
    </p>
   </div>
   <div class='ocr_carea' id='block_1_73' title="bbox 2330 2873 3896 2947">
    <p class='ocr_par' dir='ltr' id='par_1_73' title="bbox 2330 2873 3896 2947">
     <span class='ocr_line' id='line_1_73' title="bbox 2330 2873 3896 2947; baseline -0.001 -19"><span class='ocrx_word' id='word_1_541' title='bbox 2330 2875 2495 2947; x_wconf 75' lang='grc' dir='ltr'><em>ἔργα,</em></span> <span class='ocrx_word' id='word_1_542' title='bbox 2533 2875 2702 2945; x_wconf 81' lang='grc' dir='ltr'><em>νεκρὰ</em></span> <span class='ocrx_word' id='word_1_543' title='bbox 2733 2874 2790 2928; x_wconf 85' lang='grc' dir='ltr'><em>δέ</em></span> <span class='ocrx_word' id='word_1_544' title='bbox 2822 2875 2938 2928; x_wconf 75' lang='grc' dir='ltr'><em>ἐστι</em></span> <span class='ocrx_word' id='word_1_545' title='bbox 2973 2873 3154 2928; x_wconf 80' lang='grc' dir='ltr'><em>πίστιν</em></span> <span class='ocrx_word' id='word_1_546' title='bbox 3195 2873 3298 2928; x_wconf 86' lang='grc' dir='ltr'><strong>οὐκ</strong></span> <span class='ocrx_word' id='word_1_547' title='bbox 3321 2873 3533 2945; x_wconf 70' lang='grc' dir='ltr'><em>ἔχοντα,</em></span> <span class='ocrx_word' id='word_1_548' title='bbox 3573 2874 3896 2927; x_wconf 79' lang='grc' dir='ltr'><em>ἀποστέλλει</em></span> 
     </span>
    </p>
   </div>
   <div class='ocr_carea' id='block_1_74' title="bbox 2331 2964 3898 3039">
    <p class='ocr_par' dir='ltr' id='par_1_74' title="bbox 2331 2964 3898 3039">
     <span class='ocr_line' id='line_1_74' title="bbox 2331 2964 3898 3039; baseline -0.002 -19"><span class='ocrx_word' id='word_1_549' title='bbox 2331 2967 2666 3038; x_wconf 84' lang='grc' dir='ltr'><em>βραϐεύοντα</em></span> <span class='ocrx_word' id='word_1_550' title='bbox 2706 2968 2819 3031; x_wconf 80' lang='grc' dir='ltr'><em>τοῖς</em></span> <span class='ocrx_word' id='word_1_551' title='bbox 2864 2966 3047 3039; x_wconf 69' lang='grc' dir='ltr'><em>ἔργοις</em></span> <span class='ocrx_word' id='word_1_552' title='bbox 3084 2967 3315 3037; x_wconf 75' lang='grc' dir='ltr'><em>ἄγγελον</em></span> <span class='ocrx_word' id='word_1_553' title='bbox 3344 3004 3360 3030; x_wconf 92' lang='grc'><strong>,</strong></span> <span class='ocrx_word' id='word_1_554' title='bbox 3394 2965 3536 3018; x_wconf 84' lang='grc' dir='ltr'><em>ὥστε</em></span> <span class='ocrx_word' id='word_1_555' title='bbox 3564 2965 3690 3029; x_wconf 79' lang='grc' dir='ltr'><em>τοὺς</em></span> <span class='ocrx_word' id='word_1_556' title='bbox 3715 2964 3898 3028; x_wconf 75' lang='grc' dir='ltr'><em>καλῶς</em></span> 
     </span>
    </p>
   </div>
   <div class='ocr_carea' id='block_1_75' title="bbox 2331 3057 3893 3131">
    <p class='ocr_par' dir='ltr' id='par_1_75' title="bbox 2331 3057 3893 3131">
     <span class='ocr_line' id='line_1_75' title="bbox 2331 3057 3893 3131; baseline -0.004 -17"><span class='ocrx_word' id='word_1_557' title='bbox 2331 3060 2628 3124; x_wconf 81' lang='grc' dir='ltr'><em>ἀθλοῦντας</em></span> <span class='ocrx_word' id='word_1_558' title='bbox 2656 3101 2673 3126; x_wconf 93' lang='grc'><strong>,</strong></span> <span class='ocrx_word' id='word_1_559' title='bbox 2715 3059 3058 3129; x_wconf 85' lang='grc' dir='ltr'><em>στεφανῶσαι</em></span> <span class='ocrx_word' id='word_1_560' title='bbox 3101 3061 3169 3131; x_wconf 73' lang='grc' dir='ltr'><em>τῇ</em></span> <span class='ocrx_word' id='word_1_561' title='bbox 3218 3057 3433 3112; x_wconf 72' lang='grc' dir='ltr'><em>πίστει.</em></span> <span class='ocrx_word' id='word_1_562' title='bbox 3498 3058 3632 3110; x_wconf 78' lang='grc' dir='ltr'><strong>Ἀπὸ</strong></span> <span class='ocrx_word' id='word_1_563' title='bbox 3693 3057 3752 3109; x_wconf 71' lang='grc' dir='ltr'><em>δὲ</em></span> <span class='ocrx_word' id='word_1_564' title='bbox 3794 3060 3893 3129; x_wconf 79' lang='grc' dir='ltr'><em>τῆς</em></span> 
     </span>
    </p>
   </div>
   <div class='ocr_carea' id='block_1_76' title="bbox 2332 3151 3893 3225">
    <p class='ocr_par' dir='ltr' id='par_1_76' title="bbox 2332 3151 3893 3225">
     <span class='ocr_line' id='line_1_76' title="bbox 2332 3151 3893 3225; baseline -0.004 -17"><span class='ocrx_word' id='word_1_565' title='bbox 2332 3154 2508 3225; x_wconf 75' lang='grc' dir='ltr'><em>ὅψεως</em></span> <span class='ocrx_word' id='word_1_566' title='bbox 2561 3153 2724 3224; x_wconf 87' lang='grc' dir='ltr'><em>φόϐος</em></span> <span class='ocrx_word' id='word_1_567' title='bbox 2752 3154 2990 3223; x_wconf 74' lang='grc' dir='ltr'><em>ἐγένετο,</em></span> <span class='ocrx_word' id='word_1_568' title='bbox 3025 3151 3334 3224; x_wconf 83' lang='grc' dir='ltr'><em>σύμμετρος</em></span> <span class='ocrx_word' id='word_1_569' title='bbox 3366 3151 3443 3218; x_wconf 81' lang='grc' dir='ltr'><em>δὲ,</em></span> <span class='ocrx_word' id='word_1_570' title='bbox 3482 3151 3604 3205; x_wconf 81' lang='grc' dir='ltr'><em>ὅσον</em></span> <span class='ocrx_word' id='word_1_571' title='bbox 3635 3151 3893 3222; x_wconf 69' lang='grc' dir='ltr'><em>ιπιστρὲε</em></span> 
     </span>
    </p>
   </div>
   <div class='ocr_carea' id='block_1_77' title="bbox 2329 3229 3898 3315">
    <p class='ocr_par' dir='ltr' id='par_1_77' title="bbox 2329 3229 3898 3315">
     <span class='ocr_line' id='line_1_77' title="bbox 2329 3229 3898 3315; baseline -0.002 -16"><span class='ocrx_word' id='word_1_572' title='bbox 2329 3244 2425 3314; x_wconf 79' lang='grc' dir='ltr'><em>ψαι</em></span> <span class='ocrx_word' id='word_1_573' title='bbox 2463 3245 2622 3315; x_wconf 81' lang='grc' dir='ltr'><em>μόνον</em></span> <span class='ocrx_word' id='word_1_574' title='bbox 2647 3261 2663 3277; x_wconf 79' lang='grc' dir='ltr'><strong>ο</strong></span> <span class='ocrx_word' id='word_1_575' title='bbox 2697 3239 2816 3299; x_wconf 80' lang='grc' dir='ltr'><em>εἶτα</em></span> <span class='ocrx_word' id='word_1_576' title='bbox 2850 3229 2921 3297; x_wconf 65' lang='grc' dir='ltr'><em>τὰ</em></span> <span class='ocrx_word' id='word_1_577' title='bbox 2954 3245 3174 3315; x_wconf 77' lang='grc' dir='ltr'><em>ῥήματα</em></span> <span class='ocrx_word' id='word_1_578' title='bbox 3234 3243 3326 3297; x_wconf 82' lang='grc' dir='ltr'><em>τὸν</em></span> <span class='ocrx_word' id='word_1_579' title='bbox 3363 3242 3528 3312; x_wconf 88' lang='grc' dir='ltr'><em>φόϐον</em></span> <span class='ocrx_word' id='word_1_580' title='bbox 3583 3242 3797 3297; x_wconf 71' lang='grc' dir='ltr'><em>ἔλυσεν.</em></span> <span class='ocrx_word' id='word_1_581' title='bbox 3829 3244 3898 3296; x_wconf 76' lang='lat' dir='ltr'><strong>Al</strong></span> 
     </span>
    </p>
   </div>
   <div class='ocr_carea' id='block_1_78' title="bbox 2329 3332 3896 3406">
    <p class='ocr_par' dir='ltr' id='par_1_78' title="bbox 2329 3332 3896 3406">
     <span class='ocr_line' id='line_1_78' title="bbox 2329 3332 3896 3406; baseline -0.002 -15"><span class='ocrx_word' id='word_1_582' title='bbox 2329 3337 2660 3406; x_wconf 80' lang='grc' dir='ltr'><em>προσευχαί</em></span> <span class='ocrx_word' id='word_1_583' title='bbox 2687 3350 2806 3390; x_wconf 91' lang='grc' dir='ltr'><em>σου</em></span> <span class='ocrx_word' id='word_1_584' title='bbox 2839 3335 2938 3388; x_wconf 80' lang='grc' dir='ltr'><em>και</em></span> <span class='ocrx_word' id='word_1_585' title='bbox 2981 3337 3040 3389; x_wconf 86' lang='lat' dir='ltr'><strong>al</strong></span> <span class='ocrx_word' id='word_1_586' title='bbox 3071 3334 3473 3404; x_wconf 75' lang='grc' dir='ltr'><em>ἐλεημοσύναι</em></span> <span class='ocrx_word' id='word_1_587' title='bbox 3503 3350 3622 3388; x_wconf 90' lang='grc' dir='ltr'><em>σου</em></span> <span class='ocrx_word' id='word_1_588' title='bbox 3681 3332 3896 3400; x_wconf 66' lang='grc' dir='ltr'><strong>ἀνέϐη⁹</strong></span> 
     </span>
    </p>
   </div>
   <div class='ocr_carea' id='block_1_79' title="bbox 2328 3426 3894 3499">
    <p class='ocr_par' dir='ltr' id='par_1_79' title="bbox 2328 3426 3894 3499">
     <span class='ocr_line' id='line_1_79' title="bbox 2328 3426 3894 3499; baseline -0.003 -15"><span class='ocrx_word' id='word_1_589' title='bbox 2328 3445 2450 3484; x_wconf 86' lang='grc' dir='ltr'><strong>σαν</strong></span> <span class='ocrx_word' id='word_1_590' title='bbox 2473 3432 2560 3495; x_wconf 81' lang='grc' dir='ltr'><strong>είς</strong></span> <span class='ocrx_word' id='word_1_591' title='bbox 2573 3429 2969 3499; x_wconf 80' lang='grc' dir='ltr'><em>μνημόσυνον</em></span> <span class='ocrx_word' id='word_1_592' title='bbox 2985 3427 3238 3481; x_wconf 79' lang='grc' dir='ltr'><em>ἐνώπιον</em></span> <span class='ocrx_word' id='word_1_593' title='bbox 3265 3427 3371 3482; x_wconf 78' lang='grc' dir='ltr'><em>τοῦ</em></span> <span class='ocrx_word' id='word_1_594' title='bbox 3408 3426 3576 3482; x_wconf 83' lang='grc' dir='ltr'><em>Θεοῦ;</em></span> <span class='ocrx_word' id='word_1_595' title='bbox 3612 3427 3756 3498; x_wconf 86' lang='grc' dir='ltr'><em>Ὅρα</em></span> <span class='ocrx_word' id='word_1_596' title='bbox 3791 3427 3894 3480; x_wconf 81' lang='grc' dir='ltr'><strong>ποῦ</strong></span> 
     </span>
    </p>
   </div>
   <div class='ocr_carea' id='block_1_80' title="bbox 2330 3515 3895 3591">
    <p class='ocr_par' dir='ltr' id='par_1_80' title="bbox 2330 3515 3895 3591">
     <span class='ocr_line' id='line_1_80' title="bbox 2330 3515 3895 3591; baseline -0.003 -17"><span class='ocrx_word' id='word_1_597' title='bbox 2330 3520 2613 3591; x_wconf 88' lang='grc' dir='ltr'><em>προϐαίνει</em></span> <span class='ocrx_word' id='word_1_598' title='bbox 2659 3520 2693 3590; x_wconf 81' lang='grc' dir='ltr'>ἡ</span> <span class='ocrx_word' id='word_1_599' title='bbox 2747 3517 3106 3590; x_wconf 67' lang='grc' dir='ltr'><em>ἐλεημοσύνη,</em></span> <span class='ocrx_word' id='word_1_600' title='bbox 3129 3517 3220 3571; x_wconf 77' lang='grc' dir='ltr'><em>τὸν</em></span> <span class='ocrx_word' id='word_1_601' title='bbox 3265 3516 3493 3589; x_wconf 81' lang='grc' dir='ltr'><em>οὐρανὸν</em></span> <span class='ocrx_word' id='word_1_602' title='bbox 3520 3515 3613 3571; x_wconf 81' lang='grc' dir='ltr'><em>τοῦ</em></span> <span class='ocrx_word' id='word_1_603' title='bbox 3636 3516 3895 3588; x_wconf 83' lang='grc' dir='ltr'><em>οὐρανοῦ,</em></span> 
     </span>
    </p>
   </div>
   <div class='ocr_carea' id='block_1_81' title="bbox 2331 3599 3894 3691">
    <p class='ocr_par' dir='ltr' id='par_1_81' title="bbox 2331 3599 3894 3691">
     <span class='ocr_line' id='line_1_81' title="bbox 2331 3599 3894 3691; baseline -0.002 -26"><span class='ocrx_word' id='word_1_604' title='bbox 2331 3612 2426 3665; x_wconf 69' lang='grc' dir='ltr'><strong>καὶ</strong></span> <span class='ocrx_word' id='word_1_605' title='bbox 2455 3610 2606 3680; x_wconf 83' lang='grc' dir='ltr'><em>αύτῷ</em></span> <span class='ocrx_word' id='word_1_606' title='bbox 2649 3599 2980 3691; x_wconf 53' lang='grc' dir='ltr'><em>παρίσταται</em></span> <span class='ocrx_word' id='word_1_607' title='bbox 3005 3609 3083 3681; x_wconf 82' lang='grc' dir='ltr'><em>τῷ</em></span> <span class='ocrx_word' id='word_1_608' title='bbox 3114 3607 3289 3680; x_wconf 82' lang='grc' dir='ltr'><em>θρόνῳ</em></span> <span class='ocrx_word' id='word_1_609' title='bbox 3318 3609 3396 3679; x_wconf 84' lang='grc' dir='ltr'><em>τῷ</em></span> <span class='ocrx_word' id='word_1_610' title='bbox 3429 3607 3716 3680; x_wconf 79' lang='grc' dir='ltr'><em>βασιλικῷ.</em></span> <span class='ocrx_word' id='word_1_611' title='bbox 3751 3610 3894 3679; x_wconf 83' lang='grc' dir='ltr'><em>Ὅρα</em></span> 
     </span>
    </p>
   </div>
   <div class='ocr_carea' id='block_1_82' title="bbox 2329 3699 3895 3772">
    <p class='ocr_par' dir='ltr' id='par_1_82' title="bbox 2329 3699 3895 3772">
     <span class='ocr_line' id='line_1_82' title="bbox 2329 3699 3895 3772; baseline -0.003 -16"><span class='ocrx_word' id='word_1_612' title='bbox 2329 3703 2386 3756; x_wconf 79' lang='grc' dir='ltr'><em>δὲ</em></span> <span class='ocrx_word' id='word_1_613' title='bbox 2409 3703 2501 3755; x_wconf 82' lang='grc' dir='ltr'><em>τὸν</em></span> <span class='ocrx_word' id='word_1_614' title='bbox 2533 3699 2763 3770; x_wconf 77' lang='grc' dir='ltr'><em>ἄγγελον</em></span> <span class='ocrx_word' id='word_1_615' title='bbox 2790 3699 3056 3771; x_wconf 85' lang='grc' dir='ltr'><em>πρότερον</em></span> <span class='ocrx_word' id='word_1_616' title='bbox 3073 3703 3297 3771; x_wconf 86' lang='grc' dir='ltr'><em>αῐροντα</em></span> <span class='ocrx_word' id='word_1_617' title='bbox 3330 3700 3494 3755; x_wconf 82' lang='grc' dir='ltr'><em>αὑτοῦ</em></span> <span class='ocrx_word' id='word_1_618' title='bbox 3522 3701 3623 3772; x_wconf 80' lang='grc' dir='ltr'><em>τὴν</em></span> <span class='ocrx_word' id='word_1_619' title='bbox 3653 3700 3895 3754; x_wconf 82' lang='grc' dir='ltr'><em>διάνοιαν</em></span> 
     </span>
    </p>
   </div>
   <div class='ocr_carea' id='block_1_83' title="bbox 2299 3790 3898 3864">
    <p class='ocr_par' dir='ltr' id='par_1_83' title="bbox 2299 3790 3898 3864">
     <span class='ocr_line' id='line_1_83' title="bbox 2299 3790 3898 3864; baseline -0.003 -17"><span class='ocrx_word' id='word_1_620' title='bbox 2299 3790 2424 3849; x_wconf 74' lang='grc' dir='ltr'><strong>’καὶ</strong></span> <span class='ocrx_word' id='word_1_621' title='bbox 2466 3792 2887 3864; x_wconf 75' lang='grc' dir='ltr'><em>μετεωρίζοντα,</em></span> <span class='ocrx_word' id='word_1_622' title='bbox 2933 3791 3030 3845; x_wconf 83' lang='grc' dir='ltr'><strong>καὶ</strong></span> <span class='ocrx_word' id='word_1_623' title='bbox 3057 3791 3178 3845; x_wconf 82' lang='grc' dir='ltr'><em>τότε</em></span> <span class='ocrx_word' id='word_1_624' title='bbox 3242 3791 3468 3860; x_wconf 81' lang='grc' dir='ltr'><em>λέγοντα</em></span> <span class='ocrx_word' id='word_1_625' title='bbox 3512 3791 3550 3845; x_wconf 74' lang='grc' dir='ltr'><em>ἃ.</em></span> <span class='ocrx_word' id='word_1_626' title='bbox 3581 3792 3752 3862; x_wconf 75' lang='grc' dir='ltr'><em>λέγει.</em></span> <span class='ocrx_word' id='word_1_627' title='bbox 3786 3792 3898 3845; x_wconf 76' lang='lat' dir='ltr'><strong>Kal</strong></span> 
     </span>
    </p>
   </div>
   <div class='ocr_carea' id='block_1_84' title="bbox 2329 3882 3895 3952">
    <p class='ocr_par' dir='ltr' id='par_1_84' title="bbox 2329 3882 3895 3952">
     <span class='ocr_line' id='line_1_84' title="bbox 2329 3882 3895 3952; baseline -0.003 -12"><span class='ocrx_word' id='word_1_628' title='bbox 2329 3885 2446 3940; x_wconf 86' lang='grc' dir='ltr'><em>νῦν</em></span> <span class='ocrx_word' id='word_1_629' title='bbox 2476 3883 2717 3952; x_wconf 74' lang='grc' dir='ltr'><em>πέμψον</em></span> <span class='ocrx_word' id='word_1_630' title='bbox 2735 3885 2820 3947; x_wconf 79' lang='grc' dir='ltr'><em>εὶς</em></span> <span class='ocrx_word' id='word_1_631' title='bbox 2849 3882 3092 3951; x_wconf 83' lang='grc' dir='ltr'><em>Ἰόππην</em></span> <span class='ocrx_word' id='word_1_632' title='bbox 3121 3882 3364 3952; x_wconf 80' lang='grc' dir='ltr'><em>ἄνδρας,</em></span> <span class='ocrx_word' id='word_1_633' title='bbox 3397 3883 3494 3937; x_wconf 75' lang='grc' dir='ltr'><em>καὶ</em></span> <span class='ocrx_word' id='word_1_634' title='bbox 3510 3883 3895 3952; x_wconf 57' lang='grc' dir='ltr'><em>μετάπεμψαι</em></span> 
     </span>
    </p>
   </div>
   <div class='ocr_carea' id='block_1_85' title="bbox 2332 3964 3895 4046">
    <p class='ocr_par' dir='ltr' id='par_1_85' title="bbox 2332 3964 3895 4046">
     <span class='ocr_line' id='line_1_85' title="bbox 2332 3964 3895 4046; baseline -0.001 -16"><span class='ocrx_word' id='word_1_635' title='bbox 2332 3976 2568 4046; x_wconf 85' lang='grc' dir='ltr'><em>Σίμωνα</em></span> <span class='ocrx_word' id='word_1_636' title='bbox 2593 3975 2699 4027; x_wconf 85' lang='grc' dir='ltr'><em>τὸν</em></span> <span class='ocrx_word' id='word_1_637' title='bbox 2725 3975 3201 4042; x_wconf 71' lang='grc' dir='ltr'><em>ἐπικαλούμενον</em></span> <span class='ocrx_word' id='word_1_638' title='bbox 3238 3976 3481 4043; x_wconf 79' lang='grc' dir='ltr'><em>Πέτρονο</em></span> <span class='ocrx_word' id='word_1_639' title='bbox 3519 3971 3695 4041; x_wconf 81' lang='grc' dir='ltr'><em>οὗτος</em></span> <span class='ocrx_word' id='word_1_640' title='bbox 3731 3964 3895 4039; x_wconf 69' lang='grc' dir='ltr'><em>ξένι-</em></span> 
     </span>
    </p>
   </div>
   <div class='ocr_carea' id='block_1_86' title="bbox 2332 4065 3889 4136">
    <p class='ocr_par' dir='ltr' id='par_1_86' title="bbox 2332 4065 3889 4136">
     <span class='ocr_line' id='line_1_86' title="bbox 2332 4065 3889 4136; baseline -0.003 -15"><span class='ocrx_word' id='word_1_641' title='bbox 2332 4066 2481 4128; x_wconf 78' lang='grc' dir='ltr'><em>ζεται</em></span> <span class='ocrx_word' id='word_1_642' title='bbox 2501 4065 2658 4134; x_wconf 82' lang='grc' dir='ltr'><em>παρά</em></span> <span class='ocrx_word' id='word_1_643' title='bbox 2684 4081 2800 4118; x_wconf 87' lang='grc' dir='ltr'><em>τινι</em></span> <span class='ocrx_word' id='word_1_644' title='bbox 2823 4066 3032 4135; x_wconf 80' lang='grc' dir='ltr'><em>Σίμωνι</em></span> <span class='ocrx_word' id='word_1_645' title='bbox 3052 4065 3291 4135; x_wconf 82' lang='grc' dir='ltr'><em>βυρσεῖ.</em></span> <span class='ocrx_word' id='word_1_646' title='bbox 3317 4067 3434 4119; x_wconf 74' lang='grc' dir='ltr'><strong>ἰνα</strong></span> <span class='ocrx_word' id='word_1_647' title='bbox 3463 4065 3538 4136; x_wconf 82' lang='grc' dir='ltr'><em>μὴ</em></span> <span class='ocrx_word' id='word_1_648' title='bbox 3561 4067 3647 4117; x_wconf 82' lang='grc' dir='ltr'><strong>ἐπ’</strong></span> <span class='ocrx_word' id='word_1_649' title='bbox 3662 4066 3825 4119; x_wconf 77' lang='grc' dir='ltr'><em>ἄλλον</em></span> <span class='ocrx_word' id='word_1_650' title='bbox 3847 4067 3889 4098; x_wconf 81' lang='grc'>⁸⁷</span> 
     </span>
    </p>
   </div>
   <div class='ocr_carea' id='block_1_87' title="bbox 2331 4156 3894 4227">
    <p class='ocr_par' dir='ltr' id='par_1_87' title="bbox 2331 4156 3894 4227">
     <span class='ocr_line' id='line_1_87' title="bbox 2331 4156 3894 4227; baseline -0.002 -15"><span class='ocrx_word' id='word_1_651' title='bbox 2331 4159 2580 4223; x_wconf 75' lang='grc' dir='ltr'><em>ἔλθωσιν,</em></span> <span class='ocrx_word' id='word_1_652' title='bbox 2609 4157 2842 4224; x_wconf 58' lang='grc' dir='ltr'><em>ούκρπδ</em></span> <span class='ocrx_word' id='word_1_653' title='bbox 2860 4156 2953 4210; x_wconf 84' lang='grc' dir='ltr'><em>τοῦ</em></span> <span class='ocrx_word' id='word_1_654' title='bbox 2983 4159 3271 4227; x_wconf 76' lang='grc' dir='ltr'><em>ἐπωνύμου</em></span> <span class='ocrx_word' id='word_1_655' title='bbox 3294 4157 3474 4227; x_wconf 84' lang='grc' dir='ltr'><em>μόνον,</em></span> <span class='ocrx_word' id='word_1_656' title='bbox 3501 4157 3635 4211; x_wconf 77' lang='grc' dir='ltr'><em>ἀλλὰ</em></span> <span class='ocrx_word' id='word_1_657' title='bbox 3665 4159 3763 4212; x_wconf 70' lang='grc' dir='ltr'><strong>καὶ</strong></span> <span class='ocrx_word' id='word_1_658' title='bbox 3789 4158 3894 4211; x_wconf 69' lang='grc' dir='ltr'><strong>ἀπὸ</strong></span> 
     </span>
    </p>
   </div>
   <div class='ocr_carea' id='block_1_88' title="bbox 2325 4241 3893 4318">
    <p class='ocr_par' dir='ltr' id='par_1_88' title="bbox 2325 4241 3893 4318">
     <span class='ocr_line' id='line_1_88' title="bbox 2325 4241 3893 4318; baseline -0.001 -16"><span class='ocrx_word' id='word_1_659' title='bbox 2325 4249 2424 4302; x_wconf 82' lang='grc' dir='ltr'><em>τοῦ</em></span> <span class='ocrx_word' id='word_1_660' title='bbox 2457 4248 2622 4300; x_wconf 85' lang='grc' dir='ltr'><em>τόπου</em></span> <span class='ocrx_word' id='word_1_661' title='bbox 2671 4247 2822 4312; x_wconf 83' lang='grc' dir='ltr'><em>δηλοῖ</em></span> <span class='ocrx_word' id='word_1_662' title='bbox 2862 4246 2955 4298; x_wconf 80' lang='grc' dir='ltr'><em>τὸν</em></span> <span class='ocrx_word' id='word_1_663' title='bbox 2998 4247 3187 4317; x_wconf 76' lang='grc' dir='ltr'><em>ἄνδρα.</em></span> <span class='ocrx_word' id='word_1_664' title='bbox 3214 4241 3280 4317; x_wconf 82' lang='grc' dir='ltr'><strong><em>ᾭ</em></strong></span> <span class='ocrx_word' id='word_1_665' title='bbox 3329 4247 3498 4299; x_wconf 82' lang='grc' dir='ltr'><em>ἐστιν</em></span> <span class='ocrx_word' id='word_1_666' title='bbox 3530 4248 3686 4300; x_wconf 71' lang='lat' dir='ltr'><strong>aluta</strong></span> <span class='ocrx_word' id='word_1_667' title='bbox 3734 4248 3893 4318; x_wconf 71' lang='grc' dir='ltr'><em>παρὰ</em></span> 
     </span>
    </p>
   </div>
   <div class='ocr_carea' id='block_1_89' title="bbox 2330 4335 3892 4407">
    <p class='ocr_par' dir='ltr' id='par_1_89' title="bbox 2330 4335 3892 4407">
     <span class='ocr_line' id='line_1_89' title="bbox 2330 4335 3892 4407; baseline -0.003 -14"><span class='ocrx_word' id='word_1_668' title='bbox 2330 4340 2672 4393; x_wconf 74' lang='grc' dir='ltr'><em>θάλασσαν.</em></span> <span class='ocrx_word' id='word_1_669' title='bbox 2701 4337 2782 4390; x_wconf 83' lang='grc' dir='ltr'>Τὰ</span> <span class='ocrx_word' id='word_1_670' title='bbox 2809 4337 3127 4407; x_wconf 82' lang='grc' dir='ltr'><em>ἀνακεχωρη</em></span> <span class='ocrx_word' id='word_1_671' title='bbox 3137 4336 3272 4406; x_wconf 80' lang='grc' dir='ltr'><em>μένα</em></span> <span class='ocrx_word' id='word_1_672' title='bbox 3301 4335 3412 4388; x_wconf 84' lang='grc' dir='ltr'><em>τῶν</em></span> <span class='ocrx_word' id='word_1_673' title='bbox 3438 4336 3642 4388; x_wconf 80' lang='grc' dir='ltr'><em>πόλεων</em></span> <span class='ocrx_word' id='word_1_674' title='bbox 3670 4336 3892 4390; x_wconf 75' lang='grc' dir='ltr'><em>ἑδξωκον</em></span> 
     </span>
    </p>
   </div>
   <div class='ocr_carea' id='block_1_90' title="bbox 2329 4426 3891 4498">
    <p class='ocr_par' dir='ltr' id='par_1_90' title="bbox 2329 4426 3891 4498">
     <span class='ocr_line' id='line_1_90' title="bbox 2329 4426 3891 4498; baseline -0.003 -14"><span class='ocrx_word' id='word_1_675' title='bbox 2329 4431 2378 4485; x_wconf 77' lang='grc' dir='ltr'><em>οἱ</em></span> <span class='ocrx_word' id='word_1_676' title='bbox 2416 4428 2724 4493; x_wconf 78' lang='grc' dir='ltr'><em>ἀπόστολοι,</em></span> <span class='ocrx_word' id='word_1_677' title='bbox 2773 4427 3010 4498; x_wconf 80' lang='grc' dir='ltr'><em>ἐρημίας</em></span> <span class='ocrx_word' id='word_1_678' title='bbox 3057 4426 3208 4491; x_wconf 78' lang='grc' dir='ltr'><em>ὄντες</em></span> <span class='ocrx_word' id='word_1_679' title='bbox 3245 4426 3387 4496; x_wconf 84' lang='grc' dir='ltr'><em>φίλοι</em></span> <span class='ocrx_word' id='word_1_680' title='bbox 3413 4427 3508 4480; x_wconf 77' lang='grc' dir='ltr'><strong>καὶ</strong></span> <span class='ocrx_word' id='word_1_681' title='bbox 3546 4427 3801 4498; x_wconf 77' lang='grc' dir='ltr'><em>ἡσυχίας.</em></span> <span class='ocrx_word' id='word_1_682' title='bbox 3830 4429 3891 4480; x_wconf 78' lang='grc' dir='ltr'><strong>ΤΞ</strong></span> 
     </span>
    </p>
   </div>
   <div class='ocr_carea' id='block_1_91' title="bbox 667 4513 2224 4591">
    <p class='ocr_par' dir='ltr' id='par_1_91' title="bbox 667 4513 2224 4584">
     <span class='ocr_line' id='line_1_91' title="bbox 667 4513 2224 4584; baseline -0.012 -1"><span class='ocrx_word' id='word_1_683' title='bbox 667 4543 819 4583; x_wconf 88' lang='lat' dir='ltr'><strong>mare</strong></span> <span class='ocrx_word' id='word_1_684' title='bbox 849 4526 1140 4580; x_wconf 83' lang='lat' dir='ltr'><strong>habitaret.</strong></span> <span class='ocrx_word' id='word_1_685' title='bbox 1173 4519 1288 4575; x_wconf 79' lang='lat' dir='ltr'><strong>Non</strong></span> <span class='ocrx_word' id='word_1_686' title='bbox 1317 4527 1498 4573; x_wconf 91' lang='lat' dir='ltr'><strong>autem</strong></span> <span class='ocrx_word' id='word_1_687' title='bbox 1538 4518 1675 4570; x_wconf 84' lang='lat' dir='ltr'><strong>dicit</strong></span> <span class='ocrx_word' id='word_1_688' title='bbox 1699 4530 1866 4584; x_wconf 85' lang='lat' dir='ltr'><strong>quare</strong></span> <span class='ocrx_word' id='word_1_689' title='bbox 1887 4553 1902 4576; x_wconf 90' lang='lat'><strong>,</strong></span> <span class='ocrx_word' id='word_1_690' title='bbox 1941 4528 2012 4566; x_wconf 88' lang='lat' dir='ltr'><strong>ne</strong></span> <span class='ocrx_word' id='word_1_691' title='bbox 2037 4513 2224 4583; x_wconf 75' lang='lat' dir='ltr'><strong>gaudio</strong></span> 
     </span>
    </p>
   </div>
   <div class='ocr_carea' id='block_1_92' title="bbox 2327 4513 3892 4591">
    <p class='ocr_par' dir='ltr' id='par_1_92' title="bbox 2331 4513 3892 4591">
     <span class='ocr_line' id='line_1_92' title="bbox 2331 4513 3892 4591; baseline -0.001 -17"><span class='ocrx_word' id='word_1_692' title='bbox 2331 4522 2446 4591; x_wconf 77' lang='grc' dir='ltr'><strong>γὰρ</strong></span> <span class='ocrx_word' id='word_1_693' title='bbox 2480 4521 2529 4573; x_wconf 81' lang='lat' dir='ltr'><strong>si</strong></span> <span class='ocrx_word' id='word_1_694' title='bbox 2556 4519 2761 4591; x_wconf 72' lang='grc' dir='ltr'><em>συνέϐη</em></span> <span class='ocrx_word' id='word_1_695' title='bbox 2791 4521 2884 4572; x_wconf 78' lang='grc' dir='ltr'><strong>καὶ</strong></span> <span class='ocrx_word' id='word_1_696' title='bbox 2915 4519 3072 4573; x_wconf 79' lang='grc' dir='ltr'><em>ᾶλλον</em></span> <span class='ocrx_word' id='word_1_697' title='bbox 3099 4513 3276 4586; x_wconf 72' lang='lat' dir='ltr'><strong>cluat;</strong></span> <span class='ocrx_word' id='word_1_698' title='bbox 3323 4517 3452 4572; x_wconf 83' lang='grc' dir='ltr'><em>Ἰδού</em></span> <span class='ocrx_word' id='word_1_699' title='bbox 3489 4520 3606 4572; x_wconf 71' lang='grc' dir='ltr'><em>ἐστι</em></span> <span class='ocrx_word' id='word_1_700' title='bbox 3639 4522 3892 4590; x_wconf 79' lang='grc' dir='ltr'><em>σημεῖον,</em></span> 
     </span>
    </p>
   </div>
   <div class='ocr_carea' id='block_1_93' title="bbox 667 4606 2231 4688">
    <p class='ocr_par' dir='ltr' id='par_1_93' title="bbox 667 4606 2231 4688">
     <span class='ocr_line' id='line_1_93' title="bbox 667 4606 2231 4688; baseline -0.012 -15"><span class='ocrx_word' id='word_1_701' title='bbox 667 4633 794 4673; x_wconf 87' lang='lat' dir='ltr'><strong>eum</strong></span> <span class='ocrx_word' id='word_1_702' title='bbox 818 4615 1187 4688; x_wconf 78' lang='lat' dir='ltr'><strong>perfunderet.</strong></span> <span class='ocrx_word' id='word_1_703' title='bbox 1215 4611 1346 4665; x_wconf 83' lang='lat' dir='ltr'><strong>Cum</strong></span> <span class='ocrx_word' id='word_1_704' title='bbox 1366 4614 1613 4685; x_wconf 80' lang='lat' dir='ltr'><strong>&#39;vocasset</strong></span> <span class='ocrx_word' id='word_1_705' title='bbox 1642 4606 1771 4659; x_wconf 85' lang='lat' dir='ltr'><strong>duos</strong></span> <span class='ocrx_word' id='word_1_706' title='bbox 1799 4619 1971 4658; x_wconf 80' lang='lat' dir='ltr'><strong>servos</strong></span> <span class='ocrx_word' id='word_1_707' title='bbox 2004 4618 2144 4666; x_wconf 84' lang='lat' dir='ltr'><strong>suos,</strong></span> <span class='ocrx_word' id='word_1_708' title='bbox 2181 4610 2231 4655; x_wconf 89' lang='lat' dir='ltr'><strong>et</strong></span> 
     </span>
    </p>
   </div>
   <div class='ocr_carea' id='block_1_94' title="bbox 666 4691 2227 4772">
    <p class='ocr_par' dir='ltr' id='par_1_94' title="bbox 666 4691 2227 4772">
     <span class='ocr_line' id='line_1_94' title="bbox 666 4691 2227 4772; baseline -0.01 -10"><span class='ocrx_word' id='word_1_709' title='bbox 666 4708 888 4763; x_wconf 83' lang='lat' dir='ltr'><strong>militem</strong></span> <span class='ocrx_word' id='word_1_710' title='bbox 935 4704 1257 4772; x_wconf 83' lang='lat' dir='ltr'><strong>religiosum.</strong></span> <span class='ocrx_word' id='word_1_711' title='bbox 1294 4698 1475 4763; x_wconf 69' lang='lat' dir='ltr'><strong>Vides,</strong></span> <span class='ocrx_word' id='word_1_712' title='bbox 1511 4692 1631 4750; x_wconf 87' lang='lat' dir='ltr'><strong>non</strong></span> <span class='ocrx_word' id='word_1_713' title='bbox 1671 4694 1872 4751; x_wconf 82' lang='lat' dir='ltr'><strong>frustra</strong></span> <span class='ocrx_word' id='word_1_714' title='bbox 1913 4694 2030 4748; x_wconf 69' lang='lat' dir='ltr'><strong>haec</strong></span> <span class='ocrx_word' id='word_1_715' title='bbox 2073 4691 2227 4756; x_wconf 91' lang='lat' dir='ltr'><strong>dicit,</strong></span> 
     </span>
    </p>
   </div>
   <div class='ocr_carea' id='block_1_95' title="bbox 665 4783 2229 4868">
    <p class='ocr_par' dir='ltr' id='par_1_95' title="bbox 665 4783 2229 4868">
     <span class='ocr_line' id='line_1_95' title="bbox 665 4783 2229 4868; baseline -0.011 -14"><span class='ocrx_word' id='word_1_716' title='bbox 665 4815 779 4861; x_wconf 71' lang='lat' dir='ltr'><strong>eus,</strong></span> <span class='ocrx_word' id='word_1_717' title='bbox 809 4795 902 4868; x_wconf 89' lang='lat' dir='ltr'><strong>qui</strong></span> <span class='ocrx_word' id='word_1_718' title='bbox 933 4793 1005 4847; x_wconf 85' lang='lat' dir='ltr'><strong>illi</strong></span> <span class='ocrx_word' id='word_1_719' title='bbox 1049 4801 1244 4863; x_wconf 68' lang='lat' dir='ltr'><strong>praesto</strong></span> <span class='ocrx_word' id='word_1_720' title='bbox 1285 4796 1442 4844; x_wconf 79' lang='lat' dir='ltr'><strong>erant</strong></span> <span class='ocrx_word' id='word_1_721' title='bbox 1484 4788 1732 4854; x_wconf 86' lang='lat' dir='ltr'><strong>assidue,</strong></span> <span class='ocrx_word' id='word_1_722' title='bbox 1768 4787 1902 4842; x_wconf 88' lang='lat' dir='ltr'><strong>tales</strong></span> <span class='ocrx_word' id='word_1_723' title='bbox 1933 4784 2121 4840; x_wconf 74' lang='lat' dir='ltr'><strong>fuisse.</strong></span> <span class='ocrx_word' id='word_1_724' title='bbox 2162 4783 2229 4838; x_wconf 80' lang='lat' dir='ltr'><strong>Et</strong></span> 
     </span>
    </p>
   </div>
   <div class='ocr_carea' id='block_1_96' title="bbox 669 4876 2228 4965">
    <p class='ocr_par' dir='ltr' id='par_1_96' title="bbox 669 4876 2228 4965">
     <span class='ocr_line' id='line_1_96' title="bbox 669 4876 2228 4965; baseline -0.011 -19"><span class='ocrx_word' id='word_1_725' title='bbox 669 4889 982 4965; x_wconf 66' lang='lat' dir='ltr'><strong>exposuisset</strong></span> <span class='ocrx_word' id='word_1_726' title='bbox 1013 4887 1084 4940; x_wconf 87' lang='lat' dir='ltr'><strong>eis</strong></span> <span class='ocrx_word' id='word_1_727' title='bbox 1106 4884 1304 4944; x_wconf 86' lang='lat' dir='ltr'><strong>omnia,</strong></span> <span class='ocrx_word' id='word_1_728' title='bbox 1328 4881 1466 4934; x_wconf 86' lang='lat' dir='ltr'><strong>misit</strong></span> <span class='ocrx_word' id='word_1_729' title='bbox 1481 4895 1564 4934; x_wconf 88' lang='lat' dir='ltr'><strong>eos</strong></span> <span class='ocrx_word' id='word_1_730' title='bbox 1583 4879 1801 4954; x_wconf 69' lang='lat' dir='ltr'><strong>Joppen.</strong></span> <span class='ocrx_word' id='word_1_731' title='bbox 1825 4876 1958 4931; x_wconf 83' lang='lat' dir='ltr'><strong>Vide</strong></span> <span class='ocrx_word' id='word_1_732' title='bbox 1986 4879 2228 4930; x_wconf 83' lang='lat' dir='ltr'><strong>animum</strong></span> 
     </span>
    </p>
   </div>
   <div class='ocr_carea' id='block_1_97' title="bbox 667 4967 2221 5042">
    <p class='ocr_par' dir='ltr' id='par_1_97' title="bbox 667 4967 2221 5042">
     <span class='ocr_line' id='line_1_97' title="bbox 667 4967 2221 5042; baseline -0.009 -6"><span class='ocrx_word' id='word_1_733' title='bbox 667 4970 998 5042; x_wconf 82' lang='lat' dir='ltr'><strong>demissum,</strong></span> <span class='ocrx_word' id='word_1_734' title='bbox 1037 4992 1099 5030; x_wconf 91' lang='lat' dir='ltr'><strong>ac</strong></span> <span class='ocrx_word' id='word_1_735' title='bbox 1144 4975 1313 5028; x_wconf 81' lang='lat' dir='ltr'><strong>fastus</strong></span> <span class='ocrx_word' id='word_1_736' title='bbox 1353 4978 1658 5041; x_wconf 85' lang='lat' dir='ltr'><strong>expertem.</strong></span> <span class='ocrx_word' id='word_1_737' title='bbox 1703 4968 1823 5023; x_wconf 84' lang='lat' dir='ltr'><strong>Non</strong></span> <span class='ocrx_word' id='word_1_738' title='bbox 1863 4967 2009 5022; x_wconf 89' lang='lat' dir='ltr'><strong>enim</strong></span> <span class='ocrx_word' id='word_1_739' title='bbox 2048 4967 2221 5035; x_wconf 55' lang='lat' dir='ltr'><strong>dixit;</strong></span> 
     </span>
    </p>
   </div>
   <div class='ocr_carea' id='block_1_98' title="bbox 669 5057 2220 5132">
    <p class='ocr_par' dir='ltr' id='par_1_98' title="bbox 669 5057 2220 5132">
     <span class='ocr_line' id='line_1_98' title="bbox 669 5057 2220 5132; baseline -0.011 -6"><span class='ocrx_word' id='word_1_740' title='bbox 669 5073 870 5126; x_wconf 73' lang='lat' dir='ltr'><strong>Vocate</strong></span> <span class='ocrx_word' id='word_1_741' title='bbox 917 5068 1050 5122; x_wconf 67' lang='lat' dir='ltr'><strong>mihi</strong></span> <span class='ocrx_word' id='word_1_742' title='bbox 1090 5067 1307 5121; x_wconf 83' lang='lat' dir='ltr'><strong>Petrum</strong></span> <span class='ocrx_word' id='word_1_743' title='bbox 1350 5081 1364 5117; x_wconf 89' lang='lat'><strong>:</strong></span> <span class='ocrx_word' id='word_1_744' title='bbox 1414 5062 1509 5117; x_wconf 90' lang='lat' dir='ltr'><strong>sed</strong></span> <span class='ocrx_word' id='word_1_745' title='bbox 1549 5071 1609 5116; x_wconf 88' lang='lat' dir='ltr'><strong>ut</strong></span> <span class='ocrx_word' id='word_1_746' title='bbox 1654 5057 2075 5132; x_wconf 83' lang='lat' dir='ltr'><strong>persuaderetur</strong></span> <span class='ocrx_word' id='word_1_747' title='bbox 2119 5058 2220 5121; x_wconf 91' lang='lat' dir='ltr'><strong>illi,</strong></span> 
     </span>
    </p>
   </div>
   <div class='ocr_carea' id='block_1_99' title="bbox 666 5151 2227 5220">
    <p class='ocr_par' dir='ltr' id='par_1_99' title="bbox 666 5151 2227 5220">
     <span class='ocr_line' id='line_1_99' title="bbox 666 5151 2227 5220; baseline -0.009 -2"><span class='ocrx_word' id='word_1_748' title='bbox 666 5165 847 5217; x_wconf 86' lang='lat' dir='ltr'><strong>omnia</strong></span> <span class='ocrx_word' id='word_1_749' title='bbox 888 5157 1178 5220; x_wconf 74' lang='lat' dir='ltr'><strong>enarravit.</strong></span> <span class='ocrx_word' id='word_1_750' title='bbox 1207 5156 1322 5209; x_wconf 82' lang='lat' dir='ltr'><strong>Non</strong></span> <span class='ocrx_word' id='word_1_751' title='bbox 1356 5155 1500 5206; x_wconf 81' lang='lat' dir='ltr'><strong>enim</strong></span> <span class='ocrx_word' id='word_1_752' title='bbox 1527 5152 1742 5207; x_wconf 84' lang='lat' dir='ltr'><strong>volebat</strong></span> <span class='ocrx_word' id='word_1_753' title='bbox 1772 5165 1870 5220; x_wconf 88' lang='lat' dir='ltr'><strong>pro</strong></span> <span class='ocrx_word' id='word_1_754' title='bbox 1903 5151 2227 5204; x_wconf 89' lang='lat' dir='ltr'><strong>auctoritate</strong></span> 
     </span>
    </p>
   </div>
   <div class='ocr_carea' id='block_1_100' title="bbox 673 5169 2230 5327">
    <p class='ocr_par' dir='ltr' id='par_1_100' title="bbox 673 5169 2230 5327">
     <span class='ocr_line' id='line_1_100' title="bbox 673 5169 2227 5220; baseline -0.009 -2"><span class='ocrx_word' id='word_1_755' title='bbox 673 5169 847 5217; x_wconf 80' lang='lat' dir='ltr'><strong>unmia</strong></span> <span class='ocrx_word' id='word_1_756' title='bbox 888 5174 955 5214; x_wconf 88' lang='lat' dir='ltr'><strong>en</strong></span> <span class='ocrx_word' id='word_1_757' title='bbox 996 5169 1178 5211; x_wconf 83' lang='lat' dir='ltr'><strong>rravtt.</strong></span> <span class='ocrx_word' id='word_1_758' title='bbox 1208 5169 1322 5209; x_wconf 70' lang='lat' dir='ltr'><strong>non</strong></span> <span class='ocrx_word' id='word_1_759' title='bbox 1356 5169 1500 5206; x_wconf 74' lang='lat' dir='ltr'><strong>enim</strong></span> <span class='ocrx_word' id='word_1_760' title='bbox 1527 5169 1742 5207; x_wconf 79' lang='lat' dir='ltr'><strong>vmenat</strong></span> <span class='ocrx_word' id='word_1_761' title='bbox 1772 5169 1870 5220; x_wconf 87' lang='lat' dir='ltr'><strong>pro</strong></span> <span class='ocrx_word' id='word_1_762' title='bbox 1903 5169 2227 5204; x_wconf 80' lang='lat' dir='ltr'><strong>aucwruate</strong></span> 
     </span>
     <span class='ocr_line' id='line_1_101' title="bbox 673 5169 2230 5327; baseline -0.012 -15"><span class='ocrx_word' id='word_1_763' title='bbox 673 5169 1096 5327; x_wconf 48' lang='lat' dir='ltr'><strong>dignitatisiuae</strong></span> <span class='ocrx_word' id='word_1_764' title='bbox 1134 5250 1283 5304; x_wconf 87' lang='lat' dir='ltr'><strong>illum</strong></span> <span class='ocrx_word' id='word_1_765' title='bbox 1316 5223 1626 5302; x_wconf 61' lang='lat' dir='ltr'><strong>a&#39;ccersere.</strong></span> <span class='ocrx_word' id='word_1_766' title='bbox 1673 5243 1878 5299; x_wconf 86' lang='lat' dir='ltr'><strong>Idcirco</strong></span> <span class='ocrx_word' id='word_1_767' title='bbox 1903 5251 2090 5296; x_wconf 82' lang='lat' dir='ltr'><strong>narrat</strong></span> <span class='ocrx_word' id='word_1_768' title='bbox 2112 5256 2230 5297; x_wconf 85' lang='lat' dir='ltr'><strong>rem</strong></span> 
     </span>
    </p>
   </div>
   <div class='ocr_carea' id='block_1_101' title="bbox 667 5362 904 5402">
    <p class='ocr_par' dir='ltr' id='par_1_101' title="bbox 667 5362 904 5402">
     <span class='ocr_line' id='line_1_102' title="bbox 667 5362 904 5402; baseline -0.008 0"><span class='ocrx_word' id='word_1_769' title='bbox 667 5362 904 5402; x_wconf 74' lang='lat' dir='ltr'><strong>omnem.</strong></span> 
     </span>
    </p>
   </div>
   <div class='ocr_carea' id='block_1_102' title="bbox 741 5427 2220 5497">
    <p class='ocr_par' dir='ltr' id='par_1_102' title="bbox 741 5427 2220 5497">
     <span class='ocr_line' id='line_1_103' title="bbox 741 5427 2220 5497; baseline -0.008 -5"><span class='ocrx_word' id='word_1_770' title='bbox 741 5439 900 5494; x_wconf 71' lang='lat' dir='ltr'><strong>Vens.</strong></span> <span class='ocrx_word' id='word_1_771' title='bbox 949 5438 1002 5491; x_wconf 86' lang='lat'><strong>9.</strong></span> <span class='ocrx_word' id='word_1_772' title='bbox 1056 5435 1265 5488; x_wconf 84' lang='lat' dir='ltr'><strong>Postero</strong></span> <span class='ocrx_word' id='word_1_773' title='bbox 1301 5440 1475 5486; x_wconf 87' lang='lat' dir='ltr'><strong>autem</strong></span> <span class='ocrx_word' id='word_1_774' title='bbox 1500 5430 1586 5482; x_wconf 86' lang='lat' dir='ltr'><strong>die</strong></span> <span class='ocrx_word' id='word_1_775' title='bbox 1613 5429 1720 5482; x_wconf 85' lang='lat' dir='ltr'><strong>illis</strong></span> <span class='ocrx_word' id='word_1_776' title='bbox 1751 5429 1851 5482; x_wconf 84' lang='lat' dir='ltr'><strong>iter</strong></span> <span class='ocrx_word' id='word_1_777' title='bbox 1888 5427 2220 5497; x_wconf 79' lang='lat' dir='ltr'><strong>facientibus,</strong></span> 
     </span>
    </p>
   </div>
   <div class='ocr_carea' id='block_1_103' title="bbox 2331 4603 3891 4679">
    <p class='ocr_par' dir='ltr' id='par_1_103' title="bbox 2331 4603 3891 4679">
     <span class='ocr_line' id='line_1_104' title="bbox 2331 4603 3891 4679; baseline -0.003 -14"><span class='ocrx_word' id='word_1_778' title='bbox 2331 4611 2393 4665; x_wconf 74' lang='grc' dir='ltr'><em>τὸ</em></span> <span class='ocrx_word' id='word_1_779' title='bbox 2419 4611 2571 4679; x_wconf 80' lang='grc' dir='ltr'><em>παρὰ</em></span> <span class='ocrx_word' id='word_1_780' title='bbox 2604 4607 2880 4662; x_wconf 78' lang='grc' dir='ltr'><em>θάλασσαν</em></span> <span class='ocrx_word' id='word_1_781' title='bbox 2929 4609 3120 4660; x_wconf 73' lang='grc' dir='ltr'><em>οἰκεῖν.</em></span> <span class='ocrx_word' id='word_1_782' title='bbox 3159 4608 3273 4660; x_wconf 84' lang='grc' dir='ltr'><strong>Οὐκ</strong></span> <span class='ocrx_word' id='word_1_783' title='bbox 3307 4603 3430 4661; x_wconf 72' lang='grc' dir='ltr'><em>εἷπε</em></span> <span class='ocrx_word' id='word_1_784' title='bbox 3459 4607 3515 4660; x_wconf 81' lang='grc' dir='ltr'><em>δὲ</em></span> <span class='ocrx_word' id='word_1_785' title='bbox 3547 4607 3637 4661; x_wconf 81' lang='grc' dir='ltr'><em>διὰ</em></span> <span class='ocrx_word' id='word_1_786' title='bbox 3674 4609 3727 4661; x_wconf 84' lang='grc' dir='ltr'><strong>τί</strong></span> <span class='ocrx_word' id='word_1_787' title='bbox 3755 4649 3774 4675; x_wconf 92' lang='grc'><strong>,</strong></span> <span class='ocrx_word' id='word_1_788' title='bbox 3811 4611 3891 4662; x_wconf 69' lang='grc' dir='ltr'><em>ἵνα</em></span> 
     </span>
    </p>
   </div>
   <div class='ocr_carea' id='block_1_104' title="bbox 2335 4697 3892 4772">
    <p class='ocr_par' dir='ltr' id='par_1_104' title="bbox 2335 4697 3892 4772">
     <span class='ocr_line' id='line_1_105' title="bbox 2335 4697 3892 4772; baseline 0.001 -18"><span class='ocrx_word' id='word_1_789' title='bbox 2335 4701 2411 4772; x_wconf 79' lang='grc' dir='ltr'><em>μὴ</em></span> <span class='ocrx_word' id='word_1_790' title='bbox 2435 4699 2639 4772; x_wconf 77' lang='grc' dir='ltr'><strong>ἐκχύσῃ</strong></span> <span class='ocrx_word' id='word_1_791' title='bbox 2660 4698 2820 4772; x_wconf 55' lang='grc' dir='ltr'><em>αἰετόν</em></span> <span class='ocrx_word' id='word_1_792' title='bbox 2842 4698 2908 4752; x_wconf 83' lang='grc'><strong>⁸⁸.</strong></span> <span class='ocrx_word' id='word_1_793' title='bbox 2941 4697 3230 4766; x_wconf 78' lang='grc' dir='ltr'><em>Φωνήσας</em></span> <span class='ocrx_word' id='word_1_794' title='bbox 3250 4697 3360 4754; x_wconf 81' lang='grc' dir='ltr'><strong>δύο</strong></span> <span class='ocrx_word' id='word_1_795' title='bbox 3378 4699 3496 4754; x_wconf 80' lang='grc' dir='ltr'><em>τῶν</em></span> <span class='ocrx_word' id='word_1_796' title='bbox 3513 4701 3765 4756; x_wconf 73' lang='grc' dir='ltr'><em>οἰκετῶν·</em></span> <span class='ocrx_word' id='word_1_797' title='bbox 3792 4705 3892 4756; x_wconf 84' lang='grc' dir='ltr'><strong>αὐ·</strong></span> 
     </span>
    </p>
   </div>
   <div class='ocr_carea' id='block_1_105' title="bbox 2331 4790 3890 4861">
    <p class='ocr_par' dir='ltr' id='par_1_105' title="bbox 2331 4790 3890 4861">
     <span class='ocr_line' id='line_1_106' title="bbox 2331 4790 3890 4861; baseline -0.002 -15"><span class='ocrx_word' id='word_1_798' title='bbox 2331 4792 2456 4858; x_wconf 84' lang='grc' dir='ltr'><em>τοῦ,</em></span> <span class='ocrx_word' id='word_1_799' title='bbox 2502 4791 2601 4845; x_wconf 77' lang='grc' dir='ltr'><em>καὶ</em></span> <span class='ocrx_word' id='word_1_800' title='bbox 2628 4791 2999 4860; x_wconf 85' lang='grc' dir='ltr'><em>στρατιώτην</em></span> <span class='ocrx_word' id='word_1_801' title='bbox 3040 4790 3282 4860; x_wconf 82' lang='grc' dir='ltr'><em>εὐσεϐῆ.</em></span> <span class='ocrx_word' id='word_1_802' title='bbox 3329 4790 3517 4861; x_wconf 72' lang='grc' dir='ltr'>Ὁρᾷς,</span> <span class='ocrx_word' id='word_1_803' title='bbox 3550 4792 3647 4861; x_wconf 83' lang='grc' dir='ltr'><strong>οὐχ</strong></span> <span class='ocrx_word' id='word_1_804' title='bbox 3703 4793 3890 4854; x_wconf 75' lang='grc' dir='ltr'><em>ἁπλῶς</em></span> 
     </span>
    </p>
   </div>
   <div class='ocr_carea' id='block_1_106' title="bbox 2327 4881 3890 4952">
    <p class='ocr_par' dir='ltr' id='par_1_106' title="bbox 2327 4881 3890 4952">
     <span class='ocr_line' id='line_1_107' title="bbox 2327 4881 3890 4952; baseline -0.002 -17"><span class='ocrx_word' id='word_1_805' title='bbox 2327 4881 2504 4937; x_wconf 83' lang='grc' dir='ltr'><em>ταῦτά</em></span> <span class='ocrx_word' id='word_1_806' title='bbox 2526 4898 2711 4952; x_wconf 88' lang='grc' dir='ltr'><em>φησιν,</em></span> <span class='ocrx_word' id='word_1_807' title='bbox 2741 4882 2824 4934; x_wconf 84' lang='grc' dir='ltr'><strong>δτι</strong></span> <span class='ocrx_word' id='word_1_808' title='bbox 2844 4884 2894 4935; x_wconf 87' lang='lat' dir='ltr'><strong>ol</strong></span> <span class='ocrx_word' id='word_1_809' title='bbox 2923 4882 3456 4952; x_wconf 78' lang='grc' dir='ltr'><em>προσκαρτεροῦντες</em></span> <span class='ocrx_word' id='word_1_810' title='bbox 3485 4882 3634 4951; x_wconf 86' lang='grc' dir='ltr'><strong>αὐτῷ</strong></span> <span class='ocrx_word' id='word_1_811' title='bbox 3655 4883 3890 4935; x_wconf 77' lang='grc' dir='ltr'><em>τοιοῦτοι</em></span> 
     </span>
    </p>
   </div>
   <div class='ocr_carea' id='block_1_107' title="bbox 2329 4971 3893 5047">
    <p class='ocr_par' dir='ltr' id='par_1_107' title="bbox 2329 4971 3893 5047">
     <span class='ocr_line' id='line_1_108' title="bbox 2329 4971 3893 5047; baseline -0.001 -19"><span class='ocrx_word' id='word_1_812' title='bbox 2329 4971 2486 5047; x_wconf 73' lang='grc' dir='ltr'><em>ἦσαν.</em></span> <span class='ocrx_word' id='word_1_813' title='bbox 2505 4975 2608 5028; x_wconf 83' lang='lat' dir='ltr'><strong>Kal</strong></span> <span class='ocrx_word' id='word_1_814' title='bbox 2623 4973 3080 5042; x_wconf 75' lang='grc' dir='ltr'><em>ἐξηγησάμενος</em></span> <span class='ocrx_word' id='word_1_815' title='bbox 3092 4973 3292 5039; x_wconf 84' lang='grc' dir='ltr'><em>αὐτοῖς</em></span> <span class='ocrx_word' id='word_1_816' title='bbox 3303 4971 3760 5044; x_wconf 76' lang='grc' dir='ltr'><em>πάντα,ἶὰπέστε</em></span> <span class='ocrx_word' id='word_1_817' title='bbox 3769 4976 3893 5026; x_wconf 64' lang='grc' dir='ltr'><em>ιλεν</em></span> 
     </span>
    </p>
   </div>
   <div class='ocr_carea' id='block_1_108' title="bbox 2336 5063 3890 5154">
    <p class='ocr_par' dir='ltr' id='par_1_108' title="bbox 2336 5063 3890 5154">
     <span class='ocr_line' id='line_1_109' title="bbox 2336 5063 3890 5154; baseline -0.001 -36"><span class='ocrx_word' id='word_1_818' title='bbox 2336 5065 2556 5154; x_wconf 77' lang='grc' dir='ltr'><em>αὐτοὺς</em></span> <span class='ocrx_word' id='word_1_819' title='bbox 2603 5066 2689 5128; x_wconf 87' lang='grc' dir='ltr'><strong>εις</strong></span> <span class='ocrx_word' id='word_1_820' title='bbox 2725 5063 3113 5154; x_wconf 45' lang='grc' dir='ltr'><em>τὴνίόππηνὶ.</em></span> <span class='ocrx_word' id='word_1_821' title='bbox 3152 5065 3294 5137; x_wconf 82' lang='grc' dir='ltr'><em>Ὅρα</em></span> <span class='ocrx_word' id='word_1_822' title='bbox 3324 5065 3385 5117; x_wconf 79' lang='grc' dir='ltr'><em>τὸ</em></span> <span class='ocrx_word' id='word_1_823' title='bbox 3415 5064 3637 5133; x_wconf 72' lang='grc' dir='ltr'><em>ἄτυφον.</em></span> <span class='ocrx_word' id='word_1_824' title='bbox 3673 5063 3752 5117; x_wconf 80' lang='grc' dir='ltr'><strong>Οὐ</strong></span> <span class='ocrx_word' id='word_1_825' title='bbox 3789 5065 3890 5136; x_wconf 76' lang='grc' dir='ltr'><strong>γὰρ</strong></span> 
     </span>
    </p>
   </div>
   <div class='ocr_carea' id='block_1_109' title="bbox 2339 5152 3887 5226">
    <p class='ocr_par' dir='ltr' id='par_1_109' title="bbox 2339 5152 3887 5226">
     <span class='ocr_line' id='line_1_110' title="bbox 2339 5152 3887 5226; baseline 0.001 -19"><span class='ocrx_word' id='word_1_826' title='bbox 2339 5152 2479 5208; x_wconf 74' lang='grc' dir='ltr'><em>εἴπεο</em></span> <span class='ocrx_word' id='word_1_827' title='bbox 2511 5154 2790 5206; x_wconf 85' lang='grc' dir='ltr'><em>Καλέσατέ</em></span> <span class='ocrx_word' id='word_1_828' title='bbox 2833 5170 2920 5224; x_wconf 88' lang='grc' dir='ltr'><strong>μοι</strong></span> <span class='ocrx_word' id='word_1_829' title='bbox 2972 5152 3208 5226; x_wconf 85' lang='grc' dir='ltr'><em>Πέτρον·</em></span> <span class='ocrx_word' id='word_1_830' title='bbox 3249 5157 3366 5210; x_wconf 77' lang='grc' dir='ltr'><em>ἀλλ’</em></span> <span class='ocrx_word' id='word_1_831' title='bbox 3393 5156 3532 5210; x_wconf 83' lang='grc' dir='ltr'><em>ὥστε</em></span> <span class='ocrx_word' id='word_1_832' title='bbox 3567 5157 3662 5210; x_wconf 77' lang='grc' dir='ltr'><strong>καὶ</strong></span> <span class='ocrx_word' id='word_1_833' title='bbox 3705 5161 3887 5211; x_wconf 79' lang='grc' dir='ltr'><em>πεῖσαι</em></span> 
     </span>
    </p>
   </div>
   <div class='ocr_carea' id='block_1_110' title="bbox 2311 5243 3888 5316">
    <p class='ocr_par' dir='ltr' id='par_1_110' title="bbox 2311 5243 3888 5316">
     <span class='ocr_line' id='line_1_111' title="bbox 2311 5243 3888 5316; baseline -0.01 -16"><span class='ocrx_word' id='word_1_834' title='bbox 2311 5245 2644 5315; x_wconf 67' lang='grc' dir='ltr'><strong>¹ἐξηγήσατο</strong></span> <span class='ocrx_word' id='word_1_835' title='bbox 2676 5245 2913 5298; x_wconf 74' lang='grc' dir='ltr'><em>ἅπαντα.</em></span> <span class='ocrx_word' id='word_1_836' title='bbox 2945 5245 3027 5311; x_wconf 68' lang='grc' dir='ltr'><strong>ΔΟὐ</strong></span> <span class='ocrx_word' id='word_1_837' title='bbox 3066 5247 3174 5315; x_wconf 81' lang='grc' dir='ltr'><strong>γὰρ</strong></span> <span class='ocrx_word' id='word_1_838' title='bbox 3215 5245 3370 5314; x_wconf 69' lang='grc' dir='ltr'><em>ἠξίου</em></span> <span class='ocrx_word' id='word_1_839' title='bbox 3399 5245 3508 5298; x_wconf 71' lang='grc' dir='ltr'><strong>ἀπὸ</strong></span> <span class='ocrx_word' id='word_1_840' title='bbox 3526 5243 3619 5298; x_wconf 74' lang='grc' dir='ltr'><em>τοῦ</em></span> <span class='ocrx_word' id='word_1_841' title='bbox 3645 5244 3888 5316; x_wconf 48' lang='lat' dir='ltr'><strong>deum“-</strong></span> 
     </span>
    </p>
   </div>
   <div class='ocr_carea' id='block_1_111' title="bbox 2335 5328 3821 5407">
    <p class='ocr_par' dir='ltr' id='par_1_111' title="bbox 2335 5328 3821 5407">
     <span class='ocr_line' id='line_1_112' title="bbox 2335 5328 3821 5407; baseline -0.002 -20"><span class='ocrx_word' id='word_1_842' title='bbox 2335 5352 2427 5399; x_wconf 84' lang='grc' dir='ltr'><strong>τος</strong></span> <span class='ocrx_word' id='word_1_843' title='bbox 2452 5332 3119 5407; x_wconf 61' lang='grc' dir='ltr'><em>αύτὺνζμεταπέμψασθαι.</em></span> <span class='ocrx_word' id='word_1_844' title='bbox 3153 5328 3252 5384; x_wconf 72' lang='grc' dir='ltr'><strong>Διά</strong></span> <span class='ocrx_word' id='word_1_845' title='bbox 3275 5331 3453 5398; x_wconf 83' lang='grc' dir='ltr'><em>τοῦτο,</em></span> <span class='ocrx_word' id='word_1_846' title='bbox 3491 5330 3821 5402; x_wconf 76' lang='grc' dir='ltr'><em>ἐξηγήσατο.</em></span> 
     </span>
    </p>
   </div>
   <div class='ocr_carea' id='block_1_112' title="bbox 2409 5419 3883 5497">
    <p class='ocr_par' dir='ltr' id='par_1_112' title="bbox 2409 5419 3883 5497">
     <span class='ocr_line' id='line_1_113' title="bbox 2409 5419 3883 5497; baseline -0.004 -17"><span class='ocrx_word' id='word_1_847' title='bbox 2409 5426 2486 5494; x_wconf 73' lang='grc' dir='ltr'><strong>Τῇ</strong></span> <span class='ocrx_word' id='word_1_848' title='bbox 2513 5425 2579 5476; x_wconf 82' lang='grc' dir='ltr'><em>δὲ</em></span> <span class='ocrx_word' id='word_1_849' title='bbox 2608 5424 2889 5490; x_wconf 80' lang='grc' dir='ltr'><em>ἐπαύριον</em></span> <span class='ocrx_word' id='word_1_850' title='bbox 2935 5421 3432 5497; x_wconf 62' lang='grc' dir='ltr'><em>ρὃιποιρούντων</em></span> <span class='ocrx_word' id='word_1_851' title='bbox 3484 5423 3757 5488; x_wconf 81' lang='grc' dir='ltr'><em>ἐκείνων,</em></span> <span class='ocrx_word' id='word_1_852' title='bbox 3794 5419 3883 5474; x_wconf 66' lang='grc' dir='ltr'><strong>καὶ</strong></span> 
     </span>
    </p>
   </div>
   <div class='ocr_carea' id='block_1_113' title="bbox 1848 5562 2671 5629">
    <p class='ocr_par' dir='ltr' id='par_1_113' title="bbox 1848 5562 2671 5629">
     <span class='ocr_line' id='line_1_114' title="bbox 1848 5562 2671 5629; baseline -0.001 -8"><span class='ocrx_word' id='word_1_853' title='bbox 1848 5563 2046 5626; x_wconf 68' lang='lat' dir='ltr'><strong>Variae</strong></span> <span class='ocrx_word' id='word_1_854' title='bbox 2076 5562 2386 5629; x_wconf 82' lang='lat' dir='ltr'><strong>lectiones</strong></span> <span class='ocrx_word' id='word_1_855' title='bbox 2428 5565 2486 5622; x_wconf 87' lang='lat' dir='ltr'><strong>et</strong></span> <span class='ocrx_word' id='word_1_856' title='bbox 2509 5569 2671 5621; x_wconf 68' lang='lat' dir='ltr'><strong>nota:-</strong></span> 
     </span>
    </p>
   </div>
   <div class='ocr_carea' id='block_1_114' title="bbox 733 5685 2224 5781">
    <p class='ocr_par' dir='ltr' id='par_1_114' title="bbox 733 5691 2223 5771">
     <span class='ocr_line' id='line_1_115' title="bbox 733 5691 2223 5771; baseline -0.009 -14"><span class='ocrx_word' id='word_1_857' title='bbox 733 5706 775 5735; x_wconf 55' lang='grc' dir='ltr'><em>εδ</em></span> <span class='ocrx_word' id='word_1_858' title='bbox 810 5701 872 5756; x_wconf 86' lang='lat' dir='ltr'><strong>In</strong></span> <span class='ocrx_word' id='word_1_859' title='bbox 904 5700 1115 5771; x_wconf 81' lang='lat' dir='ltr'><strong>uulgato</strong></span> <span class='ocrx_word' id='word_1_860' title='bbox 1172 5704 1268 5762; x_wconf 82' lang='lat' dir='ltr'><strong>est,</strong></span> <span class='ocrx_word' id='word_1_861' title='bbox 1328 5697 1419 5750; x_wconf 72' lang='grc' dir='ltr'><strong>καὶ</strong></span> <span class='ocrx_word' id='word_1_862' title='bbox 1460 5695 1884 5765; x_wconf 73' lang='grc' dir='ltr'><em>ἐξηγησάμενος.</em></span> <span class='ocrx_word' id='word_1_863' title='bbox 1963 5693 2006 5724; x_wconf 72' lang='grc'><strong>⁸⁷</strong></span> <span class='ocrx_word' id='word_1_864' title='bbox 2043 5692 2135 5744; x_wconf 81' lang='grc' dir='ltr'><strong>ἀπ’</strong></span> <span class='ocrx_word' id='word_1_865' title='bbox 2187 5691 2223 5743; x_wconf 79' lang='grc' dir='ltr'>ἆ</span> 
     </span>
    </p>
   </div>
   <div class='ocr_carea' id='block_1_115' title="bbox 2327 5685 3426 5781">
    <p class='ocr_par' dir='ltr' id='par_1_115' title="bbox 2327 5685 3426 5781">
     <span class='ocr_line' id='line_1_116' title="bbox 2327 5685 3426 5757; baseline -0.006 -14"><span class='ocrx_word' id='word_1_866' title='bbox 2327 5708 2345 5743; x_wconf 75' lang='grc' dir='ltr'><strong>ν</strong></span> <span class='ocrx_word' id='word_1_867' title='bbox 2376 5689 2565 5742; x_wconf 82' lang='lat' dir='ltr'><strong>eratin</strong></span> <span class='ocrx_word' id='word_1_868' title='bbox 2604 5688 2916 5757; x_wconf 45' lang='lat' dir='ltr'><strong>apogral-ilto.</strong></span> <span class='ocrx_word' id='word_1_869' title='bbox 2995 5687 3039 5718; x_wconf 78' lang='lat'>“</span> <span class='ocrx_word' id='word_1_870' title='bbox 3075 5685 3242 5756; x_wconf 80' lang='grc' dir='ltr'><em>αὐτὴν</em></span> <span class='ocrx_word' id='word_1_871' title='bbox 3290 5694 3426 5739; x_wconf 84' lang='lat' dir='ltr'><strong>erat.</strong></span> 
     </span>
     <span class='ocr_line' id='line_1_117' title="bbox 3140 5760 3147 5781; baseline 0 0"><span class='ocrx_word' id='word_1_872' title='bbox 3140 5760 3147 5781; x_wconf 68' lang='grc' dir='ltr'><strong>ι</strong></span> 
     </span>
    </p>
   </div>
   <div class='ocr_carea' id='block_1_116' title="bbox 740 5812 1514 5872">
    <p class='ocr_par' dir='ltr' id='par_1_116' title="bbox 740 5812 1514 5872">
     <span class='ocr_line' id='line_1_118' title="bbox 740 5812 1514 5872; baseline -0.009 -1"><span class='ocrx_word' id='word_1_873' title='bbox 740 5819 756 5855; x_wconf 70' lang='grc'><strong>⁸</strong></span> <span class='ocrx_word' id='word_1_874' title='bbox 816 5816 1034 5872; x_wconf 80' lang='lat' dir='ltr'><strong>Videtur</strong></span> <span class='ocrx_word' id='word_1_875' title='bbox 1075 5814 1224 5868; x_wconf 83' lang='lat' dir='ltr'><strong>locus</strong></span> <span class='ocrx_word' id='word_1_876' title='bbox 1275 5812 1514 5864; x_wconf 83' lang='lat' dir='ltr'><strong>mutilus.</strong></span> 
     </span>
    </p>
   </div>
  </div>
