4064 6340
225 397 345 460 εδδ
393 377 396 380 ’

959 386 1357 448 EXPOSITIO
1397 385 1476 444 IN
1500 384 1683 442 ACTA
1715 384 2280 447 APOSTOLORUM.
2320 412 2386 475 -έ-
2423 390 2580 480 (ἈΡ.
2610 391 2684 450 Χ.

3318 394 3481 460 (66η

227 507 307 560 ἐν
333 504 487 570 olida
525 503 781 568 Σίμωνος
807 498 1083 566 βυρσέως
1130 495 1287 563 παρὰ
1331 495 1668 558 θάλασσαν,
1718 492 1760 545 δι

1884 493 2067 560 pitium
2080 496 2132 546 in
2163 496 2315 548 domo
2340 495 2562 550 Simonis
2592 495 2810 552 ceriarii
2827 499 2983 568 juga
3013 518 3157 556 mare
3180 520 3198 557 :
3218 507 3303 574 qui
3339 507 3421 558 ubi

225 595 706 661 παραγενόμενος
733 589 987 653 λαλήσει
1017 601 1134 639 σοι.

319 684 414 747 Ἐξ
433 681 616 748 αὐτῆς
638 678 750 734 οὖν
768 679 1002 746 ἔπεμψα
1014 677 1160 744 πρὸς
1175 675 1248 728 σέ
1268 676 1310 706 ’δ’
1334 676 1354 706 ⁵
1369 691 1381 705 ο
1405 676 1485 728 σύ
1501 691 1559 726 τε
1580 672 1776 737 καλῶς

223 769 528 834 ἐποίησας
551 765 1043 832 παραγενόμενος.
1073 763 1205 816 Νῦν
1231 758 1342 816 οὖν
1362 761 1576 825 πάντες
1609 760 1778 827 ἡμεῖς

222 859 488 910 ἐνώπιον
555 855 659 908 τοῦ
727 853 874 908 Θεοῦ
946 854 1442 920 παρεστήκαμενθ
1524 853 1776 906 ἀκοῦσαι

232 945 535 1010 ads-rara
573 942 1054 1009 προστεταγμένα
1083 955 1180 992 σοι
1211 939 1327 991 ὑπὸ
1365 941 1470 992 τοῦ
1502 941 1667 992 Θεοῦ.

312 1027 510 1102 ’Υμεῖς
541 1033 884 1097 ἐπίστασθε,
926 1032 1004 1095 ὠς
1031 1029 1302 1096 ἀθέμιτόν
1333 1030 1520 1083 ἐστιν.
1561 1030 1776 1092 Εὐθέως

226 1125 362 1193 περὶ
403 1125 499 1191 τῆς
553 1121 644 1175 τοῦ
682 1121 814 1174 Θεοῦ
861 1118 1262 1189 φιλανθρωπίας
1303 1119 1638 1183 διαλέγεται,
1681 1119 1774 1170 καὶ

224 1211 503 1263 δείκνυσιν
525 1211 605 1263 ὅτι
639 1210 845 1280 μεγάλα
865 1209 1047 1270 αὐτοῖς
1080 1207 1362 1278 ἐχαρίσατο
1384 1212 1411 1260 6
1444 1209 1572 1270 Θεός
1593 1226 1608 1240 ο
1637 1207 1770 1278 ὁμοῦ

222 1300 285 1353 δὲ
313 1301 408 1354 καὶ
440 1300 653 1370 μεγάλα
683 1287 972 1367 φθέγγεται
997 1298 1090 1350 καὶ
1120 1299 1413 1368 μετριάζει.
1448 1298 1520 1351 Οὐ
1546 1297 1651 1365 γὰρ
1684 1294 1773 1349 εἷ-

222 1405 353 1452 πεν,
383 1390 740 1458 ,⁹Δνθρωποι,
793 1388 979 1458 μηδενὶ
1036 1387 1412 1450 καταξιοῦντες
1462 1386 1769 1450 κολλᾶσθαι,

222 1478 465 1547 ἧλθομεν
499 1479 632 1547 πρὸς
662 1480 802 1547 ὑμᾶς
826 1494 838 1507 ·
877 1478 1009 1530 ἀλλὰ
1039 1478 1124 1542 τί;
1163 1478 1344 1546 Ὑμεῖς
1374 1476 1659 1528 ἐπίστασθε
1697 1476 1772 1539 ὡς

163 1598 166 1599 ν
221 1570 250 1619 6
291 1568 422 1630 Θεὸς
450 1568 605 1621 τοῦτο
643 1568 923 1628 ἐκέλευσε,
971 1569 1281 1637 παράνομον
1311 1562 1447 1618 εἶναι
1481 1565 1770 1618 κολλᾶσθαι

218 1660 254 1728 ἢ
292 1660 688 1729 προσέρχεσθαι
727 1657 1035 1727 ἀλλοφύλῳο
1078 1659 1170 1710 καὶ
1213 1656 1332 1724 ἐμοὶ
1366 1659 1393 1709 ὁ
1439 1656 1569 1718 Θεὸς
1606 1656 1769 1718 ἔδειξε

222 1751 432 1820 μηδένα
487 1750 685 1814 κοινὸν,
747 1749 780 1819 ἢ
838 1750 1142 1818 ἀκάθαρτον
1215 1746 1393 1812 λέγειν
1465 1747 1765 1816 ἄνθρωπον.

219 1824 563 1907 Σημέιωτέον
589 1839 718 1897 ὅτιὸ
742 1837 902 1900 αὐτὸς
929 1838 1056 1899 Θεὸς
1082 1836 1338 1905 ἐπέτρεψε
1364 1836 1440 1905 τῷ
1462 1837 1762 1907 Χριστιανῷ

216 1928 337 1998 λαῷ
363 1926 564 1997 μηδένα
602 1929 882 1998 ἄνθρωπον
910 1927 1083 1980 κοινὸν
1125 1927 1159 1996 ἢ
1205 1927 1506 1996 ἀκάθαρτον
1545 1928 1754 1995 λέγειν,

215 2020 356 2073 ἀλλὰ
398 2022 631 2072 συνεῖναι
659 2021 863 2082 αὐτοῖς,
898 2019 990 2072 ἆτε
1033 2018 1254 2081 ἐλπίδας
1298 2018 1478 2087 ἔχουσι
1527 2018 1619 2070 τοῦ
1665 2036 1750 2070 m-

217 2111 432 2164 στεύειν
453 2108 681 2177 μάλιστα
702 2109 780 2171 είς
809 2110 1055 2176 Χριστόν.
1087 2107 1457 2174 Πυνθάνομαι
1485 2102 1614 2169 οὖν,
1641 2109 1759 2159 τίνι

211 2199 376 2272 λόγῳ
400 2196 857 2267 μετεπέμψασθέ
893 2212 1004 2265 με;
1058 2197 1195 2265 Ἤδη
1238 2197 1297 2249 τὸ
1350 2199 1456 2249 πᾶν
1496 2198 1522 2248 6
1559 2197 1759 2264 Πέτρος

215 2289 417 2356 ἦκουσε
456 2289 549 2340 καὶ
574 2288 724 2356 παρὰ
761 2288 867 2340 τῶν
898 2286 1266 2358 στρατιωτῶν·
1303 2285 1437 2338 ἀλλὰ
1468 2287 1711 2355 βούλεται
1733 2294 1754 2325 ⁷

215 2377 432 2446 πρῶτον
461 2378 656 2441 αὐτοὺς
681 2377 1008 2446 ὁμολογῆσαι
1042 2377 1134 2429 καὶ
1167 2375 1490 2438 ὑπευθύνους
1533 2376 1756 2445 ποιῆσαι

212 2470 281 2537 τῇ
313 2467 513 2519 πίστει.
560 2468 676 2534 Τὴν
702 2467 960 2534 ἐννὰτην
980 2467 1156 2533 ὥραν,
1192 2470 1340 2536 φησὶ,
1368 2470 1758 2534 προσευχόμε-

216 2573 350 2622 νος.
370 2557 434 2609 Τί
456 2557 570 2609 ἔστι
599 2556 787 2621 τοῦτο;
842 2558 992 2624 Ἐμοὶ
1024 2556 1169 2608 δοκεῖ
1196 2558 1415 2623 καιροὺς
1450 2552 1598 2618 οὗτος
1624 2555 1754 2624 dign;

212 2645 371 2702 κέναι
403 2644 576 2716 ἑαυτῷ
603 2626 720 2716 βίον
749 2643 1160 2713 ἀκριϐεστάτου,
1210 2647 1302 2697 καὶ
1345 2645 1401 2694 ἐν
1442 2660 1580 2695 τισιν
1613 2645 1759 2710 ,ἡμέ-

215 2728 361 2804 ραις.
387 2735 482 2787 Διά
513 2735 619 2802 γὰρ
641 2731 796 2786 τοῦτο
826 2727 1010 2783 εἷπενο
1050 2730 1185 2783 Ἀπὸ
1208 2731 1487 2798 τετάρτης
1518 2730 1755 2798 ἡμέρας.

216 2822 361 2892 Ὅρα
385 2825 546 2876 πόσον
569 2824 714 2876 ἐστίν
729 2823 894 2893 ίεῦχήι
917 2821 1045 2876 Ὅτε
1069 2819 1335 2873 ἐπέδωκεν
1357 2821 1432 2881 εἰς
1455 2820 1754 2882 εὐλάϐειαν,

194 2913 334 2971 ,τότε
382 2913 624 2982 φαίνεται
657 2913 804 2981 αύτῷ
846 2913 875 2963 6
910 2911 1156 2977 ἄγγελος.
1201 2907 1345 2978 Αὕτη
1397 2908 1492 2977 μία
1535 2908 1753 2976 ἡμέραι·

215 3005 312 3054 καὶ
358 3004 424 3071 ἣν
477 3002 714 3071 ἀπῆλθον
765 3002 813 3053 oi
850 2999 1189 3068 πεμφθέντες
1245 2999 1394 3067 παρὰ
1437 2995 1753 3068 Κορνηλίου,

218 3092 316 3160 μία
337 3108 350 3120 ·
381 3092 471 3145 καὶ
494 3092 560 3161 ἣν
592 3088 774 3161 ἦλθον,
824 3090 943 3159 μία,
983 3091 1074 3142 καὶ
1104 3090 1357 3158 τέταρτον
1402 3090 1596 3158 ἐφάνη,
1627 3089 1758 3143 ὡσεὶ

215 3180 405 3250 τρίτην
445 3181 593 3250 ὥραν
642 3180 759 3250 μεθ’
786 3182 853 3250 ἣν
894 3179 1250 3249 προσηύξατο.
1292 3179 1400 3232 Καὶ
1449 3180 1577 3232 ἰδοὺ
1605 3179 1759 3248 ἀνὴρ
1785 3217 1829 3279 C

215 3271 365 3336 ἔστη
385 3271 639 3324 ἐνώπιόν
651 3287 791 3339 μου.
813 3271 886 3324 Οὐ
904 3271 1068 3340 λέγει,
1100 3272 1383 3337 Ἄγγελος,
1409 3272 1544 3335 ἀλλ’,
1573 3272 1758 3338 Ἀνήρο

207 3341 386 3422 οὕτως
413 3361 558 3412 ἐστὶν
589 3359 812 3428 ἄτυφος.
853 3361 1022 3412 Ἴδετε
1055 3361 1110 3412 δὲ
1147 3362 1380 3412 διάνοιαν
1407 3361 1762 3430 διεγηγερμέ-

218 3464 345 3517 νην·
378 3449 514 3502 ίδετε
547 3449 661 3512 πῶς
685 3449 830 3512 ἄξιος
859 3444 928 3517 ἦν
971 3449 1173 3502 τούτων
1213 3450 1446 3503 πάντων.
1489 3451 1618 3504 Νῦν
1647 3445 1761 3504 οὖν

217 3539 435 3603 πάντες
476 3538 645 3607 ἡμεῖς
686 3538 941 3592 ἐνώπιον
971 3539 1074 3592 τοῦ
1107 3539 1251 3593 Θεοῦ
1282 3542 1755 3609 παρεστήκαμεν.

217 3630 328 3683 Οὐκ
370 3626 542 3696 εἶπεν,
598 3627 853 3683 Ἐνώπιον
898 3629 1180 3700 ἀνθρώπου
1206 3672 1221 3695 ,
1266 3628 1402 3685 ἀλλὰ
1442 3631 1753 3686 τοῦΘεοῦ.

217 3719 366 3775 οὕτω
390 3720 471 3774 δεί
495 3721 783 3792 προσέχειν
808 3722 921 3784 τοῖς
957 3721 1050 3774 τοῦ
1079 3721 1212 3775 Θεοῦ
1249 3721 1477 3784 δούλοις.

292 3961 561 4028 Ἀνοίξας
605 3961 674 4015 δὲ
705 3961 920 4032 Πέτρος
951 3963 1015 4017 τὸ
1061 3966 1254 4034 στόμα
1282 3965 1464 4020 αὐοοῦ
1488 3967 1508 4000 ⁸
1552 3969 1751 4022 sister

226 4052 346 4105 Ἐπ’
392 4054 672 4121 ἀληθείας
720 4055 1234 4125 καταλαμϐάνομαι
1257 4098 1272 4124 ,
1322 4059 1411 4114 ὅτι
1461 4061 1569 4114 οὐκ
1623 4062 1751 4114 ἐστι

212 4144 724 4218 προσωπολήπτης
754 4148 786 4200 ό
815 4147 958 4210 Θεός
976 4161 997 4191 ’-
1572 4196 1576 4199 .

291 4231 448 4285 Ἀλλ’
478 4234 544 4284 ἐν
576 4219 754 4285 παντί
783 4235 936 4287 ἔθνει
962 4237 996 4287 d
1020 4237 1383 4304 φοϐούμενος
1418 4240 1620 4305 αὐτὸν,
1650 4241 1747 4296 καί

211 4319 584 4388 ἐργαζόμενος
613 4308 1024 4390 δικαιοσύνην,
1064 4323 1271 4389 δεκτὸς
1300 4326 1456 4392 αὐτῷ
1493 4330 1643 4385 ἐστι.

282 4410 392 4461 Τὸν
430 4411 636 4478 λόγον,
687 4410 757 4464 ὃν
803 4412 1118 4468 ἀπέστειλε
1153 4416 1275 4482 τοῖς
1320 4408 1469 4484 ύίοῖς
1504 4419 1748 4487 Ἰσραὴλ

1882 589 2096 649 uenerit,
2131 585 2363 653 loquetur
2386 590 2496 643 tibi.

1945 669 2103 726 Vens.
2127 675 2214 726 55.
2236 675 2419 742 Itaque
2448 677 2700 744 extemplo
2723 679 2837 732 misi
2865 680 2933 733 ad
2965 681 3038 734 tei
3073 699 3087 735 :
3120 699 3183 735 ac
3210 693 3264 737 tu
3293 685 3420 739 bene

1877 761 2061 827 fecisti,
2087 765 2173 831 qui
2202 766 2489 818 adveneris.
2516 765 2668 819 Nunc
2697 769 2860 838 igitur
2881 787 2972 823 nos
2990 789 3163 826 omnes
3187 778 3423 828 astamns

1875 851 1931 903 in
1961 864 2228 920 conspectu
2249 855 2362 918 Dei,
2385 858 2562 922 parati
2581 860 2761 913 audire
2790 863 2980 927 omnia,
3016 879 3132 932 qute
3156 864 3246 916 tibi
3269 882 3422 919 man--

1875 942 2003 994 data
2033 954 2152 996 sunt
2185 962 2217 996 a
2259 945 2382 999 Deo.

1954 1029 2052 1083 Vos
2075 1034 2220 1086 scitis
2244 1051 2398 1101 quam
2419 1051 2521 1088 non
2546 1038 2744 1090 licitum
2769 1040 2856 1104 sit,
2884 1050 2988 1094 etc.
3021 1041 3212 1096 Statim
3235 1043 3300 1096 de
3326 1043 3420 1097 Dei

1876 1119 2129 1174 adversus
2153 1122 2400 1176 homines
2417 1124 2596 1178 studio
2617 1134 2776 1194 atque
2804 1127 3136 1183 humanitate
3161 1130 3418 1198 loquitur.

1875 1214 1929 1258 et
1970 1207 2205 1260 ostendit
2236 1207 2404 1260 Deum
2447 1225 2636 1278 magna
2667 1212 2746 1265 eis
2788 1212 3036 1283 largitum
3067 1229 3208 1269 esse.
3251 1214 3421 1268 Simul

1873 1304 2046 1348 autem
2069 1304 2122 1348 et
2147 1313 2334 1367 magna
2357 1299 2614 1367 loquitur,
2636 1310 2692 1354 et
2717 1303 3037 1357 modestiam
3062 1305 3279 1358 adhibet
3303 1321 3418 1359 ser-

1872 1385 2066 1439 monis.
2101 1384 2219 1439 Non
2249 1387 2390 1440 enim
2425 1389 2590 1453 dixit,
2633 1390 2919 1454 Homines,
2953 1395 3041 1461 qui
3082 1395 3282 1447 nemini
3322 1410 3421 1448 nos

1871 1476 2163 1547 adjungcre
2199 1487 2358 1544 atque
2398 1495 2680 1549 aggregare
2722 1485 3034 1552 dignamur,
3078 1487 3320 1538 venimus
3354 1487 3418 1538 ad

1871 1583 1964 1621 vos
1991 1607 2006 1631 ,
2042 1568 2132 1628 sed
2178 1568 2348 1636 quid?
2380 1567 2487 1622 Vos
2521 1571 2672 1624 scitis
2711 1572 2873 1625 Deum
2914 1574 2964 1626 id
3004 1573 3228 1642 jussissc
3257 1590 3271 1625 :
3302 1573 3426 1640 lege

1873 1657 2097 1710 vetitum
2131 1673 2251 1711 esse
2281 1660 2530 1729 conjungi
2567 1669 2615 1714 et
2659 1663 2932 1731 aggregari
2969 1678 3102 1726 nos,
3133 1672 3225 1723 aut
3264 1656 3433 1716 accc--

1870 1748 1996 1801 dere
2028 1748 2094 1801 ad
2125 1748 2501 1817 alienigenam.
2538 1750 2642 1804 Sed
2681 1753 2808 1804 mihi
2845 1753 2986 1805 Dens
3024 1754 3285 1814 ostendit,
3323 1768 3420 1807 nc~

1872 1838 2069 1890 minem
2116 1838 2397 1906 profanum
2429 1849 2521 1892 aut
2564 1842 2834 1909 impurum
2876 1841 3144 1894 hominem
3186 1857 3305 1910 esse
3337 1843 3422 1896 di-

1871 1929 2119 1981 cendum.
2179 1928 2484 2000 Notandum
2546 1932 2794 1985 eumdem
2855 1931 3019 1984 Deum
3081 1933 3420 2000 permississe

1864 2020 2061 2086 populo
2110 2019 2452 2085 Christiano,
2494 2022 2767 2074 neminem
2810 2023 3085 2076 hominem
3131 2023 3418 2092 profanum

1861 2118 1954 2161 aut
1997 2109 2266 2178 impurum
2299 2111 2506 2176 dicere,
2557 2113 2648 2167 sed
2683 2128 2783 2164 una
2819 2114 3000 2167 vivere
3042 2130 3163 2168 eum
3208 2116 3317 2177 eis,
3359 2100 3420 2167 ιιι

1868 2199 1952 2264 qui
1981 2213 2130 2268 spem
2163 2199 2396 2254 habeant
2425 2201 2559 2263 fore,
2595 2211 2652 2254 ut
2673 2203 2899 2256 maxime
2925 2203 3144 2256 credant
3173 2204 3225 2255 in
3255 2204 3439 2257 ειμι-.

1860 2298 2021 2343 stum.
2056 2288 2243 2353 Qutero
2276 2291 2439 2359 igitur
2467 2307 2569 2360 qua
2602 2293 2666 2345 de
2704 2308 2865 2346 causa
2908 2295 3248 2347 accersivistis
3293 2309 3371 2346 me
3392 2296 3418 2346 .’

1859 2370 1974 2431 Jam
2000 2393 2213 2432 onmem
2236 2394 2351 2443 rem
2375 2379 2566 2434 Petrus
2585 2382 2862 2434 audiverat
2882 2366 3044 2444 etiam
3065 2398 3094 2434 a
3117 2383 3374 2437 militibus
3397 2400 3413 2436 :

1860 2472 1953 2526 sed
1987 2473 2100 2525 vult
2131 2488 2224 2527 eos
2252 2475 2486 2542 primum
2520 2477 2786 2535 conﬁteri.
2821 2485 2876 2530 et
2909 2476 3030 2530 fidei
3060 2477 3284 2543 reddere
3314 2477 3414 2531 ob-

1861 2565 2068 2615 noxios.
2099 2563 2272 2624 Nona,
2305 2565 2498 2633 inquit,
2529 2567 2656 2617 hora
2688 2565 2956 2630 precabar.
2995 2565 3132 2629 Quid
3164 2565 3266 2619 hoc
3293 2567 3417 2620 est?

1863 2649 1990 2705 Mihi
2033 2653 2242 2706 videtur
2283 2651 2371 2705 hic
2416 2651 2518 2704 sibi
2568 2651 2821 2718 temporis
2867 2652 3119 2708 articulos
3162 2656 3414 2708 statuisse

1861 2737 2214 2791 exactissima
2247 2747 2410 2805 atque
2448 2738 2820 2791 attentissima:
2849 2739 2968 2792 vitae
2990 2778 3003 2801 ,
3047 2741 3208 2809 idque
3252 2739 3416 2794 certis

1862 2821 2090 2885 diebus;
2139 2837 2261 2876 nam
2308 2822 2504 2878 idcirco
2548 2823 2723 2880 dixit:
2798 2824 3241 2896 Nndiusqnartus.
3283 2828 3413 2882 Vide

1861 2921 2056 2979 quanta
2090 2927 2173 2966 res
2218 2912 2288 2964 sit
2328 2913 2563 2980 precatio
2611 2915 2873 2978 :quando
2920 2915 3174 2984 religione
3235 2917 3411 2985 profc-

1862 3009 2026 3066 cerat,
2049 3012 2174 3055 tunc.
2195 3003 2413 3071 angelus
2438 3003 2487 3056 ei
2513 3014 2752 3071 apparet.
2796 3005 2891 3058 Hic
2914 3021 3053 3059 unus
3078 3015 3159 3059 est
3182 3007 3294 3059 dies
3317 3023 3330 3058 :
3357 3016 3413 3059 et

1861 3109 1968 3163 quo
1993 3091 2244 3170 abierunt
2273 3093 2360 3165 qui
2395 3093 2542 3152 missi
2574 3103 2724 3150 erant
2761 3110 2788 3145 ο
2819 3093 3096 3157 Cornelio,
3132 3110 3270 3152 unus
3304 3111 3317 3150 :
3355 3104 3412 3153 et

1861 3198 1967 3257 quo
1998 3195 2281 3246 venerunt,
2316 3199 2474 3243 unus,
2503 3192 2557 3236 et
2582 3193 2769 3251 quarto
2797 3194 3037 3252 apparet,
3071 3186 3284 3258 circiter
3308 3187 3406 3239 ho-

1865 3289 1977 3327 ram
2021 3275 2227 3327 tertiam
2263 3292 2278 3328 :
2323 3286 2606 3342 postquam
2653 3275 2838 3327 horam
2881 3288 3126 3342 precatus
3164 3287 3296 3331 erat.
3340 3278 3410 3331 Et

1860 3365 2080 3435 eccevir
2112 3365 2250 3416 stetit
2294 3380 2470 3417 coram
2511 3381 2612 3418 me.
2656 3365 2772 3418 Non
2819 3365 2967 3430 dicit,
3009 3367 3226 3436 angelus
3260 3361 3273 3420 ἐ
3313 3369 3408 3422 sed

1858 3454 1954 3506 vir.
2000 3453 2145 3507 Adeo
2178 3469 2283 3506 non
2323 3461 2407 3507 est
2445 3455 2736 3525 gloriosus,
2777 3470 2878 3508 nec
2911 3457 3160 3524 jactator.
3221 3457 3409 3511 Videte

1857 3553 2034 3596 autem
2056 3553 2290 3598 mentem
2315 3545 2682 3599 excitatam’et
2712 3555 2942 3599 erectam
2968 3560 2982 3598 :
3014 3533 3186 3601 videte
3216 3543 3410 3616 quem-

1857 3631 2141 3685 admodum
2202 3631 2287 3685 bis
2340 3633 2590 3686 omnibus
2632 3633 2824 3703 dignus
2878 3641 3008 3686 erat.
3048 3634 3198 3686 Nunc
3247 3638 3410 3704 igitur

1857 3738 1948 3775 nos
1975 3738 2146 3775 omnes
2179 3723 2232 3775 in
2263 3731 2533 3788 conspectu
2574 3722 2667 3776 Dei
2709 3732 2963 3776 astamus.
3006 3724 3296 3784 Non'dixit.
3345 3729 3403 3778 In

1855 3821 2144 3879 conspectu
2188 3812 2464 3865 hominis:
2503 3813 2595 3865 sed
2626 3811 2741 3864 Dei.
2785 3814 2859 3863 Ita
2888 3822 3097 3880 oportet
3125 3814 3407 3870 attendere

1853 3910 1918 3955 et-
1933 3902 2238 3954 auscultare
2268 3900 2443 3952 servis
2471 3899 2588 3952 Dei.
3247 3957 3254 3962 _

1921 3986 2084 4040 νέες.
2102 3985 2452 4053 54.Aperiens
2478 3995 2652 4040 autem
2681 3986 2865 4040 Petrus
2896 4004 2950 4040 os
2975 4004 3125 4040 suum
3151 3989 3298 4042 dixit.
3335 3989 3407 4044 Ile
3517 4008 3522 4015 '

1850 4058 1961 4143 ipsa
1993 4077 2269 4141 comperio,
2297 4075 2460 4129 Deum
2491 4093 2592 4130 non
2623 4079 2871 4146 respicere
2899 4078 3063 4132 solere
3085 4096 3365 4147 personas:

1833 4275 1840 4284 ‘
1916 4255 2080 4311 Vens.
2113 4255 2202 4310 55.
2244 4254 2346 4310 Sed
2382 4257 2436 4308 in
2462 4257 2693 4326 qualibet
2723 4259 2936 4313 natione
2959 4261 3047 4329 qui
3071 4263 3213 4314 timet
3249 4278 3396 4326 eum,

1845 4352 1893 4397 et
1911 4344 2176 4411 justitiam
2196 4352 2413 4407 exercet,
2439 4346 2485 4396 is
2512 4344 2589 4396 illi
2613 4356 2851 4412 acceptus
2878 4357 2974 4426 est.

1914 4432 2073 4485 Vens.
2117 4431 2206 4486 36.
2242 4430 2403 4495 Quem
2435 4432 2540 4502 93
2574 4451 2857 4486 sermonem
2880 4431 3022 4486 misit
3055 4435 3178 4502 ﬁliis
3221 4441 3399 4493 Israe-

212 4502 717 4572 εὐαγγελιζόμενος
770 4505 1021 4572 ,εῑρήνην
1066 4507 1163 4562 διὰ
1217 4510 1408 4576 Ἰησοῦ
1457 4514 1739 4579 Χριστοῦ,

1864 4522 1928 4585 is,
1973 4522 2292 4574 annuntians
2331 4537 2510 4589 pacem
2540 4536 2630 4586 per
2673 4521 2850 4574 Iesum
2877 4520 3159 4591 Christum,
3196 4528 3284 4581 ,Iiic
3321 4537 3396 4584 est

210 4592 378 4654 αὐτός
403 4592 536 4646 ἐστι
560 4591 799 4646 πάντων
830 4593 1066 4662 Κύριος.
1279 4647 1282 4650 .

282 4681 478 4749 ’Υμεῖς
520 4681 715 4743 οιδατε
757 4681 824 4735 τὸ
873 4685 1194 4752 γενόμενον
1229 4687 1393 4755 ρἧα
1442 4691 1569 4746 καθ’
1598 4691 1744 4758 ὅλης

213 4768 312 4836 τῆς
370 4770 696 4836 Ἰουδαίας,
741 4770 1073 4840 ἀρξάμενον
1102 4775 1219 4828 ἀπὸ
1263 4776 1371 4846 τῆς
1420 4781 1742 4850 Γαλιλαίας

207 4857 344 4921 μετὰ
377 4860 444 4912 τὸ
474 4860 806 4928 βάπτισμα,
845 4861 877 4915 ὃ
908 4862 1201 4930 ἐκήρυξεν
1245 4867 1532 4937 Ἰωάννης,

281 4947 514 5018 ἰησοῦν
540 4955 648 5008 τὸν
676 4957 804 5010 ἀπὸ
849 4958 1100 5026 Ναζαρὲτ
1125 4963 1166 5026 ο,
1196 4963 1273 5028 ὡς
1300 4963 1538 5032 ἔχρισεν
1557 4950 1740 5020 αὐτὸν

212 5039 240 5088 ό
272 5039 416 5103 Θεὸς
456 5044 753 5109 ιΙνεύματι
780 5047 945 5113 ἁγίῳ,
978 5048 1078 5100 καὶ
1114 5051 1470 5118 δυνάμει,.ὃς
1495 5052 1737 5119 διῆλθεν

209 5124 520 5194 εὐεργετῶν
546 5129 643 5182 καὶ
673 5128 914 5197 ιώμενος
953 5133 1180 5200 πάντας
1223 5138 1359 5202 τοὺς
1412 5138 1735 5192 καταδυνα-

211 5214 600 5283 στευομένους
626 5217 739 5288 ὑπο
786 5217 891 5271 τοῦ
944 5219 1240 5288 διαϐόλου,
1283 5224 1370 5278 ὅτι
1415 5229 1447 5279 ό
1487 5228 1631 5296 Θεὸς
1657 5226 1735 5298 ἦν

203 5302 317 5366 μετ’
343 5305 550 5360 αὐτοῦ.

1847 4615 2076 4665 omnium
2105 4613 2375 4666 Dominus.

1910 4703 2072 4757 Vens.
2112 4703 2199 4754 57.
2248 4698 2350 4753 Vos
2383 4700 2529 4754 scitis
2552 4704 2779 4768 uerbum,
2807 4711 2943 4773 quod
2978 4708 3295 4778 divulgatum
3318 4720 3394 4763 est

1841 4794 1898 4846 in
1932 4801 2036 4844 tota
2086 4790 2301 4854 Iudaea,
2341 4806 2456 4856 cum
2507 4793 2716 4845 initium
2762 4797 3055 4860 sumpsisset
3096 4816 3128 4851 a
3168 4798 3386 4853 Galila'u

1840 4891 1952 4950 post
1982 4880 2233 4948 baptisma
2262 4881 2399 4950 quod
2426 4884 2730 4951 praedicavit
2757 4866 3007 4953 Joannes,
3066 4940 3092 4952 ,

1911 4970 2075 5023 Vens.
2127 4969 2216 5024 58.
2248 4959 2425 5024 Iesum
2471 4988 2502 5024 a
2547 4969 2834 5039 Nazaretlt,
2871 4984 2927 5026 ut
2954 4991 3068 5028 eum
3106 4974 3237 5028 Deus
3268 4975 3387 5042 Spi-

1839 5059 1944 5109 ritu
1975 5066 2175 5119 sancto,
2203 5067 2251 5111 et
2281 5065 2528 5126 potestate
2555 5059 2759 5111 unxerit
2781 5074 2799 5111 :
2829 5055 2916 5127 qui
2947 5060 3238 5126 peragravit
3266 5061 3387 5116 illus

1837 5156 2010 5214 partes
2042 5147 2362 5217 benefaciens
2379 5153 2428 5198 et
2452 5161 2648 5200 sanans
2668 5163 2840 5200 omnes
2860 5147 2948 5216 qui
2968 5148 3386 5214 opprimebantur

1840 5254 1871 5291 a
1897 5238 2118 5304 diabolo,
2151 5238 2273 5305 quia
2300 5235 2434 5288 Deus
2458 5248 2569 5290 erat
2597 5253 2708 5290 cum
2738 5237 2845 5290 illo.

1153 5499 1162 5512 κ
1338 5433 1532 5495 Variae
1574 5437 1875 5499 lectiones
1917 5445 1975 5498 et
2018 5443 2205 5500 notat.

501 5524 844 5610 Ραιριξεοιςερ
885 5529 1018 5610 ποεός
1045 5547 1122 5582 σε.
1199 5534 1218 5564 ⁸
1252 5531 1316 5586 In
1339 5538 1542 5606 vulgato
1563 5550 1653 5605 est,
1685 5542 1757 5594 πα

1864 5556 1981 5610 μεν.
2055 5542 2076 5572 ⁷
2110 5540 2325 5610 βούλετε
2358 5550 2490 5597 erat.
2566 5540 2586 5570 '
2631 5538 2790 5593 αὐτοῦ
2823 5556 2920 5595 non
2951 5549 3023 5595 est
3069 5541 3123 5592 iis
3148 5532 3386 5607 vulgato.

207 5605 226 5636 ο
256 5589 318 5644 lit
341 5592 547 5662 uulgato
573 5589 670 5669 est,
719 5589 990 5663 Ναζαρέθ.

277 5692 293 5732 ι
320 5698 383 5737 σε
410 5685 636 5753 gratiam
667 5682 829 5738 habeo
864 5683 974 5749 tibi,
997 5686 1083 5754 qui
1114 5687 1398 5741 adveneris.
