4064 6340
173 350 302 416 669

881 343 1284 408 EXPOSITIO
1317 345 1398 406 IN
1435 344 1627 406 ACTA
1662 345 2236 410 APOSTOLORUM.
2285 374 2341 386 —
2379 348 2538 413 CAP.
2571 349 2681 412 Χῐ.

3344 352 3456 424 670

179 464 469 536 φανερῶς,
513 462 599 541 ἵνα
651 459 725 530 μὴ
763 459 959 528 ἔχωσιν
1014 459 1095 523 εἰς
1145 461 1370 529 ἄγνοιαν
1409 461 1763 513 καταπεσεῖν.

1874 459 1995 529 quia
2038 461 2367 517 resurrectio
2415 479 2671 532 magnum
2719 470 2836 518 erat
2881 462 3138 535 signun:
3184 471 3239 520 at
3281 463 3450 538 huius

185 559 398 619 Τούτῳ
440 553 664 619 πάντες
710 554 766 606 oi
819 549 1119 620 προφῆται
1145 550 1576 620 μαρτυροῦσιν.
1610 549 1765 603 Ὅσοι

1874 550 2081 606 nullum
2111 552 2308 621 majus,
2339 569 2498 623 quam
2535 555 2680 624 quod
2715 553 2952 610 comedit
2990 569 3055 609 ac
3091 554 3246 610 bibit.
3282 555 3347 610 Et
3373 569 3450 612 te-

176 649 495 718 προφῆται,
524 645 712 715 φησὶν.
737 644 1006 714 ἐλάλησαν
1033 645 1160 716 περὶ
1185 643 1470 714 ἁμαρτιῶν
1495 642 1766 712 ἀφέσεως,

1873 643 2111 712 stiﬁcari.
2143 643 2442 700 Testiiicari
2464 687 2479 711 ,
2511 646 2718 716 inquit,
2756 649 2954 716 palam,
2986 661 3056 701 ne
3097 661 3321 718 possent
3347 649 3446 703 de-

177 742 242 792 ὲν
283 738 462 807 τούτῳ
489 735 568 807 τῷ
603 733 780 837 ⁷ζησοῦ
803 731 959 788 εἶπον
986 734 1156 798 αὐτὰς
1182 733 1457 802 ἀφεῖσθαι.
1489 731 1646 788 Οὕτω
1673 734 1765 786 καὶ

1875 747 2100 788 currere
2135 734 2201 789 ad
2250 735 2632 806 ignorantiam.
2679 735 2818 790 lluic
2850 753 3026 791 omnes
3043 734 3320 806 'propheta:
3358 748 3448 792 te-

185 825 434 890 Ίῐσαῖας
459 825 522 878 τὸ
563 823 728 879 αΰτοῦ
767 824 1037 895 εἰσφέρων
1066 823 1374 894 πρόσωπον,
1404 823 1583 894 λέγει·
1619 823 1765 892 Ἐγώ

1874 824 2177 880 stimonium
2218 825 2506 894 perhibent.
2549 824 2872 897 Quicunque
2910 828 3212 898 propheta',
3248 829 3444 898 inquit,

175 921 308 987 εἰμι
335 920 368 972 ό
403 917 738 999 ἐξαλνείφων
762 914 872 982 τὰς
899 915 1188 986 ἁμαρτίας
1208 931 1325 971 σου
1351 904 1454 971 ναὶ
1494 915 1601 980 τὰς
1627 916 1769 971 ἀνο-

174 1010 336 1079 μίας
368 1025 505 1064 σου.
533 1009 650 1064 Οὐκ
694 1004 817 1060 εἶπε
860 1007 917 1062 δὲ
945 1001 1028 1061 ὅτι
1077 1007 1240 1072 αὐτός
1269 1008 1414 1062 ἐστιν
1445 1009 1475 1061 ὁ
1515 1008 1642 1070 Υἱὸς
1666 1007 1761 1061 τοῦ

178 1099 332 1153 Θεοῦ
350 1118 363 1133 ·
389 1099 506 1154 ἀλλ’
537 1099 567 1152 δ
607 1097 806 1168 μᾶλλον
835 1097 1034 1161 αὐτοὺς
1062 1097 1267 1166 ἐφόϐει,
1297 1099 1332 1168 ἡ
1361 1097 1552 1168 καιρία
1591 1114 1761 1151 κατα-

180 1205 306 1242 σκι.
331 1189 366 1262 ὴ
393 1189 500 1243 ἀπὸ
522 1188 633 1243 τῶν
661 1187 991 1260 προφητῶν*
1024 1188 1269 1258 μεγάλην
1293 1189 1400 1261 γὰρ
1421 1188 1580 1252 δόξαν
1613 1185 1758 1256 εἶχον

181 1282 415 1334 ἐκεῖνοι.
451 1281 581 1335 Ὅτε
613 1281 679 1334 ’δὲ
728 1280 808 1351 τῷ
860 1279 1011 1352 φόϐῳ
1040 1281 1346 1345 κατέσεισε,
1398 1280 1520 1332 τότε
1565 1279 1762 1346 ἐπάγει

1868 917 2034 973 locuti
2083 926 2210 972 sunt
2243 917 2311 972 de
2354 926 2701 988 peccaturum
2755 920 3102 984 remissione,
3147 936 3246 990 per
3297 922 3469 988 hunc

1864 1007 2050 1064 Jesum
2090 1008 2350 1064 dixerunt
2395 1024 2458 1064 ea
2502 1010 2727 1064 remitti.
2773 1011 2865 1065 Sic
2912 1011 3076 1065 etiam
3117 1010 3286 1066 Isaias
3329 1013 3446 1083 ejus

1868 1113 2160 1168 personam
2192 1099 2566 1164 introducens,
2608 1100 2722 1153 ait:
2758 1099 2866 1170 Ego
2893 1117 3011 1154 sum
3040 1101 3129 1172 qui
3158 1102 3304 1156 deleo
3327 1118 3446 1172 pec-

1862 1199 1986 1244 cata
2023 1199 2114 1244 tua
2157 1207 2222 1244 ac
2250 1190 2446 1246 scelera
2476 1201 2567 1246 tua
2586 1191 2649 1245 ³⁷.
2680 1191 2798 1245 Νοη
2833 1192 2963 1247 dixit
2987 1202 3188 1257 autem,
3218 1191 3333 1264 Ipse
3362 1204 3446 1249 est

1860 1281 2030 1337 Filius
2062 1282 2176 1345 Dei,
2204 1283 2320 1349 sed,
2344 1285 2488 1352 quod
2516 1285 2696 1352 magis
2723 1300 2818 1339 eos
2849 1285 3108 1347 terrebat,
3143 1294 3445 1355 opportuna

179 1369 286 1439 τὴν
337 1370 709 1440 συγχώρησιν,
736 1370 797 1422 οὐ
859 1372 990 1442 παρ’
1039 1370 1206 1424 αὑτοῦ
1260 1370 1582 1440 λεγομένην,
1631 1369 1765 1423 ἀλλὰ

1874 1374 2208 1429 conﬁrmatio
2255 1378 2491 1429 sumitur
2533 1390 2564 1426 a
2603 1374 2907 1444 prephetis.
2951 1375 3012 1429 In
3059 1391 3253 1446 magna
3299 1375 3442 1428 enim

181 1459 348 1529 παρά
373 1459 484 1512 τῶν
516 1459 814 1531 προφητῶν
836 1475 853 1492 ⁶
883 1461 976 1516 καὶ
1001 1462 1064 1514 τὸ
1095 1460 1196 1531 μὲν
1233 1461 1484 1532 φοϐερὸν,
1513 1461 1644 1531 παρ’
1672 1463 1765 1515 αὖ·

1874 1463 1945 1517 iili
2001 1464 2204 1534 gloria.
2255 1473 2421 1533 atque
2471 1464 2884 1521 existimatione
2920 1473 3099 1521 erant.
3151 1465 3444 1534 Postquam

180 1549 283 1604 τοῦ
305 1591 323 1617 ,
362 1544 426 1606 sb
462 1552 520 1606 δὲ
548 1553 782 1624 ἥμερον,
814 1553 1108 1635 παρὰήτῶν
1134 1554 1448 1624 προφητῶν.

1875 1562 2055 1608 autem
2086 1563 2288 1608 metum
2319 1553 2386 1609 iis
2422 1554 2670 1615 incussit.
2699 1563 2829 1609 tunc
2855 1555 3134 1626 subjungit
3165 1555 3444 1610 condona-

184 1644 434 1712 tionem,
474 1620 604 1716 quae
633 1620 744 1700 non
770 1645 840 1701 ab
873 1620 992 1716 ipso
1023 1620 1424 1716 proferebatur,
1459 1645 1555 1701 sed
1587 1620 1963 1717 apropbetis:
2008 1660 2074 1700 ac
2102 1654 2278 1701 terror
2344 1647 2562 1719 quidem
2640 1647 2708 1702 ab
2743 1647 2862 1718 ipso
2940 1620 3387 1718 proficiscebatur
3425 1665 3441 1701 :

179 1735 336 1804 quod
367 1742 551 1790 autem
581 1744 840 1791 terrorem
872 1735 1172 1807 mitigabat,
1202 1753 1232 1790 a
1261 1736 1564 1807 prophetis.

257 1827 395 1880 Ἔτι
413 1829 750 1893 λαλοῦντος
777 1831 884 1884 τοῦ
931 1831 1155 1898 Πέτρου
1196 1829 1268 1883 τὰ
1288 1829 1524 1898 ῥήματα
1550 1828 1756 1893 ταῦτα,

1932 1832 2096 1888 Vens.
2127 1832 2216 1888 44.
2233 1833 2420 1888 Adhuc
2442 1833 2737 1903 proferente
2751 1822 2922 1885 ’Petro
2941 1831 3093 1886 verba
3130 1831 3259 1892 lucc.
3287 1822 3446 1885 irrui‘

181 1922 451 1979 ἐπέπεσε
498 1924 566 1979 τὸ
619 1925 863 1995 Πνεῦμα
890 1925 953 1980 τὸ
1006 1925 1177 1996 ἄτιον
1203 1925 1303 1980 ἐπὶ
1348 1925 1581 1992 πάντας
1625 1925 1765 1991 τοὺς

1875 1923 2110 1989 Spiritus
2145 1934 2359 1980 sanctus
2391 1925 2444 1979 in
2475 1940 2672 1986 omnes,
2702 1925 2791 1995 qui
2813 1923 3096 1998 audiebant
3127 1921 3444 1996 orationem,

183 2012 527 2080 ἀκούοντας
557 2013 672 2081 τὸν
699 2014 908 2084 λόγον.

254 2106 371 2160 Kal
415 2074 762 2175 ἐξέστησαν
784 2074 862 2162 ὀἱ
899 2074 971 2162 ἐκ
1009 2074 1328 2177 περιτομῆς
1370 2107 1592 2172 πιστοὶ,
1632 2106 1767 2162 ὅσοι

185 2193 510 2263 συνῆλθον
535 2195 615 2262 τῷ
642 2196 862 2267 Πέτρῳ,
882 2197 971 2253 ὅτι
998 2201 1096 2253 καὶ
1115 2199 1212 2253 ἐπὶ
1239 2199 1310 2253 τὰ
1338 2197 1482 2267 ἔθνη
1506 2198 1546 2267 ὴ
1575 2199 1762 2269 δωρεὰ

186 2285 298 2344 τοῦ
330 2289 504 2362 ἁγίου
530 2290 878 2361 Πνεύματος
899 2277 1243 2374 ἐγκέὶυται.
1498 2296 1504 2310 ’

262 2472 533 2527 Ἤκουον
557 2472 667 2542 γὰρ
695 2471 897 2530 αὐτῶν
926 2475 1280 2530 λαλούντων
1308 2476 1632 2546 γλώσσαις,
1666 2479 1766 2532 καὶ

186 2563 655 2630 μεγαλυνόντων
674 2562 780 2617 τὸν
799 2565 969 2619 θεόν.
993 2566 1130 2620 Τότε
1153 2567 1440 2636 ἀπεκρίθη
1461 2571 1494 2622 ό
1510 2567 1730 2637 Πέτρος
1749 2586 1762 2599 ο

240 2653 418 2719 ,Μήτι
457 2654 522 2708 τὸ
556 2655 713 2725 ὕδωρ
739 2657 1011 2711 κωλῦσαι
1053 2649 1306 2711 δύναταί
1348 2674 1439 2724 τις
1474 2658 1583 2728 τοῦ
1607 2659 1693 2728 μὴ
1721 2660 1766 2692 ¹⁶

190 2743 600 2814 βαπτισθῆναι
621 2749 894 2814 τούτους,
914 2749 1131 2816 οἵτινες
1157 2749 1223 2803 τὸ
1240 2749 1481 2820 Πνεῦμα
1502 2749 1570 2804 τὸ
1595 2750 1766 2820 ἅγιον

196 2835 436 2901 διαϐον,
467 2838 662 2906 καθὼς
691 2840 791 2894 καὶ
818 2839 1025 2909 ἡμεῖς

273 2929 609 2997 Ἶροσέταξέ
641 2946 704 2985 τε
726 2930 950 2998 αὐτοὺς
983 2930 1401 3001 βαπτισθῆναι
1427 2931 1498 2985 ἐν
1519 2928 1600 2997 τῷ
1629 2932 1763 2986 ὀνο-

188 3036 330 3086 ματι
357 3019 466 3075 τοῦ
489 3023 709 3090 Kvplov
746 3022 951 3091 Ἰησοῦ
969 3024 1034 3080 ¹¹.
1065 3025 1202 3079 Τότε
1235 3023 1556 3094 ἠρώτησαν
1580 3025 1766 3080 αὐτὸν

192 3109 486 3181 ἐπιμεῖναι
515 3111 739 3182 ἡμέρας
767 3114 953 3181 τινάς.

783 3209 1034 3262 ΚΕΦΑΛ.
1074 3208 1179 3264 ΙΑ’.

267 3297 575 3354 Ἤκουσαν
601 3298 670 3354 δὲ
698 3301 753 3355 οι
797 3300 1128 3355 ἀπόστολοι
1166 3297 1266 3352 καὶ
1293 3301 1348 3352 οὶ
1393 3299 1674 3371 ἀδελφοὶ,
1709 3301 1764 3352 oi

196 3387 368 3455 ὄντες
393 3391 541 3443 κατὰ
563 3388 682 3457 τὴν
718 3390 1038 3454 Ἰουδαίαν,
1074 3389 1167 3461 ὅτι
1201 3387 1300 3444 καὶ
1337 3388 1412 3443 τὰ
1457 3389 1602 3459 ἔθνη
1641 3389 1768 3448 ἐδέ-

195 3477 380 3543 ξαντο
405 3480 513 3536 τὸν
533 3481 723 3549 λόγον
747 3480 856 3536 τοῦ
881 3481 1050 3536 Θεοῦ.

262 3569 376 3623 Θέα
406 3569 500 3624 τοῦ
536 3570 676 3625 Θεοῦ
719 3571 819 3643 τὴν
840 3572 1173 3642 οἰκονομίαν.
1207 3573 1320 3626 Οὐκ
1353 3573 1564 3643 ἀφῆκεν
1585 3573 1766 3643 duap-

196 3659 441 3731 τισθῆναι
465 3662 558 3716 τὸν
572 3661 750 3731 λόγον,
770 3662 890 3716 οὐδὲ
915 3664 979 3716 ὲκ
999 3646 1420 3734 προστάγματος
1448 3663 1542 3718 τοῦ
1559 3666 1765 3740 Πέτρου

199 3753 450 3818 γενέσθαι
494 3752 558 3807 τὸ
609 3753 930 3825 βάπτισμα·
979 3753 1096 3808 ἀλλ’
1146 3754 1332 3825 ἐπειδὴ
1381 3755 1480 3825 τὴν
1529 3756 1768 3810 διάνοιαν

198 3841 376 3894 αὐτῶν
421 3839 526 3897 εἶδε
574 3845 897 3914 θαυμαστὴν
942 3840 1128 3909 οὖσαν,
1157 3844 1385 3914 καὶτῆς
1421 3844 1768 3908 διδασκαλίας

199 3931 336 4002 ἁρχὴ
361 3932 687 4000 γέγονεριαὶ
705 3933 1032 3988 ἐπίστευσαν
1055 3935 1139 3987 ὅτι
1164 3933 1380 3999 πάντως
1401 3935 1460 3988 τὸ
1484 3935 1768 4008 βάπτισμα

199 4021 399 4090 ἄφεσίς.
440 4025 589 4078 ἐστιν
637 4023 944 4095 ἁμαρτιῶν,
977 4025 1099 4079 τότε
1155 4026 1358 4098 ἐπῆλθε
1406 4026 1469 4081 τὸ
1521 4027 1764 4096 Πνεῦμα.

212 4111 370 4165 ’Λλλὰ
396 4112 490 4167 καὶ
521 4112 796 4182 γλώσσαις
848 4113 1091 4181 ἐλάλουν,
1120 4117 1258 4186 ὅπερ
1310 4114 1605 4184 ἐξέπληττε
1642 4118 1770 4181 τοὺς

201 4203 551 4266 συνελθόντας
571 4219 586 4235 ο
613 4195 1130 4274 προοικονομοῦντος
1159 4205 1224 4257 ἐκ
1251 4205 1442 4258 τούτου
1471 4206 1769 4275 ἀπολογίαν

202 4294 446 4364 μεγάλην
470 4294 550 4364 τῷ
572 4295 765 4364 Πέτρῳ
790 4293 883 4370 τοῦ
930 4294 1089 4350 Θεοῦ.
1115 4296 1269 4365 Μήτι
1299 4297 1366 4350 τὸ
1398 4296 1557 4368 ὕδωρ
1582 4301 1771 4355 κωλῦ-

200 4395 298 4436 σαι
325 4381 574 4436 δύναται
605 4381 713 4436 τοῦ
751 4381 839 4452 μὴ
871 4381 1288 4452 ,βαπτισθῆναι
1328 4384 1625 4449 tantove;
1658 4383 1769 4437 Καὶ

200 4470 279 4534 τίς
331 4467 402 4541 ἦν
443 4474 476 4544 ὴ
517 4471 612 4526 τοῦ
667 4471 861 4536 ὓδατος
887 4474 1068 4544 χρεία,
1105 4473 1202 4527 τοῦ
1250 4475 1406 4541 ἁγίου
1451 4471 1770 4543 Πνεῦματος

1947 2107 2109 2163 Vsus.
2144 2105 2234 2161 45.
2277 2090 2346 2158 Et
2381 2121 2492 2176 pra:
2522 2103 2876 2158 admiratione
2918 2101 3098 2156 animo
3127 2099 3445 2155 consternati

1871 2208 2014 2262 sunt,
2047 2197 2338 2268 quicunque
2375 2211 2439 2250 ea:
2473 2211 2656 2263 genere
2688 2193 3111 2247 circumcisorum
3149 2190 3326 2259 ﬁdeles
3357 2207 3447 2245 ve-

1873 2296 2058 2340 nerant
2099 2302 2206 2339 una
2251 2301 2369 2338 cum
2397 2284 2575 2348 Petro,
2599 2283 2738 2354 quod
2762 2291 2810 2336 et
2837 2281 2889 2336 in
2920 2273 3446 2341 externas'nationes

1872 2379 2086 2448 effusum
2116 2385 2245 2432 esset
2273 2381 2466 2431 donum
2499 2375 2728 2444 Spiritus
2749 2373 2941 2428 sancti.
3411 2371 3414 2374 ’

1945 2472 2105 2526 Vsus.
2142 2469 2228 2525 i6.
2273 2467 2732 2525 Audiebantenim
2766 2481 2851 2520 eos
2885 2465 3072 2534 tinguis
3098 2465 3376 2533 loquentes,
3397 2471 3446 2516 et

1875 2564 2038 2618 Deum
2068 2551 2480 2636 magniﬁcantes.
2517 2560 2659 2614 Tunc
2691 2558 2952 2627 respondit
2995 2557 3180 2610 Petrus
3200 2573 3218 2610 :
3281 2605 3286 2613 .

1945 2658 2099 2711 Vsus.
2148 2656 2238 2711 47.
2263 2654 2532 2744 ιΝανιᾳιιίά
2570 2667 2710 2722 aqua
2750 2651 2866 2720 quis
2905 2649 3175 2721 prohibere
3224 2665 3316 2702 nos
3349 2664 3445 2717 po-
3517 2695 3521 2700 .

1873 2755 1992 2811 test,
2026 2763 2087 2800 ne
2113 2739 2444 2816 baptiserttur
2471 2745 2557 2810 lii,
2597 2744 2687 2815 qui
2712 2742 2970 2813 Spiritum
3014 2749 3256 2795 sanctum
3297 2755 3447 2793 acce-

1873 2763 1992 2811 tcst,
2026 2763 2087 2800 ne
2113 2763 2288 2816 Dapttz
2321 2763 2444 2799 ntur
2471 2763 2479 2798 t

1869 2849 2076 2906 perunt,
2099 2840 2232 2892 sicut
2263 2763 2432 2910 el\nos
2453 2840 2479 2894 ?

1943 2931 2104 2986 Vens.
2135 2933 2225 2987 48.
2267 2931 2335 2984 Et
2353 2931 2511 3000 jussit
2534 2945 2620 2984 eos
2641 2928 2902 2999 baptizari
2927 2928 2981 2981 in
3005 2927 3210 2979 nomine
3237 2924 3446 2979 Domini
3523 2971 3529 2978 ,

1870 3024 2016 3079 Jesu.
2075 3024 2216 3079 Tunc
2273 3031 2586 3097 rogaverunt
2615 3039 2763 3087 eum,
2822 3030 2877 3075 ut
2916 3030 3146 3074 maneret
3178 3019 3320 3090 apud
3361 3035 3445 3072 eos

1872 3102 2071 3188 aliquot
2109 3118 2244 3172 dies.

2471 3203 2700 3262 CAPUT
2740 3205 2838 3260 XI.
3320 3255 3321 3264 ξ

1939 3299 2100 3354 Vsus.
2136 3300 2188 3354 1.
2219 3297 2539 3354 Audiverunt
2577 3305 2750 3351 autem
2779 3295 3009 3367 apostoli
3031 3303 3079 3348 et
3109 3295 3322 3364 fratres,
3353 3293 3456 3362 qui.

1867 3396 2017 3440 erant
2060 3389 2114 3440 in
2169 3387 2393 3455 Judrea,
2436 3388 2596 3442 etiam
2655 3386 2890 3441 nationes
2948 3394 3152 3440 exteras
3197 3382 3446 3452 recepisse

1868 3478 2078 3532 verbum
2117 3478 2234 3533 Dei.

1936 3568 2046 3640 95
2076 3568 2211 3625 Vide
2233 3569 2428 3626 divinas
2467 3568 2774 3641 prudentia:
2811 3566 3296 3637 dispensationem.
3320 3563 3442 3622 Non

1871 3661 2123 3731 permisit
2147 3661 2354 3717 absolvi
2380 3661 2708 3724 orationem,
2741 3674 2920 3730 neque
2941 3659 3095 3728 jussu
3133 3657 3276 3713 Petri
3300 3659 3434 3728 bap-

1874 3753 2034 3807 tisma
2061 3740 2469 3809 administrari:
2502 3751 2595 3806 sed
2634 3761 2993 3822 posteaquam
3043 3749 3443 3809 animadverte-

1873 3852 2003 3898 rent.
2027 3855 2265 3899 mentem
2299 3859 2486 3898 eorum
2521 3841 2890 3896 admirandam
2925 3856 3065 3906 esse,
3094 3856 3157 3896 ac
3176 3839 3444 3895 doctrina:

1871 3934 2093 3988 initium
2145 3933 2347 3988 factum
2399 3940 2538 3993 erat,
2600 3939 2764 4001 atque
2810 3932 3156 3987 crediderant
3215 3930 3439 3985 onmino

1869 4023 2140 4094 baptisma
2210 4012 2780 4078 essc'remissionem
2851 4031 3247 4091 peccatorum,
3311 4029 3440 4072 tunc

1869 4115 2106 4188 Spiritus
2157 4116 2489 4186 supervenit.
2537 4115 2852 4181 Quinetiam
2904 4112 3101 4182 linguis
3148 4111 3444 4180 loqueban-

1873 4215 1994 4264 tur:
2048 4223 2172 4278 quae
2210 4222 2298 4262 res
2357 4207 2540 4260 animo
2591 4214 2972 4261 consternatos
3025 4205 3280 4259 reddebat
3325 4218 3441 4263 eos,

1871 4300 1963 4368 qui
1998 4313 2106 4352 una
2158 4312 2282 4351 cum
2335 4297 2497 4352 Petro
2557 4306 2845 4353 venerant.
2902 4299 3078 4364 Atque
3130 4295 3232 4348 hoc
3281 4292 3442 4346 modo

1869 4389 2238 4446 defensionem
2275 4388 2433 4446 Petro
2465 4405 2712 4460 magnam
2765 4388 2905 4440 Deus
2959 4375 3222 4455 parabat:
3292 4385 3441 4438 Nun-

1872 4481 1998 4552 quid
2026 4497 2166 4551 aqua
2193 4482 2310 4550 quis
2341 4480 2612 4548 prohibere
2642 4494 2733 4531 nos
2777 4485 2966 4548 potest,
3010 4493 3073 4530 ne
3111 4477 3442 4544 baptizeulur

201 4562 548 4625 ἐπιπεσόντος
578 4563 796 4630 αὐτοῖς;
827 4564 970 4634 Ἐρῶ
1020 4564 1115 4619 οὖν
1142 4563 1350 4635 ταύτην
1393 4563 1525 4633 ἐγὼ,
1569 4564 1630 4618 τὸ
1661 4582 1765 4636 μυ-

1874 4551 1966 4628 lii?
2018 4573 2084 4627 Et
2137 4573 2387 4641 quisnam
2441 4577 2561 4626 erat
2610 4585 2764 4640 aqua;
2813 4584 2966 4634 usus,
3024 4584 3147 4622 cum
3203 4566 3438 4635 Spiritus

203 4654 416 4726 στήρισν
453 4653 811 4709 ὲκκαλύπτων
840 4655 972 4726 ἡμῖν
1003 4655 1065 4709 τὸ
1093 4656 1605 4728 ἀποκεκρυμμένον.
1633 4657 1767 4712 Θεῖα

201 4745 428 4800 τελεῖται
451 4747 510 4800 ἐν
544 4746 697 4816 αὒτῷ
727 4746 992 4824 σύμϐολα,
1027 4748 1199 4818 τάφος
1225 4747 1322 4802 καὶ
1351 4749 1640 4818 νέκρωσις,
1671 4749 1765 4802 καὶ

202 4838 488 4902 ἀνάστασις
511 4839 605 4892 καὶ
635 4840 773 4912 ζωή.
817 4840 1029 4913 ’Ὠσπερ
1078 4839 1300 4895 εὔκολον
1334 4843 1464 4911 ἡμῖν
1493 4840 1766 4910 βαπτίσα-

205 4927 318 4982 σθαι
348 4931 446 4984 καὶ
483 4930 798 4997 ἀνανεῦσαι,
832 4930 1008 4995 οὕτως
1057 4931 1278 4985 εῦκολον
1312 4932 1390 4999 τῷ
1411 4930 1552 5001 Θεῷ,
1596 4930 1766 4998 θάψαι

203 5017 286 5068 τὸν
317 5021 551 5076 παλαιὸν
573 5021 883 5092 ἄνθρωπον,
919 5023 1014 5076 καὶ
1041 5021 1318 5086 ἀναδεῖξαι
1351 5021 1440 5074 τὸν
1467 5021 1605 5075 νέον.
1637 5022 1766 5092 Τρί-

206 5112 360 5174 τονδὶ
386 5115 550 5170 τοῦτο
574 5098 808 5276 γίνεται,
835 5114 922 5169 ἵνα
963 5114 1140 5188 μάθῃς
1165 5115 1248 5168 ὃτι
1278 5113 1508 5183 δυνάμει
1550 5114 1763 5184 Πατρὺς

207 5203 289 5256 καὶ
309 5205 442 5260 Υἱοῦ
478 5208 574 5260 καὶ
617 5209 654 5260 ἁ
695 5207 775 5262 ζου
818 5207 1134 5276 Πνεῦματος
1164 5207 1233 5261 τὰ
1261 5204 1440 5260 πάντα
1470 5206 1587 5260 ἐκεῖ
1621 5206 1762 5276 πλη-

207 5203 289 5256 καὶ
309 5205 442 5260 Υἱοῦ
478 5208 574 5260 καὶ
617 5203 775 5276 ἁγίου
818 5207 1134 5279 Πνεῦματος
1164 5207 1233 5261 τὰ
1261 5204 1440 5260 πάντα
1470 5206 1587 5260 ἐκεῖ
1621 5206 1762 5277 πλη-

211 5294 413 5363 ροῦνται
434 5312 447 5327 ο
475 5297 571 5350 καὶ
597 5299 694 5351 ὅτι
713 5299 774 5356 οὐ
807 5298 1116 5371 στοχασμὸς
1144 5299 1204 5352 τὸ
1250 5299 1559 5371 λεγόμενον,
1595 5297 1762 5353 ἄκου-

1873 4673 2096 4720 sanctus
2152 4662 2409 4732 delapsus
2456 4670 2603 4718 esset
2650 4675 2814 4730 super
2859 4658 3020 4713 illos?
3071 4655 3224 4711 Hunc
3279 4645 3439 4728 igitur

1875 4769 2032 4810 usum
2061 4769 2160 4826 ego
2211 4753 2409 4819 dicam,
2461 4768 2526 4808 ac
2583 4750 2896 4822 mysterium
2956 4763 3216 4803 arcanqu
3282 4749 3438 4804 vobis

1875 4847 2144 4900 rcvelabo.
2203 4845 2393 4900 Divina
2463 4859 2561 4913 per
2620 4856 2743 4897 eam
2814 4840 3175 4912 perficiuntur
3231 4841 3435 4910 signa:

1874 4936 2154 5003 sepultura
2193 4943 2247 4988 et
2305 4931 2670 5000 mortiﬁcatio,
2725 4932 2963 5004 itemque
3017 4931 3345 4987 resurrectio
3383 4941 3439 4987 et

1870 5025 1999 5080 vita.
2035 5025 2187 5081 Sicut
2218 5026 2374 5083 nobis
2405 5027 2563 5084 facile
2595 5036 2678 5085 est
2724 5025 2986 5098 baptizari
3036 5034 3091 5080 et
3119 5040 3430 5097 cmergere:

1869 5119 1940 5173 ita
1979 5119 2090 5174 Deo
2143 5118 2299 5175 facile
2342 5129 2426 5177 est
2459 5131 2696 5176 veterem
2751 5118 3027 5174 hominem
3086 5118 3332 5189 sepelire,
3378 5126 3434 5172 et

1870 5226 2069 5268 novum
2099 5210 2406 5281 designare.
2441 5210 2552 5267 [ioc
2578 5220 2760 5266 autem
2795 5210 2856 5266 ﬁt
2887 5210 3129 5274 tertium,
3176 5219 3233 5262 ut
3269 5208 3427 5261 intel-

1871 5299 2001 5370 ligas
2030 5302 2272 5372 potentia
2303 5299 2480 5357 Patris
2505 5311 2559 5356 et
2588 5300 2708 5356 Filii
2756 5311 2810 5357 et
2836 5299 3073 5371 Spiritus
3114 5299 3286 5355 sancti
3323 5299 3430 5354 illic

211 5401 290 5438 σον
309 5386 404 5441 τοῦ
437 5386 654 5442 Παύλου
693 5388 971 5456 λέγοντος·
1004 5390 1429 5462 Συνετὰφημεν
1473 5390 1630 5456 αὐτῷ
1659 5391 1759 5445 διὰ

1874 5384 2059 5446 οιηηῖα
2099 5391 2304 5461 perfici.
2363 5393 2439 5448 Ac
2507 5408 2614 5449 non
2673 5405 2793 5448 esse
2843 5391 3211 5461 conjecturam
3281 5391 3426 5459 quod

211 5478 302 5532 τοῦ
321 5479 744 5548 ,βαπτίσματος
781 5480 868 5543 εις
899 5478 1006 5532 τὸν
1036 5480 1322 5534 θάνατον’
1360 5482 1450 5536 καὶ
1480 5483 1659 5548 πάλιν,
1701 5483 1754 5536 Ὀ

1874 5485 2006 5549 dico,
2033 5483 2158 5538 audi
2189 5483 2416 5540 Paulum
2466 5485 2775 5540 dicentem:
2819 5481 2934 5537 Una
2967 5499 3084 5537 cum
3139 5498 3199 5538 eo
3236 5481 3454 5550 sepulti,

271 5603 309 5634 "
339 5602 440 5660 Isa.
475 5617 622 5668 mn,
643 5599 735 5656 25.

1387 5671 1585 5733 Variae
1631 5673 1936 5738 lectiones
1986 5685 2044 5736 et
2090 5691 2277 5736 norm.

275 5772 313 5804 "
345 5773 439 5846 Μὴ
472 5791 573 5827 non
610 5782 683 5829 est
712 5773 765 5827 in
798 5771 1096 5843 apogmpho
1122 5772 1363 5856 antiquo.
1445 5773 1483 5802 ”
1521 5773 1578 5826 In
1615 5776 1821 5846 vulgato
1854 5795 1953 5832 non
2008 5777 2265 5847 adjectum
2306 5787 2378 5832 est
2406 5775 2596 5849 Ἰησοῦ.
