4064 6340
173 391 287 452 673
858 389 1256 450 EXPOSITIO
1294 391 1368 448 ΙΝ
1401 389 1584 450 ACTA
1601 388 1747 476 ,ΑΙὊ

1844 388 2187 450 'OLORUM.
2223 415 2286 426 -
2327 390 2481 452 CAP.
2512 391 2616 454 XI.
3194 441 3200 448 .
3298 393 3405 464 οτι

173 501 334 565 dicit,
369 511 426 554 et
467 515 574 554 non
627 499 738 556 vult
777 499 853 552 uti
904 501 1162 570 dignitate
1207 499 1471 569 magistri.
1523 499 1737 563 Quanto
1774 497 1920 551 enim
1950 497 2137 553 mitids
2178 513 2261 553 ac
2331 497 2618 570 benignius
2672 499 2930 569 loquitur,
3021 507 3175 563 tanto
3228 519 3405 578 magis

172 605 277 647 eos
317 590 371 644 in
421 590 592 645 suam
627 600 947 660 potestatem
997 600 1158 659 atque
1202 589 1530 644 sententiam
1564 585 1802 642 adducit.
2091 587 2095 590 ’
3469 648 3478 655 1

250 687 366 741 Καὶ
418 687 547 741 ίὸοὺ
586 687 653 751 ἐξ
693 685 881 755 αὐτῆς
940 687 1091 754 τρεῖς
1138 685 1354 754 ἄνδρες
1398 683 1746 750 ἐπέστησαν

1918 683 2078 764 Vens.
2106 685 2192 739 ll.
2229 683 2293 738 Et
2345 702 2456 740 ecce
2484 685 2741 754 extemplo
2787 687 2885 739 viri
2919 697 3022 740 tres
3057 687 3246 756 prauo
3286 686 3403 758 {m-
3470 662 3476 709 ἶ

173 772 276 825 ἐπὶ
314 772 427 839 τήν
459 773 675 837 οὶκίαν,
712 773 780 826 ἐν
821 769 860 845 ᾗ
893 773 1075 843 ἥμην,
1123 772 1565 843 ἀπεσταλμένοι
1624 772 1741 827 ἀπὸ

1844 787 1966 830 runt
1999 762 2054 831 in
2085 777 2304 845 (edibus,
2351 778 2405 830 in
2455 777 2638 848 quibus
2661 794 2828 841 erant,
2877 777 3201 833 σταται-θαι
3255 780 3400 833 missi

175 865 539 929 Καισαρείας
563 864 710 930 πρός
741 880 838 932 με.

1844 867 1913 920 ad
1940 883 2038 921 me.

252 952 408 1005 Είπε
455 950 522 1004 δέ
572 968 687 1030 μοι¹
716 953 783 1006 τὸ
837 952 1102 1022 Πνεῦμα,
1151 950 1473 1007 συνελθεῖν
1516 950 1741 1017 αὐτοῖς,

169 1043 371 1112 μηδὲν
401 1043 853 1111 διακρινόμενον
871 1059 884 1073 ·
914 1040 1105 1114 ἦλθον
1136 1043 1205 1097 δὲ
1245 1044 1366 1097 σὺν
1400 1043 1527 1111 ἐμοὶ
1554 1041 1654 1095 καί
1688 1044 1744 1095 ol

173 1135 246 1197 ἐξ
271 1134 528 1203 ἀδελφοί
554 1129 740 1200 οὗτοι,
776 1134 876 1189 καί
905 1135 1266 1205 εἰσήλθομεν
1310 1135 1398 1201 εις
1430 1135 1539 1188 τὸν
1573 1130 1744 1188 οἷκον

175 1225 287 1278 τοῦ
318 1225 543 1292 ἀνδρός
562 1241 578 1257 ⁶

261 1315 616 1390 ’Λπήγγειλέ
645 1333 710 1370 τε
747 1317 890 1385 ἡμῖν
933 1315 1057 1383 πῶς
1084 1313 1204 1371 εἶδε
1243 1317 1350 1371 τὸν
1376 1317 1633 1386 ἀντ-ελον
1661 1316 1744 1379 ,ἐν

176 1407 259 1472 τῷ
302 1409 449 1474 οικφ
506 1409 690 1462 αὑτοῦ
737 1407 1031 1463 σταθέντα
1084 1408 1182 1462 καί
1235 1410 1480 1467 εἰπόντα
1539 1408 1699 1472 αὐτῷ
1723 1425 1738 1440 ο

189 1499 587 1553 Ἀπόστειλον
607 1501 694 1564 εις
721 1496 970 1567 Ἰόππην
987 1500 1228 1568 ἄνδρας,
1241 1498 1339 1552 καὶ
1359 1498 1740 1568 μετάπεμψαι

176 1591 416 1660 Σίμωνα
440 1591 548 1645 τὸν
571 1592 1046 1663 ἐπικαλούμενον
1074 1591 1321 1659 Πέτρον,

252 1684 363 1749 ’ος
393 1683 653 1751 λαλήσει
693 1682 929 1752 ῥήματα
960 1683 1106 1751 πρὸς
1141 1682 1238 1749 σὲ,
1260 1683 1330 1736 ἐν
1371 1677 1462 1750 οἷς
1482 1683 1738 1751 ,σωθήσῃ

178 1773 259 1827 σὺ
294 1773 396 1827 καί
422 1772 542 1840 πᾶς
566 1775 600 1828 δ
621 1770 784 1839 οἶκός
811 1789 948 1827 σου.

260 1865 359 1918 Ἐν
392 1864 460 1918 δὲ
489 1863 568 1928 τῷ
593 1864 635 1896 ¹⁹
676 1863 971 1931 ἄρξασθαι
994 1879 1074 1933 με
1115 1863 1346 1929 λαλεῖν,
1380 1863 1641 1919 ἐπέπεσε
1673 1863 1740 1918 τὸ

1913 957 2073 1013 Vens.
2103 959 2186 1013 12.
2240 961 2318 1013 Ac
2344 960 2475 1014 dixit
2504 960 2628 1044 milii
2670 957 2938 1026 Spiritus,
2996 967 3053 1012 ut
3105 959 3236 1013 irem
3283 977 3399 1013 cunt

1842 1047 1949 1100 illis
1983 1048 2114 1101 nihil
2148 1048 2416 1102 Iiwsitans.
2448 1049 2701 1102 Venerunt
2751 1060 2928 1103 autem
2959 1064 3185 1102 mecum
3232 1049 3395 1102 etiam

1841 1138 1930 1192 isti
1959 1140 2149 1209 fratres
2181 1154 2292 1200 sex,
2322 1147 2372 1190 et
2399 1137 2615 1208 ingressi
2636 1130 3045 1204 stFnrusjomum
3071 1136 3195 1201 uiri,

1913 1317 2077 1376 Vnus.
2102 1315 2188 1370 i5.
2215 1314 2315 1381 Qui
2337 1318 2573 1378 exposuit
2601 1315 2764 1377 nobis,
2796 1314 3230 1385 quemadmodum
3257 1314 3396 1366 danti
3458 1308 3465 1319 ’

1841 1424 1951 1462 sum
2004 1409 2212 1462 vidisset
2265 1409 2507 1476 angelum
2570 1393 2911 1465 stantemac
2970 1406 3221 1458 dicentem
3251 1405 3394 1456 sibi:

1843 1499 1996 1554 Mitte
2026 1501 2162 1553 viros
2184 1500 2238 1552 in
2264 1499 2484 1570 Joppen,
2520 1507 2566 1552 et
2625 1515 2832 1553 accerse
2879 1497 3162 1564 Simonem,
3211 1512 3399 1566 cogno-

1842 1599 2012 1649 mento
2044 1589 2281 1652 Petrum,
2791 1587 2794 1589 “

1915 1677 2080 1734 Vens.
2116 1677 2202 1732 14.
2228 1677 2328 1740 Qui
2356 1677 2594 1746 loquetur
2613 1676 2765 1730 verba
2795 1677 2865 1730 ad
2890 1685 2958 1741 te,
3005 1678 3193 1745 quibus
3223 1691 3402 1729 serva-

1841 1767 1976 1819 beris
2010 1775 2065 1819 tu
2103 1775 2150 1819 et
2184 1773 2291 1818 tota
2315 1766 2499 1818 domus
2532 1775 2645 1818 tua.

1909 1854 2069 1911 Vens.
2104 1856 2191 1909 i5.
2220 1855 2350 1911 Cant
2380 1845 2553 1908 autem
2585 1855 2846 1924 cwpissem
2873 1854 3033 1925 loqui,
3081 1854 3236 1906 irruit
3276 1852 3398 1921 Spi-

178 1955 424 2024 Πνεῦμα
451 1957 513 2010 τὸ
538 1955 708 2025 ἄτιον
734 1954 826 2010 ἐπ’
853 1955 1094 2022 αὐτοὺς,
1117 1954 1318 2024 ὥσπερ
1349 1955 1450 2009 καὶ
1468 1955 1561 2024 ἐφ’
1582 1953 1739 2024 ἡμᾶς

1844 1946 1973 1998 ritus
2001 1953 2216 1998 sanctus
2244 1943 2262 1983 ι
2288 1946 2343 1998 in
2366 1944 2501 2007 illos,
2540 1946 2977 2016 quemadmodum
3005 1945 3159 1998 etiam
3181 1944 3234 1995 in
3255 1943 3401 1995 initio

179 2047 247 2098 ὲν
278 2045 461 2114 ἀρχῇ.

262 2100 610 2220 ’έμξςὶσθην
635 2137 703 2190 δὲ
725 2100 832 2193 τοῦ
862 2137 1130 2208 ῥήματος
1167 2137 1212 2170 ⁸⁸
1240 2135 1346 2190 τοῦ
1383 2136 1623 2205 Κυρίου,
1658 2136 1738 2202 ὡς
1767 2207 1774 2217 ι

180 2227 394 2298 ἔλεγεν
426 2229 514 2284 ὅτι
548 2229 823 2297 Ἰωάννης
840 2230 957 2300 μὲν
983 2229 1305 2284 ἐϐάπτισεν
1327 2228 1536 2297 ὕδατι,
1571 2227 1740 2299 ὑμεῖς

179 2321 245 2374 δὲ
266 2317 766 2388 ,ϐαπτισθήσεσθε
795 2323 866 2376 ἐν
895 2323 1192 2392 Πνεύματι
1221 2322 1385 2391 ἁγίῳ.

246 2417 314 2468 ει
345 2409 460 2468 οὖν
489 2413 604 2481 τὴν
629 2414 773 2479 ιοην
793 2413 1018 2482 δωρεὰν
1041 2414 1263 2468 ἔδωκεν
1283 2415 1487 2482 αὐτοῖς
1516 2417 1549 2469 ὀ
1571 2413 1735 2480 Θεὸς,

180 2504 257 2569 ὠς
287 2503 385 2556 καὶ
408 2503 552 2573 ἡμῖν
573 2505 974 2558 πιστεύσασιν
999 2503 1098 2558 ἐπί
1127 2506 1234 2558 τὸν
1258 2506 1476 2574 Κύριον
1497 2503 1740 2572 Ἰησοῦν
1776 2547 1780 2550 η

182 2597 438 2662 Χριστόν
456 2611 471 2626 ’
499 2595 613 2664 ἐγὼ
639 2593 707 2648 δὲ
737 2595 829 2660 τίς
851 2593 1014 2663 ἥμην
1035 2593 1295 2660 δυνατὸς
1329 2595 1600 2649 κωλῦσαι
1630 2596 1737 2648 τὸν

186 2689 652 2822 Θῆῗὶνκούσαντες
668 2755 738 2810 δὲ
763 2756 964 2823 ταῦτα,
982 2755 1310 2825 ἡσύχασαν
1338 2756 1436 2809 καί
1460 2753 1741 2821 ἐδόξαζον
1764 2783 1771 2789 ~

185 2844 289 2896 τὸν
323 2844 494 2911 Θεὸν,
530 2842 809 2913 λέγοντες
828 2861 843 2874 ·
874 2839 1016 2913 Ἆρά
1043 2861 1109 2915 τε
1130 2844 1174 2874 ’ί
1211 2843 1308 2897 καί
1341 2843 1465 2911 τοῖς
1496 2843 1739 2898 ἔθνεσιν

187 2934 219 2985 ό
251 2931 395 2998 Θεὸς
420 2933 536 2999 τὴν
557 2932 881 3003 μετάνοιαν
897 2933 1120 2989 ἔδωκεν
1136 2935 1223 2999 είς
1247 2931 1418 3002 ζωήν.

254 3113 476 3171 Ἦλθον
518 3115 586 3169 δὲ
629 3115 750 3176 σὺν
783 3117 910 3187 ἐμοὶ
947 3118 1043 3171 καί
1075 3121 1129 3171 ol
1173 3116 1243 3181 ἓξ
1277 3117 1522 3186 ἀδελφοὶ
1552 3111 1737 3174 οὗτοι.

191 3206 350 3261 οὐδὲν
381 3209 778 3278 ταπεινότερον,
827 3209 953 3260 ὅταν
983 3209 1090 3261 τῶν
1121 3208 1364 3278 ἀδελφῶν
1394 3211 1492 3282 τὴν
1523 3228 1731 3283 μαρτυ-

1763 2008 1813 2068 B
1840 2037 1894 2088 in
1925 2051 2036 2088 nos.

1913 2124 2069 2178 Vens.
2101 2123 2188 2178 16.
2224 2122 2350 2176 Tum
2382 2122 2686 2176 recordatus
2714 2136 2830 2174 sum
2859 2120 2996 2174 verbi
3023 2119 3258 2182 Domini,
3285 2135 3403 2174 cum

1839 2217 2031 2271 diceret
2056 2231 2073 2270 :
2095 2214 2331 2274 Joannes
2355 2215 2560 2284 quidem
2591 2229 2730 2283 aqua
2758 2211 3049 2281 baptizavit
3074 2227 3091 2265 :
3123 2227 3206 2266 ros
3227 2221 3403 2266 autem

1838 2305 2232 2373 baptizabimiui
2260 2305 2316 2358 in
2343 2285 2775 2372 Spirittdsaucto.

1911 2396 2075 2452 Vens.
2100 2397 2187 2451 17.
2236 2395 2296 2451 Si
2330 2397 2494 2468 igitur
2523 2397 2656 2464 idem
2687 2397 2880 2449 donum
2926 2394 3068 2448 dedit
3110 2395 3183 2448 eis
3236 2393 3398 2459 Deus,

1820 2491 1976 2556 ‘quod
2028 2498 2104 2542 et
2141 2489 2324 2554 nobis,
2392 2489 2483 2557 qui
2543 2487 2934 2540 credideramus
2998 2486 3054 2538 in
3116 2485 3396 2538 Dominum

1836 2578 2014 2632 losum
2035 2576 2336 2632 Christum:
2394 2593 2486 2649 ego
2516 2593 2635 2632 vero
2685 2577 2779 2647 qui
2815 2576 3094 2646 potuissent
3138 2577 3403 2645 prohibere

1839 2668 2005 2722 Deum
2028 2664 2057 2721 ι
2514 2737 2518 2741 ρ

1914 2760 2074 2815 Vsus.
2112 2761 2196 2816 18.
2250 2761 2446 2826 Quibus
2485 2760 2592 2814 illis
2639 2759 2860 2824 auditis,
2923 2760 3302 2828 conticuerunt,
3353 2770 3402 2814 et

1838 2852 2259 2925 gloriﬁcaverunt
2294 2851 2456 2906 Deum
2480 2852 2706 2904 dicentes
2722 2866 2740 2903 :
2760 2849 2896 2921 Ergo
2920 2851 3106 2904 exteris
3129 2850 3236 2921 97
3271 2867 3371 2921 quo
3388 2884 3403 2895 ο

1839 2959 1940 3009 que
2002 2943 2305 2996 nationibus
2379 2941 2516 2995 Deus
2587 2941 2946 3009 paenitentiam
3002 2941 3145 2994 dedit
3203 2943 3274 2993 ad
3322 2940 3402 2995 ui-

1840 3043 1974 3086 lant.

1915 3123 2170 3178 Venerunt
2217 3130 2394 3175 autem
2444 3135 2649 3174 mecum
2703 3119 2863 3173 etiam
2908 3119 2995 3172 isti
3040 3119 3228 3189 fratres
3286 3132 3398 3173 sex.

1840 3211 1987 3270 Nihil
2034 3214 2213 3285 potuit
2264 3213 2378 3268 lieri
2425 3211 2722 3274 humilius,
2782 3226 2943 3280 quam
2997 3225 3118 3264 cum
3174 3209 3401 3266 fratrum

193 3298 308 3397 ρίαν
347 3298 618 3367 ὲπὰγηται
639 3311 655 3326 ⁸
681 3296 805 3348 οὔτε
832 3297 898 3351 τά
917 3298 1067 3367 παρά
1096 3299 1188 3352 τοῦ
1225 3300 1452 3368 ἀγγέλου
1487 3301 1737 3372 ῥηθέντα,

1844 3306 2212 3363 testimonium
2267 3303 2536 3374 producit.
2603 3301 2792 3372 Neque
2859 3301 3084 3371 exponit
3140 3315 3222 3365 ea,
3281 3315 3404 3370 quae

189 3385 225 3442 ἃ.
259 3383 375 3440 εἷπε
405 3387 484 3458 τῷ
519 3387 802 3460 Κορνηλίῳ
824 3404 838 3418 ο
869 3391 936 3442 Δί
965 3391 1141 3458 εὐχαί
1167 3404 1283 3444 σου
1331 3390 1430 3444 καί
1468 3393 1528 3444 αι
1554 3393 1740 3459 ἐλεη-

1844 3397 2058 3454 diserat
2083 3395 2307 3464 angelus
2332 3393 2399 3448 ad
2435 3391 2769 3463 Cornelium,
2813 3406 3010 3460 nempe
3064 3389 3253 3444 Preces
3298 3401 3402 3444 tua

187 3480 443 3546 μοσύναι
471 3494 589 3533 σου
620 3495 635 3510 ·
668 3476 792 3532 οὔτε
843 3479 972 3549 περὶ
1024 3481 1124 3550 τῆς
1173 3481 1476 3545 ἐπιεικείας
1521 3481 1739 3548 διέξεισι

192 3559 280 3624 τοῦ
303 3571 492 3639 ἀνδρός
515 3585 531 3601 °
562 3569 682 3623 οὐδὲ
715 3569 882 3635 λέγει,
917 3570 997 3623 ὅτι
1025 3568 1117 3622 τοῦ
1148 3569 1459 3639 Πνεύματος
1495 3557 1743 3641 πέμψαν-

192 3676 299 3724 τος,
330 3659 424 3711 τοῦ
454 3657 591 3711 Θεοῦ
632 3655 984 3720 κελεύσαντος
1028 3657 1116 3711 διὰ
1147 3656 1240 3710 τοῦ
1273 3657 1504 3725 ἀγγέλου
1531 3658 1740 3712 ἐκεῖθεν

149 3739 153 3742 λ
193 3746 515 3804 καλέσαντος
546 3761 562 3776 ⁸
614 3744 728 3798 ἀλλ’
773 3745 882 3798 ἀπὸ
931 3743 1023 3810 sou
1081 3743 1310 3814 ὑστέρου
1361 3744 1692 3817 ίσχυρίζεται
1723 3762 1740 3778 ο

193 3833 222 3886 ὃ
247 3833 337 3885 καὶ
357 3831 480 3885 καθ’
518 3831 650 3887 αὐτὸ
681 3831 1156 3904 ἀναμφισϐήτητον
1186 3826 1254 3902 ἦν
1281 3833 1596 3904 τεκμήριον.
1631 3832 1746 3886 Οὐκ

195 3925 439 3996 ἀρκεῖται
485 3922 543 3976 δὲ
594 3923 707 3985 τοῖς
763 3923 1115 3994 εἰρημένοις,
1173 3921 1308 3975 ἀλλά
1355 3923 1450 3974 καὶ
1501 3923 1744 3995 ρῄματος

194 4018 588 4087 ἀναμιμνήσκει
617 4012 709 4069 τοῦ
745 4015 972 4082 Κυρίου,
1006 4014 1066 4066 τὸ
1085 4015 1153 4088 ",
1203 4013 1389 4089 Ὑμεῖς
1421 4013 1489 4064 δὲ
1522 4015 1743 4077 βαπτι-

195 4107 492 4175 σθήσεσθε
522 4105 593 4158 ὲν
620 4104 912 4170 Πνεύματι
936 4104 1103 4170 ἁγίῳ.
1143 4102 1337 4170 Οὐδὲν,
1361 4089 1514 4170 φησὶ,
1541 4104 1741 4180 ¹καινά--

193 4218 342 4273 τερον
368 4203 590 4270 γέγονεν
611 4214 626 4229 ο
669 4196 786 4250 ἀλλ’
814 4197 950 4268 ὅπερ
988 4198 1268 4266 προεῖπεν.
1325 4196 1470 4248 Ἀλλ’
1498 4197 1597 4249 οὐκ
1636 4197 1744 4251 ἔδει

167 4293 487 4363 ⁴βαπτίσαιο
538 4287 652 4342 ἀλλ’
699 4287 1000 4362 ἀπήρτιστο
1046 4285 1108 4346 τὸ
1168 4284 1468 4356 βάπτισμα.
1538 4288 1648 4340 Καὶ
1684 4288 1745 4340 οὐ

199 4384 358 4452 λέγει,
399 4380 693 4436 Ἐκέλευσα
723 4379 916 4444 αὐτοὺς
950 4376 1332 4447 βαπτισθῆναι,
1365 4377 1502 4430 ἀλλά
1532 4379 1736 4432 δείκνυ-

201 4490 278 4541 σιν
327 4473 491 4526 αὑτὸν
559 4470 711 4522 οὐδὲν
762 4469 1090 4537 ποιήσαντα.
1149 4469 1328 4535 Ὅπερ
1381 4458 1778 4539 ’ἐσχήκαμενγ

200 4563 371 4628 φησὶν,
411 4562 591 4630 ἡμεῖς,
622 4557 811 4610 ἔλαϐον
855 4559 1069 4609 ἐκεῖνοι.
1091 4558 1158 4609 El
1179 4553 1291 4612 οὖν
1320 4558 1435 4625 τὴν
1467 4560 1612 4627 ἴσην
1639 4560 1744 4614 δω-

1839 3473 2261 3554 ειέίεειιιοενηιε
2308 3491 2447 3538 tute:
2480 3495 2654 3551 neque
2682 3481 2846 3535 verba
2873 3481 3000 3534 facit
3042 3481 3110 3534 de
3136 3480 3405 3549 probitate

1838 3593 1902 3633 ac
1929 3576 2260 3648 benignitate
2289 3573 2411 3639 viri,
2441 3587 2616 3643 neque
2643 3571 2792 3635 dicit,
2818 3584 2877 3625 se
2921 3569 3090 3624 missu
3146 3569 3402 3638 Spiritus,

1837 3673 1993 3740 jussu
2019 3667 2114 3722 Dei
2165 3681 2263 3737 per
2291 3665 2545 3736 angelum
2599 3663 2750 3718 illinc
2777 3660 3054 3718 evocantis
3097 3659 3400 3731 profectum

1844 3767 2000 3810 esse:
2056 3754 2154 3810 sed
2197 3769 2227 3808 a
2260 3754 2562 3822 posteriore
2615 3753 2815 3807 factum
2872 3768 3030 3808 suum
3089 3757 3410 3825 comprobat

1843 3853 2007 3915 atque
2061 3843 2366 3900 conﬁrmat.
2420 3843 2574 3910 Quod
2602 3854 2658 3897 et
2687 3859 2782 3914 per
2825 3859 2884 3899 se
2930 3853 3138 3899 certum
3190 3853 3306 3900 erat
3354 3855 3408 3900 et

1844 3936 2072 3991 minime
2097 3935 2407 4005 ambiguum
2440 3945 2842 4005 argumentum.
2870 3933 2975 3988 Sed
2999 3933 3085 3988 bis
3111 3932 3272 3988 dictis
3298 3950 3406 3988 non

1843 4035 1928 4081 est
1949 4035 2258 4080 contentus.
2288 4026 2591 4090 Quinetiam
2614 4025 2760 4079 verbi
2783 4024 3047 4078 Dominici
3078 4024 3404 4078 mentionem

1844 4115 2009 4168 facit:
2059 4129 2274 4182 nempe,
2311 4114 2405 4168 Vos
2462 4114 2858 4184 baptizabimiui
2882 4117 2934 4166 in
2966 4096 3174 4180 Spiritu
3205 4123 3402 4188 sancto.

1844 4204 1988 4259 Nihil
2015 4221 2236 4265 novum,
2270 4205 2469 4274 inquit,
2512 4204 2744 4258 accidit:
2777 4205 2894 4267 sed,
2935 4202 3082 4271 quod
3131 4203 3402 4272 praulisit.

1846 4296 1914 4350 At
1941 4295 2363 4365 nonoporlebat
2387 4295 2658 4364 baptizare
2695 4312 2708 4346 :
2743 4303 2801 4348 at
2819 4294 3081 4363 baptisma
3109 4301 3224 4346 erat
3243 4293 3405 4347 abso-

1846 4385 2042 4441 lutum.
2101 4386 2178 4440 Ac
2229 4400 2340 4440 non
2399 4386 2550 4453 dicit,
2604 4384 2747 4440 Jussi
2797 4401 2891 4440 eos
2952 4384 3257 4454 baptizari:
3310 4383 3403 4439 sed

1845 4476 2084 4532 ostendit
2112 4491 2172 4530 se
2213 4475 2348 4529 nihil
2381 4475 2593 4531 fecisse.
2619 4475 2773 4543 Quod
2819 4491 2942 4540 nos,
2995 4475 3192 4544 inquit,
3215 4489 3407 4528 conse-

1847 4568 1960 4622 cuti
2006 4581 2230 4630 sumus,
2264 4567 2338 4621 illi
2391 4576 2734 4638 acceperunt.
2801 4567 2860 4622 Si
2910 4569 3071 4637 igitur
3117 4567 3256 4619 idem
3300 4565 3406 4617 illis

194 4653 331 4721 ρεὰν
381 4651 611 4704 ἔδωκεν
657 4649 858 4714 αὐτοῖς
907 4652 940 4702 ό
977 4648 1142 4714 Θεὸς,
1174 4649 1253 4712 ὡς
1279 4651 1374 4700 καὶ
1399 4651 1576 4718 ἡμῖν,
1624 4653 1742 4705 Ἵνα

1845 4658 2036 4710 donum
2087 4657 2226 4711 Deus
2265 4657 2408 4711 dedit
2462 4660 2600 4727 quod
2656 4659 2815 4710 etiam
2854 4657 3026 4710 nobis.
3082 4655 3150 4708 Ut
3195 4656 3275 4708 eis
3313 4668 3403 4706 ora

199 4742 445 4816 ἐμφράξῃ
470 4740 647 4795 αὐτῶν
678 4741 746 4794 τὰ
791 4740 1056 4811 στόματα,
1087 4741 1414 4810 προσέθηκε·
1452 4744 1569 4808 Τὴν
1600 4744 1746 4813 (an,
1803 4806 1821 4830 Χ

202 4837 436 4906 δωρεάν.
473 4837 586 4890 Οὐκ
606 4835 816 4905 ἀφίησι,
843 4834 1026 4903 φησιν,
1053 4831 1233 4894 αὐτοῖς
1258 4833 1302 4863 ⁸⁸
1326 4831 1543 4883 ἔλαττον
1575 4838 1742 4902 σχεῖν,

202 4931 246 4980 εί
273 4929 587 4996 πιστεύσασι
619 4925 716 4998 τὴν
749 4927 869 4996 ίσην
905 4923 1111 4994 δωρεὰν
1140 4923 1327 4978 ἔδωκε.
1354 4924 1458 4976 Καὶ
1489 4923 1548 4976 οὐ
1573 4925 1742 4994 λέγει,

211 5020 290 5082 Ὠς
319 5023 412 5072 καὶ
440 5021 602 5089 ὑμῖν,’
620 5018 758 5084 ἀλλ’,
795 5017 874 5081 ὡς
900 5015 998 5070 καὶ
1025 5013 1188 5084 ἡμῖν.
1223 5013 1290 5066 Τί
1313 5013 1743 5080 ἁναξιοπαϐεἰτε,

200 5109 317 5164 ὅταν
342 5114 502 5182 ἡμεῖς
541 5111 825 5172 κοινωνοὺς
870 5111 1063 5172 αὐτοὺς
1091 5109 1363 5176 λέγωμεν;
1395 5106 1543 5176 Ἐγὼ
1569 5107 1636 5160 δὲ
1659 5111 1749 5176 τίς

207 5199 359 5267 ἥμην
383 5203 717 5272 δυνάμενος
739 5201 1007 5255 κωλῦσαι
1032 5201 1139 5256 τὸν
1170 5205 1317 5255 Θεόν
1340 5216 1360 5264 ;
1396 5199 1747 5267 Ἐγκαλοῦσιν

206 5295 534 5366 ἀπολογεῖται
581 5298 782 5368 σφόδρα
811 5296 1178 5367 ὲντρεπτικῶς
1223 5295 1316 5349 καὶ
1358 5294 1569 5365 βαρέως
1592 5312 1606 5326 ·
1643 5297 1746 5348 οὐκ

1847 4748 2144 4813 obturaret,
2173 4748 2402 4815 adjecit,
2431 4749 2566 4801 idem
2608 4750 2822 4801 donum.
2857 4747 2974 4800 Non
3019 4744 3172 4810 sinit,
3212 4744 3404 4812 inquit,

1849 4837 1968 4891 illos
2000 4835 2182 4890 minus
2229 4836 2449 4900 habere,
2488 4851 2647 4905 quam
2679 4851 2798 4900 nos,
2839 4836 2882 4888 si
2918 4843 3204 4905 postquam
3227 4831 3405 4888 credi-

1848 4929 2060 4991 derant,
2091 4926 2235 4982 idem
2286 4927 2487 4982 donum
2543 4927 2712 4989 dedit,
2760 4927 2903 4997 quod
2933 4927 3105 4979 nobis.
3156 4923 3233 4979 Ac
3261 4968 3263 4974 .
3293 4939 3401 4978 non

1848 5020 2002 5084 dicit,
2050 5021 2193 5091 quod
2257 5019 2420 5074 etiam
2463 5020 2648 5074 vobis:
2689 5020 2803 5082 sed,
2867 5019 3002 5091 quod
3028 5019 3183 5071 etiam
3240 5018 3399 5071 nobis.

1846 5114 1989 5180 Quid
2042 5089 2420 5180 indignemini;
2484 5125 2608 5164 cum
2663 5125 2762 5165 nos
2821 5089 2942 5164 illos
2988 5109 3278 5179 participes
3339 5123 3401 5160 ac

1843 5203 2018 5257 socios
2046 5202 2274 5256 dicimus
2311 5201 2332 5253 ?
2368 5198 2476 5271 Ego
2518 5217 2632 5254 vero
2686 5201 2774 5270 qui
2803 5202 3085 5269 potuissent
3134 5199 3401 5268 prohibere
3479 5201 3487 5209 ’

1843 5292 2008 5347 Deum
2035 5295 2060 5346 ἔ)
2089 5291 2564 5362 Expostulantibus
2585 5308 2767 5348 secum
2801 5293 3034 5366 graviter
3090 5290 3396 5358 respondet,

1379 5449 1577 5512 Variae
1622 5447 1926 5524 lectiones
1965 5457 2028 5512 et
2067 5455 2256 5510 noue.

245 5575 387 5629 ·¹⁹τδ
415 5587 552 5629 erat.
647 5573 692 5645 ’°_
720 5570 785 5626 In
808 5571 1040 5645 vulgato,
1074 5584 1195 5628 ante
1247 5575 1468 5645 Κυρίου.
1503 5593 1604 5631 non
1639 5585 1713 5630 est

1844 5575 2004 5629 iculus
2051 5573 2163 5642 τοῦ,
2197 5590 2287 5628 nec
2319 5574 2398 5628 ὅτι
2445 5585 2566 5629 ante
2607 5572 2878 5643 Ἰωάννης.

209 5655 294 5706 ιιι.
337 5648 526 5718 ἄραγε.
599 5643 754 5696 ¹¹ῑσ.
780 5643 892 5696 τοῦ.
966 5644 1014 5675 ’⁸
1048 5645 1270 5709 αὐτοὺς,
1314 5643 1398 5699 llr.

284 5761 299 5801 ι
332 5762 389 5817 ν.
433 5763 620 5817 cedidit
655 5777 809 5827 super
842 5776 945 5813 eos.

2985 5573 3028 5605 ²¹
3059 5571 3124 5627 In
3187 5571 3395 5642 vulgato
