4064 6340
132 413 235 477 6‘77
681 419 698 448 ’

880 408 1279 471 EXPOSITIO
1315 410 1397 470 ΙΝ
1414 407 1599 472 ACTA
1642 410 2203 475 APOSTOLORUM.
2247 440 2314 450 —
2337 413 2491 476 CAP.
2523 415 2626 476 Xl‘.

3256 423 3364 488 678

133 524 334 578 σεαυτόν
365 523 501 587 ἐστι,
537 520 670 574 Θεὸν
709 520 869 590 μόνον
913 519 1120 588 ἀγαθὸν
1171 514 1333 584 εἶναι,
1380 520 1478 573 καὶ
1529 520 1698 590 ἄνδρα

1807 540 1924 581 cum
1973 523 2188 590 litteris,
2221 522 2298 576 ire
2327 523 2537 593 jubcnl,
2581 522 2674 577 sed
2737 520 3034 580 Barnabam
3093 527 3310 583 mittunt
3341 535 3364 582 ι

132 616 338 683 ἀγαθὸν
371 615 658 684 ὑπάρχειν.
702 613 761 666 '0
794 613 894 683 μὲν
939 614 1068 682 γὰρ,
1125 612 1247 666 κατ’
1278 613 1469 667 οὐσίαν
1500 614 1704 682 ἀγαθὸς

134 707 393 775 ὑπάρχει,
425 703 569 774 ἀρχὴ
597 704 688 756 καὶ
716 704 865 774 πηγὴ
887 703 963 757 ὣν
985 706 1092 757 τῶν
1122 703 1342 772 ἀγαθῶν
1371 722 1384 736 ο
1409 707 1438 759 6
1459 705 1517 758 δὲ
1544 705 1700 776 ἀνὴρ,

131 798 191 847 οὐ
235 797 356 849 κατ’
398 796 606 854 οὐσίαν,
641 795 756 848 ἀλλ’
789 797 848 848 ἐν
875 795 1137 866 ἀναλήψει
1182 798 1407 867 ἀρετῆς.
1445 796 1703 865 Ἐξῆλθε

130 888 201 939 δὲ
227 891 317 953 εἰς
352 887 582 954 Ταρσὸν
618 890 652 940 ό
677 885 1004 955 Βαρνάϐας,
1037 879 1402 955 ἀναζητῆσαι
1441 888 1698 942 Σαῦλον.

137 979 279 1033 Ιιολὺ
307 979 540 1048 χρηστὸς
567 980 596 1032 6
629 980 791 1049 ἀνὴρ,
822 979 915 1032 καὶ
953 978 1157 1049 ἀφελὴς
1190 980 1283 1032 καὶ
1331 998 1704 1051 συγγνωμονι·

142 1070 255 1131 κός.
288 1069 580 1139 Ἐξήτησε,
613 1071 768 1140 φησι,
817 1071 909 1124 τὸν
947 1071 1204 1142 ἀθλητὴν,
1241 1073 1333 1125 τὸν
1379 1075 1700 1144 στρατηγόν.

137 1160 410 1228 Ἐγένετο
438 1159 506 1212 δὲ
533 1160 813 1214 ἐνιαυτὸν
852 1159 1000 1213 ὅλον
1028 1159 1411 1230 συναχθῆναι
1446 1161 1522 1231 τῇ
1567 1162 1706 1217 Ἐλι-

136 1253 386 1320 act-nolo,
415 1253 516 1308 καὶ
532 1251 762 1315 διδάξαι
787 1252 975 1319 ὄχλον
1001 1252 1227 1308 ἱκανόν.
1271 1253 1347 1306 Οὔ
1381 1254 1576 1323 μικρὸν
1605 1255 1704 1323 τῆς

136 1345 342 1408 πόλεως
373 1345 433 1396 τὸ
462 1343 754 1413 ἐγκώμιον,
802 1344 882 1396 ὅτι
916 1344 1010 1396 τοῦ
1049 1343 1320 1413 στόματσς
1360 1345 1574 1398 ἑκείνου
1614 1362 1704 1397 το-

139 1435 330 1488 σοῦτον
383 1436 666 1505 ἀπήλαυσε
710 1434 902 1504 χρόνον
952 1435 1141 1503 πρώτη
1195 1436 1302 1486 τῶν
1348 1434 1524 1489 ἄλλων
1558 1434 1703 1488 ἁπα-

138 1527 270 1582 σῶν.
315 1526 686 1595 Χρηματίσαι
714 1541 780 1578 τε
816 1523 1052 1592 πρῶτον
1087 1526 1157 1578 ἐν
1192 1525 1531 1594 Ἀντιοχείᾳ,
1565 1525 1704 1591 τοὺς

136 1618 423 1685 μαθητὰς,
447 1617 862 1684 Χριστιανούς.
899 1616 1108 1670 Παύλου
1140 1617 1233 1670 καὶ
1255 1616 1414 1669 τοῦτο
1436 1617 1478 1647 ³⁷
1503 1617 1702 1687 κατόρο

138 1712 315 1775 Θωμα,
354 1709 435 1769 είς
465 1705 717 1760 τοσοῦτον
755 1708 961 1777 ἐπᾶραι
988 1705 1144 1774 ὕψος,
1179 1706 1369 1777 ὥσπερ
1391 1722 1445 1760 τι
1476 1710 1704 1776 σημεῖον

137 1799 196 1850 τὸ
239 1799 430 1868 ὄνομα.
492 1797 660 1851 Ἔνθα
712 1797 1042 1869 τρισχίλιοι,
1098 1797 1228 1849 ἔνθα
1275 1785 1702 1866 πεντακισχίλιοι

1807 617 2055 670 Nondum
2110 625 2377 671 noverant
2435 617 2533 670 viri
2575 617 2850 674 virtutem.
2917 619 3050 673 Erat
3095 624 3232 675 enim
3283 628 3362 677 vir
3460 667 3470 675 .

1805 707 1987 770 bonus,
2020 715 2066 760 et
2102 705 2329 774 Spiritus
2368 707 2538 758 sancti
2593 715 2640 760 et
2673 707 2794 775 fidei
2828 709 3028 775 plenus.
3075 711 3189 764 Non
3224 713 3362 766 idem

1803 807 1906 863 est,
1961 813 2101 851 eum-
2131 797 2380 858 dicimus,
2421 797 2587 850 Deum
2643 797 2814 850 solum
2851 813 2972 852 esse
3033 800 3255 864 bonum,
3305 811 3361 856 et

1802 888 1978 942 virum
2035 888 2237 942 bonum
2290 902 2429 942 esse.
2477 885 2611 940 Nam
2639 887 2744 952 ille
2787 896 2979 941 natura
3028 890 3204 943 honus
3253 900 3359 956 est,

1803 981 2004 1048 quippe
2058 995 2180 1034 cum
2231 978 2552 1049 principium
2589 992 2651 1032 ac
2701 980 2820 1034 fons
2859 979 3124 1033 bonorum
3166 979 3271 1035 sit:
3311 988 3366 1036 at

1805 1067 2007 1122 virnon
2030 1077 2242 1132 natura,
2278 1067 2370 1121 sed
2444 1067 2810 1136 perceptione,
2851 1067 2997 1123 cultu
3043 1078 3201 1135 atque
3235 1071 3365 1123 sub-

1803 1163 1941 1218 sidio
1962 1162 2177 1217 virtutis
2206 1163 2381 1216 bonus
2409 1172 2513 1216 est.
2575 1160 2845 1231 Profectus
2880 1171 2956 1214 est
3008 1173 3183 1216 autem
3236 1163 3366 1215 Bar-

1804 1253 1970 1308 nabas
2001 1252 2241 1316 Tarsum,
2283 1261 2338 1304 ut
2367 1252 2652 1321 requireret
2675 1249 2918 1306 Saulum.
2969 1252 3135 1305 Valde
3187 1254 3365 1306 bonus

1805 1353 1859 1398 et
1895 1344 2166 1397 humanus
2193 1342 2276 1394 vir
2305 1341 2426 1405 fuit,
2471 1352 2528 1395 et
2555 1341 2838 1402 candidus.
2886 1351 2940 1395 et
2987 1342 3248 1404 clemens,
3300 1360 3362 1394 ac

1799 1433 1970 1488 mitis.
2031 1424 2335 1498 Quaerebat,
2407 1432 2602 1500 inquit,
2658 1431 2917 1492 athletam
2980 1448 3043 1486 ac
3104 1433 3362 1501 pugilem.

1803 1524 2079 1593 quatrebat
2106 1523 2322 1578 ducem.
2348 1522 2547 1576 Accidit
2575 1532 2774 1584 autem,
2807 1533 2862 1576 ut
2892 1525 3363 1593 integrumannum

1802 1626 2136 1670 versarentur
2161 1616 2214 1666 in
2252 1612 2510 1678 Ecclesia,
2534 1631 2598 1667 ac
2629 1631 2876 1686 magnam
2935 1615 3200 1667 hominum
3251 1626 3366 1666 tur-

1804 1709 1924 1762 bam
1947 1713 2208 1761 docerent.
2238 1704 2389 1760 Haud
2417 1721 2581 1774 parva
2639 1706 2753 1760 laus
2782 1706 3018 1761 civitatis
3071 1715 3175 1770 est,
3220 1706 3362 1775 quod

1805 1801 1880 1854 illi
1937 1809 2252 1855 exterarum
2291 1799 2534 1854 omnium
2588 1798 2793 1867 primm,
2853 1806 3058 1852 tantum
3109 1797 3368 1867 temporis

139 1891 500 1954 ἐπίστευσαν,
555 1889 683 1943 ινθα
711 1883 968 1942 τοσοῦτον
997 1888 1203 1957 πλῆθος
1222 1926 1238 1952 ,
1280 1888 1433 1942 οὐδὲν
1466 1888 1704 1940 τοιοῦτον

1807 1892 2043 1962 spatium
2080 1889 2184 1944 frui
2215 1889 2442 1960 contigit
2476 1888 2621 1942 illius
2647 1903 2761 1942 ore.
2815 1887 2877 1941 Et
2917 1888 3207 1941 Antiochiae
3251 1890 3357 1956 pri-

138 1982 360 2050 γέγονεν
389 1996 400 2005 ·
437 1979 555 2034 ἀλλ’
593 1982 641 2033 ol
670 1982 772 2051 τῆς
801 1979 918 2034 ὀδοῦ
948 1981 1146 2051 ἤκουον
1177 1996 1191 2012 ο
1223 1979 1456 2034 ἐνταῦθα
1477 1979 1532 2032 δὲ
1555 1979 1707 2048 πρῶ·

135 2089 224 2124 τον
252 2069 502 2123 τοιούτου
551 2071 813 2139 ὀνΰματος
858 2069 1190 2140 ἠξιώθησαν.
1255 2070 1597 2140 Σημειωτέον
1649 2070 1707 2124 δὲ

135 2164 216 2215 ὅτι
254 2163 458 2231 μᾶλλον
485 2161 574 2214 διὰ
618 2160 780 2214 τοῦτο
830 2163 864 2232 ἡ
910 2163 1208 2231 Ἀντιόχεια
1257 2161 1452 2230 Θρόνου
1496 2161 1703 2231 ἠξιώθη

137 2253 482 2325 ἁρχοντικοῦ,
521 2253 709 2323 ἐπειδὴ
747 2254 867 2308 ἐκεῖ
921 2253 1139 2324 πρῶτον
1167 2252 1542 2324 ἐχρημάτισαν
1565 2253 1705 2322 Χριο

139 2365 166 2398 σ
183 2347 371 2400 ειανοί.

1803 1998 1948 2035 mum
1972 1980 2218 2050 discipuli
2266 1977 2664 2048 appellarentur
2719 1976 3030 2030 Christiani.
3087 1975 3230 2028 Pauli
3286 1985 3366 2030 est

1805 2073 1966 2126 etiam
2003 2071 2107 2124 hoc
2159 2071 2361 2124 factum
2410 2068 2759 2123 memorabile
2815 2075 2975 2136 atque
3028 2067 3364 2140 praeclarum,

1807 2164 1898 2234 qui
1944 2171 2198 2232 tanquam
2242 2161 2456 2231 signum
2505 2159 2773 2229 quoddam
2825 2173 3023 2211 nomen
3071 2156 3279 2209 Christi
3311 2157 3358 2209 ir

1805 2261 2010 2306 tantam
2062 2251 2254 2304 extulit
2302 2247 2674 2302 altitudinem.
2724 2247 2826 2302 Ubi
2881 2248 2980 2299 tiia
3034 2244 3223 2307 millia,
3273 2244 3365 2296 ubi
3409 2261 3411 2264 ·

1807 2344 2048 2412 quinque
2087 2340 2253 2395 millia
2293 2337 2656 2400 crediderant,
2715 2337 2805 2391 ubi
2857 2344 3007 2391 tanta
3054 2333 3362 2396 multitudo,

138 2444 271 2498 nihil
300 2443 526 2514 contigit
579 2442 720 2498 tale:
776 2441 871 2497 sed
919 2441 1254 2497 vocabantur
1297 2440 1367 2495 de
1414 2438 1532 2494 via:
1568 2437 1660 2493 hic
1693 2446 1876 2493 autem
1909 2437 2142 2507 primum
2181 2433 2288 2491 tale
2346 2447 2543 2489 nomen
2592 2430 2868 2486 consecuti
2949 2436 3097 2483 sunt.
3163 2428 3365 2482 Notan-

137 2539 262 2592 dum
295 2547 382 2592 est
407 2545 610 2602 autem,
665 2536 868 2592 idcirco
929 2534 1100 2606 magis
1161 2534 1504 2590 Antiochiam
1569 2542 1916 2606 consecutam
1969 2547 2090 2587 esse
2138 2530 2322 2585 sedem
2373 2527 2742 2598 principalem,
2769 2523 2895 2595 quia
2953 2522 3062 2577 illic
3129 2522 3367 2591 primum

133 2633 387 2703 discipuli
413 2629 666 2702 appellati
691 2638 821 2685 sunt
850 2629 1170 2684 Christiani.

201 2749 304 2801 Ἐν
358 2748 603 2811 ταύταις
656 2746 725 2798 δὲ
771 2745 899 2813 ταῖς
954 2745 1203 2814 ἡμέραις
1241 2746 1546 2817 κατῆλθον
1586 2748 1706 2804 ἀπὸ

148 2840 581 2908 Ἰεροσολύμων
603 2838 898 2908 προφῆται
929 2842 1016 2905 εἰς
1056 2839 1427 2908 Ἀντιόχειαν.
1491 2840 1494 2841 ⁷
1693 2829 1701 2837 ’

206 2931 496 2996 Ἀναστὰς
546 2928 616 2983 δὲ
668 2925 758 2996 εἷς
811 2930 879 2994 ἐξ
930 2927 1129 2984 αὐτῶν
1165 2931 1406 3000 ὀνόματι
1460 2932 1705 3000 Ἄγαϐος

139 3020 403 3090 ἐσήμαινε
435 3019 532 3075 διὰ
561 3019 609 3053 ’⁸
641 3020 986 3090 Πνεῦματος
1011 3021 1190 3088 λιμὸν
1219 3024 1415 3090 μέγαν
1457 3004 1705 3090 μέλλειν

141 3116 388 3169 ἔσεσθαι
438 3112 532 3174 ἐφ’
588 3113 744 3180 ὅλην
786 3111 902 3181 τὴν
945 3112 1304 3182 οἰκουμένην
1330 3130 1344 3146 ·
1391 3115 1563 3182 ὅστις
1604 3116 1704 3170 καί.

140 3206 377 3276 ἐγένετο
408 3207 508 3260 ἐπὶ
539 3190 842 3261 Κλαυδίου
868 3207 1190 3275 Καίσαρος.

1879 2745 1990 2817 99
2017 2744 2183 2799 Vens.
2213 2742 2301 2796 27.
2339 2740 2400 2794 In
2427 2740 2506 2792 his
2535 2747 2710 2791 autem
2740 2734 2918 2788 diebus
2955 2731 3020 2786 ab
3053 2728 3365 2798 Hierosoly-

1812 2842 1912 2896 mis
1937 2836 2268 2893 Antiochiam
2297 2831 2670 2885 d‘escenderunt
2697 2825 2977 2896 prophetat.

1875 2932 2042 2986 Vsus.
2075 2929 2167 2982 28.
2200 2927 2272 2979 Ac
2300 2939 2517 2994 surgens
2555 2937 2689 2974 unus
2740 2935 2803 2972 ex
2831 2916 2938 2970 illis
2987 2914 3196 2968 nomine
3221 2912 3370 2982 Aga-

1810 3025 1904 3077 bus
1950 3019 2279 3093 significabat
2322 3029 2414 3085 per
2458 3011 2713 3081 Spiritum
2748 3009 2942 3078 famem
2985 3015 3233 3072 magnam
3259 3000 3372 3068 fore

1809 3132 1902 3188 per
1935 3123 2098 3168 totum
2141 3110 2314 3163 orbem
2351 3107 2637 3174 tetrarum,
2669 3114 2784 3170 qute
2811 3098 2969 3159 etiam
2997 3096 3098 3165 fuit
3137 3103 3370 3161 tempore

1813 3207 2028 3267 Claudii
2061 3202 2310 3259 Ca'saris.

215 3297 338 3351 Τῶν
365 3297 430 3349 δὲ
467 3296 750 3366 μαθητῶν
784 3297 975 3365 καθὼς
1003 3297 1314 3366 εὐπορεῖτό
1342 3315 1450 3363 τις,
1481 3297 1704 3368 ὥρισαν

1882 3299 2041 3353 Vens.
2097 3293 2187 3350 29.
2263 3286 2521 3358 Discipuli
2592 3293 2789 3344 autem,
2841 3296 2938 3350 pro
2991 3277 3105 3333 suis
3153 3277 3376 3348 quisque

141 3387 392 3453 ἕκαστος
414 3387 483 3450 ¹⁹,
509 3389 598 3453 είς
627 3386 941 3442 διακονίαν
968 3387 1200 3457 πέμψαι
1247 3387 1371 3455 τοῖς
1404 3391 1710 3445 κατοικοῦ-

140 3494 240 3533 σιν
266 3480 336 3532 ἐν
361 3477 432 3549 τῇ
453 3479 710 3548 Ἰουδαίᾳ
729 3478 1038 3550 ἀδελφοῖς.

215 3596 276 3646 Ὃ
321 3592 424 3647 καί
481 3591 782 3661 ἐποίησαν
837 3584 1310 3665 ἀποστείλαντες
1337 3587 1510 3668 ’πρὸς
1567 3597 1708 3663 τοὺς

143 3685 586 3752 πρεσϐυτέρους
614 3683 710 3738 διὰ
739 3687 936 3753 χειρὸς
961 3688 1242 3755 Βαρνάϐα
1269 3689 1368 3743 καί
1405 3689 1671 3743 Σαύλου.

208 3791 535 3859 Προφῆται.
573 3790 682 3844 Καὶ
713 3791 830 3856 πῶς
861 3809 1026 3863 φησιν
1058 3795 1085 3846 6
1119 3796 1375 3865 Χριστὸς,
1399 3798 1481 3849 ὅτι
1521 3797 1583 3850 ὀ
1620 3795 1712 3849 rd.

142 3900 250 3948 μσς
273 3883 370 3935 καὶ
401 3885 456 3936 ol
485 3881 786 3951 προφῆται
822 3884 934 3950 ἕως
980 3885 1259 3942 Ἰωάννου
1284 3905 1302 3953 ;
1335 3889 1466 3958 Περὶ
1487 3888 1709 3940 ἐκείνων

148 3975 276 4043 φησὶ
317 3974 427 4027 τῶν
460 3973 756 4044 προφητῶν
777 3974 887 4028 τῶν
916 3976 1015 4050 τὴν
1059 3978 1363 4050 παρουσίαν
1395 3978 1560 4033 αὐτοῦ
1586 3996 1713 4049 προς

145 4067 636 4135 ανσφωνησάντων.
692 4067 995 4136 Ἐσήμανε
1039 4069 1139 4123 διὰ
1183 4070 1289 4123 τοῦ
1342 4073 1707 4140 Πνεύματος.

146 4153 259 4205 "Iw.
296 4155 372 4224 μὴ
405 4155 701 4223 νομίσωσιν
741 4157 824 4209 ὅτι
870 4158 958 4210 διὰ
1001 4159 1158 4212 τοῦτο
1191 4163 1220 4213 6
1259 4162 1415 4230 λιμὸς
1460 4162 1711 4231 γέγονεν,

147 4248 222 4298 ὅτι
268 4241 701 4316 Χριστιανισμδς
750 4248 991 4317 εἰσῆλθε,
1022 4252 1276 4321 προλέγει
1305 4252 1365 4305 τὸ
1396 4253 1618 4323 Πνεῦμα
1649 4255 1710 4307 τὺ

148 4337 318 4406 ἆγιον.
362 4338 476 4391 Καὶ
503 4338 612 4410 γὰρ
647 4338 676 4391 6
707 4339 941 4411 Χριστὸς
971 4344 1252 4413 προεῖπεν.
1309 4345 1382 4398 Οὐ
1409 4345 1497 4401 διὰ
1519 4348 1709 4419 τοῦτο,

1811 3387 2169 3463 facultatibus,
2201 3389 2500 3437 statuerunt
2532 3379 2586 3431 in
2623 3374 2910 3429 subsidium
2946 3369 3148 3422 mittere
3173 3368 3326 3438 fratrt
3346 3395 3370 3405 -

1811 3485 1904 3537 bus
1933 3476 2272 3535 incolentibus
2299 3472 2566 3526 Judteam.

1887 3599 2043 3652 Vens.
2073 3593 2157 3648 50.
2191 3587 2339 3655 Quod
2367 3587 2528 3641 etiam
2570 3584 2823 3654 fecerunt,
2876 3587 2934 3633 ut
2990 3579 3252 3632 mitterent
3291 3575 3359 3625 ad

1809 3692 2034 3745 seniores
2061 3703 2153 3754 per
2186 3697 2397 3738 manum
2433 3675 2695 3732 Barnaba:
2722 3689 2786 3727 ac
2809 3669 2987 3727 Sauli.
3207 3677 3224 3680 “

1885 3798 2179 3870 Ρτορίιειαι.
2217 3795 2282 3850 Et
2311 3789 2583 3864 quomodo
2607 3786 2856 3842 Christus
2885 3783 3000 3837 ait:
3032 3781 3140 3836 Leu:
3164 3796 3227 3832 ac
3243 3795 3373 3846 pro-

1808 3894 1977 3965 pheta:
2016 3904 2176 3961 usque
2215 3887 2287 3940 ad
2325 3881 2623 3939 Joannem?
2668 3877 2746 3932 De
2777 3875 2887 3931 illis
2942 3874 3015 3927 ait
3067 3870 3370 3941 prophetis,

1810 3986 1902 4060 qui
1931 4000 2092 4042 suum
2122 3981 2412 4037 adventum
2457 3973 2841 4060 pliadixerant.
2881 3965 3220 4060 signiﬁcabat
3279 3979 3371 4031 per

1809 4051 2087 4150 Spiritum.
2121 4073 2200 4130 Ne
2233 4051 2609 4128 existimarent
2635 4062 2884 4150 homines
2936 4056 3138 4150 idcirco
3169 4053 3368 4108 famem

1811 4146 1933 4226 esse
1961 4175 2166 4230 ortam,
2184 4163 2328 4234 quod
2366 4154 2812 4214 Christianismus
2865 4146 3205 4234 introductus
3232 4151 3369 4234 erat,

1811 4265 1925 4313 rem
1967 4231 2217 4310 futuram
2250 4247 2494 4320 praedicit
2548 4243 2784 4313 Spiritus
2846 4247 3085 4296 sanctus.
3155 4231 3368 4286 Etenim

1811 4347 2060 4404 Christus
2110 4341 2454 4412 praedixerat.
2520 4334 2638 4390 Non
2695 4331 2933 4392 idcirco,
2993 4324 3254 4396 quoniam
3305 4322 3372 4373 ab

148 4428 331 4498 ιπειδὴ
363 4427 420 4493 ιξ
451 4427 628 4498 ἀρχῆς
676 4428 837 4482 τοῦτο
885 4430 1311 4502 scansionem,
1351 4435 1488 4489 ἀλλὰ
1513 4417 1605 4490 διὰ
1643 4436 1704 4491 τὰ

1814 4441 1968 4496 initio
1993 4438 2096 4492 hoc
2121 4434 2240 4490 ﬁeri
2277 4429 2596 4502 Oportebat:
2650 4423 2745 4480 sed
2775 4428 2996 4492 propter
3047 4416 3273 4485 injurias
3317 4421 3372 4466 et

148 4518 289 4569 κακὰ
331 4516 400 4569 τὰ
429 4520 508 4580 είς
542 4519 668 4580 τοὺς
698 4519 887 4588 ἁγίους
919 4503 1248 4586 ἁπόστόλους
1290 4526 1559 4594 γενόμενα
1580 4542 1595 4555 ’
1634 4525 1704 4589 ὡς

1815 4527 2193 4586 contumelias,
2222 4523 2420 4592 quibus
2472 4515 2645 4572 sancti
2696 4510 2924 4582 apostoli
2974 4514 3132 4562 erant
3166 4503 3368 4558 aﬂ‘ecti.

150 4608 203 4659 δὲ
253 4609 545 4673 ἐνέκειντο,
603 4609 759 4679 λιμὸς
809 4611 984 4681 μέγας
1032 4614 1273 4679 γίνεται,
1329 4616 1548 4684 μηνύων
1598 4618 1704 4680 τοῖς

1813 4622 1947 4677 Nam
1979 4627 2039 4674 ut
2068 4614 2336 4684 urgebant
2383 4617 2438 4665 et
2493 4604 2708 4663 molesti
2762 4609 2940 4666 erant,
2989 4598 3161 4654 fames
3202 4597 3373 4650 oritur

149 4697 416 4761 Ἰουδαίοις
439 4699 510 4752 τὰ
538 4701 772 4770 ἐσόμενα
822 4703 986 4757 κακά.
1032 4702 1161 4759 Τῶν
1201 4704 1270 4758 δὲ
1298 4707 1577 4776 μαθητῶν
1605 4724 1710 4762 κα·-

151 4788 260 4852 θὼς
290 4789 603 4855 εὐπορεῖτό
650 4808 764 4856 τις.
829 4793 972 4864 Ὅρα
1025 4797 1207 4858 αὐτοῖς
1253 4799 1347 4850 καὶ
1399 4799 1491 4852 τὸν
1549 4799 1707 4869 λιμὸν

151 4875 315 4929 αἴτιον
366 4877 663 4947 σωτηρίας,
715 4879 1083 4953 ἐλεημοσύνης
1137 4885 1408 4956 ἀφορμήν.
1459 4887 1602 4956 Ὅρα
1648 4887 1707 4940 δὲ

148 4968 340 5031 αὐτοὺς
369 4967 486 5035 ἅμα
521 4967 872 5032 πιστεύοντας
911 4971 1026 5040 ἅμα
1070 4976 1590 5045 καρποφοροῦντας,
1640 4977 1702 5030 οὐ

149 5062 254 5122 τοῖς
291 5062 458 5128 ἐγγὺς
491 5061 673 5130 μόνον,
720 5062 856 5117 ἀλλὰ
891 5064 986 5118 καὶ
1015 5069 1127 5129 τοῖς
1157 5067 1364 5140 πόρρω.
1397 5070 1705 5124 ’Λποστεί-

149 5155 358 5219 λαντες
407 5159 558 5223 πρὸς
601 5155 743 5221 τοὺς
778 5159 1240 5230 πρεσϐυτέρους.
1285 5163 1378 5215 Ἐκ
1408 5163 1598 5216 τούτου
1646 5162 1704 5216 δὲ

151 5245 411 5311 φαίνεται,
458 5249 539 5301 ὅτι
569 5251 666 5303 καὶ
695 5251 1083 5324 πρεσϐυτέρων
1112 5248 1261 5323 εῐχον
1287 5253 1444 5318 ἀξίαν
1481 5256 1532 5308 οί
1564 5255 1703 5308 ἀπό-

154 5333 354 5416 στολοι·
413 5341 549 5395 ἀλλὰ
600 5344 695 5398 καὶ
743 5341 1006 5397 διακόνων
1063 5345 1158 5401 καὶ
1209 5345 1522 5398 ἐπισκόπων
1559 5344 1703 5416 εἶχον

157 5411 376 5497 βαομόν.
428 5478 433 5485 ,

1816 4727 2010 4785 magna
2077 4710 2260 4769 futura
2321 4701 2463 4759 mala
2519 4699 2765 4753 indicans
2818 4685 3370 4785 iudieiszmbiscipuli

1809 4775 1985 4866 autaut.
2031 4815 2123 4866 pro
2173 4797 2280 4848 suis
2337 4792 2553 4860 quisque
2597 4782 2970 4856 facultatibus.
3027 4775 3368 4866 Videictiam

1809 4865 2006 4942 laniem
2032 4865 2118 4938 eis
2146 4895 2364 4937 causam
2393 4877 2562 4932 fuisse
2604 4873 2833 4934 salutis,
2872 4882 3090 4938 nempe,
3137 4865 3372 4920 eleemo-
3477 4916 3482 4918 _

1809 4993 1956 5051 syute
1989 4975 2247 5031 iacienda:
2297 4970 2628 5042 praebentem
2676 4964 3040 5019 occasionem.
3073 4955 3208 5051 Vide
3241 4953 3368 5008 item

1811 5046 1933 5126 illos
1969 5068 2130 5124 simul
2167 5076 2223 5120 et
2241 5064 2544 5126 credentes,
2575 5057 2733 5112 simul
2761 5065 2816 5108 et
2840 5053 3075 5106 fructum
3109 5046 3365 5108 ferentes,

1811 5180 1920 5219 non
1946 5158 2264 5232 propinquis
2301 5154 2482 5216 modo,
2515 5163 2702 5205 verum
2742 5147 2906 5201 etiam
2954 5138 3276 5212 longinquis.
3305 5135 3366 5190 L't

1810 5256 2069 5307 mitterent
2109 5248 2180 5302 ad
2203 5246 2525 5317 presbyteros
2557 5244 2659 5295 sive
2682 5239 2924 5294 seniores.
2955 5235 3032 5290 Ex
3055 5233 3158 5287 hoc
3185 5237 3362 5283 aulem

1810 5350 2053 5414 apparet.
2086 5341 2248 5396 etiam
2279 5336 2716 5410 presbyterorum
2745 5331 2860 5386 sive
2882 5326 3160 5414 seniorum
3187 5317 3385 5388 digni--

1813 5411 1921 5489 tate
1968 5432 2220 5504 [traditos
2244 5430 2409 5486 fuisse
2440 5425 2746 5498 apostolos;
2776 5417 3068 5495 quinetiam
3111 5411 3365 5469 diaconov

1821 5546 1934 5585 sum
1962 5537 2014 5586 et
2033 5531 2413 5605 episcoporum
2445 5527 2667 5600 gradum
2692 5522 3029 5580 obtinebant.

1334 5709 1532 5771 Varia:
1574 5708 1887 5773 lectiones
1911 5720 1972 5774 et
2014 5718 2201 5776 notae.

214 5821 258 5856 ι’
279 5821 490 5892 τούτου,
527 5832 664 5880 erat.
741 5825 787 5857 "
816 5823 880 5880 In
909 5827 1120 5899 vulgato
1141 5832 1378 5900 adjectus
1399 5848 1475 5892 est
1509 5837 1700 5891 articu!

1807 5838 1900 5892 ςοῦ.
1975 5843 2018 5873 '9
2051 5838 2118 5892 In
2138 5838 2346 5910 vulgato
2366 5844 2579 5899 additur
2615 5847 2811 5908 αὐτῶν.
