4064 6340
121 424 225 487 683

837 406 1242 474 EXPOSITIO
1281 403 1364 466 IN
1397 404 1586 464 ACTA
1625 400 2199 490 APOSTOLORUM.
2236 426 2305 436 —
2334 399 2493 462 CAP.
2532 401 2673 463 XII.

3251 401 3355 464 686

123 536 229 603 τῆς
256 529 446 604 χαρᾶς
475 532 585 584 οὐκ
623 528 849 598 ἤνοιξε.
883 529 1029 599 Ὅρα
1074 529 1131 582 δὲ
1184 527 1482 599 παιδίσκης
1528 526 1686 579 εὐλά-

1811 526 1911 581 ista
1947 540 2076 597 :per
2104 539 2266 596 quem
2292 521 2684 591 aiuntPetrum
2731 521 3358 594 Erangeliumedidisse.

123 629 290 682 63tav.
334 623 466 680 Ἀπὸ
507 623 620 693 τῆς
644 620 852 692 χαρᾶς,
879 625 1061 692 φησὶν,
1090 622 1202 676 οὐκ
1233 620 1458 690 ἤνοιξε.
1487 620 1686 683 Καλῶς

1807 614 1920 670 \‘am
1953 615 2114 672 Marci
2170 615 2518 686 Evangelium
2572 615 2770 669 dicitur
2819 629 2940 670 esse
2988 613 3157 668 Petri.
3187 617 3363 684 Atque

121 721 172 774 δὲ
197 718 359 773 τοῦτο
407 716 649 787 γέγονεν,
685 714 773 770 ἵνα
820 718 895 786 μὴ
942 715 1140 768 ὲκεῖνοι
1179 714 1544 782 ἐκπλαγέντες
1594 714 1687 767 εὐ-

123 809 255 872 οίως
296 807 517 873 ἰδόντες,
557 808 931 874 ἀπιστίισωσιν
955 822 967 834 ·
996 806 1131 858 ὅπου
1188 807 1282 859 καὶ
1311 804 1502 862 τούτου
1534 822 1688 872 γενο-

126 901 307 970 μένου,
350 899 690 953 ἁνένευσαν··
717 898 805 952 ἵνα
836 897 893 952 δὲ
927 897 1066 967 αὕτη
1107 896 1176 950 τὰ
1204 898 1500 965 εὐαγγέλια
1534 896 1689 966 κομι-

127 1008 302 1061 σηται,
333 990 616 1045 ἔσπευσεν.
648 993 715 1044 Ol
743 988 810 1042 δὲ
838 991 1054 1059 ἕλε-γον
1069 990 1114 1022 ιθ
1137 1006 1153 1021 ·
1189 991 1479 1059 Ἀγγελος
1503 989 1689 1044 αὑτοῦ

122 1088 270 1142 ἐστι.
305 1083 476 1138 Τοῦτο
500 1084 698 1156 ἀληθὲς
731 1084 814 1146 ὅτι
848 1084 1076 1148 ἕκαστος
1103 1083 1336 1154 ἄγγελον
1359 1085 1492 1155 ἔχει.
1521 1085 1691 1139 Παντὶ

124 1174 224 1244 γὰρ
272 1173 660 1228 πεπιστευκότι
708 1174 792 1237 εἰς
841 1173 932 1228 τὸν
983 1173 1208 1244 Κύριον,
1239 1175 1472 1244 ἄγγελος
1520 1192 1691 1246 παρε-

122 1267 321 1335 δρεύει,
368 1267 464 1321 ἐὰν
525 1267 736 1337 μήποτε
781 1268 942 1337 ἡμεῖς
990 1268 1152 1321 αὑτὸν
1192 1268 1257 1322 ἐκ
1297 1269 1406 1324 τῶν
1438 1269 1692 1339 πονηρῶν

125 1359 298 1428 ἔργων
332 1355 744 1429 ἀποδιώξωμεν.
797 1358 884 1421 Ὧς
923 1358 1030 1429 γὰρ
1068 1359 1169 1423 τὰς
1205 1359 1467 1430 μελίσσας
1517 1375 1723 1428 φυγαο·

122 1449 262 1502 δεύει
308 1451 538 1515 καπνὸς,
568 1451 660 1504 καὶ
690 1449 792 1513 τὰς
835 1452 1168 1522 περιστερὰς
1212 1449 1487 1518 ἐξελαύνει
1520 1451 1694 1503 δυσω-

123 1542 205 1594 δία
227 1582 245 1607 ,
274 1542 417 1596 οὕτω
473 1544 570 1597 καὶ
594 1543 688 1596 τὸν
710 1542 812 1613 τῆς
851 1542 999 1612 ζωῆς
1027 1543 1186 1613 ἡμῶν
1215 1542 1448 1611 ἄγγελον
1477 1544 1510 1613 ὴ
1533 1541 1696 1595 πολύ-

122 1633 326 1704 δακρυς
372 1635 468 1687 καὶ
526 1632 770 1704 δυσώδης
813 1635 1107 1705 ἀφίστησιν
1149 1635 1416 1706 ἁμαρτία.
1463 1634 1694 1688 Ἐκεῖνοι

117 1723 175 1775 ’δὲ
199 1723 360 1775 τοῦτο
389 1723 498 1777 ἀπὸ
543 1724 640 1778 τοῦ
692 1724 887 1794 καιροῦ
926 1726 1360 1795 προσεδόκησαν.
1395 1726 1533 1794 Φησὶ
1563 1724 1693 1796 γὰρ,

1791 709 1906 764 haec
1930 710 2116 779 Opinio
2143 709 2426 779 probatur,
2457 724 2521 764 ac
2552 708 2863 764 verisimilis
2889 709 2948 763 fit
2979 709 3144 763 etiam
3175 723 3242 764 ex
3275 724 3364 776 eo,

1790 801 1934 872 quod
1962 809 2017 856 ct
2045 802 2261 865 Petrus,
2301 811 2356 856 et
2387 801 2582 871 reliqui
2614 800 2865 872 discipuli
2911 801 3054 870 apud
3072 816 3199 855 cum
3241 816 3365 878 mo-

1791 893 2071 948 rabantur.
2104 892 2227 947 Prw
2277 895 2469 964 gaudio
2565 909 2669 948 non
2720 895 2950 963 aperuit.
2993 892 3130 947 Vide
3185 903 3366 948 autem

1793 985 1989 1055 puellae
2044 987 2405 1042 reverentiam
2462 1002 2527 1042 ac
2562 987 2844 1057 pietatem.
2891 985 3018 1046 Prw
3040 987 3255 1056 gaudio,
3285 986 3370 1039 in-

1794 1076 1932 1148 quit,
1962 1093 2064 1130 non
2096 1080 2323 1146 aperuit.
2350 1081 2429 1133 Ac
2458 1081 2605 1134 reete
2634 1079 2686 1134 id
2712 1079 2780 1133 ab
2813 1079 2902 1132 illa
2926 1079 3132 1133 factum
3164 1087 3269 1143 est,
3299 1092 3370 1132 ne

1800 1170 1955 1251 103
1980 1169 2053 1225 illi
2092 1173 2274 1226 statim
2316 1172 2406 1226 illo
2435 1172 2551 1228 viso
2576 1173 2816 1236 attoniti,
2851 1173 3014 1227 ﬁdem
3061 1188 3169 1226 non
3205 1172 3374 1226 habe-

1796 1273 1917 1318 rent
1949 1283 1963 1317 :
1989 1265 2429 1335 quandoquidem
2455 1265 2619 1321 etiam
2651 1267 2755 1322 hoc
2776 1267 2919 1323 facto
2943 1282 3004 1321 se
3026 1266 3249 1321 credere
3277 1281 3375 1319 ne-

1797 1354 2011 1426 gabant.
2041 1356 2168 1412 Hmc
2188 1368 2368 1412 autem
2393 1358 2703 1426 festinabat,
2726 1371 2786 1413 ut
2816 1360 2887 1414 ob
2908 1359 3091 1413 laetum
3123 1359 3376 1413 nuntium

1799 1447 2080 1516 praemium
2114 1449 2300 1505 ferret.
2332 1453 2401 1505 At
2431 1453 2511 1506 illi
2541 1453 2782 1507 dicebant
2826 1467 2844 1504 :
2869 1453 3100 1522 Angelus
3131 1453 3249 1520 eius
3278 1459 3374 1505 est.

1799 1537 1914 1595 Hoc
1941 1555 2133 1596 verum
2163 1551 2265 1598 est.
2296 1542 2430 1599 Nam
2465 1547 2718 1616 angelum
2755 1546 2922 1601 habet
2956 1546 3331 1615 unusquisque
3361 1559 3376 1597 :

1800 1632 2113 1704 quicunque
2160 1638 2309 1691 enim
2343 1638 2398 1691 in
2423 1639 2713 1692 Dominum
2769 1637 3079 1702 crediderit,
3111 1635 3163 1691 ei
3207 1650 3378 1706 ange-

1800 1723 1885 1777 lus
1920 1725 2135 1780 assidue
2189 1739 2387 1796 prtesto
2426 1738 2532 1794 est,
2585 1728 2691 1783 nisi
2725 1743 2826 1782 nos
2861 1727 3126 1798 improbis
3172 1726 3410 1788 facino-.

124 1818 220 1881 ὅτι,
258 1816 450 1871 Ὅπου
498 1818 614 1874 εἰσὶ
664 1817 775 1871 δύο
829 1816 870 1886 ἧ
900 1818 1056 1885 τρεῖς
1092 1817 1461 1888 συνηγμένοι
1505 1820 1593 1882 είς
1628 1819 1695 1871 τὸ

1807 1816 1951 1870 ribus
1988 1820 2189 1874 nostris
2219 1834 2347 1876 eum
2401 1837 2432 1876 a
2483 1821 2641 1877 nobis
2670 1821 2952 1892 abigamus
2998 1836 3062 1876 ac
3102 1819 3381 1890 fugemus.

121 1910 262 1978 ἐμὸν
290 1910 500 1979 ὄνομα,
533 1910 664 1964 ἐκεῖ
687 1913 804 1980 ειμι
918 1881 1089 1981 olom
1131 1881 1350 1967 αὐτῶν.
1384 1881 1645 1965 Ὅπουῗδὲ
1671 1914 1698 1965 ὁ

1807 1908 1876 1964 Ut
1901 1911 2046 1966 cnim
2079 1911 2265 1968 fumus
2292 1929 2422 1984 apes
2461 1915 2630 1985 fugat,
2655 1924 2708 1968 et
2747 1915 3029 1969 columbas
3055 1912 3230 1966 malus
3247 1910 3383 1965 odor

123 2002 376 2070 Χριστὸς,
421 2003 636 2073 ἀνάγκη
666 1997 825 2058 κεῖναι
875 2004 970 2058 καὶ
1022 2004 1412 2076 ἀρχαγγέλους·
1445 2004 1540 2056 καὶ
1596 2003 1693 2067 τὰς

122 2093 282 2158 ἄλλας
318 2092 604 2164 δυνάμεις.
632 2092 779 2150 Eine
823 2095 924 2150 δέ’
967 2097 1398 2166 Ἀπαγγείλατε
1445 2095 1697 2160 Ἰακώϐῳ

123 2187 215 2240 καὶ
248 2187 380 2254 τοῖς
409 2189 700 2257 ἀδελφοῖς
726 2189 936 2245 ταῦτα.
971 2189 1095 2252 Πῶς
1117 2190 1219 2243 οὐκ
1245 2189 1363 2242 ἔστι
1394 2189 1694 2254 κενόδοξος·

67 2315 74 2332 .
122 2281 192 2332 Οὔ
227 2280 340 2350 γὰρ
371 2276 514 2345 εἶπε,
540 2282 666 2344 Τοῖς
690 2280 1011 2352 ἁπανταχοῦ
1043 2281 1178 2348 δῆλοι
1204 2280 1376 2334 ταῦτα
1407 2283 1692 2350 ποιήσατε,

121 2373 273 2433 ἀλλὰ,
311 2372 444 2439 Τοῖς
470 2373 776 2443 ἀδελφοῖς.
815 2375 923 2428 Kal
973 2375 1243 2438 ἐξελθὼν
1274 2375 1566 2443 ἐπορεύθη
1618 2378 1704 2440 εἰς

115 2466 325 2534 ἓτερον
359 2467 566 2521 τόπον.
603 2466 678 2520 Οὐ
723 2467 833 2536 γὰρ
881 2466 1142 2536 ἐπείραζε
1170 2467 1261 2519 τὸν
1298 2467 1468 2530 eam,
1484 2466 1604 2521 οὐδὲ
1625 2468 1706 2528 εἰς

119 2559 465 2627 πειρασμοὺς
515 2558 784 2612 ἀνέὅαλεν
803 2559 848 2591 ⁸⁷
886 2559 1099 2613 ἑαυτόν.
1132 2558 1302 2611 Τοῦτο
1328 2558 1382 2610 δὲ
1414 2558 1513 2610 οὐκ
1542 2550 1699 2610 εἶπεν

114 2652 141 2702 ὁ
199 2651 476 2718 ἄγγελος·
518 2650 656 2704 ἀλλὰ
693 2651 754 2703 τὸ
795 2653 922 2720 σχῇ
981 2651 1312 2719 ἀποστῆσαι,
1370 2649 1464 2702 καὶ
1511 2651 1705 2712 νυκτὸς

117 2740 436 2808 ἐξαγαγεῖν,
461 2739 660 2796 ἔδωκεν
678 2741 931 2806 ἐξουσίαν
955 2741 1312 2813 ἀναχωρῆσαι
1335 2758 1348 2772 ·
1372 2741 1496 2793 ἐπεὶ
1522 2743 1708 2794 κάκεῖ-

116 2847 195 2883 νοι
248 2831 341 2883 ὅτε
361 2830 409 2861 ⁸⁸
455 2830 859 2900 ἐκελεύσθησαν
940 2831 1226 2903 ἐποίησαν.
1287 2832 1706 2899 Είσελθόντες,

117 2922 275 2992 φησὶ,
299 2921 546 2976 λαλεῖτε
571 2920 640 2975 ἐν
667 2921 748 2986 τῷ
775 2921 912 2990 ίερῷ
944 2923 1026 2988 τῷ
1056 2921 1205 2987 λαῷ.
1277 2954 1281 2958 -

1808 2002 2052 2071 expellit,
2087 2004 2158 2058 ita
2196 2006 2360 2060 etiam
2386 2006 2737 2078 lacrymabile
2801 2022 2864 2061 ac
2889 2005 3140 2061 foetidum
3186 2016 3387 2074 pecca-

1810 2104 1922 2149 tum
1946 2098 2196 2166 augelum
2224 2099 2347 2168 vitae
2376 2109 2575 2156 nostra:
2606 2101 2878 2156 abalienat
2903 2115 2932 2154 ε
2965 2099 3152 2163 nobis,
3176 2112 3240 2151 ae
3269 2096 3388 2166 pel-
3424 2143 3428 2147 ι

1807 2184 1890 2239 lit.
1916 2187 1992 2240 Illi
2042 2205 2170 2243 vero
2203 2192 2305 2246 hoc
2351 2192 2423 2245 ita
2447 2207 2570 2247 esse
2596 2193 2889 2262 sperabant
2911 2192 2981 2245 ab
3005 2191 3098 2244 illo
3125 2188 3385 2257 temporis

1805 2277 2034 2340 articulo
2073 2292 2127 2334 et
2157 2292 2302 2336 statu
2354 2285 2725 2354 conjecturam
2784 2284 3066 2339 iacientes.
3093 2284 3183 2335 Ait
3234 2280 3384 2334 enim

1808 2373 2060 2427 Christus
2093 2391 2106 2426 :
2132 2374 2224 2428 Ubi
2255 2375 2358 2428 duo
2388 2376 2465 2430 vel
2495 2386 2596 2429 tres
2619 2377 2918 2446 congregati
2947 2385 3068 2429 sunt
3089 2377 3145 2427 in
3174 2373 3388 2428 nomine

1812 2465 2074 2528 meo,illic
2102 2483 2217 2519 sum
2270 2469 2324 2520 in
2377 2469 2547 2522 medio
2590 2486 2771 2523 eorum
2798 2470 2867 2522 “.
2923 2467 3045 2524 Ubi'
3092 2478 3275 2522 autem
3303 2476 3389 2523 est

1808 2555 2082 2617 Christus,
2131 2574 2357 2614 necesse
2408 2569 2489 2615 est
2517 2561 2680 2615 etiam
2742 2576 2865 2616 esse
2927 2561 3303 2631 archangelos,
3333 2567 3390 2612 et

1780 2684 1783 2687 ι
1813 2658 2037 2702 caeteras
2062 2660 2379 2718 potestates.
2433 2653 2582 2706 Dixit
2619 2665 2795 2709 autent
2829 2672 2846 2709 :
2894 2657 3149 2708 Nuntiate
3195 2653 3388 2706 Iacobo

1814 2751 1862 2793 et
1927 2743 2182 2811 fratribus
2220 2751 2350 2801 Ιιιειτ.
2379 2745 2550 2812 Quam
2601 2763 2710 2801 non
2737 2758 2819 2802 est
2843 2762 2994 2802 vanae
3025 2747 3208 2817 gloria:
3256 2746 3387 2800 alle-

1814 2834 2020 2887 ctator!
2051 2833 2168 2888 Non
2192 2838 2335 2890 enim
2373 2838 2509 2891 dixit
2553 2856 2566 2890 :
2607 2836 2745 2892 Nota
2775 2840 2890 2894 haec
2921 2839 3082 2893 facite
3113 2839 3389 2896 omnibus.

1813 2924 1906 2991 qui
1949 2925 2148 2994 ubique
2196 2938 2341 2990 sunt,
2368 2930 2458 2983 sed
2489 2930 2762 2998 fratribus.
2785 2931 2852 2985 Et
2882 2949 3115 3003 egressus
3163 2932 3391 3002 perrexit

117 3012 376 3070 iit-alium
403 3018 597 3072 locum.
627 3018 748 3073 Non
776 3020 922 3073 enim
955 3018 1126 3073 Deum
1150 3019 1414 3082 tentabat,
1445 3032 1624 3086 neque
1648 3017 1704 3071 in
1746 3018 2073 3074 tentationes
2143 3024 2498 3092 semetipsum
2543 3026 2842 3095 injiciebat.
2901 3029 3014 3084 Hoc
3037 3041 3218 3084 autem
3281 3044 3391 3083 non

116 3107 335 3160 dixerat
366 3109 617 3178 angelus,
648 3111 746 3164 sed
770 3111 912 3178 quod
937 3109 1157 3164 silentio
1225 3109 1535 3164 discedebat
1564 3126 1576 3162 :
1638 3109 1782 3178 quod
1822 3118 1984 3164 noctu
2040 3111 2302 3168 eduxerat
2340 3133 2353 3168 :
2385 3115 2469 3169 his
2518 3117 2680 3172 rebus
2713 3119 2861 3174 dedit
2891 3121 2938 3175 ei
2980 3131 3301 3192 p0tcstatem
3328 3138 3390 3176 ac

116 3200 439 3254 facultatem
468 3201 766 3256 rccedenti.
793 3199 928 3254 Nam
959 3200 1116 3254 etilli
1184 3200 1326 3268 quod
1357 3200 1492 3269 jussi
1528 3206 1705 3262 erant,
1747 3198 2015 3256 fecerunt.
2050 3201 2305 3273 Ingressi,
2331 3205 2524 3274 inquit,
2558 3209 2613 3260 in
2635 3210 2906 3278 templum,
2967 3213 3244 3282 loquimini
3298 3231 3362 3281 po

117 3291 265 3358 pulo.

205 3382 486 3453 Ἡρώδης
519 3383 589 3437 δὲ
621 3382 985 3452 ἐπιζητήσας
1013 3383 1222 3446 αὑτὸν,
1255 3383 1350 3434 καὶ
1376 3381 1461 3451 μὴ
1493 3380 1702 3449 εὑρὼν,

1887 3385 2048 3440 Vens.
2075 3388 2162 3445 19.
2202 3391 2268 3440 At
2309 3393 2542 3443 Herodes
2570 3407 2688 3444 cum
2719 3393 3013 3463 requisisset
3043 3412 3181 3464 eum,
3209 3410 3258 3452 et
3288 3418 3388 3453 non

118 3480 461 3547 ἀνακρίνας
489 3477 634 3544 τοὺς
660 3478 960 3546 φύλακας,
986 3476 1314 3528 ἐκέλευσεν
1329 3474 1673 3542 ἀπαχθῆναι
1689 3488 1704 3503 ο

119 3573 220 3626 καὶ
253 3570 570 3625 κατελθὼν
594 3569 713 3622 ἀπὸ
742 3566 853 3636 τῆς
895 3566 1180 3631 Ἰουδαίας
1210 3567 1296 3629 είς
1335 3563 1449 3631 τὴν
1484 3559 1711 3614 Καισά-

111 3679 295 3732 ρειαν
322 3663 633 3730 διέτριϐεν.

189 3752 325 3811 Ἦν
352 3755 421 3809 δὲ
462 3754 724 3824 Ἡρώδης
739 3753 786 3786 δ’
817 3751 1177 3822 θυμομαχῶν
1206 3749 1433 3817 Τυρίοις
1476 3745 1573 3799 καὶ
1622 3745 1716 3798 Σι-

119 3849 391 3914 δωνίοις.
428 3843 840 3917 Ὀμοθυμαὸὸν
870 3839 937 3896 δὲ
997 3840 1282 3911 παρῆσαν
1329 3837 1479 3907 πρὸς
1507 3832 1717 3899 αὐτὸν,

118 3941 218 3994 καὶ
256 3941 590 4006 πείσαντες
635 3936 916 3992 Βλάστον
931 3935 994 3967 ⁸³⁵
1021 3937 1130 3988 τὸν
1159 3933 1257 3986 ἐπὶ
1296 3931 1405 3985 τοῦ
1435 3926 1718 3989 κοιτῶνος

116 4033 228 4086 τοῦ
275 4030 616 4098 βασιλέως,
654 4020 932 4096 ’ᾐτοῦντο
981 4025 1250 4095 εἰρήνην,
1279 4022 1377 4077 διὰ
1412 4020 1488 4098 τὸ
1521 4017 1718 4087 τρέφε-

119 4131 267 4180 σθαι
291 4122 506 4178 αὐτῶν
535 4121 650 4191 τὴν
675 4120 876 4193 χώραν
898 4116 1018 4174 ἀπὸ
1045 4116 1157 4186 τῆς
1180 4110 1540 4181 βασιλικῆς.
1707 4108 1716 4113 ’

204 4316 612 4372 Ἐκέλευσεν
643 4309 1008 4378 ἀπαχθῆναι.
1063 4301 1297 4360 Δυνατὸν
1346 4294 1415 4368 ἦν
1465 4297 1544 4364 τῷ
1600 4292 1718 4364 Θεῷ

124 4411 275 4480 μετὰ
308 4407 406 4459 τὸν
434 4404 643 4474 Πέτρον
666 4401 954 4463 κάκείνους
983 4395 1315 4461 διεξελέσοαι
1337 4410 1350 4422 ·
1388 4393 1503 4448 ἀλλ’
1534 4393 1584 4444 εἰ
1624 4390 1719 4444 καὶ

119 4502 254 4564 τοὺς
307 4495 660 4570 στρατιώτας
693 4495 964 4565 ἐξήγαγεν
989 4493 1018 4544 ὁ
1042 4488 1274 4559 ἄγγελος
1322 4486 1460 4558 μετα
1489 4483 1584 4538 τοῦ
1613 4482 1719 4536 [15'-

119 4609 292 4662 τρου,
326 4590 596 4659 ἐνομίσθη
647 4587 720 4642 ἂν
761 4585 918 4657 φυγὴ
945 4579 1090 4642 εῖναι
1127 4582 1190 4654 [τὸ
1222 4582 1476 4651 πρᾶγμα.
1505 4576 1722 4631 Μᾶλλον

1816 3477 2116 3538 invenisset,
2166 3482 2452 3547 quwstione
2503 3484 2680 3536 habita
2737 3486 2802 3538 de
2858 3490 3176 3553 custodibus,
3219 3492 3384 3558 jussit

1816 3580 1898 3616 eos
1921 3567 2108 3620 abduci
2137 3572 2207 3622 ad
2229 3573 2576 3639 supplicium:
2602 3586 2646 3626 et
2671 3592 2787 3628 cum
2813 3576 3158 3633 descendisset
3191 3583 3254 3634 de
3291 3583 3392 3634 Ju-

1817 3657 1932 3709 dtza
1952 3658 2265 3726 Cwsarearn,
2289 3663 2397 3715 illic
2427 3678 2774 3720 commoratus
2797 3677 2892 3721 est.

1893 3749 2058 3805 Vens.
2091 3752 2182 3804 20.
2210 3752 2340 3807 Erat
2403 3765 2576 3806 autem
2636 3758 2867 3811 Herodes
2933 3758 3164 3826 infensus
3204 3763 3392 3831 Tyriis,

1821 3849 1868 3892 et
1913 3837 2168 3896 Sidoniis.
2210 3842 2276 3895 At
2295 3843 2375 3896 illi
2399 3861 2502 3898 uno
2551 3847 2727 3908 animo
2767 3854 2934 3917 atque
2969 3865 3220 3902 consensu
3248 3865 3394 3902 vene-

1824 3944 1944 3987 runt
1963 3935 2033 3987 ad
2062 3951 2200 3998 eum,
2238 3942 2285 3988 et
2311 3952 2404 4002 per
2453 3935 2695 3988 Blastum
2733 3937 2967 3990 cubiculo
2993 3939 3126 4007 regis
3146 3941 3397 4008 pra’posi-

1824 4035 2124 4095 tum,qttem
2159 4026 2256 4076 sibi
2291 4025 2718 4088 conciliaverant,
2757 4027 2998 4094 petebant
3021 4046 3222 4095 parent,
3270 4049 3395 4100 pro-

1824 4126 2002 4183 pterea
2028 4118 2166 4185 quod
2189 4118 2329 4185 regio
2356 4116 2572 4169 illorum
2602 4117 2833 4170 aleretur
2871 4121 3121 4188 fructibus
3147 4139 3394 4190 agrorum

1823 4209 1980 4278 regia:
2014 4210 2224 4262 ditionis
2253 4212 2324 4262 ad
2351 4226 2404 4262 se
2431 4211 2708 4277 importari
2730 4213 3007 4264 consuetis.

1890 4301 2056 4356 Jussit
2085 4318 2170 4355 eos
2198 4303 2384 4355 abduci
2407 4303 2476 4356 ad
2495 4304 2834 4372 supplicium.
2866 4304 3082 4360 Poterat
3109 4307 3250 4362 Dens
3289 4324 3390 4359 una

1823 4410 1948 4450 cum
1981 4396 2142 4463 Petro
2162 4398 2323 4451 etiam
2357 4398 2476 4450 illos
2495 4397 2735 4451 eximere
2762 4415 2774 4451 :
2807 4414 2993 4452 verum
3027 4400 3071 4452 si
3103 4399 3262 4452 etiam
3292 4400 3394 4452 mi-

1825 4489 1947 4542 lites
2005 4489 2229 4557 angelus
2318 4503 2424 4543 una
2483 4504 2606 4543 cum
2694 4487 2855 4541 Petro
2918 4488 3215 4552 eduxisset,
3272 4489 3396 4560 fuga

1826 4577 2020 4631 fuisset
2062 4578 2152 4631 illa
2194 4593 2282 4632 res
2343 4588 2492 4649 gesta
2547 4578 2870 4631 existimata.
2911 4575 3020 4631 Sed
3074 4579 3245 4648 magis
3307 4580 3396 4632 ille

119 4687 177 4738 δὲ
245 4685 424 4736 αὐτὸν
473 4681 663 4734 ἐλύπει
706 4680 769 4731 τὸ
811 4676 1213 4747 ὲμπαιχθῆναι,
1245 4669 1571 4740 ὥσπερὺπὸ
1615 4667 1702 4719 τῶη

1829 4668 2067 4735 dolebat,
2127 4671 2273 4740 quod
2308 4670 2410 4724 sibi
2461 4670 2675 4722 illusum
2722 4678 2891 4735 esset,
2943 4671 3394 4741 quemadmodum

119 4780 350 4846 Μάγων
405 4775 502 4828 τὸν
564 4773 790 4827 πάππον
863 4765 1028 4822 αὐτοῦ
1092 4765 1463 4836 ἀπατηθέντα,
1515 4761 1702 4832 μᾶλλο

1833 4778 1994 4816 avum
2023 4763 2143 4831 ejus
2172 4761 2341 4831 magis
2368 4758 2520 4827 quasi
2559 4758 2865 4815 dissecabat
2896 4770 3058 4832 atque
3087 4761 3395 4829 torquebat,

126 4875 318 4926 ἐποίει
353 4869 736 4940 διαπρίεσῦαι,
760 4866 857 4920 καὶ
885 4862 1293 4931 καταγέλαστον
1316 4856 1475 4911 εἶναι.
1513 4850 1633 4910 Ἦν
1660 4853 1702 4908 δι

1833 4864 1887 4910 et
1917 4854 2204 4909 ridiculum
2260 4851 2558 4916 efficiebat,
2593 4853 2734 4922 quod
2766 4868 2796 4906 a
2832 4853 2994 4922 Magis
3037 4860 3180 4906 esset
3238 4851 3400 4904 dece-

133 4969 422 5038 Ἡρὼὄης
481 4961 840 5034 θυμομαχῶν
897 4961 1124 5029 Τυρίοις
1162 4957 1262 5012 οιαὶ
1301 4953 1624 5018 Σιδωνίοις.
1652 4954 1702 5004 0i

1835 4958 1980 5017 plus.
2007 4945 2141 4998 Erat
2170 4955 2352 4998 autem
2384 4943 2612 4998 Herodes
2636 4946 2864 5016 infensus
2891 4945 3054 5014 Tyriis
3074 4954 3118 4996 et
3146 4942 3394 4996 Sidoniis.

127 5035 344 5130 μικρὸν
378 5057 539 5110 τοῦτό
573 5057 690 5108 ἐστι
717 5055 780 5108 τὸ
813 5052 1123 5124 μνησθῆναι
1177 5048 1342 5117 αὑτὸν
1378 5045 1582 5113 ταύτης
1627 5041 1696 5110 τῆ

1836 5040 1952 5092 Non
1988 5052 2150 5106 parva
2202 5051 2290 5091 res
2314 5036 2430 5090 haec
2457 5045 2560 5103 est,
2584 5039 2727 5107 quod
2761 5035 3005 5091 memiu't
3039 5035 3203 5104 hujus
3227 5035 3401 5088 histo-

125 5127 416 5222 έστορίας,
447 5149 566 5212 πῶς
593 5148 797 5213 εὐθέως
828 5145 1062 5217 ἐπῆλθεν
1095 5147 1130 5215 ἡ
1162 5145 1286 5213 δίκη
1308 5143 1401 5195 καὶ
1428 5134 1702 5193 κατέλαϐε

1838 5132 1952 5194 riae,
1986 5139 2046 5184 ut
2076 5128 2257 5184 statim
2279 5143 2440 5198 paena
2452 5130 2849 5200 supervenerit,
2873 5127 3090 5182 etillum
3110 5127 3393 5181 invaserit.

163 5248 227 5282 ἶλαι
234 5244 300 5282 ἐν
774 5279 776 5282 ,
1642 5269 1644 5271 -

163 5266 171 5274 .
234 5260 327 5295 ον,
774 5279 776 5282 .
1642 5269 1644 5271 -

125 5261 423 5400 ειὀζάκτῇ
492 5329 561 5384 δὲ
611 5329 800 5398 ἡμέρᾳ
850 5332 883 5382 ό
937 5326 1200 5393 Ἡρώδης
1253 5303 1662 5385 ἐνδυσάμενος
1678 5317 1702 5346 ⁵⁴

1911 5311 2072 5364 Vsus.
2101 5311 2193 5367 2L
2222 5284 2525 5368 Constituto
2553 5323 2731 5369 autem
2761 5313 2865 5376 die,
2898 5311 3128 5366 Herodes
3152 5322 3288 5367 veste
3313 5329 3398 5364 re-

201 5520 253 5554 ⁸⁸
292 5515 505 5573 Matth.
540 5527 694 5578 xvm,
725 5509 817 5565 20.

1333 5625 1532 5687 Varia:
1577 5622 1881 5685 lectiones
1925 5625 1984 5681 et
2024 5623 2215 5679 notae.

203 5771 250 5800 “
291 5766 484 5830 Μαι-9.
518 5761 660 5825 Ὅρα
681 5754 983 5830 Βασιλείου.
1050 5751 1255 5830 -.λ’-ἴα.
1293 5749 1606 5830 ἐνέϐαλλεν».-
1657 5760 1702 5830 ⁸η

1807 5761 1857 5830 7'.
1905 5745 1931 5795 ὅ
1963 5761 2032 5796 τι.
2110 5744 2152 5775 ⁸⁵
2187 5742 2248 5796 1η
2284 5740 2492 5811 vulgato
2529 5749 2624 5808 est,
2650 5740 2677 5793 δ
2715 5739 2979 5812 Ἡρώδης,
3027 5749 3073 5791 et
3125 5740 3398 5800 Elimiam.

131 5841 198 5873 “-
229 5814 558 5901 Ini—uulgato
583 5814 679 5899 est,
715 5824 971 5882 Βλασῖόν.
1049 5824 1092 5856 ⁵⁸
1128 5823 1188 5876 In
1219 5820 1428 5888 vulgato
1463 5832 1555 5881 es',
1593 5818 1702 5869 ὲνδε

1807 5814 1960 5873 ξένος.
2637 5825 2642 5831 ’
