4064 6340
192 372 300 437 697

882 344 1324 436 'EXPOSITIO
1358 373 1443 435 IN
1480 375 1668 437 ACTA
1708 381 2264 446 APOSTOLORUM
2293 412 2359 422 —
2382 386 2538 448 CAP.
2574 377 2745 450 xm;

3262 378 3273 394 ’
3330 395 3436 459 eos

281 483 380 549 Ὡς
405 483 505 538 και
526 483 596 538 ἐν
628 481 708 550 τῷ
732 483 955 556 ψαλμῷ
980 483 1061 550 τῷ
1094 484 1351 552 δευτέρῳ
1401 483 1719 554 γέγραπται

1937 492 2098 549 Vens.
2156 496 2244 551 53.
2285 497 2348 552 Ut
2389 499 2550 552 ctiam
2584 501 2639 554 in
2681 501 2886 570 psalmo
2935 505 3158 559 secundo
3187 507 3434 574 scriptum

199 575 331 637 rw;
354 592 475 643 μου
494 571 649 631 clm}
678 591 694 605 ·
724 575 839 647 ἐγὼ
874 577 1143 646 σήμερον
1160 577 1496 647 γεγέννηκά
1521 594 1619 633 σε.

264 665 388 720 Ὅτι
415 666 486 720 δὲ
536 666 878 738 ἀνέστησεν
910 670 1098 724 αὐτὸν
1149 669 1219 724 ἐκ
1261 669 1512 738 νεκρῶν,
1555 671 1768 742 μηκέτι

188 755 498 824 mulos-ra
531 759 580 793 “
607 760 1010 831 ὑποστρέφειν
1055 763 1146 826 είς
1180 760 1528 831 διαφθορὰν,
1576 763 1768 831 οὕτως

189 846 456 915 ειρηκεν,
496 847 586 918 ὅτι
617 848 794 904 Δώσω
813 849 960 921 ὑμῖν
981 849 1054 906 τὰ
1100 851 1242 907 ὅσια
1268 851 1442 907 Δαυῒδ
1461 853 1535 908 τὰ
1554 855 1764 910 πιστά.

262 938 364 992 Διὸ
385 939 488 993 καί
515 941 585 994 ἐν
604 940 786 1011 ἑτέρῳ
811 941 976 1014 λέγει
993 958 1009 974 ο
1041 943 1124 998 οὐ
1161 942 1376 1011 δώσεις
1423 944 1533 1000 τὸν
1591 943 1767 1002 ὅσιόν

185 1047 306 1095 σου
331 1022 500 1088 ἰδεῒν
517 1034 867 1105 διαφθοράν.
1025 1045 1027 1047 ’

258 1123 447 1178 Δαιιτδ
475 1125 596 1195 μὲν
615 1126 728 1196 γὰρ
756 1126 874 1196 ἰδία
904 1128 1086 1199 γενεᾷ
1128 1130 1539 1201 ὑπηρετήσας,
1564 1131 1640 1203 τῇ
1655 1134 1764 1190 τοῦ

185 1213 344 1269 Θεοῦ
364 1218 574 1287 ,βουλῇ
610 1219 916 1291 ἐκοιμήθη,
935 1223 1033 1278 καὶ
1056 1223 1390 1294 προσετέθη
1420 1226 1570 1297 πρὸς
1619 1225 1764 1296 τοὺς

181 1306 452 1375 πατέρας
473 1309 681 1375 αὐτοῦ,
717 1312 816 1366 καί
842 1308 965 1367 εἶδε
999 1313 1346 1384 διαφθοράν.

269 1576 531 1650 Ἰωάννης
578 1585 852 1653 μαρτυρεῖ
901 1584 1000 1655 οὐχ
1053 1584 1273 1651 ἅπλῶς·
1351 1587 1488 1642 ἀλλὰ
1542 1589 1760 1644 πάντων

179 1668 278 1721 ὑπ’
311 1669 481 1723 αὑτὸν
502 1671 747 1740 ἀγόντων
757 1675 857 1743 τὴν
879 1675 1060 1743 δόξαν,
1085 1677 1248 1741 αὐτὸς
1273 1677 1460 1751 ἀὐτὴν
1482 1679 1762 1752 ἀποκρού-

176 1776 321 1817 εται.
361 1763 437 1816 Οὐ
459 1763 568 1835 γάρ
587 1765 736 1819 ἐστιν
763 1765 882 1820 ἴσον
915 1769 1148 1838 μηδενὸς
1167 1770 1401 1835 διδόντος
1426 1773 1520 1827 καὶ
1547 1771 1758 1827 πολλῶν

1867 594 1942 638 est
1963 601 1983 639 :
2019 583 2063 636 F
2065 586 2190 640 ilius
2218 604 2360 642 meus
2384 606 2438 643 cs
2468 602 2547 670 tu,
2575 609 2670 663 ego
2700 593 2850 648 Itodie
2874 598 3031 666 genui
3059 607 3127 650 te.

1934 675 2095 730 Vens.
2123 678 2210 731 54.
2245 677 2399 742 Quod
2426 689 2603 736 autem
2632 699 2750 738 cum
2777 686 3105 739 suscitaverit
3129 704 3160 738 a
3192 688 3432 752 mortuis,

1867 783 1969 822 non
1999 769 2225 836 amplius
2250 773 2588 844 redigendum
2622 777 2694 830 ad
2719 780 3128 848 corruptionem,
3152 780 3228 833 ita
3262 779 3432 834 dixit:

1867 857 2016 913 Dabo
2043 862 2181 916 vobis
2202 874 2386 917 sancta
2429 863 2602 920 Dauid
2626 867 2829 936 ﬁdelia.

1934 950 2092 1008 Vens.
2131 953 2605 1021 55,-Quamobrcm
2637 961 2797 1015 etiam
2817 961 2950 1016 alibi
2975 964 3098 1017 dicit
3127 981 3144 1018 :
3178 963 3295 1018 Non
3317 983 3434 1031 pcr-

1866 1043 2059 1109 mittes,
2089 1053 2146 1098 ut
2169 1057 2383 1104 sanctus
2412 1056 2532 1104 tuus
2547 1052 2721 1107 videat
2745 1055 3151 1124 corruptionem.

1933 1136 2094 1192 Vsus.
2124 1138 2210 1194 56.
2232 1139 2374 1196 Nam
2398 1141 2569 1198 David
2593 1146 2800 1214 quidem
2818 1163 3070 1215 cum‘sua:
3097 1151 3244 1203 tutati
3267 1152 3434 1206 inser-

1862 1227 2040 1294 uisset,
2088 1230 2308 1285 consilio
2349 1232 2448 1288 Dei
2486 1234 2816 1302 obdormivit,
2852 1249 2904 1294 et
2945 1242 3211 1312 appositus
3257 1253 3334 1297 est
3361 1246 3431 1296 ad

1785 1386 1788 1391 ι
1814 1366 1821 1373 .
1863 1320 2092 1389 majores
2121 1338 2262 1389 suos,
2287 1333 2340 1378 et
2374 1326 2504 1379 uidit
2536 1331 2943 1398 corruptionem.

263 1397 377 1452 Ὃν
401 1398 470 1452 δὲ
496 1403 531 1455 ὁ
553 1402 699 1470 Θεὸς
717 1401 980 1474 ἤγειρεν,
1005 1407 1118 1461 οὐκ
1141 1403 1263 1462 εἶδε
1283 1405 1687 1481 διαφ[θ]οράν.
1781 1420 1788 1446 ε

1932 1414 2096 1470 Vsus.
2145 1415 2238 1471 57.
2268 1414 2379 1472 Sed
2407 1433 2559 1487 quem
2591 1418 2734 1476 Deus
2787 1423 3134 1486 resuscitauit.
3177 1442 3278 1481 non
3302 1428 3432 1482 vidit

1861 1507 2262 1580 corruptionem.

1930 1596 2169 1654 Joannes
2189 1613 2298 1654 non
2325 1598 2644 1670 simpliciter
2671 1600 3011 1668 testiﬁcatur,
3037 1603 3134 1659 sed
3161 1619 3287 1658 cum
3314 1620 3434 1658 om-

1860 1703 1960 1745 nes
2015 1690 2083 1747 ad
2131 1705 2256 1747 eum
2319 1691 2598 1748 deferrent
2645 1695 3126 1760 existimationem,
3154 1695 3273 1766 ipse
3313 1710 3431 1748 eam

1858 1779 2060 1851 rejicit.
2089 1781 2206 1838 Non
2238 1783 2382 1839 enim
2407 1784 2548 1840 idem
2575 1793 2676 1849 est,
2709 1787 2937 1842 nemine
2956 1788 3139 1853 dante,
3169 1796 3224 1843 et
3252 1787 3436 1843 multis

179 1853 556 1952 παρεχόντων,
588 1855 793 1927 ταύτην
818 1857 917 1928 τὴν
953 1860 1121 1930 τιμὴν
1158 1859 1486 1916 διωθεῖσθαι.
1522 1861 1742 1931 Ἄνδρες

1863 1875 2232 1946 praebentibus
2259 1878 2406 1934 hunc
2441 1879 2704 1934 honorem
2733 1881 2912 1952 respui
2939 1890 3101 1951 atque
3135 1880 3430 1950 repudiari.

174 1938 457 2008 ἀδελφοί,
527 1945 646 1998 vlol
705 1945 924 2016 γένους
980 1949 1247 2021 Ἀϐρααμ.
1309 1951 1422 2023 Τὴν
1477 1952 1759 2021 εὐγένειαν

175 2026 417 2085 ὲνθαῦθα
473 2031 712 2089 δείκνυσι
769 2035 868 2108 τὴν
910 2038 1228 2111 Ἰουδαῖκήν.
1275 2043 1384 2098 Kal
1435 2045 1492 2097 οι
1529 2044 1753 2112 ἄρχον-

176 2119 277 2185 τες
334 2123 536 2182 αὐτῶν
574 2128 789 2184 τοῦτον
823 2128 1258 2200 ἀγνοήσαντες.
1308 2133 1478 2206 ’Υπὲρ
1529 2134 1754 2188 ἐκείνων

175 2212 528 2284 ἀπολογεῖται
595 2219 800 2292 ἠρέμα.
860 2223 1238 2295 Ἐσταύρωσαν
1261 2267 1277 2290 ,
1329 2228 1493 2295 φησὶν
1514 2265 1531 2292 ,
1590 2229 1753 2283 αὐτὸν

139 2308 578 2381 ,ἀγνοήσαντεςο
612 2313 834 2383 ἀγνοίας
862 2317 970 2388 γὰρ
1016 2313 1086 2391 ἦν
1139 2321 1200 2374 τὸ
1253 2320 1577 2398 ἁμάρτημα.
1633 2324 1749 2378 Καὶ

169 2400 473 2485 μηδεμίαν
513 2408 714 2462 αίτίαν
776 2411 1036 2468 θανάτου
1090 2414 1388 2483 εὑρόντες,
1445 2416 1752 2484 ᾐτήσαντο

175 2496 443 2553 Πιλᾶτον
521 2499 912 2571 ἀναιρεθῆναι
989 2507 1196 2563 αὐτόν.
1278 2509 1748 2579 Περισπούδαστον

174 2585 361 2651 αὐτοῖς
381 2587 473 2642 τδν
502 2592 705 2661 τρόπον
777 2589 901 2648 εἷπε
958 2597 1054 2661 τοῦ
1109 2598 1362 2656 θανάτου.
1389 2587 1643 2660 ,Πιλᾶτον
1695 2601 1752 2657 δὲ

173 2677 252 2740 εἰς
280 2677 450 2748 μέσον
482 2681 762 2752 φέρουσιν,
809 2683 896 2739 ἶνα
922 2686 1018 2739 καὶ
1069 2687 1130 2740 τὸ
1189 2689 1361 2753 πάοος
1426 2691 1584 2762 δῆλον
1652 2695 1746 2762 γέ-

164 2781 329 2840 νηται
396 2772 504 2827 ἀπὸ
573 2774 665 2829 τοῦ
736 2777 1044 2849 κριτηρίου,
1100 2781 1194 2834 καὶ
1259 2780 1347 2836 ἵνα
1393 2783 1588 2838 ἐκεῖνοι
1623 2802 1748 2857 μει-

175 2861 342 2929 ζόνως
371 2867 810 2938 κατηγορῶνται,
846 2868 1003 2942 ἀνδρὶ
1049 2872 1383 2942 παραδόντες
1439 2875 1747 2948 ἀλλοφύλῳ.

174 2957 281 3011 Καὶ
315 2957 418 3012 οὐκ
455 2954 631 3027 εἶπεν,
665 2962 964 3034 Ἐνέτυχον,
999 2964 1117 3018 ἀλλ’
1177 2966 1533 3040 ’ῌτήσαντα
1568 2969 1748 3042 Χάριν

175 3046 388 3115 ἔλαδον,
422 3053 607 3120 φησιν,
640 3052 715 3115 ὡς
744 3054 955 3108 ἐκείνου
993 3055 1068 3126 μὴ
1104 3057 1369 3123 Θέλοντος.
1422 3059 1600 3133 Ὅπερ
1650 3077 1750 3117 σα.-

175 3139 435 3208 φέστιρον
457 3138 661 3209 Πέτρος
688 3140 857 3210 λέγει’
885 3142 1128 3198 Ἐκείνου
1155 3145 1438 3218 κρίναντος
1462 3149 1742 3205 ἀπολύειν.

184 3228 236 3283 '0
261 3230 329 3285 δὲ
350 3231 493 3298 Θεὸς
515 3230 755 3301 ἤγειρεν
771 3234 960 3289 αὑτὸν
973 3235 1043 3290 ἐκ
1067 3237 1315 3307 νεκρῶν.
1339 3240 1431 3313 Μὴ
1447 3241 1743 3313 Θορυσιίτω

175 3339 230 3374 σε
250 3323 326 3388 τὺ,
344 3322 439 3379 τὸν
469 3323 678 3395 Ἰησοῦν
728 3327 1028 3399 ὶγῃγέρθαι
1052 3330 1158 3384 ὑπὸ
1180 3331 1276 3386 τοῦ
1308 3332 1443 3387 Θεοῦ
1467 3334 1742 3404 λέγεσθαι,

175 3415 232 3468 Εἰ
265 3415 376 3487 γὰρ
415 3416 622 3488 Ἰησοῦς
648 3417 748 3472 οὐκ
771 3419 932 3484 ἄλλος
958 3423 1128 3490 ἐστὶν,
1168 3423 1247 3495 ἥδ
1291 3425 1467 3495 Λόγος
1523 3429 1551 3480 δ
1611 3445 1746 3498 σαρ-

174 3498 365 3572 mallei;
399 3523 414 3538 °
481 3503 636 3572 οὗτοξ
677 3511 736 3564 δὲ
782 3513 814 3582 ή
857 3513 1087 3585 δύναμις
1135 3516 1230 3570 τοῦ
1283 3519 1520 3590 Πατρὸς,
1568 3520 1636 3574 δι’
1668 3515 1744 3594 ,ἧς

175 3598 384 3653 ἅπαντα
408 3599 623 3671 ἐνεργεῖ
656 3603 801 3657 κατὰ
832 3604 914 3670 τὸ,
970 3607 1248 3676 Χριστὸς,
1287 3612 1435 3667 Θεοῦ
1487 3613 1742 3684 δύναμις

173 3690 265 3744 καὶ
305 3691 456 3747 Θεοῦ
475 3696 683 3764 σοφία,
715 3696 878 3762 αὐτὸς
905 3699 1102 3754 ἑαυτὸν
1133 3703 1489 3760 ἀνεστακέναι
1545 3707 1740 3780 νοηοή-

177 3801 342 3851 σεται,
395 3787 493 3841 καὶ
530 3790 833 3861 ὲγηγέρθαι
872 3792 1167 3865 λεγόμενος
1221 3799 1329 3852 ὑπὸ
1382 3799 1474 3853 τοῦ
1502 3802 1736 3873 Πατρὸς,

174 3875 256 3943 ἐφ’
278 3877 359 3942 δν,
392 3877 470 3943 ὠς
502 3881 682 3952 ἀρχὴν
717 3883 812 3937 καὶ
857 3885 1039 3940 αἰτίαν
1084 3886 1333 3958 ἄχρονον,
1369 3890 1583 3944 ἅπαντα
1607 3892 1739 3946 ἀνα-

173 3967 413 4038 φέρεται.
451 3970 604 4024 Ἐπεὶ
636 3973 734 4028 καὶ
749 3976 910 4039 αὑτός
937 3994 1073 4046 φησι
1099 3993 1113 4008 ο
1174 3979 1411 4032 Λύσατε
1451 3981 1560 4033 τὸν
1587 3983 1739 4038 ναὸν

169 4055 396 4127 τοῦτον,
427 4061 526 4117 καὶ
542 4064 822 4132 ὲντρισὶν
852 4067 1099 4136 ἡμέραις
1111 4069 1291 4140 ἐγερῶ
1317 4072 1524 4127 αὐτόν.
1546 4105 1615 4118 -
1633 4077 1736 4141 “Oc

168 4149 324 4220 ὤφθη
351 4151 479 4220 τοῖς
497 4155 917 4212 συναναϐᾶσιν
939 4157 1098 4225 αὐτῷ
1130 4162 1177 4194 ³³
1198 4164 1286 4230 είς
1320 4162 1735 4238 Ἰερουσαλὴμ,

172 4245 264 4299 ἐπὶ
321 4248 547 4319 ἡμέρας
567 4252 1061 4328 πλείους,οττινές
1089 4257 1209 4310 εισι
1231 4257 1531 4328 μάρτυρες
1550 4261 1736 4318 αὐτοῦ

170 4340 308 4408 πρὸς
325 4342 434 4395 τὸν
462 4344 620 4398 λαόν
644 4359 658 4374 '
705 4345 806 4419 οὐκ
842 4343 908 4399 ἂν
944 4345 1121 4410 ὄντες,
1144 4349 1192 4402 εί
1241 4349 1317 4420 μὴ
1351 4348 1470 4422 Θείᾳ
1510 4351 1738 4424 δυνάμει

166 4429 522 4488 ἐδιδαιοῦντο.
555 4435 682 4501 Τοῖς
695 4436 929 4505 τέκνοις
947 4437 1068 4493 τῶν
1091 4440 1360 4509 πατέρων
1396 4444 1558 4513 ὑμῖν,
1586 4447 1735 4502 ἀνα-

1866 1967 1975 2022 Viri
2005 1970 2214 2039 fratres,
2253 1972 2447 2039 posteri
2490 1973 2694 2041 generis
2731 1972 3040 2028 Abrahami.
3090 1972 3433 2028 Nobilitatem

1859 2058 1915 2114 in
1947 2059 2051 2115 hoc
2077 2060 2218 2128 loco,
2241 2075 2304 2117 ac
2329 2061 2863 2134 generisludseorum
2884 2064 3224 2136 splendorem
3247 2074 3434 2118 osten-

1856 2152 1954 2208 dit.
1982 2153 2050 2208 Et
2079 2155 2340 2224 principes
2369 2171 2552 2210 eorum
2575 2156 2722 2210 illum
2749 2158 3070 2228 ignorantes.
3107 2155 3356 2212 Defendit
3377 2161 3434 2209 et

1857 2254 2080 2301 excusat
2097 2245 2218 2301 illos
2236 2246 2421 2316 aliquo
2443 2246 2628 2303 modo.
2650 2245 3068 2315 Cruciﬁxerunt,
3085 2247 3280 2318 inquit,
3303 2262 3428 2302 eum

1856 2337 2174 2408 ignorantes
2205 2339 2455 2408 quisnam
2485 2349 2632 2396 esset
2676 2357 2691 2394 :
2748 2340 3068 2412 ignorantiae
3114 2341 3258 2395 enim
3311 2348 3432 2395 erat

1855 2431 2134 2487 delictum.
2172 2431 2241 2485 Et
2264 2431 2412 2486 nulla
2439 2448 2602 2486 causa
2631 2434 2813 2486 mortis
2842 2434 3075 2497 inuenta,
3111 2427 3368 2504 petierunt
3395 2451 3430 2487 a

1853 2522 2053 2589 Pilato,
2077 2532 2133 2582 ut
2161 2522 2451 2578 tolleretur.
2466 2522 2774 2595 Expetitum
2804 2523 2874 2579 ab
2893 2523 2998 2579 illis
3025 2524 3245 2580 modum
3274 2539 3430 2578 mor-

1855 2616 1923 2672 tis
1951 2630 2072 2672 esse
2105 2615 2255 2671 dicit.
2285 2616 2516 2672 Pilatum
2541 2625 2724 2672 autem
2749 2616 2801 2670 in
2833 2616 3072 2673 medium
3102 2615 3426 2685 producunt.

1854 2717 1915 2763 ut
1953 2717 2007 2764 et
2041 2697 2367 2782 supplicium
2404 2709 2575 2764 aloco
2620 2708 2820 2780 indicii
2852 2709 3196 2765 manifestum
3248 2709 3424 2774 ﬁeret,

1850 2807 1904 2854 et
1927 2798 2000 2853 illi
2033 2785 2411 2870 vehementius
2432 2801 2944 2870 accusarentur,qui
2969 2799 3084 2854 viro
3114 2793 3429 2870 alienigcme

1852 2892 2133 2950 Christum
2166 2892 2536 2960 tradidissent.
2567 2893 2636 2947 Et
2660 2908 2769 2948 non
2796 2892 2952 2960 dixit,
2989 2892 3426 2956 Postulaverunt,

1851 2982 1946 3037 sed
1977 2981 2256 3051 petierunt!
2299 2981 2484 3036 Gratia
2519 2982 2968 3051 impetraverunt,
3005 2981 3204 3051 inquit,
3237 2989 3426 3052 utpote

1850 3073 1945 3129 illo
1989 3074 2231 3129 nolente.
2267 3072 2424 3140 Quod
2471 3073 2665 3130 Petrus
2697 3074 2934 3144 apertius
2953 3074 3089 3128 dicit
3119 3090 3135 3128 :
3167 3074 3301 3128 Cum
3335 3071 3436 3128 ille'

1849 3166 2129 3222 statuisset
2159 3180 2284 3221 eum
2313 3165 2598 3222 absolvere
2648 3181 2711 3221 ac
2740 3167 3031 3222 dimittere.
3067 3166 3204 3220 Deus
3244 3177 3420 3220 autem

1849 3276 1968 3315 eum
2003 3259 2275 3314 suscitavit
2322 3275 2356 3313 a
2401 3258 2642 3315 mortuis.
2677 3256 2758 3314 Ne
2793 3266 2846 3312 te
2882 3267 3095 3312 moveat
3119 3272 3183 3311 ac
3217 3256 3418 3328 turbet,

1847 3352 1991 3421 quod
2022 3351 2182 3406 Jesus
2207 3350 2407 3405 dicitur
2435 3351 2732 3405 suscitatus
2769 3363 2890 3404 esse
2929 3364 2959 3403 a
3010 3349 3144 3405 Deo.
3187 3346 3321 3402 Nam
3370 3347 3419 3403 si

1843 3442 1870 3498 J
1879 3457 2004 3498 esus
2025 3457 2134 3498 non
2161 3441 2300 3496 alius
2319 3450 2402 3497 est
2429 3450 2593 3512 atque
2613 3439 2848 3497 Verbum
2874 3441 3232 3503 incarnatum,
3257 3429 3420 3510 atque

1843 3535 1950 3591 hoc
1993 3534 2237 3606 potentia
2282 3533 2459 3590 Patris
2493 3541 2598 3602 est,
2639 3547 2744 3603 qua
2790 3534 2972 3588 omnia
3030 3533 3189 3604 110
3233 3532 3418 3595 ellicit,

1841 3629 1987 3686 sicut
2029 3627 2233 3684 dictum
2269 3635 2353 3683 est
2391 3626 2524 3682 illud
2564 3643 2578 3682 :
2631 3626 2866 3683 Christus
2899 3626 2996 3680 Dei
3032 3627 3264 3694 potentia
3290 3665 3303 3689 ,
3355 3643 3417 3678 ac

1838 3721 1938 3777 Dei
1986 3723 2272 3792 sapientia,
2308 3719 2601 3789 semetipse
2642 3718 2995 3773 resuscitasse
3043 3716 3373 3788 intelligetur
3397 3760 3413 3786 ,

1840 3816 2048 3871 etiamsi
2083 3830 2112 3892 a
2146 3813 2303 3870 Patre
2329 3815 2690 3874 resuscitatus
2716 3827 2838 3869 esse
2869 3813 3100 3879 dicatur,
3135 3813 3202 3868 ad
3231 3829 3412 3882 quem,

1840 3918 2095 3980 tanquam
2113 3907 2441 3978 principium
2469 3917 2522 3963 et
2557 3923 2780 3964 causam
2816 3907 3074 3976 temporis
3111 3917 3413 3975 expertem.

1840 4002 2024 4056 omnia
2053 4001 2384 4055 referuntur.
2425 3999 2692 4066 Quoniam
2736 4009 2792 4054 et
2830 3999 2946 4069 ipse
2975 4000 3050 4053 ait
3095 4015 3109 4052 :
3153 3999 3416 4053 Destruite

1839 4091 2089 4160 templum
2114 4091 2227 4156 hoc,
2251 4099 2299 4144 et
2330 4093 2382 4144 in
2409 4091 2574 4145 tribus
2594 4090 2772 4146 diebus
2794 4093 3027 4146 excitabo
3045 4093 3196 4146 illud.
3221 4122 3286 4134 —-
3310 4092 3412 4157 Qui

1837 4185 1980 4239 visus
2023 4195 2096 4239 est
2146 4185 2256 4240 dies
2305 4185 2596 4255 complures
2646 4185 2710 4240 ab
2767 4185 2866 4250 his,
2919 4186 3009 4245 qui
3056 4202 3159 4238 una
3196 4202 3314 4238 cum
3353 4202 3411 4240 eo

1839 4280 2184 4332 ascenderant
2230 4278 2284 4331 in
2323 4275 2649 4344 Jerusalem,
2689 4278 2778 4348 qui
2827 4287 2946 4332 sunt
2981 4279 3029 4331 ei
3077 4287 3228 4331 testes
3270 4279 3412 4347 apud

1839 4373 2058 4441 plebem.
2084 4372 2238 4437 Quod
2273 4386 2384 4426 non
2413 4381 2624 4437 essent,
2660 4371 2766 4426 nisi
2792 4371 2972 4426 divina
3009 4371 3250 4440 potentia
3281 4386 3413 4425 con-

1838 4464 2208 4519 ﬁrmarentur.
2245 4465 2391 4520 Vobis
2422 4465 2639 4533 posteris
2663 4474 2896 4530 patrum,
2926 4464 3232 4517 resuscitato
3260 4463 3407 4518 Iesu.

164 4521 390 4624 atticac
442 4527 698 4594 Ἰησοῦν.
752 4529 826 4582 Τὸ
866 4531 1106 4599 Ἰησοῦς
1142 4532 1314 4607 ὄνομα
1363 4536 1456 4589 ἐπὶ
1498 4538 1594 4591 τοῦ
1642 4541 1735 4594 ἁν-

1843 4559 2042 4612 Nomen
2105 4554 2260 4608 Iesus
2336 4555 2404 4609 de
2459 4554 2683 4608 homine
2743 4553 3017 4624 accipiunt
3075 4556 3407 4611 deicidarum

165 4612 372 4684 θρώπου
412 4619 854 4690 ὲκλαμδάνουσιν
881 4624 932 4677 οἱ
990 4625 1098 4679 τῶν
1147 4626 1447 4682 Θεοκτόνων
1489 4631 1724 4702 ἀδελφοί.

173 4704 379 4781 Ἐπειδὴ
404 4708 498 4763 οὖν
521 4711 814 4783 προλαϐὼν
847 4711 969 4769 εἶπε
1015 4718 1292 4774 τεθεῖσθαι
1323 4723 1415 4797 τὸν
1465 4725 1636 4795 Λόγον
1667 4728 1726 4782 ὲν

165 4799 421 4872 μνημείῳ,
455 4801 540 4856 ἵνα
566 4804 640 4876 μή
669 4822 754 4870 τις
781 4806 1026 4882 ὑπολάϐῃ
1039 4809 1476 4884 ἄσαρκονάὐτὸν
1505 4820 1724 4892 εἰρηκέ-

159 4906 241 4984 ναι
266 4893 354 4945 τὸν
379 4895 595 4963 Λόγον,
614 4898 779 4953 πάλιν
808 4901 971 4972 αὐτὸν
1002 4903 1218 4976 Ἰησοῦν
1245 4909 1426 4978 καλεῖ,
1480 4913 1719 4984 οὐδαμοῦ

161 4982 412 5078 διαίρεσιν
470 4990 650 5056 διδοὺς
698 4995 776 5064 τῷ
838 5000 1173 5069 σαρκωθέντι
1224 5005 1384 5076 Λόγῳ
1428 5008 1567 5076 μετὰ
1618 4982 1721 5078 τὴν

159 5071 354 5169 ἕνωσιν.
393 5083 529 5149 Υἱός
549 5102 671 5154 μου
711 5081 773 5140 ετ
792 5088 873 5143 σύ
894 5105 907 5120 ·
929 5090 1044 5160 ἐγὼ
1076 5071 1365 5165 σήμερον·
1379 5071 1719 5169 γεγέννηκᾶ

161 5177 246 5255 σε.
277 5165 458 5224 Ταῦτα
506 5177 573 5247 τῇ
627 5177 1039 5253 ὲνανθρωπήσει
1080 5183 1175 5236 τοῦ
1226 5165 1466 5255 Χριστοῦ
1526 5165 1717 5243 σκόπει

165 5252 316 5350 δήπου
340 5259 406 5312 τὰ
432 5262 677 5331 ῥήματα,
694 5268 817 5337 ἥτις
832 5252 1088 5346 χρονικὴν
1104 5271 1217 5347 εἶχε
1233 5252 1331 5346 silv
1350 5277 1713 5350 ἐπιφοίτησιν.

168 5347 233 5401 Τὸ
255 5351 365 5445 ’γὰρ
389 5356 628 5427 σήμερον
661 5361 754 5413 καὶ
779 5362 988 5435 αὔριον,
1017 5368 1245 5440 ἡμερῶν
1267 5372 1382 5425 ἐστὶ
1433 5347 1719 5445 παραστα-

162 5441 289 5496 τικά.
330 5444 596 5516 Ἀχρόνως
629 5449 737 5520 γὰρ
770 5455 920 5524 παρὰ
950 5458 1044 5510 τοῦ
1076 5460 1310 5532 Πατρὸς,
1351 5463 1426 5528 ὠς
1459 5441 1552 5518 καὶ
1588 5469 1711 5519 παῖ-

164 5537 235 5596 δες
287 5538 570 5610 αίρετικῶν
622 5543 990 5615 ὁμολογοῦσι,
1047 5553 1306 5611 τίκτεται.
1375 5559 1453 5612 Οὺ
1497 5558 1710 5624 δώσεις

1831 4650 2061 4705 fratres.
2119 4647 2389 4714 Quoniam
2450 4649 2615 4718 igitur
2680 4663 2845 4718 supra
2900 4649 3113 4704 dixerat
3169 4648 3404 4705 Verbum

1828 4741 2066 4812 positum
2111 4739 2283 4795 fuisse
2326 4740 2381 4794 in
2426 4750 2803 4804 monumento,
2842 4755 2912 4794 ne
2947 4740 3068 4808 quis
3100 4741 3405 4808 suspicetur

1826 4831 1977 4887 illum
2025 4831 2227 4886 dixisse
2276 4827 2516 4885 Verbum
2549 4846 2714 4884 carne
2755 4830 2996 4884 caruisse
3019 4873 3033 4896 ,
3060 4844 3248 4883 rursus
3277 4846 3401 4886 eum

1825 4932 1983 4979 vocat
2031 4923 2218 4978 Jesum
2253 4940 2267 4975 :
2305 4935 2574 4989 nusquam
2618 4920 2874 4974 nimirum
2915 4921 3238 4978 divisionem
3265 4925 3398 4978 dans

1825 5017 2109 5071 incarnato
2135 5012 2316 5067 Verbo
2345 5022 2468 5082 post
2493 5013 2816 5069 unitieuem.
2848 5011 3018 5069 Filius
3045 5032 3188 5070 meus
3218 5032 3267 5068 es
3299 5025 3351 5067 tu
3379 5032 3399 5068 :

1825 5120 1914 5172 ego
1947 5104 2098 5156 hodie
2122 5102 2276 5172 genui
2306 5111 2374 5156 te.
2400 5102 2528 5158 Haec
2562 5105 2728 5159 verba
2750 5104 3007 5158 nimirum
3037 5103 3394 5156 incarnationi

1824 5194 2026 5249 Christi
2059 5196 2317 5260 attribue,
2360 5195 2455 5265 qui
2489 5195 2802 5251 incarnatus
2837 5195 3188 5265 temporalem
3210 5195 3395 5251 habuit

1825 5287 2142 5344 adventum.
2192 5288 2330 5343 Nam
2365 5289 2548 5353 hodie,
2592 5298 2649 5343 et
2691 5303 2831 5351 cras,
2870 5287 3081 5342 dierum
3114 5292 3394 5344 continent

1825 5380 2298 5452 signiﬁcationem.
2328 5380 2460 5433 Nam
2489 5381 2690 5449 absque
2726 5389 2968 5449 tempore
2993 5397 3022 5434 a
3059 5379 3217 5434 Patre
3236 5382 3391 5452 geni-

1820 5484 1908 5528 tus
1933 5483 2036 5538 cst,
2082 5480 2141 5525 ut
2166 5473 2331 5525 etiam
2356 5472 2595 5526 haeretici
2627 5472 2979 5528 comitentur.
3021 5474 3138 5528 Non
3171 5475 3388 5542 permit-

1821 5574 1909 5627 tes,
1962 5573 2014 5615 ut
2056 5572 2270 5614 sanctus
2303 5572 2420 5614 tuus
2464 5564 2633 5619 rideat
2677 5568 3079 5632 corruptionem.
3131 5563 3388 5620 Mentitur

1329 5695 1520 5756 Varia:
1569 5697 1874 5762 lectiones
1920 5706 1977 5757 et.
2026 5705 2213 5759 nolzc.

218 5820 254 5848 λ’
280 5823 516 5896 Μέλλων,
567 5839 644 5886 est
671 5833 724 5886 in
761 5836 1150 5906 manuscriptc;
1191 5841 1276 5892 scd
1307 5844 1459 5907 male,
1501 5845 1703 5908 apium.
1783 5848 1798 5871 *

1811 5863 1823 5877 ε·
1849 5843 2109 5898 ἁιιαΰὰπιν
2144 5844 2326 5914 αὑτὸν,
2358 5858 2500 5899 etut.
