4064 6340
125 455 234 519 685

849 437 1254 505 EXPOSITIO
1293 434 1375 497 IN
1409 435 1598 495 ACTA
1636 430 2210 493 APOSTOLORUM.
2248 457 2316 467 -
2344 430 2504 492 CAP.
2543 431 2684 493 XII.

3263 430 3367 494 686

128 567 238 634 τῆς
265 560 456 635 χαρᾶς
485 563 596 616 οὐκ
635 559 861 630 ἤνοιξε.
894 561 1040 630 Ὅρα
1085 559 1142 612 δὲ
1196 558 1494 630 παιδίσκης
1539 549 1697 610 εὑλά-
1724 565 1770 621 Α

1815 556 1924 611 ista
1957 570 2088 627 :per
2115 569 2278 626 quem
2304 555 2456 608 aiunt
2473 550 2695 617 Petrum
2720 568 2721 571 ‘
2743 553 3090 624 Erangelium
3107 551 3369 616 edidisse.

127 661 299 713 Gztav.
343 655 478 712 Ἀπὸ
518 654 630 724 τῆς
656 651 863 723 χαρᾶς,
891 656 1072 723 φησὶν,
1101 653 1213 707 οὐκ
1244 651 1470 720 ἤνοιξε.
1498 651 1696 714 Καλῶς

1815 645 1931 700 \‘am
1964 645 2125 702 Marci
2181 644 2529 716 Evangelium
2584 645 2781 700 dicitur
2830 659 2951 700 esse
2999 643 3168 699 Petri.
3199 647 3376 714 Atque

125 753 180 806 δὲ
205 749 369 805 τοῦτο
417 748 660 818 γέγονεν,
696 745 785 801 ἵνα
833 749 907 817 μὴ
954 747 1152 799 ἐκεῖνοι
1191 745 1555 813 ἐκπλαγέντες
1605 745 1697 797 εὐ-

127 840 264 904 θέως
305 839 529 904 ἰδόντες,
569 839 943 906 ἁπιστὴσωσιν
967 853 978 866 ·
1007 837 1142 889 ὅπου
1200 837 1293 890 καὶ
1322 835 1513 891 τούτου
1545 853 1698 903 γενο-

131 933 318 1002 μένου,
360 931 654 984 ἀνένευσαν
673 946 702 969 ὀ
728 930 816 984 ἴνα
847 929 905 983 δὲ
939 928 1078 998 αὕτη
1118 927 1187 981 τὰ
1215 929 1511 996 εὐαγγέλια
1544 926 1700 996 κομιο

131 1041 313 1093 σηται,
344 1021 627 1076 ἔσπευσεν.
659 1024 726 1076 Ol
754 1019 822 1074 δὲ
849 1021 1126 1090 ἑλεῖ-ονιθ
1148 1037 1164 1052 ο
1200 1022 1490 1090 Ἀγγελος
1513 1019 1700 1075 αὐτοῦ

127 1120 280 1174 ἐστι.
316 1115 488 1170 Τοῦτο
511 1115 710 1187 ἀληθὲς
742 1115 825 1179 ὅτι
859 1115 1087 1178 ἕκαστος
1115 1113 1346 1184 ἄγγελον
1370 1115 1503 1185 ἔχει.
1533 1116 1701 1170 Παντὶ

128 1206 235 1276 γὰρ
281 1203 672 1259 πεπιστευκότι
719 1205 804 1268 εἰς
852 1204 943 1258 τὸν
994 1204 1219 1275 Κύριον,
1251 1205 1482 1274 ἄγγελος
1531 1223 1701 1277 παρε-

127 1298 331 1367 spatia,
379 1297 475 1352 ἐὰν
537 1297 748 1368 μήποτε
792 1299 953 1368 ἡμεῖς
1001 1299 1164 1352 αὐτὸν
1203 1299 1269 1352 ὲκ
1308 1299 1417 1354 τῶν
1448 1299 1702 1370 πονηρῶν

1801 740 1917 795 lucc
1941 740 2128 809 Opinio
2155 739 2437 809 probatur,
2468 755 2532 794 ac
2563 739 2874 795 verisimilis
2901 739 2960 794 lit
2990 739 3156 794 etiam
3187 754 3254 793 ex
3287 754 3375 806 eo,

1801 832 1947 902 quod
1973 839 2028 886 et
2057 832 2272 896 Petrus,
2312 840 2368 887 et
2398 831 2594 901 reliqui
2625 831 2876 902 discipuli
2923 832 3065 902 apud
3083 847 3210 886 cum
3253 846 3377 908 mo-

1803 924 2082 978 rabantur.
2115 923 2238 977 Pra:
2288 925 2481 995 gaudio
2577 940 2681 978 non
2731 926 2962 995 aperuit.
3005 923 3141 978 Vide
3196 934 3378 979 autem

1804 1015 2000 1085 puella:
2055 1017 2416 1072 reverentiam
2474 1033 2539 1072 ac
2574 1017 2855 1088 pietatem.
2905 1017 3030 1072 Pro:
3051 1018 3267 1087 gaudio,
3297 1017 3382 1070 in-

1805 1106 1944 1178 quit,
1973 1123 2076 1162 non
2107 1109 2335 1176 aperuit.
2362 1110 2441 1164 Ac
2469 1110 2617 1164 reete
2646 1110 2698 1164 id
2723 1110 2791 1164 ab
2824 1110 2913 1164 illa
2937 1110 3142 1164 factum
3175 1118 3280 1174 est,
3311 1123 3382 1162 ne

1811 1201 1966 1272 103
1991 1200 2064 1255 illi
2104 1203 2286 1256 statim
2328 1202 2418 1276 illo
2446 1203 2563 1258 viso
2589 1204 2828 1267 attoniti,
2862 1203 3025 1258 ﬁdem
3073 1219 3180 1258 non
3217 1203 3385 1257 habe-

1807 1304 1928 1348 rent
1961 1313 1974 1347 :
2001 1296 2440 1366 quandoquidem
2467 1296 2631 1351 etiam
2662 1298 2767 1352 hoc
2787 1297 2930 1353 facto
2955 1313 3014 1352 se
3037 1297 3260 1351 credere
3287 1311 3387 1349 ne-

129 1390 309 1459 ἔργων
344 1387 755 1460 ἀποδιώξωμεν.
808 1389 896 1452 Ὡς
934 1388 1041 1460 γὰρ
1079 1389 1180 1453 τὰς
1217 1390 1478 1460 μελίσσας
1528 1406 1734 1459 φυγαί

1815 1385 2022 1456 gabant.
2053 1387 2179 1442 Haec
2200 1399 2380 1443 autem
2406 1372 2714 1455 festinabat,
2737 1399 2797 1444 ut
2828 1391 2898 1444 ob
2920 1389 3102 1443 laetum
3134 1389 3387 1443 nuntium

126 1480 272 1533 δεύει
320 1481 550 1547 καπνὸς,
579 1480 803 1544 καὶτὰς
846 1482 1178 1552 περιστερὰς
1223 1479 1498 1548 ἐξελαύνει
1531 1481 1705 1534 δυσω-

1815 1469 2091 1546 praemium
2125 1479 2311 1535 ferret.
2345 1484 2413 1536 At
2444 1483 2523 1537 illi
2553 1483 2794 1537 dicebant
2837 1498 2855 1535 :
2881 1482 3111 1553 Angelus
3143 1482 3260 1550 eius
3289 1489 3385 1535 est.

127 1573 215 1625 δξα
237 1613 254 1638 ,
284 1573 428 1627 οὕτω
485 1575 582 1628 καὶ
605 1574 698 1627 τὸν
721 1573 823 1643 τῆς
862 1573 1010 1643 ζωῆς
1039 1573 1197 1644 ἡμῶν
1226 1573 1459 1642 ἄγγελον
1488 1573 1707 1644 ήπολύ-

1815 1569 1926 1626 Hoc
1952 1587 2144 1627 verum
2175 1582 2277 1628 est.
2309 1573 2442 1630 Nam
2477 1577 2729 1647 angelum
2767 1576 2933 1631 habet
2968 1576 3343 1644 unusquisque
3372 1589 3388 1627 :

125 1664 336 1735 δακρυς
382 1666 478 1718 καὶ
536 1663 781 1735 δυσώδης
824 1665 1118 1736 ἀφίστησιν
1160 1666 1427 1737 ἁμαρτία.
1474 1665 1705 1719 Ἐκεῖνοι

1815 1664 2125 1735 quicunque
2172 1669 2320 1722 enim
2355 1669 2410 1722 in
2434 1669 2725 1723 Dominum
2781 1667 3091 1731 crediderit,
3123 1665 3174 1720 ei
3219 1680 3390 1736 ange-

121 1754 182 1806 ’δὲ
208 1754 370 1806 τοῦτο
400 1755 509 1808 ἀπὸ
555 1755 650 1809 τοῦ
703 1755 897 1825 καιροῦ
937 1756 1373 1826 προσεδόκησαν.
1406 1756 1544 1825 Φησὶ
1575 1755 1704 1827 γὰρ,

1815 1753 1896 1808 lus
1930 1756 2146 1811 assidue
2200 1769 2398 1827 praesto
2438 1768 2543 1825 est,
2572 1759 2702 1814 nisi
2736 1774 2838 1813 nos
2873 1757 3137 1827 improbis
3184 1756 3422 1818 facino-,

128 1849 231 1912 ὃτι,
270 1848 461 1902 Ὅπου
509 1849 624 1903 εἰσὶ
675 1847 786 1901 δύο
840 1847 880 1916 ἢ
910 1849 1067 1916 τρεῖς
1103 1848 1472 1918 συνηγμένοι
1516 1851 1604 1913 εὶς
1639 1850 1706 1902 τὸ
1744 1912 1782 1922 __

1815 1846 1963 1901 ribus
1999 1851 2200 1905 nostris
2230 1865 2359 1907 eum
2412 1868 2443 1907 a
2493 1852 2653 1908 nobis
2682 1852 2964 1922 abigamus
3009 1866 3074 1905 ac
3113 1848 3393 1920 fugemus.

123 1941 274 2009 ἐμὸν
303 1941 512 2010 ὄνομα,
544 1941 675 1995 ἐκεῖ
699 1944 815 2010 ειμι
929 1912 1100 2012 usa—4p
1139 1912 1361 2001 adt-cit}.
1397 1912 1657 1996 'Onouibé
1681 1944 1709 1996 ὁ
1743 1912 1784 1966 Β

1816 1939 1887 1995 Ut
1912 1941 2058 1997 enim
2090 1942 2276 1999 fumus
2303 1960 2434 2015 apes
2472 1945 2641 2016 fugat,
2665 1954 2720 1999 et
2759 1912 3040 1999 columbas
3066 1942 3242 1996 malus
3259 1940 3395 1995 odor

125 2033 386 2101 Χριστὸς,
432 2034 648 2104 ἀνάγκη
693 2028 836 2088 εἶναι
886 2035 981 2089 καὶ
1033 2035 1408 2107 ἀρχαγγέλους
1456 2034 1552 2088 καὶ
1608 2033 1705 2098 τὰς

1820 2033 2063 2102 expellit,
2097 2035 2170 2089 ita
2207 2037 2371 2092 etiam
2396 2037 2748 2108 lacrymabile
2812 2053 2876 2091 ac
2900 2035 3151 2092 fmtidum
3197 2046 3399 2104 pecca-

124 2124 294 2189 ᾰλλας
331 2125 614 2195 δυνάμεις.
642 2123 790 2180 Eine
835 2126 934 2181 δέ·
978 2127 1409 2196 Ἀπαγγείλατε
1456 2126 1710 2191 Ἰακώϐῳ

1822 2134 1934 2180 tum
1957 2128 2206 2198 angelum
2235 2130 2358 2199 vita:
2387 2139 2586 2186 nostrae
2617 2131 2889 2187 abalienat
2914 2145 2944 2184 ε
2977 2128 3164 2193 nobis,
3188 2142 3252 2181 ac
3281 2126 3400 2197 pel-
3437 2173 3440 2176 .

125 2218 226 2272 καὶ
260 2217 390 2284 τοῖς
420 2219 711 2288 ἀδελφοῖς
737 2219 948 2275 ταῦτα.
982 2220 1106 2282 Πῶς
1128 2221 1231 2273 οὐκ
1257 2218 1375 2272 ἔστι
1406 2219 1705 2286 κενόδοξος·

1819 2216 1901 2270 lit.
1927 2217 2004 2271 Illi
2053 2236 2182 2274 vero
2215 2223 2316 2276 hoc
2363 2223 2434 2276 ita
2459 2238 2581 2277 esse
2607 2223 2900 2292 sperabant
2923 2222 2992 2275 ab
3016 2221 3109 2274 illo
3136 2218 3397 2287 temporis

65 2345 72 2362 ι
125 2312 200 2364 Οὔ
239 2311 352 2380 γὰρ
383 2307 525 2376 εἷπε,
551 2312 677 2375 Τοῖς
701 2311 1022 2382 ἁπανταχοῦ
1054 2312 1189 2378 δῆλα
1215 2311 1388 2365 ταῦτα
1418 2313 1704 2381 ποιήσατε,

1817 2308 2046 2372 articulo
2084 2323 2138 2365 et
2169 2323 2312 2367 statu
2366 2315 2736 2384 conjecturam
2795 2314 3077 2369 iacientes.
3104 2314 3194 2365 Ait
3245 2310 3396 2364 enim

123 2404 286 2464 ἀλλὰ.
324 2403 456 2470 Τοῖς
481 2404 787 2474 ἀδελφοῖς.
826 2405 934 2459 Καὶ
985 2405 1255 2469 ἐξελθὼν
1285 2405 1578 2474 ἐπορεύθη
1630 2408 1715 2470 εἰς

1820 2403 2071 2457 Christus
2104 2421 2117 2457 :
2143 2404 2235 2459 Ubi
2265 2406 2369 2459 duo
2399 2408 2476 2461 vel
2506 2416 2607 2460 tres
2630 2407 2930 2477 congregati
2958 2416 3079 2459 sunt
3101 2407 3157 2458 in
3186 2403 3400 2458 nomine

118 2497 338 2564 ἕτερον
371 2497 578 2552 τόπον.
613 2497 689 2550 Οὐ
734 2497 845 2566 γὰρ
893 2496 1154 2567 ἑπείραζε
1183 2498 1272 2550 τὸν
1310 2497 1476 2561 ΘεδνδΓ
1495 2497 1616 2552 οὐδὲ
1637 2499 1717 2558 εἰς

1824 2495 2085 2559 meo,illic
2114 2513 2228 2550 sum
2281 2500 2334 2550 in
2388 2500 2558 2553 medio
2602 2516 2782 2553 eorum
2809 2500 2878 2553 ”.
2935 2498 3038 2554 Ubi
3104 2508 3286 2552 autem
3315 2506 3401 2553 est

121 2590 475 2657 πειρασμοὺς
526 2589 795 2642 ἀνὲδαλεν
814 2590 858 2622 ⁸⁷
897 2590 1111 2643 ἑαυτὸν.
1144 2591 1186 2641 Τ
1189 2589 1314 2642 οῦτο
1339 2589 1394 2641 δὲ
1426 2588 1525 2640 οὐκ
1553 2580 1710 2640 εἶπεν
1749 2627 1752 2630 .

1820 2585 2093 2647 Christus.
2141 2604 2368 2645 necesse
2419 2599 2500 2645 est
2528 2592 2692 2645 etiam
2753 2607 2877 2647 esse
2939 2581 3315 2661 arcinangelOs,
3344 2597 3402 2642 et

115 2683 146 2733 ὀ
211 2682 488 2748 ἀγγελοςο
529 2681 666 2734 ἀλλὰ
705 2681 766 2734 τὸ
807 2684 934 2752 σισῇ
993 2682 1324 2750 ἀποστῆσαι,
1382 2680 1476 2734 καὶ
1523 2681 1716 2742 νυκτὸς

1825 2687 2048 2732 caeteras
2073 2690 2390 2748 potestates.
2443 2684 2592 2738 Dixit
2631 2695 2806 2740 autem
2840 2703 2858 2739 :
2906 2687 3161 2738 Nuntiate
3206 2684 3400 2737 Iacobo

119 2771 448 2838 ἐξαγαγεῖν,
471 2769 672 2828 ἔδωκεν
689 2771 943 2837 ἐξουσίαν
967 2773 1324 2843 ἀναχωρῆσαι
1346 2788 1360 2802 '
1384 2772 1508 2824 ἐπεὶ
1534 2774 1720 2824 κάκεῖ-

1825 2781 1873 2823 et
1939 2773 2194 2842 fratribus
2231 2781 2361 2831 Ιιιειτ.
2389 2777 2562 2842 Quam
2612 2793 2721 2831 non
2749 2788 2831 2833 est
2855 2793 3007 2833 vanae
3037 2778 3220 2848 gloriae
3269 2777 3399 2831 alle-

117 2878 206 2914 νοι
263 2861 421 2915 ὃτε⁴⁸
467 2861 871 2930 ἐκελεύσθησαν
952 2862 1238 2933 ἐποίησαν.
1299 2862 1718 2930 Εἰσελθόντες,

1826 2864 2031 2916 etator!
2062 2863 2180 2918 Non
2204 2869 2346 2920 enim
2384 2869 2519 2921 dixit
2565 2886 2577 2920 :
2619 2867 2756 2923 Nota
2786 2871 2902 2925 haec
2933 2869 3094 2924 facite
3124 2870 3400 2927 omnibus.

119 2953 290 3023 φησὶ,
312 2952 556 3006 λαλεῖτε
582 2952 652 3006 ἐν
679 2952 760 3017 τῷ
789 2952 925 3021 ἱερῷ
956 2954 1038 3019 τῷ
1069 2952 1217 3018 λαῷ.

1825 2955 1918 3021 qui
1961 2955 2159 3024 ubique
2207 2967 2353 3020 sunt,
2379 2960 2469 3013 sed
2500 2961 2773 3028 fratribus.
2795 2962 2864 3016 Et
2893 2979 3127 3034 egressus
3175 2963 3403 3032 perrexit

118 3043 389 3101 inalium
415 3049 608 3104 locum.
639 3049 760 3104 Non
788 3051 934 3104 enim
966 3049 1138 3104 Deum
1163 3050 1426 3113 tentabat,
1457 3062 1635 3117 neque
1659 3048 1714 3101 in
1757 3048 2084 3103 tentationes
2154 3053 2509 3122 semetipsum
2554 3056 2854 3125 injiciebat.
2913 3060 3026 3114 Hoc
3049 3071 3229 3115 autem
3292 3075 3403 3113 non

119 3139 350 3192 dixerat
381 3140 629 3209 angelus,
660 3141 758 3195 sed
782 3142 925 3209 quod
949 3141 1169 3194 silentio
1237 3139 1547 3195 discedebat
1575 3156 1588 3192 :
1649 3138 1794 3207 quod
1833 3148 1997 3194 noctu
2051 3141 2314 3197 eduxerat
2353 3163 2364 3198 :
2396 3145 2480 3199 his
2529 3148 2691 3201 rebus
2725 3149 2872 3204 dedit
2902 3151 2949 3206 ei
2993 3162 3312 3222 potestatem
3340 3168 3402 3206 ac

118 3230 451 3286 facultatem
480 3232 778 3287 recedenti.
805 3230 938 3285 Nam
970 3230 1127 3285 etilli
1196 3231 1338 3298 quod
1369 3231 1503 3300 jussi
1539 3236 1717 3292 erant,
1759 3227 2027 3285 fecerunt.
2063 3232 2316 3303 lngressi,
2343 3235 2536 3304 inquit,
2569 3239 2624 3290 in
2647 3241 2918 3308 templum,
2979 3244 3255 3312 loquimini
3309 3262 3374 3312 po

119 3322 282 3391 pulo.
2677 3378 2686 3386 .

218 3413 498 3484 Ἡρώδης
531 3414 601 3468 δὲ
633 3412 996 3484 ἐπιζητήσας
1025 3413 1234 3478 αὑτὸν,
1267 3414 1362 3465 καὶ
1387 3411 1472 3480 μὴ
1505 3410 1719 3479 εὑρὼν,
1746 3416 1784 3472 C

1899 3415 2059 3470 Vsus.
2088 3418 2175 3476 19.
2213 3421 2279 3470 At
2320 3423 2555 3473 Herodes
2582 3438 2699 3474 cum
2730 3423 3024 3493 requisisset
3055 3443 3193 3493 eum,
3221 3440 3269 3482 ct
3299 3447 3398 3483 non

120 3511 474 3578 ἀνακρίνας
501 3509 645 3574 τοὺς
672 3509 972 3577 φύλακας,
997 3507 1325 3559 ἐκέλευσεν
1340 3505 1685 3571 ἀπαχθῆναι
1701 3518 1716 3533 ·

1828 3507 2128 3568 invenisset,
2177 3513 2464 3578 qna'stiane
2515 3515 2692 3566 habita
2748 3516 2814 3568 de
2870 3521 3188 3583 custodibus,
3231 3523 3396 3589 jussit

121 3604 237 3658 καὶ
274 3600 582 3655 κατελθὼν
606 3600 725 3653 ἀπὸ
754 3597 865 3667 τῆς
907 3597 1192 3661 Ἰουδαίας
1222 3598 1308 3660 εις
1347 3593 1461 3661 τὴν
1495 3590 1724 3645 Καισά-

1827 3610 1910 3647 eos
1933 3597 2119 3650 abduci
2149 3601 2219 3652 ad
2241 3603 2587 3669 supplicium:
2614 3615 2798 3659 etcum
2825 3607 3170 3664 descendisset
3203 3613 3266 3664 dc
3303 3613 3403 3665 Ju-

111 3711 311 3764 ρειαν
336 3694 645 3761 διέτριϐεν.

1829 3688 1943 3741 dwa
1964 3689 2277 3757 Cwsaream,
2301 3693 2409 3746 illic
2439 3708 2786 3749 commoratus
2809 3707 2903 3750 est.

202 3784 338 3842 Ἠν
365 3786 434 3841 δὲ
473 3785 735 3855 Ἡρώδης
750 3783 799 3817 δ’
828 3781 1189 3853 θυμομαχῶν
1218 3779 1445 3848 Τυρίοις
1487 3776 1585 3829 καὶ
1634 3776 1728 3829 Σι-

121 3882 403 3946 δωνίοις.
441 3875 852 3949 Ὀμοθυμαδὸν
882 3873 949 3927 δὲ
1007 3870 1294 3941 παρῆσαν
1341 3869 1491 3938 πρὸς
1519 3863 1728 3929 αὐτόν,

120 3973 236 4026 καὶ
280 3973 601 4038 πείσαντες
647 3967 927 4023 Βλάστον
943 3967 1006 3998 ⁸³·
1032 3967 1141 4018 τὸν
1170 3963 1269 4017 ἐπὶ
1307 3961 1416 4015 τοῦ
1447 3957 1730 4020 κοιτῶνος

119 4064 248 4118 τοῦ
298 4063 645 4137 βασιλέως..
682 4060 943 4128 ᾐτοῦντο
993 4056 1261 4125 εἰρήνην,
1290 4053 1389 4108 διὰ
1424 4050 1500 4129 τὸ
1533 4047 1730 4117 τρέφε-

121 4162 293 4212 σθαι
313 4153 516 4210 αὐτῶν
547 4151 661 4223 τὴν
687 4151 887 4223 χώραν
910 4147 1030 4206 ἀπὸ
1056 4148 1168 4216 τῆς
1191 4141 1552 4212 βασιλικῆς.
1719 4139 1727 4142 ’

1904 3779 2070 3835 Vens.
2102 3782 2194 3834 20.
2222 3782 2352 3837 Erat
2415 3795 2588 3836 autem
2647 3788 2878 3841 Herodes
2945 3787 3176 3857 infensus
3216 3793 3404 3860 Tyriis,

1833 3879 1879 3922 et
1924 3869 2180 3926 Sidoniis.
2222 3873 2288 3925 At
2307 3873 2387 3926 illi
2411 3891 2515 3928 uno
2563 3877 2738 3939 animo
2779 3884 2945 3947 atque
2981 3895 3232 3932 consensu
3260 3896 3405 3933 vene-

1836 3975 1956 4017 runt
1975 3966 2044 4017 ad
2074 3981 2212 4028 eum,
2250 3973 2298 4018 et
2323 3982 2415 4033 per
2464 3965 2706 4018 Blastum
2744 3967 2979 4020 cubicqu
3004 3969 3137 4037 regis
3157 3971 3409 4038 pra’posi-

1835 4066 2136 4125 tum,quem
2171 4057 2269 4107 sibi
2303 4055 2730 4118 conciliaverunt,
2768 4056 3010 4125 petebant
3033 4075 3233 4125 parem,
3281 4079 3406 4130 pro-

1836 4157 2013 4214 pterea
2041 4149 2179 4215 quod
2201 4148 2341 4216 regio
2369 4147 2584 4199 illorum
2614 4146 2844 4200 aleretur
2882 4151 3132 4218 fructibus
3159 4168 3406 4219 agrorum

1835 4240 1993 4308 regia:
2026 4241 2236 4292 ditionis
2266 4243 2336 4292 ad
2363 4256 2416 4292 se
2443 4241 2720 4308 importari
2742 4242 3018 4294 consuetis.

222 4348 598 4402 Ἑκέλευσεν
654 4341 1020 4409 ἀπαχθῆναι.
1074 4332 1309 4391 Δυνατὸν
1357 4325 1426 4399 ἦν
1477 4327 1555 4395 τῷ
1612 4323 1730 4395 Θεῷ

1902 4331 2068 4386 Jussit
2097 4349 2181 4386 eos
2209 4333 2396 4385 abduci
2419 4333 2488 4385 ad
2507 4334 2846 4402 supplicium.
2877 4334 3094 4389 Poterat
3122 4337 3262 4390 Deus
3301 4354 3402 4389 una

129 4441 303 4512 μετὰ
331 4438 419 4490 τὸν
446 4436 655 4505 Πέτρον
677 4431 965 4494 κάκείνους
995 4426 1326 4492 διεξελέσοαι
1349 4441 1362 4453 '
1400 4423 1515 4479 ἀλλ’
1546 4423 1595 4475 εἰ
1635 4421 1730 4474 καὶ

1835 4441 1960 4481 cum
1992 4426 2153 4494 Petro
2174 4428 2335 4481 etiam
2369 4427 2487 4480 illos
2507 4426 2746 4481 eximere
2773 4445 2786 4480 :
2819 4443 3005 4482 verum
3039 4429 3083 4482 si
3115 4429 3274 4482 etiam
3303 4431 3406 4481 mi-

123 4533 280 4594 τοὺς
329 4526 672 4600 στρατιώτας
704 4525 976 4595 ἐξήγαγεν
1000 4524 1030 4576 ὁ
1054 4519 1286 4590 ἄγγελος
1333 4516 1471 4588 μετ-ὰ
1501 4514 1596 4568 τοῦ
1623 4513 1730 4566 Πέ-

1837 4519 1959 4572 lites
2017 4519 2241 4587 angelus
2330 4533 2436 4572 una
2495 4534 2619 4573 cum
2705 4516 2866 4571 Petro
2931 4518 3227 4582 eduxisset,
3285 4519 3406 4590 fuga

123 4640 320 4693 τρου,
347 4620 608 4690 ἐνομίσθη
659 4617 732 4673 ἂν
773 4615 930 4687 φυγὴ
957 4609 1102 4672 εἶναι
1141 4613 1201 4665 τὸ
1234 4612 1487 4682 πρᾶγμα.
1516 4607 1734 4662 Μᾶλλον

1838 4607 2031 4661 fuisset
2075 4608 2163 4660 illa
2206 4623 2294 4662 res
2356 4618 2504 4679 gesta
2558 4607 2881 4661 existimata.
2923 4605 3032 4661 Sed
3086 4609 3256 4679 magis
3319 4610 3407 4661 ille

123 4719 191 4771 δὲ
269 4715 438 4766 αὑτὸν
487 4711 676 4764 ἐλύπει
719 4710 782 4762 τὸ
823 4707 1224 4777 ἐμπαιχοῆναι,
1257 4700 1583 4770 ὧσπερ-ὑπὸ
1626 4697 1733 4750 τῶν
1768 4749 1784 4777 1

1841 4699 2079 4765 dolebat,
2139 4701 2285 4769 quod
2321 4700 2422 4754 sibi
2473 4700 2687 4752 illusum
2733 4707 2903 4765 esset,
2954 4699 3406 4770 quemadmodum

123 4811 369 4876 Μάγων
419 4805 514 4858 τὸν
576 4803 802 4858 πάππον
876 4800 1040 4853 αὐτοῦ
1105 4796 1474 4866 ἀπατηθέντα,
1530 4791 1737 4862 μᾶλλον
1769 4788 1784 4807 ¹

1844 4808 2006 4846 avum
2035 4792 2155 4861 ejus
2184 4791 2354 4861 magis
2381 4788 2532 4857 quasi
2571 4788 2877 4845 dissecabat
2908 4799 3073 4862 atque
3100 4791 3406 4859 torquebat,

129 4906 344 4959 ἐποίει
372 4901 748 4972 διαπρίεσοαι,
772 4897 870 4951 καὶ
898 4893 1305 4962 καταγέλαστον
1328 4886 1486 4942 εἶναι.
1525 4881 1645 4940 Ἦν
1671 4883 1741 4938 δὲ

1844 4895 1898 4940 et
1929 4885 2217 4939 ridiculum
2272 4881 2570 4946 efficiebat,
2604 4882 2746 4952 quod
2777 4898 2807 4936 a
2844 4883 3007 4953 Magis
3048 4891 3192 4936 esset
3250 4881 3411 4934 dece-

137 4999 436 5070 Ἶιρὼὄης
495 4991 853 5066 θυμομαχῶν
909 4991 1136 5059 Τυρίοις
1175 4988 1274 5042 οιαὶ
1313 4984 1637 5049 Σιδωνίοις.
1663 4981 1738 5035 Οὐ

1847 4988 1992 5048 plus.
2020 4975 2153 5028 Erat
2182 4984 2365 5028 autem
2397 4973 2624 5028 Herodes
2648 4976 2876 5047 infensus
2904 4975 3066 5044 Tyriis
3086 4984 3130 5026 et
3157 4972 3406 5026 Sidoniis.

131 5064 703 5163 y..;.,,s.'..s.m..
730 5086 794 5139 τδ
825 5083 1135 5155 μνησθῆναι
1189 5078 1354 5146 αὐτὸν
1389 5075 1593 5144 ταύτης
1639 5072 1739 5140 τῆς

1847 5069 1964 5122 Νοη
2000 5082 2162 5136 parva
2215 5081 2302 5120 res
2327 5066 2443 5120 haec
2469 5075 2573 5133 est,
2596 5070 2739 5138 quod
2773 5065 3017 5122 memin't
3052 5065 3214 5133 hujus
3239 5064 3412 5118 histo-

127 5157 430 5252 ίστέρίαςν
455 5181 580 5243 πῶς
601 5179 810 5244 εὐθέως
841 5176 1074 5248 ἐπῆλθεν
1108 5177 1142 5245 ἡ
1174 5174 1298 5242 δίκη
1320 5173 1413 5224 καὶ
1440 5164 1739 5222 κατέλαϐεν

1850 5162 1964 5223 rite,
1998 5169 2058 5214 ut
2089 5159 2269 5215 statim
2291 5160 2861 5229 pmnasupervenerit,
2885 5157 3101 5212 etillum
3122 5157 3405 5210 invaserit.

182 5275 354 5326 κτὸν.
1655 5299 1657 5301 ·

127 5297 436 5431 aUTaxtﬁ
505 5360 575 5414 δὲ
624 5360 813 5430 ἡμέρᾳ
862 5362 895 5412 ὁ
949 5357 1212 5423 Ἡρώδης
1265 5334 1734 5415 ἐνδυσάμενος⁸⁸

1922 5340 2084 5395 Vsus.
2113 5341 2205 5397 Ἢ.
2234 5314 2538 5399 Comtituta
2566 5353 2743 5399 autem
2773 5343 2876 5406 die,
2909 5342 3140 5396 Herodes
3163 5352 3299 5397 veste
3325 5359 3409 5394 re-

216 5551 279 5585 ⁸³
327 5546 518 5601 Matth.
554 5558 707 5607 xvur,
739 5539 830 5595 20.

1345 5655 1543 5717 Vat-ite
1589 5653 1893 5715 lectiones
1936 5656 1996 5711 et
2037 5653 2227 5710 nota).

1100 5782 1142 5813 δ’
1181 5757 1266 5834 to.
1308 5779 1611 5832 ἐνέϐαλλεν».
1713 5777 1756 5807 ιε

1815 5792 1869 5828 σ.
1917 5776 1943 5826 ὅ
1976 5792 2044 5827 τι.
2124 5774 2165 5805 ’δ’
2200 5773 2261 5827 In
2297 5770 2504 5840 vulgato
2541 5779 2636 5838 est,
2661 5769 2689 5822 δ
2728 5769 2990 5842 ’ίίρώδηςν
3039 5779 3085 5821 ct
3136 5770 3409 5830 Σιῖονίοις.

1061 5855 1105 5886 ⁵⁸
1140 5853 1199 5906 In
1231 5851 1440 5920 vulgato
1475 5863 1566 5912 οβ’,
1605 5845 1972 5915 ἐνδεδυμένος.
2650 5856 2655 5862 ·

216 5800 276 5830 σε
325 5793 498 5860 Marg.
531 5792 674 5856 Ὅρα
696 5784 995 5860 Βασιλείου.

128 5875 210 5907 δ’·
249 5868 332 5922 In
366 5855 572 5932 vulgato
597 5855 693 5930 est,
729 5855 983 5912 Βλαστόν.
