4064 6340
187 381 294 446 697

874 352 1317 443 'nxrosrrto
1351 378 1436 440 IN
1473 380 1661 441 ACTA
1701 385 2257 448 APOSTOLORUM
2285 415 2351 424 —
2374 388 2530 450 CAP.
2567 379 2739 452 xm;

3254 377 3265 394 ‘
3323 394 3429 458 sas

277 493 374 558 Ὠς
397 491 498 546 και
520 492 590 546 ἐν
622 489 701 558 τῷ
726 490 949 562 ψαλμῷ
973 490 1055 557 τῷ
1088 489 1345 575 δευτέρῳ
1393 489 1712 560 γέγραπται
1738 508 1743 522 ί

1929 495 2090 552 Vens.
2149 498 2237 554 53.
2278 500 2342 556 Ut
2382 502 2543 555 ctiam
2577 503 2632 557 in
2675 503 2879 573 psalmo
2928 505 3150 560 secumlo
3180 507 3428 574 scriptum

196 585 326 646 rw;
349 601 469 652 μου
488 579 643 639 elati
672 599 688 613 '
717 583 834 654 ἐγὼ
868 584 1138 654 σήμερον
1154 582 1489 654 γεγέννηκά
1515 599 1612 638 σε.

262 675 382 729 Ὅτι
410 674 480 729 δὲ
531 675 872 746 ἀνέστησεν
905 677 1092 730 αὐτὸν
1144 676 1213 731 ἐκ
1256 674 1507 744 νεκρῶν,
1548 676 1761 747 μηκέτι

185 764 493 835 μέλλοντα
527 767 575 802 ⁸³
602 767 1006 839 ὑποστρέφειν
1050 770 1140 833 είς
1175 765 1523 838 διαφθορὰν,
1570 769 1761 835 οὕτως

187 856 451 925 εῑρηιιεν,
491 856 581 928 ὅτι
612 857 789 911 Δώσω
808 857 955 929 ὑμῖν
975 856 1049 913 τὰ
1095 857 1236 913 ὅσια
1263 857 1436 913 Δαυῒδ
1455 859 1529 913 τὰ
1549 860 1758 915 πιστά.

259 947 359 1001 Διὸ
381 948 483 1002 καὶ
511 949 580 1003 ἐν
599 948 782 1019 ἑτέρῳ
807 949 1004 1022 λέγει’
1036 951 1120 1005 οὐ
1156 948 1371 1017 δώσεις
1418 950 1528 1005 τὸν
1586 949 1762 1007 ὅσιόν

181 1056 303 1106 σου
328 1031 495 1096 ’ἰδεῖν-
513 1041 862 1113 διαφθοράν.

256 1131 443 1186 Δαυῒδ
472 1133 592 1204 μὲν
612 1134 724 1205 τὰρ
752 1134 870 1204 ὶδιᾳ
900 1136 1082 1207 γενεᾷ
1123 1135 1535 1208 ὑπηρετήσας,
1559 1137 1635 1209 τῇ
1651 1139 1759 1195 τοῦ

183 1223 340 1278 Θεοῦ
360 1227 570 1296 ,ϐουλῇ
607 1227 914 1299 ἐκοιμήθη,
932 1231 1029 1284 καὶ
1052 1230 1386 1301 προσετέθη
1416 1231 1566 1302 πρὸς
1615 1231 1760 1300 τοὺς

179 1315 449 1384 πατέρας
470 1317 678 1383 αὐτοῦ,
713 1320 813 1374 καὶ
839 1316 962 1374 εἶδε
996 1320 1343 1390 διαφθοράν.

269 1585 529 1658 Ἰωάννης
576 1593 849 1660 μαρτυρεί
899 1591 998 1662 οὐχ
1050 1591 1271 1657 ἀπλῶςο
1348 1592 1486 1648 ἀλλὰ
1539 1593 1758 1649 πάντων

179 1677 277 1731 ὑπ’
310 1677 479 1732 αὐτὸν
499 1680 744 1749 ἀγόντων
755 1682 855 1751 τὴν
877 1682 1057 1750 δόξαν.
1083 1684 1245 1747 αὐτὸς
1270 1684 1458 1756 ἀὐτὴν
1479 1684 1759 1767 ἀποκρού-

175 1785 321 1824 εται.
360 1771 436 1824 Οὐ
457 1771 567 1842 γάρ
585 1773 734 1826 ἐστιν
762 1772 880 1827 ῐσον
913 1775 1146 1845 μηδενὸς
1165 1776 1399 1840 διδόντος
1424 1778 1518 1832 καὶ
1545 1777 1757 1832 πολλῶν

1859 597 1935 642 est
1956 603 1975 642 :
2011 587 2184 643 Filius
2211 607 2353 646 meus
2377 609 2430 646 es
2461 604 2540 673 tu,
2569 611 2664 666 ego
2693 595 2843 649 hodie
2867 598 3024 667 genui
3053 607 3120 651 te.

1927 679 2089 734 Vens.
2116 681 2204 735 54.
2239 680 2392 746 Quod
2419 692 2596 738 autem
2625 701 2744 739 eum
2771 687 3098 741 suscitaverit
3123 704 3153 739 a
3185 687 3426 752 mortuis,

1860 787 1962 826 non
1992 773 2220 839 amplius
2245 776 2582 847 redigendum
2616 779 2688 833 ad
2713 781 3122 850 corruptionem,
3147 781 3222 834 ita
3256 780 3387 834 dixit
3406 795 3427 834 :

1860 862 2010 917 Dabo
2037 865 2176 920 vobis
2197 878 2381 920 sancta
2423 865 2596 922 David
2621 869 2824 938 fidelia.

1928 954 2086 1012 Vens.
2125 957 2216 1015 '55.
2234 957 2600 1024 Quamobrem
2632 963 2792 1017 etiam
2811 962 2944 1018 alibi
2969 965 3093 1019 dicit
3121 982 3138 1019 :
3173 964 3290 1019 Non
3313 981 3429 1031 pcr-

1861 1048 2054 1114 mittes,
2084 1057 2142 1103 ut
2163 1060 2379 1106 sanctus
2407 1060 2528 1106 tuus
2542 1054 2716 1108 videat
2741 1056 3146 1124 corruptionem.

1928 1140 2090 1197 Vens.
2119 1143 2206 1198 56.
2229 1143 2369 1198 Nam
2393 1143 2565 1199 David
2588 1148 2795 1216 quidem
2814 1164 2931 1202 cum
2956 1165 3066 1204 sum
3092 1151 3239 1203 (elati
3263 1152 3430 1205 inser-

1857 1232 2036 1298 visset,
2084 1234 2304 1288 consilio
2344 1235 2444 1291 Dei
2482 1237 2812 1304 obdormivit,
2848 1251 2900 1294 et
2942 1242 3206 1312 appositus
3253 1251 3330 1296 est
3357 1245 3427 1295 ad

1780 1370 1817 1396 ..
1859 1325 2088 1394 majores
2116 1342 2258 1392 suos,
2283 1335 2336 1381 et
2370 1328 2500 1381 vidit
2532 1332 2939 1400 corruptionem.

262 1407 374 1461 Ὃν
397 1407 467 1460 δὲ
493 1411 528 1464 ό
550 1411 696 1478 θεὸς
715 1408 978 1482 ἤγειρεν,
1002 1414 1116 1468 οὐκ
1137 1409 1260 1468 εἶδε
1280 1411 1684 1486 διαφ[θ]οράν.
1776 1425 1785 1450 ε

1929 1418 2093 1474 Vens.
2141 1419 2235 1475 57.
2264 1417 2374 1476 Sed
2404 1436 2556 1490 quem
2587 1420 2731 1477 Deus
2783 1424 3130 1486 resuscitavit.
3173 1442 3274 1481 non
3299 1427 3428 1481 vidit

1858 1511 2258 1584 corruptionem.

1927 1601 2166 1658 Joannes
2186 1616 2294 1657 non
2321 1601 2642 1672 simpliciter
2669 1602 3009 1669 testiﬁcatur,
3035 1603 3132 1659 sed
3159 1618 3284 1658 cum
3311 1619 3430 1657 om-

1857 1708 1958 1749 nes
2013 1693 2081 1751 ad
2128 1708 2253 1750 eum
2316 1693 2596 1751 deferrent
2644 1696 3123 1760 existimationem,
3151 1694 3270 1765 ipse
3310 1709 3428 1746 eam

1855 1784 2059 1856 rejicit.
2087 1785 2204 1842 Non
2236 1787 2379 1842 enim
2404 1787 2545 1843 idem
2573 1795 2675 1852 est,
2707 1787 2934 1842 nemine
2954 1788 3136 1853 dante,
3166 1795 3221 1842 et
3249 1786 3434 1842 multis

178 1860 556 1953 παρεχόντων,
587 1863 792 1953 ταύτην
816 1863 916 1935 τὴν
951 1867 1120 1937 τιμὴν
1156 1865 1485 1922 διωθεῖσθαι.
1521 1866 1743 1936 Ἄνδρες

1861 1879 2230 1950 praebentibus
2257 1881 2405 1936 hunc
2439 1881 2702 1936 honorem
2730 1881 2911 1953 respui
2937 1890 3098 1951 atque
3133 1879 3428 1949 repudiari.

175 1947 456 2016 ἀδελφοί,
527 1952 645 2006 vlol
704 1952 922 2023 γένους
978 1956 1246 2028 Ἀϐρααμ.
1307 1957 1421 2029 Τὴν
1476 1957 1758 2026 εὐγένειαν

176 2036 417 2094 ὲνθαῦθα
471 2039 711 2097 δείκνυσι
769 2043 868 2115 τὴν
909 2045 1228 2117 Ἰουδαῖκήν.
1274 2048 1384 2104 Καὶ
1434 2051 1490 2102 οι
1529 2048 1752 2118 ἄρχον-

177 2127 278 2195 τες
335 2131 536 2190 αὐτῶν
573 2135 789 2192 τοῦτον
823 2135 1257 2206 ἀγνοήσαντες.
1307 2139 1477 2211 ’Υπὲρ
1529 2139 1753 2194 ἐκείνων

175 2221 528 2292 ἀπολογεῖται
595 2227 801 2300 ἡρέμα.
859 2230 1238 2302 Ἐσταύρωσαν
1261 2273 1278 2296 ,
1328 2233 1493 2302 φησὶν
1514 2271 1531 2298 ,
1590 2233 1752 2287 αὑτὸν

139 2317 579 2390 ,ἀγνοήσαντες
612 2321 836 2391 ἀγνοίας
863 2325 970 2396 γὰρ
1016 2321 1086 2398 ἦν
1139 2327 1200 2380 τδ
1253 2327 1577 2404 ἁμάρτημα.
1632 2329 1749 2383 Kal

170 2409 474 2483 μηδεμίαν
514 2416 716 2470 αἰτίαν
777 2419 1038 2475 θανάτου
1091 2421 1389 2490 εὑρόντες,
1445 2422 1753 2491 ᾐτήσαντο

176 2505 444 2562 Πιλᾶτον
522 2508 913 2580 ἀναιρεθῆναι
990 2514 1196 2570 αὐτόν.
1278 2515 1749 2585 Περισπούδαστον

176 2595 361 2660 αὐτοῖς
381 2596 474 2650 τδν
503 2601 706 2669 τρόπον
780 2597 902 2656 εἶπε
960 2604 1056 2668 τοῦ
1111 2605 1363 2678 θανάτου.
1391 2592 1644 2665 -Πιλάτον
1696 2606 1753 2662 δὲ

174 2687 262 2750 είς·
282 2686 451 2758 μέσον
483 2689 764 2760 φέρουσιν,
810 2691 898 2746 ἵνα
924 2693 1019 2746 καὶ
1071 2693 1132 2747 τὸ
1190 2695 1363 2759 πάθος
1427 2692 1586 2767 δῆλον
1653 2700 1748 2767 γέ-

165 2788 331 2850 νηται
398 2781 506 2836 ἀπὸ
574 2782 667 2837 τοῦ
738 2785 1046 2856 κριτηρίου,
1101 2787 1196 2840 καὶ
1261 2786 1348 2842 ῐνα
1395 2789 1590 2844 ἐκεῖνοι
1624 2807 1749 2863 μει-

177 2871 344 2938 ζόνως
373 2875 812 2947 κατηγορῶνται,
849 2875 1005 2949 ἀνδρὶ
1052 2878 1385 2949 παραδόντες
1442 2880 1748 2954 ἀλλοφύλῳ.

176 2966 283 3021 Καὶ
317 2967 420 3021 οὐδὲ
457 2963 634 3035 εἶπεν,
668 2969 966 3042 Ἐνίτυχον,
1003 2970 1119 3024 ἀλλ’
1180 2972 1536 3046 ᾟτήσαντο.
1570 2974 1749 3046 Χάριν

177 3057 390 3125 ελασον,
425 3061 610 3129 φησὶν,
643 3060 718 3124 ὡς
747 3061 958 3116 ἐκείνου
995 3061 1072 3134 μὴ
1107 3062 1372 3128 θέλοντος.
1425 3064 1602 3138 Ὅπερ
1653 3082 1751 3122 σα-

177 3149 438 3218 φέστερον
460 3147 664 3218 Πέτρος
691 3149 860 3218 λέγει’
889 3150 1131 3205 Ἐκεινου
1158 3152 1442 3224 κρίναντος
1466 3153 1744 3209 ἀπολύειν.

187 3238 238 3292 ’0
263 3239 332 3295 δὲ
352 3241 496 3306 Θεὸς
517 3239 758 3310 ἤγειρεν
774 3242 963 3296 αὐτὸν
977 3243 1046 3297 ἐκ
1070 3244 1318 3314 νεκρῶν.
1342 3245 1434 3318 Μὴ
1449 3247 1746 3318 Θορυϐείτω

178 3349 234 3384 σε
252 3332 330 3398 τὸ,
347 3331 442 3388 τὸν
472 3330 681 3404 Ἰησοῦν
732 3335 1032 3407 ιγῃγέρθαι
1057 3337 1162 3391 ὑπὸ
1184 3337 1279 3393 τοῦ
1311 3339 1447 3393 Θεοῦ
1471 3340 1745 3410 λέγεσθαι,

179 3424 236 3478 F-i
268 3424 381 3496 γὰρ
419 3424 626 3496 Ἰησοῦς
652 3425 752 3480 οὐκ
775 3427 935 3492 ἄλλος
962 3429 1132 3498 ἐστὶν,
1171 3430 1251 3502 ἢό
1295 3431 1470 3501 Λόγος
1526 3435 1554 3486 ό
1615 3450 1749 3503 σαρ-

179 3508 369 3580 madet;
404 3531 418 3546 '
485 3511 641 3580 οὗτος
682 3518 741 3571 δὲ
787 3520 819 3590 ή
861 3521 1092 3592 δύναμις
1139 3522 1234 3577 τοῦ
1288 3525 1524 3595 Πατρδς,
1572 3525 1641 3580 δι’
1672 3520 1748 3599 ,ἦς

179 3608 389 3662 ἃπαντα
413 3608 628 3680 ἐνεργεῖ
661 3611 806 3665 κατὰ
837 3611 918 3677 τὺ,
975 3613 1253 3682 Χριστὸς,
1291 3618 1440 3672 Θεοῦ
1491 3617 1746 3688 δύναμις

176 3700 270 3754 καί
310 3700 461 3755 Θεοῦ
479 3704 689 3772 σοφία,
720 3703 882 3769 αὐτὸς
911 3707 1106 3760 ἑαυτὸν
1138 3709 1494 3765 ἀνεστακέναι
1550 3712 1745 3785 νοηοή-

181 3809 346 3860 σεται,
401 3796 498 3850 καὶ
535 3797 838 3869 ὲγηγέρθαι
877 3799 1172 3872 λεγόμενος
1227 3804 1334 3858 ὑπὸ
1387 3804 1479 3858 τοῦ
1507 3807 1741 3878 Πατρὸς,

178 3885 260 3953 ἐφ’
283 3885 363 3951 δν,
398 3886 475 3952 ὠς
506 3889 688 3960 ἀρχὴν
723 3891 818 3944 καὶ
862 3891 1044 3946 αἰτίαν
1090 3892 1338 3965 ἄχρονον,
1375 3895 1589 3949 ἅπαντα
1612 3897 1744 3950 ἀνα-

177 3977 419 4048 φέρεται.
456 3979 610 4033 Ἐπεὶ
642 3981 740 4035 καὶ
755 3984 916 4046 αὐτός
943 4001 1079 4052 φησι
1105 4000 1119 4014 ·
1180 3985 1417 4039 Λύσατε
1457 3985 1566 4039 τόν
1594 3988 1744 4042 ναὸν

174 4065 404 4136 τοῦτον,
433 4070 532 4126 καὶ
547 4073 617 4125 ἐν
633 4074 828 4140 τρισὶν
858 4074 1104 4142 ἡμέραις
1117 4075 1297 4146 ἐγερῶ
1323 4077 1531 4133 αὐτόν.
1551 4071 1621 4122 ὲ-
1639 4082 1742 4145 Ὃς

173 4159 329 4230 ὤφθη
357 4159 485 4228 τοῖς
502 4162 923 4220 συναναϐᾶσιν
945 4164 1105 4232 αὐτῷ
1137 4168 1182 4200 ⁸³
1205 4170 1293 4235 είς
1326 4168 1741 4241 Ἰερουσαλὴμ,

177 4254 271 4309 ἐπὶ
327 4257 554 4328 ἡμέρας
572 4259 1068 4334 πλείους-,οἵτινές
1096 4264 1216 4316 εισι
1237 4262 1538 4334 μάρτυρες
1556 4266 1743 4322 αὐτοῦ

176 4349 314 4417 πρὸς
332 4351 441 4405 τὸν
470 4352 627 4406 λαόν
651 4367 664 4382 ·
713 4352 813 4426 οὐκ
848 4351 914 4406 ἂν
950 4352 1128 4417 ὄντες,
1151 4355 1200 4407 εί
1249 4355 1324 4425 μὴ
1359 4354 1476 4427 θείᾳ
1516 4355 1744 4428 δυνάμει

172 4439 528 4496 ὲϐεδαιοῦντο.
562 4443 689 4509 Τοῖς
702 4443 936 4511 τέκνοις
954 4443 1074 4498 τῶν
1099 4445 1368 4515 πατέρων
1403 4449 1566 4517 ὑμῖν,
1593 4451 1742 4505 ἀνα-

1865 1971 1974 2027 Viri
2004 1973 2213 2044 fratres,
2251 1974 2445 2042 posteri
2488 1975 2692 2043 generis
2730 1974 3037 2028 Abrahami.
3088 1971 3431 2027 Nobilitatem

1858 2062 1914 2118 in
1947 2063 2050 2119 hoc
2076 2064 2218 2131 loco,
2239 2078 2302 2119 ac
2327 2063 2860 2136 generisJudarorum
2881 2064 3223 2136 splendorem
3246 2072 3433 2117 osten-

1855 2156 1953 2211 dit.
1980 2156 2050 2211 Et
2078 2158 2340 2227 principes
2368 2174 2548 2212 eorum
2573 2158 2721 2212 illum
2748 2159 3069 2229 ignorantes.
3105 2155 3354 2212 Defendit
3376 2160 3433 2208 et

1856 2256 2080 2305 excusat
2096 2248 2218 2304 illos
2235 2248 2421 2318 aliquo
2443 2248 2627 2305 modo.
2648 2247 3067 2315 Cruciﬁxerunt,
3084 2247 3278 2318 inquit,
3303 2261 3426 2301 eum

1857 2341 2174 2412 ignorantes
2204 2341 2454 2410 quisnam
2485 2351 2632 2397 esset
2675 2358 2690 2395 :
2747 2341 3067 2413 ignorantiae
3113 2340 3258 2395 enim
3311 2347 3432 2394 erat

1855 2435 2134 2490 delictum.
2173 2433 2240 2488 Et
2264 2433 2412 2488 nulla
2440 2449 2602 2488 causa
2631 2435 2813 2487 mortis
2842 2435 3075 2497 inventa,
3110 2425 3368 2504 petierunt
3395 2450 3429 2486 a

1853 2527 2054 2593 Pilato,
2077 2536 2133 2584 ut
2161 2526 2451 2581 tolleretur.
2467 2524 2775 2596 Expetitum
2805 2524 2874 2580 ab
2893 2524 2998 2580 illis
3025 2523 3245 2579 modum
3274 2539 3430 2577 mor-

1856 2620 1923 2676 tis
1951 2634 2073 2675 esse
2105 2619 2255 2696 dicit.
2286 2619 2516 2674 Pilatum
2542 2626 2725 2673 autem
2749 2617 2802 2671 in
2834 2616 3072 2673 medium
3103 2615 3427 2685 producunt.

1854 2722 1916 2768 ut
1953 2721 2009 2767 et
2042 2709 2368 2784 supplicium
2405 2711 2576 2767 aloco
2621 2710 2822 2781 judiciil
2853 2709 3196 2765 manifestum
3249 2708 3425 2773 ﬁeret,

1852 2802 2001 2858 etilli
2033 2785 2412 2871 vehementius
2433 2801 2945 2871 accusarentur,qui
2970 2799 3084 2854 viro
3115 2794 3430 2869 alienigenae

1853 2896 2135 2954 Christum
2167 2862 2538 3003 tri‘didissent.
2568 2895 2637 2949 Et
2661 2909 2771 2949 non
2797 2862 2954 2959 ditiit,
2991 2892 3427 2956 Postulaverunt,

1852 2985 1948 3041 sed
1979 2981 2258 3054 petierunt:
2301 2983 2486 3039 Gratia
2520 2983 2970 3052 impetraverunt,
3007 2981 3206 3050 inquit,
3239 2989 3428 3051 utpote

1851 3077 1947 3133 illo
1991 3077 2234 3132 nolente.
2269 3073 2426 3142 Quod
2474 3074 2668 3130 Petrus
2698 3075 2937 3145 apertius
2955 3073 3092 3128 dicit
3122 3089 3137 3127 :
3169 3073 3303 3128 Cum
3336 3071 3438 3127 ille'

1833 3170 2132 3225 statuisset
2161 3181 2287 3224 eum
2315 3167 2601 3223 absolvere
2650 3183 2713 3222 ac
2742 3167 3034 3222 dimittere.
3071 3166 3207 3220 Deus
3247 3175 3424 3219 autem

1852 3279 1970 3319 eum
2005 3262 2278 3316 suscitavit
2325 3277 2359 3314 a
2404 3259 2644 3316 mortuis.
2680 3257 2760 3315 Ne
2796 3267 2849 3312 te
2887 3266 3099 3312 moveat
3123 3271 3186 3311 ac
3220 3255 3421 3320 turbet,

1850 3355 1994 3425 quod
2025 3354 2185 3409 Jesus
2209 3353 2410 3407 dicitur
2439 3351 2735 3406 suscitatus
2772 3363 2893 3404 esse
2933 3364 2962 3403 a
3013 3349 3147 3404 Deo.
3190 3345 3324 3401 Nam
3373 3346 3423 3402 si

1847 3447 1874 3502 J
1883 3461 2007 3502 esus
2028 3460 2138 3502 non
2165 3444 2304 3500 alius
2322 3453 2406 3500 est
2433 3452 2596 3514 atque
2615 3439 2851 3499 Verbum
2877 3442 3236 3503 incarnatum,
3261 3427 3424 3508 atque

1847 3540 1953 3595 hoc
1996 3537 2240 3610 potentia
2287 3535 2463 3592 Patris
2497 3543 2602 3603 est,
2643 3549 2748 3604 qua
2793 3534 2976 3588 omnia
3035 3532 3193 3604 110
3238 3530 3422 3593 eﬂicit,

1845 3633 1991 3689 sicut
2033 3631 2237 3688 dictum
2273 3636 2357 3686 est
2396 3628 2529 3684 illud
2568 3645 2582 3683 :
2635 3627 2870 3683 Christus
2903 3626 3001 3681 Dei
3037 3626 3308 3694 potentia,
3359 3641 3421 3677 ac

1843 3725 1943 3781 Dei
1990 3725 2276 3796 sapientia,
2312 3721 2604 3790 semetipso
2647 3719 3000 3774 resuscitasse
3047 3715 3417 3787 intelligetur,

1845 3819 2053 3875 etiamsi
2088 3834 2118 3872 a
2150 3817 2307 3872 Patre
2333 3816 2694 3878 resuscitatus
2721 3829 2842 3869 esse
2875 3813 3106 3878 dicatur,
3141 3813 3207 3868 ad
3237 3827 3416 3882 quem,

1845 3893 2100 3983 tanquam
2117 3910 2446 3981 principium
2473 3918 2528 3964 et
2562 3924 2785 3965 causam
2821 3907 3080 3976 temporis
3117 3916 3418 3974 expertem.

1845 3993 2030 4060 omnia
2058 4003 2390 4058 referuntur.
2429 4000 2698 4067 Quoniam
2741 4009 2797 4054 et
2836 3999 2952 4069 ipse
2981 3999 3056 4052 ait
3102 4015 3115 4051 :
3159 3998 3422 4052 Destruite

1845 4094 2094 4164 templum
2119 4094 2232 4158 hoc,
2256 4102 2305 4147 et
2335 4096 2388 4147 in
2414 4093 2579 4146 tribus
2600 4091 2778 4146 diebus
2800 4092 3033 4147 excitabo
3051 4092 3202 4145 illud.
3228 4121 3292 4132 —-
3316 4090 3418 4156 Qui

1843 4189 1985 4243 visus
2029 4197 2101 4243 est
2151 4188 2262 4242 dies
2311 4188 2602 4256 complures
2652 4185 2715 4241 ab
2772 4186 2872 4249 his,
2925 4185 3016 4245 qui
3063 4201 3166 4237 una
3203 4200 3321 4237 cum
3359 4200 3418 4238 eo

1845 4283 2190 4335 ascenderant
2235 4280 2291 4334 in
2329 4267 2655 4344 Jerusalem,
2695 4279 2784 4348 qui
2833 4287 2952 4332 sunt
2988 4278 3036 4332 ei
3084 4285 3235 4330 testes
3277 4277 3418 4345 apud

1845 4375 2064 4444 plebem.
2090 4374 2245 4440 Quod
2278 4389 2390 4428 non
2420 4383 2630 4438 essent,
2667 4371 2772 4427 nisi
2798 4371 2979 4427 divina
3016 4369 3257 4440 potentia
3288 4384 3421 4423 con-

1845 4467 2214 4522 ﬁrmarentur.
2253 4467 2397 4521 Vobis
2429 4466 2646 4534 posteris
2669 4474 2903 4530 patrum,
2933 4464 3239 4516 resuscitato
3267 4462 3415 4516 Iesu.

169 4530 397 4624 στήσας
449 4535 704 4602 Ἰησοῦν.
758 4536 832 4590 Τὸ
874 4537 1114 4605 Ἰησοῦς
1150 4539 1322 4611 ὄνομα
1371 4541 1464 4593 ἐπὶ
1505 4541 1601 4594 τοῦ
1649 4545 1742 4597 ἀν-

1846 4561 2049 4615 Nomen
2112 4557 2267 4611 Iesus
2343 4557 2410 4611 de
2466 4556 2689 4610 homine
2751 4553 3024 4624 accipiunt
3083 4555 3415 4611 deicidarum

171 4621 379 4694 ορὼπου
418 4627 862 4698 ἐκλαμϐάνουσιν
889 4631 940 4683 οἱ
998 4631 1106 4684 τῶν
1155 4632 1454 4687 θεοκτόνων
1495 4634 1733 4706 ἀδελφοί.

179 4714 386 4789 Ἐπειδὴ
412 4716 506 4771 οὖν
529 4719 822 4791 προλαϐὼν
855 4717 978 4775 εἷπε
1023 4723 1300 4780 τεθεῖσθαι
1331 4726 1422 4801 τὸν
1472 4729 1645 4799 Λόγον
1676 4731 1734 4785 ὲν

171 4808 429 4882 μνημείῳ,
463 4810 548 4864 ἴνα
574 4812 648 4885 μή
677 4830 761 4878 τις
789 4813 1035 4888 ὑπολάϐῃ
1048 4815 1484 4889 ἅσαρκονάὑτὸν
1513 4824 1732 4896 είρηκέ-

166 4915 249 4950 ναι
274 4902 362 4954 τὸν
388 4903 586 4972 Λόγον,
622 4906 788 4961 πάλιν
816 4907 979 4976 αὑτὸν
1011 4909 1226 4982 Ἰησοῦν
1252 4914 1434 4982 καλεῖ,
1489 4916 1728 4988 οὐδαμοῦ

168 4991 421 5082 διαίρεσιν
479 4999 659 5064 διδοὺς
707 5002 785 5072 τῷ
847 5006 1182 5074 σαρκωθέντι
1232 5010 1392 5081 Λόγῳ
1437 5013 1576 5081 μετὰ
1630 5013 1730 5082 τὴν

167 5080 362 5140 ἕνωσιν.
402 5092 538 5158 Υἱός
559 5111 680 5163 μου
719 5089 782 5147 ετ
801 5095 882 5150 σύ
903 5112 916 5127 °
939 5097 1053 5166 ἐγὼ
1085 5080 1729 5172 σήμερονίγεγέννηκιὶ

168 5187 254 5259 σε.
285 5175 468 5233 Ταῦτα
515 5185 583 5256 τῇ
636 5184 1049 5260 ὲνανθρωπήσει
1089 5189 1184 5242 τοῦ
1235 5191 1476 5261 Χριστοῦ
1535 5194 1727 5247 σκόπει

172 5262 326 5332 δήπου
349 5267 416 5321 τὰ
442 5270 687 5340 ῥήματα,
704 5274 826 5345 ἥτις
841 5278 1098 5352 χρονικὴν
1114 5276 1226 5352 εἶχε
1242 5282 1340 5351 τὴν
1359 5283 1724 5354 ὲπιφοίτησιν.

176 5357 242 5411 Τὸ
269 5360 371 5432 γὰρ
399 5364 638 5436 σήμερον
671 5369 764 5421 καὶ
789 5369 999 5443 αὔριον,
1027 5375 1255 5445 ἡμερῶν
1277 5378 1392 5430 ἐστὶ
1443 5395 1729 5449 παραστα-

170 5451 298 5505 τικά.
339 5453 606 5525 ’Λχρόνως
639 5457 748 5528 γὰρ
781 5462 931 5532 παρὰ
960 5465 1054 5517 τοῦ
1086 5467 1320 5538 Πατρὸς,
1361 5468 1437 5533 ὡς
1469 5471 1562 5522 καὶ
1599 5473 1722 5523 παῖ-

172 5547 242 5607 δες
296 5547 581 5619 αῑρετικῶν
632 5550 953 5622 ὁμολογοῦσι
985 5595 1000 5619 ,
1057 5559 1317 5617 τίκτεται.
1385 5564 1464 5616 Οὐ
1508 5563 1721 5628 δώσεις

1839 4653 2069 4707 fratres.
2126 4649 2396 4716 Quoniam
2457 4650 2622 4721 igitur
2687 4665 2853 4719 supra
2907 4649 3120 4705 dixerat
3176 4648 3412 4704 Verbum

1837 4743 2075 4814 positum
2119 4741 2291 4797 fuisse
2334 4743 2390 4796 in
2434 4751 2810 4805 monumento,
2851 4756 2920 4795 ne
2955 4741 3077 4809 quis
3108 4739 3414 4808 suspiéetur

1835 4833 1986 4890 illum
2034 4832 2236 4888 dixisse
2285 4829 2524 4886 Verbum
2558 4846 2722 4885 carne
2764 4830 3004 4884 caruisse
3027 4872 3041 4895 ,
3068 4844 3256 4882 rursus
3285 4845 3410 4884 eum

1833 4934 1992 4982 vocat
2040 4925 2226 4980 Jesum
2262 4941 2276 4977 :
2313 4936 2582 4990 nusquam
2627 4920 2883 4975 nimirum
2924 4920 3247 4977 divisionem
3273 4923 3407 4977 dans

1834 5020 2118 5074 incarnato
2143 5015 2325 5068 Verbo
2354 5023 2476 5084 post
2502 5013 2826 5070 unitionem.
2857 5011 3027 5069 Filius
3055 5031 3197 5069 meus
3226 5031 3276 5067 es
3307 5024 3360 5066 tu
3389 5031 3408 5066 :

1835 5123 1925 5176 ego
1957 5106 2108 5160 hodie
2131 5104 2286 5174 genui
2316 5114 2383 5158 te.
2408 5103 2538 5160 Haec
2572 5105 2738 5160 verba
2760 5104 3017 5159 nimirum
3048 5101 3404 5155 incarnatiom

1835 5197 2036 5253 Christi
2069 5198 2327 5263 attribue,
2370 5197 2464 5267 qui
2499 5196 2812 5252 incarnatus
2847 5194 3197 5264 temporalem
3219 5194 3406 5249 habuit

1835 5290 2152 5346 adventum.
2203 5291 2340 5345 Nam
2375 5290 2558 5354 hodie,
2602 5300 2660 5343 et
2701 5303 2841 5351 cras,
2880 5287 3091 5341 dierum
3124 5289 3404 5342 continent

1837 5382 2308 5455 signiﬁcationem.
2338 5382 2471 5435 Nam
2499 5382 2701 5450 absque
2737 5389 2979 5449 tempore
3004 5396 3033 5433 ει
3069 5378 3228 5433 Patre
3246 5380 3402 5450 geni-

1831 5488 1920 5531 tus
1944 5486 2048 5540 cst,
2093 5484 2151 5528 ut
2177 5475 2340 5528 etiam
2366 5473 2607 5529 haeretici
2638 5473 2990 5528 comitentur.
3033 5473 3148 5527 Non
3182 5472 3399 5540 permit-

1833 5576 1921 5629 tes,
1973 5576 2026 5618 ιιι
2068 5575 2280 5616 sanctus
2314 5574 2430 5616 tuus
2475 5564 2645 5620 rideat
2689 5568 3091 5633 corruptionem.
3142 5562 3400 5622 Mentitur

1340 5701 1531 5761 Varia:
1579 5701 1886 5765 lectiones
1932 5708 1989 5760 et.
2038 5707 2224 5762 nolzc.

228 5830 263 5859 ”
290 5833 528 5903 Μέλλων,
579 5847 655 5892 est
683 5839 736 5892 in
773 5841 1160 5912 nttmuscrt'pto.‘
1202 5847 1287 5898 sul
1319 5847 1470 5912 male,
1513 5849 1716 5913 (τρέποι.

1795 5851 1835 5880 *5
1861 5846 2121 5900 rivaﬁinv
2155 5846 2338 5915 αξηδν,
2369 5860 2512 5901 aut.
