4094 6340
209 419 313 484 713

943 381 1345 492 EXPOSI'J'IO
1383 430 1457 488 IN
1491 393 1675 487 ACTA
1715 421 2283 486 AFOSTOLORUM.
2321 444 2388 452 —
2419 419 2573 477 CAP.
2605 383 2729 478 XV.

3324 411 3428 475 7H

261 532 607 601 Γενομένης
643 533 757 591 οὖν
781 538 1050 603 στάσεως
1079 539 1177 591 mi
1223 537 1517 605 ζητήσεως
1539 539 1584 569 ¹⁶
1642 538 1751 589 οὐκ

1926 531 2087 585 Vens.
2121 530 2175 584 2.
2213 529 2342 583 Cum
2382 546 2501 598 ergo
2531 528 2780 580 dissensio
2816 526 3220 595 disceptatioque
3274 522 3428 578 Pauli

197 619 408 689 ὀλίγης
430 619 509 685 τῷ
551 625 766 688 Παύλῳ
787 627 886 678 καὶ
932 625 1010 691 τῷ
1041 627 1315 696 Βαρνάϐᾳ
1338 629 1487 697 πρὸς
1511 627 1751 691 αὐτοὺς.

195 708 418 771 ἔταξαν
443 709 789 767 ἀναϐαίνειν
816 715 1078 789 Παῦλον,
1125 718 1220 769 καὶ
1273 716 1604 785 Βαρνάϐαν,
1657 716 1756 769 καί

196 815 366 865 τινας
416 800 643 869 ἄλλους
670 805 738 869 ἐξ
789 806 985 860 αὐτῶν
1011 809 1161 875 πρὸς
1210 809 1351 873 τοὺς
1374 809 1754 871 ἀποστόλους

196 891 293 944 καὶ
327 896 766 963 πρεσϐυτέρους
802 901 888 964 εἷς
920 899 1304 968 Ἰερουσαλὴμ
1357 901 1485 965 περὶ
1522 899 1625 950 τοῦ
1665 897 1756 964 ζη-

196 986 454 1047 τήματος
466 986 710 1052 τούτου.

265 1074 332 1124 Οἱ
359 1075 476 1140 μὲν
506 1071 620 1130 οὖν
670 1080 1151 1148 προπεμφθέντες
1189 1082 1302 1135 ὑπὸ
1360 1079 1467 1146 τῆς
1511 1080 1769 1144 Ἐλωιλη-.

194 1163 333 1227 σίας
361 1162 676 1232 διήρχοντο
730 1169 843 1235 τὴν
873 1171 1159 1234 Φοινίκην
1205 1169 1303 1221 καὶ
1349 1169 1462 1236 τὴν
1487 1171 1529 1199 ’⁷
1572 1169 1762 1235 Σαμά-

194 1270 380 1321 ρειαν,
417 1257 862 1327 ἐκδιηγούμενοι
909 1260 1024 1328 τὴν
1080 1261 1449 1329 ἐπιστροφὴν
1505 1261 1621 1313 τῶν
1665 1261 1752 1314 ἑθ-

195 1343 334 1407 νών,
372 1349 469 1401 καὶ
495 1350 742 1403 ἐποίουν
772 1351 964 1420 χαρὰν
989 1351 1261 1420 μεγάλην
1302 1352 1422 1417 τοῖς
1454 1351 1756 1418 ἀδελφοῖς·

262 1440 736 1507 Παραγενόμενοι
774 1442 843 1494 δὲ
864 1445 951 1509 εὶς
982 1442 1396 1510 Ἰερουσαλὴμ,
1431 1443 1762 1510 ἀπεδέχθη-

194 1547 314 1583 σαν
353 1532 470 1585 ὑπὸ
516 1533 624 1599 τῆς
667 1534 1052 1604 Ἐκκλησίας,
1084 1536 1182 1588 καὶ
1218 1534 1334 1587 τῶν
1382 1535 1762 1596 ἀποστόλων,

195 1623 294 1676 καὶ
321 1622 439 1675 τῶν
458 1618 895 1694 πρεσόὺτέρων,
934 1626 1300 1695 ἀνήγγειλάν
1328 1643 1391 1679 τε
1422 1625 1535 1680 ὅσα
1563 1629 1594 1678 ό
1621 1626 1764 1688 Θεὸς

195 1702 446 1778 ἐποίησε
462 1717 587 1784 μετ’
613 1715 833 1770 αὐτῶν.

274 1805 437 1875 Ὁρᾷς
457 1809 581 1869 τοὺς
597 1808 930 1876 πειρασμοὺς
949 1807 1176 1872 ἔνδοθεν,
1200 1805 1397 1871 ἔξωθεν
1418 1823 1432 1873 ;
1453 1807 1565 1859 Οὐκ
1583 1805 1764 1872 ἔλεγον

1861 640 1922 674 ac
1953 622 2212 676 Barnaba:
2246 629 2361 673 orta
2407 629 2533 672 esset
2586 620 2832 670 adversus
2868 616 2983 669 illos
3032 617 3173 668 haud
3214 617 3425 685 exigua,

1861 713 2194 763 decreverunt
2223 709 2523 773 ulPaulus,
2559 719 2605 760 et
2632 707 2929 771 Barnabas,
2965 717 3013 759 et
3058 709 3149 760 alii
3192 711 3425 761 nonnulli

1861 802 1922 852 de
1947 817 2041 853 suo
2069 816 2284 852 numero
2326 800 2658 851 ascenderem
2696 801 2748 848 in
2777 796 3073 848 Jerusalem
3116 799 3184 848 ad
3218 812 3430 865 aposto-

1863 895 1936 945 los
1979 902 2133 961 atque
2186 891 2509 959 presbyteros
2577 875 2901 941 sciscitaluri
2955 890 3017 940 αὑ
3067 889 3172 940 illis
3219 891 3430 942 de-liuc

1863 987 2166 1053 qua'stione.

1939 1076 2098 1144 118
2124 1075 2280 1127 Vens.
2315 1076 2365 1125 5.
2399 1075 2565 1144 Atque
2588 1074 2917 1142 illiprodurti
2948 1076 3013 1126 ali
3040 1071 3432 1140 I‘Icclesia,'prr-

1863 1160 2118 1227 agrabant
2147 1157 2432 1209 thnicem
2457 1167 2505 1209 et
2521 1155 2861 1222 ‘Samariam,
2893 1167 3196 1209 enarrantes
3225 1171 3433 1209 conver-

1864 1247 2060 1296 sionem
2099 1244 2366 1313 gentium,
2408 1252 2457 1295 et
2501 1259 2690 1311 magno
2747 1244 2939 1311 gaudio
2985 1245 3174 1312 fratres
3239 1242 3432 1309 aﬂicic-

1867 1338 2012 1388 bant.

1940 1428 2105 1485 Vens.
2156 1433 2205 1483 ό.
2265 1430 2396 1482 Cum
2455 1437 2631 1481 autem
2691 1430 2941 1481 venissent
3001 1429 3054 1479 in
3111 1425 3425 1495 Jerusalem,

1861 1523 2063 1591 excepti
2083 1532 2202 1574 sunt
2233 1523 2296 1573 ab
2341 1521 2571 1574 Ecclesia
2637 1531 2682 1570 et
2715 1519 2958 1587 apostolis
3017 1528 3172 1586 atque
3213 1517 3435 1569 seniori-

1871 1614 1992 1679 bus,
2058 1624 2105 1666 et
2168 1614 2612 1666 annuntiavcrum
2675 1628 2992 1680 qumnqtte
3064 1611 3198 1662 Deus
3259 1624 3434 1660 secum

1870 1707 2088 1772 fecisset.

1877 1798 1879 1801 V
1943 1816 2105 1871 Vides
2136 1817 2457 1871 tcntationcs
2493 1814 2840 1876 intrinsecus,
2887 1813 3264 1869 extrinsecus?
3312 1817 3431 1870 Non

196 1897 251 1948 δὲ
267 1898 565 1980 πριτομὴν
587 1899 793 1965 ἁπλῶς,
813 1900 949 1966 ἀλλ’,
973 1901 1055 1973 ὅτι
1071 1901 1114 1933 ⁸⁸
1137 1898 1403 1967 Σωθῆναι
1428 1899 1717 1952 δύνασθε·
1741 1896 1760 1948 ἓ

1872 1904 2186 1980 simpliciter
2248 1918 2428 1964 autem
2506 1909 2972 1962 circumcisionem
3036 1910 3432 1978 suscipiendam

197 1988 501 2041 τούναντίον
527 1986 593 2058 ἦν
611 2005 626 2018 ·
661 1991 741 2042 ὅτι
771 1992 1237 2062 περιτεμνόμενοι,
1269 1990 1619 2061 σωθῆναιοὺκ
1643 1987 1768 2059 ἡδύ-

197 2093 379 2130 ναντο.
407 2078 518 2132 Οὐκ
546 2074 666 2133 εἶπε
692 2080 747 2133 δὲ
783 2081 989 2143 Παῦλος
1008 2099 1021 2112 ·
1043 2083 1108 2134 Τί
1135 2083 1244 2151 γάρ
1264 2097 1278 2145 ;
1301 2081 1401 2134 οὐκ
1422 2083 1536 2150 εἰμὶ
1559 2080 1766 2150 ἀξιόπι-

201 2183 324 2230 στος
347 2169 452 2221 ἀπὸ
467 2171 732 2224 τοσούτων
749 2173 986 2240 σημείων
1006 2189 1020 2238 ;
1043 2171 1156 2225 ἀλλ’
1185 2171 1411 2241 ἐπείσθη
1433 2172 1499 2223 δι’
1524 2171 1764 2233 ἐκείνους

199 2259 459 2311 ἀνελθεῖν.
512 2259 618 2318 Καὶ
640 2261 755 2324 πῶς
786 2264 844 2316 ἐν
871 2265 938 2332 τῇ
994 2262 1132 2332 πρὸς
1168 2262 1412 2325 Γαλάτας
1457 2263 1762 2331 Ἐπιστολῇ,

205 2346 359 2401 Οὐδὲ
395 2348 682 2417 ἀνῆλθον,
716 2345 903 2421 φησὶν,
925 2355 1012 2419 εὶς
1038 2351 1436 2423 Ἱεροσόλυμα
1459 2354 1609 2420 πρὸς
1627 2353 1763 2420 τοὺς

202 2441 314 2506 πρὸ
337 2440 481 2508 ἐμοῦ
513 2442 916 2517 ἀποστόλους,
947 2420 1089 2499 οὐδὲ
1115 2420 1444 2514 ἀνεθέμην;
1471 2446 1590 2499 ’Ότι
1615 2445 1734 2514 πρῶ

202 2546 291 2582 τον
353 2535 452 2598 μὲν
502 2534 602 2585 οὐκ
647 2535 807 2596 αὐτὸς
850 2535 1099 2603 ἀνῆλθεν,
1160 2535 1275 2588 ἀλλ’
1315 2537 1592 2603 ἀπεστάλη
1618 2535 1764 2604 ,παρ’

202 2623 439 2692 ἐτέρων·
471 2623 718 2694 δεύτερον
759 2626 835 2693 δὲ,
886 2627 946 2679 οὐ
983 2627 1360 2698 μαθησόμενος
1414 2628 1762 2699 παρεγένετο,

204 2715 319 2765 ἀλλ’
360 2714 576 2784 ἐτέρους
604 2717 828 2772 πείσων.
859 2719 1028 2783 Αὐτὸς
1073 2719 1171 2788 μὲν
1205 2719 1314 2789 γὰρ
1348 2717 1408 2781 ἐξ
1435 2718 1605 2788 ἀρχῆς
1637 2717 1767 2770 ταῦ-

204 2823 301 2872 της
334 2807 508 2874 ετχετο
553 2807 652 2876 τῆς
675 2807 923 2878 γνώμης,
963 2808 1028 2879 ἢν
1062 2809 1157 2863 καὶ
1212 2809 1262 2861 οἱ
1295 2809 1579 2862 ἀπόστολοι
1628 2810 1765 2878 μετὰ

201 2897 373 2947 ταῦτα
427 2896 731 2972 ἐκύρωσαν,
760 2899 821 2950 τὸ
849 2900 926 2969 μὴ
973 2899 1082 2952 δεῖν
1106 2898 1554 2969 περιτέμνεσθαιο
1579 2897 1766 2967 ἐπειδὴ

204 2986 259 3038 δὲ
277 2988 376 3039 οὐκ
408 2987 580 3041 ἐδόκει
610 2989 747 3052 τὲως
768 2989 950 3053 αὐτοῖς
971 2989 1283 3054 ἀξιόπιστος
1315 2985 1476 3054 εἶναι,
1500 2988 1634 3042 ἀλλὰ
1655 2990 1766 3050 τοῖς
1799 3045 1805 3053 _

202 3079 258 3127 ἐν
294 3079 686 3149 Ἰεροσολύμοις
728 3082 1038 3152 προσεῖχον,
1068 3080 1334 3151 ἀνῆλθεν’
1377 3082 1477 3134 οὐκ
1522 3082 1680 3143 αὑτός
1715 3098 1765 3133 τι

1867 2017 1988 2056 esse
2033 2001 2303 2065 dicebant,
2354 1999 2446 2054 sed
2491 1999 2592 2053 nisi
2640 1999 2726 2052 illa
2761 2007 3030 2068 suscepta,
3083 2002 3280 2077 servari
3332 2017 3432 2063 non

1867 2095 2097 2162 potestis,
2138 2092 2282 2161 quod
2317 2091 2647 2146 contrarium
2694 2100 2853 2144 erat:
2900 2092 3022 2160 quia
3075 2092 3116 2146 si
3149 2092 3437 2146 circumci-

1867 2186 2148 2249 derentur,
2185 2184 2386 2238 servari
2441 2197 2551 2236 non
2598 2191 2866 2251 poterant.
2918 2183 3036 2236 Non
3079 2183 3211 2236 dixit
3253 2192 3433 2237 autem

1867 2276 2064 2331 Paulus
2097 2291 2111 2326 :
2150 2273 2664 2338 Quidnam?annon
2699 2287 2816 2325 sum
2857 2272 2920 2332 is,
2960 2273 3046 2325 cui
3082 2287 3111 2324 a
3145 2281 3223 2326 tot
3264 2272 3435 2341 signis

1868 2384 1966 2436 per
1993 2382 2078 2420 me
2115 2365 2274 2420 editis
2315 2365 2448 2419 ﬁdes
2494 2363 2683 2418 haberi
2715 2363 2953 2417 debeat?
2995 2363 3090 2418 sed
3125 2379 3315 2433 passus
3350 2372 3437 2418 est

1869 2457 1966 2510 sibi
1997 2456 2331 2525 persuaderi,
2365 2463 2423 2508 ut
2462 2463 2683 2524 propter
2716 2452 2834 2508 illos
2872 2453 3210 2508 ascenderet.
3246 2455 3311 2507 Et
3340 2452 3434 2522 qui

1869 2547 1928 2601 ﬁt
1955 2557 2010 2601 ut
2044 2549 2096 2600 in
2147 2547 2395 2615 Epistula
2419 2546 2486 2599 ad
2524 2544 2737 2600 Galatas
2768 2545 2911 2598 dicat
2945 2562 2958 2596 :
2990 2543 3096 2597 Nec
3137 2545 3348 2598 ascendi
3375 2545 3433 2598 in

1866 2638 2162 2691 Jerusalem
2212 2639 2283 2690 ad
2334 2634 2440 2704 eos,
2479 2637 2567 2705 qui
2613 2645 2734 2689 ante
2779 2651 2859 2688 me
2920 2636 3144 2703 apostoli
3198 2636 3431 2704 fuerunt,

1869 2747 2031 2799 neque
2057 2728 2433 2826 communicppi
2487 2743 2605 2779 cum
2639 2726 2742 2778 illis
2773 2726 2816 2757 ⁸⁸
2841 2725 2862 2778 ?
2891 2723 3027 2789 Quia
3051 2725 3282 2794 primum
3315 2727 3435 2795 qui-

1868 2819 1989 2871 dem
2023 2832 2131 2870 non
2161 2817 2272 2885 ipse
2301 2831 2330 2868 a
2353 2814 2412 2885 se
2437 2814 2699 2879 ascendit,
2731 2815 2823 2868 sed
2853 2815 3047 2868 missus
3068 2823 3150 2867 est
3183 2814 3250 2867 ab
3284 2815 3430 2879 aliis,

1868 2821 1989 2871 dem
2023 2832 2131 2870 non
2161 2821 2272 2885 ipse
2301 2831 2330 2868 a
2353 2821 2377 2868 's
2437 2821 2699 2879 ascendit,
2731 2821 2823 2868 sed
2853 2821 3047 2868 missus
3068 2823 3150 2867 est
3183 2821 3250 2867 ab
3284 2821 3430 2879 aliis,

1867 2905 2062 2960 deinde
2107 2920 2217 2959 non
2268 2913 2327 2957 ut
2365 2821 2618 2990 disceret,
2673 2903 2898 2958 accessit
2942 2905 3010 2957 ad
3051 2904 3191 2966 illos,
3236 2904 3330 2958 sed
3372 2913 3458 2960 ut.

1869 2995 2001 3049 alios
2055 2995 2108 3047 in
2165 3009 2315 3048 suam
2367 2987 2689 3048 sententiam
2747 2987 3057 3050 adduceret.
3120 2996 3254 3049 Nam
3317 2995 3433 3064 ipse

1868 3085 2080 3152 quidem
2111 3082 2182 3138 ab
2215 3084 2367 3137 initio
2395 3093 2509 3137 erat
2541 3084 2593 3136 in
2626 3084 2726 3138 hac
2763 3085 3048 3145 sententia,
3081 3099 3240 3153 quant
3263 3095 3431 3174 etiam

198 3169 474 3237 εἰσόμενος
529 3170 712 3234 πλέον,
763 3172 899 3225 ἀλλὰ
954 3171 1156 3231 πείσων
1205 3173 1330 3234 τοὺς
1366 3172 1760 3238 ἀντιλέγοντας,

1868 3175 2092 3242 apostoli
2130 3183 2317 3242 postea
2348 3173 2803 3229 conﬁrmaverunt
2839 3190 3093 3243 :nempe,
3127 3192 3236 3229 non
3270 3169 3435 3244 opor-

194 3259 274 3310 ὅτι
333 3259 426 3312 καὶ
477 3259 526 3312 οἱ
575 3261 632 3313 ὲν
675 3258 1069 3332 Ἱεροσολύμοις
1116 3261 1325 3324 τούτοις
1387 3260 1758 3330 συμψηφίζον-

192 3363 298 3402 ται.

1869 3277 1982 3321 tere
2026 3261 2336 3320 circumcidi
2382 3265 2472 3334 qui
2521 3265 2588 3319 de
2641 3266 2842 3320 exteris
2888 3266 3203 3327 nationibus
3252 3268 3445 3331 credi-_

1865 3358 2072 3410 dissent
2105 3373 2117 3409 :
2159 3355 2411 3424 quoniam
2456 3363 2636 3409 autem
2673 3355 2825 3409 initio
2871 3371 2979 3409 non
3018 3357 3302 3410 videbatur
3329 3358 3434 3411 illis

189 3459 248 3496 ea
277 3447 596 3501 auctoritate
628 3449 890 3518 praditus
915 3464 1056 3515 esse,
1109 3449 1195 3504 cui
1235 3449 1301 3504 de
1336 3459 1483 3505 tanta
1524 3468 1581 3507 re
1619 3453 1751 3508 ﬁdes
1791 3454 2105 3516 haberetur,
2156 3451 2249 3504 sed
2299 3465 2393 3503 eos
2432 3450 2524 3517 qui
2572 3449 2955 3518 Hierosolymis
2999 3460 3154 3504 crant
3193 3460 3433 3519 specta-

190 3533 316 3587 bant
393 3547 444 3591 et
495 3540 868 3606 attendebant,
915 3541 1044 3597 illuc
1087 3538 1352 3605 ascendit,
1405 3560 1513 3598 non
1593 3555 1652 3600 ut
1701 3547 1817 3615 ipse
1879 3543 2080 3612 aliquid
2127 3541 2361 3610 amplius
2403 3541 2726 3602 addisceret.
2768 3541 2862 3594 sed
2895 3549 2954 3594 ut
2979 3541 3333 3596 adversarios
3377 3543 3431 3596 in

187 3646 341 3685 suam
368 3635 691 3690 sententiam
714 3637 1030 3704 adduceret,
1059 3641 1204 3707 quod
1237 3650 1290 3695 et
1331 3640 1404 3694 illi
1440 3642 1532 3712 qui
1575 3642 1630 3695 iu
1664 3641 1962 3696 Jerusalem
1990 3645 2162 3703 erant,
2193 3637 2309 3691 hinc
2331 3637 2764 3706 comprobarent.

266 3727 714 3796 Ἐξανέστησαν
735 3730 804 3783 δέ
856 3748 1015 3797 τινες
1046 3733 1166 3788 ἀπὸ
1196 3733 1304 3802 τῆς
1333 3735 1616 3802 αἱρέσεως
1635 3735 1754 3789 τῶν

185 3819 524 3886 Φαρισαίων
547 3823 1013 3887 πεπιστευκότες
1041 3824 1107 3888 ’⁸,
1127 3824 1409 3893 λέγοντες
1430 3824 1520 3879 ὅτι
1541 3828 1633 3879 δεῖ
1647 3843 1752 3879 πε-

175 3908 477 3978 ριτέμνειν
506 3909 747 3977 αὐτοὺς,
807 3912 1249 3982 παραγγέλλειν
1296 3933 1359 3968 τε
1405 3916 1610 3983 τηρεῖν
1648 3919 1752 3969 τὸν

182 4005 373 4072 νόμον
398 4005 714 4072 Μωῡσέως.
1744 4051 1747 4056 ι

254 4097 666 4164 Συνήχθησαν
694 4099 763 4152 δὲ
792 4101 846 4154 ol
875 4100 1209 4157 ἀπόστολοι
1240 4103 1336 4156 καὶ
1358 4105 1412 4157 οἱ
1439 4105 1753 4170 πρεσϐύτε-

179 4203 274 4252 ροι
301 4186 450 4240 ἰδεῖν
505 4193 634 4257 περὶ
663 4193 770 4246 τοῦ
792 4195 979 4262 λόγου
1010 4198 1247 4272 τούτου.

255 4277 499 4359 Πολλῆς
531 4278 599 4331 δὲ
644 4281 1030 4351 συζητήσεως
1084 4289 1433 4357 γενομένης,
1490 4290 1758 4357 ἀναστὰς

187 4367 409 4435 Πέτρος
451 4366 585 4424 εἶπε
635 4371 788 4440 πρὸς
847 4377 1109 4441 αὐτούς·
1157 4381 1407 4445 Ἀνδρες
1471 4383 1756 4450 ἀδελφοὶ,

186 4459 355 4523 ὑμεῖς
387 4461 739 4530 ἐπίστασθε,
762 4464 854 4518 ὅτι
881 4467 986 4534 ἀφ’
1003 4467 1238 4536 ἡμερῶν
1262 4471 1519 4539 ἀρχαίων
1550 4477 1581 4525 d
1617 4474 1758 4539 Θεὸς

185 4547 254 4599 ἐν
278 4548 419 4614 ἡμῖν
439 4552 756 4618 ἐξελέξατο
783 4557 880 4612 διὰ
906 4559 1011 4613 τοῦ
1041 4562 1337 4628 στόματός
1353 4579 1471 4629 μου
1499 4561 1757 4616 ἀκοῦσαι

187 4637 256 4690 τὰ
279 4640 424 4708 ἔθνη
454 4642 560 4694 τόν
586 4635 774 4712 λόγον
819 4649 927 4702 τοῦ
957 4654 1345 4721 Εὑαγγελίου,
1378 4650 1477 4705 καὶ
1515 4655 1755 4708 πιστεῦ-

186 4747 310 4783 (ται.

255 4824 366 4878 Καὶ
411 4827 442 4878 ό
489 4825 970 4896 καρδιογνώστης
1002 4832 1150 4897 Θεὸς
1194 4834 1605 4906 ἐμαρτύρησεν
1649 4843 1754 4893 αὐ-

187 4913 330 4979 τοῖς,
361 4917 502 4982 δοὺς
526 4918 732 4985 αὐτοῖς
754 4919 819 4972 τὸ
849 4921 1094 4990 Πνεῦμα
1115 4922 1180 4974 τὸ
1211 4924 1402 4994 ἅγιον,
1445 4930 1637 4996 καθὼς
1656 4933 1755 4984 καὶ

184 4999 350 5070 sip»;

255 5093 366 5145 Καὶ
395 5089 574 5151 οὐδὲν
596 5102 854 5169 διέκρινε
867 5105 1094 5172 μεταξὺ
1121 5104 1288 5174 ἡμῶν
1308 5122 1372 5158 τε
1405 5107 1501 5160 καὶ
1528 5108 1744 5169 αὐτῶν,

184 5179 481 5247 νῆ’πίστιι
509 5195 846 5262 καθαρίσας
874 5197 980 5263 τὰς
1010 5199 1257 5265 καρδίας
1275 5198 1496 5252 αὐτῶν.
1575 5201 1583 5205 ”

249 5272 380 5360 Νῦν
405 5272 520 5332 οὖν
548 5281 603 5332 τί
629 5286 928 5349 πειράζετε
950 5290 1057 5344 τὸν
1085 5293 1232 5347 Θεὸν
1255 5294 1540 5364 ἐπιθεῖναι
1571 5294 1746 5364 (va-dr-

281 5370 328 5443 δέ
371 5411 549 5482 Galat.
581 5432 618 5481 ι,
636 5385 759 5472 ἠν

1933 3733 2075 3788 Vens
2124 3733 2176 3786 5.
2212 3733 2635 3786 Exsurrexerunt
2672 3740 2849 3785 autem
2875 3733 3090 3801 quidam
3125 3734 3431 3801 defectione

1859 3843 1922 3879 ac
1951 3837 2090 3878 secta
2125 3826 2511 3877 P/tarisa'orum
2544 3825 2635 3892 qui
2679 3823 3029 3887 crediderant,
3064 3826 3154 3894 qui
3186 3826 3427 3881 dicebant

1858 3917 2237 3985 oportereillos
2268 3916 2657 3981 circumcidere,
2696 3921 2853 3983 dtque
2887 3918 3188 3983 prtecipere,
3220 3927 3275 3969 ut
3313 3935 3428 3970 ser-

1856 4019 2037 4062 varent
2072 4010 2231 4079 legem
2270 4007 2488 4078 Moysis.

1929 4100 2090 4153 Vens.
2142 4100 2193 4153 6.
2233 4099 2589 4154 Couvenerunt
2629 4100 2790 4168 igitur
2833 4100 3056 4167 apostoli
3085 4117 3146 4155 ac
3180 4103 3428 4168 seniores,
3472 4140 3477 4144 ~

1857 4201 1911 4244 ut
1939 4192 2247 4259 dispicerent
2278 4192 2340 4242 de
2374 4191 2471 4242 hac
2503 4191 2810 4258 quwstione.

1932 4283 2090 4337 Vsus.
2132 4284 2186 4335 7.
2225 4281 2356 4336 Cum
2393 4290 2565 4335 autent
2605 4283 2694 4334 diu
2726 4298 2786 4334 ac
2820 4283 3041 4336 multum
3071 4284 3417 4353 disceptatum

1857 4376 2055 4445 fuisset,
2089 4377 2314 4430 surrexit
2347 4374 2559 4437 Petrus,
2591 4392 2653 4428 ac
2698 4377 2831 4429 dixit
2878 4377 2947 4428 ad
2973 4376 3091 4430 illos
3126 4393 3144 4430 :
3184 4376 3295 4430 Viri
3321 4383 3426 4446 [ru-

1856 4473 1977 4525 tres,
2009 4483 2092 4518 vos
2114 4466 2257 4518 scitis
2281 4464 2448 4518 Deum
2489 4466 2552 4516 ab
2582 4458 2807 4534 antiquis
2837 4466 3015 4518 diebus
3061 4469 3195 4519 inter
3217 4485 3306 4520 nes
3329 4471 3422 4520 (lc-

1860 4556 2046 4611 lectum
2071 4555 2330 4617 habuisse,
2370 4563 2425 4606 ut
2453 4571 2542 4622 per
2562 4571 2618 4606 os
2645 4571 2812 4606 meum
2839 4565 3028 4609 exteris
3056 4558 3290 4612 nationes
3319 4576 3418 4611 au-

1859 4645 2033 4697 dirent
2064 4644 2269 4697 verbum
2297 4645 2591 4713 Evangelii,
2616 4660 2676 4697 ac
2709 4644 2999 4699 crederent.

1924 4845 2085 4900 Vsus.
2124 4847 2177 4901 8.
2218 4845 2281 4899 Et
2331 4845 2470 4898 Deus
2506 4848 2595 4913 qui
2643 4846 2801 4897 corda
2848 4856 3114 4899 scrutatur
3146 4865 3208 4900 ac
3253 4851 3413 4912 novit.

1851 4936 2200 4988 testimonium
2230 4934 2486 5000 perhibuit
2518 4933 2650 4997 illis,
2699 4948 2812 4985 cum
2846 4935 2984 4988 dedit
3039 4937 3112 4990 eis
3155 4936 3413 5008 Spiritum

1851 5037 2113 5089 sanctum,
2143 5027 2274 5078 sicut
2306 5027 2462 5077 etiam
2496 5027 2640 5080 nobis
2674 5042 2691 5078 :
2747 5077 2749 5080 ,
2934 5031 2937 5034 ’

1923 5115 2082 5169 Vens.
2124 5117 2177 5171 9.
2230 5118 2300 5168 Ac
2352 5117 2554 5169 nullum
2603 5120 2882 5173 discrimen
2918 5123 3032 5192 fecit
3070 5124 3205 5176 inter
3249 5133 3411 5178 noset

1849 5206 1987 5268 illos,
2025 5225 2140 5259 cum
2167 5207 2268 5275 ﬁde
2295 5209 2533 5276 purgavit
2570 5218 2725 5262 corda
2756 5227 2954 5264 eorum.
3059 5256 3068 5261 -
3349 5259 3356 5261 _

1919 5299 2083 5352 Vens.
2116 5300 2199 5352 lO.
2232 5295 2388 5349 Nunc
2415 5299 2598 5368 igitur,
2631 5301 2755 5368 quid
2792 5304 3003 5354 tentatis
3047 5301 3210 5355 Deum
3245 5305 3410 5372 impo-

1359 5561 1555 5621 Variee
1602 5562 1903 5622 lectiones
1930 5571 1989 5622 et
2033 5567 2220 5622 notae.

245 5716 290 5794 ’ξ
319 5714 381 5797 In
406 5716 636 5797 vulgato,
657 5720 1024 5797 πζητῇσεως.
1063 5722 1195 5797 "_In
1221 5723 1444 5797 vulgatis
1497 5737 1618 5778 ante
1652 5729 1760 5794 Σαμ

1866 5744 1965 5778 ειαν
1999 5743 2098 5778 ηοη
2147 5735 2220 5777 est
2264 5728 2537 5788 articulus,
2563 5727 2680 5794 τήν.
2721 5729 2873 5780 “10'.
2904 5729 3046 5781 οὐδὲ.
3119 5731 3165 5762 ¹⁹
3191 5731 3250 5784 In
3292 5733 3405 5788 rul-

179 5787 321 5853 gatis.
345 5787 558 5849 duobus,
588 5803 704 5852 qum
746 5787 875 5854 vidi,
924 5802 995 5845 est
1027 5793 1169 5854 τινὲς
1199 5787 1452 5846 τῶν’ἀπὸ
1482 5797 1575 5863 τῆς
1606 5787 1760 5864 αἱρέξς

1893 5797 1999 5846 τῶν
2028 5798 2334 5865 Φαρισαίων
2373 5799 2478 5850 τῶν
2520 5799 2956 5850 πεπιστευκότων

488 5883 752 5944 Parnm“
796 5888 910 5947 Gn.
943 5890 1187 5950 CXXV.

2831 5948 2834 5952 .
2892 5892 2967 5947 ‘23
