4094 6340
177 429 278 493 745

877 404 1275 494 exmsmo
1312 431 1606 490 macra
1637 406 2208 511 APOSTOLORUM.
2240 453 2308 464 —
2339 427 2497 488 CAP.
2529 426 2714 487 xvu.

3269 488 3274 494 .
3307 426 3416 492 746

233 546 421 610 Γένιτς·
477 539 592 613 οὖν
643 548 1014 617 ὑπάρχοντες
1065 550 1169 603 τοῦ
1205 548 1378 613 Θεοῦ,
1420 550 1533 601 οὑκ
1583 548 1740 616 ὀφεί-

1917 546 2075 602 νειιε.
2105 545 2195 600 29.
2234 545 2542 614 Cumigitur
2567 544 2731 597 simus
2755 540 2847 595 Dei
2874 543 3162 612 progenies.
3193 558 3295 596 non
3322 546 3416 597 de-

161 641 346 706 λομεν
371 639 632 708 νομίζειν
673 641 900 709 χρυσῷ,
935 641 973 709 ἢ
1003 641 1258 708 ἀργύρῳ,
1293 639 1333 706 ἣ
1379 639 1528 704 λίθῳ
1559 637 1737 705 χαράς

163 745 336 798 nam
403 732 624 799 τέχνης
678 732 779 787 καὶ
843 733 1228 801 ἐνθυμήσεως
1288 728 1604 797 ἀνθρώπου
1670 729 1737 782 τὸ

164 819 337 872 Θεῖον
357 815 510 873 εἶναι
534 819 763 887 ὅμοιον.
1430 889 1434 892 ν

236 909 329 974 Ὠς
363 892 1052 980 δεισιδαιμονεστέρους,
1096 907 1452 978 Δεισιδαίμων
1522 906 1738 973 λέγεται

157 1000 182 1049 ὁ
211 995 400 1060 δεδιὼς
425 999 491 1052 τὰ
528 997 797 1067 δαιμόνια,
826 1000 854 1050 ὁ
889 999 1066 1051 πάντα
1104 995 1360 1059 θειὰξων,
1414 994 1512 1046 καὶ
1558 993 1733 1058 ξύλον,

158 1091 246 1142 καὶ
273 1090 438 1153 λίθον,
471 1090 562 1143 καὶ
591 1088 827 1158 πνεῦματ
867 1089 1079 1158 Ὠσπερ
1124 1086 1496 1158 ἐγκωμιάζειν
1540 1087 1738 1145 αὐτοὺς

157 1182 321 1235 δοκεῖ.
354 1179 1012 1250 Δεισιδὰιμονεστέρους
1048 1180 1127 1246 δὲ,
1178 1181 1298 1233 ἀντὶ
1335 1180 1450 1243 τοῦ,
1511 1177 1737 1231 εὐλαϐε-

156 1272 400 1340 στέρους·
426 1270 582 1325 τοῦτο
625 1253 842 1327 δὲέἴτιε
882 1271 970 1324 διὰ
1012 1272 1104 1324 τὸν
1145 1269 1346 1339 βωμόν.
1401 1260 1737 1335 Ἀνειστήκει

157 1363 210 1415 δὲ
240 1363 424 1432 αὐτοῖς
452 1365 480 1416 ὁ
511 1363 691 1434 βωμὸς
736 1365 799 1415 ἐκ
835 1362 1091 1431 τοιαύτης
1121 1361 1318 1422 αἰτίας·
1358 1361 1598 1428 Πόλεμος
1629 1361 1739 1420 τοῖς

169 1457 469 1525 Ἀθηναίοις
529 1456 658 1508 ποτὲ
705 1457 1014 1526 συνερῤἁγη
1072 1443 1211 1524 πρὸς
1263 1452 1558 1513 ἐναντίους·
1617 1446 1734 1502 εἶτα

159 1546 465 1614 πράξαντες
495 1545 680 1610 κακῶς
718 1545 1092 1615 ἀνεχώρησαν.
1143 1546 1252 1598 Καὶ
1290 1543 1474 1614 ἐπειδὴ
1525 1543 1740 1606 παίζειν

158 1637 352 1698 αὐτοὺς
373 1638 484 1698 τοῖς
509 1636 756 1707 δαίμοσιν
783 1635 898 1698 ἔθος
935 1632 1025 1706 ἦν,
1049 1637 1164 1689 τῶν
1205 1635 1474 1704 δαιμόνων
1504 1653 1587 1697 τις
1620 1637 1739 1686 ἐπι-

164 1729 374 1792 φανεὶς,
403 1727 751 1780 οὐδεπώποτε
781 1727 884 1797 ἔφη
917 1728 1050 1798 παρ’
1078 1727 1256 1780 αὐτῶν
1289 1726 1737 1797 τεθεραπεῦσθαι·

147 1805 422 1881 κάκεῖνος,
455 1819 637 1881 αὐτοῖς
665 1819 961 1896 ὀργισθεὶς,
993 1820 1088 1886 τῆς
1120 1818 1290 1888 ἥττης
1331 1818 1531 1886 ταύτης
1569 1818 1739 1881 αἴτιος

156 1908 509 1978 γεγενῆσθαι.
542 1909 790 1980 ,Ἐκείνῳ
827 1926 882 1961 τε
918 1889 1009 1962 οὖν
1057 1910 1352 1977 ἁνίστησαν
1393 1908 1435 1939 ⁸³
1461 1909 1606 1962 ναόν·
1651 1909 1742 1961 καὶ
1771 1889 1816 1948 Β

155 1999 230 2061 ὡς
275 1997 668 2068 φυλαττόμενοι
725 2000 797 2070 μὴ
833 2000 892 2052 τὸ
946 1999 1077 2052 αὐτὸ
1125 1999 1219 2052 καὶ
1274 1999 1461 2052 ἄλλοτε
1495 2001 1737 2064 πάθοιεν,
1775 2049 1785 2059 κ

155 2091 424 2159 παρέντες
454 2092 576 2144 τινὰ
603 2092 736 2144 Θεὸν
767 2091 1040 2159 ἄγνωστον
1071 2092 1273 2153 αὐτοῖς,
1307 2092 1613 2161 ἀνέστησαν
1647 2091 1739 2142 τὸν

157 2181 344 2252 βωμὸν
377 2186 582 2236 ἐκεῖνον
625 2182 1021 2253 ἐπιγράφοντες
1042 2197 1055 2210 ·
1100 2180 1408 2249 ’Λγνώστῳ
1440 2180 1591 2245 Θεῷ·
1617 2178 1739 2231 τοῦ-

154 2291 216 2328 to
274 2277 546 2344 λέγοντες,
577 2274 680 2338 ὅτι,
733 2274 795 2328 El
828 2275 920 2326 καί
971 2290 1054 2334 τις
1092 2272 1275 2341 ἕτερος
1315 2271 1559 2338 ἀγνοοῖτο
1609 2269 1738 2339 παρ’

161 2367 354 2440 ἡμῶν,
391 2369 469 2430 εἰς
506 2366 666 2437 τιμὴν
692 2366 896 2440 ἐκείνου
946 2365 1096 2425 οὗτος
1147 2366 1174 2416 ὁ
1219 2363 1396 2432 βωμὸς
1434 2362 1739 2433 ἐγηγέρθω,

155 2460 232 2522 ὡς
271 2460 339 2513 ἂν
365 2459 523 2523 ἵλεως
550 2459 709 2530 ἡμῶν
737 2458 781 2490 ⁸⁸
816 2458 922 2528 εἴη,
955 2457 1110 2528 εἴπερ
1134 2456 1502 2525 ἀγνοούμενος,
1539 2454 1614 2508 ὣν
1666 2457 1740 2525 μὴ

157 2551 540 2622 θεραπεύοιτο.
569 2548 676 2604 Ἦν
700 2551 754 2603 δέ
792 2551 824 2621 ἡ
875 2539 1023 2602 πᾶσα
1068 2549 1160 2602 τοῦ
1212 2548 1397 2618 βωμοῦ
1435 2548 1738 2617 ἐπιγραφή·

159 2645 331 2709 θεοῖς
383 2645 605 2708 Ἀσίας,
647 2628 743 2696 νέαι
793 2642 1102 2710 εὐρώττης,
1160 2641 1259 2693 καὶ
1315 2641 1570 2717 Λιϐύης·
1600 2639 1741 2704 Θεῷ

157 2735 450 2802 ἀγνώστῳ
500 2733 596 2786 καὶ
626 2733 800 2796 ξένῳ.
834 2763 897 2772 -—
929 2733 1315 2801 Διερχόμενος
1342 2731 1451 2799 γὰρ
1480 2733 1578 2784 καὶ
1600 2733 1742 2786 ἀνα-

161 2824 400 2894 θεωρῶν
437 2826 509 2879 τὰ
541 2825 888 2892 σεϐάσματα
929 2824 1114 2892 ὑμῶν.
1159 2817 1332 2894 Εὗρεν
1376 2825 1433 2874 ἐν
1477 2825 1542 2893 τῇ
1592 2823 1744 2880 πόλει

1840 636 2014 689 bemus
2040 637 2341 689 existimare
2369 650 2525 696 auro,
2549 642 2645 685 aut
2697 639 2936 701 argento,
2980 644 3070 684 aut
3103 632 3267 701 lapidi
3304 631 3421 686 art‘

1838 733 1888 780 et
1914 726 2176 779 industria
2208 727 2440 776 humana
2479 722 2678 790 sculpta
2709 721 2880 776 simile
2905 737 3014 776 csse
3054 738 3244 776 numen
3273 724 3414 775 divi-

1845 832 1992 870 num.

1912 905 2066 975 135
2093 906 2220 959 Fere
2241 906 2600 976 religiosiores.
2629 903 2983 973 Δεισιδαίμων
3004 903 3202 957 dicitur
3229 903 3296 964 is,
3324 905 3417 972 qui

1841 998 1995 1051 timet
2025 997 2313 1060 daemonia,
2345 999 2434 1066 qui
2468 999 2647 1051 o-nnia
2685 1012 2780 1065 pro
2808 997 3029 1049 numine
3085 989 3294 1050 c’olite't
3329 1011 3423 1048 ve-

1841 1097 2090 1151 ncratur,
2135 1097 2189 1142 et
2218 1090 2449 1159 lignum,
2483 1098 2540 1143 et
2568 1088 2825 1156 lapidein,
2859 1099 2915 1141 et
2960 1087 3228 1157 Spiritum.
3257 1087 3421 1153 Quasi
3488 1107 3493 1112 ·

1841 1179 2066 1232 laudare
2097 1179 2192 1233 eos
2232 1179 2462 1232 videtur.
2497 1177 3094 1247 Δεισιδαιμονεστέρους
3124 1185 3331 1241 autem,
3362 1179 3417 1231 id

1841 1280 1947 1332 est,
1984 1269 2246 1324 daemonia
2282 1270 2556 1333 timentes,
2587 1271 2764 1338 posuit
2795 1284 2890 1338 pro
2913 1270 3249 1337 religiosores
3273 1285 3291 1320 :
3317 1269 3422 1321 hoc

1842 1373 2021 1416 autem
2063 1361 2198 1416 dixit
2229 1372 2449 1430 promer
2482 1364 2672 1415 altare.
2706 1360 2872 1414 Porro
2896 1361 3062 1414 altare
3087 1367 3417 1414 exstructum

1840 1452 2017 1507 fuerat
2043 1451 2239 1505 abillis
2262 1467 2328 1505 ex
2363 1452 2668 1520 hujusmodi
2700 1467 2892 1506 causa:
2928 1453 3116 1507 Prielio
3148 1453 3418 1523 quondam

1842 1545 2200 1613 conﬂixerant
2230 1542 2604 1607 Athenienses
2651 1559 2772 1597 cum
2805 1543 3136 1598 adversariis
3170 1561 3184 1597 :
3225 1545 3420 1598 deinde

1841 1647 2059 1705 accepta
2094 1635 2246 1690 clade
2293 1643 2656 1690 recesserant.
2680 1634 2772 1687 .Et
2809 1636 3067 1704 quoniam
3118 1635 3274 1690 ludos
3310 1636 3421 1690 ἀπο

1845 1728 2099 1783 monibus
2147 1726 2422 1782 celebrare
2463 1739 2882 1788 consueverant,
2940 1728 3156 1797 quidam
3210 1729 3418 1783 ἀπεωοη

1842 1834 1964 1872 cum
1998 1820 2366 1888 apparuisset,
2409 1835 2686 1888 nunquam
2723 1821 2789 1872 ab
2821 1821 2929 1873 illis
2973 1835 3031 1873 se
3061 1821 3267 1874 cultum
3297 1836 3421 1874 esse

1845 1911 2060 1964 dicebat
2099 1930 2111 1963 :
2145 1926 2210 1966 ac
2244 1926 2366 1965 sese
2401 1911 2506 1964 illis
2542 1911 2737 1963 iratum
2778 1911 2900 1963 mali
2932 1911 3100 1979 praelii
3151 1911 3295 1964 illius
3323 1927 3422 1964 an-
3454 1958 3456 1961 .

1843 2010 2053 2057 ctorem
2087 2011 2142 2056 et
2193 2017 2413 2056 causam
2457 2001 2647 2055 fuisse.
2683 2002 2867 2070 Itaque
2909 2010 2964 2055 et
3015 2002 3092 2054 illi
3135 2002 3418 2056 delubrum

1840 2104 2231 2149 exstruxerunt
2265 2113 2278 2148 :
2311 2104 2366 2149 et
2407 2104 2464 2148 ut
2499 2103 2756 2148 caventes
2785 2109 2852 2146 ne
2878 2093 3096 2161 quando
3119 2093 3246 2145 alias
3281 2106 3420 2159 quo-

1840 2202 1968 2255 quc,
2002 2188 2144 2256 quod
2174 2188 2407 2257 aliquem
2436 2187 2767 2257 incognitum
2793 2187 2893 2240 sibi
2927 2186 3092 2239 Deum
3127 2168 3420 2254 prietcriiss

1841 2287 1963 2332 sent
1985 2293 2050 2331 ac
2081 2278 2466 2348 neglexissent,
2497 2277 2637 2331 idem
2668 2277 2801 2346 ipsis
2831 2277 3117 2339 accideret,
3137 2287 3420 2330 exstruxe-

1844 2379 1973 2422 runt
2002 2369 2132 2423 illud
2173 2369 2370 2434 altare,
2396 2370 2788 2424 inscribentes:
2819 2367 3004 2436 Ignoto
3032 2367 3134 2420 Deo
3167 2383 3184 2420 :
3218 2368 3319 2420 hoc
3348 2367 3425 2420 si-'

1843 2461 2187 2529 gniticantcs.
2222 2460 2448 2514 Etiamsi
2474 2461 2596 2529 quis
2622 2461 2758 2514 alius
2788 2474 2823 2512 a
2844 2458 3001 2512 nobis
3027 2459 3327 2529 ignoretur,
3362 2459 3418 2512 in

1844 2553 2105 2621 honorem
2137 2553 2281 2608 illius
2299 2558 2414 2609 hoc
2436 2554 2606 2607 altare
2631 2562 2976 2607 exstructum
3002 2559 3138 2616 esto,
3180 2559 3237 2606 ut
3264 2550 3421 2605 nobis

1845 2647 2117 2716 propitius
2148 2648 2238 2710 sit,
2275 2647 2317 2699 si
2349 2662 2470 2701 cum
2503 2646 2661 2701 nobis
2685 2646 2992 2715 incognitus
3027 2646 3096 2698 sit
3126 2660 3234 2697 non
3267 2644 3418 2698 cola-

1845 2746 1952 2793 tur.
2009 2739 2138 2792 Erat
2188 2749 2367 2792 autem
2418 2753 2524 2791 arae
2567 2746 2679 2792 tota
2744 2737 3028 2807 inscriptio
3078 2736 3193 2791 haec
3240 2754 3254 2790 :
3307 2734 3420 2790 Diis

1846 2831 2005 2893 Asiw,
2034 2830 2336 2900 Europw‘rt
2367 2828 2542 2900 Libya:
2575 2848 2591 2884 :
2625 2829 2729 2883 Deo
2762 2828 3021 2899 incognito
3044 2845 3105 2880 ac
3130 2828 3418 2898 peregrino.

160 2920 285 2989 οὐχὶ
320 2918 519 2988 βιϐλίον
550 2917 709 2982 θεῖον,
749 2917 884 2971 ἀλλὰ
930 2916 1109 2986 βωμὸν
1153 2914 1452 2982 ἑστηκότα·
1501 2916 1595 2966 καὶ
1638 2916 1745 2966 ἀπὸ

1849 2951 1911 2962 -
1941 2920 2076 2976 Cum
2114 2903 2394 2989 trandilfem
2421 2922 2556 2975 enim
2579 2929 2627 2974 et
2655 2920 3031 2987 contemplarer
3059 2918 3271 2970 numina
3305 2931 3422 2971 autc

159 2985 264 3077 τῆς
305 2985 612 3085 ἐπιγραφῆς
650 3005 740 3059 τοῦ
785 2985 968 3076 βωμοῦ
1016 2985 1105 3057 τον
1147 3005 1330 3074 βωμὸν
1379 3003 1617 3057 καθεῖλε.
1679 3005 1743 3058 Τί

1849 3013 2039 3067 colitis.
2074 2985 2386 3085 lnvcnitl‘in
2432 3014 2566 3067 urbe
2615 3027 2722 3065 non
2771 3012 2966 3065 librum
3011 3010 3279 3074 divinum,
3324 3009 3422 3064 sed

159 3071 275 3169 γάρ
303 3071 419 3153 ἔδει⁷
436 3071 653 3170 ποιῆσαι
685 3071 884 3163 αὑτονς
921 3071 1182 3165 ’Έλληνες
1225 3071 1422 3158 πάντες
1447 3092 1586 3167 ἦσαν
1617 3097 1746 3149 ἀσε-

1851 3121 1998 3159 aram
2039 3113 2274 3160 stantem
2295 3071 2514 3174 :‘atque
2552 3103 2838 3158 occasione
2888 3111 3102 3172 sumpta
3143 3102 3209 3156 ab
3237 3101 3423 3156 altaris

163 3192 302 3260 βεῖς.
335 3190 397 3242 Εἰ
426 3189 532 3242 ἀπὸ
562 3188 907 3255 Εὑαγγελίων
951 3187 1204 3256 διηλέχθη
1243 3187 1427 3247 αὐτοῖς
1450 3224 1466 3248 ,
1519 3186 1746 3252 κατεγέ-

1851 3199 2230 3267 inscriptione,
2257 3197 2426 3251 altare
2456 3197 2742 3252 demolitus
2780 3203 2882 3249 est.
2917 3195 3055 3259 Quid
3085 3194 3229 3246 enim
3269 3194 3420 3247 illum

162 3283 297 3334 λων·
339 3281 448 3335 ἀπὸ
487 3280 804 3350 προῳητῶν,
849 3277 1298 3330 οὐκνέπίστευον.
1356 3276 1487 3328 Ἀπὸ
1529 3276 1636 3328 τῶν
1682 3277 1739 3328 ὃ-

1847 3275 2028 3342 faccre
2054 3287 2382 3357 oportebat?
2411 3285 2590 3366 Graeci
2607 3300 2796 3339 omnes
2828 3291 2983 3338 erant
3034 3283 3182 3352 impii
3219 3293 3274 3338 et
3304 3285 3419 3339 veri

165 3373 318 3426 πλων
339 3370 432 3425 οὖν
457 3370 562 3424 τῶν
600 3369 872 3439 πολεμίων
905 3368 1042 3422 αὐτὰ
1085 3367 1448 3437 ἐχειρώσατο·
1480 3367 1575 3422 καὶ
1616 3367 1742 3420 τοῦ-

1848 3381 1941 3435 Dei
1972 3381 2152 3436 cultus
2177 3387 2452 3448 expertes.
2482 3377 2539 3432 Si
2577 3378 2646 3432 ab
2677 3377 2985 3446 Evangeliis
3016 3385 3234 3446 sumpto
3260 3374 3420 3448 argu-

161 3486 230 3521 το
255 3467 402 3520 ἐστιν
431 3465 461 3518 ὃ
484 3465 658 3532 λέγει·
692 3461 1017 3533 Ἐγ-ενόμην
1055 3460 1180 3526 τοῖς
1219 3461 1467 3530 ἀνόμοις
1495 3461 1575 3526 ὠς
1604 3461 1743 3514 ἄνο-

1846 3482 2032 3528 mento
2064 3469 2226 3524 verba
2258 3468 2326 3522 ad
2349 3483 2442 3521 eos
2476 3465 2716 3529 fecisset,
2740 3465 3060 3520 derisissent
3097 3483 3110 3518 :
3154 3467 3199 3521 si
3233 3482 3263 3519 a
3292 3467 3421 3536 pro-

160 3575 300 3628 μσς.
342 3551 464 3613 εἶδε
496 3555 588 3609 τδν
621 3555 825 3624 βωμὸν,
866 3553 960 3606 καὶ
991 3552 1288 3622 μετέστησε
1333 3553 1400 3605 τὰ
1441 3552 1743 3620 γράμματα

1846 3565 2048 3634 phetis,
2086 3577 2196 3616 non
2227 3559 2606 3615 credidissent.
2641 3559 2820 3612 Armis
2840 3558 3001 3628 igitur
3033 3559 3271 3626 hostium
3300 3549 3442 3631 ipsa'

165 3651 305 3720 πρὸς
328 3647 516 3701 ἑαυτὸν
534 3663 550 3678 ·
585 3647 784 3715 μᾶλλον
804 3645 860 3697 δὲ
889 3645 950 3697 τὸ
978 3644 1158 3713 νόημα
1189 3642 1390 3696 τούτων
1423 3643 1742 3713 μετέθηκεν.

176 3742 540 3811 Ἕγέγραπτο,
584 3737 768 3806 φησὶν,
818 3737 874 3787 ἐν
899 3733 977 3804 τῷ
1008 3733 1206 3804 βωμῷ·
1240 3734 1556 3802 Ἀγνώστφ
1601 3731 1743 3797 Θεῷ.

164 3833 265 3897 Τίς
288 3832 344 3886 δὲ
377 3827 446 3902 ἦν
470 3829 624 3892 ἄλλος
652 3825 1014 3896 ἀγνοούμενος
1035 3825 1188 3888 Θεδς,
1233 3816 1400 3894 ἀλλ’ἢ
1424 3827 1451 3877 ὁ
1481 3825 1743 3893 Χριστό;;

162 3925 234 3979 Τί
261 3921 357 3977 οὖν
382 3938 397 3988 ;
435 3924 484 3975 οἱ
510 3920 784 3989 Ἀθηναῖοι
827 3919 916 3972 διὰ
959 3918 1052 3971 τὸν
1081 3916 1316 3987 Χριστὸν
1346 3914 1590 3986 ἔγραψαν
1624 3915 1748 3967 τοῦ-

159 4032 264 4080 to;
300 4016 362 4068 El
407 4013 495 4066 διὰ
530 4013 620 4065 τὸν
639 4011 872 4079 Χριστὸν
902 4007 1168 4078 ἔγραψαν,
1207 4007 1307 4059 οὐκ
1343 4001 1410 4076 ἦν
1439 4003 1580 4057 οὕτω
1619 4004 1748 4056 θαυ-

165 4105 377 4175 μαστὸν
425 4105 484 4158 τδ
537 4103 868 4174 κατόρθωμα
909 4102 1144 4154 Παύλου.
1203 4099 1343 4152 Ἀλλ’
1403 4100 1596 4152 ἐκεῖνοι
1649 4098 1748 4166 μὲν

159 4201 342 4260 ἄλλως
377 4195 621 4268 ἔγραψαν
645 4211 660 4225 ·
689 4188 843 4256 οὗτος
866 4193 920 4247 δὲ
953 4191 1168 4263 ἴσχυσεν
1199 4192 1374 4254 ἄλλως
1421 4190 1553 4244 αὐτὸ
1584 4207 1750 4260 μετα-

164 4293 378 4348 ϐαλεῖν.
437 4291 756 4357 Ἀναγκαῖον
808 4287 864 4340 δέ
898 4286 1071 4340 εἰπεῖν
1113 4287 1255 4350 τίνος
1309 4285 1497 4340 ἕνεκεν
1551 4285 1750 4338 ἐκεῖνοι

163 4386 448 4455 ἔγραψαν·
527 4379 839 4451 Ἀγνώστῳ
896 4375 1038 4443 Θεῷ.
1101 4377 1333 4439 Πολλοὺς
1393 4371 1538 4445 εἶχον
1595 4374 1751 4437 θεοὺς

164 4479 390 4540 ἐκεῖνοι,
432 4475 525 4528 καὶ
553 4472 880 4544 ἐπιχωρίους
913 4470 1007 4548 καὶ
1034 4468 1240 4534 ξένους.
1293 4467 1530 4530 Τούτους
1571 4466 1750 4519 τοίνυν

1846 3670 1996 3709 arma
2036 3652 2288 3722 subegit;
2319 3659 2482 3718 atque
2511 3650 2609 3703 hoc
2643 3657 2724 3703 est
2761 3649 2904 3717 quod
2939 3649 3106 3704 dicit:
3150 3649 3252 3704 Fui
3295 3651 3422 3724 legis

1858 3745 2153 3812 expertibus
2183 3751 2231 3796 et
2286 3741 2459 3809 impii-
2489 3748 2752 3809 {tanquam
2779 3740 2971 3809 impius
3001 3749 3049 3793 et
3070 3740 3192 3810 legis
3217 3757 3420 3796 expers.

1852 3836 1995 3889 Vidit
2044 3834 2234 3898 altare,
2277 3841 2332 3886 et
2375 3831 2440 3886 ad
2489 3846 2648 3886 suum
2696 3845 2852 3884 usum
2887 3830 3088 3899 scripta
3137 3830 3418 3888 traduxit:

1851 3929 1960 3980 imo
1984 3940 2112 3981 vero
2156 3906 2481 3977 sententiam
2539 3922 2756 3974 illorum
2806 3920 3046 3973 traduxit
3072 3931 3129 3975 et
3177 3922 3416 3978 invertit.

1849 4017 2197 4085 lnseriptum,
2247 4015 2443 4083 inquit,
2471 4013 2625 4066 altari
2660 4021 2778 4067 erat
2820 4052 2836 4076 ,
2895 4012 3079 4084 Ignoto
3115 4014 3242 4070 Deo.
3289 4015 3422 4083 Quis

1849 4105 2029 4163 autem
2059 4119 2173 4162 erat
2200 4107 2337 4161 alius
2361 4105 2503 4160 Deus
2533 4107 2622 4174 qui
2652 4105 3022 4174 ignorabatur,
3065 4116 3419 4176 praeterquam

1850 4198 2135 4253 Christus?
2183 4197 2326 4264 Quid
2388 4194 2597 4265 igitur?
2655 4208 2723 4246 an
2773 4193 3135 4249 Athenienses
3199 4203 3422 4266 propter

1851 4288 2127 4342 Christum
2169 4287 2499 4354 scripserant
2555 4282 2709 4336 hoc?
2761 4280 2817 4336 Si
2874 4292 3096 4354 propter
3146 4283 3419 4341 Christum

1855 4380 2222 4448 scripsissent,
2271 4391 2381 4430 non
2410 4377 2547 4429 adeo
2579 4374 2859 4430 mirandus
2879 4384 3034 4430 esset
3081 4374 3154 4429 rei
3189 4392 3218 4429 a
3252 4375 3420 4432 Paulo

1854 4473 2080 4540 inceptis
2114 4484 2336 4540 prosper
2365 4482 2672 4523 successus.
2713 4465 2908 4521 Verum
2961 4467 3032 4520 illi
3071 4468 3286 4536 quidem
3313 4468 3418 4522 ali-

162 4566 294 4628 τοὺς
356 4563 457 4633 μὲν
503 4562 656 4633 παρὰ
700 4549 953 4630 μητέρων
986 4556 1131 4629 εἴχον
1160 4556 1471 4626 δεξάμενοι·
1505 4556 1630 4618 τοὺς
1667 4555 1746 4621 δὲ,

1856 4571 1937 4618 ter
1965 4565 2326 4630 scripserant:
2357 4562 2445 4615 hic
2467 4576 2595 4615 vero
2627 4559 2805 4628 potuit
2834 4559 3091 4627 scriptum
3129 4558 3283 4613 aliter
3305 4569 3419 4613 tra-

165 4661 276 4718 ἱπδ
312 4659 422 4713 τῶν
457 4655 698 4726 πλησίων
735 4655 924 4707 ἐθνῶν.
981 4653 1134 4719 ,Ἐπεὶ
1183 4652 1275 4705 οὖν
1320 4653 1420 4705 οὐκ
1472 4651 1531 4714 ἐξ
1575 4652 1749 4720 ἀρχῆς

163 4752 408 4813 πάντας-
433 4747 698 4812 ἐδέξαντο,
745 4743 882 4797 ἀλλὰ
928 4743 1069 4796 κατὰ
1119 4742 1312 4812 μικρὸν
1356 4740 1762 4811 εἰσηνέχθησαν“

163 4845 374 4907 αὐτοῖς·
404 4840 454 4894 οἱ
486 4839 606 4911 μὲν,
645 4835 893 4891 ἐπὶτῶν
934 4834 1205 4906 πατέρων,
1252 4833 1302 4886 οἱ
1358 4833 1437 4900 δὲ,
1496 4834 1587 4886 ἐπὶ
1641 4831 1749 4886 τῶν

167 4939 438 5003 πάππων,
477 4936 529 4988 οἱ
551 4933 607 4986 δὲ
633 4933 726 4986 ἐπὶ
755 4930 854 4999 τῆς
894 4928 1085 4998 γενεᾶς
1109 4926 1204 4996 τῆς
1234 4924 1431 4992 αὐτῶν,
1466 4924 1748 4978 συνελθόν-

115 5090 118 5092 ,
165 5047 261 5092 τες
297 5025 477 5093 εἷπον,
507 5027 612 5090 ὅτι,
649 5024 884 5093 ι”Ωσπερ
952 5021 1175 5082 τούτους
1239 5017 1563 5088 ἠγνοοῦμεν,
1631 5013 1749 5070 εἶτα

170 5122 408 5192 ὕστερον
455 5119 655 5180 αὐτοὺς
691 5116 1088 5185 ἐγνωρίσαμεν,
1123 5111 1264 5164 οὕτω
1308 5110 1596 5178 συμὸαίνει
1655 5109 1751 5160 καὶ

165 5209 331 5264 ἀλλον
378 5205 518 5261 εἶναι
571 5203 956 5274 ἀγνοούμενον,
1011 5201 1105 5254 καὶ
1154 5200 1283 5253 ὄντα
1342 5199 1442 5266 μὲν
1482 5197 1636 5261 Θεὸν,
1687 5197 1749 5248 οὐ

169 5298 574 5369 γνωριζόμενον
598 5298 654 5350 δέ
679 5296 767 5364 ὑφ’
796 5292 975 5365 ἡμῶν.
1018 5291 1111 5345 καὶ
1162 5289 1252 5343 διὰ
1302 5288 1458 5344 τοῦτο
1499 5287 1750 5339 λανθάνει

171 5386 548 5458 ἀμελούμενος
577 5385 673 5438 καὶ
712 5384 788 5453 μὴ
836 5380 1292 5452 θεραπευόμενος.
1348 5377 1619 5447 Ἔστησαν
1659 5375 1752 5429 οὖν

171 5480 381 5554 βωμὸν,
424 5476 521 5530 καὶ
553 5473 895 5543 ἐπέγραψαν·
947 5470 1262 5542 Ἀτνώστφ
1304 5468 1444 5535 Θεῷ·
1479 5468 1636 5522 τοῦτο
1668 5469 1754 5521 λέ-

171 5588 364 5642 γοντες
403 5567 494 5622 διὰ
513 5563 980 5634 τοῦνγράμματος,
1024 5562 1106 5615 ὅτι
1137 5563 1247 5617 Καὶ
1276 5563 1434 5633 ξεττις
1471 5561 1587 5614 ἐστὶ
1614 5560 1747 5625 Θεὸς

1853 4655 2052 4708 ducere
2077 4664 2238 4720 atque
2275 4652 2586 4705 immutare.
2623 4650 2860 4703 Necesse
2884 4658 2970 4703 est
2993 4658 3172 4704 autem
3211 4650 3416 4717 dicere,

1852 4741 2009 4810 cujus
2025 4742 2100 4794 rei
2121 4740 2289 4812 gratia
2309 4740 2383 4794 illi
2403 4739 2749 4810 scripserant,
2775 4738 2960 4812 Ignoto
2983 4740 3106 4796 Deo.
3125 4741 3320 4798 Multos
3341 4743 3417 4800 illi

1852 4834 1981 4893 deos
1997 4833 2265 4888 habehant
2283 4843 2396 4887 tum
2417 4833 2621 4904 patrios
2644 4843 2802 4903 atque
2815 4833 3164 4894 domesticos,
3179 4843 3290 4888 tum
3315 4834 3419 4891 bo-

1852 4927 2020 4996 Spites
2042 4941 2105 4981 ac
2136 4926 2470 4997 peregrinos.
2489 4926 2597 4980 Hos
2620 4925 2780 4996 igitur
2797 4925 2988 4994 partim
3011 4926 3226 4995 quidem
3249 4944 3282 4984 a
3305 4945 3419 4984 ma-

1851 5016 2026 5069 tribus
2041 5023 2292 5082 acceptos
2325 5013 2616 5078 habebant,
2637 5012 2829 5080 partim
2853 5027 2980 5067 vero
3005 5029 3035 5068 a
3061 5015 3299 5074 ﬁnitimis
3319 5034 3416 5072 na-

1853 5106 2108 5160 tionibus.
2132 5103 2397 5168 Quoniam
2413 5117 2543 5173 ergo
2571 5119 2679 5158 non
2709 5119 2899 5162 omnes
2929 5107 2997 5174 ab
3015 5108 3168 5164 initio
3188 5126 3417 5180 accepe—

1853 5204 2003 5260 runt,
2037 5195 2131 5250 sed
2154 5195 2414 5264 paulatim
2449 5196 2518 5252 ah
2548 5196 2616 5252 iis
2644 5197 2938 5254 introducti
2967 5210 3141 5263 erant,
3176 5201 3264 5254 alii
3293 5205 3416 5272 qui-

1852 5288 1973 5342 dem
2002 5297 2160 5342 :etate
2187 5297 2426 5359 patrum,
2474 5290 2566 5343 alii
2607 5305 2730 5345 vero
2765 5301 3005 5358 tempore
3050 5306 3296 5356 avorum,
3324 5294 3414 5347 alii

1853 5380 2096 5450 ipsorum
2133 5388 2315 5444 aetate,
2365 5366 2673 5451 congregati
2724 5383 2982 5435 dixerunt
3016 5399 3027 5434 :
3057 5382 3416 5447 Quemadmo-

1856 5475 1985 5529 dum
2013 5474 2543 5544 hosignorabamus,
2585 5475 2780 5529 deinde
2815 5483 3002 5543 postea
3040 5491 3135 5533 eos
3161 5483 3416 5551 cognovi-

1852 5582 1975 5622 mus
2005 5608 2019 5632 ,
2055 5567 2146 5654 ita‘
2179 5567 2428 5622 accidere
2460 5574 2639 5635 potest
2669 5573 2728 5621 ut
2757 5567 2922 5623 etiam
2948 5569 3088 5627 alius
3116 5570 3409 5641 ignoretur,

1321 5701 1520 5805 \l'ariae
1558 5742 1862 5808 lectiones
1905 5750 1967 5806 et
2008 5747 2197 5805 ηοιω.
2273 5719 2280 5734 ’

252 5857 294 5889 ⁸³
321 5856 410 5911 τσ.
439 5852 763 5920 ἀνέστησαν.
831 5845 882 5898 3⁸
913 5843 1045 5914 ἡμῖν
1074 5841 1160 5896 ισ.
1289 5898 1292 5900 ν

507 5954 778 6012 Par-non.
824 5949 942 6008 Gtt.
987 5937 1224 6004 CXXV.

3010 5935 3091 6003 ει
