4094 6340
252 211 369 274 749

985 220 1388 308 EXPOSl'I‘lO
1427 183 1509 292 l_N
1542 224 1726 284 ACTA
1776 224 2352 292 APOSTOLORUM.
2375 258 2441 268 -
2465 206 2623 296 CAP.
2665 237 2848 298 xvu.

3385 244 3496 313 750

269 331 509 400 ’Ἄρατος
537 331 639 402 μὲν
679 334 706 386 ὁ
735 335 897 403 σοφὸς
928 336 1055 404 περὶ
1083 335 1177 388 τοῦ
1209 305 1326 397 Διὸς
1366 331 1520 389 εἷπε)
1571 323 1698 423 Τοῧ
1729 338 1804 406 τὰ

1904 377 1913 399 ι
1942 341 2092 395 Adeo
2115 357 2284 412 prope
2314 353 2418 406 est,
2445 345 2636 416 inquit,
2665 356 2724 402 ut
2757 304 2911 420 I57
2941 352 3146 423 absque
3191 349 3281 436 illo
3324 358 3507 418 vivere

247 423 355 482 καὶ
406 422 580 492 γένος
608 423 834 492 ἐσμέν·
870 443 1022 489 ουτος
1069 427 1125 478 δὲ
1173 427 1301 496 περὶ
1350 425 1441 478 τοῦ
1485 418 1829 499 Δημιουργοῦ

247 514 390 565 αὑτό
410 513 580 581 λέγει,
607 515 667 567 οὐ
694 515 784 569 τὸν
811 516 972 570 αὐτὸν
1005 517 1200 588 ἐκείνῳ
1231 518 1422 586 λέγων,
1468 519 1543 590 μὴ
1587 519 1832 586 γένοιτοι

249 604 417 657 Ἀλλά
461 609 522 658 τὸ
603 607 807 677 κυρίως
859 609 946 676 ἐπ’
1006 610 1155 680 αὐτῷ
1209 613 1253 643 ’⁸
1301 610 1508 673 λέγων’
1544 613 1684 664 ηὲπεὶ
1738 615 1833 667 καὶ

249 698 439 767 βωμὸν
466 698 655 752 τούτου
693 696 870 766 εἶπεν,
920 703 1018 754 οὑκ
1065 702 1269 755 ἐκείνου
1303 697 1364 757 οὗ
1429 702 1832 768 ἔσεϐον.ἰ“ἐνυς

243 789 345 841 τοῦ
377 790 509 844 Θεοῦ
541 787 694 845 εἶπεν
739 795 908 863 ἡμᾶς,
977 797 1253 848 τουτέστιν
1292 782 1550 859 οἰκείους
1597 797 1831 863 ἐγγυτά-

241 897 400 943 του;’
434 884 618 954 ἐπειδὴ
671 887 735 936 ὲκ
774 885 869 938 τοῦ
899 887 1091 954 γένους
1124 888 1282 956 ἡμῶν
1325 888 1353 938 ὁ
1401 887 1532 951 Θεὸς
1577 888 1834 958 εὐδόκησε

242 971 511 1055 τεχθῆναι
559 976 650 1028 ἐπὶ
697 977 797 1046 τῆς
839 980 964 1048 γῆς.
1018 980 1130 1032 Οὐκ
1176 977 1296 1032 εἷπε
1336 980 1414 1042 δὲ,
1451 981 1564 1034 Οὐκ
1593 979 1857 1050 ὀφείλετε.

243 1066 505 1135 χρυσῷῆ
555 1068 780 1139 ἀργύρῳ
829 1069 890 1122 τὸ
949 1071 1094 1122 οεῖον
1154 1071 1396 1141 νομίζειν
1447 1068 1585 1125 εἶναι
1629 1072 1834 1142 ὅμοιον,

240 1154 384 1208 ἀλλὰ
431 1160 812 1229 ταπεινότερον
860 1163 1075 1223 τούτου,
1137 1166 1258 1216 Οὐκ
1305 1165 1642 1232 όφείλομενδ
1694 1163 1834 1236 Ὅρα

234 1246 298 1297 δὲ
348 1247 465 1324 πῶς
504 1250 565 1302 τὸ
611 1251 901 1322 ἀσώματον
954 1255 1271 1323 εἰσήγαγεν.
1331 1258 1394 1309 'H
1439 1258 1547 1327 γὰρ
1590 1257 1817 1319 διάνοια,
1855 1340 1857 1342 _

233 1337 373 1391 ὅταν
397 1340 710 1412 ὑποπτεύσῃ
752 1342 930 1410 σῶμα,
971 1345 1066 1412 καὶ
1098 1344 1371 1416 διάστημά
1404 1347 1637 1400 ὑπονοεῖ.

1937 449 2045 489 non
2081 438 2374 505 possimus.
2400 439 2502 492 Per
2538 442 2708 509 ipsum
2753 444 2892 496 enim
2925 445 3141 501 vivimus
3171 458 3218 502 et
3243 467 3504 507 movemur

1920 539 1982 580 et
2007 544 2206 582 sumus.
2236 527 2400 594 Quasi
2436 545 2694 608 corporea
2725 533 3085 592 similitudine
3118 548 3281 610 atque
3314 543 3503 600 exem-

1937 615 2295 688 plo'ostendit
2323 620 2439 676 ﬁeri
2477 639 2586 676 non
2628 640 2808 693 posse,
2841 638 2902 681 ut
2922 643 3016 683 aer
3050 629 3140 699 qui
3175 634 3374 704 ubique
3412 637 3504 691 lu;

1937 724 2047 774 sus,
2080 718 2280 765 ac’non
2302 714 2489 780 procul
2507 715 2576 769 ab
2599 732 2924 787 unoquoque
2947 730 3211 785 nostrum,
3244 725 3352 780 imo
3375 744 3504 784 vero

1935 802 2025 870 qui
2077 804 2244 856 etiam
2291 805 2342 857 in
2391 806 2550 861 nobis
2585 817 2689 894 est,
2743 807 3041 880 ignoretur.
3095 813 3499 874 Providentiam

1933 895 2076 949 illius
2112 896 2397 966 signiliCat,
2443 907 2499 952 et
2537 900 2920 958 conﬂationcm
2956 917 3116 976 atquc
3159 896 3520 968 exercitatio?

1936 1001 2080 1048 nem,
2113 1003 2306 1054 nempe
2326 990 2467 1057 quod
2503 989 2571 1044 ab
2602 992 2693 1045 illo
2719 981 2890 1050 simus
2917 999 3107 1059 creati,
3145 1001 3287 1068 quod
3317 1006 3384 1058 ab
3409 1006 3501 1059 illo

1935 1075 2309 1144 proﬁciscatur
2351 1079 2645 1135 efﬁcientia
2674 1093 2728 1137 ct
2760 1095 2935 1146 actus.
2978 1091 3124 1156 quod
3167 1107 3274 1164 non
3309 1110 3499 1162 perea-

1935 1180 2074 1219 mus.
2115 1167 2176 1221 Ut
2205 1169 2365 1221 etiam
2399 1171 2614 1238 quidam
2646 1175 2796 1226 vestri
2822 1169 2989 1242 poeta?
3003 1178 3266 1234 dixerunt.
3303 1184 3500 1239 Aratus

1926 1258 2147 1327 quidem
2175 1259 2261 1312 ille
2297 1261 2513 1328 sapiens
2540 1262 2606 1316 de
2635 1262 2766 1319 Jove
2791 1265 2962 1320 dixit:
2989 1267 3141 1323 Illius
3159 1275 3297 1327 enim
3321 1292 3499 1332 sumus

1926 1349 2196 1418 progenies
2229 1352 2383 1423 :_sed
2412 1352 2500 1406 hic
2540 1353 2590 1407 id
2623 1353 2753 1408 dicit
2783 1355 2850 1415 de
2885 1357 3159 1424 Creatore,
3205 1379 3313 1418 non
3340 1380 3496 1422 eum-

235 1430 370 1485 dem
402 1433 732 1504 signiﬁcans,
764 1450 927 1504 quem
981 1436 1090 1491 ille.
1121 1438 1313 1493 Absit!
1346 1439 1439 1494 scd
1466 1439 1518 1492 id
1554 1438 1698 1508 quod
1737 1440 1956 1509 proprie
1992 1441 2059 1494 de
2081 1442 2192 1496 Deo
2229 1443 2336 1498 diri
2360 1446 2643 1510 convenit,
2687 1447 2997 1517 signiﬁcans
3036 1454 3288 1520 quoniam
3331 1459 3496 1525 etiam

234 1525 410 1578 altare
441 1525 602 1594 hujus
624 1527 775 1589 dicit,
795 1540 914 1593 .non
945 1527 1094 1583 illius
1119 1545 1280 1598 quem
1311 1531 1580 1588 colebant.
1615 1530 1934 1600 Progeniem
1985 1530 2079 1585 Dei
2127 1549 2225 1587 nos
2271 1549 2391 1589 esse
2437 1536 2593 1599 dixit,
2664 1539 2768 1593 hcc
2833 1549 2935 1603 est,
2981 1555 3237 1613 cognatos
3307 1553 3496 1617 prosi.

231 1631 400 1670 mus:
441 1618 697 1686 quoniam
746 1633 809 1672 ex
857 1635 1054 1688 genere
1102 1630 1292 1675 nostro
1335 1622 1448 1676 Deo
1497 1625 1674 1676 visum
1728 1631 1812 1676 est
1852 1622 2003 1676 nasci
2035 1624 2089 1676 in
2122 1633 2286 1679 terra.
2315 1625 2433 1680 Non
2465 1629 2601 1681 dixit
2626 1631 2974 1694 autem,Non
3041 1635 3250 1693 debetis
3311 1633 3496 1707 existi-

233 1722 389 1761 mare
419 1723 618 1761 nutucn
646 1708 888 1764 divinum
918 1711 1094 1765 simile
1123 1727 1242 1766 esse
1270 1728 1406 1768 auro
1458 1722 1554 1768 aut
1590 1723 1852 1784 argento:
1895 1713 1988 1768 sed
2019 1717 2165 1784 quod
2203 1718 2460 1773 humilius
2484 1727 2568 1772 cst
2596 1735 2757 1789 quam
2787 1723 2913 1787 hoc,
2957 1740 3152 1794 nempe
3191 1726 3310 1783 Non
3341 1731 3497 1788 debe-

232 1816 372 1853 mus.
415 1800 548 1854 Vide
570 1808 752 1854 autem
791 1811 852 1856 ut
884 1802 1249 1858 introduxerit
1277 1805 1328 1858 id
1352 1805 1495 1874 quod
1527 1814 1610 1860 est
1639 1805 2042 1873 incorporeum.
2078 1807 2230 1864 Mens
2273 1799 2419 1866 enim
2487 1827 2610 1867 cum
2651 1830 2851 1884 corpus
2890 1831 3011 1872 esse
3075 1829 3252 1889 putat,
3324 1804 3488 1886 etiam

231 1892 582 1945 intervallum
615 1907 735 1947 esse
767 1893 1082 1948 arbitratur.
1488 1914 1493 1925 '
1567 1888 1591 1912 Χ
1670 1890 1672 1892 ’
1897 1927 1900 1932 -
2256 1952 2259 1953 ν

310 1984 455 2049 Τοὺς
478 1984 594 2052 μέν
616 1982 728 2040 οὖν
763 1988 1021 2055 χρόνους
1046 1988 1156 2058 τῆς
1180 1991 1425 2058 ἀγνοίας
1449 1989 1743 2058 ὑπεριδὼν
1768 1992 1800 2042 ό

1986 1987 2150 2042 Vens.
2197 1988 2284 2043 30.
2331 1990 2403 2042 Ac
2446 2000 2681 2059 tempora
2721 1995 2930 2061 quidem
2976 2000 3129 2054 istius
3172 2002 3486 2072 ignorantia:

228 2077 403 2141 Θεὸς,
452 2077 641 2131 τανῦν
686 2080 1087 2148 παραγγέλλει
1131 2081 1253 2148 τοῖς
1285 2082 1614 2151 ἀνθρώποις
1654 2081 1804 2138 πᾶσι

1907 2100 2021 2136 cum
2067 2085 2203 2140 Deus
2243 2100 2402 2154 usque
2430 2087 2524 2139 hoc
2563 2096 2760 2154 tempus
2790 2089 3158 2159 dissimularit,
3205 2113 3342 2152 nunc
3367 2117 3485 2155 om-

224 2169 544 2237 πανταχοῦ
577 2170 912 2239 μετανοεῖν.
1690 2196 1692 2199 ν

1907 2174 2086 2235 nibus,
2130 2174 2218 2241 qui
2249 2173 2436 2243 ubique
2463 2185 2605 2240 sunt,
2644 2178 2936 2233 hominibus
2967 2181 3279 2252 denuntiat,
3319 2197 3378 2242 ut
3409 2193 3501 2244 ad-

1905 2265 2184 2316 sanitatem
2219 2275 2568 2319 revertantur.
3194 2281 3198 2284 '

300 2351 454 2402 Ato’rt
483 2351 750 2417 ἔστησεν
778 2351 1027 2419 ἡμέραν,
1053 2351 1123 2404 ἐν
1199 2353 1409 2419 μέλλει
1437 2355 1662 2421 κρίνειν
1689 2353 1803 2420 τὴν

1977 2353 2134 2407 Vens.
2187 2354 2274 2408 3|.
2311 2354 2606 2424 Propterea
2660 2359 2797 2423 quod
2838 2363 3023 2414 statuit
3062 2363 3238 2430 diem,
3277 2370 3332 2423 in
3366 2389 3467 2442 quo

219 2439 594 2508 οἰκουμένην
618 2439 686 2492 ἑν
721 2440 1079 2509 δικαιοσύνῃ
1107 2443 1176 2494 ἐν
1196 2442 1382 2510 Ἀνδρὶ
1410 2437 1457 2510 ᾧ
1474 2441 1672 2511 ὥρισε,
1705 2447 1802 2496 πί-

1904 2445 2042 2512 juste
2058 2447 2397 2514 judicalurus
2419 2462 2494 2501 est
2524 2447 2698 2502 orbem
2723 2459 2984 2504 terrarum
3008 2469 3100 2522 per
3130 2456 3307 2513 Virum
3325 2479 3476 2533 quem

215 2544 369 2582 στιν
399 2529 726 2600 παρασχὼν
757 2528 970 2596 πᾶσιν,
1000 2531 1355 2599 ἀναστήσας
1386 2536 1570 2588 αὐτὸν
1602 2535 1668 2587 ἐκ
1702 2551 1800 2588 νε·

215 2620 408 2688 περῶν.
932 2622 935 2626 ’
1123 2626 1128 2632 ’
1455 2621 1458 2623 ’

311 2708 708 2774 Ἀκούσαντες
768 2709 836 2763 δὲ
895 2711 1236 2764 ἀνάστασιν
1283 2712 1530 2778 νεκρῶν,
1586 2716 1638 2764 οι
1683 2712 1801 2780 μὲν

219 2799 568 2865 ἐχλεύαζον,
599 2803 653 2853 οι
685 2799 754 2852 δὲ
790 2795 990 2854 εἶπον·
1027 2801 1428 2869 Ἀκουσόμεθὰ
1461 2819 1577 2855 σου
1617 2804 1800 2856 πάλιν

216 2890 364 2956 περὶ
395 2893 628 2946 τούτου.

297 2981 408 3035 Kal
438 2982 624 3047 οὕτως
661 2986 694 3037 ό
746 2984 988 3051 Παῦλος
1032 2983 1290 3052 ἐξῆλθεν
1341 2985 1410 3038 ἐκ
1463 2989 1659 3054 μέσου
1689 2991 1795 3040 αὐ.

214 3071 367 3127 τῶν.
1377 3093 1380 3096 ‘

301 3163 465 3230 Τινὲς
484 3164 550 3218 δὲ
572 3165 778 3235 ἄνδρες
802 3168 1196 3236 κολληθέντες
1210 3168 1386 3236 αὐτῷ,
1407 3169 1794 3222 ἐπίστευσαν-υ

211 3255 292 3309 ἐν
322 3249 412 3322 οἷς
463 3259 775 3324 Διονύσιος
795 3260 842 3291 ¹⁰
894 3263 926 3312 d
967 3261 1427 3328 Ἀρειοπαγίτης,
1483 3259 1581 3312 καὶ
1634 3259 1788 3328 γυνὴ

213 3345 468 3415 ὀνόματι
494 3347 770 3415 Δάμαρις,
809 3348 907 3400 καὶ
932 3349 1119 3416 ἕτεροι
1152 3350 1273 3402 σὺν
1306 3348 1531 3414 αὺτοῖς.

298 3436 444 3499 Τοὺς
473 3435 588 3504 μὲν
620 3432 734 3491 οὖν
778 3438 1035 3506 χρόνους
1079 3439 1190 3507 τῆς
1226 3440 1488 3511 ἀγνοίας.
1538 3440 1612 3493 Οὐ
1667 3441 1792 3510 περὶ

212 3529 334 3580 τῶν
365 3527 706 3581 ἀπελθόντων
737 3530 904 3599 λέγει,
939 3531 1056 3585 ἀλλ’
1085 3529 1165 3595 οἷς
1203 3534 1576 3603 παραγγέλλει
1602 3534 1643 3563 ¹²
1663 3549 1676 3562 ·
1712 3526 1792 3593 οἷς

209 3620 322 3674 οὐκ
349 3616 491 3682 εἷπε,
536 3621 809 3690 παρεῖδεν.
851 3623 925 3676 Οὐ
957 3623 1104 3692 λέγει
1133 3624 1210 3690 δὲ,
1257 3626 1504 3687 Έκόντες
1527 3625 1792 3693 ἐκακουρ-

211 3704 452 3782 τήσάτε,
493 3713 634 3779 ἀλλ’,
703 3715 1454 3786 Ἦγνοήσατε.,Παραγγέλλει
1504 3714 1656 3782 γοῦν,
1691 3716 1790 3767 οὐκ

209 3807 444 3858 άπαιτεί
487 3805 726 3871 κόλασιν,
785 3805 972 3878 ὥσπερ
1023 3807 1208 3872 ἀξίους
1263 3806 1420 3869 ὄντας
1477 3806 1786 3868 κολάσεως·

209 3899 276 3951 ἁ)
291 3888 358 3951 λὰ
388 3897 553 3951 τανῦν
602 3899 756 3951 καλεῖ
790 3899 924 3968 πρὸς
961 3900 1270 3967 μετάνοιάν.
1315 3899 1467 3952 Διότι
1526 3899 1790 3964 ἔστησεν

207 3993 466 4060 ἡμέραν,
510 3992 578 4045 ἐν
621 3986 661 4062 ᾖ
710 3991 924 4060 μέλλει
975 3993 1201 4060 κρίνειν
1237 3990 1350 4057 τὴν
1396 3990 1774 4058 οἰκουμένην.

223 4083 591 4148 Ἀνάγκαεως,
652 4083 808 4153 φησι,
860 4083 1042 4152 κρίσιν
1102 4084 1246 4135 κατὰ
1296 4082 1484 4132 πασῶν
1535 4079 1786 4145 πράξεων

210 4174 315 4226 καὶ
339 4173 642 4244 διαλήψεων
682 4175 897 4245 ποιήσει
930 4177 989 4225 ὲν
1021 4173 1222 4240 ’Δνδρὶ,
1250 4170 1309 4223 ὂν
1346 4171 1542 4244 ᾦρισεν
1569 4168 1785 4221 ἔσεσθαι

210 4271 412 4340 κριτὴν
443 4269 658 4332 ζώντων
698 4270 793 4323 καὶ
817 4269 1026 4338 νεκρῶν
1049 4283 1062 4294 ·
1101 4264 1253 4329 οὗτος
1284 4265 1340 4319 δέ
1376 4267 1524 4317 ἐστιν
1564 4265 1593 4315 6
1642 4265 1788 4317 ἐναν-

210 4363 517 4431 ορωπήσας
546 4360 770 4427 Κύριος.
807 4359 1035 4427 Μεγάλα
1079 4359 1138 4412 δὲ
1179 4358 1272 4411 καὶ
1303 4358 1483 4426 ὑψηλὰ
1523 4357 1787 4434 ἀκούσαν-

207 4467 328 4514 τες,
357 4449 481 4502 οὐδὲ
512 4452 826 4518 προσεῖπον,
861 4449 997 4502 ἀλλὰ
1021 4450 1120 4521 τὴν
1151 4451 1447 4504 ἀνάστασιν
1474 4449 1784 4520 ἐχλεύαζον.

1905 2538 2023 2589 huic
2054 2540 2259 2607 negotio
2289 2537 2587 2603 destinavit,
2619 2541 2878 2612 ﬁdemque
2910 2546 3031 2613 fecit
3061 2551 3317 2618 omnibus,
3350 2556 3474 2611 dum

1904 2626 2052 2679 illum
2091 2643 2155 2679 ea:
2187 2631 2406 2682 mortuis
2439 2633 2789 2692 resuscitavit.

1977 2717 2134 2772 Vens.
2160 2720 2248 2773 52.
2279 2722 2473 2775 Audita
2499 2733 2674 2778 autem
2712 2731 3085 2786 resurrectione
3122 2747 3468 2802 mortuorum,

1843 2864 1852 2871 κ
1903 2807 1998 2859 alii
2041 2811 2250 2877 quidem
2295 2813 2609 2879 irridebant,
2658 2817 2754 2870 alii
2793 2837 2913 2873 vero
2946 2824 3232 2881 dixerunt:
3273 2829 3468 2883 Audie-

1905 2915 2018 2951 mus
2051 2910 2099 2952 te
2125 2919 2303 2956 rursus
2328 2903 2393 2957 de
2420 2905 2622 2960 Itacre.

1974 2989 2132 3044 Vens.
2164 2993 2248 3045 53.
2275 2989 2441 3062 Atque
2471 2997 2546 3049 ita
2572 2995 2772 3052 Paulus
2798 3001 2957 3053 exivit
2985 3002 3049 3056 de
3075 3008 3244 3061 medio
3266 3026 3461 3067 eorum.

1973 3163 2136 3220 Vens.
2175 3169 2261 3220 3i.
2309 3168 2416 3223 Sed
2449 3171 2665 3239 quidam
2706 3154 2954 3232 viri~sese
2995 3180 3075 3234 illi
3112 3179 3466 3254 adiunxerunt

1902 3264 2057 3324 atque
2083 3259 2412 3314 crediderunt
2431 3278 2449 3314 :
2483 3263 2536 3314 in
2559 3280 2780 3332 quorum
2808 3285 3021 3325 numero
3043 3284 3159 3327 erat
3188 3276 3467 3350 Dionysius

1898 3347 2235 3418 Areopagila,
2247 3359 2307 3414 et
2325 3353 2509 3407 mulier
2524 3358 2729 3411 nomine
2749 3359 2826 3418 Da
2835 3365 3015 3428 maris,
3031 3375 3080 3419 et
3092 3368 3188 3422 alii
3205 3347 3460 3429 eum'illis.

1971 3438 2043 3490 Ac
2071 3436 2304 3508 tempora
2337 3443 2547 3512 quidem
2569 3447 2722 3501 istius
2750 3451 3085 3523 ignorantur,
3119 3469 3224 3515 etc.
3250 3455 3365 3517 Non
3396 3466 3463 3519 de

1898 3530 2126 3584 mortuis
2150 3532 2408 3600 loquitur,
2443 3536 2535 3590 sed
2561 3539 2628 3593 de
2659 3539 2743 3604 iis,
2768 3543 2966 3612 quibus
2989 3547 3274 3608 denuntiat
3299 3555 3458 3611 Deus.

1904 3622 2224 3694 ’Υπεριδὼν,
2246 3627 2298 3680 id
2320 3641 2442 3682 cum
2468 3630 2793 3708 despexerit,
2812 3652 2933 3690 cum
2953 3637 3324 3708 dissimularit,
3351 3661 3460 3700 non

1896 3713 2049 3780 dixit,
2086 3718 2358 3786 παρεῖδεν,
2387 3719 2439 3771 id
2475 3723 2692 3788 proprie
2719 3707 3020 3794 signiﬁcat,
3067 3707 3348 3800 perperam
3382 3737 3460 3790 vi-

1894 3806 1991 3868 dit,
2025 3806 2349 3861 allucinatus
2379 3818 2481 3873 eSt,
2510 3810 2638 3865 dum
2666 3813 2812 3869 aliud
2849 3831 2944 3885 pro
2971 3819 3078 3874 alio
3108 3823 3339 3880 videndo
3366 3842 3460 3885 ac.-

1895 3898 2045 3966 cipit,
2078 3896 2222 3968 quod
2255 3899 2331 3954 de
2357 3900 2465 3955 Deo
2494 3903 2755 3972 suspicari
2789 3907 3084 3965 absurdum
3113 3922 3197 3968 est
3247 3925 3302 3972 et
3327 3919 3459 3974 alie-

1892 4004 2044 4042 num.
2088 3987 2206 4043 Non
2239 3990 2373 4044 dicit
2402 4001 2583 4048 autem
2606 4035 2620 4056 ,
2655 3993 2861 4064 Sponte
2886 4014 2949 4054 ac
2974 4001 3251 4060 voluntate
3282 4017 3460 4063 vestra

1893 4090 2052 4150 atque
2103 4084 2352 4138 consulto
2400 4087 2664 4154 peccastis
2711 4097 2765 4142 et
2815 4092 3044 4148 maleﬁci
3091 4093 3308 4163 fuistis,
3337 4101 3458 4164 sed.

1893 4173 2176 4242 ignorastis
2211 4176 2338 4245 quid
2381 4177 2542 4245 fuerit
2579 4179 2901 4248 faciendum.
2937 4181 3232 4241 Denuntiat
3275 4189 3455 4258 igitur,

1892 4283 1998 4322 non
2031 4283 2219 4338 pinnas
2239 4272 2463 4340 expetit,
2495 4281 2748 4342 tanquam
2775 4290 2804 4328 a
2827 4270 3091 4346 supplicio
3119 4279 3294 4351 dignis
3320 4299 3333 4335 :
3362 4287 3456 4339 scd

1892 4374 2038 4412 nunc
2065 4359 2259 4413 invitat
2282 4361 2350 4415 ad
2383 4362 2778 4430 paenitentiam,
2800 4365 2866 4418 ad
2894 4345 3164 4420 saniorem
3177 4345 3456 4434 vmentem.

1890 4459 1945 4504 et
1983 4459 2043 4504 ut
2085 4466 2184 4506 vos
2223 4455 2291 4506 ad
2336 4453 2544 4524 frugem
2593 4454 2788 4508 bonam
2831 4457 3123 4525 recipiatis.
3169 4457 3455 4527 Propterea

212 4540 488 4610 Ψυχικὸς
506 4532 652 4616 γάρ,
676 4541 864 4610 φησιν,
889 4541 1195 4612 ἄνθρωπος,
1215 4545 1286 4595 οὐ
1315 4542 1548 4610 δέχεται
1581 4543 1651 4595 τὰ
1681 4543 1786 4597 τοῦ

1904 4543 2028 4611 yuod
2064 4545 2252 4597 statuit
2277 4546 2437 4609 diem,
2471 4548 2524 4598 in
2557 4563 2658 4613 quo
2678 4547 3021 4614 judicaturus
3046 4557 3122 4602 est
3153 4553 3326 4607 orbem
3353 4564 3456 4609 ter-

206 4635 580 4701 Πνεύματος.
611 4661 677 4673 —
702 4634 810 4686 Kal
847 4633 1033 4698 οὕτως
1065 4637 1113 4688 ..ό
1157 4633 1395 4699 Παῦλος
1431 4633 1691 4701 ἐξῆλθεν
1716 4635 1784 4686 ἐκ

1904 4653 2093 4710 tarum.
2140 4638 2484 4699 Nect:ssario,
2533 4637 2734 4705 inquit,
2780 4637 3046 4706 judicium
3094 4642 3160 4698 de
3205 4646 3457 4702 omnibus

199 4726 402 4794 μέσου
431 4725 652 4780 αὐτῶν.
693 4724 870 4791 Οὕτω,
909 4725 1058 4790 πῶς;
1092 4726 1228 4787 Τοὺς
1267 4727 1364 4794 μὲν
1414 4723 1784 4806 Misagene

1904 4725 2044 4779 ‘actis
2077 4736 2237 4795 atque
2265 4728 2513 4797 cogitatis
2549 4726 2708 4797 138
2730 4729 2890 4786 faciet
2923 4746 3015 4800 per
3046 4732 3255 4800 Virum,
3292 4747 3451 4806 quem

202 4820 260 4872 δὲ
294 4817 405 4871 τῶν
423 4818 752 4888 γελώμενος.
789 4808 955 4884 Τινὲς
978 4819 1044 4872 δὲ
1061 4805 1455 4884 ἐπίστευσαν,
1485 4819 1552 4872 ἐν
1567 4804 1780 4889 efﬂuat

1904 4817 2180 4872 lestinavit
2207 4818 2445 4884 judicem
2480 4820 2726 4874 vivorum
2761 4831 2817 4876 ct
2849 4835 3185 4881 mortuorum
3217 4847 3230 4882 :
3266 4829 3312 4883 is
3349 4845 3448 4882 au-

205 4910 578 4974 Διονύσιοςό
605 4910 1045 4977 Ἀρεοπαγίτης.
1079 4910 1222 4975 Ἔξω
1244 4911 1341 4981 τῆς
1373 4910 1579 4970 πόλεως
1607 4905 1675 4978 ἧν
1711 4908 1778 4960 τὸ

1904 4924 1994 4960 ,om
2046 4917 2127 4961 est
2170 4908 2455 4975 Dominus,
2499 4913 2592 4981 qui
2638 4915 2799 4971 homo
2839 4917 3015 4973 lactus
3041 4928 3140 4986 est.
3181 4919 3448 4976 Caeterum

202 5002 324 5055 κατ’
345 4999 566 5070 Ἀρειον
591 5000 772 5068 Πάγον
793 5001 1161 5069 δικαστήριον.
1183 5001 1456 5063 Ἑδίκαζον
1476 4998 1578 5066 οὖν,
1593 5000 1647 5051 Ἀ
1657 4999 1776 5068 ρἐο-

204 5096 436 5160 πάγίτάι
473 5097 601 5160 περὶ
635 5090 743 5143 τῶν
779 5089 1110 5161 σφαλμάτων
1141 5092 1358 5145 πάντων
1389 5091 1484 5142 καὶ
1511 5087 1772 5158 ἀνομιῶν.

203 5184 298 5235 Διὰ
323 5181 486 5234 τοῦτο
515 5182 609 5235 ᾰτε
643 5180 807 5251 ξένων
828 5182 1120 5250 δαιμονίων
1148 5181 1484 5250 καταγγελέα
1513 5181 1606 5234 τὸν
1632 5179 1778 5234 Παῦ-

205 5275 294 5329 λον
329 5277 470 5345 πρὶς
515 5274 618 5344 τὴν
677 5273 737 5338 ἐξ
779 5275 988 5343 Ἀρείου
1025 5275 1214 5343 Πάγου
1261 5275 1456 5346 βουλὴν
1496 5275 1775 5330 ἕλκουσιν

1886 5012 2009 5051 cum
2053 5013 2243 5068 magna
2286 5010 2446 5070 atque
2485 5005 2736 5059 sublimia
2770 5007 3075 5069 audissent,
3110 5022 3179 5060 ne
3206 5010 3444 5080 alloquio

1884 5090 2101 5159 quidem
2133 5091 2280 5146 illum
2306 5094 2506 5165 dignati
2534 5105 2680 5160 sunt,
2708 5099 2802 5151 sed
2833 5099 3314 5155 ressurrectionem
3349 5105 3447 5158 dc-

1889 5184 2156 5239 ridebant.
2189 5186 2452 5241 Animalis
2480 5187 2651 5250 enim,
2686 5187 2883 5257 inquit,
2916 5191 3079 5246 homo
3112 5208 3220 5247 non
3254 5194 3448 5262 probat

1828 5286 1831 5287 '
1887 5290 2066 5344 neque
2094 5277 2437 5344 amplectitur
2463 5277 2784 5345 spiritualia.
2813 5279 2981 5351 Atque
3006 5285 3081 5337 ita
3110 5283 3312 5339 Paulus
3335 5287 3448 5340 exi—

1391 5441 1590 5501 Variae
1636 5440 1942 5503 lectiones
1986 5449 2047 5503 et
2086 5449 2278 5502 noue.

236 5635 244 5640 κ
275 5593 322 5624 ¹⁹
359 5591 733 5668 Videlurlocus
752 5574 1045 5668 corruptus.
1121 5592 1166 5622 ³ο
1196 5591 1259 5645 1η
1287 5592 1509 5660 vulgatis
1542 5589 1712 5657 est,£v
1735 5583 1804 5650 οἷς

1904 5592 1934 5642 ιι
1959 5591 2249 5656 Διονύσιος.
2326 5596 2366 5626 ¹¹
2411 5595 2626 5650 Videtur
2645 5597 2784 5650 locus
2804 5599 3117 5664 mutilus,ac
3141 5601 3446 5668 desiderari,

210 5662 503 5734 ὕπεριδὼν,
537 5673 630 5716 aut
661 5659 830 5714 simile
851 5661 994 5728 quid.
1379 5659 1389 5660 ί
