4094 6340
236 320 352 384 T13

920 319 1330 384 EXPOSITlO
1358 311 1440 385 IN
1469 322 1666 384 ACTA
1711 294 2298 397 APOSTOLORUM.
2321 359 2394 372 —
2422 335 2586 399 CAP.
2616 339 2741 400 xx.

3388 345 3496 408 774

231 431 336 482 ἐπὶ
376 429 485 498 τῆς
534 429 796 499 θυρίδος,
849 434 1332 502 καταφερόμενος
1384 434 1553 501 ὕπνῳ
1607 434 1808 500 βαθεῖ,

1919 444 2128 497 nomine
2155 442 2422 515 Eutychus
2463 451 2518 503 in
2546 455 2800 519 terrestre,
2851 463 2899 507 et
2934 453 3105 509 Paulo
3149 457 3351 511 diutius
3379 476 3493 514 ser-

230 519 665 589 διαλεγομένου
707 521 816 576 τοῦ
856 523 1100 578 Παύλου
1147 524 1248 576 ἐπὶ
1294 524 1531 585 πλεῖον,
1574 541 1818 580 κατενε-

232 613 406 681 χθεὶς
431 613 548 667 ἀπὸ
570 612 618 646 ⁸³
669 613 779 668 τοῦ
830 614 1313 681 ὕπνον,·ἓπεσεν
1338 615 1458 670 ἀπὸ
1505 615 1819 686 τριστέγου

232 703 396 756 κάτω
416 720 430 732 ·
455 703 555 756 καὶ
585 703 738 772 ἤρθη
771 706 1008 772 νεκρός.

313 794 652 865 Συνετὰραξε
683 796 784 866 τὴν
825 794 1359 866 ἑορτὴνὸδιάὸολος,
1397 798 1488 851 τὸν
1538 783 1819 868 ἀκροατὴν

234 884 392 955 ὕπνῳ
446 885 813 954 κατενεγκών.
855 885 982 939 Ἐπὶ
1010 884 1227 956 θυρίδος
1260 887 1499 959 ἐκάθητο
1537 888 1676 959 ἀωρὶ
1712 890 1818 942 τῶν

232 975 480 1028 νυκτῶνο
512 977 756 1041 τοιοῦτος
804 973 873 1047 ἦν
910 980 945 1030 .6
997 977 1163 1040 πόθος
1201 979 1301 1048 τῆς
1339 981 1689 1050 ἀκροάσεως*
1723 982 1820 1035 καὶ

231 1064 294 1117 τδ
344 1065 654 1136 θαυμαστὸν
683 1068 765 1119 ὅτι
801 1067 920 1132 νέος
959 1065 1057 1132 ὢν,
1111 1067 1212 1120 οὐκ
1266 1064 1334 1138 ἦν
1384 1069 1670 1140 ρᾁυμοςυ
1725 1070 1818 1122 καὶ

234 1157 390 1227 ὕπνῳ
429 1158 878 1227 καταφερόμενος
908 1160 1010 1213 οὐκ
1032 1158 1268 1230 ἀπέστη,
1325 1161 1446 1213 οὐδὲ
1494 1161 1668 1214 ἔδεισε
1726 1158 1817 1212 τὸν

231 1249 486 1303 κίνδυνον
522 1250 598 1320 μὴ
632 1250 959 1321 κατενεχθῇ.
1002 1251 1078 1304 Οὐ
1120 1251 1229 1322 γὰρ
1264 1251 1374 1305 ἀπὸ
1421 1252 1699 1324 ῥᾳθυμίας
1735 1255 1815 1304 ἐνο

231 1339 492 1408 ὑσταξεν,
521 1342 639 1395 ἀλλ’
660 1343 769 1396 ἀπὸ
792 1342 1042 1414 ἀνάγκης
1076 1341 1315 1413 φύσεως.

307 1519 578 1583 Καταϐὰς
632 1516 703 1570 δὲ
737 1520 769 1571 ὁ
817 1517 1080 1583 Παῦλος,
1139 1518 1448 1572 ἐπέπεσεν
1475 1519 1657 1585 αὐτῷ,
1715 1523 1814 1576 καὶ

225 1610 701 1680 συμπεριλαϐών
741 1606 907 1663 εἷπε*
962 1611 1058 1678 Μὴ
1105 1610 1447 1680 θορυϐἦσθε
1461 1611 1506 1642 ⁸⁸
1529 1630 1544 1646 ο
1612 1613 1652 1681 ἡ
1703 1613 1815 1682 τὰρ

227 1704 409 1774 ψυχὴ
448 1705 634 1758 αὑτοῦ
662 1703 734 1757 ἐν
764 1701 924 1770 αὐτῷ
952 1703 1146 1756 ἐστιν.

324 1797 575 1860 Ἀναϐὰς
623 1794 691 1848 δὲ
745 1795 844 1848 καὶ
872 1795 1111 1860 κλάσας
1143 1792 1347 1860 ἄρτον,
1381 1794 1480 1847 καὶ
1523 1795 1809 1865 γευσάμεα
1833 1776 1888 1836 ’Β

223 1905 360 1953 νος,
399 1884 492 1954 ἐφ’
552 1873 764 1939 ἱκανόν
784 1885 914 1939 "28
961 1883 1263 1954 ὁμιλήσας·
1313 1884 1489 1954 ἄχρις
1507 1887 1551 1917 ⁸⁸
1596 1886 1808 1957 αὐγῆς,

223 1980 428 2043 οὔτως
456 1977 742 2044 ἐξῆλθεν.
1337 1975 1340 1978 ’

309 2073 574 2141 Ἦγαγον
595 2070 664 2123 δὲ
691 2068 800 2124 τὸν
826 2067 1010 2123 παῖδα
1047 2067 1236 2130 ζῶντα
1255 2111 1271 2135 ,
1301 2068 1399 2122 καὶ
1441 2072 1816 2140 παρεκλήθη-

225 2178 355 2216 σαν
392 2165 463 2217 οὑ
497 2163 773 2231 μετρίως.

319 2253 520 2322 Ἡμεῖς
549 2253 619 2306 δὲ
653 2254 1106 2322 προσελθόντες
1122 2255 1168 2286 ⁸⁹
1214 2255 1314 2309 ἐπι
1340 2257 1406 2310 τὸ
1437 2257 1676 2320 πλοῖον,
1711 2258 1817 2311 ἀν-

222 2351 506 2419 ήχθημεν
555 2351 644 2417 εὶς
687 2348 805 2418 τὴν
836 2352 1073 2404 Ἀσσον
1091 2351 1160 2416 ⁸⁸,
1214 2349 1444 2404 ἐκεῖθεν
1481 2351 1816 2425 μέλλοντες

223 2441 687 2514 ἀναλαμϐάνειν
723 2444 832 2496 τὸν
864 2435 1134 2500 Παῦλον.

319 2537 390 2590 'H
411 2537 522 2604 γὰρ
548 2535 722 2605 ψυχὴ
760 2525 949 2589 αὐτοῦ
973 2537 1044 2589 ἐν
1073 2535 1235 2600 αὺτῷ
1265 2537 1458 2592 ἐστιν.
1491 2538 1608 2592 Οὐκ
1636 2535 1812 2608 εἶπεν,

233 2633 644 2702 ’Λναστήσεται
667 2648 680 2664 ·
731 2630 875 2701 Ἐγὼ
901 2631 1079 2704 ὲγερῶ
1113 2633 1300 2689 αὐτόν.
1350 2635 1491 2704 Ὅρα
1521 2634 1582 2687 τὸ
1609 2635 1816 2703 ἄτυφον

217 2723 400 2778 αὑτοῦ
435 2725 533 2778 καὶ
561 2722 1000 2794 παρακλητικὸν.

304 2811 471 2866 Οὕτω
498 2811 608 2882 γὰρ
634 2808 718 2883 ἦν
775 2811 1256 2882 διατεταγμένος,
1310 2812 1559 2881 μέλλων
1627 2813 1805 2880 αὐτὸς

219 2900 524 2961 πεζεύειν.

314 2995 412 3059 Ὠς
439 2993 508 3047 δὲ
536 2980 880 3050 συνέϐαλεν
913 2998 1059 3066 ἡμῖν
1090 2999 1179 3069 εἰς
1217 2997 1337 3066 τὴν
1361 3000 1608 3066 ¹Ἄσσον,
1669 2999 1814 3054 ἀνα-

217 3087 521 3151 λαϐόντες
545 3087 736 3140 αὑτὸν
765 3087 1033 3157 ἤλθομεν
1057 3092 1145 3154 εἱς
1181 3089 1552 3156 Μιτυλήνην.

302 3178 593 3233 Κάκεῖθεν
624 3179 1153 3246 ἀποπλεύσαντες,
1217 3181 1292 3250 τῇ
1356 3181 1612 3250 ἐπιούσῃ
1674 3199 1812 3234 κατ-

221 3273 588 3341 ηντήσαμεν
617 3272 864 3343 ἀντικρὺ
899 3274 1045 3328 Χίου
1067 3289 1080 3302 °
1110 3273 1185 3344 τῇ
1225 3274 1292 3328 δὲ
1319 3275 1489 3344 ἑτέρᾳ
1514 3276 1828 3344 παρεϐάλε,

219 3368 422 3432 λομεν
441 3367 509 3399 '°‘
533 3367 618 3432 εἰς
641 3364 865 3436 Σάμον,
889 3367 984 3420 καὶ
1017 3369 1336 3436 μείναντες
1357 3367 1426 3421 ἐν
1453 3369 1810 3437 Τρογγυλίῳ,

219 3457 308 3525 τῇ
338 3458 598 3526 ἐχομένῃ
632 3459 902 3527 ἤλθομεν
927 3462 1016 3524 εις
1052 3461 1350 3527 Μίλητον.

303 3551 560 3604 Μέλλων
605 3551 791 3615 αὐτὸς
838 3550 1127 3611 πεζεύειν.
1203 3552 1278 3603 Τὸ
1328 3549 1427 3620 μὲν
1479 3551 1814 3622 κουφότερον

223 3643 466 3705 ἐκεινοις
497 3642 846 3714 ἐπιτρέπων·
901 3644 960 3695 τὸ
985 3643 1041 3695 δὲ
1079 3642 1481 3712 ἐπιπονώτερον
1508 3643 1672 3704 αὐτὸς
1721 3643 1810 3694 αἱ·

224 3734 521 3806 ρούμενος,
587 3729 882 3797 ἐπέζεσενο
950 3734 1067 3804 ἅμα
1121 3733 1215 3787 καὶ
1265 3733 1437 3786 πολλὰ
1488 3734 1809 3804 οἰκονομῶν,

223 3828 509 3884 παιδεύων
538 3846 598 3882 τε
628 3829 826 3891 αὐτοὺς
858 3825 1192 3898 χωρίζεσθαι
1219 3826 1411 3880 αὐτοῦ.

305 3921 549 3988 Ἔκρινε
569 3921 680 3992 γὰρ
704 3923 740 3976 ό
768 3918 1013 3985 Παῦλος
1039 3917 1463 3987 παραπλεῦσαι
1501 3919 1616 3987 τὴν
1636 3921 1810 3989 Ἐφε-

221 4028 370 4076 σον,
410 4011 572 4079 ὅπως
615 4013 701 4080 μὴ
757 4010 1002 4082 γένηται
1034 4009 1196 4076 αὑτῷ
1222 4011 1687 4081 χρονοτρεϐῆσαι
1743 4013 1812 4065 ἐν

221 4101 306 4170 τῇ
348 4103 533 4169 Ἀσίᾳ.
582 4103 892 4157 Ἕσπευδε
928 4103 1059 4172 γὰρ,
1092 4107 1142 4157 εὶ
1183 4105 1448 4158 δυνατὸν
1500 4101 1580 4173 ἦν
1627 4104 1808 4169 αὐτῷ,

220 4195 346 4261 τὴν
375 4193 607 4264 ἡμέραν
640 4195 748 4263 τῆς
777 4194 1208 4262 Πεντηκοστῆς
1246 4194 1527 4264 γενέσθαι
1578 4199 1665 4262 εἰς
1704 4197 1810 4249 Ἰε-

217 4288 564 4356 ροσόλυμα.

313 4380 476 4450 Ὁρᾷς
499 4379 593 4432 καὶ
623 4377 995 4451 ἐπιθυμοῦντα
1021 4379 1184 4433 αὐτὸν
1217 4379 1311 4434 καὶ
1340 4380 1661 4447 σπεύδοντα,
1713 4382 1806 4433 καὶ

1924 535 2224 590 mocinante
2277 537 2393 591 alto
2421 540 2601 594 som‘no
2637 553 2978 610 premeretur,
3036 562 3219 600 somno
3243 558 3494 617 gravatus

1919 626 2106 678 cecidit
2160 642 2225 680 ea:
2252 629 2407 682 tertia
2463 633 2854 703 contignatione
2882 637 3146 702 deorsum,
3176 649 3226 693 et
3254 639 3493 694 sublatus

1919 724 1996 769 εδδ
2025 724 2283 772 mortuus.

1988 805 2348 862 Conturbavit
2393 810 2539 865 diem
2571 811 2772 866 festum
2801 814 3072 882 diabolus,
3117 832 3241 872 cum
3277 820 3492 874 audito-

1922 914 2034 952 rem
2058 916 2250 955 somno
2280 911 2583 972 gravasset.
2612 905 2668 958 In
2696 905 2932 960 fenestra
2961 909 3189 963 sedebat
3222 919 3380 964 nocte
3406 911 3490 965 in-

1920 998 2207 1059 tempesta.
2235 993 2412 1047 Tanto
2470 998 2728 1051 audiendi
2780 999 3050 1053 desiderio
3083 1003 3393 1068 tenebatur,
3425 1020 3490 1060 ac

1917 1083 2060 1148 quod
2098 1084 2295 1137 mirum
2325 1096 2430 1149 est,
2453 1103 2575 1140 cum
2599 1089 2817 1156 juvenis
2839 1101 3014 1154 esset,
3041 1095 3222 1162 segnis
3249 1110 3312 1148 ac
3339 1097 3490 1166 piger

1916 1189 2026 1227 non
2070 1185 2192 1230 erat
2227 1191 2239 1227 :
2281 1187 2338 1231 et
2364 1193 2488 1232 cum
2515 1195 2710 1234 somno
2733 1194 3051 1252 gravaretur
3073 1201 3180 1240 non
3213 1187 3485 1252 discessit,

1916 1280 2096 1332 neque
2124 1268 2423 1335 periculum
2457 1272 2661 1324 veritus
2694 1282 2777 1326 est
2834 1290 2902 1327 ne
2929 1275 3335 1331 delurbaretur.
3367 1277 3486 1333 Non

1916 1358 2063 1408 enim
2116 1373 2225 1425 pra:
2265 1362 2478 1429 pigritia
2511 1365 2734 1419 nutabat
2791 1367 3334 1436 atquedormitabat,
3391 1374 3487 1424 sed

1918 1450 2249 1503 necessitate
2280 1462 2512 1508 naturae.

1991 1537 2152 1593 Vens.
2182 1541 2267 1596 10.
2297 1542 2424 1595 Cum
2467 1547 2818 1601 descendisset
2854 1559 3033 1604 autem
3075 1552 3302 1618 Paulus,
3334 1554 3487 1608 intu-

1917 1629 2028 1682 buit
2059 1631 2116 1683 in
2140 1647 2282 1696 eum,
2333 1644 2380 1687 et
2413 1636 2713 1706 complexus
2744 1640 2876 1694 dixit
2909 1658 2929 1697 :
2963 1640 3146 1697 Nolite
3172 1646 3438 1713 trepidare
3468 1665 3486 1700 :

1923 1737 2046 1774 nam
2077 1724 2258 1777 anima
2291 1725 2402 1794 ejus
2431 1738 2506 1780 est
2532 1730 2586 1782 in
2615 1731 2746 1798 ipso.

1991 1812 2150 1884 150
2178 1815 2341 1872 Vsus.
2379 1819 2466 1872 Η.
2533 1823 2598 1875 At
2658 1841 2773 1877 cum
2828 1827 3144 1879 ascendisset
3197 1843 3489 1896 panemque

1915 1898 2154 1974 fregisset
2179 1918 2335 1976 atque
2363 1919 2645 1979 gustasset,
2705 1922 2753 1966 et
2783 1916 2916 1968 satis
2959 1917 3049 1968 diu
3100 1920 3486 1971 sermocinatus

1916 2011 2044 2053 esset
2073 2017 2233 2070 usque
2263 2003 2330 2054 ad
2350 2002 2662 2069 diluculum,
2715 2015 2827 2059 tum
2855 2007 3063 2061 demum
3092 2011 3354 2080 profecms
3386 2013 3486 2064 est.

2009 2091 2172 2147 Vsus.
2207 2093 2292 2147 12.
2342 2093 2686 2150 Abduxerunt
2726 2109 2903 2152 autem
2944 2102 3165 2168 puerum
3212 2101 3486 2170 viventem,

1915 2193 2071 2254 atque
2101 2202 2205 2238 non
2245 2185 2576 2242 mediocriter
2605 2192 2828 2243 recreati
2860 2201 3005 2244 sunt.

1987 2272 2151 2327 Vsus.
2186 2275 2268 2329 l3.
2303 2275 2411 2328 Nos
2434 2285 2608 2329 autem
2629 2281 2905 2346 prwgressi
2944 2279 3016 2333 ad
3041 2283 3239 2346 navim,
3267 2283 3492 2354 profecti

1913 2382 2092 2419 sunms
2127 2367 2183 2418 in
2220 2366 2404 2433 Asson,
2435 2367 2582 2420 illinc
2611 2365 2846 2422 Paulum
2879 2373 3184 2439 excepturi.-

1989 2546 2134 2596 Nam
2170 2543 2350 2596 anima
2382 2544 2496 2613 ejus
2533 2554 2606 2599 est
2635 2545 2690 2597 in
2722 2545 2856 2613 ipso.
2906 2543 3022 2599 Non
3085 2546 3243 2612 dixit,
3279 2547 3489 2605 Resur-

1917 2647 2049 2707 get:
2089 2637 2199 2708 Ego
2233 2637 2572 2691 resuscitabo
2613 2653 2758 2691 eum.
2805 2637 2932 2692 Vide
2979 2640 3300 2696 modestiam
3349 2643 3488 2713 ejus,

1917 2736 1970 2780 et
1996 2726 2240 2778 animum
2281 2741 2612 2795 propensum
2637 2727 2701 2780 ad
2727 2727 3148 2782 consolandum.

1989 2815 2075 2870 Sic
2107 2816 2251 2870 enim
2283 2799 2655 2881 mandaverat,
2715 2818 2826 2888 ipse
2850 2818 3065 2887 pedibus
3099 2821 3201 2875 iter
3227 2823 3489 2893 facturus.

1987 2993 2150 3050 Vens.
2183 2996 2268 3050 14.
2327 2994 2392 3048 Ut
2417 2996 2596 3048 dutem
2633 2997 2703 3049 ad
2725 2996 2887 3050 Asson
2922 3013 3016 3052 nos
3054 3001 3316 3067 convenit,
3349 3018 3490 3055 rece—

1837 3115 1880 3174 ο
1913 3095 1999 3154 pto
2027 3101 2108 3150 eo,
2140 3085 2370 3138 venimus
2408 3086 2710 3156 Mitylenen,

1989 3176 2147 3231 Vsus.
2180 3177 2264 3230 15.
2311 3176 2479 3245 Atque
2520 3179 2666 3233 illinc
2693 3197 2810 3235 cum
2845 3183 3199 3245 solvissemus.
3233 3184 3488 3252 postridie

1914 3271 2242 3340 pervenimus
2269 3288 2294 3323 e
2315 3271 2523 3340 regione
2552 3272 2709 3327 Chii:
2739 3277 2974 3346 sequenti
3012 3291 3130 3330 vero
3163 3277 3248 3330 die
3273 3260 3489 3346 appuli-

1915 3379 2031 3415 mus
2067 3360 2379 3429 inSumum,
2413 3375 2461 3417 et
2485 3368 2800 3421 commorati
2832 3367 3112 3437 Trogyllii,
3142 3372 3379 3439 sequenti
3403 3371 3489 3423 die

1912 3455 2145 3508 venimus
2172 3455 2427 3508 Miletum.
3219 3508 3228 3510 ,ν

1982 3546 2102 3615 Ipse
2121 3547 2337 3614 pedibus
2368 3547 2470 3600 iter
2497 3548 2757 3618 facturus.
2800 3548 2957 3615 Quod
3011 3550 3183 3607 levius
3210 3558 3348 3617 erat,
3381 3551 3487 3606 illis

1913 3637 2182 3706 permittit
2206 3651 2219 3689 :
2257 3638 2401 3707 quod
2428 3638 2754 3696 laboriosius
2781 3651 2898 3696 erat
2922 3642 3035 3712 ipse
3062 3659 3305 3709 sumens,
3336 3645 3486 3714 pedi-

1915 3730 2014 3783 bus
2054 3729 2156 3783 iter
2184 3729 2438 3786 iaciebat.
2473 3732 2646 3787 Simul
2673 3734 2838 3788 etiam
2877 3736 3046 3788 multa
3081 3735 3398 3804 disponens,
3429 3724 3485 3787 et

1912 3821 2209 3876 adhortans
2246 3822 2365 3877 illos
2394 3831 2451 3877 ut
2484 3823 2830 3879 discederent
2858 3824 2928 3878 ab
2958 3840 3103 3879 sese.

1986 3914 2147 3970 Vsus.
2181 3916 2267 3970 16.
2311 3914 2586 3980 Statuerat
2635 3918 2773 3971 enim
2806 3916 3011 3972 Paulus
3049 3917 3315 3988 Ephesum
3348 3933 3482 3988 prte-

1912 4003 2264 4074 ternaeigare,
2317 4023 2380 4060 ne
2407 4007 2504 4061 sibi
2534 4019 2735 4075 tempus
2773 4012 3045 4063 terendum
3085 4019 3216 4062 esset
3249 4010 3304 4061 in
3336 4003 3480 4061 Asia.

1911 4096 2216 4149 Festinabat
2248 4097 2408 4160 enim,
2442 4107 2499 4151 ut
2528 4100 2573 4152 si
2623 4099 2743 4168 fieri
2789 4116 2824 4158 (ι
2875 4115 2930 4152 se
2989 4107 3181 4167 posset,
3221 4101 3294 4153 ad
3343 4101 3484 4154 diem

1910 4187 2245 4242 Pentecostes
2275 4199 2401 4242 esset
2430 4190 2483 4241 in
2521 4187 2844 4243 Jerusalem.

1983 4369 2148 4426 Vides
2197 4385 2321 4426 eum
2376 4378 2432 4425 et
2483 4369 2795 4440 cupientem
2859 4380 2913 4427 et
2960 4379 3364 4441 properantem,
3428 4383 3482 4425 et

219 4470 328 4522 οὐκ
351 4470 788 4540 ἐπιτυγχάνοντα
816 4469 1078 4532 πολλάκις
1099 4487 1112 4501 ·
1148 4470 1235 4523 ἵνα
1259 4470 1332 4541 μὴ
1357 4468 1692 4542 νομίσωμεν,
1725 4473 1807 4526 ὃτι

1917 4477 2303 4532 επρεηυιῐιετο
2347 4478 2456 4517 non
2496 4471 2881 4531 assequentem
2925 4461 3068 4532 quod
3098 4461 3330 4516 voluerit
3363 4479 3378 4518 :
3413 4479 3483 4516 ne

222 4561 370 4630 ὑπὲρ
406 4562 570 4628 φύσιν
599 4561 952 4631 ἀνθρωπίνην
980 4557 1069 4630 ἦν.
1109 4561 1172 4612 Οἱ
1195 4561 1305 4629 γὰρ
1328 4563 1471 4626 ano:
1502 4565 1598 4613 καὶ
1636 4563 1808 4630 μεγά-

220 4652 304 4701 λοι
339 4648 532 4719 ἄνδρες
555 4649 776 4712 ἐκεῖνοι,
827 4649 931 4718 τῆς
961 4633 1075 4719 ’μὲν
1108 4649 1327 4716 φύσεως
1357 4651 1492 4719 ἡμῖν
1515 4654 1614 4721 τῆς
1636 4653 1807 4722 αὐτῆς

220 4738 577 4793 ἐκοινώνουν·
613 4721 716 4809 τῆξ
759 4739 816 4793 δὲ
864 4740 1243 4811 προαιρέσεως
1292 4739 1499 4794 οὐκέτι.
1561 4741 1652 4795 Διὸ
1711 4744 1805 4796 καὶ

220 4834 428 4905 πολλὴν
455 4829 601 4904 εἶχον
629 4835 729 4903 τὴν
769 4833 951 4906 χάριν.

306 5122 444 5176 Ἀπὸ
491 5122 559 5176 δὲ
593 5123 703 5194 τῆς
740 5125 1014 5196 Μιλήτου
1077 5125 1324 5194 πέμψας
1375 5128 1463 5191 εἰς
1521 5127 1806 5194 Ἔφεσον,

219 5209 669 5286 μετεκαλέσατο
724 5217 871 5285 τοὺς
906 5218 1350 5287 πρεσϐυτέρους
1401 5215 1512 5286 τῆς
1560 5218 1804 5287 Ἐκκλη-

220 5311 388 5373 σίας.

306 5404 402 5469 Ὠς
428 5398 499 5454 δὲ
537 5401 936 5472 παρεγένοντο
967 5408 1118 5472 πρὸς
1140 5405 1348 5472 αὐτὸν,
1374 5403 1544 5462 εἶπεν
1569 5407 1794 5475 αὐτοῖς·

1915 4554 2292 4608 existimemus
2315 4553 2465 4607 illum
2491 4569 2653 4622 supra
2679 4554 2973 4609 humanam
3007 4553 3177 4610 fuisse
3209 4565 3480 4611 naturam.

1865 4638 1883 4649 “
1911 4644 2044 4698 Nam
2076 4645 2249 4698 sancti
2278 4653 2333 4699 et
2365 4647 2546 4716 magni
2597 4645 2673 4700 illi
2709 4646 2811 4702 viri
2864 4648 3144 4703 communi
3171 4648 3386 4718 quidem
3427 4655 3483 4700 et

1911 4737 2100 4794 eadem
2145 4738 2429 4793 nobiscum
2462 4750 2655 4793 natura
2697 4740 2910 4810 praediti
2941 4739 3162 4794 luerunt
3194 4755 3206 4789 :
3236 4738 3328 4792 sed
3373 4749 3486 4791 uoti

1911 4831 2072 4885 ctiam
2114 4846 2406 4886 commune
2453 4832 2742 4886 nobiseum
2780 4831 3089 4885 habuerunt
3134 4829 3478 4899 propositum

1910 4933 1965 4978 et
2022 4923 2355 4977 institutum.
2431 4921 2799 4986 Quamobrem
2846 4919 3012 4975 etiam
3061 4935 3256 4991 magna
3308 4925 3478 4990 gratia

1909 5018 2119 5088 prmditi
2165 5018 2408 5071 fuerunt.

1979 5109 2140 5164 Vsus.
2177 5107 2263 5163 l7.
2307 5107 2388 5162 Ea;
2415 5108 2593 5163 Mileto
2624 5118 2799 5163 autem
2841 5108 3017 5165 missis
3044 5107 3304 5178 Ephesum
3343 5121 3478 5160 nuu-

1905 5205 2011 5268 tiis,
2044 5203 2312 5257 advocavit
2341 5204 2571 5259 seniores
2604 5201 2851 5257 Ecclesia:
2880 5218 2897 5254 :

1977 5408 2142 5464 Vens.
2170 5407 2256 5463 18.
2280 5406 2382 5474 Qui
2415 5407 2503 5462 ubi
2527 5407 2596 5460 ad
2617 5421 2734 5460 eum
2751 5405 3023 5471 venerunt,
3053 5407 3189 5459 dixit
3222 5406 3296 5458 eis
3331 5420 3343 5455 :
3373 5399 3474 5454 Vos

1382 5525 1583 5587 Variae
1617 5525 1924 5594 lectiones
1971 5535 2034 5592 et
2080 5532 2272 5589 nota).

292 5656 338 5689 ⁸³
374 5653 696 5728 lirvulgatis
716 5650 968 5728 estadeo,
1015 5651 1406 5728 ellpaulo_posl,
1429 5657 1536 5728 dab
1565 5657 1657 5710 τοῦ
1681 5674 1816 5728 τρισ·

1913 5676 1991 5711 ου.
2065 5653 2209 5728 "fin
2240 5652 2472 5725 vulgato,
2505 5653 2860 5728 θορυϐεῖσθε,
2909 5655 2976 5728 _°7
2999 5653 3078 5728 1ηΔ
3119 5653 3479 5728 manuscripto

221 5739 319 5791 est,
351 5727 436 5794 ἐφ’
459 5719 641 5779 ἱκανὸν
674 5723 760 5797 δέζ
827 5719 876 5751 ⁸⁸
902 5719 1204 5797 ln'vulgato
1234 5719 1401 5797 ᾁχριζ
1459 5727 1503 5760 ”
1536 5728 1599 5781 In
1627 5719 1816 5797 vulqat;

1913 5724 2175 5797 tonnullis
2195 5732 2314 5797 _e_st,
2330 5719 2347 5725 ⁷
2366 5719 2742 5795 προελοόντες.

1345 5743 1384 5778 ι.
1459 5741 1503 5760 ’³³
1536 5741 1599 5781 tn
1627 5741 1854 5795 vutqatzs
1891 5741 2154 5781 nonnutus
2216 5741 2314 5788 est,

1309 5741 1495 5864 ἔσμεν,
1533 5807 1580 5852 et
1607 5787 1768 5864 paulo
1795 5809 1938 5865 post,
1961 5794 2316 5866 Τρωγυλλξῳ.

223 5790 281 5850 ut
309 5787 358 5852 et
390 5787 553 5868 infra.
630 5797 699 5829 ὀ·
727 5791 797 5850 In
822 5787 1052 5864 vulgato,
1086 5787 1308 5861 ἶπαρεὸἆ

2820 5726 2865 5757 ³ο
2897 5722 2962 5777 In
2994 5723 3213 5793 vulgato
3243 5721 3471 5784 Ἄσσον,
