4094 6340
204 425 337 490 785

885 411 1294 490 'EXPOSITIO
1328 428 1408 488 1N
1437 427 1624 486 ACTA
1657 418 2238 504 APOSTOLORUM.
2263 452 2330 461 -
2366 426 2521 487 CAP.
2563 429 2728 487 xxx.

3303 427 3410 490 786

292 542 401 595 Kal
460 541 650 596 ἐλθὼν
697 542 845 612 πρὸς
909 542 1081 612 ἡμᾶς,
1124 542 1220 596 καί
1258 541 1404 609 ἄρας
1450 541 1562 610 τὴν
1589 539 1771 606 ζώνην

1951 537 2109 610 156
2141 538 2303 595 Vsus.
2340 541 2425 593 Η.
2462 541 2528 594 Ει
2560 557 2676 593 cum
2697 539 2913 592 venisset
2944 538 3012 590 ad
3042 554 3152 603 nos,
3190 548 3236 591 et
3265 545 3440 592 sustu-

215 629 332 681 τοῦ
361 629 622 692 Παύλου,
647 629 841 697 δήσας
865 647 925 683 τε
945 629 1129 684 αὐτοῦ
1158 630 1298 696 τοὺς
1327 632 1515 696 πόδας
1548 629 1644 682 καὶ
1671 628 1776 694 τὰς

217 719 446 787 χεῖρας,
499 717 661 775 εἷπε·
693 721 841 776 Τάδε
875 721 1036 792 ,λέγει
1075 724 1140 776 τὸ
1201 723 1440 792 Πνεῦμα
1469 721 1534 775 τὸ
1567 723 1739 790 ἅγιον
1760 739 1773 754 ο

224 809 340 862 Τὸν
381 810 588 880 ἄνδρα,
615 807 688 868 οὗ
717 805 888 866 ἐστιν
909 814 946 881 ἠ
972 812 1136 881 ζώνη»
1166 813 1339 881 αὕτη,
1371 797 1524 866 οὕτω
1553 813 1777 880 δήσου-

219 917 330 954 σιν
359 902 837 974 ἐνἸερουσαλ-ὴμ
883 905 1162 959 Ἰουδαῖοι
1183 905 1280 959 καὶ
1310 905 1776 974 παραδώσουσιν

215 993 309 1052 είς
347 991 544 1059 χεῖρας
557 991 790 1058 ἐᾶνῷν.-

293 1077 461 1145 Οὗτος
489 1080 561 1154 ἦν·
592 1086 898 1152 ’Δγαὸος,ὁ
954 1087 1122 1143 πάλαι
1161 1088 1253 1143 τὸν
1298 1089 1454 1157 λιμδν
1503 1089 1772 1160 μηνύσας.
1809 1107 1829 1122 δ

219 1170 298 1242 Τὸ
325 1171 557 1240 χαλεπὸν
581 1173 657 1237 δὲ,
685 1175 765 1228 ὅτι
793 1177 874 1239 είς
923 1180 1109 1248 χεῖρας
1144 1179 1312 1232 ἐθνῶν
1341 1180 1771 1249 παραδώσουσιν.

219 1259 368 1330 Ὅρα
395 1262 471 1329 δὲ,
507 1265 587 1318 ὅτι
639 1267 729 1319 ὅτε
758 1267 989 1338 ἦκουσεν
1035 1272 1116 1323 ὅτι
1149 1271 1315 1341 μυρία
1345 1270 1490 1325 δεινὰ
1514 1272 1621 1343 ἔχει
1664 1290 1772 1326 πα·

220 1348 359 1415 θεῖν,
386 1352 508 1406 τότε
543 1355 842 1422 ἐπείγεται.
879 1359 992 1412 Οὐκ
1029 1355 1147 1412 εἷπε
1176 1360 1232 1414 δὲ
1258 1363 1494 1430 ’Ἄγαϐος
1517 1364 1595 1416 ὅτι
1631 1364 1791 1416 Ποῦ--

214 1439 310 1492 λον
337 1441 607 1511 δήσουσιν,
635 1445 720 1498 ἵνα
753 1449 827 1518 μὴ
848 1448 972 1522 δόξῃ
996 1453 1059 1504 ἐκ
1089 1451 1361 1524 συνθήκης
1389 1453 1586 1523 λέγειν,
1617 1455 1774 1522 ἀλλὰ,

214 1533 327 1585 τὸν
357 1533 565 1604 ἄνδρα,
589 1532 661 1593 οὗ
699 1538 869 1593 ἐστιν
891 1540 927 1608 ἠ
957 1540 1102 1610 ζώνη
1126 1542 1299 1613 αὕτη.

299 1801 396 1867 Ὠς
421 1803 487 1856 δὲ
508 1805 855 1876 ἠκούσαμεν
899 1810 1101 1873 ταῦτα,
1133 1813 1584 1882 παρεκαλοῦμεν
1605 1813 1774 1883 ἡμεῖς

1877 633 2016 686 lisset
2046 631 2308 701 cingulum
2342 631 2520 697 Pauli,
2541 642 2691 700 atque
2721 633 3105 685 constrinxisset
3130 647 3250 699 suos
3291 631 3439 695 pedes

1875 741 1938 778 ac
1963 740 2167 789 manus,
2193 725 2324 777 dixit
2353 741 2370 777 :
2394 723 2516 776 Hmc
2543 724 2665 776 dicit
2694 722 2923 790 Spiritus
2940 733 3148 774 sanctus
3183 737 3201 774 :
3234 710 3439 787 Virum,

1875 815 2026 884 cujus
2053 823 2127 868 est
2157 815 2252 868 hoc
2270 815 2555 885 cingulum,
2583 816 2656 867 sic
2680 815 2902 867 vincient
2929 813 3101 867 Judazi
3137 815 3192 864 in
3223 800 3441 866 Jerusa-

1877 908 1996 972 lem,
2020 915 2067 960 et
2095 908 2301 960 tradent
2328 907 2381 960 in
2417 923 2603 960 manus
2640 915 2937 958 exterarum
2969 907 3221 975 gentium.

1947 1081 2041 1136 Hic
2069 1091 2184 1137 erat
2209 1082 2293 1136 ille
2308 1083 2542 1152 Agabus,
2564 1080 2797 1152 quiolim
2815 1082 3009 1135 famem
3036 1080 3267 1135 futuram
3305 1097 3443 1148 prae-

1876 1172 2283 1244 signiﬁcavcrat.
2342 1172 2536 1227 Gravis
2592 1183 2772 1226 autem
2823 1187 2911 1226 res
2963 1180 3175 1226 eratet
3223 1173 3440 1232 acerba,

1877 1265 2019 1334 quod
2057 1265 2108 1318 in
2163 1280 2355 1318 manus
2389 1273 2691 1317 exterarum
2721 1264 2958 1334 gentium
3010 1263 3162 1316 illum
3190 1263 3441 1317 tradituri

1878 1365 2050 1410 erant.
2100 1354 2205 1410 Sed
2258 1357 2626 1410 animadverte
2660 1356 2830 1420 illum,
2877 1371 2998 1410 cum
3027 1356 3321 1410 audivisset
3359 1355 3443 1406 in-

1877 1445 2229 1498 numerabilia
2265 1445 2364 1500 sibi
2392 1447 2636 1500 adeunda
2687 1461 2808 1500 esse
2866 1445 3123 1516 pericula,
3171 1455 3300 1498 tunc
3331 1444 3443 1499 ~de—

1877 1550 2024 1588 mum
2050 1533 2354 1588 festinasse.
2390 1535 2506 1588 Non
2565 1536 2699 1589 dixit
2728 1545 2905 1589 autem
2941 1536 3172 1605 Agabus,
3210 1534 3440 1589 Paulum

1876 1623 2133 1687 vincient,
2156 1639 2224 1679 ne
2253 1625 2524 1679 videretur
2550 1619 2613 1678 ea
2643 1627 2824 1680 dicere
2850 1642 2914 1680 ex
2956 1627 3288 1695 composito;
3321 1640 3380 1679 se
3401 1628 3436 1691 ι,

1887 1714 2069 1769 Virum
2100 1716 2250 1790 cujus
2281 1725 2356 1769 est
2390 1717 2651 1783 cingulum
2676 1718 2792 1768 hoc.

1948 1805 2106 1861 Vens.
2155 1807 2240 1860 12.
2289 1807 2349 1862 Ut
2396 1817 2569 1859 autem
2616 1807 2908 1858 audivimus
2955 1809 3082 1870 haec,
3128 1805 3439 1876 rogabamus

213 1892 320 1944 καὶ
345 1896 403 1946 οί
423 1885 683 1950 ἐντὸπιοι
729 1900 832 1955 τοῦ
856 1900 941 1970 μὴ
973 1903 1312 1958 ἀναϐαίνειν
1337 1905 1524 1960 αὐτὸν
1551 1908 1636 1972 εις
1668 1907 1768 1962 Ἰε-

1870 1915 1986 1952 eum
2016 1908 2064 1951 et
2092 1899 2430 1972 hortabamur
2458 1907 2607 1950 noset
2624 1898 2806 1951 incola:
2835 1898 2935 1950 loci
2962 1898 3138 1963 illius,
3163 1915 3226 1951 ne
3251 1913 3438 1952 ascen-

211 1987 554 2062 ρουσαλήμ.

300 2077 602 2147 Ἀπεκρίθη
637 2098 700 2136 τε
728 2085 759 2136 d
788 2084 1043 2152 Παῦλος·
1093 2089 1152 2142 Τί
1183 2089 1400 2143 ποιεῖτε
1429 2091 1765 2157 κλαίοντες,

211 2167 314 2218 καί
332 2174 814 2242 συνθρύπτοντές
857 2195 974 2247 μου
1021 2179 1136 2249 τὴν
1166 2181 1446 2249 καρδίαν;
1474 2182 1622 2253 Ἐγὼ
1660 2185 1768 2253 γὰρ

210 2259 286 2310 οὐ
303 2259 494 2326 μόνον
520 2259 781 2331 δεθῆναι,
835 2268 994 2323 ἀλλὰ
1050 2271 1146 2324 καί
1185 2271 1508 2327 ἀποθανεῖν
1533 2277 1619 2341 εις
1660 2274 1768 2330 Ἰε-

201 2351 533 2422 ρουσαλὴμ
567 2353 813 2425 ετοίμως
855 2360 973 2427 ἔχω
1028 2361 1179 2432 ὑπὲρ
1208 2361 1313 2422 τοῦ
1341 2366 1627 2434 ὀνόματος
1662 2367 1768 2422 τοῦ

207 2441 433 2507 Κυρίου
474 2445 695 2512 Ἰησοῦ.

282 2529 381 2598 Μὴ
420 2535 769 2602 πειθομένου
798 2535 865 2590 δὲ
892 2540 1097 2603 αὐτοῦ,
1119 2541 1538 2620 ἡσυχάσαμεν,
1568 2546 1768 2600 εἰπόν-

207 2636 310 2686 τες
329 2637 344 2651 ⁸
387 2621 454 2675 Τὸ
474 2622 700 2694 θέλημα
731 2626 837 2680 τοῦ
862 2630 1082 2696 Κυρίου
1118 2631 1395 2700 γενέσθω.
1503 2625 1506 2628 Α

258 2797 351 2851 -Tl
373 2799 589 2855 ποιεῖτε
622 2805 934 2874 κλαίοντες
951 2825 972 2873 ;
1025 2809 1204 2864 Ἄλλοι
1245 2811 1460 2866 ἔκλαιον
1481 2831 1492 2846 ·
1526 2815 1685 2881 αὐτὸ,
1717 2820 1772 2872 δὲ

210 2893 536 2960 παρεκάλει,
571 2896 753 2964 ἀλγῶν
799 2900 889 2951 ἐπὶ
924 2903 1032 2963 τοῖς
1063 2901 1289 2971 δάκρυσι
1330 2906 1442 2969 τοῖς
1468 2898 1708 2972 ἑκεῖνων,
1742 2912 1771 2961 ὀ

214 2982 292 3051 μὴ
324 2982 544 3054 πάσχων
577 2987 667 3040 ἐπὶ
689 2990 800 3050 τοῖς
823 2991 1043 3055 οἰκείοις
1077 2999 1422 3069 πειρασμοῖς.
1448 2998 1560 3067 Ἐφ’
1584 3001 1708 3068 ὑμῖν
1728 3001 1767 3030 ¹⁷

209 3073 406 3138 κλαίω,
462 3079 617 3148 φησι,
644 3081 742 3135 οὐκ
773 3083 865 3135 ἐπὶ
910 3087 1021 3149 τοῖς
1074 3087 1391 3157 παθήμασιν
1415 3105 1429 3121 ⁸
1491 3092 1630 3160 ὑπὲρ
1665 3093 1773 3163 γὰρ

209 3165 502 3255 εκείνωνίδ
562 3173 992 3250 καὶάποθανεῖν
1042 3177 1320 3248 βούλομαι.
1389 3180 1538 3235 Ἐπεὶ
1597 3184 1653 3237 δὲ
1699 3186 1772 3255 μὴ

214 3254 441 3346 [σχυσαν
466 3263 667 3326 πεῖσαι,
706 3257 982 3336 ἡσύχασαν
1003 3284 1015 3296 ·
1051 3270 1287 3323 συνεῖδον
1315 3274 1421 3343 γὰρ
1445 3274 1524 3327 ὅτι
1557 3254 1770 3346 θέλη

207 3341 280 3415 ἦν
335 3347 488 3404 Θεοῦ.
555 3353 891 3421 Σημειωτέον
949 3357 1041 3411 οὖν
1087 3360 1168 3412 ὅτι
1229 3361 1309 3413 δεῖ
1370 3341 1768 3431 ἀποτρέπεσθαι

209 3440 343 3502 τοὺς
376 3442 681 3509 κωλύοντας
735 3465 854 3502 τινα
903 3454 1074 3504 ποιεῖν
1117 3469 1168 3505 τι
1224 3457 1484 3520 γενναῖον,
1538 3455 1636 3508 κᾶν
1677 3458 1770 3510 δα-

205 3533 438 3600 κρύωσι.
473 3537 580 3589 Καὶ
604 3538 711 3608 γὰρ
742 3539 802 3592 τὸ
832 3541 1066 3593 τοιοῦτον
1099 3541 1329 3612 δάκρυον
1373 3545 1466 3596 καὶ
1492 3545 1652 3599 αὐτὸν
1681 3547 1772 3600 τὸν

207 3622 424 3678 Παῦλον
472 3628 723 3692 συνέκλα.
777 3634 871 3685 καὶ
899 3633 960 3686 τὸ
987 3634 1296 3706 ὲρῤωμένον
1345 3636 1511 3690 αὑτοῦ
1569 3637 1765 3693 διέλυε.

205 3715 300 3769 Διὸ
324 3718 632 3773 ἀποσείεται
653 3721 873 3788 αὐτούς.

284 3987 444 4041 Μετὰ
465 3986 532 4040 δὲ
594 3988 700 4056 τὰς
745 3990 965 4059 ἡμέρας
1023 3993 1241 4060 ταύτας
1285 3950 1800 4068 ἐπἰσιιιιὶτυασάμε-Δ

204 4078 385 4143 ros",
428 4079 883 4162 ἀναϐαίνοέμςνι¹¹⁸³
909 4083 995 4146 είς
1035 4081 1450 4154 Ἰερουσαλήμ.

284 4168 603 4236 Συνῆλθον
620 4170 686 4223 δὲ
711 4171 808 4224 καὶ
836 4170 952 4225 τῶν
966 4173 1246 4240 μαθητῶν
1271 4175 1390 4229 ἀπὸ
1415 4163 1770 4244 Καισαρείας

136 4290 138 4292 τ
205 4261 332 4313 σὺν
347 4261 539 4328 χήμῖν,
594 4262 862 4329 ἄγοντες,
899 4265 1034 4332 παρ’
1069 4259 1117 4330 ᾧ
1145 4265 1535 4334 ξενισθῶμεν,
1571 4267 1769 4321 Mard-

207 4355 364 4408 σωνί
392 4370 509 4407 τινι
525 4355 569 4385 ’⁸
605 4357 863 4422 Κυπρίῳ,
886 4357 1108 4425 ἀρχαίῳ
1130 4357 1386 4427 μαθητῇ.

1867 1990 2013 2044 deret
2042 1991 2096 2042 in
2124 1970 2437 2053 Jerusalem,

1937 2065 2102 2134 Vries.
2145 2081 2224 2133 l5.
2271 2078 2371 2134 Sed
2415 2079 2617 2133 Paulus
2663 2081 2943 2147 respondit
2970 2079 3136 2136 :-Cur
3168 2081 3343 2150 facitis
3385 2088 3445 2132 ut

1869 2173 2083 2242 ploretis
2117 2182 2165 2226 et
2195 2173 2433 2225 animum
2465 2188 2636 2225 meum
2666 2171 2918 2225 molliatis
2945 2185 3102 2240 atque
3132 2173 3391 2243 frangatis
3417 2175 3442 2225 ?

1871 2261 2011 2316 Nam
2029 2278 2119 2332 ego
2146 2279 2246 2315 non
2274 2264 2421 2314 modo
2447 2263 2836 2326 viuciri,verum
2861 2263 3021 2316 etiam
3050 2265 3185 2316 mori
3203 2266 3256 2315 in
3285 2263 3440 2315 Jeru-

1868 2352 2030 2406 salem
2047 2360 2264 2420 paratus
2278 2368 2393 2406 sum
2428 2368 2520 2422 pro
2550 2351 2754 2405 nomine
2777 2350 2986 2404 Domini
3014 2351 3154 2407 Iesu.

1944 2531 2110 2587 Vens.
2146 2532 2230 2611 ll.
2259 2527 2361 2587 Sed
2391 2547 2507 2585 cum
2531 2530 2610 2584 illi
2648 2531 2952 2600 persuaderi
2984 2547 3086 2584 non
3123 2541 3312 2600 posset,
3347 2545 3440 2585 ac-

1869 2627 2158 2698 quievimus
2215 2642 2278 2679 ac
2324 2626 2636 2688 destitimus,
2692 2625 2915 2678 dicentes
2969 2639 2988 2677 :
3047 2622 3172 2676 Fiat
3232 2623 3440 2677 Dominr

1869 2717 2139 2777 uoluntas.

1909 2831 1912 2834 η
1941 2806 2078 2872 Quid
2106 2799 2280 2876 facitis
2317 2816 2373 2861 ut
2412 2806 2641 2875 ploretis,
2667 2814 2772 2860 etc.
2801 2804 2906 2858 Alii
2936 2803 3157 2868 ﬂebant,
3186 2804 3277 2858 ille
3306 2819 3437 2857 vero

1871 2898 2245 2952 consolabatur
2289 2906 2362 2953 \et
2403 2897 2724 2953 hortabatur
2765 2897 2953 2950 dolens
2999 2903 3221 2964 propter
3263 2895 3414 2964 lacry
3483 2938 3486 2942 ,

1873 3005 1989 3043 mas
2037 2989 2411 3058 illorum,_~qui
2457 3004 2565 3041 non
2597 2985 3134 3055 aﬂiciebatur’neque
3177 2986 3438 3041 sollicitus

1873 3087 1989 3132 erat
2010 3079 2078 3134 de
2108 3078 2341 3146 propriis
2376 3077 2645 3146 periculis.
2679 3078 2902 3146 Propter
2926 3092 3042 3140 vos,
3077 3076 3270 3146 inquit,
3305 3075 3427 3140 ﬂeo,

1877 3183 1984 3222 non
2013 3179 2236 3239 propter
2261 3184 2409 3222 meas
2451 3167 2720 3232 molestias
2747 3175 2803 3220 et
2842 3165 3177 3220 alﬂictiones.
3211 3163 3314 3219 Pro
3347 3165 3438 3219 illo

1879 3276 2113 3330 namque
2140 3262 2299 3313 etiam
2325 3259 2460 3313 mori
2489 3259 2634 3312 volo.
2677 3256 2780 3312 Sed
2821 3266 3105 3328 postquam
3136 3272 3244 3312 non
3278 3265 3437 3327 potu-
3481 3288 3483 3291 -

1872 3363 2034 3407 erunt
2060 3352 2108 3406 ei
2142 3351 2488 3420 persuadere,
2526 3351 2909 3419 acquieverunt
2957 3367 2971 3402 :
3007 3349 3262 3426 videbant
3289 3349 3433 3402 enim

1818 3437 1829 3446 ”
1872 3440 2040 3495 Deum
2074 3439 2126 3495 id
2160 3441 2316 3496 velle.
2346 3440 2646 3494 Notandum
2671 3451 2752 3492 est
2780 3439 2940 3506 igitur
2967 3439 3291 3491 aversandos
3315 3440 3435 3492 esse

1873 3545 1986 3596 eos,
2020 3531 2113 3600 qui
2165 3530 2451 3599 prohibent
2497 3529 2725 3596 aliquem
2767 3527 2942 3583 facere
2979 3513 3180 3595 aliquid
3217 3537 3435 3598 strenue

1870 3627 2030 3687 atque
2063 3619 2339 3688 pmclare,
2379 3617 2592 3674 etiamsi
2638 3617 3016 3688 lacrymentur.
3051 3617 3255 3671 Etenim
3285 3618 3434 3685 ejus-

1870 3709 2017 3763 modi
2043 3709 2288 3780 lacrymce
2328 3710 2493 3764 etiam
2545 3709 2718 3778 ipsum
2750 3707 2972 3769 Paulum
3008 3707 3344 3776 frangebant,
3378 3717 3432 3760 et

1873 3787 2041 3856 robur
2074 3802 2238 3855 animi
2267 3801 2410 3854 illius
2429 3800 2759 3854 molliebant.
2796 3796 3158 3864 Quamobrem
3197 3813 3430 3852 summo-

1872 3903 1962 3946 vet
1993 3908 2087 3948 eos
2122 3902 2280 3961 atque
2315 3889 2542 3960 repellit.
3129 3881 3134 3886 ’

1942 3986 2103 4041 Vens.
2144 3986 2222 4038 15.
2254 3982 2376 4037 Post
2399 3984 2489 4036 hos
2529 3990 2701 4035 autem
2738 3981 2847 4033 dies
2886 3980 3120 4032 instructi
3147 3987 3302 4046 atque
3329 3992 3427 4045 pa-

1873 4078 1976 4129 rati
1999 4082 2066 4129 ad
2094 4078 2192 4129 iter
2217 4076 2618 4128 ascendebamus
2638 4073 2692 4122 in
2720 4070 3027 4132 Jerusalem,

1941 4168 2100 4223 Vens.
2146 4165 2232 4218 l6.
2261 4165 2425 4233 Atque
2453 4162 2714 4216 nobiscum
2738 4177 2842 4213 una
2873 4158 3116 4225 discipuli
3154 4159 3364 4228 quidam
3395 4175 3434 4211 α

1871 4260 2114 4316 Cwsarea
2152 4255 2369 4327 profecti
2404 4266 2545 4317 sunt,
2606 4253 2694 4322 qui
2728 4249 3051 4304 adducebant
3103 4249 3241 4316 apud
3274 4265 3426 4316 quem

1870 4350 2273 4418 ltospitaremur,
2297 4361 2476 4412 nempe
2519 4343 2824 4397 Mnasonem
2861 4339 3134 4410 quemdam
3175 4339 3426 4409 Cyprium

1871 4444 2147 4512 antiquum
2176 4438 2508 4506 discipulum.

275 4535 629 4600 Γενομένων
653 4535 721 4587 δὲ
749 4536 912 4603 ἡμῶν
931 4553 1024 4601 εις
1075 4507 1464 4606 Ῑεροσολυμα,
1491 4536 1765 4606 ἀσμένως

1946 4533 2103 4588 Vens.
2141 4533 2223 4584 l7.
2265 4531 2331 4583 Et
2370 4547 2485 4582 cum
2517 4529 2825 4580 venissemus
2858 4523 3274 4593 Hierosolymam
3297 4560 3312 4584 ,
3361 4521 3423 4575 li-

203 4623 490 4688 ἐδέξαντο
525 4624 681 4692 ἡμᾶς
719 4629 771 4679 ol
799 4627 1067 4694 ἀδελφοί.

281 4714 361 4782 Τῇ
381 4714 449 4767 δὲ
476 4715 730 4783 ἐπιούσῃ
749 4717 937 4783 εἰσῄει
960 4721 992 4771 ὁ
1013 4717 1282 4798 Παῦλοξ
1293 4718 1440 4784 πρὸς
1491 4718 1768 4772 Ἰάκωϐον

202 4809 328 4872 σὺν
355 4805 528 4877 ἡμῖν·
557 4810 779 4874 πάντες
806 4808 872 4861 δὲ
888 4810 932 4841 ²¹
989 4809 1383 4878 παρεγένοντο
1421 4812 1476 4863 ol
1508 4813 1766 4878 πρεσϐύ-

201 4917 360 4968 τεροι
384 4918 398 4931 ·
693 4969 696 4972 _
1112 4931 1113 4938 ι
1138 4951 1154 4974 \

276 4995 387 5047 Kal
440 4993 871 5063 ἀσπασάμενος
908 4975 1156 5060 αὐτοὺς,
1199 4993 1495 5064 ἐξηγεῖται
1538 4995 1666 5047 καθ’
1695 4992 1766 5048 ἓν

202 5085 486 5150 ἕκαστον,
525 5081 612 5139 ὧν
642 5088 977 5153 ἐποίησενό
1009 5088 1151 5154 Θεὸς
1174 5089 1244 5141 ἐν
1271 5087 1392 5152 τοῖς
1439 5087 1639 5141 ἔθνεσι
1668 5085 1763 5138 διὰ

201 5176 313 5243 τῆς
344 5179 654 5244 διακονίας
674 5177 880 5233 αὑτοῦ.
1447 5234 1454 5239 ,

271 5267 368 5328 Τὸ,
393 5267 958 5338 ἐπισκευασάμενοι,
996 5269 1153 5321 τοῦτο
1190 5268 1359 5338 δηλοῖ,
1398 5268 1467 5321 τὰ
1498 5267 1636 5336 πρὸς
1661 5266 1759 5336 τὴν

201 5354 510 5424 ὁδοιπορίαν
562 5358 835 5423 λαϐόντες.
905 5358 1072 5427 mea
1100 5359 1353 5426 ἐπιούσῃ
1414 5358 1606 5427 εἰσῄει
1639 5358 1760 5411 σὺν

204 5443 352 5512 ἡμῖν
374 5444 410 5496 ὁ
442 5445 683 5512 Παῦλος
710 5450 860 5518 πρὸς
894 5451 1188 5505 Ἰάκωϐον.
1251 5445 1420 5511 Οὗτος
1461 5449 1760 5513 ἐπίσκοπος

203 5531 270 5606 ἦν
301 5534 413 5588 τῶν
445 5531 832 5609 Ἰεροσολύμων
851 5557 863 5570 ·
922 5533 1074 5609 οὗτος
1100 5538 1166 5614 ἦν
1197 5543 1224 5595 ὁ
1259 5541 1484 5612 ἁδελφὸς
1514 5539 1608 5593 τοῦ
1639 5542 1752 5593 Κυ-

1868 4625 2043 4674 benter
2086 4627 2390 4687 exceperunt
2421 4634 2509 4669 nos
2536 4619 2743 4688 (intres.

1937 4712 2101 4765 Vens.
2158 4710 2242 4764 18.
2279 4710 2351 4763 Ac
2388 4710 2632 4780 postridie
2657 4707 2856 4761 Paulus
2891 4722 2997 4762 una
3036 4704 3298 4762 nobiscum
3329 4708 3422 4758 in-

1866 4804 2196 4875 grediebatur
2239 4803 2308 4856 ad
2336 4802 2607 4866 Iacobum,
2650 4816 2750 4870 quo
2784 4814 2956 4853 omnes
2987 4798 3210 4860 seniores
3239 4813 3424 4850 Conve-

1866 4909 2053 4951 nerunt
2079 4912 2097 4949 ἰ
3163 4939 3166 4942 .

1938 4987 2097 5042 Vens.
2133 4986 2214 5040 l9.
2253 4985 2317 5037 Et
2339 4983 2584 5034 salutatis
2619 4982 2741 5046 illis,
2775 4985 3057 5034 euarrabat
3092 4980 3268 5033 omnia
3307 4981 3418 5030 sin-

1867 5079 2111 5146 gulatim,
2137 5092 2249 5145 qua:
2276 5076 2465 5145 fecerat
2492 5073 2623 5127 Deus
2643 5074 2925 5127 ministerio
2951 5089 3044 5126 suo
3059 5074 3199 5142 apud
3217 5080 3418 5124 exteras

1867 5168 2121 5220 nationes.
2722 5210 2726 5211 ν

1939 5257 2093 5324 Quod
2128 5257 2255 5313 dicit
2300 5253 2809 5322 ἐπισκευασάμενοι,
2837 5253 2888 5307 id
2919 5259 3020 5317 est,
3053 5250 3300 5303 instructi
3333 5261 3413 5301 at.

1869 5369 1975 5422 que
2009 5352 2180 5422 parati
2224 5351 2328 5405 hoc
2358 5348 2607 5404 videlicet
2639 5347 2904 5416 signiﬁcat
2933 5363 2946 5398 :
2984 5344 3124 5397 Cum
3150 5343 3415 5413 sumpsis-

1868 5453 1989 5498 sent
2007 5459 2067 5497 ea
2101 5442 2300 5511 quibus
2319 5455 2455 5509 opus
2482 5439 2748 5493 habebant
2771 5437 2836 5492 ad
2870 5436 2970 5491 iter
2997 5435 3315 5492 faciendum.
3341 5433 3416 5484 Ac

1864 5538 2109 5608 postridie
2135 5534 2290 5603 157
2313 5533 2511 5587 Paulus
2531 5548 2633 5583 una
2660 5529 2922 5586 noliscum
2939 5528 3320 5600 iugrediebatur
3347 5526 3415 5578 ad

3412 5609 3420 5635 ἱ

1311 5659 1507 5720 νει-ἰῶ
1544 5658 1848 5721 lectiones
1891 5663 1952 5716 et
1996 5658 2177 5714 notae.

281 5756 323 5789 "
370 5755 456 5826 ἐφ’
519 5717 696 5826 ἡμῖν,
734 5767 867 5813 erat.
974 5761 1016 5792 ¹⁸
1061 5762 1177 5814 Ἰσ.
1237 5717 1466 5815 ἐκείνου.

212 5827 587 5899 ἀνεϐαίνομεν.
610 5828 650 5863 ’ί
678 5826 744 5883 In
781 5828 990 5898 vulgato
1018 5831 1271 5884 Μνάσωνί
1301 5849 1424 5884 τινι.

1596 5763 1637 5793 ’θ
1699 5760 1762 5814 1η
1843 5755 2073 5826 vulgato,
2138 5753 2658 5821 ἀποσκευασάμενοι.

1505 5834 1548 5863 ²’
1578 5833 1772 5892 πάντες
1803 5846 1829 5880 τ

2795 5749 2838 5781 ¹⁶
2905 5746 2966 5800 In
3024 5744 3281 5826 vulgatis
3305 5755 3403 5808 est,
