4094 6340
194 390 319 454 873

871 400 1404 490 EXPOSITlONIS
1441 408 1519 468 lN
1550 409 1754 495 acra
1778 411 2075 476 rexrus
2107 417 2374 478 ALTER.
2403 440 2472 453 ο-
2506 418 2662 478 CAP.
2704 419 2782 479 Π.

3324 429 3428 493 8τὶ

189 526 307 578 οὐκ
382 523 448 596 ἦν
499 526 739 589 ἀντίθεος
802 530 830 581 ό
892 531 1146 598 Χριστὸς,
1223 534 1335 588 ἀλλ’
1395 537 1631 605 ῐσοςλῦν
1681 541 1755 593 κα

1879 531 1958 577 ret
1977 523 2347 589 imbecillitati,
2381 533 2436 579 et
2461 540 2765 583 sermonem
2794 546 2950 584 suum
3042 535 3287 593 redderet
3313 541 3415 596 iaci

190 617 507 684 ὁμοοῦσιος,
539 620 633 670 καὶ
662 618 963 690 ἀχώριστος
999 622 1098 692 τῆς
1123 625 1307 689 οὐσίας
1337 627 1428 679 τοῦ
1459 629 1667 698 Πατρός
1697 623 1770 693 ib:

192 707 356 774 Υἱὸς,
432 712 526 766 καὶ
601 709 740 782 με’τᾶ
806 715 867 766 τὸ
936 717 1186 782 γενέσθαι
1257 720 1563 790 ἄνθρωπος,
1621 723 1770 776 οὐδὲν

187 804 472 874 ἐνήργησε
527 805 635 858 τῶν
685 806 1019 880 θεοπρεπῶν,
1074 813 1200 866 ἄνευ
1256 813 1358 884 τῆς
1405 816 1499 868 τοῦ
1559 817 1770 887 Πατρός

185 893 420 958 οὐσίας·
461 895 592 947 ἀλλὰ
623 897 787 967 συνῆν
812 899 960 970 αὑτῷ
987 902 1072 954 ἀεὶ
1105 903 1198 956 καὶ
1227 905 1510 976 ,συνήργει
1571 907 1768 972 πάντα,

187 983 276 1046 ὡς
324 985 423 1039 οὐκ
478 987 741 1052 ἀντίθεος,
795 989 911 1042 ἀλλ’
962 992 1207 1064 ὁμοφυὴς
1260 997 1352 1050 καὶ
1410 998 1767 1070 όμοδύναμος.

192 1093 214 1124 σ
260 1075 471 1147 Οὺιγὰρ
498 1076 676 1129 Δαϐίδ.
716 1096 735 1129 ι
779 1079 1062 1147 Ἐνταῦθα,
1101 1084 1202 1137 οὐκ
1247 1083 1326 1138 ἔτι
1375 1085 1494 1155 μεθ’
1543 1087 1803 1160 ὑποστοο-

183 1161 294 1234 λῆς
366 1167 531 1233 λέγει,
565 1166 723 1237 ,ἔχων
772 1171 830 1223 τὸ
879 1171 986 1224 ἀπὸ
1035 1172 1142 1225 τῶν
1193 1175 1496 1245 εἰρημένων
1548 1177 1766 1246 Θάρσος,

180 1257 290 1309 καὶ
342 1257 403 1308 οὐ
438 1257 605 1324 λέγει,
640 1277 658 1310 ι
700 1259 849 1325 Ἐξδν
907 1266 1097 1330 εἰπεῖν,
1137 1283 1156 1316 ο
1206 1268 1300 1334 καὶ
1353 1268 1452 1320 ὅσα
1504 1270 1766 1323 τοιαῦτα·

180 1343 335 1398 ἀλλὰ
398 1346 752 1417 θαρρούντως,
769 1352 974 1418 λοιπὸν,
1016 1356 1155 1425 μετὰ
1186 1357 1284 1428 τὴν
1331 1359 1426 1411 τοῦ
1455 1361 1769 1431 Πνεῦματος

179 1435 363 1500 δόσιν,
443 1439 536 1492 καὶ
623 1443 753 1513 περὶ
840 1445 936 1514 τῆς
1007 1447 1087 1509 είς
1152 1448 1381 1518 οὐρανὸν
1451 1451 1770 1522 ἀναλήψεως

180 1523 532 1594 διαλέγεται·
600 1532 694 1584 καὶ
731 1533 827 1602 οὐχ
883 1533 1086 1600 ἁπλῶς,
1133 1535 1268 1590 ἀλλὰ
1315 1539 1408 1592 καὶ
1468 1539 1630 1592 πάλιν
1678 1541 1768 1593 τὸν

185 1617 449 1689 μάρτυρα
479 1621 836 1691 παραγαγὼν,
897 1626 993 1678 καὶ
1032 1627 1272 1690 ὲκείνους
1311 1630 1763 1700 ἀναμιμνήσκων,

181 1707 325 1781 περὶ
387 1704 576 1763 σῦκαὶ
629 1711 658 1762 ὁ
708 1712 940 1782 Χριστὸς
986 1710 1126 1768 εἷπε.
1186 1717 1347 1784 Λέγει
1397 1719 1506 1789 γὰρ
1564 1719 1764 1782 αὐτός’

186 1816 205 1844 ι
240 1795 413 1851 Εἶπεν
448 1800 478 1852 ὁ
501 1801 698 1872 Κύριος
731 1805 808 1874 τῷ
854 1807 1041 1878 Κυρίῳ
1066 1824 1167 1878 μου
1189 1826 1201 1839 ·
1237 1809 1416 1862 Κάθου
1473 1813 1535 1863 ὲκ
1578 1813 1765 1878 δεξιῶν

181 1906 320 1957 μου,
368 1890 469 1952 ἕως
514 1893 578 1944 ἂν
626 1892 702 1946 θῶ
741 1898 867 1959 τοὺς
904 1897 1130 1968 ἐχθροὺς
1186 1917 1279 1953 σου
1321 1902 1606 1956 ὑποπόδιον
1653 1905 1760 1957 τῶν

177 1978 369 2032 ποδῶν
399 1997 513 2034 σου.
561 2002 579 2034 ›
615 1984 878 2039 Ἐνταῦθα
914 1990 1008 2042 καὶ
1047 1989 1209 2058 φόϐον
1260 1993 1432 2061 μέγαν
1492 1994 1760 2064 ἐπέστησε

177 2066 504 2144 [καθάπερ]
547 2076 604 2126 ἐν
651 2078 719 2146 τῇ
753 2077 916 2148 ἀρχῇ.
965 2078 1146 2134 Εἰπὼν
1175 2080 1302 2151 γὰρ,
1352 2101 1371 2134 ι
1422 2083 1564 2146 Ἕως
1588 2083 1652 2136 ἂν
1685 2085 1760 2136 θῶ

175 2161 314 2224 τοὺς
339 2163 565 2236 ἐχθρούς
594 2184 686 2220 σου
717 2168 1003 2224 ὑποπόδιον
1039 2173 1147 2226 τῶν
1180 2173 1352 2227 ποδῶν
1376 2191 1490 2238 σου,
1530 2195 1545 2224 ι
1584 2175 1762 2237 καλῶς

174 2255 420 2309 ἐνταῦθα
447 2257 601 2327 ἔληξε
629 2258 878 2314 διασείων
901 2262 1081 2316 αὐτῶν
1123 2263 1218 2334 τὴν
1255 2263 1514 2320 διάνοιαν.

1875 613 2097 678 liorem;
2151 625 2428 684 praeterea,
2468 625 2528 672 ut
2578 621 2886 675 ostenderet
2926 608 3200 680 Christum
3257 631 3429 685 nulla-
3467 629 3471 634 ’

1878 716 2038 763 tenus
2100 707 2208 764 Deo
2241 711 2577 765 contrarium
2634 727 2776 779 esse,
2815 719 2930 783 sezl,
2975 711 3100 773 eum
3127 724 3350 791 aequalis
3373 733 3430 779 et

1873 799 2360 857 consubstantialis
2419 812 2474 857 et
2513 803 2778 860 indivisus
2821 822 2852 861 a
2907 810 3212 867 substantia
3255 813 3430 872 Patris

1874 892 1947 943 sit
2022 899 2278 961 tanquam
2347 893 2551 963 Filius,
2614 899 2782 952 etiam
2836 913 3185 973 posteaquam
3253 907 3431 964 factus

1873 993 1957 1036 est
2013 983 2208 1050 homo,
2266 986 2404 1039 nihil
2471 1003 2659 1043 eorum
2745 1007 2867 1061 quae
2939 978 3104 1048 Deum
3167 997 3430 1054 decebant

1873 1069 2084 1142 [absque
2102 1075 2261 1129 Patre
2279 1084 2753 1154 mperatumesse:
2788 1082 3124 1154 sed'semper
3152 1102 3274 1140 cum
3307 1090 3426 1158 ipso

1874 1180 2017 1226 esse,
2046 1175 2099 1219 ct
2125 1166 2286 1221 simul
2310 1162 2444 1221 cum
2483 1172 2604 1239 ipso
2625 1174 2828 1240 omnia,
2861 1175 3009 1228 velut
3069 1177 3177 1232 Deo
3208 1180 3427 1235 minime

1876 1259 2237 1323 contrarium,
2254 1261 2349 1314 sed
2369 1264 2888 1321 consubstantialem
2925 1276 2978 1321 et
3001 1269 3244 1338 ejusdem
3265 1273 3424 1344 203

1874 1363 1996 1402 enm
2035 1351 2154 1419 ipso
2201 1354 2480 1420 petentiae,
2515 1358 2752 1425 eperari.
2794 1376 2812 1408 ι
2845 1359 2957 1415 Non
2987 1361 3132 1415 enim
3166 1362 3352 1418 David.
3399 1383 3419 1414 ι

1875 1436 1994 1504 Hie,
2031 1449 2250 1510 sumpto
2270 1442 2382 1511 jam
2415 1459 2480 1499 ex
2518 1447 2789 1515 praedictis
2818 1452 3023 1516 animo,
3066 1453 3205 1508 haud
3237 1452 3429 1513 timide

1872 1531 2134 1600 loquitur,
2159 1548 2334 1603 neque
2352 1537 2448 1603 ait,
2476 1556 2494 1588 ι
2517 1537 2952 1606 ιίοθειᾱίςετο,›·
2972 1544 3053 1596 vel
3070 1545 3195 1614 quid
3219 1547 3426 1615 simile;

1873 1624 1964 1680 sed
2021 1625 2376 1692 conﬁdenter,
2423 1639 2709 1700 postquam
2768 1632 2896 1688 doni
2967 1635 3200 1705 Spiritus
3254 1640 3430 1695 sancti

1873 1715 2142 1781 meminit,
2166 1717 2334 1772 etiam
2366 1720 2433 1774 de
2466 1723 2786 1778 ascensione
2819 1726 2872 1779 in
2919 1729 3118 1782 ccelum
3167 1729 3426 1785 disserit:

1871 1818 2049 1862 etnon
2076 1809 2292 1877 quidem
2326 1821 2624 1882 utcunque,
2655 1815 2748 1869 sed
2773 1832 2964 1873 rursus
2989 1827 3178 1874 testem
3229 1820 3431 1892 produ-

1869 1899 1944 1951 cit
1979 1939 1991 1960 ,
2052 1911 2104 1953 et
2160 1900 2267 1955 illis
2322 1900 2390 1954 ad
2449 1904 2762 1958 memoriam
2829 1892 3049 1960 revocat
3113 1908 3165 1961 id
3223 1910 3423 1978 ipsum,

1869 1989 2010 2058 quod
2061 1990 2310 2045 Christus
2354 1993 2407 2046 in
2454 1991 2745 2064 Evangelia
2795 1998 3036 2064 protulit.
3097 2000 3185 2052 Ait
3231 2000 3418 2052 enim:

1876 2103 1891 2131 1
1933 2081 2074 2134 Dixit
2138 2083 2402 2137 l.)nminus
2457 2084 2685 2140 Domino
2744 2103 2913 2142 meo:
2965 2088 3105 2143 Sede
3152 2104 3184 2144 a
3215 2088 3424 2146 dextris

1872 2175 2024 2236 meis,
2056 2175 2226 2227 (lnncc
2256 2189 2448 2239 ponam
2481 2178 2731 2233 inimicos
2754 2189 2875 2235 tuos
2895 2181 3191 2235 scabellum
3222 2180 3419 2252 pedum

1875 2274 2091 2317 uterum
2115 2264 2176 2313 ’°.
2223 2283 2239 2313 ι
2271 2264 2365 2317 Hic.
2410 2281 2659 2334 pavorem
2705 2283 2962 2338 magnum
2990 2271 3173 2339 injecit
3196 2272 3336 2326 sicut
3363 2271 3420 2324 in

185 2347 503 2416 principio;
530 2350 718 2406 dicens
749 2367 1003 2423 namque,
1040 2371 1059 2405 ι
1097 2353 1279 2411 Donec
1312 2372 1508 2427 ponam
1547 2358 1795 2413 inimicos
1846 2368 1969 2411 tuos
2021 2357 2317 2412 εςιιιειιιιιη
2366 2359 2556 2425 pedum
2606 2371 2856 2428 tuorum,
2892 2381 2911 2414 ι
2947 2365 3170 2433 pulchra
3188 2363 3420 2419 condu-

179 2438 344 2492 sione
369 2453 501 2494 usus
522 2449 623 2507 est,
655 2443 898 2512 ipsorum
930 2453 1162 2502 mentem
1194 2450 1537 2504 concutiens.
1572 2519 1578 2536 ι

533 2531 610 2602 Τῇ
663 2535 887 2608 πέμπτῃ
908 2527 914 2532 ’
936 2540 1381 2610 Διωκαινησίμου.

167 2619 320 2685 Περὶ
384 2620 642 2687 πίστεως
699 2624 817 2676 τῶν
871 2629 1184 2695 παρόντων
1230 2631 1464 2700 καὶτῆς
1518 2632 1615 2688 διὰ
1642 2634 1749 2688 τοῦ

480 2711 900 2782 ,ϐαπτίσματος
921 2717 1120 2770 αὐτῶν
1140 2722 1456 2788 σωτηρίας.
1602 2725 1606 2730 ’

769 2805 1148 2863 ΚΕΙΜΕΝΟΝ.

276 2881 623 2957 Ακούσαντεξ
652 2894 729 2958 δὲ,
767 2901 1147 2970 κατενύγησαν
1192 2905 1258 2974 τῇ
1316 2905 1536 2978 καρδίᾳ,
1596 2903 1747 2962 εἶπόν

171 2998 234 3032 τε
268 2984 409 3050 πρὸς
439 2984 529 3036 τὸν
590 2986 794 3057 Πέτρον
829 2990 922 3042 καὶ
964 2993 1088 3056 τοὺς
1117 2993 1336 3058 λοιποὺς
1373 2998 1698 3063 ἀποστόλους
1731 3017 1743 3030 '

175 3073 243 3124 Ti
278 3075 600 3146 ποιήσομεν,
626 3077 815 3149 ἄνδρες
848 3082 1120 3160 .ἀδελφοί;
1161 3087 1366 3156 Πέτρος
1397 3089 1453 3142 δὲ
1485 3089 1586 3162 ἔφη
1612 3093 1748 3162 πρὸς

175 3165 381 3228 αὐτούς
412 3184 427 3198 ο
461 3167 849 3240 Μετανοήσατε
880 3214 894 3237 ,
963 3176 1058 3228 καὶ
1110 3177 1460 3249 βαπτισθήτω
1513 3182 1742 3245 ἕκαστος

2082 2544 2238 2597 Fct‘ia
2279 2546 2467 2613 quinta
2505 2545 2856 2600 hebdomadas
2905 2545 3207 2604 Paschalis.

1862 2631 1934 2683 De
1966 2649 2141 2684 eorum
2173 2634 2262 2701 qui
2294 2633 2542 2686 astabant
2567 2634 2672 2701 ﬁde
2701 2646 2748 2688 et
2780 2636 2971 2701 salute,
3005 2653 3098 2704 per
3129 2637 3412 2706 baptism.
3453 2668 3462 2677 -

2346 2866 2348 2870 .
2495 2813 2788 2870 TEXTUS.

1922 2900 1987 2964 11,
2031 2901 2221 2954 5745.
2267 2901 2370 2968 llis}
2400 2903 2635 2966 audztis,
2667 2906 2973 2972 compuncti
3038 2916 3164 2961 sunt
3222 2909 3408 2977 corde,

1847 3002 1900 3048 et
1939 2994 2190 3047 dixerunt
2242 2995 2304 3047 ad
2358 2993 2574 3070 Rarum
2609 3004 2662 3048 et
2691 2996 2755 3048 ad
2803 2997 3040 3066 reliquos
3090 3003 3409 3070 apostolos:

1845 3085 1980 3150 Quid
2012 3090 2294 3150 l‘ac.enms,
2330 3083 2428 3138 viri
2489 3086 2725 3140 fratres?
2756 3088 2944 3141 Petrus
2991 3106 3117 3144 vero
3146 3093 3210 3145 ad
3242 3093 3360 3148 illos
3389 3108 3408 3147 :

1845 3175 2249 3239 l‘ocnitemimn,
2286 3179 2478 3244 inquit,
2516 3179 2676 3245 agite.
2697 3188 2748 3231 et
2773 3179 3075 3249 baptizetur
3118 3187 3410 3254 unusquis-

176 3255 336 3307 ὑμῶν
399 3258 491 3309 ἐπὶ
517 3259 596 3327 τῷ
631 3262 854 3328 ὀνόματι
923 3265 1099 3332 Ἰησοῦ
1142 3244 1378 3337 Χριστοῦ
1429 3272 1508 3334 είς
1549 3244 1742 3338 ἄφεσιν

1862 3284 1962 3337 que
1986 3281 2220 3324 vestrm“
2249 3270 2301 3321 in
2321 3271 2535 3322 nomine
2555 3268 2680 3324 Jcsu
2701 3273 2925 3337 Christi,
2948 3275 2999 3326 in
3026 3275 3408 3332 remissionem

174 3347 484 3417 ἁμαρτιῶν,
517 3352 609 3402 καὶ
640 3350 875 3420 λήψεσθε
909 3352 1005 3424 τὴν
1027 3354 1234 3426 δωρεὰν
1268 3357 1359 3410 τοῦ
1383 3359 1538 3426 ἁγίου
1575 3361 1748 3415 Ilva-tio

177 3456 374 3505 ματος.
415 3440 572 3510 Ὑμῖν
630 3443 739 3514 γάρ
776 3445 985 3516 ἐστινὴ
1022 3449 1322 3517 ἐπαγγελία
1374 3453 1466 3505 καὶ
1523 3456 1632 3515 τοῖς
1661 3458 1748 3507 τέ-

173 3547 328 3591 κνοις
379 3530 549 3600 ὑμῶν,
601 3538 695 3588 καὶ
742 3537 875 3589 πᾶσι
917 3540 1029 3607 τοῖς
1081 3542 1158 3603 είς
1225 3541 1460 3612 μακρὰν,
1498 3545 1656 3608 ὅσους
1681 3546 1745 3598 ἂν

175 3619 615 3688 προσκαλέσηται
675 3623 877 3693 Κύριος
904 3627 932 3678 ὁ
960 3611 1104 3691 ¹Θεὸς
1149 3611 1350 3699 ἡμῶν.
1398 3633 1638 3702 Ἐτέροις
1685 3653 1743 3688 τε

173 3706 603 3792 λόγοιςιπλείοσι
627 3712 1049 3785 διεμαρτύρατο,
1076 3721 1171 3771 καὶ
1202 3722 1500 3791 παρεκάλει
1533 3725 1706 3792 λέγων
1727 3744 1741 3757 ’

176 3788 397 3865 Σώθηῖἴε
429 3797 541 3851 ἀπὸ
570 3801 690 3869 τῆς·
716 3806 908 3870 γενεᾶς
940 3807 1140 3876 ταύτης
1163 3807 1264 3876 τῆς
1286 3788 1522 3874 σκολιᾶς.
1550 3788 1617 3866 Oi
1646 3813 1744 3883 μὲν

172 3883 264 3939 οὖν
293 3889 546 3956 ἀσμένως
601 3891 989 3964 ὑποδεξάμενοι
1042 3899 1132 3950 τὸν
1158 3899 1315 3967 λόγον
1357 3902 1557 3966 αὐτῶν,
1610 3906 1740 3957 £60.-

175 3979 503 4048 πτίσθησαν,
533 3983 625 4035 καὶ
677 3987 1084 4054 προσετέθησαν
1108 3993 1173 4058 τῇ
1201 3993 1384 4063 ἡμέρᾳ
1431 3995 1611 4063 ἐκείνῃ
1636 3997 1740 4062 ψυ-

173 4073 267 4138 χαὶ
343 4071 476 4124 ὡσεὶ
525 4074 840 4144 τρισχίλιαι.
895 4071 1076 4130 ἾΙσαν
1112 4079 1168 4131 δὲ
1204 4085 1738 4152 προσκαρτεροῦντες

171 4165 238 4232 τῇ
267 4163 458 4234 διδαχῇ
483 4167 588 4218 τῶν
620 4168 954 4234 ἀποστόλων,
1005 4172 1097 4223 καὶ
1129 4174 1194 4242 τῇ
1249 4174 1526 4242 κοινωνίᾳ,
1558 4175 1648 4226 καὶ
1668 4177 1733 4242 τῇ

175 4252 366 4304 κλάσει
390 4255 482 4305 τοῦ
521 4254 709 4324 ἄρτου,
737 4260 828 4312 καὶ
864 4263 983 4324 ταῖς
1016 4265 1365 4334 προσευχαῖς.
1414 4263 1660 4331 Ἐγένετο
1680 4265 1736 4317 δὲ

177 4342 324 4412 πάσῃ
380 4344 524 4414 ψυχῇ
574 4348 735 4415 φόϐος
769 4367 782 4381 ο
833 4351 1001 4404 πολλά
1033 4369 1092 4406 τε
1142 4354 1344 4425 τέρατα
1408 4359 1502 4409 καὶ
1536 4359 1736 4425 σημεῖα

169 4429 256 4484 διὰ
282 4433 393 4485 τῶν
424 4437 738 4490 ἀποστόλων
767 4443 984 4506 ἐγένετο
1011 4447 1070 4496 ἐν
1106 4446 1460 4516 Ἰερουσαλήμ

773 4529 1147 4589 ΕΡΜΗΝΕΙᾹ.

1857 3373 2202 3430 peccatorum
2236 3371 2568 3424 vestrorum,
2606 3370 2660 3414 et
2693 3364 2975 3432 accipietis
3004 3365 3201 3420 donum
3225 3365 3406 3437 Spiri-

1857 3459 1943 3504 tus
1967 3451 2165 3506 saneti.
2209 3452 2373 3506 Vobis
2403 3451 2546 3505 enim
2603 3460 2685 3506 est
2745 3456 3120 3523 repromissio,
3169 3465 3225 3512 et
3277 3458 3406 3514 ﬁliis

1853 3540 2076 3604 vestris,
2108 3553 2160 3593 et
2217 3542 2468 3594 omnibus
2521 3543 2612 3608 qui
2648 3543 2805 3610 longe
2851 3554 3002 3610 sunt,
3050 3562 3407 3615 quoscunque

1853 3628 2196 3683 advocaverit
2253 3630 2509 3682 Dominus
2576 3631 2716 3684 Deus
2771 3643 2977 3687 noster.
3045 3619 3184 3689 Aliis
3239 3637 3403 3691 etiam

1853 3721 2034 3774 verbis
2099 3720 2348 3790 plurimis
2402 3723 2729 3778 testiﬁcatus
2773 3735 2878 3788 est,
2909 3735 2960 3778 ct
3013 3727 3405 3783 exhortabatur

1850 3827 1943 3866 eos
1984 3813 2211 3868 dicens:
2269 3811 2567 3867 Salvamini
2631 3829 2661 3867 a
2691 3818 3039 3884 generatione
3079 3819 3180 3872 ista
3213 3833 3409 3887 prava;

1849 3900 1951 3967 Qui
2014 3919 2145 3973 ergo
2201 3912 2520 3971 receperunt
2578 3919 2881 3959 sermunem
2941 3908 3097 3975 ejus,
3144 3909 3400 3978 baptizati

1849 4005 1974 4048 sunt
2000 4013 2012 4048 :
2039 4006 2091 4050 et
2121 3997 2379 4066 apposita:
2409 4004 2538 4049 sunt
2577 3993 2666 4050 die
2698 3997 2787 4049 illa
2824 3998 3016 4052 animm
3054 4000 3272 4054 circiter
3297 4002 3399 4055 tria

1848 4087 2039 4139 millia.
2064 4087 2243 4140 Erant
2274 4098 2452 4141 autem
2503 4101 2921 4157 perseverantes
2952 4091 3003 4144 in
3061 4090 3313 4146 doctrina
3342 4103 3396 4148 et

1845 4179 2342 4232 comunmieatione
2404 4179 2688 4234 fractionis
2747 4183 2901 4249 panis
2948 4192 3002 4236 et
3032 4184 3394 4240 orationibus.

1830 4264 2029 4340 ‘Fiebat
2059 4277 2237 4321 autem
2266 4269 2412 4321 omni
2447 4271 2643 4322 anima:
2702 4272 2897 4325 timor:
2955 4275 3123 4326 multa
3181 4289 3396 4344 quoque

1844 4359 2089 4428 prodigia
2151 4367 2205 4413 et
2263 4360 2415 4428 signa
2493 4376 2590 4429 per
2645 4363 2922 4431 apostolos
2986 4367 3038 4419 in
3091 4365 3392 4424 Jerusalem

1844 4449 2060 4503 ﬁebant.
2889 4493 2894 4500 .

2330 4543 2900 4599 COMMENTARIUS.

250 4612 593 4678 ’Λξιόπιστος
624 4618 649 4668 ό
676 4617 831 4686 λόγος
873 4618 954 4687 (ἐξ
983 4613 1056 4674 ὧν
1107 4623 1270 4674 αὐτὸν
1308 4624 1544 4695 ἔλαϐον),
1597 4628 1734 4690 τέως

1914 4634 2043 4686 Fide
2072 4610 2267 4702 dignius
2292 4645 2408 4688 erat
2468 4651 2649 4691 sermo
2679 4639 2821 4692 Petri
2873 4654 2937 4691 ex
2969 4641 3036 4695 iis
3065 4657 3184 4708 qua:
3232 4653 3386 4695 antea

170 4702 223 4753 δὲ
249 4705 306 4753 τὶ
327 4702 548 4765 εὔκολον
575 4707 741 4776 λέγει,
781 4711 978 4780 πολλὴν
1002 4712 1122 4782 ἔχον
1148 4715 1375 4784 δωρεὰν,
1413 4719 1504 4769 καί
1540 4735 1667 4770 ποτε
1691 4721 1733 4749 ¹⁸

1862 4731 2182 4790 lceeperant.
2239 4723 2462 4776 Interim
2521 4725 2572 4777 id
2622 4727 2763 4794 quod
2801 4727 2958 4782 facile
2992 4702 3094 4784 est:
3129 4737 3184 4784 et
3240 4735 3385 4801 quod

166 4800 261 4868 in!
296 4792 532 4872 τὸνβίον
571 4802 710 4870 ἄγει.
758 4805 1041 4870 ’Υπὸοεσις
1087 4810 1191 4878 γὰρ
1223 4810 1404 4872 αὐτοῖς
1442 4810 1592 4863 ἔσται
1641 4811 1734 4863 καὶ

1862 4828 2094 4877 naguum
2160 4813 2323 4867 habet
2374 4813 2608 4878 donum,
2633 4817 2801 4882 dicit;
2844 4827 2898 4872 et
2949 4829 3078 4874 tunc
3106 4824 3171 4875 ad
3219 4824 3384 4879 vitam

178 4888 378 4962 σπουδὴ
415 4891 474 4941 τὸ
504 4891 602 4961 ἤδη
657 4894 957 4960 γεύσασθαι
1013 4900 1123 4952 τῶν
1173 4900 1442 4955 τοσούτων
1494 4902 1732 4970 ἀγαθῶν.

1862 4905 2009 4959 lucit.
2042 4904 2197 4970 Quia~
2222 4920 2350 4960 vero
2374 4907 2667 4975 cupiebant
2718 4909 2997 4965 auditores
3039 4915 3200 4980 scire,
3231 4932 3382 4986 quaa-

186 4965 404 5054 Ἐπειδῆ
433 4985 488 5037 δὲ
519 4985 700 5064 ἐπόθει
732 4989 759 5040 ὀ
787 4987 1089 5060 ἀκροατὴς,
1122 4993 1173 5042 τί
1197 4991 1266 5063 ἦν
1309 4993 1368 5045 τὸ
1390 4995 1494 5047 τῶν
1543 4965 1730 5049 πλειό-

2054 4965 2086 4970 τ
2447 4965 2460 4975 ,
3235 4965 3347 4986 ,πη

1862 5012 1963 5050 tam
2005 5005 2150 5050 esset
2185 5005 2292 5049 tam
2327 4998 2710 5064 multiplicium
2741 5002 3027 5056 verborum
3052 5005 3213 5074 204
3233 5020 3383 5058 sum-

174 5075 484 5142 νων-λόγων
518 5062 841 5145 κεφάλαιον·
877 5080 1048 5133 Τοῦτό
1088 5062 1230 5146 ἐστι,
1256 5085 1406 5150 φησὶ,
1440 5085 1616 5153 δωρεὰ
1638 5084 1730 5136 τοῦ

1862 5103 1923 5140 na
1975 5107 1986 5138 :
2055 5087 2176 5139 llaec
2242 5097 2348 5150 est,
2407 5087 2602 5156 inquit.
2634 5089 2856 5152 qdonum
2897 5091 3131 5160 Spiritus
3181 5096 3374 5152 sancti.

175 5161 322 5225 ἁγίου
374 5159 704 5234 Πνεῦματοςέ
763 5173 869 5226 «Oi
920 5172 1016 5241 μὲν
1080 5170 1192 5225 οὖν.
1231 5189 1251 5221 ι
1304 5171 1606 5241 Ἐπῄνεσαν
1663 5175 1731 5224 τὰ

1905 5170 2007 5233 Qui
2038 5186 2186 5237 ergo.
2210 5189 2244 5249 ρ
2279 5170 2530 5226 Laudant
2567 5174 2709 5229 dicta
2754 5159 3103 5245 quantumvis
3153 5185 3374 5239 terribi-

97 5317 100 5320 ί
174 5249 446 5332 λεχθέντα.
500 5259 678 5312 καίτοι
740 5262 906 5331 φόϐου
949 5263 1229 5333 γέμοντα,
1290 5264 1384 5315 καὶ
1437 5265 1574 5339 μετὰ
1635 5260 1731 5332 τὴν

1871 5275 1919 5322 a,
1946 5270 1999 5312 et
2033 5269 2319 5329 postquam
2347 5278 2629 5318 assensqu
2662 5268 2726 5319 iis
2757 5272 3078 5337 prmStitere,
3113 5273 3376 5343 baptisma

176 5329 564 5409 συγκατάθεσιν
617 5329 763 5403 τότε.
791 5357 884 5414 ἐπὶ
909 5329 971 5407 τό
995 5329 1274 5424 βάπτισμα
1303 5329 1569 5424 ἔρχονται.
1614 5329 1727 5404 Ἐν-

1865 5351 2163 5418 uscipiunt.
2193 5353 2294 5406 llic
2325 5370 2451 5410 vero
2476 5357 2691 5427 impleta
2729 5369 2813 5413 est
2848 5362 2937 5414 illa
2967 5363 3115 5417 Isaia:
3139 5368 3372 5432 prophe-

173 5432 340 5485 ταῦθα
380 5435 476 5487 καὶ
518 5437 830 5509 πληροῦται,
872 5447 904 5513 ὴ
948 5445 1042 5496 τοῦ
1109 5446 1326 5497 Ἡσαΐου
1377 5441 1680 5512 προφητεία
1707 5458 1720 5470 ·

1862 5445 1900 5492 ia
1932 5460 1945 5495 :
1989 5461 2004 5491 ι
2028 5442 2160 5506 Quis
2187 5445 2389 5499 audivit
2417 5464 2652 5514 unquam
2688 5451 2789 5502 tale
2809 5451 2833 5500 ?
2868 5461 2920 5504 et
2945 5456 3064 5518 quis
3085 5454 3216 5506 vidit
3238 5457 3371 5508 'Ituic

183 5543 196 5572 ι
224 5524 317 5587 Τίς
375 5527 578 5596 ἢκουσε
617 5529 856 5583 τοιοῦτον
881 5551 897 5600 ;
924 5527 1018 5588 καὶ
1041 5539 1125 5600 τίς
1155 5537 1396 5606 ἑώρακεν
1418 5534 1623 5600 οῦτως;
1668 5534 1727 5584 Ei

1862 5534 2046 5589 .itnilc?
2099 5534 2350 5604 Nunquid
2393 5539 2622 5607 parturit
2674 5547 2815 5592 terra
2865 5541 2919 5593 in
2968 5544 3053 5597 die
3085 5545 3224 5598 una?
3277 5556 3368 5598 aut
3421 5575 3424 5578 ι

277 5638 318 5668 ¹⁰
353 5637 546 5690 Matth.
584 5655 717 5706 xxu,
753 5642 842 5697 40.
1607 5691 1613 5699 .

265 5713 273 5718 ’
1313 5722 1510 5782 Varia:
1557 5721 1858 5782 lectiones
1902 5726 1961 5777 ct
2005 5729 2171 5777 nefa:

239 5812 277 5839 “
316 5810 404 5863 ῖσ.
457 5810 598 5862 τότε.

479 5902 750 5964 ΡΑτιιοι..
782 5905 897 5964 Gn.
929 5881 1177 5967 CXXV.
1212 5901 1216 5905 ’

2972 5913 3041 5970 28
