4094 6340
853 368 1382 434 EXPOSITIONIS
1415 369 1493 428 IN
1534 366 1714 426 ACTA
1749 362 2048 423 TEXTUS
2087 363 2350 423 ALTER.
2400 386 2456 398 -
2484 363 2640 431 CAP.
2678 362 2792 422 Ill.

195 368 307 432 εῖτ
853 368 1382 434 EXPOSITIONIS
1415 369 1493 428 1N
1534 367 1714 426 ACTA
1749 367 2048 423 TEXTUS
2087 367 2350 423 ALTER.
2400 386 2456 398 —
2484 367 2640 431 CAP.
2678 367 2792 422 III.
3313 367 3420 448 s73
3455 368 3457 370 ·

193 501 300 546 σας
322 484 376 537 δὲ
405 483 602 554 Πέτρος
630 485 709 546 εἰς
743 483 903 535 αὑτὸν
928 485 1022 534 σὺν
1048 483 1122 551 τῷ
1139 482 1360 552 Ἰωάννῃ
1383 475 1522 531 εἷπε·
1559 476 1759 545 Βλέψον

1869 490 1985 527 eum
2021 473 2216 529 Petrus
2250 490 2372 537 cum
2401 473 2630 540 Joanne,
2655 474 2828 529 dixit:
2859 472 3090 544 Respice
3121 474 3175 529 in
3197 492 3322 534 nos.
3347 481 3419 533 At

193 578 275 638 εἰς
306 578 474 647 ἡμᾶς.
521 577 580 629 Ὀ
606 577 664 629 δὲ
703 577 918 646 ἐπεῖχεν
969 578 1152 638 αὐτοῖς
1201 573 1512 643 προσδοκῶν
1543 589 1594 622 τι
1628 571 1757 638 παρ’

193 669 383 722 αὐτῶν
407 667 610 735 λαϐεῖν.
645 661 781 720 Εῖπε
809 668 864 719 δὲ
902 667 1104 735 Πέτρος
1131 681 1144 695 ·
1183 663 1473 735 ’Λργύριον
1504 663 1597 714 καί
1632 678 1764 731 χρυ-

196 759 317 810 σίον
365 759 464 828 οὐχ
525 759 759 828 ὑπάρχει
797 775 907 825 μοι,
931 758 958 808 ὃ
983 758 1037 809 δὲ
1071 756 1198 826 ἔχω,
1228 756 1384 808 τοῦτό
1415 772 1495 805 σοι
1534 753 1723 820 δίδωμι
1745 768 1757 780 ο

197 851 255 901 ἐν
319 850 394 920 τῷ
443 850 665 918 ὀνόματι
726 847 896 916 Ἰησοῦ
960 848 1195 916 Χριστοῦ
1273 845 1366 899 τοῦ
1441 844 1760 913 Ναζωραίου

196 941 382 1008 ἔγειρε
427 941 521 993 καὶ
548 939 859 1008 περιπάτει.
896 941 1002 991 Καὶ
1035 941 1234 1000 πιάσας
1269 936 1430 988 αὑτὸν
1457 934 1554 1001 τῆς
1584 933 1763 998 δεξιᾶς

194 1033 403 1102 χειρὸς,
437 1032 644 1101 ἤγειρε.
680 1014 1022 1100 Παραχρῆμα
1068 1029 1124 1080 δὲ
1152 1025 1568 1095 ἐστερεώθησαν
1599 1022 1761 1076 αὐτοῦ

196 1125 255 1176 αἰ
290 1124 475 1192 βάσεις
514 1121 700 1174 καὶτὰ
744 1121 945 1188 σφυρά,
983 1121 1076 1171 καὶ
1117 1117 1473 1185 ἐξαλλόμενος
1505 1115 1633 1184 ἔστη
1670 1114 1763 1166 καὶ

198 1215 558 1282 περιεπάτει·
591 1215 684 1264 καὶ
712 1211 927 1280 εἰσῆλθε
962 1212 1057 1261 σὺν
1086 1209 1270 1268 αὐτοῖς
1295 1209 1374 1269 εἰς
1396 1206 1457 1258 τὸ
1492 1206 1638 1276 ἱερὸν
1670 1221 1763 1257 πε-

200 1302 470 1371 ριπατῶν,
500 1302 594 1354 καὶ
627 1301 937 1370 ἁλλόμενος,
979 1301 1072 1351 καὶ
1094 1299 1257 1352 αἰνῶν
1285 1297 1377 1350 τὸν
1398 1290 1552 1349 Θεὸν.
1628 1329 1662 1333 η

805 1406 1179 1461 ΕΡΜΗΝΕῙΑ.

276 1517 358 1570 Τὰ
389 1515 484 1586 μὲν
520 1511 612 1568 οὖν
649 1514 784 1569 ἄλλα
819 1515 1019 1583 σημεῖα
1076 1513 1328 1583 παρεῖδεν
1357 1515 1384 1565 6
1417 1511 1510 1564 τοῦ
1557 1508 1761 1580 βιϐλίου

203 1607 578 1677 συγγραφεύς.
602 1606 788 1678 [Λέγει
802 1606 856 1658 δὲ
873 1609 1118 1677 σημεῖον,
1135 1605 1163 1658 δ
1174 1606 1376 1666 πάντας
1388 1603 1588 1668 ἐξένισε
1605 1601 1763 1673 (l0).]

196 1700 432 1752 Φυσικὸν
458 1699 517 1751 τὸ
565 1697 736 1760 πάθος
781 1693 871 1767 ἦν,
923 1699 1174 1768 κρεῖττον
1231 1694 1424 1768 τέχνης
1487 1695 1759 1764 ἰατρικῆς.

196 1787 626 1860 Τεσσαράκοντα
655 1784 724 1860 ἦν
767 1788 864 1859 ἐτη
901 1787 1218 1858 πεποιηκὼς
1242 1789 1300 1839 ἐν
1322 1789 1389 1857 τῇ
1419 1783 1760 1855 Γαλιλαίᾳίδ,

1869 566 1956 620 ille
1983 566 2299 619 intendebat
2329 567 2380 619 in
2415 580 2531 631 eos,
2561 580 2792 635 sperans
2840 580 2900 620 se
2923 567 3132 635 aliquid
3174 581 3420 639 acceptu—

1867 671 1983 708 rum
2030 657 2098 708 ab
2147 656 2250 709 eis.
2329 654 2522 709 Petrus
2577 664 2758 710 autem
2809 656 3312 725 dixit:Argentum
3365 664 3424 714 et

1866 760 2058 800 aurum
2091 762 2199 800 non
2224 743 2326 800 cst'
2344 748 2473 800 mihi
2499 765 2512 800 :
2543 749 2685 817 quod
2733 755 2914 802 autem
2952 747 3146 814 habeo,
3176 748 3277 802 hoc
3325 747 3418 801 tibi

1866 837 1980 891 do:
2024 835 2080 888 lu
2115 839 2334 902 nomine
2389 837 2515 892 Jesu
2570 837 2768 894 Christi
2825 838 3088 892 Nazareni
3121 845 3308 909 ’surge
3368 849 3418 894 et

1867 927 2103 979 ambula.
2134 925 2199 979 Et
2227 928 2567 996 apprehensa
2600 943 2762 980 manu
2791 926 2909 995 ejus
2954 929 3198 993 dextera,
3225 929 3416 983 alleva-

1865 1018 1942 1070 vit
1975 1033 2120 1078 cum,
2149 1027 2200 1072 et
2227 1018 2476 1086 protinus
2504 1018 3009 1082 consolidataz,sunt
3042 1018 3201 1072 bases
3226 1019 3343 1085 ejus
3368 1026 3417 1072 et

1864 1109 2079 1178 plantm.
2114 1109 2181 1162 Et
2213 1110 2472 1164 exsiliens
2505 1109 2654 1162 stetit
2681 1115 2758 1185 let
2790 1108 3139 1162 ambulabat:
3172 1119 3224 1163 ct
3246 1104 3425 1162 intra;

1865 1200 1942 1252 vi't
1969 1215 2091 1253 cum
2134 1201 2242 1269 illis
2274 1203 2327 1254 in
2368 1202 2626 1270 templum
2668 1189 2956 1254 ambulans
2986 1207 3040 1254 ct.
3075 1200 3338 1256 exsiliens
3366 1210 3420 1254 et
3511 1199 3514 1202 ί

1867 1292 2096 1347 laudans
2132 1292 2322 1347 Deum.
2944 1350 2958 1362 η

2187 1377 2202 1380 ί’
2371 1400 2937 1457 COMMENTARIUS.

1936 1510 2052 1563 Alia
2081 1510 2299 1580 quidem
2335 1511 2489 1580 signa
2520 1514 2867 1580 praetermisit
2912 1513 3037 1567 libri
3095 1512 3262 1583 hujus
3324 1527 3423 1568 au-

1869 1611 2010 1656 ctor.
2041 1602 2180 1655 lllud
2211 1617 2341 1656 vero
2369 1612 2577 1674 narrat,
2611 1606 2756 1671 quod
2782 1619 2972 1658 omnes
3002 1603 3055 1656 in
3117 1603 3422 1658 admiratio-

1866 1709 1988 1748 nem
2019 1692 2275 1763 coniecit.
2305 1693 2582 1749 Naturalis
2613 1702 2731 1749 erat
2776 1696 3021 1759 morbus,
3064 1703 3182 1760 arte
3212 1694 3420 1748 medica

1867 1785 2059 1840 fortior
2085 1803 2099 1838 :
2126 1801 2309 1846 annos
2335 1787 2689 1856 quadraginta
2719 1788 2787 1853 in-
2813 1787 3220 1846 claudicatione,
3239 1795 3421 1841 trans-

197 1881 385 1943 καθὼς
443 1877 646 1949 προῖὼν
701 1895 886 1949 φησιν.
948 1879 1136 1941 Οὐδεὶς
1167 1877 1258 1931 οὖν
1311 1876 1473 1932 αὐτὸν
1499 1879 1556 1929 ὲν
1597 1875 1760 1929 παντὶ

1869 1886 2065 1946 egerat,
2134 1885 2194 1929 ut
2259 1886 2448 1944 postea
2504 1877 2696 1946 inquit.
2752 1870 2924 1932 Nemo
2959 1877 3109 1932 illum
3167 1885 3278 1932 toto
3330 1876 3423 1936 illo

195 1972 375 2041 χρόνῳ
426 1971 781 2041 ἐθεράπευσε.
831 1956 1013 2023 Ταῦτά
1063 1971 1171 2039 γὰρ
1231 1970 1463 2039 μάλιστα
1521 1966 1757 2020 δύσκολά

195 2068 348 2118 ἐστιν
376 2066 519 2133 άπερ
551 2064 614 2116 ἂν
644 2066 706 2115 ἐκ
734 2065 956 2132 γενετῆς
1071 2063 1365 2133 Ἐπίσημος
1392 2062 1446 2116 δὲ
1466 2057 1576 2132 ἦνὸ
1597 2062 1756 2129 ἀνὴρ,

196 2156 308 2207 ἀπό
333 2173 394 2207 τε
419 2155 510 2208 τοῦ
563 2155 764 2224 τρόπου
798 2155 864 2220 ¹⁹,
904 2156 1013 2208 ἀπό
1037 2172 1096 2207 τε
1117 2155 1210 2207 τοῦ
1269 2153 1493 2218 πάθους.
1517 2149 1651 2206 Εἶτα
1673 2152 1761 2206 ἵνα

199 2243 278 2313 μὴ
319 2241 446 2316 δόξῃ
509 2244 616 2296 ἀπὸ
673 2245 1012 2313 ταυτομάτου
1054 2243 1214 2297 τοῦτο
1237 2243 1503 2312 γίνεσθαι,
1532 2243 1592 2295 οὐ
1620 2242 1762 2311 λόγῳ

199 2337 364 2404 μόνον
414 2332 723 2403 θεραπεύει,
771 2335 909 2387 ἀλλὰ
971 2335 1064 2386 καὶ
1126 2336 1281 2405 «Τῆς
1342 2334 1520 2398 δεξιᾶς
1580 2334 1762 2404 χειρὸς

198 2427 429 2489 πιάσας,
471 2428 686 2497 ἤγειρεν
758 2426 950 2490 αὑτὸν,
975 2445 992 2477 ι
1027 2426 1181 2495 φησί.
1213 2427 1322 2480 Καὶ
1364 2425 1519 2479 τοῦτο
1543 2425 1761 2494 ἐποίησε

196 2523 369 2591 δήλην
399 2522 496 2590 τὴν
533 2521 824 2587 ἀνάστασιν
850 2537 863 2550 ⁸
900 2522 1248 2584 ἀναστάσεως
1286 2519 1393 2588 γάρ
1576 2519 1759 2570 εἰκών.

198 2610 359 2662 Οὕτω
385 2611 479 2662 καὶ
509 2611 536 2662 6
557 2610 786 2677 Χριστὸς
818 2611 1041 2679 ἐποίησε
1063 2628 1075 2641 '
1120 2604 1376 2672 πολλάκις
1405 2611 1550 2679 λόγῳ
1575 2608 1762 2680 ἐθερά-

197 2717 395 2762 πευσε,
419 2699 675 2762 πολλάκις
701 2700 865 2770 ἔργῳ,
896 2700 1149 2763 πολλάκις
1171 2699 1263 2753 καὶ
1283 2699 1381 2770 τὴν
1412 2701 1568 2769 χεῖρα
1596 2715 1764 2769 προσ-

198 2792 433 2860 ήγαγεν,
463 2793 594 2844 ὅπου
627 2786 764 2860 ἦσαν
815 2792 1207 2860 ἀσθενέστεροι.
1244 2787 1377 2844 Εἶτα
1411 2791 1438 2841 6
1463 2789 1650 2855 ἰαθεὶς,
1703 2790 1763 2841 οὐ

201 2883 370 2952 μόνον
398 2883 580 2946 ἁπλῶς
614 2882 952 2953 περιεπάτει,
1007 2882 1140 2934 ἀλλὰ
1191 2882 1284 2936 καὶ
1342 2882 1572 2950 ἅλμασιν
1607 2881 1769 2950 ἐχρῆω

196 2992 260 3026 το
305 2975 565 3044 σκιρτῶν,
610 2972 892 3043 πειράζων
929 2974 1117 3026 ἑαυτὸν
1146 2972 1220 3044 μὴ
1247 2969 1402 3044 [ἄρα]
1435 2972 1617 3034 ἁπλῶς
1653 2973 1768 3023 ἐστι

197 3065 698 3134 τδ;γεγονός.Τινὲς
730 3063 786 3118 δέ
817 3081 999 3134 φασιν,
1050 3063 1131 3117 ὅτι
1176 3064 1357 3133 ἠγνόει
1417 3064 1757 3132 περιπατεῖν.

797 3243 1068 3302 KEIMEN
1075 3244 1164 3300 ΟΝ

274 3362 389 3414 Kal.
438 3357 592 3414 εἶδεν
633 3360 793 3414 αὐτὸν
857 3364 1013 3424 πᾶςὸ
1037 3362 1163 3422 λαὸς
1204 3361 1638 3431 περιπατοῦντα,
1671 3366 1767 3417 καὶ

201 3454 464 3506 αἰνοῦντα
499 3453 588 3506 τὸν
616 3452 768 3508 Θεόν.
806 3453 1204 3522 Ἐπεγίνωσκόν
1231 3470 1290 3505 τε
1329 3455 1512 3516 αὑτὸν,
1569 3454 1650 3506 ὃτι
1679 3449 1768 3508 οὗ·

202 3562 296 3609 τος
356 3541 424 3616 ἦν
453 3548 480 3598 6
514 3544 648 3615 πρὸς
682 3545 780 3616 τὴν
831 3546 1202 3615 ἐλεημοσύνην
1264 3545 1569 3615 καθήμενος
1601 3547 1658 3597 ἐν
1700 3549 1766 3615 τῇ

213 3637 413 3705 Ὠραίᾳ
477 3637 618 3706 πύλῃ
644 3636 735 3693 τοῦ
766 3636 910 3706 ἱεροῦ
933 3654 946 3666 ·
980 3639 1073 3689 καὶ
1128 3637 1478 3708 ἐπλήσθησαν
1525 3636 1768 3706 θάμϐους

204 3729 298 3778 καὶ
324 3726 629 3788 ἐκστάσεως
659 3727 749 3779 ἐπὶ
777 3727 854 3795 τῷ
895 3727 1262 3799 συμὸεϐηκότι
1290 3727 1461 3798 αὐτῷ.

815 3835 1194 3890 EPMHNEIA.

279 3943 479 4006 Καλῶς
507 3961 690 4012 φησιν,
714 3943 795 3995 ὃτι
826 3961 843 3993 ι
867 3943 1258 4011 Ἐπεγίνωσκον
1293 3945 1473 4010 αὐτὸν,
1506 3947 1585 3998 ὅτι
1616 3942 1769 4009 οὗτος

201 4031 272 4106 ἦν
308 4040 335 4088 ὁ
371 4036 502 4104 πρὺς
533 4037 629 4104 τὴν
656 4034 1020 4103 ἐλεημοσύνην
1045 4035 1350 4105 καθήμενος
1374 4037 1464 4089 ἐπὶ
1494 4040 1556 4106 τῇ
1582 4038 1769 4107 Ὡραίᾳ

204 4126 356 4195 πύλῃ
384 4141 396 4154 ·
415 4144 431 4174 ι
461 4125 520 4176 οὺ
550 4126 656 4194 γάρ
677 4139 790 4187 πως
813 4122 897 4175 ἔτι
924 4125 1242 4193 ἐγνωρίζετο
1263 4129 1568 4194 μετέπειτα.
1590 4125 1770 4200 Ταύτῃ

203 4219 318 4287 γάρ
335 4221 401 4287 τῇ
425 4217 566 4281 λέξει
589 4216 906 4286 κεχρήμεθα
926 4219 1136 4269 ἐπὶτῶν
1160 4218 1306 4287 μόλις
1339 4219 1769 4288 γνωριζομένων.

211 4308 421 4360 ’ἰστέον
445 4309 594 4360 δὲὸτι
618 4308 711 4359 καὶ
736 4304 908 4372 οὗτος,
937 4307 1022 4360 διὰ
1048 4308 1202 4361 τοῦτο
1235 4310 1568 4380 προσήδρευε
1592 4313 1657 4379 τῇ
1681 4309 1772 4361 τοῦ

200 4399 726 4467 Σολομῶντοςιστοᾷ,
749 4401 876 4467 ἴσως
894 4399 1132 4467 οἰόμενος
1152 4400 1433 4465 τεύξεσθαι
1455 4419 1593 4463 τινος
1611 4402 1791 4471 θερα-’

204 4493 374 4551 πείας
405 4489 499 4540 ἐπὶ
524 4491 586 4557 τῇ
613 4487 703 4540 τοῦ
737 4487 955 4556 Σιλωὰμ
997 4488 1368 4559 κολυμϐήθρᾳ,
1420 4492 1599 4551 καθὼς
1630 4493 1773 4559 καίῤ
1806 4496 1809 4559 ξ

203 4582 510 4650 τριάκοντα
536 4579 630 4629 καὶ
658 4578 799 4630 ὀκτὼ
823 4578 915 4646 ἐτη
943 4578 1078 4648 ἔχων
1104 4598 1173 4629 πα
1184 4579 1424 4645 ράλυτος,
1447 4581 1504 4634 ὃν
1533 4582 1716 4634 ἰάσατο
1745 4585 1772 4633 ὁ

204 4671 427 4739 Σωτήρ.
455 4671 547 4721 Ὃν
567 4670 614 4721 οἰ
643 4669 926 4721 ἀπόστολοι
971 4659 1173 4737 Πέτρος
1197 4672 1288 4721 καὶ
1318 4672 1550 4739 ιωάννης
1581 4672 1772 4733 ἰδόντες

205 4763 271 4833 [Ῑ.
306 4760 434 4814 add.
465 4761 560 4831 καί
587 4759 829 4830 γνόντες]
869 4762 964 4827 τὴν
991 4761 1168 4812 αἰτίαν
1194 4763 1289 4830 τῆς
1318 4764 1658 4832 προσεδρίας,
1692 4765 1772 4816 ὅτι

205 4856 420 4922 καίπερ
441 4851 750 4923 προσαιτῶν
773 4852 1053 4922 ἐπορίζετο
1071 4854 1166 4922 τὴν
1183 4855 1409 4925 τροφὴν,
1431 4857 1530 4907 οὐκ
1557 4857 1772 4923 ἀπέγνω

205 4948 309 5015 τῆς
346 4945 662 5013 θεραπείας,
708 4944 1076 5015 ἐθεράπευσαν
1109 4947 1271 4997 αὐτὸν
1321 4949 1412 5000 ἐπὶ
1443 4949 1519 5016 τῷ
1551 4948 1770 5017 ὀνόματι

207 5038 306 5089 τοῦ
337 5035 598 5105 Χριστοῦ.
639 5055 656 5087 ι
686 5037 884 5089 Τοῦτον
915 5038 1042 5106 γάρ,
1072 5041 1254 5107 φησὶν,
1293 5040 1350 5092 ὃν
1393 5040 1644 5109 θεωρεῖτε
1681 5041 1774 5093 καὶ

207 5126 418 5187 οἴδατε,
483 5127 776 5195 ἐστερέωσε
801 5130 861 5181 τὸ
881 5113 1047 5198 ὄνομα
1100 5131 1261 5183 αὑτοῦ
1288 5149 1300 5160 ·
1341 5133 1435 5183 καί
1470 5134 1501 5200 ἡ
1535 5132 1710 5193 πίστις
1739 5131 1770 5198 ἠ

285 5300 332 5332 ²¹
362 5297 522 5352 Joan.
543 5316 639 5362 .tx,
668 5301 718 5354 7.

1866 1979 2105 2037 tempore
2133 1978 2451 2026 curaverat:
2486 1971 2625 2024 mala
2655 1971 2802 2026 enim
2857 1982 2886 2023 a
2945 1971 3229 2024 nativitate
3283 1968 3421 2025 difﬁ-

1862 2059 2071 2129 cillima.
2097 2069 2246 2115 sunt.
2276 2059 2444 2114 Valde
2488 2069 2669 2116 autem
2721 2068 2884 2115 notus
2930 2069 3048 2116 erat
3101 2062 3182 2114 rir
3231 2061 3320 2116 ille
3367 2069 3426 2117 et

1862 2164 1894 2202 a
1924 2150 2048 2205 loco
2076 2157 2131 2205 et
2168 2150 2235 2205 ab
2281 2151 2614 2206 inﬁrmitate.
2661 2150 2864 2207 Deinde
2892 2167 2960 2206 nc
2982 2153 3258 2207 videretur
3318 2153 3424 2218 hoc

1864 2251 2053 2312 sponte
2088 2258 2186 2296 sua
2211 2241 2436 2309 factum,
2473 2259 2581 2298 non
2626 2245 2743 2298 solo
2777 2258 3029 2299 sermone
3074 2251 3266 2309 curat;
3323 2244 3420 2300 sed

1871 2353 1889 2385 ι
1919 2335 2267 2404 Apprehensa
2296 2351 2456 2390 manu
2485 2337 2605 2403 ejus
2627 2337 2871 2402 dextera,
2914 2337 3166 2391 allevavit
3209 2353 3359 2414 eum,
3384 2357 3417 2390 .s

1868 2427 2063 2496 inquit.
2101 2426 2179 2481 Ex
2218 2430 2321 2483 hoc
2353 2429 2696 2484 manifestam
2749 2428 2877 2484 fecit
2909 2431 3421 2500 resurrectionem;

1866 2529 1982 2571 erat
2037 2519 2240 2588 quippe
2303 2521 2726 2574 resurrectionis
2769 2521 2969 2590 imago.
3019 2521 3142 2574 Pari
3205 2523 3422 2576 ratione

1864 2608 2029 2661 etiam
2055 2591 2308 2664 Christus
2331 2624 2390 2664 se
2418 2612 2604 2678 gessit.
2645 2611 2799 2680 Saepe
2827 2613 3012 2674 verbo,
3069 2628 3212 2682 sarpe
3255 2613 3420 2667 etiam

1869 2699 2011 2751 facto
2043 2700 2290 2762 curabat,
2342 2709 2505 2770 atque
2535 2699 2925 2755 inﬁrmioribus
2972 2716 3190 2755 manum
3251 2703 3415 2757 etiam

1869 2791 2201 2860 porrigebat.
2233 2792 2405 2848 Porro
2441 2793 2670 2847 claudus
2698 2793 2787 2868 ille
2819 2802 3045 2849 sanatus
3103 2809 3210 2848 non
3245 2795 3422 2850 solum

1870 2883 2202 2951 ambulabat,
2245 2884 2340 2938 scd
2391 2885 2559 2940 etiam
2613 2887 2902 2941 exsiliehat
2953 2894 3064 2956 prae
3095 2888 3316 2958 gaudio,
3359 2902 3440 2970 se

1871 2972 2171 3027 exsiliendo
2216 2975 2482 3041 tentahat,
2543 2990 2674 3029 num
2721 2977 2943 3030 omnino
2977 2987 3199 3033 sanatus
3253 2976 3432 3033 esset:

1871 3063 2100 3130 Quidam
2175 3075 2356 3121 autem
2432 3068 2643 3132 dicunt,
2698 3085 2840 3140 cum
2910 3071 3161 3126 incedere
3242 3071 3423 3127 nesci-

1872 3168 2038 3210 νιεερ.

2391 3249 2554 3321 206
2601 3222 2895 3328 TEXTUS.

1938 3354 2022 3421 ΠΙ,
2062 3357 2116 3419 9,
2143 3355 2232 3412 10.
2256 3357 2323 3411 Et
2351 3356 2488 3411 vidit
2520 3360 2698 3414 omnis
2724 3361 2954 3430 p0pulus
2981 3376 3103 3415 cum
3137 3361 3426 3419 ambulan-

1868 3456 1972 3502 tem
2025 3457 2079 3502 et
2131 3449 2440 3505 laudantem
2503 3451 2689 3506 Deum.
2752 3450 3163 3522 cognoscebant
3238 3467 3422 3513 autem

1868 3539 2039 3606 illum,
2064 3540 2211 3610 quod
2244 3542 2358 3611 ipse
2384 3549 2521 3606 erat,
2545 3543 2636 3612 qui
2665 3545 2731 3597 ad
2758 3544 3156 3615 eleemosynam
3203 3547 3428 3604 sedebat
3470 3579 3473 3585 -

1870 3632 1934 3684 ad
1977 3632 2287 3702 Speciosam
2325 3644 2535 3704 portam
2578 3636 2763 3705 templi
2789 3654 2802 3691 :
2827 3638 3115 3710 _ctimpleti
3149 3650 3277 3695 sunt
3311 3646 3456 3696 stu-'

1869 3739 2001 3793 pore
2058 3732 2113 3779 et
2153 3727 2379 3791 exstasi,
2408 3727 2463 3781 in
2494 3742 2559 3783 eo
2589 3728 2734 3796 quod
2773 3729 3078 3800 contigerat
3111 3731 3210 3786 illi.

2359 3835 2929 3893 COMMENTARIUS.

1939 3942 2105 3996 Recte
2148 3942 2343 4011 inquit,
2380 3944 2525 4012 quod
2560 3962 2580 3993 ι
2615 3944 3032 4012 Cognoscebant
3079 3950 3253 4013 illum,
3281 3952 3424 4019 quod

1871 4032 1987 4100 ipse
2025 4031 2282 4100 erat,'qui
2317 4033 2383 4086 ad
2414 4033 2813 4104 eleemosynam
2854 4036 3074 4091 sedebat
3109 4039 3175 4092 ad
3205 4039 3427 4109 Specio-

1873 4138 1988 4176 sam
2046 4131 2255 4191 portam
2331 4124 2548 4192 templi,
2600 4142 2619 4175 ι
2679 4127 2804 4193 quia
2867 4136 3052 4196 postea
3111 4143 3248 4196 pene
3315 4147 3456 4185 non.

1875 4216 2106 4286 amplius
2128 4215 2586 4284 dignoscehatur:
2627 4216 2729 4270 hac
2789 4218 2933 4272 enim
2970 4233 3102 4273 voce
3125 4222 3330 4274 utimur
3358 4222 3428 4275 de

1874 4311 1940 4364 iis
1988 4310 2079 4380 qui
2140 4309 2229 4363 vix
2285 4317 2712 4378 cognoscuntur.
2765 4310 3071 4366 Sciendum
3145 4329 3272 4369 vero
3342 4326 3426 4370 εει

1874 4401 2079 4456 idcirco
2114 4401 2348 4456 fortasse
2376 4417 2498 4457 eum
2518 4402 2727 4458 sedisse
2756 4402 2812 4457 in
2844 4405 3055 4473 porticu
3098 4405 3423 4472 Salomonis,

1876 4491 2021 4558 quod
2088 4499 2331 4560 speraret
2409 4495 2700 4547 sanitatem
2767 4510 2826 4548 se
2887 4487 3310 4551 consecuturum
3370 4501 3425 4554 in

1874 4584 2198 4648 natatoriis,
2251 4599 2346 4638 seu
2409 4585 2620 4653 piscina
2672 4583 2914 4649 Siloe“,
2965 4589 3424 4654 quemadmodum

1873 4673 2202 4740 paralyticus
2229 4674 2318 4728 ille
2348 4676 2442 4742 qui
2507 4676 2738 4728 habebat
2784 4677 3003 4744 triginta
3026 4688 3078 4730 et
3107 4690 3228 4731 octo
3248 4695 3424 4734 annos
3488 4669 3494 4673 ’

1875 4763 1928 4814 in
1967 4761 2280 4817 inﬁrmitate
2346 4779 2465 4830 sua,
2524 4779 2685 4833 quem
2717 4767 2929 4820 sanavit
2955 4768 3239 4823 Dominus.
3269 4769 3423 4823 Illum

1877 4869 2004 4924 ergo
2035 4870 2158 4908 cum
2201 4856 2463 4910 vidissent
2491 4855 2687 4912 Petrus
2713 4864 2768 4912 et
2796 4854 3061 4922 Joannes,
3090 4874 3428 4929 causamque

1876 4955 2208 5014 compertam
2255 4948 2536 5014 haberent,
2595 4947 2664 5002 ob
2727 4963 2889 5016 quam
2950 4949 3084 5001 inihi
3142 4952 3427 5016 assideret,

1875 5040 2084 5092 scilicet
2126 5049 2182 5091 ut
2215 5054 2318 5092 nou
2379 5041 2554 5093 solum
2604 5042 2834 5108 petendo
2881 5042 3084 5095 victum
3110 5045 3232 5099 .sibi
3275 5060 3427 5099 com-

1874 5138 2113 5202 pararet,
2178 5129 2268 5182 sed
2303 5131 2426 5197 quia
2491 5132 2557 5185 de
2605 5132 2839 5188 sanitate
2889 5139 3257 5205 recuperanda
3317 5153 3423 5192 non

1364 5439 1561 5501 Varia;
1607 5439 1908 5501 lectiones
1956 5447 2016 5501 et
2062 5450 2248 5502 notua.

323 5531 372 5565 ⁸⁵
405 5531 626 5602 χωλείᾳ.
705 5533 748 5563 "
781 5533 966 5590 τόπου.

289 5692 406 5761 (Nl

213 5763 399 5816 πάντα
430 5762 670 5830 ἐκίνησε.

496 5689 570 5774 lta
629 5692 839 5761 corrigo
903 5706 968 5745 ex
1040 5691 1450 5762 Chrysostomo.
1513 5694 1569 5748 lu
1646 5696 1763 5750 codi

1905 5704 2093 5752 nostro
2161 5698 2464 5756 habebatur
2516 5701 2731 5769 λέγεται
2789 5703 2845 5754 δὲ
2919 5707 3162 5774 σημεῖον,
3229 5707 3322 5778 ἀφ’
3367 5709 3429 5766 οὗ
