4094 6340
205 431 325 497 893
842 409 1407 501 .EXPOSITIGNIS
1451 398 1533 501 IN
1563 440 1753 502 ACTA
1799 443 2101 505 TEXTUS
2138 422 2404 505 ALTER.
2440 448 2686 509 —CAP.
2751 449 2820 531 ν.
3318 450 3383 516 ’δ’

205 544 388 612 μέγας
432 546 524 597 ἐπὶ
544 544 748 611 πάντας
776 549 915 632 τοὺς.
936 551 1230 617 ἀκούοντας
1255 555 1447 611 ταῦτα.
1489 558 1774 613 Ἀναστάν‹

1886 558 2204 617 amovcrunt
2234 578 2382 623 eunt,
2407 571 2460 616 et
2510 562 2794 617 eﬂ‘ercntes
2829 566 3181 635 sepelierunt.
3219 566 3437 623 Factum

201 653 307 699 τες
354 637 410 691 δὲ
456 640 505 691 οί
559 638 817 711 νεώτεροι
861 644 1205 698 συνέστειλαν
1228 648 1412 713 αὐτὸν,
1444 650 1538 701 καὶ
1570 651 1774 720 ἐξενέγ-

1881 660 1965 708 est
1999 663 2179 707 autem
2213 654 2365 721 quasi
2419 654 2672 707 horarum
2707 657 2867 709 trium
2906 658 3163 726 spatium,
3210 670 3260 712 et
3307 675 3440 714 uxor

204 747 410 794 καντες
437 731 662 800 ἔθαψαν.
695 732 942 810 Ἐγένετο
984 736 1040 789 δὲ
1077 736 1154 801 ὡς
1194 739 1351 809 ωρῶν
1375 742 1539 812 τριῶν
1561 742 1781 813 διάστη-

216 837 322 889 μα,
355 822 507 892 καὶή
540 825 676 894 γυνὴ
724 823 888 878 αὐτοῦ
934 826 1010 896 μὴ
1043 828 1216 882 εἰδυῖα
1250 833 1309 883 τὸ
1334 833 1555 901 γεγονὸς
1600 834 1781 903 εἰσῆλο

221 911 340 964 θεν.
383 911 680 984 ’Δπεκρίθη
730 914 787 967 δὲ
846 917 983 987 αὐτῇ
1041 920 1071 971 6
1106 920 1343 989 Πέτρος⁹
1394 918 1530 975 Εἰπέ
1583 922 1693 992 μοις
1730 926 1779 977 εἰ

208 1004 469 1057 τοσούτου
494 1005 554 1057 τὸ
574 1007 769 1076 χωρίον
809 1009 1069 1064 ἀπέδοσθε
1096 1028 1112 1076 ;
1153 1010 1213 1064 Ἥ
1246 1012 1302 1065 δὲ
1332 1008 1452 1067 εἶπε
1472 1032 1486 1045 ·
1514 1014 1621 1067 Ναὶ
1651 1033 1777 1068 τοσ-

209 1094 470 1149 οὑτου.’0
499 1095 569 1149 δὲ’
588 1096 791 1168 Πέτρος
853 1096 975 1154 εἷπε
1029 1103 1165 1173 πρὸς
1203 1104 1406 1173 αὐτήνο
1435 1106 1498 1159 Τί
1522 1106 1603 1161 ὅτι
1648 1124 1775 1163 συν-

211 1184 475 1254 εφωνήθη
508 1187 634 1254 ὑμῖν
659 1189 917 1259 πειράσαι
942 1191 1003 1244 τὸ
1040 1192 1262 1262 Πνεῦμα
1295 1196 1530 1266 Κυρίου;
1570 1197 1698 1252 Ἰδοὺ
1727 1200 1775 1251 οἱ

207 1273 372 1337 πόδες
410 1274 517 1328 τῶν
549 1276 834 1346 θαψάντων
864 1275 953 1333 τὸν
980 1282 1148 1353 ἄνδρα
1183 1302 1278 1336 σου
1330 1286 1466 1357 πρὸς
1500 1290 1567 1357 τῇ
1613 1286 1773 1358 θύρᾳ,

211 1366 315 1418 καὶ
342 1366 609 1431 ἐξοίσουσί
638 1388 720 1425 σε.
764 1372 967 1426 Ἔπεσε
993 1373 1049 1428 δὲ
1099 1380 1445 1449 παραχρῆμα
1464 1364 1623 1449 παρὰ
1652 1384 1779 1445 τοὺς

214 1460 388 1523 πόδας
441 1460 535 1514 τοῦ
562 1462 859 1517 ἀποστόλου
892 1467 987 1519 καὶ
1019 1466 1296 1537 ἐξέψυξεν.
1352 1472 1697 1534 Εἰσελθόντες
1720 1474 1777 1527 δὲ

208 1552 261 1607 οἱ
284 1546 577 1619 νεανίσκοι,
618 1549 774 1627 εὗρον
805 1558 973 1629 αὐτὴν
1001 1562 1222 1631 νεκρὰν,
1273 1565 1368 1615 καὶ
1394 1563 1777 1631 ἐξενέγκαντες

210 1644 421 1715 ἔθαψαν
453 1640 588 1716 πρὸς
626 1647 717 1702 τὸν
776 1649 947 1719 ἄνδρα
998 1651 1189 1722 αὐτῆς.
1224 1653 1335 1706 Καὶ
1367 1654 1581 1721 ἐγένετο
1613 1655 1775 1723 φόϐος

215 1737 392 1808 μέγας
448 1739 533 1808 ἐφ’
566 1738 695 1810 ὃλην
744 1743 843 1811 τὴν
881 1742 1225 1815 Ἐκκλησίαν.
1272 1746 1365 1799 καὶ
1416 1746 1508 1799 ἐπὶ
1569 1749 1778 1811 πάντας

212 1825 344 1887 τοὺς
374 1828 675 1892 ἀκούοντας
706 1832 897 1886 ταῦτα.
939 1846 942 1849 ‘
1064 1864 1083 1889 ς

805 1923 1199 1985 ΕΡΜΗΝΕΙΑ.
1256 1926 1261 1930 ’

278 2009 348 2063 Et
399 2009 491 2077 καὶ
531 2012 560 2064 6
616 2012 859 2078 Σατανᾶς
905 2015 1064 2068 τοῦτο
1118 2018 1394 2088 εποίησεν,
1420 1994 1575 2073 -ἀλλά
1612 2021 1775 2084 αὐτὸς

212 2100 387 2166 αἴτιος
417 2102 641 2171 γέγονεν
665 2106 691 2156 6
714 2104 1009 2175 δεξάμενος
1038 2102 1204 2163 αὐτοῦ
1241 2110 1338 2182 τὴν
1369 2112 1651 2183 ἐνέργειαν
1682 2116 1775 2168 καὶ

213 2194 583 2267 πηρωθείςη.
617 2196 773 2267 ’ᾙδει
805 2197 863 2250 δὲ
909 2200 937 2250 ό
983 2200 1302 2266 ἀπόστολος,
1332 2204 1416 2257 ὅτι
1450 2203 1625 2267 ἄλλως
1658 2223 1775 2270 πως

213 2287 313 2339 οὐκ
333 2284 401 2339 ἂν
436 2286 705 2359 διορθωθῇ
723 2305 736 2317 ·
757 2288 837 2340 διὸ
862 2291 954 2343 καὶ
974 2290 1106 2344 ὡσεὶ
1134 2295 1405 2361 σηπεδόνα
1434 2295 1544 2362 ἔδει
1574 2299 1776 2368 ἐκτμη-

215 2374 395 2444 θῆναι,
427 2376 515 2429 ἵνα
556 2374 632 2447 μὴ
686 2377 745 2429 τὸ
796 2377 982 2479 λοιπρν
1038 2379 1348 2449 λυμήνηται
1379 2383 1441 2435 τὸ
1473 2382 1639 2453 σῶμα
1675 2384 1775 2453 τῆς

226 2467 574 2538 Ἐκκλησίας.
618 2468 676 2521 '0
697 2468 805 2539 γὰρ
832 2467 1060 2524 τοιαῦτα
1078 2471 1239 2542 ὀρῶν,
1267 2472 1363 2523 καὶ
1388 2472 1462 2543 μὴ
1486 2474 1772 2543 κερδάνας,

212 2559 395 2629 πολλῷ
430 2560 629 2630 μᾶλλον
686 2562 786 2615 οὐκ
813 2561 876 2617 ἂν
910 2562 1111 2633 ἑτέρως
1151 2565 1462 2635 ἐκέρδανεν.
1506 2566 1628 2619 »Οὐκ
1662 2568 1771 2620 ἔδει

212 2652 393 2721 τοίνυν
430 2651 616 2715 ἁπλῶς
664 2655 956 2724 παρελθεῖν
996 2655 1057 2709 τὸ
1100 2656 1339 2725 γένοςπ.
1373 2639 1507 2711 ,Νῦν
1541 2658 1638 2730 μὲν
1665 2659 1773 2728 γὰρ

212 2736 367 2809 οὗτος
412 2742 721 2815 ὠφέληταιέ
760 2746 835 2817 μὴ
890 2747 1267 2817 προσελθὼν²⁸
1325 2750 1635 2821 περαιτέρω
1667 2768 1770 2807 κα-

213 2844 358 2906 κίας,
400 2841 495 2895 καὶ
522 2843 570 2895 οἱ
594 2842 771 2895 λοιποὶ
810 2844 1214 2914 σπουδαιότεροι
1266 2844 1572 2911 γεγόνασιν.
1614 2844 1771 2898 Οὕτω

211 2935 307 2988 καὶ
357 2933 453 2988 ἐπὶ
496 2933 596 3004 τῆς
640 2934 873 2988 κιϐωτοῦ
926 2935 1177 3002 γέγονεν’
1223 2935 1381 2999 Ὀζᾶν
1431 2938 1765 3009 ὲτιμωρήθη,

1887 744 2081 810 ipsius,
2114 745 2365 799 nesciens
2391 745 2543 813 ‘quod
2574 742 2771 799 laetum
2798 740 2989 810 fuerat.
3031 749 3293 803 introivit.
3347 749 3442 802 Di-

1882 835 1961 887 xit
2014 845 2194 888 autem
2242 835 2570 889 ei‘Petrus:
2629 835 2723 889 Dic
2777 838 2931 901 mihi,
2970 838 3179 898 mulier.
3223 840 3266 891 si
3306 837 3442 893 tanti

1880 938 2071 992 agrum
2099 924 2471 980 vendidistis?
2518 927 2584 978 At
2612 926 2703 979 illa
2734 924 2867 981 dixit
2900 944 2914 982 :
2944 926 3116 981 Etiam
3152 929 3303 981 tanti.
3342 926 3442 982 l'e-

1881 1026 1995 1068 trus
2032 1026 2208 1069 autem
2242 1017 2309 1069 ad
2344 1010 2513 1070 eam“:
2549 1017 2690 1081 Quid
2743 1018 2932 1087 utique
2980 1019 3231 1072 convenit
3287 1020 3441 1076 vobis

1852 1114 2089 1159 'teutare
2133 1105 2393 1175 Spiritum
2439 1106 2693 1161 Domini?
2740 1108 2874 1163 Ecce
2916 1109 3081 1177 pedes
3114 1124 3301 1165 eorum
3346 1110 3440 1181 qui

1828 1248 1831 1250 .
1879 1194 2212 1263 sepelierunt
2241 1196 2417 1250 virum
2451 1205 2601 1250 tuum
2650 1197 2715 1249 ad
2762 1197 2987 1260 oatiunr,
3019 1208 3071 1251 et
3104 1198 3328 1253 ell‘erent
3364 1208 3435 1253 te.

1876 1284 2179 1349 Confestim
2214 1285 2409 1340 cecidit
2453 1297 2577 1341 ante
2623 1285 2785 1355 pedes
2839 1289 2959 1356 ejus
3013 1294 3067 1341 et
3122 1289 3439 1358 exspiravit.

1880 1374 2150 1430 lntrantes
2200 1384 2378 1430 autem
2427 1376 2678 1446 juvenes,
2728 1376 3051 1431 invenerunt
3083 1378 3239 1432 illam
3293 1395 3438 1433 mor-

1878 1471 2050 1529 tuam,
2079 1475 2133 1519 et
2154 1466 2487 1532 extulerunt,
2517 1475 2572 1522 et
2602 1468 2942 1537 sepelierunt
2965 1468 3031 1521 ad
3056 1468 3227 1522 virum
3253 1487 3429 1525 suum.

1878 1557 1943 1612 Et
1973 1557 2152 1614 factus
2184 1570 2265 1614 est
2306 1562 2467 1616 timor
2514 1577 2743 1633 magnus
2783 1563 2839 1617 in
2881 1567 3137 1620 universa
3192 1564 3435 1620 Ecclesia

1876 1655 1933 1699 et
1968 1645 2021 1699 in
2055 1662 2247 1705 omnes
2286 1650 2378 1718 qui
2405 1650 2693 1704 audierunt
2714 1649 2851 1705 haec.
3074 1665 3077 1667 '

2374 1916 2944 1976 COMMENTARIUS.

1948 2005 2188 2065 Tametsi
2223 2008 2327 2064 hoc
2360 2006 2594 2065 Satanas
2623 2009 2832 2076 fecerit,
2867 2009 3223 2065 nihilominus
3264 2018 3316 2064 et
3349 2010 3437 2066 illo

1875 2113 1999 2154 reus
2024 2100 2143 2164 fuit,
2175 2101 2268 2170 qui
2308 2101 2453 2155 illius
2510 2101 2563 2154 in
2621 2115 2680 2157 se
2712 2094 3079 2171 operationem
3116 2102 3351 2167 admisit,
3384 2113 3438 2157 et

1873 2206 1934 2245 ea
1972 2192 2183 2260 impleri
2243 2208 2302 2247 se
2349 2193 2496 2249 sivit.
2544 2190 2713 2248 Norat
2767 2202 2948 2248 autem
2992 2195 3269 2264 apostolus
3310 2210 3433 2251 eum

1875 2284 2025 2336 nullo
2058 2284 2221 2338 modo
2267 2284 2653 2353 corrigendum
2708 2285 2823 2340 fore
2865 2304 2877 2339 :
2932 2296 3265 2355 quapropter
3318 2295 3435 2339 tan-

1874 2389 2035 2440 quam
2074 2383 2231 2443 putre
2266 2374 2567 2429 membrum
2598 2374 2847 2429 exscindi
2899 2373 3206 2444 oportebat,
3249 2390 3317 2430 ne
3350 2390 3433 2440 re.

1874 2464 2081 2533 liquum
2127 2463 2386 2520 Ecclesiae
2418 2480 2618 2535 corpus
2670 2475 3063 2535 corrumperet.
3126 2467 3229 2532 Qui
3289 2466 3433 2535 enim

1875 2557 2005 2611 talia
2032 2557 2223 2612 videns
2266 2558 2402 2612 nihil
2459 2559 2788 2628 profecerat,
2838 2558 3085 2629 profecto
3119 2574 3295 2627 neque
3328 2559 3434 2612 alia

1873 2651 2087 2705 ratione
2120 2650 2463 2718 profecisset.
2498 2648 2615 2706 Non
2651 2652 2936 2722 oportebat
2960 2660 3139 2706 autem
3168 2652 3434 2720 ejusmodi

1874 2739 2076 2800 factum
2110 2730 2425 2803 omnimode
2457 2743 2756 2809 praeterire.
2812 2739 2925 2794 Hac
2951 2758 3079 2795 vero
3130 2744 3341 2797 ratione
3378 2751 3449 2796 et

1872 2830 1989 2901 ipse
2015 2832 2447 2891 emolumentum
2476 2831 2684 2897 habuit,
2706 2834 2848 2901 quod
2878 2848 2984 2887 non
3017 2834 3433 2902 progrederetur
3460 2880 3462 2882 ,

1871 2927 1925 2981 in
1959 2925 2240 2996 nequitia;
2294 2934 2349 2999 et
2386 2924 2498 2987 alii,
2533 2925 2676 2995 quod
2704 2923 2907 2983 exinde
2960 2925 3123 2994 216
3160 2927 3433 2979 cautiores

212 3023 311 3080 καὶ
339 3026 557 3092 ἐγένετο
582 3027 695 3089 τοῖς
720 3025 897 3087 ἄλλοις
919 3026 1102 3095 φόϐος.
1131 3027 1246 3079 οὐκ
1274 3028 1474 3097 ἤρκεσε
1503 3030 1560 3081 δὲ
1579 3028 1767 3083 τούτου

1874 3017 2248 3072 redderentur.
2272 3014 2477 3069 Simile
2508 3015 2638 3085 quid
2671 3024 2727 3069 et
2757 3017 2906 3070 circa
2947 3032 3125 3071 arcam
3169 3016 3385 3084 contigit
3415 3032 3429 3066 :

211 3115 380 3187 μόνου
405 3119 437 3188 ή
470 3118 707 3188 τιμωρία
734 3135 749 3150 °
784 3118 921 3173 ἀλλὰ
950 3120 1044 3171 καὶ
1074 3116 1370 3173 συνειδέναι
1396 3120 1494 3191 τὴν
1510 3124 1765 3190 γυναῖκα,

1869 3123 1992 3162 cum
2026 3110 2168 3163 cnim
2193 3107 2301 3162 Oza
2333 3109 2555 3178 punitus
2576 3116 2678 3171 est,
2705 3108 2795 3161 alii
2829 3109 2946 3162 utili
2977 3109 3169 3185 timore
3196 3110 3428 3177 perculsi

208 3208 309 3261 καὶ
335 3206 411 3277 μὴ
441 3204 635 3273 εἰπεῖν,
662 3209 764 3279 τῆς
807 3200 998 3279 ὁμοίας
1030 3209 1171 3274 ἀξιοῖ
1204 3210 1491 3281 τιμωρίας.
1518 3212 1767 3281 Σημειω-

1874 3198 2019 3253 sunt.
2058 3199 2164 3253 Sed
2185 3199 2321 3255 satis
2352 3213 2461 3252 non
2490 3196 2591 3252 luit
2628 3198 2789 3252 istius
2818 3198 2985 3253 solius
3012 3199 3220 3269 punitio
3252 3216 3265 3252 2
3298 3215 3434 3253 uxor

206 3298 353 3365 τέον,
383 3300 465 3351 ὅτι
495 3298 556 3351 τὺ
582 3299 878 3353 συνειδέναι
918 3301 981 3352 τὸ
1010 3290 1292 3371 γινόμενον
1320 3301 1449 3369 παρ’
1481 3301 1635 3357 ἄλλον
1674 3318 1774 3355 κα-

106 3414 115 3415 ί
219 3390 330 3454 τὸν,
368 3391 461 3445 καὶ
483 3392 714 3462 σιωπᾷν,
753 3392 996 3463 ἁμαρτία
1026 3394 1192 3447 ἐστίν.

799 3642 1048 3715 nstin.
1090 3656 1183 3726 ς’.

602 3750 855 3818 Κυριακὴ
884 3748 979 3801 τοῦ
1023 3750 1374 3820 Ἀντιπάσχα.

214 3838 350 3892 Ὀτι
368 3837 508 3904 τοὺς
524 3838 906 3905 ἀποστόλους
929 3839 1332 3907 ἐμϐληθέντος
1350 3842 1421 3894 ἐν
1439 3839 1518 3905 τῷ
1544 3840 1774 3908 δεσμωο

286 3932 488 3998 τηρίῳ,
532 3929 783 3999 ἄγγελος
826 3929 932 3983 τοῦ
991 3928 1140 3984 Θεοῦ
1205 3930 1439 3996 νύκτωρ
1493 3926 1771 3992 ἐξέωσεν,

284 4021 611 4092 ἐπιτρέψας
644 4021 964 4088 ἀκωλύτως
1010 4022 1341 4089 κηρύσσειν
1370 4022 1477 4074 τὸν
1507 4019 1770 4089 Ἰησοῦν.

794 4110 1182 4166 ΚΕΙΜΕΝΟΝ.
1508 4162 1516 4170 .

283 4203 387 4257 Διὰ
434 4203 490 4256 δὲ
533 4203 644 4257 τῶν
691 4204 889 4275 χειρῶν
916 4206 1024 4257 τῶν
1071 4204 1406 4269 ἀποστόλων,
1436 4202 1650 4270 ἐγένετο
1681 4217 1775 4270 ση-

214 4295 350 4363 μεῖα
377 4294 473 4343 καὶ
491 4294 692 4362 τέρατα
713 4296 771 4345 ὲν
796 4292 873 4364 τῷ
909 4294 1023 4363 λαῷ
1053 4295 1221 4349 πολλά
1245 4310 1259 4325 ⁸
1288 4294 1384 4346 καὶ
1410 4289 1550 4363 ἦσαν
1580 4292 1773 4361 ὁμοθυο

214 4381 387 4453 μαδδν
430 4380 664 4443 ἅπαντες
696 4383 753 4434 ἐν
781 4385 847 4450 τῇ
898 4378 1026 4451 στοᾷ
1055 4384 1147 4436 τοῦ
1179 4383 1519 4452 Σολομῶντος
1548 4399 1560 4411 ·
1591 4382 1698 4434 τῶν
1719 4381 1777 4434 δὲ

212 4473 424 4529 λοιπῶν
460 4473 635 4537 οὐδεὶς
682 4473 883 4544 ἐτόλμα
926 4474 1217 4527 κολλᾶσθαι
1251 4475 1469 4547 αὐτοῖς⁹
1504 4475 1613 4528 ἀλλ’
1646 4478 1775 4544 ὲμεο

1875 3293 2020 3346 enim
2044 3290 2187 3360 ejus,
2224 3290 2369 3361 quod
2397 3290 2624 3344 conscia
2664 3287 2791 3344 facti
2821 3300 2967 3344 esset
3017 3298 3073 3343 ct
3117 3304 3221 3341 non
3261 3288 3433 3344 n-ani-

1880 3384 2151 3448 festasset,
2183 3382 2396 3453 poenam
2425 3381 2667 3437 eamdem
2695 3382 3012 3451 promeruit.
3053 3378 3203 3434 Unde
3241 3389 3433 3434 notan-

1875 3475 2002 3529 dum
2032 3479 2116 3528 est
2143 3488 2369 3543 peccare
2416 3488 2565 3536 eum,
2599 3473 2691 3543 qui
2722 3472 2971 3527 criminis
3004 3471 3209 3525 akalio
3236 3471 3430 3540 patrati
3472 3498 3474 3501 -

1876 3563 2132 3622 conscius
2154 3564 2297 3620 silet.

2468 3655 2699 3719 CAPUT
2738 3654 2831 3710 Vl.

2031 3742 2033 3744 ’
2085 3747 2367 3803 Dominica
2406 3748 2645 3804 secunda
2673 3757 2793 3815 post
2820 3745 3031 3801 Pascha
3061 3744 3197 3817 (14).

1878 3842 2031 3909 Quod
2064 3840 2329 3910 apostolos
2358 3830 2410 3894 in
2442 3855 2700 3895 carcerem
2736 3838 2997 3909 conjecto:
3047 3837 3261 3907 angelus
3301 3837 3402 3889 edn

1944 3934 2105 3997 xerit,
2137 3933 2414 4001 injungens
2449 3932 2576 3997 illis,
2614 3941 2667 3983 ut
2700 3929 2885 3983 Iesum
2924 3930 3068 3982 omni
3110 3944 3229 3982 cum
3276 3928 3433 3982 libero

1942 4032 2051 4076 tate
2074 4022 2445 4089 pra’dicarent.

2496 4109 2793 4166 TEXTUS.

1948 4198 2014 4264 V,
2046 4198 2227 4252 12~20.
2256 4198 2355 4253 Per
2395 4211 2589 4249 manus
2622 4203 2802 4250 autem
2836 4194 3206 4265 apostolorum
3236 4193 3434 4247 lieli'aut

1875 4292 2028 4359 signa
2046 4298 2099 4343 et
2116 4287 2360 4358 prodigia
2384 4285 2548 4339 multa
2572 4286 2627 4337 in
2653 4283 2823 4354 plebe.
2846 4282 2914 4337 Et
2933 4290 3087 4337 erant
3104 4281 3433 4365 unanimiter

1876 4396 2065 4436 omnes
2083 4381 2136 4435 in
2154 4382 2363 4451 porticu
2384 4376 2707 4433 Salomonis.
2726 4376 3051 4432 Cmterorum
3075 4381 3253 4427 autem
3273 4386 3437 4429 nemo
3461 4440 3475 4445 λγ

1877 4472 2111 4527 audebat
2159 4487 2217 4526 se
2245 4472 2579 4542 conjungere
2608 4468 2717 4523 illis
2750 4484 2767 4533 ;
2806 4466 2901 4521 sed
2931 4464 3307 4535 magniﬁcabat
3335 4478 3431 4516 eos

211 4567 453 4633 γὰλυνεν
510 4565 705 4645 αὐτοὺς
755 4567 785 4617 6
835 4554 991 4628 λαόςο
1050 4564 1249 4634 μᾶλλον
1308 4564 1366 4616 δὲ
1401 4564 1774 4634 προσετίθεντο

1877 4548 2127 4629 populus.
2178 4558 2345 4627 Magis
2401 4566 2579 4610 autem
2621 4555 2920 4623 augebatur
2964 4550 3299 4605 credentium
3364 4552 3420 4603 in

208 4654 566 4719 πιστεύοντες
606 4657 687 4725 τῷ
724 4658 915 4727 Κυρίῳ
944 4656 1119 4727 πλήθη
1146 4656 1355 4726 ἀνδρῶν
1386 4672 1445 4708 τε
1473 4658 1569 4709 καὶ
1596 4673 1780 4722 γυναι-

209 4748 329 4801 κῶν
358 4762 374 4776 ·
406 4745 550 4799 ὥστε
598 4747 740 4799 κατὰ
769 4748 866 4808 τὰς
896 4748 1152 4810 πλατείας
1187 4747 1438 4816 ἐκφέρειν
1464 4746 1587 4807 τοὺς
1617 4743 1779 4796 ἀσθε-

210 4841 349 4902 vah.
394 4828 489 4889 καὶ
540 4837 745 4888 τιθέναι
782 4836 892 4887 ηὲπὶ
941 4837 1134 4890 κλινῶν
1166 4840 1256 4890 καὶ
1289 4837 1614 4907 κραΰόἁτων
1642 4876 1657 4899 ,
1692 4836 1778 4889 ἵνα

210 4928 520 5002 ἐρχομένου
544 4926 638 4980 τοῦ
679 4907 883 4995 Πέτροῖ)
916 4925 1018 4977 κᾶν
1042 4927 1075 4995 ὴ
1098 4927 1223 4979 σκιὰ
1264 4928 1428 4979 αὑτοῦ
1479 4926 1777 4997 ὲπισκιάσῃ

208 5022 320 5077 τινὶ
352 5018 555 5073 αὐτῶν.
588 5013 923 5089 Συνήρχοντο
958 5016 1015 5069 δὲ
1062 5016 1154 5068 καὶ
1185 5018 1251 5069 τὰ
1282 5016 1461 5086 πλήθη
1487 5016 1593 5067 τῶν
1621 5016 1776 5084 πέριξ

213 5113 430 5165 πόλεων
487 5115 568 5175 είς
615 5111 1001 5183 Ἰερουσαλὴμ,
1054 5110 1308 5180 φέροντες
1376 5108 1621 5169 ἀσθενεῖς
1684 5108 1776 5159 καὶ

180 5198 577 5268 ὀχλουμένους
626 5200 729 5252 ὑπὸ
792 5199 1114 5268 πνευμάτων
1178 5196 1538 5265 ἀκαθάρτων·
1583 5194 1773 5255 οἵτινες

211 5290 611 5361 ἐθεραπεύοντο
638 5289 895 5353 ἅπαντες.
940 5290 1196 5351 Ἀναστὰς
1223 5289 1280 5342 δὲ
1309 5289 1337 5339 ό
1366 5286 1649 5357 ἀρχιερεὺς
1679 5285 1773 5336 καὶ

215 5382 418 5445 πάντες
445 5380 497 5436 οἱ
534 5379 639 5439 σὺν
669 5379 814 5448 αὐτῷ
848 5382 913 5451 (ήι
956 5376 1093 5436 οὖσα
1131 5382 1339 5451 αἵρεσις
1386 5378 1492 5431 τῶν
1543 5376 1768 5431 Σαδδου-

1876 4649 2106 4702 Domino
2139 4646 2429 4700 multitudo
2455 4648 2697 4699 virorum
2730 4656 2793 4697 ac
2827 4642 3135 4705 mulierum,
3170 4640 3240 4693 ita
3282 4648 3339 4694 ut
3375 4641 3429 4693 in

1874 4739 2081 4809 plateas
2109 4737 2367 4806 ejicerent
2391 4734 2634 4788 inﬁrmos
2666 4742 2727 4787 et
2753 4742 3014 4801 ponerent
3038 4734 3089 4787 in
3129 4720 3429 4784 lectuliswac

1886 4828 2150 4898 grabatis,
2183 4836 2264 4893 ut,
2300 4826 2550 4881 veniente
2597 4824 2777 4891 Petro,
2815 4827 3003 4879 saltem
3066 4823 3251 4875 nunbra
3288 4822 3429 4874 illius

1876 4919 2224 4973 obnmbraret
2252 4930 2576 4986 quemquam
2608 4915 2843 4979 illorum,
2865 4914 2942 4983 [et
2972 4914 3333 4967 liberarentur
3364 4914 3431 4964 ab

1882 5008 2289 5063 infirmitatibus
2319 5002 2479 5074 suis.]
2498 5003 2871 5058 Concurrebat
2900 4990 3075 5058 autem
3104 5014 3158 5056 et
3191 5004 3431 5056 multitu—

1881 5099 1949 5151 do
1981 5097 2281 5149 vicinarum
2304 5081 2583 5148 civitatum
2615 5090 2936 5159 Jerusalem,
2958 5095 3239 5148 aﬂ‘erentes
3259 5106 3431 5161 :egres

1880 5198 1931 5242 et
1954 5196 2175 5241 vexatos
2202 5201 2232 5239 a
2284 5187 2569 5257 spiritibus
2610 5187 2936 5247 immundis,
2975 5186 3062 5254 qui
3100 5185 3429 5251 curabantur

1880 5295 2090 5337 omnes.
2119 5282 2431 5348 Exsurgens
2489 5289 2665 5332 autem
2701 5281 2951 5348 princeps
3005 5276 3343 5331 sacerdotum
3375 5285 3430 5328 et

1874 5388 2064 5426 omnes
2111 5372 2205 5441 qui
2237 5387 2359 5425 cum
2406 5372 2496 5423 illo
2545 5379 2721 5433 erant,
2758 5384 2876 5438 quae
2910 5378 2991 5421 est
3031 5367 3253 5422 hmrcsis
3292 5366 3431 5423 Sat!-

1397 5553 1596 5613 Varice
1641 5552 1947 5630 lectiones
1988 5561 2047 5611 et
2094 5557 2279 5611 uola).

287 5660 335 5691 “
360 5659 686 5730 πληρωθείς».
760 5658 805 5689 ’⁷
864 5658 1085 5725 γεγονός
1161 5659 1205 5687 ’⁸
1261 5658 1555 5728 προελθών.

288 5816 404 5890 (ﬂ)
426 5816 567 5890 Lege
597 5817 869 5872 Dominica
893 5814 1112 5869 secunda
1142 5802 1379 5868 I’as'clm'.
1410 5813 1538 5867 Vide
1561 5811 1797 5875 Pr;t-f:it.,
1818 5823 2001 5878 supra,
2033 5822 2182 5897 num.
2221 5805 2322 5873 Vll,
2346 5808 2447 5861 col.
2472 5806 2594 5872 “5,
2622 5813 2737 5871 μοι.
2768 5802 2864 5871 (ο).
