4094 6340
168 434 282 498 909
343 489 346 493 .

801 427 1337 490 EXt‘OSl'I‘lONlS
1374 427 1458 489 IN
1495 426 1685 488 AcrA
1703 424 2001 488 TEXTUS
2031 429 2300 492 ALTER.
2341 434 2568 494 -CAP.
2604 436 2733 498 vn.

3188 410 3192 413 ’
3297 438 3400 501 910

163 550 335 611 εἴποι,
364 549 448 600 ὅτι
473 544 631 598 καλὸν
660 543 820 598 αὑτὸν
843 545 886 576 ⁵³
921 533 1134 614 μαθεῖν,
1174 542 1308 610 πρὸς
1347 541 1408 594 τὸ
1441 541 1735 610 ἀνατρέψαι

1846 541 2201 598 eruditionem
2267 543 2659 599 addidicisscnt
2727 561 2984 615 unquam,
3059 550 3162 604 nisi
3214 551 3280 604 ad
3347 552 3400 607 id

167 638 270 700 τὰς
292 639 512 691 ἐκείνων
541 637 777 699 ἀπάτας.

1847 632 2190 698 necessitate,
2219 650 2282 687 ac
2320 635 2664 689 dominorum
2685 636 2844 705 225
2879 637 3108 707 imperio
3134 641 3398 707 compulsi

171 733 408 786 fuissent
439 749 466 789 ς⁴
503 745 667 800 quare
693 744 970 800 nunquam
1001 742 1062 782 ea
1095 725 1400 781 eruditione
1438 726 1522 779 usi
1559 732 1686 779 sunt
1713 742 1728 779 :
1766 724 1872 779 nisi
1903 726 2027 795 quis
2052 726 2219 793 dicat,
2243 726 2372 782 utile
2388 726 2524 782 Μοεί
2549 727 2715 784 fuiSsc
2736 744 2852 784 eam
2922 743 3264 801 comparare,
3332 731 3398 785 ad

163 824 547 894 gEgyptiorum
577 836 794 876 errores
820 821 939 887 ejus
971 818 1222 888 praesidio
1252 815 1592 874 evertendas.

764 936 1152 991 ΚΕῙΜΕΝΟΝ.

238 1049 352 1102 Καὶ
394 1038 515 1101 ίδῶν
538 1065 658 1100 τινα
695 1046 1071 1115 ἀδικούμενον,
1106 1046 1372 1116 ἠμύνατο,
1407 1045 1501 1098 καὶ
1545 1044 1736 1111 ἐποίη-

169 1155 262 1189 σεν
322 1137 599 1206 ἐκδίκησιν
671 1135 751 1205 τῷ
813 1134 1301 1204 καταπονουμένῳ,
1352 1134 1599 1198 πατάξας
1645 1133 1736 1185 τὸν

167 1230 485 1296 Αίγύπτιον.
521 1228 765 1297 Ἐνόμιζε
794 1228 852 1280 δὲ
892 1227 1132 1280 συνιέναι
1161 1227 1288 1288 τοὺς
1311 1225 1572 1294 ἀδελφοὺς
1614 1225 1734 1278 ἀὑ-

167 1321 285 1383 τοῦ,
317 1321 401 1372 ὅτι
428 1323 457 1373 6
486 1319 616 1383 Θεὸς
642 1319 729 1372 διὰ
767 1320 947 1390 χειρὸς
976 1319 1142 1372 αὑτοῦ
1171 1319 1386 1372 δίδωσιν
1419 1318 1603 1380 αὐτοῖς
1634 1334 1737 1369 σω-

166 1410 363 1480 τηρίαν
390 1426 405 1439 °
426 1412 476 1462 οί
497 1411 552 1462 δὲ
574 1410 635 1462 ού
677 1411 936 1495 συνῆκαν.
962 1410 1041 1480 Τῇ
1071 1427 1132 1462 τε
1159 1408 1390 1479 ἐπιούσῃ
1441 1406 1596 1478 ὤφθη
1640 1407 1739 1460 αὐ-

169 1503 284 1563 τοῖς
309 1501 659 1568 μαχομένοις,
683 1502 779 1553 καὶ
810 1501 1108 1572 συνήλασεν
1139 1501 1340 1563 αὐτοὺς
1399 1500 1478 1562 είς
1513 1500 1738 1569 εἰρήνην

168 1589 340 1644 εἰπών
359 1607 374 1622 ·
404 1592 666 1660 ·’¹Ανδρες,
699 1591 916 1660 ἀδελφοί
947 1595 1068 1645 ἐστε
1091 1594 1248 1661 ὑμεῖς
1274 1628 1288 1646 .
1321 1592 1409 1644 ἵνα
1432 1589 1485 1643 τί
1506 1590 1738 1655 ἀδικεῖτε

171 1683 438 1752 ἀλλήλους
470 1699 486 1748 ;
521 1683 578 1734 Ὀ
607 1683 663 1735 δὲ
685 1683 886 1737 ἀδικῶν
918 1685 1010 1737 τὸν
1041 1685 1288 1754 πλησίον,
1346 1685 1606 1737 ἀπώσατο
1639 1683 1737 1735 αὐ-

168 1773 262 1824 τὸν
291 1773 461 1826 εἰπών
489 1790 504 1804 ο
538 1775 634 1835 Τίς
664 1790 724 1826 σε
751 1776 1087 1846 κατέστησεν
1104 1776 1342 1846 ἄρχοντα
1360 1776 1452 1827 καὶ
1478 1773 1736 1842 δικαστὴν

170 1861 256 1930 ἐφ’
289 1862 473 1935 mag;
505 1862 584 1931 μὴ
609 1863 819 1914 ἀνελεῖν
852 1879 918 1928 με
946 1864 1009 1915 σὺ
1043 1863 1243 1928 θέλεις,
1302 1861 1362 1916 ὃν
1414 1862 1612 1933 τρόπον
1641 1863 1736 1914 ἀν-

170 1951 308 2010 εῖλες
333 1949 460 2018 χθὲς
485 1950 572 2002 τὸν
605 1951 900 2018 Αἰγύπτιον
917 1969 932 2019 ;
971 1953 1175 2020 Ἐφυγε
1201 1953 1256 2004 δὲ
1284 1954 1523 2022 Μωῦσῆς
1552 1955 1609 2006 ἐν
1658 1950 1736 2022 τῷ

167 2041 312 2108 λόγῳ
373 2041 568 2110 τούτῳ,
598 2042 695 2094 καὶ
741 2042 959 2108 ἐγένετο
989 2043 1251 2114 πάροικος
1279 2046 1337 2097 ἐν
1369 2046 1440 2114 γῇ
1487 2043 1732 2113 Μαδιὰμ,

164 2125 230 2184 οὗ
255 2132 546 2202 ἐγέννησεν
576 2133 726 2194 υἱοὺς
762 2133 875 2189 δύο.
1004 2193 1009 2199 _
1588 2127 1590 2129 ’

735 2325 1114 2380 ΕΡΜΗΝΕῘΛ.

232 2431 443 2487 ’.ἀνεῖλε
487 2435 726 2505 Μωῦσῆς
750 2439 843 2489 τὸν
871 2436 1188 2505 Αίγύπτιον,
1239 2438 1304 2493 ,οὐ
1357 2435 1512 2508 θυμῷ
1568 2438 1735 2506 εἴξας,

166 2525 296 2577 οὐδὲ
325 2525 462 2596 ὀργῇ
489 2526 752 2595 κινηθεὶς,
785 2528 932 2598 ζήλῳ
959 2528 1038 2582 δέ.
1072 2511 1186 2582 Πᾶν
1219 2529 1298 2592 δὲ,
1325 2528 1375 2580 6
1398 2528 1464 2583 ἂν
1509 2529 1737 2600 γίνηται

159 2616 246 2676 είς
273 2612 432 2681 λόγον
467 2615 622 2677 Θεοῦ,
702 2615 955 2670 εὐσέϐειά
1002 2619 1119 2671 ἐστι
1148 2633 1164 2648 ⁶
1193 2619 1297 2672 κᾶν
1325 2618 1486 2688 φόϐος
1513 2614 1622 2692 “ﬁ
1647 2619 1736 2673 διὰ

157 2702 324 2766 Θεὸν,
352 2705 459 2756 οὐκ
492 2704 611 2757 ἔστι
641 2707 804 2776 φόϐος
835 2707 900 2760 ⁸⁵.
946 2708 1004 2760 Ὀ
1033 2710 1163 2776 γοῦν
1208 2710 1407 2776 Φινεὲς,
1441 2710 1535 2764 δύο
1556 2711 1613 2764 ιν
1637 2711 1736 2781 μιᾷ

159 2781 314 2863 χειρὶ
346 2793 633 2861 φονεύσας,
685 2798 956 2866 ἤκουσεν
1012 2818 1032 2850 ι
1088 2800 1320 2870 Ἀνέστη
1391 2801 1595 2866 Φινεὲς,
1643 2803 1735 2854 καὶ

159 2886 475 2951 ἐξιλάσατο.
509 2890 603 2941 καὶ
639 2889 909 2944 ἐκόπασεν
943 2893 975 2961 ἡ
1011 2892 1259 2962 θραῦσις,
1324 2894 1419 2945 καὶ¹
1482 2893 1734 2962 ἐλογίσθη

156 2975 315 3045 αὐτῷ
344 2979 424 3038 είς
446 2976 820 3046 δικαιοσύνην.
864 2998 883 3030 ι
910 2979 1183 3049 Διάφορος
1211 2982 1319 3050 γὰρ
1349 2982 1382 3050 ἡ
1415 2980 1733 3051 προαίρεσις

159 3070 377 3140 φονέως
408 3070 505 3123 καὶ
534 3069 908 3136 εὐσεϐοῦντος,
937 3072 1043 3124 κᾶν
1095 3071 1156 3123 τὸ
1182 3072 1464 3140 γινόμενον
1501 3072 1735 3139 πρᾶγμα

157 3161 242 3213 ἓν.
271 3161 346 3210 Τὸ
375 3158 554 3213 τοίνυν
587 3160 894 3230 [γινόμενον
919 3163 1007 3214 διὰ
1056 3164 1354 3227 Μωϋσέως,
1408 3165 1630 3232 σημεῖον
1665 3157 1733 3230 ἦν

158 3253 245 3302 ὅτι
279 3248 464 3318 μέλλει
497 3251 526 3303 ὁ
547 3250 702 3320 Θεὸς]
733 3253 1067 3318 Αἰγυπτίους
1095 3251 1465 3316 ἀποκτείνειν,
1491 3254 1618 3312 τοὺς
1665 3251 1724 3302 δὲ

159 3337 491 3407 λεγομένους
523 3337 862 3409 Ἰσραηλίτας
921 3340 1135 3404 σώζειν.
1184 3342 1292 3394 Καὶ
1338 3335 1440 3394 ὧδε
1502 3341 1599 3411 μὲν
1639 3337 1732 3394 οὖν

2505 929 2808 988 TEXTUS.

1905 1039 2020 1106 Vll,
2053 1040 2246 1095 24-29.
2281 1040 2349 1094 Et
2379 1056 2502 1095 cum
2536 1042 2762 1096 vidisset
2804 1046 3091 1112 quemdam
3140 1048 3421 1115 injuriam‘

1835 1130 2148 1200 patientem,
2179 1130 2473 1184 vindicavit
2504 1132 2653 1185 illmn
2684 1151 2698 1186 :
2730 1140 2782 1186 et
2801 1133 2925 1187 fecit
2944 1136 3198 1190 ultionem
3230 1141 3276 1191 ci
3308 1141 3402 1207 qui

1835 1218 2090 1287 injuriam
2118 1219 2449 1284 suStinebat,
2468 1235 2727 1288 percusso
2750 1220 3023 1292 Egyptio.
3047 1210 3405 1281 Esistimabat

1835 1319 2014 1363 autem
2039 1296 2340 1377 intelligere
2371 1309 2587 1372 fratres,
2619 1311 2872 1379 quoniam
2902 1311 3043 1366 Deus
3063 1329 3157 1385 per
3184 1331 3403 1370 manum

1837 1399 2009 1469 ipsius
2047 1399 2204 1454 daret
2231 1400 2461 1455 salutem
2503 1400 2608 1454 illis
2642 1417 2655 1452 :
2693 1411 2747 1452 at
2770 1401 2848 1455 illi
2870 1416 2977 1457 non
2999 1403 3402 1459 intellexerunt.

1835 1475 2094 1557 Sequenti
2113 1502 2240 1543 vero
2251 1488 2338 1542 die
2353 1489 2600 1558 apparuit
2621 1488 2729 1543 illis
2747 1484 3084 1560 litigantibus
3104 1510 3116 1545 :
3139 1503 3194 1547 et
3214 1509 3407 1549 recon-

1835 1579 2057 1634 ciliabat
2083 1594 2178 1633 eos
2217 1581 2272 1632 in
2301 1594 2454 1648 pace,
2479 1579 2670 1635 dicens
2701 1593 2715 1632 :
2762 1579 2898 1646 Viri,
2933 1581 3129 1637 fratres
3155 1586 3315 1648 estis,
3348 1596 3404 1638 ut

1834 1669 1967 1739 quid
1999 1669 2205 1724 noeetis
2233 1669 2595 1724 alterutrum?
2621 1670 2723 1736 Qui
2757 1680 2936 1725 autem
2961 1672 3214 1740 injuriam
3240 1675 3407 1730 facie-

1833 1759 1929 1814 bat
1966 1759 2242 1826 proximo,
2282 1758 2482 1826 repulit
2506 1772 2652 1824 eum,
2681 1758 2870 1812 dicens
2898 1775 2912 1814 :
2958 1759 3091 1824 Quis
3122 1770 3174 1815 te
3200 1767 3406 1818 consti-

1835 1852 1940 1901 tuit
1980 1849 2280 1918 principem
2312 1857 2364 1902 et
2390 1847 2630 1917 judicem
2665 1865 2825 1918 super
2860 1852 3005 1905 nos?
3036 1851 3298 1923 Nunquid
3321 1855 3416 1908 inv

1835 1938 2084 1993 terlicere
2107 1955 2195 1992 me
2230 1947 2289 1992 tu
2315 1940 2418 2002 vis,
2448 1936 2906 2008 quemadmodum
2934 1943 3257 2000 interfecisti
3287 1946 3401 2000 heri
3442 1994 3446 1999 .

1832 2032 2199 2104 Egyptium?
2245 2030 2404 2101 Fugit
2452 2043 2632 2087 autem
2688 2033 2901 2106 Moyses
2942 2035 2997 2088 in
3035 2036 3202 2090 verbo
3251 2036 3399 2091 isto:

1762 2136 1804 2190 Β
1830 2131 1885 2178 et
1909 2123 2085 2179 factus
2106 2131 2191 2178 est
2214 2122 2420 2178 advena
2449 2124 2503 2177 in
2540 2131 2686 2178 terra
2707 2124 2921 2180 Madian
2945 2165 2964 2192 ,
3006 2127 3097 2205 ubi
3121 2115 3426 2198 generavit'

1824 2213 1982 2270 ﬁlios
2010 2215 2169 2269 duos.

2360 2324 2905 2381 COMMENTARIUS
2932 2367 2946 2380 .

1909 2430 2186 2491 [interfecit
2210 2437 2384 2493 Moses
2405 2436 2741 2509 Algyptium,
2764 2453 2873 2493 non
2893 2437 3076 2494 furore
3101 2449 3276 2504 actus,
3308 2430 3401 2496 sed

1838 2531 1975 2582 zelo.
1997 2529 2282 2598 Quidquid
2323 2544 2453 2583 vero
2488 2538 2706 2598 propter
2737 2528 2906 2585 Deum
2952 2531 3042 2594 lit,’
3070 2515 3242 2601 pie-tas
3271 2543 3353 2588 est
3384 2549 3401 2599 ;

1834 2629 1886 2674 et
1912 2622 2086 2675 caedes
2115 2631 2335 2690 propter
2371 2623 2539 2675 Deum
2566 2620 2732 2688 facta,
2756 2619 2930 2676 caedes
2958 2638 3065 2677 non
3093 2632 3195 2678 est.
3223 2623 3403 2688 Quare

1834 2712 1902 2765 de
1923 2709 2173 2775 Phinees,
2199 2712 2291 2782 qui
2315 2712 2455 2766 duos
2472 2727 2581 2765 uno
2612 2712 2724 2765 ictu
2746 2712 3004 2778 confodit,
3029 2713 3230 2767 dictum
3263 2725 3348 2767 est
3381 2732 3396 2768 :

1839 2822 1856 2854 ι
1876 2804 2119 2858 Surrexit
2133 2804 2361 2858 Phinees
2374 2812 2425 2856 ct
2448 2803 2674 2889 placavit
2692 2813 2745 2858 et
2766 2806 3000 2860 cessavit
3015 2805 3325 2874 quassatio;
3347 2816 3401 2860 et
3499 2841 3511 2852 .

1835 2904 2137 2963 reputatum
2152 2905 2233 2949 est
2249 2895 2295 2948 ei
2318 2896 2370 2948 in
2388 2896 2652 2967 justitiam
2668 2897 2731 2950 ³⁷.
2744 2915 2762 2947 ι
2775 2895 2997 2951 Diversa
3013 2896 3155 2951 enim
3175 2897 3402 2953 intentio

1833 2996 1917 3040 est
1948 2986 2252 3052 homicidae,
2293 3001 2358 3041 ac
2416 2986 2538 3056 ejus
2580 2988 2670 3058 qui
2701 2988 2919 3057 pietatis
2951 2998 3132 3042 actum
3163 2996 3399 3052 exercet,

1833 3080 2183 3146 quantumvis
2225 3093 2364 3147 opus
2397 3088 2675 3147 peractum
2709 3063 2853 3132 idem
2887 3079 2979 3132 sit.
3026 3076 3179 3141 Quod
3233 3077 3400 3146 igitur
3488 3117 3494 3124 .

1832 3168 1961 3222 fecit
1989 3170 2075 3222 hic
2116 3169 2316 3230 Moses,
2348 3168 2564 3238 signum
2595 3178 2730 3233 erat,
2761 3167 2872 3238 (l6)
2893 3169 3036 3237 quod
3065 3167 3206 3222 Deus
3231 3168 3398 3239 Egy-

1833 3259 1975 3326 ptios
2027 3268 2169 3312 esset
2224 3255 2632 3317 interfecturus,
2695 3270 2758 3310 ac
2811 3257 3120 3334 salvaturus
3171 3271 3266 3311 eos
3304 3255 3406 3327 qui

1833 3350 2089 3404 Israelita:
2125 3350 2487 3419 appellantur.
2540 3348 2607 3402 Et
2643 3347 2859 3418 quidem
2892 3349 3092 3402 factum
3129 3349 3292 3404 Mosis
3326 3351 3399 3404 ita

159 3430 230 3480 τὰ
252 3429 554 3493 Μωῦσέως,
581 3429 825 3500 θεωρίας
877 3431 934 3483 δὲ
1007 3432 1104 3501 τῆς
1160 3433 1418 3485 ἀνωτάτω
1479 3432 1731 3501 συνθήσει

1836 3456 1894 3495 se
1928 3441 2110 3519 habet.
2137 3442 2204 3492 At
2240 3456 2369 3494 vero
2396 3455 2576 3494 sermo
2615 3441 2718 3494 iste
2746 3440 2903 3494 aliam
2938 3441 3092 3496 nobis
3118 3441 3399 3495 sublimis-

161 3520 328 3573 πάλιν
352 3522 484 3589 ἡμῖν
509 3523 538 3573 6
566 3521 719 3589 λόγος
749 3522 1184 3592 τὴνοίκονομίαν
1211 3524 1309 3595 τὴν
1348 3524 1441 3576 ἐπὶ
1486 3521 1726 3593 Χριστῷ.

161 3610 356 3679 Εὖρὼν
393 3612 556 3681 γὰρπό
588 3613 774 3684 Σωτὴρ
798 3615 979 3685 δεινὴν
1009 3614 1376 3684 ὑπομένοντας
1423 3616 1522 3684 τὴν
1572 3615 1730 3666 πλεο-

162 3703 347 3768 νεξίαν
377 3704 478 3772 τῆς
528 3703 574 3734 ⁸⁸
643 3704 859 3776 Ἰσραήλ
915 3707 1211 3776 (ἐπεπήδα
1245 3707 1353 3776 γὰρ
1408 3708 1487 3769 εἰς
1539 3706 1732 3765 αὐτοὺς

159 3793 352 3865 ὥσπερ
383 3795 682 3864 συντρίϐων
709 3799 735 3849 6
762 3796 1052 3865 Σατανᾶς),
1109 3798 1359 3867 ἐλεήσας,
1411 3795 1731 3864 ἐλευθεροῦν

163 3886 466 3940 ἐσκόπτετο
489 3886 556 3939 ⁸⁷.
587 3886 925 3950 Ἀπεκτονὼς
958 3889 1016 3940 δὲ
1047 3889 1251 3957 τρόπον
1281 3885 1423 3952 τινὰ,
1474 3887 1565 3951 τὸν
1620 3885 1733 3938 ἀδι-

163 3980 279 4029 κεῖν
308 3978 607 4048 ᾑρημένον,
631 3978 973 4047 κατέκρυψεν
1029 3980 1112 4041 είς
1163 3979 1290 4049 γῆν,
1347 3979 1621 4031 τουτέστιν
1677 3979 1733 4031 ἐν

107 4087 111 4089 λ
147 4069 274 4128 ’τοῖς
303 4067 642 4134 ὑποχθονίοις
668 4067 1014 4121 ’κατακλείων
1043 4067 1088 4100 ⁸⁸
1122 4070 1203 4132 είς
1259 4069 1390 4139 ᾅδην
1440 4068 1531 4121 τὸν
1560 4068 1734 4122 Σατα-

161 4159 262 4209 νᾶν
291 4159 320 4207 6
349 4157 560 4226 Σωτὴρ,
584 4157 928 4230 δικαιοσύνης
945 4160 1195 4228 ἐφαίνετο
1228 4160 1529 4230 βραϐευτὴς
1557 4162 1601 4192 η
1621 4163 1733 4222 τοῖς

161 4245 220 4310 ἐξ
272 4245 511 4316 Ἰσραήλ.
571 4249 634 4300 Oi
689 4250 746 4302 δὲ
804 4249 890 4317 ἐφ’
950 4246 1031 4313 οἷς
1080 4251 1312 4333 μέμριλον
1371 4250 1772 4320 εὐχαριστεῖν,’

163 4335 439 4400 ἔφασκονο
475 4354 494 4386 ι
531 4337 644 4390 Οὐκ
681 4337 933 4390 ἐκϐάλλει
961 4337 1032 4390 τὰ
1075 4339 1330 4409 δαιμόνια
1360 4333 1533 4401 οὗτος,
1566 4338 1626 4386 εἰ·
1655 4335 1735 4404 μὴ

164 4426 224 4476 ἐν
246 4425 326 4491 τῷ
355 4424 684 4488 Βεελζεϐοὺλ
711 4427 932 4497 ἄρχοντι
967 4429 1076 4482 τῶν
1110 4427 1434 4496 δαιμονίων.
1461 4445 1480 4476 ι
1533 4426 1632 4476 Διά
1653 4442 1732 4477 τοι

137 4516 326 4589 ’τοῦτο
355 4517 826 4586 μεταπεφοίτηκεν
854 4520 918 4569 ἐκ
938 4518 1036 4586 τῆς
1062 4517 1320 4578 Ἰουδαίας
1355 4520 1435 4578 είς
1459 4516 1560 4585 τὴν
1578 4516 1735 4568 Γαλι-

162 4607 348 4670 λαίαν,
377 4607 629 4678 καθάπερ
643 4609 848 4677 Μωσῆς
880 4608 1083 4677 μετέϐη
1119 4609 1198 4674 είς
1235 4609 1337 4677 γῆν
1363 4607 1609 4678 Μαδιὰμ,
1642 4608 1736 4660 κα)Ι
1777 4619 1782 4623 ‘

157 4696 262 4768 τὴν
285 4699 350 4764 ἐξ
390 4696 560 4752 ἐθνῶν
587 4699 769 4752 ἐκάλει
798 4702 1137 4769 συναγωγήν.

1833 3532 2024 3587 simam
2076 3530 2296 3584 exhibet
2353 3530 2765 3597 intelligentiam
2813 3530 2867 3582 in
2922 3532 3246 3592 (economia,
3292 3535 3386 3584 s‘eu

1829 3618 2231 3690 dispensatione
2268 3618 2494 3672 Christi.
2536 3616 2779 3680 Scilicet,
2815 3633 2936 3672 cum
2990 3621 3282 3687 reperissct
3309 3620 3399 3673 ille

1830 3706 2110 3761 lsraelitas
2137 3705 2287 3775 gravi
2320 3701 2616 3775 oppresSos
2644 3706 2870 3760 avaritia
2898 3706 3219 3776 (intraverat
3251 3709 3394 3761 enim

1831 3794 2097 3848 violenter
2144 3795 2196 3846 in
2243 3795 2364 3848 illos
2409 3793 2660 3861 Satanas)
2702 3793 3050 3860 miseratione
3102 3807 3394 3864 permotus.

1833 3888 2063 3941 liberare
2088 3902 2181 3941 eos
2209 3887 2467 3953 decrevit.
2501 3885 2713 3940 Occidit
2745 3888 2909 3956 igitur
2949 3903 3094 3952 eum,
3131 3890 3222 3957 qui
3254 3889 3397 3957 ipsos

1833 3979 2028 4034 laedere
2057 3993 2349 4046 aggressus
2378 3978 2555 4030 fuerat
2585 3993 2600 4040 ;
2654 3979 3004 4046 occisumque
3030 3978 3311 4032 abscondit
3342 3979 3395 4031 in

1837 4080 2033 4130 terra;
2087 4069 2191 4121 hoc
2235 4077 2338 4131 est,
2376 4066 2430 4119 in
2479 4066 2873 4129 subterraneis,
2936 4081 3029 4118 seu
3078 4066 3132 4119 in
3182 4067 3396 4130 inferno

1834 4157 2104 4212 conclusit
2136 4155 2392 4209 Satanam
2429 4157 2676 4209 Salvator
2703 4164 2928 4221 noster;
2969 4155 3201 4224 indeque
3226 4156 3397 4226 justi-

1835 4251 1920 4303 tire
1945 4250 2228 4302 ductorem
2261 4247 2520 4301 Israelitis
2548 4262 2609 4301 se
2641 4246 2906 4301 exhibuit.
2950 4246 3029 4298 Illi
3063 4257 3244 4300 autem
3272 4263 3395 4302 cum

1834 4337 2038 4404 gratias
2066 4350 2226 4405 agere
2261 4335 2600 4398 debuissent,
2629 4351 2658 4373 η
2689 4345 2878 4389 contra
2907 4334 3161 4389 dicebant
3187 4352 3203 4389 :
3245 4354 3264 4386 ι
3298 4332 3396 4388 Hic

1833 4441 1940 4479 non
1968 4426 2117 4491 ejirit
2139 4423 2438 4488 Daemonia,
2469 4426 2570 4480 nisi
2596 4426 2650 4478 in
2676 4424 2980 4479 Beelzebub
3007 4426 3250 4494 principe
3281 4423 3396 4476 Da:-

1834 4517 2142 4570 moniorum
2175 4515 2242 4566 ³⁸.
2282 4533 2302 4567 ›
2337 4514 2698 4579 Quamobrem
2725 4531 2788 4569 ex
2811 4513 2997 4569 Judaza
3028 4516 3083 4566 in
3121 4514 3393 4566 Galilazam

1836 4604 2194 4659 trausmeavit
2248 4603 2749 4673 (quemadmodum
2801 4591 2989 4655 Moses'
3051 4600 3287 4667 perrexit
3333 4602 3387 4652 in

1835 4706 2034 4748 terram
2061 4693 2326 4762 Madian),
2376 4709 2468 4748 seu
2499 4708 2562 4745 ex
2584 4688 2885 4745 Gentilibus
2910 4688 3208 4746 Ecclesiam
3239 4705 3392 4747 suam

1719 4806 1722 4807 ν
1743 4799 1798 4857 D
1835 4784 2207 4854 congregavit.

791 4876 1171 4930 KEIMENON.

224 4987 341 5044 Καὶ
362 4989 760 5074 πληρωθέντων
789 4991 926 5046 ἐτῶν
943 4991 1366 5060 τεσσαράκοντα,
1398 4987 1551 5059 ὤφθη
1573 4989 1721 5059 αύτῷ

2355 4870 2516 4940 223
2568 4867 2862 4924 TEXTUS.

1893 4988 2009 5051 Vll,
2039 4985 2232 5040 50-32.
2256 4982 2318 5034 Et
2358 4983 2587 5051 expletis
2631 4984 2788 5037 annis
2811 4981 3190 5050 quadraginta,
3223 4995 3388 5048 appa-

158 5082 215 5133 ὲν
245 5083 318 5149 τῇ
348 5071 542 5151 ἐρήμῳ
565 5080 658 5132 τοῦ
711 5080 870 5150 ὅρους
909 5081 1037 5132 Σινᾶ
1098 5079 1327 5146 ἄγγελος
1404 5080 1608 5149 Κυρίου
1665 5082 1723 5135 ἐν

1834 5080 1934 5132 ruit
1952 5077 2027 5129 illi
2047 5077 2099 5127 in
2114 5073 2331 5127 deserto
2342 5075 2544 5128 montis
2561 5074 2690 5128 Sina
2709 5072 2929 5140 angelus
2951 5070 3001 5122 in
3022 5071 3143 5137 igne
3163 5069 3389 5135 ﬂamma:

159 5171 319 5238 φλογὶ
353 5172 526 5238 πυρὸς
556 5171 739 5238 βάτου.
782 5171 840 5222 '0
869 5171 925 5222 δέ
950 5171 1190 5242 Μωῡσῆς
1240 5171 1384 5236 ίδὼν,
1448 5171 1724 5241 ἐθαύμασε

139 5260 217 5342 ’τὸ
243 5261 452 5330 ὅραμα.
511 5260 958 5331 Προσερχομένου
1030 5261 1087 5315 δὲ
1147 5262 1315 5316 αὑτοῦ
1371 5263 1721 5331 κατανοῆσαι,

225 5436 267 5468 ⁸⁷
309 5434 454 5489 Psal.
499 5448 586 5503 cv,
643 5435 734 5490 50.
767 5402 772 5407 ἡ
841 5437 887 5470 ³⁸
913 5436 1101 5492 Matth.
1128 5453 1224 5502 ιιι,
1249 5435 1340 5501 24.

222 5632 271 5666 ⁸⁸
299 5630 494 5699 αὑτήν.
566 5628 612 5660 ’⁸⁸
643 5612 834 5697 φόνος.
893 5629 940 5660 ⁸⁵
980 5628 1158 5695 φόνος.
1233 5626 1278 5656 ⁵⁸
1310 5624 1397 5677 ἷσ.
1435 5623 1580 5686 τούς.

1836 5168 1976 5221 rubi.
2015 5165 2228 5235 Moyses
2246 5173 2426 5219 autem
2449 5165 2655 5226 videns,
2687 5163 2987 5214 admiratus
3005 5163 3302 5226 estvisum,
3333 5171 3387 5213 et

1827 5257 2121 5312 accedente
2160 5257 2273 5322 illo,
2315 5255 2785 5318 utconsideraret,
2812 5252 2953 5306 facta
2971 5252 3129 5307 estad
3145 5268 3264 5306 eum
3282 5265 3385 5304 vox

1327 5522 1546 5588 ,νοτίδα
1587 5519 1900 5583 lectiones
1932 5527 1994 5582 et
2035 5506 2227 5585 notae.

1650 5621 1693 5653 ⁵⁷
1717 5621 2026 5673 ἐσκέπτετο.
2104 5617 2149 5647 ⁸⁸
2180 5616 2540 5670 κατέκλεισεν.

2614 5619 2658 5650 δ’
2693 5614 2944 5684 βραϐεύς.

223 5786 340 5855 (15)
378 5784 583 5838 Locum
616 5761 761 5836 hunc
790 5757 855 5836 ex
901 5780 1238 5838 (Ecumenio
1266 5822 1281 5849 ,
1312 5779 1406 5851 qui
1431 5780 1582 5849 paria
1629 5776 1717 5830 hic
1756 5772 1940 5837 habet,
1972 5772 2218 5841 suppleo.
