4082 6342
226 371 340 435 917

835 373 1365 435 EXPOSI'I‘IONIS
1410 377 1490 436 IN
1533 377 1720 437 ACTA
1758 378 2056 438 TEXTUS
2099 377 2360 438 .\l.'l‘Ell.
2418 377 2678 435 --'C:\P.
2723 376 2856 436 VII.

3275 336 3279 340 ’
3367 371 3471 434 918

227 485 447 550 τούτου,
479 478 538 538 οῦ
565 484 658 538 νῦν
684 486 841 554 ὑμεῖς
863 488 1116 556 προδόται
1139 491 1233 541 καὶ
1261 493 1442 556 φονεῖς
1473 491 1792 560 γεγένησθε’

1904 494 2285 564 ρτοὰἰῑοτοεζοι
2312 489 2597 546 homicidae
2647 489 2871 544 fuistis:
2910 485 3014 552 Qui
3071 486 3366 554 accepistis
3395 488 3473 540 le-

226 576 424 638 οἵτινες
481 576 700 629 ἐλάϐετε
752 577 844 630 τὸν
907 579 1068 647 νόμον
1098 582 1178 642 εἰς
1229 583 1493 649 διαταγὰς
1522 585 1791 651 ἀγγέλων,

225 664 328 716 καὶ
347 665 445 716 οὐκ
468 665 789 730 ἐφυλάξατε.
840 667 1156 733 Ἀκούοντες
1185 671 1240 722 δὲ
1261 673 1450 737 ταῦτα,
1485 674 1792 744 δκπρίοντο

221 758 350 814 ταῖς
387 757 635 825 καρδίαις
663 758 843 809 αὐτῶν
863 797 878 822 ,
915 759 1010 811 καὶ
1035 759 1265 830 ἔϐρυχον
1300 763 1423 826 τοὺς
1448 763 1666 827 ὀδόντας
1705 766 1791 817 ἐπ’

222 844 413 896 αὐτόν.
469 845 756 914 ’Υπάρχων
783 847 838 898 δὲ
885 848 1153 916 Στέφανος
1215 851 1429 920 πλήρης
1477 853 1794 921 Πνεύματος

199 932 410 998 “’ἁγίου,
469 935 716 998 ἀτενίσας
740 938 818 996 εἰς
865 939 954 990 τὸν
1003 941 1250 1008 οὐρανὸν,
1298 937 1407 995 εἶδε
1440 944 1601 1009 δόξαν
1630 947 1787 1010 Θεοῦ,

223 1021 329 1075 καὶ
370 1024 574 1092 Ἰησοῦν
635 1028 842 1080 ἑστῶτα
881 1030 942 1082 ἐκ
985 1031 1174 1096 δεξιῶν
1225 1033 1412 1098 αὐτοῦ,
1458 1035 1552 1088 καὶ
1605 1033 1793 1089 εἴπενυ

237 1112 372 1165 Ἰδοὺ
395 1114 504 1179 ἐγὼ
552 1115 739 1181 θεωρῶ
789 1120 912 1181 τοὺς
964 1121 1226 1188 οὐρανοὺς
1267 1126 1670 1194 ἀνεῳγμένους,
1702 1132 1795 1182 καὶ

221 1201 328 1267 τὸν
355 1203 480 1254 Υίὸν
507 1204 606 1258 τοῦ,
625 1200 912 1276 ἀνθρώπου
946 1209 1009 1261 ἐκ
1039 1209 1228 1273 δεξιῶν
1258 1214 1468 1267 ἑστῶτα
1501 1217 1595 1268 τοῦ
1633 1220 1791 1272 Θεοῦ.

226 1291 547 1360 Κράξαντες
570 1295 621 1346 δὲ
653 1301 801 1366 φωνῇ
841 1300 1051 1371 μεγάλῃ
1084 1301 1340 1370 συνέσχον
1357 1303 1426 1356 τά
1455 1298 1571 1359 ὦτα
1595 1308 1794 1373 αὐτῶν,

224 1381 326 1432 καὶ
363 1381 624 1450 ὥρμησαν
648 1385 989 1454 ὁμοθυμαδὸν
1015 1391 1102 1441 ἐπ’
1124 1374 1308 1442 αὐτόν’.
1333 1393 1441 1444 Καὶ
1475 1395 1795 1461 ἐκϐαλόντες

224 1471 395 1522 αὐτὸν
423 1474 527 1537 ἔξω
546 1475 643 1540 τῆς
678 1475 884 1538 πόλεως
921 1477 1278 1533 ἐλιθοϐόλουν.
1309 1481 1416 1534 Καὶ
1442 1484 1489 1534 οἱ
1525 1484 1799 1552 μάρτυρες

225 1562 498 1616 ἀπέθεντο
524 1564 596 1616 τὰ
627 1566 815 1634 ἱμάτια
845 1568 1023 1620 αὐτῶν
1057 1570 1207 1640 παρὰ
1238 1573 1364 1633 τοὺς
1392 1573 1558 1636 πόδας
1588 1579 1797 1628 νεανίου

227 1653 569 1722 καλουμένου
605 1656 830 1712 Σαύλου.
885 1660 992 1711 Καὶ
1038 1660 1375 1715 ἐλιθοϐόλουν
1398 1665 1486 1718 τὸν
1528 1666 1799 1734 Στέφανον

226 1743 662 1813 ἐπικαλούμενον
696 1749 790 1799 καὶ
816 1747 1042 1815 λέγοντα
1063 1767 1076 1780 ⁸
1119 1752 1290 1821 Κύριε
1335 1755 1530 1824 Ἰησοῦ,
1560 1757 1708 1831 δέξαι
1737 1759 1796 1810 τὸ

1906 601 2025 656 gem
2061 587 2114 637 in
2145 583 2503 653 dispositione
2535 582 2850 650 angelorum
2893 587 2944 632 et
2976 592 3084 630 non
3127 575 3467 635 custodistis.

1906 676 2203 730 Audientes
2227 685 2407 728 autem
2453 674 2564 726 haec
2611 672 3031 725 disserahantur
3060 669 3322 723 cordibus
3348 667 3470 740 suis

1905 777 1960 822 et
2004 767 2310 820 stridebant
2338 765 2594 818 dentibus
2642 763 2693 816 in
2739 752 2885 815 cum.
2935 760 3068 814 Cum
3105 767 3287 811 autent
3323 767 3473 811 esset

1907 859 2096 926 plenus
2127 856 2330 924 Spiritu
2390 863 2603 916 sancto,
2655 852 2944 906 intendens
2999 851 3051 902 in
3085 849 3302 912 cadum,
3337 841 3470 902 vidit

1900 950 2126 1014 gloriam
2157 947 2268 1009 Dei,
2299 956 2352 998 et
2382 943 2567 1000 Jesum
2597 941 3096 999 stantemadextris
3123 940 3236 994 Dei.
3263 937 3328 992 Et
3349 938 3425 992 ait
3451 952 3464 988 :

1908 1023 2042 1093 Ecce
2066 1038 2221 1093 video
2253 1039 2436 1092 coalesc
2471 1046 2708 1105 apertos,
2752 1042 2805 1088 et
2835 1033 3026 1087 Filium
3059 1031 3218 1100 230
3236 1029 3471 1085 hominis

1907 1130 2150 1181 stantem
2181 1142 2210 1188 a_
2242 1127 2446 1180 dextris
2501 1125 2614 1179 Dei.
2650 1123 3032 1178 Exclamantes
3096 1133 3274 1175 autent
3335 1134 3472 1199 voce

1908 1234 2100 1287 magna
2141 1219 2533 1277 continuerunt
2573 1232 2731 1270 aures
2770 1205 2922 1282 suas,
2951 1223 3005 1268 et
3041 1214 3301 1283 impetum
3328 1212 3474 1266 fece-

1907 1321 2032 1364 t‘ttul
2069 1309 2399 1363 unanimiter
2450 1309 2501 1360 in
2525 1321 2672 1362 eum.
2727 1306 2792 1359 Et
2846 1305 3129 1374 ejicientes
3169 1320 3292 1359 eum
3320 1310 3472 1357 extra

1905 1401 2184 1454 civitatem
2231 1396 2578 1467 lapidabant;
2612 1408 2665 1451 et
2692 1404 2861 1450 testes
2908 1395 3279 1463 deposuerunt
3307 1395 3475 1447 vesti-

1909 1501 2086 1544 menta
2119 1506 2215 1544 sua
2247 1505 2408 1544 secus
2440 1489 2605 1556 pedes
2628 1487 3011 1550 adolescentis,
3051 1487 3146 1554 qui
3180 1485 3476 1540 vocabatur

1910 1582 2128 1636 Saulus.
2169 1582 2234 1634 Et
2287 1580 2600 1649 lapidabant
2649 1579 2985 1648 Stephanum
3035 1579 3374 1632 invocantem
3419 1584 3504 1628 rl-

1908 1673 2176 1727 dicentem
2214 1690 2226 1726 ι
2267 1669 2494 1727 Domine
2521 1670 2674 1734 Jesu,
2709 1671 2930 1739 suscipe
2987 1669 3242 1738 spiritum
3270 1684 3470 1722 meum.

1909 1761 2112 1817 Positis
2155 1771 2337 1816 autem
2379 1761 2631 1830 genibus,
2669 1760 2923 1814 clamavit
2953 1742 3340 1831 voccntagna,
3391 1760 3472 1812 di«

230 1834 453 1901 πνεῦμά
506 1851 642 1898 μου·
679 1834 790 1898 θεὶς
820 1837 875 1889 δὲ
901 1839 967 1890 τά
1008 1839 1224 1905 γόνατα,
1287 1842 1485 1912 ἓκραξε
1519 1848 1668 1915 φωνῇ
1704 1864 1794 1914 με-

1904 1868 2025 1907 cens
2064 1870 2076 1907 :
2112 1853 2338 1907 Domine
2387 1868 2453 1906 ne
2484 1861 2694 1907 statuas
2734 1854 2839 1907 iliis
2884 1853 2986 1906 hoc
3038 1862 3339 1920 peccatum.
3413 1843 3475 1905 Et.

228 1925 376 1994 γάλῃ
403 1925 575 1992 λέγων
593 1943 606 1956 ο
629 1928 823 1996 Κύριε,
860 1929 933 1997 μὴ
955 1932 1160 2002 στήσῃς
1192 1933 1375 1996 αὐτοῖς
1404 1933 1501 2003 τὴν
1525 1937 1809 2007 ἁμαρτίαν-

226 2016 466 2086 ταύτην.
496 2019 604 2071 Καὶ
629 2019 786 2071 τοῦτο
811 2022 982 2073 εἰπὼν
1007 2025 1296 2096 ἐκοιμήθη.
1383 2031 1390 2060 ῖ

812 2111 1190 2166 ΕΡΜΠΝΕΙΑ.

310 2196 404 2264 Τῷ
427 2201 859 2270 τετρακοσιοστῷ
898 2205 1319 2277 τεσσαρακοστῷ
1354 2209 1462 2262 ἔτει
1490 2211 1587 2279 τῆς
1620 2213 1802 2276 ἐξόδου

230 2285 343 2337 τῶν
375 2288 507 2339 υἱῶν
550 2290 763 2360 Ἰσραὴλ
810 2292 868 2357 ἐξ
907 2294 1209 2362 Αἰγύπτου,
1267 2299 1470 2368 ἤρξατο
1497 2303 1524 2352 6
1549 2304 1804 2372 Σολομὼν

237 2376 546 2444 οἰκοδομεῖν
573 2380 666 2432 τὸν
695 2383 820 2435 ναδν
852 2386 909 2435 ὲν
953 2385 1324 2456 Ἰερουσαλὴμ,
1350 2389 1425 2452 ὡς
1456 2393 1487 2460 ἡ
1512 2394 1667 2462 τρίτη
1695 2397 1802 2448 τῶν

237 2466 532 2520 Βασιλειῶν
586 2471 821 2524 διδάσκει
857 2475 1055 2542 βίϐλος.
1093 2478 1190 2530 Διὰ
1216 2479 1375 2531 τοῦτο
1423 2481 1479 2533 δὲ
1510 2485 1647 2551 μετὰ
1681 2504 1802 2539 τοσ-

235 2557 398 2609 οῦτον
432 2561 621 2628 χρόνον
660 2565 755 2630 τῆς
787 2565 881 2615 ἀπ’
911 2566 1187 2632 Αἰγύπτου
1231 2569 1409 2632 ἐξόδου
1448 2573 1540 2624 τοῦ
1589 2574 1813 2645 Ἰσραὴλ,

235 2648 265 2697 6
297 2649 425 2710 ναὸς
476 2648 816 2721 ᾠκοδομήθη,
876 2654 957 2706 ἵνα
988 2659 1050 2726 τῇ
1086 2659 1164 2719 εἰς
1189 2659 1256 2709 τά
1277 2659 1375 2729 ὅρη
1425 2663 1801 2735 ἀποπλανῖζσει

199 2737 646 2809 γάποκαμόντες,
672 2742 766 2795 τὸν
791 2743 886 2796 ἕνα
905 2749 1067 2800 τόπον
1101 2749 1190 2801 τὸν
1217 2752 1643 2826 ἐνῚερουσαλὴμ
1670 2758 1800 2822 ἀγα-

234 2830 508 2898 πήσωσιν,
537 2832 596 2884 ὃν
623 2835 651 2886 6
674 2835 803 2897 Θεὸς
833 2837 1053 2907 ἐποίησε
1083 2840 1280 2910 τίμιον.
1312 2838 1468 2898 Οὗτοι
1501 2847 1557 2912 δὲ
1591 2849 1801 2918 βραδεῖς

231 2919 390 2983 ὄντες
420 2923 500 2984 είς
552 2925 788 2988 σύνεσιν,
825 2930 916 2980 καὶ
943 2931 1050 2982 τῶν
1085 2934 1213 3002 περὶ
1237 2935 1372 2987 Θεοῦ
1405 2937 1576 3004 λόγων
1609 2941 1790 2993 ἀνεπι-

235 3009 527 3074 στήμονες,
563 3014 656 3064 καὶ
675 3014 810 3066 Θεοῦ
845 3017 997 3070 πόλιν
1019 3021 1292 3090 οἰηθέντες
1308 3020 1445 3076 εἶναι
1469 3028 1568 3096 τὴν
1599 3029 1800 3098 Ἰερου-

235 3098 443 3188 σαλὴμ,
475 3103 531 3152 ἐν
563 3103 698 3173 αὐτῇ
733 3105 794 3174 δὴ
820 3107 913 3158 καὶ
942 3109 1076 3179 μόνῃ
1108 3117 1381 3166 κατοικεῖν
1411 3117 1572 3169 αὑτὸν
1592 3118 1795 3188 ἔλεγον.

1908 1961 2032 1998 cum
2071 1945 2172 1998 hoc
2208 1944 2458 2008 dixisset,
2495 1942 2823 1998 obdormivit
2849 1943 2901 1996 in
2937 1943 3185 1997 Domino.

2421 2115 2984 2174 COMMENTARIUS.

1981 2211 2524 2280 Quadringeutesimo
2556 2211 2978 2279 quadragesimo
3019 2224 3164 2263 anno
3218 2209 3284 2262 ab
3327 2210 3473 2263 exitu

1913 2301 2146 2354 tiliorum
2177 2299 2343 2354 Israel
2365 2315 2428 2354 ex
2456 2298 2710 2370 zEgypto,
2735 2301 2896 2370 erepit
2923 2300 3179 2355 Salomon
3208 2298 3475 2355 aediﬁcare

1910 2391 2169 2459 templum
2205 2391 2257 2443 in
2289 2389 2625 2455 Jerusalem,
2663 2399 2720 2444 ut
2764 2392 2816 2443 iu
2861 2391 3016 2444 tertio
3048 2391 3251 2464 llegum
3287 2404 3475 2444 narra-

1910 2489 2016 2534 tur.
2048 2482 2258 2535 ideirco
2294 2497 2420 2534 vero
2453 2490 2574 2549 post
2617 2488 2825 2534 tantum
2863 2483 2929 2536 ah
2975 2483 3127 2535 exitu
3158 2481 3373 2536 lsraehs
3405 2496 3470 2536 ex
3556 2495 3558 2498 '

1909 2571 2138 2642 Egypto
2169 2583 2380 2642 tempus
2424 2573 2745 2626 :cdii'icatutn
2789 2582 2870 2627 est
2907 2575 3188 2641 templum,
3233 2582 3290 2626 ut
3327 2583 3474 2643 post-

1910 2678 2069 2730 quam
2094 2663 2376 2731 defatigati
2411 2673 2597 2717 essent
2641 2664 3138 2734 circumvagatione
3187 2647 3289 2733 per
3317 2680 3470 2718 mon-

1913 2762 2014 2817 tes,
2058 2769 2165 2808 uno
2212 2756 2426 2808 tandem
2490 2755 2631 2817 loco,
2682 2772 2840 2824 quem
2899 2758 2950 2810 in
3006 2758 3137 2812 urbe
3171 2756 3468 2815 Jerusalem
3553 2818 3563 2828 ,

1912 2843 2055 2900 Deus
2087 2847 2236 2900 onmi
2291 2848 2495 2901 honore
2538 2848 2760 2917 dignum
2810 2848 3067 2916 reddidit,
3115 2851 3351 2904 contenti
3383 2867 3472 2906 cs-

1911 2945 2050 2989 seut.
2086 2938 2150 2988 At
2183 2937 2256 2990 illi
2298 2937 2436 2992 tardi
2475 2938 2538 2990 ad
2567 2937 2993 3006 intelligendum,
3028 2949 3081 2993 et
3113 2939 3203 2994 Dei
3238 2930 3474 2996 rationes

1912 3025 2051 3077 haud
2090 3034 2464 3095 assequentes,
2521 3035 2772 3097 putantes
2824 3027 3094 3097 propriam
3150 3029 3241 3083 llei
3283 3031 3469 3084 urbem

1911 3131 2032 3170 esse
2062 3115 2383 3181 Jerusalem,
2412 3119 2464 3170 in
2523 3134 2585 3171 ea
2644 3120 2755 3172 sola
2804 3135 2925 3173 eum
2976 3119 3241 3183 habitare,
3277 3123 3474 3174 stolide

231 3186 456 3254 Σμικρά
483 3191 659 3240 τοίνυν
684 3192 1004 3258 δοξάζοντας
1034 3200 1241 3270 ἐλέγχει
1273 3203 1302 3255 6
1334 3204 1485 3270 Θεὸς,
1522 3209 1614 3260 καί
1648 3227 1794 3279 φησιε

1908 3203 2266 3256 aﬂirmahant.
2297 3205 2451 3268 Quod
2484 3206 2648 3272 igitur
2678 3205 2812 3260 adeo
2839 3221 3028 3276 parum
3082 3207 3375 3262 honoriﬁce
3405 3210 3472 3264 de

234 3277 353 3328 Καὶ
381 3280 532 3330 ποῖον
589 3276 736 3335 οἶκον
785 3285 1170 3357 οξκοδομήσετὲ
1229 3309 1345 3359 μοι,
1408 3295 1594 3363 θρόνον
1627 3276 1802 3367 ἔχοντι

231 3370 326 3418 τὸν
357 3370 607 3437 οὐρανὸν,
659 3373 945 3428 ὑποπόδιον
981 3377 1037 3429 δὲ
1072 3380 1172 3445 τὴν
1201 3381 1334 3448 γῆν;
1376 3385 1520 3437 Ἔδει
1553 3387 1662 3456 γάρ
1691 3392 1802 3452 τοῖς

233 3458 598 3513 συνεστάλθαι
630 3463 720 3514 καὶ
761 3465 1121 3534 περιωρίσθαι
1149 3471 1354 3536 τόποις,
1390 3473 1485 3540 τὴν
1510 3477 1674 3528 αὐτοῦ
1706 3479 1804 3544 φύει

229 3564 317 3598 σιν
346 3547 702 3618 ὑπειληφόσιν
732 3555 1042 3619 καταδεῖξαι
1071 3559 1277 3626 σαφῶς,
1305 3563 1386 3614 ὅτι
1418 3566 1497 3627 εἰς
1518 3568 1564 3596 ³³
1594 3584 1799 3621 παντα-

230 3635 330 3701 χοῦ
363 3638 458 3687 καὶ
495 3642 748 3707 χωρεῖν⁸⁸
779 3645 875 3712 μὲν
922 3646 1085 3698 αὐτὸν
1146 3650 1320 3713 οὐδὲν,
1354 3654 1479 3722 ἥκει
1511 3657 1566 3708 δέ
1597 3661 1798 3727 μᾶλλον

227 3726 320 3779 διὰ
348 3728 566 3782 πάντων
597 3732 774 3798 αὐτὸς,
803 3735 894 3788 καὶ
920 3737 1136 3808 πλήρης
1171 3741 1268 3809 μὲν
1300 3742 1326 3793 6
1353 3745 1579 3816 οὐρανὸς
1602 3726 1796 3814 αὐτοῦ,

230 3821 406 3887 μεστὴ
433 3823 487 3873 δὲ
707 3845 724 3876 ι
761 3826 948 3896 Ὑμεῖς
1001 3831 1105 3884 ἀεί.
1133 3851 1150 3883 ι
1188 3836 1298 3888 Ούκ
1351 3838 1502 3904 εἶπε,
1537 3843 1627 3910 Τῷ
1682 3843 1800 3910 Θεῷ

225 3913 608 3977 ἀντιπίπτετε,
649 3918 828 3984 ἀλλὰ,
870 3940 887 3970 ι
910 3921 1000 3990 Τῷ
1035 3923 1312 3994 Πνεύματι
1344 3929 1422 3998 τῷ
1463 3931 1602 4001 ἁγίῳ
1627 3949 1638 3962 ·
1669 3955 1684 3985 ι
1709 3930 1796 3986 οῦ-

224 4017 319 4063 τος
336 4003 382 4033 ⁵⁸
415 4004 671 4072 οὐδεμίαν
726 4004 835 4060 εἶδε
901 4009 1195 4080 διαφοράνο
1234 4017 1360 4069 ἐπεὶ
1398 4022 1492 4072 καὶ
1525 4023 1746 4094 Πνεῦμα
1771 4027 1798 4076 ὀ

225 4093 386 4158 Θεὸς,
414 4095 515 4146 κᾶν
541 4096 616 4167 μὴ
664 4097 792 4168 δοκῇ
823 4104 934 4163 τοῖς
964 4103 1164 4165 ἀθέοις.
1197 4124 1214 4156 ι
1260 4107 1446 4177 Ὑμεῖς
1477 4112 1656 4164 τοίνυν
1676 4093 1794 4178 idsi,

226 4186 416 4252 φησὶν,
466 4187 815 4242 ἀντιπίπτετε
862 4193 939 4260 τῷ
993 4195 1172 4259 Θεῷ.»
1207 4199 1336 4250 Ὅτε
1381 4202 1486 4271 γὰρ
1540 4203 1796 4268 ἠϐούλετο

225 4273 425 4335 θυσίας
470 4271 635 4338 εἶναι,
670 4280 768 4330 οὐκ
813 4281 1001 4334 ἐθύετε
1023 4287 1171 4354 αὐτῷ
1197 4304 1209 4316 ο
1236 4290 1321 4338 ὅτε
1350 4289 1403 4339 δὲ
1436 4291 1493 4340 οὐ
1523 4291 1792 4358 βούλεται,

223 4367 394 4418 πάλιν
425 4367 600 4422 θύετε.
632 4369 760 4422 Ὅτε
777 4371 833 4423 δὲ
865 4373 1088 4442 ἑστήκει
1117 4379 1144 4429 ὁ
1175 4379 1325 4440 ναὸς,
1357 4381 1550 4433 εἴδωλα
1599 4383 1790 4453 ἐθερα-

1908 3293 2014 3345 Deo
2045 3294 2332 3356 sentirent,
2365 3293 2476 3361 ipse
2504 3309 2598 3346 cos
2629 3295 2998 3363 reprehendit,
3042 3304 3095 3350 et
3128 3299 3203 3358 ait
3233 3316 3244 3350 :
3293 3299 3467 3362 Quam

1906 3385 2128 3439 (iunium
2154 3385 2493 3441 acditicabitis
2523 3386 2677 3448 mihi,
2710 3387 2800 3454 qui
2835 3387 3092 3439 thronum
3139 3388 3312 3441 italico
3356 3404 3471 3442 eos.

1908 3477 2038 3542 lutn,
2069 3484 2120 3530 et
2153 3487 2349 3530 terrain
2402 3477 2698 3531 scabellum
2738 3478 2932 3546 pedum
2983 3480 3254 3532 meorum?
3293 3468 3467 3549 Opor-

1907 3568 2216 3622 tehatcnim
2249 3569 2330 3623 eis
2360 3571 2447 3639 qui
2494 3575 2739 3636 naturam
2779 3571 2897 3637 ejus
2944 3571 3061 3625 loco
3112 3573 3383 3639 coarctat-i‘
3415 3563 3465 3626 et

1905 3660 2257 3713 circumliniri
2302 3659 2706 3723 existimabant,
2760 3660 3107 3716 manifestum
3163 3677 3226 3715 ac
3258 3663 3468 3731 persid-

1903 3765 2063 3812 cuum
2091 3751 2271 3806 facere
2307 3749 2470 3824 Deum
2499 3751 2696 3820 ubique
2719 3767 2838 3806 esse
2865 3760 3025 3820 atque
3055 3751 3204 3805 nullo
3236 3753 3465 3806 termino

1905 3842 2170 3896 contineri
2197 3855 2386 3909 posse;
2425 3842 2520 3896 sed
2547 3842 2725 3894 omnia
2758 3842 3076 3909 pervadere,
3113 3850 3171 3894 ut
3204 3843 3320 3910 ipso
3351 3847 3464 3911 pte-

1904 3944 2031 3982 num
2083 3931 2153 3981 sit
2195 3929 2391 3981 cadum
2436 3942 2500 3980 ac
2548 3929 2703 3995 plena
2758 3936 2921 3981 terra.
2963 3946 2980 3977 ι
3023 3926 3124 3981 Vos
3157 3943 3389 3998 semper.
3438 3951 3454 3981 ι

1901 4014 2015 4070 Non
2047 4017 2196 4077 dicit,
2230 4017 2354 4079 Deo,
2391 4016 2482 4070 sed
2529 4035 2546 4067 ι
2601 4015 2830 4084 Spiritui
2868 4025 3058 4072 sancto
3093 4019 3390 4084 resistitis;
3436 4041 3456 4072 ι
3520 4012 3522 4015 ’

1899 4106 2024 4173 quia
2061 4106 2266 4158 nullum
2305 4107 2454 4172 novit
2478 4107 2616 4160 inter
2646 4107 2809 4161 Deum
2839 4119 2890 4161 et
2916 4109 3178 4176 Spiritum
3213 4121 3460 4167 sanctum

1901 4193 2234 4252 discrimen:
2301 4213 2420 4250 nam
2477 4208 2529 4251 et
2583 4199 2817 4267 Spiritus
2879 4211 3106 4257 sanctus
3153 4213 3236 4256 est
3298 4204 3459 4265 Deus,

1898 4305 2207 4361 quanquam
2279 4291 2460 4361 impiis
2527 4291 2683 4345 aliter
2755 4292 3027 4347 videatur.
3067 4312 3084 4344 ι
3127 4285 3236 4350 Vos
3293 4297 3458 4364 igitur

1899 4399 2109 4452 semper
2148 4368 2348 4451 inquit,
2398 4385 2654 4441 resistitis
2685 4385 2810 4440 Deo.
2851 4405 2867 4438 ι
2911 4387 3041 4440 Nam
3083 4388 3302 4455 quando
3343 4389 3476 4457 ipse'

225 4455 428 4509 πεύετε
451 4474 462 4486 ·
495 4459 584 4510 ὅτε
611 4457 856 4526 βούλεται
893 4466 1060 4534 χωρὶς
1092 4467 1221 4520 ναοῦ
1266 4469 1697 4540 θεραπεύεσθαι,
1729 4477 1788 4528 τὸ

1904 4473 2113 4528 volebat
2161 4475 2449 4538 sacriﬁcia,
2481 4490 2594 4528 vos
2638 4491 2745 4529 non
2794 4476 3131 4541 oﬂ‘erchatis;
3169 4492 3291 4530 cum
3332 4494 3461 4533 vero

223 4549 471 4602 ἐναντίον
534 4553 772 4602 ποιεῖτε·
803 4554 963 4620 ὃμοια
1006 4559 1118 4618 τοῖς
1175 4559 1447 4627 πατράσιν
1475 4564 1629 4632 ὑμῶν
1674 4567 1790 4618 δια-

221 4638 616 4707 πραττόμενοι.
679 4657 696 4688 ι
725 4641 860 4692 Τίνα
902 4642 1010 4695 τῶν
1076 4649 1403 4718 προφητῶνς
1431 4671 1449 4703 ι
1487 4653 1673 4706 Ταῦτα
1699 4656 1790 4708 λέ-

220 4745 395 4797 γοντα
409 4728 502 4780 τὸν
532 4729 804 4799 μακάριον
835 4732 1126 4801 Στέφανον,
1155 4739 1440 4806 ἀληθεύειν
1459 4745 1618 4794 αὐτὸν
1649 4746 1791 4798 οῖδα-

222 4838 353 4890 μεν,
380 4819 656 4890 Πνεύματι
685 4822 825 4890 ἁγίῳ
856 4824 1246 4894 φθεγγόμενον.
1283 4831 1580 4894 ’Δττοδεῖξαι
1601 4834 1655 4886 δέ
1685 4837 1790 4888 ἀπὸ

215 4912 326 4978 τῆς
373 4911 614 4973 Παλαιᾶς
666 4909 1013 4983 [Διαθήκης],
1073 4916 1189 4978 πῶς
1239 4920 1514 4988 μέμφεται
1540 4928 1653 4987 τοῖς
1682 4946 1784 4980 πα-

216 4999 387 5068 τράσι
420 5000 528 5050 τῶν
560 5002 638 5062 εἰς
666 5002 754 5053 τὸν
797 5003 1002 5070 Ἰησοῦν
1034 5006 1424 5075 ἀπιστούιτων,
1461 5013 1534 5076 ὡς
1563 5015 1785 5080 διώξασι

215 5090 351 5148 τοὺς
381 5091 663 5170 προφήτας
685 5094 776 5143 καὶ
791 5095 1193 5160 ἀποκτείνασιν,
1219 5101 1279 5151 ού
1299 5101 1520 5154 δυνατὸν
1547 5107 1652 5156 ἀπό
1670 5107 1778 5155 τῶν

217 5178 542 5246 φερομένων
572 5179 790 5247 βιϐλίων
829 5185 927 5252 τῆς
950 5188 1156 5257 Καινῆς
1173 5193 1464 5261 Διαοήκης.
1495 5197 1558 5246 ΕΞ
1578 5196 1778 5262 τοίνυν,

216 5271 361 5338 φησι
396 5269 524 5331 τοὺς
577 5277 1152 5341 προκαταγγείλαντας
1202 5284 1460 5351 περὶτῆς
1514 5286 1780 5350 ἐλεύσεως

216 5357 390 5410 αὑτοῦ
424 5358 691 5423 ἀνείλατε,
726 5363 902 5432 πολλῷ
926 5368 1123 5432 μᾶλλον
1151 5372 1330 5425 αὐτόν.
1363 5375 1580 5430 Δίκαιον
1605 5379 1660 5431 δέ
1694 5381 1783 5432 τὸν

231 5447 451 5517 Ἰησοῦν
503 5449 706 5512 ἐκάλει,
756 5452 1161 5510 ἐπισπάσασθαι
1187 5461 1380 5525 αὐτοὺς
1410 5463 1730 5534 βουλόμενος
1765 5487 1780 5500 α

1899 4577 2005 4616 non
2044 4564 2177 4632 vult,
2218 4579 2311 4618 vos
2343 4565 2527 4616 eadem
2571 4562 2796 4618 offertis.
2847 4563 3073 4628 Quando
3126 4566 3458 4624 subsistebat

1898 4653 2180 4722 templum,
2212 4668 2306 4706 vos
2348 4652 2489 4705 idola
2527 4652 2787 4707 colebatis
2817 4669 2831 4718 ς
2863 4653 2985 4708 cum
3027 4671 3152 4711 vero
3185 4646 3296 4712 vult
3325 4662 3454 4715 abs-

1897 4739 2008 4814 que
2065 4745 2265 4813 templo
2300 4744 2427 4805 coli,
2463 4758 2558 4798 vos
2609 4745 2945 4807 contrarium
2976 4747 3157 4803 facitis
3193 4769 3204 4803 :
3255 4752 3452 4805 similia

1897 4835 2103 4891 scilicet
2131 4836 2380 4904 patrilms
2403 4838 2598 4892 vestris
2626 4851 2867 4905 agentes.
2905 4860 2922 4891 ι
2961 4841 3130 4904 Ouem
3166 4846 3449 4912 propheta-

1897 4940 2038 4978 rum.
2055 4943 2072 4974 ι
2086 4924 2207 4979 Ihec
2226 4927 2509 4982 verissime
2527 4927 2732 4985 dixisse
2748 4931 2961 4987 beatum
2987 4933 3310 5004 Stephanum
3342 4951 3448 4990 non

1894 5016 2224 5080 dubitamus,
2287 5018 2485 5087 quippe
2525 5022 2615 5090 qui
2661 5022 2864 5090 Spiritu
2906 5033 3095 5078 sancto
3129 5022 3340 5078 alliante
3371 5027 3451 5082 lo-

1892 5107 2180 5175 quebatur.
2199 5107 2260 5162 Et
2282 5108 2497 5177 quidem
2517 5119 2725 5179 poterat
2746 5112 2835 5165 ille
2850 5111 3449 5172 cx't'eteri'l‘estamentn

1890 5184 2417 5269 demonstrarc,quo
2436 5201 2560 5269 jure
2584 5203 2828 5270 patribus
2856 5201 3066 5255 illorum
3100 5205 3192 5274 qui
3221 5207 3274 5260 in
3292 5209 3450 5276 Chri-

1893 5297 2034 5344 stum
2079 5291 2233 5359 231
2278 5305 2385 5344 non
2439 5293 2804 5354 crediderant,
2863 5296 3236 5363 exprobraret,
3290 5302 3434 5367 quod
3512 5295 3516 5299 ⁴

1895 5383 2189 5450 prophetas
2250 5387 2520 5451 persecuti
2582 5399 2793 5453 semper
2823 5385 3028 5448 fuerint
3067 5399 3118 5442 et
3158 5388 3444 5444 interfece-

1896 5473 2039 5526 rint:
2083 5473 2186 5526 hoc
2228 5485 2406 5529 autem
2433 5492 2494 5529 ex
2531 5475 2684 5530 libris
2711 5476 2843 5533 Novi
2873 5479 3206 5534 'l‘cstamcnti
3232 5482 3440 5536 ostendi

1416 5636 1612 5697 Variae
1652 5639 1955 5701 lectiones
1999 5648 2058 5703 et
2107 5650 2292 5704 noue.

288 5719 341 5755 ⁸⁵
368 5736 431 5772 τε
491 5720 595 5789 εῑη.
672 5724 716 5755 ⁸³
749 5727 933 5793 χωρεῖ.
1011 5727 1056 5758 ⁵⁸
1088 5728 1277 5792 οὕτως.
