4082 6342
192 431 303 492 9ἢ3

856 412 1382 476 EXPOSITIONIS
1425 408 1501 468 ΙΝ
1531 408 1717 466 ACTA
1748 401 2044 464 TEXTUS
2083 398 2352 458 ALTER.
2384 421 2451 433 -
2482 396 2632 454 CAP.
2663 395 2768 455 IX.

3310 390 3417 454 031

193 538 461 589 ἐϐάπτισε
507 535 563 585 δὲ
610 534 798 602 μόνον·
850 533 963 600 ἅμα
1017 532 1123 598 γὰρ
1174 528 1481 598 φωτισθεὶς,
1531 527 1782 596 ἔμελλεν,

1888 534 1998 569 nus
2033 526 2148 568 erat
2183 530 2245 568 ex
2282 512 2619 581 septuaginta
2656 508 2941 578 discipulis
2974 509 3038 562 ad
3078 524 3198 562 cum
3229 509 3420 563 misit?

193 627 533 681 ἐπισπᾶσθαι
572 625 770 694 πολλὴν
819 627 912 678 ⁸τοῦ
970 621 1284 690 Πνεύματος
1332 620 1489 687 χάριν
1529 618 1636 669 ἀπὸ
1663 615 1756 667 τοῦ

195 721 362 787 ζήλου
389 719 481 770 καὶ
512 717 611 783 τῆς
659 716 857 783 πολλῆς
889 713 1215 783 προθυμίας.
1270 709 1552 762 Ἐντεῦθεν
1576 708 1632 759 δὲ
1666 723 1760 774 ση-

199 806 482 876 μειωτέον,
524 806 603 856 ὅτι
631 806 809 856 ἐκεῖνα
833 802 899 853 τὰ
928 801 1112 868 ὄνειρα
1140 800 1184 829 ⁷⁸
1211 798 1290 849 δεῖ
1313 797 1588 863 λέγεσθαι,
1619 795 1759 861 ειπερ

197 895 504 963 κοινωφελῆ
545 898 658 946 ἐστι
685 894 778 949 καὶ
805 892 1172 960 συμϐάλλεται
1199 889 1276 950 εἰς
1309 887 1641 949 θεοσέϐειαν,
1665 885 1761 935 ὅσα

200 990 320 1057 ἔχει
368 985 461 1039 τοῦ
505 986 704 1054 Κυρίου
758 985 856 1052 τὴν
919 985 1282 1050 παράστασιν,
1340 979 1372 1048 ἢ
1421 978 1649 1045 ἀγγέλου
1693 976 1759 1027 ⁷⁷.

207 1080 367 1129 Ἐστι
405 1077 460 1127 δὲ
485 1077 578 1126 καὶ
616 1075 734 1126 κατ’
766 1073 898 1140 ὄναρ
933 1073 1098 1131 tam,
1147 1070 1182 1122 ἃ
1224 1069 1324 1120 οὐκ
1360 1067 1562 1134 ὀφείλει
1592 1065 1765 1116 λαλεῖ-

208 1168 357 1218 σθαι’
393 1165 530 1233 πλὴν
570 1166 624 1234 ,εἰ
665 1165 758 1214 καὶ
814 1162 955 1226 Ξδικὴ
992 1159 1085 1212 τοῦ
1126 1159 1327 1210 Σαύλου
1350 1153 1414 1225 ἦν
1445 1158 1476 1225 ἡ
1509 1155 1764 1221 ὠφέλεια,

204 1256 320 1309 ἀλλ’
361 1255 452 1306 οὖν
485 1252 800 1322 παραδόξως
821 1251 1097 1320 συμϐᾶσα,
1139 1249 1296 1300 πάλιν
1338 1249 1415 1307 εἰς
1460 1245 1768 1297 θεοσέϐειαν

218 1348 309 1396 τὸν
342 1344 624 1414 ἄνθρωπον
648 1341 1062 1411 προσκαλεῖται,
1098 1340 1189 1391 καὶ
1216 1337 1302 1390 διὰ
1334 1335 1600 1400 τοῦτο,‹ἶ›ς
1629 1350 1770 1386 κοιν-

203 1435 391 1500 ω’ρελῆ
449 1432 791 1482 ἐκλαλεῖσθαι
835 1431 962 1482 ἔδει.
1020 1448 1038 1478 ε
1079 1425 1186 1479 Ἶίν
1223 1428 1280 1479 δέ
1315 1444 1396 1487 τις
1442 1424 1709 1494 μαθητής.
1746 1441 1764 1473 ι

204 1525 390 1576 Ταῦτά
415 1541 578 1592 φησιν
605 1525 630 1574 ὁ
659 1522 930 1583 ’Λεία-νίας,
956 1521 1052 1589 οὐχ
1091 1520 1164 1581 ὼς
1214 1517 1453 1570 ἀπιστῶν
1481 1519 1591 1576 τοῖς
1620 1516 1773 1580 λεγο-

209 1618 415 1683 μένοις.
466 1615 584 1666 οὐδὲ
637 1613 948 1682 ὴπατῆσθαι
982 1613 1072 1665 τὸν
1103 1611 1338 1681 Χριστὸν
1397 1607 1652 1675 νομίζων,
1699 1607 1772 1676 μὴ

204 1705 416 1768 γένοιτο
443 1705 453 1754 !
481 1703 615 1754 ἀλλὰ
641 1702 968 1769 φοϐούμενος
998 1702 1091 1754 καὶ
1125 1701 1359 1769 τρέμων.
1392 1699 1550 1758 Εἰκὸς
1575 1697 1682 1766 γὰρ
1710 1693 1776 1766 ἦν

207 1794 428 1854 αὐτοὺς,
455 1795 509 1844 έν
548 1792 696 1861 φόϐῳ
731 1793 911 1856 ὄντας,
943 1788 1400 1859 περιεργάζεσθαι
1435 1788 1529 1839 καὶ
1577 1789 1774 1853 λέγειν,

1862 609 2000 673 Quia
2029 607 2278 659 videlicet
2309 620 2415 657 non
2436 620 2533 671 per
2559 605 2824 664 homines,
2855 603 2948 656 sed
2975 603 3042 654 ab
3065 603 3182 670 ipso
3202 603 3421 656 Christo

1858 696 2169 752 edocendus
2217 697 2307 748 ille
2346 703 2484 748 erat.
2527 692 2708 757 Quare
2751 694 2990 747 Ananias
3023 707 3240 761 quoque
3287 692 3422 745 nihil

1861 803 1982 839 cum
2039 785 2258 849 docuit,
2300 784 2394 838 sed
2440 783 2737 849 baptizavit
2789 771 3161 834 tantummodo
3197 800 3209 833 :
3243 783 3423 834 statim

1862 878 2003 932 enim
2038 892 2098 930 ac
2131 877 2434 944 baptizatus
2462 885 2623 934 esset,
2651 874 2739 927 ille
2769 874 3055 925 maximam
3091 882 3426 926 attracturus

1864 977 1981 1023 erat
2022 968 2249 1037 gratiam
2283 966 2525 1035 Spiritus
2555 981 2620 1018 ex
2650 965 2786 1026 zelo,
2818 964 3095 1031 multaque
3123 964 3427 1014 alacritate.

1867 1061 2002 1112 lline
2045 1072 2174 1113 vero
2226 1057 2630 1118 adnotandum,
2683 1069 2776 1128 eas
2827 1053 3044 1123 quidem
3095 1056 3430 1107 enarrandas

1821 1136 1846 1180 “·
1872 1153 2130 1212 visiones,
2163 1166 2282 1218 quae
2315 1150 2591 1218 quidpiam
2625 1147 2930 1200 comtnunis
2962 1146 3247 1198 continent
3289 1145 3432 1196 utili-

1869 1245 2030 1304 tatis,
2075 1251 2128 1295 et
2175 1241 2240 1294 ad
2283 1243 2536 1308 pietatem
2584 1239 2909 1302 conferunt,
2952 1252 3181 1305 quaeque
3222 1234 3314 1289 Dei
3351 1235 3431 1288 vel

1870 1333 2183 1402 angelorum
2223 1329 2591 1384 assistentiam
2629 1329 2830 1381 habent
2863 1345 2878 1380 :
2917 1327 3154 1396 privatas
3187 1340 3316 1378 vero
3339 1365 3354 1388 ,
3387 1325 3433 1376 si

1871 1439 1989 1492 qua:
2018 1423 2292 1486 accidunt,
2325 1421 2584 1483 visiones,
2613 1435 2706 1474 eas
2739 1434 2844 1471 non
2876 1425 3092 1487 oportet
3117 1417 3436 1469 manifestas

1878 1515 2073 1567 facere.
2106 1512 2354 1565 Attamen
2390 1513 2536 1574 licet,
2579 1511 2727 1579 quod
2766 1510 2853 1562 hic
2885 1517 3160 1571 narratur,
3200 1501 3438 1576 peculia-

1878 1620 1989 1658 rem
2021 1612 2292 1672 spectaret
2325 1602 2472 1656 Sauli
2515 1603 2798 1654 utilitatem
2821 1638 2836 1663 ,
2875 1599 3235 1653 nihilominus
3275 1599 3440 1652 mira-

1878 1696 2002 1750 bilis
2045 1694 2164 1763 ejus
2213 1696 2425 1747 Sanatio
2471 1707 2800 1762 quemquam
2854 1699 3031 1760 potest
3075 1689 3140 1742 ad
3184 1692 3440 1758 pietatem

1878 1787 2146 1851 excitare;
2181 1796 2232 1840 ct
2267 1785 2490 1848 idcirco,
2531 1794 2590 1838 ut
2617 1783 2747 1854 quid
2779 1782 2843 1836 ad
2882 1796 3226 1853 comnmuem
3257 1778 3444 1833 confe-

205 1885 291 1934 ὅτι
322 1882 541 1934 Τούτων
571 1882 762 1944 ὄντων,
801 1882 917 1944 πῶς
951 1881 1192 1943 δύναται,
1219 1879 1372 1947 φησὶ,
1404 1876 1577 1930 ταῦτα
1616 1879 1768 1944 γενέ-

1888 1895 2002 1951 rens
2039 1880 2347 1940 utilitatem,
2383 1893 2500 1931 eam
2537 1877 2780 1930 enarrari
2815 1875 3075 1944 oportuit.
3117 1892 3135 1924 ι
3179 1874 3304 1925 Erat
3339 1885 3442 1924 auo

210 1975 337 2024 σθαι
363 1993 374 2035 ;
409 1974 472 2023 Τί
504 1971 596 2026 οὖν
620 1975 647 2025 ό
681 1973 905 2043 Κύριος,
933 1975 959 2023 ό
987 1975 1104 2033 ταῖς
1151 1971 1401 2039 καρδίαις
1426 1971 1530 2020 τῶν
1560 1969 1770 2038 ἀνθρώ-

205 2081 328 2115 πων
352 2063 692 2132 ἐμϐατεύων,
745 2065 886 2116 κατὰ
945 2064 1158 2115 Παύλου
1215 2059 1597 2130 ἐμαρτύρησες
1653 2061 1771 2112 Δεί-

206 2167 399 2201 κνυσιν
431 2151 514 2201 ὃτι
540 2151 639 2201 οὐκ
673 2151 787 2200 ἐστι
823 2149 1024 2217 φυσικὴ
1055 2148 1273 2216 ἡκακία
1305 2145 1471 2215 αὐτῷ.
1497 2163 1514 2194 ‹
1553 2143 1769 2204 Σκεῦος,

207 2238 398 2306 φησιν,
432 2237 662 2302 ἐκλογῆς
693 2240 861 2287 ἐστιν.
909 2253 927 2283 ›
968 2233 1206 2295 Ἐδειξεν
1261 2232 1342 2284 ὅτι
1383 2229 1600 2298 δόκιμος
1636 2230 1770 2278 ἐστι.

206 2329 287 2379 Ἰὸ
315 2329 536 2394 δόκιμον
565 2330 672 2397 γάρ
704 2344 784 2388 τις
825 2327 1109 2392 ἐκλέγεται
1146 2323 1356 2383 σκεῦος.
1389 2319 1498 2373 Καὶ
1527 2321 1584 2372 οῦ
1619 2318 1777 2386 μόνον

207 2418 402 2480 πιστὸς
432 2418 608 2482 ἐσται,
641 2419 827 2487 φησὶν,
864 2417 998 2468 ἀλλὰ
1025 2417 1117 2467 καὶ
1139 2412 1454 2473 διδάσκαλος
1492 2413 1585 2463 καὶ
1607 2410 1781 2478 κῆρυξ

205 2510 311 2575 τῆς
332 2509 676 2577 οἰκουμένης,
709 2507 841 2558 ἀλλὰ
874 2506 964 2558 καὶ
995 2503 1240 2556 πείσεται
1269 2503 1436 2554 πολλὰ
1458 2502 1596 2570 ὑπὲρ
1626 2503 1781 2569 ἐμοῦ.

1879 1977 1983 2022 tem
2015 1969 2235 2039 quidam
2261 1967 2584 2036 discipulus.
2621 1985 2637 2016 ι
2671 1965 2750 2018 lta
2782 1965 3020 2032 loquitur
3042 1963 3302 2024 Auanias,
3331 1975 3441 2013 non

1878 2059 2023 2127 quod
2074 2053 2331 2126 ea,'qu:e
2374 2057 2423 2110 ei
2473 2055 2821 2117 dicebantur,
2873 2068 2980 2106 non
3030 2050 3331 2129 crederet,
3363 2050 3444 2103 vel

1878 2146 2025 2211 quod
2056 2147 2334 2199 Christum
2359 2145 2532 2212 decipi
2567 2159 2729 2213 posse
2751 2142 3110 2204 existimaret,
3140 2135 3312 2192 absit!
3351 2138 3446 2191 sed

1879 2251 1941 2288 ex
1982 2236 2174 2289 timore
2217 2245 2271 2289 et
2309 2244 2545 2289 tremore
2580 2249 2690 2302 quo
2728 2232 3165 2286 concutiebatur.
3206 2229 3446 2282 Pronum

1879 2325 2020 2376 enim
2062 2334 2199 2387 erat,
2234 2335 2290 2378 ut
2335 2326 2408 2387 ii,
2441 2325 2532 2392 qui
2581 2325 2776 2377 timore
2807 2322 3042 2392 perculsi
3081 2330 3256 2381 erant,-
3287 2318 3448 2372 anxie

1883 2416 2222 2483 inquirerent
2277 2432 2340 2470 ac
2393 2417 2660 2480 dicerent,
2715 2415 3002 2482 Quomodo
3064 2419 3294 2481 possunt
3343 2412 3449 2462 ista

1885 2506 2030 2557 tieri?
2071 2506 2209 2569 Quid
2245 2508 2407 2575 igitur
2441 2506 2724 2570 Dominus,
2781 2505 3025 2560 eordium
3074 2502 3446 2577 investigator,

209 2601 280 2653 de
302 2601 472 2654 Paulo
497 2602 904 2671 pronuntiavit?
927 2576 1174 2655 dstettdit
1197 2613 1302 2650 non
1328 2597 1648 2649 naturaliter
1671 2596 1886 2649 insitam
1915 2599 1988 2649 illi
2014 2615 2136 2653 esse
2161 2603 2479 2669 nequitiam.
2505 2597 2642 2654 «Vas
2666 2619 2685 2652 ι
2708 2600 2872 2664 enim,
2892 2597 3086 2667 inquit,
3113 2615 3131 2647 ι
3164 2583 3448 2650 electionis

209 2705 297 2749 est
329 2696 499 2748 mihi:
535 2715 552 2745 ι
587 2695 783 2762 quibus
818 2695 995 2748 verbis
1030 2694 1292 2756 declarat,
1347 2691 1533 2758 ipsum
1560 2690 1735 2742 virum
1777 2692 2062 2759 probatum
2115 2711 2278 2752 esse:
2323 2711 2465 2760 nam,
2502 2696 2649 2764 quod
2688 2694 2974 2761 probatmn
3028 2701 3132 2753 est,
3169 2707 3284 2752 vas,
3321 2690 3450 2758 eligi

213 2792 382 2845 solet.
413 2789 575 2860 240
595 2789 771 2854 Quare
806 2804 914 2842 non
959 2789 1134 2842 solum
1169 2786 1363 2850 ﬁdelis,
1396 2784 1592 2852 inquit,
1627 2784 1764 2850 erit;
1795 2785 1887 2839 sed
1915 2789 2076 2841 etiam
2114 2790 2330 2854 doctOr,
2371 2799 2422 2843 et
2464 2806 2641 2859 praeco
2667 2791 2877 2856 Inuttdi,
2909 2789 3039 2858 quin
3063 2797 3116 2840 ct
3154 2789 3320 2841 multa
3354 2801 3450 2855 pro

214 2882 446 2935 nomine
487 2896 607 2932 meo
636 2881 890 2947 patietur.

518 2967 606 3037 Τῷ
649 2967 910 3036 Σαϐϐάτῳ
949 2969 1048 3035 τῆς
1078 2964 1123 3032 γ’
1159 2964 1475 3034 ἑϐδομάδος.

800 3056 1182 3109 ΚΕΙΜΕΝΟΝ.

290 3151 542 3216 Ἐγένετο
564 3149 618 3200 δέ
639 3151 666 3200 ό
699 3149 896 3209 Σαῦλος
932 3147 1067 3215 μετὰ
1105 3148 1211 3198 τῶν
1234 3148 1400 3197 ὄντων
1426 3147 1482 3196 ἐν
1513 3145 1785 3213 Δαμασκῷ

222 3240 486 3308 μαθητῶν
544 3238 756 3306 ἡμέρας
809 3237 980 3297 τινάς.
1023 3237 1134 3288 Καὶ
1174 3236 1370 3298 εὐθέως
1410 3237 1466 3284 ἐν
1504 3237 1623 3296 ταῖς
1660 3252 1783 3285 συν-

219 3332 468 3394 αγωγαῖς
493 3329 763 3395 ἐκήρυσσε
794 3327 886 3377 τὸν
934 3325 1195 3393 Χριστὸν,
1254 3324 1342 3374 ὃτι.
1381 3316 1547 3382 Οὗτός
1576 3322 1720 3373 ἐστιν
1759 3323 1786 3372 ὁ

220 3421 461 3489 Χριστὸς
493 3423 520 3471 ό
554 3419 678 3479 Υἱὸς
729 3419 821 3469 τοῦ
873 3416 1028 3468 Θεοῦ.
1074 3415 1380 3478 Ἐξίσταντο
1427 3413 1480 3465 δὲ
1514 3417 1710 3474 πάντες
1739 3415 1787 3464 οἱ

221 3509 538 3569 ἀκούοντες,
574 3510 666 3558 καὶ
695 3507 880 3574 ἔλεγον
904 3522 916 3536 ·
947 3508 1059 3557 Οᾷκ
1103 3499 1256 3565 οὗτός
1287 3507 1430 3554 ἐστιν
1461 3507 1486 3556 ό
1513 3503 1789 3571 πορθήσας

222 3602 284 3650 ἐν
359 3598 719 3668 Ἰερουσαλὴμ
779 3597 985 3657 πάντας
1037 3595 1160 3654 τοὺς
1226 3594 1684 3660 ἐπικαλουμένους
1730 3593 1790 3643 τὸ

220 3691 400 3757 ὄνομα
425 3691 606 3752 τοῦτο,
637 3689 731 3739 καὶ
777 3683 880 3740 ὦδε
918 3688 998 3747 εἰς
1035 3685 1192 3737 τοῦτο
1222 3684 1499 3750 ἐλήλυθεν,
1539 3685 1622 3736 ἵνα
1651 3685 1790 3735 δεδε-

226 3782 427 3851 μένους
457 3781 651 3840 αῦτους
681 3779 862 3847 ἀγάγῃ
893 3781 969 3839 εἰς
1003 3777 1351 3848 Ἰερουσαλὴμ
1389 3777 1478 3828 ἐπί
1508 3777 1626 3838 τοὺς
1656 3779 1791 3845 ἁρχ-

226 3870 397 3934 ιερεῖς
419 3885 434 3899 ⁸
465 3866 665 3929 Σαῦλος
687 3866 742 3918 δὲ
770 3866 968 3935 μᾶλλον
1008 3866 1400 3934 ἐνεδυναμοῦτο
1447 3867 1539 3918 καὶ
1575 3866 1790 3932 συνέχεε

223 3960 358 4021 τοὺς
409 3957 691 4017 Ἰουδαίους
747 3957 871 4016 τοὺς
943 3956 1327 4016 κατοικοῦντας
1387 3959 1444 4007 ἐν
1481 3956 1788 4023 Δαμασκῷ,

226 4046 606 4115 συμϐιϐάζων,
644 4047 724 4098 ὅτι
786 4039 956 4106 Οὗτός
1000 4048 1148 4096 ἐστιν
1210 4047 1237 4096 ό
1295 4046 1548 4114 Χριστός.
1598 4045 1685 4105 Ὠς
1736 4045 1792 4094 δὲ

225 4135 568 4204 ἐπληροῦντο
593 4136 795 4204 ἡμέραι
825 4134 1030 4198 ἱκαναὶ,
1074 4134 1562 4186 συνεϐουλεύσαντο
1591 4136 1638 4186 οἱ
1663 4134 1794 4186 ἰου-

224 4227 378 4278 δαῖοι
403 4227 613 4277 ἀνελεῖν
669 4225 851 4279 αὐτόν.
881 4224 1166 4293 Ἐγνώσθη
1211 4225 1262 4276 δὲ
1300 4225 1374 4294 τῷ
1405 4226 1590 4295 Σαύλῳ
1619 4228 1650 4293 ἡ
1684 4227 1795 4276 ἐπι-

226 4317 402 4384 ϐουλὴ
428 4317 608 4368 αὐτῶν
633 4332 646 4343 '
674 4317 1017 4385 παρετήρουν
1057 4331 1113 4367 τε
1146 4318 1241 4377 τὰς
1269 4315 1439 4377 πύλας
1465 4317 1560 4384 τῆς
1591 4317 1796 4377 πόλεως

227 4407 448 4474 ἡμέρας
471 4423 530 4455 τε
563 4406 654 4456 καὶ
682 4406 897 4468 νυκτὸς,
929 4407 1077 4466 ὅπως
1103 4407 1264 4457 αὑτὸν
1304 4406 1552 4458 ἁνέλωσι.
1595 4408 1798 4458 Λαϐόν-

225 4511 323 4554 τες
357 4495 411 4544 δὲ
443 4495 604 4544 αὑτὸν
661 4494 710 4545 οἱ
753 4495 989 4562 μαθηταὶ.
1052 4495 1265 4556 νυκτὸς,
1296 4496 1542 4562 καθῆκαν
1585 4497 1670 4548 διὰ
1704 4499 1796 4548 τοῦ

224 4583 446 4650 τείχους
467 4583 796 4650 χαλάσαντες
830 4585 886 4633 ἐν
920 4581 1152 4650 σπυρίδι.
1193 4583 1640 4652 Παραγενόμενος
1671 4586 1725 4653 δὲ
1771 4588 1798 4636 ὁ

2241 2959 2476 3022 Sabbato
2514 2965 2873 3020 hcbdomada:
2911 2965 3100 3017 tertiae.

2307 3039 2310 3050 “
2521 3057 2820 3110 TEXTUS.

1961 3145 2047 3210 IX,
2081 3148 2261 3200 19-51.
2293 3145 2417 3200 Fuit
2461 3158 2635 3201 autem
2673 3148 2916 3218 (Saulus)
2961 3136 3450 3215 cumdiscipulis,
3536 3139 3537 3142 “

1892 3236 1983 3301 qui
2024 3244 2177 3288 erant
2214 3235 2458 3289 Damasci
2483 3253 2577 3304 per
2609 3238 2725 3290 dies
2748 3237 2978 3305 aliquot.
3009 3236 3073 3289 Et
3103 3248 3362 3290 continuo
3401 3239 3456 3290 in

1890 3327 2170 3395 synagogis
2200 3328 2524 3395 prendieabat
2551 3327 2759 3393 Jesum,
2787 3329 3041 3397 quoniam
3069 3326 3164 3380 llic
3185 3336 3268 3381 est
3289 3325 3457 3382 Filius

1895 3417 2006 3468 Dei.
2033 3417 2526 3484 Stupebantautem
2554 3435 2743 3473 omnes
2769 3421 2858 3486 qui
2894 3419 3208 3482 audiebant,
3240 3426 3292 3471 et
3313 3418 3459 3472 dice-

1893 3495 2020 3558 bant
2041 3525 2052 3559 :
2071 3507 2260 3560 Nonne
2276 3511 2360 3561 hic
2379 3519 2483 3570 est,
2505 3512 2595 3579 qui
2612 3511 2954 3578 expugnabat
2976 3510 3028 3562 in
3051 3508 3349 3563 Jerusalem
3367 3524 3458 3562 eos

1892 3595 1983 3661 qui
2009 3597 2336 3651 invocabant
2359 3614 2555 3652 nomen
2587 3601 2755 3662 istud,
2785 3610 2837 3652 et
2867 3600 2970 3651 huc
2991 3599 3057 3652 ad
3083 3600 3182 3651 hoc
3215 3602 3382 3663 venit,
3404 3611 3461 3650 ut

1894 3685 2103 3737 vinctos
2166 3687 2287 3740 illos
2336 3686 2560 3740 duceret
2613 3687 2678 3740 ad
2737 3687 3011 3756 principes
3067 3687 3460 3740 sacerdotum?

1897 3774 2096 3828 Saulus
2143 3784 2322 3828 autem
2364 3779 2536 3830 multo
2579 3777 2750 3846 magis
2795 3778 3210 3830 convalescebat
3239 3789 3292 3830 et
3327 3791 3460 3829 con-

1899 3867 2156 3919 l'undebat
2204 3868 2419 3922 Judazos
2466 3871 2556 3937 qui
2608 3870 2924 3922 habitabant
2980 3870 3256 3934 Damasci,
3311 3872 3460 3923 allir-

1898 3971 2050 4006 tnans
2080 3962 2332 4022 quoniam
2360 3957 2458 4010 Hic
2480 3971 2561 4011 est
2592 3958 2858 4011 Christus.
2893 3959 3027 4010 Cum
3054 3967 3234 4011 autent
3267 3959 3456 4027 imple-

1900 4053 2087 4095 l'CltlUt‘
2135 4045 2250 4097 dies
2302 4048 2490 4108 multi,
2539 4049 2824 4100 consilium
2882 4049 3129 4103 fecerunt
3181 4050 3234 4102 in
3295 4066 3458 4103 unum

1896 4133 2085 4197 Jndmi,
2119 4147 2170 4188 ut
2197 4153 2319 4189 eum
2351 4138 2735 4193 interﬁcerent.
2771 4139 2919 4191 Note
2952 4154 3129 4194 autem
3156 4142 3309 4195 facta:
3335 4153 3462 4196 sunt

1902 4227 2070 4277 Saulo
2139 4230 2352 4280 insidia:
2388 4246 2597 4282 eorum.
2639 4228 3029 4283 Custodiebant
3089 4243 3267 4284 autem
3333 4249 3460 4301 por-

1901 4328 1981 4371 tas
2014 4320 2098 4372 die
2123 4333 2184 4373 u
2221 4331 2404 4382 nocte,
2441 4329 2496 4371 ut
2537 4336 2658 4374 eum
2702 4322 3092 4378 interﬁcerent.
3122 4325 3462 4394 Accipie‘ntcs

1903 4418 2081 4461 autem
2115 4425 2236 4463 eum
2264 4411 2523 4489 discipuli
2556 4422 2732 4474 nocte,
2768 4428 2864 4480 per
2891 4430 3104 4468 murum
3138 4414 3464 4470 dimiserunt

1902 4515 2057 4559 Clllll,
2103 4499 2488 4554 submittcntes
2525 4502 2577 4552 in
2611 4494 2813 4569 sporta.
2851 4505 2984 4555 Cum
3021 4513 3199 4558 autem
3232 4508 3466 4560 venisset

1903 4590 1954 4640 in
1996 4587 2318 4651 Jerusalem,
2372 4592 2620 4644 teutabat
2669 4608 2729 4646 se
2775 4593 3002 4662 jungere
3047 4594 3366 4662 discipulis,
3413 4609 3466 4649 ct

228 4674 440 4733 Σαῦλος
484 4675 561 4734 εἰς
612 4672 990 4742 Ἰερουσαλὴμ,
1050 4672 1310 4741 ἐπειρᾶτο
1364 4673 1655 4726 κολλᾶσθαι
1688 4678 1782 4726 τοῒ.

1904 4693 2092 4731 υιιιιιιιε
2139 4677 2400 4731 timebant
2438 4695 2584 4741 eum,
2625 4696 2731 4730 non
2780 4682 3092 4745 credentes,
3144 4682 3467 4749 quod-esset

231 4766 512 4833 μαθηταῖς
531 4777 542 4789 ”
570 4765 663 4814 καὶ
693 4765 891 4826 πάντες
915 4763 1206 4831 ἐφοϐοῦντο
1223 4765 1400 4830 αὑτὸν,
1422 4766 1495 4835 μὴ
1522 4765 1801 4817 πιστεύον-

226 4875 324 4918 τες
364 4855 442 4907 ὅτι
476 4855 588 4906 ἐστι
645 4854 908 4924 μαθητής.

229 4948 424 5011 αὑτὸν,
456 4947 632 5016 ἡγαγε
671 4948 808 5014 πρὸς
837 4947 961 5008 τοὺς
995 4947 1346 5010 ἀποστόλους,
1379 4949 1470 5000 καὶ
1507 4949 1803 5019 διηγήσατο

226 5039 444 5099 αὐτοῖς,
476 5037 590 5098 πῶς
618 5039 674 5088 ὲν
702 5040 768 5106 τῇ
801 5036 905 5106 ὁδῷ
940 5034 1041 5088 εἶδε
1075 5039 1164 5087 τὸν
1195 5037 1416 5106 Κύριον,
1454 5042 1547 5089 καὶ
1576 5040 1654 5091 ὃτι
1683 5041 1805 5093 ἐλά-

225 5131 405 5192 λησεν
437 5127 606 5195 αὐτῷ,
665 5129 757 5179 καὶ
796 5127 908 5189 πῶς
949 5129 1006 5179 ἐν
1037 5126 1315 5196 Δαμασκῷ
1360 5129 1803 5198 ἐπαρρησιάσατο

227 5217 292 5266 ἐν
346 5214 424 5282 τῷ
472 5217 695 5284 ὀνόματι
728 5218 820 5269 τοῦ
856 5218 1052 5287 Ἰησοῦ.
1089 5219 1194 5271 Καὶ
1224 5215 1291 5288 ἦν
1340 5219 1454 5288 μετ’
1481 5221 1660 5273 αὐτῶν
1686 5203 1801 5283 ε’ἱσ-

228 5304 605 5373 πορευόμενος
643 5309 735 5358 καὶ
756 5310 1184 5378 ἐκπορευόμενος
1215 5313 1293 5370 εἰς
1335 5310 1687 5381 Ἰερουσαλὴμ
1709 5314 1802 5366 καὶ

227 5393 758 5463 παρρησιαζόμενος
790 5397 846 5447 ἐν
879 5399 956 5465 τῷ
990 5399 1319 5467 ὀνόματιτοῦ
1359 5401 1560 5471 Κυρίου
1605 5403 1798 5471 Ἰησοῦ,

229 5485 421 5538 ἐλάλει
454 5502 511 5536 τε
539 5487 633 5538 κα)⁵
679 5487 959 5556 συνεζήτει
993 5493 1126 5560 πρὸς
1165 5494 1284 5555 τοὺς
1339 5493 1702 5562 Ἐλληνιστά;.
1737 5500 1799 5549 Οἱ

970 4855 1256 4923 Βαρνάϐας
1300 4857 1354 4909 δὲ
1407 4857 1812 4926 ἐπιλαϐόμενος

1911 4771 2228 4836 discipulus.
2288 4769 2566 4823 Barnabas
2625 4779 2802 4823 autem
2860 4773 3258 4840 apprehensum
3315 4777 3462 4829 illaut

1909 4863 2062 4914 duxit
2087 4863 2150 4913 ad
2178 4863 2473 4928 apostolos,
2506 4870 2558 4915 ct
2597 4865 2838 4916 narravit
2873 4865 2977 4919 illis
3010 4865 3277 4932 quomodo
3305 4867 3465 4919 itfvia

1908 4953 2134 5006 vidisset
2168 4952 2495 5020 Dominum,
2529 4965 2580 5008 et
2614 4958 2740 5024 quia
2779 4957 2990 5008 locutus
3023 4964 3105 5008 est
3135 4956 3206 5018 ei,
3239 4969 3292 5010 et
3326 4972 3464 5026 quo-

1911 5045 2070 5098 modo
2125 5046 2179 5099 in
2233 5046 2499 5100 Damasco
2553 5047 2880 5099 liducialitcr
2926 5047 3097 5117 egerit
3148 5048 3200 5100 in
3251 5050 3467 5102 nomine

1909 5134 2056 5190 Jesu.
2096 5138 2156 5188 Et
2192 5145 2307 5189 erat
2335 5151 2456 5188 cum
2489 5135 2596 5189 illis
2623 5136 2832 5190 intrans
2859 5148 2912 5190 et
2939 5138 3128 5192 exiens
3158 5139 3210 5192 in
3243 5137 3463 5192 Jerusa-

1907 5225 2041 5288 lem,
2077 5234 2130 5277 et
2174 5226 2497 5279 liducialiter
2538 5241 2720 5297 agens.
2741 5230 2793 5281 in
2827 5229 3048 5282 nomine
3092 5229 3328 5283 Domini.
3365 5227 3468 5284 L0-

1906 5319 2176 5384 quebatur
2198 5333 2410 5386 quoque
2435 5319 2708 5389 gentibus,
2749 5328 2802 5373 et
2828 5320 3138 5388 disputabat
3171 5334 3293 5372 cum
3319 5319 3464 5375 Gra-

1905 5411 1984 5463 cis
2010 5428 2022 5461 :
2048 5410 2122 5462 illi
2155 5419 2332 5463 autem
2359 5411 2675 5479 quzcrebant
2703 5411 2952 5465 occidere
2980 5425 3124 5466 eum.
3155 5411 3309 5475 Quod
3340 5427 3461 5465 cum

1905 5504 2284 5572 cognovissent
2316 5503 2531 5571 fratres,
2560 5505 2904 5559 deduxerunt
2930 5518 3052 5559 eum
3083 5503 3382 5562 Caesaream
3407 5512 3463 5561 et

1426 5652 1622 5712 Variae
1661 5655 1963 5718 lectiones
2007 5664 2066 5715 et
2110 5667 2294 5718 notae.

309 5765 360 5795 ⁷⁸
391 5761 663 5830 ὀνείρατα.
743 5763 786 5791 ⁷⁷
815 5761 1077 5827 ἀγγέλων.
