4082 6342
209 487 327 554 9ί5

846 446 1380 540 EXPOSITIONIS
1419 476 1502 538 1N
1537 475 1724 538 ACTA
1764 473 2064 537 TEXTUS
2096 475 2366 536 ALTER.
2392 498 2464 513 -—
2502 478 2656 540 esp.
2694 477 2766 537 Χ.

3348 485 3450 550 Diti

213 606 318 659 καὶ
351 604 472 664 τοὺς
495 594 823 666 ἀναγκαίους
849 595 1058 663 φίλους.
1099 592 1188 656 Ὠς
1218 593 1276 647 δὲ
1313 593 1530 656 ἐγένετο
1558 592 1652 645 τοῦ
1682 593 1766 645 εἰσ

1892 592 2114 647 troisset
2133 589 2349 656 Petrus,
2387 591 2579 648 obvius
2612 593 2663 648 ei
2689 592 2835 650 venit
2866 593 3242 665 Cornelius.et
3273 607 3449 673 proci-

213 691 400 750 ελθσῖν
441 689 533 745 τὸν
573 687 800 755 Πέτρον,
833 685 1170 762 συναντήσας
1217 684 1369 756 αὐτῷ
1405 684 1434 736 6
1461 683 1787 756 Κορνήλιος,

207 779 408 840 πεσὼν
435 782 530 838 ιπὶ
579 781 705 843 τοὺς
747 778 916 842 πόδας
958 769 1134 830 αὐτοῦ
1171 775 1600 847 προσεκύνησεν.
1639 777 1700 830 Ὀ
1730 778 1787 830 δὲ

207 877 427 945 Πέτρος
456 873 677 946 ἧγειρεν
706 859 869 927 αὐτὸν
919 872 1137 940 λέγων·
1185 871 1506 944 Ἀνάστηθι·
1542 872 1637 924 καὶ
1681 871 1788 943 γὰρ

206 968 382 1031 αὐτὸς
426 965 535 1036 ἐγὼ
591 965 875 1035 ἅνθρωπός
926 967 1062 1036 εἰμι.
1118 964 1230 1043 Καὶ
1283 964 1586 1036 συνομιλῶν
1638 961 1789 1035 αύτῷ

204 1059 458 1130 εἰσῆλθε,
497 1062 592 1113 καὶ
621 1060 865 1130 εὑρίσκει
910 1057 1342 1136 συνεληλυθότας
1374 1057 1638 1121 πολλούς’
1680 1057 1786 1130 ἔφη

200 1167 270 1203 τε
303 1152 440 1221 πρὸς
467 1150 660 1215 αύτούς
677 1168 691 1182 ·
719 1151 912 1220 Ὑμεῖς
932 1151 1244 1216 ἐπίστασθε,
1268 1151 1342 1215 ὡς
1360 1136 1617 1221 ἀθέμιτόν
1641 1151 1787 1205 ἐστιν

170 1260 172 1264 ·
201 1242 372 1313 ἀνδρὶ
404 1243 643 1313 Ἰουδαίῳ
664 1237 957 1297 κολλᾶσθαι
981 1244 1014 1314 ἢ
1043 1242 1442 1316 προσέρχεσθαι
1470 1241 1750 1314 ἀλλοφύλῳ
1768 1258 1782 1271 ο

202 1336 306 1388 καὶ
337 1335 471 1406 ἐμοὶ.
492 1335 521 1386 6
547 1335 678 1399 Θεὸς
717 1335 908 1399 ἔδειξε,
939 1334 1146 1406 μηδένα
1182 1333 1358 1388 κοινὸν
1393 1333 1427 1404 ἢ
1476 1333 1787 1404 ἀκάθαρτον

200 1424 394 1493 λέγειν
418 1424 704 1497 ἄνθρωπον
721 1440 735 1454 '
767 1424 966 1478 διὸεκαὶ
994 1424 1406 1495 ἀναντιρῤήτως
1426 1418 1588 1492 ἦλθον
1617 1440 1784 1493 μετα-

202 1518 506 1588 πεμφθείς.
539 1511 886 1588 Πυνθάνομαι
916 1513 1031 1584 οὖν,
1055 1520 1162 1572 τίνι
1189 1518 1333 1588 λόγῳ
1364 1515 1785 1588 μετεπέμψασθέ

205 1627 319 1675 us;
348 1608 461 1663 Καὶ
493 1610 522 1662 6
572 1610 872 1681 Κορνήλιος
902 1611 1036 1682 ἔφη·
1075 1609 1209 1664 Ἀπὸ
1261 1609 1530 1680 τετάρτης
1568 1607 1784 1681 ἡμέρας

200 1703 372 1773 μέχρι
397 1702 599 1773 ταύτης
613 1707 711 1774 τῆς
736 1704 884 1776 ὥρας
903 1705 1052 1775 ήμην
1076 1703 1374 1773 νηστεύων,
1402 1703 1494 1758 καὶ
1512 1702 1610 1775 τὴν
1631 1703 1784 1756 ἐννά-

194 1812 303 1862 την
331 1793 484 1863 ὥραν
519 1798 955 1867 προσευχόμενος
993 1797 1052 1850 ἐν
1088 1795 1169 1867 τῷ
1197 1794 1334 1866 οἴκῳ
1376 1812 1476 1866 μου
1504 1811 1518 1825 ·
1552 1794 1647 1847 καὶ
1672 1795 1780 1848 ἰδοὺ

193 1886 346 1957 ἀνὴρ
373 1886 501 1957 ἔστη
527 1886 759 1941 ἐνώπιόν
799 1906 902 1960 μου
926 1890 983 1940 εν
1007 1887 1194 1960 ἐσθῆτι
1220 1887 1470 1958 λαμπρᾷ,
1493 1886 1588 1940 καί
1617 1893 1778 1956 φησιδ

200 1980 502 2049 Κορνήλιε,
528 1978 855 2052 εἰσηκούσθη
887 1997 982 2035 σου
1010 1983 1044 2052 ἡ
1070 1979 1366 2052 προσευχὴ,
1387 1979 1482 2034 καὶ
1506 1980 1561 2032 αἰ
1619 1977 1776 2049 ἐλεη-

201 2069 440 2140 μοσύναι
464 2089 558 2124 σου
598 2062 953 2144 ἐμνήσθησαν
978 2056 1210 2126 ἐνώπιον
1237 2072 1331 2126 τοῦ
1364 2071 1523 2125 Θεοῦ.
1552 2068 1778 2140 Πέμψον

194 2159 295 2213 οὖν
322 2161 403 2225 εἰς
448 2162 690 2229 Ἰόππην.
744 2163 842 2218 καὶ
897 2163 1268 2234 μετακάλεσαι
1305 2162 1547 2232 Σίμωνα,
1577 2159 1636 2224 ὃς
1659 2162 1780 2212 ἐπι-

198 2252 453 2306 καλεῖται
487 2255 693 2323 Πέτρος
713 2272 729 2288 ο
759 2247 916 2330 οὗτος
956 2255 1225 2323 ξενίζεται
1255 2255 1313 2308 ἐν
1345 2254 1494 2326 οἰκίᾳ
1538 2252 1776 2322 Σίμωνος

201 2341 455 2412 βυρσέως
479 2347 630 2416 παρὰ
657 2346 955 2410 θάλασσαν,
986 2347 1046 2411 ὃς
1081 2347 1526 2418 παραγενόμενος
1553 2344 1780 2413 λαλήσει

198 2447 312 2485 σοι.
357 2433 447 2498 Ἐξ
475 2434 646 2502 αὐτῆς
673 2434 768 2490 οὖν
802 2435 1026 2507 ἔπεμψα
1071 2435 1208 2506 πρὸς
1238 2435 1300 2489 σέ
1319 2449 1335 2464 ⁶
1379 2433 1446 2487 σύ
1473 2450 1551 2500 ,τε
1599 2432 1779 2496 καλῶς

1891 683 2026 739 deus
2060 683 2125 737 ad
2154 682 2320 753 pedes
2347 684 2471 752 ejus
2510 685 2779 740 adoravit.
2834 686 3029 747 Petrus
3066 707 3198 748 vero
3224 695 3453 754 elevavit

1890 791 2041 841 eum,
2071 775 2261 831 (licens
2289 793 2303 831 :
2337 775 2533 847 Surge,
2556 789 2603 832 et
2623 781 2855 848 egoipse
2879 782 3043 836 homo
3071 799 3217 840 sum.
3273 789 3336 862 ζει
3373 790 3452 844 lo-

1889 883 2067 939 quens
2108 882 2233 924 cum
2263 869 2356 925 illo
2403 870 2649 934 intravit,
2675 874 2946 930 etinvenit
2973 877 3177 935 multos
3198 881 3289 948 qui
3323 897 3456 936 con-

1887 969 2168 1038 venerant,
2200 961 2453 1034 Dixitque
2508 964 2575 1020 ad
2625 965 2792 1021 illos:
2830 965 2940 1024 Vos
2979 971 3131 1026 scitis
3179 975 3454 1042 quomodo

1887 1053 2262 1110 abominatum
2301 1056 2375 1112 sit
2414 1054 2758 1128 viroJudaeo,
2796 1060 3052 1133 conjungi
3071 1073 3166 1119 aut
3192 1065 3452 1122 accedere

1886 1143 1962 1202 ad
1983 1146 2345 1217 alienigenam
2374 1166 2389 1201 :
2419 1150 2514 1206 sed
2545 1151 2676 1206 mihi
2721 1153 2959 1210 ostendit
2981 1154 3127 1211 Deus
3183 1158 3450 1212 neminem

1885 1253 2263 1306 communem,
2284 1252 2378 1296 aut
2401 1243 2744 1299 immundum
2781 1246 2966 1303 dicere
2998 1248 3293 1304 hominem.
3321 1244 3455 1304 Pro-

1883 1341 2002 1404 pter
2022 1319 2164 1404 quod
2185 1332 2301 1391 sine
2318 1333 2659 1392 dubitatione
2680 1337 2800 1391 veni
2827 1341 3149 1394 accersitus.
3177 1339 3452 1411 Interrogo

1883 1440 2033 1498 ergo,
2059 1441 2221 1498 quam
2247 1426 2318 1482 ob
2335 1442 2556 1483 causam
2582 1430 2897 1486 accersistis
2930 1446 3017 1486 me
3055 1432 3079 1485 2
3124 1431 3191 1486 Et
3246 1432 3453 1490 Corne-

1887 1517 1996 1574 lius
2034 1518 2143 1573 ait:
2183 1521 2228 1574 A
2279 1518 2675 1592 nudiusquarta
2691 1523 2776 1578 die
2799 1537 2970 1594 usque
2989 1524 3055 1579 ad
3086 1525 3224 1580 hanc
3241 1527 3452 1590 horam,

1883 1626 2051 1668 orans
2086 1625 2236 1667 eram
2292 1612 2426 1668 hora
2467 1628 2622 1684 nona_
2651 1615 2706 1670 in
2748 1615 2910 1674 domo
2943 1631 3082 1684 mea,
3117 1626 3172 1673 et
3215 1634 3345 1674 ecce
3371 1621 3455 1674 vir

1884 1705 2036 1758 stetit
2064 1713 2190 1760 ante
2243 1721 2327 1760 me
2365 1705 2421 1760 in
2456 1715 2604 1762 veste
2633 1708 2887 1773 candida,
2926 1717 2979 1766 et
3018 1710 3094 1765 ait
3152 1727 3167 1764 :
3207 1708 3450 1772 Corneli.

1888 1794 2141 1850 exaudita
2175 1809 2263 1852 est
2301 1798 2476 1853 oratio
2513 1807 2628 1864 tua,
2669 1807 2720 1855 et
2758 1800 3119 1873 eleemosyne
3152 1810 3258 1857 tua:
3294 1817 3448 1857 com-
3530 1851 3532 1854 ,

1883 1894 2196 1940 memorata:
2214 1896 2342 1942 sunt
2360 1889 2414 1940 in
2443 1899 2739 1960 conspectu
2769 1891 2886 1967 Dei.
2920 1890 3070 1947 Mitte
3097 1908 3226 1963 ergo
3244 1891 3298 1946 iu
3319 1890 3452 1960 Ιοιιτ

1811 1959 1854 2014 Β
1881 1990 2004 2046 pen,
2034 1984 2088 2031 et
2118 1977 2326 2033 accersi
2363 1959 2644 2034 Simonem
2668 1982 2760 2053 qui
2791 1959 3211 2054 cognominatur
3228 1982 3447 2040 Petrus:

1881 2070 1968 2123 hic
1997 2068 2306 2140 huspitatur
2322 2070 2376 2124 in
2398 2073 2560 2128 domo
2575 2071 2812 2130 Simonis
2835 2074 3071 2131 Curiatii
3096 2076 3255 2147 juxta
3274 2091 3446 2132 mare.

1878 2161 2175 2217 Confestim
2208 2177 2340 2233 ergo
2376 2164 2502 2218 misi
2535 2165 2602 2219 ad
2645 2175 2700 2220 te
2734 2183 2750 2221 :
2782 2175 2837 2223 et
2896 2174 2955 2224 tu
3007 2167 3309 2224 beneﬂciin
3353 2185 3451 2222 ve-

1880 2251 2102 2306 niendo.
2125 2252 2281 2308 Nune
2311 2268 2440 2323 ergo
2456 2269 2648 2311 omnes
2663 2271 2763 2313 nos
2781 2255 2840 2313 in
2871 2266 3168 2326 conspectu
3217 2267 3310 2312 tuo
3356 2258 3450 2311 ad-

1880 2357 2094 2410 sumus,
2124 2343 2313 2398 audire
2341 2345 2525 2426 oiunia
2544 2359 2886 2418 quacunque
2917 2345 3016 2401 tibi
3040 2357 3306 2418 pra-cepta
3319 2336 3448 2419 sunt

1879 2450 1909 2489 a
1945 2435 2196 2492 Domino.
3027 2434 3033 2442 ’

191 2528 468 2598 ἐποίησας
523 2502 988 2600 παραγενόμενξ.
1043 2502 1160 2584 Νῦν
1212 2528 1305 2584 οὖν
1349 2526 1561 2594 ’πάντες
1612 2530 1772 2611 ἡμεῖς
1814 2527 2043 2584 ἐνώπιον
2068 2530 2164 2584 τοῦ
2186 2529 2321 2584 Θεοῦ
2345 2529 2652 2604 πάρεσμεν,
2669 2528 2900 2586 ἀκοῦσαι
2921 2531 3097 2586 πάντα
3155 2535 3224 2587 τά
3285 2502 3447 2604 προσ.

190 2619 513 2687 τεταγμένα
545 2635 626 2672 σοι
658 2619 763 2672 ὑπὸ
787 2620 883 2691 τοῦ
910 2619 1069 2684 Θεοῦ.

791 2758 1175 2834 ερΜΗΝΕιΑ.

267 2889 489 2944 Ἔοικεν
517 2886 673 2954 οὗτος
701 2895 928 2962 καιροὺς
968 2894 1233 2965 ὡρικέναι
1269 2892 1420 2962 αὐτῷ
1464 2892 1578 2962 βίου
1611 2893 1768 2962 ἀκρι-

187 2981 483 3054 ϐεστέρου,
507 2985 601 3037 καὶ
623 2983 683 3038 ἐν
706 3003 848 3041 τισιν
870 2987 1128 3059 ἡμέραις,
1155 2985 1253 3040 Διὰ
1274 2985 1383 3057 γὰρ
1404 2985 1561 3041 τοῦτο
1583 2980 1735 3038 εἶπεν
1753 3002 1764 3014 ο

193 3094 218 3126 ε
263 3075 397 3128 Ἀπὸ
426 3077 696 3148 τετάρτης
721 3077 955 3148 ἡμέρας.
995 3097 1012 3128 ι
1053 3078 1187 3132 Ὅτε
1213 3072 1307 3132 οὖν
1337 3078 1587 3146 φαίνεται
1613 3067 1767 3144 ἀύτῷ

183 3169 222 3220 ὁ
273 3166 527 3235 ἄγγελος,
577 3168 717 3240 αὕτη
758 3171 858 3240 μία
916 3172 1134 3241 ἡμέρα·
1180 3171 1275 3224 καὶ
1317 3171 1385 3241 ἥν
1434 3169 1678 3238 ἀπῆλθον
1721 3170 1768 3221 οἰ

186 3260 539 3330 πεμφθέντες
599 3264 750 3334 παρὰ
809 3264 1132 3340 Κορνηλίου,
1170 3264 1300 3333 μία·
1339 3263 1431 3318 καὶ
1468 3262 1536 3332 ἢν
1579 3257 1764 3331 ἦλθον,

2372 2772 2934 2832 COMMENTARIUS.

1949 2890 2174 2946 Videtur
2200 2875 2491 2947 Odrnelius
2536 2899 2774 2960 tempora
2836 2889 3084 2960 quaedam
3152 2890 3442 2946 severioris

1877 2979 1998 3033 vitae
2041 2979 2148 3035 sibi
2178 2972 2579 3050 praestituisse:
2616 2981 2739 3035 ideo
2766 2979 2926 3052 247
2961 2979 3108 3035 enim
3139 2981 3276 3035 dixit
3314 2997 3326 3030 ι
3369 2983 3440 3037 (Α

1874 3057 2418 3142 nudiusquartﬂlie.
2448 3091 2465 3124 ι
2505 3071 2728 3127 Scilicet
2754 3073 2930 3140 prima
2959 3071 3051 3126 die
3089 3072 3342 3141 apparuit
3389 3075 3440 3126 ei

1873 3146 2133 3233 angelus;
2161 3163 2361 3230 altera,
2387 3173 2749 3233 perrexerunt
2773 3164 2951 3218 nuntii
2983 3163 3220 3220 Cornelii
3243 3182 3257 3230 ;
3279 3167 3438 3219 tertia

1875 3254 2191 3318 redierunt;
2225 3263 2280 3309 et
2313 3256 2510 3323 quarta
2533 3261 2638 3320 est,
2661 3270 2768 3324 qua
2791 3252 3027 3309 accessit
3063 3252 3130 3306 ad
3158 3268 3281 3307 eum
3339 3254 3438 3310 Pe-
3527 3318 3531 3321 _

192 3351 332 3419 ptia‘
391 3354 488 3407 καὶ
524 3355 783 3424 τετάρτη,
915 3356 1090 3424 ὲφάνη
1129 3356 1260 3408 ὼσεί
1294 3353 1484 3425 τρίτην
1511 3354 1681 3423 ὥραν,
1713 3354 1767 3404 ὲν

1874 3351 1992 3400 trus
2023 3346 2170 3401 circa
2193 3346 2383 3403 horam
2423 3347 2663 3412 tertiam,
2709 3347 2932 3416 quando
2997 3349 3213 3406 orabat.
3263 3352 3441 3420 Atque

186 3436 229 3513 ᾖ
257 3443 622 3513 προσηύξατο.
655 3445 801 3517 Ὅρα
827 3446 919 3500 οῦν
947 3447 1006 3500 τὸ
1034 3447 1266 3516 μέγεθος
1302 3446 1405 3517 τῆς
1433 3446 1596 3516 εὐχῆς
1618 3463 1632 3476 ο
1673 3445 1762 3499 ὅτε

184 3533 476 3589 ἐπέδωκεν
502 3534 924 3606 είςέύλάϐειαν,
951 3541 1072 3593 τότε
1098 3541 1347 3608 φαίνεται
1369 3538 1518 3607 αύτῷ
1543 3540 1570 3591 6
1599 3537 1764 3605 ἄγγεα

185 3643 281 3691 Λιδς
292 3666 307 3684 .

611 3742 688 3814 Τῇ
721 3740 762 3796 δ’
796 3741 893 3814 τῆς
925 3741 966 3795 δ’
996 3739 1313 3813 έῦδομάδος.

756 3880 1146 3936 ΚΕΙΜΕΝΟΝ.

257 3985 504 4052 Ἀνοίξας
534 3986 591 4040 δὲ
624 3988 827 4058 Πέτρος
860 3989 922 4043 τὸ
969 3991 1144 4058 στόμα
1180 3987 1352 4042 αὐτοῦ
1397 3982 1551 4042 εἶπεν
1577 4003 1590 4018 ·
1643 3986 1760 4040 Ἐπ’

185 4082 458 4151 ἀληθείας
489 4081 1021 4153 καταλαμὸἀνομαι,
1074 4083 1157 4134 ὅτι
1212 4081 1312 4134 οὐκ
1376 4080 1492 4133 ἔστι
1542 4067 1757 4150 προσω-

181 4177 478 4248 πολήπτης
506 4177 536 4228 6
567 4176 721 4241 Θεὸς,
757 4176 873 4230 ἀλλ’
906 4178 964 4230 ὲν
1002 4177 1167 4231 παντὶ
1197 4175 1338 4228 ἔθνει
1366 4177 1394 4229 6
1423 4170 1758 4244 φοϐούμενος

177 4268 373 4331 αὑτὸν,
412 4270 508 4321 καὶ
545 4270 914 4339 ἐργαζόμενος
962 4269 1342 4339 δικαιοσύνην,
1374 4269 1561 4332 δεκτὸς
1609 4269 1758 4341 αὐτῷ

180 4362 325 4414 ἐστι.
357 4359 462 4412 Τὸν
491 4360 670 4426 Λόγον
691 4359 751 4412 ὃν
769 4359 908 4412 ἀπέυ
926 4359 1061 4410 εειλε
1079 4363 1188 4422 τοῖς
1211 4362 1340 4422 υἱοῖς
1360 4360 1574 4429 Ἰσραὴλ
1596 4360 1759 4426 εύαγο

179 4453 535 4524 γελιζὸμενος
570 4453 793 4524 εἰρήνην
823 4451 910 4505 διὰ
942 4451 1118 4519 Ἰησοῦ
1150 4451 1407 4522 Χριστοῦ·
1439 4445 1591 4511 οῦτός
1640 4451 1756 4504 ἐστι

176 4545 407 4599 πάντων
447 4544 669 4614 Κύριος.
705 4545 893 4616 Ὑμεῖς
927 4545 1106 4600 οῖδατε
1154 4544 1216 4598 τὸ
1253 4544 1544 4614 γενόμενον
1604 4544 1756 4613 ῥῆμα

178 4637 312 4690 καθ’
350 4638 480 4704 ὅλης
512 4638 608 4707 τῆς
632 4637 918 4704 Ἰουδαίας,
962 4637 1268 4707 ἀρξάμενον
1301 4636 1409 4689 ἀπὸ
1461 4635 1557 4705 τῆς
1601 4635 1756 4686 Γαλι-

1873 3437 2009 3494 adeo
2038 3438 2272 3494 observa
2299 3439 2566 3494 orationis
2595 3438 2721 3509 ejus
2735 3439 3176 3508 diuturnitatem,
3203 3442 3436 3510 etquod,

1873 3542 1998 3584 eum
2032 3527 2123 3585 ille
2146 3543 2209 3584 se
2242 3528 2430 3598 pietati
2477 3529 2788 3600 impensius
2809 3529 2982 3598 dedit,
3010 3540 3142 3601 tunc
3171 3533 3250 3588 illi
3283 3548 3440 3604 ange-

1869 3618 1957 3678 lus
1989 3622 2323 3692 apparuerit.

2116 3762 2122 3768 -
2221 3735 2379 3794 Feria
2404 3741 2439 3795 4
2468 3739 2822 3797 hebdomadis
2846 3747 3074 3812 quartae.

2505 3873 2813 3932 TEXTUS.
2879 3913 2882 3917 -

1883 4019 1889 4022 -
1938 3983 2008 4049 Χ,
2032 3986 2218 4043 34-65.
2240 3986 2506 4058 Aperiens
2533 3997 2715 4046 autem
2747 3990 2942 4047 Petrus
2973 4004 3034 4048 os
3059 4007 3216 4048 suum
3247 3993 3384 4050 dixit
3419 4014 3434 4052 :

1866 4075 1925 4133 in
1954 4077 2180 4132 veritate
2215 4081 2476 4148 eoniperi,
2527 4081 2656 4151 quia
2688 4097 2795 4137 non
2820 4092 2904 4138 est
2935 4099 3294 4153 personarum
3335 4102 3432 4141 ac-

1867 4175 2056 4236 ceptur
2087 4165 2232 4224 Deus
2260 4183 2275 4222 :
2303 4169 2398 4223 sed
2433 4169 2487 4224 in
2540 4170 2690 4225 omni
2737 4179 2897 4242 gente
2928 4173 3018 4242 qui
3051 4173 3206 4230 timet
3234 4191 3356 4230 cum
3383 4186 3436 4231 et

1868 4269 2126 4328 operatur
2141 4260 2434 4330 justitiam,
2473 4274 2728 4334 acceptus
2761 4273 2846 4320 est
2880 4264 2977 4320 illi.
3017 4263 3256 4322 Verbum
3283 4268 3431 4342 quod

1867 4351 2014 4404 misit
2043 4349 2184 4403 Deus
2230 4352 2356 4405 ﬁliis
2396 4351 2584 4419 Israel,
2619 4356 2952 4412 annuntians
2987 4372 3173 4425 pacem
3222 4375 3317 4427 per
3346 4359 3435 4415 Je-

1865 4456 1986 4494 sum
2006 4441 2285 4496 Christum
2310 4444 2453 4510 :(hie
2467 4454 2550 4499 est
2570 4447 2811 4501 omnium
2831 4447 3137 4520 Dominus.)
3158 4449 3267 4506 Vos
3282 4452 3432 4524 scitis

1869 4534 2013 4603 quod
2057 4534 2259 4589 factum
2294 4545 2378 4592 est
2416 4538 2640 4593 verbum
2677 4555 2772 4610 per
2803 4543 3116 4598 universam
3141 4543 3383 4599 Iudaeam
3416 4566 3428 4598 :

1875 4610 2144 4693 incipiens
2171 4629 2372 4680 enima
2430 4625 2674 4694 Guliizea,
2730 4642 2854 4700 post
2911 4633 3237 4701 baptismum
3285 4635 3430 4704 quod

176 4727 343 4790 λαίας
392 4727 528 4795 μετὰ
591 4728 654 4778 τὸ
713 4727 1040 4799 βάπτισμα,
1087 4727 1114 4778 ὂ
1153 4725 1412 4793 ἐκήρυξεν
1484 4725 1752 4791 Ἰωάννης·

1872 4715 2177 4782 praedicavit
2225 4715 2470 4773 Joannes
2517 4739 2530 4774 :
2559 4717 2743 4774 Jesum
2777 4737 2805 4773 a
2836 4722 3125 4788 Nazareth,
3159 4729 3432 4795 quomodo

172 4813 393 4887 Ἰησοῦν
455 4817 549 4867 τὸν
584 4815 693 4871 ἀπὸ
755 4815 1041 4882 Ναζαρὲτ,
1109 4815 1183 4876 ὼς
1240 4813 1456 4883 ἔχρισεν
1527 4812 1686 4866 αὑτὸν
1737 4813 1763 4862 ὁ

173 4906 313 4979 Θεὸς
378 4907 440 4960 ὲν
494 4906 776 4977 Ιινεύματι
828 4907 972 4976 ἁγίῳ
1033 4908 1130 4961 καὶ
1187 4907 1413 4978 δυνάμει
1446 4948 1460 4972 ,
1519 4905 1594 4969 ὡς
1676 4906 1756 4957 δι-

171 4996 345 5070 ῆλθεν
404 4999 705 5069 εὐεργετῶν
745 4999 1117 5086 ’καὶίὡμενος
1176 5001 1382 5063 πάντας
1427 5002 1550 5062 τοὺς
1599 5017 1764 5052 κατι-

171 5082 670 5160 ὃυναστευομένους
747 5093 851 5147 ὑπὸ
911 5094 1006 5146 τοῦ
1060 5082 1304 5147 διαϐόλου
1339 5133 1352 5157 ,
1416 5094 1495 5146 ὅτι
1547 5095 1574 5145 ὁ
1632 5092 1764 5155 Θεὸς

169 5177 241 5249 ἦν
300 5181 419 5250 μετ’
465 5181 653 5234 αὐτοῦ.
689 5180 799 5236 Καὶ
848 5184 1010 5251 ἡμεῖς
1068 5185 1233 5250 ἐσμεν
1293 5184 1571 5252 μαρτυρες
1624 5181 1750 5234 τού-

169 5285 291 5326 του,
329 5269 427 5319 καὶ
470 5271 686 5324 πάντων
720 5263 794 5324 ὧν
826 5270 1079 5341 ἐποίησεν
1111 5264 1180 5322 ἕν’
1213 5289 1270 5322 τε
1323 5275 1387 5340 τῇ
1449 5272 1603 5341 χώρᾳ.
1635 5272 1744 5323 τῶν

135 5418 140 5419 γ
174 5357 452 5410 Ἰουδαίων
485 5361 576 5410 καὶ
599 5365 656 5413 ὲν
702 5359 1062 5434 Ἰερουσαλήμ
1093 5380 1106 5395 ο
1143 5364 1200 5415 ὃν
1227 5365 1318 5416 καὶ
1364 5364 1594 5425 ἀνεῖλον,
1627 5381 1749 5434 κρεο

176 5440 460 5517 μάταντες
498 5447 589 5499 ἐπὶ
630 5449 812 5514 ξύλου.
851 5453 1053 5507 Τοῦτον
1077 5457 1103 5507 6
1130 5455 1259 5517 Θεὸς
1283 5457 1471 5525 ἧγειρε
1523 5459 1587 5523 τῇ
1622 5455 1745 5523 τρί-

169 5545 233 5612 τῇ
269 5539 483 5611 ἡμέρᾳ,
518 5542 612 5595 καὶ
653 5543 859 5600 ἔδωκεν
913 5549 1075 5602 αὑτὸν
1105 5548 1322 5619 ἐμφανῆ
1369 5549 1648 5616 γενέσθαι,
1682 5551 1742 5602 ού

167 5631 340 5686 παντὶ
379 5631 458 5701 τῷ
489 5632 792 5707 λαῷ,ἁλλά
825 5638 1064 5708 μάρτυσι
1103 5644 1212 5704 τοῖς
1266 5657 1750 5711 προκεχειροτονη-

167 5733 367 5797 μένοις
415 5723 518 5780 ὑπὸ
557 5727 650 5780 τοῦ
701 5727 869 5792 Θεοῦ,
896 5733 1070 5800 ἡμῖν,
1123 5735 1318 5796 οἵτινες
1370 5735 1747 5803 συνεφάγομεν

164 5819 320 5888 αὐτῷ
351 5820 445 5872 καὶ
482 5821 838 5897 συνεπίομεν,
871 5822 1009 5890 μετὰ
1057 5826 1114 5876 τὸ
1143 5826 1438 5896 ἀναστῆναι
1489 5830 1648 5881 αὑτὸν
1677 5831 1738 5881 ἐκ

166 5913 409 5986 νεκρῶν.
449 5913 558 5966 Καὶ
585 5914 954 5984 παρήγγειλεν
991 5917 1120 5986 ἡμῖν
1151 5919 1378 5985 κηρύξαι
1413 5920 1489 5986 τῷ
1520 5920 1733 5990 λαῴκαί

1869 4807 2021 4860 unxit
2059 4823 2182 4862 eum
2214 4807 2355 4864 Deus
2385 4808 2591 4881 Spiritu
2625 4821 2814 4868 sancto
2845 4826 2895 4870 et
2930 4817 3146 4884 virtute,
3180 4819 3272 4888 qui
3311 4834 3429 4888 per-

1869 4902 2088 4956 transiit
2120 4901 2510 4959 benefaciendo
2543 4915 2597 4960 et
2646 4908 2894 4962 sanando
2921 4923 3109 4966 omnes
3139 4927 3428 4980 oppressus

1865 5009 1895 5047 a
1928 4994 2162 5058 diabolo,
2197 4997 2450 5066 quoniam
2480 4996 2630 5053 Deus-
2656 5009 2770 5053 erat
2794 4993 3061 5054 cum‘illo.
3089 5003 3152 5055 Et
3182 5018 3279 5058 nos
3311 5012 3421 5060 tes-

1867 5093 1947 5140 tes
1986 5100 2176 5140 sumus
2214 5088 2458 5139 omnium
2507 5102 2627 5155 quae
2658 5087 2786 5142 fecit
2850 5090 2901 5142 in
2938 5091 3156 5162 regione
3210 5092 3424 5150 ludam-

1865 5194 1983 5230 rum
2021 5187 2078 5231 et
2122 5177 2449 5246 Jerusalem,
2489 5194 2648 5249 quem
2673 5180 2994 5238 occiderunt
3029 5189 3422 5256 suspendentes

1859 5268 1913 5320 in
1950 5267 2114 5337 ligno.
2173 5266 2328 5324 Hunc
2365 5268 2509 5326 Deus
2543 5273 2831 5329 suscitavit
2860 5277 3019 5330 tertia
3053 5277 3139 5330 die
3187 5285 3241 5331 et
3276 5279 3422 5334 dedit

1856 5376 1980 5415 eum
2008 5362 2359 5420 manifestum
2393 5365 2533 5430 ﬁeri,
2577 5381 2687 5421 non
2712 5368 2856 5421 onmi
2890 5369 3110 5437 populo,
3140 5371 3230 5424 sed
3267 5374 3420 5425 testi-

1859 5455 1960 5510 bus
1993 5458 2372 5518 przeordiuatis
2432 5475 2462 5512 a
2512 5459 2639 5521 Deo,
2706 5460 2885 5525 nobis,
2923 5461 3013 5530 qui
3070 5464 3419 5518 manducavi-

1855 5564 1980 5604 mus
2033 5558 2086 5603 et
2121 5550 2356 5605 bibimus
2401 5565 2524 5604 cum
2587 5553 2699 5613 illo,
2731 5564 3023 5622 postquam
3058 5557 3355 5610 resurrexit
3389 5573 3414 5610 a

1854 5641 2102 5694 mnrluis.
2163 5638 2227 5692 Et
2278 5643 2537 5712 praecepit
2580 5643 2738 5699 nobis
2791 5644 3085 5712 prmdieare
3134 5647 3336 5716 pOpulo
3365 5658 3415 5702 et

1855 5733 2157 5796 iesliﬁeat'i,
2197 5734 2323 5803 quia
2379 5735 2494 5805 ipse
2527 5745 2610 5790 est
2640 5737 2729 5804 qui
2772 5737 3105 5792 constitutus
3132 5749 3217 5792 est
3247 5755 3273 5790 a
3308 5717 3419 5794 Deo‘

1850 5825 2012 5891 judex
2051 5825 2298 5879 vivorum
2355 5837 2407 5880 et
2452 5837 2816 5881 mortuorum.
2876 5825 3013 5882 Huic
3059 5845 3247 5882 omnes
3291 5845 3415 5898 pro-

1856 5920 2028 5986 phetae
2070 5919 2442 5974 testimonium
2502 5918 2816 5990 perhibent,
2859 5920 3234 5975 remissionem
3284 5940 3408 5994 υκε-
