4082 6342
650 390 752 458 951

1523 388 2097 454 TllEOPHYLACTI
2135 391 2540 454 nummus
2582 364 2949 455 ARCHIEP.

3789 387 3889 456 99

650 506 838 573 verba,
869 506 926 562 in
956 507 1156 576 quibus
1189 507 1371 563 salvus
1402 507 1512 563 eris
1541 516 1624 573 tu,
1651 517 1708 564 et
1740 507 1997 564 universa
2023 508 2204 561 domus

2325 527 2482 578 μωνα
2512 510 2602 564 τὸν
2635 509 3064 580 ἐπικαλούμενον
3094 507 3322 578 Πέτρον,
3343 505 3400 570 ὃς
3428 505 3657 574 λαλήσει
3676 507 3884 577 ῥήματα

653 608 769 654 tua.
825 599 960 656 Cum
994 610 1174 654 autem
1212 599 1500 670 cmpissem
1542 600 1714 670 loqui,
1748 599 1946 654 cecidit
1984 599 2221 669 Spiritus

653 697 880 745 sanctus
906 705 1069 760 super
1097 705 1212 754 eos,
1249 693 1392 745 sicut
1418 700 1471 746 et
1496 692 1550 745 in
1584 707 1682 745 nos
1719 692 1772 745 in
1809 693 1987 746 initio.
2023 692 2220 745 ltecor-

654 781 816 835 datus
853 797 974 837 sum
1026 790 1205 837 autem
1251 784 1405 836 verbi
1459 784 1714 847 Domini,
1770 785 1914 838 sicut
1955 784 2216 839 diccbat:

653 871 895 928 Joannes
928 873 1144 943 quidem
1181 877 1480 945 baptizavit
1509 891 1671 945 aqua,
1707 891 1806 931 vos
1836 884 2014 930 autem
2045 876 2220 944 bapti-

653 963 908 1018 zabimini
931 964 984 1019 in
1016 964 1222 1033 Spiritu
1253 976 1464 1024 sancto.
1486 969 1542 1022 Si
1564 985 1693 1038 ergo
1722 969 1966 1022 eamdem
1989 968 2216 1037 gratiam

653 1054 802 1109 dedit
843 1055 952 1111 illis
997 1056 1158 1120 Deus,
1193 1059 1337 1112 sicut
1364 1067 1417 1112 et
1453 1061 1634 1122 nobis,
1677 1060 1770 1128 qui
1799 1059 2136 1114 credidimus
2163 1059 2215 1113 in

650 1143 938 1199 Dominum
967 1144 1154 1202 Jesum
1187 1149 1468 1202 Christum
1507 1169 1518 1202 :
1585 1166 1685 1218 ego
1729 1151 1857 1219 quis
1909 1163 2080 1215 cram,
2122 1150 2215 1217 qui

652 1248 869 1303 possem
905 1240 1192 1305 prohibere
1251 1238 1458 1294 Deum?
1489 1240 1584 1295 llis
1618 1241 1821 1314 auditis
1857 1247 2217 1296 tacueruntet

649 1325 1098 1395 gloriﬁcaverunt
1124 1329 1316 1396 Deum,
1349 1331 1639 1387 dicentes:
1695 1330 1836 1403 Ergo
1865 1339 1918 1386 et
1965 1333 2217 1402 gentibus

650 1414 1027 1482 pamitentiam
1054 1419 1202 1474 dedit
1237 1420 1380 1476 Deus
1406 1413 1684 1475 ad’vitam.
1739 1417 1747 1424 ’

956 1619 1235 1675 Dominica
1263 1587 1622 1680 hebdomade
1655 1625 1881 1696 quinm.

717 1764 725 1768 _
1263 1712 1564 1772 TEXTUS.

715 1797 806 1863 XI,
828 1801 1011 1858 19-50.
1031 1801 1097 1855 Et
1118 1804 1423 1874 illiquidem
1439 1809 1532 1878 qui
1557 1808 1794 1878 dispersi
1824 1811 2041 1867 fuerant
2061 1829 2089 1867 a
2117 1816 2215 1868 tri-

2325 605 2461 674 πρὸς
2495 604 2574 666 σὲ,
2608 605 2664 656 ἐν
2696 598 2776 667 οἷς
2803 601 3023 672 σωθήσῃ
3050 599 3234 668 σῦκαὶ
3279 599 3396 661 πᾶς
3424 600 3451 652 6
3479 593 3628 658 οἶκός
3665 613 3779 651 σου.
3803 597 3888 650 Ἐν

2324 697 2380 748 δὲ
2403 695 2481 764 τῷ
2517 694 2885 764 άρξασθαέμε
2938 692 3141 757 λαλεῖν,
3172 691 3407 746 ἐπέπεσε
3465 689 3527 742 τὸ
3557 689 3782 755 Πνεῦμα
3832 689 3888 740 τὺ

2322 788 2475 853 ἅγιον
2496 786 2583 838 ἐπ’
2610 786 2828 848 αὐτοὺς,
2853 784 3041 854 ὥσπερ
3074 784 3167 838 καὶ
3195 781 3281 850 ἐφ’
3312 783 3457 851 ἡμᾶς
3480 782 3538 831 ἐν
3556 781 3724 849 ἀρχῇ.
3759 778 3884 847 Ἐμ-

2321 876 2525 947 νήσθην
2556 877 2612 929 δὲ
2634 876 2725 928 τοῦ
2763 879 3002 946 ῥήματος
3024 874 3227 944 Κυρίου
3258 872 3334 935 ὡς
3364 871 3545 938 ἔλεγεν
3575 890 3588 903 ·
3641 869 3887 940 Ἰωάννης

2327 954 2425 1040 μέν
2481 969 2778 1024 ἐϐάπτισεν
2817 967 2991 1032 ὕδατι,
3036 968 3191 1036 ὑμεῖς
3244 964 3301 1018 δὲ
3348 963 3785 1033 βαπτισθήσεσθε
3832 964 3888 1014 ἐν

2322 1059 2596 1128 Πνεύματι
2640 1058 2798 1129 ἁγίῳ.
2826 1058 2888 1110 Εἰ
2921 1051 3014 1110 οὖν
3041 1055 3136 1126 τὴν
3175 1054 3297 1123 ἴσην
3325 1055 3532 1124 δωρεάν
3553 1053 3756 1106 ἔδωκεν
3793 1055 3884 1104 αὖα

2319 1147 2432 1215 τοῖς
2463 1153 2490 1205 6
2518 1151 2650 1214 Θεὸς
2698 1149 2887 1219 ῶσπερ
2942 1148 3036 1201 καὶ
3090 1147 3634 1217 ἡμῖνγπιστεύσασιν
3657 1145 3754 1197 ἐπὶ
3801 1145 3888 1197 τὶν

2320 1241 2523 1310 Κύριον
2580 1237 2791 1307 Ἰησοῦν
2842 1236 3098 1306 Χριστὸν,
3156 1235 3268 1302 ἐγὼ
3321 1235 3401 1298 τίς
3457 1236 3608 1306 ἢμην
3669 1235 3887 1298 δυνατὸς

2319 1329 2558 1383 κωλῦσαι
2588 1328 2679 1381 τὸν
2707 1326 2841 1380 Θεόν
2866 1345 2880 1393 ;
2917 1326 3277 1389 Ἀκούσαντες
3301 1324 3357 1379 δὲ
3387 1325 3555 1379 ταῦτα
3583 1325 3885 1395 ἡσύχασαν,

2319 1422 2409 1473 καὶ
2463 1418 2721 1483 ἐδόξασαν
2765 1418 2857 1471 τὸν
2893 1417 3024 1470 Θεὸν
3067 1400 3354 1484 λέγοντεςί
3389 1418 3596 1484 Ἀραγε
3635 1417 3730 1470 καὶ
3782 1419 3888 1479 τοῖς

2317 1511 2525 1564 ἔθνεσιν
2552 1511 2721 1564 ἔδωκε
2743 1511 2839 1579 τῆν
2869 1511 3163 1580 μετάνοιαν
3185 1511 3214 1560 6
3237 1508 3368 1572 Θεὸς
3389 1511 3469 1573 εἰς
3500 1509 3671 1580 ζωήν.

2605 1613 2608 1616 '
2662 1604 2742 1672 Τῇ
2765 1605 3017 1675 κυριακῇ
3042 1603 3138 1672 τῆς
3155 1609 3194 1655 ε’
3217 1602 3528 1671 ἑϐδομάδος.

2772 1700 2775 1702 ’
2950 1693 3337 1747 ΚΕΙΜΕΝΟΝ.

2387 1787 2450 1839 Οἱ
2509 1785 2611 1856 μὲν
2652 1780 2747 1839 οὗν
2785 1783 3178 1854 διασπαρέντες
3208 1783 3315 1856 άπδ
3369 1786 3467 1854 τῆς
3525 1782 3760 1852 θλίψεως
3792 1783 3888 1853 τῆς

589 1870 602 1880 ’
644 1890 921 1948 buiatione
937 1910 1057 1964 qua:
1077 1870 1256 1950 facta!
1257 1908 1410 1952 uerat
1427 1870 1530 1955 sub
1550 1870 1852 1972 Stephano,
1875 1908 2204 1973 perambula-

2322 1880 2621 1951 γενομένης
2645 1879 2744 1943 ἐπὶ,
2779 1878 3060 1949 Στεφάνῳ,
3096 1875 3311 1946 διῆλθον
3339 1877 3444 1940 ἓως
3478 1877 3752 1942 Φοινίκης,
3795 1877 3884 1928 καὶ

643 1994 840 2038 verunt
861 2001 1030 2056 usque
1053 1986 1386 2053 Phoenicem,
1409 2000 1463 2044 et
1487 1993 1748 2062 Cyprum,
1767 2005 1820 2048 et
1844 1997 2212 2065 Antiochiam,

643 2072 845 2129 nemini
860 2075 1138 2146 loquentes
1156 2081 1402 2143 verbum,
1424 2083 1526 2136 nisi
1548 2083 1913 2140 solisJudmis.
1939 2087 2107 2140 Erant
2123 2105 2218 2142 au-

643 2170 751 2217 tem
787 2166 1004 2234 quidam
1034 2183 1098 2222 ex
1132 2169 1222 2234 eis
1255 2169 1354 2224 viri
1383 2171 1563 2242 Cyprii
1588 2181 1640 2228 et
1660 2174 1928 2245 Cyrenaei,
1962 2180 2054 2246 qui
2086 2194 2212 2234 cum

643 2253 959 2312 introissent
995 2259 1359 2326 Antiochiam,
1389 2263 1751 2334 loquebantur
1776 2277 1828 2322 et
1867 2271 1932 2323 ad
1971 2269 2209 2333 Grmcos.

643 2350 1030 2406 annuntiantes
1057 2351 1348 2407 Dominum
1376 2353 1583 2410 Jesum.
1631 2357 1847 2414 Et‘erat
1880 2377 2075 2418 manus
2108 2363 2211 2419 Do-

641 2438 775 2494 mini
820 2455 944 2495 cum
988 2443 1071 2497 eis
1118 2462 1130 2497 :
1191 2444 1511 2515 multusque
1555 2464 1822 2505 numerus
1869 2454 2209 2508 credentium

642 2545 944 2589 conversus
978 2545 1058 2588 est
1081 2534 1146 2588 ad
1177 2534 1487 2591 Dominum.
1523 2537 1780 2594 Pervenit
1813 2551 1994 2599 autem
2028 2560 2210 2599 sermo

643 2620 711 2674 ad
747 2635 906 2677 aures
953 2621 1234 2686 Ecclesim,
1282 2641 1404 2694 quae
1441 2637 1561 2699 erat
1601 2626 1956 2701 Jcrosolymis
1980 2675 1994 2694 .
2043 2650 2211 2705 super

642 2709 798 2765 istis:
829 2719 883 2766 et
905 2712 1171 2766 miserunt
1201 2713 1503 2770 Barnabam
1539 2733 1715 2788 usque
1744 2721 1811 2774 ad
1837 2721 2205 2780 Antiochiam.

642 2798 746 2867 Qui
780 2817 903 2857 cum
951 2806 1292 2873 pervenisset
1324 2819 1376 2861 et
1416 2808 1642 2865 vidisset
1688 2813 1923 2880 gratiam
1964 2816 2079 2882 Dei,
2114 2835 2206 2890 ga-

641 2893 794 2948 visus
824 2903 936 2953 est;
957 2903 1012 2948 et
1045 2896 1371 2952 hortabatur
1392 2915 1584 2955 omnes
1616 2901 1670 2956 in
1704 2906 1990 2973 proposito
2022 2910 2206 2966 cerdis

646 2998 970 3052 permanere
996 2989 1047 3042 in
1077 2988 1331 3044 Domino.
1384 2991 1520 3057 Quia
1545 3005 1663 3050 erat
1695 2997 1777 3051 vir
1803 2999 1981 3056 bonus
2010 3009 2065 3056 et
2087 3002 2205 3071 plc-

643 3091 747 3130 nus
796 3074 1003 3146 Spiritu
1050 3090 1242 3136 sancto
1281 3091 1334 3138 et
1375 3083 1499 3139 ﬁde.
1539 3083 1604 3138 Et
1636 3089 1884 3158 apposita
1913 3102 1999 3148 est
2033 3096 2204 3149 multa

637 3168 799 3223 turba
834 3171 1078 3228 Domino.
1116 3173 1406 3232 Profectus
1440 3184 1523 3232 est
1547 3188 1726 3234 autem
1762 3181 2044 3239 Barnabas
2065 3184 2204 3241 Tar-

638 3274 783 3324 sum,
831 3269 889 3314 ut
922 3278 1187 3333 qumreret
1232 3267 1498 3333 Saulum;
1532 3284 1691 3338 quem
1721 3286 1842 3326 cum
1879 3274 2201 3342 invenisset,

637 3352 889 3420 perduxit
927 3355 1297 3414 Antiochiam.
1335 3360 1399 3414 Et
1437 3377 1640 3415 annum
1674 3371 1849 3419 totum
1897 3371 2203 3424 conversati

636 3451 768 3499 sunt
807 3445 878 3519 ibi
920 3447 971 3500 in
1010 3450 1249 3504 Ecclesia
1283 3462 1335 3506 et
1363 3453 1672 3510 docuerunt
1702 3459 1921 3528 turbam
1955 3462 2201 3526 multam,

636 3533 709 3621 ita
733 3541 792 3589 ut
811 3540 1331 3608 cognominarentur
1358 3545 1590 3613 primum
1613 3547 1921 3604 Antiochia:
1948 3551 2200 3621 discipuli

633 3620 950 3680 Christiani.
978 3627 1037 3682 In
1075 3629 1160 3686 his
1211 3642 1392 3687 autem
1434 3634 1628 3691 diebus
1663 3620 2203 3708 superveneruntab

634 3711 984 3785 Ja-rosolymis
1036 3723 1313 3789 prophetm
1381 3726 1730 3782 Antiochiam
1785 3745 1799 3782 :
1871 3737 1925 3783 et
1971 3747 2200 3800 surgens

638 3819 776 3859 unus
803 3821 868 3859 cx
895 3807 974 3863 eis
1007 3811 1227 3865 nomine
1263 3813 1507 3881 Agabus,
1533 3816 1879 3886 significabat
1905 3835 2001 3889 per
2025 3820 2192 3891 Spiri—

636 3905 747 3946 tum
787 3894 978 3952 famem
1009 3916 1258 3970 magnam
1295 3903 1534 3973 futuram
1565 3907 1619 3960 in
1646 3907 1903 3963 universo
1932 3910 2064 3965 orbe
2094 3920 2200 3965 ter-

636 3999 841 4054 rarum,
877 4004 994 4058 quae
1026 3989 1165 4045 facta
1194 4002 1278 4048 est
1299 3997 1403 4050 sub
1423 3997 1672 4052 Claudio.
1697 3999 1958 4069 Discipuli
1994 4010 2198 4067 autem,

635 4085 795 4146 prout
821 4080 943 4148 quis
978 4081 1231 4148 habebat,
1277 4098 1678 4157 proposuerunt
1711 4091 1910 4162 singuli
1955 4093 2010 4147 in
2038 4095 2200 4148 mini-

635 4169 863 4223 sterium
908 4173 1128 4230 mittere
1176 4177 1550 4236 habitantibus
1579 4182 1632 4236 in
1676 4181 1862 4238 Judaaa
1894 4183 2196 4242 fratribus:

2317 1975 2568 2045 Κύπρου,
2593 1971 2686 2025 καὶ
2729 1969 3082 2041 Ἀντιοχείας,
3123 1968 3312 2040 μηδενὶ
3347 1968 3630 2029 λαλοῦντες
3667 1968 3763 2020 τὸν
3797 1967 3882 2020 λό-

2315 2085 2430 2137 γον,
2468 2068 2516 2120 εί
2556 2066 2629 2136 μὴ
2658 2065 2819 2134 μόνον
2847 2062 3141 2124 Ἰουδαίοις.
3161 2058 3340 2115 Ἦσαν
3367 2061 3424 2114 δέ
3448 2077 3591 2125 τινες
3615 2060 3676 2126 ἐξ
3703 2062 3882 2113 αὐτῶν

2314 2161 2504 2229 ἄνδρες
2573 2159 2812 2229 Κύπριοι
2879 2157 2974 2210 καὶ
3050 2156 3388 2226 Κυρηναῖον
3449 2150 3648 2216 οἵτινες
3713 2151 3882 2203 sicel-

2315 2252 2498 2315 θὸντες
2551 2253 2630 2313 εις
2676 2247 3008 2317 ’Δντιόχειαν
3037 2246 3257 2300 ἐλάλουν
3314 2244 3451 2315 πρὸς
3505 2244 3632 2306 τοὺς
3699 2242 3882 2317 Ἕλλη.

2313 2345 2516 2406 νιστὰς,
2571 2340 3052 2413 εὐαγγελιζόμενοι.
3090 2329 3182 2392 τδν
3248 2336 3451 2407 Κύριον
3503 2333 3735 2404 Ἰησοῦν.
3775 2337 3877 2388 Καὶ

2309 2431 2376 2505 ἦν
2427 2434 2548 2504 χεὶρ
2606 2432 2810 2502 Κυρίου
2872 2432 3001 2502 μετ’
3051 2429 3272 2485 αύτῶνο
3329 2427 3494 2490 πολύς
3541 2444 3601 2479 τε
3652 2428 3879 2498 ἀριθμὸς

2311 2527 2628 2590 πιστεύσας,
2676 2523 3013 2595 ἐπέστρεψεν
3039 2525 3131 2576 ἐπὶ
3161 2522 3251 2575 τὸν
3281 2521 3516 2587 Κύριον’
3555 2520 3798 2592 ἠκούσθη
3825 2521 3878 2574 δὲ

2309 2621 2337 2672 6
2358 2620 2513 2686 λόγος
2546 2619 2623 2681 εἰς
2650 2619 2716 2671 τὰ
2745 2611 2859 2672 ῶτα
2893 2620 2990 2689 τῆς
3029 2611 3373 2684 "Balneis;
3402 2615 3500 2683 τῆς
3531 2615 3589 2666 ἐν
3653 2612 3877 2682 Ἰεροσο-

2308 2712 2501 2782 λύμοις
2537 2712 2664 2780 περὶ
2701 2710 2882 2764 αὐτῶν
2905 2727 2919 2741 ⁸
2951 2698 3043 2763 καὶ
3068 2706 3393 2762 ἀπέστειλαν
3427 2704 3714 2778 Βαρνάϐαν
3745 2704 3879 2757 διελο

2310 2805 2423 2858 θεῖν
2444 2803 2549 2866 ἕως
2579 2801 2928 2874 Ἀντιοχείας.
2977 2802 3075 2864 Ὃς
3118 2797 3578 2869 παραγενόμενος,
3614 2796 3709 2849 καὶ
3759 2796 3878 2849 ίδὼν

2310 2897 2410 2969 τὴν
2443 2895 2606 2967 χάριν
2634 2894 2730 2947 τοῦ
2781 2891 2940 2960 Θεοῦ,
2982 2892 3152 2962 ἐχάρη
3184 2907 3200 2922 '
3226 2889 3524 2961 παρεκάλει
3557 2905 3615 2941 τε
3673 2890 3878 2950 πάντας

2307 2991 2372 3059 τῇ
2413 2985 2670 3058 προθέσει
2719 2983 2813 3052 τῆς
2865 2983 3093 3053 καρδίας
3141 2981 3465 3051 προσμένειν
3521 2979 3601 3050 τῷ
3649 2978 3873 3050 Κυρίῳ·

2308 3081 2390 3133 ὅτι
2421 3074 2489 3149 ἦν
2547 3077 2684 3146 ἀνὴρ
2735 3075 2940 3142 ἀγαθὸς
2966 3075 3058 3128 καὶ
3112 3073 3324 3143 πλήρης
3365 3073 3678 3142 Πνεύματος
3723 3072 3876 3138 ἁγίου

2309 3171 2401 3224 καὶ
2433 3169 2685 3230 πίστεως.
2712 3168 2821 3220 Καὶ
2851 3165 3152 3236 προσετέθη
3180 3164 3336 3234 ὄχλος
3357 3163 3538 3225 ἱκανὸς
3572 3160 3648 3230 τῷ
3669 3163 3874 3231 Κυρίῳ.

2326 3261 2547 3332 Ἐξῆλοε
2570 3259 2625 3312 δὲ
2653 3261 2732 3321 είς
2759 3258 2973 3329 Ταρσὸν
3007 3259 3035 3310 6
3063 3249 3347 3328 Βαρνάϐας
3375 3254 3713 3326 ἀναζητῆσαι
3743 3253 3878 3307 Σαῦ-

2313 3355 2403 3408 λον
2428 3370 2442 3385 ·
2475 3353 2570 3407 καὶ
2599 3351 2772 3422 εὕρὼν
2795 3350 2981 3412 αὑτὸν,
3001 3350 3206 3419 ἢγαγεν
3228 3348 3388 3403 αὑτὸν
3411 3349 3502 3427 ἐίς
3521 3348 3873 3427 ’Δντιόχειαν.

2313 3445 2570 3513 Ἐγένετο
2605 3445 2660 3497 δέ
2692 3444 2896 3506 αὐτοὺς
2922 3443 3166 3495 ἐνιαυτὸν
3196 3443 3317 3495 ὃλον
3351 3425 3682 3512 συναχθῆναι
3729 3424 3874 3510 ἐντῇ

2323 3536 2641 3607 Ἐκκλησία,
2665 3519 2761 3588 καὶ
2787 3534 2995 3600 διδάξαι
3024 3532 3186 3602 δχλον
3216 3531 3422 3597 ἱκανὸν,
3457 3533 3798 3604 χρηματΐσαι
3819 3550 3875 3584 τε

2309 3628 2528 3698 πρῶτον
2561 3628 2617 3679 ἐν
2662 3624 2968 3695 Ἀντιοχείᾳ
2999 3625 3127 3687 τοὺς
3191 3624 3437 3695 μαθητὰς
3494 3625 3872 3702 Χριστιανούς.

2322 3717 2411 3769 Ἐν
2441 3715 2664 3777 ταύταις
2702 3714 2758 3766 δέ
2804 3717 2924 3776 ταῖς
2977 3714 3212 3785 ἡμέραις
3254 3714 3524 3787 κατῆλθον
3564 3716 3672 3768 ἀπὸ
3718 3714 3873 3786 Ἱερο-

2312 3809 2564 3880 σολύμων
2594 3809 2674 3870 είς
2714 3807 3050 3876 Ἀντιόχειαν
3086 3808 3380 3878 προφῆται.
3421 3806 3683 3868 ’Λναστάς
3711 3805 3767 3857 δέ
3798 3803 3875 3880 ei;

2307 3902 2367 3966 ἐξ
2404 3901 2583 3955 αὐτῶν
2614 3901 2836 3971 ὀνόματι
2866 3900 3131 3969 Ἄγαϐος,
3168 3901 3414 3969 ἐσήμανεη
3442 3898 3529 3952 διὰ
3562 3899 3656 3951 τοῦ
3707 3899 3874 3951 Ilvati-

2311 4008 2501 4061 ματος,
2537 3991 2696 4060 λιμὸν
2723 3991 2895 4060 μέγαν
2949 3989 3168 4060 μέλλειν
3210 3988 3428 4042 ἔσεσθαι
3485 3989 3581 4056 ἐφ’
3613 3988 3742 4058 ὃλην
3780 3989 3875 4058 τὴν

2306 4082 2631 4153 οἰκουμένην
2653 4098 2667 4113 ο
2700 4083 2848 4145 ὅστις
2869 4083 2961 4134 καὶ
2987 4081 3207 4150 ἐγένετο
3238 4080 3331 4135 ἐπὶ
3351 4080 3619 4135 Κλαυδίου
3669 4081 3871 4133 Καίσα-

2309 4196 2416 4250 ρος.
2450 4178 2570 4232 Τῶν
2598 4179 2652 4234 δὲ
2686 4178 2945 4254 μαθητῶν
2982 4178 3166 4241 καθὼς
3193 4177 3485 4250 ηὐπορεϊτό
3541 4195 3625 4240 τις
3666 4177 3869 4249 ὥρισαν

633 4257 789 4328 251,
839 4264 980 4331 quod
1018 4272 1072 4318 et
1132 4265 1401 4330 fecerunt,
1430 4271 1704 4330 mittentes
1729 4275 1796 4329 ad
1831 4277 2074 4332 seniores
2103 4293 2198 4348 per

2312 4273 2536 4335 ἕκαστος
2565 4272 2747 4324 αὐτῶν
2781 4273 2862 4332 είς
2892 4271 3172 4326 διακονίαν
3202 4271 3417 4342 πέμψαι
3450 4273 3560 4335 τοῖς
3590 4272 3869 4326 κατοικοῦ-

635 4365 826 4408 manus
857 4353 1115 4412 Barnabas
1147 4369 1201 4414 et
1236 4361 1408 4417 Sauli.

1129 4621 1688 4685 COMMENTARIUS.

703 4704 958 4794 Fortasse
993 4715 1280 4778 propterea
1312 4717 1458 4785 quod
1489 4717 1754 4777 ilebraicc
1795 4722 1942 4794 loqui
1976 4725 2192 4782 ncscie-

2306 4375 2394 4412 σιν
2425 4360 2483 4412 ἐν
2513 4363 2579 4431 τῇ
2615 4360 2855 4432 Ἰουδαίᾳ
2886 4361 3133 4429 ἀδελφοῖς
3155 4378 3168 4391 ο
3206 4361 3234 4413 ὃ
3283 4362 3375 4414 καὶ
3412 4352 3696 4432 ἐποίησαν,
3742 4364 3869 4416 ἀπυ-

2304 4454 2612 4516 στείλαντες
2642 4451 2780 4522 πρὸς
2807 4453 2937 4516 τοὺς
2983 4451 3389 4528 πρεσϐυτέρους
3407 4451 3498 4507 διὰ
3521 4454 3704 4538 χειρὸς
3734 4455 3868 4524 Bap-

2222 4563 2276 4624 Β
2303 4545 2442 4602 νάϐα
2473 4547 2564 4598 καὶ
2593 4542 2818 4598 Σαύλου.
2887 4551 2910 4569 ’

2915 4630 3292 4685 EPMHNEIA.
3583 4703 3586 4707 ι

2374 4726 2536 4788 Ἴσως
2561 4725 2651 4777 διὰ
2673 4725 2733 4777 τὸ
2762 4725 2844 4790 μὴ
2867 4723 3063 4778 είδέναι
3094 4723 3370 4796 Ἐϐραϊστὶ
3398 4725 3597 4790 λαλεῖν,
3631 4726 3864 4796 Ἑλληνι-

632 4792 799 4858 bant,
844 4793 1153 4853 llellenistae
1194 4805 1551 4861 vocabantur.
1601 4792 1990 4880 Loquebantur
2035 4817 2198 4885 igitur

2312 4815 2429 4877 ςτάς
2452 4814 2697 4868 ἐκάλουν.
2717 4814 2971 4868 Ἐλάλουν
2998 4815 3178 4866 τοίνυν
3192 4792 3296 4868 ’καὶ
3322 4815 3457 4883 πρὸς
3485 4816 3681 4879 αὐτοὺς
3708 4792 3863 4884 εὐαγ-

633 4885 1017 4976 ananntiantes
1065 4889 1174 4948 illis
1217 4891 1403 4951 Jesum
1449 4897 1762 4967 Christum,
1811 4916 1865 4960 et
1902 4905 2198 4961 credebant

2312 4904 2636 4976 γελιζόμενοι
2658 4906 2749 4958 τὸν
2777 4905 2982 4974 Κύριον
3015 4903 3241 4974 Ἰησοῦν,
3269 4904 3360 4958 καὶ
3387 4904 3671 4959 ἐπίστευον
3696 4908 3859 4963 ᾶπαν-

633 4988 841 5039 omnes,
883 4978 1142 5066 quoniam
1172 5000 1190 5032 ι
1223 4997 1359 5049 erat,
1388 4987 1579 5059 inquit,
1612 5009 1807 5048 manus
1834 4994 2042 5050 Domini
2070 5013 2192 5052 cum

2312 5015 2411 5063 τες,
2459 4997 2671 5066 ἐπειδὴ,
2708 4996 2862 5066 φησὶ,
2903 5013 2922 5047 ι
2959 4996 3082 5066 χεὶρ
3113 4996 3318 5065 Κυρίου
3350 4991 3417 5064 ἦν
3450 4997 3570 5065 μετ’
3606 4999 3801 5062 αὐτῶν,
3836 5018 3855 5050 ι

634 5066 731 5156 eis,
772 5086 789 5117 ι
825 5055 927 5123 hric
955 5081 1056 5134 est,
1097 5073 1355 5130 miracula
1385 5085 1668 5147 patrabant
1695 5102 1708 5138 :
1739 5103 1860 5156 quae
1887 5093 2191 5145 necessaria

634 5154 742 5210 illis
780 5168 965 5219 erant,
1004 5167 1060 5212 ut
1093 5162 1396 5221 crederent.
1432 5186 1450 5218 ι
1497 5169 1630 5235 Quia
1665 5154 1780 5227 erat
1807 5154 1893 5227 vir
1925 5159 2118 5232 bonus.
2169 5197 2186 5228 ι

636 5241 846 5298 Dictum
883 5247 984 5302 hoc
1007 5251 1339 5306 contrarium
1369 5269 1475 5310 non
1506 5265 1590 5312 est
1627 5260 1704 5314 illi
1727 5261 1775 5292 ⁸⁵
1802 5279 1814 5314 ;
1846 5253 1874 5310 ι’
1893 5261 2064 5315 Nemo
2088 5262 2188 5317 bo-

635 5351 760 5398 nus,
795 5336 896 5389 nisi
931 5355 1071 5394 unus
1112 5341 1276 5396 Deus.
1320 5363 1337 5394 ι
1372 5344 1486 5402 Non
1520 5350 1661 5403 cnim
1693 5351 1880 5406 eodem
1918 5352 2078 5405 modo
2109 5353 2192 5406 di-

635 5428 794 5492 citur,
825 5427 965 5483 Deus
995 5447 1135 5487 unus
1175 5435 1364 5501 bonus,
1402 5453 1483 5502 ac,
1526 5441 1694 5495 llomo
1754 5445 1926 5497 bonus
1980 5462 1991 5496 :
2053 5444 2190 5498 Deus

634 5532 776 5570 enim
808 5530 889 5574 est
928 5536 1022 5588 per
1062 5526 1353 5579 essentiam
1393 5529 1599 5596 bonus;
1636 5543 1817 5601 utpote
1861 5537 2186 5604 principium

631 5613 686 5660 et
717 5604 836 5664 fons
867 5614 1107 5666 aurium
1142 5615 1441 5674 bonorum:
1478 5631 1528 5674 at
1563 5624 1719 5678 homo
1747 5629 1964 5682 nonnisi
2002 5645 2063 5683 ex
2098 5646 2188 5682 su-

745 5781 794 5816 ⁵⁸
825 5783 954 5839 Luc.
988 5803 1134 5856 xvut,
1179 5793 1257 5853 if}.

2299 5090 2543 5142 τουτέστι
2591 5090 2791 5157 σημεῖα
2835 5089 3146 5157 ἐργάζοντο.
3189 5088 3288 5141 Διὰ
3331 5088 3485 5143 τοῦτο
3529 5092 3638 5161 γὰρ
3683 5094 3716 5158 ἡ
3753 5092 3856 5142 τῶν

2301 5183 2540 5249 σημείων
2558 5181 2773 5250 ,ἀνάγκη
2815 5181 3057 5255 γέγονεν,
3080 5180 3166 5232 ἵνα
3191 5180 3572 5235 πιστεύσωσιν.
3601 5201 3620 5233 ι
3647 5182 3766 5233 Ὅτι
3793 5177 3856 5250 ἦν

2297 5273 2440 5343 ἀνήρ
2459 5272 2682 5338 ἁγαθός.
2699 5292 2716 5324 ι
2738 5272 2852 5325 Οὐκ
2875 5270 3180 5326 ἀντίκειται
3196 5271 3350 5326 τοῦτο
3375 5272 3503 5341 τῷ,ι
3528 5272 3853 5339 Οὐδεὶςάγα-

2303 5362 2414 5434 06;,
2448 5364 2496 5413 εἰ
2526 5361 2602 5430 μὴ
2632 5362 2797 5430 μόνος
2823 5355 2850 5412 6
2880 5360 3032 5423 Θεός.
3075 5380 3093 5414 ι
3119 5357 3192 5414 Ού
3211 5362 3316 5433 γάρ
3342 5362 3535 5413 ταύτόν
3565 5363 3700 5426 ἐστι,
3729 5362 3851 5414 Θεὸν

2304 5453 2461 5520 μόνον
2508 5452 2708 5518 ἀγαθὸν
2756 5446 2923 5518 εἶναι,
2979 5453 3073 5505 καὶ
3119 5455 3284 5523 ἄνδρα
3307 5451 3507 5519 ἀγαθὸν
3574 5452 3846 5524 ὑπάρχειν.

2312 5541 2370 5594 ⁸0
2406 5543 2503 5610 μὲν
2534 5543 2639 5612 γὰρ
2677 5543 2797 5597 κατ’
2817 5544 3006 5598 ούσίαν
3036 5545 3238 5612 ἀγαθὸς
3272 5544 3502 5613 ὑπάρχει
3526 5561 3540 5576 ⁸
3574 5547 3714 5614 ἀρχὴ
3745 5544 3847 5610 γὰρ

2299 5635 2388 5684 καὶ
2432 5632 2577 5703 πηγὴ
2611 5633 2718 5687 τῶν
2753 5634 2972 5704 ἀγαθῶν
2999 5649 3012 5664 ⁵
3061 5636 3090 5686 6
3128 5635 3184 5688 δὲ
3225 5635 3360 5706 ἀνὴρ
3400 5636 3460 5688 οὐ
3502 5637 3621 5688 κατ’
3643 5636 3843 5694 οὐσίαν,
