4082 6342
608 396 716 460 983

818 505 996 576 270-
1032 501 1271 560 Sabbato
1333 500 1685 556 hebdomadas
1740 499 1967 569 quintze.

817 597 1085 654 Diuenst'o
1112 594 1274 650 Pauli
1302 603 1352 648 et
1383 593 1648 650 Barnaba:
1679 592 1743 647 de
1765 591 1968 650 Marco.

752 740 758 746 .
1240 688 1543 745 TEXTUS.

682 792 798 857 XV,
830 769 1021 848 55-“.
1057 789 1261 845 Paulus
1307 795 1491 839 autem
1539 793 1590 838 et
1623 781 1904 838 Barnabas
1925 782 2188 837 demora-

1500 383 2084 446 THEOPHYLACTI
2129 383 2542 446 BULGARIE
2581 383 2945 448 ARCHIEP.

2215 501 2258 558 Α

2611 498 2702 570 Τῷ
2740 498 3007 570 Σαϐϐάτῳ
3040 499 3138 572 τῆς
3168 497 3210 552 ε’
3235 499 3549 571 ἑϐδομάδος.

2299 591 2360 647 Ἀ
2368 593 2681 661 ντιζόῥησις
2703 595 2949 652 Παύλου
2969 597 3119 663 πρὸς
3133 596 3448 663 Βαρνάϐαν
3462 595 3595 668 περὶ
3616 595 3817 665 Μάρκι
3830 616 3872 652 υ.

2893 688 3284 743 KEIMENON.

2363 783 2576 846 Παῦλος
2609 780 2666 835 δέ
2703 783 2798 835 καὶ
2829 782 3117 852 Βαρνάϐας
3147 782 3421 853 διέτριϐον
3463 784 3521 837 ἐν
3559 783 3874 856 Ἀντιοχεὲᾳ,

612 884 815 938 bantur
860 882 1186 946 Antiochiae,
1214 881 1478 950 ducentes
1505 887 1559 931 et
1589 876 2032 945 evangelizantes
2061 891 2185 930 cum

2312 874 2638 936 ῑιδάσκοντες
2696 873 2792 926 καὶ
2835 871 3323 940 εὐαγγελιζόμενοι
3357 873 3494 943 μετὰ
3541 877 3636 928 καὶ
3687 875 3877 943 ἑτέρων

613 979 737 1032 aliis
774 978 1020 1049 pluribus
1051 976 1276 1030 verbum
1308 975 1544 1028 Domini.
1571 974 1702 1028 Post
1751 973 1958 1043 aliquot
2006 980 2188 1026 autem

2312 968 2384 1021 τόν
2418 969 2578 1037 λόγον
2621 968 2717 1021 τοῦ
2768 966 2999 1039 Κυρίου.
3045 968 3203 1021 Μετὰ
3237 968 3296 1020 δέ
3329 985 3479 1032 τινας
3511 969 3732 1039 ἡμέρας
3761 965 3904 1049 εἷπεζ

612 1071 730 1126 dies
757 1073 892 1126 dixit
926 1070 994 1124 ad
1033 1068 1336 1123 Barnabam
1371 1067 1608 1121 Paulus:
1638 1065 1991 1122 Revertentes
2008 1065 2193 1120 visite-

615 1180 738 1221 mus
781 1167 975 1220 fratres
1004 1180 1100 1236 per
1127 1165 1408 1218 universas
1427 1162 1747 1229 civitatesﬁin
1773 1161 1976 1229 quibus
1998 1160 2192 1231 praedi-

614 1259 860 1311 cavimus
889 1255 1112 1309 verbum
1140 1254 1377 1319 Domini,
1409 1254 1682 1323 quomodo
1705 1266 1762 1308 se
1782 1253 2040 1308 habeant.
2063 1251 2196 1307 Bar-

618 1350 788 1405 nabas
808 1359 986 1404 autem
1004 1348 1410 1404 volebatsecum
1431 1363 1712 1403 assumere
1736 1358 1790 1402 et
1805 1347 2068 1403 Joannem
2101 1347 2195 1416 qui

618 1444 1111 1514 cognominabatur
1135 1443 1372 1498 Marcus.
1395 1442 1596 1498 Paulus
1616 1449 1794 1496 autem
1822 1443 2049 1512 rogabat
2069 1457 2194 1495 eum

621 1536 806 1606 (utqui
827 1537 1173 1592 discessisset
1201 1535 1268 1590 ab
1284 1536 1364 1591 eis
1391 1535 1457 1590 de
1480 1519 1818 1607 Pamphylia,
1850 1544 1904 1590 et
1928 1548 2033 1588 non
2065 1534 2201 1590 isset

576 1633 579 1636 ’
621 1645 744 1683 cum
771 1629 918 1683 eisin
943 1630 1104 1700 opus)
1128 1644 1238 1683 non
1269 1629 1467 1684 debere
1486 1628 1677 1700 recipi.
1711 1629 1874 1684 Facta
1907 1637 1993 1684 est
2017 1635 2198 1682 autem

622 1722 921 1786 dissensio,
950 1721 1022 1777 ita
1049 1730 1105 1778 ut
1129 1723 1476 1777 discederent
1493 1722 1829 1784 abinvicem,
1854 1730 1908 1777 et
1923 1720 2201 1775 Barnabas

621 1815 839 1884 quidem
885 1825 1172 1884 assumpto
1201 1814 1383 1870 Marco
1403 1814 1681 1886 navigaret
1717 1813 1978 1883 Cyprum.
1999 1811 2200 1866 Paulus

587 1911 591 1915 '
622 1922 757 1962 vero
781 1908 954 1962 electo
985 1907 1094 1962 Sila
1135 1907 1414 1976 proiectus
1442 1916 1547 1974 est,
1573 1908 1808 1963 traditus
1827 1906 2013 1977 gratia:
2045 1905 2136 1960 Dei
2169 1919 2199 1959 a

620 2001 910 2056 Iratribus.
939 2000 1361 2064 Perambulabat
1389 2013 1567 2058 autem
1605 2000 1816 2073 Syriam
1844 2007 1900 2054 et
1927 1998 2198 2060 Ciliciam,

626 2095 960 2154 conﬁrmans
990 2095 1286 2158 Ecclesias.
1335 2097 1663 2167 praecipiens
1726 2094 2009 2151 custodire
2058 2108 2202 2165 pra:-

624 2198 782 2257 cepta
817 2186 1190 2257 apostolorum
1222 2197 1277 2242 et
1305 2190 1611 2245 seniorum.

1137 2367 1705 2426 COMMENTARIUS.

693 2456 938 2518 Joannes
982 2460 1406 2532 cognominatus
1434 2458 1652 2516 Marcus
1688 2459 1848 2516 simul
1874 2474 1997 2514 cum
2034 2460 2232 2518 Paulo'

623 2562 683 2609 et
736 2552 986 2608 Barnaba
1038 2567 1068 2605 a
1124 2551 1414 2606 Palaestina
1463 2566 1638 2620 usque
1698 2551 1752 2604 in
1825 2548 2201 2619 Pamphyliam

629 2647 920 2718 Evangelii
956 2633 1122 2700 causa
1149 2645 1414 2700 decurrit.
1445 2645 1513 2697 At
1544 2651 1759 2714 postea,
1813 2658 1938 2696 cum
1972 2641 2203 2712 apostoli

627 2755 856 2798 cursum
887 2753 1102 2794 summa
1139 2752 1262 2793 cum
1292 2735 1577 2790 alacritate
1626 2743 2111 2806 prosequerentur,
2153 2740 2208 2790 e1

629 2829 915 2887 inﬂexibili
949 2828 1213 2884 adversus
1246 2825 1426 2881 omnia
1456 2826 1758 2882 certamina
1782 2823 2006 2896 pectore
2041 2823 2206 2878 obar-

629 2925 762 2978 mati
823 2930 1011 2978 essent
1066 2920 1207 2987 ;ille
1254 2920 1367 2988 jam
1420 2917 1773 2986 defatigatus,
1833 2915 2002 2970 veluti
2063 2914 2207 2968 haud

629 3017 764 3072 satis
789 3015 1005 3070 roboris
1043 3013 1249 3068 habens
1283 3012 1352 3067 ad
1385 3012 1549 3068 talem
1580 3017 1906 3080 tantumque
1957 3022 2204 3074 cursum,

629 3119 686 3164 et
707 3108 775 3164 ad
805 3108 1107 3164 certamina
1139 3115 1195 3162 et
1249 3105 1498 3175 pericula
1529 3120 1651 3174 qua:
1681 3104 1736 3156 in
1769 3103 2012 3174 qualibet
2071 3101 2207 3156 civi-

2296 1062 2433 1130 πρὸς
2492 1060 2781 1132 Βαρνάϐαν
2810 1062 2838 1114 6
2868 1058 3086 1124 Παῦλος
3107 1077 3121 1090 ·
3172 1061 3640 1134 Ἐπιστρέψαντες
3665 1064 3731 1131 δὴ
3764 1043 3904 1124 ἐπι-ε’

2300 1149 2633 1220 σκεψώμεθα
2661 1152 2788 1214 τοὺς
2819 1151 3085 1219 ἀδελφοὺς
3115 1152 3273 1223 ἡμῶν
3313 1154 3454 1206 κατὰ
3491 1153 3677 1206 πᾶσαν
3710 1154 3859 1205 πόλιν
3893 1147 3897 1152 ’

2298 1246 2356 1298 ἐν
2407 1239 2496 1307 αἷς
2548 1245 3000 1315 κατηγγείλαμεν
3056 1248 3148 1299 τὸν
3178 1245 3336 1314 λόγον
3369 1246 3462 1299 τοῦ
3496 1247 3732 1316 Κυρίου,
3773 1248 3877 1298 πῶς

2299 1338 2506 1409 ἔχουσι.
2547 1337 2842 1408 Βαρνάϐας
2894 1338 2950 1391 δὲ
2982 1331 3236 1392 ἐϐούλετο
3288 1339 3745 1410 συμπαράλαϐεῖν
3799 1356 3860 1389 κα

2312 1433 2569 1501 Ἰωάννην
2615 1432 2708 1486 τὸν
2757 1431 3194 1501 ἐπικαλούμενον
3249 1433 3514 1503 Μάρκον·
3580 1431 3797 1492 Παῦλος
3833 1431 3884 1482 δὲ

2299 1525 2456 1595 ἠξίου
2509 1525 2604 1578 τδν
2647 1524 2965 1578 ἀποστάντα
3022 1524 3118 1580 ἀπ’
3147 1524 3329 1578 αὐτῶν
3389 1525 3499 1578 ἀπὸ
3535 1525 3884 1593 Παμφυλίας,

2303 1619 2397 1670 καὶ
2433 1617 2509 1688 μὴ
2540 1617 2862 1670 συνελθόντα
2886 1618 3070 1678 αὐτοῖς
3093 1618 3174 1678 είς
3196 1617 3255 1668 τὸ
3285 1617 3464 1687 ἔργον,
3494 1617 3569 1687 μὴ
3594 1633 3656 1669 συ
3666 1631 3862 1687 μπαρα

2303 1709 2491 1763 λαϐεῖν
2512 1709 2722 1764 τοῦτον.
2770 1710 3018 1778 Ἐγένετο
3049 1705 3144 1762 οὖν
3169 1709 3542 1779 παροξυσμὸς,
3582 1707 3728 1760 ὥστε
3762 1708 3890 1760 ἀπο-

2306 1803 2643 1876 χωρισθῆναι
2696 1803 2892 1866 αὐτοῦς
2932 1801 3027 1854 ἀπ’
3065 1801 3343 1872 ἀλλήλωνο
3372 1801 3463 1854 τόν
3507 1817 3566 1851 τε
3610 1797 3892 1868 Βαρνάϐαν

2297 1897 2693 1971 παραλαϐόντα
2738 1895 2832 1948 τὸν
2867 1894 3098 1965 Μάρκον
3150 1891 3455 1949 ἐκπλεῦσαι
3505 1895 3588 1956 είς
3639 1892 3890 1962 Κύπρον,

2305 1990 2522 2054 Παῦλος
2551 1989 2610 2041 δὲ
2648 1987 3045 2058 ἐπιλεξάμενος
3091 1987 3276 2050 Σίλαν,
3325 1986 3522 2057 ἐξῆλθε
3558 1985 3893 2055 παραδοθεὶς

2302 2084 2370 2152 τῇ
2401 2081 2588 2152 χάριτι
2614 2078 2708 2134 τοῦ
2745 2079 2950 2148 Κυρίου
2971 2078 3075 2130 ὑπο
3097 2077 3204 2132 τῶν
3245 2078 3512 2146 ἀδελφῶν.
3545 2077 3817 2147 Διήρχετο
3843 2076 3896 2126 δὲ

2303 2174 2402 2244 τὴν
2441 2173 2641 2245 Συρίαν
2668 2174 2762 2225 καί
2793 2172 2891 2242 τὴν
2912 2171 3188 2237 Κιλικίαν,
3215 2171 3586 2240 ἐπιστηρίζων
3627 2169 3729 2232 τὰς
3773 2168 3892 2220 Ἐκ-

2306 2267 2553 2339 κλησίας.

2928 2358 3324 2414 EPMIINEIA.

2378 2456 2634 2527 Ἰωάννης
2668 2458 2696 2510 6
2727 2454 3073 2522 καλούμενος
3111 2453 3340 2522 Μάρκος
3385 2444 3454 2521 ἦν
3499 2448 3893 2520 συνοδοιπορῶν

2306 2549 2490 2612 αὐτοῖς
2543 2551 2621 2613 είς
2676 2549 2770 2602 τὸν
2802 2547 3158 2616 εὐαγγελικδν
3191 2545 3391 2616 δρόμον
3455 2545 3567 2598 ἀπὸ
3605 2542 3894 2598 Παλαιστί-

2307 2663 2405 2715 νης
2433 2645 2597 2716 μέχρι
2623 2631 2725 2714 τῆς
2764 2640 3112 2710 Παμφυλίας.
3155 2635 3290 2692 Εἶτα
3312 2637 3430 2691 τῶν
3454 2634 3777 2691 ἀποστόλων
3812 2637 3895 2689 εὐ⁴

2307 2739 2448 2808 τόνῳ
2488 2734 2847 2806 κεχρημένων
2909 2733 3119 2804 δρόμῳ,
3172 2731 3267 2786 καὶ
3321 2729 3576 2800 ἀκαμπετ
3629 2731 3697 2798 τῇ
3755 2728 3893 2797 ψυχῇ

2312 2833 2448 2903 πρὸς
2479 2833 2605 2895 τοὺς
2645 2830 2864 2899 ἀγῶνας
2886 2826 3285 2898 ὁπλιζομένων,
3314 2824 3544 2895 Μάρκος
3575 2823 3655 2886 ὠς
3687 2822 3896 2893 ἄνθρω-

2311 2941 2413 2986 πος
2445 2924 2750 2994 ναρκήσας,
2777 2923 2872 2974 καὶ
2925 2919 3001 2989 μὴ
3032 2916 3267 2972 εὐτονῶν
3293 2918 3431 2988 πρὸς
3465 2916 3557 2968 τὸν
3580 2915 3786 2988 δρόμον
3811 2915 3894 2967 τὸν

2311 3017 2589 3080 τοσοῦτον,
2623 3015 2718 3068 καὶ
2777 3013 2916 3084 πρὸς
2953 3013 3082 3076 τοὺς
3133 3013 3192 3064 ἐν
3244 3010 3453 3083 ἑκάστῃ
3493 3007 3650 3062 πόλει
3697 3006 3896 3062 άνακύ·

2314 3126 2547 3172 πτοντας
2583 3107 2804 3177 ἀγῶνας
2863 3108 2958 3161 καὶ
2999 3104 3302 3170 κινδύνους,
3354 3099 3780 3175 ἀποταξάμενος
3825 3101 3896 3172 τῷ

631 3209 742 3257 tate
768 3201 1158 3265 occurrebant,
1194 3191 1520 3253 sustinenda
1583 3197 1775 3252 relicto
1833 3196 2204 3265 apostolorum

2313 3203 2497 3274 δρόμῳ
2531 3201 2641 3254 τῶν
2687 3200 3025 3262 ἀποστόλων.
3081 3197 3392 3268 ἐπανῆλθεν
3441 3198 3522 3259 είς
3567 3193 3668 3267 τὴν
3704 3196 3896 3250 Παλαι-

627 3293 917 3357 comitatu,
952 3294 1006 3345 in
1032 3291 1374 3346 Palaestinam
1406 3304 1664 3344 reversus
1689 3296 1771 3342 est
1802 3307 1815 3342 :
1847 3303 1953 3341 non
1984 3287 2205 3356 quidem

629 3393 693 3442 ut
723 3383 1007 3441 Christum
1041 3389 1292 3452 negaret,
1327 3380 1421 3438 sed
1469 3378 1854 3434 tantummodo
1881 3389 1939 3433 ut
1975 3376 2204 3431 nimium

630 3475 785 3533 illum
836 3475 1052 3545 sibique
1111 3474 1277 3529 nimis
1320 3488 1538 3544 gravem
1595 3487 1822 3534 cursum
1878 3471 2204 3527 declinaret.

628 3563 993 3628 Postmodum
1034 3579 1165 3619 vero
1196 3564 1364 3621 etiam
1395 3562 1602 3619 Paulus
1627 3571 1683 3618 et
1707 3561 1988 3617 Barnabas
2027 3561 2207 3617 redie-

632 3672 716 3725 re,
785 3658 1008 3730 pietatis
1064 3656 1344 3711 fructibus
1401 3657 1612 3721 onusti,
1675 3664 1816 3711 utet
1849 3654 2205 3724 Jerosolymi-

631 3761 780 3806 tam
842 3749 1102 3807 Ecclesiae
1164 3749 1552 3820 praedicarent.
1605 3748 1740 3804 Cum
1798 3749 1965 3820 igitur
2017 3761 2211 3803 omnes

633 3842 864 3902 Paulum
895 3853 950 3900 et
980 3844 1288 3898 Barnabam
1317 3843 1388 3898 ob
1420 3843 1684 3913 praeclara
1735 3841 1979 3911 ipsorum
2040 3856 2210 3920 ppera

633 3936 948 4001 incretum
1013 3934 1264 3993 laudibus
1330 3933 1609 3996 eﬂ‘er‘rent,
1681 3931 1897 3988 Marcus
1959 3947 2211 4000 magnam

631 4027 910 4085 tristitiam
934 4037 990 4083 et
1037 4028 1521 4098 compunaionem
1585 4027 1781 4082 exinde
1821 4026 2093 4096 concepit,
2159 4033 2212 4079 et

634 4121 874 4178 I‘ortasse
905 4121 1050 4176 intra
1084 4136 1143 4176 se
1194 4120 1300 4176 hoc
1333 4119 1645 4176 revolvebat
1675 4137 1686 4171 :
1717 4117 1820 4183 En,
1848 4120 1892 4174 si
1949 4134 2048 4188 ego
2082 4134 2213 4182 con.-

633 4229 762 4272 sors
795 4215 1049 4274 laborum
1090 4213 1346 4278 fuissem,
1378 4228 1527 4270 nunc
1570 4215 1680 4283 jam
1716 4213 1888 4268 forem
1939 4213 2212 4284 particeps

635 4308 1035 4363 encomiorum.
1083 4306 1339 4367 Deerevit
1383 4307 1568 4378 itaque
1597 4323 1790 4364 rursus
1831 4322 1954 4363 cum
2006 4307 2211 4369 eisdem

637 4401 899 4472 apostolis
923 4399 1332 4471 pradicationis
1357 4413 1501 4455 onus
1533 4413 1830 4455 resumere.
1861 4398 2030 4454 Porro
2083 4397 2214 4460 Bar-

637 4493 810 4550 nabas
835 4509 957 4548 eum
979 4493 1388 4562 resipiscentem
1410 4493 1692 4563 suscipere
1720 4509 1829 4549 non
1853 4493 2209 4553 detrectabat:

2315 3298 2502 3368 στίνην
2523 3311 2539 3326 ⁸
2599 3295 2660 3348 οὐ
2691 3293 2930 3361 Χριστὸν
2963 3291 3370 3362 ἀρνησάμενος,
3403 3289 3540 3343 ἀλλά
3578 3289 3670 3341 τὸν
3704 3287 3895 3360 δρόμον

2313 3389 2404 3446 τὸν
2460 3386 2630 3440 πολὺν
2660 3384 2738 3448 οξ
2773 3383 2949 3456 βαρὺν
2992 3381 3504 3452 παραιτησάμενος.
3565 3379 3895 3447 Ἐπανῆλθον

2315 3481 2478 3540 πάλιν
2530 3477 2746 3550 Παῦλος
2796 3477 2891 3530 καὶ
2951 3473 3266 3546 Βαρνάϐας,
3297 3472 3553 3550 καρποὺς
3617 3471 3896 3534 εὐσεϐείας

2315 3578 2603 3646 γέμοντες,
2636 3563 2742 3630 xuii
2765 3562 3248 3640 εὐαγγελιζόμενοι
3278 3569 3376 3638 τὴν
3412 3569 3471 3621 ὲν
3508 3565 3898 3638 Ἰεροσολύμοις

2328 3666 2684 3734 Ἐκκλησίαν.
2732 3663 2854 3719 Τῶν
2905 3660 3075 3715 ἐθνῶν
3108 3657 3203 3714 οῦν
3266 3660 3484 3714 πάντων
3537 3658 3898 3713 ἐπαινούντων

2263 3808 2268 3810 _
2314 3761 2405 3814 τὸν
2435 3758 2646 3816 Παῦλον
2695 3756 2790 3808 καὶ
2814 3755 2909 3808 τδν
2939 3753 3226 3823 Βαρνάϐαν
3249 3753 3344 3807 ἐπὶ
3384 3754 3497 3815 τοῖς
3529 3751 3893 3820 κατορθώμα-

2319 3869 2427 3915 σιν,
2457 3851 2485 3903 6
2525 3849 2755 3918 Μάρκος
2807 3847 3072 3917 λυπηθεὶς
3112 3845 3326 3916 ἐπλήγη
3384 3843 3486 3915 τὴν
3535 3842 3741 3913 ψυχὴν,
3808 3840 3898 3894 καὶ

2326 3940 2458 4002 ἴσως
2515 3937 2792 4002 ἐνενόησε,
2844 3935 3040 4004 λέγων,
3088 3935 3170 3988 ὅτι
3210 3935 3272 3993 Ei
3312 3935 3463 4004 ήμην
3505 3931 3768 3994 κοινωνὸς
3799 3930 3902 3983 τῶν

2317 4034 2517 4102 πόνων,
2549 4030 2820 4100 ἐγενόμην
2872 4029 2942 4085 ἂν
3007 4029 3134 4099 άρτι
3183 4027 3280 4081 καὶ
3333 4026 3589 4090 κοινωνὸς
3616 4023 3725 4078 τῶν
3757 4024 3902 4078 ἐπαί-

2316 4139 2446 4185 νων,
2483 4121 2578 4185 καὶ
2639 4119 3003 4172 ἐϐουλεύσατο
3057 4120 3171 4180 τοῖς
3202 4116 3528 4179 ἀποστόλοις
3567 4117 3900 4181 συνεξελθεῖν

2317 4217 2398 4290 είς
2431 4215 2494 4268 τὸ
2549 4216 2844 4285 κήρυγμα.
2883 4213 2946 4268 ’0
2996 4207 3091 4267 οῦν
3144 4212 3437 4283 Βαρνάϐας
3495 4211 3902 4281 μετανοήσαντα

2317 4309 2480 4367 αὐτὸν
2539 4309 2810 4374 ἐδέξατο*
2845 4309 2874 4360 6
2931 4306 3147 4370 Παῦλος
3193 4305 3522 4375 ἐφιλονείκει
3561 4305 3658 4376 καὶ
3717 4306 3898 4372 ἐλεγε-

2319 4401 2425 4454 Τὸν
2466 4399 2544 4471 μὴ
2600 4398 2922 4461 συνελθόντα
2973 4379 3110 4469 iiva
3143 4399 3222 4461 είς
3263 4397 3325 4450 τὺ
3380 4397 3542 4468 ἔργον
3581 4398 3794 4469 Κυρίου
3845 4398 3901 4451 οὐ

2319 4494 2399 4546 δεῖ
2431 4476 3024 4563 συμπαραλαμϐάνειν.
3075 4490 3141 4546 Ἥ
3185 4489 3281 4546 οῦν
3308 4490 3499 4553 στάσις
3555 4491 3902 4556 δικαιοσύνης

639 4591 696 4637 at
725 4587 990 4640 renuehat
1041 4586 1199 4656 271
1233 4584 1435 4640 Paulus
1466 4585 1656 4640 dicens
1694 4602 1706 4636 :
1739 4585 1874 4643 Cum
1925 4585 2208 4642 nobiscum

2322 4582 2412 4656 ἦν,
2449 4586 2510 4638 οὐ
2547 4583 2742 4654 θυμοῦ.
2800 4585 2861 4636 '0
2905 4582 3121 4668 Παῦλος
3152 4582 3340 4652 ἐζήτει
3368 4584 3431 4634 τὸ
3460 4581 3692 4646 δίκαιον,
3722 4584 3750 4634 6
3771 4583 3904 4650 Βαρ-

641 4693 752 4730 ιιοη
785 4677 1002 4731 venerit
1025 4678 1092 4731 ad
1140 4695 1279 4746 opus
1314 4677 1431 4744 Dei,
1466 4693 1573 4739 non
1597 4685 1811 4749 oportet
1848 4693 1971 4732 eum
2035 4678 2215 4738 susci-

641 4784 788 4837 pere.
841 4768 1122 4836 Disseusio
1174 4770 1275 4824 ista
1321 4786 1430 4824 nou
1487 4772 1674 4839 utique
1721 4787 1785 4825 ex
1836 4769 1937 4833 ira,
1989 4772 2084 4826 sed
2147 4786 2212 4824 ex

642 4860 757 4913 zelo
785 4861 842 4928 ju
859 4862 1021 4917 stitia:
1047 4863 1398 4932 procedebat.
1428 4860 1562 4916 Nam
1587 4862 1813 4928 Paulus,
1841 4863 2211 4932 quodjustum

636 4963 778 5014 erat.
824 4956 1136 5022 quaerebat;
1178 4956 1457 5012 Barnabas
1515 4956 1912 5012 humanitatem
1967 4956 2218 5026 praefere-

639 5045 754 5101 bat.
791 5047 915 5100 Erat
938 5049 1101 5113 igitur
1126 5047 1340 5102 Marcus
1394 5066 1516 5106 cum
1549 5049 1826 5113 Barnaba,
1885 5050 2218 5109 adlaborans

642 5064 754 5101 nat.
791 5064 915 5100 erat
959 5064 1101 5102 "lltlr
1126 5064 1340 5102 marcus
1394 5066 1516 5106 cum
1549 5064 1826 5113 barnaoa,
1885 5064 2218 5109 adlaborans

642 5145 696 5187 et
722 5064 1078 5208 circumins.
1105 5138 1210 5193 Sed
1238 5137 1443 5197 Paulus
1477 5139 1718 5199 ﬁdelium
1753 5141 1992 5200 cmtibus
2029 5141 2222 5211 prmci-

647 5223 849 5292 piehat,
888 5221 960 5282 ne'
992 5228 1172 5298 ipsum
1209 5231 1555 5297 reciperent:
1593 5244 1698 5283 non
1724 5229 1970 5299 quidem,
2011 5243 2068 5285 ut
2095 5248 2218 5294 eum

645 5315 1033 5382 contristaret.
1065 5319 1159 5374 sed
1189 5326 1248 5371 ut
1279 5319 1397 5387 ejus
1433 5320 1677 5375 studium
1712 5320 1985 5376 incitaret.
2018 5320 2219 5387 Quare,

645 5414 704 5460 ut
726 5419 844 5460 eum
907 5408 1038 5464 vidit
1091 5427 1397 5481 congruum
1446 5413 1751 5482 arripuisse
1802 5393 2098 5476 ferveretn,
2155 5429 2220 5467 ac

601 5497 942 5564 -posteriore
988 5501 1267 5570 diligentia
1305 5503 1698 5572 prmcedentem
1751 5519 2019 5577 purgasse
2069 5504 2213 5560 desi-

646 5586 812 5654 diam,
856 5595 1022 5662 etrapit
1077 5593 1228 5666 illum
1287 5596 1694 5663 commendare,
1730 5599 1806 5652 ita
1841 5600 2090 5655 scribens
2117 5600 2164 5632 ⁷⁸
2199 5617 2241 5662 :_

654 5694 670 5727 ι
705 5677 918 5736 Salutat
971 5701 1067 5743 vos
1132 5686 1349 5744 Marcus
1415 5691 1783 5748 consobrinus
1813 5693 2096 5758 Barnabtc,
2150 5693 2216 5753 de

734 5852 780 5887 ⁷⁵
836 5854 1051 5914 Coloss.
1099 5876 1170 5925 ιτ,
1223 5859 1312 5914 10.

2326 4678 2499 4740 νάσοις
2530 4677 2590 4730 τὸ
2624 4675 3032 4744 φιλάνθρωπον.
3069 4673 3247 4744 tum
3295 4673 3476 4728 τοίνυν
3500 4677 3527 4728 ὁ
3564 4674 3797 4746 Μάρκος
3830 4672 3936 4751 τῷ.

2323 4769 2584 4842 Βαρνάϐᾳ
2620 4768 2938 4831 σπουδάζων
2961 4785 2975 4800 ·
3025 4769 3122 4825 καὶ
3183 4768 3395 4846 τρέχων
3428 4769 3456 4821 ὁ
3489 4767 3725 4830 Παῦλος,
3794 4761 3931 4830 ταῖς’

2336 4863 2688 4933 Ἐκκλησίαις
2732 4863 3076 4933 παρήγγειλε
3110 4863 3187 4932 μὴ
3226 4862 3486 4932 δεχθῆναι
3518 4860 3610 4914 τὸν
3644 4861 3900 4931 Μάρκον·

2323 4958 2421 5026 οὐχ
2480 4957 2568 5010 ἵνα
2616 4957 2860 5026 λυπήσῃ,
2925 4954 3153 5012 άλλῚνα
3216 4954 3632 5012 σπουδαιότερον
3686 4958 3900 5024 ποιήσῃ.

2334 5049 2423 5112 Ὠς
2453 5047 2512 5100 δὲ
2540 5043 2678 5112 εἶδεν
2708 5049 2737 5101 6
2783 5046 2996 5110 Παῦλος
3025 5046 3370 5117 προλαϐόντα
3393 5044 3493 5116 τὴν
3530 5047 3772 5118 σπουδὴν
3816 5047 3900 5098 τὸν

2323 5142 2577 5211 Μάρκον,
2608 5141 2701 5193 καὶ
2743 5139 3232 5212 ἀπολογησάμενον
3257 5137 3347 5192 διὰ
3364 5138 3472 5191 τῶν
3495 5139 3790 5208 δευτέρων,
3813 5140 3904 5209 dp-

2323 5251 2480 5304 λεται
2535 5234 2700 5287 αὐτὸν
2754 5231 3177 5304 παρατίθεσθαι,
3213 5232 3307 5299 καί
3337 5214 3535 5304 φησιν’
3574 5252 3594 5285 ι
3636 5234 3899 5295 Ἀσπάζε-

2323 5345 2411 5380 ται
2445 5329 2590 5398 ὐμᾶς
2622 5328 2851 5399 Μάρκος
2887 5329 2915 5378 6
2942 5324 3167 5394 ἀνεψιὸς
3194 5326 3473 5398 Βαρνάϐα,
3523 5328 3654 5396 περὶ
3700 5320 3764 5378 οῦ
3788 5326 3902 5378 ἑλά-

2324 5418 2447 5469 ϐετε
2478 5419 2700 5481 ἐντολάς
2723 5437 2735 5448 ο
2770 5418 2864 5470 ἐὰν
2900 5417 3298 5488 ἐλθῃ,δέξασθε
3329 5420 3514 5471 αὐτόν.
3543 5438 3560 5468 ι
3594 5448 3664 5457 -
3691 5438 3723 5479 ,ι
3761 5419 3902 5485 Ἐγέ-

2326 5521 2448 5561 νετο
2501 5506 2594 5563 οὖν
2642 5509 3072 5578 παροξυσμός.›
3118 5541 3190 5552 -
3241 5530 3260 5562 ι
3289 5510 3667 5580 Παροξυσμὺς,
3721 5513 3898 5580 φησὶν,

2327 5599 2612 5667 ἐγένετο,ι
2668 5601 2768 5661 οὐκ
2822 5601 3016 5671 ἔχθρα,
3050 5603 3110 5654 οὐ
3144 5603 3470 5671 φιλονεικία.
3527 5603 3794 5657 Τοσοῦτον
3845 5604 3898 5654 δέ

2328 5692 2554 5763 ἴσχυσεν
2601 5695 2628 5748 6
2687 5694 3062 5767 παροξυσμὸς,
3117 5696 3259 5749 ὥστε
3314 5698 3548 5770 χωρίσαι
3579 5699 3779 5763 αὐτοὺς
3807 5695 3896 5751 ἀπ’
