4082 6342
625 376 735 442 999
942 410 944 414 -
1527 362 1631 423 ἸἮ
1642 361 1837 421 ΕΟῘἮ
1851 357 2110 420 YLACTI
2143 353 2265 416 ΒΗ]

2356 354 2555 414 ARUE
2585 357 2941 418 ARCIIIEP.
3804 356 3946 420 1000

622 496 682 543 ut
709 471 1501 538 uectenuissimalinteamina
1554 473 1695 525 ferre
1726 482 1989 540 possent;
2036 470 2265 530 omni-,1

2356 488 2379 519 ν
2423 468 2578 521 αὐτοὶ
2615 465 2911 522 κατέλιπον
2952 464 3305 540 ἀγέραστον,
3334 472 3359 522 ό
3388 470 3476 523 τὶν
3519 471 3718 540 λοιμὸν
3766 489 3943 528 κατα-

624 581 751 640 bus.
775 588 916 645 quos
958 570 1225 642 putabant
1257 568 1414 634 deos,
1448 566 1654 619 cultum
1687 565 1920 634 aliquem
1955 564 2220 632 praestite-

625 680 777 734 rtmt,
815 664 1087 739 quininde
1123 663 1294 717 ullum
1335 671 1600 729 caperem
1635 657 2088 711 emolumentum.
2117 654 2224 708 lte-

626 772 886 838 putantes
927 774 1080 824 vero,
1132 755 1278 827 quod
1321 750 1561 808 fortasse
1609 752 1745 804 deus
1791 759 1940 806 esset
2000 748 2219 819 aliquis,

627 877 788 930 quem
824 858 926 926 ipsi
987 853 1379 907 inli'onoratum
1431 847 1776 916 reliquerint,
1829 860 1891 898 ac
1935 850 2222 913 propterea

593 936 745 1022 ‘ipse
778 957 984 1020 pestem
1054 942 1376 997 immisisset
1430 938 1604 999 illam,
1665 952 1859 991 novam
1887 935 2227 989 mdilirarunt

602 1031 800 1108 aram,
837 1042 927 1094 cui
967 1057 985 1088 ‹
1017 1036 1207 1108 ignoto
1239 1032 1348 1088 Deo
1393 1049 1411 1082 ι
1502 1029 1906 1099 inscripserunt
1939 1044 1950 1078 :
1989 1041 2227 1095 cumque

627 1153 793 1206 super
827 1134 973 1188 illam
1001 1128 1433 1199 sacriﬁcassent,
1464 1122 1756 1178 confestim
1787 1120 1953 1192 pestis
1983 1117 2226 1204 evanuit.

629 1230 788 1283 Hunc
821 1228 985 1296 igitur
1036 1222 1239 1276 Paulus
1309 1217 1384 1272 ait
1428 1232 1552 1273 esse
1593 1215 1905 1278 Christum,
1980 1213 2225 1266 omnium

629 1322 821 1385 Deum,
856 1332 1020 1389 quem
1050 1332 1110 1372 se
1134 1312 1468 1367 annuntiare
1493 1307 1816 1362 amrmabat.
1845 1305 2114 1360 Caeterum
2149 1305 2226 1357 in-

628 1423 778 1484 tegra
807 1413 897 1466 illa
941 1408 1232 1476 inscriptio
1273 1405 1347 1458 ita
1407 1417 1466 1457 se
1497 1401 1732 1455 habebat
1768 1415 1780 1451 :
1857 1415 1874 1449 ι
1919 1395 2032 1450 Diis
2065 1396 2231 1460 Asim,

629 1505 880 1572 Europte,
904 1511 956 1556 et
978 1499 1194 1567 Libyae,
1221 1496 1328 1549 Deo
1353 1497 1605 1565 ignotoet
1628 1489 1938 1562 peregrino.
1955 1485 2231 1540 l—(DcllS

629 1598 722 1667 qui
764 1595 914 1650 fecit.
959 1611 976 1644 ι
1041 1591 1120 1645 Ne
1160 1597 1438 1660 putarent,
1470 1584 1638 1639 Deum
1705 1585 1774 1636 ab
1813 1583 1930 1650 ipso
1961 1581 2232 1651 prtcdit-a-

2331 562 2573 632 πέμψας,
2604 563 2722 615 νέον
2771 549 3091 633 δειιῶιμενοι
3148 563 3334 633 βωμὸν
3372 569 3468 618 καὶ
3509 567 3943 637 ἐγγράψαντες,

2335 676 2350 706 ι
2389 656 2684 740 Ἀγνώστῳ
2731 656 2874 727 Θεῷ,
2919 677 2936 708 ι
2974 659 3068 711 καὶ
3113 656 3404 723 θύσαντες,
3464 661 3668 724 εὐθέως
3730 660 3940 732 ἐθερα-

2328 743 2648 818 πεύθησαν.“
2665 749 2868 801 Τοῦτον
2909 749 3024 806 οῦν.
3081 767 3242 818 φησι,
3283 752 3518 820 Χριστὸν
3576 753 3813 823 Ἰησοῦν
3859 757 3949 806 τὸν

2305 844 2551 896 πάντων
2579 842 2714 895 Θεὸν
2743 843 2771 892 ὁ
2805 840 3037 904 Παῦλος,
3081 841 3140 894 ὃν
3176 843 3270 896 καὶ
3305 845 3709 913 καταγγέλλειν
3759 847 3951 909 αὐτοῖς

2329 939 2591 1007 ἔφασκεν.
2634 913 2812 990 Ἐστί
2845 937 2903 989 δὲ
2955 939 2984 1005 ἡ
3050 937 3195 989 πᾶσα
3251 937 3346 989 τοῦ
3394 936 3590 1005 βωμοῦ
3642 939 3954 1009 ἐπιγραςὴ

2327 1033 2574 1100 τοιαύτη·
2613 1049 2632 1082 ι
2668 1031 2821 1094 Θεοῖς
2851 1032 3064 1093 Ἀσίας,
3097 1028 3193 1082 καὶ
3229 1028 3522 1102 Εὐρώπης,
3567 1032 3663 1083 καὶ
3693 1030 3956 1099 Λιϐύης,

2295 1182 2299 1186 ,
2329 1124 2436 1194 θεῷ
2484 1123 2753 1195 ἀγνώστῳ
2783 1125 2885 1189 καὶ
2921 1123 3078 1194 ξένῳ.
3123 1140 3248 1174 ι-ι
3310 1123 3378 1175 'U
3399 1123 3536 1186 Θεὸς
3570 1126 3600 1177 ὁ
3633 1124 3894 1194 ποιήσας
3934 1143 3951 1175 ι

2332 1218 2453 1271 Ἵνα
2483 1218 2556 1288 μὴ
2597 1219 2897 1287 νομίσωσιν
2922 1219 3018 1270 ἕνα
3063 1215 3173 1270 τῶν
3201 1216 3416 1270 πολλῶν
3458 1211 3602 1270 εἶναι
3655 1216 3811 1270 Θεὸν
3863 1215 3958 1267 τὶν

2332 1310 2425 1363 ὑπ’
2455 1310 2624 1363 αὑτοῦ
2658 1310 3098 1382 κηρυττόμενον,
3126 1308 3439 1378 διορθοῦται
3478 1311 3737 1376 ἐπάγων·
3785 1329 3806 1360 r
3853 1311 3961 1363 oin:

2331 1406 2389 1456 ὲν
2422 1405 2833 1475 χειροποιήτοις
2884 1406 3055 1468 ναοῖς.
3101 1423 3120 1456 ι
3164 1405 3321 1457 Οῐκεῖ
3376 1404 3476 1474 μὲν
3512 1407 3621 1474 γὰρ
3664 1407 3730 1457 ὲν
3776 1393 3996 1466 ναοῖς,’

2333 1497 2450 1551 ἀλλ’
2497 1499 2598 1551 οὐκ
2663 1499 2721 1551 ὲν
2759 1495 3050 1562 τοιούτοις,
3109 1497 3226 1552 ἀλλ’
3261 1500 3320 1550 ὲν
3376 1498 3702 1569 ἀνθρωπίνῃ
3769 1497 3959 1567 ψυχῇ.

2335 1589 2470 1642 Οὐδὲ
2506 1592 2617 1659 γὰρ
2651 1591 2708 1640 ἐν
2752 1589 2867 1660 ναῷ
2899 1588 3010 1642 τῶν
3063 1589 3461 1659 Ἰεροσολύμων
3487 1589 3713 1657 λέγεται
3749 1589 3965 1652 οἰκεῖν,

629 1703 744 1744 tum
776 1688 1012 1743 similent
1049 1699 1171 1741 esse
1207 1682 1401 1736 multis
1443 1678 1571 1742 illis,
1609 1691 1750 1748 quos
1781 1677 1918 1731 alias
1943 1674 2225 1738 colebant,

2356 1682 2451 1734 ιλλ’
2505 1683 2788 1754 ἐνεργεῖνο
2826 1682 2949 1735 οὐδὲ
2991 1682 3097 1734 ὑπὸ
3160 1681 3366 1754 χειρῶν
3419 1681 3734 1752 ἀνθρώπων
3799 1680 3968 1751 παρὰ

627 1785 756 1846 diis.
805 1799 870 1838 ac
925 1793 984 1835 ut
1014 1793 1257 1835 errorem
1305 1779 1477 1831 istum
1541 1775 1930 1838 submoveret,
2001 1771 2229 1826 subdit:

2356 1775 2610 1829 Ιουδαίων
2661 1775 3030 1846 ἐθεραπεύθη,
3072 1775 3189 1828 ἀλλ’
3228 1775 3335 1829 ὑπὸ
3365 1775 3626 1838 διανοίαςο
3663 1775 3809 1827 ἐπεὶ
3853 1776 3960 1827 κά-

637 1900 654 1931 ι
677 1878 864 1932 Nonin
887 1873 1215 1929 manufactis
1240 1871 1461 1940 templis
1489 1867 1827 1921 habitath
1861 1863 2107 1928 Scilicet,
2134 1866 2228 1918 lia-
2261 1871 2265 1922 l

2356 1872 2487 1924 ιεῖνά
2519 1888 2582 1938 γε
2628 1870 2730 1923 οὐκ
2764 1870 2946 1942 ἐζήτει
2996 1869 3193 1933 οὕτως,
3232 1868 3308 1932 ὡς
3347 1867 3778 1939 προσδεόμενος·
3824 1865 3973 1936 φησὶ

631 1971 767 2024 bitat
800 1966 1025 2038 quidem
1060 1965 1113 2018 in
1143 1963 1384 2034 templis,
1407 1961 1501 2016 sed
1535 1974 1643 2014 non
1675 1961 1728 2012 in
1773 1959 2009 2024 talibus;
2057 1957 2148 2012 sed
2176 1957 2229 2010 in

2356 1966 2469 2035 γάρ’
2515 1985 2533 2019 ι
2577 1965 2668 2036 Μὴ
2711 1965 2957 2035 φάγομαι
3007 1966 3147 2034 κρέα
3193 1964 3435 2035 ταύρων,
3483 1982 3502 2015 ι
3539 1961 3636 2016 καὶ
3672 1963 3752 2015 τὰ
3800 1960 3969 2032 ἑξῆς.

632 2064 816 2114 anima
859 2059 1121 2112 humana.
1178 2053 1337 2110 Unde
1369 2068 1468 2107 nec
1503 2053 1557 2106 in
1606 2051 1996 2121 Jerosolymita
2031 2048 2232 2118 templo

2356 2061 2548 2130 Ι(ρῆσιν
2580 2060 2770 2123 αὐτοῖς·
2791 2059 3027 2129 Ἀράτου
3060 2058 3281 2126 ἐπάγει,
3330 2057 3450 2119 ἑνός
3473 2072 3619 2118 τινος
3653 2055 3778 2106 τῶν
3822 2053 3970 2124 παρ’

629 2149 918 2203 dicebatur
947 2147 1217 2210 habitare,
1253 2143 1349 2199 sed
1389 2162 1407 2194 ι
1446 2143 1686 2213 operari.
1731 2160 1748 2192 ι
1781 2140 1892 2196 Nec
1927 2160 1944 2193 ι
1975 2142 2230 2194 inanibus

2356 2156 2529 2218 ιὺτοῖς
2571 2153 2815 2223 ποιητῶν
2863 2155 2943 2216 εἰς
2996 2148 3354 2219 κατασκευὴν
3384 2148 3478 2202 τοῦ
3510 2147 3710 2203 ἑαυτοῦ
3744 2148 3956 2217 λόγου.

631 2241 894 2296 humanis
947 2240 1230 2294 colebatur
1271 2257 1289 2290 ι
1326 2253 1355 2292 a
1382 2236 1611 2303 Iudaeis,
1667 2237 1760 2293 sed
1818 2247 1999 2290 mente
2034 2250 2046 2286 :
2077 2251 2229 2299 nam,

2356 2267 2368 2298 ι
2413 2246 2520 2299 Τοῦ
2550 2247 2661 2317 γὰρ
2694 2246 2787 2299 καὶ
2834 2245 2990 2315 γένος
3021 2245 3211 2314 ἐσμέν,
3245 2264 3263 2296 ι
3305 2244 3460 2312 φησί.
3492 2242 3599 2295 Καὶ
3634 2235 3816 2304 οὗτος
3864 2241 3972 2311 μὲν

630 2351 754 2407 qua:
781 2336 818 2389 ii
858 2334 1183 2398 oﬂerebant,
1241 2333 1390 2387 Deus
1424 2345 1530 2385 non
1571 2332 1727 2400 quasi
1765 2349 1784 2381 ι
1831 2331 2086 2398 indigens
2123 2328 2227 2382 ali-

2356 2339 2464 2409 τερὶ
2507 2339 2603 2392 τοῦ
2649 2339 2999 2411 Δημιουργοῦ
3032 2338 3165 2392 αὐτὸ
3200 2335 3534 2407 ἐκλαμϐάνει
3569 2337 3646 2405 (εἰ
3673 2337 3784 2390 καὶ
3817 2336 3965 2404 περὶ

629 2447 741 2500 quo
774 2450 792 2484 ι
830 2428 1184 2500 requirebat;
1211 2427 1287 2480 ait
1317 2427 1463 2480 enim
1501 2441 1514 2478 :
1550 2444 1568 2478 ι
1601 2424 1856 2495 Nunquid
1893 2423 2237 2479 manducabo

2356 2430 2436 2485 τοῦ
2469 2431 2593 2494 Διὸς
2656 2431 2816 2484 τοῦτο
2870 2429 3126 2502 εἰρῆσθαί
3156 2429 3369 2498 φασιν),
3403 2428 3461 2480 οὐ
3499 2428 3588 2480 τον
3619 2428 3858 2480 ἐκεῖνον
3882 2426 3977 2478 λέ-

631 2539 826 2579 earues
854 2522 1224 2590 taurorum",
1255 2529 1361 2576 etc.
1393 2538 1411 2572 ι
1452 2519 1725 2575 Deindein
1761 2517 2231 2574 conﬁrmationem

2356 2541 2473 2592 (ων,
2507 2524 2643 2578 ἀλλά
2693 2525 2754 2576 τὸ
2818 2523 3156 2592 κυρίωςξὲπ’
3209 2521 3362 2591 αὐτῷ
3422 2519 3688 2590 ἁρμόζειν
3750 2519 3970 2589 λέγων.

633 2617 904 2672 sermonis
930 2617 1013 2672 sui
1037 2615 1184 2670 istud
1211 2616 1386 2679 Arati,
1419 2614 1588 2669 unius
1641 2629 1705 2667 ex
1745 2613 1991 2683 ipsorum
2025 2611 2230 2682 poetis,

2356 2619 2504 2682 Γένος
2560 2617 2616 2672 δὲ
2662 2616 2798 2671 Θεοῦ
2833 2613 2978 2671 εἶναι
3035 2617 3189 2686 ἡμᾶς
3249 2631 3386 2687 φησι
3441 2613 3678 2677 Παῦλος,
3724 2614 3847 2684 οὐχ
3897 2614 3975 2678 ὡς

639 2710 923 2780 egregium
948 2711 1156 2765 dictum
1191 2708 1397 2780 profert
1426 2728 1437 2763 :
1497 2727 1516 2761 ι
1570 2707 1752 2780 Ipsius
1778 2707 1922 2762 enim
1979 2714 2032 2760 et
2055 2722 2231 2778 genus

2356 2711 2542 2766 εκεῖνοί
2606 2729 2794 2781 φασιν,
2857 2709 2972 2767 ἀλλ’
3006 2710 3182 2783 έτέρῳ
3233 2709 3332 2780 νῷ·
3366 2707 3636 2775 τουτέστι,
3681 2709 3973 2770 οἰκείους,

559 2850 568 2855 .
631 2818 826 2859 sumus
860 2821 872 2859 :
915 2823 934 2856 ι
966 2813 1019 2858 et
1043 2805 1173 2858 illud
1204 2804 1424 2874 quidem
1458 2802 1526 2858 de
1553 2821 1769 2861 summo
1803 2801 2011 2870 Opiiice
2030 2801 2230 2872 accipit

2356 2805 2642 2874 iyyura'tou
2655 2824 2695 2868 ς.

563 2939 566 2944 .
635 2900 874 2964 Paulus,
911 2914 1228 2969 quanquam
1259 2898 1326 2952 de
1355 2897 1486 2953 Jove
1509 2899 1576 2952 ab
1613 2898 1780 2950 Arato
1807 2896 2220 2966 pronuntiatum
2255 2894 2440 2952 fuerit.
2476 2898 2743 2953 Videlicet
2792 2886 2998 2954 Aratus
3052 2909 3160 2952 non
3194 2897 3260 2952 de
3321 2899 3514 2953 eodem
3577 2897 3824 2952 omnino
3888 2894 3976 2950 lo-

634 3005 797 3049 cutus
828 3002 933 3058 est,
997 2993 1090 3047 sed
1144 3003 1324 3046 tamen
1360 2993 1411 3046 id
1456 2992 1709 3062 .proutlit,
1742 2991 1885 3066 quod
1921 2992 1968 3045 ei
2009 2989 2226 3060 proprie
2268 2995 2445 3063 aptari
2480 3001 2679 3062 potest.
2708 3012 2726 3044 ι
2763 2989 2956 3047 Genus
2985 3000 3169 3045 autem
3199 2990 3292 3047 Dei
3323 3010 3342 3044 ι
3397 3007 3498 3046 nos
3560 3006 3703 3054 esse,
3783 2988 3981 3058 inquit

635 3088 956 3157 Apostolus,
994 3103 1102 3141 non
1145 3102 1210 3142 co
1241 3102 1429 3154 Sensit,
1457 3104 1567 3159 quo
1591 3073 1775 3141 Graeci
1804 3093 1981 3158 poeta:
2014 3084 2227 3147 dicunt,
2268 3084 2365 3140 sed
2391 3087 2539 3154 alio;
2581 3101 2777 3157 nempe
2812 3085 2965 3157 quod
3023 3099 3129 3141 nos
3203 3084 3380 3141 simus
3431 3084 3484 3140 ei
3515 3082 3864 3152 jamiliares
3923 3090 3982 3138 et

637 3181 894 3253 proximi.

709 3278 789 3330 Ad
813 3275 1177 3330 Athenienses
1201 3275 1364 3329 verba
1391 3272 1601 3329 faciens
1631 3274 1832 3329 Paulus
1860 3295 1877 3326 ι
1907 3275 2182 3330 hominem
2212 3294 2230 3327 ι
2268 3282 2313 3340 c

637 3366 1021 3422 lantunnnodo
1050 3366 1333 3421 Christum
1353 3366 1612 3436 appellat,
1639 3367 1825 3422 dicens
1849 3367 1891 3397 ⁷⁸
1921 3381 1933 3420 :
1974 3385 1991 3418 ι
2029 3366 2084 3422 In
2106 3369 2244 3434 viro,

647 3466 702 3519 in
734 3480 843 3533 quo
872 3462 1090 3526 statuit,
1142 3462 1302 3517 [idem
1354 3461 1608 3532 prmbens
1639 3463 1917 3526 omnibus,
1970 3464 2246 3518 suscitans

638 3570 763 3610 eum
798 3569 828 3608 a
877 3555 1118 3622 mortuis
1157 3571 1180 3606 :.
1210 3572 1228 3605 ι
1266 3561 1319 3609 ct
1346 3553 1481 3608 niltil
1515 3551 1582 3607 dc
1624 3573 1641 3602 ι
1679 3551 1856 3606 forma
1891 3553 1980 3606 Dei
2017 3571 2033 3603 ι
2073 3553 2243 3618 addit,

642 3665 824 3716 neque
853 3648 999 3718 quod
1036 3667 1055 3698 ι
1091 3647 1320 3711 aequalis
1359 3665 1377 3696 ι
1437 3656 1582 3700 esset
1612 3646 1710 3709 illi,
1770 3662 1787 3694 ι
1825 3655 1878 3697 et
1903 3645 1946 3676 "
1985 3645 2247 3714 splendor

641 3741 827 3812 gloriae
875 3739 997 3808 ejus
1030 3751 1044 3790 :
1085 3757 1102 3788 ι
1141 3746 1196 3791 et
1247 3736 1470 3805 quidem
1500 3751 1780 3804 congrue;
1830 3733 2070 3788 nondum
2096 3737 2242 3788 enim

641 3845 762 3889 erat
790 3844 1008 3901 tempus
1043 3840 1416 3901 opportunum
1465 3827 1650 3883 verbis
1681 3828 1838 3896 istis;
1898 3826 1994 3884 sed
2023 3828 2242 3882 interim

643 3925 892 3981 contenti
917 3922 1366 3994 erantapostoli,
1417 3922 1464 3977 si
1499 3905 1817 3977 cr'éderetur
1846 3937 2007 3977 verus
2054 3921 2243 3985 homo,

643 4030 697 4076 ct
735 4019 1134 4085 resurrexisse,
1174 4016 1528 4074 dissimulata
1577 4018 1846 4087 tantisper
1901 4017 2019 4087 ejus
2042 4015 2242 4071 divini-

640 4121 778 4169 tate.

721 4226 738 4259 ‹
776 4206 842 4262 Et
868 4219 1112 4277 tempora
1165 4203 1412 4276 quidem.
1450 4221 1468 4254 ι
1522 4200 1643 4257 Non
1695 4202 1798 4256 hoc
1828 4201 2094 4271 ait,quod
2124 4200 2248 4254 nul-.

644 4301 732 4353 lus
764 4301 1002 4354 istorum
1043 4299 1328 4369 puniatur,
1369 4295 1463 4351 sed
1491 4296 1620 4364 quia
1649 4309 1825 4368 nemo
1877 4293 2118 4354 illorum,
2149 4291 2246 4360 qui

652 4411 670 4444 ι
692 4393 1247 4462 ptenitentiatnagere
1269 4408 1287 4441 ι
1315 4388 1570 4452 voluerit,
1592 4385 1903 4456 puniendus
1930 4385 2002 4438 sit
2027 4400 2041 4436 :
2071 4397 2249 4451 neque

645 4482 846 4538 deitlis
880 4481 973 4552 qui
997 4481 1111 4552 jam
1136 4480 1391 4535 obierant
1419 4477 1684 4549 loquitur,
1760 4476 1857 4529 sed
1883 4473 1951 4529 de
1983 4473 2094 4529 illis
2128 4474 2248 4545 qui-

649 4579 754 4636 bus
782 4587 917 4632 tunc
948 4575 1306 4647 pratdicabat.
1335 4572 1457 4627 Non
1519 4572 1721 4643 exiget,
1775 4569 1978 4639 inquit,
2027 4583 2058 4622 a
2090 4568 2247 4625 vobis

2419 3277 2465 3308 ⁸⁸
2483 3276 2801 3346 Ἀθηναίοις
2817 3276 2937 3345 ’γὰρ
2956 3273 3343 3344 διαλεγόμενος
3363 3275 3391 3326 ὁ
3418 3272 3647 3338 Παῦλος,
3673 3274 3847 3341 φησὶ,
3879 3274 3983 3328 ἆν-

2354 3365 2456 3438 δρα
2493 3369 2661 3421 αὑτὸν
2701 3369 2959 3422 ἐπικαλεῖ
2989 3367 3170 3439 μόνον,
3201 3367 3346 3420 οῦτω
3381 3366 3581 3436 λέγων’
3613 3387 3630 3418 ι
3662 3367 3758 3420 Ἑν
3807 3368 3987 3440 ἀνδρὶ

2354 3454 2398 3529 ᾧ
2430 3461 2630 3532 ὥρισε,
2656 3461 2844 3515 πίστιν
2877 3461 3180 3533 παρασχὼν
3208 3463 3397 3524 πᾶσιν,
3439 3462 3758 3531 ἀναστήσας
3801 3462 3985 3514 αὑτὸν

2354 3558 2419 3610 ἐκ
2446 3559 2676 3624 νεκρῶν·
2724 3575 2743 3607 ι
2793 3555 2891 3608 καὶ
2939 3555 3094 3608 οὐδὲν
3127 3555 3257 3625 περὶ
3326 3555 3430 3623 τῆς
3475 3553 3571 3606 τοῦ
3623 3553 3768 3605 Θεοῦ
3817 3554 3986 3620 λέγει

2359 3649 2596 3716 μορφῆς,
2643 3645 2769 3698 οὐδὲ
2809 3647 2894 3700 ὅτι
2969 3648 3084 3708 τσος
3133 3645 3307 3715 αὐτῷ,
3347 3645 3470 3698 οὐδὲ
3499 3647 3583 3700 ὅτι
3611 3632 3985 3716 ἀπαύγασμα

2354 3737 2449 3801 τῆς
2482 3738 2644 3807 δόξης
2675 3735 2869 3790 αὐτοῦ·
2914 3737 3167 3800 εἰκότως.
3223 3735 3396 3790 Οὔπω
3449 3737 3560 3808 γὰρ
3620 3738 3832 3809 καιρὸς
3866 3739 3986 3791 τῶν

2356 3831 2620 3902 ῥημάτων
2673 3831 2882 3885 τούτων
2954 3826 3044 3903 ἦν.
3103 3830 3248 3884 Ἀλλ’
3293 3831 3582 3902 ἀγαπητζμν
3627 3827 3696 3901 ἦν
3762 3835 3986 3896 αὐτοὺς

2354 3926 2769 3998 παραδέξασθαι
2827 3925 2986 3990 τέως,
3039 3926 3122 3980 ὃτι
3175 3923 3474 3996 ἄνθρωπός
3539 3925 3679 3987 ἐστι,
3723 3924 3834 3974 καὶ
3897 3923 3984 4003 δτι

2357 4021 2582 4092 ἀνέστη,
2620 4020 2789 4096 αὑτοῦ
2823 4021 2924 4092 τὴν
2962 4019 3195 4088 θεότητα
3230 4017 3587 4087 ὲξεχάλυψεν.

2430 4224 2448 4253 ι
2478 4204 2618 4266 Τοὺς
2640 4205 2740 4274 μὲν
2768 4203 2862 4256 οῦν
2883 4202 3130 4273 χρόνους.
3146 4219 3165 4253 ι
3197 4201 3273 4254 Οὐ
3289 4199 3446 4254 τοῦτό
3467 4216 3655 4269 φησιν,
3684 4200 3772 4252 ὅτι
3790 4199 3986 4263 οὐδεὶς

2353 4295 2648 4361 κολάζεται
2689 4295 2922 4363 τούτων,
2939 4294 3053 4351 ἀλλ’
3078 4297 3159 4348 ὃτι
3178 4294 3355 4359 οὐδεὶς
3375 4292 3482 4347 τῶν
3503 4293 3779 4347 θελόντων
3805 4313 3984 4364 μετα-

2355 4391 2516 4444 νοεῖν.
2543 4391 2619 4444 Οὐ
2650 4390 2782 4460 περὶ
2801 4390 2909 4443 τῶν
2933 4387 3281 4444 ἀπελθόντων
3299 4389 3407 4458 γάρ
3429 4387 3588 4441 τοῦτό
3611 4405 3812 4456 φησιν,
3842 4389 3985 4443 ἀλλὰ

2352 4483 2704 4554 περὶτούτων
2721 4478 2810 4564 οἷς
2824 4483 3213 4556 παραγγέλλει.
3230 4483 3346 4536 οὐκ
3361 4484 3586 4536 ἀπαιτεῖ
3605 4463 3775 4548 λόγον
3801 4484 3982 4552 ὑμᾶς,

2353 4578 2653 4648 φησὶ,περὶ
2677 4575 2788 4632 τῶν
2809 4578 3095 4649 προτέρων
3115 4575 3255 4629 ἐτῶν
3277 4576 3378 4643 τῆς
3399 4572 3619 4642 ἀγνοίας
3635 4573 3824 4642 ὑμῶν.
3866 4578 3987 4630 Οξρκ

597 4685 606 4687 ‘
645 4673 942 4728 rationem
961 4669 1342 4744 deprmtcritis
1366 4667 1525 4739 281
1551 4665 1713 4722 anuis
1738 4684 1756 4717 ι
1787 4663 2121 4736 ignorantia:
2160 4679 2253 4719 ve-

2369 4668 2492 4726 εἷπε
2523 4673 2580 4726 δὲ
2611 4671 2894 4742 παρεῖδεν,
2949 4671 2984 4741 ἢ
3017 4709 3032 4734 ,
3083 4669 3270 4721 εἴασεν
3295 4710 3310 4733 ,
3343 4666 3501 4731 ἀλλὰ,
3539 4687 3560 4719 ι
3607 4668 3871 4739 περιεῖδε
3915 4673 3985 4701 "-

649 4781 797 4824 81m.
827 4788 844 4820 ι
876 4764 996 4822 Non
1027 4767 1168 4821 dixit
1194 4777 1398 4829 autem,
1442 4761 1766 4827 contemnit,
1823 4758 1908 4814 vel
1963 4757 2253 4827 permittit,

651 4862 769 4921 sed.
799 4878 816 4910 ι
843 4859 1181 4923 dissimulat,
1216 4874 1234 4907 ι
1282 4855 1387 4909 boc
1410 4861 1520 4920 est,
1551 4867 1660 4906 non
1692 4848 1866 4920 punit,
1899 4848 2255 4916 quantumvis

657 4950 942 5018 punitione
974 4949 1193 5022 dignos.

1221 5040 1452 5098 CAPUT
1491 5036 1706 5099 XXVII.

2365 4766 2668 4828 τουτέστιν,
2701 4763 2802 4817 οὐκ
2830 4764 3053 4817 ἀπαιτεῖ
3085 4761 3331 4820 κόλασιν.
3363 4759 3556 4816 ὥσπεο
3579 4760 3769 4825 ἀξίους
3810 4763 3987 4814 byn.-

2367 4859 2662 4919 κολάσεως.

2951 5037 3206 5092 ΚΕΦΑΛ.
3241 5034 3368 5086 KZ'.

657 5136 733 5190 De
757 5134 952 5203 Aquila
1001 5144 1048 5188 et
1085 5133 1365 5199 Priscilla,
1428 5137 1592 5207 deque
1640 5134 2039 5192 Corinthiorum
2089 5136 2263 5190 incre-

2363 5135 2502 5205 Περὶ
2531 5100 2752 5190 Ἀκύλα
2793 5135 2892 5189 καὶ
2942 5129 3343 5198 Πρισκιλλης,
3387 5121 3498 5194 τῆς
3539 5141 3604 5179 τε
3633 5127 3986 5193 Κορινθίων

726 5230 955 5283 dulitate
981 5245 1044 5283 ac
1071 5228 1133 5282 de
1159 5227 1484 5295 beneptacito
1527 5231 1624 5285 Dei
1657 5232 1946 5287 secundum
1973 5229 2261 5298 praemiat-

729 5326 862 5380 tiam
890 5341 1014 5395 erga
1042 5323 1191 5387 illos,
1241 5323 1382 5392 quod
1426 5324 1715 5378 revelatum
1756 5335 1833 5380 est
1878 5323 2076 5377 Paulo.
2125 5324 2264 5378 Item
2343 5391 2348 5396 η

727 5421 792 5472 de
832 5417 1018 5487 Crispo
1072 5417 1519 5487 archisynagoyo,
1573 5415 1663 5483 qui
1708 5415 1935 5470 credidit
1979 5430 2099 5468 cum
2143 5416 2267 5466 aliis

732 5599 796 5634 "'
821 5601 944 5656 Act.
960 5617 1068 5674 vn,
1105 5601 1195 5656 48.

2437 5229 2746 5293 ἀπειθείας
2805 5227 2906 5282 καὶ
2962 5221 3076 5291 τῆς
3106 5219 3256 5273 κατὰ
3295 5219 3986 5289 πρότνωσινὲγαὺτοῖς

2437 5323 2723 5386 εὐδοκίας
2743 5320 2849 5375 τοῦ
2865 5315 3016 5373 Θεοῦ
3033 5315 3583 5384 ἀποκαλυφθεὶσης
3599 5315 3681 5382 τῷ
3709 5318 3953 5383 Παύλῳ
3973 5333 3982 5343 ·

2440 5417 2509 5469 ἐν
2559 5409 2607 5482 ᾧ
2649 5414 2787 5483 περὶ
2823 5411 3098 5480 Κρίσπον
3128 5408 3667 5481 ἀρχισυναγώγου,
3718 5411 3987 5464 πιστεύ-

1293 5602 1336 5632 ¹⁷
1380 5600 1528 5659 Psal.
1561 5616 1707 5666 XLII,
1743 5600 1834 5654 25.
1913 5599 1960 5629 ’⁸
1994 5597 2196 5670 Ephes.
2231 5615 2273 5688 ι,
2297 5598 2386 5653 ‘20.
2469 5599 2514 5629 "
2541 5598 2708 5654 Hebr.
2753 5612 2792 5661 ι,
2824 5596 2878 5651 5.

1886 5739 2088 5802 Variae
2119 5738 2430 5801 lectiones
2479 5747 2539 5799 et
2584 5743 2774 5799 notae.

740 5864 784 5896 "
818 5863 984 5936 Μαι-ε.
1014 5866 1108 5918 τοῦ
1147 5867 1539 5940 Χρυσοστόμου
1567 5867 1632 5918 ἐκ
1665 5865 1758 5920 τοῦ
1793 5866 1934 5919 κατὰ
1963 5867 2243 5938 Ἰωάννην.
2321 5865 2368 5898 ⁸⁸
2403 5865 2686 5936 ὑπερεῖδε.
