  <div class='ocr_page' id='page_1' title='image "/cluster/home/n/w/nwhite01/storage/ocr_20150623/125/pst.000005714407/540.png"; bbox 0 0 4082 6342; ppageno 0'>
   <div class='ocr_carea' id='block_1_1' title="bbox 222 362 354 426">
    <p class='ocr_par' dir='ltr' id='par_1_1' title="bbox 222 362 354 426">
     <span class='ocr_line' id='line_1_1' title="bbox 222 362 354 426; baseline -0.023 1"><span class='ocrx_word' id='word_1_1' title='bbox 222 362 354 426; x_wconf 82' lang='grc'><strong>1001</strong></span> 
     </span>
    </p>
   </div>
   <div class='ocr_carea' id='block_1_2' title="bbox 794 350 2888 419">
    <p class='ocr_par' dir='ltr' id='par_1_2' title="bbox 794 350 2888 419">
     <span class='ocr_line' id='line_1_2' title="bbox 794 350 2888 419; baseline -0.006 0"><span class='ocrx_word' id='word_1_2' title='bbox 794 355 1332 419; x_wconf 74' lang='lat' dir='ltr'><strong>EXPOSITIONIS</strong></span> <span class='ocrx_word' id='word_1_3' title='bbox 1368 354 1448 416; x_wconf 86' lang='lat' dir='ltr'><strong>IN</strong></span> <span class='ocrx_word' id='word_1_4' title='bbox 1487 353 1676 415; x_wconf 73' lang='lat' dir='ltr'><strong>ACTA</strong></span> <span class='ocrx_word' id='word_1_5' title='bbox 1714 350 2014 414; x_wconf 86' lang='lat' dir='ltr'><strong>TEXTUS</strong></span> <span class='ocrx_word' id='word_1_6' title='bbox 2055 351 2322 411; x_wconf 80' lang='lat' dir='ltr'><strong>ALTER.</strong></span> <span class='ocrx_word' id='word_1_7' title='bbox 2358 374 2421 385; x_wconf 83' lang='lat'><strong>-</strong></span> <span class='ocrx_word' id='word_1_8' title='bbox 2463 350 2620 408; x_wconf 68' lang='lat' dir='ltr'><strong>CAP.</strong></span> <span class='ocrx_word' id='word_1_9' title='bbox 2668 350 2888 411; x_wconf 78' lang='lat' dir='ltr'><strong>XVIII.</strong></span> 
     </span>
    </p>
   </div>
   <div class='ocr_carea' id='block_1_3' title="bbox 3318 347 3453 415">
    <p class='ocr_par' dir='ltr' id='par_1_3' title="bbox 3318 347 3453 415">
     <span class='ocr_line' id='line_1_3' title="bbox 3318 347 3453 415; baseline 0.037 -5"><span class='ocrx_word' id='word_1_10' title='bbox 3318 347 3453 415; x_wconf 71' lang='grc'><strong>1002</strong></span> 
     </span>
    </p>
   </div>
   <div class='ocr_carea' id='block_1_4' title="bbox 290 455 1814 540">
    <p class='ocr_par' dir='ltr' id='par_1_4' title="bbox 290 468 1814 540">
     <span class='ocr_line' id='line_1_4' title="bbox 290 468 1814 540; baseline 0.001 -14"><span class='ocrx_word' id='word_1_11' title='bbox 290 490 513 538; x_wconf 74' lang='grc' dir='ltr'>σαντες</span> <span class='ocrx_word' id='word_1_12' title='bbox 563 472 682 525; x_wconf 78' lang='grc' dir='ltr'><strong>σὺν</strong></span> <span class='ocrx_word' id='word_1_13' title='bbox 723 471 946 540; x_wconf 80' lang='grc' dir='ltr'>ἑτέροις</span> <span class='ocrx_word' id='word_1_14' title='bbox 968 470 1110 536; x_wconf 77' lang='grc' dir='ltr'>τισὶ,</span> <span class='ocrx_word' id='word_1_15' title='bbox 1147 469 1244 524; x_wconf 73' lang='grc' dir='ltr'><strong>καὶ</strong></span> <span class='ocrx_word' id='word_1_16' title='bbox 1285 468 1731 535; x_wconf 76' lang='grc' dir='ltr'><strong>βαπτισθέντος</strong></span> <span class='ocrx_word' id='word_1_17' title='bbox 1766 510 1780 534; x_wconf 86' lang='grc'><strong>,</strong></span> <span class='ocrx_word' id='word_1_18' title='bbox 1813 524 1814 527; x_wconf 45' lang='grc' dir='ltr'><strong>η</strong></span> 
     </span>
    </p>
   </div>
   <div class='ocr_carea' id='block_1_5' title="bbox 1916 455 3457 540">
    <p class='ocr_par' dir='ltr' id='par_1_5' title="bbox 1957 455 3457 538">
     <span class='ocr_line' id='line_1_5' title="bbox 1957 455 3457 538; baseline -0.001 -18"><span class='ocrx_word' id='word_1_19' title='bbox 1957 455 2292 538; x_wconf 79' lang='lat' dir='ltr'><strong>quibusdam,</strong></span> <span class='ocrx_word' id='word_1_20' title='bbox 2333 477 2382 521; x_wconf 78' lang='lat' dir='ltr'><strong>et</strong></span> <span class='ocrx_word' id='word_1_21' title='bbox 2415 468 2709 535; x_wconf 76' lang='lat' dir='ltr'><strong>baptizatus</strong></span> <span class='ocrx_word' id='word_1_22' title='bbox 2759 477 2883 523; x_wconf 74' lang='lat' dir='ltr'><strong>est:</strong></span> <span class='ocrx_word' id='word_1_23' title='bbox 2924 481 2984 520; x_wconf 87' lang='lat' dir='ltr'><strong>ac</strong></span> <span class='ocrx_word' id='word_1_24' title='bbox 3024 467 3282 536; x_wconf 88' lang='lat' dir='ltr'><strong>quomodo</strong></span> <span class='ocrx_word' id='word_1_25' title='bbox 3321 467 3457 521; x_wconf 82' lang='lat' dir='ltr'><strong>sedi-</strong></span> 
     </span>
    </p>
   </div>
   <div class='ocr_carea' id='block_1_6' title="bbox 291 557 1790 629">
    <p class='ocr_par' dir='ltr' id='par_1_6' title="bbox 291 557 1790 629">
     <span class='ocr_line' id='line_1_6' title="bbox 291 557 1790 629; baseline -0.002 -15"><span class='ocrx_word' id='word_1_26' title='bbox 291 561 563 626; x_wconf 78' lang='grc' dir='ltr'>στάσεως</span> <span class='ocrx_word' id='word_1_27' title='bbox 591 561 966 629; x_wconf 75' lang='grc' dir='ltr'><strong>κινηθείσης</strong></span> <span class='ocrx_word' id='word_1_28' title='bbox 1018 561 1089 613; x_wconf 79' lang='grc' dir='ltr'><strong>ἐν</strong></span> <span class='ocrx_word' id='word_1_29' title='bbox 1139 560 1425 626; x_wconf 75' lang='grc' dir='ltr'>Κορίνθῳ,</span> <span class='ocrx_word' id='word_1_30' title='bbox 1468 561 1500 612; x_wconf 89' lang='lat' dir='ltr'><strong>o&#39;</strong></span> <span class='ocrx_word' id='word_1_31' title='bbox 1549 557 1790 624; x_wconf 66' lang='grc' dir='ltr'>Παῦλος</span> 
     </span>
    </p>
   </div>
   <div class='ocr_carea' id='block_1_7' title="bbox 293 649 1792 721">
    <p class='ocr_par' dir='ltr' id='par_1_7' title="bbox 293 649 1792 721">
     <span class='ocr_line' id='line_1_7' title="bbox 293 649 1792 721; baseline -0.002 -16"><span class='ocrx_word' id='word_1_32' title='bbox 293 651 718 721; x_wconf 80' lang='grc' dir='ltr'>ὑπεχώρησεν·</span> <span class='ocrx_word' id='word_1_33' title='bbox 765 651 957 707; x_wconf 64' lang='grc' dir='ltr'>ἐλθὼν</span> <span class='ocrx_word' id='word_1_34' title='bbox 1005 651 1074 706; x_wconf 79' lang='grc' dir='ltr'>δὲ</span> <span class='ocrx_word' id='word_1_35' title='bbox 1126 653 1213 718; x_wconf 81' lang='grc' dir='ltr'><strong>εις</strong></span> <span class='ocrx_word' id='word_1_36' title='bbox 1247 652 1517 720; x_wconf 73' lang='grc' dir='ltr'>Ἔφεσον</span> <span class='ocrx_word' id='word_1_37' title='bbox 1546 649 1642 704; x_wconf 75' lang='grc' dir='ltr'><strong>καὶ</strong></span> <span class='ocrx_word' id='word_1_38' title='bbox 1669 649 1792 703; x_wconf 80' lang='grc' dir='ltr'>δια-</span> 
     </span>
    </p>
   </div>
   <div class='ocr_carea' id='block_1_8' title="bbox 288 729 1284 816">
    <p class='ocr_par' dir='ltr' id='par_1_8' title="bbox 288 729 1284 816">
     <span class='ocr_line' id='line_1_8' title="bbox 288 729 1284 816; baseline 0.001 -17"><span class='ocrx_word' id='word_1_39' title='bbox 288 746 530 814; x_wconf 71' lang='grc' dir='ltr'>λεχθεὶς</span> <span class='ocrx_word' id='word_1_40' title='bbox 558 729 836 816; x_wconf 46' lang='grc' dir='ltr'>ἐξῆλθεν.</span> <span class='ocrx_word' id='word_1_41' title='bbox 1281 758 1284 760; x_wconf 64' lang='grc'>⁷</span> 
     </span>
    </p>
   </div>
   <div class='ocr_carea' id='block_1_9' title="bbox 584 826 1199 913">
    <p class='ocr_par' dir='ltr' id='par_1_9' title="bbox 584 826 1199 913">
     <span class='ocr_line' id='line_1_9' title="bbox 584 826 1199 913; baseline -0.007 -19"><span class='ocrx_word' id='word_1_42' title='bbox 584 826 610 854; x_wconf 75' lang='lat'><strong>‘</strong></span> <span class='ocrx_word' id='word_1_43' title='bbox 816 837 1199 913; x_wconf 73' lang='lat' dir='ltr'><strong>KstMENoN.</strong></span> 
     </span>
    </p>
   </div>
   <div class='ocr_carea' id='block_1_10' title="bbox 293 927 1795 1001">
    <p class='ocr_par' dir='ltr' id='par_1_10' title="bbox 293 927 1795 1001">
     <span class='ocr_line' id='line_1_10' title="bbox 293 927 1795 1001; baseline -0.003 -17"><span class='ocrx_word' id='word_1_44' title='bbox 293 930 452 984; x_wconf 74' lang='grc' dir='ltr'>Μετά</span> <span class='ocrx_word' id='word_1_45' title='bbox 485 930 542 983; x_wconf 73' lang='grc' dir='ltr'>δὲ</span> <span class='ocrx_word' id='word_1_46' title='bbox 565 929 738 984; x_wconf 80' lang='grc' dir='ltr'>ταῦτα</span> <span class='ocrx_word' id='word_1_47' title='bbox 763 929 1057 1001; x_wconf 74' lang='grc' dir='ltr'>χωρισθεὶς</span> <span class='ocrx_word' id='word_1_48' title='bbox 1085 930 1114 983; x_wconf 90' lang='lat'><strong>6</strong></span> <span class='ocrx_word' id='word_1_49' title='bbox 1134 927 1346 993; x_wconf 79' lang='grc' dir='ltr'><strong>Παῦλος</strong></span> <span class='ocrx_word' id='word_1_50' title='bbox 1377 929 1443 984; x_wconf 80' lang='grc' dir='ltr'>ὲκ</span> <span class='ocrx_word' id='word_1_51' title='bbox 1480 927 1589 982; x_wconf 86' lang='grc' dir='ltr'><strong>τῶν</strong></span> <span class='ocrx_word' id='word_1_52' title='bbox 1635 928 1795 998; x_wconf 72' lang='grc' dir='ltr'><strong>Ἀθη-</strong></span> 
     </span>
    </p>
   </div>
   <div class='ocr_carea' id='block_1_11' title="bbox 1967 549 3541 628">
    <p class='ocr_par' dir='ltr' id='par_1_11' title="bbox 1967 549 3541 628">
     <span class='ocr_line' id='line_1_11' title="bbox 1967 549 3541 628; baseline 0.002 -17"><span class='ocrx_word' id='word_1_53' title='bbox 1967 558 2252 614; x_wconf 72' lang='grc' dir='ltr'>ιὶοηεόνια</span> <span class='ocrx_word' id='word_1_54' title='bbox 2296 559 2566 622; x_wconf 75' lang='lat' dir='ltr'><strong>Corinthi,</strong></span> <span class='ocrx_word' id='word_1_55' title='bbox 2600 557 2797 614; x_wconf 81' lang='lat' dir='ltr'><strong>Paulus</strong></span> <span class='ocrx_word' id='word_1_56' title='bbox 2830 559 3124 622; x_wconf 71' lang='lat' dir='ltr'><strong>secesserit,</strong></span> <span class='ocrx_word' id='word_1_57' title='bbox 3169 559 3458 628; x_wconf 77' lang='lat' dir='ltr'><strong>abieritque</strong></span> <span class='ocrx_word' id='word_1_58' title='bbox 3528 549 3541 556; x_wconf 64' lang='grc'><strong>’</strong></span> 
     </span>
    </p>
   </div>
   <div class='ocr_carea' id='block_1_12' title="bbox 1977 649 3464 723">
    <p class='ocr_par' dir='ltr' id='par_1_12' title="bbox 1977 649 3464 723">
     <span class='ocr_line' id='line_1_12' title="bbox 1977 649 3464 723; baseline -0.004 -16"><span class='ocrx_word' id='word_1_59' title='bbox 1977 653 2270 723; x_wconf 83' lang='lat' dir='ltr'><strong>Ephesum;</strong></span> <span class='ocrx_word' id='word_1_60' title='bbox 2316 653 2560 721; x_wconf 69' lang='lat' dir='ltr'><strong>indeque,</strong></span> <span class='ocrx_word' id='word_1_61' title='bbox 2604 661 2882 721; x_wconf 74' lang='lat' dir='ltr'><strong>postquam</strong></span> <span class='ocrx_word' id='word_1_62' title='bbox 2919 667 3210 706; x_wconf 77' lang='lat' dir='ltr'><strong>sermonem</strong></span> <span class='ocrx_word' id='word_1_63' title='bbox 3259 649 3464 714; x_wconf 82' lang='lat' dir='ltr'><strong>habuit,-</strong></span> 
     </span>
    </p>
   </div>
   <div class='ocr_carea' id='block_1_13' title="bbox 1967 750 2174 802">
    <p class='ocr_par' dir='ltr' id='par_1_13' title="bbox 1967 750 2174 802">
     <span class='ocr_line' id='line_1_13' title="bbox 1967 750 2174 802; baseline -0.01 0"><span class='ocrx_word' id='word_1_64' title='bbox 1967 750 2174 802; x_wconf 72' lang='lat' dir='ltr'><strong>exierit.</strong></span> 
     </span>
    </p>
   </div>
   <div class='ocr_carea' id='block_1_14' title="bbox 2056 824 2831 895">
    <p class='ocr_par' dir='ltr' id='par_1_14' title="bbox 2056 824 2831 895">
     <span class='ocr_line' id='line_1_14' title="bbox 2056 824 2831 895; baseline -0.006 2"><span class='ocrx_word' id='word_1_65' title='bbox 2056 824 2057 827; x_wconf 50' lang='lat'>‘</span> <span class='ocrx_word' id='word_1_66' title='bbox 2532 837 2831 895; x_wconf 71' lang='lat' dir='ltr'><strong>resres.</strong></span> 
     </span>
    </p>
   </div>
   <div class='ocr_carea' id='block_1_15' title="bbox 1972 926 3471 1000">
    <p class='ocr_par' dir='ltr' id='par_1_15' title="bbox 1972 926 3471 1000">
     <span class='ocr_line' id='line_1_15' title="bbox 1972 926 3471 1000; baseline -0.004 -16"><span class='ocrx_word' id='word_1_67' title='bbox 1972 929 2159 996; x_wconf 78' lang='lat' dir='ltr'><strong>XVIII,</strong></span> <span class='ocrx_word' id='word_1_68' title='bbox 2187 930 2340 983; x_wconf 67' lang='lat' dir='ltr'><strong>l-‘il.</strong></span> <span class='ocrx_word' id='word_1_69' title='bbox 2364 929 2491 986; x_wconf 79' lang='lat' dir='ltr'><strong>Post</strong></span> <span class='ocrx_word' id='word_1_70' title='bbox 2523 931 2633 984; x_wconf 72' lang='lat' dir='ltr'><strong>iiiPC</strong></span> <span class='ocrx_word' id='word_1_71' title='bbox 2657 945 2906 1000; x_wconf 85' lang='lat' dir='ltr'><strong>egressus</strong></span> <span class='ocrx_word' id='word_1_72' title='bbox 2936 931 3004 984; x_wconf 90' lang='lat' dir='ltr'><strong>ab</strong></span> <span class='ocrx_word' id='word_1_73' title='bbox 3039 927 3288 992; x_wconf 83' lang='lat' dir='ltr'><strong>Athenis,</strong></span> <span class='ocrx_word' id='word_1_74' title='bbox 3325 926 3471 980; x_wconf 72' lang='lat' dir='ltr'><strong>venit</strong></span> 
     </span>
    </p>
   </div>
   <div class='ocr_carea' id='block_1_16' title="bbox 151 1010 1814 1093">
    <p class='ocr_par' dir='ltr' id='par_1_16' title="bbox 151 1010 1797 1092">
     <span class='ocr_line' id='line_1_16' title="bbox 151 1010 1797 1092; baseline 0 -19"><span class='ocrx_word' id='word_1_75' title='bbox 151 1086 162 1092; x_wconf 17' lang='grc' dir='ltr'>ὴ</span> <span class='ocrx_word' id='word_1_76' title='bbox 219 1020 350 1084; x_wconf 83' lang='grc' dir='ltr'>νῶν,</span> <span class='ocrx_word' id='word_1_77' title='bbox 369 1016 533 1091; x_wconf 82' lang='grc' dir='ltr'>ἦλθεν</span> <span class='ocrx_word' id='word_1_78' title='bbox 563 1010 644 1084; x_wconf 75' lang='grc' dir='ltr'>εἰς</span> <span class='ocrx_word' id='word_1_79' title='bbox 693 1020 992 1091; x_wconf 83' lang='grc' dir='ltr'>Κόρινθον·</span> <span class='ocrx_word' id='word_1_80' title='bbox 1027 1020 1134 1083; x_wconf 37' lang='grc' dir='ltr'>,καὶ</span> <span class='ocrx_word' id='word_1_81' title='bbox 1165 1019 1344 1092; x_wconf 73' lang='grc' dir='ltr'>εὑρών</span> <span class='ocrx_word' id='word_1_82' title='bbox 1373 1037 1497 1075; x_wconf 87' lang='grc' dir='ltr'>τινα</span> <span class='ocrx_word' id='word_1_83' title='bbox 1549 1019 1797 1074; x_wconf 77' lang='grc' dir='ltr'><strong>Ἰουδαῖον</strong></span> 
     </span>
    </p>
   </div>
   <div class='ocr_carea' id='block_1_17' title="bbox 1916 1010 3471 1093">
    <p class='ocr_par' dir='ltr' id='par_1_17' title="bbox 1916 1013 3471 1093">
     <span class='ocr_line' id='line_1_17' title="bbox 1916 1013 3471 1093; baseline -0.004 -13"><span class='ocrx_word' id='word_1_84' title='bbox 1916 1023 2238 1080; x_wconf 71' lang='lat' dir='ltr'><strong>Iorintbuni.</strong></span> <span class='ocrx_word' id='word_1_85' title='bbox 2267 1022 2333 1077; x_wconf 87' lang='lat' dir='ltr'><strong>Et</strong></span> <span class='ocrx_word' id='word_1_86' title='bbox 2366 1022 2647 1080; x_wconf 87' lang='lat' dir='ltr'><strong>inveniens</strong></span> <span class='ocrx_word' id='word_1_87' title='bbox 2678 1022 2963 1093; x_wconf 83' lang='lat' dir='ltr'><strong>quemdam</strong></span> <span class='ocrx_word' id='word_1_88' title='bbox 2986 1013 3232 1078; x_wconf 69' lang='lat' dir='ltr'><strong>Judaeum</strong></span> <span class='ocrx_word' id='word_1_89' title='bbox 3253 1022 3471 1076; x_wconf 69' lang='lat' dir='ltr'><strong>nomne</strong></span> 
     </span>
    </p>
   </div>
   <div class='ocr_carea' id='block_1_18' title="bbox 220 1110 1802 1188">
    <p class='ocr_par' dir='ltr' id='par_1_18' title="bbox 220 1110 1802 1188">
     <span class='ocr_line' id='line_1_18' title="bbox 220 1110 1802 1188; baseline -0.001 -22"><span class='ocrx_word' id='word_1_90' title='bbox 220 1111 451 1183; x_wconf 81' lang='grc' dir='ltr'>ὀνόματι</span> <span class='ocrx_word' id='word_1_91' title='bbox 486 1111 707 1180; x_wconf 72' lang='grc' dir='ltr'>Ἀκύλα,</span> <span class='ocrx_word' id='word_1_92' title='bbox 730 1112 992 1167; x_wconf 85' lang='grc' dir='ltr'>Ποντικὸν</span> <span class='ocrx_word' id='word_1_93' title='bbox 1008 1112 1088 1188; x_wconf 75' lang='grc' dir='ltr'>τῷ</span> <span class='ocrx_word' id='word_1_94' title='bbox 1114 1112 1285 1182; x_wconf 79' lang='grc' dir='ltr'>γένει,</span> <span class='ocrx_word' id='word_1_95' title='bbox 1311 1111 1644 1182; x_wconf 79' lang='grc' dir='ltr'><strong>προσφάτως</strong></span> <span class='ocrx_word' id='word_1_96' title='bbox 1674 1110 1802 1181; x_wconf 79' lang='grc' dir='ltr'><strong>ὲλη-</strong></span> 
     </span>
    </p>
   </div>
   <div class='ocr_carea' id='block_1_19' title="bbox 221 1202 1798 1276">
    <p class='ocr_par' dir='ltr' id='par_1_19' title="bbox 221 1202 1798 1276">
     <span class='ocr_line' id='line_1_19' title="bbox 221 1202 1798 1276; baseline 0.001 -21"><span class='ocrx_word' id='word_1_97' title='bbox 221 1204 426 1258; x_wconf 80' lang='grc' dir='ltr'>λυθότα</span> <span class='ocrx_word' id='word_1_98' title='bbox 453 1203 560 1258; x_wconf 77' lang='grc' dir='ltr'><strong>ἀπὺ</strong></span> <span class='ocrx_word' id='word_1_99' title='bbox 609 1206 708 1276; x_wconf 74' lang='grc' dir='ltr'>τῆς</span> <span class='ocrx_word' id='word_1_100' title='bbox 747 1205 998 1269; x_wconf 86' lang='grc' dir='ltr'>Ἰταλίας,</span> <span class='ocrx_word' id='word_1_101' title='bbox 1038 1206 1134 1258; x_wconf 76' lang='grc' dir='ltr'>καὶ</span> <span class='ocrx_word' id='word_1_102' title='bbox 1191 1203 1526 1276; x_wconf 83' lang='grc' dir='ltr'>Πρισκίλλαν</span> <span class='ocrx_word' id='word_1_103' title='bbox 1561 1202 1798 1271; x_wconf 80' lang='grc' dir='ltr'>γυναῖκα</span> 
     </span>
    </p>
   </div>
   <div class='ocr_carea' id='block_1_20' title="bbox 220 1293 1795 1373">
    <p class='ocr_par' dir='ltr' id='par_1_20' title="bbox 220 1293 1795 1373">
     <span class='ocr_line' id='line_1_20' title="bbox 220 1293 1795 1373; baseline -0.001 -25"><span class='ocrx_word' id='word_1_104' title='bbox 220 1296 391 1373; x_wconf 48' lang='lat' dir='ltr'><strong>aiatait</strong></span> <span class='ocrx_word' id='word_1_105' title='bbox 417 1296 527 1367; x_wconf 76' lang='grc' dir='ltr'>(διὰ</span> <span class='ocrx_word' id='word_1_106' title='bbox 547 1297 608 1351; x_wconf 83' lang='grc' dir='ltr'>τὸ</span> <span class='ocrx_word' id='word_1_107' title='bbox 633 1297 977 1368; x_wconf 77' lang='grc' dir='ltr'><strong>διατετάχθαι</strong></span> <span class='ocrx_word' id='word_1_108' title='bbox 997 1295 1270 1350; x_wconf 74' lang='grc' dir='ltr'><strong>Κλαύδιον</strong></span> <span class='ocrx_word' id='word_1_109' title='bbox 1293 1293 1630 1366; x_wconf 75' lang='grc' dir='ltr'><strong>χωρισθῆναι</strong></span> <span class='ocrx_word' id='word_1_110' title='bbox 1658 1294 1795 1347; x_wconf 85' lang='grc' dir='ltr'>πάν-</span> 
     </span>
    </p>
   </div>
   <div class='ocr_carea' id='block_1_21' title="bbox 217 1387 1796 1460">
    <p class='ocr_par' dir='ltr' id='par_1_21' title="bbox 217 1387 1796 1460">
     <span class='ocr_line' id='line_1_21' title="bbox 217 1387 1796 1460; baseline -0.001 -18"><span class='ocrx_word' id='word_1_111' title='bbox 217 1407 324 1452; x_wconf 83' lang='grc' dir='ltr'><strong>τας</strong></span> <span class='ocrx_word' id='word_1_112' title='bbox 355 1391 484 1452; x_wconf 82' lang='grc' dir='ltr'>τοὺς</span> <span class='ocrx_word' id='word_1_113' title='bbox 522 1389 807 1452; x_wconf 77' lang='grc' dir='ltr'><strong>Ἰουδαίους</strong></span> <span class='ocrx_word' id='word_1_114' title='bbox 829 1392 897 1444; x_wconf 71' lang='grc' dir='ltr'>ὲκ</span> <span class='ocrx_word' id='word_1_115' title='bbox 933 1391 1031 1460; x_wconf 79' lang='grc' dir='ltr'>τῆς</span> <span class='ocrx_word' id='word_1_116' title='bbox 1064 1390 1327 1459; x_wconf 79' lang='grc' dir='ltr'>Ῥώμης),</span> <span class='ocrx_word' id='word_1_117' title='bbox 1359 1387 1663 1458; x_wconf 71' lang='grc' dir='ltr'><strong>προσῆλθεν</strong></span> <span class='ocrx_word' id='word_1_118' title='bbox 1699 1389 1796 1442; x_wconf 86' lang='grc' dir='ltr'><strong>αὑ-</strong></span> 
     </span>
    </p>
   </div>
   <div class='ocr_carea' id='block_1_22' title="bbox 219 1476 1796 1551">
    <p class='ocr_par' dir='ltr' id='par_1_22' title="bbox 219 1476 1796 1551">
     <span class='ocr_line' id='line_1_22' title="bbox 219 1476 1796 1551; baseline 0.001 -21"><span class='ocrx_word' id='word_1_119' title='bbox 219 1482 340 1544; x_wconf 77' lang='grc' dir='ltr'>τοῖς</span> <span class='ocrx_word' id='word_1_120' title='bbox 360 1495 375 1509; x_wconf 73' lang='grc' dir='ltr'><strong>ο</strong></span> <span class='ocrx_word' id='word_1_121' title='bbox 403 1480 500 1534; x_wconf 78' lang='grc' dir='ltr'>καὶ</span> <span class='ocrx_word' id='word_1_122' title='bbox 525 1479 614 1533; x_wconf 82' lang='grc' dir='ltr'><strong>διὰ</strong></span> <span class='ocrx_word' id='word_1_123' title='bbox 631 1480 692 1534; x_wconf 80' lang='grc' dir='ltr'>τὸ</span> <span class='ocrx_word' id='word_1_124' title='bbox 711 1480 1000 1551; x_wconf 82' lang='grc' dir='ltr'>ὁμότεχνον</span> <span class='ocrx_word' id='word_1_125' title='bbox 1030 1477 1192 1543; x_wconf 78' lang='grc' dir='ltr'>εἷναι,</span> <span class='ocrx_word' id='word_1_126' title='bbox 1223 1479 1406 1550; x_wconf 69' lang='grc' dir='ltr'>ἔμεινε</span> <span class='ocrx_word' id='word_1_127' title='bbox 1435 1476 1565 1548; x_wconf 83' lang='grc' dir='ltr'>παρ’</span> <span class='ocrx_word' id='word_1_128' title='bbox 1593 1479 1796 1541; x_wconf 68' lang='grc' dir='ltr'>αὐτοῖς,</span> 
     </span>
    </p>
   </div>
   <div class='ocr_carea' id='block_1_23' title="bbox 222 1566 1800 1643">
    <p class='ocr_par' dir='ltr' id='par_1_23' title="bbox 222 1566 1800 1643">
     <span class='ocr_line' id='line_1_23' title="bbox 222 1566 1800 1643; baseline -0.001 -21"><span class='ocrx_word' id='word_1_129' title='bbox 222 1574 324 1623; x_wconf 76' lang='grc' dir='ltr'>καὶ</span> <span class='ocrx_word' id='word_1_130' title='bbox 363 1569 685 1642; x_wconf 72' lang='grc' dir='ltr'>εἰργάζετοο</span> <span class='ocrx_word' id='word_1_131' title='bbox 719 1566 860 1643; x_wconf 81' lang='grc' dir='ltr'>ἦσαν</span> <span class='ocrx_word' id='word_1_132' title='bbox 909 1571 1018 1640; x_wconf 65' lang='grc' dir='ltr'><strong>γὰρ</strong></span> <span class='ocrx_word' id='word_1_133' title='bbox 1069 1568 1383 1639; x_wconf 69' lang='grc' dir='ltr'>σκηνοποιοὶ</span> <span class='ocrx_word' id='word_1_134' title='bbox 1429 1568 1530 1638; x_wconf 79' lang='grc' dir='ltr'>τὴν</span> <span class='ocrx_word' id='word_1_135' title='bbox 1582 1567 1800 1638; x_wconf 84' lang='grc' dir='ltr'>τέχνην.</span> 
     </span>
    </p>
   </div>
   <div class='ocr_carea' id='block_1_24' title="bbox 222 1660 1798 1734">
    <p class='ocr_par' dir='ltr' id='par_1_24' title="bbox 222 1660 1798 1734">
     <span class='ocr_line' id='line_1_24' title="bbox 222 1660 1798 1734; baseline -0.003 -19"><span class='ocrx_word' id='word_1_136' title='bbox 222 1662 514 1732; x_wconf 82' lang='grc' dir='ltr'>Διελὲγετο</span> <span class='ocrx_word' id='word_1_137' title='bbox 538 1663 595 1718; x_wconf 76' lang='grc' dir='ltr'>δὲ</span> <span class='ocrx_word' id='word_1_138' title='bbox 624 1664 682 1716; x_wconf 77' lang='grc' dir='ltr'>ὲν</span> <span class='ocrx_word' id='word_1_139' title='bbox 717 1667 785 1734; x_wconf 76' lang='grc' dir='ltr'>τῇ</span> <span class='ocrx_word' id='word_1_140' title='bbox 825 1665 1116 1733; x_wconf 78' lang='grc' dir='ltr'><strong>συναγωγῇ</strong></span> <span class='ocrx_word' id='word_1_141' title='bbox 1147 1660 1286 1717; x_wconf 83' lang='grc' dir='ltr'><strong>κατά</strong></span> <span class='ocrx_word' id='word_1_142' title='bbox 1347 1662 1454 1714; x_wconf 82' lang='grc' dir='ltr'><strong>πᾶν</strong></span> <span class='ocrx_word' id='word_1_143' title='bbox 1501 1660 1798 1725; x_wconf 77' lang='grc' dir='ltr'>Σάϐϐατόν,</span> 
     </span>
    </p>
   </div>
   <div class='ocr_carea' id='block_1_25' title="bbox 222 1750 1802 1830">
    <p class='ocr_par' dir='ltr' id='par_1_25' title="bbox 222 1750 1802 1830">
     <span class='ocr_line' id='line_1_25' title="bbox 222 1750 1802 1830; baseline -0.003 -22"><span class='ocrx_word' id='word_1_144' title='bbox 222 1755 416 1809; x_wconf 80' lang='grc' dir='ltr'>ἔπειθέ</span> <span class='ocrx_word' id='word_1_145' title='bbox 437 1773 497 1810; x_wconf 72' lang='grc' dir='ltr'><strong>τε</strong></span> <span class='ocrx_word' id='word_1_146' title='bbox 535 1754 821 1818; x_wconf 76' lang='grc' dir='ltr'>Ἰουδαίους</span> <span class='ocrx_word' id='word_1_147' title='bbox 867 1755 965 1808; x_wconf 83' lang='grc' dir='ltr'>καὶ</span> <span class='ocrx_word' id='word_1_148' title='bbox 993 1753 1282 1830; x_wconf 76' lang='grc' dir='ltr'>Ἕλληνας.</span> <span class='ocrx_word' id='word_1_149' title='bbox 1322 1754 1416 1815; x_wconf 86' lang='grc' dir='ltr'>Ὠς</span> <span class='ocrx_word' id='word_1_150' title='bbox 1452 1751 1510 1805; x_wconf 78' lang='grc' dir='ltr'>δὲ</span> <span class='ocrx_word' id='word_1_151' title='bbox 1535 1750 1802 1820; x_wconf 76' lang='grc' dir='ltr'>κατῆλθον</span> 
     </span>
    </p>
   </div>
   <div class='ocr_carea' id='block_1_26' title="bbox 223 1815 1876 1915">
    <p class='ocr_par' dir='ltr' id='par_1_26' title="bbox 223 1815 1876 1915">
     <span class='ocr_line' id='line_1_26' title="bbox 223 1815 1876 1915; baseline -0.002 -15"><span class='ocrx_word' id='word_1_152' title='bbox 223 1848 340 1900; x_wconf 73' lang='grc' dir='ltr'><strong>ἀπὸ</strong></span> <span class='ocrx_word' id='word_1_153' title='bbox 365 1847 464 1915; x_wconf 82' lang='grc' dir='ltr'>τῆς</span> <span class='ocrx_word' id='word_1_154' title='bbox 505 1815 868 1910; x_wconf 71' lang='grc' dir='ltr'>Μακεδονίας,</span> <span class='ocrx_word' id='word_1_155' title='bbox 917 1847 946 1898; x_wconf 85' lang='grc' dir='ltr'>ὅ</span> <span class='ocrx_word' id='word_1_156' title='bbox 991 1862 1051 1898; x_wconf 87' lang='grc' dir='ltr'><strong>τε</strong></span> <span class='ocrx_word' id='word_1_157' title='bbox 1095 1815 1263 1907; x_wconf 63' lang='grc' dir='ltr'>Σίλας</span> <span class='ocrx_word' id='word_1_158' title='bbox 1288 1844 1384 1914; x_wconf 73' lang='grc' dir='ltr'>καὶ</span> <span class='ocrx_word' id='word_1_159' title='bbox 1434 1845 1463 1896; x_wconf 89' lang='lat'><strong>6</strong></span> <span class='ocrx_word' id='word_1_160' title='bbox 1515 1815 1800 1912; x_wconf 84' lang='grc' dir='ltr'>Τιμόθεος,</span> <span class='ocrx_word' id='word_1_161' title='bbox 1835 1815 1876 1869; x_wconf 74' lang='grc' dir='ltr'><strong>Β</strong></span> 
     </span>
    </p>
   </div>
   <div class='ocr_carea' id='block_1_27' title="bbox 225 1933 1803 2008">
    <p class='ocr_par' dir='ltr' id='par_1_27' title="bbox 225 1933 1803 2008">
     <span class='ocr_line' id='line_1_27' title="bbox 225 1933 1803 2008; baseline -0.003 -17"><span class='ocrx_word' id='word_1_162' title='bbox 225 1933 514 2008; x_wconf 70' lang='grc' dir='ltr'>συνείχετο</span> <span class='ocrx_word' id='word_1_163' title='bbox 536 1937 614 2007; x_wconf 80' lang='grc' dir='ltr'>τῷ</span> <span class='ocrx_word' id='word_1_164' title='bbox 643 1936 924 2008; x_wconf 85' lang='grc' dir='ltr'>Πνεύματι</span> <span class='ocrx_word' id='word_1_165' title='bbox 947 1938 975 1990; x_wconf 98' lang='lat'><strong>6</strong></span> <span class='ocrx_word' id='word_1_166' title='bbox 1007 1934 1242 1999; x_wconf 77' lang='grc' dir='ltr'>Παῦλος,</span> <span class='ocrx_word' id='word_1_167' title='bbox 1264 1934 1803 2005; x_wconf 84' lang='grc' dir='ltr'>διαμαρτυρούμενος</span> 
     </span>
    </p>
   </div>
   <div class='ocr_carea' id='block_1_28' title="bbox 223 2023 1806 2099">
    <p class='ocr_par' dir='ltr' id='par_1_28' title="bbox 223 2023 1806 2099">
     <span class='ocr_line' id='line_1_28' title="bbox 223 2023 1806 2099; baseline -0.005 -14"><span class='ocrx_word' id='word_1_168' title='bbox 223 2036 342 2095; x_wconf 69' lang='grc' dir='ltr'>τοῖς</span> <span class='ocrx_word' id='word_1_169' title='bbox 385 2028 660 2092; x_wconf 78' lang='grc' dir='ltr'>Ἰουδαίοις</span> <span class='ocrx_word' id='word_1_170' title='bbox 684 2023 826 2082; x_wconf 76' lang='grc' dir='ltr'>εἶναι</span> <span class='ocrx_word' id='word_1_171' title='bbox 866 2029 959 2082; x_wconf 83' lang='grc' dir='ltr'>τὸν</span> <span class='ocrx_word' id='word_1_172' title='bbox 987 2026 1224 2099; x_wconf 73' lang='grc' dir='ltr'>Χριστὸν</span> <span class='ocrx_word' id='word_1_173' title='bbox 1255 2024 1486 2096; x_wconf 80' lang='grc' dir='ltr'>Ἰησοῦν.</span> <span class='ocrx_word' id='word_1_174' title='bbox 1529 2024 1806 2079; x_wconf 81' lang='grc' dir='ltr'>’Λντιτασ-</span> 
     </span>
    </p>
   </div>
   <div class='ocr_carea' id='block_1_29' title="bbox 227 2115 1808 2193">
    <p class='ocr_par' dir='ltr' id='par_1_29' title="bbox 227 2115 1808 2193">
     <span class='ocr_line' id='line_1_29' title="bbox 227 2115 1808 2193; baseline -0.004 -17"><span class='ocrx_word' id='word_1_175' title='bbox 227 2123 482 2193; x_wconf 85' lang='grc' dir='ltr'>σομένων</span> <span class='ocrx_word' id='word_1_176' title='bbox 515 2121 571 2174; x_wconf 77' lang='grc' dir='ltr'>δὲ</span> <span class='ocrx_word' id='word_1_177' title='bbox 611 2119 792 2176; x_wconf 81' lang='grc' dir='ltr'>αὐτῶν</span> <span class='ocrx_word' id='word_1_178' title='bbox 817 2120 913 2175; x_wconf 73' lang='grc' dir='ltr'>καὶ</span> <span class='ocrx_word' id='word_1_179' title='bbox 959 2115 1445 2189; x_wconf 60' lang='grc' dir='ltr'>βλασφημούντων,</span> <span class='ocrx_word' id='word_1_180' title='bbox 1500 2117 1808 2180; x_wconf 78' lang='grc' dir='ltr'>ἐκτειναξά-</span> 
     </span>
    </p>
   </div>
   <div class='ocr_carea' id='block_1_30' title="bbox 1898 1112 3472 1185">
    <p class='ocr_par' dir='ltr' id='par_1_30' title="bbox 1898 1112 3472 1185">
     <span class='ocr_line' id='line_1_30' title="bbox 1898 1112 3472 1185; baseline -0.003 -15"><span class='ocrx_word' id='word_1_181' title='bbox 1898 1115 2174 1184; x_wconf 75' lang='lat' dir='ltr'><strong>Aquilam,</strong></span> <span class='ocrx_word' id='word_1_182' title='bbox 2201 1113 2486 1170; x_wconf 81' lang='lat' dir='ltr'><strong>Ponticum</strong></span> <span class='ocrx_word' id='word_1_183' title='bbox 2499 1129 2716 1185; x_wconf 85' lang='lat' dir='ltr'><strong>genere,</strong></span> <span class='ocrx_word' id='word_1_184' title='bbox 2746 1114 3024 1185; x_wconf 72' lang='lat' dir='ltr'><strong>Quinuper</strong></span> <span class='ocrx_word' id='word_1_185' title='bbox 3045 1112 3472 1170; x_wconf 72' lang='lat' dir='ltr'><strong>veneratabltzt-</strong></span> 
     </span>
    </p>
   </div>
   <div class='ocr_carea' id='block_1_31' title="bbox 1900 1205 3473 1278">
    <p class='ocr_par' dir='ltr' id='par_1_31' title="bbox 1900 1205 3473 1278">
     <span class='ocr_line' id='line_1_31' title="bbox 1900 1205 3473 1278; baseline -0.003 -16"><span class='ocrx_word' id='word_1_186' title='bbox 1900 1207 1993 1274; x_wconf 87' lang='lat' dir='ltr'><strong>lia,</strong></span> <span class='ocrx_word' id='word_1_187' title='bbox 2026 1214 2080 1262; x_wconf 89' lang='lat' dir='ltr'><strong>et</strong></span> <span class='ocrx_word' id='word_1_188' title='bbox 2106 1205 2411 1262; x_wconf 83' lang='lat' dir='ltr'><strong>Priscillam</strong></span> <span class='ocrx_word' id='word_1_189' title='bbox 2432 1222 2654 1261; x_wconf 81' lang='lat' dir='ltr'><strong>uxorem</strong></span> <span class='ocrx_word' id='word_1_190' title='bbox 2682 1206 2799 1276; x_wconf 88' lang='lat' dir='ltr'><strong>ejus</strong></span> <span class='ocrx_word' id='word_1_191' title='bbox 2843 1207 2928 1278; x_wconf 84' lang='lat' dir='ltr'><strong>(eo</strong></span> <span class='ocrx_word' id='word_1_192' title='bbox 2951 1207 3095 1275; x_wconf 88' lang='lat' dir='ltr'><strong>quod</strong></span> <span class='ocrx_word' id='word_1_193' title='bbox 3127 1206 3473 1275; x_wconf 63' lang='lat' dir='ltr'><strong>praecepi-set</strong></span> 
     </span>
    </p>
   </div>
   <div class='ocr_carea' id='block_1_32' title="bbox 1900 1293 3472 1369">
    <p class='ocr_par' dir='ltr' id='par_1_32' title="bbox 1900 1293 3472 1369">
     <span class='ocr_line' id='line_1_32' title="bbox 1900 1293 3472 1369; baseline -0.003 -13"><span class='ocrx_word' id='word_1_194' title='bbox 1900 1300 2164 1356; x_wconf 85' lang='lat' dir='ltr'><strong>Claudius</strong></span> <span class='ocrx_word' id='word_1_195' title='bbox 2197 1299 2483 1355; x_wconf 68' lang='lat' dir='ltr'><strong>discedere</strong></span> <span class='ocrx_word' id='word_1_196' title='bbox 2509 1313 2696 1354; x_wconf 90' lang='lat' dir='ltr'><strong>omnes</strong></span> <span class='ocrx_word' id='word_1_197' title='bbox 2726 1296 2944 1354; x_wconf 67' lang='lat' dir='ltr'><strong>Iudaeos</strong></span> <span class='ocrx_word' id='word_1_198' title='bbox 2974 1315 3005 1354; x_wconf 88' lang='lat' dir='ltr'><strong>a</strong></span> <span class='ocrx_word' id='word_1_199' title='bbox 3037 1297 3255 1369; x_wconf 74' lang='lat' dir='ltr'><strong>Roma),</strong></span> <span class='ocrx_word' id='word_1_200' title='bbox 3282 1293 3472 1353; x_wconf 84' lang='lat' dir='ltr'><strong>acces-</strong></span> 
     </span>
    </p>
   </div>
   <div class='ocr_carea' id='block_1_33' title="bbox 1901 1387 3474 1459">
    <p class='ocr_par' dir='ltr' id='par_1_33' title="bbox 1901 1387 3474 1459">
     <span class='ocr_line' id='line_1_33' title="bbox 1901 1387 3474 1459; baseline -0.004 -14"><span class='ocrx_word' id='word_1_201' title='bbox 1901 1389 1971 1445; x_wconf 90' lang='lat' dir='ltr'><strong>sit</strong></span> <span class='ocrx_word' id='word_1_202' title='bbox 1997 1389 2064 1443; x_wconf 74' lang='lat' dir='ltr'><strong>ad</strong></span> <span class='ocrx_word' id='word_1_203' title='bbox 2098 1404 2215 1444; x_wconf 86' lang='lat' dir='ltr'><strong>eos.</strong></span> <span class='ocrx_word' id='word_1_204' title='bbox 2277 1389 2339 1442; x_wconf 85' lang='lat' dir='ltr'><strong>Et</strong></span> <span class='ocrx_word' id='word_1_205' title='bbox 2388 1393 2515 1459; x_wconf 85' lang='lat' dir='ltr'><strong>quia</strong></span> <span class='ocrx_word' id='word_1_206' title='bbox 2565 1387 2806 1458; x_wconf 77' lang='lat' dir='ltr'><strong>ejusdem</strong></span> <span class='ocrx_word' id='word_1_207' title='bbox 2849 1398 2967 1443; x_wconf 88' lang='lat' dir='ltr'><strong>erat</strong></span> <span class='ocrx_word' id='word_1_208' title='bbox 3015 1388 3172 1453; x_wconf 87' lang='lat' dir='ltr'><strong>artis,</strong></span> <span class='ocrx_word' id='word_1_209' title='bbox 3219 1387 3474 1441; x_wconf 83' lang='lat' dir='ltr'><strong>manebat</strong></span> 
     </span>
    </p>
   </div>
   <div class='ocr_carea' id='block_1_34' title="bbox 1902 1474 3529 1551">
    <p class='ocr_par' dir='ltr' id='par_1_34' title="bbox 1902 1474 3529 1551">
     <span class='ocr_line' id='line_1_34' title="bbox 1902 1474 3529 1551; baseline -0.001 -16"><span class='ocrx_word' id='word_1_210' title='bbox 1902 1480 2044 1551; x_wconf 86' lang='lat' dir='ltr'><strong>apud</strong></span> <span class='ocrx_word' id='word_1_211' title='bbox 2082 1495 2176 1537; x_wconf 87' lang='lat' dir='ltr'><strong>eos</strong></span> <span class='ocrx_word' id='word_1_212' title='bbox 2213 1492 2266 1536; x_wconf 88' lang='lat' dir='ltr'><strong>et</strong></span> <span class='ocrx_word' id='word_1_213' title='bbox 2297 1482 2627 1551; x_wconf 75' lang='lat' dir='ltr'><strong>operabatur</strong></span> <span class='ocrx_word' id='word_1_214' title='bbox 2659 1480 2836 1551; x_wconf 86' lang='lat' dir='ltr'><strong>(erant</strong></span> <span class='ocrx_word' id='word_1_215' title='bbox 2888 1490 3068 1536; x_wconf 87' lang='lat' dir='ltr'><strong>autem</strong></span> <span class='ocrx_word' id='word_1_216' title='bbox 3125 1480 3469 1537; x_wconf 80' lang='lat' dir='ltr'><strong>scenol‘acto-</strong></span> <span class='ocrx_word' id='word_1_217' title='bbox 3526 1474 3529 1475; x_wconf 49' lang='grc'><strong><em>⁷</em></strong></span> 
     </span>
    </p>
   </div>
   <div class='ocr_carea' id='block_1_35' title="bbox 1903 1574 3472 1647">
    <p class='ocr_par' dir='ltr' id='par_1_35' title="bbox 1903 1574 3472 1647">
     <span class='ocr_line' id='line_1_35' title="bbox 1903 1574 3472 1647; baseline 0.001 -18"><span class='ocrx_word' id='word_1_218' title='bbox 1903 1575 1998 1630; x_wconf 70' lang='lat' dir='ltr'><strong>ria:</strong></span> <span class='ocrx_word' id='word_1_219' title='bbox 2030 1574 2210 1647; x_wconf 89' lang='lat' dir='ltr'><strong>artis).</strong></span> <span class='ocrx_word' id='word_1_220' title='bbox 2262 1576 2328 1631; x_wconf 91' lang='lat' dir='ltr'><strong>Et</strong></span> <span class='ocrx_word' id='word_1_221' title='bbox 2375 1574 2690 1646; x_wconf 82' lang='lat' dir='ltr'><strong>disputabat</strong></span> <span class='ocrx_word' id='word_1_222' title='bbox 2737 1579 2789 1630; x_wconf 86' lang='lat' dir='ltr'><strong>in</strong></span> <span class='ocrx_word' id='word_1_223' title='bbox 2833 1591 3105 1646; x_wconf 76' lang='lat' dir='ltr'><strong>synagoga</strong></span> <span class='ocrx_word' id='word_1_224' title='bbox 3171 1592 3269 1645; x_wconf 89' lang='lat' dir='ltr'><strong>per</strong></span> <span class='ocrx_word' id='word_1_225' title='bbox 3311 1591 3472 1630; x_wconf 88' lang='lat' dir='ltr'><strong>omne</strong></span> 
     </span>
    </p>
   </div>
   <div class='ocr_carea' id='block_1_36' title="bbox 1905 1661 3471 1736">
    <p class='ocr_par' dir='ltr' id='par_1_36' title="bbox 1905 1661 3471 1736">
     <span class='ocr_line' id='line_1_36' title="bbox 1905 1661 3471 1736; baseline -0.001 -17"><span class='ocrx_word' id='word_1_226' title='bbox 1905 1663 2228 1733; x_wconf 87' lang='lat' dir='ltr'><strong>Sabbatum,</strong></span> <span class='ocrx_word' id='word_1_227' title='bbox 2267 1666 2620 1736; x_wconf 82' lang='lat' dir='ltr'><strong>interponens</strong></span> <span class='ocrx_word' id='word_1_228' title='bbox 2673 1681 2866 1722; x_wconf 90' lang='lat' dir='ltr'><strong>nomen</strong></span> <span class='ocrx_word' id='word_1_229' title='bbox 2899 1665 3112 1721; x_wconf 83' lang='lat' dir='ltr'><strong>Domini</strong></span> <span class='ocrx_word' id='word_1_230' title='bbox 3155 1661 3305 1729; x_wconf 74' lang='lat' dir='ltr'><strong>JeSn,</strong></span> <span class='ocrx_word' id='word_1_231' title='bbox 3344 1680 3471 1721; x_wconf 82' lang='lat' dir='ltr'><strong>sua-</strong></span> 
     </span>
    </p>
   </div>
   <div class='ocr_carea' id='block_1_37' title="bbox 1905 1751 3472 1828">
    <p class='ocr_par' dir='ltr' id='par_1_37' title="bbox 1905 1751 3472 1828">
     <span class='ocr_line' id='line_1_37' title="bbox 1905 1751 3472 1828; baseline 0.001 -17"><span class='ocrx_word' id='word_1_232' title='bbox 1905 1757 2174 1828; x_wconf 86' lang='lat' dir='ltr'><strong>debatque</strong></span> <span class='ocrx_word' id='word_1_233' title='bbox 2216 1757 2422 1814; x_wconf 75' lang='lat' dir='ltr'><strong>Judzeis</strong></span> <span class='ocrx_word' id='word_1_234' title='bbox 2463 1767 2517 1814; x_wconf 92' lang='lat' dir='ltr'><strong>et</strong></span> <span class='ocrx_word' id='word_1_235' title='bbox 2561 1758 2789 1815; x_wconf 64' lang='lat' dir='ltr'><strong>Graecis.</strong></span> <span class='ocrx_word' id='word_1_236' title='bbox 2818 1759 2952 1814; x_wconf 90' lang='lat' dir='ltr'><strong>Cum</strong></span> <span class='ocrx_word' id='word_1_237' title='bbox 2986 1751 3264 1815; x_wconf 77' lang='lat' dir='ltr'><strong>venissent</strong></span> <span class='ocrx_word' id='word_1_238' title='bbox 3293 1766 3472 1813; x_wconf 88' lang='lat' dir='ltr'><strong>autem</strong></span> 
     </span>
    </p>
   </div>
   <div class='ocr_carea' id='block_1_38' title="bbox 1906 1848 3473 1914">
    <p class='ocr_par' dir='ltr' id='par_1_38' title="bbox 1906 1848 3473 1914">
     <span class='ocr_line' id='line_1_38' title="bbox 1906 1848 3473 1914; baseline -0.001 -9"><span class='ocrx_word' id='word_1_239' title='bbox 1906 1850 1971 1906; x_wconf 88' lang='lat' dir='ltr'><strong>de</strong></span> <span class='ocrx_word' id='word_1_240' title='bbox 1999 1848 2314 1905; x_wconf 83' lang='lat' dir='ltr'><strong>Macedonia</strong></span> <span class='ocrx_word' id='word_1_241' title='bbox 2361 1850 2504 1904; x_wconf 86' lang='lat' dir='ltr'><strong>Silas</strong></span> <span class='ocrx_word' id='word_1_242' title='bbox 2548 1861 2601 1905; x_wconf 91' lang='lat' dir='ltr'><strong>et</strong></span> <span class='ocrx_word' id='word_1_243' title='bbox 2653 1851 2991 1914; x_wconf 84' lang='lat' dir='ltr'><strong>Timetheus,</strong></span> <span class='ocrx_word' id='word_1_244' title='bbox 3028 1849 3265 1905; x_wconf 85' lang='lat' dir='ltr'><strong>instabat</strong></span> <span class='ocrx_word' id='word_1_245' title='bbox 3308 1849 3473 1904; x_wconf 87' lang='lat' dir='ltr'><strong>verbo</strong></span> 
     </span>
    </p>
   </div>
   <div class='ocr_carea' id='block_1_39' title="bbox 1906 1939 3470 2010">
    <p class='ocr_par' dir='ltr' id='par_1_39' title="bbox 1906 1939 3470 2010">
     <span class='ocr_line' id='line_1_39' title="bbox 1906 1939 3470 2010; baseline -0.001 -14"><span class='ocrx_word' id='word_1_246' title='bbox 1906 1943 2130 2010; x_wconf 82' lang='lat' dir='ltr'><strong><em>Paulus,</em></strong></span> <span class='ocrx_word' id='word_1_247' title='bbox 2173 1942 2473 1998; x_wconf 75' lang='lat' dir='ltr'><strong>testiﬁcaris</strong></span> <span class='ocrx_word' id='word_1_248' title='bbox 2517 1940 2722 1997; x_wconf 56' lang='lat' dir='ltr'><strong>Iudicis</strong></span> <span class='ocrx_word' id='word_1_249' title='bbox 2766 1957 2890 1998; x_wconf 89' lang='lat' dir='ltr'><strong>esse</strong></span> <span class='ocrx_word' id='word_1_250' title='bbox 2935 1941 3214 1996; x_wconf 83' lang='lat' dir='ltr'><strong>Christum</strong></span> <span class='ocrx_word' id='word_1_251' title='bbox 3265 1939 3470 1995; x_wconf 80' lang='lat' dir='ltr'><strong>Jesum.</strong></span> 
     </span>
    </p>
   </div>
   <div class='ocr_carea' id='block_1_40' title="bbox 1905 2023 3473 2103">
    <p class='ocr_par' dir='ltr' id='par_1_40' title="bbox 1905 2023 3473 2103">
     <span class='ocr_line' id='line_1_40' title="bbox 1905 2023 3473 2103; baseline -0.001 -14"><span class='ocrx_word' id='word_1_252' title='bbox 1905 2023 2419 2091; x_wconf 86' lang='lat' dir='ltr'><strong>Contradicentibus</strong></span> <span class='ocrx_word' id='word_1_253' title='bbox 2462 2044 2640 2090; x_wconf 87' lang='lat' dir='ltr'><strong>autem</strong></span> <span class='ocrx_word' id='word_1_254' title='bbox 2687 2033 2768 2090; x_wconf 87' lang='lat' dir='ltr'><strong>eis</strong></span> <span class='ocrx_word' id='word_1_255' title='bbox 2823 2041 2876 2088; x_wconf 92' lang='lat' dir='ltr'><strong>et</strong></span> <span class='ocrx_word' id='word_1_256' title='bbox 2945 2031 3473 2103; x_wconf 87' lang='lat' dir='ltr'><strong>blasphemantibus,</strong></span> 
     </span>
    </p>
   </div>
   <div class='ocr_carea' id='block_1_41' title="bbox 1907 2123 3510 2196">
    <p class='ocr_par' dir='ltr' id='par_1_41' title="bbox 1907 2123 3510 2196">
     <span class='ocr_line' id='line_1_41' title="bbox 1907 2123 3510 2196; baseline -0.001 -14"><span class='ocrx_word' id='word_1_257' title='bbox 1907 2129 2189 2184; x_wconf 82' lang='lat' dir='ltr'><strong>excutiens</strong></span> <span class='ocrx_word' id='word_1_258' title='bbox 2239 2128 2566 2183; x_wconf 88' lang='lat' dir='ltr'><strong>vestimenta</strong></span> <span class='ocrx_word' id='word_1_259' title='bbox 2617 2141 2737 2190; x_wconf 84' lang='lat' dir='ltr'><strong>sua,</strong></span> <span class='ocrx_word' id='word_1_260' title='bbox 2770 2126 2909 2180; x_wconf 80' lang='lat' dir='ltr'><strong>dixit</strong></span> <span class='ocrx_word' id='word_1_261' title='bbox 2948 2126 3012 2179; x_wconf 88' lang='lat' dir='ltr'><strong>ad</strong></span> <span class='ocrx_word' id='word_1_262' title='bbox 3050 2139 3146 2181; x_wconf 86' lang='lat' dir='ltr'><strong>eos</strong></span> <span class='ocrx_word' id='word_1_263' title='bbox 3177 2140 3191 2176; x_wconf 92' lang='lat'><strong>:</strong></span> <span class='ocrx_word' id='word_1_264' title='bbox 3240 2123 3474 2196; x_wconf 88' lang='lat' dir='ltr'><strong>Sanguis</strong></span> <span class='ocrx_word' id='word_1_265' title='bbox 3508 2140 3510 2142; x_wconf 75' lang='lat'><strong>&#39;</strong></span> 
     </span>
    </p>
   </div>
   <div class='ocr_carea' id='block_1_42' title="bbox 230 2201 1814 2290">
    <p class='ocr_par' dir='ltr' id='par_1_42' title="bbox 230 2201 1807 2284">
     <span class='ocr_line' id='line_1_42' title="bbox 230 2201 1807 2284; baseline -0.003 -18"><span class='ocrx_word' id='word_1_266' title='bbox 230 2231 399 2284; x_wconf 85' lang='grc' dir='ltr'>μενος</span> <span class='ocrx_word' id='word_1_267' title='bbox 426 2215 492 2266; x_wconf 82' lang='grc' dir='ltr'>τὰ</span> <span class='ocrx_word' id='word_1_268' title='bbox 518 2212 708 2283; x_wconf 76' lang='grc' dir='ltr'>ἱμάτια</span> <span class='ocrx_word' id='word_1_269' title='bbox 734 2211 922 2275; x_wconf 78' lang='grc' dir='ltr'>αὑτοῦ,</span> <span class='ocrx_word' id='word_1_270' title='bbox 949 2206 1067 2263; x_wconf 71' lang='grc' dir='ltr'>εἰπε</span> <span class='ocrx_word' id='word_1_271' title='bbox 1092 2209 1229 2280; x_wconf 79' lang='grc' dir='ltr'>πρὸς</span> <span class='ocrx_word' id='word_1_272' title='bbox 1251 2207 1447 2272; x_wconf 88' lang='grc' dir='ltr'>αύτούς</span> <span class='ocrx_word' id='word_1_273' title='bbox 1468 2224 1483 2241; x_wconf 79' lang='grc' dir='ltr'><strong><em>ο</em></strong></span> <span class='ocrx_word' id='word_1_274' title='bbox 1543 2207 1618 2261; x_wconf 80' lang='grc' dir='ltr'><strong>Τὸ</strong></span> <span class='ocrx_word' id='word_1_275' title='bbox 1669 2201 1807 2276; x_wconf 76' lang='grc' dir='ltr'>αἷμα</span> 
     </span>
    </p>
   </div>
   <div class='ocr_carea' id='block_1_43' title="bbox 1916 2201 3574 2290">
    <p class='ocr_par' dir='ltr' id='par_1_43' title="bbox 1916 2215 3574 2290">
     <span class='ocr_line' id='line_1_43' title="bbox 1916 2215 3574 2290; baseline -0.001 -17"><span class='ocrx_word' id='word_1_276' title='bbox 1916 2228 2092 2274; x_wconf 84' lang='lat' dir='ltr'><strong>vester</strong></span> <span class='ocrx_word' id='word_1_277' title='bbox 2125 2232 2291 2288; x_wconf 88' lang='lat' dir='ltr'><strong>super</strong></span> <span class='ocrx_word' id='word_1_278' title='bbox 2320 2228 2484 2290; x_wconf 88' lang='lat' dir='ltr'><strong>caput</strong></span> <span class='ocrx_word' id='word_1_279' title='bbox 2513 2225 2754 2273; x_wconf 87' lang='lat' dir='ltr'><strong>vestrum</strong></span> <span class='ocrx_word' id='word_1_280' title='bbox 2782 2233 2796 2270; x_wconf 89' lang='lat'><strong>:</strong></span> <span class='ocrx_word' id='word_1_281' title='bbox 2844 2215 3081 2272; x_wconf 87' lang='lat' dir='ltr'><strong>mundus</strong></span> <span class='ocrx_word' id='word_1_282' title='bbox 3113 2231 3236 2288; x_wconf 89' lang='lat' dir='ltr'><strong>ego,</strong></span> <span class='ocrx_word' id='word_1_283' title='bbox 3267 2231 3336 2272; x_wconf 80' lang='lat' dir='ltr'><strong>ex</strong></span> <span class='ocrx_word' id='word_1_284' title='bbox 3370 2217 3473 2271; x_wconf 85' lang='lat' dir='ltr'><strong>hoc</strong></span> <span class='ocrx_word' id='word_1_285' title='bbox 3569 2273 3574 2277; x_wconf 75' lang='grc'><strong>,</strong></span> 
     </span>
    </p>
   </div>
   <div class='ocr_carea' id='block_1_44' title="bbox 227 2301 1814 2379">
    <p class='ocr_par' dir='ltr' id='par_1_44' title="bbox 227 2301 1806 2376">
     <span class='ocr_line' id='line_1_44' title="bbox 227 2301 1806 2376; baseline -0.004 -16"><span class='ocrx_word' id='word_1_286' title='bbox 227 2306 393 2376; x_wconf 82' lang='grc' dir='ltr'>ὑμῶν</span> <span class='ocrx_word' id='word_1_287' title='bbox 425 2304 520 2358; x_wconf 72' lang='grc' dir='ltr'><strong>ἐπὶ</strong></span> <span class='ocrx_word' id='word_1_288' title='bbox 548 2304 646 2376; x_wconf 81' lang='grc' dir='ltr'>τὴν</span> <span class='ocrx_word' id='word_1_289' title='bbox 671 2301 914 2374; x_wconf 77' lang='grc' dir='ltr'>κεφαλὴν</span> <span class='ocrx_word' id='word_1_290' title='bbox 974 2302 1160 2372; x_wconf 81' lang='grc' dir='ltr'>ὑμῶν·</span> <span class='ocrx_word' id='word_1_291' title='bbox 1219 2301 1459 2371; x_wconf 78' lang='grc' dir='ltr'>καθαρὸς</span> <span class='ocrx_word' id='word_1_292' title='bbox 1501 2301 1613 2370; x_wconf 75' lang='grc' dir='ltr'><strong>ἐγώ</strong></span> <span class='ocrx_word' id='word_1_293' title='bbox 1635 2318 1649 2333; x_wconf 79' lang='grc' dir='ltr'><strong>ο</strong></span> <span class='ocrx_word' id='word_1_294' title='bbox 1700 2303 1806 2355; x_wconf 75' lang='grc' dir='ltr'><strong>ἀπὸ</strong></span> 
     </span>
    </p>
   </div>
   <div class='ocr_carea' id='block_1_45' title="bbox 1916 2301 3526 2379">
    <p class='ocr_par' dir='ltr' id='par_1_45' title="bbox 1916 2305 3526 2379">
     <span class='ocr_line' id='line_1_45' title="bbox 1916 2305 3526 2379; baseline -0.001 -17"><span class='ocrx_word' id='word_1_295' title='bbox 1916 2308 1974 2362; x_wconf 78' lang='lat' dir='ltr'><strong>ad</strong></span> <span class='ocrx_word' id='word_1_296' title='bbox 2000 2318 2189 2378; x_wconf 78' lang='lat' dir='ltr'><strong>gentes</strong></span> <span class='ocrx_word' id='word_1_297' title='bbox 2223 2308 2438 2363; x_wconf 79' lang='lat' dir='ltr'><strong>vatiam.</strong></span> <span class='ocrx_word' id='word_1_298' title='bbox 2471 2306 2534 2361; x_wconf 86' lang='lat' dir='ltr'><strong>Et</strong></span> <span class='ocrx_word' id='word_1_299' title='bbox 2566 2308 2807 2379; x_wconf 86' lang='lat' dir='ltr'><strong>migrans</strong></span> <span class='ocrx_word' id='word_1_300' title='bbox 2835 2305 2986 2373; x_wconf 81' lang='lat' dir='ltr'><strong>inde,</strong></span> <span class='ocrx_word' id='word_1_301' title='bbox 3018 2305 3240 2360; x_wconf 82' lang='lat' dir='ltr'><strong>intravit</strong></span> <span class='ocrx_word' id='word_1_302' title='bbox 3281 2305 3336 2360; x_wconf 92' lang='lat' dir='ltr'><strong>in</strong></span> <span class='ocrx_word' id='word_1_303' title='bbox 3377 2305 3477 2361; x_wconf 89' lang='lat' dir='ltr'><strong>do-</strong></span> <span class='ocrx_word' id='word_1_304' title='bbox 3498 2322 3526 2371; x_wconf 72' lang='grc' dir='ltr'>ξ,</span> 
     </span>
    </p>
   </div>
   <div class='ocr_carea' id='block_1_46' title="bbox 225 2383 1814 2470">
    <p class='ocr_par' dir='ltr' id='par_1_46' title="bbox 225 2383 1804 2466">
     <span class='ocr_line' id='line_1_46' title="bbox 225 2383 1804 2466; baseline -0.004 -15"><span class='ocrx_word' id='word_1_305' title='bbox 225 2400 328 2451; x_wconf 79' lang='grc' dir='ltr'>τοῦ</span> <span class='ocrx_word' id='word_1_306' title='bbox 370 2397 465 2452; x_wconf 85' lang='grc' dir='ltr'><strong>νῦν</strong></span> <span class='ocrx_word' id='word_1_307' title='bbox 535 2399 614 2460; x_wconf 83' lang='grc' dir='ltr'><strong>είς</strong></span> <span class='ocrx_word' id='word_1_308' title='bbox 660 2396 728 2451; x_wconf 80' lang='grc' dir='ltr'><strong>τὰ</strong></span> <span class='ocrx_word' id='word_1_309' title='bbox 785 2394 911 2466; x_wconf 73' lang='grc' dir='ltr'>ἔθνη</span> <span class='ocrx_word' id='word_1_310' title='bbox 965 2383 1324 2466; x_wconf 66' lang='grc' dir='ltr'>πόρεύσοςιαι.</span> <span class='ocrx_word' id='word_1_311' title='bbox 1395 2393 1505 2446; x_wconf 74' lang='grc' dir='ltr'><strong>Καὶ</strong></span> <span class='ocrx_word' id='word_1_312' title='bbox 1565 2392 1804 2462; x_wconf 75' lang='grc' dir='ltr'>μεταϐὰς</span> 
     </span>
    </p>
   </div>
   <div class='ocr_carea' id='block_1_47' title="bbox 1916 2383 3474 2470">
    <p class='ocr_par' dir='ltr' id='par_1_47' title="bbox 1916 2397 3474 2470">
     <span class='ocr_line' id='line_1_47' title="bbox 1916 2397 3474 2470; baseline -0.004 -16"><span class='ocrx_word' id='word_1_313' title='bbox 1916 2416 2058 2455; x_wconf 89' lang='lat' dir='ltr'><strong>mum</strong></span> <span class='ocrx_word' id='word_1_314' title='bbox 2094 2401 2402 2470; x_wconf 87' lang='lat' dir='ltr'><strong>cujusdam,</strong></span> <span class='ocrx_word' id='word_1_315' title='bbox 2436 2401 2654 2456; x_wconf 88' lang='lat' dir='ltr'><strong>nomine</strong></span> <span class='ocrx_word' id='word_1_316' title='bbox 2678 2397 2788 2454; x_wconf 82' lang='lat' dir='ltr'><strong>Titi</strong></span> <span class='ocrx_word' id='word_1_317' title='bbox 2815 2399 2980 2463; x_wconf 70' lang='lat' dir='ltr'><strong>Iusti,</strong></span> <span class='ocrx_word' id='word_1_318' title='bbox 3018 2398 3247 2454; x_wconf 88' lang='lat' dir='ltr'><strong>colentis</strong></span> <span class='ocrx_word' id='word_1_319' title='bbox 3284 2397 3474 2461; x_wconf 89' lang='lat' dir='ltr'><strong>Deum,</strong></span> 
     </span>
    </p>
   </div>
   <div class='ocr_carea' id='block_1_48' title="bbox 152 2484 1814 2564">
    <p class='ocr_par' dir='ltr' id='par_1_48' title="bbox 152 2484 1804 2558">
     <span class='ocr_line' id='line_1_48' title="bbox 152 2484 1804 2558; baseline -0.007 -12"><span class='ocrx_word' id='word_1_320' title='bbox 152 2514 155 2515; x_wconf 45' lang='grc' dir='ltr'><strong>ν</strong></span> <span class='ocrx_word' id='word_1_321' title='bbox 227 2491 466 2556; x_wconf 78' lang='grc' dir='ltr'>ἐκεῖθεν,</span> <span class='ocrx_word' id='word_1_322' title='bbox 516 2488 766 2558; x_wconf 77' lang='grc' dir='ltr'>εἰσῆλθεν</span> <span class='ocrx_word' id='word_1_323' title='bbox 811 2488 891 2550; x_wconf 81' lang='grc' dir='ltr'><strong>είς</strong></span> <span class='ocrx_word' id='word_1_324' title='bbox 937 2486 1116 2540; x_wconf 86' lang='grc' dir='ltr'>οἰκίαν</span> <span class='ocrx_word' id='word_1_325' title='bbox 1171 2486 1317 2550; x_wconf 75' lang='grc' dir='ltr'>τινὸς</span> <span class='ocrx_word' id='word_1_326' title='bbox 1366 2484 1804 2555; x_wconf 80' lang='grc' dir='ltr'>ὀνόματι,Τίτου</span> 
     </span>
    </p>
   </div>
   <div class='ocr_carea' id='block_1_49' title="bbox 1916 2484 3468 2564">
    <p class='ocr_par' dir='ltr' id='par_1_49' title="bbox 1916 2490 3468 2564">
     <span class='ocr_line' id='line_1_49' title="bbox 1916 2490 3468 2564; baseline -0.003 -14"><span class='ocrx_word' id='word_1_327' title='bbox 1916 2494 2064 2564; x_wconf 81' lang='lat' dir='ltr'><strong>cujus</strong></span> <span class='ocrx_word' id='word_1_328' title='bbox 2111 2494 2306 2549; x_wconf 83' lang='lat' dir='ltr'><strong>domus</strong></span> <span class='ocrx_word' id='word_1_329' title='bbox 2353 2503 2471 2550; x_wconf 85' lang='lat' dir='ltr'><strong>erat</strong></span> <span class='ocrx_word' id='word_1_330' title='bbox 2524 2493 2815 2564; x_wconf 77' lang='lat' dir='ltr'><strong>coniuncta</strong></span> <span class='ocrx_word' id='word_1_331' title='bbox 2867 2506 3178 2564; x_wconf 58' lang='lat' dir='ltr'><strong>synagoga.</strong></span> <span class='ocrx_word' id='word_1_332' title='bbox 3239 2490 3468 2561; x_wconf 89' lang='lat' dir='ltr'><strong>Crispus</strong></span> 
     </span>
    </p>
   </div>
   <div class='ocr_carea' id='block_1_50' title="bbox 246 2573 1814 2658">
    <p class='ocr_par' dir='ltr' id='par_1_50' title="bbox 246 2573 1808 2654">
     <span class='ocr_line' id='line_1_50' title="bbox 246 2573 1808 2654; baseline -0.005 -17"><span class='ocrx_word' id='word_1_333' title='bbox 246 2585 483 2637; x_wconf 77' lang='grc' dir='ltr'>Ἰούστου</span> <span class='ocrx_word' id='word_1_334' title='bbox 521 2582 811 2654; x_wconf 74' lang='grc' dir='ltr'>σεὸσμένου</span> <span class='ocrx_word' id='word_1_335' title='bbox 843 2582 935 2634; x_wconf 75' lang='grc' dir='ltr'>τὸν</span> <span class='ocrx_word' id='word_1_336' title='bbox 971 2579 1127 2645; x_wconf 76' lang='grc' dir='ltr'>Θεὸν,</span> <span class='ocrx_word' id='word_1_337' title='bbox 1155 2573 1218 2633; x_wconf 76' lang='grc' dir='ltr'>οὗ</span> <span class='ocrx_word' id='word_1_338' title='bbox 1250 2582 1282 2648; x_wconf 85' lang='grc' dir='ltr'>ἠ</span> <span class='ocrx_word' id='word_1_339' title='bbox 1306 2579 1453 2632; x_wconf 76' lang='grc' dir='ltr'>οἰκία</span> <span class='ocrx_word' id='word_1_340' title='bbox 1476 2575 1544 2649; x_wconf 79' lang='grc' dir='ltr'>ἦν</span> <span class='ocrx_word' id='word_1_341' title='bbox 1577 2595 1808 2647; x_wconf 88' lang='grc' dir='ltr'>συνομο-</span> 
     </span>
    </p>
   </div>
   <div class='ocr_carea' id='block_1_51' title="bbox 1916 2573 3477 2658">
    <p class='ocr_par' dir='ltr' id='par_1_51' title="bbox 1916 2583 3477 2658">
     <span class='ocr_line' id='line_1_51' title="bbox 1916 2583 3477 2658; baseline -0.001 -18"><span class='ocrx_word' id='word_1_342' title='bbox 1916 2596 2091 2642; x_wconf 84' lang='lat' dir='ltr'><strong>autem</strong></span> <span class='ocrx_word' id='word_1_343' title='bbox 2135 2586 2605 2658; x_wconf 76' lang='lat' dir='ltr'><strong>archisynagogus</strong></span> <span class='ocrx_word' id='word_1_344' title='bbox 2638 2585 2872 2641; x_wconf 87' lang='lat' dir='ltr'><strong>credidit</strong></span> <span class='ocrx_word' id='word_1_345' title='bbox 2911 2585 3139 2640; x_wconf 91' lang='lat' dir='ltr'><strong>Domino</strong></span> <span class='ocrx_word' id='word_1_346' title='bbox 3174 2599 3296 2640; x_wconf 90' lang='lat' dir='ltr'><strong>cum</strong></span> <span class='ocrx_word' id='word_1_347' title='bbox 3328 2583 3477 2640; x_wconf 88' lang='lat' dir='ltr'><strong>omni</strong></span> 
     </span>
    </p>
   </div>
   <div class='ocr_carea' id='block_1_52' title="bbox 233 2669 1814 2766">
    <p class='ocr_par' dir='ltr' id='par_1_52' title="bbox 233 2669 1808 2748">
     <span class='ocr_line' id='line_1_52' title="bbox 233 2669 1808 2748; baseline -0.007 -17"><span class='ocrx_word' id='word_1_348' title='bbox 233 2677 408 2748; x_wconf 80' lang='grc' dir='ltr'>ροῦσα</span> <span class='ocrx_word' id='word_1_349' title='bbox 441 2679 507 2748; x_wconf 76' lang='grc' dir='ltr'><strong>τῇ</strong></span> <span class='ocrx_word' id='word_1_350' title='bbox 558 2677 867 2744; x_wconf 80' lang='grc' dir='ltr'>συναγωγῇ.</span> <span class='ocrx_word' id='word_1_351' title='bbox 911 2673 1153 2744; x_wconf 82' lang='grc' dir='ltr'>Κρίσπος</span> <span class='ocrx_word' id='word_1_352' title='bbox 1201 2672 1258 2724; x_wconf 81' lang='grc' dir='ltr'>δὲ</span> <span class='ocrx_word' id='word_1_353' title='bbox 1289 2672 1316 2723; x_wconf 91' lang='lat'><strong>6</strong></span> <span class='ocrx_word' id='word_1_354' title='bbox 1359 2669 1808 2740; x_wconf 74' lang='grc' dir='ltr'>ἀρχισυνάγωγος</span> 
     </span>
    </p>
   </div>
   <div class='ocr_carea' id='block_1_53' title="bbox 1916 2669 3478 2766">
    <p class='ocr_par' dir='ltr' id='par_1_53' title="bbox 1916 2674 3478 2766">
     <span class='ocr_line' id='line_1_53' title="bbox 1916 2674 3478 2766; baseline -0.001 -36"><span class='ocrx_word' id='word_1_355' title='bbox 1916 2679 2075 2732; x_wconf 81' lang='lat' dir='ltr'><strong>domo</strong></span> <span class='ocrx_word' id='word_1_356' title='bbox 2115 2693 2213 2733; x_wconf 75' lang='lat' dir='ltr'><strong>sua</strong></span> <span class='ocrx_word' id='word_1_357' title='bbox 2249 2692 2262 2730; x_wconf 88' lang='lat'>:</span> <span class='ocrx_word' id='word_1_358' title='bbox 2295 2677 2534 2766; x_wconf 36' lang='lat' dir='ltr'><strong>ettinulti</strong></span> <span class='ocrx_word' id='word_1_359' title='bbox 2571 2674 2976 2731; x_wconf 83' lang='lat' dir='ltr'><strong>Corinthiorum</strong></span> <span class='ocrx_word' id='word_1_360' title='bbox 3030 2674 3316 2730; x_wconf 84' lang='lat' dir='ltr'><strong>audientes</strong></span> <span class='ocrx_word' id='word_1_361' title='bbox 3359 2688 3478 2728; x_wconf 89' lang='lat' dir='ltr'><strong>cre-</strong></span> 
     </span>
    </p>
   </div>
   <div class='ocr_carea' id='block_1_54' title="bbox 227 2761 1814 2840">
    <p class='ocr_par' dir='ltr' id='par_1_54' title="bbox 227 2761 1809 2839">
     <span class='ocr_line' id='line_1_54' title="bbox 227 2761 1809 2839; baseline -0.005 -17"><span class='ocrx_word' id='word_1_362' title='bbox 227 2770 526 2823; x_wconf 77' lang='grc' dir='ltr'>ὲπίστευσε</span> <span class='ocrx_word' id='word_1_363' title='bbox 580 2767 658 2839; x_wconf 82' lang='grc' dir='ltr'><strong>τῷ</strong></span> <span class='ocrx_word' id='word_1_364' title='bbox 707 2767 896 2838; x_wconf 75' lang='grc' dir='ltr'>Κυρίῳ</span> <span class='ocrx_word' id='word_1_365' title='bbox 954 2765 1052 2819; x_wconf 83' lang='grc' dir='ltr'>σὺν</span> <span class='ocrx_word' id='word_1_366' title='bbox 1090 2766 1196 2835; x_wconf 82' lang='grc' dir='ltr'><strong>ὅλῳ</strong></span> <span class='ocrx_word' id='word_1_367' title='bbox 1227 2762 1469 2833; x_wconf 77' lang='grc' dir='ltr'><strong>τῷὀῖκῳ</strong></span> <span class='ocrx_word' id='word_1_368' title='bbox 1495 2761 1684 2827; x_wconf 79' lang='grc' dir='ltr'>αὑτοῦ,</span> <span class='ocrx_word' id='word_1_369' title='bbox 1717 2763 1809 2815; x_wconf 75' lang='grc' dir='ltr'>καὶ</span> 
     </span>
    </p>
   </div>
   <div class='ocr_carea' id='block_1_55' title="bbox 1916 2761 3478 2840">
    <p class='ocr_par' dir='ltr' id='par_1_55' title="bbox 1916 2761 3478 2840">
     <span class='ocr_line' id='line_1_55' title="bbox 1916 2761 3478 2840; baseline -0.001 -16"><span class='ocrx_word' id='word_1_370' title='bbox 1916 2770 2110 2825; x_wconf 80' lang='lat' dir='ltr'><strong>debent</strong></span> <span class='ocrx_word' id='word_1_371' title='bbox 2163 2779 2218 2825; x_wconf 71' lang='lat' dir='ltr'><strong>et</strong></span> <span class='ocrx_word' id='word_1_372' title='bbox 2272 2761 2709 2840; x_wconf 67' lang='lat' dir='ltr'><strong>baptizabantur.</strong></span> <span class='ocrx_word' id='word_1_373' title='bbox 2770 2767 2914 2822; x_wconf 85' lang='lat' dir='ltr'><strong>Dixit</strong></span> <span class='ocrx_word' id='word_1_374' title='bbox 2978 2777 3159 2824; x_wconf 88' lang='lat' dir='ltr'><strong>autem</strong></span> <span class='ocrx_word' id='word_1_375' title='bbox 3215 2766 3478 2822; x_wconf 82' lang='lat' dir='ltr'><strong>Dominus</strong></span> 
     </span>
    </p>
   </div>
   <div class='ocr_carea' id='block_1_56' title="bbox 229 2852 1814 2931">
    <p class='ocr_par' dir='ltr' id='par_1_56' title="bbox 229 2852 1809 2928">
     <span class='ocr_line' id='line_1_56' title="bbox 229 2852 1809 2928; baseline -0.004 -18"><span class='ocrx_word' id='word_1_376' title='bbox 229 2858 424 2911; x_wconf 72' lang='grc' dir='ltr'>πολλοὶ</span> <span class='ocrx_word' id='word_1_377' title='bbox 473 2857 578 2910; x_wconf 83' lang='grc' dir='ltr'>τῶν</span> <span class='ocrx_word' id='word_1_378' title='bbox 639 2855 943 2928; x_wconf 75' lang='grc' dir='ltr'>Κορινθίων</span> <span class='ocrx_word' id='word_1_379' title='bbox 1003 2854 1337 2917; x_wconf 83' lang='grc' dir='ltr'>ἀκούσαντες</span> <span class='ocrx_word' id='word_1_380' title='bbox 1387 2852 1674 2906; x_wconf 71' lang='grc' dir='ltr'>ὶπίστευον</span> <span class='ocrx_word' id='word_1_381' title='bbox 1713 2853 1809 2905; x_wconf 76' lang='grc' dir='ltr'>καὶ</span> 
     </span>
    </p>
   </div>
   <div class='ocr_carea' id='block_1_57' title="bbox 1916 2852 3482 2931">
    <p class='ocr_par' dir='ltr' id='par_1_57' title="bbox 1916 2859 3482 2931">
     <span class='ocr_line' id='line_1_57' title="bbox 1916 2859 3482 2931; baseline -0.003 -15"><span class='ocrx_word' id='word_1_382' title='bbox 1916 2870 2073 2917; x_wconf 86' lang='lat' dir='ltr'><strong>nocte</strong></span> <span class='ocrx_word' id='word_1_383' title='bbox 2120 2878 2217 2931; x_wconf 90' lang='lat' dir='ltr'><strong>per</strong></span> <span class='ocrx_word' id='word_1_384' title='bbox 2265 2862 2531 2930; x_wconf 75' lang='lat' dir='ltr'><strong>visionem</strong></span> <span class='ocrx_word' id='word_1_385' title='bbox 2576 2859 2789 2916; x_wconf 86' lang='lat' dir='ltr'><strong>Paulo:</strong></span> <span class='ocrx_word' id='word_1_386' title='bbox 2843 2859 3227 2922; x_wconf 80' lang='lat' dir='ltr'><strong>Noli&#39;timerc.</strong></span> <span class='ocrx_word' id='word_1_387' title='bbox 3264 2859 3360 2915; x_wconf 88' lang='lat' dir='ltr'><strong>sed</strong></span> <span class='ocrx_word' id='word_1_388' title='bbox 3404 2859 3482 2912; x_wconf 82' lang='lat' dir='ltr'><strong>le-</strong></span> 
     </span>
    </p>
   </div>
   <div class='ocr_carea' id='block_1_58' title="bbox 229 2941 1814 3020">
    <p class='ocr_par' dir='ltr' id='par_1_58' title="bbox 229 2941 1810 3016">
     <span class='ocr_line' id='line_1_58' title="bbox 229 2941 1810 3016; baseline -0.005 -14"><span class='ocrx_word' id='word_1_389' title='bbox 229 2941 780 3012; x_wconf 70' lang='grc' dir='ltr'>ὲόαπτῐξοντο.·Εῐπε</span> <span class='ocrx_word' id='word_1_390' title='bbox 806 2946 861 3000; x_wconf 76' lang='grc' dir='ltr'>δὲ</span> <span class='ocrx_word' id='word_1_391' title='bbox 895 2948 923 2999; x_wconf 93' lang='lat'><strong>6</strong></span> <span class='ocrx_word' id='word_1_392' title='bbox 944 2945 1146 3016; x_wconf 80' lang='grc' dir='ltr'>Κύριος</span> <span class='ocrx_word' id='word_1_393' title='bbox 1176 2946 1233 2997; x_wconf 80' lang='grc' dir='ltr'>ὲν</span> <span class='ocrx_word' id='word_1_394' title='bbox 1266 2945 1420 2997; x_wconf 73' lang='grc' dir='ltr'>νυκτὶ</span> <span class='ocrx_word' id='word_1_395' title='bbox 1446 2942 1512 2995; x_wconf 82' lang='grc' dir='ltr'><strong>δι’</strong></span> <span class='ocrx_word' id='word_1_396' title='bbox 1535 2943 1810 3012; x_wconf 73' lang='grc' dir='ltr'>ὁράματος</span> 
     </span>
    </p>
   </div>
   <div class='ocr_carea' id='block_1_59' title="bbox 1916 2941 3548 3020">
    <p class='ocr_par' dir='ltr' id='par_1_59' title="bbox 1916 2950 3548 3020">
     <span class='ocr_line' id='line_1_59' title="bbox 1916 2950 3548 3020; baseline -0.004 -16"><span class='ocrx_word' id='word_1_397' title='bbox 1916 2966 2101 3020; x_wconf 87' lang='lat' dir='ltr'><strong>quere,</strong></span> <span class='ocrx_word' id='word_1_398' title='bbox 2153 2961 2207 3005; x_wconf 89' lang='lat' dir='ltr'><strong>et</strong></span> <span class='ocrx_word' id='word_1_399' title='bbox 2256 2967 2322 3006; x_wconf 91' lang='lat' dir='ltr'><strong>ne</strong></span> <span class='ocrx_word' id='word_1_400' title='bbox 2353 2954 2584 3006; x_wconf 66' lang='lat' dir='ltr'><strong>taceas:</strong></span> <span class='ocrx_word' id='word_1_401' title='bbox 2636 2960 2859 3020; x_wconf 80' lang='lat' dir='ltr'><strong>propter</strong></span> <span class='ocrx_word' id='word_1_402' title='bbox 2887 2950 3034 3020; x_wconf 88' lang='lat' dir='ltr'><strong>quod</strong></span> <span class='ocrx_word' id='word_1_403' title='bbox 3084 2966 3184 3020; x_wconf 89' lang='lat' dir='ltr'><strong>ego</strong></span> <span class='ocrx_word' id='word_1_404' title='bbox 3231 2964 3350 3005; x_wconf 90' lang='lat' dir='ltr'><strong>sum</strong></span> <span class='ocrx_word' id='word_1_405' title='bbox 3400 2961 3480 3004; x_wconf 78' lang='grc' dir='ltr'>ιο·</span> <span class='ocrx_word' id='word_1_406' title='bbox 3545 2994 3548 2998; x_wconf 22' lang='grc' dir='ltr'><em>Α</em></span> 
     </span>
    </p>
   </div>
   <div class='ocr_carea' id='block_1_60' title="bbox 229 3035 1810 3112">
    <p class='ocr_par' dir='ltr' id='par_1_60' title="bbox 229 3035 1810 3112">
     <span class='ocr_line' id='line_1_60' title="bbox 229 3035 1810 3112; baseline -0.006 -18"><span class='ocrx_word' id='word_1_407' title='bbox 229 3043 315 3112; x_wconf 80' lang='grc' dir='ltr'>τῷ</span> <span class='ocrx_word' id='word_1_408' title='bbox 355 3040 550 3110; x_wconf 83' lang='grc' dir='ltr'><strong>Παύλῳ</strong></span> <span class='ocrx_word' id='word_1_409' title='bbox 571 3056 586 3069; x_wconf 85' lang='grc'>·</span> <span class='ocrx_word' id='word_1_410' title='bbox 635 3039 726 3107; x_wconf 83' lang='grc' dir='ltr'><strong>Μὴ</strong></span> <span class='ocrx_word' id='word_1_411' title='bbox 757 3038 946 3108; x_wconf 75' lang='grc' dir='ltr'>φοὸοὖ,</span> <span class='ocrx_word' id='word_1_412' title='bbox 979 3038 1116 3091; x_wconf 75' lang='grc' dir='ltr'>ἀλλὰ</span> <span class='ocrx_word' id='word_1_413' title='bbox 1170 3037 1342 3102; x_wconf 84' lang='grc' dir='ltr'>λάλει,</span> <span class='ocrx_word' id='word_1_414' title='bbox 1375 3040 1467 3089; x_wconf 72' lang='grc' dir='ltr'>καὶ</span> <span class='ocrx_word' id='word_1_415' title='bbox 1495 3036 1569 3106; x_wconf 83' lang='grc' dir='ltr'>μὴ</span> <span class='ocrx_word' id='word_1_416' title='bbox 1601 3035 1810 3102; x_wconf 80' lang='grc' dir='ltr'>σιωπή-</span> 
     </span>
    </p>
   </div>
   <div class='ocr_carea' id='block_1_61' title="bbox 1875 3041 3476 3115">
    <p class='ocr_par' dir='ltr' id='par_1_61' title="bbox 1875 3041 3476 3115">
     <span class='ocr_line' id='line_1_61' title="bbox 1875 3041 3476 3115; baseline -0.001 -17"><span class='ocrx_word' id='word_1_417' title='bbox 1875 3077 1879 3081; x_wconf 95' lang='lat'><strong><em>-</em></strong></span> <span class='ocrx_word' id='word_1_418' title='bbox 1915 3059 2038 3098; x_wconf 89' lang='lat' dir='ltr'><strong>cum</strong></span> <span class='ocrx_word' id='word_1_419' title='bbox 2074 3060 2087 3095; x_wconf 91' lang='lat'>:</span> <span class='ocrx_word' id='word_1_420' title='bbox 2119 3051 2172 3098; x_wconf 91' lang='lat' dir='ltr'><strong>et</strong></span> <span class='ocrx_word' id='word_1_421' title='bbox 2219 3057 2379 3097; x_wconf 92' lang='lat' dir='ltr'><strong>nemo</strong></span> <span class='ocrx_word' id='word_1_422' title='bbox 2423 3051 2720 3113; x_wconf 84' lang='lat' dir='ltr'><strong>apponetur</strong></span> <span class='ocrx_word' id='word_1_423' title='bbox 2758 3041 2854 3098; x_wconf 86' lang='lat' dir='ltr'><strong>tibi</strong></span> <span class='ocrx_word' id='word_1_424' title='bbox 2899 3050 2959 3097; x_wconf 91' lang='lat' dir='ltr'><strong>ut</strong></span> <span class='ocrx_word' id='word_1_425' title='bbox 2989 3051 3188 3115; x_wconf 87' lang='lat' dir='ltr'><strong>noceat</strong></span> <span class='ocrx_word' id='word_1_426' title='bbox 3212 3051 3266 3097; x_wconf 90' lang='lat' dir='ltr'><strong>te</strong></span> <span class='ocrx_word' id='word_1_427' title='bbox 3294 3056 3311 3095; x_wconf 89' lang='lat'>:</span> <span class='ocrx_word' id='word_1_428' title='bbox 3342 3058 3476 3111; x_wconf 82' lang='lat' dir='ltr'><strong>quo-</strong></span> 
     </span>
    </p>
   </div>
   <div class='ocr_carea' id='block_1_62' title="bbox 237 3122 1814 3209">
    <p class='ocr_par' dir='ltr' id='par_1_62' title="bbox 237 3122 1806 3208">
     <span class='ocr_line' id='line_1_62' title="bbox 237 3122 1806 3208; baseline -0.007 -20"><span class='ocrx_word' id='word_1_429' title='bbox 237 3152 364 3208; x_wconf 76' lang='grc' dir='ltr'>σῃς,</span> <span class='ocrx_word' id='word_1_430' title='bbox 393 3133 526 3188; x_wconf 70' lang='grc' dir='ltr'>διότι</span> <span class='ocrx_word' id='word_1_431' title='bbox 555 3132 666 3201; x_wconf 74' lang='grc' dir='ltr'><strong>ἐγὼ</strong></span> <span class='ocrx_word' id='word_1_432' title='bbox 689 3134 803 3202; x_wconf 78' lang='grc' dir='ltr'>εἰμι</span> <span class='ocrx_word' id='word_1_433' title='bbox 841 3131 979 3201; x_wconf 77' lang='grc' dir='ltr'>μετᾶ</span> <span class='ocrx_word' id='word_1_434' title='bbox 999 3122 1116 3194; x_wconf 80' lang='grc' dir='ltr'>σοῦ,</span> <span class='ocrx_word' id='word_1_435' title='bbox 1151 3130 1244 3184; x_wconf 80' lang='grc' dir='ltr'>καὶ</span> <span class='ocrx_word' id='word_1_436' title='bbox 1277 3129 1448 3191; x_wconf 71' lang='grc' dir='ltr'>οὐδεὶς</span> <span class='ocrx_word' id='word_1_437' title='bbox 1489 3126 1806 3192; x_wconf 76' lang='grc' dir='ltr'>ἐπιθήσεταί</span> 
     </span>
    </p>
   </div>
   <div class='ocr_carea' id='block_1_63' title="bbox 1916 3122 3474 3209">
    <p class='ocr_par' dir='ltr' id='par_1_63' title="bbox 1916 3130 3474 3205">
     <span class='ocr_line' id='line_1_63' title="bbox 1916 3130 3474 3205; baseline 0 -15"><span class='ocrx_word' id='word_1_438' title='bbox 1916 3130 2056 3190; x_wconf 82' lang='lat' dir='ltr'><strong>niam</strong></span> <span class='ocrx_word' id='word_1_439' title='bbox 2113 3134 2347 3205; x_wconf 80' lang='lat' dir='ltr'><strong>papulus</strong></span> <span class='ocrx_word' id='word_1_440' title='bbox 2397 3144 2483 3190; x_wconf 88' lang='lat' dir='ltr'><strong>est</strong></span> <span class='ocrx_word' id='word_1_441' title='bbox 2538 3135 2664 3188; x_wconf 89' lang='lat' dir='ltr'><strong>mihi</strong></span> <span class='ocrx_word' id='word_1_442' title='bbox 2718 3135 2921 3189; x_wconf 88' lang='lat' dir='ltr'><strong>multus</strong></span> <span class='ocrx_word' id='word_1_443' title='bbox 2975 3135 3032 3187; x_wconf 89' lang='lat' dir='ltr'><strong>in</strong></span> <span class='ocrx_word' id='word_1_444' title='bbox 3071 3134 3175 3189; x_wconf 83' lang='lat' dir='ltr'><strong>hac</strong></span> <span class='ocrx_word' id='word_1_445' title='bbox 3231 3135 3474 3191; x_wconf 83' lang='lat' dir='ltr'><strong>civitate.</strong></span> 
     </span>
    </p>
   </div>
   <div class='ocr_carea' id='block_1_64' title="bbox 235 3218 1810 3296">
    <p class='ocr_par' dir='ltr' id='par_1_64' title="bbox 235 3218 1810 3296">
     <span class='ocr_line' id='line_1_64' title="bbox 235 3218 1810 3296; baseline -0.005 -16"><span class='ocrx_word' id='word_1_446' title='bbox 235 3245 323 3280; x_wconf 83' lang='grc' dir='ltr'><strong>σοι</strong></span> <span class='ocrx_word' id='word_1_447' title='bbox 353 3227 447 3279; x_wconf 78' lang='grc' dir='ltr'>τοῦ</span> <span class='ocrx_word' id='word_1_448' title='bbox 497 3223 743 3296; x_wconf 76' lang='grc' dir='ltr'>κακῶσαί</span> <span class='ocrx_word' id='word_1_449' title='bbox 778 3240 838 3275; x_wconf 90' lang='grc' dir='ltr'><strong>σε</strong></span> <span class='ocrx_word' id='word_1_450' title='bbox 861 3239 875 3254; x_wconf 89' lang='grc'><strong>·</strong></span> <span class='ocrx_word' id='word_1_451' title='bbox 914 3222 1049 3276; x_wconf 82' lang='grc' dir='ltr'>διότι</span> <span class='ocrx_word' id='word_1_452' title='bbox 1099 3219 1227 3285; x_wconf 75' lang='grc' dir='ltr'>λαὸς</span> <span class='ocrx_word' id='word_1_453' title='bbox 1273 3219 1388 3273; x_wconf 80' lang='grc' dir='ltr'>ἔστι</span> <span class='ocrx_word' id='word_1_454' title='bbox 1421 3235 1512 3290; x_wconf 90' lang='grc' dir='ltr'><strong>μοι</strong></span> <span class='ocrx_word' id='word_1_455' title='bbox 1555 3218 1720 3282; x_wconf 82' lang='grc' dir='ltr'>πολὺς</span> <span class='ocrx_word' id='word_1_456' title='bbox 1753 3219 1810 3272; x_wconf 82' lang='grc' dir='ltr'>ὲν</span> 
     </span>
    </p>
   </div>
   <div class='ocr_carea' id='block_1_65' title="bbox 235 3310 1810 3388">
    <p class='ocr_par' dir='ltr' id='par_1_65' title="bbox 235 3310 1810 3388">
     <span class='ocr_line' id='line_1_65' title="bbox 235 3310 1810 3388; baseline -0.006 -16"><span class='ocrx_word' id='word_1_457' title='bbox 235 3323 304 3387; x_wconf 79' lang='grc' dir='ltr'>τῇ</span> <span class='ocrx_word' id='word_1_458' title='bbox 337 3318 490 3370; x_wconf 79' lang='grc' dir='ltr'>πόλει</span> <span class='ocrx_word' id='word_1_459' title='bbox 515 3317 708 3388; x_wconf 74' lang='grc' dir='ltr'>ταύτῃ.</span> <span class='ocrx_word' id='word_1_460' title='bbox 755 3315 1005 3371; x_wconf 80' lang='grc' dir='ltr'>Ἐκάθισέ</span> <span class='ocrx_word' id='word_1_461' title='bbox 1042 3333 1101 3368; x_wconf 89' lang='grc' dir='ltr'><strong>τε</strong></span> <span class='ocrx_word' id='word_1_462' title='bbox 1126 3313 1370 3367; x_wconf 73' lang='grc' dir='ltr'>ἐνιαυτὸν</span> <span class='ocrx_word' id='word_1_463' title='bbox 1397 3312 1490 3366; x_wconf 71' lang='grc' dir='ltr'><strong>καὶ</strong></span> <span class='ocrx_word' id='word_1_464' title='bbox 1532 3311 1707 3382; x_wconf 79' lang='grc' dir='ltr'>μῆνας</span> <span class='ocrx_word' id='word_1_465' title='bbox 1730 3310 1810 3375; x_wconf 80' lang='grc' dir='ltr'><strong>ἒξ,</strong></span> 
     </span>
    </p>
   </div>
   <div class='ocr_carea' id='block_1_66' title="bbox 233 3404 1812 3478">
    <p class='ocr_par' dir='ltr' id='par_1_66' title="bbox 233 3404 1812 3478">
     <span class='ocr_line' id='line_1_66' title="bbox 233 3404 1812 3478; baseline -0.008 -11"><span class='ocrx_word' id='word_1_466' title='bbox 233 3416 508 3469; x_wconf 73' lang='grc' dir='ltr'>διδάσκων</span> <span class='ocrx_word' id='word_1_467' title='bbox 556 3416 613 3466; x_wconf 84' lang='grc' dir='ltr'>ὲν</span> <span class='ocrx_word' id='word_1_468' title='bbox 653 3414 834 3476; x_wconf 75' lang='grc' dir='ltr'>αὐτοῖς</span> <span class='ocrx_word' id='word_1_469' title='bbox 865 3412 957 3464; x_wconf 66' lang='grc' dir='ltr'><strong>τὸν</strong></span> <span class='ocrx_word' id='word_1_470' title='bbox 986 3412 1143 3478; x_wconf 88' lang='grc' dir='ltr'>λόγον</span> <span class='ocrx_word' id='word_1_471' title='bbox 1178 3408 1273 3460; x_wconf 83' lang='grc' dir='ltr'>τοῦ</span> <span class='ocrx_word' id='word_1_472' title='bbox 1309 3407 1465 3461; x_wconf 80' lang='grc' dir='ltr'>Θεοῦ.</span> <span class='ocrx_word' id='word_1_473' title='bbox 1514 3404 1812 3466; x_wconf 81' lang='grc' dir='ltr'>Γαλλίωνος</span> 
     </span>
    </p>
   </div>
   <div class='ocr_carea' id='block_1_67' title="bbox 236 3495 1813 3574">
    <p class='ocr_par' dir='ltr' id='par_1_67' title="bbox 236 3495 1813 3574">
     <span class='ocr_line' id='line_1_67' title="bbox 236 3495 1813 3574; baseline -0.009 -14"><span class='ocrx_word' id='word_1_474' title='bbox 236 3505 710 3568; x_wconf 80' lang='grc' dir='ltr'>ἀνθυπατεύοντος</span> <span class='ocrx_word' id='word_1_475' title='bbox 735 3505 834 3574; x_wconf 78' lang='grc' dir='ltr'>τῆς</span> <span class='ocrx_word' id='word_1_476' title='bbox 876 3501 1121 3572; x_wconf 75' lang='grc' dir='ltr'>Ἀχαΐας,</span> <span class='ocrx_word' id='word_1_477' title='bbox 1168 3497 1596 3568; x_wconf 81' lang='grc' dir='ltr'>κατεπέστησαν</span> <span class='ocrx_word' id='word_1_478' title='bbox 1614 3495 1813 3567; x_wconf 83' lang='grc' dir='ltr'>ὁμοθυ-</span> 
     </span>
    </p>
   </div>
   <div class='ocr_carea' id='block_1_68' title="bbox 242 3588 1815 3670">
    <p class='ocr_par' dir='ltr' id='par_1_68' title="bbox 242 3588 1815 3670">
     <span class='ocr_line' id='line_1_68' title="bbox 242 3588 1815 3670; baseline -0.009 -19"><span class='ocrx_word' id='word_1_479' title='bbox 242 3599 413 3670; x_wconf 79' lang='grc' dir='ltr'>μαδὸν</span> <span class='ocrx_word' id='word_1_480' title='bbox 447 3599 497 3652; x_wconf 75' lang='lat' dir='ltr'><strong>ot</strong></span> <span class='ocrx_word' id='word_1_481' title='bbox 529 3597 777 3651; x_wconf 86' lang='grc' dir='ltr'>Ἰουδαῖοι</span> <span class='ocrx_word' id='word_1_482' title='bbox 802 3593 879 3664; x_wconf 85' lang='grc' dir='ltr'>τῷ</span> <span class='ocrx_word' id='word_1_483' title='bbox 909 3593 1127 3663; x_wconf 82' lang='grc' dir='ltr'>Παύλῳ,</span> <span class='ocrx_word' id='word_1_484' title='bbox 1163 3591 1256 3644; x_wconf 73' lang='grc' dir='ltr'>καὶ</span> <span class='ocrx_word' id='word_1_485' title='bbox 1288 3591 1494 3662; x_wconf 72' lang='grc' dir='ltr'>ἤγαγον</span> <span class='ocrx_word' id='word_1_486' title='bbox 1528 3590 1690 3643; x_wconf 74' lang='grc' dir='ltr'>αὐτὸν</span> <span class='ocrx_word' id='word_1_487' title='bbox 1721 3588 1815 3641; x_wconf 70' lang='grc' dir='ltr'><strong>ἐπὶ</strong></span> 
     </span>
    </p>
   </div>
   <div class='ocr_carea' id='block_1_69' title="bbox 235 3681 1815 3758">
    <p class='ocr_par' dir='ltr' id='par_1_69' title="bbox 235 3681 1815 3758">
     <span class='ocr_line' id='line_1_69' title="bbox 235 3681 1815 3758; baseline -0.004 -17"><span class='ocrx_word' id='word_1_488' title='bbox 235 3691 301 3741; x_wconf 72' lang='grc' dir='ltr'>τὸ</span> <span class='ocrx_word' id='word_1_489' title='bbox 371 3688 539 3758; x_wconf 83' lang='grc' dir='ltr'>βῆμα,</span> <span class='ocrx_word' id='word_1_490' title='bbox 603 3689 874 3754; x_wconf 80' lang='grc' dir='ltr'>λέγοντες,</span> <span class='ocrx_word' id='word_1_491' title='bbox 909 3687 992 3740; x_wconf 80' lang='grc' dir='ltr'>ὅτι</span> <span class='ocrx_word' id='word_1_492' title='bbox 1029 3683 1185 3754; x_wconf 78' lang='grc' dir='ltr'>Παρὰ</span> <span class='ocrx_word' id='word_1_493' title='bbox 1215 3683 1306 3736; x_wconf 71' lang='grc' dir='ltr'><strong>τὸν</strong></span> <span class='ocrx_word' id='word_1_494' title='bbox 1335 3683 1498 3752; x_wconf 88' lang='grc' dir='ltr'>νόμον</span> <span class='ocrx_word' id='word_1_495' title='bbox 1529 3681 1815 3736; x_wconf 82' lang='grc' dir='ltr'>ἀναπείθει</span> 
     </span>
    </p>
   </div>
   <div class='ocr_carea' id='block_1_70' title="bbox 239 3773 1816 3847">
    <p class='ocr_par' dir='ltr' id='par_1_70' title="bbox 239 3773 1816 3847">
     <span class='ocr_line' id='line_1_70' title="bbox 239 3773 1816 3847; baseline -0.005 -15"><span class='ocrx_word' id='word_1_496' title='bbox 239 3775 400 3843; x_wconf 73' lang='grc' dir='ltr'>οὗτος</span> <span class='ocrx_word' id='word_1_497' title='bbox 420 3781 549 3842; x_wconf 78' lang='grc' dir='ltr'>τοὺς</span> <span class='ocrx_word' id='word_1_498' title='bbox 576 3778 898 3847; x_wconf 78' lang='grc' dir='ltr'>ἀνθρώπους</span> <span class='ocrx_word' id='word_1_499' title='bbox 924 3776 1178 3830; x_wconf 75' lang='grc' dir='ltr'>σέϐεσθαι</span> <span class='ocrx_word' id='word_1_500' title='bbox 1213 3776 1306 3828; x_wconf 81' lang='grc' dir='ltr'>τὸν</span> <span class='ocrx_word' id='word_1_501' title='bbox 1337 3773 1491 3828; x_wconf 82' lang='grc' dir='ltr'>Θεὸν.</span> <span class='ocrx_word' id='word_1_502' title='bbox 1513 3774 1816 3834; x_wconf 79' lang='grc' dir='ltr'>Μέλλοντος</span> 
     </span>
    </p>
   </div>
   <div class='ocr_carea' id='block_1_71' title="bbox 239 3862 1815 3936">
    <p class='ocr_par' dir='ltr' id='par_1_71' title="bbox 239 3862 1815 3936">
     <span class='ocr_line' id='line_1_71' title="bbox 239 3862 1815 3936; baseline -0.009 -8"><span class='ocrx_word' id='word_1_503' title='bbox 239 3875 300 3928; x_wconf 84' lang='grc' dir='ltr'>δὲ</span> <span class='ocrx_word' id='word_1_504' title='bbox 333 3872 424 3926; x_wconf 78' lang='grc' dir='ltr'>τοῦ</span> <span class='ocrx_word' id='word_1_505' title='bbox 465 3871 675 3925; x_wconf 80' lang='grc' dir='ltr'>Παύλου</span> <span class='ocrx_word' id='word_1_506' title='bbox 701 3867 936 3936; x_wconf 84' lang='grc' dir='ltr'>ἀνοίγειν</span> <span class='ocrx_word' id='word_1_507' title='bbox 995 3865 1057 3920; x_wconf 77' lang='grc' dir='ltr'>τὸ</span> <span class='ocrx_word' id='word_1_508' title='bbox 1104 3869 1301 3935; x_wconf 83' lang='grc' dir='ltr'>στόμα,</span> <span class='ocrx_word' id='word_1_509' title='bbox 1340 3862 1492 3917; x_wconf 74' lang='grc' dir='ltr'>εἶπεν</span> <span class='ocrx_word' id='word_1_510' title='bbox 1524 3867 1551 3915; x_wconf 86' lang='grc' dir='ltr'><em>ὁ</em></span> <span class='ocrx_word' id='word_1_511' title='bbox 1580 3863 1815 3916; x_wconf 83' lang='grc' dir='ltr'>Γαλλίων</span> 
     </span>
    </p>
   </div>
   <div class='ocr_carea' id='block_1_72' title="bbox 244 3954 1817 4035">
    <p class='ocr_par' dir='ltr' id='par_1_72' title="bbox 244 3954 1817 4035">
     <span class='ocr_line' id='line_1_72' title="bbox 244 3954 1817 4035; baseline -0.008 -17"><span class='ocrx_word' id='word_1_512' title='bbox 244 3966 383 4035; x_wconf 60' lang='grc' dir='ltr'>πρὶς</span> <span class='ocrx_word' id='word_1_513' title='bbox 409 3964 534 4026; x_wconf 70' lang='grc' dir='ltr'>τοὺς</span> <span class='ocrx_word' id='word_1_514' title='bbox 563 3961 879 4024; x_wconf 72' lang='grc' dir='ltr'>Ἰουδαίους·</span> <span class='ocrx_word' id='word_1_515' title='bbox 907 3959 970 4013; x_wconf 78' lang='lat' dir='ltr'><strong>El</strong></span> <span class='ocrx_word' id='word_1_516' title='bbox 1027 3958 1127 4028; x_wconf 82' lang='grc' dir='ltr'>μὲν</span> <span class='ocrx_word' id='word_1_517' title='bbox 1165 3954 1234 4028; x_wconf 83' lang='grc' dir='ltr'>ἦν</span> <span class='ocrx_word' id='word_1_518' title='bbox 1270 3957 1515 4025; x_wconf 75' lang='grc' dir='ltr'>ἀδίκημά</span> <span class='ocrx_word' id='word_1_519' title='bbox 1544 3971 1618 4019; x_wconf 87' lang='grc' dir='ltr'><strong>τι,</strong></span> <span class='ocrx_word' id='word_1_520' title='bbox 1654 3954 1683 4024; x_wconf 81' lang='grc' dir='ltr'>ἢ</span> <span class='ocrx_word' id='word_1_521' title='bbox 1721 3957 1817 4024; x_wconf 66' lang='grc' dir='ltr'><strong>ρᾳ-</strong></span> 
     </span>
    </p>
   </div>
   <div class='ocr_carea' id='block_1_73' title="bbox 242 4044 1818 4125">
    <p class='ocr_par' dir='ltr' id='par_1_73' title="bbox 242 4044 1818 4125">
     <span class='ocr_line' id='line_1_73' title="bbox 242 4044 1818 4125; baseline -0.007 -17"><span class='ocrx_word' id='word_1_522' title='bbox 242 4055 555 4125; x_wconf 81' lang='grc' dir='ltr'>διούργημα</span> <span class='ocrx_word' id='word_1_523' title='bbox 611 4051 870 4122; x_wconf 76' lang='grc' dir='ltr'>πονηρὸν,</span> <span class='ocrx_word' id='word_1_524' title='bbox 924 4044 970 4104; x_wconf 80' lang='grc' dir='ltr'>ὧ</span> <span class='ocrx_word' id='word_1_525' title='bbox 1033 4050 1302 4117; x_wconf 85' lang='grc' dir='ltr'>Ἰουδαῖοι,</span> <span class='ocrx_word' id='word_1_526' title='bbox 1360 4047 1502 4101; x_wconf 83' lang='grc' dir='ltr'><strong>κατά</strong></span> <span class='ocrx_word' id='word_1_527' title='bbox 1556 4047 1714 4115; x_wconf 80' lang='grc' dir='ltr'>λόγον</span> <span class='ocrx_word' id='word_1_528' title='bbox 1751 4045 1818 4099; x_wconf 86' lang='grc' dir='ltr'>ἂν</span> 
     </span>
    </p>
   </div>
   <div class='ocr_carea' id='block_1_74' title="bbox 245 4139 1816 4216">
    <p class='ocr_par' dir='ltr' id='par_1_74' title="bbox 245 4139 1816 4216">
     <span class='ocr_line' id='line_1_74' title="bbox 245 4139 1816 4216; baseline -0.006 -17"><span class='ocrx_word' id='word_1_529' title='bbox 245 4147 561 4216; x_wconf 73' lang='grc' dir='ltr'>ἠνεσχόμην</span> <span class='ocrx_word' id='word_1_530' title='bbox 613 4143 818 4213; x_wconf 69' lang='grc' dir='ltr'>ύμῶνν</span> <span class='ocrx_word' id='word_1_531' title='bbox 853 4143 988 4197; x_wconf 85' lang='grc' dir='ltr'>εἰδὲ</span> <span class='ocrx_word' id='word_1_532' title='bbox 1036 4139 1278 4215; x_wconf 65' lang='grc' dir='ltr'>ζήτημά</span> <span class='ocrx_word' id='word_1_533' title='bbox 1303 4143 1418 4195; x_wconf 78' lang='grc' dir='ltr'>ἐστι</span> <span class='ocrx_word' id='word_1_534' title='bbox 1468 4139 1597 4209; x_wconf 80' lang='grc' dir='ltr'>περὶ</span> <span class='ocrx_word' id='word_1_535' title='bbox 1631 4139 1816 4208; x_wconf 83' lang='grc' dir='ltr'>λόγου,</span> 
     </span>
    </p>
   </div>
   <div class='ocr_carea' id='block_1_75' title="bbox 247 4232 1819 4305">
    <p class='ocr_par' dir='ltr' id='par_1_75' title="bbox 247 4232 1819 4305">
     <span class='ocr_line' id='line_1_75' title="bbox 247 4232 1819 4305; baseline -0.004 -16"><span class='ocrx_word' id='word_1_536' title='bbox 247 4238 346 4289; x_wconf 78' lang='grc' dir='ltr'>καὶ</span> <span class='ocrx_word' id='word_1_537' title='bbox 379 4235 680 4302; x_wconf 81' lang='grc' dir='ltr'>ὀνομάτων,</span> <span class='ocrx_word' id='word_1_538' title='bbox 709 4235 803 4286; x_wconf 75' lang='grc' dir='ltr'>καὶ</span> <span class='ocrx_word' id='word_1_539' title='bbox 835 4235 1001 4305; x_wconf 91' lang='grc' dir='ltr'>νόμου</span> <span class='ocrx_word' id='word_1_540' title='bbox 1028 4235 1122 4287; x_wconf 76' lang='grc' dir='ltr'><strong>τοῦ</strong></span> <span class='ocrx_word' id='word_1_541' title='bbox 1151 4234 1273 4288; x_wconf 78' lang='grc' dir='ltr'>καθ’</span> <span class='ocrx_word' id='word_1_542' title='bbox 1303 4234 1470 4305; x_wconf 81' lang='grc' dir='ltr'>ὑμᾶς,</span> <span class='ocrx_word' id='word_1_543' title='bbox 1503 4232 1686 4301; x_wconf 56' lang='lat' dir='ltr'><strong>bal/360‘</strong></span> <span class='ocrx_word' id='word_1_544' title='bbox 1721 4234 1819 4284; x_wconf 81' lang='grc' dir='ltr'>αύ-</span> 
     </span>
    </p>
   </div>
   <div class='ocr_carea' id='block_1_76' title="bbox 1916 3215 3477 3298">
    <p class='ocr_par' dir='ltr' id='par_1_76' title="bbox 1916 3215 3477 3298">
     <span class='ocr_line' id='line_1_76' title="bbox 1916 3215 3477 3298; baseline -0.003 -14"><span class='ocrx_word' id='word_1_545' title='bbox 1916 3227 2064 3284; x_wconf 80' lang='lat' dir='ltr'><strong>Sedit</strong></span> <span class='ocrx_word' id='word_1_546' title='bbox 2092 3236 2273 3283; x_wconf 84' lang='lat' dir='ltr'><strong>autem</strong></span> <span class='ocrx_word' id='word_1_547' title='bbox 2301 3226 2370 3281; x_wconf 89' lang='lat' dir='ltr'><strong>ibi</strong></span> <span class='ocrx_word' id='word_1_548' title='bbox 2395 3240 2595 3280; x_wconf 88' lang='lat' dir='ltr'><strong>annum</strong></span> <span class='ocrx_word' id='word_1_549' title='bbox 2625 3236 2678 3281; x_wconf 91' lang='lat' dir='ltr'><strong>et</strong></span> <span class='ocrx_word' id='word_1_550' title='bbox 2707 3241 2801 3281; x_wconf 81' lang='lat' dir='ltr'><strong>sex</strong></span> <span class='ocrx_word' id='word_1_551' title='bbox 2839 3241 3077 3290; x_wconf 84' lang='lat' dir='ltr'><strong>menses,</strong></span> <span class='ocrx_word' id='word_1_552' title='bbox 3103 3215 3308 3281; x_wconf 87' lang='lat' dir='ltr'><strong>docens</strong></span> <span class='ocrx_word' id='word_1_553' title='bbox 3335 3229 3477 3298; x_wconf 81' lang='lat' dir='ltr'><strong>apud</strong></span> 
     </span>
    </p>
   </div>
   <div class='ocr_carea' id='block_1_77' title="bbox 1915 3315 3480 3386">
    <p class='ocr_par' dir='ltr' id='par_1_77' title="bbox 1915 3315 3480 3386">
     <span class='ocr_line' id='line_1_77' title="bbox 1915 3315 3480 3386; baseline -0.003 -10"><span class='ocrx_word' id='word_1_554' title='bbox 1915 3337 2008 3376; x_wconf 91' lang='lat' dir='ltr'><strong>eos</strong></span> <span class='ocrx_word' id='word_1_555' title='bbox 2039 3318 2257 3374; x_wconf 86' lang='lat' dir='ltr'><strong>verbum</strong></span> <span class='ocrx_word' id='word_1_556' title='bbox 2281 3315 2663 3372; x_wconf 84' lang='lat' dir='ltr'><strong>Dei.Gallione</strong></span> <span class='ocrx_word' id='word_1_557' title='bbox 2686 3324 2864 3371; x_wconf 83' lang='lat' dir='ltr'><strong>autem</strong></span> <span class='ocrx_word' id='word_1_558' title='bbox 2895 3317 3223 3386; x_wconf 83' lang='lat' dir='ltr'><strong>proconsule</strong></span> <span class='ocrx_word' id='word_1_559' title='bbox 3242 3316 3480 3384; x_wconf 65' lang='lat' dir='ltr'><strong>Achaiae,</strong></span> 
     </span>
    </p>
   </div>
   <div class='ocr_carea' id='block_1_78' title="bbox 1916 3403 3482 3464">
    <p class='ocr_par' dir='ltr' id='par_1_78' title="bbox 1916 3403 3482 3464">
     <span class='ocr_line' id='line_1_78' title="bbox 1916 3403 3482 3464; baseline -0.001 -2"><span class='ocrx_word' id='word_1_560' title='bbox 1916 3411 2331 3464; x_wconf 79' lang='lat' dir='ltr'><strong>insurrexerunt</strong></span> <span class='ocrx_word' id='word_1_561' title='bbox 2362 3422 2468 3460; x_wconf 88' lang='lat' dir='ltr'><strong>uno</strong></span> <span class='ocrx_word' id='word_1_562' title='bbox 2507 3406 2690 3460; x_wconf 85' lang='lat' dir='ltr'><strong>animo</strong></span> <span class='ocrx_word' id='word_1_563' title='bbox 2716 3403 2891 3460; x_wconf 74' lang='lat' dir='ltr'><strong>Judaei</strong></span> <span class='ocrx_word' id='word_1_564' title='bbox 2936 3407 2992 3460; x_wconf 86' lang='lat' dir='ltr'><strong>in</strong></span> <span class='ocrx_word' id='word_1_565' title='bbox 3031 3404 3261 3460; x_wconf 74' lang='lat' dir='ltr'><strong>Paulum</strong></span> <span class='ocrx_word' id='word_1_566' title='bbox 3308 3417 3362 3462; x_wconf 91' lang='lat' dir='ltr'><strong>et</strong></span> <span class='ocrx_word' id='word_1_567' title='bbox 3386 3410 3482 3462; x_wconf 88' lang='lat' dir='ltr'><strong>ad-</strong></span> 
     </span>
    </p>
   </div>
   <div class='ocr_carea' id='block_1_79' title="bbox 1915 3495 3478 3567">
    <p class='ocr_par' dir='ltr' id='par_1_79' title="bbox 1915 3495 3478 3567">
     <span class='ocr_line' id='line_1_79' title="bbox 1915 3495 3478 3567; baseline -0.003 -13"><span class='ocrx_word' id='word_1_568' title='bbox 1915 3495 2190 3554; x_wconf 81' lang='lat' dir='ltr'><strong>duxerunt</strong></span> <span class='ocrx_word' id='word_1_569' title='bbox 2213 3513 2336 3553; x_wconf 86' lang='lat' dir='ltr'><strong>eum</strong></span> <span class='ocrx_word' id='word_1_570' title='bbox 2369 3497 2434 3550; x_wconf 87' lang='lat' dir='ltr'><strong>ad</strong></span> <span class='ocrx_word' id='word_1_571' title='bbox 2484 3495 2748 3560; x_wconf 80' lang='lat' dir='ltr'><strong>tribunal,</strong></span> <span class='ocrx_word' id='word_1_572' title='bbox 2794 3497 3081 3551; x_wconf 84' lang='lat' dir='ltr'><strong>dicentes:</strong></span> <span class='ocrx_word' id='word_1_573' title='bbox 3119 3496 3246 3567; x_wconf 89' lang='lat' dir='ltr'><strong>quia</strong></span> <span class='ocrx_word' id='word_1_574' title='bbox 3274 3496 3478 3552; x_wconf 81' lang='lat' dir='ltr'><strong>Contra</strong></span> 
     </span>
    </p>
   </div>
   <div class='ocr_carea' id='block_1_80' title="bbox 1919 3587 3482 3662">
    <p class='ocr_par' dir='ltr' id='par_1_80' title="bbox 1919 3587 3482 3662">
     <span class='ocr_line' id='line_1_80' title="bbox 1919 3587 3482 3662; baseline 0 -18"><span class='ocrx_word' id='word_1_575' title='bbox 1919 3591 2087 3662; x_wconf 80' lang='lat' dir='ltr'><strong>legem</strong></span> <span class='ocrx_word' id='word_1_576' title='bbox 2119 3591 2207 3646; x_wconf 91' lang='lat' dir='ltr'><strong>hic</strong></span> <span class='ocrx_word' id='word_1_577' title='bbox 2239 3587 2532 3661; x_wconf 85' lang='lat' dir='ltr'><strong>persuadet</strong></span> <span class='ocrx_word' id='word_1_578' title='bbox 2555 3588 2869 3645; x_wconf 85' lang='lat' dir='ltr'><strong>hominibus</strong></span> <span class='ocrx_word' id='word_1_579' title='bbox 2897 3588 3076 3644; x_wconf 86' lang='lat' dir='ltr'><strong>colere</strong></span> <span class='ocrx_word' id='word_1_580' title='bbox 3120 3587 3312 3644; x_wconf 90' lang='lat' dir='ltr'><strong>Deum.</strong></span> <span class='ocrx_word' id='word_1_581' title='bbox 3341 3589 3482 3645; x_wconf 83' lang='lat' dir='ltr'><strong>Inci-</strong></span> 
     </span>
    </p>
   </div>
   <div class='ocr_carea' id='block_1_81' title="bbox 1921 3675 3481 3747">
    <p class='ocr_par' dir='ltr' id='par_1_81' title="bbox 1921 3675 3481 3747">
     <span class='ocr_line' id='line_1_81' title="bbox 1921 3675 3481 3747; baseline 0 -15"><span class='ocrx_word' id='word_1_582' title='bbox 1921 3680 2098 3746; x_wconf 86' lang='lat' dir='ltr'><strong>piente</strong></span> <span class='ocrx_word' id='word_1_583' title='bbox 2128 3688 2304 3733; x_wconf 88' lang='lat' dir='ltr'><strong>autem</strong></span> <span class='ocrx_word' id='word_1_584' title='bbox 2331 3676 2501 3731; x_wconf 83' lang='lat' dir='ltr'><strong>Paulo</strong></span> <span class='ocrx_word' id='word_1_585' title='bbox 2532 3679 2744 3747; x_wconf 81' lang='lat' dir='ltr'><strong>aperire</strong></span> <span class='ocrx_word' id='word_1_586' title='bbox 2771 3691 2858 3744; x_wconf 85' lang='lat' dir='ltr'><strong>os,</strong></span> <span class='ocrx_word' id='word_1_587' title='bbox 2887 3676 3028 3731; x_wconf 79' lang='lat' dir='ltr'><strong>dixit</strong></span> <span class='ocrx_word' id='word_1_588' title='bbox 3059 3675 3238 3732; x_wconf 87' lang='lat' dir='ltr'><strong>Gallio</strong></span> <span class='ocrx_word' id='word_1_589' title='bbox 3279 3679 3345 3732; x_wconf 86' lang='lat' dir='ltr'><strong>ad</strong></span> <span class='ocrx_word' id='word_1_590' title='bbox 3383 3677 3481 3732; x_wconf 76' lang='lat' dir='ltr'><strong>Ju-</strong></span> 
     </span>
    </p>
   </div>
   <div class='ocr_carea' id='block_1_82' title="bbox 1918 3767 3484 3839">
    <p class='ocr_par' dir='ltr' id='par_1_82' title="bbox 1918 3767 3484 3839">
     <span class='ocr_line' id='line_1_82' title="bbox 1918 3767 3484 3839; baseline -0.001 -17"><span class='ocrx_word' id='word_1_591' title='bbox 1918 3770 2064 3823; x_wconf 71' lang='lat' dir='ltr'><strong>dzeos</strong></span> <span class='ocrx_word' id='word_1_592' title='bbox 2101 3788 2112 3822; x_wconf 94' lang='lat'>:</span> <span class='ocrx_word' id='word_1_593' title='bbox 2149 3769 2202 3823; x_wconf 84' lang='lat' dir='ltr'><strong>Si</strong></span> <span class='ocrx_word' id='word_1_594' title='bbox 2236 3767 2455 3839; x_wconf 85' lang='lat' dir='ltr'><strong>quidem</strong></span> <span class='ocrx_word' id='word_1_595' title='bbox 2491 3776 2637 3821; x_wconf 86' lang='lat' dir='ltr'><strong>esset</strong></span> <span class='ocrx_word' id='word_1_596' title='bbox 2663 3767 2905 3837; x_wconf 85' lang='lat' dir='ltr'><strong>iniquum</strong></span> <span class='ocrx_word' id='word_1_597' title='bbox 2953 3767 3180 3837; x_wconf 85' lang='lat' dir='ltr'><strong>aliquid,</strong></span> <span class='ocrx_word' id='word_1_598' title='bbox 3212 3776 3307 3822; x_wconf 83' lang='lat' dir='ltr'><strong>aut</strong></span> <span class='ocrx_word' id='word_1_599' title='bbox 3353 3768 3484 3822; x_wconf 76' lang='lat' dir='ltr'><strong>faci-</strong></span> 
     </span>
    </p>
   </div>
   <div class='ocr_carea' id='block_1_83' title="bbox 1920 3859 3478 3927">
    <p class='ocr_par' dir='ltr' id='par_1_83' title="bbox 1920 3859 3478 3927">
     <span class='ocr_line' id='line_1_83' title="bbox 1920 3859 3478 3927; baseline 0.003 -15"><span class='ocrx_word' id='word_1_600' title='bbox 1920 3875 2022 3914; x_wconf 92' lang='lat' dir='ltr'><strong>nus</strong></span> <span class='ocrx_word' id='word_1_601' title='bbox 2047 3859 2364 3927; x_wconf 87' lang='lat' dir='ltr'><strong>pessimum,</strong></span> <span class='ocrx_word' id='word_1_602' title='bbox 2401 3874 2432 3910; x_wconf 93' lang='grc' dir='ltr'><strong>ο</strong></span> <span class='ocrx_word' id='word_1_603' title='bbox 2465 3860 2562 3912; x_wconf 88' lang='lat' dir='ltr'><strong>viri</strong></span> <span class='ocrx_word' id='word_1_604' title='bbox 2592 3859 2785 3925; x_wconf 76' lang='lat' dir='ltr'><strong>Judaei,</strong></span> <span class='ocrx_word' id='word_1_605' title='bbox 2819 3869 2967 3915; x_wconf 83' lang='lat' dir='ltr'><strong>recte</strong></span> <span class='ocrx_word' id='word_1_606' title='bbox 3003 3876 3098 3915; x_wconf 81' lang='lat' dir='ltr'><strong>vos</strong></span> <span class='ocrx_word' id='word_1_607' title='bbox 3128 3862 3478 3917; x_wconf 82' lang='lat' dir='ltr'><strong>sustinerem.</strong></span> 
     </span>
    </p>
   </div>
   <div class='ocr_carea' id='block_1_84' title="bbox 1921 3947 3483 4020">
    <p class='ocr_par' dir='ltr' id='par_1_84' title="bbox 1921 3947 3483 4020">
     <span class='ocr_line' id='line_1_84' title="bbox 1921 3947 3483 4020; baseline 0 -16"><span class='ocrx_word' id='word_1_608' title='bbox 1921 3951 1976 4005; x_wconf 87' lang='lat' dir='ltr'><strong>Si</strong></span> <span class='ocrx_word' id='word_1_609' title='bbox 2009 3965 2136 4006; x_wconf 89' lang='lat' dir='ltr'><strong>vero</strong></span> <span class='ocrx_word' id='word_1_610' title='bbox 2162 3951 2488 4020; x_wconf 69' lang='lat' dir='ltr'><strong>qurestiones</strong></span> <span class='ocrx_word' id='word_1_611' title='bbox 2517 3958 2645 4004; x_wconf 88' lang='lat' dir='ltr'><strong>sunt</strong></span> <span class='ocrx_word' id='word_1_612' title='bbox 2689 3947 2758 4004; x_wconf 87' lang='lat' dir='ltr'><strong>de</strong></span> <span class='ocrx_word' id='word_1_613' title='bbox 2801 3949 2967 4006; x_wconf 87' lang='lat' dir='ltr'><strong>verbo</strong></span> <span class='ocrx_word' id='word_1_614' title='bbox 2997 3955 3051 4004; x_wconf 90' lang='lat' dir='ltr'><strong>et</strong></span> <span class='ocrx_word' id='word_1_615' title='bbox 3084 3950 3397 4006; x_wconf 85' lang='lat' dir='ltr'><strong>nominibus</strong></span> <span class='ocrx_word' id='word_1_616' title='bbox 3429 3963 3483 4005; x_wconf 87' lang='lat' dir='ltr'><strong>et</strong></span> 
     </span>
    </p>
   </div>
   <div class='ocr_carea' id='block_1_85' title="bbox 1923 4039 3485 4113">
    <p class='ocr_par' dir='ltr' id='par_1_85' title="bbox 1923 4039 3485 4113">
     <span class='ocr_line' id='line_1_85' title="bbox 1923 4039 3485 4113; baseline 0.001 -18"><span class='ocrx_word' id='word_1_617' title='bbox 1923 4045 2039 4112; x_wconf 81' lang='lat' dir='ltr'><strong>lege</strong></span> <span class='ocrx_word' id='word_1_618' title='bbox 2056 4051 2253 4104; x_wconf 76' lang='lat' dir='ltr'><strong>vestra,</strong></span> <span class='ocrx_word' id='word_1_619' title='bbox 2279 4057 2374 4096; x_wconf 80' lang='lat' dir='ltr'><strong>vos</strong></span> <span class='ocrx_word' id='word_1_620' title='bbox 2399 4042 2497 4111; x_wconf 87' lang='lat' dir='ltr'><strong>ipsi</strong></span> <span class='ocrx_word' id='word_1_621' title='bbox 2520 4041 2784 4097; x_wconf 83' lang='lat' dir='ltr'><strong>videritis.</strong></span> <span class='ocrx_word' id='word_1_622' title='bbox 2804 4039 2975 4096; x_wconf 78' lang='lat' dir='ltr'><strong>Judex</strong></span> <span class='ocrx_word' id='word_1_623' title='bbox 2999 4055 3100 4112; x_wconf 86' lang='lat' dir='ltr'><strong>ego</strong></span> <span class='ocrx_word' id='word_1_624' title='bbox 3117 4041 3307 4096; x_wconf 88' lang='lat' dir='ltr'><strong>horum</strong></span> <span class='ocrx_word' id='word_1_625' title='bbox 3322 4043 3485 4113; x_wconf 72' lang='grc'><strong>282</strong></span> 
     </span>
    </p>
   </div>
   <div class='ocr_carea' id='block_1_86' title="bbox 1922 4134 3484 4204">
    <p class='ocr_par' dir='ltr' id='par_1_86' title="bbox 1922 4134 3484 4204">
     <span class='ocr_line' id='line_1_86' title="bbox 1922 4134 3484 4204; baseline 0 -16"><span class='ocrx_word' id='word_1_626' title='bbox 1922 4137 2047 4191; x_wconf 89' lang='lat' dir='ltr'><strong>nolo</strong></span> <span class='ocrx_word' id='word_1_627' title='bbox 2094 4151 2235 4190; x_wconf 89' lang='lat' dir='ltr'><strong>esse.</strong></span> <span class='ocrx_word' id='word_1_628' title='bbox 2283 4134 2345 4186; x_wconf 74' lang='lat' dir='ltr'><strong>Et</strong></span> <span class='ocrx_word' id='word_1_629' title='bbox 2385 4137 2608 4187; x_wconf 83' lang='lat' dir='ltr'><strong>minavit</strong></span> <span class='ocrx_word' id='word_1_630' title='bbox 2641 4149 2738 4189; x_wconf 89' lang='lat' dir='ltr'><strong>eos</strong></span> <span class='ocrx_word' id='word_1_631' title='bbox 2765 4149 2794 4187; x_wconf 88' lang='lat' dir='ltr'><strong>a</strong></span> <span class='ocrx_word' id='word_1_632' title='bbox 2842 4134 3127 4189; x_wconf 90' lang='lat' dir='ltr'><strong>tribunali.</strong></span> <span class='ocrx_word' id='word_1_633' title='bbox 3163 4135 3484 4204; x_wconf 81' lang='lat' dir='ltr'><strong>Apprehen-</strong></span> 
     </span>
    </p>
   </div>
   <div class='ocr_carea' id='block_1_87' title="bbox 1922 4220 3487 4295">
    <p class='ocr_par' dir='ltr' id='par_1_87' title="bbox 1922 4220 3487 4295">
     <span class='ocr_line' id='line_1_87' title="bbox 1922 4220 3487 4295; baseline 0.004 -24"><span class='ocrx_word' id='word_1_634' title='bbox 1922 4224 2112 4278; x_wconf 80' lang='lat' dir='ltr'><strong>dentes</strong></span> <span class='ocrx_word' id='word_1_635' title='bbox 2142 4231 2321 4276; x_wconf 89' lang='lat' dir='ltr'><strong>autem</strong></span> <span class='ocrx_word' id='word_1_636' title='bbox 2368 4238 2556 4276; x_wconf 88' lang='lat' dir='ltr'><strong>omnes</strong></span> <span class='ocrx_word' id='word_1_637' title='bbox 2606 4220 2928 4289; x_wconf 81' lang='lat' dir='ltr'><strong>Soslltencnt</strong></span> <span class='ocrx_word' id='word_1_638' title='bbox 2981 4222 3280 4293; x_wconf 88' lang='lat' dir='ltr'><strong>principem</strong></span> <span class='ocrx_word' id='word_1_639' title='bbox 3326 4239 3487 4295; x_wconf 81' lang='lat' dir='ltr'><strong>syna-</strong></span> 
     </span>
    </p>
   </div>
   <div class='ocr_carea' id='block_1_88' title="bbox 243 4314 1814 4400">
    <p class='ocr_par' dir='ltr' id='par_1_88' title="bbox 243 4323 1814 4400">
     <span class='ocr_line' id='line_1_88' title="bbox 243 4323 1814 4400; baseline -0.003 -18"><span class='ocrx_word' id='word_1_640' title='bbox 243 4329 367 4382; x_wconf 80' lang='grc' dir='ltr'>τοί·</span> <span class='ocrx_word' id='word_1_641' title='bbox 392 4328 585 4400; x_wconf 84' lang='grc' dir='ltr'>κριτὴς</span> <span class='ocrx_word' id='word_1_642' title='bbox 614 4329 720 4398; x_wconf 81' lang='grc' dir='ltr'>γὰρ</span> <span class='ocrx_word' id='word_1_643' title='bbox 742 4327 862 4396; x_wconf 66' lang='grc' dir='ltr'><strong>»ἐγὼ</strong></span> <span class='ocrx_word' id='word_1_644' title='bbox 893 4327 1100 4381; x_wconf 87' lang='grc' dir='ltr'>τούτων</span> <span class='ocrx_word' id='word_1_645' title='bbox 1122 4330 1182 4380; x_wconf 80' lang='grc' dir='ltr'>οὺ</span> <span class='ocrx_word' id='word_1_646' title='bbox 1219 4329 1479 4398; x_wconf 80' lang='grc' dir='ltr'>βούλομαι</span> <span class='ocrx_word' id='word_1_647' title='bbox 1512 4323 1676 4380; x_wconf 80' lang='grc' dir='ltr'>εἶναι.</span> <span class='ocrx_word' id='word_1_648' title='bbox 1708 4326 1814 4379; x_wconf 66' lang='grc' dir='ltr'><strong>Καὶ</strong></span> 
     </span>
    </p>
   </div>
   <div class='ocr_carea' id='block_1_89' title="bbox 1916 4314 3486 4400">
    <p class='ocr_par' dir='ltr' id='par_1_89' title="bbox 1923 4314 3486 4387">
     <span class='ocr_line' id='line_1_89' title="bbox 1923 4314 3486 4387; baseline 0.001 -17"><span class='ocrx_word' id='word_1_649' title='bbox 1923 4330 2090 4387; x_wconf 79' lang='lat' dir='ltr'><strong>gogae.</strong></span> <span class='ocrx_word' id='word_1_650' title='bbox 2119 4314 2501 4384; x_wconf 84' lang='lat' dir='ltr'><strong>percutiebaut</strong></span> <span class='ocrx_word' id='word_1_651' title='bbox 2527 4329 2648 4368; x_wconf 88' lang='lat' dir='ltr'><strong>eum</strong></span> <span class='ocrx_word' id='word_1_652' title='bbox 2678 4322 2803 4370; x_wconf 85' lang='lat' dir='ltr'><strong>ante</strong></span> <span class='ocrx_word' id='word_1_653' title='bbox 2837 4314 3075 4369; x_wconf 83' lang='lat' dir='ltr'><strong>tribunal</strong></span> <span class='ocrx_word' id='word_1_654' title='bbox 3102 4330 3118 4380; x_wconf 88' lang='lat'><strong>;</strong></span> <span class='ocrx_word' id='word_1_655' title='bbox 3144 4323 3196 4370; x_wconf 91' lang='lat' dir='ltr'><strong>et</strong></span> <span class='ocrx_word' id='word_1_656' title='bbox 3228 4316 3364 4370; x_wconf 88' lang='lat' dir='ltr'><strong>nihil</strong></span> <span class='ocrx_word' id='word_1_657' title='bbox 3390 4331 3486 4372; x_wconf 82' lang='lat' dir='ltr'><strong>eo-</strong></span> 
     </span>
    </p>
   </div>
   <div class='ocr_carea' id='block_1_90' title="bbox 247 4406 1814 4490">
    <p class='ocr_par' dir='ltr' id='par_1_90' title="bbox 247 4417 1814 4490">
     <span class='ocr_line' id='line_1_90' title="bbox 247 4417 1814 4490; baseline -0.004 -15"><span class='ocrx_word' id='word_1_658' title='bbox 247 4420 534 4490; x_wconf 81' lang='grc' dir='ltr'>ἀπήλασεν</span> <span class='ocrx_word' id='word_1_659' title='bbox 560 4418 758 4482; x_wconf 80' lang='grc' dir='ltr'>αὐτοὺς</span> <span class='ocrx_word' id='word_1_660' title='bbox 793 4419 902 4473; x_wconf 77' lang='grc' dir='ltr'>ἀπὸ</span> <span class='ocrx_word' id='word_1_661' title='bbox 949 4417 1052 4471; x_wconf 74' lang='grc' dir='ltr'>τοῦ</span> <span class='ocrx_word' id='word_1_662' title='bbox 1099 4418 1359 4488; x_wconf 84' lang='grc' dir='ltr'>βήματος.</span> <span class='ocrx_word' id='word_1_663' title='bbox 1407 4418 1814 4487; x_wconf 79' lang='grc' dir='ltr'>Ἐπιλαὸὀμενοι</span> 
     </span>
    </p>
   </div>
   <div class='ocr_carea' id='block_1_91' title="bbox 1916 4406 3489 4490">
    <p class='ocr_par' dir='ltr' id='par_1_91' title="bbox 1925 4406 3489 4465">
     <span class='ocr_line' id='line_1_91' title="bbox 1925 4406 3489 4465; baseline 0.003 -4"><span class='ocrx_word' id='word_1_664' title='bbox 1925 4422 2042 4463; x_wconf 85' lang='lat' dir='ltr'><strong>rum</strong></span> <span class='ocrx_word' id='word_1_665' title='bbox 2082 4407 2315 4462; x_wconf 86' lang='lat' dir='ltr'><strong>Gallioni</strong></span> <span class='ocrx_word' id='word_1_666' title='bbox 2362 4423 2506 4462; x_wconf 75' lang='lat' dir='ltr'><strong>cura:</strong></span> <span class='ocrx_word' id='word_1_667' title='bbox 2556 4419 2694 4463; x_wconf 89' lang='lat' dir='ltr'><strong>erat.</strong></span> <span class='ocrx_word' id='word_1_668' title='bbox 2747 4406 2945 4463; x_wconf 84' lang='lat' dir='ltr'><strong>Paulus</strong></span> <span class='ocrx_word' id='word_1_669' title='bbox 2974 4423 3101 4464; x_wconf 86' lang='lat' dir='ltr'><strong>vero</strong></span> <span class='ocrx_word' id='word_1_670' title='bbox 3145 4424 3270 4463; x_wconf 89' lang='lat' dir='ltr'><strong>cum</strong></span> <span class='ocrx_word' id='word_1_671' title='bbox 3313 4410 3489 4465; x_wconf 85' lang='lat' dir='ltr'><strong>adhuc</strong></span> 
     </span>
    </p>
   </div>
   <div class='ocr_carea' id='block_1_92' title="bbox 244 4492 1814 4584">
    <p class='ocr_par' dir='ltr' id='par_1_92' title="bbox 244 4508 1814 4584">
     <span class='ocr_line' id='line_1_92' title="bbox 244 4508 1814 4584; baseline -0.006 -16"><span class='ocrx_word' id='word_1_672' title='bbox 244 4515 303 4568; x_wconf 83' lang='grc' dir='ltr'>δὲ</span> <span class='ocrx_word' id='word_1_673' title='bbox 335 4515 538 4577; x_wconf 81' lang='grc' dir='ltr'>πάντες</span> <span class='ocrx_word' id='word_1_674' title='bbox 559 4512 887 4584; x_wconf 77' lang='grc' dir='ltr'>οἱἜλληνες</span> <span class='ocrx_word' id='word_1_675' title='bbox 914 4509 1199 4581; x_wconf 80' lang='grc' dir='ltr'>Σωσθένην</span> <span class='ocrx_word' id='word_1_676' title='bbox 1225 4510 1316 4562; x_wconf 84' lang='grc' dir='ltr'>τὸν</span> <span class='ocrx_word' id='word_1_677' title='bbox 1346 4508 1814 4578; x_wconf 76' lang='grc' dir='ltr'>ἀρχισυνάγωγον,</span> 
     </span>
    </p>
   </div>
   <div class='ocr_carea' id='block_1_93' title="bbox 1916 4492 3486 4584">
    <p class='ocr_par' dir='ltr' id='par_1_93' title="bbox 1927 4499 3486 4568">
     <span class='ocr_line' id='line_1_93' title="bbox 1927 4499 3486 4568; baseline 0.003 -16"><span class='ocrx_word' id='word_1_678' title='bbox 1927 4501 2281 4556; x_wconf 82' lang='lat' dir='ltr'><strong>sustinuisset</strong></span> <span class='ocrx_word' id='word_1_679' title='bbox 2310 4499 2427 4558; x_wconf 87' lang='lat' dir='ltr'><strong>dies</strong></span> <span class='ocrx_word' id='word_1_680' title='bbox 2457 4501 2678 4564; x_wconf 87' lang='lat' dir='ltr'><strong>multos,</strong></span> <span class='ocrx_word' id='word_1_681' title='bbox 2713 4501 2972 4556; x_wconf 80' lang='lat' dir='ltr'><strong>fratribus</strong></span> <span class='ocrx_word' id='word_1_682' title='bbox 3000 4502 3348 4568; x_wconf 81' lang='lat' dir='ltr'><strong>valcfaciens,</strong></span> <span class='ocrx_word' id='word_1_683' title='bbox 3391 4520 3486 4557; x_wconf 82' lang='lat' dir='ltr'><strong>na-</strong></span> 
     </span>
    </p>
   </div>
   <div class='ocr_carea' id='block_1_94' title="bbox 246 4597 1820 4676">
    <p class='ocr_par' dir='ltr' id='par_1_94' title="bbox 246 4597 1820 4676">
     <span class='ocr_line' id='line_1_94' title="bbox 246 4597 1820 4676; baseline -0.008 -16"><span class='ocrx_word' id='word_1_684' title='bbox 246 4607 482 4661; x_wconf 83' lang='grc' dir='ltr'>ἕτυπτον</span> <span class='ocrx_word' id='word_1_685' title='bbox 507 4604 814 4676; x_wconf 73' lang='grc' dir='ltr'>ἔμπροσθεν</span> <span class='ocrx_word' id='word_1_686' title='bbox 841 4605 936 4659; x_wconf 76' lang='grc' dir='ltr'><strong>τοῦ</strong></span> <span class='ocrx_word' id='word_1_687' title='bbox 986 4605 1259 4675; x_wconf 83' lang='grc' dir='ltr'>βήματος·</span> <span class='ocrx_word' id='word_1_688' title='bbox 1309 4602 1403 4656; x_wconf 69' lang='grc' dir='ltr'><strong>καὶ</strong></span> <span class='ocrx_word' id='word_1_689' title='bbox 1435 4600 1587 4654; x_wconf 79' lang='grc' dir='ltr'>οὐδὲν</span> <span class='ocrx_word' id='word_1_690' title='bbox 1617 4597 1820 4651; x_wconf 86' lang='grc' dir='ltr'>τούτων</span> 
     </span>
    </p>
   </div>
   <div class='ocr_carea' id='block_1_95' title="bbox 245 4690 1821 4770">
    <p class='ocr_par' dir='ltr' id='par_1_95' title="bbox 245 4690 1821 4770">
     <span class='ocr_line' id='line_1_95' title="bbox 245 4690 1821 4770; baseline -0.008 -16"><span class='ocrx_word' id='word_1_691' title='bbox 245 4700 332 4770; x_wconf 80' lang='grc' dir='ltr'>τῷ</span> <span class='ocrx_word' id='word_1_692' title='bbox 366 4696 628 4752; x_wconf 80' lang='grc' dir='ltr'>Γαλλῐωνι</span> <span class='ocrx_word' id='word_1_693' title='bbox 660 4697 903 4767; x_wconf 71' lang='grc' dir='ltr'>ἔμελλεν.</span> <span class='ocrx_word' id='word_1_694' title='bbox 939 4697 999 4748; x_wconf 92' lang='lat'><strong>&#39;0</strong></span> <span class='ocrx_word' id='word_1_695' title='bbox 1028 4697 1088 4749; x_wconf 80' lang='grc' dir='ltr'><strong>δὲ·</strong></span> <span class='ocrx_word' id='word_1_696' title='bbox 1116 4695 1345 4762; x_wconf 78' lang='grc' dir='ltr'>Παῦλος,</span> <span class='ocrx_word' id='word_1_697' title='bbox 1375 4693 1456 4746; x_wconf 80' lang='grc' dir='ltr'>ἔτι</span> <span class='ocrx_word' id='word_1_698' title='bbox 1485 4690 1821 4763; x_wconf 83' lang='grc' dir='ltr'>προσμείνας</span> 
     </span>
    </p>
   </div>
   <div class='ocr_carea' id='block_1_96' title="bbox 249 4779 1822 4861">
    <p class='ocr_par' dir='ltr' id='par_1_96' title="bbox 249 4779 1822 4861">
     <span class='ocr_line' id='line_1_96' title="bbox 249 4779 1822 4861; baseline -0.008 -17"><span class='ocrx_word' id='word_1_699' title='bbox 249 4791 466 4861; x_wconf 76' lang='grc' dir='ltr'>ἡμέρας</span> <span class='ocrx_word' id='word_1_700' title='bbox 497 4783 711 4852; x_wconf 73' lang='grc' dir='ltr'>ἱκανὰς,</span> <span class='ocrx_word' id='word_1_701' title='bbox 738 4789 851 4848; x_wconf 87' lang='grc' dir='ltr'>τοῖς</span> <span class='ocrx_word' id='word_1_702' title='bbox 873 4786 1118 4852; x_wconf 78' lang='grc' dir='ltr'>ἀδελφοῖς</span> <span class='ocrx_word' id='word_1_703' title='bbox 1146 4785 1580 4853; x_wconf 74' lang='grc' dir='ltr'>ἀποταξάμενος,</span> <span class='ocrx_word' id='word_1_704' title='bbox 1610 4779 1822 4846; x_wconf 83' lang='grc' dir='ltr'>ἐξέπλει</span> 
     </span>
    </p>
   </div>
   <div class='ocr_carea' id='block_1_97' title="bbox 247 4868 1826 4952">
    <p class='ocr_par' dir='ltr' id='par_1_97' title="bbox 247 4868 1826 4952">
     <span class='ocr_line' id='line_1_97' title="bbox 247 4868 1826 4952; baseline -0.009 -16"><span class='ocrx_word' id='word_1_705' title='bbox 247 4888 333 4945; x_wconf 79' lang='grc' dir='ltr'>εἰς</span> <span class='ocrx_word' id='word_1_706' title='bbox 369 4881 464 4952; x_wconf 84' lang='grc' dir='ltr'>τὴν</span> <span class='ocrx_word' id='word_1_707' title='bbox 482 4875 703 4951; x_wconf 85' lang='grc' dir='ltr'>Συρίαν,</span> <span class='ocrx_word' id='word_1_708' title='bbox 729 4878 824 4931; x_wconf 75' lang='grc' dir='ltr'><strong>καὶ</strong></span> <span class='ocrx_word' id='word_1_709' title='bbox 855 4876 949 4930; x_wconf 76' lang='grc' dir='ltr'>σὺν</span> <span class='ocrx_word' id='word_1_710' title='bbox 973 4874 1122 4943; x_wconf 81' lang='grc' dir='ltr'>αύτῷ</span> <span class='ocrx_word' id='word_1_711' title='bbox 1170 4873 1493 4944; x_wconf 79' lang='grc' dir='ltr'>Πρίσκιλλα,</span> <span class='ocrx_word' id='word_1_712' title='bbox 1528 4873 1620 4923; x_wconf 79' lang='grc' dir='ltr'>καὶ</span> <span class='ocrx_word' id='word_1_713' title='bbox 1667 4868 1826 4922; x_wconf 82' lang='grc' dir='ltr'>Ἀκύ·</span> 
     </span>
    </p>
   </div>
   <div class='ocr_carea' id='block_1_98' title="bbox 245 4956 1825 5042">
    <p class='ocr_par' dir='ltr' id='par_1_98' title="bbox 245 4956 1825 5042">
     <span class='ocr_line' id='line_1_98' title="bbox 245 4956 1825 5042; baseline -0.009 -17"><span class='ocrx_word' id='word_1_714' title='bbox 245 4975 370 5035; x_wconf 56' lang='lat' dir='ltr'><strong>hac,</strong></span> <span class='ocrx_word' id='word_1_715' title='bbox 396 4973 721 5042; x_wconf 83' lang='grc' dir='ltr'>κειράμενος</span> <span class='ocrx_word' id='word_1_716' title='bbox 744 4971 802 5022; x_wconf 82' lang='grc' dir='ltr'>ὲν</span> <span class='ocrx_word' id='word_1_717' title='bbox 820 4967 1131 5038; x_wconf 82' lang='grc' dir='ltr'>Κεγχρεαῖς</span> <span class='ocrx_word' id='word_1_718' title='bbox 1151 4965 1250 5034; x_wconf 75' lang='grc' dir='ltr'>τὴν</span> <span class='ocrx_word' id='word_1_719' title='bbox 1277 4963 1515 5030; x_wconf 79' lang='grc' dir='ltr'>κεφαλήν</span> <span class='ocrx_word' id='word_1_720' title='bbox 1539 4979 1550 4992; x_wconf 68' lang='grc' dir='ltr'><strong><em>ν</em></strong></span> <span class='ocrx_word' id='word_1_721' title='bbox 1583 4956 1695 5030; x_wconf 75' lang='grc' dir='ltr'>εἶχε</span> <span class='ocrx_word' id='word_1_722' title='bbox 1718 4961 1825 5030; x_wconf 82' lang='grc' dir='ltr'>γὰρ</span> 
     </span>
    </p>
   </div>
   <div class='ocr_carea' id='block_1_99' title="bbox 247 5050 1826 5131">
    <p class='ocr_par' dir='ltr' id='par_1_99' title="bbox 247 5050 1826 5131">
     <span class='ocr_line' id='line_1_99' title="bbox 247 5050 1826 5131; baseline -0.006 -19"><span class='ocrx_word' id='word_1_723' title='bbox 247 5061 440 5130; x_wconf 80' lang='grc' dir='ltr'>εὐχήν.</span> <span class='ocrx_word' id='word_1_724' title='bbox 482 5063 803 5131; x_wconf 78' lang='grc' dir='ltr'>Κατήντησε</span> <span class='ocrx_word' id='word_1_725' title='bbox 829 5060 884 5114; x_wconf 84' lang='grc' dir='ltr'>δὲ</span> <span class='ocrx_word' id='word_1_726' title='bbox 912 5062 994 5121; x_wconf 84' lang='grc' dir='ltr'>εἰς</span> <span class='ocrx_word' id='word_1_727' title='bbox 1025 5058 1278 5126; x_wconf 85' lang='grc' dir='ltr'>Ἔφεσον,</span> <span class='ocrx_word' id='word_1_728' title='bbox 1304 5053 1588 5113; x_wconf 85' lang='grc' dir='ltr'>κάκείνους</span> <span class='ocrx_word' id='word_1_729' title='bbox 1611 5050 1826 5103; x_wconf 82' lang='grc' dir='ltr'>κατέλι-</span> 
     </span>
    </p>
   </div>
   <div class='ocr_carea' id='block_1_100' title="bbox 250 5144 1824 5215">
    <p class='ocr_par' dir='ltr' id='par_1_100' title="bbox 250 5144 1824 5215">
     <span class='ocr_line' id='line_1_100' title="bbox 250 5144 1824 5215; baseline -0.008 -10"><span class='ocrx_word' id='word_1_730' title='bbox 250 5168 358 5205; x_wconf 84' lang='grc' dir='ltr'><strong>πεν</strong></span> <span class='ocrx_word' id='word_1_731' title='bbox 384 5151 572 5204; x_wconf 74' lang='grc' dir='ltr'>αὐτοῦ.</span> <span class='ocrx_word' id='word_1_732' title='bbox 609 5153 781 5215; x_wconf 76' lang='grc' dir='ltr'>Αὐτὸς</span> <span class='ocrx_word' id='word_1_733' title='bbox 817 5153 874 5204; x_wconf 75' lang='grc' dir='ltr'>δὲ</span> <span class='ocrx_word' id='word_1_734' title='bbox 935 5148 1194 5205; x_wconf 82' lang='grc' dir='ltr'>εἰσελθὼν</span> <span class='ocrx_word' id='word_1_735' title='bbox 1227 5149 1305 5210; x_wconf 82' lang='grc' dir='ltr'><strong>είς</strong></span> <span class='ocrx_word' id='word_1_736' title='bbox 1349 5146 1448 5212; x_wconf 78' lang='grc' dir='ltr'>τὴν</span> <span class='ocrx_word' id='word_1_737' title='bbox 1495 5144 1824 5211; x_wconf 82' lang='grc' dir='ltr'>συναγωγὴν</span> 
     </span>
    </p>
   </div>
   <div class='ocr_carea' id='block_1_101' title="bbox 245 5233 1826 5313">
    <p class='ocr_par' dir='ltr' id='par_1_101' title="bbox 245 5233 1826 5313">
     <span class='ocr_line' id='line_1_101' title="bbox 245 5233 1826 5313; baseline -0.009 -15"><span class='ocrx_word' id='word_1_738' title='bbox 245 5244 525 5309; x_wconf 77' lang='grc' dir='ltr'>διελέξατο</span> <span class='ocrx_word' id='word_1_739' title='bbox 573 5246 684 5306; x_wconf 85' lang='grc' dir='ltr'>τοῖς</span> <span class='ocrx_word' id='word_1_740' title='bbox 711 5245 1009 5308; x_wconf 79' lang='grc' dir='ltr'>Ἰουδαίοις.</span> <span class='ocrx_word' id='word_1_741' title='bbox 1063 5238 1420 5313; x_wconf 76' lang='grc' dir='ltr'>Ἐρωτὼντων</span> <span class='ocrx_word' id='word_1_742' title='bbox 1454 5236 1511 5288; x_wconf 82' lang='grc' dir='ltr'>δὲ</span> <span class='ocrx_word' id='word_1_743' title='bbox 1541 5233 1704 5288; x_wconf 82' lang='grc' dir='ltr'>αὐτὸν</span> <span class='ocrx_word' id='word_1_744' title='bbox 1733 5234 1826 5284; x_wconf 74' lang='grc' dir='ltr'><strong>ἐπὶ</strong></span> 
     </span>
    </p>
   </div>
   <div class='ocr_carea' id='block_1_102' title="bbox 1930 4586 3570 4668">
    <p class='ocr_par' dir='ltr' id='par_1_102' title="bbox 1930 4586 3570 4668">
     <span class='ocr_line' id='line_1_102' title="bbox 1930 4586 3570 4668; baseline 0.005 -27"><span class='ocrx_word' id='word_1_745' title='bbox 1930 4590 2128 4659; x_wconf 77' lang='lat' dir='ltr'><strong>vigavit</strong></span> <span class='ocrx_word' id='word_1_746' title='bbox 2171 4591 2223 4643; x_wconf 90' lang='lat' dir='ltr'><strong>in</strong></span> <span class='ocrx_word' id='word_1_747' title='bbox 2265 4586 2476 4660; x_wconf 77' lang='lat' dir='ltr'><strong>Syriam</strong></span> <span class='ocrx_word' id='word_1_748' title='bbox 2529 4592 2756 4659; x_wconf 89' lang='lat' dir='ltr'><strong>(etcum</strong></span> <span class='ocrx_word' id='word_1_749' title='bbox 2787 4607 2852 4646; x_wconf 84' lang='lat' dir='ltr'><strong>eo</strong></span> <span class='ocrx_word' id='word_1_750' title='bbox 2899 4592 3145 4646; x_wconf 83' lang='lat' dir='ltr'><strong>Priscilla</strong></span> <span class='ocrx_word' id='word_1_751' title='bbox 3177 4594 3526 4668; x_wconf 39' lang='lat' dir='ltr'><strong>emunita)”</strong></span> <span class='ocrx_word' id='word_1_752' title='bbox 3568 4639 3570 4643; x_wconf 96' lang='lat'><strong>.</strong></span> 
     </span>
    </p>
   </div>
   <div class='ocr_carea' id='block_1_103' title="bbox 1930 4682 3494 4757">
    <p class='ocr_par' dir='ltr' id='par_1_103' title="bbox 1930 4682 3494 4757">
     <span class='ocr_line' id='line_1_103' title="bbox 1930 4682 3494 4757; baseline 0.002 -20"><span class='ocrx_word' id='word_1_753' title='bbox 1930 4685 2021 4754; x_wconf 87' lang='lat' dir='ltr'><strong>qui</strong></span> <span class='ocrx_word' id='word_1_754' title='bbox 2080 4683 2178 4737; x_wconf 88' lang='lat' dir='ltr'><strong>sibi</strong></span> <span class='ocrx_word' id='word_1_755' title='bbox 2230 4682 2539 4737; x_wconf 83' lang='lat' dir='ltr'><strong>totonderat</strong></span> <span class='ocrx_word' id='word_1_756' title='bbox 2595 4684 2650 4736; x_wconf 93' lang='lat' dir='ltr'><strong>in</strong></span> <span class='ocrx_word' id='word_1_757' title='bbox 2703 4683 2965 4740; x_wconf 71' lang='lat' dir='ltr'><strong>Cenchris</strong></span> <span class='ocrx_word' id='word_1_758' title='bbox 3007 4697 3210 4757; x_wconf 83' lang='lat' dir='ltr'><strong>caput:</strong></span> <span class='ocrx_word' id='word_1_759' title='bbox 3261 4686 3494 4742; x_wconf 84' lang='lat' dir='ltr'><strong>habebat</strong></span> 
     </span>
    </p>
   </div>
   <div class='ocr_carea' id='block_1_104' title="bbox 1932 4777 3493 4849">
    <p class='ocr_par' dir='ltr' id='par_1_104' title="bbox 1932 4777 3493 4849">
     <span class='ocr_line' id='line_1_104' title="bbox 1932 4777 3493 4849; baseline 0.002 -17"><span class='ocrx_word' id='word_1_760' title='bbox 1932 4779 2075 4832; x_wconf 87' lang='lat' dir='ltr'><strong>enim</strong></span> <span class='ocrx_word' id='word_1_761' title='bbox 2105 4785 2309 4831; x_wconf 90' lang='lat' dir='ltr'><strong>votum.</strong></span> <span class='ocrx_word' id='word_1_762' title='bbox 2341 4777 2671 4849; x_wconf 85' lang='lat' dir='ltr'><strong>Devenitque</strong></span> <span class='ocrx_word' id='word_1_763' title='bbox 2695 4780 2993 4849; x_wconf 86' lang='lat' dir='ltr'><strong>Ephesum,</strong></span> <span class='ocrx_word' id='word_1_764' title='bbox 3035 4789 3088 4835; x_wconf 91' lang='lat' dir='ltr'><strong>ct</strong></span> <span class='ocrx_word' id='word_1_765' title='bbox 3119 4780 3191 4834; x_wconf 89' lang='lat' dir='ltr'><strong>ibi</strong></span> <span class='ocrx_word' id='word_1_766' title='bbox 3221 4781 3342 4837; x_wconf 91' lang='lat' dir='ltr'><strong>illos</strong></span> <span class='ocrx_word' id='word_1_767' title='bbox 3369 4782 3493 4836; x_wconf 89' lang='lat' dir='ltr'><strong>reli-</strong></span> 
     </span>
    </p>
   </div>
   <div class='ocr_carea' id='block_1_105' title="bbox 1931 4869 3491 4941">
    <p class='ocr_par' dir='ltr' id='par_1_105' title="bbox 1931 4869 3491 4941">
     <span class='ocr_line' id='line_1_105' title="bbox 1931 4869 3491 4941; baseline 0.001 -18"><span class='ocrx_word' id='word_1_768' title='bbox 1931 4869 2068 4938; x_wconf 87' lang='lat' dir='ltr'><strong>quit.</strong></span> <span class='ocrx_word' id='word_1_769' title='bbox 2127 4870 2248 4937; x_wconf 88' lang='lat' dir='ltr'><strong>Ipse</strong></span> <span class='ocrx_word' id='word_1_770' title='bbox 2296 4885 2421 4923; x_wconf 88' lang='lat' dir='ltr'><strong>vero</strong></span> <span class='ocrx_word' id='word_1_771' title='bbox 2453 4873 2732 4938; x_wconf 83' lang='lat' dir='ltr'><strong>ingressus</strong></span> <span class='ocrx_word' id='word_1_772' title='bbox 2781 4886 3148 4940; x_wconf 82' lang='lat' dir='ltr'><strong>synagogam,</strong></span> <span class='ocrx_word' id='word_1_773' title='bbox 3181 4872 3491 4941; x_wconf 83' lang='lat' dir='ltr'><strong>disputabat</strong></span> 
     </span>
    </p>
   </div>
   <div class='ocr_carea' id='block_1_106' title="bbox 1931 4958 3491 5033">
    <p class='ocr_par' dir='ltr' id='par_1_106' title="bbox 1931 4958 3491 5033">
     <span class='ocr_line' id='line_1_106' title="bbox 1931 4958 3491 5033; baseline 0.003 -22"><span class='ocrx_word' id='word_1_774' title='bbox 1931 4975 2055 5012; x_wconf 89' lang='lat' dir='ltr'><strong>cum</strong></span> <span class='ocrx_word' id='word_1_775' title='bbox 2110 4958 2328 5013; x_wconf 66' lang='lat' dir='ltr'><strong>Judmis.</strong></span> <span class='ocrx_word' id='word_1_776' title='bbox 2397 4958 2735 5028; x_wconf 70' lang='lat' dir='ltr'><strong>Brigantibus</strong></span> <span class='ocrx_word' id='word_1_777' title='bbox 2785 4970 2966 5015; x_wconf 87' lang='lat' dir='ltr'><strong>autem</strong></span> <span class='ocrx_word' id='word_1_778' title='bbox 3015 4963 3097 5016; x_wconf 89' lang='lat' dir='ltr'><strong>eis</strong></span> <span class='ocrx_word' id='word_1_779' title='bbox 3139 4970 3205 5016; x_wconf 79' lang='lat' dir='ltr'><strong>ut</strong></span> <span class='ocrx_word' id='word_1_780' title='bbox 3242 4962 3491 5033; x_wconf 85' lang='lat' dir='ltr'><strong>ampliori</strong></span> 
     </span>
    </p>
   </div>
   <div class='ocr_carea' id='block_1_107' title="bbox 1929 5052 3496 5123">
    <p class='ocr_par' dir='ltr' id='par_1_107' title="bbox 1929 5052 3496 5123">
     <span class='ocr_line' id='line_1_107' title="bbox 1929 5052 3496 5123; baseline 0.004 -20"><span class='ocrx_word' id='word_1_781' title='bbox 1929 5060 2176 5121; x_wconf 84' lang='lat' dir='ltr'><strong>tempore</strong></span> <span class='ocrx_word' id='word_1_782' title='bbox 2222 5061 2485 5118; x_wconf 85' lang='lat' dir='ltr'><strong>maneret,</strong></span> <span class='ocrx_word' id='word_1_783' title='bbox 2537 5068 2642 5123; x_wconf 84' lang='lat' dir='ltr'><strong>non</strong></span> <span class='ocrx_word' id='word_1_784' title='bbox 2671 5054 2982 5119; x_wconf 87' lang='lat' dir='ltr'><strong>consensit;</strong></span> <span class='ocrx_word' id='word_1_785' title='bbox 3019 5052 3113 5109; x_wconf 89' lang='lat' dir='ltr'><strong>sed</strong></span> <span class='ocrx_word' id='word_1_786' title='bbox 3167 5054 3496 5111; x_wconf 67' lang='lat' dir='ltr'><strong>x&#39;alefaciens</strong></span> 
     </span>
    </p>
   </div>
   <div class='ocr_carea' id='block_1_108' title="bbox 1929 5143 3492 5212">
    <p class='ocr_par' dir='ltr' id='par_1_108' title="bbox 1929 5143 3492 5212">
     <span class='ocr_line' id='line_1_108' title="bbox 1929 5143 3492 5212; baseline 0.003 -15"><span class='ocrx_word' id='word_1_787' title='bbox 1929 5155 1981 5197; x_wconf 86' lang='lat' dir='ltr'><strong>et</strong></span> <span class='ocrx_word' id='word_1_788' title='bbox 2016 5143 2245 5197; x_wconf 82' lang='lat' dir='ltr'><strong>dicens:</strong></span> <span class='ocrx_word' id='word_1_789' title='bbox 2298 5143 2498 5199; x_wconf 80' lang='lat' dir='ltr'><strong>Iterum</strong></span> <span class='ocrx_word' id='word_1_790' title='bbox 2551 5155 2793 5200; x_wconf 80' lang='lat' dir='ltr'><strong>revertar</strong></span> <span class='ocrx_word' id='word_1_791' title='bbox 2841 5148 2907 5200; x_wconf 85' lang='lat' dir='ltr'><strong>ad</strong></span> <span class='ocrx_word' id='word_1_792' title='bbox 2961 5163 3075 5212; x_wconf 85' lang='lat' dir='ltr'><strong>vos,</strong></span> <span class='ocrx_word' id='word_1_793' title='bbox 3115 5147 3222 5202; x_wconf 89' lang='lat' dir='ltr'><strong>Deo</strong></span> <span class='ocrx_word' id='word_1_794' title='bbox 3260 5149 3492 5211; x_wconf 63' lang='lat' dir='ltr'><strong>volente,</strong></span> 
     </span>
    </p>
   </div>
   <div class='ocr_carea' id='block_1_109' title="bbox 1933 5234 2670 5307">
    <p class='ocr_par' dir='ltr' id='par_1_109' title="bbox 1933 5234 2670 5307">
     <span class='ocr_line' id='line_1_109' title="bbox 1933 5234 2670 5307; baseline 0.007 -21"><span class='ocrx_word' id='word_1_795' title='bbox 1933 5234 2208 5304; x_wconf 77' lang='lat' dir='ltr'><strong>proiectus</strong></span> <span class='ocrx_word' id='word_1_796' title='bbox 2234 5247 2316 5292; x_wconf 85' lang='lat' dir='ltr'><strong>est</strong></span> <span class='ocrx_word' id='word_1_797' title='bbox 2349 5238 2416 5290; x_wconf 88' lang='lat' dir='ltr'><strong>ab</strong></span> <span class='ocrx_word' id='word_1_798' title='bbox 2440 5238 2670 5307; x_wconf 85' lang='lat' dir='ltr'><strong>Epheso.</strong></span> 
     </span>
    </p>
   </div>
   <div class='ocr_carea' id='block_1_110' title="bbox 248 5331 3498 5412">
    <p class='ocr_par' dir='ltr' id='par_1_110' title="bbox 248 5331 3498 5412">
     <span class='ocr_line' id='line_1_110' title="bbox 248 5331 3498 5412; baseline -0.002 -19"><span class='ocrx_word' id='word_1_799' title='bbox 248 5341 477 5394; x_wconf 85' lang='grc' dir='ltr'>πλείονα</span> <span class='ocrx_word' id='word_1_800' title='bbox 499 5340 688 5412; x_wconf 85' lang='grc' dir='ltr'>χρόνον</span> <span class='ocrx_word' id='word_1_801' title='bbox 721 5341 900 5407; x_wconf 76' lang='grc' dir='ltr'>μεῖναι</span> <span class='ocrx_word' id='word_1_802' title='bbox 937 5341 1065 5412; x_wconf 81' lang='grc' dir='ltr'>παρ’</span> <span class='ocrx_word' id='word_1_803' title='bbox 1106 5331 1314 5404; x_wconf 71' lang='grc' dir='ltr'>αὐτοῖς,</span> <span class='ocrx_word' id='word_1_804' title='bbox 1345 5335 1443 5390; x_wconf 79' lang='grc' dir='ltr'>οὐκ</span> <span class='ocrx_word' id='word_1_805' title='bbox 1491 5334 1779 5386; x_wconf 76' lang='grc' dir='ltr'>ἐπένευσεν</span> <span class='ocrx_word' id='word_1_806' title='bbox 1805 5347 1819 5361; x_wconf 71' lang='grc' dir='ltr'><strong>ο</strong></span> <span class='ocrx_word' id='word_1_807' title='bbox 1861 5331 1975 5384; x_wconf 81' lang='grc' dir='ltr'>ἀλλ’</span> <span class='ocrx_word' id='word_1_808' title='bbox 2008 5334 2419 5404; x_wconf 76' lang='grc' dir='ltr'>ἀποταξάμενος</span> <span class='ocrx_word' id='word_1_809' title='bbox 2466 5337 2669 5398; x_wconf 74' lang='grc' dir='ltr'>αὐτοῖς,</span> <span class='ocrx_word' id='word_1_810' title='bbox 2700 5337 2790 5388; x_wconf 76' lang='grc' dir='ltr'>καὶ</span> <span class='ocrx_word' id='word_1_811' title='bbox 2851 5333 3047 5387; x_wconf 80' lang='grc' dir='ltr'>εἰπών·</span> <span class='ocrx_word' id='word_1_812' title='bbox 3086 5337 3175 5386; x_wconf 84' lang='grc' dir='ltr'>Δεῖ</span> <span class='ocrx_word' id='word_1_813' title='bbox 3227 5353 3293 5405; x_wconf 85' lang='grc' dir='ltr'><strong>με</strong></span> <span class='ocrx_word' id='word_1_814' title='bbox 3363 5335 3498 5387; x_wconf 65' lang='grc' dir='ltr'>πάν-</span> 
     </span>
    </p>
   </div>
   <div class='ocr_carea' id='block_1_111' title="bbox 247 5425 3498 5508">
    <p class='ocr_par' dir='ltr' id='par_1_111' title="bbox 247 5425 3498 5508">
     <span class='ocr_line' id='line_1_111' title="bbox 247 5425 3498 5508; baseline -0.003 -21"><span class='ocrx_word' id='word_1_815' title='bbox 247 5456 362 5499; x_wconf 78' lang='grc' dir='ltr'><strong>τως</strong></span> <span class='ocrx_word' id='word_1_816' title='bbox 396 5439 496 5508; x_wconf 81' lang='grc' dir='ltr'>τὴν</span> <span class='ocrx_word' id='word_1_817' title='bbox 526 5434 718 5506; x_wconf 77' lang='grc' dir='ltr'>ἑορτὴν</span> <span class='ocrx_word' id='word_1_818' title='bbox 748 5431 847 5503; x_wconf 82' lang='grc' dir='ltr'>τὴν</span> <span class='ocrx_word' id='word_1_819' title='bbox 886 5435 1186 5502; x_wconf 74' lang='grc' dir='ltr'>ἐρχομένην</span> <span class='ocrx_word' id='word_1_820' title='bbox 1216 5432 1439 5501; x_wconf 80' lang='grc' dir='ltr'>ποιῆσαι</span> <span class='ocrx_word' id='word_1_821' title='bbox 1473 5429 1551 5490; x_wconf 78' lang='grc' dir='ltr'><strong>εἰς</strong></span> <span class='ocrx_word' id='word_1_822' title='bbox 1590 5425 1968 5497; x_wconf 80' lang='grc' dir='ltr'>Ἰερουσαλὴμ,</span> <span class='ocrx_word' id='word_1_823' title='bbox 1999 5427 2093 5480; x_wconf 71' lang='grc' dir='ltr'><strong>καὶ</strong></span> <span class='ocrx_word' id='word_1_824' title='bbox 2157 5427 2318 5480; x_wconf 86' lang='grc' dir='ltr'>πάλιν</span> <span class='ocrx_word' id='word_1_825' title='bbox 2369 5428 2676 5496; x_wconf 62' lang='grc' dir='ltr'>ἀνακάμψω</span> <span class='ocrx_word' id='word_1_826' title='bbox 2727 5426 2857 5496; x_wconf 68' lang='grc' dir='ltr'>πρὸς</span> <span class='ocrx_word' id='word_1_827' title='bbox 2899 5428 3042 5497; x_wconf 75' lang='grc' dir='ltr'>ὑμᾶς</span> <span class='ocrx_word' id='word_1_828' title='bbox 3081 5426 3175 5480; x_wconf 81' lang='grc' dir='ltr'>τοῦ</span> <span class='ocrx_word' id='word_1_829' title='bbox 3226 5429 3364 5481; x_wconf 73' lang='grc' dir='ltr'>Θεοῦ</span> <span class='ocrx_word' id='word_1_830' title='bbox 3410 5429 3498 5479; x_wconf 77' lang='grc' dir='ltr'><strong>θέ-</strong></span> 
     </span>
    </p>
   </div>
   <div class='ocr_carea' id='block_1_112' title="bbox 247 5525 1385 5598">
    <p class='ocr_par' dir='ltr' id='par_1_112' title="bbox 247 5525 1385 5598">
     <span class='ocr_line' id='line_1_112' title="bbox 247 5525 1385 5598; baseline -0.018 -10"><span class='ocrx_word' id='word_1_831' title='bbox 247 5537 459 5596; x_wconf 82' lang='grc' dir='ltr'>λοντος,</span> <span class='ocrx_word' id='word_1_832' title='bbox 499 5531 594 5582; x_wconf 75' lang='grc' dir='ltr'>καὶ</span> <span class='ocrx_word' id='word_1_833' title='bbox 623 5526 832 5598; x_wconf 74' lang='grc' dir='ltr'>ἀνήχθη</span> <span class='ocrx_word' id='word_1_834' title='bbox 863 5525 971 5577; x_wconf 77' lang='grc' dir='ltr'>ἀπὸ</span> <span class='ocrx_word' id='word_1_835' title='bbox 1004 5527 1103 5594; x_wconf 76' lang='grc' dir='ltr'>τῆς</span> <span class='ocrx_word' id='word_1_836' title='bbox 1146 5526 1385 5594; x_wconf 78' lang='grc' dir='ltr'>Ἑφέσου,</span> 
     </span>
    </p>
   </div>
   <div class='ocr_carea' id='block_1_113' title="bbox 854 5617 1231 5672">
    <p class='ocr_par' dir='ltr' id='par_1_113' title="bbox 854 5617 1231 5672">
     <span class='ocr_line' id='line_1_113' title="bbox 854 5617 1231 5672; baseline -0.008 0"><span class='ocrx_word' id='word_1_837' title='bbox 854 5617 1231 5672; x_wconf 81' lang='grc' dir='ltr'><strong>ΕΡΜΗΝΕΙΑ.</strong></span> 
     </span>
    </p>
   </div>
   <div class='ocr_carea' id='block_1_114' title="bbox 333 5709 1826 5782">
    <p class='ocr_par' dir='ltr' id='par_1_114' title="bbox 333 5709 1826 5782">
     <span class='ocr_line' id='line_1_114' title="bbox 333 5709 1826 5782; baseline -0.009 -10"><span class='ocrx_word' id='word_1_838' title='bbox 333 5719 397 5772; x_wconf 84' lang='grc' dir='ltr'>Ὀ</span> <span class='ocrx_word' id='word_1_839' title='bbox 421 5715 477 5768; x_wconf 86' lang='grc' dir='ltr'>δὲ</span> <span class='ocrx_word' id='word_1_840' title='bbox 503 5714 653 5782; x_wconf 85' lang='grc' dir='ltr'>λέγει</span> <span class='ocrx_word' id='word_1_841' title='bbox 673 5712 912 5766; x_wconf 76' lang='grc' dir='ltr'>τοιοῦτόν</span> <span class='ocrx_word' id='word_1_842' title='bbox 932 5712 1107 5762; x_wconf 73' lang='grc' dir='ltr'>ἐστιν·</span> <span class='ocrx_word' id='word_1_843' title='bbox 1138 5709 1403 5771; x_wconf 79' lang='grc' dir='ltr'>Ἕκαστος</span> <span class='ocrx_word' id='word_1_844' title='bbox 1443 5709 1552 5761; x_wconf 84' lang='grc' dir='ltr'>τῶν</span> <span class='ocrx_word' id='word_1_845' title='bbox 1586 5710 1826 5760; x_wconf 85' lang='grc' dir='ltr'>ἀποστα-</span> 
     </span>
    </p>
   </div>
   <div class='ocr_carea' id='block_1_115' title="bbox 247 5799 1822 5887">
    <p class='ocr_par' dir='ltr' id='par_1_115' title="bbox 247 5799 1822 5872">
     <span class='ocr_line' id='line_1_115' title="bbox 247 5799 1822 5872; baseline -0.011 -5"><span class='ocrx_word' id='word_1_846' title='bbox 247 5811 488 5866; x_wconf 82' lang='grc' dir='ltr'>τούντων</span> <span class='ocrx_word' id='word_1_847' title='bbox 514 5804 754 5872; x_wconf 80' lang='grc' dir='ltr'>Χριστῷ,</span> <span class='ocrx_word' id='word_1_848' title='bbox 782 5805 839 5866; x_wconf 84' lang='grc' dir='ltr'>ὃς</span> <span class='ocrx_word' id='word_1_849' title='bbox 858 5804 973 5854; x_wconf 80' lang='grc' dir='ltr'>ἐστι</span> <span class='ocrx_word' id='word_1_850' title='bbox 1001 5799 1135 5871; x_wconf 77' lang='grc' dir='ltr'>ζωὴ,</span> <span class='ocrx_word' id='word_1_851' title='bbox 1169 5799 1314 5851; x_wconf 79' lang='grc' dir='ltr'>δοκεῖ</span> <span class='ocrx_word' id='word_1_852' title='bbox 1338 5801 1527 5859; x_wconf 65' lang='grc' dir='ltr'>ἑαυτὸν</span> <span class='ocrx_word' id='word_1_853' title='bbox 1559 5799 1822 5868; x_wconf 78' lang='grc' dir='ltr'>φονεύειν,</span> 
     </span>
    </p>
   </div>
   <div class='ocr_carea' id='block_1_116' title="bbox 591 5892 1295 5955">
    <p class='ocr_par' dir='ltr' id='par_1_116' title="bbox 591 5892 1295 5955">
     <span class='ocr_line' id='line_1_116' title="bbox 591 5892 1295 5955; baseline -0.001 -2"><span class='ocrx_word' id='word_1_854' title='bbox 591 5893 858 5954; x_wconf 72' lang='grc' dir='ltr'>ιἈτῐιοι..</span> <span class='ocrx_word' id='word_1_855' title='bbox 903 5898 1018 5955; x_wconf 75' lang='lat' dir='ltr'><strong>Gn.</strong></span> <span class='ocrx_word' id='word_1_856' title='bbox 1065 5892 1295 5953; x_wconf 76' lang='lat' dir='ltr'><strong>CXXV.</strong></span> 
     </span>
    </p>
   </div>
   <div class='ocr_carea' id='block_1_117' title="bbox 2436 5610 3002 5668">
    <p class='ocr_par' dir='ltr' id='par_1_117' title="bbox 2436 5610 3002 5668">
     <span class='ocr_line' id='line_1_117' title="bbox 2436 5610 3002 5668; baseline 0.002 -4"><span class='ocrx_word' id='word_1_857' title='bbox 2436 5610 3002 5668; x_wconf 73' lang='lat' dir='ltr'><strong>COMMENTARIUS.</strong></span> 
     </span>
    </p>
   </div>
   <div class='ocr_carea' id='block_1_118' title="bbox 2015 5703 3496 5775">
    <p class='ocr_par' dir='ltr' id='par_1_118' title="bbox 2015 5703 3496 5775">
     <span class='ocr_line' id='line_1_118' title="bbox 2015 5703 3496 5775; baseline 0.003 -21"><span class='ocrx_word' id='word_1_858' title='bbox 2015 5723 2032 5754; x_wconf 77' lang='grc' dir='ltr'><strong>ι</strong></span> <span class='ocrx_word' id='word_1_859' title='bbox 2078 5703 2312 5775; x_wconf 84' lang='lat' dir='ltr'><strong>Sanguis</strong></span> <span class='ocrx_word' id='word_1_860' title='bbox 2371 5715 2550 5759; x_wconf 73' lang='lat' dir='ltr'><strong>vester</strong></span> <span class='ocrx_word' id='word_1_861' title='bbox 2603 5723 2767 5774; x_wconf 81' lang='lat' dir='ltr'><strong>super</strong></span> <span class='ocrx_word' id='word_1_862' title='bbox 2812 5716 2972 5774; x_wconf 86' lang='lat' dir='ltr'><strong>caput</strong></span> <span class='ocrx_word' id='word_1_863' title='bbox 3022 5712 3287 5758; x_wconf 88' lang='lat' dir='ltr'><strong>vestrum.</strong></span> <span class='ocrx_word' id='word_1_864' title='bbox 3326 5724 3343 5756; x_wconf 76' lang='grc' dir='ltr'><strong>ι</strong></span> <span class='ocrx_word' id='word_1_865' title='bbox 3382 5707 3496 5761; x_wconf 83' lang='lat' dir='ltr'><strong>iloe</strong></span> 
     </span>
    </p>
   </div>
   <div class='ocr_carea' id='block_1_119' title="bbox 1937 5794 3497 5864">
    <p class='ocr_par' dir='ltr' id='par_1_119' title="bbox 1937 5794 3497 5864">
     <span class='ocr_line' id='line_1_119' title="bbox 1937 5794 3497 5864; baseline 0.001 -14"><span class='ocrx_word' id='word_1_866' title='bbox 1937 5797 2158 5864; x_wconf 85' lang='lat' dir='ltr'><strong>perinde</strong></span> <span class='ocrx_word' id='word_1_867' title='bbox 2211 5807 2314 5863; x_wconf 84' lang='lat' dir='ltr'><strong>cst,</strong></span> <span class='ocrx_word' id='word_1_868' title='bbox 2352 5813 2414 5851; x_wconf 87' lang='lat' dir='ltr'><strong>ac</strong></span> <span class='ocrx_word' id='word_1_869' title='bbox 2465 5798 2507 5852; x_wconf 82' lang='lat' dir='ltr'><strong>si</strong></span> <span class='ocrx_word' id='word_1_870' title='bbox 2543 5797 2741 5852; x_wconf 82' lang='lat' dir='ltr'><strong>diceret</strong></span> <span class='ocrx_word' id='word_1_871' title='bbox 2775 5815 2787 5850; x_wconf 88' lang='lat'><strong>:</strong></span> <span class='ocrx_word' id='word_1_872' title='bbox 2830 5795 3152 5864; x_wconf 86' lang='lat' dir='ltr'><strong>Quicunque</strong></span> <span class='ocrx_word' id='word_1_873' title='bbox 3199 5809 3227 5848; x_wconf 64' lang='grc' dir='ltr'><strong>ε</strong></span> <span class='ocrx_word' id='word_1_874' title='bbox 3259 5794 3497 5860; x_wconf 84' lang='lat' dir='ltr'><strong>Christo.</strong></span> 
     </span>
    </p>
   </div>
  </div>
