4082 6342
240 430 377 494 1009

858 418 1392 486 EXPOSITIONIS
1415 379 1495 485 ιΝ
1535 424 1723 486 ACTA
1747 424 2050 488 TEX-TUS
2087 427 2357 490 ALTER.
2401 455 2466 467 -
2499 408 2658 492 CAP.
2694 431 2856 492 XIX.

3334 431 3471 504 10Ιο

229 543 388 592 οῐκου
415 535 645 590 ἐκείνου.
673 531 846 588 Τοῦτο
872 533 928 586 δέ
967 542 1204 602 γνωστὸν
1227 531 1442 600 ἐγένετο
1468 535 1634 586 πᾶσιν
1663 531 1798 586 Ἰου-

1915 535 1982 590 .lit
2013 535 2178 590 timor
2204 551 2369 606 super
2391 552 2583 593 omnes
2619 536 2762 601 illos,
2793 546 2849 591 et
2890 539 3335 609 magnidcabatur
3365 559 3467 599 no-
3581 551 3583 555 ‘

226 626 406 690 δαίοις
430 644 489 679 τε
521 625 616 679 καὶ
646 624 872 695 Ἕλλησι
907 630 1018 689 τοῖς
1049 625 1358 678 κατοικοῦσι
1395 626 1495 696 τὴν
1524 626 1759 696 Ἔφεσον
1781 641 1793 654 ·

223 724 324 774 καὶ
353 721 586 773 ἐπέπεσε
621 718 784 788 φόϐος
817 718 915 772 ἐπὶ
957 719 1167 781 πάντας
1206 717 1429 781 αὐτοὺς,
1459 718 1555 772 καὶ
1593 718 1800 788 ἐμεγαο

223 813 420 866 λύνετο
447 814 506 865 τὸ
534 811 705 882 ὄνομα
731 810 830 866 ’τοῦ
868 810 1073 884 Κυρίου
1115 809 1314 880 Ἰησοῦ.
1359 808 1551 864 Πολλοί
1585 825 1645 860 τε
1689 806 1801 860 τῶν

219 905 670 959 πεπιστευκότων
702 905 957 975 ἦρχον-ιο,
999 901 1480 972 ἐξομολογούμενοι
1507 901 1600 954 καὶ⁵
1626 901 1796 967 ἀναγ-

220 997 510 1063 γέλλοντες
538 1001 637 1059 τάς
691 995 922 1064 πράξεις
965 994 1168 1049 αὐτῶν.
1216 993 1419 1070 Ἱκανοὶ
1466 993 1524 1046 δὲ
1569 990 1678 1046 τῶν
1731 991 1802 1044 τὰ

229 1089 507 1156 περίεργα
552 1086 912 1158 πραξάντων,
941 1085 1364 1154 συνενέγκαντες
1413 1085 1513 1148 τὰς
1564 1083 1801 1154 βίϐλους,

227 1179 524 1231 κατέκαιον
557 1175 863 1248 ἔμπροσθεν
903 1179 1119 1232 πάντων
1140 1178 1264 1231 ’καὶ
1297 1177 1669 1248 συνεψήφισαν
1704 1178 1804 1244 τάς

226 1271 402 1337 τιμὰς
427 1269 626 1333 αὐτῶν,
663 1269 758 1322 καὶ
798 1262 956 1341 εὗρον
995 1268 1260 1341 ἀργυρίου
1301 1269 1566 1340 μυριάδας
1601 1271 1760 1324 πέντε
1783 1287 1802 1303 ’

225 1358 378 1412 οῦτω
426 1360 768 1430 κατακράτος
805 1361 834 1412 ό
878 1360 1035 1428 λόγος
1069 1359 1163 1413 τοῦ
1204 1360 1413 1431 Κυρίου
1462 1359 1666 1432 ηὔξανε
1705 1360 1802 1415 καὶ

227 1449 435 1518 ἴσχυεν.
482 1451 568 1521 Ὠς
600 1444 655 1506 δὲ
681 1451 976 1524 ἐπληρώθη
1012 1453 1207 1517 ταῦτα,
1253 1452 1408 1507 ἔθετο
1431 1454 1459 1505 ό
1499 1453 1710 1516 Παῦλος
1743 1454 1801 1507 ἐν

223 1541 306 1610 τῷ
336 1542 634 1611 ιῐνεύματι,
671 1541 896 1597 διελθὼν
923 1541 1021 1616 τὴν
1059 1543 1398 1598 Μακεδονίαν
1427 1539 1524 1598 καὶ
1547 1542 1798 1615 Ἀχαΐαν,

226 1635 567 1703 πορεύεσθαι
615 1637 695 1699 είς
758 1635 1132 1707 Ἰεροσόλυμα,
1183 1635 1376 1702 εἰπὼν,
1418 1636 1524 1701 ὅτι,
1552 1635 1708 1691 Μετὰ
1740 1635 1801 1690 τὸ

224 1725 489 1792 γενέσθαι
521 1744 587 1797 με
616 1729 753 1795 ἐκεῖ,
777 1728 860 1782 δεῖ
891 1745 959 1798 με
989 1729 1082 1783 κα)⁸
1111 1726 1330 1799 Ῥώμην
1353 1728 1508 1783 ἰδεῖν.
1527 1717 1804 1782 Ἀποστεί-

1909 639 2028 679 men
2063 625 2497 697 286'Domiui'
2522 627 2670 684 Iesu.
2707 627 2971 699 Multique
3007 631 3352 689 credentium
3380 652 3460 692 vc-

1907 715 2133 771 niebant
2183 718 2510 775 conﬁtentes
2556 729 2614 775 et
2665 721 3055 779 annuntiantes
3107 731 3262 780 actus
3313 741 3465 783 suos.

1909 808 2058 863 Multi
2103 822 2288 866 autem
2338 827 2402 868 ex
2447 813 2551 878 eis,
2583 814 2678 885 qui
2725 813 3196 873 fuerant-curiosa
3251 821 3466 884 sectati,

1906 902 2253 962 contulerunt
2304 905 2472 960 libros
2514 914 2572 961 et
2611 907 3033 983 combusserunt
3072 924 3256 964 coram
3285 911 3469 966 omni-

1907 992 2011 1049 bus
2030 1000 2059 1048 *ε
2095 1002 2151 1050 et
2184 997 2513 1065 computatis
2537 998 2726 1068 pretiis
2751 999 2988 1066 illorum,
3019 1001 3346 1055 invenerunt
3379 1016 3471 1070 pe—

1905 1082 2121 1137 cuniam
2161 1083 2509 1141 denariorum
2539 1087 2936 1159 quinquaginta
2961 1085 3213 1144 miltiam.
3241 1090 3467 1145 ita-for-

1904 1178 2032 1231 titer
2064 1179 2345 1234 crescebat
2380 1180 2605 1237 verbum
2646 1181 2826 1238 Deiet
2876 1182 3326 1247 conﬁrmabatur.
3368 1182 3464 1240 His

1904 1275 2085 1323 autem
2117 1269 2368 1342 expletis,
2403 1273 2689 1342 proposuit
2719 1273 2923 1329 Paulus
2951 1274 3004 1328 in
3037 1274 3266 1344 Spiritu,
3315 1284 3466 1330 tran-

1904 1360 2008 1416 sita
2039 1359 2350 1417 Macedonia
2374 1371 2428 1419 et
2447 1362 2764 1430 Achaia,irc
2792 1364 3184 1437 Jerosolymam
3205 1408 3220 1432 ,
3241 1365 3427 1436 dicens
3452 1385 3465 1420 :

1886 1451 2162 1520 quoniam
2208 1454 2505 1525 Postquam
2548 1454 2702 1511 fuero
2738 1457 2833 1520 ibi,
2890 1452 3109 1526 oportet
3153 1473 3238 1512 me
3270 1467 3327 1514 et
3358 1456 3471 1518 Ro-

1907 1555 2048 1593 mam
2098 1541 2304 1597 videre.
2347 1542 2566 1599 Mittens
2606 1553 2788 1599 autem
2835 1545 2888 1598 in
2935 1538 3303 1601 Macedoniam
3332 1545 3474 1600 duos

1904 1649 1968 1688 ex
2016 1634 2452 1692 ministrantibus
2510 1637 2637 1702 sibi,
2696 1637 3040 1704 Timotheum
3093 1645 3146 1690 et
3197 1634 3472 1704 Erastum,

1907 1725 2021 1793 ipse
2049 1727 2313 1795 remansit
2345 1727 2411 1782 ad
2452 1734 2667 1798 tempus
2698 1729 2752 1783 in
2789 1730 2939 1785 Asia.
2972 1729 3134 1784 Facta
3181 1739 3266 1786 est
3291 1737 3472 1785 autem

227 1820 332 1882 λας
366 1821 422 1874 δὲ
462 1822 541 1883 είς
589 1821 688 1892 τὴν
729 1821 1072 1876 Μακεδονίαν
1118 1822 1213 1876 δύο
1258 1821 1368 1877 τῶν
1413 1821 1805 1876 διακονούντων

1915 1815 2002 1870 illo
2032 1826 2274 1888 tempore
2314 1820 2552 1876 turbatio
2589 1837 2698 1876 nou
2740 1822 2962 1878 minima
2993 1823 3062 1894 de
3093 1824 3179 1877 via
3235 1822 3470 1880 Domini.

228 1909 408 1978 αὐτῷ,
443 1882 709 1982 Τιμόθεον
738 1913 832 1965 καὶ
860 1906 1152 1984 Ἔραστον,
1184 1911 1345 1979 αὐτὸς
1375 1915 1574 1987 ἐπέσχε
1613 1915 1801 1986 χρόνον

1915 1906 2216 1966 Demetrius
2250 1911 2406 1967 enim
2446 1913 2671 1984 quidam
2704 1913 2946 1981 nomine,
2993 1892 3364 1984 argentarius,
3394 1914 3472 1968 far

228 2002 313 2062 είς
350 2001 450 2072 τὴν
491 2004 693 2057 Ἀσίαν.
731 2005 979 2073 Ἐγένετο
998 2007 1053 2061 δὲ
1086 2007 1229 2062 κατά
1254 2007 1346 2062 τὸν
1374 2009 1565 2080 καιρὸν
1596 2012 1803 2064 ἐκεῖνον

223 2093 470 2166 τάραχος
491 2097 590 2150 οὐκ
617 2096 795 2166 ὀλίγος
816 2099 1062 2172 περὶτῆς
1085 2099 1232 2156 ὀδοῦ.
1251 2103 1560 2174 Δημήτριος
1584 2104 1691 2175 γάρ
1719 2120 1804 2167 τις

221 2186 477 2257 ἑνόματι,
500 2187 900 2260 ἀργυροκόπος,
923 2192 1092 2246 ποιῶν
1121 2195 1286 2258 ναοὺς
1314 2194 1589 2266 ἀργυροῦς
1620 2195 1805 2268 Ἀρτέ⁴

229 2279 408 2347 μιδος,
428 2281 722 2352 παρείχετο
743 2286 855 2347 τοῖς
876 2283 1154 2356 τεχνίταις
1177 2285 1277 2338 οὐκ
1297 2285 1492 2357 ὀλίγην
1521 2287 1801 2357 ἐργασίαν.

223 2363 734 2444 ῧῦςίσυναθροίσας
779 2376 872 2450 καὶ.
920 2377 1050 2442 τοὺς
1101 2377 1329 2449 περὶτὰ
1382 2378 1608 2433 τοιαῦτα
1641 2380 1806 2452 ἐργά-

226 2481 356 2528 τας,
383 2461 567 2518 εἷπεν·
603 2467 851 2539 Ἀνδρες,
911 2468 1174 2523 ἐπίσταθε
1210 2469 1292 2523 ὅτι
1344 2470 1408 2523 ἐκ
1450 2471 1654 2552 ταύτης
1707 2471 1808 2541 τῆς

229 2556 502 2626 ἐργασίας
556 2559 591 2628 ἡ
631 2559 862 2629 εὐπορία
914 2561 1046 2629 ἡμῖν
1095 2562 1245 2624 ἐστι’
1281 2563 1378 2616 καὶ
1429 2560 1682 2632 θεωρεῖτε
1713 2564 1807 2618 καὶ

227 2644 486 2711 ἀκούετε,
529 2647 611 2700 ὅτι
661 2648 724 2700 ού
761 2647 922 2716 μόνον
973 2649 1073 2720 τῆς
1138 2649 1388 2717 Ἐφέσου,
1436 2651 1575 2705 ἀλλὰ
1615 2638 1813 2722 σχεδὸν

230 2737 421 2808 πάσης
452 2740 551 2810 τῆς
593 2739 777 2801 Ἀσίας
816 2741 846 2794 ό
875 2726 1086 2805 Παῦλος
1116 2735 1269 2804 οὗτος
1297 2744 1494 2805 πείσας
1527 2738 1797 2816 μετέστη-

231 2846 332 2881 σεν
384 2833 567 2884 ἱκανὸν
617 2831 793 2902 ὄχλον,
829 2832 1038 2903 λέγων,
1073 2835 1154 2889 ὅτι
1200 2835 1300 2890 οὐκ
1329 2836 1437 2889 εἰσὶ
1493 2836 1605 2890 θεοὶ
1642 2838 1811 2892 ets-.1

232 2920 445 2991 χειρῶν
467 2922 761 2992 γινόμενοι.
783 2924 858 2977 Οὐ
888 2925 1047 2995 μόνον
1076 2925 1132 2978 δὲ
1153 2925 1310 2979 τοῦτο
1331 2925 1629 2980 κινδυνεύει

234 3013 299 3067 τὸ
336 3015 504 3086 μέρος
535 3017 614 3080 είς
645 3017 957 3087 ἀπελεγμὸν
983 3018 1180 3084 ἐλθεῖν,
1203 3017 1337 3074 ἀλλὰ
1373 3019 1468 3073 καὶ
1491 3019 1552 3072 τδ
1586 3020 1681 3090 τῆς
1719 3037 1815 3090 με·

235 3107 417 3177 γάλης
450 3107 578 3184 θεᾶς
627 3109 942 3180 Ἀρτέμιδος
976 3110 1122 3181 ίερὸν
1157 3113 1237 3175 είς
1269 3111 1423 3166 οὐδὲν
1464 3112 1809 3183 λογισθῆναιο

1903 1999 2055 2055 ciens
2091 2001 2236 2058 aedes
2265 2014 2550 2073 argenteas
2581 2003 2800 2070 Dianae,
2845 2007 3136 2076 prastabat
3169 2005 3482 2062 artiﬁcibus

1904 2106 2014 2147 non
2046 2095 2318 2149 modicum
2357 2105 2623 2166 quaestum
2659 2114 2674 2153 :
2723 2113 2864 2169 quos
2918 2112 3249 2163 convocans,
3277 2108 3332 2152 et
3379 2113 3478 2156 eos

1905 2186 1996 2256 qui
2034 2186 2343 2258 huiusmodi
2390 2197 2548 2244 erant
2589 2188 2836 2261 opiﬁces,
2887 2189 3074 2245 dixit:
3133 2189 3269 2252 Viri.
3322 2192 3478 2247 scitis
3551 2217 3554 2220 η

1905 2276 2031 2346 quia
2064 2278 2132 2332 de
2159 2278 2261 2334 hoc
2301 2278 2532 2335 artiﬁcio
2583 2289 2669 2338 est
2701 2281 2861 2336 nebis
2889 2261 3299 2351 acquisitio;'et
3329 2282 3480 2336 vide-

1907 2367 1997 2434 tis,
2023 2376 2079 2424 et
2101 2369 2322 2435 auditis,
2354 2371 2485 2441 quia
2520 2387 2626 2427 non
2655 2371 2834 2427 solum
2867 2371 3088 2442 Ephesi,
3109 2371 3202 2427 sed
3237 2387 3371 2443 pene
3394 2381 3476 2427 tos
3527 2440 3531 2443 _

1862 2462 1868 2466 ’
1908 2459 2016 2517 tius
2040 2461 2201 2526 Asiae,
2241 2460 2442 2523 Paulus
2501 2463 2596 2519 hic
2631 2465 2864 2522 suadens
2902 2465 3094 2520 avertit
3121 2465 3343 2521 multam
3368 2473 3498 2521 turo—
3541 2506 3543 2509 -

1909 2551 2054 2618 ham,
2085 2551 2272 2608 dicens
2304 2592 2318 2615 ,
2349 2554 2602 2621 quoniam
2649 2571 2757 2612 non
2797 2564 2924 2611 sunt
2966 2555 3064 2621 dii,
3097 2557 3186 2626 qui
3225 2557 3477 2612 manibus

1910 2639 2066 2696 llunt.
2112 2640 2229 2696 Non
2281 2642 2456 2716 solum
2524 2655 2705 2698 autem
2768 2645 2882 2700 haec
2933 2646 3270 2715 periclitatur
3320 2647 3478 2716 nobis

1911 2746 2038 2801 pars
2073 2732 2128 2786 in
2156 2732 2592 2804 redargutiouem
2616 2737 2826 2803 venire,
2865 2736 3042 2803 sedet
3066 2753 3276 2810 magna
3299 2738 3480 2794 Dianae

1911 2827 2173 2895 temp!um
2209 2827 2263 2881 in
2291 2822 2522 2900 nihilum
2559 2830 2920 2900 reputabitur,
2963 2831 3057 2900 sed
3079 2839 3135 2887 et
3154 2830 3366 2894 destrui
3397 2833 3484 2887 in-

1911 2917 2074 2987 cipiet
2113 2916 2369 2988 maiestas
2398 2911 2538 2990 eius,
2565 2936 2727 2991 quam
2760 2929 2871 2976 tota
2903 2923 3029 2978 Asia
3062 2929 3116 2978 et
3140 2923 3291 2978 orbis
3316 2925 3474 2980 colit.

1913 3011 2009 3066 His
2039 3000 2278 3074 auditis,’
2300 3000 2488 3088 repleti
2535 3023 2664 3068 sunt
2700 3014 2805 3078 ira,
2839 3023 2894 3069 et
2932 3015 3373 3072 exclamaverunt
3396 3016 3481 3083 di:

1915 3109 2142 3157 centes:
2176 3099 2368 3171 Magna
2406 3089 2568 3175 Ditina
2602 3103 2985 3172 Ephesiorum.
3037 3102 3100 3157 Et
3151 3103 3371 3174 impleta
3402 3113 3485 3160 est

239 3199 433 3268 μέλλει
458 3200 515 3253 δέ
542 3201 637 3255 καὶ
661 3201 1048 3274 καθαιρεῖσθαι
1073 3202 1171 3274 τὴν
1204 3203 1598 3275 μεγαλειότητα
1623 3205 1810 3274 αὐτῆς,

1917 3193 2111 3248 civitas
2135 3192 2474 3256 confusione,
2508 3194 2856 3269 et'i‘mpetum
2883 3195 3130 3251 fecerunt
3159 3205 3277 3250 uno
3299 3191 3488 3250 animo

238 3291 308 3360 ἠν
331 3291 429 3359 ὅλη
457 3291 490 3361 ὴ
521 3292 675 3344 Ἀσία
699 3292 796 3346 καὶ
819 3293 853 3361 ἡ
873 3295 1165 3366 οἰκουμένη
1192 3294 1429 3350 σέϐεται.
1459 3294 1812 3360 Ἀκούσαντες

187 3404 193 3409 ··
235 3383 318 3438 δὲ.
356 3382 452 3433 καὶ
480 3381 767 3450 γενόμενοι
790 3382 1027 3454 πλήρεις
1052 3383 1251 3455 θυμοῦ,
1272 3372 1504 3457 ἔκραζον
1530 3387 1778 3456 λέγοντες
1797 3405 1812 3420 ο

236 3471 476 3542 Μεγάλη
503 3473 538 3541 ἡ
563 3474 828 3546 ’Λρτεμις
871 3475 1150 3545 Ἐφεσίων.
1180 3478 1287 3532 Καὶ
1317 3479 1563 3551 ἐπλήσθη
1599 3481 1640 3550 ἡ
1665 3481 1819 3546 πόλις

237 3564 341 3633 ὅλη
365 3563 467 3633 τῆς
502 3565 815 3635 συγχύσεως
834 3583 849 3598 ⁸
890 3566 1162 3638 ὥρμησάν
1199 3557 1260 3622 τε
1284 3569 1626 3641 ὁμοθυμαδὸν
1652 3573 1730 3636 είς
1757 3573 1820 3625 τὸ

239 3653 497 3722 θέιτρον,
562 3657 1008 3725 συναρπάσαντες
1059 3657 1220 3710 Γάϊον
1270 3659 1364 3711 καὶ
1426 3657 1815 3730 Ἀρίσταρχον,

243 3741 595 3806 Μακεδόνας,
644 3745 1017 3814 συνεκδήμους
1074 3746 1306 3801 Παύλου.
1340 3747 1446 3801 Τοῦ
1494 3749 1552 3801 δὲ
1607 3749 1817 3803 Παύλου

247 3830 582 3901 βουλομένου
623 3832 886 3895 εἰσελθεῖν
913 3836 992 3898 είς
1019 3835 1111 3890 τὸν
1137 3836 1339 3907 δῆμον,
1358 3838 1456 3891 ούκ
1497 3839 1624 3893 εῖων
1657 3840 1820 3895 αὑτὸν

244 3926 296 3976 οἱ
335 3923 601 3995 μαθηταί.
636 3925 794 3992 Τινὲς
820 3927 879 3981 δὲ
912 3929 1006 3982 καὶ
1032 3917 1139 3983 τῶν
1164 3930 1468 4002 Ἀσιαρχιῖν
1495 3929 1645 3996 ὄντες
1672 3931 1821 4004 αύτῷ

243 4016 418 4082 φίλοι,
444 4018 763 4086 πέμψαντες
802 4020 937 4090 πρὸς
962 4020 1127 4073 αύτδν
1162 4022 1507 4088 παρεκάλουν
1535 4020 1610 4091 μὴ
1634 4022 1818 4075 ἐκδοῦ-

242 4123 338 4158 ναι
366 4106 560 4159 ἐαυτδν
595 4108 675 4171 είς
715 4107 778 4160 τὸ
828 4108 1078 4179 θέατρον.
1107 4111 1293 4164 Ἀλλοι
1349 4112 1447 4182 μὲν
1487 4109 1579 4164 οὖν
1613 4105 1741 4164 ἄλλο
1768 4130 1820 4165 τι

241 4195 520 4268 ἔκραζονο
553 4193 620 4270 ἦν
653 4199 762 4269 γὰρ
814 4202 853 4272 ἡ,
877 4201 1151 4274 ἐκκλησία
1203 4203 1613 4274 συγκεχυμένη,
1646 4204 1742 4258 καὶ
1770 4206 1819 4256 οἱ

250 4289 482 4354 πλείους
526 4291 626 4345 οὐκ
675 4289 898 4363 ᾔδεισαν
955 4293 1098 4356 τίνος
1149 4294 1319 4356 ἕνεκα
1350 4293 1816 4366 συνεληλύθεισαν.

261 4383 363 4435 Ἕκ
393 4383 451 4435 δί
480 4383 573 4437 τοῦ
591 4384 746 4453 ὄχλου
777 4384 1146 4456 προεϐίϐασαν
1185 4386 1551 4460 Ἀλέξανδρον,
1580 4388 1823 4460 προϐαλο

244 4472 453 4525 λόντων
473 4473 634 4527 αὐτὸν
656 4473 764 4527 τῶν
797 4476 1087 4530 Ἰουδαίων.
1113 4476 1178 4533 '0
1207 4478 1263 4532 δὲ
1288 4479 1634 4551 Ἀλέξανδρος
1664 4498 1821 4535 κατα-

1923 3283 1974 3336 in
2002 3283 2296 3357 theatrum,
2335 3292 2488 3355 rapto
2531 3284 2666 3342 Gaio
2711 3297 2764 3342 et
2823 3287 3136 3343 Aristarcho
3179 3285 3486 3342 Macedoni-

1923 3375 2043 3438 bus,
2066 3373 2362 3429 comitibus
2392 3371 2568 3428 Pauli.
2589 3372 2764 3429 ‘Paulo
2806 3384 2989 3431 autem
3024 3375 3240 3431 volente
3280 3378 3487 3452 intrare

1924 3465 1976 3518 i'n
2015 3464 2310 3535 Tpopulum,
2356 3477 2464 3538 non
2515 3467 2880 3536 permiserunt
2925 3467 3199 3539 discipuli.
3255 3467 3484 3533 Quidam

1924 3568 2102 3614 autem
2127 3567 2179 3614 et
2203 3558 2272 3614 de
2305 3559 2444 3614 Asiae
2461 3559 2825 3631 principibus,
2850 3563 2942 3633 qui
2970 3573 3128 3616 erant
3160 3562 3322 3640 amici
3348 3560 3484 3630 ejus,

1925 3649 2190 3706 miserunt
2217 3646 2283 3702 ad
2300 3663 2447 3712 eum,
2475 3662 2728 3720 rogantes
2750 3666 2816 3705 ne
2838 3667 2897 3705 se
2919 3647 3074 3706 daret
3102 3651 3154 3706 in
3175 3649 3444 3707 theatrum
3468 3667 3485 3706 :

1924 3737 2014 3791 alii
2067 3747 2248 3792 autem
2327 3737 2474 3793 aliud
2529 3739 2859 3796 clamabant.
2906 3740 3035 3796 Erat
3077 3740 3218 3797 etaim
3258 3742 3487 3797 ecclesia

1923 3827 2148 3884 confusa
2167 3869 2184 3895 ,
2210 3838 2263 3885 ct
2285 3831 2465 3900 plures
2495 3823 2814 3886 nesciebant
2859 3848 2965 3902 qua
2989 3847 3054 3887 ex
3094 3847 3260 3889 causa
3285 3839 3489 3887 cenve-

1925 3923 2149 3979 nissent.
2187 3921 2260 3977 De
2279 3922 2442 3978 tut-lia
2486 3931 2664 3979 autem
2699 3924 3054 3981 detraxerunt
3099 3920 3485 3986 Alexandrum,

1925 4012 2355 4081 propellentibus
2379 4028 2501 4067 eum
2525 4014 2746 4068 Judssis.
2773 4014 3075 4077 Alexander
3100 4021 3301 4080 autem,
3325 4028 3490 4068 manu

1927 4104 2145 4159 silentio
2167 4103 2462 4174 postulato,
2481 4096 2696 4162 volebat
2721 4105 2948 4161 reddere
2972 4106 3248 4161 rationem
3265 4108 3485 4177 populo.

1926 4197 2096 4264 Quem
2121 4205 2180 4253 ut
2201 4206 2577 4270 cognoverunt
2602 4198 2848 4254 Judaeum
2899 4213 3043 4262 esse,
3070 4213 3174 4254 vos
3207 4199 3349 4254 facta
3382 4215 3488 4254 una

1925 4299 2012 4346 est
2050 4289 2322 4355 omnium,
2354 4290 2511 4360 quasi
2543 4305 2639 4361 per
2693 4291 2858 4347 horas
2901 4293 3036 4346 duas
3080 4291 3432 4346 clamantium
3472 4307 3487 4344 :

1929 4378 2126 4451 Magna.
2154 4377 2322 4432 Diana
2354 4377 2734 4449 Ephesiorum.
2767 4380 2832 4434 Et
2865 4394 2990 4434 cum
3027 4378 3277 4434 sedasset
3299 4377 3491 4440 scriba

1931 4473 2146 4536 turbas,
2187 4471 2326 4528 dixit
2355 4491 2369 4527 :
2404 4469 2519 4526 Viri
2559 4470 2800 4538 Ephesii,
2836 4471 2963 4542 quis
3006 4470 3163 4525 enim
3192 4478 3278 4526 est
3312 4470 3492 4543 bomi-
3585 4494 3588 4496 τ

244 4562 444 4625 σείσας
494 4565 562 4634 τῇ
605 4565 750 4636 χειρὶ
797 4565 988 4636 ἤθελεν
1035 4567 1477 4639 ἀπολογήσασθαι
1527 4572 1604 4640 τῷ
1646 4572 1812 4644 δήμῳ.

1933 4558 2061 4619 uum
2090 4565 2183 4634 qui
2230 4565 2441 4620 nesciat
2481 4562 2840 4633 Ephesiorum
2882 4565 3156 4619 civitatem
3203 4563 3488 4618 Neocoron

255 4653 612 4721 Ἐπιγνόντες
656 4655 714 4708 δὲ
741 4656 823 4708 δτι
851 4655 1108 4721 Ἰουδαῖός
1140 4659 1280 4724 ἐστι,
1307 4659 1458 4731 φωνὴ
1482 4659 1699 4728 ἐγένετο
1727 4662 1812 4730 μία

1922 4671 2046 4710 esse
2073 4669 2279 4725 magna:
2312 4653 2519 4722 Dianae,
2547 4663 2600 4712 et
2627 4655 2910 4726 Diopetis?
2937 4656 3070 4709 Cum
3096 4653 3336 4724 cego-bis
3356 4668 3488 4709 con-

243 4747 314 4796 ἐκ
346 4744 595 4810 πάντων,
624 4745 701 4808 ὡς
727 4747 820 4798 ἐπὶ
841 4745 992 4817 ὥρας
1024 4747 1118 4801 δύο
1155 4749 1463 4818 κραζόντων
1485 4766 1497 4781 ⁸
1533 4751 1761 4821 Μεγάλη
1791 4753 1822 4821 ἡ

250 4837 528 4906 ’Λρτεμις
584 4835 870 4905 Ἐφεσίων.
909 4840 1283 4903 Καταστείλας
1313 4840 1369 4892 δὲ
1408 4844 1435 4894 ὁ
1466 4843 1826 4913 γραμματεὺς

245 4926 344 4979 τὸν
377 4925 558 4998 ὄχλον,
595 4927 789 4998 φησίν·
827 4930 1053 5004 1Ἄνδρες
1114 4931 1370 4999 Ἐφέσιοι,
1412 4933 1496 4995 τίς
1527 4933 1635 5003 γάρ
1681 4935 1828 4987 ἐστιν

245 5018 587 5089 ἀνθρώπων,
607 5017 666 5083 δς
696 5019 758 5073 οὐ
785 5014 1044 5089 γινώσκει
1072 5020 1171 5091 τὴν
1213 5020 1476 5092 Ἐφεσίων
1515 5023 1670 5076 πόλιν
1697 5041 1828 5079 νεω-

246 5111 420 5177 κόρον
467 5106 632 5162 οὖσαν
793 5099 1058 5182 μεγάλης
1094 5112 1225 5181 θεᾶς
1253 5113 1566 5184 Ἀρτέμιδος
1598 5115 1694 5169 καὶ
1731 5107 1827 5169 τοῦ

245 5199 585 5267 Διοπετοῦς;
629 5202 1066 5274 Ἀναντιρρήτων
1095 5196 1188 5255 οῦν
1228 5202 1397 5254 ὄντων
1429 5206 1656 5271 τούτων,
1683 5202 1823 5268 εἶπε,

244 5289 374 5341 δέον
401 5289 549 5341 ἐστὶν
575 5291 719 5358 ὑμᾶς
736 5292 1211 5364 κατεσταλμένους
1236 5293 1524 5363 ὑπάρχειν,
1542 5294 1636 5348 καὶ
1661 5295 1826 5364 μηδὲν

248 5378 532 5460 προπετὲς
563 5381 849 5449 πράσσειν.
896 5385 1163 5453 Ἠγάγετε
1195 5384 1302 5454 γὰρ
1333 5385 1458 5446 τοὺς
1484 5383 1680 5454 ἄνδρας
1700 5384 1816 5438 τού·

249 5482 405 5530 τους,
432 5463 559 5520 οῦτε
593 5470 926 5538 ἱεροσύλους,
943 5472 1067 5526 οὔτε
1094 5473 1549 5551 ’βλασφημοῦντας
1582 5475 1680 5543 τὴν
1703 5474 1828 5529 θεὰν

249 5557 433 5631 ὑμῶν.
468 5558 531 5611 El
571 5560 670 5629 μὲν
707 5555 800 5614 οῦν
836 5564 1168 5634 Δημήτριος,
1202 5568 1296 5620 καὶ
1335 5567 1384 5618 εί
1428 5565 1523 5618 σὺν
1553 5565 1703 5636 αὐτῷ
1733 5583 1824 5619 τε-

247 5651 459 5720 χνῖται,
493 5650 676 5720 ἔχουσι
703 5653 855 5733 ππρός
891 5671 1012 5707 τινα
1071 5655 1251 5725 λόγον,
1294 5658 1546 5727 ἀγοραῖοι
1578 5656 1822 5726 ἄγονται,

252 5740 354 5794 καὶ
382 5741 680 5797 ἀνθύπατοι
724 5745 892 5799 εἰσίν·
928 5747 1329 5814 ἐγκαλείτωσαν
1375 5751 1643 5821 ἀλλήλοις.
1681 5752 1741 5804 Εἰ
1768 5753 1823 5804 δέ

1925 4745 2118 4800 tradici
2143 4761 2249 4800 non
2272 4745 2465 4816 possit,
2483 4754 2698 4816 oportet
2723 4759 2820 4800 vos
2849 4745 3066 4801 sedatos
3095 4759 3240 4810 esse,
3268 4752 3323 4800 et
3353 4744 3508 4804 nihil.

1925 4845 2129 4891 temere
2153 4852 2336 4908 agere.
2371 4837 2693 4893 Adduxistis
2735 4837 2880 4892 enim
2923 4836 3170 4893 homines
3203 4838 3360 4901 istos,
3391 4842 3488 4890 ne-
3525 4881 3554 4886 _
3595 4872 3598 4876 -

1925 4946 2031 5001 quc
2058 4929 2383 5001 sacrilegos,
2398 4945 2572 5000 neque
2597 4929 3036 4999 blasphemantes
3055 4928 3207 4982 deam
3226 4934 3484 4993 vestram.

1927 5022 2083 5088 Quod
2114 5023 2161 5077 si
2205 5021 2532 5086 Demetrius,
2575 5030 2631 5075 et
2663 5018 2910 5088 quicum
2954 5034 3020 5074 eo
3055 5027 3184 5074 sunt
3227 5019 3487 5081 artiﬁces.

1930 5113 2130 5168 habent
2171 5112 2436 5167 adversus
2488 5111 2724 5180 aliquem
2775 5124 3021 5174 causam,
3061 5119 3364 5167 conventus
3410 5108 3490 5163 fo-

1929 5217 2115 5257 renses
2148 5209 2386 5271 aguntur
2413 5208 2467 5254 et
2489 5201 2849 5271 proconsules
2870 5211 2996 5256 sunt
3020 5219 3034 5256 :
3060 5209 3316 5258 accusent
3353 5200 3493 5254 invi-

1925 5308 2062 5347 cem.
2091 5292 2148 5346 Si
2178 5293 2307 5364 quid
2343 5298 2523 5346 autem
2551 5293 2714 5364 287
2747 5292 2969 5348 alterius
3001 5293 3078 5348 rei
3120 5283 3364 5362 queritis
3389 5336 3402 5357 ,
3434 5293 3490 5347 in

1928 5384 2168 5456 legitima
2218 5386 2452 5440 ecclesia
2483 5385 2681 5454 poterit
2705 5386 2934 5440 absolvi.
2965 5384 3098 5438 Nam
3129 5395 3183 5438 ct
3212 5383 3490 5452 periclita-

1929 5493 2052 5530 mur
2083 5479 2232 5548 argui
2265 5477 2549 5531 seditionis
2578 5477 2876 5542 hodiernae,
2929 5491 3053 5530 cum
3097 5474 3280 5530 nullus
3315 5475 3488 5529 obuo—

1927 5568 2050 5621 xius
2082 5568 2153 5620 sit
2182 5565 2272 5635 (de
2319 5581 2425 5635 quo
2467 5567 2739 5634 possimus
2773 5565 2999 5619 reddere
3041 5565 3331 5634 rationem)
3361 5580 3490 5616 con-

1927 5674 2123 5713 cursus
2163 5659 2347 5712 istius.
2377 5656 2440 5708 Et
2475 5673 2598 5711 cum
2629 5658 2742 5711 ha'c
2778 5657 3026 5721 dixisset,
3058 5657 3263 5712 dimisit
3313 5657 3488 5710 eccle-

1924 5765 2084 5806 siam.

249 5849 307 5887 τι
348 5834 478 5904 περὶ
523 5835 726 5907 ἐτέρων
773 5836 1114 5909 ἐπιζητεῖτε,
1147 5840 1205 5892 ἐν
1273 5845 1338 5914 τῇ
1382 5845 1591 5915 ἐννόμῳ
1649 5846 1910 5917 ἐκκλησίᾳ
1952 5842 2356 5912 ἐπιλυθήσεται.
2415 5843 2521 5895 Καὶ
2573 5845 2678 5914 γὰρ
2724 5842 3096 5911 κινδυνεύομεν
3148 5843 3490 5910 ἐγκαλεῖσθαι
