4082 6342
586 389 592 395 ’
646 389 784 473 res

1523 409 2096 474 THEOPHYLACTI
2118 414 2545 486 BULGAHUE
2589 425 2947 490 ARCHIEP.

3734 397 3882 502 teis

636 517 880 589 qualiter
910 518 1193 573 vobiscum
1248 534 1343 590 per
1387 534 1547 576 omne
1580 531 1795 592 tempus
1841 522 2056 592 fuerim,
2091 541 2206 580 ser-

2317 536 2537 603 πρώτης
2571 537 2783 607 ἡμέρας
2815 539 2911 608 ἀφ’
2941 533 3006 613 ἦς
3036 540 3240 613 ἐπέϐην
3273 544 3352 608 είς
3385 545 3484 616 τὴν
3531 547 3734 613 Ἀσίαν,
3770 553 3887 616 πῶς

645 613 802 666 viens
830 611 1062 667 Domino
1095 630 1220 668 eum
1255 616 1403 671 omni
1435 617 1741 674 humilitate
1775 629 1829 674 et
1867 621 2125 693 lacrymis
2158 631 2212 678 et

647 703 1070 765 tentalionlbns,
1128 721 1248 774 qua:
1296 706 1428 760 mihi
1486 709 1807 763 acciderunt
1868 726 1931 764 ex
1992 712 2212 769 insidiis

646 794 955 850 Judaorum
1007 794 1331 867 iquomodo
1361 798 1492 853 nihil
1541 802 1906 857 subtraxerim
1951 805 2193 872 utilium,

641 903 752 954 quo
819 887 1001 960 minus
1040 889 1424 945 annuntiarem
1457 892 1634 954 vobis,
1685 901 1743 946 et
1804 893 2056 949 docerem
2114 910 2213 951 vos

643 978 863 1046 publice
906 988 962 1033 et
1019 995 1114 1059 per
1163 980 1379 1043 domos,
1441 984 1747 1050 testificans
1788 983 1992 1043 Iudaeis
2049 999 2211 1059 atque

600 1099 602 1101 >
639 1072 932 1143 gentilibus
962 1058 1209 1129 in'Deum
1251 1076 1632 1145 pmnitentiam
1681 1091 1733 1135 et
1765 1081 1923 1136 fidem
1951 1082 2004 1136 in
2027 1058 2212 1138 Domi-

646 1181 778 1218 num
817 1175 1064 1221 nostrum
1096 1166 1284 1222 Jesum
1314 1168 1618 1226 Christum.
1657 1172 1724 1227 Et
1758 1189 1904 1230 nunc
1935 1189 2066 1230 ecce
2087 1174 2209 1230 alli-

641 1267 795 1325 gatus
826 1273 926 1328 ego
964 1259 1196 1329 Spiritu,
1229 1261 1365 1317 vado
1411 1265 1464 1318 in
1497 1263 1796 1321 Jerusalem
1825 1286 1840 1336 ;
1903 1283 2025 1338 quae
2054 1257 2115 1322 in
2145 1283 2208 1322 ea

640 1356 866 1404 ventura
893 1352 1005 1407 sint
1038 1353 1190 1417 mihi,
1249 1355 1510 1426 ignorans
1570 1379 1584 1413 :
1629 1359 1733 1415 nisi
1767 1361 1911 1429 quod
1971 1361 2208 1432 Spiritus

640 1449 868 1497 sanctus
920 1448 1029 1511 per
1076 1460 1269 1500 omnes
1327 1441 1572 1504 civitates
1634 1451 1765 1504 mihi
1819 1459 2201 1520 prntestatur,

646 1533 839 1587 dicens
909 1537 1165 1604 quoniam
1211 1537 1425 1592 vincula
1457 1547 1511 1594 et
1556 1541 1950 1596 tribulationes
1986 1541 2207 1599 Jeroso-

642 1621 804 1691 lymis
833 1638 920 1677 me
986 1631 1228 1678 manent.
1265 1621 1368 1680 Sed
1426 1626 1559 1680 nihil
1611 1627 1804 1682 horum
1841 1643 2056 1693 vereor,
2109 1644 2209 1683 nec

642 1713 783 1766 facio
810 1713 1048 1768 animam
1092 1730 1264 1769 meam
1298 1717 1677 1786 pretiosiorem
1709 1699 1871 1788 qnam
1909 1699 2208 1784 me,‘dum-

547 1823 551 1825 λ
642 1802 804 1857 modo
827 1817 1202 1858 consummem
1230 1821 1452 1860 cursum
1496 1823 1700 1876 meum,
1747 1818 1802 1864 et
1845 1810 2204 1864 ministerium

642 1893 790 1948 verbi
827 1895 972 1964 quod
1004 1896 1188 1965 accepi
1226 1914 1256 1952 a
1295 1898 1521 1953 Domino
1553 1899 1701 1964 Jesu,
1728 1901 2006 1957 teStificari
2031 1901 2208 1956 Evan-

638 1984 838 2054 gelium
870 1985 1034 2056 290
1064 1987 1251 2057 gratiae
1283 1986 1396 2042 Dei.
1439 1988 1502 2042 Et
1551 2007 1695 2046 nunc
1751 2006 1877 2047 ecce
1929 2006 2031 2061 ego
2063 1990 2206 2054 seio,

639 2075 769 2143 quia
828 2077 1067 2146 amplius
1131 2075 1239 2134 non
1297 2080 1551 2135 videbitis
1623 2081 1816 2136 faciem
1886 2099 2061 2138 meam
2109 2098 2207 2138 vos

639 2180 850 2228 omnes,
880 2181 974 2235 per
1010 2183 1151 2236 quos
1203 2169 1434 2224 transivi
1469 2171 1775 2240 prmdicans
1833 2187 2060 2244 regnum
2088 2175 2204 2229 Dei.

640 2255 986 2327 Quapropter
1013 2267 1298 2315 contestor
1335 2276 1432 2316 vos
1455 2262 1714 2318 hodierna
1748 2265 1856 2331 die,
1897 2267 2022 2335 quia
2047 2283 2205 2321 munr

639 2349 744 2402 dus
783 2363 901 2403 sum
952 2365 982 2404 a
1027 2351 1292 2422 sanguine
1321 2353 1591 2409 omnium.
1626 2355 1741 2410 Non
1799 2357 1943 2411 enim
1993 2359 2210 2413 subter-

647 2437 784 2508 fugi,
817 2440 1117 2509 quominus
1152 2443 1536 2499 annuntiarem
1563 2461 1725 2501 omne
1781 2449 2072 2504 consilium
2111 2449 2205 2507 Dei

637 2528 814 2586 vobis.

601 2708 605 2714 ’
707 2711 984 2768 Attendite
1033 2713 1208 2770 vobis-
1242 2723 1296 2770 et
1327 2716 1582 2773 universo
1629 2721 1801 2791 gregi,
1853 2722 1904 2776 in
1953 2737 2062 2794 quo
2109 2740 2207 2782 vos

639 2800 878 2870 Spiritus
897 2810 1127 2860 sanctus
1153 2807 1342 2876 posuit
1366 2810 1654 2881 episcopos
1683 2827 1870 2883 regere
1901 2812 2202 2874 Ecclesiam

641 2895 734 2947 Dei
758 2909 920 2964 qnam
949 2897 1246 2965 acquisivit
1283 2900 1557 2970 sanguine
1591 2917 1716 2959 suo.
1764 2905 1877 2977 Ego
1906 2907 2045 2974 scio,
2067 2923 2207 2979 quo-

640 2989 785 3040 niam
859 2987 1143 3043 intrabunt
1210 2999 1332 3060 post
1394 2991 1787 3050 discessionem
1840 3000 2016 3053 me’am
2091 3002 2202 3072 lupi

637 3091 866 3146 rapaces
888 3077 942 3133 in
972 3093 1090 3141 vos.
1123 3094 1230 3134 non
1282 3091 1568 3148 parcentes
1606 3086 1776 3157 gregi.
1822 3087 1888 3141 Et
1933 3103 1996 3164 ex
2048 3091 2203 3147 vobis

635 3166 771 3233 ipsis
799 3177 1095 3237 exsurgent
1124 3168 1228 3223 viri
1270 3169 1555 3239 loquentes
1600 3188 1878 3241 perversa,
1930 3184 1990 3231 ut
2028 3173 2204 3234 abdu-
2232 3196 2272 3255 ο

633 3264 763 3313 cant
810 3256 1111 3328 discipulos
1169 3266 1292 3330 post
1340 3273 1420 3314 se.
1483 3260 1713 3331 Propter
1767 3267 1912 3332 quod
1959 3266 2198 3341 vigilate,

636 3349 900 3402 memoria
934 3348 1256 3416 retinentes,
1284 3351 1544 3421 quoniam
1573 3369 1672 3423 per
1702 3356 1997 3412 triennium
2033 3370 2204 3417 nocte
2280 3389 2283 3391 >

634 3445 689 3490 et
716 3436 804 3493 die
826 3453 932 3492 non
960 3440 1194 3501 cessavi.
1241 3455 1366 3496 cum
1416 3442 1674 3514 lacrymis
1729 3462 1958 3506 monens
1997 3467 2203 3507 unum-

527 3523 534 3528 ’
637 3523 908 3598 quemque
943 3539 1209 3585 vestrum.
1242 3530 1307 3586 Et
1336 3548 1481 3587 nunc
1513 3538 1832 3593 commendo
1880 3555 1979 3594 vos
2010 3541 2119 3598 Deo
2149 3553 2203 3600 et

635 3620 804 3676 verbo
828 3623 1017 3690 gratiae
1063 3623 1259 3692 ipsius,
1300 3625 1393 3702 qui
1446 3634 1640 3695 potens
1698 3637 1784 3684 est
1836 3631 2114 3689 aediﬁcare
2147 3643 2201 3690 et

634 3713 769 3766 dare
799 3713 1170 3770 hazreditatem
1205 3716 1256 3770 in
1285 3718 1640 3774 sanetiflcatis
1670 3723 1949 3781 omnibus.
1991 3728 2198 3794 Argen-

635 3799 749 3856 tum
770 3812 818 3858 et
854 3819 1046 3859 aurum
1084 3817 1178 3862 aut
1207 3816 1412 3863 vestem
1479 3811 1686 3867 nullius
1716 3816 2029 3884 concupivi,
2059 3819 2200 3873 sicut

636 3894 739 3963 ipsi
770 3896 926 3951 scitis
954 3915 966 3950 :
994 3903 1251 3976 quoniam
1282 3899 1346 3954 ad
1399 3917 1462 3955 ea
1511 3916 1630 3971 quae
1662 3904 1794 3958 mihi
1827 3921 1964 3976 opus
2017 3919 2196 3971 erant,

632 3995 686 4038 et
723 3987 809 4042 his
858 3989 951 4058 qui
1010 4006 1222 4046 mecum
1276 4002 1426 4058 sunt,
1483 3994 1937 4052 ministraverunt
2006 4015 2198 4055 manus

635 4077 773 4131 istas.
806 4079 996 4132 Omnia
1039 4082 1256 4136 ostendi
1291 4083 1467 4149 vobis,
1514 4089 1770 4156 quoniam
1821 4090 1902 4145 sic
1935 4091 2197 4157 laboran-

633 4178 740 4234 tes,
767 4179 985 4238 oportet
1008 4174 1290 4242 suscipere
1314 4175 1586 4243 inlirmos,
1615 4195 1676 4235 ac
1708 4183 2020 4237 meminisse
2047 4185 2196 4240 verbi

635 4259 848 4314 Domini
908 4261 1037 4318 Jesu
1096 4265 1356 4335 quoniam
1424 4269 1537 4338 ipse
1595 4272 1772 4330 dixit:
1837 4272 2058 4330 Beatius
2113 4286 2197 4331 est

631 4349 765 4403 dare
786 4365 950 4419 quam
981 4366 1008 4405 ε
1030 4353 1253 4422 :cipere.
1305 4354 1370 4407 Et
1409 4372 1533 4411 cum
1577 4360 1690 4412 hate
1726 4360 1971 4428 dixisset,
2000 4364 2194 4433 positis

632 4441 860 4511 genibus
889 4444 1033 4508 suis.
1061 4445 1240 4514 oravit
1270 4461 1393 4503 cum
1418 4449 1676 4514 omnibus
1700 4451 1832 4509 illis.

1131 4695 1694 4757 COMMENTARIUS.

708 4804 725 4834 ι
780 4786 916 4840 Cum
965 4789 1113 4842 omni
1168 4789 1476 4847 humilitate
1539 4800 1610 4851 ,ει
1677 4793 1951 4865 lacrymis.
2017 4815 2037 4868 ι
2095 4797 2195 4854 Hic

633 4875 892 4932 doctrinae
921 4893 1033 4932 suae
1065 4880 1436 4948 characterem
1474 4883 1542 4936 ob
1576 4885 1764 4938 oculos
1791 4885 1965 4955 ponit,
2003 4903 2196 4959 nempe

634 4966 837 5021 invidia
880 4975 937 5022 et
969 4968 1108 5023 fastu
1141 4977 1416 5036 expertem
1448 4980 1587 5035 esse,
1619 4959 1848 5043 aliisque
1909 4978 2197 5034 condolere

643 5056 883 5123 (dolebat
917 5059 1065 5112 enim
1095 5059 1185 5113 ille
1217 5067 1281 5114 et-
1302 5075 1398 5127 pro
1439 5060 1548 5134 illis
1570 5063 1661 5130 qui
1699 5063 1970 5132 peribant,
2010 5074 2063 5120 et
2096 5083 2194 5136 pro

631 5147 696 5200 iis
728 5149 819 5222 qui
847 5149 1195 5216 perdebant),
1224 5159 1277 5203 et
1306 5149 1536 5206 humiles
1565 5167 1685 5208 esse
1749 5156 1826 5223 (at
1851 5169 1957 5210 non
1997 5142 2192 5210 utcun-

2318 629 2438 698 μεθ’
2467 631 2495 681 ὑ
2505 631 2622 699 μῶν
2648 633 2739 685 τὸν
2768 633 2948 689 πάντα
2972 635 3162 705 χρόνον
3186 623 3454 710 ἐγενόμην
3475 658 3487 671 ο
3519 641 3790 695 δουλεύων
3813 646 3888 712 τῷ

2315 719 2505 789 Κυρίῳ
2557 721 2698 790 μετὰ
2746 723 2930 795 πάσης
2973 728 3499 798 ταπεινοφροσύνης,
3532 732 3628 783 καὶ
3683 734 3888 785 πολλῶν

2312 810 2565 880 δακρύων
2597 813 2691 867 καὶ
2721 813 3049 887 πειρασμῶν
3072 817 3180 871 τῶν
3220 819 3542 889 συμϐάντων
3570 839 3662 892 μοι
3690 823 3745 873 ἒν
3767 827 3888 885 ταῖς

2313 903 2628 969 ἐπιϐουλαῖς
2672 907 2784 960 τῶν
2833 909 3138 963 Ἰουδαίωνο
3182 911 3258 974 ὡς
3291 911 3443 964 οὐδὲν
3482 913 3888 983 ὑπεστειλάμην

2311 998 2421 1051 τῶν
2445 1003 2837 1070 συμφερόντων
2861 1000 2955 1056 τοῦ
2984 1003 3060 1074 μὴ
3087 1004 3406 1073 ἀναγγεῖλαι
3436 1007 3585 1074 ὑμῖν,
3619 1008 3713 1059 καὶ
3735 1008 3888 1060 διδά-

2314 1090 2402 1156 ξαι
2437 1092 2581 1163 ὑμᾶς
2609 1093 2844 1165 δημοσίᾳ
2889 1097 2982 1149 καὶ
3017 1095 3136 1150 κατ’
3170 1098 3352 1162 οῐκους
3375 1115 3389 1129 ο
3445 1099 3892 1170 διαμαρτυρόμε-

2311 1201 2401 1247 νος
2434 1181 2705 1248 Ἰουδαίοις
2739 1204 2799 1239 τε
2837 1187 2932 1240 καὶ
2964 1189 3186 1258 Ἕλλησι
3213 1188 3313 1259 τὴν
3333 1190 3412 1252 είς
3433 1190 3523 1243 τδν
3549 1191 3683 1243 Θεὸν
3721 1192 3890 1261 μετά-

2312 1296 2483 1341 νοιαν,
2517 1281 2612 1334 καὶ
2644 1283 2830 1335 πίστιν
2862 1284 2958 1352 τὴν
2993 1285 3070 1347 είς
3110 1285 3200 1338 τὸν
3244 1285 3447 1355 Κύριον
3478 1287 3634 1356 ἡμῶν
3679 1288 3890 1357 Ἰησοῦν

2307 1355 2564 1440 Χριστόν.
2597 1372 2706 1426 Καὶ
2737 1373 2831 1426 νῦν
2874 1374 2985 1427 ίδοὺ
3017 1375 3298 1444 δεδεμένος
3343 1376 3454 1444 ἐγὼ
3605 1355 3890 1446 “vati-tut:

2314 1463 2616 1532 πορεύομαι
2649 1464 2729 1525 είς
2782 1464 3166 1536 Ἰερουσαλὴμ,
3200 1467 3269 1521 τὰ
3312 1469 3370 1521 ὲν
3423 1470 3562 1540 αὐτῇ
3609 1471 3894 1540 συμϐησό-

2315 1556 2452 1625 μενά
2485 1568 2573 1622 μὀι
2605 1556 2679 1628 μὴ
2725 1558 2916 1622 εἰδώς·
2948 1559 3090 1629 πλὴν
3138 1559 3220 1613 ὅτι
3266 1560 3334 1634 τὸ]
3374 1561 3597 1630 Πνεῦμα
3639 1563 3699 1615 τὸ
3729 1562 3894 1629 ἅγιον

2312 1648 2453 1702 κατὰ
2486 1649 2643 1703 πόλιν
2673 1649 3108 1720 διαμαρτύρεταί
3141 1669 3231 1721 μοι
3261 1651 3420 1721 λέγον
3441 1670 3457 1685 ·
3489 1655 3571 1707 ὅτι
3607 1654 3783 1724 δεσμά
3821 1673 3892 1722 με

2312 1743 2407 1794 καὶ
2437 1741 2643 1812 Θλίψεις
2677 1743 2951 1814 μένουσιν.
2990 1743 3133 1798 Ἀλλ’
3164 1745 3374 1809 οὐδενὸς
3407 1746 3566 1814 λόγον
3598 1749 3890 1818 ποιοῦμαι,

2311 1834 2431 1887 οὐδὲ
2464 1837 2570 1906 ἔχω
2595 1835 2700 1906 ’τὴν
2728 1836 2908 1907 ψυχήν
2945 1853 3047 1905 μου
3074 1838 3262 1907 τιμίαν
3288 1838 3536 1906 ἐμαυτῷ,
3563 1838 3639 1902 ὠς
3664 1839 3782 1890 τελε
3795 1839 3893 1890 ιῶ-

2312 1945 2403 1980 σαι
2432 1930 2522 1980 τὸν
2552 1928 2752 1999 δρόμον
2794 1947 2897 1998 μου
2929 1929 3064 1998 μετὰ
3098 1931 3294 2000 χαρᾶς,
3329 1930 3421 1982 καὶ
3452 1931 3552 1999 τὴν
3582 1929 3888 1993 διακονίαν,

2309 2020 2378 2089 ἢν
2411 2018 2600 2072 ἔλαϐον
2629 2021 2780 2090 παρὰ
2813 2019 2908 2073 τοῦ
2942 2021 3148 2091 Κυρίου
3188 2021 3383 2091 Ἰησοῦ,
3409 2022 3888 2092 διαμαρτύρασθαι

2308 2111 2368 2162 τὸ
2417 2111 2746 2178 Εὐαγγέλιον
2770 2113 2870 2183 τῆς
2899 2114 3122 2184 χάριτος
3155 2113 3248 2166 τοῦ
3279 2113 3437 2167 Θεοῦ.
3481 2114 3591 2166 Καὶ
3637 2115 3731 2167 νῦν
3771 2114 3887 2166 ἰδοὺ

2310 2203 2421 2269 ἐγὼ
2452 2201 2589 2268 οἶδα,
2615 2204 2696 2257 ὅτι
2725 2204 2826 2258 οὑκ
2859 2203 2938 2258 ἔτι
2962 2203 3160 2273 ὕφεσθε
3187 2204 3248 2256 τὸ
3276 2204 3566 2273 πρόσωπόν
3594 2222 3696 2273 μου
3725 2205 3887 2272 ὑμεῖς

2310 2296 2532 2360 πάντες,
2567 2296 2626 2360 ἐν
2663 2292 2743 2358 οἷς
2775 2296 2988 2366 διῆλθον
3021 2295 3313 2367 κηρύσσων
3344 2296 3444 2367 τὴν
3475 2296 3752 2364 βασιλείαν
3785 2295 3884 2348 τοῦ

2308 2386 2468 2441 Θεοῦ.
2495 2386 2586 2439 Διὸ
2634 2388 2984 2458 μαρτύρομαι
3028 2389 3158 2456 ὑμῖν
3190 2391 3248 2441 ὲν
3293 2390 3361 2459 τῇ
3397 2388 3636 2459 σήμερον
3670 2390 3881 2459 ἡμέρᾳ,

2309 2479 2390 2532 ὅτι
2422 2479 2660 2550 καθαρός
2682 2482 2799 2550 είμι
2828 2479 2935 2535 ἀπὸ
2956 2478 3050 2533 τοῦ
3079 2481 3313 2551 αἵματος
3341 2479 3560 2534 πάντων
3593 2481 3768 2550 ὑμῶν.
3803 2484 3880 2534 Οὖ

2308 2570 2413 2639 γὰρ
2445 2571 2851 2642 ὑπεστειλάμην
2904 2572 2998 2625 τοῦ
3049 2572 3124 2644 μὴ
3172 2571 3495 2640 ἀναγγεῖλαι
3536 2573 3666 2642 ὑμῖν
3700 2574 3882 2626 πᾶσαν

2306 2665 2405 2735 τὴν
2431 2664 2627 2734 βουλὴν
2650 2665 2744 2718 τοῦ
2771 2665 2930 2718 Θεοῦ.

2380 2757 2681 2826 Προσέχετε
2711 2755 2804 2809 οὖν
2837 2758 3072 2820 ἑαυτοῖς,
3103 2756 3199 2809 καὶ
3234 2757 3396 2809 παντὶ
3419 2755 3497 2826 τῷ
3527 2757 3788 2826 ποιμνίῳ,
3822 2758 3881 2808 ἑν

2305 2840 2349 2916 ᾧ
2385 2850 2528 2919 ὑμᾶς
2557 2850 2618 2902 τὸ
2645 2849 2869 2918 Πνεῦμα
2908 2849 2969 2902 τὸ
2995 2849 3150 2918 ἅγιον
3181 2847 3333 2902 ἔθετο
3369 2849 3726 2911 ἐπισκόπους,
3754 2866 3878 2900 ποι-

2311 2942 2521 3010 μαίνειν
2544 2941 2644 3011 τὴν
2675 2941 3000 3010 Ἐκκλησίαν
3028 2939 3122 2995 τοῦ
3153 2939 3308 3002 Θεοῦ,
3348 2941 3413 3011 ἢν
3449 2942 3878 3010 περιεποιήσατο

2306 3033 2394 3085 διὰ
2444 3033 2540 3085 τοῦ
2597 3031 2728 3088 ίδίου
2785 3033 3040 3104 αἵματος.
3071 3031 3216 3099 Ἐγὼ
3250 3034 3359 3102 γὰρ
3406 3027 3524 3086 οίδα
3573 3032 3752 3095 τοῦτο,
3794 3033 3878 3082 ὅτι

2309 3125 2448 3194 μετὰ
2476 3125 2574 3195 τὴν
2603 3125 2787 3194 ἄφιξίν
2821 3143 2924 3194 μου
2965 3123 3364 3178 εἰσελεύσονται
3396 3123 3549 3176 λύκοι
3577 3123 3764 3193 βαρεῖς
3799 3122 3878 3183 είς

2306 3223 2471 3292 ὑμᾶς,
2504 3221 2580 3293 μὴ
2605 3221 2910 3292 φειδόμενοι
2932 3220 3027 3274 τοῦ
3057 3220 3308 3290 ποιμνίου
3330 3235 3344 3248 ·
3377 3220 3473 3273 καὶ
3499 3219 3558 3284 ἐξ
3592 3218 3744 3289 ὑμῶν
3773 3218 3875 3270 αὑ-

2305 3315 2412 3369 τῶν
2454 3315 2847 3385 ἀναστήσονται
2880 3313 3072 3382 ἄνδρες
3114 3311 3400 3379 λαλοῦντες
3443 3313 3874 3382 διεστραμμένα,

2304 3405 2398 3460 τοῦ
2427 3407 2680 3478 ἀποσπᾷν
2705 3406 2829 3469 τοὺς
2855 3405 3100 3476 μαθητὰς
3129 3404 3302 3457 ὀπίσω
3328 3405 3527 3458 αὑτῶν.
3560 3406 3652 3457 Διὸ
3672 3421 3878 3474 γρηγο-

2307 3501 2449 3568 ρεῖτε
2476 3498 2924 3569 μνημονεύοντες,
2943 3498 3030 3550 ὅτι
3051 3497 3311 3567 τριετίαν,
3328 3494 3501 3551 νύκτα
3525 3497 3618 3549 καὶ
3639 3497 3874 3565 ἡμέραν,

2304 3591 2403 3644 οὐκ
2425 3591 2754 3661 ὲπαυράμην
2788 3591 2927 3659 μετὰ
2949 3582 3201 3660 δακρύων
3223 3589 3488 3657 νουθετῶν
3521 3589 3617 3642 ἕνα
3642 3589 3875 3643 ἕκαστον

2305 3683 2480 3752 ὑμῶν.
2527 3685 2634 3736 Καὶ
2680 3681 2845 3753 τανῦν
2884 3682 3256 3753 παρατίθεμαι
3293 3683 3468 3752 ὑμᾶς,
3516 3683 3758 3752 ἀδελφοὶ,
3792 3683 3874 3752 τῷ

2303 3775 2422 3843 Θεῷ
2451 3776 2546 3827 καὶ
2573 3775 2651 3843 τῷ
2680 3765 2824 3843 λδγῳ
2858 3773 2956 3844 τῆς
2996 3775 3216 3845 χάριτος
3249 3773 3437 3837 αὑτοῦ,
3472 3774 3551 3843 τῷ
3591 3775 3878 3845 δυναμένῳ

2302 3864 2723 3935 ὲποικοδομῆσαι
2768 3866 2863 3917 καὶ
2890 3862 3074 3916 δοῦναι
3117 3864 3248 3933 ἡμῖν
3277 3862 3644 3934 κληρονομίαν
3673 3867 3732 3915 ἐν
3762 3869 3876 3928 τοῖς

2303 3955 2656 4025 ἡγιασμένοις
2688 3952 3169 4026 πᾶσιν.Ἀργυρίου
3203 3954 3235 4024 ἢ
3263 3955 3548 4024 χρυσίουῆ
3573 3955 3874 4024 ἱματισμοῦ

2300 4048 2511 4111 οὐδενὸς
2560 4045 2902 4118 ἐπεθύμησα.
2948 4046 3112 4099 Αὐτοὶ
3164 4046 3219 4098 δὲ
3269 4046 3586 4113 γινώσκετε,
3638 4049 3720 4101 ὃτι
3753 4052 3873 4106 ταῖς

2302 4140 2510 4208 χρείαις
2551 4158 2677 4209 μου,
2710 4140 2805 4194 καὶ
2825 4141 2940 4202 τοῖς
2958 4138 3075 4192 οῦσι
3105 4139 3224 4208 μετ’
3252 4138 3408 4208 ἐμοῦ,
3430 4139 3787 4209 ὑπηρέτησαν
3815 4143 3871 4194 αἱ

2301 4233 2479 4302 χεῖρες
2497 4226 2675 4286 αὗται.
2691 4234 2871 4304 Πάντα
2884 4233 3133 4296 ὑπέδειξα
3151 4232 3299 4299 ὑμῖν,
3314 4232 3395 4283 ὅτι
3408 4230 3550 4284 οὓτω
3567 4233 3871 4296 κοπιῶντας

2299 4323 2381 4375 δεῖ
2393 4321 2886 4391 ἀντιλαμϐάνεσθαι
2898 4321 3004 4374 τῶν
3021 4321 3408 4387 ἀσθενούντων,
3435 4339 3538 4391 μνη
3547 4323 3792 4391 μονεύειν
3812 4342 3870 4376 τε

2300 4415 2411 4467 τῶν
2452 4415 2628 4482 λόγων
2663 4414 2758 4467 τοῦ
2799 4415 3006 4483 Κυρίου
3046 4413 3243 4484 Ἰησοῦ,
3275 4415 3355 4468 ὅτι
3389 4413 3552 4477 αὐτὸς
3583 4410 3706 4467 εἷπε
3728 4417 3870 4468 ’Μα-

2230 4526 2273 4580 D
2303 4506 2496 4575 κάριόν
2516 4507 2632 4558 ἐστι
2664 4493 2863 4576 μᾶλλον
2882 4505 3104 4569 διδόναι,
3138 4505 3172 4576 ἦ
3199 4505 3516 4576 λαμϐάνειν.
3551 4507 3662 4560 Καὶ
3696 4507 3873 4560 ταῦτα

2299 4595 2490 4663 εἰπὼν,
2525 4588 2660 4662 θεὶς
2713 4599 2779 4652 τὰ
2829 4597 3033 4666 γόνατα
3089 4597 3274 4663 αὑτοῦ,
3317 4597 3414 4650 σὺν
3471 4599 3636 4650 πᾶσιν
3684 4599 3870 4662 αὐτοῖς

2301 4689 2667 4760 προσηύξατο.
2821 4733 2824 4736 .
2962 4758 2971 4767 1
3295 4759 3299 4764 ι

2346 4796 2347 4799 ‘
2907 4779 3286 4834 EPMHNEIA.

2369 4873 2637 4928 Ἐνταῦθα
2693 4875 3020 4946 χαρακτῆρα
3077 4876 3426 4938 διδασκαλίας
3478 4877 3742 4937 δείκνυσι,
3804 4880 3867 4930 τὸ

2297 4967 2549 5037 ἄφθονον,
2567 4967 2626 5020 τὸ
2652 4967 2846 5021 ἄοκνον
2867 4969 3007 5031 ⁵⁵,τὺ
3030 4968 3313 5036 συμπαθὲς
3337 4969 3560 5036 (ἔπασχε
3589 4971 3695 5038 γὰρ
3724 4973 3866 5039 ὑπὲρ

2295 5058 2402 5114 τῶν
2431 5060 2839 5130 ἀπολλυμένων,
2890 5059 3033 5129 ὑπὲρ
3064 5058 3172 5112 τῶν
3219 5059 3612 5135 ᾁπολλύντων),
3657 5063 3753 5114 καὶ
3803 5065 3865 5115 τὸ

2296 5135 2548 5206 ταπεινὸν
2578 5153 2696 5221 (καὶ
2726 5152 2823 5222 ούχ
2855 5151 3078 5228 ἁπλῶς,
3108 5150 3266 5216 ἀλλὰ,
3304 5170 3323 5202 ι
3363 5151 3500 5221 μετὰ
3549 5152 3731 5223 πάσης
3763 5171 3861 5206 τας

2295 5242 2745 5314 πεινοφροσύνης,
2779 5262 2800 5295 ι
2847 5243 3003 5314 φησί·
3048 5229 3219 5296 πολλὰ
3244 5241 3352 5313 γὰρ
3386 5240 3504 5318 εἴδη
3545 5243 3643 5313 τῆς
3670 5263 3866 5298 ταπει-

627 5252 756 5305 que,
798 5237 890 5291 sed
921 5242 1043 5314 eum
1069 5237 1216 5294 omni
1245 5239 1567 5304 humilitate,
1591 5260 1804 5314 nempe,
1829 5246 1882 5300 in
1913 5249 2098 5314 verbo,
2134 5249 2189 5301 in

629 5253 756 5305 que,
798 5253 890 5291 seu
935 5254 1043 5291 =mn
1069 5253 1216 5294 omni
1245 5253 1567 5304 humilitate,
1591 5260 1804 5314 nempe,
1829 5253 1882 5300 in
1913 5253 2098 5314 verbo,
2134 5253 2189 5301 in

629 5344 816 5396 opere,
851 5253 974 5412 erga
1004 5332 1314 5401 superiores
1344 5341 1398 5388 ct
1449 5330 1781 5404 inferiores),
1810 5347 1864 5390 et
1889 5354 2009 5406 quae
2037 5340 2190 5394 utilia

2305 5253 2745 5314 κεινοφροσῡνης,
2779 5262 2800 5295 ι
2847 5253 3003 5314 φησι·
3048 5253 3219 5296 πολλὰ
3244 5253 3352 5313 γὰρ
3386 5253 3504 5318 εῐδη
3545 5253 3643 5313 τῆς
3670 5263 3859 5298 ταπει.

2305 5334 2621 5404 θοφροσύνης
2655 5351 2667 5363 ”
2837 5335 2999 5404 λόγῳ,
3045 5336 3102 5386 ὲν
3143 5333 3308 5404 ἔργῳ,
3356 5335 3493 5404 πρὸς
3565 5337 3859 5405 ἄρχοντας,

631 5428 763 5471 sunt
828 5405 1013 5498 loqui:
1052 5431 1211 5476 erant
1245 5438 1478 5493 namque
1526 5422 1693 5477 multa
1727 5440 1847 5494 qua;
1892 5427 2100 5484 discere
2123 5428 2190 5485 iis

2305 5426 2425 5496 πρὸς
2481 5405 2866 5496 ἀρχομένους),
2898 5427 2994 5479 καὶ
3025 5424 3087 5478 τὸ
3129 5425 3196 5479 τὰ
3248 5427 3602 5498 συμφέροντα
3639 5426 3858 5493 λέγειν·

629 5526 737 5565 non
764 5495 1110 5581 expediebat.
1137 5517 1310 5571 Sicuti
1332 5517 1473 5571 enim
1493 5517 1738 5589 quaedam
1765 5519 1871 5574 illis
1890 5519 2184 5584 Occultare,

2305 5516 2353 5588 ἣν
2406 5495 2532 5590 γὰρ
2564 5509 2782 5590 πρῶτον
2806 5495 2853 5577 έ⁸
2899 5517 3000 5575 οὐκ
3036 5515 3141 5573 ἔδει
3170 5495 3385 5590 μαθεῖν.
3417 5495 3630 5588 ’Ὥσπερ
3660 5517 3772 5590 γὰρ
3799 5522 3867 5574 τό

1772 5687 1972 5763 Varia)
2001 5697 2310 5759 lectiones
2350 5676 2424 5760 et
2455 5706 2642 5759 nolaa.

696 5791 741 5816 ”
767 5790 850 5842 2'7.
894 5792 1111 5858 ἄογκον.
1190 5797 1232 5827 ⁸³
1267 5794 1324 5846 a.
