4082 6342
185 387 333 451 1325

821 383 1356 446 EXPOSITIONIS
1379 384 1461 445 ΙΝ
1501 386 1690 445 ACTA
1728 384 2026 446 TEXTUS
2053 386 2318 447 ALTER.
2351 410 2418 421 --
2444 385 2820 454 CAP..XXU.

3262 391 3400 460 1033

196 496 626 570 Ἐπιτρέψαντος
654 494 710 547 δὲ.
744 492 930 560 αὐτοῦ,
982 495 1012 547 6
1043 493 1254 557 Παῦλος
1311 496 1481 558 ἑστὼς
1513 496 1603 548 ἐπὶ
1641 496 1749 549 τῶν

1884 496 2070 551 ilentio
2120 497 2283 561 facto,
2340 478 2604 553 allocutus
2652 512 2738 556 est
2791 501 2971 571 lingua
3017 500 3270 578 gllebraea,
3325 509 3408 566 dl-

183 589 548 659 ἁναὸαθμῶν,
595 587 876 640 κατέσεισε
908 588 974 656 τῇ
1009 589 1152 656 χειρὶ
1191 586 1270 654 τῷ
1294 586 1428 656 λαῷ.
1462 581 1667 658 Πολλῆς
1691 589 1748 642 δὲ

187 683 360 749 σιγῆς
391 677 706 747 γενομένης,
750 675 1141 744 προσεφώνησέ
1169 678 1234 745 τῇ
1278 675 1518 746 Ἐϐραΐδι
1570 675 1749 734 διαλέ-

187 790 329 841 κτῳ,
363 771 555 837 λέγων.
1188 784 1195 791 ·

188 864 441 916 Παύλου
491 857 856 919 κατάστασις
912 855 1043 923 περὶ
1098 855 1306 920 αὐτοῦ,
1367 855 1465 909 καὶ
1515 855 1626 924 τῆς
1665 857 1754 921 εις

520 951 869 1003 ἀπόστολον
905 946 1090 1000 αὑτοῦ
1128 947 1422 1015 κλήσεως.
1479 932 1484 933 ί

271 1042 500 1110 Ἀνδρες
524 1039 740 1106 ἀδελφοὶ
774 1038 867 1089 καὶ
903 1039 1156 1104 πατέρες,
1211 1036 1504 1090 άκούσατέ’
1525 1055 1627 1106 μου
1658 1037 1791 1105 τῆς

191 1115 336 1196 πρὸς
382 1128 528 1196 ὑμᾶς
560 1125 678 1178 νυνὶ
735 1124 1027 1190 ἀπολογίας
1052 1124 1406 1193 (ἀκούσαντες
1463 1126 1520 1178 δὲ
1571 1128 1654 1179 ὃτι
1687 1129 1752 1196 τῇ

203 1217 450 1286 Ἐϐραΐδι
481 1215 740 1283 διαλέκτῳ
793 1208 1131 1283 προσεφώνει
1163 1214 1367 1279 αὐτοῖς,
1394 1216 1590 1285 μᾶλλον
1615 1233 1758 1286 παρ-

191 1312 344 1377 εῖχον
390 1306 640 1377 ἡσυχίαν.
712 1306 820 1358 Καί
873 1309 1057 1380 φησιν)
1087 1325 1100 1340 ⁵
1146 1309 1291 1375 Ἐγὼ
1322 1309 1422 1378 μέν
1461 1311 1574 1377 εἰμι
1621 1310 1759 1379 ἀνὴρ

207 1400 490 1464 ’Ζπυδαῖος,
533 1400 929 1468 γεγεννημένος
979 1402 1036 1453 ἐν
1092 1398 1294 1470 Ταρσῷ
1335 1401 1434 1469 τῆς
1485 1400 1757 1465 Κιλικίας,

197 1489 687 1558 ἀνατεθραμμένος
716 1489 770 1540 δὲ
818 1491 876 1541 ὲν
904 1491 980 1562 ,τῇ
1040 1489 1192 1542 πόλει
1244 1489 1414 1558 ταύτῃ
1447 1490 1598 1558 παρὰ
1635 1493 1760 1555 τοὺς

199 1579 372 1640 πόδας
400 1578 705 1648 Γαμαλιήλ,
740 1577 1170 1647 πεπαιδευμένος
1200 1580 1340 1632 κατὰ
1361 1581 1644 1649 ἀκρίϐειαν
1669 1581 1763 1633 τού

201 1667 461 1740 πατρῴου
495 1669 681 1738 νόμου,
709 1667 957 1738 ζηλωτὴς
989 1669 1248 1739 ὑπάρχων
1270 1671 1362 1722 τοῦ
1394 1671 1551 1733 Θεοῦ,
1584 1672 1764 1734 καθὼς

1859 602 2007 641 ρεαδ.

1897 857 2054 913 Pauli
2081 863 2319 914 narratio
2355 863 2417 915 de
2447 862 2636 930 seipse,
2675 878 2874 933 suaque
2911 862 2978 916 ad
3028 866 3379 933 apostolatum

2498 955 2780 1008 vocatione.

1931 1041 2097 1107 XXII,
2125 1044 2273 1096 i-ll.
2300 1044 2412 1098 Viri
2435 1043 2626 1099 fratres
2657 1053 2707 1101 et
2728 1054 2929 1114 patres,
2952 1049 3135 1104 audite
3161 1064 3322 1118 quam
3347 1050 3412 1103 ad

1863 1150 1960 1188 vos
1988 1135 2151 1188 reddo
2169 1134 2454 1188 rationem.
2473 1136 2606 1188 Cum
2643 1137 2919 1193 audissent
2937 1151 3141 1202 autem,
3166 1141 3291 1210 quia
3313 1137 3418 1193 ilco

1865 1224 2005 1278 bima
2023 1224 2200 1293 lingua
2215 1226 2523 1293 loqueretur
2534 1226 2597 1278 ad
2615 1226 2755 1290 illos,
2776 1228 2947 1296 magis
2967 1228 3422 1297 praestiteruntﬁsi-

1867 1314 2114 1369 lentium.
2163 1313 2226 1367 Et
2259 1316 2390 1367 dicit
2425 1331 2440 1368 :
2492 1313 2603 1384 Ego
2641 1331 2760 1370 sum
2796 1318 2872 1370 vir
2903 1317 3146 1382 Judaeus,
3177 1329 3338 1372 natus
3364 1317 3421 1371 in

1868 1404 2040 1472 Tarso
2062 1405 2286 1469 Ciliciae,
2323 1404 2560 1459 nutritus
2581 1415 2758 1460 autem
2786 1408 2838 1461 iu
2868 1409 2970 1463 ista
3003 1412 3241 1475 civitate,
3265 1421 3423 1466 secus

1868 1497 2032 1565 pedes
2075 1496 2357 1558 Camaliel,
2393 1495 2637 1549 eruditus
2666 1497 2817 1565 juxta
2845 1500 3128 1554 veritatem
3178 1511 3423 1570 paterna:

1873 1587 2025 1656 legis,
2079 1588 2361 1640 muniatur
2417 1585 2568 1654 legis,
2604 1586 2745 1640 sicut
2781 1595 2834 1640 et
2877 1586 3040 1661 296
3085 1603 3187 1645 vos
3237 1595 3425 1645 osttncs

1875 1678 2008 1734 e5tis
2040 1677 2234 1749 hodie:
2273 1679 2365 1746 qui
2401 1678 2542 1733 hanc
2578 1678 2714 1730 viam
2746 1689 3066 1745 persecutus
3101 1693 3222 1736 sum
3251 1691 3426 1747 usque

198 1762 408 1824 πάντες
460 1761 618 1829 ὑμεῖς
669 1762 788 1812 ἐστε
831 1763 1088 1830 σήμερον.
1121 1762 1218 1824 ⁸ος
1264 1761 1470 1831 ταύτην
1503 1762 1602 1832 τὴν
1651 1763 1768 1814 ὁδὸν

1880 1771 1939 1824 ad
1965 1779 2215 1831 inertem,
2248 1771 2476 1837 alligans
2508 1776 2562 1823 et
2591 1768 2808 1823 tradens
2854 1768 2906 1821 in
2956 1766 3234 1822 custodias
3279 1768 3425 1822 viros

198 1851 403 1916 ἐδίωξα
453 1851 580 1920 ἄχρι
609 1850 864 1914 θανάτου,
891 1851 1170 1921 δεσμεύων
1203 1853 1296 1904 καὶ
1331 1853 1656 1922 παραδιδοὺς
1689 1856 1769 1916 εἰς

1880 1875 1934 1915 ac
1970 1862 2258 1925 mulieres;
2291 1847 2438 1915 sicut
2465 1861 2721 1928 princeps
2747 1858 3091 1914 sacerdotum
3130 1855 3260 1911 mihi
3281 1858 3432 1912 testi-

201 1939 453 2006 φυλακὰς
470 1940 671 2009 ἄνδρας
693 1956 751 1992 τε
772 1940 866 1992 καὶ
895 1943 1174 2008 γυναῖκας,
1203 1941 1278 2003 ώς
1301 1941 1392 1994 καὶ
1424 1944 1450 1993 ό
1479 1943 1770 2011 ἀρχιερεὺς

206 2034 482 2101 μαρτυρεῖ
503 2047 593 2099 μοι
632 2032 726 2083 καὶ
760 2031 866 2085 πᾶν
887 2033 948 2085 τὸ
974 2029 1390 2104 πρεσϐυτέριον·
1420 2034 1549 2101 παρ’
1579 2028 1653 2085 ὧν
1678 2034 1772 2084 καὶ

202 2120 497 2183 ἐπιστολὰς
543 2119 835 2191 δεξάμενος
880 2123 1020 2192 πρὸς
1068 2124 1191 2185 τοὺς
1223 2123 1506 2191 ἀδελφοὺς,
1554 2124 1632 2185 εἰς
1664 2126 1772 2174 Δα-

207 2212 425 2278 μασκὸν
471 2213 836 2283 ἐπορευόμην,
863 2211 1008 2278 ἄξων
1053 2213 1151 2266 καὶ
1204 2213 1333 2276 τοὺς
1384 2216 1566 2266 ἐκεῖσε
1595 2213 1772 2276 -ὅντας

203 2302 524 2378 δεδεμένους
549 2305 627 2366 είς
662 2302 1036 2378 Ἰερουσαλὴμ,
1065 2304 1152 2357 ἵνα
1183 2304 1590 2374 τιμωρηθῶσιν.
1623 2303 1772 2371 Ἐγέ-

205 2412 334 2447 νετο
367 2396 424 2447 δέ
457 2413 548 2465 μοι
568 2396 940 2466 πορευομένῳ,
974 2398 1067 2450 καὶ
1095 2397 1366 2464 ἐγγίζοντι
1396 2398 1463 2466 τῇ
1496 2396 1783 2466 Δαμασκῷ

204 2488 338 2555 περὶ
380 2487 746 2557 μεσημϐρίαν,
780 2487 1037 2558 ἐξαίφνης
1085 2490 1150 2540 ὲκ
1190 2486 1285 2540 τοῦ
1334 2486 1565 2556 οὐρανοῦ
1621 2503 1774 2555 περι-

203 2577 490 2646 αστράψαι
512 2577 626 2644 φῶς
651 2576 830 2630 ἱκανὸν
855 2579 982 2645 περὶ
1008 2578 1349 2648 ὲμέ.Ἕπεσά
1372 2594 1432 2630 τε
1457 2579 1538 2639 εἰς
1575 2576 1635 2629 τὸ
1662 2576 1777 2629 ἔδα-

204 2685 331 2736 φος,
350 2669 444 2720 καὶ
472 2668 680 2740 ηκουσα
702 2668 883 2738 φωνῆς
903 2667 1166 2739 λεγούσης
1205 2685 1296 2738 μοι
1314 2685 1326 2698 ·
1361 2669 1550 2732 Σαοὺλ,
1575 2669 1770 2730 Σαοὺλ,

204 2762 260 2813 τί
300 2777 368 2830 με
401 2759 650 2826 διώκεις;
696 2760 837 2829 Ἐγὼ
865 2762 922 2815 δὲ
968 2753 1422 2832 ἀπεκρίθην⁶.Τίς
1458 2756 1528 2826 εἶν
1569 2760 1771 2831 ΚύριΞῖ

1873 1952 2116 2005 monium
2155 1952 2351 2013 reddit,
2375 1960 2429 2004 et
2455 1966 2641 2004 omnes
2689 1951 2923 2017 majores
2967 1958 3138 2013 natu;
3170 1963 3200 2002 a
3231 1948 3431 2016 quibus

1873 2049 1940 2096 et
1964 2041 2228 2113 epistolas
2267 2041 2544 2109 accipiens
2573 2039 2638 2092 ad
2673 2039 2867 2092 fratres
2903 2036 3225 2090 Damascum
3253 2043 3434 2105 perge-

1872 2135 2017 2197 bam,
2050 2144 2108 2186 ut
2154 2133 2480 2186 adducerem
2529 2131 2655 2185 inde
2701 2131 2915 2185 vinctos
2943 2130 2996 2182 in
3040 2128 3343 2183 Jerusalem
3375 2136 3436 2181 ut

1871 2225 2219 2295 punirentur.
2247 2222 2472 2277 Factum
2523 2231 2607 2277 est
2642 2227 2850 2288 autem,
2885 2231 3049 2275 eunte
3095 2234 3201 2283 me,
3237 2227 3291 2273 et
3341 2232 3438 2288 ap-

1876 2317 2282 2386 propinquante
2309 2313 2571 2368 Damasco
2605 2312 2779 2366 media
2806 2311 2914 2376 die,
2938 2310 3139 2377 subito
3182 2308 3248 2363 de
3300 2307 3440 2362 etelo

1874 2404 2238 2461 circumfulsit
2267 2420 2352 2457 me
2381 2406 2472 2458 lux
2500 2404 2758 2472 cepio‘sa:
2786 2409 2842 2457 et
2861 2401 3120 2456 decidens
3143 2401 3195 2452 in
3215 2409 3436 2460 terram,

1875 2477 2056 2550 audivi
2102 2480 2593 2547 vocem‘dicentem
2649 2493 2822 2546 mihi:
2866 2491 3052 2554 Sahle,
3089 2489 3273 2551 Saule,
3306 2487 3437 2555 quid

1862 2603 1960 2641 me
2003 2577 2390 2657 persi'queris?
2436 2585 2545 2655 Ego
2593 2593 2769 2638 autem
2833 2581 3128 2650 respondi:
3175 2580 3305 2646 Quis
3358 2586 3443 2632 est

1878 2676 2135 2732 Domine?
2162 2677 2414 2746 Dixitque
2443 2675 2510 2728 ad
2541 2690 2665 2729 me:
2707 2675 2815 2743 Ego
2837 2689 2955 2729 sum
3004 2672 3166 2728 Iesus
3207 2669 3443 2747 Nazare-

1876 2784 2002 2834 nus,
2043 2784 2204 2837 quem
2260 2777 2316 2821 tu
2362 2766 2728 2836 persequeris.
2766 2765 2854 2827 Et,
2881 2764 2972 2833 qui
3014 2779 3226 2817 meeum
3266 2769 3440 2825 erant,

208 2850 345 2906 Εἷπέ
383 2870 444 2905 τε
481 2853 617 2922 πρός
643 2870 709 2922 με
735 2871 747 2884 ·
791 2851 931 2923 Ἐγώ
971 2855 1087 2924 είμι
1129 2852 1384 2924 Ἰησοῦςλὸ
1430 2850 1821 2923 Ναζωραῖος,¹

204 2949 265 3000 δν
305 2949 373 3000 σὺ
414 2944 651 3009 διώκεις.
684 2947 747 2998 0i
774 2946 830 3001 δὲ
883 2947 981 2999 σὺν
1035 2948 1158 3017 ἐμοὶ
1205 2947 1358 3009 ὄντες
1413 2946 1472 2999 τὸ
1526 2946 1625 3017 μὲν
1659 2947 1776 3014 φώς

1876 2858 2300 2930 lmuenquidem
2351 2857 2620 2922 viderunt,
2652 2861 2841 2913 vocem
2892 2871 3068 2910 autem
3118 2869 3223 2909 non
3255 2847 3462 2907 audie?

1876 2951 2006 3006 runi
2035 2953 2152 3020 ejus
2188 2951 2277 3018 qui
2314 2951 2637 3018 loquebatur
2665 2962 2896 3002 mecum.
2931 2947 2995 3000 Et
3025 2945 3168 2999 dixi:
3195 2943 3335 3009 Quid
3364 2943 3443 2994 t‘a-

206 3035 525 3098 ὲθεάσαντο,
548 3037 646 3088 καὶ
673 3035 903 3113 ἔμφοϐοι
941 3035 1192 3103 ἐγένοντο
1212 3073 1228 3099 ,
1260 3038 1358 3105 τὴν
1386 3035 1442 3088 δὲ
1463 3036 1647 3104 φωνὴν
1677 3037 1775 3088 οὐκ

1880 3043 2042 3105 ciam,
2075 3041 2303 3094 Domine
2330 3042 2353 3093 7
2386 3041 2649 3093 Dominus
2672 3045 2852 3090 autem
2881 3036 3019 3090 dixit
3046 3034 3112 3087 ad
3146 3049 3230 3086 me
3258 3052 3270 3086 :
3314 3031 3445 3086 Sur-

206 3127 451 3196 ἥκουσαν
479 3125 574 3180 τοῦ
630 3125 916 3188 λαλοῦντός
953 3143 1059 3198 μοι.
1101 3118 1388 3184 Εἷπονδέ·
1432 3127 1497 3178 Τί
1535 3127 1768 3195 ποιήσω,

1882 3133 2036 3202 gens,
2080 3132 2214 3188 vade
2255 3131 2600 3196 Damascum,
2629 3137 2682 3184 et
2714 3129 2786 3182 ibi
2813 3127 2907 3182 tibi
2943 3125 3153 3181 dicetur
3176 3125 3242 3179 de
3270 3123 3446 3178 omni—

208 3216 422 3285 Képte;
461 3217 520 3269 '0
565 3215 623 3268 δὲ
678 3214 878 3287 Κύριος
907 3210 1028 3269 εἷπε
1064 3217 1200 3286 πρός
1242 3231 1350 3286 με’
1395 3215 1659 3279 Ἀναστὰς
1683 3234 1777 3268 πο-

1883 3226 1988 3279 bus
2018 3241 2138 3295 qua:
2171 3233 2222 3278 te
2246 3233 2492 3294 Oporteat
2521 3221 2724 3276 facere.
2778 3220 2844 3273 Et
2886 3233 3011 3271 cum
3069 3230 3178 3269 non
3211 3215 3444 3268 viderem

211 3310 374 3381 ρεύου
435 3311 514 3370 si;
551 3310 859 3379 Δαμασκὸν,
891 3310 1055 3363 κάκεῖ
1118 3326 1200 3361 σοι
1229 3307 1594 3380 λαληθήσεται
1647 3309 1776 3380 περὶ

1885 3335 1996 3390 pne
2025 3319 2271 3371 claritate
2302 3316 2523 3370 luminis
2554 3315 2722 3376 illius,
2779 3312 2844 3367 ad
2878 3326 3101 3376 Inanum
3129 3308 3391 3364 deductus
3418 3321 3448 3358 a

208 3404 431 3457 πάντων
464 3396 539 3456 ὧν
569 3401 840 3468 ξτέτακταί
896 3418 976 3455 σοι
1006 3402 1246 3469 ποιῆσαι.
1289 3401 1378 3462 Ὠς
1406 3400 1463 3453 δὲ
1521 3403 1623 3457 οὐκ
1677 3392 1778 3456 du-

1888 3408 2201 3468 comitibus,
2236 3406 2354 3460 veni
2385 3403 2732 3456 Damascum.

207 3496 440 3548 έὸλεπον
477 3495 584 3546 ἀπὸ
618 3493 713 3561 τῆς
742 3491 897 3560 δόξης
926 3491 1018 3544 τοῦ
1047 3491 1222 3558 φωτὸς
1255 3488 1484 3552 ἐκείνου,
1520 3493 2022 3564 χειραγωγούμενος
2083 3492 2186 3546 ὑπὸ
2223 3493 2330 3545 τῶν
2393 3491 2658 3544 συνόντων
2722 3505 2834 3558 μοι,
2904 3483 3066 3558 ἦλθον
3137 3486 3218 3548 εἰς
3263 3485 3448 3554 Δαμι-

210 3592 364 3645 σκόν.

207 3683 353 3751 Περὶ
377 3675 466 3735 ὧν
487 3680 602 3751 ἔφη
631 3682 664 3734 ὁ
693 3670 974 3744 Ἀνανίας
992 3677 1142 3747 πρὸς
1171 3677 1281 3732 τὸν
1307 3679 1550 3734 Παῦλον
1580 3681 1650 3734 ἐν
1677 3683 1787 3735 Aa}

274 3774 498 3842 μασχῷ
514 3790 530 3804 ο
556 3773 850 3838 ὀπτασίας
867 3788 931 3826 τε
946 3773 1041 3825 καὶ
1065 3770 1272 3840 φωνῆς
1293 3771 1445 3826 Θεοῦ
1461 3772 1786 3841 ravages-nc

279 3865 353 3918 ἐν
406 3844 488 3926 ait
519 3861 690 3930 ἱερῷ·
740 3861 839 3916 καὶ
885 3861 974 3913 ὅτι
1023 3860 1270 3929 μέλλων
1319 3865 1353 3914 ὀ
1394 3863 1637 3927 Παῦλος
1685 3863 1787 3916 ἐπὶ

283 3953 524 4018 τούτοις
569 3953 916 4016 τύπτεσθαι,
957 3948 1140 4004 elatior
1196 3951 1284 4005 ὅτι
1320 3946 1608 4020 ’Ῥωμαῖός
1644 3956 1782 4021 ειμι,

283 4046 320 4100 ἀ
331 4045 494 4113 νέθη.
619 4038 621 4040 ’
1470 4111 1472 4113 .

299 4137 552 4200 ’Δνανίας
599 4136 656 4188 δέ
683 4153 785 4200 τις,
817 4135 954 4207 ἀνὴρ
1005 4134 1235 4202 εὐλαϐὴς
1265 4135 1406 4189 κατὰ
1454 4134 1545 4188 τὸν
1591 4136 1777 4206 νόμον,

218 4231 668 4301 μαρτυρούμενος
710 4227 817 4281 ὑπὸ
869 4231 1089 4304 πάντων
1124 4228 1233 4280 τῶν
1267 4228 1667 4281 κατοικούντων
1721 4230 1780 4281 ὲν
1814 4299 1817 4305 ί

215 4321 498 4391 Δαμασκῷ
539 4320 833 4386 Ἰουδαίων,
890 4316 1058 4373 ἐλθὼν
1089 4321 1224 4392 πρός
1259 4338 1348 4389 με,
1385 4323 1483 4375 καὶ
1530 4314 1778 4386 ἐπιστάς,

219 4408 344 4463 εἶπέ
379 4427 468 4478 μοι
488 4426 502 4440 ·
546 4409 718 4461 Σαοὺλ
742 4409 958 4477 ἀδελφέ,
988 4410 1309 4478 ἀνάϐλεψον.
1347 4411 1515 4477 Καγὼ
1540 4412 1680 4482 αὐτῇ
1711 4414 1777 4481 τῇ

1884 3678 1960 3732 De
1996 3679 2067 3731 iis
2088 3693 2204 3746 qua:
2234 3675 2484 3730 Damasci
2510 3674 2747 3730 Ananias
2789 3670 2858 3743 ad
2900 3668 3128 3725 Paulum
3153 3669 3324 3734 dixit;
3360 3669 3452 3723 de-

1889 3793 1893 3808 τ
1954 3787 2052 3840 que
2077 3771 2274 3823 visione
2299 3779 2346 3823 et
2381 3784 2501 3822 voce
2533 3767 2625 3822 Dei
2672 3767 2815 3836 facta
2859 3764 2913 3818 in
2959 3762 3194 3830 templo:
3229 3772 3274 3814 et
3317 3777 3448 3831 quo-
3506 3763 3510 3768 ’

1948 3862 2102 3915 modo
2121 3860 2350 3928 jamjam
2407 3859 2469 3910 ob
2501 3860 2611 3911 lucc
2666 3855 3043 3919 verberandus,
3070 3853 3158 3905 ubi
3177 3869 3231 3906 se
3261 3850 3452 3905 Roma-

1953 3969 2077 4006 num
2109 3952 2268 4016 dixit,
2303 3953 2555 4003 liberatus
2577 3950 2666 4002 sil.

1957 4126 2121 4192 XXII,
2147 4124 2326 4180 l2-22.
2350 4126 2586 4178 Anamas
2604 4130 2780 4176 autem
2796 4119 3035 4192 quidam,
3055 4121 3134 4174 vir
3151 4118 3449 4175 secundum

1884 4223 2053 4292 legem
2088 4219 2456 4276 testimonium
2485 4215 2691 4270 habens
2722 4216 2788 4269 ab
2804 4215 3060 4269 omnibus
3093 4213 3452 4290 cohabitanti-

1888 4315 1988 4369 bus
2002 4311 2463 4376 Judmis,venicns
2486 4309 2550 4361 ad
2579 4323 2663 4363 me
2678 4316 2730 4360 et
2745 4314 2931 4360 astans
2951 4305 3085 4358 dixit
3103 4304 3228 4358 mihi
3253 4321 3267 4358 :
3291 4302 3453 4359 Saule

1887 4405 2077 4469 frater,
2104 4406 2338 4473 respice.
2373 4401 2437 4456 Et
2464 4417 2565 4473 ego
2595 4400 2784 4456 eadem
2812 4401 2944 4453 hora
2976 4399 3187 4467 respexi
3219 4398 3271 4451 in
3307 4413 3450 4451 eum.

218 4500 339 4571 ὥρᾳ.
370 4498 640 4568 ἀνέϐλεψα
668 4499 746 4561 εἰς
777 4499 962 4552 αὐτόν.
1006 4498 1064 4551 '0
1108 4497 1163 4550 δὲ
1187 4493 1342 4550 εἶπεν
1365 4511 1380 4527 ο
1427 4499 1486 4550 Ὀ
1509 4499 1641 4561 Θεὸς
1673 4499 1777 4576 τῶν

1887 4495 2074 4547 Atille
2101 4493 2268 4548 dixit:
2314 4492 2458 4545 Deus
2501 4499 2715 4559 patrum
2747 4498 3064 4548 nostrorum
3121 4487 3455 4556 praeordina-

220 4592 476 4660 πατέρων
525 4590 678 4660 ἡμῶν
703 4589 1120 4659 προεχειρίσατό
1161 4605 1218 4640 σε
1249 4589 1451 4655 γνῶναι
1477 4589 1783 4660 τδιθέλημα

220 4680 411 4746 αὑτοῦ,
440 4681 532 4734 καὶ
561 4680 686 4733 ιδεϊν
732 4680 822 4732 τὴν
861 4680 1090 4744 δίκαιον,
1113 4680 1207 4734 καὶ
1244 4666 1478 4734 ἀκοῦσαι
1513 4680 1696 4750 φωνὴν
1717 4681 1789 4742 ¹ὲκ

221 4766 321 4820 τοῦ
353 4755 621 4836 στόματος
665 4767 829 4821 αὐτοῦ
852 4784 868 4799 ο
918 4766 1003 4844 ’ὅτι
1051 4767 1149 4838 ἔσῃ
1184 4763 1405 4837 μάρτυς
1436 4768 1600 4821 αὑτοῦ
1655 4769 1791 4839 πρὸς

225 4861 438 4920 πάντας
469 4859 811 4930 ἀνθρώπους,
867 4852 946 4912 ὧν
977 4859 1227 4929 ἑώρακας
1261 4863 1353 4913 καὶ
1395 4851 1653 4930 ηκουσας.
1681 4862 1791 4915 Καὶ

226 4951 322 5003 νῦν
357 4952 412 5002 τί
455 4952 703 5020 μέλλεις;
729 4945 992 5011 ’Δναστὰξ
1043 4950 1302 5019 βάπτισαι
1343 4953 1437 5004 καὶ
1488 4953 1787 5004 ’ἀπόλουσαι

225 5039 322 5100 τὰς
356 5038 631 5107 ἁμαρτίας
654 5054 769 5100 σου,
800 5036 1261 5103 ἐπικαλεσάμενος
1308 5036 1369 5088 τὸ
1393 5036 1579 5104 ὅνομα
1599 5037 1786 5092 αὑτοῦ.

182 5185 185 5189 _
239 5128 488 5195 Ἐγένετο
530 5128 586 5179 δέ
620 5144 712 5196 μοι
742 5126 1137 5197 ὑποστρέφοντι
1164 5126 1244 5187 εἰς
1285 5123 1664 5195 Ἰερουσαλὴμ,
1696 5127 1789 5178 καὶ

230 5217 780 5290 προσευχομένῳμοι
838 5220 897 5270 ἑν
923 5217 1001 5287 τῷ
1043 5213 1193 5288 ἱερῷ,
1235 5216 1488 5283 γενέσθαι
1514 5233 1582 5283 με
1620 5217 1676 5292 ὲν
1701 5217 1790 5268 ὲκ-

232 5313 446 5372 στάσει,
487 5311 582 5362 καὶ
627 5309 755 5360 ἰδεῖν
799 5309 959 5362 αὑτὸν
983 5309 1209 5378 λέγοντά
1261 5323 1390 5379 μοι·
1421 5307 1663 5366 Σπεῦσον
1698 5309 1806 5359 καὶ

231 5401 418 5467 ιξελθε
451 5403 508 5456 ὲν
541 5402 694 5470 τάχει
731 5399 1184 5476 ἐξηῚεκρουσαλήμ
1207 5418 1221 5432 °
1257 5401 1390 5454 διότι
1441 5401 1501 5453 οὐ
1558 5401 1792 5470 παραδέ-

234 5493 416 5556 ξονταί
442 5511 534 5546 σου
561 5494 660 5561 τὴν
694 5490 1005 5560 μαρτυρίαν
1032 5494 1159 5563 περὶ
1194 5492 1350 5563 ἐμοῦ.
1385 5491 1555 5560 Κάγὼ
1605 5487 1787 5545 εἷπον·

237 5585 432 5655 Κύριε,
461 5588 610 5639 αὐτοὶ
649 5586 963 5636 ἐπίστανται
1009 5583 1092 5636 ὅτι
1143 5585 1252 5654 ἐγὼ
1281 5587 1430 5658 ήμην
1478 5584 1790 5652 φυλακίζων

237 5677 332 5729 καὶ
375 5677 550 5745 δέρων
594 5673 736 5730 κατὰ
778 5673 877 5736 τὰς
911 5674 1237 5742 συναγωγὰς
1282 5677 1407 5740 τοὺς
1435 5675 1788 5737 πιστεύοντας

239 5771 327 5821 ἐπὶ
356 5768 418 5820 σέ
445 5785 458 5798 ·
512 5769 608 5821 καὶ
668 5770 754 5821 ὅτε
783 5757 1059 5838 ὲξελέύνετο
1103 5769 1163 5821 τὸ
1215 5763 1353 5838 αἷμα
1395 5770 1664 5838 Στεφάνου
1694 5767 1785 5823 τοῦ

1891 4586 1989 4650 vit,
2027 4597 2086 4638 ut
2125 4598 2484 4654 cognosceres
2539 4580 2868 4634 voluntatem
2924 4576 3066 4645 ejus,
3124 4583 3179 4629 et
3240 4577 3451 4629 rideres

1886 4677 2117 4746 justum,
2151 4682 2204 4728 et
2232 4672 2463 4726 audires
2517 4684 2705 4724 vocem
2759 4684 2825 4723 ex
2870 4679 2963 4721 ore
2995 4667 3114 4734 ejus
3141 4682 3154 4730 ;
3185 4667 3307 4736 quia
3345 4667 3453 4720 eris

1893 4769 2048 4823 testis
2079 4767 2228 4822 illitis
2257 4767 2322 4820 ad
2359 4779 2547 4817 omnes
2579 4762 2829 4816 homines
2876 4774 3088 4824 eorum,
3118 4774 3239 4827 qua:
3268 4758 3450 4813 vidisti

1891 4868 1945 4913 et
1969 4858 2203 4914 audisti.
2233 4857 2298 4909 Et
2328 4871 2471 4910 nunc
2507 4853 2636 4923 quid
2671 4851 2900 4905 moraris
2927 4851 2949 4902 ?
2979 4849 3244 4919 Exsurge,
3277 4859 3328 4904 et
3357 4851 3455 4904 ba-

1891 4950 2120 5018 ptizare,
2169 4957 2222 5000 et
2281 4947 2437 5000 ablue
2493 4954 2716 5010 peccata
2765 4949 2880 5002 tua,
2915 4939 3184 4994 invocato
3237 4941 3454 4994 nomine

1893 5039 2086 5107 ipsius.
2132 5035 2354 5089 Factum
2389 5043 2474 5088 est
2495 5042 2672 5086 autem
2707 5033 2998 5086 revertenti
3034 5032 3163 5084 mihi
3214 5032 3265 5083 in
3295 5029 3451 5083 Jeru-

1891 5129 2083 5192 salem,
2107 5137 2160 5182 et
2183 5128 2358 5181 oranti
2391 5127 2444 5179 in
2476 5126 2693 5193 templo,
2714 5123 2826 5202 fieri
2862 5138 2945 5176 me
2967 5123 3019 5176 in
3055 5129 3275 5188 stupore
3300 5133 3450 5172 men-

1891 5212 2054 5283 tis,et'
2078 5217 2254 5272 videre
2280 5217 2427 5270 illum
2445 5216 2710 5270 dicentem
2737 5217 2864 5268 mihi
2891 5232 2903 5266 :
2929 5213 3168 5271 Festina,
3193 5212 3332 5266 ctexi
3356 5228 3448 5266 re-

1892 5310 2154 5366 lociterex
2177 5310 2494 5374 Jerusalem,
2518 5311 2771 5379 quoniam
2797 5323 2901 5360 non
2931 5305 3188 5374 recipient
3211 5305 3450 5359 testimo-

1892 5404 2042 5456 nium
2073 5413 2221 5457 tuum
2248 5402 2435 5467 deme.
2460 5403 2518 5458 Et
2541 5416 2638 5470 ego
2664 5401 2775 5454 dixi
2803 5419 2816 5453 :
2848 5399 3211 5468 Domine,ipsi
3245 5399 3448 5465 sciunt,
3527 5431 3531 5434 λ

1891 5497 2014 5566 quia
2042 5511 2140 5564 ego
2165 5512 2312 5550 eram
2337 5494 2663 5554 concludens
2681 5494 2732 5546 in
2756 5507 3028 5547 carcerem
3044 5502 3095 5546 et
3119 5490 3330 5548 cadens
3357 5506 3452 5562 per

1889 5603 2190 5658 synagogas
2224 5603 2318 5642 eos
2346 5588 2434 5657 qui
2461 5586 2822 5654 credebantjin
2852 5594 2903 5637 te
2931 5593 3016 5638 :et
3044 5597 3165 5636 cum
3198 5583 3452 5640 fundere-

1889 5689 1981 5733 tur
2001 5679 2222 5748 sauguis
2252 5678 2507 5748 Stephani
2534 5678 2690 5733 testis
2715 5678 2816 5740 tui.
2846 5691 2946 5747 ego
2963 5677 3230 5741 astabam,
3257 5689 3310 5731 et
3328 5692 3453 5732 con-

1890 5774 2183 5827 sentiebam
2215 5781 2269 5825 et
2310 5770 2681 5828 eusmdieham
2711 5769 3064 5826 ’vestimcnta
3115 5769 3449 5825 interﬁcieno
