4082 6342
166 373 322 437 £029

771 370 1310 432 EXPOSITIONIS
1349 371 1431 432 ΙΝ
1467 323 1654 432 ACTA
1685 372 1984 433 TEXTUS
2015 373 2284 436 ALTER.
2319 403 2385 411 —
2412 377 2566 436 CAP.
2605 378 2830 441 XXIII.

3295 388 3432 456 1630

162 480 312 552 οις·]
365 480 670 550 Φαρισαῖοι,
726 478 1094 544 Σαδδουκαῖοι,
1124 479 1219 532 καὶ
1284 480 1548 551 Ἑσσηνοί.
1609 475 1763 534 Οὗτοι

1872 482 1958 548 qui
1991 481 2220 537 sicarios
2248 498 2408 538 unam
2438 501 2501 540 ex
2523 485 2838 544 Iudaeorum
2867 491 3030 549 sectis
3053 508 3174 550 esse
3221 508 3428 568 putent.

159 575 263 626 τὸν
290 573 403 642 βίον
445 571 781 640 σεμνότερον,
799 569 1048 634 ἀσκοῦσι,
1103 571 1419 640 φιλάλληλοι
1464 572 1618 634 ὄντες
1663 573 1761 625 καὶ

161 662 491 730 ἐγκρατεῖς·
522 660 601 711 διὸ
637 659 735 711 ’καὶ
769 658 1018 728 Ἐσσηνοὶ
1046 659 1562 730 προσαγορεύονται,
1595 661 1760 729 ἥτουν

162 753 338 807 ὅσιοι.
392 752 574 804 Ἀλλοι
603 752 658 804 δὲ
706 751 901 812 αὐτοὺς
941 751 1222 819 σικαρίους
1267 752 1553 814 ἐκάλεσαν,
1599 752 1761 820 ἡτουν

164 841 444 913 ζηλωτάς.
490 862 507 895 ι
533 844 593 896 Εἰ
635 840 922 911 ἄνθρωπον
955 839 1245 910 Ῥωμαῖον.
1287 860 1304 893 ι
1344 843 1457 894 οὐκ
1496 841 1761 908 ἐψεύσατο

165 935 388 998 Παῦλος
427 935 695 1000 Ῥωμαῖον
728 933 920 986 ἑαυτὸν
986 931 1247 995 καλέσας,
1287 931 1464 984 καίτοι
1509 933 1761 995 Ἰουδαῖος

165 1027 460 1096 ὑπάρχων,
501 1026 574 1091 ὠς
609 1027 704 1081 καὶ
736 1024 894 1088 αὐτὸς
935 1023 1041 1093 πρὸ
1087 1023 1266 1090 ὀλίγου
1311 1021 1434 1092 ἔφη.
1483 1023 1615 1075 Ἀπὸ
1652 1024 1758 1093 γὰρ

128 1149 139 1158 ~
175 1117 470 1187 Ἀδριανοῦ
503 1118 701 1186 συνέϐη
730 1119 941 1180 πάντας
968 1112 1106 1170 εἶναι
1149 1114 1474 1184 Ῥωμαίους.
1502 1114 1760 1182 Μεγάλην

166 1208 282 1278 γὰρ
333 1207 474 1277 εἶχον
517 1208 637 1262 τότε
683 1208 939 1277 πρόνοιαν
992 1207 1043 1258 οἱ
1099 1204 1272 1268 οὕτως
1309 1203 1620 1274 ἀξιούμενοι
1655 1222 1755 1258 κα-

161 1299 406 1359 λεῖσθαι.
445 1300 616 1352 Τοῦτο
637 1299 692 1352 δέ
720 1317 904 1368 φησιν,
939 1299 1024 1352 ἵνα
1053 1298 1128 1367 μὴ
1173 1295 1512 1367 μαστιχθεὶς,
1536 1297 1760 1350 εὐκατα-

162 1394 440 1462 φρόνητος
489 1391 733 1460 γένηται.
783 1389 847 1442 EI
903 1386 1009 1458 γὰρ
1065 1389 1389 1458 ὲμάστιξαν,
1445 1389 1539 1441 καὶ
1617 1405 1759 1459 παρ-

165 1479 414 1548 ἔτρεψαν
456 1479 523 1533 ἂν
561 1480 621 1531 τὸ
655 1480 908 1548 πρᾶγμα,
939 1477 1030 1531 καὶ
1065 1478 1389 1532 ἀπέκτειναν
1417 1476 1617 1529 αὐτόν.’
1645 1477 1758 1529 Νῦν

161 1569 250 1634 δὲ,
283 1571 334 1621 εξ
372 1573 464 1623 καὶ
505 1568 630 1640 [μὴ
669 1568 785 1639 ]·δι’
819 1569 1023 1637 ἕτερον,
1056 1567 1192 1624 ἀλλά
1231 1583 1291 1634 γε
1324 1566 1411 1619 διὰ
1467 1566 1642 1631 τοῦτο,
1696 1568 1756 1620 ού

164 1659 338 1728 μόνον
360 1662 459 1714 οῦκ
508 1660 829 1730 ἐμάστιξαν,
878 1659 1014 1717 ἀλλὰ
1056 1659 1150 1712 καὶ
1187 1658 1483 1713 ἀπέλυσανε
1543 1676 1560 1710 ι
1612 1660 1670 1712 ’0
1702 1660 1758 1712 δὲ

162 1748 385 1811 Παῦλος
418 1749 545 1816 ἔφη.
590 1768 608 1800 ι
645 1749 926 1802 Δείκνυσιν
964 1743 1059 1801 οῦν
1104 1747 1132 1799 6
1173 1746 1404 1820 Παῦλος,
1455 1747 1535 1800 ὅτι
1580 1748 1675 1802 καὶ
1731 1749 1758 1800 6

1872 570 2006 626 Tres
2063 574 2209 627 enim
2273 583 2404 629 sunt
2465 579 2745 646 generales
2809 580 2934 649 ejus
2985 589 3166 654 gentis
3217 599 3427 645 sectae:

1865 678 2059 733 nempe
2098 664 2382 733 Pharismi,
2424 666 2781 727 Saddueaciet
2808 672 3024 729 Esseni.
3083 674 3177 732 Isti
3217 683 3429 738 caeteris
3478 658 3490 669 ’

1864 757 2235 813 honestiorem
2270 761 2435 814 vitam
2465 762 2696 830 ducunt,
2733 779 2796 820 ac
2832 778 3024 824 mutuo
3070 787 3130 826 se
3171 774 3426 847 diligunt,

1861 858 1916 900 ct
1946 848 2342 904 continentiam
2388 852 2596 908 colunt.
2631 854 2812 919 Quare
2840 856 3029 914 Esseni
3064 866 3425 934 appellantur,

1861 941 2018 1006 quasi
2051 941 2180 1004 osii,
2211 941 2259 994 id
2292 950 2378 995 est
2405 945 2603 1008 sancti,
2626 961 2766 1013 quos
2803 948 2894 1003 alii
2938 952 3167 1009 sicarios
3207 968 3422 1022 vocant,

1861 1029 1966 1083 hoc
2012 1039 2116 1094 est,
2149 1034 2372 1086 zelotas.
2411 1051 2429 1083 ι
2471 1031 2526 1086 Si
2568 1034 2841 1092 hominem
2893 1039 3220 1098 Romanum.
3254 1065 3274 1097 ι
3306 1046 3420 1100 Non

1863 1121 2052 1189 utique
2075 1123 2440 1176 mentiebatur
2487 1125 2688 1180 Paulus
2717 1141 2840 1182 sese
2876 1127 3186 1188 Romanum
3240 1140 3425 1206 appel-

1861 1208 2004 1273 lans,
2042 1213 2258 1266 tametsi
2302 1211 2522 1268 Judaaus
2543 1223 2707 1279 esset,
2751 1223 2812 1271 ut
2842 1219 2960 1286 ipse
2991 1221 3153 1289 paqu
3183 1232 3310 1278 ante
3337 1225 3423 1277 di-

1859 1307 2030 1352 xerat.
2063 1299 2194 1351 Nam
2227 1301 2295 1353 ab
2328 1301 2551 1354 Adriani
2586 1310 2830 1372 tempore
2856 1309 3112 1376 contigit,
3143 1320 3200 1365 ut
3229 1327 3422 1369 mnes

1861 1398 2050 1444 essent
2099 1388 2370 1457 Romani;
2410 1408 2604 1462 magna
2639 1397 2784 1469 enim
2827 1396 2967 1450 ratio
3001 1398 3220 1454 tiloru
3253 1401 3424 1458 Inbe-

1859 1480 2038 1544 batur,
2066 1482 2157 1550 qui
2198 1483 2334 1537 hanc
2365 1486 2594 1552 gratiam
2624 1489 2903 1541 consecuti
2923 1500 3102 1552 erant,
3145 1502 3202 1544 ut
3232 1492 3304 1546 ita
3334 1507 3425 1563 ap-

1860 1573 2050 1640 pellari
2084 1584 2331 1642 possent.
2363 1575 2474 1630 lloc
2495 1588 2676 1632 autem
2732 1581 2950 1634 dicebat
3006 1582 3207 1638 Paulus
3240 1599 3328 1650 ne,
3377 1590 3421 1640 si

1859 1663 2087 1733 ﬂagellis
2120 1667 2436 1729 caederetur,
2484 1669 2538 1721 in
2581 1681 2950 1739 contemptum
2985 1674 3144 1727 facile
3196 1677 3422 1730 veniret.

1861 1756 1922 1808 Et
1955 1758 2174 1825 quidem
2225 1760 2268 1814 si
2304 1759 2667 1828 ﬂagellasseut
2717 1780 2865 1830 eum,
2927 1775 2981 1819 et
3039 1781 3152 1820 rem
3207 1782 3424 1822 omnem

160 1840 360 1910 πατὴρ
383 1840 545 1891 αὑτοῦ
582 1839 850 1908 Ῥωμαῖος
884 1834 973 1909 ἦν.
1023 1839 1135 1909 Πρὸ
1170 1840 1277 1909 γὰρ
1308 1837 1402 1892 τοῦ
1427 1841 1751 1911 γενιηθῆναι

1866 1857 2170 1915 pervertere
2223 1852 2554 1918 potuissent,
2594 1867 2658 1904 ac
2713 1855 2876 1906 etiam
2934 1871 3058 1909 eum
3097 1855 3423 1911 interﬁcere.

161 1932 263 1984 τὸν
295 1931 527 1995 Παῦλον,
549 1932 923 2001 γεγενημένης
955 1933 1055 1997 τῆς
1078 1930 1331 1995 Κιλικίας
1365 1932 1472 1984 ὑπὸ
1520 1933 1758 2001 Ῥωμαί-

160 2041 289 2090 ους,
324 2025 540 2093 ἀνάγκη
573 2025 668 2077 καὶ
696 2023 878 2088 αὑτὸν,
907 2021 982 2085 ὡς
1022 2022 1153 2075 ὅντα
1200 2022 1288 2074 ὑπ’
1342 2022 1560 2086 αὐτοὺς,
1621 2023 1752 2074 Ῥω-

164 2120 335 2186 μαῖον
360 2117 519 2170 εἶναι.
551 2117 699 2178 Τέως
717 2115 772 2168 δὲ
800 2113 943 2168 κατά
966 2114 1074 2184 τὴν
1087 2113 1423 2184 προφητείαν
1453 2112 1752 2182 ἐδεσμεύθη

161 2210 231 2260 ὲν
277 2207 656 2279 Ἰερουσαλήμ.
693 2205 758 2258 Τί
789 2205 882 2259 οὖν
916 2206 1024 2260 ἀπὸ
1071 2205 1263 2260 τούτου
1295 2202 1534 2272 γίνεται;
1574 2204 1756 2266 Λύσας

159 2298 487 2366 κατήγαγεν
535 2298 698 2351 αὐτὸν
769 2297 907 2366 πρὸς
951 2296 1079 2359 τοὺς
1135 2296 1437 2356 Ἰουδαίους.
1482 2296 1596 2349 Οὐκ
1647 2296 1755 2364 ἄρα

160 2389 372 2458 ψεῦδος
400 2384 488 2459 ἦν,
521 2390 602 2442 δτι
642 2387 909 2457 Ῥωμαῖος
1084 2404 1110 2458 ι⁸
1147 2384 1420 2455 Ἐφοῦήθη
1476 2386 1606 2454 γὰρ,
1657 2403 1758 2453 φη-

168 2481 283 2542 σιν,
337 2483 364 2534 6
413 2481 709 2550 χιλίαρχος,
773 2477 1028 2544 ἐπιγνοῦς
1085 2479 1165 2531 ὅτι
1228 2477 1498 2546 Ῥωμαῖός
1561 2479 1695 2541 ἐστι,
1732 2494 1751 2526 ι

118 2571 122 2575 ’
163 2573 460 2625 τουτέστιν
509 2571 881 2640 ἀξιωματικοῦ
923 2571 1115 2638 γένους
1148 2570 1298 2624 ὄντα.

1857 1934 2013 1991 Nunc
2045 1953 2192 2003 vero,
2246 1939 2329 1993 sin
2364 1939 2436 1992 ob
2485 1941 2672 2004 aliam,
2703 1951 2852 1995 certe
2885 1945 2956 1995 oh
2981 1945 3140 1996 istam
3179 1957 3421 2004 causam,

1859 2021 2173 2083 non'solum
2213 2045 2315 2083 non
2343 2029 2771 2096 ﬂagellaverunt,
2802 2033 2899 2087 sed
2923 2032 3093 2086 etiam
3128 2047 3160 2086 a
3192 2032 3425 2089 vinculis

1857 2117 2162 2170 solverunt.
2211 2135 2230 2168 ι
2267 2117 2473 2171 Paulus
2510 2117 2609 2172 ait.
2659 2134 2682 2167 ι
2729 2116 2940 2174 Iudicat
2989 2117 3217 2184 Paulus,
3255 2117 3424 2171 etiam

1859 2216 2069 2275 patrem
2120 2223 2278 2261 suum
2338 2207 2644 2262 Romanum
2695 2205 2888 2263 fuisse.
2931 2208 3236 2275 Antequam
3281 2205 3427 2262 enim

1862 2297 2064 2351 Paulus
2091 2307 2430 2363 nasceretur,
2458 2312 2582 2352 cuiu
2606 2296 2798 2351 Cilicia
2820 2293 3078 2351 Romam
3100 2293 3325 2350 ditionis
3347 2291 3428 2348 ἰδ-

1861 2398 1949 2442 cta
1983 2398 2150 2454 esset,
2199 2395 2423 2446 necesse
2471 2388 2575 2442 fuit
2607 2377 2692 2444 ‘ut
2751 2385 2798 2440 is
2849 2385 3037 2449 etiam,
3089 2390 3276 2454 utpote
3320 2382 3427 2438 Illis

1862 2478 2168 2545 subjectus,
2223 2481 2502 2532 Romanus
2545 2485 2714 2532 esset.
2754 2476 2978 2530 interim
3032 2483 3238 2536 tamen,
3270 2472 3426 2540 juxta

1864 2569 2033 2639 Agabi
2073 2570 2429 2639 pmphetiam,
2456 2568 2706 2638 alligatus
2737 2574 2820 2621 est
2851 2566 2905 2619 in
2928 2563 3253 2619 Jerusalem.
3286 2558 3425 2626 Quid

171 2677 368 2732 postea
399 2664 668 2734 contigit?
713 2662 886 2716 Solvit
942 2677 1065 2715 eum
1120 2663 1374 2716 tribunus
1406 2671 1460 2716 et
1490 2661 1645 2717 duxit
1679 2660 1746 2714 ad
1785 2660 2022 2717 Judaeos.
2058 2661 2194 2716 Vere
2246 2663 2431 2730 itaque
2497 2659 2700 2714 Paulus
2743 2657 3026 2711 Romanus
3091 2661 3228 2709 erat.
3277 2668 3296 2702 ι
3338 2650 3428 2703 'I‘i-

187 2755 336 2808 muit
400 2753 571 2818 enim,
631 2753 833 2823 inquit,
895 2752 1148 2806 tribunus
1200 2760 1493 2822 postquam
1575 2751 1818 2817 rescivit,
1860 2753 1985 2820 quia
2031 2752 2168 2807 ciris
2237 2750 2538 2816 Romanus,
2589 2769 2608 2801 ι
2669 2748 2773 2803 hoc
2821 2757 2905 2802 est
2961 2744 3163 2800 nobilis
3207 2753 3426 2813 genere.

169 2860 328 2904 erat.
373 2853 379 2858 ’

321 2903 330 2910 ’
596 2943 681 3012 Τῇ
716 2941 770 2995 δ’
817 2942 916 3009 τῆς
945 2939 1000 3004 ς’
1033 2940 1347 3011 ιδδομάδος.

782 3031 1172 3086 KEIMENON.

2175 2941 2328 2994 Feria
2370 2940 2406 2993 4
2462 2939 2814 2992 hebdomade
2853 2936 3119 3007 septima’.

2492 3026 2794 3081 TEXTUS.

262 3123 540 3185 Ἀτενίσας
582 3122 638 3175 δὲ
686 3123 715 3174 6
753 3122 966 3185 Παῦλος
1017 3124 1075 3174 ἑν
1115 3121 1196 3191 τῷ
1251 3120 1512 3190 συνεδρίῳ
1565 3115 1752 3173 εἴπενο

1928 3121 2115 3187 XXIII,
2155 3124 2236 3177 I-I
2255 3124 2270 3176 I
2286 3167 2299 3188 ,
2320 3121 2607 3176 lntendcns
2627 3130 2806 3173 autem
2834 3116 3192 3172 inconcilium
3205 3113 3426 3183 Paulus,

177 3216 414 3286 ’Ἄνδρες
449 3214 688 3281 ἀδελφοὶ,
731 3213 842 3281 ἐγὼ
865 3213 1011 3283 πάσῃ
1039 3213 1340 3281 συνειδήσει
1386 3211 1562 3282 ἀγαθῇ
1589 3228 1756 3263 πεποι

175 3309 436 3377 λίτευμαι
495 3306 572 3374 τῷ
622 3305 742 3374 Θεῷ
763 3307 907 3374 -ἀχρι
935 3304 1138 3373 ταύτης
1177 3303 1277 3374 τῆς
1321 3304 1554 3374 ἡμέρας.
1598 3303 1656 3356 Ὀ
1701 3303 1757 3356 δὲ

176 3399 474 3470 ἀρχιερεὺς
504 3394 753 3456 ’Λνανίας
780 3394 1008 3466 ἐπέταξε
1042 3396 1153 3455 τοῖς
1205 3393 1547 3462 παρεστῶσιν
1588 3391 1755 3460 αὐτῷ,

177 3493 413 3543 τύπτειν
443 3488 604 3542 αὑτοῦ
633 3489 694 3540 τὸ
725 3487 918 3555 στόμα.
947 3487 1080 3538 Τότε
1113 3488 1140 3538 6
1163 3485 1374 3549 Παῦλος
1419 3484 1554 3553 πρὸς
1600 3483 1759 3536 αὐτὸν

179 3578 341 3634 εἷπε·
379 3581 612 3631 Τύπτειν
647 3595 703 3628 σε
738 3576 919 3646 μέλλει
949 3577 977 3628 6
1012 3575 1162 3640 Θεὸς,
1200 3575 1347 3646 τοῖχε
1387 3574 1758 3643 κεκονιαμένε.

181 3672 298 3724 Καὶ
319 3671 382 3721 σὺ
421 3668 562 3738 κὰοῃ
589 3667 785 3736 κρίνων
814 3682 880 3734 με
940 3665 1084 3717 κατά
1114 3665 1207 3718 τὸν
1238 3664 1423 3733 νόμον,
1465 3665 1559 3716 καὶ
1582 3679 1763 3732 παρα-

139 3798 145 3802 -
182 3761 372 3830 νομῶν
413 3759 653 3819 κελεύεις
717 3774 782 3826 με
807 3755 1145 3821 τύπτεσθαις
1208 3756 1273 3807 Οί
1304 3753 1362 3808 δὲ
1416 3753 1765 3819 παρεστῶτες

184 3851 345 3907 ιὶπον
376 3852 451 3921 τῷ
475 3849 671 3917 Παύλῳ
694 3863 708 3877 ⁸
747 3848 849 3899 Τὸν
885 3847 1144 3916 ἀρχιερέα
1169 3845 1263 3896 τοῦ
1301 3842 1436 3897 Θεοῦ
1465 3842 1762 3911 λοιδορεῖςς

191 3947 341 4016 Ἔφη
358 3962 414 3997 τε
441 3946 469 3996 6
494 3941 696 4002 Παῦλος
721 3954 736 3969 °
770 3940 882 3992 Οὐκ
911 3939 1078 4007 ᾔδειν,
1109 3933 1347 4003 ἀδελφοὶ,
1372 3935 1453 3985 δτι
1477 3929 1768 4001 ἀρχιερεύς

189 4038 330 4090 ἐστι.
377 4034 688 4103 Γέγραπται
733 4031 858 4100 γὰρ,
892 4031 999 4092 ὅτι,
1032 4027 1303 4095 Ἄρχοντα
1348 4021 1444 4075 τοῦ
1486 4021 1616 4072 λαοῦ
1670 4034 1767 4072 σου

188 4129 292 4180 οῦκ
327 4129 467 4195 ἐρεῖς
495 4124 700 4185 κακῶς.
731 4123 895 4182 Γνοὺς
924 4121 980 4173 δὲ
1023 4120 1051 4172 ὁ
1087 4115 1295 4178 Παῦλος
1319 4114 1402 4168 ὅτι
1429 4113 1490 4164 τὸ
1516 4111 1574 4162 ἓν
1603 4109 1769 4180 μέρος

194 4220 316 4271 ἐστὶ
352 4215 743 4278 Σαδδουκαίων,
772 4215 830 4265 τὸ
857 4213 914 4264 δὲ
941 4213 1124 4279 ἕτερον
1161 4207 1491 4276 Φαρισαίων,
1542 4199 1769 4269 ἔκραξεν

191 4315 250 4364 ὲν
296 4309 373 4379 τῷ
413 4305 697 4373 συνεδρίῳ·
752 4303 974 4371 Ἀνδρες
1016 4299 1256 4365 ἀδελφοὶ,
1309 4292 1419 4361 ἐγὼ
1480 4288 1772 4360 Φαρισαῖός

194 4403 335 4470 εἰμι,
358 4401 466 4461 υίὸς
497 4394 788 4466 Φαρισαίου
815 4408 828 4423 ο
861 4393 987 4458 περὶ
1033 4389 1245 4447 ἐλπίδος
1297 4385 1388 4435 καὶ
1427 4381 1773 4440 ἀναστάσεως

1859 3216 1935 3270 ait
1964 3206 1975 3269 ὲ
2007 3216 2119 3270 V'iri
2142 3216 2358 3281 fratres,
2393 3232 2492 3287 ego
2517 3214 2666 3268 omni
2690 3213 3022 3288 conscientia
3040 3212 3183 3266 bona
3205 3224 3430 3265 conver-

1860 3319 2010 3364 Batus
2030 3325 2149 3363 sum
2172 3307 2495 3372 anteDeum,
2512 3323 2681 3375 usque
2695 3305 2746 3358 in
2764 3304 3084 3358 hodiernum
3097 3294 3259 3356 diem.
3277 3299 3432 3355 Prin-

1861 3417 1986 3470 ceps
2006 3409 2186 3455 autem
2219 3399 2565 3454 sacerdotum
2595 3395 2831 3449 Ananias
2850 3393 3103 3463 praecepit
3125 3391 3432 3447 astantibus

1861 3493 1961 3545 sibi
1988 3491 2492 3560 pcrcntereosejus.
2512 3487 2662 3575 Tunc
2675 3485 2876 3542 Paulus
2895 3485 3030 3538 dixit
3046 3483 3111 3538 ad
3129 3483 3283 3539 cum:
3305 3481 3434 3536 Per-

1864 3588 2037 3637 cutiet
2070 3593 2120 3636 te
2151 3582 2316 3645 Deus,
2337 3583 2520 3649 paries
2543 3580 2814 3635 dealbate.
2855 3577 2921 3630 Et
2951 3587 3005 3630 tu
3053 3577 3252 3631 sedens
3276 3575 3431 3644 judi-

1865 3689 1957 3726 cas
1983 3688 2067 3726 me
2103 3671 2402 3726 secundum
2431 3670 2624 3738 legem,
2654 3679 2708 3723 et
2737 3673 2926 3720 contra
2956 3665 3126 3733 legem
3159 3663 3315 3731 jubes
3347 3679 3433 3717 me

1871 3763 2077 3833 percuti
2102 3764 2125 3822 ἲ
2150 3764 2218 3817 Ει
2263 3763 2354 3832 qui
2402 3763 2640 3826 stabant,
2693 3759 2994 3813 dixerunt:
3026 3754 3307 3810 Summum
3343 3770 3432 3808 sa-

1866 3854 2144 3909 cerdotem
2185 3853 2349 3922 299
2381 3853 2474 3905 Dei
2512 3850 2842 3905 maledicis?
2875 3849 3021 3901 Dixit
3070 3855 3252 3900 autem
3286 3844 3433 3903 Pau-

1867 3941 1954 3996 lus
1984 3961 2000 3996 :
2032 3942 2374 4002 Nesciebam,
2411 3941 2634 4005 fratres,
2704 3941 2832 4010 quia
2865 3940 3118 4009 princeps
3145 3947 3226 3993 est
3255 3951 3436 3992 sacer—

1866 4029 2078 4085 dotum.
2123 4020 2401 4100 Scripiuni
2431 4041 2517 4086 est
2554 4031 2704 4086 enim
2744 4047 2759 4085 :
2804 4028 3108 4098 Principem
3141 4027 3324 4098 populi
3355 4024 3434 4078 tui

1867 4136 1978 4174 non
2022 4123 2333 4178 nialedices.
2394 4123 2588 4176 Sciens
2635 4131 2818 4175 autem
2874 4119 3097 4181 Paulus,
3149 4119 3276 4186 quia
3323 4133 3434 4172 una

1870 4227 1997 4281 pars
2042 4219 2188 4267 esset
2247 4211 2677 4266 Sadducaeorum
2715 4221 2770 4265 et
2801 4210 2974 4265 altera
3010 4206 3435 4273 Pharisaeorum,

1871 4302 2193 4357 exclamavit
2219 4302 2270 4355 in
2298 4301 2532 4357 concilio
2566 4320 2578 4354 :
2612 4297 2979 4363 \'iri.l’ratres,
3003 4312 3103 4368 ego
3124 4295 3438 4354 Phariaene

1873 4409 1991 4449 Sum
2027 4433 2041 4456 ,
2073 4394 2213 4448 Iilius
2273 4390 2560 4453 Pharismi;
2603 4389 2670 4446 de
2720 4393 2835 4459 spe
2892 4399 2949 4444 et
3033 4388 3437 4443 resurrectione

194 4491 405 4562 νεκρῶν
460 4489 568 4556 ἐγὼ
612 4485 890 4556 κρίνομαι.
955 4479 1123 4532 Τοῦτο
1165 4477 1220 4529 δὲ
1281 4472 1446 4526 αὑτοῦ
1498 4472 1762 4533 εἰπόντος,

1872 4491 2210 4535 mortuorum
2240 4496 2337 4549 ego
2366 4479 2605 4543 judicor.
2643 4479 2707 4532 Et
2729 4493 2854 4532 cum
2875 4477 2992 4532 haec
3017 4476 3267 4536 dixisset,
3293 4474 3433 4527 facta

198 4560 414 4653 ἐγένετο
464 4583 650 4640 στάσις
702 4578 808 4630 τῶν
860 4568 1231 4626 Σαδδουκαίων
1293 4566 1387 4618 καὶ
1437 4560 1764 4634 Φαρισαίων,

197 4672 543 4743 καιὲσχίσθη
565 4670 626 4721 τὸ
653 4667 878 4737 πλῆθος.
909 4661 1250 4716 Σαδδουκαῖοι
1275 4658 1371 4729 μὲν
1395 4655 1503 4723 γάρ
1530 4653 1768 4743 λέγουσι,

200 4766 279 4836 μὴ
314 4759 448 4816 εἶναι
495 4758 810 4818 ἀνάστασιν,
855 4753 990 4820 μήτε
1043 4749 1295 4816 ἄγγελον,
1333 4745 1470 4832 μήτε
1518 4742 1768 4810 πνεῦμα·

192 4831 478 4927 Φαρισαῖοι
520 4851 576 4904 δὲ
615 4843 935 4917 ὁμολογοῦσι
965 4841 1034 4892 τὰ
1070 4838 1373 4907 ἀμφότερα.
1440 4833 1686 4901 Ἐγένετο
1712 4831 1769 4884 δὲ

201 4925 419 5015 κραυγὴ
470 4939 680 5013 μεγάλη
708 4955 726 4966 ··
763 4937 856 5014 καὶ
885 4929 1214 4989 ἀναστάντες
1249 4926 1392 4988 τινὲς
1433 4926 1544 4976 τῶν
1589 4925 1774 4993 Γραμσ

205 5038 421 5107 ματέων
483 5032 577 5086 τοῦ
639 5031 834 5100 μέρους
901 5023 1008 5077 τῶν
1071 5017 1376 5089 Φαρισαίων
1429 5015 1770 5083 διεμάχοντο,

202 5105 450 5191 λέγοντες
472 5140 486 5154 ·
521 5121 686 5174 Οὐδὲν
733 5118 898 5171 κακὸν
933 5115 1255 5184 εὑρίσκομεν
1299 5111 1356 5160 ὲν
1385 5107 1462 5177 τῷ
1504 5105 1773 5174 ἀνθρώπῳ

203 5200 411 5283 τούτῳ*
456 5215 503 5264 εξ
551 5211 608 5263 δὲ
661 5209 876 5278 πνεῦμα
925 5206 1185 5274 ἐλάλησεν
1232 5200 1400 5274 αὐτῷ,
1449 5199 1481 5268 ἢ
1527 5196 1772 5264 ἄγγελος,

206 5309 287 5378 μὴ
339 5302 716 5374 θεομαχῶμεν.
784 5299 988 5370 Ιιολλῆς
1038 5298 1094 5350 δὲ
1155 5290 1450 5364 γενομένης
1513 5290 1773 5352 στάσεως,

208 5397 465 5467 φοϐηθεὶς
514 5394 542 5444 ὁ
596 5391 874 5461 χιλίαρχος
919 5391 992 5458 μὴ
1023 5385 1325 5454 διασπασθῇ
1377 5384 1406 5434 ὁ
1451 5379 1655 5441 Παῦλος
1683 5379 1774 5431 ὑπ’

209 5487 414 5550 αὐτῶν,
442 5485 690 5538 ἐκέλευσε
724 5481 784 5534 τὸ
831 5480 1144 5547 στράτευμα
1171 5474 1493 5542 καταϐῆναι,
1536 5473 1628 5523 καὶ
1670 5471 1774 5541 ἀρ·

209 5581 378 5633 πάσαι
409 5578 569 5632 αῦτδν
597 5580 660 5631 ὲκ
691 5573 853 5646 μέσου
885 5570 1082 5634 αὐτῶν,
1112 5570 1263 5637 ἄγειν
1304 5584 1360 5620 τε
1398 5567 1475 5648 εἰς
1505 5564 1603 5634 τὴν
1640 5582 1778 5634 παρ-

208 5671 466 5742 εμϐολήν.
530 5670 609 5738 Τῇ
672 5668 729 5721 δὲ
793 5661 1019 5731 ἐπιούσῃ
1075 5661 1232 5712 νυκτὶ
1279 5662 1503 5720 ἐπιστὰς
1559 5657 1704 5725 αὐτῷ
1750 5659 1777 5708 6

210 5765 435 5834 Κύριος,
481 5754 600 5811 εἷπε
625 5777 639 5790 ·
687 5758 912 5829 Θάρσει,
938 5751 1113 5805 Παῦλε
1140 5766 1154 5779 ·
1193 5751 1266 5809 ὼς
1303 5751 1408 5818 γὰρ
1434 5748 1777 5823 διεμαρτύρω

1873 4579 1954 4625 est
1992 4570 2268 4623 dissensio
2307 4568 2451 4620 inter
2498 4566 2804 4620 Pharisacos
2858 4573 2913 4619 et
2971 4562 3324 4624 Sadduceeos,
3380 4573 3434 4615 οι

1872 4663 2049 4718 soluta
2087 4668 2171 4714 est
2224 4657 2535 4712 multitudo.
2589 4655 2870 4712 Sadducazi
2933 4654 3079 4708 enim
3107 4653 3295 4708 dicunt
3323 4667 3446 4714 nou_

1874 4770 1995 4811 esse
2019 4752 2491 4812 resurrectionem,
2524 4764 2698 4817 neque
2744 4747 3015 4817 angelum,
3045 4761 3217 4815 neque
3272 4745 3436 4814 spiri-

1877 4856 1988 4900 tum
2021 4862 2035 4899 :
2069 4843 2327 4896 Phariszei
2359 4847 2542 4893 autem
2574 4849 2803 4907 utraque
2829 4837 3187 4890 conﬁtentur.
3233 4832 3436 4888 Factus

1875 4945 1958 4991 est
2005 4944 2182 4988 autem
2215 4933 2421 4987 clamor
2462 4943 2710 4998 magnus.
2761 4925 2826 4979 Et
2875 4933 3162 4996 surgentes
3212 4924 3433 4994 quidam

1876 5025 2272 5080 I’Iiarisaaorutn
2339 5021 2670 5090 pugnabant,
2694 5019 2936 5073 dicentes
2963 5035 2979 5073 :
3019 5017 3167 5071 Nihil
3196 5016 3319 5068 mali
3352 5015 3437 5066 in-

1877 5116 2126 5169 venimus
2161 5111 2215 5165 in
2249 5112 2469 5164 homine
2502 5111 2607 5164 isto
2650 5128 2664 5166 :
2697 5109 2826 5179 quid
2858 5109 2902 5162 si
2952 5109 3179 5179 spiritus
3221 5108 3438 5159 locutus

1875 5213 1960 5260 est
1990 5204 2059 5269 ei,
2088 5210 2182 5256 aut
2211 5200 2478 5272 angelus?
2508 5199 2572 5253 Et
2623 5214 2746 5253 cum
2776 5211 2967 5266 magna
2997 5195 3262 5250 dissensio
3293 5194 3436 5248 facta

1877 5308 2043 5361 esset,
2082 5297 2282 5354 timens
2309 5297 2564 5348 trilunus
2621 5307 2688 5345 ne
2714 5293 3126 5358 discerperetur
3141 5285 3342 5340 Paulus
3371 5288 3438 5338 ab

1880 5393 2032 5461 ipsis,
2060 5387 2229 5458 jussit
2265 5386 2465 5440 milites
2495 5382 2828 5438 descendere
2858 5391 2913 5435 et
2957 5395 3150 5449 rapere
3197 5392 3319 5430 eum
3373 5377 3444 5428 de

1879 5482 2058 5535 medio
2088 5493 2275 5532 eorum
2315 5491 2379 5529 ac
2405 5475 2675 5529 deducere
2701 5488 2824 5527 eum
2851 5473 2904 5525 in
2927 5479 3124 5526 castra.
3174 5466 3437 5538 Sequenti

1878 5580 2058 5625 autem
2110 5575 2270 5620 nocte
2325 5565 2590 5618 assistens
2620 5563 2671 5618 ei
2703 5563 2989 5625 Dominus,
3022 5560 3096 5639 ait
3125 5576 3140 5618 :
3169 5559 3439 5613 Constans

1879 5674 1996 5719 esto
2038 5659 2220 5718 :sicut
2258 5657 2401 5712 enim
2435 5658 2758 5714 testiﬁcatus
2797 5670 2858 5734 es
2892 5653 2961 5707 de
3007 5667 3092 5706 me
3131 5652 3185 5707 in
3216 5650 3441 5721 Jerusa-

1883 5753 2007 5810 lem,
2038 5745 2116 5799 sic
2148 5751 2198 5796 te
2230 5749 2451 5813 Oportet
2472 5750 2526 5794 ct
2555 5740 2741 5797 Romae
2778 5738 3083 5795 testificari.

205 5867 276 5915 ei
305 5857 436 5927 περὶ
480 5851 615 5923 ἐμοῦ
649 5853 726 5913 εις
767 5845 1141 5921 Ἰερουσαλὴμ,
1174 5839 1314 5892 οὕτω
1345 5858 1402 5892 σε
1452 5843 1532 5892 δεῖ
1574 5843 1663 5892 καὶ
1701 5845 1779 5907 εἰς
1831 5844 2050 5912 Ῥώμην
2104 5842 2464 5912 μαρτυρῆσαι.
